4166 6406
356 375 460 431 509

1508 347 1834 410 PREPAR.
1875 336 2128 396 EVANG.
2172 334 2300 391 LIB.
2337 331 2451 387 νιι.

3512 312 3615 367 510

355 496 447 550 διά
473 494 533 547 τὸ
560 492 680 564 ζῇν,
713 489 802 544 διά
835 490 893 542 δὲ
923 488 985 541 τὸ
1013 485 1182 558 ήδέως
1211 481 1310 554 ζῇν
1340 476 1744 546 ἀσπαζόμενοι,
1778 465 1935 520 τοῦτο

2064 467 2285 514 :rarunt.
2344 456 2424 509 lta
2460 468 2527 507 ne
2566 451 2732 505 vitam
2762 447 2980 517 quidem
3027 444 3231 514 ipsam,
3287 436 3394 493 nisi
3430 435 3619 504 adjun-

2078 558 2088 564 -
2220 547 2232 564 -
2268 546 2438 564 -1----
2476 537 2714 564 ..-μ--..ιη
2746 536 3072 564 "nummum
3123 531 3222 564 οςιιί
3258 526 3612 564 ηνηοιοηδοπι

355 586 452 639 καὶ
500 558 624 645 τοῖς·
661 580 813 643 ἰδίοις
852 576 1140 648 εὐξάμενοι
1184 573 1392 634 παισὶν,
1435 567 1509 630 ὡς
1546 565 1704 636 μόνον
1733 558 1934 628 ἀγαθὸν

356 676 629 745 παρεῖναι.
684 669 875 724 Ἔνθεν
926 669 976 721 οἰ
1020 666 1150 738 μὲν,
1193 663 1263 717 τὰ
1294 659 1505 733 χορηγὰ
1542 658 1641 726 τῆς
1668 652 1934 722 ὲνσάρκου

357 744 504 833 ζωῆς
535 761 687 833 ἥλιον
715 754 857 816 εἶναι
913 758 1005 812 καὶ
1036 755 1285 827 σελήνην,
1338 752 1431 805 καὶ
1466 748 1701 819 ἀστέρας
1742 744 1935 795 ὑποτο-

359 857 655 926 πήσαντες,
685 851 778 906 καί
807 867 925 913 πως
957 850 1052 903 καὶ
1078 847 1214 919 πρὸς
1235 846 1332 918 τὴν
1363 843 1485 912 ὄψιν
1509 837 1603 893 τοῦ
1633 835 1808 905 φωτὸς
1838 850 1939 885 κα-

357 925 730 1015 ταπλαγέντες
752 983 767 1008 ,
816 940 1064 1013 πρώτους
1116 938 1270 1001 θεοὺς
1319 932 1711 1004 ἀνηγόρευσαν,
1746 925 1939 997 μόνους

363 1014 568 1101 αἰτίους
600 1034 708 1090 τῶν
734 1034 870 1088 ὅλων
896 1030 1033 1085 εἶναι
1052 1029 1458 1100 ἀποφηνάμενοι
1474 1043 1489 1055 σ
1518 1024 1567 1074 οἰ
1587 1021 1662 1084 δὲ,
1681 1018 1806 1081 τοὺς
1832 1014 1940 1069 ἀπὸ

363 1131 467 1202 γῆς
512 1130 788 1201 καρποὺς,
819 1128 921 1198 τήν
965 1141 1024 1177 τε
1057 1124 1230 1194 ὑγρὰν
1255 1121 1351 1174 καὶ
1385 1117 1556 1189 ξηρὰν
1593 1115 1689 1169 καὶ
1735 1109 1939 1183 θερμὴν

364 1200 573 1288 ούίσίαν,
592 1200 672 1276 τά
692 1239 753 1274 τε
776 1219 939 1274 λοιπά
970 1218 1063 1273 τοῦ
1098 1218 1303 1286 κόσμου
1343 1212 1481 1284 μέρη
1506 1250 1520 1275 ,
1560 1207 1625 1261 δι’
1656 1200 1730 1259 ὧν
1760 1205 1941 1264 αὐτοῖς

367 1316 437 1371 τά
469 1314 699 1387 σώματα
729 1310 1042 1385 τρεφόμενά
1070 1326 1129 1362 τε
1152 1308 1243 1361 καὶ
1272 1304 1613 1374 πιαινόμενα,
1634 1299 1734 1370 τὴν
1758 1295 1945 1364 ένσαρ-

369 1428 465 1466 κον
493 1407 628 1481 ὁμοῦ
667 1407 813 1477 ζωήν
849 1422 908 1459 τε
942 1405 1037 1458 καὶ
1064 1401 1258 1473 ήδονὴν
1287 1399 1540 1470 ἐθηρᾶτο,
1588 1392 1725 1446 θεῶν
1782 1390 1944 1442 πάλιν

370 1480 713 1574 προσηγορίᾳ
745 1498 1136 1570 τετιμήκασιψ
1174 1494 1222 1546 οἱ
1248 1491 1325 1557 δὲ,
1363 1488 1496 1542 πολὺ
1535 1485 1798 1558 πρότερον
1832 1480 1943 1550 (60)

367 1592 605 1657 τούτων,
653 1592 835 1661 γυμνῇ
884 1589 978 1642 καὶ
1023 1584 1320 1653 ἀκαλύπτῳ
1366 1579 1573 1650 κεφαλῇ
1612 1576 1681 1629 τὰ
1713 1575 1947 1644 σφέτερα

371 1684 540 1755 πάθη,
577 1682 672 1737 καὶ
722 1680 821 1752 τὴν
853 1679 1139 1734 δέσποιναν
1172 1674 1351 1730 αὐτῶν
1382 1670 1593 1744 ἡδονὴν,
1638 1663 1947 1739 ἕρωτα,κα“ι

370 1775 554 1843 πόθον,
577 1776 673 1828 καὶ
713 1771 1052 1844 Ἀφροδίτην,
1083 1766 1382 1823 καὶιαύτῶν
1424 1763 1533 1816 τῶν
1564 1760 1699 1813 θεῶν
1728 1757 1948 1828 κρατεῖν

372 1867 616 1929 εἰπόντες
633 1906 648 1931 ,
683 1864 1001 1919 ἀπεθέωσαν
1017 1880 1028 1892 ·
1054 1862 1104 1915 οἱ
1130 1861 1187 1913 δὲ
1209 1860 1334 1922 τοὺς
1357 1856 1464 1910 τῶν
1490 1854 1661 1926 ἡδέων
1682 1848 1950 1924 χορηγούς

370 1974 429 2011 τε
460 1957 556 2010 καὶ
592 1954 820 2027 εὑρετὰς
847 1953 1029 2015 αὐτοῖς
1060 1950 1383 2021 γενομένους
1424 1945 1622 2015 ἄνδρας
1660 1941 1952 2013 τυράννους

301 2041 310 2049 ’
373 2047 524 2111 τινὰς
575 2048 669 2100 καὶ
719 2045 983 2107 δυνάστας
1008 2082 1023 2107 ,
1048 2042 1114 2095 δι’
1151 2041 1217 2105 ἂς
1249 2040 1436 2110 ἔτυχον
1465 2037 1523 2103 ἐξ
1565 2033 1742 2088 αὐτῶν
1778 2032 1952 2084 εὐπα-

375 2139 548 2205 θείας,
581 2136 791 2203 ζῶντάς
818 2154 878 2190 τε
912 2136 991 2188 ἔτι
1016 2136 1109 2189 καὶ
1139 2133 1275 2205 μετὰ
1302 2131 1557 2200 τελευτὴν
1579 2126 1951 2196 ὲθεοποίησανο

374 2232 424 2284 οἰ
457 2231 532 2295 δὲ,
569 2227 858 2301 μοχθηρῶν
884 2225 1210 2298 πνευμάτων
1240 2226 1332 2277 καὶ
1373 2220 1642 2291 δαιμόνων
1672 2218 1954 2287 γενόμενοι

377 2323 779 2395 παραπαίγνια,
821 2320 899 2373 ἔτι
926 2318 1188 2391 μειζόνως
1229 2316 1291 2369 τὸ
1323 2312 1622 2383 παθητικὸν
1654 2310 1830 2364 αὐτῶν
1863 2308 1957 2380 μέ-

380 2432 471 2490 ρος
495 2414 597 2485 τῆς
625 2413 803 2485 ψυχῆς
841 2410 1183 2481 συνηύξησαν
1209 2449 1223 2473 ,
1256 2406 1326 2460 τὰ
1366 2406 1497 2476 ήδέα
1524 2405 1618 2458 καί
1648 2402 1799 2474 παρὰ
1834 2400 1958 2453 τού-

377 2525 484 2561 των
509 2507 596 2560 διά
623 2506 723 2577 τῆς
751 2503 1144 2574 νενομισμένης
1176 2499 1354 2553 αὐτῶν
1390 2497 1684 2569 θεραπείας
1736 2493 1956 2565 ἐκπορί-

378 2598 561 2662 ζοντες
581 2615 595 2629 ·
624 2600 672 2651 οἰ
704 2598 781 2662 δὲ,
819 2596 1045 2668 μηδενὸς
1066 2592 1271 2647 τούτων
1295 2589 1673 2661 ἀνασχόμενοι,
1697 2588 1756 2640 τὸ
1776 2586 1955 2649 ἄθεον,

376 2690 452 2754 ὡς
472 2689 603 2743 πολὺ
630 2691 877 2761 κρεῖττον
896 2687 996 2757 τῆς
1019 2684 1232 2739 τοιᾶσδε
1251 2682 1547 2752 θεολογίας,
1572 2681 1953 2753 εἰσηγήσαντο*

376 2783 427 2836 οἰ
453 2783 529 2847 δὲ,
559 2782 640 2836 ἔτι
662 2781 868 2836 τούτων
893 2779 1147 2833 ἁπάντων
1176 2775 1568 2846 ἀναιδέστεροι,
1613 2773 1707 2825 τὸν
1744 2770 1959 2840 φιλόσο-

379 2890 477 2943 φον
504 2874 600 2926 καί.
627 2871 1045 2944 τρισευδαίμονα
1063 2869 1175 2940 βίον
1191 2867 1300 2921 οὐδ’
1325 2867 1457 2937 (60“)
1472 2865 1630 2920 ἄλλον
1651 2861 1791 2918 εἶναι
1816 2863 1848 2933 ἢ
1869 2862 1961 2915 τὸν

379 2964 511 3036 ἡδὺν
542 2963 910 3034 ἀπεφήναντο,
940 2960 1091 3023 τέλος
1117 2958 1224 3013 τῶν
1258 2957 1478 3025 ἀγαθῶν
1509 2957 1607 3029 τὴν
1636 2955 1827 3026 ἡδονὴν
1850 2955 1963 3025 ὁρι-

382 3055 625 3126 σάμενοι.
658 3054 842 3125 Ταύτῃ
865 3053 910 3105 δ’
951 3046 1044 3105 οὖν
1073 3050 1135 3104 τό
1172 3050 1390 3104 πάντων
1432 3046 1736 3119 ἀνθρώπων
1782 3045 1960 3113 γένος,

381 3115 469 3210 ὡς.
492 3146 558 3201 ἂν
588 3115 846 3217 δεσποίνῇ
878 3145 1054 3214 πικρᾷ
1093 3143 1187 3196 καὶ
1225 3115 1585 3212 χαλεπωτάτῃ
1632 3138 1793 3210 ἡδονῇ
1833 3135 1959 3206 θεῷ,
1991 3144 2035 3205 c
2067 3134 2190 3175 ῐυῐη
2217 3115 2457 3170 νθηθτδιί

385 3238 584 3310 μᾶλλον
615 3236 672 3289 δὲ
704 3231 915 3306 αἰσχρῷ
952 3233 1046 3286 καὶ
1080 3230 1367 3300 ἀκολάστῳ
1391 3227 1605 3300 δαίμονι
1645 3225 1964 3280 καταδεδου-

384 3330 659 3401 λωμένους
703 3327 843 3398 (61),
881 3325 1164 3388 παντοίαις
1211 3321 1504 3393 ὲνεφύρετο
1547 3319 1963 3390 ταλαιπωρίαις.

392 3443 410 3477 ι
447 3422 518 3476 Δῖ
546 3438 607 3475 τε
633 3419 743 3492 γὰρ
767 3419 975 3491 θήλειαι
1002 3410 1208 3480 αὐτῶν,
1239 3435 1259 3468 ι
1313 3412 1457 3468 κατά
1491 3412 1583 3466 τὸν
1631 3408 1775 3481 ἱερὸν
1808 3410 1968 3464 Ἀπό-

389 3516 593 3580 στολον,
646 3532 665 3567 ι
706 3511 1046 3585 μετήλλαξαν
1080 3509 1178 3581 τὴν
1217 3508 1453 3581 φυσικὴν
1494 3506 1694 3578 χρῆσιν
1739 3505 1839 3575 τῆς
1871 3502 1969 3575 θη·-

386 3610 538 3672 λείας
570 3610 650 3672 εἰς
677 3607 777 3678 τὴν
808 3605 959 3678 παρὰ
979 3603 1159 3673 φύσιν.
1193 3602 1422 3672 Ὁμοίως
1448 3601 1504 3653 δὲ
1534 3600 1628 3653 καὶ
1648 3601 1696 3652 οἰ
1720 3599 1966 3670 ἄρσενες,

390 3701 619 3771 ἀφέντες
647 3700 745 3771 τὴν
781 3698 1016 3768 φυσικὴν
1044 3696 1242 3768 χρῆσιν
1280 3694 1379 3764 τῆς
1399 3691 1638 3763 θηλείας,
1674 3688 1971 3759 ἐξεκαύθη-

393 3810 492 3847 σαν
525 3795 585 3846 ὲν
609 3794 675 3862 τῇ
704 3790 880 3863 ὀρέξει
905 3787 1083 3843 αὐτῶν
1113 3788 1193 3850 εἰς
1218 3784 1500 3857 ἀλλήλους,
1520 3786 1745 3854 ἄρσενες
1776 3782 1968 3852 ἄρσεσι

392 3887 492 3958 τὴν
542 3881 926 3955 ἀσχημοσύνην
968 3875 1453 3949 κατεργαζόμενοι,
1497 3874 1591 3928 καί¹
1618 3872 1715 3945 τὴν
1757 3874 1970 3943 ἀντιμι-

396 3976 573 4044 σθίαν,
603 3978 670 4049 ήν
695 3975 822 4039 ἔδει,
847 3974 944 4044 τῆς
973 3971 1181 4043 πλάνης
1197 3968 1376 4024 αὐτῶν
1404 3971 1461 4021 ὲν
1485 3969 1697 4029 ἑαυτοῖς
1727 3966 1975 4035 ἀπολαμ-

399 4068 724 4147 ϐάνοντεςδ.
747 4066 933 4140 Ταύτῃ
966 4066 1060 4119 καὶ
1098 4062 1357 4132 ’Έλληνες
1379 4059 1473 4113 καί¹
1503 4058 1789 4130 βάρϐαροι,
1822 4058 1975 4127 σοφοί

397 4178 457 4216 τε
481 4160 576 4216 καὶ
609 4159 843 4222 ἰδιῶται,
872 4157 1044 4229 χαμαί
1079 4173 1137 4209 τε
1169 4156 1264 4209 καὶ
1295 4153 1391 4206 ἐπὶ
1423 4152 1663 4224 γαστέρα
1695 4153 1972 4214 πεσόντες,

401 4254 477 4317 ὠς
508 4251 616 4323 θεῷ
642 4254 711 4324 τῇ
746 4249 905 4322 ἡδονῇ
959 4246 1400 4320 προσεκύνησαν·
1469 4246 1696 4315 πρηνεῖς
1730 4259 1791 4295 τε
1838 4243 1977 4312 σφᾶς

399 4346 598 4409 αὐτοὺς
642 4343 887 4416 ἑρπετῶν
939 4340 1093 4412 δίκην
1143 4337 1577 4400 καταϐαλόντες,
1621 4336 1831 4407 ἄμαχον
1884 4335 1978 4387 καὶ

398 4435 775 4509 ἀπαραίτητον
799 4432 917 4488 θεὸν
941 4431 1145 4503 ταύτην
1174 4429 1449 4502 ήγήσαντό
1477 4445 1536 4482 τε
1571 4428 1666 4481 καὶ
1696 4426 1975 4495 ἔστερξαν⁹

400 4531 458 4586 ἐν
484 4548 545 4584 τε
570 4528 736 4600 ᾠδαῖς
762 4536 858 4583 και
887 4526 1097 4597 ὕμνοις,
1136 4525 1191 4580 ἐν
1222 4542 1282 4578 τε
1319 4526 1439 4586 ταῖς
1470 4520 1774 4591 πανδήμοις
1807 4518 1977 4583 θέαις,

404 4622 576 4697 μόνης
626 4620 730 4692 τῆς
772 4622 1003 4691 αἰσχρᾶς
1029 4619 1123 4672 καὶ
1156 4616 1454 4671 ἀκολάστου
1491 4612 1684 4683 ήδονῆς
1724 4610 1795 4665 τὰ
1822 4610 1984 4683 ὄργια

402 4715 500 4768 καὶ
531 4714 632 4778 τὰς
657 4712 925 4784 άσέμνους
950 4710 1172 4773 τελετὰς
1206 4705 1499 4780 μυούμενοί
1543 4722 1602 4759 τε
1636 4705 1728 4757 καὶ
1765 4702 1983 4756 τελοῦν-

402 4823 523 4870 τες·
557 4805 664 4870 ὡς,
709 4806 759 4858 εἰ
799 4803 893 4857 καί
940 4819 991 4856 τι
1015 4801 1165 4864 ἄλλο,
1208 4801 1302 4854 καὶ
1332 4799 1451 4852 τόδε
1479 4797 1661 4859 καλῶς
1693 4796 1822 4866 παρ’
1855 4797 1985 4866 ἡμῖν

405 4897 746 4972 ἀνῃρῆσθαι·
779 4896 920 4968 ἀρχὴ
946 4893 1056 4966 γὰρ
1078 4893 1332 4965 πορνείας
1357 4891 1568 4945 ἐπίνοια
1598 4886 1849 4941 εἰδώλων.
1876 4885 1987 4940 Καὶ

407 4989 477 5043 τὰ
507 4988 603 5060 μὲν
632 4987 762 5059 περὶ
787 4987 889 5057 τῆς
916 4984 1027 5039 τῶν
1055 4982 1231 5038 ἄλλων
1276 4980 1444 5035 ἐθνῶν
1487 4978 1762 5048 θεολογίας
1796 4975 1989 5031 τοσαύ-

407 5098 510 5151 την
537 5081 766 5152 εἰλήφει,
791 5079 867 5144 ὼς
901 5081 959 5132 ὲν
984 5077 1176 5150 βραχεῖ
1205 5074 1401 5144 φάναι,
1440 5072 1542 5144 τὴν
1586 5067 1950 5142 πολυτροπίαν
1968 5085 1984 5099 ’

415 5176 544 5246 μιᾶς
577 5175 674 5245 μὲν
707 5173 882 5244 ἀρχῆς
911 5172 1010 5242 τῆς
1037 5168 1372 5239 ἀκαθάρτου,
1413 5166 1507 5220 καὶ
1545 5165 1748 5237 μιαρᾶς
1794 5162 1989 5235 ήδονῆς

415 5263 723 5335 ἀνημμένα,
767 5262 929 5333 ὕδρας
959 5260 1051 5313 καὶ
1080 5258 1441 5327 πολυαυχένου
1472 5255 1567 5310 καὶ
1617 5251 1989 5321 πολυκεφάλου

413 5356 635 5427 τρόπον,
676 5356 756 5418 εἰς
797 5352 997 5416 πολλὰς
1029 5350 1123 5405 καὶ
1154 5349 1405 5413 ποικίλας
1447 5347 1741 5419 διαιρέσεις
1789 5361 1852 5399 τε
1895 5343 1991 5398 καί⁵

472 5464 516 5499 ⁵¹
543 5465 703 5521 Rom.
735 5481 778 5528 ι,
800 5462 893 5518 96.

490 5558 603 5631 (60)
650 5555 817 5631 Πολύ
867 5556 1175 5631 πρότερον.
1190 5553 1426 5631 omnino
1445 5551 1731 5631 legendum
1782 5548 1994 5631 videtur

420 5618 557 5711 πολὺ
584 5618 990 5711 ἀἰσχρότερον,
1035 5618 1149 5711 [εξεο
1191 5626 1335 5679 enim
1396 5618 1643 5711 turpium
1703 5618 1991 5700 numinum

418 5688 1053 5783 colluviesfeiderurn"
1072 5693 1400 5783 frugumque
1438 5688 1682 5783 θεοποιςᾳ
1724 5688 1995 5761 posterior

424 5771 549 5837 fuit,
578 5769 656 5826 uti
685 5762 792 5824 non
822 5766 986 5822 semel
1014 5762 1282 5821 Eusebius
1315 5765 1429 5835 ipse
1450 5762 1693 5819 tradidit.

1980 1815 2027 1873 Β

2043 558 2185 603 ctam
2220 546 2442 600 haberet
2470 537 2717 611 corporis
2746 536 3098 604 voluptatem,
3123 531 3225 586 sibi
3258 526 3616 598 expetendam

2044 637 2325 709 putabant,
2345 634 2587 700 adeoque
2614 629 2738 682 vitae
2773 639 3013 690 munus,
3064 636 3173 676 non
3224 618 3342 689 jam
3381 624 3438 669 ut
3464 614 3616 668 vive—

2045 736 2188 795 rent,
2222 725 2315 781 sed
2346 733 2405 777 ut
2435 719 2673 777 suaviter
2704 717 2979 776 viverent,
3017 707 3316 778 complexi,
3371 703 3618 774 ejusdem

2045 821 2142 885 illi,
2174 815 2397 889 perinde
2424 821 2482 867 ut
2511 811 2683 866 solius
2715 807 2863 872 boni,
2895 803 3135 873 copiam,
3180 798 3368 854 liberis
3401 809 3621 866 quoque

2047 911 2166 966 suis
2197 906 2581 977 precabantur.
2614 899 2804 969 Itaque
2832 896 2924 950 alii
2954 894 3146 956 solem,
3170 891 3378 952 lunam,
3399 903 3463 940 ac
3494 884 3621 938 reli-

2047 1017 2154 1072 qua
2185 999 2366 1054 sidera
2396 996 2520 1049 vitae
2550 1004 2823 1061 corporeae
2849 987 3025 1042 fontes
3051 998 3174 1039 esse
3206 977 3502 1049 suspicati,
3545 976 3621 1030 si-

2047 1095 2271 1164 mulque
2313 1092 2381 1146 ad
2422 1088 2562 1143 lucis
2606 1092 2887 1155 aspectum
2947 1077 3306 1134 admiratione
3348 1067 3619 1143 perculsi,

2048 1186 2321 1259 principes
2364 1183 2529 1236 hosce
2573 1179 2705 1233 deos
2745 1176 2818 1229 ita
2847 1172 3248 1243 praedicarunt,
3297 1174 3357 1220 ut
3403 1163 3625 1217 eosdem

2053 1290 2232 1333 rerum
2260 1281 2512 1328 auctores
2549 1268 2796 1322 omnium
2833 1278 2957 1319 esse
2986 1265 3305 1316 statuerent.
3348 1253 3453 1307 Alii
3484 1250 3626 1305 natis

2051 1386 2117 1425 ex
2154 1378 2297 1423 terra
2324 1365 2573 1436 frugibus
2597 1404 2612 1425 ,
2655 1375 2755 1415 nec
2788 1372 2897 1412 non
2920 1353 3160 1410 humidae
3182 1351 3449 1417 siccaeque
3483 1345 3629 1415 pari—

2052 1472 2135 1516 ter
2156 1502 2171 1527 ,
2213 1457 2529 1525 callidaaque
2558 1460 2767 1507 natura:
2786 1492 2800 1515 ,
2847 1463 2911 1502 ac
2942 1443 3151 1500 caeteris
3190 1436 3427 1495 universi
3457 1433 3628 1504 parti-

2054 1554 2177 1618 bus,
2209 1551 2408 1622 quibus
2455 1546 2656 1601 nutrita
2686 1542 3040 1612 saginataque
3067 1536 3312 1605 ipsorum
3362 1541 3590 1597 corpora
3611 1564 3627 1590 ,

2055 1659 2374 1717 corpoream
2405 1639 2569 1696 simul
2595 1637 2761 1691 vitam
2805 1643 2860 1688 et
2905 1631 3237 1699 voluptatem
3263 1627 3591 1677 venarentur
3611 1657 3627 1683 ,

2056 1710 2284 1795 deo—rum
2337 1748 2532 1789 nomen
2578 1731 2853 1796 decusque
2894 1723 3224 1777 tribuerunt.
3295 1714 3402 1768 Alii
3445 1710 3632 1765 multis

2055 1841 2181 1888 ante
2207 1828 2456 1894 saeculis,
2498 1822 2643 1881 nuda
2672 1819 3037 1892 perfrictaque
3070 1812 3246 1867 fronte
3268 1848 3284 1873 ,
3338 1821 3468 1862 suas
3529 1803 3634 1873 ipsi

2055 1924 2398 1995 cupiditates,
2428 1928 2728 1985 earumque
2757 1910 3034 1965 dominam
3063 1905 3393 1972 voluptatem
3414 1939 3430 1964 ,
3476 1912 3635 1950 amo-

2055 2031 2170 2071 rem
2197 2055 2213 2081 ,
2269 2009 2576 2081 cupidinem
2598 2045 2614 2071 ,
2668 2015 2921 2057 venerem
2942 2037 2957 2058 .
3016 1995 3215 2066 quibus
3237 1993 3384 2060 ipsos
3416 1998 3635 2056 quoque

2055 2077 2207 2160 deos?
2232 2077 2422 2157 cedere
2468 2097 2787 2169 iactabant,
2849 2089 3131 2146 divinitate
3173 2085 3467 2139 donarunt.
3528 2077 3636 2130 Alii

2056 2197 2220 2268 300
2260 2206 2519 2267 tyrannos
2564 2188 2832 2259 quosdam
2892 2198 2957 2237 ac
3000 2178 3312 2251 principes,
3368 2189 3400 2227 a
3433 2170 3636 2241 quibus

2056 2261 2359 2362 profeczdm
2382 2301 2447 2340 ac
2478 2290 2756 2352 repertum
2789 2276 2992 2346 aliquid
3025 2272 3093 2328 ad
3124 2270 3246 2325 vitae
3273 2266 3497 2321 delicias
3517 2261 3638 2316 fue-

2057 2395 2163 2450 rat,
2196 2397 2324 2439 cum
2356 2379 2510 2434 vivos
2541 2375 2721 2430 adhuc
2755 2381 2809 2427 et
2841 2370 3130 2440 spirantes,
3162 2375 3277 2419 tum
3303 2361 3468 2417 etiam
3488 2371 3638 2412 mor-

2059 2485 2111 2532 te
2140 2472 2473 2545 perfunctos,
2505 2469 2733 2522 deorum
2782 2465 2839 2517 in
2864 2473 3095 2515 numero
3127 2455 3497 2515 collocarunt,
3549 2464 3642 2504 aco

2059 2577 2341 2637 ceptorum
2392 2558 2787 2616 beneﬁciorum
2856 2552 3126 2609 suavitate
3194 2544 3446 2617 permoti.
3502 2539 3640 2604 Alii,

2060 2671 2353 2731 pravorum
2384 2652 2673 2723 spirituum
2718 2663 2782 2703 ac
2808 2646 3118 2701 daemonum
3143 2640 3305 2695 ludus
3333 2644 3388 2692 et
3422 2632 3603 2689 fabuia
3622 2672 3639 2697 ,

2060 2766 2126 2807 eo
2158 2746 2533 2804 vehementius
2560 2741 2732 2812 partis
2764 2738 2910 2792 illius
2939 2736 3137 2790 animae
3169 2744 3317 2796 suae,
3358 2740 3481 2796 quae
3527 2738 3644 2793 per-

2064 2840 2437 2897 turbationum
2470 2844 2525 2890 et
2553 2831 2913 2902 cupiditatum
2956 2825 3114 2882 sedes
3160 2829 3265 2887 est,
3288 2823 3399 2871 vim
3437 2830 3502 2870 ac
3545 2829 3645 2883 po-

2064 2941 2316 2991 testatem
2360 2934 2652 2989 auxerunt,
2686 2937 2796 2993 quo
2842 2935 3041 2975 novam
3077 2916 3182 2971 sibi
3216 2913 3547 2981 voluptatem
3575 2906 3646 2961 ab

2066 3028 2134 3082 iis
2154 3026 2390 3095 cepiam,
2427 3018 2656 3077 solemni
2686 3015 2961 3084 certisque
3000 3010 3195 3065 ritibus
3225 3003 3523 3061 constituta
3552 3013 3648 3055 eo-

2463 3126 2567 3168 one
2592 3106 3003 3176 comparabant.
3037 3100 3180 3165 Alii,
3224 3095 3480 3152 omnibus
3528 3091 3648 3146 istis

2067 3211 2246 3265 valere
2270 3206 2463 3278 jussis,
2496 3200 2701 3272 aliquid
2733 3211 2855 3255 sese
2888 3194 2992 3250 rati
3016 3192 3263 3247 universa
3295 3187 3398 3242 hac
3426 3181 3647 3238 theolo-

2069 3304 2158 3376 gia
2188 3275 2369 3356 moliri
2391 3294 2764 3368 praestantius,
2793 3286 3137 3343 divinitalem
3160 3293 3375 3336 omnem
3404 3275 3649 3331 funditus

2070 3369 2429 3452 sustulerunt.
2462 3387 2570 3441 Alii
2616 3383 2851 3451 denique
2893 3375 3217 3446 castigatam
3267 3369 3415 3423 illam
3461 3376 3650 3434 terque

2070 3489 2287 3544 beatam
2313 3483 2502 3546 vitam,
2568 3491 2679 3532 non
2729 3473 2892 3527 aliam
2940 3482 3064 3524 esse
3124 3477 3290 3534 quam
3318 3459 3650 3527 voluptatem

2070 3578 2440 3641 defendentes,
2464 3583 2741 3628 summum
2766 3580 2886 3621 eam
2910 3563 3179 3617 bonorum
3201 3557 3384 3618 linem,
3401 3549 3651 3606 omnium

2073 3665 2532 3742 impudentissimi
2574 3666 2896 3732 posuerunt.
2927 3654 3105 3724 Atque
3138 3650 3285 3705 hunc
3319 3647 3372 3699 in
3402 3642 3649 3704 modum,

2074 3779 2248 3837 genus
2281 3760 2569 3815 hominum
2601 3754 2943 3812 universum,
2990 3756 3251 3814 tanquam
3286 3734 3655 3794 acerbissimae

2074 3826 2289 3913 cuidam
2329 3850 2730 3917 teterrimaeque
2755 3842 3010 3903 dominae,
3044 3832 3312 3906 voluptati
3368 3831 3515 3911 deae,
3570 3826 3656 3881 vel

2074 3947 2395 4019 turpissimo
2422 3942 2605 4014 potius
2629 3954 2693 3994 ac
2718 3931 3148 4005 ﬂagitiosissimo
3179 3922 3416 3982 daemoni
3447 3919 3657 3975 manci-

2076 4054 2285 4117 patum,
2305 4043 2358 4095 in
2389 4038 2573 4096 omnia
2600 4033 2971 4090 calamitatum
2999 4037 3196 4096 genera
3220 4022 3526 4076 demersum
3547 4021 3653 4068 est.

2083 4104 2101 4189 ἓ
2137 4134 2274 4189 Nam
2310 4131 2524 4186 femina:
2553 4140 2766 4190 eorum,
2807 4142 2826 4174 ι
2867 4129 2923 4174 ut
2951 4116 3170 4173 divinus
3196 4111 3326 4166 olim
3362 4104 3656 4176 Apostolus

2078 4224 2426 4297 querebatur,
2463 4238 2482 4271 ι
2544 4216 2971 4270 immutaverunt
3018 4203 3319 4259 naturalem
3384 4210 3543 4251 usum
3586 4193 3660 4248 fe-

2080 4317 2263 4380 minae,
2295 4313 2350 4365 in
2384 4324 2507 4365 eum
2538 4319 2699 4361 usum
2737 4303 2831 4373 qui
2857 4307 2938 4353 est
2957 4303 3147 4352 contra
3181 4300 3454 4346 naturam.
3492 4286 3658 4340 Simi—

2082 4408 2204 4463 liter
2224 4414 2407 4459 autem
2429 4408 2483 4455 et
2510 4392 2761 4458 masculi,
2792 4389 2980 4445 relicto
3013 4381 3247 4439 naturali
3281 4394 3386 4434 usu
3415 4377 3654 4441 feminae,

2012 4485 2057 4540 Ῑ)
2085 4504 2410 4557 exarserunt
2440 4495 2495 4549 in
2522 4486 2809 4547 desideriis
2838 4482 2954 4539 suis
2984 4481 3039 4534 in
3069 4476 3324 4540 invicem,
3346 4468 3576 4525 masculi
3600 4466 3657 4520 in

2085 4591 2361 4650 masculos
2415 4581 2811 4655 turpitudinem
2860 4579 3185 4646 operantes,
3244 4574 3298 4621 et
3349 4559 3658 4619 mercedem

2085 4698 2251 4757 quam
2281 4679 2538 4751 oportuit,
2570 4674 2775 4731 erroris
2810 4670 2917 4736 sui,
2948 4669 3004 4723 in
3035 4660 3343 4732 semetipsis
3389 4653 3659 4723 recipien-

2086 4749 2167 4834 tes
2198 4774 2265 4831 εί.
2298 4749 2333 4826 »ἰ
2359 4770 2438 4826 Ita
2481 4768 2652 4824 Graeci
2689 4763 2889 4835 pariter
2931 4775 2995 4815 ac
3027 4755 3266 4819 barbari,
3297 4749 3569 4819 sapientes
3611 4751 3666 4798 et

2086 4870 2290 4933 idiotae,
2313 4867 2568 4921 deorsum
2594 4873 2784 4915 omnes
2817 4865 2981 4924 atque
3008 4851 3066 4905 in
3094 4861 3254 4904 suum
3284 4842 3387 4913 ipsi
3418 4847 3661 4894 ventrem

2088 4959 2361 5035 prolapsi,
2419 4957 2752 5024 voluptatem
2792 4945 2953 5017 quasi
3000 4943 3161 4998 deum
3203 4940 3543 4997 adorarunt,
3599 4944 3666 4983 ac

2090 5057 2423 5127 serpentium
2455 5052 2511 5106 in
2552 5061 2760 5105 morem
2787 5056 2990 5114 pronos
3019 5052 3140 5093 sese
3174 5031 3522 5102 dejicientes,
3555 5040 3666 5078 non

2091 5151 2149 5206 in
2186 5166 2251 5206 ea
2284 5147 2470 5210 modo,
2503 5154 2759 5212 tanquam
2795 5138 2850 5192 in
2880 5129 3150 5204 ejusmodi
3198 5125 3452 5185 numine,
3507 5118 3667 5187 cuius

2090 5244 2201 5299 vim
2228 5240 2500 5297 declinare
2534 5249 2694 5291 nemo
2718 5238 2920 5301 posset,
2949 5223 3357 5293 acquieverunt,
3384 5214 3478 5269 sed
3500 5211 3667 5266 etiam

2093 5336 2431 5397 carminibus
2476 5329 2682 5402 passim
2715 5320 3041 5396 bymnisque
3076 5313 3191 5369 suis
3213 5351 3229 5376 ,
3290 5320 3400 5363 tam
3446 5306 3504 5360 in
3537 5304 3671 5358 deo-

2187 5540 2298 5610 60')
2333 5536 2472 5592 Οὐδ’
2494 5547 2599 5610 pro
2615 5531 2736 5610 οὐκ,
2766 5537 2827 5610 ut
2850 5538 2993 5592 saepe
3012 5521 3165 5610 alias.
3190 5518 3347 5610 Epit.

2187 5541 2298 5610 60')
2333 5541 2472 5592 Οὐδ’
2501 5547 2599 5604 pro
2615 5541 2736 5594 οὐκ,
2766 5541 2827 5580 ιιι
2850 5541 2993 5592 saepe
3012 5541 3165 5575 anas.
3194 5541 3347 5572 nam

2165 5541 2279 5682 ἰδι)
2320 5596 3022 5682 Καὲαδεδίξυλωμέθῖίῗίίςτη
3036 5583 3672 5682 ttae-“£99.12???”-

2094 5656 2687 5754 kwﬁé—vajwduovenim
2714 5656 3060 5726 accusativus
3083 5662 3171 5717 hic
3201 5656 3506 5715 referatur?
