4166 6440
524 320 622 375 5H

1201 319 1475 379 EUSEBH
1513 315 2001 375 CxESARlENSIS
2036 315 2190 373 OPP.
2224 315 2411 372 PARS
2444 314 2507 370 ΙΙ.
2550 342 2623 353 ——
2652 302 3154 363 APOLOGETICA.

3672 303 3778 359 512

522 450 644 488 rum
682 432 838 489 festis
888 449 1052 504 quam
1099 432 1151 486 in
1183 432 1413 498 publicis
1448 432 1705 486 omnibus
1733 429 2089 499 spectaculis,

2196 427 2366 499 τομὰς
2390 421 2803 494 ἐξενηνεγμένα.
2835 417 3051 488 Ἐπειδὴ
3084 416 3263 470 τοίνυν
3292 415 3558 486 τοσαύτην
3586 415 3775 485 ἔτυχον

522 525 699 594 turpis
734 525 896 580 unius
922 540 987 579 ac
1011 523 1293 594 ﬂagitiosa
1318 523 1608 593 voluptatis
1636 521 1812 591 orgia,
1849 519 2096 590 indigna-

521 630 630 687 que
659 619 936 688 mysteria.
968 630 1092 671 cum
1143 614 1431 677 initiando,
1465 623 1576 668 tum
1608 614 1781 668 sacris
1818 611 2096 682 Operando

519 708 882 762 celebrarunt.
934 706 1115 773 Quare
1169 706 1295 777 jure
1357 704 1644 776 profecto.
1697 704 1742 759 si
1794 704 2095 773 quidquam

519 799 688 863 aliud,
720 808 891 853 totum
926 801 1031 854 hoc
1058 799 1199 868 apud
1229 814 1327 853 nos
1354 797 1729 853 obscaenitatis
1765 810 1935 867 genus
1967 794 2097 849 sub-

517 892 689 946 latum
737 900 837 946 est.
885 890 1151 946 Libidinis
1176 892 1323 945 enim
1360 890 1598 955 initium,
1629 887 1897 942 idolorum
1931 900 2096 940 exco-

515 984 706 1055 gitatio
735 992 836 1039 est.
859 982 1191 1038 Calerorum
1223 997 1353 1052 ergo
1382 981 1703 1051 populorum
1727 1020 1742 1045 ,
1796 986 1856 1032 ut
1904 976 2094 1047 paucis

514 1076 814 1140 absolvam,
846 1075 1130 1144 theologia
1183 1084 1291 1128 tam
1342 1075 1491 1127 varia
1543 1073 1645 1127 fuit
1701 1070 2094 1139 multiplexque

515 1166 656 1219 ratio
688 1183 701 1218 :
746 1180 869 1219 cum
896 1164 1041 1219 enim
1072 1179 1182 1218 uno
1216 1170 1425 1217 tantum
1455 1163 1681 1231 impurae
1712 1169 1967 1229 tetraque
1992 1172 2088 1212 vo-

512 1256 735 1326 luptatis
757 1257 1024 1327 prineipio
1053 1258 1347 1322 niteretur,
1402 1256 1631 1325 plurima
1669 1263 1849 1308 tamen
1898 1266 1964 1307 ac
2000 1266 2090 1305 va-

511 1347 616 1412 ria,
651 1347 835 1417 hydra
865 1348 1150 1419 cujusdam
1206 1348 1509 1403 cervicibus
1558 1346 1938 1416 capitibusque
1966 1358 2088 1397 sca—

2202 516 2635 592 προϐεϐλημένοι
2667 514 2766 585 τὴν
2786 512 3016 582 πλάνην,
3064 508 3249 563 είκότα
3277 508 3340 578 δὴ
3379 510 3584 571 αὑτοῖς,
3617 509 3774 580 ἡδονῇ

2200 611 2307 682 θεῷ
2332 651 2346 673 ,
2395 608 2548 679 κακῷ
2583 606 2819 675 δαίμονι,
2865 602 3203 674 χρωμένοις,
3249 600 3343 653 ἐπὶ
3400 603 3591 663 κακοῖς
3631 602 3777 654 κακά

2201 702 2571 772 συνηγείρετο,
2601 696 3003 767 γυναιμανίαις,
3030 694 3123 747 καὶ
3140 692 3384 764 ἀρρένων
3413 692 3657 764 φθοραῖς,
3678 710 3777 763 μη-

2198 792 2529 865 τρογαμίαις
2564 808 2646 853 τε,
2678 790 2773 843 καὶ
2798 784 3262 857 θυγατρομιξίαις,
3287 782 3377 837 τόν
3408 781 3583 837 πάντα
3607 800 3776 836 κατα-

2197 886 2526 957 φυρομένοις
2578 881 2691 952 βίον
2709 922 2724 945 ,
2756 879 2849 933 καὶ
2880 879 2981 949 τὴν
3004 877 3195 948 ἄγριον
3224 876 3317 929 καὶ
3339 873 3579 945 θηριώδη
3613 874 3774 943 φύσιν

2197 974 2470 1046 ὑπερϐολῇ
2521 972 2853 1043 φαυλότητος
2883 968 3212 1039 νενικηκόσι.
3240 966 3492 1030 Τοιοῦτος
3539 965 3637 1037 μὲν
3679 961 3772 1019 οῦν

2196 1068 2225 1119 ό
2251 1066 2451 1137 τρόπος
2473 1066 2579 1117 τῶν
2612 1061 2858 1116 παλαιῶν
2893 1060 3082 1122 ἐθνῶν,
3110 1059 3203 1112 καὶ
3239 1058 3337 1128 τῆς
3380 1056 3774 1127 διεψευσμένης

2195 1158 2374 1211 αὑτῶν
2403 1155 2698 1224 θεολογίας,
2725 1154 2813 1207 διὰ
2839 1152 2947 1205 τῶν
2979 1149 3332 1221 συνηγμένων
3355 1150 3487 1219 ἡμίν
3528 1147 3772 1218 Έλληνι-

2194 1248 2304 1302 κῶν
2342 1247 2695 1319 λογογράφων
2721 1261 2780 1298 τε
2805 1245 2898 1298 καὶ
2924 1240 3225 1313 φιλοσόφων
3241 1241 3299 1293 ὲν
3325 1241 3439 1303 τοῖς
3460 1237 3772 1311 ἔμπροσθεν

2191 1340 2585 1394 ἀποδέδεικται.

510 1441 677 1495 tentis
710 1442 764 1495 in
801 1458 1006 1496 morem
1030 1483 1045 1508 ,
1094 1451 1367 1497 sectarum
1414 1441 1647 1496 divortia
1700 1455 1764 1495 ac
1822 1437 2138 1494 discrimina
2176 1436 2407 1507 peperit.
2443 1434 2520 1489 Ita
2562 1448 2686 1488 cum
2717 1439 2869 1486 tanto
2901 1439 3122 1499 tamque
3154 1424 3300 1482 fallo
3328 1440 3514 1480 errore
3550 1423 3771 1478 labora-

511 1543 657 1598 rent,
682 1536 883 1590 mirum
907 1536 1153 1606 profecto
1181 1552 1290 1590 non
1325 1543 1429 1600 est,
1486 1536 1533 1590 si
1584 1536 1833 1590 homines
1863 1532 2156 1600 voluptatis
2193 1532 2328 1594 dea,
2358 1546 2421 1585 ac
2457 1528 2706 1584 scelerati
2744 1525 3009 1581 damonis
3041 1522 3240 1577 addicti
3273 1520 3567 1589 obsequio,
3598 1533 3770 1572 novo-

513 1629 904 1683 rum-subinde
936 1630 1093 1699 301
1146 1630 1416 1684 malorum
1468 1630 1688 1687 cumulo
1731 1636 2141 1698 premerentur,
2182 1626 2311 1681 dum
2347 1634 2401 1679 et
2448 1624 2657 1678 insanis
2702 1619 2992 1675 mulierum
3042 1615 3359 1681 amoribus,
3408 1622 3464 1668 et
3513 1610 3771 1666 mascula

512 1720 729 1774 veneris
752 1720 1131 1787 obscmuitate,
1157 1730 1212 1775 et
1252 1722 1474 1776 incestis
1504 1731 1741 1777 matrum
1768 1721 2111 1789 liliarumque
2148 1720 2352 1788 nuptiis
2385 1718 2549 1771 vitam
2604 1715 2994 1785 permis‘cerent
3028 1710 3362 1772 universam,
3422 1720 3487 1761 ac
3538 1704 3771 1760 ferinam

514 1807 819 1862 belluarum
867 1817 1115 1864 naturam
1173 1809 1397 1865 sceleris
1442 1811 1820 1881 magnitudine
1865 1817 2211 1878 superarent.
2263 1806 2443 1875 Atque
2509 1802 2827 1875 hujusmodi
2877 1810 3213 1856 vetusmrum
3283 1798 3528 1868 gentium
3565 1809 3763 1863 mores,

511 1909 568 1956 et
599 1902 960 1957 adulterinam
1000 1919 1191 1957 earum
1222 1904 1548 1975 theologiam
1588 1903 1788 1970 fuisse,
1842 1905 2090 1974 ipsismet
2130 1901 2442 1956 Gracorum
2473 1914 2582 1953 non
2642 1897 3029 1952 historicorum
3077 1892 3264 1959 modo,
3294 1890 3390 1947 sed
3437 1890 3600 1945 etiam
3649 1889 3770 1959 phi-

514 1995 892 2065 losophorum,
924 2013 1047 2067 qua
1074 1999 1446 2067 superioribus
1476 1998 1629 2054 libris
1652 2008 1912 2069 congesta
1937 2007 2088 2060 sunt,
2126 1993 2452 2052 testimoniis
2483 1992 2698 2048 abunde
2726 1989 3097 2061 probavimus.

1122 2089 1352 2145 CAPUT
1390 2090 1477 2144 lll.

516 2196 748 2262 Quinam
794 2196 1137 2254 Hebrmorum
1171 2219 1338 2256 mores
1379 2203 1612 2271 fuerint,
1650 2204 1836 2273 quidve
1867 2203 1933 2257 de
1969 2203 2091 2256 uni-

785 2274 919 2323 versi
941 2286 1155 2326 auctare
1185 2290 1247 2326 ac
1272 2274 1507 2327 molitore
1536 2274 1815 2327 senserint.

583 2419 703 2477 1am
736 2439 906 2489 vero,
954 2425 1392 2495 quandoquidem
1441 2425 1749 2495 priscorum
1803 2425 2088 2480 hominum

515 2513 680 2567 vitam
733 2515 1066 2584 exploratam
1114 2514 1810 2585 habes:quemadmodum
1871 2513 1971 2567 soli
2021 2528 2090 2569 ex

515 2607 771 2661 omnibus
801 2605 1032 2673 Hebraei,
1061 2608 1391 2661 contrariam
1440 2615 1589 2661 tanta
1633 2606 1689 2660 in
1741 2605 2090 2660 multitudine

516 2697 658 2751 viam
681 2696 919 2763 inierint,
935 2699 1117 2753 animo
1132 2699 1387 2769 deinceps
1408 2707 1463 2754 et
1488 2698 1819 2769 cogitatione
1854 2698 2084 2751 intuere.

516 2787 725 2843 Etenim
750 2791 1023 2861 principes
1054 2789 1153 2857 illi,
1187 2790 1398 2861 solique
1426 2790 1685 2845 universo
1710 2790 1990 2843 hominum
2020 2804 2087 2843 ex

514 2896 735 2952 genere,
757 2897 881 2937 cum
920 2899 946 2935 a
978 2883 1170 2953 primis
1201 2893 1348 2939 retro
1393 2884 1666 2939 societatis
1703 2883 1956 2937 humana
1994 2899 2090 2937 cu-

512 2976 748 3040 nabulis,
787 2984 1023 3030 mentem
1071 2975 1125 3041 in
1177 2974 1398 3031 homine
1432 2975 1598 3044 digna
1628 2973 2088 3041 contemplatione

511 3069 854 3134 delixissent,
879 3080 1042 3140 atque
1070 3070 1136 3124 ad
1162 3068 1438 3123 naturales
1467 3067 1707 3122 universi
1729 3067 1968 3121 rationes
2001 3066 2087 3136 pie

512 3173 807 3234 sancteque
850 3164 1572 3231 rimandas_contulissent;
1629 3163 1806 3234 prima
1867 3163 2085 3233 quidem

511 3268 803 3323 corporum
827 3254 1115 3320 elementa,
1152 3261 1375 3320 terram,
1408 3269 1627 3323 aquam,
1654 3269 1856 3319 aerem,
1882 3254 2083 3324 ignem,

2701 2084 3092 2138 ΚΕΦΑΔΑΙΟΝ
3144 2081 3215 2134 Γ¹.

2190 2202 2526 2269 Παράθεσις
2564 2198 2670 2252 τοῦ
2703 2197 2822 2272 τῶν
2861 2196 3439 2272 ξΕϐραίωνᾳτρόπρυ,
3477 2194 3574 2248 καὶ
3607 2192 3766 2272 ὅπως

2260 2263 2545 2394 ἑδόξέξοᾶ·
2603 2269 2737 2337 περὶ
2785 2266 2895 2325 τοῦ
2936 2263 3183 2334 ποιητοῦ
3222 2263 3355 2319 καὶ
3404 2263 3766 2334 δημιουργοῦ

2261 2360 2379 2396 των
2439 2382 2449 2394 ι
2482 2359 2584 2394 ων.

2262 2436 2324 2488 El
2358 2432 2423 2504 δὴ
2451 2429 2545 2485 οὖν
2577 2430 2852 2484 συνῶπταί
2878 2447 2959 2483 σοι
2991 2431 3021 2483 ό
3046 2427 3154 2482 τῶν
3180 2426 3427 2480 παλαιῶν
3457 2425 3591 2497 βίος,
3610 2426 3767 2497 ἄθρει

2189 2523 2253 2596 δὴ
2277 2525 2462 2577 λοιπὸν
2495 2525 2561 2594 τῇ
2585 2522 2793 2593 διανοίᾳ
2849 2521 3043 2592 μόνους
3075 2518 3272 2581 παῖδας
3307 2516 3570 2589 Ἐϐραίων
3600 2518 3657 2570 ἐν
3678 2533 3766 2570 το-

2192 2618 2399 2680 σούτοις
2423 2617 2521 2688 τὴν
2550 2617 2799 2671 ἐναντίαν
2826 2614 3107 2677 ἀπιόντας.
3139 2613 3259 2666 Οἵδε
3288 2612 3395 2683 γὰρ
3418 2612 3645 2682 πρῶτοι,
3670 2611 3765 2665 καὶ

2192 2708 2342 2778 μόνοι
2368 2709 2583 2762 πάντων
2609 2705 2931 2779 ἀνθρώπιον,
2959 2704 3163 2760 ἄνωθεν
3182 2705 3248 2757 ὲκ
3280 2701 3502 2774 πρώτης
3534 2702 3627 2756 τοῦ
3650 2702 3764 2770 βίου

2188 2799 2495 2870 καταϐολῆς
2514 2798 2704 2868 λογικῇ
2731 2795 2932 2868 θεωρία
2961 2796 3061 2867 τὴν
3083 2793 3322 2848 διάνοιαν
3344 2792 3653 2856 ἀναθέντες,
3673 2792 3766 2845 καὶ

2187 2892 2253 2960 τῇ
2293 2888 2421 2958 περὶ
2449 2886 2544 2940 τοῦ
2573 2886 2773 2949 παντὸς
2806 2883 3123 2955 φυσιολογίᾳ
3154 2882 3394 2945 εὐσεϐῶς
3441 2883 3767 2952 ἐπιστήσαν-

2186 2997 2297 3045 τες,
2315 2978 2506 3050 πρῶτα
2532 2978 2628 3049 μὲν
2650 2976 2721 3029 τά
2739 2975 2847 3029 τῶν
2871 2975 3138 3046 σωμάτων
3167 2976 3428 3044 στοιχεῖα,
3450 2975 3575 3045 γῆν,
3596 2972 3762 3044 ὕδωρ,

2185 3067 2345 3137 ἀέρα,
2400 3067 2533 3136 πῦρ,
2569 3066 2629 3130 ἐξ
2688 3059 2767 3121 ὧν
2820 3065 2939 3118 τόδε
2961 3064 3022 3117 τὸ
3053 3066 3163 3120 πᾶν
3200 3066 3470 3128 συνεστὼς
3502 3064 3767 3134 κατεμάν-

2189 3158 2369 3222 θανον,
2393 3158 2543 3229 ἥλιόν
2576 3175 2635 3211 τε
2664 3159 2757 3211 κα)⁵
2784 3157 3033 3230 σελήνην,
3076 3157 3169 3210 καὶ
3218 3156 3474 3228 ἀστέρας,
3501 3156 3562 3209 οὑ
3587 3155 3763 3221 θεοὺς,

2187 3249 2325 3323 ἔργα
2350 3250 2405 3303 δὲ
2433 3246 2572 3305 εἶναι
2601 3250 2738 3304 Θεοῦ
2787 3250 3171 3319 διελογίσαντο·
3204 3249 3305 3321 τήν
3342 3248 3503 3319 φύσιν
3534 3251 3633 3319 τῆς
3659 3265 3767 3302 σω-

512 3359 580 3397 ex
604 3345 804 3413 quibus
830 3345 976 3400 hunc
998 3346 1185 3399 orbem
1220 3354 1471 3400 constare
1511 3346 1857 3411 sentiebant;
1913 3345 2084 3400 solem

2190 3344 2423 3413 ματικῆς
2456 3343 2642 3406 οὐσίας
2669 3343 2730 3396 οὑ
2768 3343 2927 3413 μόνον
2981 3341 3194 3409 ἄλογον,
3233 3341 3368 3395 ἀλλά
3419 3342 3513 3394 καὶ
3560 3341 3766 3411 ἄψυχον

514 3433 737 3502 pariter,
765 3434 973 3495 lunam,
1000 3448 1064 3487 ac
1090 3434 1291 3494 sidera,
1328 3450 1436 3487 non
1465 3434 1596 3488 deos
1619 3477 1632 3500 ,
1673 3435 1767 3491 sed
1800 3434 1894 3489 Dei
1919 3447 2084 3503 opera

2190 3430 2345 3499 εἶναι,
2378 3436 2501 3489 καθ’
2539 3437 2661 3489 ὅσον
2708 3434 2912 3505 ῥοώδης
2953 3434 3046 3486 καὶ
3088 3432 3301 3503 φθαρτή
3320 3427 3454 3485 οὖσα
3484 3433 3761 3501 τυγχάνει,

512 3537 636 3578 esse
659 3524 1020 3591 philosophati
1058 3531 1201 3579 sunt.
1243 3521 1419 3578 Probe
1445 3524 1589 3578 enim
1624 3525 1761 3593 ipsi,
1812 3538 2087 3594 corporea

2190 3531 2597 3600 συννοήσαντες
2625 3527 2859 3580 κᾶπειτα
2891 3526 3257 3595 λογισάμενοι,
3290 3523 3368 3587 ὡς
3424 3523 3522 3592 οὑχ
3558 3518 3670 3575 οἷόν
3703 3540 3763 3576 τε

514 3615 831 3670 substantia
878 3616 1149 3685 propriam
1182 3614 1327 3669 hanc
1370 3630 1491 3670 esse
1536 3624 1785 3670 naturam
1822 3614 2087 3683 intellige-

2190 3620 2283 3691 τὴν
2304 3620 2398 3673 τοῦ
2424 3618 2736 3689 σύμπαντος
2773 3618 2976 3688 κόσμου
3038 3614 3301 3679 διάταξιν,
3331 3610 3391 3667 εὗ
3441 3616 3537 3668 καὶ
3584 3613 3761 3683 σοφῶς

516 3706 670 3769 bant,
697 3714 757 3760 ut
788 3705 1249 3775 quemadmodum
1296 3705 1442 3760 ﬂuxa
1468 3706 1559 3760 illa
1581 3745 1595 3768 ,
1634 3715 1797 3774 atque
1843 3705 2088 3760 interitui

2190 3711 2559 3783 ἡρμοσμένην,
2593 3708 2842 3780 ἔμπλεων
2884 3724 2944 3761 τε
2971 3706 3123 3773 ζώων
3154 3706 3680 3779 ἐμψύχων,λογικῶν
3703 3724 3762 3759 τε

513 3798 752 3852 obnoxia
791 3806 907 3864 est,
967 3797 1041 3852 ita
1090 3799 1300 3853 ratione
1339 3798 1499 3853 simul
1546 3807 1599 3853 et
1646 3799 1829 3853 animo
1881 3809 2084 3855 careat.

2190 3808 2282 3859 καὶ
2328 3803 2543 3871 ἀλόγων
2573 3801 2949 3872 ὑπάρχουσαν,
2997 3800 3303 3870 αὐτόματον
3361 3799 3762 3870 ἐπιγράφεσθαι
3826 3847 3841 3859 ,

515 3889 719 3947 Deinde
771 3904 897 3944 cum
956 3888 1073 3943 fieri
1129 3903 1238 3943 non
1286 3904 1448 3958 posse
1495 3889 1831 3957 cogitarent,
1893 3898 1952 3945 ut
2002 3890 2087 3945 vel

2190 3895 2282 3965 τὴν
2303 3894 2501 3946 αἰτίαν⁸
2527 3892 2646 3945 οὑδέ
2679 3909 2742 3961 γε
2781 3890 2890 3944 τῶν
2918 3890 3179 3962 ἐμψύχων
3217 3892 3316 3962 τὴν
3356 3891 3643 3962 ποιητικὴν
3668 3892 3765 3962 ἀρ-

516 3981 706 4036 mundi
738 3980 900 4050 hujus
950 3981 1189 4035 universi
1243 3989 1351 4035 tam
1401 3988 1523 4050 apte
1548 3980 1928 4051 sapienterque
1958 3996 2088 4036 con-

515 4074 747 4129 formata
788 4074 1015 4143 species,
1045 4089 1274 4145 quaque
1317 4082 1467 4128 tanta
1518 4073 1841 4142 spirantium
1872 4073 2079 4127 anima.

513 4167 671 4230 lium,
699 4175 751 4220 et
783 4166 994 4220 ratione
1036 4166 1232 4236 partim
1265 4166 1637 4234 praditorum,
1674 4165 1867 4234 partim
1899 4180 2089 4220 caren-

515 4259 653 4313 tium
681 4260 1026 4314 multitudine
1059 4260 1357 4314 ahundaret
1378 4298 1393 4321 ,
1434 4257 1667 4313 fortuita
1696 4274 1759 4313 ac
1789 4258 2089 4313 tumultua-

514 4351 611 4404 ria
656 4366 835 4406 causa
881 4351 1301 4421 assignaretur:
1350 4350 1433 4404 vel
1479 4365 1663 4405 rerum
1719 4350 2084 4404 animatarum

516 4442 824 4507 inanimus,
866 4446 1077 4499 ratione
1116 4444 1462 4513 praditarum
1496 4443 1725 4498 rationis
1757 4457 1952 4512 expers
1984 4458 2086 4497 au—

516 4545 636 4589 ctor
658 4544 714 4589 et
737 4534 918 4604 opifex
952 4544 1320 4591 statueretur:
1356 4536 1451 4591 sed
1481 4535 1663 4604 potius
1701 4535 2083 4601 intelligerent,

515 4642 640 4681 cum
670 4641 845 4697 neque
864 4637 1082 4697 repente
1112 4642 1176 4682 ac
1204 4642 1300 4697 per
1330 4642 1451 4682 sese
1481 4626 1677 4681 domus
1709 4641 1949 4697 unquam
1976 4626 2087 4680 ulla

2186 3987 2287 4057 χὴν
2313 3985 2515 4055 ἄψυχον
2555 3982 2988 4054 ὑπολαμϐάνειν,
3018 3983 3127 4036 οὐδ’
3165 3983 3358 4050 ἄλογον
3395 3982 3495 4052 τὴν
3530 3982 3636 4036 τῶν
3676 3983 3764 4036 λο-

2187 4074 2357 4146 γικῶν
2379 4075 2728 4147 δημιουργόν.
2786 4076 2938 4128 Ἐπεὶ
2968 4074 3023 4128 δὲ
3057 4075 3191 4146 μηδὲ
3236 4074 3407 4140 ξύλων
3465 4076 3561 4129 καὶ
3600 4074 3763 4129 λίθων

2186 4167 2491 4238 αὐτόματός
2546 4170 2659 4220 ποτ’
2687 4167 2752 4221 ἂν
2780 4167 3057 4239 οἰκοδομία
3086 4167 3338 4236 συσταίη,
3361 4166 3483 4220 οὑδέ
3509 4184 3571 4236 γε
3601 4166 3764 4238 ἐσθὴς

2186 4259 2421 4328 ὑφάντου
2455 4258 2576 4329 δίχα
2607 4259 3005 4329 συντελεσθείη,
3030 4258 3150 4312 οὑδὲ
3174 4258 3355 4322 πόλεις
3381 4260 3475 4312 καὶ
3499 4258 3763 4313 πολιτεῖαι

2185 4352 2365 4422 νόμων
2394 4352 2549 4415 ἐκτὸς
2581 4352 2673 4405 καὶ
2724 4350 3049 4423 ἀρχοντικῆς
3091 4350 3403 4417 διατάξεως,
3458 4350 3578 4404 οὑδὲ
3608 4351 3764 4414 ἐκτὸς

2186 4444 2519 4515 κυϐερνήτου
2571 4443 2724 4509 ναῦς,
2759 4444 2880 4497 οὑδὲ
2926 4444 2987 4496 τὸ
3044 4444 3405 4514 σμικρότατον
3459 4443 3651 4515 τέχνης
3679 4445 3766 4516 ϐρ-

2186 4553 2349 4605 γανον
2377 4537 2641 4609 ὑποσταίη
2689 4537 2755 4590 ἂν
2806 4538 2881 4609 μὴ
2924 4536 3010 4591 διὰ
3061 4538 3327 4607 τεχνίτου,
3388 4537 3496 4590 οὐδ’
3526 4539 3762 4609 εὐόρμου

2189 4628 2321 4679 ποτὲ
2356 4627 2488 4690 ναῦς
2516 4626 2729 4697 λιμένος
2751 4627 2903 4697 τύχοι
2944 4626 3019 4697 μὴ
3064 4627 3181 4695 οὑχὶ
3212 4627 3309 4680 σὺν
3341 4626 3533 4698 ἀγαθῷ
3566 4628 3765 4698 κυϐερ-

514 4734 579 4773 ex
616 4718 779 4785 lignis
813 4728 868 4773 et
890 4719 1159 4787 lapidibus
1208 4719 1503 4785 coalescat,
1533 4734 1634 4774 nec
1680 4721 1845 4774 vestis
1880 4722 2087 4789 absque

2190 4718 2342 4789 νήτῃ·
2369 4718 2479 4772 οὐδ’
2507 4720 2539 4787 ἡ
2573 4718 2682 4771 τῶν
2722 4718 2949 4772 καθόλου
2991 4718 3267 4789 στοιχείων
3300 4718 3407 4790 ἄρα
3439 4718 3600 4787 φύσις
3621 4719 3762 4789 ἄψυ-

514 4808 745 4863 textoris
784 4786 1052 4863 industria
1075 4808 1409 4879 perficiatur,
1433 4822 1535 4864 nec
1566 4808 1813 4863 civitates
1846 4820 1939 4863 aut
1968 4786 2087 4864 res-

2190 4786 2444 4881 χόςνοῦσα
2471 4786 2567 4862 καὶ
2593 4809 2805 4875 ἀλογος,
2837 4808 2915 4879 τῷ
2946 4808 3069 4863 καθ’
3097 4786 3294 4881 έαυτὴν
3326 4786 3489 4881 λόγῳ,
3518 4811 3638 4882 δίχα
3662 4786 3764 4883 τῆς

513 4901 746 4971 publica
768 4903 974 4971 absque
1022 4902 1200 4973 legum
1234 4912 1289 4957 et
1325 4902 1630 4972 principum
1656 4943 1671 4969 ,
1722 4917 1898 4973 neque
1926 4917 2091 4958 naves

516 4995 723 5063 absque
755 4994 1178 5063 gubernatorum
1227 4994 1601 5050 moderatione
1638 4995 1962 5060 consistant,
1990 5009 2093 5050 nec

515 5084 807 5137 minimum
847 5083 1066 5154 quidem
1097 5087 1231 5139 artis
1259 5084 1684 5139 instrumentum
1718 5084 1837 5140 sine
1866 5084 2091 5139 artificis

514 5176 745 5230 exsistat
773 5191 962 5237 manu,
987 5191 1163 5247 neque
1185 5179 1339 5232 navis
1364 5191 1605 5247 unquam
1637 5176 1747 5231 ulla
1780 5175 1989 5231 felicem
2023 5175 2088 5229 ad

514 5276 729 5335 portum
772 5269 1038 5338 appellat,
1086 5270 1348 5340 sapientis
1393 5269 1639 5341 magistri
1694 5268 2091 5339 gubernatione

514 5357 675 5429 302
709 5363 969 5430 spoliata:
1004 5363 1175 5417 multo
1208 5378 1340 5418 sane
1384 5362 1564 5417 minus
1617 5361 1759 5416 hanc
1793 5361 2090 5415 elemento-

2190 4902 2451 4956 ἀνωτάτω
2474 4901 2566 4954 τοῦ
2596 4901 2732 4955 Θεοῦ
2764 4903 2976 4969 σοφίας,
3012 4900 3171 4970 λόγου
3198 4903 3326 4955 ποτὲ
3360 4904 3453 4956 καὶ⁵
3501 4903 3647 4975 ζωῆς
3667 4905 3765 4957 ἀν-

2192 4992 2427 5058 θέξεται.
2456 4991 2641 5047 Ταῦτα
2670 4992 2733 5064 δὴ
2777 4993 2871 5046 καὶ
2926 4993 2994 5046 τὰ
3026 4993 3250 5047 τοιαῦτα
3296 4993 3667 5065 διανοηθέντες
3712 4998 3764 5049 οι

2189 5084 2289 5155 τῆς
2334 5084 2599 5157 Ἐϐραίων
2649 5084 2932 5148 εὐσεϐείας
2989 5086 3222 5156 πατέρες
3260 5088 3325 5140 ἐκ
3369 5086 3633 5158 μεγέθους
3670 5089 3765 5141 καὶ

2190 5178 2455 5248 καλλονῆς
2484 5189 2509 5218 ι
2536 5179 2890 5249 ὲκτισμένων,
2922 5179 2998 5250 νῷ
3048 5181 3442 5253 κεκαθαρμένῳ
3466 5183 3561 5235 καὶ
3584 5181 3764 5252 ψυχῆς

2194 5269 2469 5339 διαυγέσιν
2494 5270 2703 5343 ὄμμασι
2734 5272 2825 5326 τὸν
2859 5272 3075 5327 πάντων
3118 5273 3443 5346 δημιουργὸν
3486 5274 3619 5328 Θεὸν
3648 5276 3764 5328 ἔσε-

2195 5362 2493 5433 ϐἀσθησαν.

518 5463 661 5513 rum,
695 5466 761 5506 ex
791 5455 991 5521 quibus
1016 5455 1167 5510 orbis
1226 5455 1329 5510 iste
1379 5454 1645 5510 conﬂatus
1705 5462 1811 5519 est,
1846 5462 2122 5523 expertem
2162 5456 2329 5508 animi
2362 5457 2699 5527 rationisque
2758 5466 3034 5524 naturam,
3074 5458 3121 5514 si
3154 5473 3367 5514 summa
3399 5459 3486 5514 illa
3524 5458 3769 5514 numinis

518 5542 688 5596 divini
720 5546 982 5615 sapientia
1017 5548 1349 5614 secludatur,
1375 5556 1566 5618 suapte
1612 5546 1665 5602 vi
1707 5548 1997 5617 nativaque
2056 5544 2313 5602 facultate
2366 5550 2533 5605 vitam
2570 5551 2733 5607 simul
2772 5559 2827 5607 et
2856 5552 3121 5608 rationem
3181 5552 3447 5623 obtinere.
3499 5550 3645 5614 liae,
3680 5551 3767 5605 in-

519 5651 709 5708 quam,
737 5640 952 5710 aliaque
996 5643 1234 5709 similia,
1268 5658 1394 5699 cum
1457 5641 1695 5699 Hebraa
1734 5642 1955 5716 pietatis
2007 5658 2071 5699 ac
2130 5643 2409 5712 religionis
2452 5656 2709 5718 parentes
2756 5650 3094 5720 cogitarent,
3124 5647 3293 5706 Deum
3325 5636 3477 5707 illum
3526 5646 3767 5705 universi
3838 5665 3843 5673 ·

594 5745 618 5773 ι
645 5735 730 5787 la.
762 5732 886 5788 add.
918 5732 1044 5788 τῶν.
