4166 6414
316 389 424 447 515
1450 383 1774 440 ΡΒᾸΞΡΑΒ.
1815 381 1881 437 E‘

1979 380 2070 437 ης.
2114 380 2243 437 LIB.
2291 382 2398 438 VII.
3478 392 3584 448 5H-

316 514 645 576 molitorem.
694 532 857 586 quem
893 525 1119 587 purgata
1156 526 1357 581 meme,
1383 523 1546 584 atque
1574 507 1898 566 illuminatis
1936 505 2103 561 animi
2135 508 2345 578 oculis,
2400 509 2455 562 in
2496 518 2643 565 tanta
2698 525 2884 566 rerum
2943 522 3248 569 creatarum
3306 512 3581 584 magnitu-

316 610 444 666 dine
471 626 537 665 ac
568 608 747 682 specie
774 613 1163 683 agnoscebant,
1212 612 1363 680 justa
1394 619 1524 665 sunt
1563 605 1911 663 veneratione
1948 606 2243 673 prosecuti.

767 759 780 770 ,
843 709 1242 762 ΚΕΦΑΛΑΙΟΝ
1288 710 1365 763 Δ’.

2596 722 2831 779 CAPUT
2891 724 2978 779 IV.

320 821 511 888 Ὅπως
536 820 833 901 ἐφρόνουν
859 821 991 901 {rapi
1017 820 1349 909 ἀθαγασίας
1378 816 1606 909 ψυχῆς,
1638 816 1734 870 καὶ
1773 831 1881 883 περ

2011 834 2152 900 Quid
2185 836 2343 889 iidem
2375 837 2572 905 partim
2600 837 2663 891 de
2692 838 2884 892 anima:
2908 837 3316 892 immortalitate
3339 876 3355 903 ,
3387 840 3583 908 partim

678 892 785 959 τῆς
820 892 940 945 τῶν
971 890 1260 960 σωμάτων·
1283 890 1515 955 οὐσίας.

2016 890 2052 900 Ψ
2360 890 2424 960 de
2461 911 2697 977 corporis
2735 919 2929 962 natura
2962 911 3239 962 senserint.

389 984 639 1038 Κᾶπειτα
675 983 839 1056 μέρος
867 985 930 1037 ού
962 982 1156 1054 μικρὸν
1177 982 1272 1035 τοῦ
1303 981 1503 1045 παντὸς
1538 983 1679 1050 σφᾶς
1704 981 1881 1034 αὐτοὺς

2076 996 2280 1052 Deinde
2314 1013 2464 1065 vero,
2494 1016 2619 1054 cum
2650 1000 2811 1054 iidem
2837 1015 2956 1055 sese
2985 1016 3204 1071 quoque
3230 1009 3440 1070 partem
3461 1017 3583 1056 esse

316 1073 454 1131 εἶναι
500 1076 928 1148 συναισθόμενοι,
962 1078 1023 1130 τὸ
1054 1077 1235 1147 μέντοι
1264 1088 1291 1117 ι
1328 1075 1505 1130 αὐτῶν
1549 1074 1728 1145 τίμιον
1763 1068 1878 1125 εἷνα

2004 1088 2244 1143 universi
2278 1104 2389 1142 non
2424 1089 2678 1159 exiguam
2705 1090 2991 1155 sentirent,
3026 1105 3056 1146 e
3082 1091 3297 1146 duabus
3332 1091 3416 1147 sui
3452 1107 3581 1161 par-

316 1172 608 1242 ήγήσαντο·
665 1168 825 1223 τοῦτο
871 1168 928 1222 δὲ
961 1170 1054 1223 καὶ
1096 1169 1187 1222 τὸν
1238 1168 1412 1238 ἀληθῆ
1465 1166 1772 1238 ἄνθρωπον,
1809 1164 1881 1218 τὸς

2000 1180 2146 1236 tibus
2192 1181 2415 1236 alteram
2452 1185 2636 1253 (quem
2679 1198 2868 1238 verum
2905 1182 3045 1253 ipsi,
3099 1184 3302 1253 quique
3333 1199 3442 1239 nou
3474 1185 3578 1241 nisi

317 1263 457 1315 κατά
484 1260 660 1332 ψυχὴν
688 1260 1028 1332 νενοημένον·
1055 1260 1116 1314 τὸ
1143 1260 1200 1314 δὲ
1238 1260 1426 1314 τούτου
1459 1259 1640 1330 χώραν
1677 1257 1881 1328 περιϐο-

1999 1271 2183 1325 animo
2212 1274 2469 1342 cognosci
2510 1274 2715 1344 possit,
2771 1274 3047 1328 hominem
3103 1275 3469 1349 appellabant)
3522 1277 3579 1332 in

314 1352 410 1424 λῆς
433 1353 647 1423 ἐπέχον·
677 1351 835 1406 τοῦτο
866 1352 923 1405 δὲ
948 1348 1084 1406 εἶναι
1137 1352 1199 1405 τὸ
1227 1351 1405 1423 σῶμα.
1466 1352 1577 1405 Καὶ
1616 1349 1679 1422 δὴ
1706 1349 1881 1403 τοῦτοκ

1996 1363 2168 1432 pretio
2199 1364 2505 1419 habendam
2536 1375 2901 1435 putaverunt:
2944 1366 3195 1432 alteram,
3234 1382 3427 1436 nempe
3452 1348 3581 1422 icor-

312 1445 607 1515 διελόμενοι
638 1444 727 1498 τὸν
754 1445 971 1514 τρόπον,
997 1444 1095 1516 τὴν
1119 1446 1296 1497 πᾶσαν
1333 1444 1461 1514 περὶ
1486 1444 1586 1514 τῆς
1612 1441 1707 1495 τοῦ
1748 1441 1894 1495 ἔνδον

312 1537 596 1607 ἀνθρώπου
628 1536 772 1607 ζωῆς
794 1537 1049 1608 φροντίδα
1093 1536 1187 1590 καὶ
1216 1535 1452 1605 σπουδὴν
1480 1534 1888 1604 είσηνέγκαντο.

310 1630 479 1684 Τοῦτο
514 1631 571 1683 δὲ
600 1630 751 1702 παρὰ
779 1628 855 1701 τῷ
883 1629 1101 1683 πάντων
1131 1626 1447 1700 δημιουργῷ
1488 1625 1607 1697 Θεῴ
1659 1642 1890 1697 προσφι-

308 1722 396 1788 λὲς
429 1719 568 1777 εἶναι
601 1721 970 1793 λογισάμενοι,
1004 1720 1062 1784 ὃς
1090 1736 1193 1772 που
1256 1718 1354 1788 τὴν
1390 1715 1690 1791 ἀνθρώπων
1728 1716 1889 1786 φύσιν

306 1815 415 1867 τῶν
438 1815 530 1868 ἐπὶ
550 1813 655 1884 γῆς
683 1814 939 1867 ἁπάντων
967 1815 1207 1884 κρατεῖν,
1232 1813 1292 1865 ού
1320 1811 1480 1883 ῥώμῃ
1512 1811 1782 1883 σώματος,
1811 1809 1887 1874 ὡς

302 1908 471 1979 ἀρετῇ
504 1906 682 1978 ψυχῆς
703 1906 1014 1978 ἐδωρήσατο
1045 1906 1152 1977 (τὰ
1196 1907 1295 1975 μὲν
1325 1905 1435 1976 γὰρ
1460 1896 1570 1957 τῶν
1611 1904 1779 1957 ὄντων
1810 1899 1887 1956 εῖ-

305 2019 395 2055 ναι
415 2001 618 2071 ἄψυχα,
644 1995 731 2054 οἷα
751 1999 932 2063 λίθους
953 2001 1047 2053 καὶ
1075 1999 1225 2067 ξύλα·
1264 1998 1334 2052 τά
1372 1999 1430 2052 δὲ
1465 1998 1701 2069 ζωτικῆς
1726 1998 1885 2052 δυνά-

208 2090 213 2093 ’
310 2110 454 2165 μεως
489 2092 713 2164 μέτοχα,
734 2086 822 2144 οἶα
841 2093 908 2145 τά
936 2092 1042 2144 ἀπὸ
1069 2094 1175 2162 γῆς
1207 2091 1584 2163 βλαστήματα·
1614 2090 1682 2143 τὰ
1713 2089 1771 2143 δὲ
1801 2092 1884 2143 αἱ-

306 2186 571 2255 σθήσεως,
606 2183 784 2256 ὁρμῆς
826 2201 887 2238 τε
936 2184 1310 2254 φανταστικῆς
1372 2181 1771 2253 μεμοιραμένα,
1798 2176 1884 2235 οἵα

307 2276 460 2342 ζώων
492 2276 560 2330 τὰ
592 2276 777 2345 ἄλογα·
832 2276 1011 2330 πάντα
1036 2276 1093 2329 δὲ
1144 2275 1316 2329 ταῦτα
1337 2276 1417 2327 ἑνὶ
1445 2273 1524 2344 τῷ
1549 2271 1659 2326 τῶν
1683 2271 1885 2343 ἀνθρώ-

307 2388 425 2423 πων
454 2369 597 2437 γένει
620 2370 757 2439 πρὸς
784 2369 1093 2441 ὑπηρεσίαν
1121 2367 1463 2433 δουλοῦσθαι,
1493 2367 1554 2420 ού
1592 2366 1752 2439 ῥώμῃ
1786 2365 1884 2418 σὼ-

305 2476 474 2530 ματος
502 2459 598 2513 καὶ
640 2459 783 2530 ἰσχύϊ
832 2457 1350 2530 κατηναγκασμένα,
1387 2455 1636 2526 λογισμῷ
1684 2455 1739 2508 δὲ
1786 2455 1882 2509 καὶ

298 2552 477 2624 ψυχῆς
500 2554 688 2624 ἀρετῇ,
788 2554 849 2607 τὸ
878 2552 1021 2607 κατά
1051 2552 1267 2606 πάντων
1311 2549 1419 2603 τῶν
1472 2549 1565 2603 ἐπὶ
1596 2551 1700 2621 γῆς
1727 2551 1882 2623 ἀρχι-

300 2645 393 2697 κόν
422 2662 479 2698 τε
509 2646 602 2699 καὶ
639 2643 912 2715 βασιλικὸν
963 2645 1155 2716 γέρας,
1202 2643 1407 2698 ἀνωθεν
1453 2642 1607 2715 παρὰ
1654 2641 1749 2696 τοῦ
1773 2642 1880 2696 τῶν

298 2736 434 2789 ὅλων
460 2735 634 2789 αἰτίου
668 2735 1120 2807 συγκεχωρῆσθαι
1154 2734 1589 2807 κατειλήφασιν)·
1622 2733 1771 2789 ἔνθεν
1797 2737 1884 2807 ὁρ-

300 2828 563 2900 μώμενοι,
588 2826 747 2899 σῶμα
776 2827 875 2898 μὲν
923 2827 1018 2880 καὶ
1044 2826 1115 2880 τὰ
1177 2826 1446 2897 σωμάτων
1479 2826 1612 2898 ἡδέα
1642 2827 1793 2880 οὐδέν
1828 2844 1882 2880 τι

299 2921 499 2992 μᾶλλον
525 2919 635 2974 τῶν
663 2920 835 2975 ἀλλων
866 2919 959 2973 ἐπὶ
981 2919 1084 2990 γῆς
1113 2918 1444 2991 θρεμμάτων
1489 2920 1762 2991 προτιμᾷν
1808 2918 1884 2972 δι-

298 3012 621 3085 ενοήθησαν·
647 3012 707 3065 τὸ
735 3011 778 3064 δ’
803 3012 860 3065 ὲν
895 3012 1077 3074 αὐτοῖς
1118 3011 1304 3082 ἄρχον,
1333 3010 1409 3073 ὼς
1442 3008 1509 3063 ἂν
1535 3008 1630 3063 τοῦ
1664 3010 1882 3064 πάντων

296 3106 557 3176 ἆρλοντος
579 3105 800 3169 οἰκεῖον,
835 3103 930 3156 καὶ
977 3101 1076 3171 τῆς
1098 3101 1278 3173 ψυχῆς
1330 3101 1390 3155 τὸ
1434 3100 1650 3170 λογικόν
1698 3119 1757 3154 τε
1788 3101 1883 3155 καὶ

294 3197 501 3267 νοερὸν,
527 3194 670 3248 θεῖόν
695 3212 755 3248 τε
819 3194 912 3248 καὶ
943 3191 1385 3263 ἐπιστημονικὸν,
1412 3191 1487 3255 ὡς
1526 3191 1592 3245 ἂν
1641 3190 1736 3245 τοῦ
1790 3190 1883 3244 ἐπὶ

296 3290 514 3342 πάντων
547 3285 683 3341 Θεοῦ
711 3284 809 3356 τὴν
831 3285 1087 3356 ὁμοίωσιν
1113 3284 1297 3356 φέρον,
1329 3283 1488 3355 μόνον
1514 3282 1602 3336 διὰ
1651 3282 1883 3354 σπουδῆς

296 3380 475 3452 ἔσχον.
507 3374 642 3433 Εἶτα
674 3378 795 3450 μηδ’
828 3377 956 3432 ἄλλο
982 3395 1032 3430 τι
1068 3375 1460 3446 ἐνθυμηθέντες
1502 3373 1704 3443 ἀγαθὸν
1740 3370 1881 3432 εἶναι

292 3474 389 3527 τοῦ
424 3472 640 3526 πάντων
663 3470 882 3539 ἀγαθῶν
901 3468 1137 3540 χορηγοῦ
1167 3467 1323 3531 Θεοῦ,
1353 3467 1504 3531 τέλος
1537 3466 1753 3537 ἀπάσης
1786 3467 1877 3519 εύ-

295 3563 580 3637 δαιμονίας
604 3562 703 3633 τὴν
731 3559 896 3615 αὑτοῦ
918 3559 1118 3629 γνῶσιν
1149 3576 1209 3611 τε
1246 3557 1341 3611 καὶ
1370 3557 1552 3626 φιλίαν
1583 3553 1721 3610 εἶναι
1768 3557 1877 3611 ἀπ-

297 3659 589 3730 εφήναντο·
610 3656 693 3708 ὅτι
726 3654 822 3707 καλ⁵
854 3653 1024 3723 αὐτῆς
1050 3650 1214 3722 ζωῆς,
1244 3651 1336 3704 καὶ
1349 3649 1545 3721 ψυχῆς,
1570 3651 1664 3704 καὶ
1697 3649 1879 3721 σῶμα..

292 3767 407 3813 τος,
436 3750 532 3803 καὶ
556 3746 665 3801 τῶν
721 3745 937 3810 τούτοις
1001 3745 1316 3814 ἀναγκαίων
1372 3744 1533 3815 μόνος
1583 3744 1746 3807 αὐτὸς
1784 3746 1879 3798 ἀν-

295 3839 471 3911 ῆπται
497 3843 597 3914 τὴν
615 3841 815 3895 αἰτίαν.
836 3839 1024 3910 Τούτῳ
1044 3838 1107 3909 δὴ
1133 3834 1226 3891 οῦν
1258 3838 1398 3906 σφᾶς
1419 3835 1571 3902 ὅλους
1601 3835 1749 3907 αὐτῷ
1774 3836 1878 3889 σώ-

295 3954 427 4010 ματι
457 3936 550 3989 καὶ
600 3933 748 4005 ψυχῇ
783 3932 1060 4004 φέροντες,
1096 3929 1495 3995 ἀνατεθείκασι,
1560 3928 1652 3983 τὸν
1699 3929 1878 3983 πάντα

294 4031 475 4085 αὐτῶν
500 4028 615 4100 βίον
645 4030 731 4081 ἐπ’
754 4026 915 4083 αὐτὸν
947 4024 1405 4095 ἀναρτησάμενοι,
1430 4023 1524 4076 καὶ
1551 4022 1697 4095 μόνῳ
1711 4040 1877 4095 προσ-

293 4124 462 4195 έχειν,
524 4119 670 4190 ἄλλῳ
709 4118 767 4172 δὲ
840 4116 1030 4188 μηδενὶ
1060 4114 1166 4170 τῶν
1201 4114 1492 4187 ὁρωμένων
1521 4113 1869 4181 ἀξιώσαντες.

291 4215 452 4269 Οὕτω
472 4212 537 4285 δὴ
571 4209 806 4281 φιλόθεοι
853 4209 989 4278 ὁμοῦ
1041 4207 1136 4261 καὶ
1181 4204 1444 4274 θεοφιλεῖς
1484 4204 1872 4275 ἀναφανέντες,

292 4304 626 4378 θεραπευταί
672 4319 817 4366 τινες
865 4301 1017 4364 ὄντες
1050 4297 1161 4371 (62)
1215 4298 1311 4352 καὶ¹
1343 4299 1505 4369 ἱερεῖς
1529 4295 1623 4351 τοῦ
1650 4296 1873 4368 ὑψίστου

292 4397 429 4453 Θεοῦ
459 4393 869 4464 ἀπεφάνθησαν,
896 4392 930 4463 ἢ
959 4390 1053 4444 καὶ
1084 4409 1102 4441 ι
1128 4388 1282 4458 γένος
1307 4385 1451 4460 ἱερὸν
1483 4387 1595 4458 (63)
1630 4388 1723 4441 καὶ
1780 4386 1877 4457 βα-

293 4491 520 4553 σιλικὸν,
554 4486 853 4561 ἱεράτευμά
883 4503 944 4539 τε
971 4482 1129 4549 Θεοῦ,
1160 4483 1256 4536 καὶ
1285 4481 1435 4546 ἔθνος
1470 4481 1623 4551 ἆγιον
1652 4500 1672 4533 ι
1706 4498 1876 4553 προσ-

1994 1468 2118 1523 pus,
2148 1455 2421 1524 quoddam
2454 1457 2610 1526 quasi
2640 1466 2852 1526 septum
2884 1471 3027 1520 esse,
3069 1472 3179 1526 quo
3208 1456 3453 1512 inclusus
3487 1457 3580 1513 ille

1974 1554 2263 1601 ‘teneatur.
2287 1546 2465 1616 Atque
2490 1549 2593 1603 hoc
2630 1547 2948 1603 discrimine
2977 1544 3297 1616 constituto,
3327 1549 3382 1602 in
3424 1542 3578 1605 coui-

1991 1637 2242 1706 ponenda
2275 1638 2510 1694 hominis
2538 1639 2815 1694 interioris
2835 1639 2967 1704 vita,
2996 1655 3185 1693 curam
3220 1640 3293 1694 illi
3317 1640 3574 1711 deinceps

1990 1741 2211 1783 omnem
2240 1731 2593 1801 studiumque
2623 1746 2875 1800 posuere.
2926 1729 3081 1796 Quod
3141 1731 3244 1800 ipsi
3300 1748 3423 1786 cum
3461 1732 3574 1787 Deo

1988 1835 2169 1875 rerum
2204 1821 2449 1876 omnium
2494 1823 2794 1878 architecto
2838 1821 3189 1881 vehementer
3234 1825 3455 1894 probari
3485 1840 3574 1879 ce-

1986 1920 2334 1980 gnoscerent,
2367 1928 2398 1966 a
2429 1928 2539 1982 quo
2574 1913 2621 1966 id
2664 1916 2909 1969 muneris
2947 1916 3112 1970 homo
3140 1927 3463 1985 acceperat,
3514 1923 3575 1968 ut

1985 2001 2054 2056 iis
2082 2018 2204 2073 quae
2245 2013 2511 2058 terrarum
2561 2003 2769 2058 ambitu
2827 2005 3211 2069 continentur,
3275 2005 3569 2071 omnibus,

1987 2107 2095 2147 non
2119 2094 2316 2150 robore
2340 2096 2609 2166 corporis,
2645 2096 2739 2152 sed
2764 2097 2932 2151 animi
2962 2096 3219 2152 facultate
3256 2096 3567 2167 imperaret.

1987 2183 2145 2258 (Nam
2180 2201 2211 2240 e
2242 2187 2424 2253 rebus,
2446 2188 2722 2243 inanimas
2751 2189 2887 2244 alias
2913 2204 3056 2254 esse,
3087 2198 3144 2244 ut
3167 2190 3375 2260 lapides
3403 2199 3571 2261 atque

1984 2277 2165 2346 ligna;
2191 2278 2301 2333 vim
2330 2280 2452 2335 aliis
2484 2280 2662 2337 inesse
2695 2282 2911 2337 vitalem
2933 2322 2949 2345 ,
3000 2292 3060 2337 ut
3104 2285 3359 2340 omnibus
3411 2294 3571 2341 terra:

1983 2371 2378 2440 germinibus:
2435 2373 2572 2429 alias
2627 2376 2900 2431 sentiendi
2961 2376 3218 2432 facultate
3272 2378 3566 2448 praeditas,

1981 2464 2165 2520 oblata
2192 2464 2536 2521 extrinsecus
2587 2467 2918 2536 impulsione
2956 2471 3311 2534 commoveri,
3341 2479 3403 2525 ut
3450 2471 3572 2528 ani-

1981 2567 2196 2614 mantes
2225 2559 2434 2615 ratione
2463 2559 2704 2629 privatas
2736 2579 2750 2614 :
2779 2568 2948 2632 atque
2981 2562 3098 2618 haec
3135 2563 3322 2618 omnia
3351 2566 3568 2634 generis

1983 2651 2265 2706 hominum
2303 2652 2465 2707 unius
2490 2652 2776 2723 obsequio,
2799 2654 3123 2709 necessitate
3153 2655 3390 2724 quadam
3417 2671 3571 2712 man-

1982 2743 2176 2812 cipari,
2208 2757 2372 2812 quam
2411 2757 2519 2796 non
2550 2742 2717 2796 robur
2750 2742 3003 2813 viresque
3032 2743 3279 2813 corporis
3299 2782 3314 2808 ,
3356 2747 3450 2799 sed
3478 2760 3567 2799 ra-

1984 2832 2059 2887 tio
2087 2842 2249 2903 atque
2277 2832 2443 2887 animi
2473 2834 2648 2888 virtus
2672 2832 2862 2887 afferat
2890 2852 2904 2887 :
2950 2833 3039 2887 cui
3074 2834 3303 2902 proinde
3348 2837 3562 2907 regium

1982 2924 2260 2994 quoddam
2286 2925 2340 2978 in
2375 2932 2589 2978 terrena
2629 2923 2812 2978 omnia
2840 2923 3065 2978 ditionis
3099 2931 3155 2977 et
3188 2923 3401 2993 imperii
3429 2925 3522 2994 jus
3546 2966 3569 2993 ,

1982 3015 2053 3069 ab
2082 3031 2263 3069 rerum
2292 3015 2676 3070 universarum
2722 3022 2946 3069 auctore
2988 3015 3205 3070 caelitus
3233 3029 3564 3071 concessum

1982 3121 2105 3161 esse
2134 3103 2526 3177 perviderunt.)
2561 3104 2675 3161 Hac
2701 3105 2781 3159 illi
2805 3106 3132 3175 cogitatione
3170 3106 3411 3174 adducti,
3443 3123 3566 3163 eor-

1982 3213 2086 3269 pus
2122 3184 2527 3268 corporumque
2558 3198 2816 3263 delicias,
2876 3197 2996 3253 loco
3042 3213 3152 3254 non
3201 3199 3340 3264 alio,
3395 3216 3563 3271 quam

1982 3302 2301 3345 caeterarum
2346 3298 2504 3345 terrae
2547 3292 2816 3360 pecudum
2862 3307 3075 3364 genus,
3125 3293 3403 3350 habendas
3439 3309 3564 3352 esse
3612 3306 3615 3307 '

1908 3408 1950 3463 ο
1983 3390 2353 3438 censuerunt:
2389 3398 2553 3452 quam
2595 3398 2725 3437 vero
2768 3385 2854 3439 sui
2884 3394 3089 3456 partem
3131 3385 3360 3455 imperio
3391 3387 3564 3442 dona-

1984 3484 2095 3526 tam
2124 3472 2510 3543 agnoscebant,
2542 3482 2723 3542 utpote
2754 3475 3080 3545 cognatione
3119 3477 3300 3547 aliqua
3343 3492 3562 3532 summo

1980 3580 2165 3619 rerum
2231 3564 2480 3619 omnium
2548 3566 2863 3637 imperatori
2932 3568 3322 3638 conjunctam,
3356 3569 3562 3640 ipsam-

1980 3671 2086 3725 que
2123 3655 2291 3709 animi
2338 3656 2551 3712 ratione
2584 3657 3048 3729 intelligentiaque
3084 3659 3400 3729 praeditam,
3446 3660 3559 3715 imo

1978 3747 2219 3801 divinam
2282 3746 2614 3817 quamdam,
2679 3764 2745 3804 ac
2815 3750 3078 3805 doctrinae
3143 3752 3327 3806 sedem
3393 3752 3558 3809 simul

1978 3850 2367 3909 parentemque
2404 3837 2753 3907 facultatem,
2803 3842 2948 3911 quod
2999 3842 3197 3897 summi
3242 3841 3403 3914 303
3442 3841 3558 3899 Nu-

1979 3930 2143 3986 minis
2203 3946 2518 4001 expressam
2582 3930 2750 3986 ferret
2800 3932 3115 4003 imaginem,
3165 3935 3316 3988 omni
3387 3950 3554 3991 unam

1977 4022 2258 4094 diligentia
2344 4023 2633 4094 studioque
2698 4024 3004 4080 coluerunt.
3085 4025 3324 4094 Deinde,
3406 4030 3553 4099 quod

1977 4124 2173 4185 praeter
2240 4116 2512 4171 bonorum
2559 4115 2805 4170 omnium
2888 4116 3090 4172 fontem
3167 4127 3554 4191 auctoremque

1977 4206 2170 4275 Deum,
2199 4207 2346 4262 aliud
2386 4223 2613 4278 prorsus
2656 4208 3017 4281 intelligerent
3053 4208 3181 4263 boni
3223 4225 3347 4266 esse
3390 4212 3551 4280 nihil,

1975 4298 2232 4369 quodque
2273 4313 2418 4353 unus
2450 4298 2567 4369 ipse
2606 4308 2762 4369 aptas
2781 4314 2844 4354 ex
2882 4314 3002 4354 sese
3027 4299 3170 4366 vitae,
3201 4301 3391 4367 animi,
3418 4318 3546 4359 cor-

1975 4390 2148 4461 poris,
2183 4404 2413 4460 quaaque
2478 4389 2588 4445 illis
2625 4390 2935 4446 necessaria
2978 4399 3126 4454 sunt,
3182 4406 3380 4448 causas
3424 4409 3548 4450 orn-

1975 4481 2126 4535 nium
2157 4488 2211 4536 et
2236 4481 2479 4536 rationes
2504 4481 2749 4548 haberet,
2779 4481 3053 4538 felicitatis
3075 4484 3344 4540 universa:
3363 4485 3550 4555 ﬁnem,

1974 4573 2095 4642 ejus
2125 4573 2179 4627 in
2203 4572 2368 4628 unius
2397 4574 2592 4644 partim
2640 4575 2975 4646 cognitione,
3009 4579 3209 4647 partim
3236 4593 3423 4634 amore
3446 4595 3548 4650 po-

292 4575 1016 4652 αγορευθῆναιὴξιώθησαν,
1046 4572 1268 4644 σπέρμα
1322 4571 1423 4642 τῆς
1476 4569 1708 4642 ἀληθοῦς
1740 4570 1875 4623 ταύ-

290 4692 390 4746 της
419 4672 699 4734 εὒσεϐείας
731 4669 956 4730 καὶτοῖς
987 4664 1255 4735 ὀψιγόνοις
1301 4663 1480 4717 αὐτῶν
1529 4661 1875 4716 ἀπολελοιπό-

1979 4670 2224 4717 suerunt.
2263 4661 2341 4717 Ita
2364 4677 2489 4718 cum
2515 4663 2676 4718 vitam
2702 4664 3066 4733 instituerent,
3087 4683 3152 4721 ex
3177 4683 3286 4722 una
3308 4669 3428 4738 ejus
3451 4684 3551 4725 vo-

289 4784 401 4830 τες.
433 4760 559 4836 ’Ἆρ’
584 4758 676 4817 οῦν
703 4759 949 4832 λογισμῷ
984 4776 1065 4813 σοι
1093 4755 1357 4826 δοκοῦμεν
1388 4752 1577 4807 τούσδε
1605 4752 1712 4806 τῶν
1752 4752 1871 4805 Ἐλ-

1979 4753 2184 4809 luntate
2230 4764 2474 4826 nutuque
2535 4770 2879 4826 suspensam,
2956 4760 3115 4829 eique
3183 4760 3307 4828 soli,
3365 4776 3550 4816 rerum

289 4857 528 4929 ληνικῶν
580 4852 1064 4928 προτετιμηκέναι,
1100 4848 1196 4904 καὶ
1224 4847 1424 4919 μᾶλλον
1452 4846 1560 4901 τῶν
1612 4844 1871 4899 Φοινίκων

1979 4855 2242 4917 praeterea
2273 4863 2396 4919 quae
2423 4848 2678 4903 videntur
2709 4850 2864 4916 nulli,
2905 4851 3279 4924 adjungendos
3306 4869 3427 4909 sese
3454 4855 3552 4910 ad-

290 4968 353 5004 τε
380 4950 473 5003 καὶ
489 4947 802 5017 Αἰγυπτίων
829 4943 985 5009 θεῶν,
1003 4941 1109 4997 τῶν
1125 4959 1185 4994 τε
1207 4940 1335 5012 περὶ
1354 4940 1479 5002 τοὺς
1506 4936 1661 5001 θεοὺς
1681 4936 1880 5007 δυσφή-

1980 4938 2354 5009 dicendosque
2425 4948 2746 5007 statuerent,
2782 4942 2958 4996 eidem
2993 4958 3113 4998 sese
3144 4951 3288 4999 totos
3320 4960 3551 5016 corpore

294 5061 412 5116 μων
446 5040 837 5113 ἀτοπημάτων,
865 5036 966 5101 τὰς
1002 5036 1133 5109 παρ’
1179 5033 1450 5106 Ἑϐραίοις
1483 5031 1611 5103 περὶ
1639 5028 1878 5084 εὐσεϐῶν

1981 5024 2146 5086 simul
2187 5040 2351 5101 atque
2400 5032 2586 5087 animo
2618 5042 3030 5090 consecrarunt.
3081 5034 3260 5107 Atque
3323 5036 3395 5090 ita
3422 5051 3550 5092 cum

290 5133 500 5205 ἀνδρῶν
535 5131 817 5203 διηγήσεις
846 5125 1244 5192 ἀποδέξασθαι;

1984 5131 2039 5178 et
2059 5121 2231 5178 Deum
2267 5123 2508 5179 maxime
2533 5124 2849 5195 diligerent,
2879 5133 2934 5180 et
2956 5124 3200 5180 vicissim
3233 5125 3302 5179 ab
3329 5141 3395 5181 eo
3420 5127 3548 5182 dili-

291 5241 571 5303 ge.entur,
629 5228 832 5286 summi
862 5223 1117 5282 Numinis
1166 5228 1399 5279 cultores
1456 5237 1584 5277 vere
1632 5236 1698 5276 ac
1755 5221 2069 5302 sacerdotes
2094 5220 2271 5276 effecti
2319 5228 2469 5287 sunt,
2504 5221 2635 5283 imo,
2692 5236 2905 5292 (genus
2950 5221 3182 5275 electum
3224 5235 3290 5276 ac
3347 5223 3547 5292 regale,

291 5327 496 5396 Deique
539 5325 923 5387 sacerdotium,
958 5330 1012 5375 et
1038 5334 1169 5390 gens
1208 5328 1396 5373 saneta
1417 5316 1486 5381 ",
1514 5335 1532 5368 ι
1568 5317 1762 5371 merito
1795 5326 1925 5372 sunt
1962 5315 2282 5385 nuncupati,
2332 5330 2474 5370 vera:
2507 5314 2671 5384 hujus
2703 5316 2920 5384 pietatis
2965 5314 3173 5369 semine
3207 5329 3337 5370 suos
3385 5316 3547 5371 etiam

292 5423 348 5478 in
389 5430 640 5494 posteros
678 5427 1016 5491 nepotesque
1063 5414 1362 5471 transfuso.
1404 5412 1545 5468 Num
1592 5429 1722 5485 ergo
1770 5415 1866 5468 tibi
1901 5411 2017 5483 jam
2050 5413 2104 5468 id
2142 5428 2175 5468 a
2217 5412 2376 5467 nobis
2434 5411 2649 5466 consilii
2685 5425 2811 5466 cum
2853 5410 3063 5465 ratione
3116 5418 3432 5485 susceptura
3466 5412 3549 5466 vi-

361 5539 450 5593 ⁸⁸1
488 5539 637 5596 Petr.
668 5555 731 5602 lt,
762 5537 817 5592 9.

363 5647 391 5677 ι
418 5635 505 5690 ισ.
546 5635 645 5705 μέν
676 5650 751 5686 τι.

384 5726 474 5796 62)
510 5728 731 5797 Ὀτι-τες.
768 5722 917 5797 Alter
948 5734 1343 5797 e_x_manuscr.,
1388 5719 1589 5797 ὅντως,
1623 5728 1789 5797 recte:

2062 5783 2238 5797 -.Α
2444 5779 2799 5797 ,ΙῩΙΑ.“·

384 5728 474 5796 62)
510 5728 731 5791 "Or-rec.
768 5728 917 5777 Alter
948 5737 1015 5778 ex
1039 5734 1343 5787 manuscr.,
1388 5728 1589 5783 δντως,
1623 5728 1789 5773 recte.

363 5728 477 5867 £63)
518 5793 710 5862 Γένος
753 5794 932 5864 ἱερόν.
983 5793 1129 5849 Idem
1161 5805 1440 5847 manuscr.
1462 5829 1479 5855 ,
1519 5790 1674 5859 γένος
1706 5786 1881 5841 ἐκλεκι

1979 5825 1986 5849 ,
2019 5793 2080 5841 ut
2112 5783 2168 5841 in
2200 5783 2375 5842 Graec.
2410 5790 2464 5839 et
2498 5779 2711 5849 Vulgat.
2743 5779 2879 5836 Bibl.
