4166 6416
3723 336 3831 395 516

559 332 669 391 M5
1210 338 1483 397 EUSEBII
1514 337 1994 397 CESARIENSIS
2029 336 2179 395 OPP.
2220 338 2413 396 PARS
2450 340 2518 396 ll.
2556 369 2626 383 —-
2664 340 3169 400 APOLOGETICA.

555 455 738 517 detur,
761 452 839 508 uti
867 463 921 510 et
939 453 1144 512 Graecis
1175 454 1432 514 Hebrreos
1479 456 1896 525 anteferremus,
1948 473 2179 529 quaeque
2216 459 2285 513 ab
2328 458 2436 514 illis
2491 457 2561 514 de
2588 469 2907 515 sanctorum
2937 449 3181 515 virorum
3205 459 3408 530 pietate
3438 458 3654 531 prodita
3683 466 3834 519 sunt,

553 541 855 601 Phceniciis
887 545 1265 622 Egyptiisque
1345 548 1688 616 numinibus,
1766 565 1999 621 quaeque
2058 551 2125 606 de
2164 551 2273 607 illis
2322 551 2601 621 jactautur
2656 550 3039 621 ignominiosis
3080 551 3431 624 indignisque
3488 549 3691 606 fabulis
3734 566 3837 621 po-

556 638 696 694 tiora
730 642 1100 698 duceremus?

2777 736 2957 790 ΚΕΦΑ
2965 734 3174 789 ΔΜοΝ
3219 735 3296 788 Ε’.

2242 849 2458 918 Ὅπως,
2486 852 2751 920 φιλόθεοι
2778 849 3250 920 γεγονότες-,τῶν
3271 848 3672 920 ἀιταγράπτων
3703 852 3831 906 θεο-

2487 919 2749 992 φανειῶν
2768 919 2863 978 καὶ
2900 919 3189 990 χρησμῶν
3210 919 3577 989 ἠξιώθησαν.

1157 732 1389 788 CAPUT
1424 732 1492 790 Υ.
2161 744 2207 800 Α

559 845 782 900 Eosdem
810 865 905 902 suo
942 849 995 903 in
1058 848 1226 903 Deum
1268 866 1448 903 amore
1495 858 1797 903 consecutos
1852 867 1998 917 esse,
2051 850 2132 902 uti

625 918 877 972 Numinis
941 930 1153 991 aspectu
1207 931 1257 974 et
1323 921 1554 973 oraculis
1602 922 1925 989 fruerentur,
1991 921 2131 991 quod

622 1000 904 1058 utrumque
934 992 1102 1044 sacris
1136 989 1329 1044 litteris
1355 994 1721 1060 consignatum
1750 1001 1847 1045 est.

621 1101 724 1155 Sed
757 1101 880 1156 vide
923 1110 981 1156 tu
1020 1118 1209 1172 porro,
1238 1117 1350 1173 quo
1394 1103 1610 1157 tandem
1652 1119 1747 1158 cos
1789 1103 2129 1158 charissima

550 1190 663 1246 Deo
703 1194 923 1248 virtutis
969 1196 1244 1263 aspirasse
1277 1204 1728 1251 commemorent.
1760 1193 1963 1264 Nempe
1991 1195 2130 1247 divi-

548 1300 679 1338 num
714 1285 842 1339 illud
879 1284 1113 1352 Numen,
1175 1303 1295 1342 cum
1342 1288 1642 1358 genushoc
1686 1287 1972 1341 hominum
2016 1294 2126 1341 tam

549 1386 769 1444 propter
821 1386 1073 1431 caeteram
1107 1378 1230 1433 vitae
1260 1379 1514 1448 pietatem
1558 1390 1722 1448 atque
1757 1377 2125 1447 disciplinam.

548 1481 714 1535 quam
745 1467 815 1521 ob
844 1467 1174 1537 singularem
1204 1485 1331 1539 erga
1356 1484 1414 1524 se
1442 1469 1760 1537 religionem
1788 1468 2127 1537 complecte-

547 1568 720 1621 retur,
754 1559 1085 1614 diviniorum
1120 1561 1201 1616 eis
1226 1562 1483 1625 deinceps
1527 1559 1898 1625 oraculorum,
1930 1560 2132 1629 suique

547 1650 752 1718 pariter
768 1660 821 1706 et
844 1652 1162 1722 angelorum
1190 1653 1490 1722 praesentia:
1515 1662 1877 1721 aspectusque
1909 1651 2126 1708 couiam

546 1739 726 1795 facere
752 1743 961 1809 statuit,
986 1744 1113 1797 dum
1142 1744 1335 1812 partim
1355 1754 1560 1797 natura:
1585 1742 1828 1797 mortalis
1860 1741 2126 1810 iunpiam,

544 1846 634 1887 res
660 1837 897 1902 agendas
936 1835 1268 1890 insinuando
1299 1836 1626 1897 sublevaret,
1662 1833 1862 1904 partim
1897 1833 2129 1904 dogma—

548 1933 662 1977 tum
699 1924 766 1978 iis
789 1940 852 1979 ac
897 1934 1313 1996 praeceptorum,
1362 1941 1484 1996 qua:
1531 1924 1702 1980 Deum
1754 1925 1914 1995 plane
1959 1923 2126 1979 dece-

545 2024 690 2077 rent,
723 2016 1093 2086 cognitionem
1121 2018 1375 2087 aperiret.
1417 2017 1492 2071 lta
1536 2032 1645 2071 non
1672 2016 1787 2085 jam
1827 2031 2126 2085 argumen-

2313 1096 2422 1149 Θέα
2456 1095 2499 1148 δ’
2519 1091 2611 1149 οὖν
2645 1096 2724 1149 ἔτι
2752 1097 2830 1161 είς
2850 1097 2973 1150 ὅσον
2993 1094 3277 1163 θεοφιλοῦς
3305 1095 3509 1167 ἀρετῆς
3543 1096 3829 1168 προελθεῖν

2240 1205 2372 1258 φασι
2402 1190 2526 1252 τούς
2576 1189 2956 1260 δηλουμένους.
3005 1186 3429 1258 Ἀποδεξάμενον
3457 1188 3519 1241 τὸ
3546 1188 3698 1244 Θεῖον
3725 1189 3825 1260 τῆς

2239 1300 2297 1335 τε
2322 1282 2486 1352 ἄλλης
2508 1281 2601 1334 τοῦ
2636 1283 2750 1352 βίου
2786 1282 3069 1346 εὐσεϐείας
3123 1282 3216 1335 καὶ
3262 1280 3601 1350 φιλοσοφίας,
3628 1281 3732 1352 τῆς
3760 1299 3821 1335 τε

2240 1373 2368 1444 περὶ
2399 1373 2532 1427 αὐτὸ
2552 1372 2846 1444 θεραπείας
2867 1376 2993 1437 τούς
3011 1374 3229 1445 ἄνδρας,
3271 1373 3369 1446 ήδη
3407 1373 3502 1427 καὶ
3528 1373 3822 1449 θειοτέρων

2237 1464 2500 1535 χρησμῶν
2526 1464 2854 1534 θεοφανειῶν
2882 1482 2940 1518 τε
2969 1466 3164 1530 αὐτοὺς
3191 1466 3285 1520 καὶ
3316 1466 3621 1535 ἁγγελικῶν
3650 1467 3821 1522 ὀπτα-

2240 1555 2370 1608 σιῶν
2399 1556 2574 1625 ἡξίου,
2624 1557 2693 1611 τά
2741 1558 2985 1611 ἐνδέοντα
3034 1560 3099 1629 τῇ
3165 1558 3331 1630 θνητῇ
3363 1558 3522 1628 φύσει
3565 1560 3685 1623 ταῖς
3706 1560 3815 1614 τῶν

2237 1649 2523 1720 πρακτέων
2560 1650 2861 1722 ὑποθήκαις
2906 1650 3394 1722 ἐπιδιορθούμενον,
3447 1652 3728 1724 δογμάτων
3756 1671 3815 1707 τε

2235 1742 2329 1794 καὶ
2353 1743 2689 1813 μαθημάτων
2724 1743 2905 1806 αὐτοῖς
2957 1742 3276 1814 θεοπρεπῶν
3304 1743 3404 1815 τὴν
3439 1744 3642 1813 γνῶσιν
3676 1746 3816 1800 ἀπο-

2235 1832 2524 1886 καλύπτονο
2558 1834 2632 1897 ὡς
2662 1835 2856 1905 μηκέτι
2886 1834 3280 1906 συλλογισμοῖς,
3331 1835 3467 1907 μηδὲ
3522 1837 3812 1902 είκασίαις,

2234 1925 2503 1995 ὲκλάμψει
2533 1925 2588 1979 δὲ
2617 1927 2786 1997 αὐτῆς
2816 1927 3073 1993 ἀληθείας
3108 1927 3435 1996 φωτίζεσθαι
3453 1928 3552 1991 τάς
3578 1929 3815 1993 διανοίας

2232 2016 2431 2079 αὐτῶν,
2460 2017 2599 2070 ὥστε
2631 2018 2731 2089 ἤδη
2770 2018 3225 2090 θεοφορουμένους
3254 2021 3353 2092 τὴν
3372 2019 3481 2073 τῶν
3512 2020 3814 2090 μελλόντων

546 2107 619 2161 tis
652 2115 747 2161 aut
773 2107 1106 2178 conjecturis
1140 2109 1495 2179 quibusdam,
1533 2107 1628 2163 sed
1658 2108 1948 2176 ipsiusmet
1978 2107 2114 2166 veri-

2228 2107 2466 2172 έσεσθαι,
2519 2108 2595 2172 ὡς
2640 2110 2946 2181 παρόντων,
2987 2110 3305 2182 ὲπιθεωρεῖν
3355 2111 3680 2181 κατάληψιν,
3716 2111 3811 2164 καὶ

545 2198 675 2252 tatis
704 2198 824 2254 luce
849 2201 1220 2256 collustratam
1242 2212 1476 2257 mentem
1508 2203 1800 2269 habebant,
1831 2202 2114 2271 divinoqut

2229 2201 2299 2255 τά
2332 2200 2559 2254 καθόλου
2617 2202 3005 2274 συμϐησόμενα
3052 2202 3131 2273 τῷ
3178 2202 3287 2256 τῶν
3328 2202 3630 2275 ἀνθρώπων
3663 2201 3812 2271 γένει

546 2287 714 2343 alllati
744 2288 1002 2357 Numine,
1036 2307 1159 2347 cum
1206 2309 1293 2348 res
1345 2292 1578 2361 futuras,
1610 2294 1832 2363 perinde
1885 2308 1949 2347 ac
1994 2308 2114 2362 prie

2231 2292 2527 2355 θεσπίζειν.
2590 2293 2824 2347 Τοιαῦτα
2878 2294 2976 2364 τῆς
3018 2294 3280 2365 Ἐϐραίων
3331 2295 3530 2369 ἀρετῆς
3595 2293 3665 2347 τά
3713 2311 3814 2348 πο-

546 2389 750 2447 sentes,
783 2384 1139 2440 intuebantur
1170 2386 1294 2455 ipsi,
1339 2395 1454 2442 tum
1504 2386 1770 2456 quidquid
1821 2387 2114 2441 universim

2228 2384 2529 2453 λυύμνητα,
2556 2385 2649 2437 καὶ
2681 2384 2757 2448 ὡς
2795 2386 3011 2457 άληθῶς
3065 2384 3287 2457 θεοφιλῆ
3342 2386 3584 2459 περιέχει
3630 2385 3809 2455 λόγια,

546 2482 869 2529 eventurum
899 2488 1066 2539 esset,
1114 2477 1361 2532 humano
1414 2477 1599 2547 generi
1644 2475 1809 2548 305
1858 2476 2114 2531 divinitus

2225 2475 2262 2529 ἃ
2290 2476 2397 2528 τῶν
2429 2476 2755 2546 Ἑλληνικῶν
2781 2479 2875 2531 καὶ
2904 2478 3148 2549 πατρίων
3176 2479 3361 2550 μύθων
3401 2496 3460 2533 τε
3504 2481 3598 2534 καὶ
3624 2478 3808 2551 λήρων

545 2565 929 2631 ριωόίεειιειηι.
981 2566 1106 2623 Hzec
1133 2568 1225 2623 illa
1255 2576 1403 2634 sunt,
1440 2584 1562 2639 qua:
1587 2569 1959 2624 celeberrimis
1983 2568 2114 2624 Deo-

2232 2567 2741 2637 προτετιμήκαμεν⁸
2765 2568 2814 2619 οἱ
2843 2567 2940 2637 μέν
2986 2584 3049 2635 γε
3078 2570 3206 2639 περὶ
3228 2568 3364 2622 θεῶν
3383 2569 3451 2623 τὰ
3479 2568 3810 2639 αἰσχρότατα

543 2670 651 2725 que
669 2657 828 2726 plane
855 2658 1192 2729 dignissimis
1212 2659 1452 2715 oraculis
1478 2660 1542 2714 de
1570 2660 1833 2730 singulari
1859 2658 2114 2714 Hebraeo-

2229 2660 2525 2728 περιεῖχον,
2559 2660 2609 2710 οἱ
2630 2658 2685 2711 δὲ
2721 2657 2847 2729 περὶ
2870 2658 3132 2729 θεοφιλῶν
3161 2659 3369 2732 ἀνδρῶν
3422 2660 3524 2724 τὰς
3564 2659 3810 2725 εὐσεϐεῖς

543 2763 669 2803 rum
721 2751 926 2805 virtute
982 2753 1351 2815 continentur,
1411 2765 1644 2821 quaeque
1682 2748 1886 2805 Graecis
1918 2750 2114 2806 fabulis

2221 2749 2596 2814 διδασκαλίας.

543 2843 844 2914 patriisque
875 2844 1033 2915 nugis
1080 2847 1184 2915 ipsi
1228 2846 1567 2916 praetulimus
1594 2861 1607 2897 :
1637 2859 1760 2898 cum
1803 2844 1923 2899 istis
1970 2843 2170 2915 ﬂagitia
2208 2845 2279 2898 de
2331 2844 2437 2899 diis
2469 2844 2788 2914 turpissima
2816 2844 3174 2915 iactarentur,
3220 2845 3297 2901 illi
3330 2861 3461 2902 vero
3518 2845 3806 2902 hominum

545 2933 656 2991 Deo
689 2937 1133 2993 charissimorum
1163 2938 1422 2994 historias
1450 2954 1513 2992 ac
1541 2939 1875 2998 monimenta
1916 2947 2284 3006 proponerent
2320 2950 2537 2991 summa
2574 2950 2699 2990 cum
2728 2936 2929 3005 pietate
2956 2935 3271 3005 conjuncta.

1173 3030 1403 3092 CAPUT
1459 3030 1544 3090 Vl.

542 3138 790 3217 Eosdem.
824 3153 946 3202 mite
973 3159 1154 3203 natum
1185 3150 1403 3217 Mosem,
1436 3168 1527 3204 nec
1566 3152 1690 3203 dum
1719 3148 1965 3203 Judaicis
1995 3147 2117 3201 reli-

613 3216 856 3287 gionibus
885 3221 1200 3288 informatas
1229 3224 1443 3291 pietatis
1474 3222 1631 3275 laude
1668 3221 1936 3290 ﬂoruisse.

2754 3031 3151 3085 ΚΕΦΑΛΑΙΟΝ
3196 3032 3289 3099 σο.

2234 3149 2328 3215 Ὠς
2354 3142 2535 3216 ἐκτὸς,
2558 3139 2720 3209 ἦσαν
2752 3141 3160 3216 γἸουδαϊσμοῦ,
3205 3148 3473 3214 πρόσθεν
3502 3145 3542 3216 ἢ
3584 3147 3803 3203 Maloea

2405 3214 2698 3283 γενέσθαι,
2738 3215 2830 3268 ἐπ’
2854 3218 3127 3286 εὐσεϐείᾳ
3152 3214 3617 3287 διαλάμψαντες.

612 3329 691 3385 Ac
719 3332 875 3402 longe
907 3333 1126 3402 quidem
1155 3343 1443 3405 antequam
1474 3342 1569 3388 aut
1614 3344 1773 3387 natus
1800 3332 1981 3386 Moses
2021 3346 2112 3385 es-

2290 3325 2478 3383 Ταῦτα
2509 3325 2566 3379 δὲ
2587 3326 2754 3380 πάλαι
2780 3327 3062 3398 πρότερον,
3100 3327 3230 3398 πρὶν
3285 3329 3318 3399 ἢ
3347 3329 3441 3382 καί
3472 3329 3677 3383 Μωσέα
3704 3332 3801 3385 καὶ

544 3427 649 3484 set,
685 3429 779 3474 aut
835 3423 984 3477 natio
1019 3422 1329 3478 .ludaeorum
1381 3426 1687 3487 exsisteret,
1730 3426 1843 3494 jam
1870 3439 2041 3493 usque
2082 3438 2114 3476 a

545 3510 852 3580 longissimi
903 3514 1165 3584 temporis
1198 3515 1481 3580 memoria,
1511 3513 1827 3569 Judzeorum
1864 3514 2111 3583 ipsorum

543 3604 783 3671 majores
816 3619 998 3658 rerum
1029 3606 1257 3659 istarum
1289 3605 1604 3674 cognitione
1631 3605 1952 3659 ﬂoruerunt.
1976 3602 2111 3657 Nam

542 3694 651 3748 hoc
696 3695 860 3748 etiam
903 3696 1218 3751 enucleasse
1265 3711 1330 3752 ac
1388 3698 1647 3751 statuisse
1693 3696 1917 3767 juverit,
1985 3711 2111 3749 eum

541 3784 752 3839 nullum
773 3796 1008 3841 exstaret
1028 3787 1206 3841 adhuc
1232 3785 1498 3842 Judaismi
1523 3788 1835 3858 vestigium,
1860 3785 2114 3840 Hebraeos

544 3875 763 3944 quidem
790 3877 932 3944 illos,
964 3878 1058 3948 qui
1104 3893 1135 3931 a
1182 3879 1341 3934 nobis
1373 3878 1687 3945 laudantur,
1720 3878 1833 3949 jam
1869 3887 1985 3932 tum
2016 3891 2115 3931 no-

541 3968 690 4023 mine
728 3969 892 4024 simul
935 3985 1000 4025 ac
1037 3971 1284 4026 moribus
1334 3970 1523 4038 fuisse,
1575 3962 1668 4042 qui
1703 3980 1885 4025 tamen
1938 3969 2110 4024 Judaei

542 4074 644 4115 nec
683 4069 889 4129 essent,
925 4077 1024 4118 nec
1052 4073 1398 4119 vocarentur.
1434 4064 1621 4133 itaque
1665 4065 1751 4119 vel
1806 4064 1936 4117 hinc
1963 4073 2112 4118 utro-

538 4167 774 4223 rumque
801 4154 1093 4210 discrimen
1124 4156 1417 4226 intelligas,
1449 4157 1591 4227 quod
1621 4154 1796 4211 Judaei
1823 4158 2044 4225 quidem
2080 4172 2110 4210 a

538 4242 698 4311 Juda,
757 4245 916 4315 cujus
978 4261 1045 4301 ex
1091 4247 1236 4301 tribu
1284 4262 1512 4317 regnum
1564 4245 1877 4303 Judteorum
1925 4249 2112 4304 multis

538 4344 665 4407 post
713 4338 873 4394 annis
920 4338 1273 4393 constitutum
1333 4351 1455 4403 est,
1516 4355 1714 4394 nomen
1771 4340 2109 4410 acceperint;

538 4428 748 4485 Hebraei
784 4439 963 4485 autem
1002 4432 1069 4485 ab
1098 4430 1330 4499 Hebero,
1374 4433 1532 4501 cujus
1557 4448 1727 4502 nepos
1767 4432 2111 4489 Abrahamus

535 4522 661 4577 fuit.
693 4522 771 4576 Ac
801 4520 1002 4577 ludatis
1026 4524 1362 4592 antiquiores
1404 4522 1663 4578 Hebraeos
1699 4522 1871 4578 fuisse
1907 4523 2110 4579 divinis

534 4627 755 4682 quoque
776 4612 970 4668 litteris
1000 4614 1309 4668 edocemur.
1341 4612 1476 4668 Nam
1498 4616 1643 4685 quod
1675 4616 1740 4669 ad
1770 4615 1949 4685 ipsum
1988 4615 2114 4668 reli-

2215 3421 2276 3475 τὸ
2324 3417 2596 3475 Ἰουδαίων
2618 3419 2771 3486 γένος
2802 3419 3123 3487 ὑποστῆναι,
3151 3417 3209 3482 ἐξ
3250 3419 3329 3471 ἑτι
3362 3420 3571 3489 μακροῦ
3602 3422 3800 3488 αἰῶνος

2215 3514 2370 3586 παρὰ
2410 3514 2524 3574 τοῖς
2589 3507 2855 3563 Ἰουδαίων
2888 3509 3259 3579 προπάτορσιν
3305 3509 3648 3579 ἐγνωρίζετο.
3686 3513 3800 3565 Καὶ

2214 3605 2322 3674 γὰρ
2347 3599 2439 3657 οὖν
2464 3597 2738 3654 καὶτοῦτο
2789 3596 3123 3667 διαρθρῶσαι
3177 3595 3361 3660 καλὸν,
3398 3598 3473 3660 ὡς
3504 3599 3532 3649 ὀ
3578 3598 3798 3653 Ἰουδαῖ-

2216 3695 2350 3767 σμὸς
2374 3695 2474 3747 οὐκ
2508 3689 2577 3765 ἦν
2615 3705 2702 3744 πω
2732 3687 2872 3752 τότε,
2929 3688 3041 3741 ἀλλ’
3076 3688 3314 3759 Ἑϐραῖοι
3375 3690 3473 3761 μὲν
3524 3691 3576 3744 ol
3607 3691 3797 3763 δηλού-

2217 3804 2366 3858 μενοι
2394 3785 2528 3855 ὁμοῦ
2551 3787 2615 3854 τῇ
2653 3779 2993 3854 προσηγορίᾳ
3016 3781 3109 3833 καὶ
3134 3780 3223 3833 τὸν
3251 3781 3450 3852 τρόπον
3472 3793 3499 3822 ι
3524 3783 3791 3854 ὑπῆρχον·

2225 3875 2466 3928 Ἰουδαῖοι
2485 3873 2541 3926 δὲ
2564 3869 2827 3943 οὐτ’ἧσάν
2856 3886 2964 3935 πω,
2987 3868 3495 3942 οὔτ’ὲχρημάτιζον.
3528 3871 3798 3945 Ἐϐραίων

2212 3970 2268 4023 δὲ
2302 3969 2397 4022 καὶ
2431 3964 2700 4022 Ἰουδαίων
2752 3967 2812 4022 τὸ
2864 3969 3121 4041 διάφορον
3156 3968 3340 4040 γνοίης
3400 3967 3467 4022 ἂν
3516 3961 3637 4022 ὧδε
3684 3969 3796 4041 Τὴν

2217 4062 2313 4132 μὲν
2349 4061 2786 4133 προσηγορίανοὶ
2824 4061 2921 4132 μὲν
2955 4062 3061 4115 ἀπὸ
3090 4062 3183 4115 τοῦ
3241 4059 3431 4126 Ἰούδα,
3467 4058 3528 4124 ἐξ
3576 4052 3639 4113 οὗ
3693 4061 3798 4131 τῆς

2213 4155 2386 4225 φυλῆς
2411 4155 2471 4207 τὸ
2502 4155 2767 4209 Ἰουδαίων
2791 4158 3021 4226 μακροῖς
3052 4154 3276 4227 ὕστερον
3292 4157 3502 4226 χρόνοις
3522 4152 3795 4226 βασίλειον

2214 4246 2464 4317 συνέστηο
2515 4247 2563 4299 οἱ
2614 4246 2672 4300 δὲ
2718 4245 2829 4300 άπὸ
2885 4246 2980 4299 τοῦ
3035 4246 3221 4317 Ἔϐερ,
3272 4246 3568 4318 προπάτωρ
3597 4246 3656 4299 δὲ
3695 4243 3791 4300 τοῦ

2225 4334 2475 4405 Ἀϐραάμ
2499 4331 2650 4399 οὗτος
2670 4331 2758 4408 ἦν,
2798 4335 3190 4407 ἐπεγράφοντο.
3227 4335 3518 4406 Προτερεῖν
3566 4352 3627 4388 τε
3662 4337 3793 4389 Ἰου-

2210 4424 2374 4479 δαίων
2413 4426 2696 4498 Ἐϐραίους
2756 4427 3098 4481 διδάσκουσιν
3119 4427 3170 4478 ol
3201 4425 3338 4496 ἱεροὶ
3378 4425 3547 4493 λόγοι.
3602 4426 3704 4481 Τὸν
3732 4428 3791 4481 δὲ

2210 4515 2311 4586 τῆς
2341 4517 2619 4583 εὐσεϐείας
2650 4518 2871 4591 τρόπον,
2908 4517 3182 4581 Ἰουδαίοις
3216 4517 3317 4587 μὲν
3353 4516 3570 4589 πρῶτον
3603 4519 3788 4591 ἀπάρ-

2212 4607 2404 4674 ξασθαι
2429 4610 2528 4679 τῆς
2558 4609 2878 4681 νομοθεσίας
2917 4608 3141 4672 Μωσέα,
3181 4607 3455 4661 σαϐϐάτου
3489 4608 3636 4672 τινὸς
3684 4626 3790 4662 πα-

534 4707 712 4776 gionis
754 4705 959 4760 cultum
1005 4708 1218 4773 attinet,
1255 4707 1458 4762 Mosem
1504 4709 1742 4777 primum
1789 4705 2104 4762 Judaeorum

2221 4699 2439 4769 ραδόντα
2462 4701 2693 4772 ἡμέραν,
2729 4703 2823 4756 καὶ
2847 4700 3049 4771 ταύτης
3069 4699 3328 4770 πλείστην
3373 4700 3506 4772 ὅσην
3540 4699 3789 4770 φυλακὴν

532 4796 895 4867 legislaturem
941 4799 1234 4861 exstitisse,
1266 4813 1297 4852 a
1329 4813 1440 4868 quo
1474 4801 1671 4868 partim
1707 4799 1918 4854 sabbati
1959 4799 2103 4853 diem

534 4890 843 4959 acceperint
873 4889 1132 4958 singulari
1166 4890 1401 4959 quadam
1432 4891 1798 4955 observantia,
1839 4890 1906 4943 ad
1936 4904 2101 4943 usur-

530 4980 764 5049 pandum
796 4977 915 5048 ejus
941 4979 1068 5043 diei,
1092 4993 1201 5047 quo
1223 4979 1509 5032 verborum
1528 4979 1835 5032 divinorum
1860 4977 2017 5047 quies
2039 4990 2103 5029 ac

531 5070 763 5125 cessatio
788 5069 984 5133 fuerat,
1001 5070 1342 5131 memoriam.
1370 5072 1563 5139 partim
1583 5069 1970 5131 animantium,
1985 5066 2104 5135 qui-

530 5160 635 5215 bus
674 5170 767 5215 aut
788 5170 1137 5216 vescerentur
1168 5172 1260 5216 aut
1288 5162 1645 5228 abstinerent,
1668 5161 2097 5225 distinctionem,

530 5254 727 5324 partim
779 5254 1043 5310 solemnia
1071 5254 1319 5324 quaedam
1356 5267 1648 5323 annuaque
1696 5251 1857 5317 fesra,
1890 5258 2102 5305 certos-

602 5450 629 5479 ι
662 5430 749 5489 ἵσ.
779 5433 859 5505 τῷ
883 5432 1093 5508 τρόπῳ.

572 5594 709 5678 ,(64)
745 5597 1066 5676 ’[Αλληςτε
1101 5592 1351 5664 μακρᾶς.
1400 5589 1516 5647 Non
1550 5591 1798 5673 videbam
1846 5606 1978 5672 quo.
2001 5606 2096 5714 ge-

572 5677 732 5714 mvus
758 5674 859 5714 Isle
876 5675 1181 5714 pertineret.
1214 5665 1403 5714 ltanue
1430 5668 1568 5714 verti
1594 5664 1817 5714 perinde
1844 5676 1905 5714 ac
1935 5677 1981 5714 sn
2033 5677 2093 5714 e-

529 5664 732 5721 nitivus
758 5666 859 5720 iste
876 5666 1181 5733 pertineret.
1214 5665 1403 5734 Itaque
1430 5664 1568 5734 verti
1594 5664 1817 5734 perinde
1844 5676 1905 5734 ac
1935 5664 1981 5717 si
2012 5664 2093 5734 le-

529 5744 762 5805 geretur,
794 5730 957 5797 ᾶλλας
987 5751 1044 5787 τε
1076 5733 1287 5805 μακράς
1314 5730 1621 5802 περιόδους,
1652 5740 1707 5789 et
1732 5730 2087 5805 ἐπιτελουμέ-

2210 4795 2287 4855 ei;
2318 4793 2623 4864 ὑπόμνησιν
2651 4794 2845 4864 σχολῆς
2876 4793 2983 4846 τῶν
3008 4791 3169 4863 ίερῶν
3205 4792 3398 4860 λόγων,
3438 4791 3690 4863 βρωτέων
3721 4808 3784 4844 τε

2208 4884 2303 4938 καὶ
2336 4885 2397 4938 οὐ
2425 4884 2673 4957 βρωτέων
2700 4884 2852 4949 ζώων
2872 4884 3169 4955 διαστολὴν,
3209 4884 3399 4956 ἑορτάς
3429 4900 3490 4937 τε
3512 4883 3784 4956 ἐτησίους,

2209 4975 2303 5029 καί
2326 4992 2474 5039 τινας
2505 4976 2771 5045 σωμάτων
2801 4976 3137 5045 καθαρμοὺς,
3159 4975 3325 5046 άλλης
3352 4992 3410 5028 τε
3437 4976 3654 5049 μακρᾶς
3668 4974 3781 5045 (64)

2209 5066 2455 5135 περιόδου
2486 5068 2625 5121 κατά
2660 5085 2778 5123 τινα
2816 5067 3059 5137 σύμϐολα
3099 5067 3367 5140 θειότερον
3423 5064 3783 5136 ἐπιτελουμέ-

2205 5174 2323 5227 νης.
2362 5158 2601 5232 Ἑϐραῖοι
2653 5160 2730 5225 δὲ,
2790 5160 3144 5231 πρεσϐύτεροι
3207 5162 3450 5224 Μωσέως
3502 5159 3783 5230 γενόμενοι

2203 5253 2317 5314 τοῖς
2342 5251 2575 5322 χρόνοις,
2601 5252 2781 5323 πάσης
2805 5253 2905 5324 τῆς
2934 5252 3021 5306 διὰ
3046 5252 3289 5317 Μωσέως
3327 5251 3646 5325 νομοθεσίας
3682 5250 3783 5303 ἀν-

2198 5607 2324 5660 νας,
2364 5606 2463 5663 pro
2496 5589 2953 5665 ἐπιτελουμένης,
2984 5604 3109 5664 quae
3138 5605 3262 5647 vera
3297 5589 3434 5646 mihi
3465 5587 3630 5648 lectio
3661 5590 3783 5645 visa

2197 5673 2301 5720 εει.
