4166 6408
361 359 465 412 517

1498 358 1819 414 ΡΒᾹΞΡΑΒ.
1863 359 2117 416 EVANG.
2160 360 2289 416 LIB.
2333 361 2447 417 VU.

3511 366 3617 424 518

357 476 764 548 ιπήκοοιδντες,
799 477 1079 547 ἐλεύθερον
1102 477 1196 531 καὶ
1209 479 1488 551 ἀνειμένον
1520 480 1634 552 (65)
1660 482 1925 544 εὐσεϐείας

2045 500 2152 554 que
2183 486 2432 555 corporis
2467 486 2734 543 lustrandi
2765 486 3140 558 purgandique
3163 489 3320 555 ritus,
3348 500 3402 545 et
3426 489 3616 560 ingen-

355 568 672 639 κατώρθουν
697 569 917 637 τρόπον,
955 570 1055 643 βίῳ
1088 573 1185 643 μὲν
1214 573 1292 643 τῷ
1321 572 1462 626 κατά
1493 574 1589 643 τὴν
1639 575 1798 643 φύσιν
1845 592 1938 629 κε-

356 660 717 731 κοσμημένοι,
747 660 822 724 ὡς
852 663 1018 732 μηδὲν
1050 663 1230 734 νόμων
1264 666 1469 718 δεῖσθαι
1520 666 1628 719 τῶν
1653 666 1933 737 ἀρξάντων

356 751 535 805 αὐτῶν
564 751 631 805 δι’
652 753 828 823 ἄκραν
853 753 1030 825 ψυχῆς
1072 755 1361 820 ἀπάθειαν,
1412 755 1613 825 γνῶσιν
1659 758 1715 810 δὲ
1762 758 1935 828 ἀληθῆ

354 842 463 896 τῶν
489 844 616 914 περὶ
677 843 810 897 Θεοῦ
867 845 1152 917 δογμάτων
1198 846 1548 918 ἀνειληφέναι
1599 848 1731 919 (66).
1778 849 1938 902 Ἀλλά

355 935 463 1007 γάρ
494 936 659 989 τῶνδε
713 937 903 990 τοῦτον
946 938 1250 1009 εἰρημένων
1284 939 1378 992 τὸν
1426 938 1645 1009 τρόπον,
1677 938 1794 1010 ῶρα
1842 942 1936 995 καὶ

350 1027 441 1083 διὰ
477 1028 587 1082 τῶν
626 1030 916 1100 ἐγγράφων
943 1030 1137 1083 ἐλθεῖν.

2042 586 2150 633 tem
2182 580 2516 648 reliquarum
2541 583 2996 636 caeremoniarum
3039 582 3462 651 multitudinem,
3493 602 3615 656 quae

2041 671 2406 726 divinioribus
2462 674 2788 742 quibusdam
2828 675 3091 746 symbolis
3119 690 3182 729 ac
3209 676 3398 745 ﬁguris
3440 678 3615 733 inclu-

2042 771 2136 824 δερ,
2189 768 2355 827 atque
2398 760 2450 813 in
2489 762 2676 815 orbem
2705 763 3041 818 celebrandae
3073 776 3450 823 recurrerent:
3487 784 3611 826 cum

2042 848 2276 915 Hebraei,
2311 854 2401 920 qui
2428 853 2591 923 longo
2621 864 2746 907 ante
2773 855 2977 911 Mosem
3007 866 3248 928 tempore
3270 861 3608 928 claruerunt,

2036 941 2274 995 terenda:
2303 958 2397 1010 per
2421 959 2542 998 eum
2576 947 2707 1016 legis
2751 948 2946 1018 ignari,
2978 950 3280 1018 expeditam
3314 953 3607 1019 quamdam

2034 1047 2098 1085 ac
2125 1033 2351 1087 liberam
2383 1034 2597 1102 pietatis
2629 1038 2771 1091 viam
2801 1047 3066 1105 tenerent,
3098 1043 3347 1096 moribus
3374 1044 3601 1111 quidem

352 1126 428 1182 ita
479 1131 686 1176 naturae
737 1124 961 1177 ductum
1034 1123 1387 1193 sequentibus
1433 1125 1667 1195 praediti,
1729 1125 1865 1179 nihil
1915 1133 1975 1179 ut
2011 1125 2188 1195 legum
2250 1128 2625 1183 moderatione
2695 1140 2917 1199 propter
2998 1149 3268 1189 summam
3317 1138 3486 1190 animi
3541 1137 3610 1192 ab

352 1214 501 1268 omni
549 1215 953 1283 perturbatione
985 1218 1142 1271 vacui
1190 1219 1504 1288 tequitatem
1536 1220 1912 1287 -indigerent;
1952 1235 2141 1274 eorum
2181 1237 2313 1274 vero
2357 1224 2628 1289 notitiam,
2688 1240 2808 1294 qua:
2851 1226 2917 1280 de
2976 1225 3088 1281 Deo
3138 1230 3340 1285 sentire
3392 1239 3612 1300 oporte-

351 1316 458 1369 ret,
500 1323 685 1362 veram
735 1310 1034 1364 consecuti.
1068 1308 1173 1364 Sed
1232 1311 1353 1367 istis
1386 1312 1533 1367 hunc
1564 1311 1725 1383 305
1784 1313 1841 1366 in
1894 1312 2116 1367 modum
2180 1316 2500 1383 praemissis,
2535 1332 2713 1386 operae
2761 1318 2995 1387 pretium
3051 1319 3214 1376 fuerit
3264 1322 3332 1377 ad
3365 1322 3611 1393 Scriptu-

354 1416 539 1455 rarum
580 1401 821 1470 ipsarum
851 1401 1028 1457 fontes
1057 1404 1334 1459 accedere.

873 1493 1270 1547 ΚΕΦΑΛΑΙΟΝ
1301 1495 1377 1547 Z'.

355 1603 455 1672 Ὠς
490 1606 671 1671 αὐτὸς
703 1609 736 1660 ὀ
764 1605 990 1676 Μωσῆς
1027 1606 1313 1674 Ἐϐραίων
1361 1605 1479 1660 τῶν
1510 1607 1625 1676 πρὸ
1662 1604 1771 1675 τῆς
1800 1608 1932 1675 ’ἡλι-

603 1676 809 1772 Ωιξιῦτοῦ
854 1675 928 1745 τῇ
988 1678 1183 1744 οἰκείᾳ
1240 1678 1670 1747 καταϐέϐληται
1730 1677 1930 1747 τραφῇ
1966 1717 2009 1772 Β

420 1746 564 1812 τοὺς
588 1747 789 1813 βίους.

432 1860 490 1912 '0
516 1860 695 1914 τοίνυν
729 1860 900 1932 μέγας
945 1859 1192 1929 θεολόγος
1228 1862 1452 1934 Μωσῆς,
1484 1863 1733 1935 Ἐϐραῖος
1763 1862 1839 1918 ὢν
1877 1862 1935 1930 ἐξ

359 1942 647 2021 Ἐϐραίων’,
684 1953 732 2003 εί
753 1949 846 2004 καί
873 1969 956 2015 τις
985 1951 1162 2019 ἄλλος,
1210 1949 1269 2006 εὖ
1315 1970 1374 2006 τε
1409 1954 1478 2007 τὰ
1526 1955 1731 2024 πάτρια
1752 1951 1937 2018 ὲξεπιε

349 2044 635 2114 στάμενος,
661 2043 738 2108 ὡς
802 2046 860 2097 ὲν
907 2047 1215 2117 προοιμίοις
1261 2046 1368 2100 τῶν
1416 2046 1575 2118 ἱερῶν
1602 2047 1782 2119 νόμων
1808 2049 1935 2113 τοὺς

345 2134 453 2187 τῶν
485 2136 844 2207 προπατόρων
885 2136 1152 2209 Ἐϐραίων
1203 2137 1351 2208 βίους
1383 2139 1626 2209 μνήμαις
1657 2137 1933 2205 ἀνεξαλεί-

355 2241 507 2287 πτοις
534 2224 935 2296 παραδέδωκεν,
968 2219 1043 2279 ὧν
1075 2243 1132 2278 τε
1157 2226 1376 2295 ἀγαθῶν
1407 2221 1552 2282 οὗτοι
1589 2229 1741 2300 παρά
1794 2228 1930 2282 Θεοῦ

353 2314 618 2385 ἠξιοῦντο,
651 2318 744 2370 καὶ
775 2312 841 2371 αὖ
875 2316 1036 2371 πάλιν
1061 2316 1235 2371 ἄλλων
1263 2317 1439 2372 ἀθέων
1487 2336 1550 2372 τε
1596 2319 1692 2372 καὶ
1720 2319 1931 2376 ἀσεϐῶν

352 2407 578 2476 τρόπους
611 2424 670 2461 τε
728 2409 822 2462 καὶ
873 2409 1178 2481 τιμωρίας,
1234 2410 1528 2478 ἀναγκαῖον
1585 2411 1932 2483 ἡγησάμενος

351 2501 609 2572 ὑπάρξειν
661 2501 818 2556 τοῦτο
857 2506 970 2568 τοῖς
1012 2505 1293 2574 μέλλουσιν
1336 2505 1462 2569 τοὺς
1524 2506 1688 2559 αὐτοῦ
1732 2507 1929 2577 νόμους

346 2592 693 2647 παιδεύεσθαι
732 2594 979 2666 μάθημα,
1013 2595 1093 2659 εἷς
1136 2613 1197 2648 τε
1224 2594 1514 2666 ἀποφυγὴν
1536 2596 1634 2666 τῆς
1655 2594 1762 2649 τῶν
1792 2594 1929 2666 φαύ-

343 2685 450 2738 λων
476 2687 878 2759 ὁμοιοτροπίας.
927 2689 1021 2742 καὶ
1066 2691 1145 2752 είς
1181 2689 1496 2760 προτροπὴν
1522 2688 1614 2743 τοῦ
1644 2689 1753 2743 τῶν
1774 2690 1929 2742 εὐσε-

344 2775 453 2828 ϐῶν
478 2776 612 2847 βίου.
640 2778 793 2850 Χρῆν
820 2779 876 2832 δὲ
901 2781 995 2833 καὶ
1027 2779 1201 2844 ἄλλως
1235 2779 1308 2851 μὴ
1339 2780 1573 2848 ἀγνοεῖν,
1598 2779 1679 2833 ὅτι
1700 2778 1764 2852 δὴ
1787 2778 1927 2850 φθά-

343 2884 558 2932 σαντες,
579 2870 675 2923 xui.
707 2870 814 2941 πρὸ
832 2870 939 2924 τῶν
966 2871 1256 2943 ἐγγράφων
1286 2870 1449 2925 αὐτοῦ
1478 2872 1680 2945 νόμων,
1710 2871 1928 2934 π’λείους

326 2959 442 3030 ,ήδη
477 2959 583 3013 τῶν
630 2961 991 3032 προπατόρων
1052 2962 1232 3034 ὀρθοῖς
1272 2963 1559 3042 ίλογισμοῖς
1615 2962 1927 3025 θεοσεϐείας

2630 1493 2862 1551 CAPUT
2894 1496 3010 1554 Vll.

2039 1606 2411 1691 Heﬁrworum,
2447 1609 2539 1691 qui
2591 1621 2711 1664 ante
2754 1629 2809 1691 se
2840 1614 3157 1691 ﬂoruerant,
3198 1617 3334 1671 vitas
3385 1618 3450 1670 ab
3494 1619 3608 1688 ipso

2109 1678 2255 1818 flose
2313 1678 2528 1748 proprio
2587 1697 2650 1733 ac
2721 1678 2983 1752 singulari
3052 1678 3204 1755 opere
3279 1678 3607 1758 conscriptas

2134 1764 2295 1802 uisse.

2134 1764 2295 1802 ιιιιςδε.

2105 1858 2285 1916 Moses
2328 1860 2513 1931 igitur,
2550 1862 2784 1917 eximius
2840 1863 2932 1917 ille
2981 1864 3287 1936 theologus,
3338 1875 3499 1938 atque
3538 1884 3606 1923 ex

2033 1951 2277 2009 Hebraeis
2336 1952 2596 2010 Hebraeus
2654 1957 2773 2026 ipse
2837 1968 3175 2026 procreatus,
3245 1963 3611 2031 cum‘patriae

2034 2048 2212 2119 gentis
2240 2047 2552 2112 historiam,
2605 2058 2887 2114 accurate,
2926 2050 2970 2105 si
2998 2051 3290 2121 quisquam
3319 2051 3494 2115 'alius.
3529 2063 3611 2108 te-

2034 2147 2206 2205 neret,
2251 2141 2555 2208 priscorum
2587 2138 2944 2195 Hebrzeorum
2975 2143 3134 2209 vitas,
3163 2160 3284 2212 qua:
3322 2146 3497 2200 sacris
3531 2146 3609 2201 le-

2032 2228 2192 2297 gibus
2244 2227 2528 2296 cujusdam
2566 2230 2725 2298 quasi
2768 2229 3019 2299 prommii
3076 2230 3199 2283 loco
3233 2229 3379 2285 viam
3426 2231 3611 2285 muni.

2031 2325 2176 2382 rent,
2218 2326 2566 2387 posterorum
2634 2318 2913 2372 memoriae
2965 2323 3352 2373 commendare
3414 2319 3605 2382 voluit,

2030 2408 2178 2462 nulla
2211 2423 2455 2478 unquam
2499 2408 2774 2463 oblivione
2804 2408 3086 2464 delendas.
3129 2409 3201 2464 Iis
3256 2425 3443 2480 porro,
3495 2427 3607 2468 non

2028 2511 2093 2552 ea
2141 2505 2355 2551 tantum
2418 2514 2541 2567 quae
2593 2499 2857 2553 divinitus
2918 2507 3241 2568 acceperant
3321 2501 3607 2568 beneﬁcia,

2027 2601 2219 2641 verum
2254 2594 2309 2640 et
2340 2588 2731 2642 nonnullorum
2780 2595 3064 2659 praeterea,
3097 2588 3191 2656 qui
3225 2604 3442 2645 omnem
3480 2605 3608 2644 cum

2028 2677 2319 2736 Divinitate
2359 2681 2578 2750 pietatis
2617 2696 2839 2737 sensum
2869 2680 3208 2750 abjecerant,
3240 2696 3421 2735 mores
3445 2681 3607 2737 simul

2029 2788 2094 2827 ac
2118 2787 2309 2841 poenas
2346 2773 2620 2839 intexuit;
2670 2784 2825 2827 ratus
2870 2772 2957 2836 iis,
2992 2772 3085 2842 qui
3126 2771 3337 2842 legibus
3369 2773 3485 2827 suis
3520 2774 3608 2826 in-

2029 2864 2289 2919 stituendi
2335 2872 2539 2927 essent,
2573 2879 2743 2933 genus
2775 2863 2827 2916 id
2860 2862 3190 2933 cognitionis
3232 2862 3478 2931 apprime
3508 2877 3606 2918 ne-

2028 2956 2328 3011 cessarium
2361 2954 2629 3018 futurum,
2658 2963 2718 3009 ut
2739 2969 2834 3009 eos
2867 2962 2921 3007 et
2958 2954 3027 3008 ab
3083 2954 3455 3022 improborum
3484 2954 3608 3008 imi-

340 3051 510 3122 ἀρετῇ
546 3051 1056 3123 κατεκοσμήθησαν·
1092 3053 1141 3105 οἳ
1174 3054 1268 3106 καὶ¹
1294 3054 1436 3122 φίλοι
1475 3051 1630 3118 Θεοῦ,
1664 3053 1761 3106 καὶ
1794 3070 1925 3125 προ-

2029 3047 2233 3100 tatione
2282 3046 2595 3108 deterreret,
2662 3053 2717 3099 et
2781 3043 2848 3098 ad
2904 3043 3263 3099 consectanda
3311 3043 3604 3112 proborum

341 3142 508 3213 φῆται
540 3142 1235 3213 χρηματίσαντες,αίωνίας
1261 3144 1449 3215 ἔτυχον
1465 3143 1594 3214 παρ’
1611 3142 1759 3215 αὐτῷ
1786 3145 1925 3215 μνή-

344 3248 472 3303 μης,
498 3227 574 3286 ὧν
604 3234 739 3304 μηδὲ
779 3234 1090 3305 ἀλλοτρίους
1114 3234 1174 3289 τὸ
1199 3235 1357 3305 γένος
1390 3231 1529 3289 εἷναι
1554 3235 1796 3299 τούτους,
1844 3230 1927 3299 οἷς

342 3325 469 3388 τοὺς
492 3325 691 3394 νόμους
719 3325 1042 3380 διετάττετο.
1068 3327 1159 3380 Διὸ
1205 3327 1299 3381 καὶ
1353 3326 1550 3398 μᾶλλον
1587 3327 1782 3398 χρῆναι
1829 3327 1928 3380 αὐ-

340 3418 487 3482 τοὺς,
524 3419 823 3488 ἀπογόνους
849 3420 1112 3490 θεοφιλῶν
1149 3422 1242 3474 καὶ
1282 3420 1507 3475 δικαίων
1553 3420 1761 3493 ἀνδρῶν
1796 3419 1929 3490 φύν-

337 3524 461 3572 τας,
487 3509 583 3580 τῆς
613 3509 722 3563 τῶν
756 3512 1118 3583 προπατόρων
1168 3511 1448 3576 εὐσεϐείας
1498 3509 1746 3584 ζηλωτὰς
1788 3514 1924 3567 ἀνα-

338 3599 637 3671 δειχθῆναι,
664 3601 894 3656 σπεῦσαί
922 3619 983 3656 τε
1014 3603 1123 3657 τῶν
1148 3604 1276 3657 ῐσων
1295 3607 1407 3668 τοῖς
1437 3604 1735 3675 γεννήσασι
1772 3606 1923 3677 παρὰ

339 3689 477 3743 Θεοῦ
514 3695 714 3762 τυχεῖνο
751 3692 887 3747 ἀλλά
915 3694 989 3765 μὴ
1015 3695 1419 3767 ἁποναρκῆσαι,
1451 3695 1575 3768 μηδ’
1618 3697 1924 3767 ἀποκνῆσαι

341 3780 418 3845 ὡς
442 3784 527 3836 ἐπ’
552 3783 856 3849 ἀδυνάτοις,
887 3784 987 3856 τῆς
1036 3785 1145 3840 τῶν
1189 3787 1410 3856 ἀγαθῶν
1450 3787 1662 3851 ἐλπίδος
1697 3789 1925 3852 ἑαυτοὺς

342 3869 695 3939 ἀπογνόντας·
728 3873 931 3927 δυνατά
963 3872 1071 3945 γὰρ
1096 3870 1255 3939 εἶναι,
1283 3875 1379 3929 καὶ
1415 3878 1528 3939 τοῖς
1555 3875 1778 3940 οἰκείοις
1822 3878 1925 3929 αὐ·-

340 3959 450 4014 τῶν
476 3964 848 4035 προπάτορσιν
878 3965 1108 4028 ἐντελῶς
1140 3965 1567 4038 κατωρθωμένα·
1598 3961 1675 4022 ὧν
1702 3968 1797 4023 καὶ
1824 3968 1924 4033 τὰς

342 4053 559 4117 εἰκόνας
585 4058 698 4119 τοῖς
735 4057 804 4110 τὰ
836 4055 954 4109 θεῖα
1003 4055 1414 4128 παιδευομένοις
1451 4059 1764 4131 παρεδίδου,
1798 4060 1925 4123 τοὺς

345 4144 494 4215 βίους
519 4147 837 4217 καταλέγων
892 4148 1000 4203 τῶν
1033 4149 1299 4215 παλαιῶν,
1346 4150 1441 4203 καὶ⁵
1481 4151 1580 4222 τὴν
1619 4150 1923 4216 ἰδιάζουσαν

342 4235 462 4300 ἑνὸς
488 4238 717 4293 ἑκάστου
743 4240 966 4313 ἀρετὴν,
1011 4238 1200 4314 ὥσπερ
1245 4243 1302 4295 ὲν
1336 4241 1510 4296 εἰκόσι
1539 4242 1760 4314 γραφῆς
1807 4242 1923 4296 δια-

342 4329 512 4384 τυπού
520 4347 698 4401 μενος.

2027 3140 2272 3209 exempla
2318 3137 2646 3194 stimularet.
2683 3136 2843 3192 Tanti
2872 3138 3038 3192 etiam
3083 3146 3224 3203 erat,
3254 3137 3330 3190 uti
3361 3152 3457 3192 eos
3495 3152 3604 3192 non

2026 3234 2238 3297 lateret,
2300 3230 2570 3300 majorum
2611 3230 2831 3300 quidem
2892 3245 3118 3285 suorum
3173 3229 3607 3300 quamplurimas

2026 3333 2317 3393 antequam
2341 3322 2437 3376 abs
2461 3337 2581 3376 sese
2612 3322 2758 3391 leges
2795 3322 3001 3390 scripto
3034 3323 3155 3376 lata:
3184 3330 3389 3387 essent,
3441 3329 3609 3376 rectae

2025 3415 2190 3468 unius
2224 3414 2450 3468 rationis
2484 3427 2707 3466 manum
2756 3419 2996 3473 secutos,
3036 3412 3102 3465 ad
3155 3427 3425 3466 summam
3473 3411 3605 3466 reli-

2026 3504 2204 3575 gionis
2225 3520 2288 3559 ac
2318 3505 2487 3559 divini
2513 3503 2694 3558 cultus
2720 3503 2934 3558 laudem
2959 3504 3293 3572 pervenisse,
3322 3504 3413 3573 qui
3446 3501 3602 3572 quod

2023 3607 2080 3654 et
2119 3597 2291 3653 divini
2333 3588 2584 3652 Numinis
2628 3595 2891 3662 amicitia,
2928 3607 2981 3649 et
3032 3594 3328 3665 prophetia;
3376 3608 3605 3649 munere

2023 3692 2426 3763 prmstitissent,
2464 3689 2763 3745 immortali
2791 3688 2934 3759 apud
2969 3703 3027 3744 se
3050 3689 3311 3744 memoria
3335 3688 3599 3748 viverent.

2024 3784 2236 3852 Quibus
2277 3792 2461 3839 autem
2518 3782 2664 3854 leges
2694 3781 2838 3852 ipse
2874 3780 3276 3851 praescriberet,
3325 3796 3421 3836 eos
3472 3793 3601 3834 cum

2026 3875 2435 3946 antiquioribus
2470 3873 2578 3928 illis
2631 3887 2752 3928 esse
2785 3873 2999 3945 generis
3023 3887 3089 3928 ac
3132 3872 3417 3942 sanguinis
3447 3884 3603 3925 com-

2024 3968 2286 4022 munione
2331 3965 2692 4037 conjunctos:
2747 3977 2923 4034 eoque
2969 3979 3158 4019 verum
3215 3978 3356 4029 esse,
3412 3972 3471 4016 ut
3501 3960 3597 4030 qui

2023 4058 2312 4115 hominum
2341 4056 2455 4112 Deo
2484 4058 2939 4113 charissimorum
2974 4071 3040 4111 ac
3079 4055 3301 4110 virtutis
3332 4054 3593 4108 amantis-

2026 4152 2292 4207 simorum
2331 4158 2556 4219 nepotes
2597 4156 2805 4214 essent,
2840 4148 3004 4203 iidem
3061 4147 3330 4213 majorum
3378 4158 3599 4214 quoque

2025 4256 2251 4297 suorum
2305 4240 2523 4309 pietatis
2556 4238 2783 4294 aemulos
2835 4254 2895 4294 se
2919 4247 3082 4308 atque
3109 4237 3412 4290 imitatores
3438 4232 3598 4289 exhi-

2024 4333 2242 4399 herent,
2286 4340 2451 4402 atque
2492 4333 2548 4386 in
2574 4331 2961 4387 beneﬁciorum
2996 4344 3062 4385 ac
3088 4327 3461 4399 praemiorum,
3499 4339 3597 4394 pa-

344 4422 527 4480 tribus
564 4439 594 4478 a
636 4423 750 4479 Deo
803 4437 1189 4491 concessorum
1244 4431 1454 4495 partem
1511 4439 1575 4479 ac
1618 4423 1934 4480 societatem
1970 4424 2155 4478 venire
2207 4422 2356 4477 omni
2386 4437 2489 4493 Ope
2536 4422 2829 4492 studioque
2862 4422 3280 4487 contenderent;
3320 4435 3429 4476 non
3492 4433 3595 4473 au-

415 4650 524 4723 (65)
563 4651 913 4720 Ἐλεύθερον
941 4650 1043 4706 καὶ
1067 4648 1312 4723 arsura:

341 4718 582 4779 solutum
624 4726 738 4793 vitae
766 4718 957 4793 genus,
984 4720 1124 4793 πρὸς
1151 4718 1317 4773 καλοῦ
1350 4718 1581 4791 ληπτέον
1594 4718 1745 4793 εστι,
1768 4719 1913 4786 quod

340 4793 549 4861 absque
583 4792 687 4846 ulla
719 4789 791 4859 vi,
823 4805 917 4846 aut
947 4789 1124 4862 legum
1159 4789 1481 4845 necessitate
1509 4829 1523 4852 ,
1556 4789 1810 4862 virtutem
1848 4804 1913 4843 ac

338 4858 595 4932 pietatem
638 4858 871 4926 coleret,
923 4858 1024 4932 nec
1064 4862 1297 4932 g_ravio_ri
1344 4869 1421 4914 tot
1450 4858 1911 4932 caeremoniarum

341 4929 509 4987 onere
552 4942 907 5001 premeretur.
964 4931 1036 4985 ltn
1071 4929 1195 5001 flere
1236 4929 1914 5001 Thucydides__usurpavit

340 5001 435 5056 lib.
469 5018 530 5064 ιι,
553 4998 652 5055 ubi
685 5000 919 5056 Pericles
954 5002 1011 5054 ὲν
1032 5000 1109 5071 τῷ
1142 4998 1411 5070 ἐπιταφίῳ
1430 4999 1575 5071 λόγῳ
1599 4998 1909 5071 liberiorem

340 5072 755 5127 Atheniensium
792 5072 1001 5125 vivendi
1037 5067 1345 5132 rationem,
1374 5067 1581 5123 duriori
1625 5078 1679 5121 et
1726 5067 1904 5136 legum

342 5141 578 5198 vinculis
607 5142 845 5196 astricta:
875 5141 1409 5195 Laccdremoniorum
1432 5138 1735 5207 disciplinae
1754 5145 1909 5190 ante-

341 5225 583 5279 ponens,
616 5213 710 5265 καὶ
738 5215 795 5265 ὲν
822 5214 941 5276 ταῖς
971 5211 1237 5273 παιδείαις
1256 5249 1272 5274 ,
1316 5210 1364 5263 οἱ
1396 5209 1494 5279 μὲν
1539 5206 1912 5279 (Λακεδαιμό-

338 5275 470 5353 inor)
499 5275 737 5351 ὲπιπόνῳ
763 5275 1012 5353 ἀσκήσει,
1046 5281 1206 5342 εὐθὺς
1238 5279 1345 5353 νέοι
1376 5275 1642 5353 ϐντες,ἰτὺ
1671 5275 1912 5353 ἀνδρεῖον

418 5346 730 5423 τέοχονταιῖ
764 5346 1032 5423 ἡμεῖς
1065 5349 1362 5423 ἀνειμένως
1392 5346 1733 5423 διαιτώμενοι
1764 5346 1915 5423 οῦδὲν

385 5415 630 5475 σσον’ἒπὶ
653 5415 1101 5485 τοὺς”ἰσοπάλους
1153 5415 1431 5482 κινδύνους
1458 5415 1914 5489 χωροῦμεν.ηιηιο

342 5486 440 5567 τῂν
468 5493 747 5567 ῥαθυμίαν
786 5493 948 5567 paulo
993 5499 1144 5567 post,
1196 5489 1415 5567 meliori
1456 5486 1911 5567 ac’laudab‘iliori

343 5555 751 5633 signiﬁcatione
788 5555 1252 5633 ᾖοειιίιξιίαίτοι,
1298 5557 1652 5633 εἰραθυμίᾳ¹
1682 5555 1909 5626 μᾶλλον,

344 5642 556 5753 aut:
582 5630 861 5753 3τὲἐῖξί
896 5630 1143 5753 ίξὶλέέἕταξ
1169 5626 1909 5753 ἔὲἐλοῗὲεΐξεῖῗδέέὲῒιξῗν.τῖᾱ

345 5693 556 5772 πλεῖον,
582 5693 630 5772 ιη’
646 5701 861 5772 τρόπων
892 5693 1143 5772 ἀνδρείῇ
1169 5693 1443 5772 ἐθέλοιμεν
1469 5693 1816 5750 κινδυνεύειν.
1850 5693 1909 5751 Id

344 5782 471 5829 est:
508 5767 660 5839 Quod
685 5767 742 5825 si
766 5785 832 5823 ea:
873 5767 1106 5840 faciliori
1134 5768 1311 5840 patius
1341 5767 1461 5820 vita
1501 5780 1709 5837 genere,
1745 5780 1903 5834 quam

1312 4665 1400 4702 ον.
1454 4647 1713 4702 Liberum
1743 4647 1832 4704 hic
1862 4659 1917 4703 et
1947 4652 1994 4710 D
2020 4648 2235 4701 assiduo
2270 4646 2508 4701 laborum
2542 4662 2640 4701 usu
2665 4687 2679 4709 ,
2724 4662 2818 4699 nec
2863 4644 3033 4715 legum
3079 4645 3386 4700 necessitate
3415 4646 3589 4713 potius

2019 4734 2176 4786 quam
2227 4734 2474 4789 generosa
2510 4717 2704 4789 indolis
2756 4718 2961 4789 virtute
2989 4718 3165 4789 ditari,
3192 4716 3275 4789 ad
3319 4717 3587 4789 subeunda

2016 4786 2251 4858 pericula
2296 4790 2467 4842 venire
2511 4788 2830 4850 statuimus,
2874 4786 2963 4839 ubi
3000 4786 3270 4858 ρᾳθυμίαν
3303 4787 3383 4858 sic
3413 4803 3589 4858 πονων

2063 4857 2218 4930 ελέτῃ
2240 4861 2511 4927 opposuit,
2539 4868 2596 4911 ut
2620 4859 2863 4930 eamdem
2903 4855 3079 4910 tamen
3111 4855 3231 4930 cum
3257 4856 3466 4930 τρόπω.
3492 4855 3585 4930 ἀντ

2050 4924 2605 5008 ρείαέοιιξυηεεηξιτ.
2640 4927 2956 5008 Quoctiam
2994 4928 3241 5008 pertinet
3296 4924 3445 5008 illius
3503 4928 3587 5008 vel

2017 4996 2187 5053 moris
2208 5038 2222 5062 ,
2260 5001 2343 5053 vel
2392 4998 2607 5053 consilii
2638 4997 2883 5057 fructus,
2914 5000 3006 5065 qui
3045 4998 3292 5063 sequitur
3322 5013 3334 5047 :
3369 4996 3590 5063 Περιγί-

2015 5084 2200 5141 γνεται
2253 5070 2404 5141 ἡμῖν,
2428 5071 2572 5141 fcoi;
2589 5085 2648 5141 τε
2693 5066 2976 5141 μέλλουσιν
3001 5065 3407 5141 ἀλγεινοῖς-μὴ
3450 5082 3584 5141 πρε)-

2014 5134 2242 5209 κάμνειν
2257 5134 2395 5204 ,καὶ
2424 5139 2482 5202 ἐς
2514 5137 2655 5209 αὐτὰ
2683 5134 2928 5209 ἐλθοῦσι,
2956 5136 3029 5208 μὴ
3047 5134 3456 5209 κάτολμοτέρους
3477 5134 3587 5189 τῶν

2017 5206 2104 5262 ἀεῖ
2139 5208 2477 5279 μοχθούντων
2525 5208 2828 5275 φαίνεσθαι.
2879 5206 2993 5258 Hoc
3037 5208 3157 5258 inde
3197 5206 3582 5279 consequimur,

2019 5229 2104 5262 αει
2139 5229 2206 5279 μο
2244 5229 2477 5263 οουντων
2525 5229 2828 5275 φαινεσυαι.
2879 5229 2993 5258 Hoc
3037 5229 3157 5258 mae
3197 5229 3582 5274 consequimur,

2019 5289 2077 5332 ut
2101 5296 2192 5333 nec
2209 5229 2517 5349 )éuturarum
2540 5293 2900 5331 aerummxrum
2923 5286 3044 5349 ante
3074 5286 3275 5342 tempus
3300 5277 3584 5335 asperitate

2022 5346 2353 5418 frangantur,
2388 5364 2480 5402 nec
2520 5357 2693 5401 tamen
2721 5356 2997 5416 postquam
3026 5346 3078 5418 in
3112 5362 3202 5398 eas
3236 5355 3444 5397 ventum
3481 5356 3582 5409 est,

2020 5415 2130 5472 illis
2149 5415 2290 5487 ipsis
2318 5420 2407 5488 qui
2428 5426 2687 5486 perpetua
2722 5415 2777 5488 in
2806 5415 3133 5488 contentione
3162 5422 3460 5479 versantur,
3483 5430 3585 5468 me-

2020 5482 2346 5543 ticulosiores
2377 5482 2468 5541 nos
2503 5482 2597 5540 aut
2623 5487 2879 5554 segniores
2906 5482 3263 5554 ostendamus.

2090 5559 2198 5629 (66)
2225 5556 2658 5629 :Aretxngpérat.
2680 5551 3076 5629 Repouendum
3106 5552 3347 5629 videtur_
3368 5551 3585 5629 ἀνειλη.

2055 5620 2193 5692 ότεςξ
2224 5620 2534 5695 Respondet
2570 5626 2717 5680 enim
2764 5620 2870 5695 hoc
2912 5623 3218 5695 membrum
3268 5620 3435 5689 priori
3469 5620 3578 5686 illi,

2055 5646 2192 5692 οτες.
2225 5646 2534 5695 nespunaet
2570 5646 2717 5680 enlm
2767 5646 2870 5677 nuc
2914 5646 3218 5675 Illculuruul
3268 5646 3338 5689 pr:

2015 5646 2115 5770 ἓίῳ
2145 5699 2262 5769 μὲν,
2297 5697 2375 5766 τῷ
2405 5694 2545 5749 κατά
2578 5695 2676 5763 τὴν
2709 5692 2870 5763 φύσιν
2897 5689 3338 5761 κεκοσμημέναι
