4166 6412
534 348 641 406 519
1152 349 1428 409 EUSEBII
1461 340 1947 404 CIESARIENSIS
1984 336 2132 394 OPP.
2177 332 2355 389 PARS
2393 333 2459 387 ll.
2496 364 2566 373 -—-
2604 330 3111 389 APOLUGETICA.
3687 333 3795 391 520

533 476 642 523 tem
683 467 944 523 similium
986 468 1280 531 bonorum,
1331 464 1558 535 perinde
1612 478 1678 519 ac
1734 462 1783 518 si
1829 458 2064 514 obtineri
2113 455 2183 510 ab
2220 454 2291 509 iis
2342 453 2490 507 nulla
2536 452 2750 506 ratione
2803 459 3049 521 possent,
3099 448 3485 521 desperatione
3542 450 3701 508 fracti
3733 468 3799 508 ac

533 557 809 611 debilitate
839 565 1239 627 torpescerent:
1272 556 1475 626 quippe
1501 568 1623 624 qua:
1654 567 1755 607 nec
1784 565 1951 620 supra
1990 548 2103 602 vim
2142 560 2334 600 eorum
2388 553 2443 598 et
2493 542 2805 598 facultatem
2852 556 3071 597 omnem
3109 552 3318 610 essent,
3347 553 3402 599 et
3448 545 3699 615 ipsismet
3733 546 3800 599 il-

532 650 711 704 lorum
766 652 1009 721 patrihus
1062 650 1291 706 feliciter
1357 650 1687 704 evenissent.
1727 646 1974 712 Quorum
2034 641 2302 712 imagines
2341 640 2409 694 iis
2466 648 2776 709 propterea,
2828 637 2923 707 qui
2952 638 3154 693 divinis
3199 638 3466 695 institutis
3511 640 3797 695 imbuendi

534 749 698 811 atque
732 742 981 797 initiandi
1025 750 1208 796 essent
1248 740 1587 811 objiciendas
1636 737 1884 809 putavit;
1937 748 2116 805 eoque
2152 731 2386 786 consilio
2441 730 2751 800 priscorum
2827 729 2968 783 vitas
3021 729 3451 786 conscribendas
3499 731 3713 803 selegit,
3743 740 3801 787 et

530 832 692 903 quasi
721 832 864 903 picta
900 833 955 885 in
984 831 1165 886 tabula
1194 831 1522 901 singularem
1548 845 1613 884 ac
1634 826 1908 899 propriam
1940 824 2207 895 cujusque
2226 822 2479 877 virtutem
2513 822 2630 877 suis
2670 821 2949 876 coloribus
2981 821 3349 877 adumbravit.

1041 921 1205 992 θος
1237 918 1467 975 CAPUT
1504 917 1643 975 vul.

531 1044 748 1101 Maturo
785 1049 993 1116 Juaicio
1024 1064 1258 1118 sanaque
1304 1050 1511 1102 ratione
1553 1059 1851 1117 susceptam
1885 1065 1918 1101 a
1955 1046 2103 1101 nobis

599 1134 781 1171 eorum
803 1120 1084 1172 historiam
1112 1121 1295 1189 fuisse.
1340 1119 1443 1172 Hic
1484 1131 1662 1172 autem
1697 1120 1895 1189 cursim
1918 1134 2100 1171 eorum

600 1188 1138 1261 vita‘perstriugitur,
1165 1206 1295 1261 quos
1324 1200 1446 1243 ante
1479 1190 1736 1261 diluvium
1772 1206 1833 1241 ac
1863 1188 2105 1255 deinceps

603 1258 673 1330 ad
710 1257 908 1312 Mosem
957 1257 1337 1330 usque,'Deus
1408 1260 1673 1329 praecipuo
1726 1274 1904 1312 amore
1963 1274 2108 1311 com-

599 1328 784 1397 plexus
815 1339 912 1386 est.

600 1445 788 1516 Neque
816 1460 946 1500 vero
977 1443 1075 1498 abs
1108 1457 1166 1497 re
1211 1440 1376 1496 fuerit
1406 1456 1598 1495 eorum
1641 1441 1930 1495 historiam
1978 1438 2107 1493 bre-

529 1541 819 1605 viter1hoc
856 1537 979 1591 loco
1007 1548 1350 1606 percurrere.
1396 1532 1640 1586 Primum
1686 1532 1849 1603 igitur
1879 1539 2004 1585 ante
2032 1530 2112 1584 di-

531 1635 742 1691 luvium
798 1626 1259 1700 quemadmodum
1319 1641 1386 1681 ex
1429 1623 1598 1679 Hosis
1644 1624 1888 1694 ejusdem
1924 1623 2107 1677 moni-

533 1727 732 1779 mentis
787 1718 1147 1787 intelligimus
1200 1716 1326 1787 (nec
1379 1714 1527 1769 enim
1582 1712 1821 1778 aliunde,
1886 1712 2105 1781 opinor,

533 1831 698 1885 quam
730 1829 793 1867 ex
826 1809 1065 1882 propriis
1115 1822 1307 1862 eorum
1339 1820 1560 1876 quoque
1589 1802 1836 1858 fontibus
1883 1818 1972 1859 res
2003 1802 2109 1858 He-

534 1908 805 1962 braeorum
857 1900 1171 1956 haurienda:
1227 1911 1375 1959 sunt.
1434 1912 1559 1952 cum
1632 1895 1983 1967 IEgyptiacas
2040 1896 2110 1951 ab

535 1997 829 2070 Egyptiis,
871 2002 926 2049 et
955 2009 986 2047 a
1034 1990 1391 2047 Phamicibus
1423 1987 1735 2043 thnicias
1766 1988 2107 2055 petierimus,

534 2087 859 2155 Graecasque
888 2083 1138 2138 similiter
1181 2084 1249 2134 ab
1288 2079 1355 2135 iis
1397 2078 1489 2147 qui
1523 2078 1762 2131 nominis
1792 2078 1935 2147 apud
1961 2077 2112 2133 Gne-

535 2193 633 2235 cos
659 2174 972 2233 celebritate
1022 2172 1345 2234 ﬂoruerunt,
1389 2168 1636 2237 adeoque
1666 2183 1696 2221 a
1739 2168 2107 2237 philosophis,

2130 922 2181 976 Δ

2746 912 3144 964 ΚΕΦΑΛΑΙΟΝ
3180 909 3240 965 H'
3251 951 3266 965 .

2218 1002 2313 1068 Ὠς
2326 1004 2572 1079 eorum:
2603 1002 2795 1079 κρίσει
2820 1001 2917 1056 καὶ
2937 1001 3201 1079 originem
3222 1004 3495 1079 λογισμῷ
3516 1006 3642 1079 τὴν
3661 1010 3796 1079 περὶ

2278 1072 2463 1150 τῷν-δε
2502 1073 2804 1150 ἱοςινίξρζαν·Δ
2830 1071 3317 1150 παρεδεξάμεθςιξ
3354 1071 3453 1127 καὶ
3489 1071 3792 1150 ,ἐπιδρορὴ

2277 1144 2396 1223 τῶς
2424 1143 2573 1195 κατὰ
2596 1143 2739 1228 τοὺς
2771 1141 3185 1228 δηζιοιίμένομς
3220 1144 3396 1228 βίων)
3437 1143 3561 1224 ςῶν
3587 1141 3649 1228 τε
3677 1141 3791 1228 ᾰρὸ

2279 1213 2386 1267 τοῦ
2440 1213 2873 1281 κατακλυσμοῦ
2930 1213 3227 1280 θεοφιλῶν
3271 1214 3509 1282 ἀνδρῶν
3536 1218 3635 1270 καὶ
3673 1213 3796 1273 τῶν

2275 1283 2426 1369 μετά
2474 1283 2661 1336 ταῦτα
2705 1283 2884 1352 μέχρι
2920 1282 3032 1351 τῆς
3070 1283 3331 1350 Μωσέως
3375 1284 3586 1355 γενεᾶς
3631 1287 3796 1357 amp.

2277 1370 2606 1406 χεσάντων.

2278 1444 2388 1497 Καὶ
2414 1442 2616 1496 τούτων
2636 1442 2692 1495 δὲ
2720 1442 2872 1496 οὐδὲν
2893 1442 3144 1513 ἐμποδὼν
3180 1445 3253 1516 μὴ
3285 1445 3405 1517 οὐχὶ
3424 1447 3513 1501 διά
3547 1446 3793 1520 βραχέων

2208 1537 2530 1608 ἐπιδραμεῖν
2582 1536 2680 1606 τὴν
2728 1535 2988 1606 ἱστορίαν.
3046 1536 3161 1608 Πρὸ
3205 1537 3303 1607 μὲν
3338 1536 3431 1593 οῦν
3470 1540 3566 1593 τοῦ
3615 1558 3790 1596 κατα-

2208 1625 2475 1697 κλυσμοῦ,
2506 1625 2697 1697 ὥσπερ
2726 1628 2759 1695 ἡ
2796 1624 2962 1706 αὐτοῦ
2996 1626 3239 1690 Μωσέως
3291 1628 3531 1701 περιέχει
3580 1634 3787 1703 γραφή·

2207 1721 2289 1773 δεῖ
2324 1719 2380 1772 δέ
2411 1736 2535 1783 που,
2571 1718 2646 1782 ὡς
2693 1714 2867 1787 οἶμαι,
2904 1717 2977 1787 μὴ
3006 1716 3226 1772 ἄλλοθεν
3250 1719 3282 1791 ἢ
3307 1721 3469 1775 πάλιν
3493 1723 3702 1777 οἴκοθεν
3724 1725 3793 1778 τά

2220 1811 2486 1883 Ἐϐραίων
2520 1812 2728 1881 πάτρια
2752 1810 3138 1880 διασκοπῆσαι,
3166 1812 3287 1863 ἐπεὶ
3311 1814 3404 1866 καὶ
3429 1813 3500 1866 τά
3518 1815 3790 1883 Αἰγύπτια

2211 1903 2341 1976 παρ’
2371 1903 2705 1971 Αἰγυπτίων,
2731 1904 2826 1955 καὶ
2858 1902 2925 1954 τά
2951 1902 3212 1955 Φοινίκων
3254 1903 3407 1975 παρὰ
3437 1904 3546 1959 τῶν
3578 1907 3793 1959 οἰκείων

2210 1995 2605 2067 ὲμανθάνομεν,
2626 1995 2701 2058 ὠς
2729 1990 2795 2048 αὖ
2826 1994 2987 2049 πάλιν
3014 1993 3083 2047 τά
3128 1994 3392 2066 Ἑλλήνων
3414 1997 3566 2068 παρά
3603 1996 3709 2051 τῶν
3732 1998 3791 2051 ὲν

2207 2085 2415 2150 τούτοις
2440 2085 2733 2156 διαφανῶν,
2764 2086 2833 2139 τά
2875 2102 2937 2138 τε
2995 2085 3299 2155 φιλοσόφων
3328 2086 3477 2158 παρά
3506 2087 3613 2140 τῶν
3644 2088 3795 2157 φιλο-

2212 2180 2413 2249 σόφων,
2449 2179 2563 2232 ἀλλ’
2606 2180 2668 2232 οὐ
2714 2178 2866 2249 παρά
2889 2177 2998 2231 τῶν
3042 2180 3287 2250 ἀπείρων
3315 2178 3651 2250 φιλοσοφίας.
3685 2181 3792 2235 Πό-

535 2282 646 2323 non
688 2275 869 2320 autem
900 2264 969 2319 ab
1015 2263 1083 2317 iis
1118 2261 1211 2331 qui
1258 2261 1311 2315 in
1364 2259 1713 2331 philosOphia
1743 2259 1991 2328 hospites
2042 2275 2105 2315 ac

2212 2271 2301 2325 θεν
2327 2271 2384 2324 δὲ
2404 2271 2624 2325 ἄλλοθεν
2659 2272 2924 2341 προσήκοι
2952 2269 3017 2323 ἂν
3048 2271 3142 2323 καὶ
3174 2270 3242 2323 τά
3266 2270 3514 2341 ἰατρικῆς
3551 2271 3586 2342 ἢ
3641 2271 3794 2343 παρά

537 2356 814 2429 peregrini
855 2361 1061 2418 essent,
1097 2368 1220 2422 quae
1267 2351 1333 2405 ad
1369 2349 1733 2420 philosophia}
1761 2350 2004 2403 rationes
2042 2363 2109 2403 ac

536 2450 752 2505 decreta
778 2446 1139 2517 pertinebant.
1179 2442 1329 2509 Quos
1360 2452 1416 2497 tu
1442 2457 1573 2496 vero
1600 2442 1810 2511 justius
1836 2442 1901 2495 de
1932 2440 2107 2494 medi-

536 2542 673 2596 cinae
702 2537 1006 2609 praeceptis,
1036 2550 1199 2605 quam
1232 2533 1367 2588 artis
1401 2532 1550 2587 illius
1578 2532 1785 2601 peritos
1815 2530 2110 2585 consulas?

536 2632 739 2688 Eodem
769 2632 927 2701 plane
946 2631 1070 2700 jure
1096 2639 1300 2693 statuo,
1337 2642 1425 2682 res
1463 2626 1817 2681 Hebraeorum
1838 2641 1949 2678 non
1983 2624 2108 2680 aliis

536 2741 701 2796 quam
731 2723 1080 2779 Hebrarorum
1110 2738 1174 2777 ex
1204 2721 1397 2776 litteris
1418 2735 1542 2776 esse
1567 2718 1944 2790 repetendas):
1971 2718 2112 2772 mul-

538 2823 610 2873 tis
654 2833 805 2888 ergo,
865 2815 1329 2887 quemadmodum
1378 2813 1597 2868 illorum
1653 2813 1811 2867 docet
1856 2812 2106 2875 historia,

535 2912 698 2980 longo
750 2919 875 2964 ante
918 2907 1186 2962 diluvium
1225 2916 1491 2976 tempore,
1520 2903 1634 2974 jam
1672 2918 1846 2973 usque
1876 2918 1907 2957 a
1932 2903 2108 2973 prima

539 3004 819 3057 hominum
847 3000 1079 3068 origine,
1123 3014 1329 3069 perque
1361 2997 1580 3068 longam
1615 2995 1875 3065 deinceps
1908 3010 2108 3049 conse-

534 3094 815 3164 quentium
877 3101 1097 3145 aetatum
1146 3089 1368 3155 seriem,
1428 3102 1556 3144 cum
1623 3087 1902 3157 praecipuo
1962 3085 2108 3141 Deus

535 3199 722 3238 amore
742 3182 1061 3251 complexus
1085 3188 1188 3245 est,
1228 3188 1343 3233 tum
1373 3178 1495 3233 laus
1525 3177 1858 3244 integritatis
1888 3192 2106 3231 summa

534 3274 953 3330 commendavit.
973 3278 1146 3342 Atque
1159 3272 1308 3326 illum
1328 3270 1381 3324 in
1398 3270 1589 3340 primis
1601 3269 1692 3338 qui
1718 3288 1738 3320 ι
1764 3270 2000 3338 speravit
2022 3270 2108 3323 in-

534 3381 731 3422 vocare
747 3381 944 3421 nomen
964 3363 1177 3418 Domini
1200 3363 1290 3418 Dei
1314 3360 1449 3435 (67).
1464 3382 1482 3413 ι
1507 3362 1626 3428 Quo
1647 3362 2111 3432 loquendigenere

539 3459 824 3528 Scriptura
850 3457 1114 3520 declarat,
1174 3456 1343 3509 alium
1398 3456 1467 3509 ab
1503 3470 1568 3509 eo
1593 3454 1865 3508 nemiuem
1913 3464 2110 3521 praeter

529 3539 821 3607 ipsummet
858 3553 1043 3592 rerum
1094 3536 1401 3590 molitorem
1458 3535 1704 3590 omnium
1757 3544 1813 3590 et
1857 3537 2101 3593 universi

529 3626 818 3681 Dominum
871 3626 1037 3681 simul
1097 3635 1260 3695 atque
1297 3623 1490 3691 Deum,
1526 3623 1629 3680 sibi
1679 3624 1957 3695 rebusque
1985 3628 2103 3683 suis

527 3720 838 3785 tutelarum,
870 3717 1027 3788 quasi
1054 3723 1342 3787 patronum
1373 3730 1495 3771 esse
1536 3716 1800 3771 delectum
1829 3735 1841 3769 :
1876 3718 2100 3788 quippe,

529 3811 621 3881 qui
652 3811 878 3865 omnino
904 3824 1225 3878 persuasum
1256 3808 1308 3861 id
1348 3808 1595 3871 haberet,
1638 3824 1745 3862 non
1784 3810 2101 3864 universum

529 3903 693 3958 modo
722 3902 775 3955 vi
810 3899 1100 3957 eﬁ'ectricis
1136 3899 1282 3955 illius
1311 3899 1595 3970 potestatis
1615 3899 1751 3953 bene
1790 3914 1855 3953 ac
1885 3899 2103 3968 sapien-

531 4003 616 4050 ter
652 4009 775 4049 esse
823 3992 1206 4057 constitutum,
1257 3992 1348 4047 sed
1379 3991 1541 4045 etiam
1576 3990 1799 4061 perinde
1831 3999 1888 4044 ut
1913 3992 2103 4061 ingen-

529 4096 637 4142 tem
651 4086 885 4155 aliquam
900 4084 1292 4155 rempublicam
1312 4084 1557 4154 ejusdem
1572 4083 1803 4153 imperio
1820 4098 1883 4137 ac
1895 4081 2103 4137 ditione

529 4177 817 4244 contineri,
857 4192 921 4231 ac
969 4185 1151 4247 partes
1204 4175 1348 4231 illius
1396 4189 1585 4230 omnes
1628 4175 1801 4243 ipsius
1841 4184 2102 4242 tanquam

530 4272 731 4328 summi
779 4268 1219 4337 Patrisfamilias,
1252 4270 1362 4325 imo
1387 4277 1645 4339 tanquam
1682 4268 1798 4322 veri
1834 4266 2098 4338 legitimi-

530 4377 639 4433 que
686 4361 925 4428 Domini,
957 4358 1141 4431 Regis,
1175 4376 1254 4429 ,ac
1297 4357 1391 4414 Dei
1438 4361 1721 4414 voluntate
1763 4357 2104 4426 arbitrioque

528 4452 841 4523 gubernari.
893 4451 1041 4518 Quas
1076 4452 1164 4506 ille
1191 4452 1257 4507 de
1276 4448 1389 4505 Deo
1420 4451 1674 4522 princeps
1702 4449 1861 4518 eique
1890 4448 2104 4503 charis-

528 4544 704 4599 simus
759 4542 976 4596 Domini
1037 4541 1243 4611 Deique
1296 4541 1543 4595 notiones
1592 4547 1643 4593 et
1711 4536 2104 4607 appellationes

530 4636 714 4689 animo
743 4650 867 4689 cum
895 4632 1267 4701 informasset,
1304 4631 1446 4686 idem
1479 4630 1646 4687 simul
1671 4628 1951 4685 facultatis
1978 4641 2103 4683 om-

527 4727 635 4790 nis,
656 4742 719 4781 ac
739 4726 974 4780 nominis
987 4740 1258 4795 opumque
1276 4725 1521 4778 omnium
1538 4724 1681 4788 loco,
1695 4722 1779 4775 vel
1797 4722 1975 4790 potius
1992 4734 2105 4790 prae

527 4816 690 4888 307
718 4815 958 4885 cujusvis
1003 4814 1131 4870 boni
1160 4816 1336 4885 copia,
1385 4831 1403 4865 ι
1435 4814 1674 4884 speravit
1705 4812 1960 4865 invocare
2004 4824 2105 4864 no-

2207 2363 2314 2418 τῶν
2346 2363 2725 2434 ἐπιστημόνων
2773 2360 3184 2427 πανθάνεσθαις
3230 2362 3388 2416 Οὕτω
3434 2361 3498 2434 δὴ
3548 2363 3692 2416 κατά
3730 2363 3794 2417 τὸ

2208 2456 2495 2511 ἀκόλουθον
2521 2455 2760 2526 ἡγοῦμαι
2787 2455 2895 2508 δεῖν
2918 2454 3013 2508 καὶ
3039 2455 3107 2508 τά
3147 2454 3411 2525 Ἐϐραίων
3442 2457 3508 2509 ὲκ
3530 2455 3638 2508 τῶν
3661 2457 3792 2526 παρ’

2222 2548 2492 2621 Ἑϐραίοις
2519 2548 2734 2618 λογίων,
2761 2546 2897 2600 ἀλλά
2929 2544 3004 2617 μὴ
3046 2545 3267 2601 ἄλλοθέν
3326 2545 3488 2601 ποθεν
3539 2546 3795 2616 ἀποδέχε-

2212 2645 2357 2698 σθαι.
2409 2645 2619 2713 Ὠσπερ
2677 2638 2770 2695 οῦν
2802 2644 2830 2694 ὁ
2865 2641 3019 2712 παρὰ
3081 2640 3292 2704 τούτοις
3341 2641 3561 2711 κατέχει
3611 2639 3791 2709 λόγος,

2209 2737 2413 2792 ἄνωθεν
2448 2737 2556 2808 πρὸ
2585 2736 2679 2788 τοῦ
2710 2733 3119 2804 κατακλυσμοῦ,
3144 2734 3208 2787 ὲκ
3245 2732 3468 2806 πρώτης
3491 2732 3794 2806 ἀνθρώπων

2208 2828 2495 2897 γενέσεως,
2526 2828 2620 2881 καὶ
2652 2829 2730 2889 είς
2756 2826 2855 2890 τάς
2886 2825 3013 2896 ἑξῆς
3052 2824 3322 2896 διαδοχὰς,
3345 2824 3612 2895 θεοφιλεῖς
3648 2840 3794 2887 τινες

2209 2918 2400 2989 ἄνδρες
2427 2918 2703 2987 γεγόνασι,
2736 2916 2830 2970 καὶ
2857 2916 3055 2970 δίκαιοι
3090 2916 3331 2981 πλείους,
3380 2910 3455 2971 ὦν
3484 2918 3512 2969 ό
3535 2917 3632 2987 μὲν
3664 2936 3683 2967 ι
3707 2916 3796 2986 ἧλ-

2211 3027 2367 3063 πισεν
2426 3008 2803 3064 ἐπικαλεῖσθαι
2854 3008 2916 3061 τὸ
2960 3007 3130 3078 ὄνομα
3197 3008 3403 3080 Κυρίου
3452 3005 3548 3060 τοῦ
3598 3006 3787 3060 Θεοῦ.»

2209 3100 2381 3154 Τοῦτο
2402 3099 2457 3154 δὲ
2482 3100 2633 3172 δηλοῖ
2646 3099 2708 3152 τὸ
2740 3098 2943 3170 μηδένα
2972 3097 3110 3168 πλὴν
3143 3097 3249 3150 τῶν
3296 3098 3552 3151 ἀπάντων
3579 3096 3671 3149 τὸν
3692 3095 3794 3166 δη-

2213 3193 2474 3264 μιουργὸν
2505 3191 2772 3262 δεσπότην
2804 3190 2940 3261 ὁμοῦ
2972 3190 3067 3242 καὶ¹
3100 3189 3230 3242 Θεὸν
3258 3188 3366 3242 τῶν
3404 3188 3539 3242 ὅλων
3565 3187 3795 3259 ἐπιγρά-

2208 3284 2435 3354 ψασθαι.
2463 3284 2765 3337 Πεπεῑσθαι
2790 3283 2898 3353 γὰρ
2924 3281 3086 3334 αὐτὸν
3134 3281 3194 3334 οὐ
3229 3282 3388 3351 μόνον
3424 3283 3678 3351 ποιητικῇ
3701 3280 3795 3332 δυ-

2210 3379 2370 3450 νάμει
2400 3372 2459 3431 εὗ
2490 3379 2583 3430 καὶ
2614 3379 2670 3429 ὲν
2700 3376 2892 3445 κόσμῳ
2931 3374 2992 3427 τὸ
3043 3374 3152 3426 πᾶν
3215 3371 3625 3435 διατεθεικέναι,
3660 3370 3798 3425 ἀλλά

2211 3470 2306 3524 καὶ
2333 3468 2594 3523 δεσπότου
2623 3467 2801 3538 δίκην,
2823 3466 2899 3529 ὡς
2928 3466 2993 3519 ἂν
3020 3463 3261 3534 μεγάλης
3285 3462 3511 3525 πόλεως,
3541 3461 3635 3513 τοῦ
3665 3462 3797 3532 σύμ-

2215 3577 2415 3623 παντος
2447 3556 2741 3630 κυριεύειν,
2795 3556 3098 3624 οἰκονομεῖν
3150 3570 3209 3606 τε
3268 3553 3362 3606 καὶ
3398 3551 3794 3604 οἰκοδεσποτεῖν

2211 3650 2347 3723 ὁμοῦ
2373 3650 2466 3703 καὶ
2492 3648 2695 3719 Κύριον
2720 3647 2849 3700 ὄντα
2869 3646 2963 3699 καὶ
2987 3644 3230 3716 βασιλέα,
3257 3645 3351 3697 καὶ
3391 3642 3543 3697 Θεόν*
3578 3635 3639 3695 οὗ
3694 3643 3793 3714 τὴν

2210 3743 2285 3805 ὠς
2309 3741 2515 3812 Κυρίου
2574 3740 2667 3793 xa‘t
2720 3737 2856 3791 Θεοῦ
2905 3736 3113 3789 ἔννοιάν
3162 3753 3223 3789 τε
3275 3735 3369 3790 κα)⁸
3419 3734 3794 3807 προσηγορίαν

2211 3832 2426 3905 πρῶτος
2463 3835 2490 3886 ό
2522 3831 2847 3903 δηλούμενος
2906 3828 3158 3901 θεοφιλὴς
3216 3831 3273 3882 ἐν
3319 3826 3397 3899 νῷ
3445 3827 3792 3899 βαλλόμενος,

2210 3922 2332 3976 ἀντὶ
2355 3922 2537 3994 πάσης
2567 3908 2876 3993 ὑπάρξεως,
2899 3921 2992 3975 καί
3021 3919 3413 3991 προσηγορίας,
3446 3920 3540 3971 καὶ
3571 3936 3794 3989 περιου-

2212 4014 2353 4078 σίας,
2387 4014 2584 4085 μᾶλλον
2626 4013 2684 4067 δὲ
2727 4013 2846 4066 ἀντὶ
2892 4011 3088 4075 παντὸς
3110 4009 3315 4079 ἀγαθοῦ
3358 4009 3632 4080 «ἤλπισεν
3678 4010 3796 4060 ὲπι-

2209 4101 2490 4157 καλεῖσθαι
2521 4102 2580 4156 τὸ
2603 4101 2777 4171 ὄνομα
2808 4100 3015 4171 Κυρίου
3041 4097 3136 4151 τοῦ
3166 4097 3324 4162 Θεοῦ,
3350 4116 3368 4148 ι
3401 4096 3590 4150 τοῦτον
3617 4094 3797 4166 ἑαυτῷ

2212 4191 2483 4263 θησαυρὸν
2506 4189 2725 4260 ἀγαθῶν
2754 4188 2933 4259 ψυχῆς
2963 4205 3023 4241 τε
3056 4186 3192 4259 ὁμοῦ
3222 4187 3317 4240 καὶ
3350 4186 3600 4256 σώματος
3626 4201 3797 4239 πεπο-

2214 4283 2487 4355 ρισμένος.
2526 4282 2677 4353 Παρδ
2729 4282 2822 4335 καὶ
2859 4279 3075 4352 πρῶτος
3116 4277 3320 4351 ἀληθὴς
3346 4278 3629 4348 ἄνθρωπος
3654 4294 3794 4348 χρη-

2214 4375 2436 4447 ματίσαι
2460 4376 2591 4446 παρ’
2642 4373 2913 4445 Ἑϐραίοις
2963 4370 3399 4442 ἀναγέγραπται.
3443 4367 3718 4437 Κέκληται
3748 4366 3794 4420 δ’

2209 4461 2302 4521 οὖν
2341 4465 2526 4533 Ἐνὼς,
2553 4467 2688 4538 ὅπερ
2720 4465 2867 4519 ἐστὶν
2926 4462 3128 4534 ἀληθὴς
3167 4461 3472 4532 ἄνθρωπος,
3522 4458 3796 4528 εὐθυϐόλῳ

2211 4557 2585 4630 προσωνυμίᾳ.
2610 4556 2744 4610 Οὐδὲ
2774 4556 2883 4627 γὰρ
2904 4555 3061 4610 ἄλλον
3090 4552 3251 4623 φασιν
3295 4551 3467 4621 ἀληθῆ
3498 4550 3795 4622 προσήκειν

2211 4648 2463 4722 ἡγεῖσθαι
2502 4648 2600 4703 καὶ
2651 4646 2938 4719 ὀνομάζειν
2972 4644 3257 4717 ἄνθρωπον
3290 4642 3324 4713 ἢ
3352 4643 3445 4696 τὸν
3491 4640 3625 4695 Θεοῦ
3654 4637 3797 4708 γνὼ-

2213 4758 2353 4805 σεως
2379 4741 2473 4795 καὶ
2496 4739 2777 4803 εὐσεϐείας
2803 4739 3086 4812 ἐπήϐολον,
3109 4738 3201 4790 τὸν
3239 4735 3454 4806 ἀληθῶς
3494 4731 3795 4804 γνωστικδν

2211 4832 2347 4905 ὁμοῦ
2371 4834 2465 4887 καὶ
2490 4832 2710 4903 εὐσεϐῆ.
2739 4834 2861 4885 Ὅτι
2901 4830 2967 4901 δὴ
3017 4830 3144 4891 τοὺς
3174 4828 3248 4898 μὴ
3279 4827 3576 4890 τοιούτους,
3620 4824 3792 4897 θρεμ-

530 4924 655 4963 men
682 4907 896 4962 Domini
922 4906 1039 4974 Dei,
1070 4924 1090 4959 ι
1127 4922 1253 4962 cum
1280 4922 1404 4961 eum
1437 4906 1541 4962 sibi
1566 4914 1890 4960 cunctorum
1931 4901 2103 4956 animi

2219 4901 2404 4995 μάτων
2436 4923 2555 4977 κατ’
2592 4901 2744 4976 οὐδὲν
2765 4921 2974 4990 ἀλόγων
3019 4919 3397 4989 διαφέροντας,
3423 4912 3513 4972 οἷα
3547 4917 3640 4971 ἐπὶ
3688 4932 3793 4985 γα-

526 4999 694 5057 simul
737 5008 794 5054 et
832 4999 1080 5070 corporis
1111 4999 1379 5054 bonorum
1427 4999 1745 5053 thesaurum
1779 5007 2103 5063 comparas-

531 5100 634 5145 set.
672 5089 844 5157 Quam
874 5092 944 5145 ob
970 5106 1194 5145 causam
1226 5090 1461 5161 primum
1500 5104 1627 5145 eum
1661 5100 1881 5157 quoque
1912 5101 2104 5141 verum

532 5183 808 5239 hominem
842 5184 1081 5240 audiisse
1111 5181 1322 5239 Hebraai
1363 5182 1740 5254 prodiderunt.
1776 5178 1924 5235 Enos
1972 5194 2107 5234 sane

533 5276 777 5346 quidem,
813 5277 920 5331 hoc
951 5288 1036 5333 est
1083 5293 1233 5331 verus
1261 5277 1436 5341 homo,
1477 5275 1781 5345 appellatus
1818 5271 1942 5339 fuit,
1969 5287 2106 5327 eon—

533 5383 757 5440 gruente
778 5372 1071 5428 admodum
1094 5380 1328 5441 aptaque
1349 5370 1588 5424 nominis
1617 5368 1853 5422 ratione.
1887 5364 1946 5419 ιιι
1976 5377 2103 5418 eum

529 5463 675 5518 enim
710 5463 885 5518 solum
919 5463 1033 5519 veri
1080 5462 1324 5518 hominis
1355 5460 1773 5532 appellationem
1808 5456 2104 5513 convenire

530 5557 858 5619 statuebant,
913 5555 1006 5624 qui
1055 5553 1151 5609 Dei
1192 5553 1446 5609 notitiam
1496 5562 1831 5621 sensumque
1880 5545 2102 5619 pietatis

602 5738 717 5812 (67)
742 5722 909 5795 Enos.
936 5735 1021 5795 Cf.
1045 5736 1181 5795 Gen.
1212 5752 1287 5807 tv,
1319 5735 1418 5791 ult.

2221 5014 2389 5085 στέρα
2413 5015 2505 5067 καὶ
2526 5013 2718 5085 ἡδονὴν
2770 5015 2996 5085 πρηνεῖς
3036 5012 3564 5083 καταϐεϐλημένους,
3620 5009 3797 5082 θῆρας

2222 5104 2420 5175 μᾶλλον
2474 5103 2505 5175 ἢ
2552 5101 2872 5174 ἀνθρώπους
2940 5106 2973 5175 ὴ
3016 5100 3280 5173 Ἐϐραίων
3333 5100 3624 5155 ἀποκαλεῖν
3644 5099 3796 5152 διδά-

2220 5211 2339 5248 σκει
2384 5194 2588 5266 γραφὴ,
2647 5196 3017 5268 κυριολεκτεῖν
3073 5194 3355 5265 εἰθισμένη
3394 5193 3492 5258 τὰς
3524 5209 3798 5264 προσηγο-

2220 5285 2361 5357 ρίας.
2402 5288 2552 5359 Παρὸ
2574 5289 2701 5351 τοὺς
2728 5287 2966 5341 τοιούσδε
2986 5287 3107 5348 τοτὲ
3132 5285 3231 5358 μὲν
3259 5284 3452 5348 λύκους
3484 5285 3579 5338 καὶ
3604 5283 3793 5350 κύνας,

2216 5378 2338 5432 τοτὲ
2373 5378 2429 5432 δὲ
2462 5379 2594 5443 σύας
2632 5378 2849 5451 φορυτῷ
2878 5379 3193 5451 χρωμένους
3237 5377 3332 5431 καὶ
3358 5377 3665 5448 χαίροντας,
3699 5374 3798 5428 καὶ

2219 5471 2380 5525 πάλιν
2400 5471 2625 5543 ἑρπετὰ,
2648 5473 2743 5525 καὶ
2773 5470 2956 5541 ϐφεις,
2999 5471 3113 5533 τοῖς
3168 5469 3269 5540 τῆς
3303 5468 3502 5531 κακίας
3534 5464 3798 5536 πολυτρό-

2218 5580 2340 5627 ποις
2362 5564 2617 5637 ἐμφερῶς
2647 5563 2834 5630 εῐδεσι,
2860 5561 3286 5637 προσαγορεύειν
3306 5558 3518 5615 εἴωθεν.
3541 5560 3605 5613 Εἰ
3623 5558 3681 5612 δὲ
3701 5557 3800 5613 καὶ
