4166 6414
357 192 461 255 Eii

1516 186 1819 248 PREPAR.
1865 186 2116 249 EVANG.
2134 186 2267 248 LIB.
2305 185 2418 249 Ἧι.

3516 202 3619 257 522

357 331 490 371 ποτε
522 315 614 369 τὸν
643 310 820 369 κοινὸν
867 316 959 369 καὶ
987 315 1152 369 πολὺν
1181 314 1486 386 ἄνθρωπον,
1540 315 1635 369 καὶ
1679 315 1740 369 τὸ
1786 315 1915 384 γένο

2041 324 2374 372 consecutus
2412 323 2578 384 esset,
2625 316 2867 387 adeoque
2914 331 3039 371 vera
3086 325 3208 372 tum
3254 321 3621 391 cognoscendi

354 409 489 464 αὐτὸ
511 406 688 479 χρεὼν
714 407 1068 478 διασημῆναι,
1111 406 1272 459 πάλιν
1299 407 1475 476 οἰκείᾳ
1520 407 1614 461 καὶ
1665 410 1938 479 προσφυεί

352 499 609 571 χρωμένη
636 497 997 570 προσηγορίᾳ,
1051 496 1141 549 τὸν
1176 496 1351 551 πάντα
1397 496 1683 569 ἄνθρωπον
1719 499 1783 568 τῇ
1838 496 1933 551 τοῦ

364 591 538 661 Ἀδὰμ
567 589 854 661 ἐπωνυμίᾳ
886 589 1191 660 σημαίνειν·
1238 590 1319 642 ὃτι
1357 588 1421 659 δὴ
1470 587 1629 640 τοῦτο
1682 587 1760 659 τῷ
1803 604 1938 659 προ-

350 685 493 753 γόνῳ
542 682 634 736 καὶ
661 683 880 736 πάντων
931 680 1231 752 ἀνθρώπων
1260 681 1584 754 προπάτορι,
1626 681 1815 754 κύριον
1862 679 1936 736 εἷ·-

352 792 437 829 ναι
466 776 560 828 καὶ
585 775 862 845 προσφυὲς
895 773 1087 844 ὄνομα,
1138 774 1230 826 τὸν
1273 774 1479 845 γηγενῆ
1536 773 1748 846 δηλοῦν,
1792 773 1934 828 κατὰ

349 868 447 940 τὴν
480 870 560 931 είς
599 866 825 919 Ἐλλάδα
865 867 1049 938 φωνὴν
1090 865 1411 937 μετάληψιν,
1436 867 1741 936 ὑποφαίνει.
1775 867 1842 920 ’⁷0
1868 872 1937 936 γέ

348 976 431 1013 τοι
475 958 639 1022 Ἐνὼς
668 958 883 1030 πρῶτος
909 958 1168 1027 θεοφιλῶν
1229 959 1358 1029 παρ’
1404 957 1672 1029 Ἑϐραίοις
1721 958 1936 1030 ἱστόρη-

344 1066 462 1114 ται,
490 1051 612 1105 ἐπεὶ
640 1050 854 1121 πρῶτος
902 1069 922 1101 ι
951 1050 1216 1103 Ἤλπισεν
1244 1049 1619 1103 ἐπικαλεῖσθαι
1676 1049 1735 1103 τὸ
1760 1050 1931 1121 ὄνομα

347 1142 556 1214 Κυρίου
591 1141 685 1195 τοῦ
716 1140 876 1205 Θεοῦ,
913 1161 931 1192 ι
959 1140 1017 1192 τὸ
1044 1140 1183 1194 κατὰ
1208 1139 1387 1213 ψυχὴν
1413 1143 1683 1213 παριστὰς
1714 1142 1930 1211 λογικὸν

345 1235 514 1299 ὅντως
545 1234 864 1304 γνωστικὺν,
916 1234 1011 1287 καὶ
1040 1236 1140 1305 τῆς
1183 1236 1312 1306 περὶ
1355 1235 1417 1288 τὸ
1444 1235 1598 1290 Θεῖον
1648 1238 1930 1302 εὐσεϐείας

342 1326 785 1399 ἐπιστημονικόν·
816 1320 890 1380 ὧν
913 1325 973 1378 τὸ
1008 1325 1107 1396 μὲν
1164 1325 1381 1398 πρῶτον
1440 1325 1769 1396 θεογνωσίας
1800 1326 1930 1398 ἀλη-

343 1415 492 1482 θοῦς,
526 1418 587 1470 τὸ
607 1417 663 1471 δὲ
690 1416 941 1487 δεύτερον
968 1415 1067 1485 τῆς
1095 1416 1176 1479 είς
1223 1416 1315 1469 τὸν
1356 1417 1759 1486 ἐπιγνωσθέντα
1797 1418 1927 1471 Θεὸν

342 1508 557 1572 ἐλπίδος
583 1508 780 1578 γένοιτ’
812 1508 877 1561 ἂν
899 1507 1294 1561 ἁποδεικτικόν.
1333 1506 1404 1561 Τὸ
1441 1507 1551 1579 γὰρ
1580 1508 1654 1580 μὴ
1678 1508 1929 1580 παραμέ-

344 1617 475 1667 νειν,
514 1601 638 1671 μηδ’
658 1604 716 1654 ἐν
740 1601 975 1673 δευτέρῳ
996 1601 1238 1654 τίθεσθαι
1287 1600 1356 1653 τὰ
1379 1600 1480 1671 τῆς
1513 1600 1661 1665 Θείας
1692 1600 1926 1669 ἐπιγνώ-

2044 406 2321 475 facultate,
2383 417 2497 462 tum
2566 407 2733 462 etiam
2792 407 3056 477 religione
3106 408 3387 479 praeditus,
3450 410 3617 466 alium

2041 508 2303 568 praeterea
2350 500 2643 554 neminem.
2697 497 2833 552 Nam
2876 500 2968 568 qui
3005 499 3276 569 ejusmodi
3319 516 3429 555 non
3464 514 3614 568 sunt,

2041 591 2246 660 quique
2284 591 2339 645 in
2365 601 2607 647 ventrem
2653 607 2717 646 ac
2760 591 3090 662 voluptatem
3129 591 3284 661 proni
3314 600 3369 646 et
3394 592 3615 662 abiecti,

2041 680 2176 734 nihil
2206 697 2238 736 a
2278 682 2454 738 brutis
2485 683 2855 738 animantibus
2887 682 3146 738 differunt
3175 703 3188 737 :
3217 698 3311 739 eos
3337 699 3467 739 vero
3503 684 3618 739 bel-

2038 770 2159 825 luas
2184 771 2367 840 potius
2390 788 2554 841 quam
2594 772 2845 828 homines
2873 773 3228 843 appellandos
3259 772 3613 828 Hebraeorum

2037 859 2233 915 docent
2279 861 2494 925 litterae,
2544 878 2665 928 quae
2694 878 2794 918 suo
2819 879 3094 934 quamque
3133 879 3251 919 rem
3298 879 3363 919 ac
3394 863 3616 934 proprio

2035 952 2258 1006 nomine
2295 953 2567 1021 appellare
2615 954 2810 1009 solent.
2851 953 3041 1024 itaque
3073 970 3247 1025 genus
3288 954 3396 1010 hoc
3436 953 3615 1009 homi-

2034 1058 2189 1107 num,
2215 1044 2379 1098 modo
2408 1045 2567 1115 lupos
2598 1054 2651 1100 et
2688 1061 2876 1113 canes,
2916 1048 3082 1102 modo
3119 1062 3245 1103 sues
3276 1048 3612 1118 quisquiliis,

2032 1133 2328 1201 inhiantes,
2356 1138 2519 1189 modo
2550 1146 2828 1206 serpentes
2855 1137 3018 1191 etiam
3046 1147 3098 1193 et
3128 1153 3353 1209 angues,
3385 1153 3487 1209 pro
3519 1154 3613 1194 va—

2035 1227 2114 1280 ria
2146 1235 2199 1281 et
2247 1227 2536 1296 multiplici
2575 1228 2919 1298 geminorum
2965 1227 3319 1297 amniumque
3347 1230 3610 1285 vitiorum

2033 1317 2265 1379 ratione,
2318 1333 2518 1372 vocare
2559 1329 2977 1374 consueverant.
3018 1317 3513 1387 Quemadmodum,
3559 1322 3607 1376 si

2034 1408 2255 1475 quando
2310 1409 2394 1462 vel
2453 1408 2729 1463 hominem
2777 1409 2832 1463 in
2887 1409 3245 1474 universum,
3300 1410 3387 1464 vel
3437 1426 3611 1481 genus

2034 1498 2214 1564 ipsum
2248 1497 2531 1552 hominum
2566 1499 2853 1566 designare
2897 1514 3036 1569 opus
3067 1509 3172 1566 est,
3208 1500 3431 1570 proprio
3461 1502 3609 1556 simi-

2034 1587 2157 1641 liter
2190 1597 2244 1643 et
2286 1589 2495 1654 innato,
2536 1590 2641 1644 hoc
2684 1598 2769 1644 est
2811 1589 3028 1655 Adami,
3060 1592 3283 1645 nomine
3317 1607 3509 1646 omnes
3534 1608 3604 1647 ex

344 1668 624 1759 σεωςξάεὶ
648 1693 704 1747 δέ
733 1694 827 1748 καὶ
850 1668 958 1746 δια-
976 1695 1177 1759 παντὸς
1203 1668 1447 1758 ἐλπίζειν
1468 1668 1844 1746 ἐπικαλεῖσθαι
1866 1693 1915 1745 τί

2028 1693 2185 1747 aequo
2211 1679 2540 1749 signilleant.
2575 1680 2786 1751 Quippe
2818 1682 2870 1735 id
2899 1683 3045 1736 enim
3089 1684 3359 1742 nominis,
3379 1685 3524 1752 quod
3555 1686 3604 1738 si

339 1787 513 1857 ὄνομα
537 1787 743 1859 Κυρίου
770 1787 863 1840 τοῦ
886 1787 1043 1853 Θεοῦ,
1069 1787 1131 1841 τὸ
1171 1788 1267 1857 μὲν
1287 1786 1361 1850 ώς
1392 1785 1617 1839 οἰκετῶν
1643 1784 1915 1848 δεσπότου1

2014 1770 2203 1826 Graece
2234 1771 2514 1836 reddatur,
2563 1783 2751 1826 natum
2796 1788 2859 1826 ex
2909 1781 3054 1827 terra
3097 1781 3277 1835 sonat,
3316 1775 3492 1843 primo
3527 1775 3605 1829 illi

340 1880 402 1933 τὸ
432 1881 475 1932 δ’
504 1880 578 1943 ὡς
608 1880 735 1933 ἵλεω
768 1880 861 1933 καὶ
918 1878 1123 1948 ἀγαθοῦ
1168 1878 1405 1949 Πατρὸς,
1467 1877 1611 1931 τοῦτ’
1642 1876 1706 1930 ἂν
1742 1876 1827 1949 εἴη
1865 1877 1927 1930 τὸ

341 1973 560 2027 πάντων
588 1971 987 2042 τρισμακάριον
1013 1970 1188 2034 τέλος.
1230 1969 1444 2023 Τοιόσδε
1482 1970 1579 2041 μὲν
1621 1963 1713 2022 οὖν
1740 1972 1767 2023 6
1796 1971 1925 2041 παρ’

353 2063 627 2136 Ἑϐραίοις
657 2065 913 2134 εἰσῆκται
960 2061 1200 2133 πρῶτος,
1237 2062 1330 2115 καὶ
1357 2061 1566 2132 ἀληθὴς
1616 2060 1924 2132 ἅνθρωπος,

340 2155 440 2224 οὐχ
480 2158 509 2209 6
543 2156 780 2225 γηγενὴς
830 2154 1059 2226 ἐπίκλην
1098 2154 1289 2225 Ἀδὰμ,
1319 2154 1385 2207 δι’
1413 2154 1632 2224 ἐντολῆς
1653 2152 1786 2206 Θεοῦ
1816 2168 1923 2204 πα-

338 2245 571 2315 ράϐασιν
592 2245 692 2316 τῆς
724 2245 833 2298 τῶν
885 2246 1209 2317 κρειττόνων
1237 2245 1527 2300 ἀποπεσὼν
1552 2244 1776 2315 λήξεως-ο
1807 2243 1921 2297 ἀλλ’

335 2339 368 2391 6
398 2336 657 2406 θεοφιλῶν
678 2336 1001 2409 πρώτιστος,
1028 2337 1407 2400 δςιιἭλπισ-εν
1437 2336 1809 2390 ἐπικαλεῖσθαι
1861 2337 1921 2388 τὸ

337 2427 508 2498 δνομα
530 2429 734 2501 Κυρίου
767 2428 860 2482 τοῦ
887 2428 1075 2481 Θεοῦ.»
1108 2429 1405 2498 Κρίναντες
1437 2427 1501 2498 δὴ
1535 2427 1629 2481 καὶ
1652 2427 1805 2480 αὐτοὶ
1834 2427 1920 2479 λο-

338 2521 522 2591 γισμῴ
549 2521 803 2592 σώφρονι,
835 2522 895 2574 τὸ
924 2521 1124 2573 τοιόνδε
1161 2519 1355 2590 ζηλοῦν
1399 2521 1787 2591 ἠγαπήσαμεν,
1824 2518 1921 2573 καὶ

330 2610 734 2681 ἀπεδεξάμεθα,
761 2610 837 2673 ὡς
886 2609 1136 2679 λυσιτελῆ
1179 2609 1272 2660 καὶ
1316 2607 1730 2678 όφελιμωτάτην
1787 2608 1917 2677 ἡμῖν

333 2701 433 2768 τὴν
462 2701 555 2754 τοῦ
586 2702 752 2769 -λόγου
779 2701 1052 2771 διήγησιν,
1089 2699 1253 2771 εὐχὴν
1308 2699 1523 2770 θέμενοι
1573 2700 1694 2752 κατ’
1726 2699 1816 2752 ἴσα
1846 2701 1913 2771 τῇ

330 2793 426 2847 τοῦ
453 2793 785 2865 δηλωθέντος
836 2793 1005 2846 εἰκόνι
1051 2793 1113 2845 τὸ
1158 2791 1328 2863 ὄνομα
1372 2791 1465 2845 τοῦ
1519 2791 1625 2845 τῶν
1662 2792 1917 2845 ἁπάντων

333 2885 679 2959 Δημιουργοῦ
704 2902 764 2940 τε
797 2886 892 2939 καὶ
920 2885 1192 2938 Δεσπότου
1229 2884 1367 2955 μετὰ
1402 2883 1623 2954 βεϐαίας
1659 2884 1753 2940 καὶ
1780 2884 1917 2952 ἀγα-

325 2978 431 3051 θῆς
454 2980 667 3043 ἐλπίδος
691 2977 1082 3032 ἐπικαλεῖσθαι.
1120 2977 1281 3031 Ἀλλὰ
1333 2977 1441 3049 γὰρ
1477 2976 1615 3047 μετὰ
1645 2976 1736 3029 τὸν
1760 2979 1913 3047 είρη-

333 3069 496 3142 μένον
522 3069 679 3132 ἄλλος
722 3089 740 3121 ι
775 3068 1112 3140 εὐηρέστησε
1137 3067 1216 3138 τῷ
1246 3066 1454 3139 Κυρίῳ,
1492 3067 1587 3120 καὶ
1639 3067 1738 3135 οὐχ
1765 3065 1915 3137 εὑρία

328 3178 544 3226 σκετο,»
582 3159 658 3225 ὣς
682 3178 814 3232 φησι
853 3161 1112 3230 Μωῦσῆς,
1149 3178 1167 3210 ι
1192 3158 1326 3212 διότι
1360 3156 1663 3228 μετέθηκεν
1693 3157 1856 3211 αὑτὸν
1883 3159 1914 3210 6

324 3252 460 3317 Θεὸς
484 3273 501 3305 ι
531 3252 598 3305 δι’
626 3254 800 3324 ἄκραν
827 3252 1027 3322 ἀρετῆς
1080 3249 1377 3303 τελείωσιν.
1425 3247 1755 3320 Δυσεύρετος
1801 3248 1910 3322 γὰρ

326 3344 358 3397 ὅ
389 3361 451 3413 γε
494 3343 656 3413 σοφὸς
684 3343 919 3413 ἀληθῶς.
950 3336 1119 3406 Οὗτος
1151 3342 1196 3395 δ’
1226 3342 1292 3395 ἂν
1318 3343 1401 3413 εἴη
1428 3343 1456 3393 6
1487 3344 1546 3395 ἐν
1570 3340 1647 3412 τῷ
1679 3341 1798 3413 Θεῷ
1821 3341 1909 3395 τέ-

324 3436 490 3499 λειος,
518 3438 547 3489 6
572 3437 670 3507 τῆς
698 3434 806 3488 τῶν
857 3432 1068 3487 πολλῶν
1115 3431 1397 3503 διατριϐῆς
1435 3431 1906 3503 μετατεθειμένος.

337 3527 399 3580 Ὀ
431 3526 538 3600 γὰρ
572 3526 647 3598 μὴ
676 3526 938 3591 τοιοῦτος,
971 3525 1197 3596 ἀγορὰς,
1238 3525 1333 3577 καὶ
1358 3525 1699 3595 δικαστήρια,
1725 3542 1909 3597 καπη-

322 3619 475 3684 λείας
492 3637 552 3672 τε
601 3621 695 3673 καὶ
729 3619 1019 3691 ἐμπορίας,
1052 3619 1151 3672 καὶ
1203 3617 1294 3672 τὸν
1325 3618 1493 3673 πολὺν
1526 3617 1682 3689 δχλον
1742 3636 1909 3691 μετα-

318 3710 558 3774 διώκων,
592 3709 897 3781 ώθούμενός
946 3726 1005 3762 τε
1055 3710 1149 3763 καὶ
1201 3708 1379 3773 ώθῶν,
1431 3710 1594 3781 μέσος
1643 3711 1701 3764 ἐν
1758 3710 1909 3783 αὐτῷ

326 3800 524 3863 κακίας
553 3800 698 3870 βυθῴ
732 3799 1108 3853 καταπίνεται.
1157 3799 1215 3852 Ὀ
1248 3799 1291 3851 δ’
1323 3800 1429 3853 ὑπὸ
1489 3800 1625 3853 Θεοῦ
1659 3801 1905 3873 ληφθεὶς,

324 3891 419 3943 καὶ
445 3890 551 3944 τῶν
583 3892 707 3963 τῇδε
741 3893 920 3943 ἐκεῖσε
957 3889 1425 3961 μετατεθειμένος,
1456 3891 1667 3965 ἀφανὴς
1692 3893 1789 3963 μὲν
1814 3894 1907 3946 καὶ

321 3980 613 4052 ἀνεύρετος
657 3980 983 4052 ἀνθρώποις,
1033 3978 1233 4050 Θεῷδέ
1282 3980 1433 4049 φίλος
1486 3980 1745 4051 γεγονὼς,
1802 3982 1907 4037 ὑπὸ

321 4073 458 4126 Θεοῦ
484 4072 921 4144 εὓρηται⁶τοῦτον
965 4073 1133 4144 Ἑνὼχ
1171 4074 1446 4147 Ἑϐραίοις
1498 4075 1783 4147 ὀνομάζειν
1813 4078 1900 4145 φί-

319 4163 433 4218 λον.
459 4166 631 4236 Χάριν
654 4163 710 4218 δὲ
743 4163 877 4217 Θεοῦ
913 4165 1168 4236 σημαίνοι
1201 4165 1266 4219 ἂν
1300 4165 1553 4238 τοῦνομα.
1607 4167 1714 4221 Καὶ
1773 4168 1904 4223 ταύ-

317 4272 420 4326 της
448 4254 738 4329 τοιγαροῦν
779 4256 855 4320 ὡς
884 4257 1095 4329 ἀγαθῆς
1138 4259 1345 4320 εἰκόνος
1398 4256 1488 4311 τὸν
1534 4257 1647 4327 βίον
1686 4258 1899 4330 ζηλοῦν,

318 4347 592 4420 μακάριον
634 4344 772 4403 εἶναι
824 4348 1172 4420 ἡγησάμεθα.
1237 4349 1432 4421 Τρίτος
1485 4349 1624 4419 μετὰ
1677 4350 1897 4415 τούτους
1930 4373 1974 4427 D

318 4445 479 4499 πάλιν
504 4445 660 4508 ἄλλος
690 4444 973 4516 ἄνθρωπος
1028 4444 1236 4508 δίκαιος
1296 4442 1574 4514 πεφηνὼς,
1601 4445 1629 4496 6
1662 4443 1807 4507 Νῶε,
1840 4446 1897 4497 ἐν

316 4540 386 4610 τῇ
413 4538 574 4609 γενεᾷ
602 4537 764 4591 αὐτοῦ
795 4535 1233 4608 μεμαρτύρηται.
1266 4536 1553 4607 Τεκμήρια
1585 4534 1640 4588 δὲ
1673 4535 1766 4589 καὶ
1800 4535 1897 4606 τῆς

311 4627 506 4682 τούτου
536 4627 879 4701 δικαιοσύνης
908 4626 993 4698 εἴη
1049 4625 1116 4680 ἂν
1143 4626 1289 4681 τάδε.
1332 4627 1508 4691 Πολὺς
1537 4627 1744 4698 αὐχμὸς
1802 4626 1896 4680 καὶ

312 4718 512 4789 γνόφος
550 4719 779 4773 ἀλέκτου
809 4718 1007 4783 κακίας
1036 4718 1098 4771 τὸ
1132 4718 1348 4772 πάντων
1375 4715 1678 4789 ἀνθρώπων
1707 4733 1894 4771 κατει-

310 4809 472 4882 λήφει
498 4812 669 4880 γένος·
701 4811 753 4864 οἵ
801 4828 860 4864 τε
906 4811 1126 4864 πάντων
1156 4810 1260 4864 ἀνὰ
1302 4810 1476 4880 στόμα
1508 4808 1893 4880 θρυλλούμενοι

309 4903 564 4973 γίγαντες
595 4904 694 4967 τὰς
742 4907 821 4967 είς
853 4902 1012 4975 δεῦρο
1060 4902 1336 4974 βοωμένας
1369 4900 1665 4972 θεομαχίας
1713 4900 1893 4964 ἀθέοις

309 4997 408 5050 καὶ
427 4996 740 5050 δυσσεϐἐσιν
778 4996 1172 5068 ἐγχειρήμασιν
1219 4994 1637 5065 ἀπειργάζοπω
1675 4994 1776 5065 Ιἔιδη
1831 4994 1890 5047 δέ

309 5086 405 5139 καὶ
430 5085 481 5137 οἱ
509 5085 608 5156 τῆς
640 5084 845 5139 τούτων
873 5084 1138 5152 γενέσεως
1157 5085 1340 5149 αἴτιοι,
1376 5082 1485 5136 εἴτε
1528 5082 1672 5146 τινὸς
1711 5082 1892 5153 κρείτ-

308 5193 459 5240 τονος
483 5176 697 5249 μοίρας,
721 5178 756 5249 ἢ
789 5177 931 5231 κατὰ
954 5176 1160 5247 θνητῶν
1187 5175 1368 5246 φύσιν,
1398 5175 1762 5247 ὑπάρξαντες,
1790 5174 1888 5229 εἴθ’

306 5267 556 5322 ὁπωσοῦν
580 5268 1094 5339 κατεσκευασμένοι,
1112 5270 1222 5331 τοῖς
1242 5269 1300 5321 ἐν
1332 5267 1641 5338 ἀνθρώποις
1667 5266 1886 5339 περιέρ·

306 5373 405 5427 γου
431 5358 776 5422 διδασκαλίας
801 5358 1163 5430 ἀπάρξαντες,
1198 5357 1451 5428 γοητείας
1476 5357 1570 5410 καὶ
1595 5355 1697 5426 τῆς
1720 5355 1888 5426 ἄλλης

306 5451 648 5523 κακοτρόπου
681 5451 1012 5521 μαγγανείας
1048 5452 1454 5522 ἐπιτεχνήματα
1492 5449 1739 5520 λέγονται
1778 5465 1886 5504 πα·
1948 5496 1957 5501 .

381 5626 427 5659 ⁸³
449 5625 584 5683 Gen.
609 5643 661 5690 γ,
687 5626 779 5680 2i.

625 5738 817 5799 Pun.
867 5733 985 5796 Gn.
1016 5733 1185 5796 XXI.

2027 1870 2350 1916 cunctorum
2396 1863 2682 1917 hominum
2709 1863 2920 1932 parenti
2949 1865 3230 1933 proprium
3260 1874 3424 1934 atque
3450 1880 3481 1919 a
3512 1882 3606 1920 na-

2026 1960 2149 2007 tura
2187 1954 2306 2023 ipsa
2354 1954 2587 2009 inditum
2620 1954 2790 2009 fuisse
2830 1954 3047 2010 docent.
3085 1954 3232 2011 Enos
3270 1956 3436 2027 igitur
3482 1972 3605 2011 om—

2026 2048 2178 2099 nium
2230 2046 2530 2116 principem
2596 2045 2946 2102 Hebraeorum
3007 2047 3234 2103 historia
3293 2048 3479 2102 divino
3532 2047 3604 2103 ab

2024 2153 2213 2192 amore
2256 2140 2621 2207 commendat,
2664 2140 2811 2209 quod
2865 2156 2992 2195 cum
3051 2141 3263 2210 primus
3314 2159 3334 2192 ι
3365 2141 3604 2210 speravit

2023 2228 2281 2283 invocare
2322 2245 2518 2284 nomen
2558 2231 2775 2285 Domini
2817 2231 2935 2299 Dei,
2967 2250 2986 2283 ι
3022 2232 3090 2301 in
3122 2242 3277 2302 parte
3308 2233 3476 2288 animi
3511 2248 3603 2288 ra-

2022 2320 2170 2373 tione
2190 2321 2413 2389 przedita
2439 2336 2548 2375 non
2572 2322 2736 2377 modo
2763 2337 2887 2377 vere
2908 2324 3292 2393 cognoscendi,
3316 2325 3412 2380 sed
3431 2325 3599 2379 etiam

2022 2428 2145 2483 qua:
2180 2411 2350 2467 Deum
2384 2430 2552 2468 unum
2601 2416 2847 2470 intuetur
2878 2416 3159 2486 religionis
3193 2416 3509 2473 haurienda:
3537 2434 3603 2473 ac

2021 2505 2385 2575 percipiendae
2427 2507 2536 2560 vim
2571 2508 2865 2563 exeruerit.
2898 2507 3148 2573 Quorum
3176 2498 3424 2563 alterum
3459 2525 3602 2565 verae

2021 2593 2117 2648 Dei
2143 2597 2369 2664 notitiae,
2402 2598 2632 2654 alterum
2675 2600 2815 2669 spei,
2854 2614 2977 2669 qum
3005 2601 3057 2654 in
3091 2598 3203 2657 Deo
3244 2602 3346 2656 rite
3378 2603 3600 2673 cognito

2020 2685 2377 2753 acquiescat,
2428 2696 2638 2741 certum
2693 2704 2759 2742 ac
2806 2689 3160 2758 perspicuum
3214 2701 3597 2759 argumentum

2019 2785 2124 2831 est.
2159 2775 2451 2847 Nunquam
2490 2778 2635 2832 enim
2667 2794 2790 2847 quae
2835 2780 3076 2834 divinam
3125 2781 3192 2834 ad
3225 2781 3596 2850 cognitionem

2019 2870 2316 2939 pertinent,
2343 2878 2442 2924 aut
2472 2870 2745 2940 negligere
2783 2870 3020 2940 penitus,
3054 2881 3149 2925 aut
3184 2872 3294 2925 ulla
3325 2887 3385 2926 re
3417 2882 3599 2942 poste-

2021 2960 2167 3015 riora
2195 2960 2417 3023 ducere,
2455 2960 2550 3015 sed
2580 2960 2760 3030 potius
2786 2961 2842 3014 in
2879 2960 3094 3016 Domini
3124 2961 3239 3030 Dei,
3266 2962 3430 3017 modo
3474 2971 3599 3018 tan—

1939 3032 1984 3091 C
2019 3067 2185 3121 quam
2239 3066 2523 3107 servorum
2574 3051 2804 3118 domini,
2858 3051 3026 3107 modo
3085 3062 3345 3124 tanquam
3397 3055 3595 3124 optimi

2016 3143 2443 3212 suavissimique
2483 3144 2728 3213 parentis
2775 3144 3119 3215 implorando
3166 3145 3406 3211 nomine,
3438 3160 3592 3216 spem

2015 3250 2237 3289 omnem
2290 3235 2493 3289 habere
2529 3245 2901 3306 perpetuoque
2946 3237 3200 3303 deﬁxam,
3237 3238 3290 3291 id
3337 3252 3467 3293 vero
3511 3247 3595 3295 ter

2014 3326 2207 3382 beatus
2231 3327 2543 3381 mortalium
2579 3327 2826 3382 omnium
2859 3328 2983 3383 ﬁnis
3013 3329 3137 3397 jure
3169 3344 3234 3384 ac
3261 3329 3455 3386 merito
3490 3331 3603 3387 ha—.

2012 3419 2225 3476 beatur.
2264 3420 2546 3489 Ejusmodi
2579 3436 2711 3491 ergo
2748 3421 2983 3491 primum
3008 3435 3130 3476 esse
3162 3436 3461 3491 verumque
3493 3421 3593 3478 lio-

2010 3510 2214 3564 minem
2261 3507 2472 3565 Hebraei
2529 3518 2877 3576 statuerunt,
2924 3525 3035 3565 non
3083 3510 3316 3565 alterum
3361 3510 3515 3565 illum
3557 3525 3591 3566 θ

2010 3609 2157 3656 terra
2199 3611 2412 3667 natum,
2462 3617 2624 3671 quem
2665 3600 2936 3656 Adamum
2993 3609 3214 3664 vocant,
3263 3599 3358 3671 qui
3402 3600 3588 3657 divina

2008 3694 2127 3764 lege
2184 3693 2405 3759 violata,
2459 3693 2788 3747 eximiorum
2839 3707 2907 3747 ac
2960 3692 3263 3747 caelestium
3316 3692 3585 3746 bonorum

2007 3785 2361 3855 possessione
2398 3784 2709 3849 exciderat;
2754 3782 2846 3837 sed
2878 3796 3006 3838 eum
3036 3784 3241 3852 potius,
3274 3782 3369 3851 qui
3398 3782 3584 3836 divino

2006 3885 2133 3931 ante
2170 3876 2308 3931 alios
2335 3889 2525 3930 omnes
2551 3890 2739 3929 amore
2772 3887 3097 3939 succensus,
3124 3872 3290 3943 308
3314 3890 3333 3922 ι
3363 3869 3582 3927 Domini

2006 3966 2101 4021 Dei
2138 3981 2338 4021 nomen
2382 3965 2639 4020 invocare
2676 3971 3009 4034 speraverat.
3041 3980 3060 4014 ι
3102 3960 3367 4016 Eumdem
3397 3962 3585 4034 itaque

2006 4056 2165 4111 nobis
2205 4055 2528 4109 imitandum
2562 4069 2698 4109 sano
2733 4056 3056 4123 integraque
3092 4052 3301 4122 judicio
3334 4060 3582 4109 statuen-

2005 4156 2087 4202 tes
2131 4146 2234 4216 ipsi
2263 4160 2512 4215 quoque;
2548 4144 2627 4198 rei
2668 4142 2833 4211 hujus
2883 4140 3191 4205 historiam,
3232 4148 3293 4195 ut
3333 4143 3580 4211 apprime

2005 4238 2164 4292 nobis
2200 4238 2411 4302 utilem,
2461 4235 2611 4290 omni
2643 4234 2825 4289 studio
2854 4231 3142 4301 complexi,
3178 4231 3282 4287 hoc
3326 4231 3490 4287 simul
3519 4232 3577 4287 in

2003 4329 2145 4383 votis
2178 4327 2493 4389 habuimus,
2524 4332 2584 4379 ut
2629 4324 2762 4379 tanti
2799 4322 2897 4378 viri
2942 4322 3214 4391 exemplo,
3247 4322 3446 4377 summi
3489 4338 3577 4378 re-

2002 4436 2125 4475 rum
2161 4420 2407 4473 omnium
2436 4416 2658 4487 Opiﬁcis
2688 4414 3015 4484 Dominique
3050 4429 3273 4479 nomen,
3303 4415 3572 4470 constanti

1999 4511 2237 4582 quadam
2300 4510 2626 4580 egregiaque
2661 4522 2755 4578 spe
2792 4506 3083 4575 implorare
3120 4507 3416 4576 possimus.
3453 4504 3574 4560 Jam

1999 4618 2131 4658 vero
2169 4602 2470 4658 secundum
2503 4599 2670 4664 Enos,
2738 4599 2878 4654 alius
2910 4596 3133 4669 quidam
3172 4615 3192 4649 ιι
3221 4598 3426 4667 placuit
3464 4596 3574 4650 Dn-

1997 4694 2171 4762 mino,
2198 4702 2254 4749 et
2278 4709 2386 4749 non
2420 4693 2674 4747 inventus
2686 4688 3061 4758 est,iut,idem
3091 4686 3302 4760 Moyses
3332 4702 3572 4744 comme-

1999 4794 2180 4840 morat
2203 4780 2453 4852 ",«quia
2473 4781 2891 4837 transtulitenm
2932 4778 3077 4836 Deus
3107 4798 3126 4831 ι
3179 4778 3251 4834 ob
3296 4793 3570 4834 summam
3673 4790 3677 4797 ·

1956 4916 1965 4924 .
2000 4872 2217 4931 virtutis
2264 4875 2384 4945 ejus
2433 4873 2844 4945 perfectionem.
2887 4869 3054 4926 Plane
3093 4870 3264 4934 enim,
3300 4868 3396 4939 qui
3441 4882 3578 4953 vero!

1998 4972 2195 5042 sapiat,
2224 4986 2366 5041 aegre
2397 4969 2687 5025 admodum
2725 4967 2960 5038 aliquem
2993 4965 3255 5035 reperias.
3286 4962 3570 5034 Ejusmodi

1994 5073 2176 5119 autem
2205 5064 2253 5119 is
2282 5064 2500 5118 demum
2535 5069 2640 5125 est,
2683 5060 2777 5131 qui
2806 5075 2903 5114 sua
2938 5073 3061 5113 eum
3096 5056 3206 5111 Deo
3233 5047 3581 5126 perfectioner

1993 5154 2346 5225 coniunctus,
2396 5168 2462 5207 ex
2509 5151 2791 5207 hominum
2847 5167 2968 5206 sese
3019 5165 3122 5205 usu
3179 5130 3577 5221 consortioque:

1993 5244 2334 5301 subduxerit.
2359 5243 2622 5313 Quisquis
2651 5242 2796 5297 enim
2822 5240 2968 5294 aliud
2993 5238 3282 5294 consilium
3318 5245 3573 5313 secutus,

1993 5336 2051 5391 in
2086 5335 2227 5402 fora,
2259 5302 2571 5399 tribunalia,
2605 5347 2904 5401 cauponas,
2948 5330 3245 5394 nundinas,
3294 5337 3456 5398 atque
3504 5302 3574 5383 in'

1988 5426 2274 5483 hominum
2306 5425 2500 5496 vulgus
2543 5439 2663 5480 sese
2688 5424 2796 5489 dat,
2825 5424 2870 5478 is
2895 5423 3022 5477 dum
3058 5420 3111 5473 in
3148 5420 3308 5474 turba
3348 5420 3451 5475 huc
3489 5417 3563 5476 il-.

3120 5725 3193 5783 17
