4166 6476
547 151 653 208 513

1222 148 1492 205 EUSEBll
1531 148 2011 204 C/ESARIENSIS
2049 148 2199 205 OPP.
2243 148 2428 203 PARS
2461 147 2526 203 Il.
2565 180 2633 190 —
2671 148 3173 206 APOLOGETICA.

3712 153 3821 211 ΒΕΑ

544 269 743 339 lucque
761 268 1021 336 jactatur,
1049 268 1157 322 alto
1182 266 1547 337 improbitatis
1572 267 1786 338 gurgite
1812 274 1960 322 totus
1986 267 2087 321 hau

2190 304 2203 331 ι
2233 266 2483 339 ραδοῦναι
2510 266 2588 337 τῷ
2641 267 2763 338 βίῳο
2816 268 2957 322 ὥστε
3010 269 3120 321 πᾶν
3166 267 3228 321 τὸ
3275 267 3616 341 ἀνθρώπειον
3660 270 3819 341 γένος

542 366 704 418 ritur.
746 363 816 417 At
847 364 941 433 qui
981 362 1163 417 divina
1203 361 1363 431 quasi
1411 374 1577 414 manu
1628 361 1953 427 subductus,
2001 370 2055 414 et
2090 376 2121 415 a

2229 361 2359 430 μιᾶς
2384 359 2487 412 ὑπὸ
2509 360 2692 429 ψῆφον
2729 359 2983 429 γενέσθαι
3019 361 3171 433 παρὰ
3211 360 3330 431 Θεῷ
3356 362 3531 434 δίκης.
3581 365 3693 419 Καὶ
3751 366 3817 439 δὴ

539 458 705 512 ﬂuxis
731 456 1062 523 caduc‘squc
1089 453 1252 508 rebus
1284 452 1350 505 ad
1392 452 1696 507 ccelestium
1741 466 1984 506 amorem
2010 460 2087 506 tra

2225 452 2441 505 πάντων
2469 453 2550 505 ἑνὶ
2582 450 2809 523 νεύματι
2839 452 3247 525 διαφθείρεσθαι
3294 455 3620 524 μελλόντων,
3653 458 3816 528 μόνος

537 551 739 604 ductus
760 556 876 610 est;
912 554 972 600 ut
1002 546 1071 599 ab
1100 543 1414 598 hominibus
1438 543 1609 598 videri
1639 558 1703 599 ac
1746 543 1971 613 reperiri
2008 559 2119 598 non

536 642 732 712 possit,
761 655 792 694 a
829 638 939 693 Deo
978 649 1180 696 tamen.
1212 636 1372 704 cujus
1417 636 1470 689 in
1517 636 1816 691 amicitiam
1847 637 2118 691 transcri-

536 742 664 801 ptus
698 737 800 791 est,
848 728 1140 781 invenitur.
1176 724 1309 778 Eum
1355 741 1518 794 porro
1561 727 1740 780 virum
1772 724 1961 781 Enoch
2014 742 2115 797 ap-

534 824 737 893 pellare
764 820 972 875 Hebraei
1010 821 1206 883 solent,
1239 835 1362 889 quae
1389 836 1491 873 vox
1522 819 1764 874 divinam
1801 828 1961 874 sonat
1988 835 2112 889 gra-

533 918 688 971 tiam.
719 913 830 969 Nos
858 923 1041 970 autem
1078 914 1242 983 hujus
1275 929 1494 984 quoque
1523 914 1715 977 vitam,
1749 920 1810 967 ut
1839 914 2114 968 excellen-

531 1019 641 1063 tem
672 1006 892 1071 virtutis
934 1005 1225 1075 imaginem
1273 1004 1695 1058 consectandam
1748 1003 1907 1058 nobis
1939 1019 2114 1057 armu-

531 1101 865 1167 lamlamque
930 1096 1264 1166 putavimus.
1338 1094 1561 1151 Exstitit
1619 1095 1815 1150 deinde
1878 1095 2112 1159 tertius,

529 1207 692 1260 quem
747 1190 847 1244 «in
904 1204 1001 1243 sua
1048 1188 1398 1259 generatione
1431 1207 1449 1240 ι
1510 1188 1824 1258 :equitatem
1871 1188 2112 1243 coluisse

530 1284 814 1353 Scriptura
844 1289 1097 1335 testatur.
1132 1279 1256 1333 Fuit
1298 1280 1346 1333 is
1383 1277 1645 1344 Noemus,
1680 1280 1838 1349 cujus
1885 1278 2110 1350 integri-

527 1376 626 1428 tati
659 1388 893 1443 sequens
922 1379 1303 1443 argumentum
1334 1371 1548 1442 egregie
1573 1370 1925 1442 suffragatur.
1952 1372 2107 1427 Altus

527 1466 749 1536 quidam
799 1465 1023 1518 sceleris
1066 1462 1274 1517 infandi
1316 1465 1539 1533 squalor
1580 1471 1635 1518 et
1682 1464 1879 1534 caligo,
1929 1463 2135 1527 homi-,

525 1574 659 1613 num
711 1572 886 1628 genus
951 1565 1247 1625 occuparat
1295 1557 1611 1610 universum
1639 1575 1651 1610 :
1679 1554 1939 1625 Gigantes
1985 1569 2105 1609 om-

2224 539 2304 606 εἷς
2336 536 2494 607 οὗτος
2524 544 2553 597 ό
2577 543 2673 598 νῦν
2699 546 2829 615 ἡμῖν
2855 543 3013 615 δηλού
3024 562 3182 615 μενος
3210 565 3229 597 ι
3260 546 3471 611 δίκαιος
3516 550 3575 602 ὲν
3625 552 3691 621 τῇ
3724 567 3818 619 γε-

2221 638 2317 706 νεᾷ
2340 634 2505 689 αὑτοῦ
2540 636 2636 689 σὺν
2662 638 2760 690 καὶ
2811 639 2924 701 τοῖς
2977 638 3199 701 οἰκείοις
3247 638 3533 711 εὓρηται.»
3589 642 3816 697 Πάντων

2221 727 2362 798 δῆτα
2387 729 2495 783 τῶν
2530 729 2623 782 ἐπὶ
2646 730 2750 799 γῆς
2779 731 3153 802 κατακλυσμῷ
3178 732 3558 803 διολλυμένων,
3588 737 3684 788 καὶ
3711 734 3814 806 τῆς

2220 816 2326 887 γῆς
2353 820 2525 889 αὐτῆς
2551 820 2759 873 ὑδάτων
2816 822 2989 893 ἀθρόᾳ
3040 822 3348 896 πλημμύρᾳ
3382 824 3493 877 τῶν
3530 828 3810 898 προτέρων

2219 909 2405 963 κακῶν
2438 910 2975 982 ἁποκαθαιρομένης,
3005 914 3033 965 ὁ
3060 912 3312 985 θεοφιλὴς
3339 915 3437 969 σὺν
3472 917 3662 971 παισὶν
3693 919 3811 989 ᾇμα

2217 1003 2310 1055 καὶ
2332 1002 2546 1072 γυναιξὶ
2570 1003 2648 1074 τῷ
2680 1004 2822 1074 μετὰ
2845 1004 3018 1059 ταῦτα
3041 1005 3141 1075 βίῳ
3167 1005 3321 1069 ζώπυ
3331 1024 3420 1078 ρον
3448 1008 3671 1080 σπέρμα
3696 1027 3804 1064 πα-

2219 1095 2569 1166 ραδοξότατον
2596 1097 2732 1170 πρὸς
2757 1097 2852 1151 τοῦ
2879 1097 3017 1151 Θεοῦ
3065 1101 3383 1171 τετήρηται.
3421 1101 3635 1155 Γένοιτο
3661 1103 3707 1156 δ’
3737 1103 3805 1157 ἂν

2213 1186 2307 1239 καὶ¹
2337 1182 2492 1251 οὗτος
2522 1188 2829 1260 ἀρχέτυπος
2853 1188 3037 1252 εἰκὼν,
3072 1190 3222 1254 ζῶσα
3254 1192 3349 1244 καὶ
3383 1192 3644 1263 ἔμψυχος,
3692 1196 3806 1259 τοῖς

2211 1277 2271 1343 ἐξ
2299 1279 2464 1332 αὑτοῦ
2489 1282 2875 1352 γεγενημένοις
2910 1282 3212 1354 ὑπόδειγμα
3264 1284 3466 1354 τρόπου
3524 1285 3804 1355 θεοφιλοῦς

2211 1370 2647 1441 παρεσχημένος.
2684 1372 2793 1425 Καὶ
2849 1373 3033 1443 οἱμὲν
3097 1374 3203 1446 πρὸ
3256 1375 3352 1427 τοῦ
3410 1376 3800 1449 κατακλυσμοῦ

2208 1461 2422 1514 τοιοίδε’
2454 1462 2504 1515 οἱ
2531 1462 2587 1515 δὲ
2618 1462 2759 1533 μετὰ
2793 1463 2984 1518 τοῦτον
3036 1467 3124 1519 ἐπ’
3177 1467 3430 1540 εὐσεϐείᾳ
3476 1469 3802 1543 διαπρεπεῖς

2208 1549 2356 1603 ἄλλοι
2379 1549 2562 1614 πάλιν,
2595 1545 2671 1605 ὧν
2703 1552 2802 1624 τὴν
2831 1555 3054 1625 μνήμην
3079 1556 3147 1609 τὰ
3181 1556 3303 1628 ίερά
3331 1557 3583 1623 διασώζει
3614 1561 3789 1630 λόγια.

523 1650 677 1703 nium
708 1665 805 1704 ore
829 1648 1042 1719 jactati,
1075 1649 1244 1719 impio
1274 1647 1648 1717 sacrilegoque
1690 1662 1852 1710 ausu,
1886 1661 1950 1701 ea
1980 1662 2087 1717 qua

2206 1641 2422 1696 Τούτων
2440 1659 2524 1706 τις
2561 1644 2738 1715 ἱερεὺς
2760 1622 3055 1718 Θάνείρηται
3083 1648 3177 1701 τοῦ
3206 1622 3430 1719 ὑιζιίστου
3475 1651 3632 1718 Θεοῦ,
3674 1622 3793 1718 ,ϐα-

523 1742 631 1796 buc
667 1757 841 1813 usque
872 1757 1034 1796 nemo
1060 1757 1169 1795 non
1210 1741 1473 1811 loquitur,
1507 1755 1633 1795 cum
1667 1738 1780 1794 Deo
1803 1739 1944 1794 bella
1979 1755 2104 1797 sus-

529 1843 788 1904 ceperant
819 1853 832 1889 :
865 1834 979 1904 jam
1021 1834 1241 1889 illorum
1287 1833 1452 1888 etiam
1487 1840 1781 1902 parentes,
1831 1846 1929 1887 seu
1963 1847 2101 1887 con-

518 1926 745 1980 ditionis
812 1925 1099 1995 cujusdam
1164 1925 1477 1981 mortalium
1548 1932 1744 1978 natura
1801 1924 2100 1993 superioris

517 2028 695 2083 erant,
731 2033 825 2073 seu
854 2033 1182 2090 quacunque
1215 2018 1433 2072 tandem
1472 2017 1684 2073 ratione
1709 2016 1836 2082 sati,
1867 2017 2100 2072 curiosae

519 2110 656 2163 artis
693 2108 901 2162 semina
948 2108 1089 2162 inter
1131 2108 1383 2162 homines
1409 2107 1677 2177 iecerant.
1734 2116 1897 2177 atque
1936 2123 2099 2164 omne

515 2199 911 2270 prazstigiarum
946 2198 1449 2268 maleﬁciorumque
1476 2214 1649 2268 genus
1686 2199 1740 2253 in
1780 2214 1969 2253 eorum
2002 2215 2097 2254 so-

515 2294 766 2347 cietatem
801 2293 1137 2346 invexerant.
1166 2289 1243 2344 lta
1275 2291 1542 2360 quidquid
1572 2291 1774 2361 ubique
1811 2292 2096 2347 hominum

515 2395 657 2449 erat,
700 2400 823 2438 cum
863 2384 1054 2438 eadem
1083 2399 1115 2436 a
1148 2381 1259 2437 Deo
1292 2382 1559 2437 sententia
1606 2383 1977 2437 damnandum
2007 2399 2098 2438 es-

513 2486 617 2538 set,
644 2476 867 2547 jamque
891 2475 1031 2529 idem
1061 2474 1261 2545 pariter
1285 2474 1541 2547 omnibus
1571 2489 1790 2544 unoque
1815 2485 2096 2531 momento

511 2570 742 2622 exitium
777 2567 1091 2621 immineret
1119 2586 1131 2620 :
1162 2582 1307 2620 unus
1345 2567 1434 2620 ille
1464 2581 1588 2620 cum
1618 2568 1757 2635 suis,
1793 2568 1975 2637 quode
2012 2569 2095 2625 lo-

511 2660 757 2731 quimur,
800 2677 819 2711 ι
840 2658 1024 2728 justus
1057 2659 1110 2712 in
1143 2659 1496 2729 generatione
1529 2673 1627 2713 sua
1660 2669 1906 2729 repertus
1935 2668 2039 2716 est.
2065 2679 2085 2714 ι

511 2752 742 2807 Cunctis
770 2765 921 2821 ergo,
962 2765 1085 2821 quae
1114 2760 1382 2804 terrarum
1414 2750 1628 2804 ambitu
1666 2751 2092 2808 continebantur

508 2842 715 2897 diluvio
754 2842 990 2906 haustis,
1026 2842 1255 2911 ipsaque
1297 2841 1433 2894 adeo
1468 2849 1610 2895 terra
1656 2842 1883 2896 immani
1913 2858 2089 2914 aqua-

2203 1732 2410 1799 σιλεὺς
2434 1732 2662 1800 δίκαιος
2689 1739 2754 1806 τῇ
2772 1730 3037 1807 Ἐϐραίων
3060 1740 3401 1813 προσηγορίᾳ
3428 1744 3791 1814 χρηματίσας.

2203 1824 2426 1889 Τούτοις
2459 1825 2523 1898 δὴ
2548 1827 2714 1882 πᾶσιν
2734 1829 2859 1883 οὐδὲ
2886 1824 2966 1894 εἷς
3002 1830 3253 1903 σώματος
3305 1835 3608 1907 περιτομῆς
3637 1836 3796 1906 λόγος

2200 1911 2291 1987 ἦν,
2320 1917 2435 1970 ἀλλ’
2465 1919 2588 1973 οὐδὲ
2607 1919 2718 1973 τῶν
2748 1921 3028 1988 Μωῦσέως
3064 1924 3375 1981 Ἰουδαϊκῶν
3397 1929 3795 2001 παραγγελμά-

2199 2025 2328 2062 των.
2381 2011 2581 2082 Διόπερ
2637 2012 2838 2076 αὐτοὺς
2870 2013 2995 2067 οὐδὲ
3038 2015 3324 2080 Ἰουδαίους
3363 2019 3527 2087 φάναι
3557 2020 3790 2088 δίκαιον,

2199 2102 2321 2155 ούδέ
2352 2118 2417 2171 γε
2450 2103 2741 2175 Ἕλληνας,
2790 2105 2874 2159 ὅτι
2936 2106 3071 2179 μηδὲ
3130 2109 3350 2175 πλείους
3408 2111 3563 2175 θεοὺς
3587 2114 3789 2184 ὁμοίως

2204 2193 2461 2265 Ἕλλησιν
2491 2196 2523 2265 ἢ
2549 2199 2663 2260 τοῖς
2687 2196 2894 2260 λοιποῖς
2925 2198 3133 2253 ἔθνεσιν
3155 2202 3404 2272 ἡγοῦντο.
3440 2203 3677 2275 Ἑϐραῖοι
3734 2206 3781 2259 δ’

2198 2284 2267 2338 ἂν
2291 2285 2626 2358 κυριώτερον
2648 2288 3015 2361 ὲπικληθεῖεν,
3046 2292 3164 2364 ῆτοι
3198 2294 3349 2365 παρὰ
3381 2295 3474 2348 τὸν
3501 2294 3693 2368 Ἔϐερ,
3744 2296 3778 2368 ἢ

2196 2378 2512 2449 καὶμᾶλλον
2547 2381 2698 2452 παρὰ
2742 2381 2837 2454 τὴν
2890 2385 3184 2455 ἑρμηνείαν
3233 2386 3337 2457 τῆς
3389 2390 3779 2460 προσηγορίας.

2196 2470 2492 2541 Περατικοὶ
2512 2472 2620 2545 γάρ
2640 2490 2783 2537 τινες
2814 2476 3227 2547 ἑρμηνεύονται,
3262 2481 3361 2551 τὴν
3383 2481 3492 2534 άπὸ
3520 2482 3631 2535 τῶν
3653 2483 3782 2553 τῇδε

2193 2560 2288 2635 ἐπι
2317 2560 2415 2632 τὴν
2437 2561 2528 2615 τοῦ
2558 2563 2665 2617 τῶν
2687 2565 2824 2618 ὅλων
2879 2566 3015 2621 Θεοῦ
3045 2569 3297 2624 διάϐασίν
3329 2589 3390 2625 τε
3431 2573 3526 2627 καὶ
3551 2573 3783 2644 θεωρίαν

2195 2653 2557 2725 στειλάμενοι.
2589 2657 2844 2723 Φυσικοῖς
2875 2660 2985 2732 γάρ
3010 2679 3093 2715 τοι
3125 2664 3427 2735 λογισμοῖς,
3475 2665 3570 2718 καὶ
3595 2666 3782 2738 νόμοις

2191 2744 2480 2816 ἀγράφοις,
2506 2746 2606 2818 τὴν
2657 2748 2824 2820 ὀρθὴν
2878 2750 2981 2821 τῆς
3014 2754 3217 2825 ἀρετῆς
3264 2756 3641 2821 διευθύναντες
3680 2775 3781 2812 πο-

2192 2835 2344 2906 ρείαν
2372 2837 2466 2891 καὶ
2490 2837 2665 2911 πέραν
2690 2841 2800 2896 τῶν
2833 2842 3032 2915 σαρκὸς
3083 2846 3306 2917 ἡδονῶν,
3360 2850 3454 2902 ἐπὶ
3499 2850 3592 2905 τὸν
3638 2852 3777 2906 πάνο

507 2956 631 2996 rum
687 2940 940 2995 eluvione
988 2948 1239 3010 purgata,
1289 2939 1373 2992 vir
1421 2938 1511 2993 ille
1569 2937 1683 2993 Deo
1728 2938 2087 2996 charissimus

2193 2941 2356 3024 σοφον
2387 2929 2482 2983 καὶ
2512 2928 2737 3004 θεοσεϐῆ
2774 2932 2890 3003 βίον
2932 2935 3320 3009 διαϐεϐηκότες
3349 2942 3775 3014 ἀναγράφονται.

503 3033 673 3105 309
701 3048 825 3089 cum
875 3033 1062 3087 liberis
1086 3032 1249 3087 simul
1287 3040 1341 3086 et
1373 3031 1657 3094 uxoribus,
1695 3045 1897 3085 novum
1928 3031 2088 3102 plane

504 3143 649 3181 novo
693 3127 975 3182 hominum
1012 3125 1194 3195 generi
1236 3125 1526 3179 excitando
1558 3123 1964 3196 animandoque
1997 3141 2086 3181 se-

504 3235 654 3285 men,
702 3220 945 3289 ejusdem
998 3233 1225 3289 munere
1272 3217 1644 3287 beneﬁcioque
1691 3226 1941 3273 servatus
1979 3226 2082 3275 est.

502 3310 712 3381 Dignus
743 3322 797 3366 et
827 3313 943 3380 ipse
970 3309 1233 3381 profecto,
1265 3325 1429 3380 quem
1463 3319 1524 3364 ut
1551 3310 1733 3364 vivum
1771 3325 1837 3365 ac
1864 3311 2083 3381 Spirans

499 3403 724 3457 virtutis
745 3411 799 3457 et
828 3402 1110 3473 religionis
1139 3402 1438 3472 exemplar,
1466 3401 1669 3470 posteri
1697 3416 1888 3457 omnes
1911 3418 2083 3457 temu-

499 3497 705 3554 lentur.
747 3496 926 3566 Atque
948 3495 1017 3549 'hi
1061 3504 1189 3549 ante
1225 3493 1415 3549 diluvii
1461 3502 1707 3564 tempora
1746 3493 2078 3555 ﬂoruerunt.

497 3586 773 3643 Exstitere
815 3586 904 3640 alii
952 3594 1162 3655 postea,
1206 3585 1407 3655 pietate
1448 3585 1660 3641 nobiles
1690 3586 1793 3656 ipsi
1836 3602 2075 3657 quoque,

497 3694 734 3749 quorum
773 3676 1039 3731 memoria
1089 3677 1262 3731 sacris
1290 3676 1455 3730 etiam
1498 3677 1712 3746 paginis
1755 3690 2076 3734 conservata

495 3778 701 3825 manet.
741 3767 891 3834 Quos
928 3768 1073 3822 inter
1110 3768 1368 3823 sacerdos
1391 3770 1613 3839 quidam
1648 3772 1848 3825 summi
1890 3770 2077 3826 Numi-

494 3864 584 3918 nis
610 3871 828 3917 crcatus
849 3872 953 3927 est,
980 3875 1141 3931 quem
1164 3860 1374 3930 justum
1401 3878 1570 3932 regem
1594 3861 1822 3918 Hebraao
1852 3866 2073 3919 nomine

495 3958 861 4026 appellarunt.
891 3956 1159 4011 Caeterum
1191 3955 1334 4024 apud
1376 3955 1498 4010 illos
1531 3971 1745 4023 omnes,
1776 3957 1843 4013 de
1876 3973 2071 4027 corpo-

490 4064 584 4104 rea
613 4048 1034 4105 circumcisione
1066 4047 1293 4102 verbum
1333 4048 1557 4101 omnino
1588 4048 1823 4115 nullum,
1857 4050 2069 4105 nullum

487 4155 701 4205 earum,
750 4140 950 4209 quibus
975 4137 1192 4193 Judaaos
1227 4136 1439 4208 Moyses
1468 4139 1724 4206 instituit,
1763 4139 1942 4211 legum
1977 4156 2070 4197 ve-

486 4232 732 4303 stigium.
766 4230 948 4297 Quare
973 4229 1191 4285 Iudaeos
1221 4230 1345 4285 illos
1376 4245 1714 4296 nuncupare,
1743 4246 1933 4286 verum
1958 4231 2067 4286 uti-

2204 3018 2293 3072 Ἐν
2319 3019 2384 3091 δὴ
2415 3020 2626 3088 τούτοις
2647 3026 2779 3096 ἡμῖν
2804 3026 2979 3081 ἅπασι
3008 3031 3103 3083 καὶ
3126 3032 3155 3083 ό
3189 3031 3463 3105 βοώμενος
3488 3035 3585 3090 τοῦ
3639 3055 3778 3094 παν-

2187 3110 2279 3174 τὸς
2327 3111 2517 3178 ἔθνους
2572 3116 2846 3189 γενάρχης
2909 3120 3160 3194 Ἀϐραὰμ
3214 3127 3681 3201 καταριθμείσθω·
3728 3124 3776 3201 ᾧ

2188 3207 2460 3294 μαρτυρεῖ
2487 3206 2558 3260 τὰ
2576 3207 2732 3278 λόγια
2761 3210 3125 3285 δικαιοσύνην,
3158 3216 3219 3270 οὐ
3240 3219 3340 3290 τὴν
3375 3220 3441 3272 ὲκ
3471 3222 3636 3294 νόμου
3672 3226 3777 3280 πά-

2183 3293 2266 3349 λιν
2303 3298 2606 3365 Μωῦσέως,
2631 3302 2713 3357 ὅτι
2762 3305 2896 3376 μηδὲ
2917 3301 2986 3378 ἦν
3033 3326 3120 3362 πω
3152 3310 3296 3365 τότε*
3337 3314 3476 3383 μετὰ
3501 3293 3634 3384 γοῦν
3680 3319 3774 3374 τὸν

2196 3386 2448 3481 ᾎϐραὰμ
2496 3390 2703 3481 ἑϐδόμῃ
2764 3397 2929 3467 γενεᾷ
2976 3399 3218 3468 Μωῦσῆς
3256 3403 3594 3477 ἀναπέφηνε·
3632 3409 3771 3481 πλὴν

2179 3477 2317 3532 ἀλλὰ
2342 3480 2437 3534 καὶ
2465 3474 2622 3547 οὗτος
2645 3482 2850 3549 δίκαιος
2869 3485 2960 3539 καὶ
2988 3489 3218 3560 εὐσεϐὴς
3249 3488 3390 3546 εἷναί
3436 3474 3521 3558 τις
3549 3474 3773 3571 ἀνείρη-

2180 3587 2291 3661 ται,
2321 3575 2369 3626 εί
2399 3572 2493 3626 καί
2516 3591 2602 3638 τις
2629 3574 2789 3639 ἄλλος
2815 3577 3118 3649 ἀνείρηται,
3149 3584 3263 3646 τοῖς
3294 3585 3500 3640 ἄνωθεν
3532 3588 3766 3661 δεδηλωι-

2181 3660 2367 3733 μένοις
2395 3665 2813 3737 παραπλησίως.
2862 3669 3024 3737 Λέγει
3049 3670 3095 3724 δ’
3139 3669 3232 3728 οὖν
3283 3676 3315 3746 ἡ
3356 3676 3568 3752 Γραφή·
3603 3700 3622 3733 ι
3646 3660 3765 3737 Καὶ

2176 3757 2498 3810 ἐπίστευσεν
2537 3757 2791 3830 Ἀϐραὰμ
2819 3759 2896 3831 τῷ
2914 3760 3057 3832 Θεῷ,
3083 3765 3178 3817 καὶ
3207 3765 3461 3841 ἐλογίσθη
3489 3773 3639 3844 αὐτῷ
3684 3777 3764 3839 εις

2174 3847 2574 3918 δικαιοσύνην.»
2603 3848 2824 3931 ματέρα
2843 3849 2907 3923 δὴ
2940 3852 3150 3907 πολλῶν
3199 3858 3367 3915 ἐθνῶν
3392 3863 3420 3915 6
3452 3862 3594 3927 θεῖος
3622 3883 3761 3938 χρη-

2177 3939 2313 4011 σμὸς
2337 3940 2525 3994 τοῦτον
2554 3940 2774 3996 ἔσεσθαι
2799 3949 3187 4020 προαγορεύει,
3237 3951 3536 4026 διαρρήδην
3583 3973 3644 4010 τε
3680 3960 3766 4012 ati-

2179 4027 2575 4100 λογηθήσεσθαι
2607 4032 2667 4085 ὲν
2717 4033 2869 4105 αὐτῷ
2937 4054 3069 4110 φησι
3114 4058 3134 4090 ι
3169 4041 3345 4095 πάντα
3375 4043 3443 4098 τὰ
3487 4044 3614 4119 ἔθνη
3659 4049 3762 4120 τῆς

2174 4120 2300 4191 γῆς,
2332 4123 2426 4175 καὶ
2460 4123 2642 4189 πάσας
2687 4125 2789 4190 τάς
2841 4128 3068 4197 φυλάςί
3105 4131 3365 4208 ἄντικρυς
3405 4137 3473 4191 τά
3510 4138 3607 4192 νῦν
3636 4142 3759 4195 καθ’

2171 4213 2318 4306 ημόις
2344 4215 2739 4289 συντελούμενα
2793 4219 3084 4287 θεσπίζων.
3133 4225 3272 4280 Ἀλλ’
3301 4228 3330 4280 ὃ
3370 4244 3435 4295 γε
3506 4229 3758 4306 Ἀϐραὰμ

486 4300 596 4393 que
642 4337 748 4376 non
784 4323 983 4390 fuerit;
1011 4321 1233 4376 Graecos
1279 4331 1460 4376 autem
1512 4323 1685 4377 multo
1729 4323 1935 4388 minus,
1970 4325 2066 4394 qui

2190 4303 2381 4366 εκείνος
2413 4306 2550 4375 μετὰ
2572 4307 2672 4378 τὴν
2718 4309 2776 4361 ὲν
2802 4308 3114 4387 δικαιοσύνῃ
3141 4315 3419 4372 τελείωσιν
3454 4319 3513 4371 οὐ
3542 4300 3629 4375 διά
3661 4300 3755 4377 τοῦ

486 4430 598 4470 non
650 4413 965 4469 Graecorum
1016 4422 1110 4469 aut
1152 4422 1475 4470 caeterorum
1510 4415 1836 4485 populorum
1888 4428 2064 4477 more.

484 4500 714 4556 deorum
774 4501 1180 4556 multitudinem
1238 4503 1564 4557 invexerint.
1637 4502 1893 4558 Hebraeos
1939 4517 2067 4558 vero

481 4595 688 4665 justius
716 4570 1097 4663 appellaveris,
1131 4596 1247 4650 sive
1291 4596 1361 4649 ab
1400 4594 1612 4651 llebero
1637 4611 1834 4651 nomen
1869 4597 2064 4662 ducas,

484 4690 604 4744 sive
649 4688 832 4758 potius
886 4702 917 4740 a
952 4688 1102 4741 vocis
1128 4688 1290 4759 illius
1339 4690 1758 4760 signiﬁcatione.
1804 4687 2064 4745 Hebraeos

480 4780 652 4843 enim,
680 4779 838 4849 quasi
865 4786 1218 4844 transeuntes,
1255 4779 1602 4848 interpretari
1646 4778 1828 4850 possis
1862 4798 1875 4834 :
1909 4780 2002 4849 qui
2031 4794 2063 4835 a

480 4880 755 4926 terrarum
800 4871 1154 4938 commercio,
1201 4871 1266 4925 ad
1298 4874 1647 4941 praepotentis
1690 4870 1785 4925 Dei
1817 4880 2063 4926 contem-

479 4963 778 5035 plationem
834 4963 1171 5018 transierint.
1216 4962 1498 5034 Ejusmodi
1553 4965 1699 5019 enim
1751 4978 1848 5019 eos
1890 4962 2063 5018 fuisse

478 5064 715 5109 testatur
746 5054 999 5119 historia,
1034 5055 1127 5126 qui
1174 5057 1340 5111 unius
1372 5072 1401 5109 a
1446 5065 1641 5110 natura
1675 5056 1862 5110 inditae
1898 5056 2061 5110 ratio.

479 5147 590 5210 nis,
624 5148 915 5218 legumque
948 5149 1152 5218 scripto
1190 5150 1342 5203 nullo
1391 5149 1917 5219 comprehensarum
1951 5148 2060 5203 du-

480 5249 595 5302 ctu,
621 5250 673 5293 et
714 5251 918 5296 rectam
962 5242 1180 5297 virtutis
1219 5244 1363 5297 viam
1398 5241 1626 5297 feliciter
1660 5251 1974 5308 tenuerunt,
2005 5249 2060 5295 et

480 5345 672 5386 omnes
715 5334 1084 5405 praetergressi
1129 5335 1376 5405 corporis
1407 5336 1735 5404 voluptates,
1786 5335 1853 5390 ad
1887 5336 2052 5389 vitam

480 5425 746 5495 singulari
775 5442 900 5481 cum
934 5428 1225 5498 sapientia,
1254 5436 1369 5482 tum
1394 5427 1656 5499 religione
1687 5427 1947 5498 cultuque
1970 5426 2055 5483 di-

552 5594 575 5622 ⁸
602 5585 685 5638 la.
716 5585 1167 5659 κατωρθωμένην.
1248 5588 1276 5627 b
1312 5604 1425 5657 γρ,
1460 5587 1797 5656 θεοφανείας.

2168 4394 2449 4459 Μωῦσέως
2473 4397 2662 4468 νόμου,
2692 4398 2779 4454 διὰ
2806 4401 2863 4454 δὲ
2879 4404 3115 4470 πίστεως
3132 4410 3577 4483 κατωρθωμένης
3604 4426 3630 4454 ι
3658 4416 3757 4469 αύ-

2167 4484 2275 4554 τῷ,
2311 4487 2447 4556 μετά
2469 4504 2532 4556 γε
2569 4489 2668 4555 τὰς
2714 4490 3098 4563 άναγράπτους
3152 4494 3341 4561 θυσίας
3383 4496 3434 4564 ι’,
3490 4500 3577 4551 ἐπ’
3605 4502 3756 4574 αὐτῷ

2167 4578 2316 4651 γήρᾳ
2342 4580 2550 4651 μέλλων
2584 4582 2751 4637 παῖδα
2776 4586 2996 4656 γνήσιον
3023 4591 3224 4654 τεκεῖν,
3253 4591 3469 4663 πρῶτος
3496 4593 3751 4651 ἁπάντων

2167 4673 2310 4726 κατὰ
2344 4674 2589 4747 χρησμὸν
2612 4676 2674 4729 τὸ
2709 4676 2870 4747 σῶμα
2901 4680 3306 4751 περιτέμνεται,
3332 4686 3491 4740 τοῦτο
3520 4690 3752 4755 καὶτοῖς

2167 4762 2227 4829 ἐξ
2253 4764 2418 4819 αὐτοῦ
2448 4766 2811 4838 γεννωμένοις
2833 4769 3102 4824 ἐπιτελεῖν
3150 4776 3449 4844 παραδοὺς,
3501 4781 3612 4833 εἴτε
3667 4784 3753 4847 εἰς

2166 4857 2380 4928 ἐμφανῆ
2405 4859 2703 4930 σημείωσιν
2751 4860 2850 4930 τῆς
2888 4846 3000 4912 τῶν
3047 4851 3105 4927 ἐξ
3137 4863 3303 4918 αὑτοῦ
3340 4868 3547 4922 παίδων
3585 4846 3752 4925 πολῶ

2165 4946 2448 5019 πληθείας,
2480 4948 2590 5002 εἴτε
2626 4948 2719 5004 καὶ
2738 4948 2815 5013 ὼς
2840 4947 3014 5019 ἔχοιεν
3036 4954 3087 5005 oi
3122 4955 3309 5020 παῖδες
3342 4960 3572 5032 πάτριον
3603 4962 3749 5031 γνὼ-

2165 5055 2356 5112 ρισμα,
2379 5042 2496 5111 ἦτοι
2524 5039 2766 5111 βιοῦντες
2797 5043 2938 5097 κατὰ
2970 5044 3062 5098 τὸν
3100 5045 3210 5100 τῶν
3237 5051 3515 5121 προγόνων
3558 5051 3742 5126 ζῆλον,

2161 5132 2196 5203 ἤ
2223 5134 2321 5204 τῆς
2352 5132 2576 5187 ἐκείνων
2626 5136 2829 5207 ἀρετῆς
2860 5136 3297 5210 ἀπολειπόμενοι·
3341 5143 3449 5197 εἴτε
3479 5146 3601 5199 καθ’
3624 5147 3745 5200 ἑτέ-

2165 5240 2266 5295 ρας
2295 5223 2692 5295 οίασδηποτοῦν
2724 5227 2923 5293 αἰτίας,
2952 5227 3020 5292 ἃς
3038 5230 3099 5283 οὐ
3146 5230 3242 5285 νῦν
3268 5234 3430 5306 σχολὴ
3459 5236 3745 5309 πολυπρα-

2160 5317 2404 5386 γμονεῖν.
2439 5317 2657 5372 Τοιόσδε
2689 5319 2788 5390 μὲν
2820 5317 2913 5374 οὖν
2935 5321 3032 5375 καὶ
3084 5315 3237 5387 οὗτος
3271 5327 3351 5388 είς
3394 5326 3623 5398 μίμησιν
3646 5330 3744 5382 ὲκκ

2160 5408 2427 5479 κείμενος*
2458 5409 2593 5480 μετὰ
2648 5411 2692 5464 δ’
2718 5412 2879 5467 αὐτὸν
2943 5412 3126 5469 Ἰσαὰκ
3155 5419 3253 5489 τῆς
3316 5417 3573 5491 πατρῴας
3598 5421 3742 5494 ὁμοῦ
