4166 6428
314 213 423 273 525

1475 220 1800 284 ῙἪΕΡᾹΒ.
1847 220 2100 286 EVANG.
2138 232 2270 288 LIB.
2310 226 2420 290 VII.

3471 243 3575 297 526

316 336 643 408 θεογνωσίας
664 358 724 393 τε
758 334 854 396 καὶ
887 338 1164 412 θεοφιλίας
1209 343 1452 416 διάδοχος
1495 347 1872 403 ἀναδείκνυται

2001 353 2128 407 vino
2154 364 2506 423 praestantem
2556 358 2974 415 transvolarunt.
3015 360 3193 431 Atque
3226 362 3330 417 hoc
3380 362 3437 416 in
3470 379 3573 416 nu-

316 428 517 501 κλῆρον
555 432 808 489 ἁπάντων
841 432 1028 488 τοῦτον
1048 435 1329 489 κάλλιστόν
1360 454 1419 490 τε
1457 440 1550 492 καὶ
1587 444 1897 513 τρισμακά-

315 536 431 594 ριον
454 522 547 576 τοῦ
605 524 810 594 πατρὸς
852 525 1275 597 διαδεδεγμένος.
1318 530 1432 601 Μιᾷ
1462 531 1651 586 τοῦτον
1683 538 1894 607 γαμετῇ

310 610 381 666 τά
403 611 520 667 θεῖά
539 631 670 682 φασι
709 615 1029 670 συνελθόντα
1052 617 1227 687 λόγια,
1259 623 1357 691 μιᾷ
1380 624 1684 693 χρήσασθαι
1708 628 1896 680 παιδο-

314 704 489 776 ποιίᾳ·
519 700 642 759 καθ’
673 707 738 778 ἢν
764 708 984 779 διδύμου
1007 711 1168 781 γονῆς
1200 712 1535 783 ἀποδειχθεὶς
1573 716 1774 788 πατὴρ,
1818 721 1898 783 είς

312 794 470 850 τοῦτο
501 798 941 869 περιγράψασθαι
966 800 1064 872 τὴν
1088 804 1222 874 πρὸς
1257 804 1357 875 τὴν
1412 808 1654 879 γαμετὴν
1678 809 1894 880 ὁμιλίαν

314 886 587 960 ὑπερϐολῇ
640 889 992 962 σωφροσύνης
1050 890 1287 959 λέγεται.
1361 895 1630 950 Ἐνταῦοά
1683 914 1765 951 σοι
1800 902 1895 954 καὶ

326 977 589 1042 Ἰακὼϐ,ὁ
636 981 729 1033 καὶ
775 979 1013 1053 Ἰσραὴλ,
1068 984 1324 1054 εἰσήχθω·
1382 985 1647 1059 διώνυμός
1688 1006 1770 1054 τις
1802 1009 1894 1060 γε-

309 1068 483 1138 γονὼς
517 1070 655 1142 ἀνὴρ
684 1072 833 1143 παρά
865 1073 963 1144 τὴν
1018 1074 1126 1129 τῶν
1179 1077 1395 1131 οἰκείων
1425 1080 1635 1150 ἀρετῶν
1668 1081 1894 1155 διαλάμ-

310 1178 520 1215 πουσαν
546 1166 848 1236 προκοπήν.
870 1166 997 1220 Ὅτε
1023 1162 1121 1238 μὲν
1145 1164 1257 1235 οὖν,
1277 1171 1749 1245 ὲγγυμναζόμενος
1779 1181 1893 1243 τοῖς

310 1251 635 1327 πρακτικοῖς
669 1255 820 1326 ἤθεσί
848 1276 905 1311 τε
934 1260 1028 1311 καὶ
1083 1260 1234 1330 βίοις,
1268 1263 1375 1318 τῶν
1420 1265 1566 1339 ὑπὲρ
1611 1269 1888 1335 εὐσεϐείας

310 1346 488 1399 πόνων
519 1348 874 1418 ἀπεπειρᾶτο,
913 1348 1111 1404 Ἰακὼϐ
1135 1352 1281 1424 αὐτῷ
1299 1355 1466 1427 ὄνομα
1487 1355 1576 1430 ἦν,
1607 1362 1891 1432 ἁσκητὴν

303 1436 365 1490 δὲ
392 1438 482 1490 καὶ
506 1439 777 1508 ἀθλητὴν
891 1445 1227 1517 προσηγορία
1277 1448 1431 1501 καλεῖ
1473 1450 1603 1523 (67),
1638 1454 1730 1506 ἐπὶ
1793 1456 1890 1528 τὴν

322 1531 544 1585 Ἐλλάδα
570 1533 980 1605 μεταληφθείσα
1013 1540 1216 1609 φωνήν.
1252 1541 1379 1594 Ὅτε
1411 1541 1465 1596 δὲ
1507 1543 1690 1597 λοιπὸν
1709 1546 1776 1600 τά
1813 1566 1891 1600 νι-

311 1625 546 1696 κητήρια
580 1625 720 1679 κατὰ
747 1627 854 1680 τῶν
870 1628 1177 1685 ἀντιπάλων
1203 1630 1382 1687 λαϐὼν
1407 1636 1681 1705 στέφεται,
1704 1636 1801 1710 ήδη
1830 1657 1888 1693 τε

1999 460 2174 512 mero,
2216 447 2562 505 Abrahamus
2591 453 2753 506 etiam
2782 453 2892 517 ille,
2925 469 3083 523 quem
3115 455 3329 525 generis
3368 456 3574 524 princi-

1997 552 2119 606 pem
2169 539 2407 594 universi
2447 543 2763 611 praedicant,
2809 546 2934 615 jure
2984 560 3016 599 a
3062 546 3222 601 nobis
3264 548 3569 618 meritoque

1999 642 2304 686 censeatur.
2350 631 2526 702 Hujus
2565 636 2709 689 enim
2738 637 2950 706 justitia
2981 638 3296 694 divinorum
3344 655 3570 711 quoque

1998 720 2347 774 oraculorum
2376 724 2689 778 testimonio
2719 728 3131 782 commendatur
3161 744 3308 782 :non
3344 718 3507 798 quam
3536 745 3568 783 ιι

1997 808 2201 882 Moysis
2244 812 2364 883 lege
2424 816 2726 885 acceperit,
2754 827 2905 872 certe
2944 819 3161 888 quidem
3208 834 3333 874 cum
3391 820 3569 875 adhuc

1996 902 2144 955 nulla
2179 910 2294 957 tum
2328 913 2474 960 esset
2504 925 2516 959 :
2555 923 2682 960 nam
2717 918 2873 962 aetate
2904 916 3028 978 post
3075 909 3449 962 Abrahamum
3482 925 3568 964 se-

1993 994 2166 1063 ptima
2197 1004 2357 1050 natus
2389 1006 2472 1052 est
2507 997 2741 1070 Moyses.
2774 998 2838 1051 Et
2874 1010 3019 1053 tanta
3053 1000 3172 1069 ejus
3215 998 3476 1069 profecto,
3520 1003 3567 1055 si

1996 1086 2320 1157 cujusquam
2355 1088 2602 1154 alterius,
2639 1090 2921 1159 integritas
2951 1100 3112 1160 atque
3137 1092 3348 1161 religio,
3379 1092 3565 1146 eadem

1993 1191 2104 1246 qua
2143 1178 2487 1246 superiorum
2531 1179 2747 1233 illorum
2800 1181 3184 1250 prtedicatione
3236 1182 3562 1235 celebratur.

1994 1269 2069 1322 De
2106 1269 2198 1324 illo
2231 1269 2376 1323 enim
2428 1271 2572 1326 hunc
2617 1273 2672 1326 in
2704 1273 2926 1326 modum
2969 1271 3249 1342 Scriptura
3282 1273 3562 1342 loquitur:

1998 1375 2017 1408 ι
2046 1356 2113 1412 Et
2139 1359 2367 1414 credidit
2390 1361 2666 1415 Abraham
2704 1360 2836 1428 Deo,
2863 1372 2915 1416 et
2945 1370 3255 1430 reputatum
3283 1370 3366 1415 est
3397 1361 3471 1414 illi
3498 1362 3562 1414 ad

1987 1448 2258 1519 justitiam
2280 1448 2349 1504 ιδ.
2379 1468 2398 1501 ι
2438 1449 2695 1505 Eumdem
2716 1466 2880 1521 porro
2923 1451 3163 1522 gentium
3205 1450 3562 1520 plurimarum

1992 1551 2273 1610 parentem
2305 1541 2575 1611 futurum,
2630 1559 2694 1599 ac
2737 1545 3059 1598 nominatim
3096 1563 3115 1595 ι
3146 1552 3334 1614 gentes
3374 1559 3562 1598 omnes

1994 1643 2176 1699 terrae,
2208 1650 2508 1705 omnesque
2538 1636 2712 1691 tribus
2740 1636 2792 1690 in
2823 1652 2888 1692 eo
2922 1637 3322 1692 benedicendas
3360 1652 3503 1702 esse,
3541 1656 3556 1687 ι

308 1713 415 1768 τῶν
444 1714 585 1769 κατά
609 1716 842 1789 θεωρίαν
865 1714 1083 1789 ἀγαθῶν
1106 1723 1388 1789 ἀπολαύει,
1416 1727 1712 1797 τηνικαῦτα
1741 1731 1879 1802 αὐτῷ

1991 1724 2173 1780 divina
2206 1728 2428 1781 oracula
2479 1728 2847 1796 praedixerunt
2875 1744 2889 1780 :
2918 1742 3040 1796 quae
3088 1743 3219 1782 sane
3258 1727 3560 1797 praedictio,

307 1808 403 1860 καὶ
429 1807 664 1879 τοῦνομα
688 1811 1008 1881 μεταϐάλλει
1030 1815 1059 1866 ὁ
1084 1814 1436 1886 χρηματίζων
1462 1816 1612 1885 Θεὸς,
1634 1823 1769 1894 ὁμοῦ
1793 1826 1888 1879 καὶ

300 1907 558 1973 θεθπτίας
583 1910 746 1964 αὐτὸν
779 1909 967 1976 ἀξιῶν,
1003 1915 1096 1966 καὶ
1127 1913 1231 1968 τῶν
1259 1914 1546 1988 θειοτέρων
1589 1921 1768 1993 γερῶν
1826 1941 1886 1977 τε

299 2000 401 2053 ’καὶ
422 2000 597 2072 τιμῶν
616 2001 714 2066 τὰς
742 2003 976 2074 ἀμοιϐὰς
1006 2006 1095 2060 διά
1124 2007 1226 2078 τῆς
1274 2012 1644 2082 προσηγορίας
1687 2012 1887 2086 δωροῦ-

304 2108 486 2162 μενος.
509 2093 671 2161 Λέγει
696 2094 740 2146 δ’
761 2090 854 2148 οὖν
884 2096 1021 2168 πρὸς
1051 2097 1211 2152 αὐτὸν
1240 2102 1268 2153 ὁ
1292 2103 1554 2173 χρησμός·
1599 2123 1618 2155 ι
1653 2107 1768 2159 Οὐκ
1804 2106 1884 2161 ἔτί

302 2183 635 2255 κληθήσεται
661 2185 722 2239 τὸ
747 2186 920 2258 ὄνομά
957 2205 1051 2241 σου
1094 2190 1307 2257 Ἰακὼϐ,
1345 2193 1460 2246 ἀλλ’
1493 2196 1707 2266 Ἰσραὴλ
1732 2197 1884 2253 ἔσται

301 2273 364 2327 τὸ
385 2273 558 2345 ὄνομά
582 2292 696 2342 σου,
717 2277 798 2330 ὅτι
829 2277 1114 2349 ὲνίσχυσας
1138 2281 1276 2352 μετὰ
1315 2278 1409 2336 τοῦ
1440 2284 1596 2350 Θεοῦ,
1625 2288 1716 2341 καὶ
1745 2289 1884 2358 μετά

301 2363 605 2436 ἀνθρώπων
632 2366 872 2433 δυνατός·
888 2389 906 2420 ι
926 2370 1015 2423 τὸν
1031 2372 1282 2441 ὁρατικὸν
1311 2370 1477 2447 ἄνδρα
1501 2378 1595 2430 καὶ
1624 2377 1883 2452 θεωρητι-

302 2453 399 2508 κὸν
429 2455 524 2509 τοῦ
558 2457 770 2528 Ἰσραὴλ
796 2458 1202 2527 ὑποφαίνοντοςο
1232 2465 1353 2517 ἐπεὶ
1394 2468 1488 2519 καὶ
1514 2467 1751 2540 τοῦνομα
1781 2489 1879 2542 μει-

299 2545 563 2617 ταϐληθὲν
599 2549 851 2619 σημαίνει
877 2551 1163 2623 ἄνθρωπον
1194 2555 1404 2626 ὁρῶντα
1451 2558 1602 2613 Θεόν.
1662 2563 1878 2618 Τοιόσδε

300 2636 399 2707 μὲν
421 2633 511 2690 οὖν
544 2639 637 2691 καὶ
664 2635 836 2706 οὗτος,
872 2641 931 2708 ἐξ
959 2636 1020 2695 οὐ
1076 2644 1137 2697 τὸ
1178 2644 1551 2719 δωδεκάφυλον
1606 2652 1698 2706 τοῦ
1745 2628 1877 2709 Ἰουί-

294 2726 461 2782 δαίων
492 2728 675 2794 ἔθνους
728 2732 939 2804 ὑπέστη
999 2736 1173 2803 γένος.
1228 2739 1418 2811 Μυρία
1466 2741 1510 2795 δ’
1546 2743 1612 2797 ἂν
1660 2745 1874 2820 λεχθείη

294 2820 429 2892 περὶ
461 2821 555 2874 τοῦ
584 2822 699 2893 βίου
728 2825 836 2877 τῶν
867 2827 1095 2898 ἀνδρῶν,
1125 2829 1221 2883 καὶ
1252 2834 1350 2903 τῆς
1404 2833 1691 2906 φιλοσόφου
1743 2855 1877 2911 καρ-

294 2914 483 2985 τερίας
508 2933 567 2968 τε
600 2916 778 2971 αὐτῶν
822 2920 920 2972 καὶ
951 2921 1258 2991 ἀσκήσεως·
1285 2924 1355 2977 τὰ
1389 2925 1493 2996 μὲν
1547 2928 1684 2998 πρὸς
1732 2930 1875 2997 λέξιν

1990 1833 2112 1888 quae
2151 1819 2484 1888 temporibus
2528 1819 2735 1874 nostris
2781 1818 3001 1873 evenire
3039 1819 3335 1883 cernimus,
3382 1817 3561 1887 palam

1988 1921 2044 1967 et
2083 1921 2270 1982 aperte
2313 1911 2626 1966 denotabat.
2680 1909 3024 1965 Abrahamus
3078 1910 3244 1979 igitur
3290 1910 3399 1973 ille,
3440 1921 3563 1979 post

1987 2018 2108 2058 eam
2152 2002 2381 2073 justitia:
2417 2003 2789 2056 maturitatem
2825 2011 2987 2065 atque
3037 2000 3450 2071 perfectionem,
3491 2001 3559 2055 ad

1987 2109 2151 2164 quam
2186 2093 2366 2162 ipsum
2392 2107 2500 2147 non
2528 2093 2614 2147 lex
2638 2091 2859 2163 Moysis,
2883 2092 2977 2147 sed
3012 2092 3239 2147 illustris
3272 2092 3406 2147 ﬁdes
3428 2106 3559 2146 con.

1986 2194 2250 2254 stansque
2279 2185 2644 2254 perduxerat,
2688 2192 2814 2252 post
2847 2198 2960 2248 eos,
2991 2183 3188 2252 quibus
3215 2197 3385 2237 sacrae
3416 2182 3559 2237 litte-

1983 2293 2059 2332 rte
2090 2277 2481 2345 suffragantur,
2515 2274 2770 2329 Numinis
2816 2274 2985 2329 divini
3022 2283 3371 2345 conspectus,
3414 2274 3557 2346 legi.-
3638 2326 3648 2333 .

1984 2369 2178 2423 timum
2211 2368 2313 2422 sub
2349 2373 2651 2421 extremam
2699 2377 3033 2423 senectutem
3060 2367 3231 2420 ﬁlium
3279 2380 3558 2437 susceptu-

1981 2474 2100 2524 rus,
2152 2473 2278 2513 cum
2319 2458 2562 2513 omnium
2607 2474 2727 2515 sese
2772 2459 3005 2529 primus,
3037 2458 3202 2528 310
3244 2460 3322 2512 uti
3367 2459 3555 2528 jussus

1981 2550 2165 2605 divina
2192 2565 2327 2604 voce
2354 2549 2552 2616 fuerat,
2585 2549 2953 2614 circumcidit,
2993 2558 3106 2603 tum
3144 2550 3284 2603 idem
3319 2550 3555 2618 posteris

1980 2641 2098 2711 ipse
2136 2642 2251 2697 suis
2293 2640 2601 2696 faciendum
2634 2643 2919 2712 praecepit;
2956 2641 3070 2695 sive
3092 2648 3151 2694 ut
3175 2640 3277 2695 hoc
3309 2632 3456 2695 velut
3486 2641 3552 2692 il-

1978 2715 2237 2793 lustriore
2287 2735 2476 2806 signo,
2529 2734 3003 2804 propagandorum
3054 2749 3120 2788 ex
3170 2747 3237 2787 co
3294 2744 3552 2802 nepotum

1979 2826 2272 2881 multitudo
2296 2834 2588 2892 constaret,
2621 2826 2736 2880 sive
2771 2832 2830 2879 ut
2862 2834 3151 2898 paternum
3179 2824 3550 2879 characterem

1979 2918 2138 2972 liberi
2162 2918 2480 2979 retinerent,
2520 2917 2682 2985 idque
2706 2916 2863 2982 adeo,
2888 2931 2982 2970 seu
3013 2915 3283 2985 majorum
3319 2916 3397 2970 illi
3425 2932 3554 2971 suo—

296 3005 663 3079 θεωρούμενα,
686 3010 754 3064 τὰ
790 3012 846 3065 δὲ
878 3013 976 3066 καὶ
1021 3013 1086 3066 δι’
1123 3016 1387 3071 ὑπονοιῶν
1417 3016 1876 3092 ἀλληγορούμενα.

1983 3023 2108 3063 rum
2137 3008 2384 3078 vestigiis
2414 3008 2750 3071 insisterent,
2784 3022 2878 3061 seu
2916 3008 2985 3061 ab
3010 3008 3325 3063 eorumdem
3353 3008 3553 3063 virtute

294 3100 431 3169 Περὶ
453 3095 526 3154 ὧν
554 3101 765 3172 εἴρηται
798 3103 895 3173 μὲν
928 3108 1024 3160 καὶ
1078 3106 1280 3172 ἄλλοις,
1334 3108 1476 3181 ἀτὰρ
1527 3111 1622 3165 καὶ
1654 3114 1785 3183 ἡμῖν
1818 3116 1876 3169 ἐν

292 3185 375 3254 οἷς
405 3194 977 3267 ἐπραγματευσάμεθα
1028 3200 1290 3271 περὶτῆς
1345 3200 1455 3254 τῶν
1507 3204 1752 3258 παλαιῶν
1786 3207 1879 3260 ἀν-

289 3283 434 3353 δρῶν
464 3284 583 3355 (68';
610 3287 983 3353 πολυπαιδίας.
1020 3291 1225 3345 Τοιοίδε
1276 3292 1374 3362 μὲν
1423 3288 1515 3348 οὖν
1565 3296 1661 3349 καὶ
1709 3291 1872 3354 οὗτοι.

293 3375 447 3445 Ἐχω
473 3392 555 3429 σοι
583 3378 711 3448 παρ’
745 3380 928 3444 αὐτοῖς
954 3383 1049 3435 καὶ
1080 3381 1237 3436 ἄλλον
1286 3385 1480 3451 εἰπεῖν,
1539 3385 1657 3440 Ἰὼϐ
1704 3388 1877 3462 ὄνομα

290 3464 371 3536 τῷ
399 3466 572 3538 ἀνδρὶ,
599 3469 658 3522 δν
688 3469 757 3523 τά
784 3471 902 3543 ἱερὰ
958 3477 1226 3545 μαρτυρεί
1272 3473 1430 3544 λόγια
1479 3479 1759 3548 γεγονέναι
1784 3483 1876 3537 ἀν-

292 3558 512 3631 θρωπον
534 3560 842 3632 ἄμεμπτον,
876 3563 1151 3635 ἀληθινὸν,
1180 3565 1408 3632 δίκαιον,
1454 3569 1702 3642 θεοσεϐῆ,
1740 3574 1883 3627 ἀπε-ν

288 3651 516 3721 χύμενον
540 3653 646 3706 ἀπὸ
671 3654 867 3718 παντὸς
914 3656 1148 3728 πονηροῦ
1207 3659 1550 3729 πράγματος.
1604 3659 1769 3727 Οὗτός
1808 3682 1872 3733 γε

288 3759 395 3808 τοι,
427 3743 579 3798 οὐδὲν
606 3747 901 3818 ⁶προσήκων
930 3748 1008 3819 τῷ
1066 3749 1333 3805 Ἰουδαίων
1379 3753 1527 3822 γένει
1546 3796 1563 3820 ,
1614 3756 1707 3808 ἐπὶ
1736 3760 1871 3811 πᾶσι

286 3836 402 3898 τοῖς
426 3838 527 3908 τῆς
578 3837 860 3902 εὐσεϐείας
913 3840 1298 3913 κατορθώμασι
1336 3846 1774 3918 μεμαρτύρηται..
1807 3846 1875 3903 Οἵ

287 3940 355 3997 γε
380 3926 486 3997 μὴν
517 3925 610 3980 τοῦ
648 3927 843 3989 Ἰακὼϐ
869 3930 1076 3996 παῖδες,
1130 3933 1228 4005 τὴν
1275 3936 1502 4007 πάτριον
1542 3936 1870 4007 θεογνωσίαν

286 4034 349 4070 τε
381 4018 476 4070 καὶ
504 4018 814 4073 θεοσέϐειαν
871 4023 1241 4093 ἠγαπηκότες,
1294 4026 1391 4097 τὴν
1442 4008 1548 4082 τῶν
1606 4030 1868 4084 ἀνέκαθεν

294 4106 562 4180 Ἐϐραίων
593 4110 780 4181 φήμην
802 4112 895 4164 ἐπὶ
921 4113 1063 4182 μέγα
1088 4114 1246 4184 δόξης
1286 4120 1545 4188 προῆγον,
1577 4118 1714 4173 ὥστε
1767 4121 1864 4193 ἤδη

288 4202 385 4255 καὶ
405 4201 586 4271 πάσης
614 4202 891 4270 Αἰγύπτου
940 4204 1036 4275 τὴν
1077 4206 1250 4278 ἀρχὴν
1301 4204 1625 4278 ἀνάψασθαι.
1661 4212 1719 4264 '0
1758 4214 1866 4284 γάρ

288 4309 370 4345 τοι
401 4291 598 4364 Ἰωσὴφ
635 4298 747 4358 τοῖς
810 4298 1164 4368 σωφροσύνης
1213 4303 1676 4372 προαναστεφθεὶς
1730 4305 1864 4377 βρα-

1980 3102 2326 3162 deﬂecterent
2358 3118 2372 3165 ;
2406 3102 2520 3155 sive
2548 3100 2782 3169 denique
2823 3100 2944 3155 alite
2973 3100 3222 3170 quaedam
3267 3100 3433 3171 hujus
3468 3102 3552 3154 in-

1978 3196 2155 3255 stituti
2194 3210 2374 3252 causae
2420 3193 2774 3262 rationesque
2808 3193 3117 3257 subessent,
3157 3193 3211 3247 in
3252 3209 3390 3263 quas
3427 3194 3553 3248 dili-

1977 3291 2191 3363 gentius
2227 3300 2281 3344 et
2321 3286 2594 3343 curiosius
2643 3285 2952 3356 inquirere,
3001 3286 3163 3340 modo
3212 3302 3323 3341 non
3368 3297 3546 3341 vacat.

1976 3385 2244 3439 Caeterum
2273 3380 2541 3451 ejusmodi
2576 3380 2738 3433 etiam
2770 3378 2858 3432 ille
2885 3377 3007 3443 fuit,
3042 3394 3203 3449 quem
3237 3394 3340 3434 nos
3381 3394 3549 3433 temu-

1974 3473 2079 3528 lari
2123 3484 2473 3542 summopere
2525 3470 2732 3525 deceat.
2779 3468 3090 3525 Secundum
3123 3470 3273 3525 illum
3330 3470 3549 3526 lsaacus

1973 3566 2243 3629 laudatur,
2271 3564 2391 3634 ejus
2424 3577 2544 3633 quae
2572 3571 2850 3633 parentem
2882 3572 3171 3618 ornaverat
3201 3564 3398 3619 divina:
3421 3580 3547 3619 cum

1973 3656 2204 3721 notitiae,
2254 3663 2369 3709 tum
2424 3654 2588 3708 etiam
2634 3653 2922 3709 charitatis
2961 3654 3158 3722 haeres,
3207 3671 3370 3724 quam
3432 3657 3548 3725 ipse

1972 3762 2140 3801 lnam
2184 3746 2430 3800 omnium
2474 3745 2641 3815 longe
2690 3744 3118 3815 pulcherrimam
3169 3761 3233 3800 ac
3292 3745 3547 3802 felicissi-

1973 3852 2121 3892 mam
2161 3837 2279 3907 ejus
2332 3836 2703 3891 haereditatem
2759 3837 2987 3892 sortitus
3035 3846 3137 3893 est.
3186 3837 3448 3894 Eumdem
3492 3850 3547 3893 et

1971 3942 2200 3983 uxorem
2241 3928 2508 3983 duntaxat
2542 3943 2707 3982 unam
2754 3928 2998 3995 duxisse,
3031 3939 3084 3983 et
3130 3930 3297 3983 semel
3331 3939 3543 3984 tantum

1970 4021 2158 4076 liberis
2204 4036 2425 4090 operam
2470 4021 2686 4077 dedisse
2730 4021 3064 4075 monimenta
3107 4021 3289 4075 divina
3334 4032 3542 4077 testan-

1973 4121 2060 4166 tur
2090 4131 2106 4168 :
2137 4129 2243 4183 qua
2294 4113 2456 4167 unica
2490 4112 2630 4177 vice,
2663 4112 2874 4183 gemina
2907 4111 3057 4181 prole
3100 4122 3373 4182 suscepta,
3422 4130 3543 4166 mu—

1972 4215 2120 4260 tuam
2166 4219 2291 4259 cum
2338 4218 2509 4258 uxore
2540 4203 2992 4258 consuetudinem
3039 4204 3544 4275 circumscripsisse

1967 4296 2163 4361 fertur,
2194 4296 2439 4364 exemplo
2466 4295 2815 4348 continentiae
2844 4295 3131 4366 singulari.
3159 4294 3542 4367 Conscquatur

282 4382 474 4448 ϐείοις,
520 4385 752 4440 κᾶπειτα
778 4388 876 4459 τὴν
896 4389 1204 4458 Αἰγυπτίων
1226 4392 1618 4464 ὑποδεξάμενος
1659 4399 1862 4468 ἡγεμο-

1979 4386 2224 4453 Iacobus,
2256 4402 2416 4456 quem
2447 4394 2501 4441 et
2529 4386 2786 4442 lsraelem
2816 4397 3086 4442 vocarunt
3112 4408 3123 4441 :
3156 4391 3299 4459 quod
3327 4401 3541 4447 utrum-

286 4476 428 4543 νίαν,
454 4477 546 4531 τὸν
571 4478 788 4551 θεοφιλῆ
814 4481 924 4535 τῶν
957 4480 1221 4551 Ἐϐραίων
1269 4483 1491 4552 διέδειξε
1523 4485 1740 4558 τρόπον.
1769 4489 1864 4542 Ὃν

286 4569 382 4622 καὶ
414 4569 575 4623 αὐτὸν
607 4569 801 4640 ζηλοῦν
828 4572 896 4626 δι’
922 4573 1089 4644 εὐχῆς
1121 4574 1482 4645 πεποιήμεθα,
1506 4575 1687 4629 δοῦλον
1706 4577 1865 4632 αὐτὸν

285 4659 347 4727 ἐξ
375 4661 589 4715 οἰκείων
627 4663 919 4734 ἐπιϐουλῆς
974 4667 1359 4739 γεγενημένον,
1410 4667 1505 4720 καὶ
1549 4667 1733 4723 δοῦλον
1765 4669 1867 4721 Λί-.

286 4754 516 4820 γυπτίου
542 4754 750 4827 ἀνδρός.
784 4756 863 4810 Τά
890 4757 988 4828 μὲν
1015 4757 1124 4829 γὰρ
1147 4757 1281 4813 ἄλλα
1314 4760 1416 4813 ὅσα
1458 4761 1538 4823 είς
1555 4755 1864 4832 ὡραιότητα

287 4848 382 4900 καὶ
411 4846 600 4919 ῥώμην
632 4848 881 4920 σώματος
935 4852 1027 4904 καὶ
1080 4852 1382 4924 εὐμορφίαν
1403 4853 1693 4924 ηὐτύχητο,
1727 4872 1866 4926 παρ-

291 4937 434 5007 ίημι,
499 4941 547 4991 εί
581 4940 674 4994 καὶ
705 4940 773 4994 τά
832 4940 986 5010 λόγια
1020 4942 1248 5007 κάλλους
1275 4945 1436 4998 αὐτὸν
1470 4943 1589 5017 ὥρᾳ
1646 4945 1863 4999 πάντων

286 5027 582 5096 διενεγκεῖν
606 5031 933 5101 ἀναγράφει·
985 5032 1053 5086 τά
1091 5033 1149 5086 δὲ
1192 5035 1320 5104 περὶ
1365 5034 1542 5105 ψυχῆς
1584 5039 1657 5106 πῆ
1685 5036 1749 5090 ἄν
1780 5055 1902 5101 τις‹

286 5117 627 5190 διαγράψειε,
660 5124 780 5176 κατ’
814 5125 970 5191 ἀξίαν
1021 5125 1120 5196 τῆς
1155 5125 1248 5179 τοῦ
1299 5127 1492 5198 ἀνδρὸς
1525 5130 1726 5201 ἀρετῆς
1772 5130 1861 5183 τὸν

286 5211 506 5266 ἔπαινον
529 5214 752 5269 διελθεῖν
774 5218 1183 5289 προῃρημένος;
1218 5219 1378 5273 Φύσει
1404 5222 1501 5291 μὲν
1548 5223 1696 5294 αὐτῷ
1726 5241 1866 5295 παρ-

287 5306 431 5361 εῖναι
483 5305 637 5375 λόγος
665 5309 726 5361 τὺ
766 5309 1067 5381 ἐλευθέριον
1097 5309 1400 5382 γνώρισμα,
1430 5314 1522 5366 το)
1569 5332 1628 5367 τε
1662 5316 1860 5387 τρόπου

354 5414 410 5448 ⁸⁸
431 5415 569 5472 Gen.
598 5434 690 5482 xv,
717 5418 771 5472 6.

285 5531 695 5674 Ρΐὲξᾷζέἰαλεῐ.
730 5534 840 5589 Alt.
871 5550 902 5590 e
927 5551 1229 5604 manuscr.,
1257 5538 1426 5613 δηλοῖ,
1455 5540 1602 5611 quod
1636 5541 1861 5597 omnino

356 5672 469 5745 (68)
500 5675 643 5745 Περὶ
685 5674 797 5743 τῆς
833 5674 953 5731 τῶν
992 5676 1264 5734 παλαιῶν
1301 5680 1436 5739 ἁνδ.
1478 5678 1642 5739 Liber
1673 5681 1764 5741 hic
1794 5682 1861 5741 de

1967 4495 2074 4550 que
2104 4494 2325 4543 nomen,
2368 4479 2436 4533 ab
2466 4478 2667 4550 insigni
2694 4480 2929 4550 quadam
2966 4491 3051 4537 est
3093 4483 3400 4553 eximiaque
3427 4485 3540 4539 vir-

1966 4581 2141 4627 tutum
2177 4570 2494 4626 accessione
2534 4582 2880 4630 consecutus.
2919 4572 2967 4629 ls
2994 4573 3161 4636 enim,
3190 4574 3319 4631 dum
3361 4577 3539 4632 adhuc

1968 4663 2024 4715 in
2058 4661 2204 4717 civili
2232 4663 2467 4730 quodam
2501 4671 2556 4717 et
2600 4671 2826 4719 actuoso
2857 4664 2979 4720 vitae
3019 4680 3232 4736 genere,
3283 4668 3537 4723 assiduos

1966 4756 2184 4826 pietatis
2217 4770 2384 4811 causa
2419 4756 2634 4812 labores
2673 4757 2901 4823 subiret,
2948 4757 3183 4814 Jacobus
3213 4760 3530 4823 dicebatur;

1965 4863 2088 4919 qua:
2124 4865 2250 4913 vox,
2286 4850 2332 4904 si
2382 4848 2568 4905 Graece
2610 4850 2892 4919 reddatur,
2943 4863 3144 4906 asceten
3184 4853 3536 4921 uthletamque

1965 4951 2145 4999 sonat.
2180 4942 2326 4998 ldem
2357 4945 2542 5000 relatis
2575 4946 2741 5001 semel
2774 4946 2841 5001 de
2869 4946 3117 5003 hostibus
3148 4949 3387 5003 victoriae
3421 4960 3532 5003 tro-

1964 5031 2116 5100 paeis,
2174 5046 2489 5097 coronatus,
2531 5034 2627 5089 ubi
2674 5037 3145 5105 contemplationis
3185 5039 3379 5106 opibus
3429 5037 3533 5093 frui

1965 5123 2148 5191 carpit,
2178 5133 2290 5178 tum
2328 5139 2458 5179 veru
2500 5124 2644 5180 aliud
2696 5127 2745 5180 ei
2782 5141 2978 5181 nomen
3015 5136 3205 5182 auctor
3246 5129 3360 5198 ipse
3390 5128 3534 5186 Deus

1964 5212 2243 5283 imposuit.
2277 5230 2511 5285 eumque
2536 5216 2734 5285 partim
2763 5229 3056 5286 conspectu
3082 5233 3184 5272 suo
3206 5219 3314 5273 frui
3337 5222 3530 5286 voluit,

1963 5301 2161 5370 partim
2195 5303 2556 5359 diviniorihus
2587 5305 2909 5370 quibusdam
2946 5308 3185 5375 praemiis
3217 5312 3271 5362 c't
3306 5310 3531 5365 honori-

1964 5558 2256 5616 numerosa
2302 5546 2607 5616 priscorum
2643 5550 2922 5603 hominum
2973 5550 3191 5615 sobole,
3247 5569 3370 5610 cum
3406 5556 3529 5609 aliis

1963 5615 2238 5683 plerisque
2271 5615 2574 5689 intercidit,
2606 5634 2704 5672 nec
2739 5620 2849 5689 ulla
2879 5619 2998 5686 ejus
3040 5630 3123 5674 cst
3148 5628 3291 5689 apud
3322 5624 3380 5681 S.
3410 5625 3532 5682 uie.

1960 5699 2269 5755 ronymum,
2303 5685 2579 5752 Pbotium,
2613 5698 2707 5744 aut
2734 5685 2956 5745 Suidam
2987 5685 3208 5747 mentio}

2359 5800 2388 5813 σα
