  <div class='ocr_page' id='page_1' title='image "/cluster/home/n/w/nwhite01/storage/ocr_20150623/21:no.3/coo.31924054873017/279.png"; bbox 0 0 4166 6468; ppageno 0'>
   <div class='ocr_carea' id='block_1_1' title="bbox 580 192 681 247">
    <p class='ocr_par' dir='ltr' id='par_1_1' title="bbox 580 192 681 247">
     <span class='ocr_line' id='line_1_1' title="bbox 580 192 681 247; baseline 0 0"><span class='ocrx_word' id='word_1_1' title='bbox 580 192 681 247; x_wconf 75' lang='lat'><strong>527</strong></span> 
     </span>
    </p>
   </div>
   <div class='ocr_carea' id='block_1_2' title="bbox 1236 189 3824 254">
    <p class='ocr_par' dir='ltr' id='par_1_2' title="bbox 1236 189 3824 254">
     <span class='ocr_line' id='line_1_2' title="bbox 1236 189 3824 254; baseline -0.003 -2"><span class='ocrx_word' id='word_1_2' title='bbox 1236 197 1505 254; x_wconf 82' lang='lat' dir='ltr'><strong>EUSEBII</strong></span> <span class='ocrx_word' id='word_1_3' title='bbox 1538 196 2016 254; x_wconf 68' lang='lat' dir='ltr'><strong>CAESARlENSlS</strong></span> <span class='ocrx_word' id='word_1_4' title='bbox 2053 195 2202 253; x_wconf 87' lang='lat' dir='ltr'><strong>OPP.</strong></span> <span class='ocrx_word' id='word_1_5' title='bbox 2237 194 2422 252; x_wconf 77' lang='lat' dir='ltr'><strong>PARS</strong></span> <span class='ocrx_word' id='word_1_6' title='bbox 2460 193 2527 249; x_wconf 85' lang='lat' dir='ltr'><strong>ll.</strong></span> <span class='ocrx_word' id='word_1_7' title='bbox 2565 222 2633 234; x_wconf 90' lang='lat'><strong><em>—</em></strong></span> <span class='ocrx_word' id='word_1_8' title='bbox 2671 189 3173 247; x_wconf 74' lang='lat' dir='ltr'><strong>APOLOGETICA.</strong></span> <span class='ocrx_word' id='word_1_9' title='bbox 3713 189 3824 247; x_wconf 64' lang='grc' dir='ltr'><strong>εει</strong></span> 
     </span>
    </p>
   </div>
   <div class='ocr_carea' id='block_1_3' title="bbox 578 310 2126 389">
    <p class='ocr_par' dir='ltr' id='par_1_3' title="bbox 578 316 2126 389">
     <span class='ocr_line' id='line_1_3' title="bbox 578 316 2126 389; baseline 0.002 -19"><span class='ocrx_word' id='word_1_10' title='bbox 578 316 704 382; x_wconf 88' lang='lat' dir='ltr'><strong>bus,</strong></span> <span class='ocrx_word' id='word_1_11' title='bbox 737 316 927 372; x_wconf 91' lang='lat' dir='ltr'><strong>eodem</strong></span> <span class='ocrx_word' id='word_1_12' title='bbox 960 319 1180 373; x_wconf 76' lang='lat' dir='ltr'><strong>nomine</strong></span> <span class='ocrx_word' id='word_1_13' title='bbox 1207 321 1610 388; x_wconf 70' lang='lat' dir='ltr'><strong>repraesentatis</strong></span> <span class='ocrx_word' id='word_1_14' title='bbox 1633 321 1951 376; x_wconf 72' lang='lat' dir='ltr'><strong>cumulavit.</strong></span> <span class='ocrx_word' id='word_1_15' title='bbox 1988 318 2126 389; x_wconf 85' lang='lat' dir='ltr'><strong>Ejus-</strong></span> 
     </span>
    </p>
   </div>
   <div class='ocr_carea' id='block_1_4' title="bbox 2228 310 3831 389">
    <p class='ocr_par' dir='ltr' id='par_1_4' title="bbox 2248 310 3831 385">
     <span class='ocr_line' id='line_1_4' title="bbox 2248 310 3831 385; baseline 0.001 -16"><span class='ocrx_word' id='word_1_16' title='bbox 2248 316 2309 369; x_wconf 83' lang='grc' dir='ltr'><strong>τὸ</strong></span> <span class='ocrx_word' id='word_1_17' title='bbox 2341 314 2559 385; x_wconf 80' lang='grc' dir='ltr'><strong>εὐγενὲς</strong></span> <span class='ocrx_word' id='word_1_18' title='bbox 2587 310 2856 366; x_wconf 77' lang='grc' dir='ltr'><strong>ἐπανθοῦν</strong></span> <span class='ocrx_word' id='word_1_19' title='bbox 2883 310 2961 381; x_wconf 81' lang='grc' dir='ltr'><strong>τῷ</strong></span> <span class='ocrx_word' id='word_1_20' title='bbox 2986 310 3280 383; x_wconf 74' lang='grc' dir='ltr'><strong>προσώπῳο</strong></span> <span class='ocrx_word' id='word_1_21' title='bbox 3325 314 3435 376; x_wconf 84' lang='grc' dir='ltr'><strong>τοῖς</strong></span> <span class='ocrx_word' id='word_1_22' title='bbox 3462 312 3520 366; x_wconf 83' lang='grc' dir='ltr'><strong>δὲ</strong></span> <span class='ocrx_word' id='word_1_23' title='bbox 3548 312 3831 384; x_wconf 77' lang='grc' dir='ltr'><strong>εὐσεϐείας</strong></span> 
     </span>
    </p>
   </div>
   <div class='ocr_carea' id='block_1_5' title="bbox 578 406 2151 465">
    <p class='ocr_par' dir='ltr' id='par_1_5' title="bbox 578 406 2151 465">
     <span class='ocr_line' id='line_1_5' title="bbox 578 406 2151 465; baseline 0.003 -6"><span class='ocrx_word' id='word_1_24' title='bbox 578 406 728 461; x_wconf 88' lang='lat' dir='ltr'><strong>modi</strong></span> <span class='ocrx_word' id='word_1_25' title='bbox 763 408 907 462; x_wconf 90' lang='lat' dir='ltr'><strong>enim</strong></span> <span class='ocrx_word' id='word_1_26' title='bbox 943 408 1011 461; x_wconf 90' lang='lat' dir='ltr'><strong>ad</strong></span> <span class='ocrx_word' id='word_1_27' title='bbox 1058 408 1207 462; x_wconf 92' lang='lat' dir='ltr'><strong>illum</strong></span> <span class='ocrx_word' id='word_1_28' title='bbox 1251 417 1428 463; x_wconf 88' lang='lat' dir='ltr'><strong>exstat</strong></span> <span class='ocrx_word' id='word_1_29' title='bbox 1458 409 1779 465; x_wconf 86' lang='lat' dir='ltr'><strong>oraculum:</strong></span> <span class='ocrx_word' id='word_1_30' title='bbox 1823 429 1841 461; x_wconf 79' lang='grc' dir='ltr'>ι</span> <span class='ocrx_word' id='word_1_31' title='bbox 1870 408 1987 463; x_wconf 86' lang='lat' dir='ltr'><strong>Non</strong></span> <span class='ocrx_word' id='word_1_32' title='bbox 2032 425 2151 464; x_wconf 86' lang='lat' dir='ltr'><strong>am-</strong></span> 
     </span>
    </p>
   </div>
   <div class='ocr_carea' id='block_1_6' title="bbox 577 499 2150 569">
    <p class='ocr_par' dir='ltr' id='par_1_6' title="bbox 577 499 2150 569">
     <span class='ocr_line' id='line_1_6' title="bbox 577 499 2150 569; baseline 0.003 -16"><span class='ocrx_word' id='word_1_33' title='bbox 577 499 722 568; x_wconf 88' lang='lat' dir='ltr'><strong>plius</strong></span> <span class='ocrx_word' id='word_1_34' title='bbox 758 499 1045 554; x_wconf 74' lang='lat' dir='ltr'><strong>vocabitur</strong></span> <span class='ocrx_word' id='word_1_35' title='bbox 1076 515 1274 555; x_wconf 83' lang='lat' dir='ltr'><strong>nomen</strong></span> <span class='ocrx_word' id='word_1_36' title='bbox 1300 509 1457 556; x_wconf 88' lang='lat' dir='ltr'><strong>tuum</strong></span> <span class='ocrx_word' id='word_1_37' title='bbox 1496 499 1799 569; x_wconf 81' lang='lat' dir='ltr'><strong>Jacob,sed</strong></span> <span class='ocrx_word' id='word_1_38' title='bbox 1845 500 2010 557; x_wconf 85' lang='lat' dir='ltr'><strong>Israel</strong></span> <span class='ocrx_word' id='word_1_39' title='bbox 2045 502 2150 557; x_wconf 88' lang='lat' dir='ltr'><strong>erit</strong></span> 
     </span>
    </p>
   </div>
   <div class='ocr_carea' id='block_1_7' title="bbox 578 591 2144 661">
    <p class='ocr_par' dir='ltr' id='par_1_7' title="bbox 578 591 2144 661">
     <span class='ocr_line' id='line_1_7' title="bbox 578 591 2144 661; baseline 0.004 -18"><span class='ocrx_word' id='word_1_40' title='bbox 578 607 775 645; x_wconf 86' lang='lat' dir='ltr'><strong>nomen</strong></span> <span class='ocrx_word' id='word_1_41' title='bbox 801 599 978 656; x_wconf 82' lang='lat' dir='ltr'><strong>tuum,</strong></span> <span class='ocrx_word' id='word_1_42' title='bbox 1006 591 1265 661; x_wconf 87' lang='lat' dir='ltr'><strong>quoniam</strong></span> <span class='ocrx_word' id='word_1_43' title='bbox 1300 592 1577 648; x_wconf 88' lang='lat' dir='ltr'><strong>invaluisti</strong></span> <span class='ocrx_word' id='word_1_44' title='bbox 1611 608 1736 648; x_wconf 91' lang='lat' dir='ltr'><strong>cum</strong></span> <span class='ocrx_word' id='word_1_45' title='bbox 1770 591 1906 659; x_wconf 89' lang='lat' dir='ltr'><strong>Deo,</strong></span> <span class='ocrx_word' id='word_1_46' title='bbox 1935 601 1991 649; x_wconf 90' lang='lat' dir='ltr'><strong>et</strong></span> <span class='ocrx_word' id='word_1_47' title='bbox 2020 609 2144 650; x_wconf 86' lang='lat' dir='ltr'><strong>cum</strong></span> 
     </span>
    </p>
   </div>
   <div class='ocr_carea' id='block_1_8' title="bbox 573 683 2147 754">
    <p class='ocr_par' dir='ltr' id='par_1_8' title="bbox 573 683 2147 754">
     <span class='ocr_line' id='line_1_8' title="bbox 573 683 2147 754; baseline 0.004 -17"><span class='ocrx_word' id='word_1_48' title='bbox 573 684 889 739; x_wconf 87' lang='lat' dir='ltr'><strong>hominibus</strong></span> <span class='ocrx_word' id='word_1_49' title='bbox 922 692 1114 754; x_wconf 88' lang='lat' dir='ltr'><strong>potens</strong></span> <span class='ocrx_word' id='word_1_50' title='bbox 1149 684 1213 738; x_wconf 77' lang='lat'><strong>“.</strong></span> <span class='ocrx_word' id='word_1_51' title='bbox 1238 704 1258 737; x_wconf 72' lang='grc' dir='ltr'><strong>ι</strong></span> <span class='ocrx_word' id='word_1_52' title='bbox 1289 683 1407 752; x_wconf 85' lang='lat' dir='ltr'><strong>Quo</strong></span> <span class='ocrx_word' id='word_1_53' title='bbox 1422 684 1636 742; x_wconf 87' lang='lat' dir='ltr'><strong>lsraelis</strong></span> <span class='ocrx_word' id='word_1_54' title='bbox 1661 686 1881 742; x_wconf 88' lang='lat' dir='ltr'><strong>nomine</strong></span> <span class='ocrx_word' id='word_1_55' title='bbox 1905 687 1989 741; x_wconf 92' lang='lat' dir='ltr'><strong>vir</strong></span> <span class='ocrx_word' id='word_1_56' title='bbox 2010 702 2147 743; x_wconf 87' lang='lat' dir='ltr'><strong>con-</strong></span> 
     </span>
    </p>
   </div>
   <div class='ocr_carea' id='block_1_9' title="bbox 576 767 2146 850">
    <p class='ocr_par' dir='ltr' id='par_1_9' title="bbox 576 767 2146 850">
     <span class='ocr_line' id='line_1_9' title="bbox 576 767 2146 850; baseline 0.004 -23"><span class='ocrx_word' id='word_1_57' title='bbox 576 767 915 843; x_wconf 72' lang='lat' dir='ltr'><strong>templd&#39;tioni</strong></span> <span class='ocrx_word' id='word_1_58' title='bbox 983 776 1198 832; x_wconf 90' lang='lat' dir='ltr'><strong>deditus</strong></span> <span class='ocrx_word' id='word_1_59' title='bbox 1258 776 1569 843; x_wconf 88' lang='lat' dir='ltr'><strong>indicatur,</strong></span> <span class='ocrx_word' id='word_1_60' title='bbox 1642 788 1829 849; x_wconf 91' lang='lat' dir='ltr'><strong>utpote</strong></span> <span class='ocrx_word' id='word_1_61' title='bbox 1885 779 2033 850; x_wconf 91' lang='lat' dir='ltr'><strong>quod</strong></span> <span class='ocrx_word' id='word_1_62' title='bbox 2099 778 2146 834; x_wconf 88' lang='lat' dir='ltr'><strong>si</strong></span> 
     </span>
    </p>
   </div>
   <div class='ocr_carea' id='block_1_10' title="bbox 571 860 2144 939">
    <p class='ocr_par' dir='ltr' id='par_1_10' title="bbox 571 860 2144 939">
     <span class='ocr_line' id='line_1_10' title="bbox 571 860 2144 939; baseline 0.006 -23"><span class='ocrx_word' id='word_1_63' title='bbox 571 860 757 916; x_wconf 68' lang='lat' dir='ltr'><strong>Graece</strong></span> <span class='ocrx_word' id='word_1_64' title='bbox 783 865 1035 930; x_wconf 85' lang='lat' dir='ltr'><strong>verteris,</strong></span> <span class='ocrx_word' id='word_1_65' title='bbox 1080 866 1363 932; x_wconf 77' lang='lat' dir='ltr'><strong>hominem,</strong></span> <span class='ocrx_word' id='word_1_66' title='bbox 1407 886 1439 922; x_wconf 83' lang='grc' dir='ltr'><strong>α</strong></span> <span class='ocrx_word' id='word_1_67' title='bbox 1462 886 1565 939; x_wconf 86' lang='lat' dir='ltr'><strong>quo</strong></span> <span class='ocrx_word' id='word_1_68' title='bbox 1594 869 1734 925; x_wconf 85' lang='lat' dir='ltr'><strong>Deus</strong></span> <span class='ocrx_word' id='word_1_69' title='bbox 1774 872 2037 939; x_wconf 84' lang='lat' dir='ltr'><strong>videatur,</strong></span> <span class='ocrx_word' id='word_1_70' title='bbox 2065 871 2144 928; x_wconf 91' lang='lat' dir='ltr'><strong>si-</strong></span> 
     </span>
    </p>
   </div>
   <div class='ocr_carea' id='block_1_11' title="bbox 570 952 2143 1031">
    <p class='ocr_par' dir='ltr' id='par_1_11' title="bbox 570 952 2143 1031">
     <span class='ocr_line' id='line_1_11' title="bbox 570 952 2143 1031; baseline 0.008 -26"><span class='ocrx_word' id='word_1_71' title='bbox 570 952 807 1021; x_wconf 78' lang='lat' dir='ltr'><strong>gniﬁcet.</strong></span> <span class='ocrx_word' id='word_1_72' title='bbox 843 953 991 1011; x_wconf 84' lang='lat' dir='ltr'><strong>Talis</strong></span> <span class='ocrx_word' id='word_1_73' title='bbox 1017 957 1180 1027; x_wconf 81' lang='lat' dir='ltr'><strong>igitur</strong></span> <span class='ocrx_word' id='word_1_74' title='bbox 1208 959 1297 1013; x_wconf 89' lang='lat' dir='ltr'><strong>ille</strong></span> <span class='ocrx_word' id='word_1_75' title='bbox 1329 961 1494 1014; x_wconf 90' lang='lat' dir='ltr'><strong>etiam</strong></span> <span class='ocrx_word' id='word_1_76' title='bbox 1534 959 1658 1027; x_wconf 83' lang='lat' dir='ltr'><strong>fuit,</strong></span> <span class='ocrx_word' id='word_1_77' title='bbox 1699 976 1731 1016; x_wconf 87' lang='lat' dir='ltr'><strong>a</strong></span> <span class='ocrx_word' id='word_1_78' title='bbox 1768 977 1878 1031; x_wconf 91' lang='lat' dir='ltr'><strong>quo</strong></span> <span class='ocrx_word' id='word_1_79' title='bbox 1922 960 2143 1018; x_wconf 72' lang='lat' dir='ltr'><strong>Judteo-</strong></span> 
     </span>
    </p>
   </div>
   <div class='ocr_carea' id='block_1_12' title="bbox 568 1047 2145 1125">
    <p class='ocr_par' dir='ltr' id='par_1_12' title="bbox 568 1047 2145 1125">
     <span class='ocr_line' id='line_1_12' title="bbox 568 1047 2145 1125; baseline 0.01 -29"><span class='ocrx_word' id='word_1_80' title='bbox 568 1058 691 1097; x_wconf 88' lang='lat' dir='ltr'><strong>rum</strong></span> <span class='ocrx_word' id='word_1_81' title='bbox 722 1061 895 1115; x_wconf 86' lang='lat' dir='ltr'><strong>genus</strong></span> <span class='ocrx_word' id='word_1_82' title='bbox 918 1047 1206 1105; x_wconf 87' lang='lat' dir='ltr'><strong>duodecim</strong></span> <span class='ocrx_word' id='word_1_83' title='bbox 1238 1052 1693 1122; x_wconf 84' lang='lat' dir='ltr'><strong>comprehensum</strong></span> <span class='ocrx_word' id='word_1_84' title='bbox 1738 1055 1988 1109; x_wconf 85' lang='lat' dir='ltr'><strong>tribubus</strong></span> <span class='ocrx_word' id='word_1_85' title='bbox 2018 1070 2145 1125; x_wconf 88' lang='lat' dir='ltr'><strong>pro-</strong></span> 
     </span>
    </p>
   </div>
   <div class='ocr_carea' id='block_1_13' title="bbox 568 1139 2143 1218">
    <p class='ocr_par' dir='ltr' id='par_1_13' title="bbox 568 1139 2143 1218">
     <span class='ocr_line' id='line_1_13' title="bbox 568 1139 2143 1218; baseline 0.011 -30"><span class='ocrx_word' id='word_1_86' title='bbox 568 1146 822 1205; x_wconf 83' lang='lat' dir='ltr'><strong>pagatum</strong></span> <span class='ocrx_word' id='word_1_87' title='bbox 855 1149 959 1194; x_wconf 91' lang='lat' dir='ltr'><strong>est.</strong></span> <span class='ocrx_word' id='word_1_88' title='bbox 991 1139 1235 1207; x_wconf 86' lang='lat' dir='ltr'><strong>Quorum</strong></span> <span class='ocrx_word' id='word_1_89' title='bbox 1283 1143 1351 1198; x_wconf 91' lang='lat' dir='ltr'><strong>de</strong></span> <span class='ocrx_word' id='word_1_90' title='bbox 1396 1144 1519 1200; x_wconf 69' lang='lat' dir='ltr'><strong>vitae</strong></span> <span class='ocrx_word' id='word_1_91' title='bbox 1549 1147 1874 1212; x_wconf 88' lang='lat' dir='ltr'><strong>rationibus,</strong></span> <span class='ocrx_word' id='word_1_92' title='bbox 1907 1164 2143 1218; x_wconf 81' lang='lat' dir='ltr'><strong>vereque</strong></span> 
     </span>
    </p>
   </div>
   <div class='ocr_carea' id='block_1_14' title="bbox 566 1228 2141 1307">
    <p class='ocr_par' dir='ltr' id='par_1_14' title="bbox 566 1228 2141 1307">
     <span class='ocr_line' id='line_1_14' title="bbox 566 1228 2141 1307; baseline 0.01 -27"><span class='ocrx_word' id='word_1_93' title='bbox 566 1228 905 1299; x_wconf 84' lang='lat' dir='ltr'><strong>philosophis</strong></span> <span class='ocrx_word' id='word_1_94' title='bbox 943 1233 1105 1302; x_wconf 86' lang='lat' dir='ltr'><strong>digna</strong></span> <span class='ocrx_word' id='word_1_95' title='bbox 1140 1235 1425 1291; x_wconf 86' lang='lat' dir='ltr'><strong>tolerantia</strong></span> <span class='ocrx_word' id='word_1_96' title='bbox 1468 1246 1523 1291; x_wconf 90' lang='lat' dir='ltr'><strong>et</strong></span> <span class='ocrx_word' id='word_1_97' title='bbox 1565 1238 1976 1307; x_wconf 80' lang='lat' dir='ltr'><strong>exercitatione,</strong></span> <span class='ocrx_word' id='word_1_98' title='bbox 2012 1240 2141 1295; x_wconf 85' lang='lat' dir='ltr'><strong>inﬁ-</strong></span> 
     </span>
    </p>
   </div>
   <div class='ocr_carea' id='block_1_15' title="bbox 567 1322 2140 1399">
    <p class='ocr_par' dir='ltr' id='par_1_15' title="bbox 567 1322 2140 1399">
     <span class='ocr_line' id='line_1_15' title="bbox 567 1322 2140 1399; baseline 0.01 -26"><span class='ocrx_word' id='word_1_99' title='bbox 567 1322 679 1375; x_wconf 82' lang='lat' dir='ltr'><strong>nita</strong></span> <span class='ocrx_word' id='word_1_100' title='bbox 734 1326 1156 1380; x_wconf 88' lang='lat' dir='ltr'><strong>commemorari</strong></span> <span class='ocrx_word' id='word_1_101' title='bbox 1196 1336 1439 1396; x_wconf 83' lang='lat' dir='ltr'><strong>possent,</strong></span> <span class='ocrx_word' id='word_1_102' title='bbox 1486 1344 1610 1398; x_wconf 66' lang='lat' dir='ltr'><strong>quae</strong></span> <span class='ocrx_word' id='word_1_103' title='bbox 1648 1331 1844 1399; x_wconf 87' lang='lat' dir='ltr'><strong>partim</strong></span> <span class='ocrx_word' id='word_1_104' title='bbox 1886 1333 2030 1388; x_wconf 89' lang='lat' dir='ltr'><strong>nude</strong></span> <span class='ocrx_word' id='word_1_105' title='bbox 2076 1347 2140 1388; x_wconf 88' lang='lat' dir='ltr'><strong>ac</strong></span> 
     </span>
    </p>
   </div>
   <div class='ocr_carea' id='block_1_16' title="bbox 567 1412 2140 1492">
    <p class='ocr_par' dir='ltr' id='par_1_16' title="bbox 567 1412 2140 1492">
     <span class='ocr_line' id='line_1_16' title="bbox 567 1412 2140 1492; baseline 0.006 -26"><span class='ocrx_word' id='word_1_106' title='bbox 567 1412 885 1481; x_wconf 85' lang='lat' dir='ltr'><strong>simpliciter</strong></span> <span class='ocrx_word' id='word_1_107' title='bbox 915 1413 1164 1486; x_wconf 81' lang='lat' dir='ltr'><strong>intelligi,</strong></span> <span class='ocrx_word' id='word_1_108' title='bbox 1196 1417 1392 1485; x_wconf 83' lang='lat' dir='ltr'><strong>partim</strong></span> <span class='ocrx_word' id='word_1_109' title='bbox 1416 1433 1483 1472; x_wconf 85' lang='lat' dir='ltr'><strong>ex</strong></span> <span class='ocrx_word' id='word_1_110' title='bbox 1515 1419 1905 1476; x_wconf 86' lang='lat' dir='ltr'><strong>oceultioribus</strong></span> <span class='ocrx_word' id='word_1_111' title='bbox 1937 1421 2140 1492; x_wconf 82' lang='lat' dir='ltr'><strong>allego-</strong></span> 
     </span>
    </p>
   </div>
   <div class='ocr_carea' id='block_1_17' title="bbox 562 1504 2137 1580">
    <p class='ocr_par' dir='ltr' id='par_1_17' title="bbox 562 1504 2137 1580">
     <span class='ocr_line' id='line_1_17' title="bbox 562 1504 2137 1580; baseline 0.006 -23"><span class='ocrx_word' id='word_1_112' title='bbox 562 1504 770 1559; x_wconf 90' lang='lat' dir='ltr'><strong>riarum</strong></span> <span class='ocrx_word' id='word_1_113' title='bbox 828 1506 1005 1561; x_wconf 89' lang='lat' dir='ltr'><strong>sensis</strong></span> <span class='ocrx_word' id='word_1_114' title='bbox 1049 1510 1167 1562; x_wconf 89' lang='lat' dir='ltr'><strong>erui</strong></span> <span class='ocrx_word' id='word_1_115' title='bbox 1223 1508 1475 1564; x_wconf 78' lang='lat' dir='ltr'><strong>debeant.</strong></span> <span class='ocrx_word' id='word_1_116' title='bbox 1538 1508 1615 1565; x_wconf 90' lang='lat' dir='ltr'><strong>De</strong></span> <span class='ocrx_word' id='word_1_117' title='bbox 1664 1511 2010 1580; x_wconf 90' lang='lat' dir='ltr'><strong>quibuscum</strong></span> <span class='ocrx_word' id='word_1_118' title='bbox 2068 1512 2137 1567; x_wconf 88' lang='lat' dir='ltr'><strong>ab</strong></span> 
     </span>
    </p>
   </div>
   <div class='ocr_carea' id='block_1_18' title="bbox 564 1596 2137 1671">
    <p class='ocr_par' dir='ltr' id='par_1_18' title="bbox 564 1596 2137 1671">
     <span class='ocr_line' id='line_1_18' title="bbox 564 1596 2137 1671; baseline 0.004 -22"><span class='ocrx_word' id='word_1_119' title='bbox 564 1596 708 1659; x_wconf 87' lang='lat' dir='ltr'><strong>aliis,</strong></span> <span class='ocrx_word' id='word_1_120' title='bbox 754 1604 866 1650; x_wconf 92' lang='lat' dir='ltr'><strong>tum</strong></span> <span class='ocrx_word' id='word_1_121' title='bbox 909 1612 939 1650; x_wconf 87' lang='lat' dir='ltr'><strong>a</strong></span> <span class='ocrx_word' id='word_1_122' title='bbox 982 1597 1141 1653; x_wconf 88' lang='lat' dir='ltr'><strong>nobis</strong></span> <span class='ocrx_word' id='word_1_123' title='bbox 1191 1606 1409 1669; x_wconf 85' lang='lat' dir='ltr'><strong>quoque</strong></span> <span class='ocrx_word' id='word_1_124' title='bbox 1457 1600 1789 1671; x_wconf 84' lang='lat' dir='ltr'><strong>disputatum</strong></span> <span class='ocrx_word' id='word_1_125' title='bbox 1841 1602 1899 1657; x_wconf 88' lang='lat' dir='ltr'><strong>in</strong></span> <span class='ocrx_word' id='word_1_126' title='bbox 1942 1602 2007 1657; x_wconf 90' lang='lat' dir='ltr'><strong>iis</strong></span> <span class='ocrx_word' id='word_1_127' title='bbox 2053 1610 2137 1656; x_wconf 87' lang='lat' dir='ltr'><strong>est</strong></span> 
     </span>
    </p>
   </div>
   <div class='ocr_carea' id='block_1_19' title="bbox 561 1687 2133 1761">
    <p class='ocr_par' dir='ltr' id='par_1_19' title="bbox 561 1687 2133 1761">
     <span class='ocr_line' id='line_1_19' title="bbox 561 1687 2133 1761; baseline 0.005 -21"><span class='ocrx_word' id='word_1_128' title='bbox 561 1702 684 1756; x_wconf 77' lang='lat' dir='ltr'><strong>quae</strong></span> <span class='ocrx_word' id='word_1_129' title='bbox 739 1687 806 1741; x_wconf 91' lang='lat' dir='ltr'><strong>de</strong></span> <span class='ocrx_word' id='word_1_130' title='bbox 867 1703 1157 1744; x_wconf 88' lang='lat' dir='ltr'><strong>numerosa</strong></span> <span class='ocrx_word' id='word_1_131' title='bbox 1211 1691 1515 1761; x_wconf 63' lang='lat' dir='ltr'><strong>priscorum</strong></span> <span class='ocrx_word' id='word_1_132' title='bbox 1572 1692 1857 1748; x_wconf 90' lang='lat' dir='ltr'><strong>hominum</strong></span> <span class='ocrx_word' id='word_1_133' title='bbox 1905 1694 2133 1759; x_wconf 89' lang='lat' dir='ltr'><strong>sobole,</strong></span> 
     </span>
    </p>
   </div>
   <div class='ocr_carea' id='block_1_20' title="bbox 560 1779 2135 1850">
    <p class='ocr_par' dir='ltr' id='par_1_20' title="bbox 560 1779 2135 1850">
     <span class='ocr_line' id='line_1_20' title="bbox 560 1779 2135 1850; baseline 0.003 -14"><span class='ocrx_word' id='word_1_134' title='bbox 560 1779 718 1850; x_wconf 80' lang='lat'><strong>311</strong></span> <span class='ocrx_word' id='word_1_135' title='bbox 763 1781 1212 1850; x_wconf 85' lang='lat' dir='ltr'><strong>conscripsimus.</strong></span> <span class='ocrx_word' id='word_1_136' title='bbox 1250 1783 1321 1836; x_wconf 84' lang='lat' dir='ltr'><strong>At</strong></span> <span class='ocrx_word' id='word_1_137' title='bbox 1356 1783 1423 1839; x_wconf 92' lang='lat' dir='ltr'><strong>de</strong></span> <span class='ocrx_word' id='word_1_138' title='bbox 1462 1784 1571 1840; x_wconf 90' lang='lat' dir='ltr'><strong>illis</strong></span> <span class='ocrx_word' id='word_1_139' title='bbox 1617 1784 1898 1841; x_wconf 90' lang='lat' dir='ltr'><strong>hactenus.</strong></span> <span class='ocrx_word' id='word_1_140' title='bbox 1934 1786 2135 1841; x_wconf 62' lang='lat' dir='ltr'><strong>Praeter</strong></span> 
     </span>
    </p>
   </div>
   <div class='ocr_carea' id='block_1_21' title="bbox 560 1872 2135 1940">
    <p class='ocr_par' dir='ltr' id='par_1_21' title="bbox 560 1872 2135 1940">
     <span class='ocr_line' id='line_1_21' title="bbox 560 1872 2135 1940; baseline 0.006 -18"><span class='ocrx_word' id='word_1_141' title='bbox 560 1885 700 1939; x_wconf 87' lang='lat' dir='ltr'><strong>quos</strong></span> <span class='ocrx_word' id='word_1_142' title='bbox 728 1880 931 1937; x_wconf 88' lang='lat' dir='ltr'><strong>tamen,</strong></span> <span class='ocrx_word' id='word_1_143' title='bbox 974 1872 1140 1927; x_wconf 91' lang='lat' dir='ltr'><strong>alium</strong></span> <span class='ocrx_word' id='word_1_144' title='bbox 1177 1874 1341 1928; x_wconf 90' lang='lat' dir='ltr'><strong>etiam</strong></span> <span class='ocrx_word' id='word_1_145' title='bbox 1372 1874 1596 1929; x_wconf 90' lang='lat' dir='ltr'><strong>laudare</strong></span> <span class='ocrx_word' id='word_1_146' title='bbox 1618 1875 1813 1930; x_wconf 87' lang='lat' dir='ltr'><strong>merito</strong></span> <span class='ocrx_word' id='word_1_147' title='bbox 1833 1875 2010 1940; x_wconf 87' lang='lat' dir='ltr'><strong>liceat,</strong></span> <span class='ocrx_word' id='word_1_148' title='bbox 2039 1876 2135 1931; x_wconf 84' lang='lat' dir='ltr'><strong>Jo-</strong></span> 
     </span>
    </p>
   </div>
   <div class='ocr_carea' id='block_1_22' title="bbox 561 1961 2131 2036">
    <p class='ocr_par' dir='ltr' id='par_1_22' title="bbox 561 1961 2131 2036">
     <span class='ocr_line' id='line_1_22' title="bbox 561 1961 2131 2036; baseline 0.005 -22"><span class='ocrx_word' id='word_1_149' title='bbox 561 1961 689 2015; x_wconf 90' lang='lat' dir='ltr'><strong>bum</strong></span> <span class='ocrx_word' id='word_1_150' title='bbox 715 1962 1129 2032; x_wconf 86' lang='lat' dir='ltr'><strong>nomine,quem</strong></span> <span class='ocrx_word' id='word_1_151' title='bbox 1155 1973 1210 2019; x_wconf 91' lang='lat' dir='ltr'><strong>et</strong></span> <span class='ocrx_word' id='word_1_152' title='bbox 1230 1964 1378 2019; x_wconf 89' lang='lat' dir='ltr'><strong>omni</strong></span> <span class='ocrx_word' id='word_1_153' title='bbox 1416 1966 1838 2035; x_wconf 86' lang='lat' dir='ltr'><strong>reprehensione</strong></span> <span class='ocrx_word' id='word_1_154' title='bbox 1865 1968 2131 2036; x_wconf 86' lang='lat' dir='ltr'><strong>caruisse,</strong></span> 
     </span>
    </p>
   </div>
   <div class='ocr_carea' id='block_1_23' title="bbox 554 2053 2131 2126">
    <p class='ocr_par' dir='ltr' id='par_1_23' title="bbox 554 2053 2131 2126">
     <span class='ocr_line' id='line_1_23' title="bbox 554 2053 2131 2126; baseline 0.006 -21"><span class='ocrx_word' id='word_1_155' title='bbox 554 2061 610 2106; x_wconf 92' lang='lat' dir='ltr'><strong>et</strong></span> <span class='ocrx_word' id='word_1_156' title='bbox 648 2053 924 2121; x_wconf 87' lang='lat' dir='ltr'><strong>veritatis,</strong></span> <span class='ocrx_word' id='word_1_157' title='bbox 958 2055 1214 2124; x_wconf 69' lang='lat' dir='ltr'><strong>iustitiae,</strong></span> <span class='ocrx_word' id='word_1_158' title='bbox 1251 2057 1467 2126; x_wconf 79' lang='lat' dir='ltr'><strong>pietatis</strong></span> <span class='ocrx_word' id='word_1_159' title='bbox 1509 2065 1781 2114; x_wconf 88' lang='lat' dir='ltr'><strong>amantem</strong></span> <span class='ocrx_word' id='word_1_160' title='bbox 1820 2074 1885 2114; x_wconf 89' lang='lat' dir='ltr'><strong>ac</strong></span> <span class='ocrx_word' id='word_1_161' title='bbox 1921 2059 2131 2115; x_wconf 92' lang='lat' dir='ltr'><strong>studio-</strong></span> 
     </span>
    </p>
   </div>
   <div class='ocr_carea' id='block_1_24' title="bbox 559 2144 2130 2222">
    <p class='ocr_par' dir='ltr' id='par_1_24' title="bbox 559 2144 2130 2222">
     <span class='ocr_line' id='line_1_24' title="bbox 559 2144 2130 2222; baseline 0.005 -22"><span class='ocrx_word' id='word_1_162' title='bbox 559 2160 680 2200; x_wconf 89' lang='lat' dir='ltr'><strong>sum</strong></span> <span class='ocrx_word' id='word_1_163' title='bbox 710 2144 901 2210; x_wconf 79' lang='lat' dir='ltr'><strong>fuisse,</strong></span> <span class='ocrx_word' id='word_1_164' title='bbox 924 2154 981 2200; x_wconf 91' lang='lat' dir='ltr'><strong>et</strong></span> <span class='ocrx_word' id='word_1_165' title='bbox 1025 2146 1095 2201; x_wconf 89' lang='lat' dir='ltr'><strong>ab</strong></span> <span class='ocrx_word' id='word_1_166' title='bbox 1138 2148 1288 2201; x_wconf 88' lang='lat' dir='ltr'><strong>omni</strong></span> <span class='ocrx_word' id='word_1_167' title='bbox 1324 2150 1649 2221; x_wconf 80' lang='lat' dir='ltr'><strong>contagione</strong></span> <span class='ocrx_word' id='word_1_168' title='bbox 1691 2150 1915 2207; x_wconf 85' lang='lat' dir='ltr'><strong>sceleris</strong></span> <span class='ocrx_word' id='word_1_169' title='bbox 1941 2153 2130 2222; x_wconf 89' lang='lat' dir='ltr'><strong>procul</strong></span> 
     </span>
    </p>
   </div>
   <div class='ocr_carea' id='block_1_25' title="bbox 558 2235 2131 2308">
    <p class='ocr_par' dir='ltr' id='par_1_25' title="bbox 558 2235 2131 2308">
     <span class='ocr_line' id='line_1_25' title="bbox 558 2235 2131 2308; baseline 0.006 -19"><span class='ocrx_word' id='word_1_170' title='bbox 558 2235 824 2301; x_wconf 78' lang='lat' dir='ltr'><strong>abfuisse,</strong></span> <span class='ocrx_word' id='word_1_171' title='bbox 856 2237 1038 2291; x_wconf 88' lang='lat' dir='ltr'><strong>divina</strong></span> <span class='ocrx_word' id='word_1_172' title='bbox 1063 2242 1589 2308; x_wconf 87' lang='lat' dir='ltr'><strong>testanturoracula,</strong></span> <span class='ocrx_word' id='word_1_173' title='bbox 1619 2255 1744 2297; x_wconf 91' lang='lat' dir='ltr'><strong>cum</strong></span> <span class='ocrx_word' id='word_1_174' title='bbox 1776 2243 1831 2297; x_wconf 91' lang='lat' dir='ltr'><strong>in</strong></span> <span class='ocrx_word' id='word_1_175' title='bbox 1863 2243 1970 2299; x_wconf 89' lang='lat' dir='ltr'><strong>illis</strong></span> <span class='ocrx_word' id='word_1_176' title='bbox 2006 2260 2131 2300; x_wconf 92' lang='lat' dir='ltr'><strong>om-</strong></span> 
     </span>
    </p>
   </div>
   <div class='ocr_carea' id='block_1_26' title="bbox 558 2328 2129 2401">
    <p class='ocr_par' dir='ltr' id='par_1_26' title="bbox 558 2328 2129 2401">
     <span class='ocr_line' id='line_1_26' title="bbox 558 2328 2129 2401; baseline 0.007 -20"><span class='ocrx_word' id='word_1_177' title='bbox 558 2328 722 2384; x_wconf 89' lang='lat' dir='ltr'><strong>nibus</strong></span> <span class='ocrx_word' id='word_1_178' title='bbox 750 2330 1030 2401; x_wconf 77' lang='lat' dir='ltr'><strong>religionis</strong></span> <span class='ocrx_word' id='word_1_179' title='bbox 1060 2331 1252 2387; x_wconf 82' lang='lat' dir='ltr'><strong>olliciis</strong></span> <span class='ocrx_word' id='word_1_180' title='bbox 1280 2348 1345 2388; x_wconf 92' lang='lat' dir='ltr'><strong>ac</strong></span> <span class='ocrx_word' id='word_1_181' title='bbox 1374 2333 1650 2398; x_wconf 88' lang='lat' dir='ltr'><strong>laudibus,</strong></span> <span class='ocrx_word' id='word_1_182' title='bbox 1684 2337 1833 2391; x_wconf 87' lang='lat' dir='ltr'><strong>nulla</strong></span> <span class='ocrx_word' id='word_1_183' title='bbox 1873 2352 1998 2392; x_wconf 89' lang='lat' dir='ltr'><strong>cum</strong></span> <span class='ocrx_word' id='word_1_184' title='bbox 2030 2336 2129 2392; x_wconf 87' lang='lat' dir='ltr'><strong>Ju-</strong></span> 
     </span>
    </p>
   </div>
   <div class='ocr_carea' id='block_1_27' title="bbox 556 2418 2125 2492">
    <p class='ocr_par' dir='ltr' id='par_1_27' title="bbox 556 2418 2125 2492">
     <span class='ocr_line' id='line_1_27' title="bbox 556 2418 2125 2492; baseline 0.006 -19"><span class='ocrx_word' id='word_1_185' title='bbox 556 2418 690 2475; x_wconf 67' lang='lat' dir='ltr'><strong>dazis</strong></span> <span class='ocrx_word' id='word_1_186' title='bbox 720 2421 1004 2491; x_wconf 87' lang='lat' dir='ltr'><strong>sanguinis</strong></span> <span class='ocrx_word' id='word_1_187' title='bbox 1043 2437 1108 2477; x_wconf 89' lang='lat' dir='ltr'><strong>ac</strong></span> <span class='ocrx_word' id='word_1_188' title='bbox 1141 2424 1357 2492; x_wconf 80' lang='lat' dir='ltr'><strong>generis</strong></span> <span class='ocrx_word' id='word_1_189' title='bbox 1412 2427 1799 2483; x_wconf 84' lang='lat' dir='ltr'><strong>communione</strong></span> <span class='ocrx_word' id='word_1_190' title='bbox 1829 2436 2125 2484; x_wconf 82' lang='lat' dir='ltr'><strong>teneretur.</strong></span> 
     </span>
    </p>
   </div>
   <div class='ocr_carea' id='block_1_28' title="bbox 552 2507 2128 2585">
    <p class='ocr_par' dir='ltr' id='par_1_28' title="bbox 552 2507 2128 2585">
     <span class='ocr_line' id='line_1_28' title="bbox 552 2507 2128 2585; baseline 0.006 -19"><span class='ocrx_word' id='word_1_191' title='bbox 552 2507 677 2566; x_wconf 83' lang='lat' dir='ltr'><strong>Jam</strong></span> <span class='ocrx_word' id='word_1_192' title='bbox 713 2527 845 2566; x_wconf 91' lang='lat' dir='ltr'><strong>vero</strong></span> <span class='ocrx_word' id='word_1_193' title='bbox 876 2510 1067 2568; x_wconf 82' lang='lat' dir='ltr'><strong>Jacobi</strong></span> <span class='ocrx_word' id='word_1_194' title='bbox 1114 2515 1269 2569; x_wconf 90' lang='lat' dir='ltr'><strong>liberi</strong></span> <span class='ocrx_word' id='word_1_195' title='bbox 1312 2525 1595 2585; x_wconf 81' lang='lat' dir='ltr'><strong>paternam</strong></span> <span class='ocrx_word' id='word_1_196' title='bbox 1650 2519 1820 2573; x_wconf 85' lang='lat' dir='ltr'><strong>divini</strong></span> <span class='ocrx_word' id='word_1_197' title='bbox 1874 2518 2128 2576; x_wconf 88' lang='lat' dir='ltr'><strong>Numinis</strong></span> 
     </span>
    </p>
   </div>
   <div class='ocr_carea' id='block_1_29' title="bbox 552 2602 2129 2675">
    <p class='ocr_par' dir='ltr' id='par_1_29' title="bbox 552 2602 2129 2675">
     <span class='ocr_line' id='line_1_29' title="bbox 552 2602 2129 2675; baseline 0.006 -20"><span class='ocrx_word' id='word_1_198' title='bbox 552 2602 943 2671; x_wconf 73' lang='lat' dir='ltr'><strong>cognitionem,</strong></span> <span class='ocrx_word' id='word_1_199' title='bbox 970 2603 1326 2675; x_wconf 84' lang='lat' dir='ltr'><strong>ejusdemque</strong></span> <span class='ocrx_word' id='word_1_200' title='bbox 1361 2606 1565 2662; x_wconf 90' lang='lat' dir='ltr'><strong>cultum</strong></span> <span class='ocrx_word' id='word_1_201' title='bbox 1604 2624 1817 2663; x_wconf 90' lang='lat' dir='ltr'><strong>summa</strong></span> <span class='ocrx_word' id='word_1_202' title='bbox 1848 2610 2129 2667; x_wconf 83' lang='lat' dir='ltr'><strong>voluntate</strong></span> 
     </span>
    </p>
   </div>
   <div class='ocr_carea' id='block_1_30' title="bbox 551 2694 2126 2766">
    <p class='ocr_par' dir='ltr' id='par_1_30' title="bbox 551 2694 2126 2766">
     <span class='ocr_line' id='line_1_30' title="bbox 551 2694 2126 2766; baseline 0.007 -19"><span class='ocrx_word' id='word_1_203' title='bbox 551 2694 846 2761; x_wconf 85' lang='lat' dir='ltr'><strong>studioque</strong></span> <span class='ocrx_word' id='word_1_204' title='bbox 872 2696 1162 2763; x_wconf 80' lang='lat' dir='ltr'><strong>complexi,</strong></span> <span class='ocrx_word' id='word_1_205' title='bbox 1192 2697 1498 2766; x_wconf 90' lang='lat' dir='ltr'><strong>priscorum</strong></span> <span class='ocrx_word' id='word_1_206' title='bbox 1538 2697 1890 2756; x_wconf 66' lang='lat' dir='ltr'><strong>Hebraeorum</strong></span> <span class='ocrx_word' id='word_1_207' title='bbox 1922 2704 2126 2758; x_wconf 79' lang='lat' dir='ltr'><strong>famam</strong></span> 
     </span>
    </p>
   </div>
   <div class='ocr_carea' id='block_1_31' title="bbox 550 2782 2121 2854">
    <p class='ocr_par' dir='ltr' id='par_1_31' title="bbox 550 2782 2121 2854">
     <span class='ocr_line' id='line_1_31' title="bbox 550 2782 2121 2854; baseline 0.01 -20"><span class='ocrx_word' id='word_1_208' title='bbox 550 2788 604 2835; x_wconf 90' lang='lat' dir='ltr'><strong>et</strong></span> <span class='ocrx_word' id='word_1_209' title='bbox 631 2782 862 2851; x_wconf 85' lang='lat' dir='ltr'><strong>gloriam</strong></span> <span class='ocrx_word' id='word_1_210' title='bbox 916 2785 1210 2841; x_wconf 86' lang='lat' dir='ltr'><strong>admodum</strong></span> <span class='ocrx_word' id='word_1_211' title='bbox 1257 2788 1638 2854; x_wconf 87' lang='lat' dir='ltr'><strong>illustrarunt;</strong></span> <span class='ocrx_word' id='word_1_212' title='bbox 1692 2800 1753 2845; x_wconf 94' lang='lat' dir='ltr'><strong>ut</strong></span> <span class='ocrx_word' id='word_1_213' title='bbox 1784 2808 1852 2847; x_wconf 90' lang='lat' dir='ltr'><strong>ex</strong></span> <span class='ocrx_word' id='word_1_214' title='bbox 1903 2793 2121 2849; x_wconf 90' lang='lat' dir='ltr'><strong>illorum</strong></span> 
     </span>
    </p>
   </div>
   <div class='ocr_carea' id='block_1_32' title="bbox 551 2874 2124 2953">
    <p class='ocr_par' dir='ltr' id='par_1_32' title="bbox 551 2874 2124 2953">
     <span class='ocr_line' id='line_1_32' title="bbox 551 2874 2124 2953; baseline 0.011 -29"><span class='ocrx_word' id='word_1_215' title='bbox 551 2874 875 2928; x_wconf 83' lang='lat' dir='ltr'><strong>auctoritate</strong></span> <span class='ocrx_word' id='word_1_216' title='bbox 900 2876 1061 2943; x_wconf 91' lang='lat' dir='ltr'><strong>paulo</strong></span> <span class='ocrx_word' id='word_1_217' title='bbox 1108 2886 1233 2946; x_wconf 90' lang='lat' dir='ltr'><strong>post</strong></span> <span class='ocrx_word' id='word_1_218' title='bbox 1277 2880 1567 2949; x_wconf 84' lang='lat' dir='ltr'><strong>imperium</strong></span> <span class='ocrx_word' id='word_1_219' title='bbox 1617 2880 1838 2953; x_wconf 65' lang='lat' dir='ltr'><strong>Egypti</strong></span> <span class='ocrx_word' id='word_1_220' title='bbox 1864 2885 2124 2953; x_wconf 87' lang='lat' dir='ltr'><strong>penderet</strong></span> 
     </span>
    </p>
   </div>
   <div class='ocr_carea' id='block_1_33' title="bbox 2250 402 3830 479">
    <p class='ocr_par' dir='ltr' id='par_1_33' title="bbox 2250 402 3830 479">
     <span class='ocr_line' id='line_1_33' title="bbox 2250 402 3830 479; baseline -0.002 -18"><span class='ocrx_word' id='word_1_221' title='bbox 2250 408 2608 479; x_wconf 84' lang='grc' dir='ltr'><strong>διαπρέπουσι</strong></span> <span class='ocrx_word' id='word_1_222' title='bbox 2663 404 2888 475; x_wconf 83' lang='grc' dir='ltr'><strong>κόσμοις</strong></span> <span class='ocrx_word' id='word_1_223' title='bbox 2939 402 3301 474; x_wconf 74' lang='grc' dir='ltr'><strong>διαφερόντως</strong></span> <span class='ocrx_word' id='word_1_224' title='bbox 3340 403 3626 476; x_wconf 79' lang='grc' dir='ltr'><strong>έξήσκητο,</strong></span> <span class='ocrx_word' id='word_1_225' title='bbox 3670 407 3830 473; x_wconf 82' lang='grc' dir='ltr'><strong>ὼςὲν</strong></span> 
     </span>
    </p>
   </div>
   <div class='ocr_carea' id='block_1_34' title="bbox 2252 493 3827 572">
    <p class='ocr_par' dir='ltr' id='par_1_34' title="bbox 2252 493 3827 572">
     <span class='ocr_line' id='line_1_34' title="bbox 2252 493 3827 572; baseline -0.002 -17"><span class='ocrx_word' id='word_1_226' title='bbox 2252 499 2577 572; x_wconf 79' lang='grc' dir='ltr'><strong>σωφροσύνῃ</strong></span> <span class='ocrx_word' id='word_1_227' title='bbox 2604 496 2700 549; x_wconf 73' lang='grc' dir='ltr'><strong>καὶ</strong></span> <span class='ocrx_word' id='word_1_228' title='bbox 2718 493 3053 566; x_wconf 80' lang='grc' dir='ltr'><strong>δικαιοσύνῃ,</strong></span> <span class='ocrx_word' id='word_1_229' title='bbox 3087 495 3345 566; x_wconf 81' lang='grc' dir='ltr'><strong>φρονήσει</strong></span> <span class='ocrx_word' id='word_1_230' title='bbox 3388 514 3449 549; x_wconf 90' lang='grc' dir='ltr'><strong>τε</strong></span> <span class='ocrx_word' id='word_1_231' title='bbox 3474 497 3571 551; x_wconf 72' lang='grc' dir='ltr'><strong>καὶ</strong></span> <span class='ocrx_word' id='word_1_232' title='bbox 3610 498 3827 572; x_wconf 74' lang='grc' dir='ltr'><strong>ἀνδρίᾳ,</strong></span> 
     </span>
    </p>
   </div>
   <div class='ocr_carea' id='block_1_35' title="bbox 2249 583 3833 661">
    <p class='ocr_par' dir='ltr' id='par_1_35' title="bbox 2249 583 3833 661">
     <span class='ocr_line' id='line_1_35' title="bbox 2249 583 3833 661; baseline -0.003 -18"><span class='ocrx_word' id='word_1_233' title='bbox 2249 589 2346 661; x_wconf 83' lang='grc' dir='ltr'><strong>τὴν</strong></span> <span class='ocrx_word' id='word_1_234' title='bbox 2366 589 2542 659; x_wconf 80' lang='grc' dir='ltr'><strong>ψυχὴν</strong></span> <span class='ocrx_word' id='word_1_235' title='bbox 2573 585 2873 656; x_wconf 73' lang='grc' dir='ltr'><strong>ἐκλάμπειν</strong></span> <span class='ocrx_word' id='word_1_236' title='bbox 2928 583 3061 637; x_wconf 79' lang='grc' dir='ltr'><strong>πολὺ</strong></span> <span class='ocrx_word' id='word_1_237' title='bbox 3106 585 3368 656; x_wconf 86' lang='grc' dir='ltr'><strong>πρότερον</strong></span> <span class='ocrx_word' id='word_1_238' title='bbox 3418 588 3476 639; x_wconf 85' lang='grc' dir='ltr'><strong>ὲν</strong></span> <span class='ocrx_word' id='word_1_239' title='bbox 3537 588 3833 657; x_wconf 76' lang='grc' dir='ltr'><strong>ἐπιγνώσει</strong></span> 
     </span>
    </p>
   </div>
   <div class='ocr_carea' id='block_1_36' title="bbox 2248 676 3831 755">
    <p class='ocr_par' dir='ltr' id='par_1_36' title="bbox 2248 676 3831 755">
     <span class='ocr_line' id='line_1_36' title="bbox 2248 676 3831 755; baseline -0.007 -20"><span class='ocrx_word' id='word_1_240' title='bbox 2248 682 2343 736; x_wconf 75' lang='grc' dir='ltr'><strong>καὶ</strong></span> <span class='ocrx_word' id='word_1_241' title='bbox 2375 677 2627 750; x_wconf 76' lang='grc' dir='ltr'><strong>εὐσεϐείᾳ</strong></span> <span class='ocrx_word' id='word_1_242' title='bbox 2653 676 2747 730; x_wconf 90' lang='grc' dir='ltr'><strong>τοῦ</strong></span> <span class='ocrx_word' id='word_1_243' title='bbox 2780 676 2891 730; x_wconf 90' lang='grc' dir='ltr'><strong>τῶν</strong></span> <span class='ocrx_word' id='word_1_244' title='bbox 2942 676 3196 729; x_wconf 84' lang='grc' dir='ltr'><strong>ἁπάντων</strong></span> <span class='ocrx_word' id='word_1_245' title='bbox 3244 676 3402 741; x_wconf 80' lang='grc' dir='ltr'><strong>Θεοῦ,</strong></span> <span class='ocrx_word' id='word_1_246' title='bbox 3442 677 3510 748; x_wconf 78' lang='grc' dir='ltr'><strong>ἢν</strong></span> <span class='ocrx_word' id='word_1_247' title='bbox 3540 680 3590 732; x_wconf 88' lang='grc' dir='ltr'><strong>οἰ</strong></span> <span class='ocrx_word' id='word_1_248' title='bbox 3632 683 3831 755; x_wconf 67' lang='grc' dir='ltr'><strong>γεννή-</strong></span> 
     </span>
    </p>
   </div>
   <div class='ocr_carea' id='block_1_37' title="bbox 2249 767 3835 842">
    <p class='ocr_par' dir='ltr' id='par_1_37' title="bbox 2249 767 3835 842">
     <span class='ocr_line' id='line_1_37' title="bbox 2249 767 3835 842; baseline -0.005 -14"><span class='ocrx_word' id='word_1_249' title='bbox 2249 790 2441 836; x_wconf 81' lang='grc' dir='ltr'><strong>σαντες</strong></span> <span class='ocrx_word' id='word_1_250' title='bbox 2479 773 2544 825; x_wconf 81' lang='grc' dir='ltr'><strong>ὲκ</strong></span> <span class='ocrx_word' id='word_1_251' title='bbox 2573 769 2902 842; x_wconf 85' lang='grc' dir='ltr'><strong>σπαργάνων</strong></span> <span class='ocrx_word' id='word_1_252' title='bbox 2929 767 3176 837; x_wconf 83' lang='grc' dir='ltr'><strong>λέγονται</strong></span> <span class='ocrx_word' id='word_1_253' title='bbox 3205 767 3369 821; x_wconf 84' lang='grc' dir='ltr'><strong>αὑτοῦ</strong></span> <span class='ocrx_word' id='word_1_254' title='bbox 3397 770 3463 839; x_wconf 84' lang='grc' dir='ltr'><strong>τῇ</strong></span> <span class='ocrx_word' id='word_1_255' title='bbox 3494 770 3637 842; x_wconf 74' lang='grc' dir='ltr'><strong>ψυχῇ</strong></span> <span class='ocrx_word' id='word_1_256' title='bbox 3661 788 3835 828; x_wconf 71' lang='grc' dir='ltr'><strong>κατα,-</strong></span> 
     </span>
    </p>
   </div>
   <div class='ocr_carea' id='block_1_38' title="bbox 2247 857 3831 936">
    <p class='ocr_par' dir='ltr' id='par_1_38' title="bbox 2247 857 3831 936">
     <span class='ocr_line' id='line_1_38' title="bbox 2247 857 3831 936; baseline 0.001 -17"><span class='ocrx_word' id='word_1_257' title='bbox 2247 865 2586 936; x_wconf 82' lang='grc' dir='ltr'><strong>6ε6ληκέναι.</strong></span> <span class='ocrx_word' id='word_1_258' title='bbox 2630 860 2988 933; x_wconf 77' lang='grc' dir='ltr'><strong>Ἑπιμανείσῃ</strong></span> <span class='ocrx_word' id='word_1_259' title='bbox 3016 860 3061 913; x_wconf 83' lang='grc' dir='ltr'><strong>δ’</strong></span> <span class='ocrx_word' id='word_1_260' title='bbox 3087 857 3180 915; x_wconf 84' lang='grc' dir='ltr'><strong>οῦν</strong></span> <span class='ocrx_word' id='word_1_261' title='bbox 3202 860 3350 932; x_wconf 82' lang='grc' dir='ltr'><strong>αὐτῷ</strong></span> <span class='ocrx_word' id='word_1_262' title='bbox 3386 865 3451 932; x_wconf 80' lang='grc' dir='ltr'><strong>τῇ</strong></span> <span class='ocrx_word' id='word_1_263' title='bbox 3490 863 3584 916; x_wconf 87' lang='grc' dir='ltr'><strong>τοῦ</strong></span> <span class='ocrx_word' id='word_1_264' title='bbox 3631 865 3831 921; x_wconf 84' lang='grc' dir='ltr'><strong>δεσπό-</strong></span> 
     </span>
    </p>
   </div>
   <div class='ocr_carea' id='block_1_39' title="bbox 2243 954 3832 1031">
    <p class='ocr_par' dir='ltr' id='par_1_39' title="bbox 2243 954 3832 1031">
     <span class='ocr_line' id='line_1_39' title="bbox 2243 954 3832 1031; baseline -0.003 -17"><span class='ocrx_word' id='word_1_265' title='bbox 2243 978 2338 1014; x_wconf 86' lang='grc' dir='ltr'><strong>του</strong></span> <span class='ocrx_word' id='word_1_266' title='bbox 2362 961 2599 1031; x_wconf 81' lang='grc' dir='ltr'><strong>γαμετῇ,</strong></span> <span class='ocrx_word' id='word_1_267' title='bbox 2631 959 2711 1020; x_wconf 90' lang='grc' dir='ltr'><strong>εἰς</strong></span> <span class='ocrx_word' id='word_1_268' title='bbox 2743 954 3075 1018; x_wconf 84' lang='grc' dir='ltr'><strong>ἀκολάστους</strong></span> <span class='ocrx_word' id='word_1_269' title='bbox 3101 971 3159 1007; x_wconf 88' lang='grc' dir='ltr'><strong>τε</strong></span> <span class='ocrx_word' id='word_1_270' title='bbox 3184 955 3278 1007; x_wconf 81' lang='grc' dir='ltr'><strong>καί</strong></span> <span class='ocrx_word' id='word_1_271' title='bbox 3316 954 3584 1025; x_wconf 78' lang='grc' dir='ltr'><strong>ἐρωτικὰς</strong></span> <span class='ocrx_word' id='word_1_272' title='bbox 3612 957 3832 1027; x_wconf 80' lang='grc' dir='ltr'><strong>όμιλίας</strong></span> 
     </span>
    </p>
   </div>
   <div class='ocr_carea' id='block_1_40' title="bbox 2244 1045 3830 1120">
    <p class='ocr_par' dir='ltr' id='par_1_40' title="bbox 2244 1045 3830 1120">
     <span class='ocr_line' id='line_1_40' title="bbox 2244 1045 3830 1120; baseline -0.002 -14"><span class='ocrx_word' id='word_1_273' title='bbox 2244 1051 2340 1107; x_wconf 74' lang='grc' dir='ltr'><strong>ἅτε</strong></span> <span class='ocrx_word' id='word_1_274' title='bbox 2364 1052 2480 1106; x_wconf 88' lang='grc' dir='ltr'><strong>νέον</strong></span> <span class='ocrx_word' id='word_1_275' title='bbox 2502 1050 2562 1104; x_wconf 83' lang='grc' dir='ltr'><strong>τὸ</strong></span> <span class='ocrx_word' id='word_1_276' title='bbox 2584 1049 2742 1120; x_wconf 85' lang='grc' dir='ltr'><strong>σῶμα</strong></span> <span class='ocrx_word' id='word_1_277' title='bbox 2777 1046 3107 1119; x_wconf 89' lang='grc' dir='ltr'><strong>κατασύρειν</strong></span> <span class='ocrx_word' id='word_1_278' title='bbox 3130 1045 3465 1118; x_wconf 81' lang='grc' dir='ltr'><strong>πειρωμένῃ,</strong></span> <span class='ocrx_word' id='word_1_279' title='bbox 3513 1048 3606 1101; x_wconf 80' lang='grc' dir='ltr'><strong>καὶ</strong></span> <span class='ocrx_word' id='word_1_280' title='bbox 3634 1048 3830 1120; x_wconf 86' lang='grc' dir='ltr'><strong>πρῶτα</strong></span> 
     </span>
    </p>
   </div>
   <div class='ocr_carea' id='block_1_41' title="bbox 2247 1133 3826 1215">
    <p class='ocr_par' dir='ltr' id='par_1_41' title="bbox 2247 1133 3826 1215">
     <span class='ocr_line' id='line_1_41' title="bbox 2247 1133 3826 1215; baseline -0.003 -18"><span class='ocrx_word' id='word_1_281' title='bbox 2247 1144 2345 1215; x_wconf 83' lang='grc' dir='ltr'><strong>μὲν</strong></span> <span class='ocrx_word' id='word_1_282' title='bbox 2364 1142 2543 1210; x_wconf 84' lang='grc' dir='ltr'>λόγοις</span> <span class='ocrx_word' id='word_1_283' title='bbox 2576 1142 2792 1212; x_wconf 82' lang='grc' dir='ltr'><strong>ἀπατᾷν</strong></span> <span class='ocrx_word' id='word_1_284' title='bbox 2819 1138 2981 1194; x_wconf 79' lang='grc' dir='ltr'><strong>αὑτὸν</strong></span> <span class='ocrx_word' id='word_1_285' title='bbox 3031 1137 3403 1209; x_wconf 76' lang='grc' dir='ltr'><strong>ὲπιχειρούσῃ,</strong></span> <span class='ocrx_word' id='word_1_286' title='bbox 3451 1133 3569 1190; x_wconf 76' lang='grc' dir='ltr'><strong>εἶτα</strong></span> <span class='ocrx_word' id='word_1_287' title='bbox 3600 1137 3659 1192; x_wconf 80' lang='grc' dir='ltr'><strong>δὲ</strong></span> <span class='ocrx_word' id='word_1_288' title='bbox 3709 1140 3826 1193; x_wconf 85' lang='grc' dir='ltr'><strong>ἰκε-</strong></span> 
     </span>
    </p>
   </div>
   <div class='ocr_carea' id='block_1_42' title="bbox 2242 1229 3830 1304">
    <p class='ocr_par' dir='ltr' id='par_1_42' title="bbox 2242 1229 3830 1304">
     <span class='ocr_line' id='line_1_42' title="bbox 2242 1229 3830 1304; baseline -0.002 -15"><span class='ocrx_word' id='word_1_289' title='bbox 2242 1236 2386 1299; x_wconf 88' lang='grc' dir='ltr'><strong>σίαις</strong></span> <span class='ocrx_word' id='word_1_290' title='bbox 2414 1232 2787 1304; x_wconf 78' lang='grc' dir='ltr'><strong>ἀντιϐολούσῃ,</strong></span> <span class='ocrx_word' id='word_1_291' title='bbox 2817 1232 2911 1285; x_wconf 76' lang='grc' dir='ltr'><strong>καὶ</strong></span> <span class='ocrx_word' id='word_1_292' title='bbox 2939 1230 3092 1294; x_wconf 80' lang='grc' dir='ltr'>τέλος</span> <span class='ocrx_word' id='word_1_293' title='bbox 3114 1229 3415 1301; x_wconf 87' lang='grc' dir='ltr'><strong>βιαιότερον</strong></span> <span class='ocrx_word' id='word_1_294' title='bbox 3445 1232 3635 1302; x_wconf 85' lang='grc' dir='ltr'><strong>χεῖρας</strong></span> <span class='ocrx_word' id='word_1_295' title='bbox 3691 1231 3830 1287; x_wconf 74' lang='grc' dir='ltr'><strong>ἑπά-</strong></span> 
     </span>
    </p>
   </div>
   <div class='ocr_carea' id='block_1_43' title="bbox 2239 1321 3828 1397">
    <p class='ocr_par' dir='ltr' id='par_1_43' title="bbox 2239 1321 3828 1397">
     <span class='ocr_line' id='line_1_43' title="bbox 2239 1321 3828 1397; baseline -0.003 -17"><span class='ocrx_word' id='word_1_296' title='bbox 2239 1344 2357 1397; x_wconf 89' lang='grc' dir='ltr'><strong>γειν</strong></span> <span class='ocrx_word' id='word_1_297' title='bbox 2375 1325 2650 1397; x_wconf 76' lang='grc' dir='ltr'><strong>τολμὼσῃ,</strong></span> <span class='ocrx_word' id='word_1_298' title='bbox 2677 1323 2917 1378; x_wconf 79' lang='grc' dir='ltr'><strong>ἀναιδέσι</strong></span> <span class='ocrx_word' id='word_1_299' title='bbox 2945 1339 3007 1376; x_wconf 89' lang='grc' dir='ltr'><strong>τε</strong></span> <span class='ocrx_word' id='word_1_300' title='bbox 3034 1321 3136 1393; x_wconf 74' lang='grc' dir='ltr'><strong>ήδη</strong></span> <span class='ocrx_word' id='word_1_301' title='bbox 3185 1322 3277 1375; x_wconf 74' lang='grc' dir='ltr'><strong>καὶ</strong></span> <span class='ocrx_word' id='word_1_302' title='bbox 3320 1322 3698 1392; x_wconf 78' lang='grc' dir='ltr'><strong>ἀναισχύντοις</strong></span> <span class='ocrx_word' id='word_1_303' title='bbox 3727 1338 3828 1376; x_wconf 79' lang='grc' dir='ltr'><strong>πε·</strong></span> 
     </span>
    </p>
   </div>
   <div class='ocr_carea' id='block_1_44' title="bbox 2241 1413 3824 1492">
    <p class='ocr_par' dir='ltr' id='par_1_44' title="bbox 2241 1413 3824 1492">
     <span class='ocr_line' id='line_1_44' title="bbox 2241 1413 3824 1492; baseline -0.003 -20"><span class='ocrx_word' id='word_1_304' title='bbox 2241 1419 2528 1492; x_wconf 82' lang='grc' dir='ltr'><strong>ριπλοκαίς</strong></span> <span class='ocrx_word' id='word_1_305' title='bbox 2558 1416 2836 1489; x_wconf 77' lang='grc' dir='ltr'><strong>χρωμένη,</strong></span> <span class='ocrx_word' id='word_1_306' title='bbox 2867 1418 2966 1485; x_wconf 84' lang='grc' dir='ltr'><strong>τῆς</strong></span> <span class='ocrx_word' id='word_1_307' title='bbox 3012 1413 3123 1467; x_wconf 85' lang='grc' dir='ltr'><strong>τῶν</strong></span> <span class='ocrx_word' id='word_1_308' title='bbox 3162 1413 3416 1484; x_wconf 78' lang='grc' dir='ltr'><strong>πατέρων</strong></span> <span class='ocrx_word' id='word_1_309' title='bbox 3441 1413 3701 1478; x_wconf 79' lang='grc' dir='ltr'><strong>εὐσεὸοὗς</strong></span> <span class='ocrx_word' id='word_1_310' title='bbox 3740 1415 3824 1468; x_wconf 89' lang='grc' dir='ltr'><strong>δι-</strong></span> 
     </span>
    </p>
   </div>
   <div class='ocr_carea' id='block_1_45' title="bbox 2236 1503 3822 1578">
    <p class='ocr_par' dir='ltr' id='par_1_45' title="bbox 2236 1503 3822 1578">
     <span class='ocr_line' id='line_1_45' title="bbox 2236 1503 3822 1578; baseline -0.005 -16"><span class='ocrx_word' id='word_1_311' title='bbox 2236 1508 2531 1572; x_wconf 81' lang='grc' dir='ltr'><strong>δασκαλίας</strong></span> <span class='ocrx_word' id='word_1_312' title='bbox 2578 1510 2607 1561; x_wconf 88' lang='grc' dir='ltr'><strong>ό</strong></span> <span class='ocrx_word' id='word_1_313' title='bbox 2658 1509 2808 1578; x_wconf 80' lang='grc' dir='ltr'><strong>ἥρως</strong></span> <span class='ocrx_word' id='word_1_314' title='bbox 2850 1506 2948 1577; x_wconf 75' lang='grc' dir='ltr'><strong>τὴν</strong></span> <span class='ocrx_word' id='word_1_315' title='bbox 2990 1504 3211 1575; x_wconf 77' lang='grc' dir='ltr'><strong>μνήμην</strong></span> <span class='ocrx_word' id='word_1_316' title='bbox 3264 1503 3822 1573; x_wconf 82' lang='grc' dir='ltr'><strong>ἀναπεμπασάμενος,</strong></span> 
     </span>
    </p>
   </div>
   <div class='ocr_carea' id='block_1_46' title="bbox 2238 1592 3825 1668">
    <p class='ocr_par' dir='ltr' id='par_1_46' title="bbox 2238 1592 3825 1668">
     <span class='ocr_line' id='line_1_46' title="bbox 2238 1592 3825 1668; baseline -0.004 -14"><span class='ocrx_word' id='word_1_317' title='bbox 2238 1601 2330 1654; x_wconf 69' lang='grc' dir='ltr'><strong>καὶ</strong></span> <span class='ocrx_word' id='word_1_318' title='bbox 2358 1599 2449 1653; x_wconf 83' lang='grc' dir='ltr'><strong>τὸν</strong></span> <span class='ocrx_word' id='word_1_319' title='bbox 2478 1597 2702 1668; x_wconf 81' lang='grc' dir='ltr'><strong>θεοσεϐῆ</strong></span> <span class='ocrx_word' id='word_1_320' title='bbox 2735 1596 2830 1649; x_wconf 74' lang='grc' dir='ltr'><strong>καὶ</strong></span> <span class='ocrx_word' id='word_1_321' title='bbox 2858 1594 3071 1666; x_wconf 87' lang='grc' dir='ltr'><strong>ἀληθῶς</strong></span> <span class='ocrx_word' id='word_1_322' title='bbox 3100 1594 3348 1665; x_wconf 82' lang='grc' dir='ltr'><strong>Ἐϐραίον</strong></span> <span class='ocrx_word' id='word_1_323' title='bbox 3373 1594 3550 1666; x_wconf 78' lang='grc' dir='ltr'><strong>ἔργοις</strong></span> <span class='ocrx_word' id='word_1_324' title='bbox 3565 1593 3697 1664; x_wconf 85' lang='grc' dir='ltr'><strong>ὁμοῦ</strong></span> <span class='ocrx_word' id='word_1_325' title='bbox 3728 1592 3825 1647; x_wconf 79' lang='grc' dir='ltr'><strong>καὶ</strong></span> 
     </span>
    </p>
   </div>
   <div class='ocr_carea' id='block_1_47' title="bbox 2167 1659 3824 1759">
    <p class='ocr_par' dir='ltr' id='par_1_47' title="bbox 2167 1659 3824 1759">
     <span class='ocr_line' id='line_1_47' title="bbox 2167 1659 3824 1759; baseline -0.004 -16"><span class='ocrx_word' id='word_1_326' title='bbox 2167 1659 2209 1714; x_wconf 75' lang='grc' dir='ltr'><strong>Β</strong></span> <span class='ocrx_word' id='word_1_327' title='bbox 2236 1691 2414 1759; x_wconf 81' lang='grc' dir='ltr'><strong>λόγοις</strong></span> <span class='ocrx_word' id='word_1_328' title='bbox 2440 1659 2748 1754; x_wconf 70' lang='grc' dir='ltr'><strong>ἀποδείξας,</strong></span> <span class='ocrx_word' id='word_1_329' title='bbox 2770 1689 2833 1742; x_wconf 78' lang='grc' dir='ltr'><strong>τὸ</strong></span> <span class='ocrx_word' id='word_1_330' title='bbox 3004 1659 3230 1758; x_wconf 74' lang='grc' dir='ltr'><strong>αἰσχρὸν</strong></span> <span class='ocrx_word' id='word_1_331' title='bbox 3265 1684 3358 1739; x_wconf 73' lang='grc' dir='ltr'><strong>καὶ</strong></span> <span class='ocrx_word' id='word_1_332' title='bbox 3396 1659 3694 1739; x_wconf 74' lang='grc' dir='ltr'><strong>ἀκόλαστον</strong></span> <span class='ocrx_word' id='word_1_333' title='bbox 3720 1684 3824 1754; x_wconf 91' lang='grc' dir='ltr'><strong>γύ-</strong></span> 
     </span>
    </p>
   </div>
   <div class='ocr_carea' id='block_1_48' title="bbox 2235 1776 3820 1849">
    <p class='ocr_par' dir='ltr' id='par_1_48' title="bbox 2235 1776 3820 1849">
     <span class='ocr_line' id='line_1_48' title="bbox 2235 1776 3820 1849; baseline -0.004 -12"><span class='ocrx_word' id='word_1_334' title='bbox 2235 1800 2385 1837; x_wconf 86' lang='grc' dir='ltr'><strong>ναιον</strong></span> <span class='ocrx_word' id='word_1_335' title='bbox 2407 1782 2722 1844; x_wconf 85' lang='grc' dir='ltr'><strong>διασείεται,</strong></span> <span class='ocrx_word' id='word_1_336' title='bbox 2773 1779 3137 1849; x_wconf 80' lang='grc' dir='ltr'><strong>κραταιοτέρᾳ</strong></span> <span class='ocrx_word' id='word_1_337' title='bbox 3178 1780 3243 1848; x_wconf 82' lang='grc' dir='ltr'><strong>τῇ</strong></span> <span class='ocrx_word' id='word_1_338' title='bbox 3274 1776 3420 1848; x_wconf 79' lang='grc' dir='ltr'><strong>χειρὶ</strong></span> <span class='ocrx_word' id='word_1_339' title='bbox 3450 1777 3820 1848; x_wconf 73' lang='grc' dir='ltr'><strong>παραλλάξαςσ</strong></span> 
     </span>
    </p>
   </div>
   <div class='ocr_carea' id='block_1_49' title="bbox 2233 1869 3826 1947">
    <p class='ocr_par' dir='ltr' id='par_1_49' title="bbox 2233 1869 3826 1947">
     <span class='ocr_line' id='line_1_49' title="bbox 2233 1869 3826 1947; baseline -0.005 -17"><span class='ocrx_word' id='word_1_340' title='bbox 2233 1876 2422 1947; x_wconf 80' lang='grc' dir='ltr'><strong>ὥσπερ</strong></span> <span class='ocrx_word' id='word_1_341' title='bbox 2450 1875 2506 1929; x_wconf 90' lang='grc' dir='ltr'><strong>δέ</strong></span> <span class='ocrx_word' id='word_1_342' title='bbox 2529 1891 2670 1937; x_wconf 87' lang='grc' dir='ltr'><strong>τινος</strong></span> <span class='ocrx_word' id='word_1_343' title='bbox 2694 1871 2867 1926; x_wconf 89' lang='grc' dir='ltr'><strong>δεινοῦ</strong></span> <span class='ocrx_word' id='word_1_344' title='bbox 2919 1872 3014 1925; x_wconf 68' lang='grc' dir='ltr'><strong>καὶ</strong></span> <span class='ocrx_word' id='word_1_345' title='bbox 3062 1870 3448 1941; x_wconf 84' lang='grc' dir='ltr'><strong>λελυττηκότος</strong></span> <span class='ocrx_word' id='word_1_346' title='bbox 3481 1869 3645 1940; x_wconf 75' lang='grc' dir='ltr'><strong>θηρὸς</strong></span> <span class='ocrx_word' id='word_1_347' title='bbox 3688 1872 3826 1923; x_wconf 81' lang='grc' dir='ltr'><strong>ἀπο-</strong></span> 
     </span>
    </p>
   </div>
   <div class='ocr_carea' id='block_1_50' title="bbox 2234 1960 3825 2039">
    <p class='ocr_par' dir='ltr' id='par_1_50' title="bbox 2234 1960 3825 2039">
     <span class='ocr_line' id='line_1_50' title="bbox 2234 1960 3825 2039; baseline -0.005 -18"><span class='ocrx_word' id='word_1_348' title='bbox 2234 1968 2387 2039; x_wconf 84' lang='grc' dir='ltr'><strong>δράς,</strong></span> <span class='ocrx_word' id='word_1_349' title='bbox 2424 1968 2568 2037; x_wconf 78' lang='grc' dir='ltr'><strong>φυγῇ</strong></span> <span class='ocrx_word' id='word_1_350' title='bbox 2593 1965 2692 2037; x_wconf 81' lang='grc' dir='ltr'><strong>τὴν</strong></span> <span class='ocrx_word' id='word_1_351' title='bbox 2723 1963 2998 2036; x_wconf 77' lang='grc' dir='ltr'><strong>σωτηρίαν</strong></span> <span class='ocrx_word' id='word_1_352' title='bbox 3027 1960 3329 2033; x_wconf 76' lang='grc' dir='ltr'><strong>πορίζεται.</strong></span> <span class='ocrx_word' id='word_1_353' title='bbox 3377 1961 3627 2015; x_wconf 81' lang='grc' dir='ltr'><strong>Κάπειτα</strong></span> <span class='ocrx_word' id='word_1_354' title='bbox 3659 1961 3825 2025; x_wconf 76' lang='grc' dir='ltr'><strong>αὐτὸς</strong></span> 
     </span>
    </p>
   </div>
   <div class='ocr_carea' id='block_1_51' title="bbox 2234 2053 3820 2129">
    <p class='ocr_par' dir='ltr' id='par_1_51' title="bbox 2234 2053 3820 2129">
     <span class='ocr_line' id='line_1_51' title="bbox 2234 2053 3820 2129; baseline -0.003 -17"><span class='ocrx_word' id='word_1_355' title='bbox 2234 2058 2370 2129; x_wconf 78' lang='grc' dir='ltr'><strong>πρὸς</strong></span> <span class='ocrx_word' id='word_1_356' title='bbox 2396 2056 2588 2111; x_wconf 79' lang='grc' dir='ltr'><strong>ἑαυτὸν</strong></span> <span class='ocrx_word' id='word_1_357' title='bbox 2635 2053 2872 2127; x_wconf 84' lang='grc' dir='ltr'><strong>σώφρονι</strong></span> <span class='ocrx_word' id='word_1_358' title='bbox 2920 2053 3167 2125; x_wconf 82' lang='grc' dir='ltr'><strong>λογισμῷ</strong></span> <span class='ocrx_word' id='word_1_359' title='bbox 3210 2054 3387 2107; x_wconf 82' lang='grc' dir='ltr'><strong>τοιάδε</strong></span> <span class='ocrx_word' id='word_1_360' title='bbox 3433 2054 3820 2124; x_wconf 80' lang='grc' dir='ltr'><strong>ὲπιλογίζεται,</strong></span> 
     </span>
    </p>
   </div>
   <div class='ocr_carea' id='block_1_52' title="bbox 2233 2146 3820 2222">
    <p class='ocr_par' dir='ltr' id='par_1_52' title="bbox 2233 2146 3820 2222">
     <span class='ocr_line' id='line_1_52' title="bbox 2233 2146 3820 2222; baseline -0.001 -16"><span class='ocrx_word' id='word_1_361' title='bbox 2233 2153 2327 2206; x_wconf 90' lang='grc' dir='ltr'><strong>καί</strong></span> <span class='ocrx_word' id='word_1_362' title='bbox 2357 2166 2541 2222; x_wconf 70' lang='grc' dir='ltr'><strong>φησιν⁸</strong></span> <span class='ocrx_word' id='word_1_363' title='bbox 2576 2168 2599 2202; x_wconf 78' lang='grc' dir='ltr'><strong>ι</strong></span> <span class='ocrx_word' id='word_1_364' title='bbox 2629 2149 2693 2202; x_wconf 91' lang='grc' dir='ltr'><strong>Εἰ</strong></span> <span class='ocrx_word' id='word_1_365' title='bbox 2718 2149 2748 2201; x_wconf 91' lang='grc' dir='ltr'><strong>ό</strong></span> <span class='ocrx_word' id='word_1_366' title='bbox 2784 2146 2988 2220; x_wconf 85' lang='grc' dir='ltr'><strong>Κύριός</strong></span> <span class='ocrx_word' id='word_1_367' title='bbox 3026 2164 3125 2217; x_wconf 90' lang='grc' dir='ltr'><strong>μου</strong></span> <span class='ocrx_word' id='word_1_368' title='bbox 3150 2146 3219 2200; x_wconf 83' lang='grc' dir='ltr'><strong>δι’</strong></span> <span class='ocrx_word' id='word_1_369' title='bbox 3250 2147 3349 2217; x_wconf 79' lang='grc' dir='ltr'><strong>ἐμὲ</strong></span> <span class='ocrx_word' id='word_1_370' title='bbox 3370 2148 3523 2201; x_wconf 76' lang='grc' dir='ltr'><strong>οὐδὲν</strong></span> <span class='ocrx_word' id='word_1_371' title='bbox 3560 2149 3820 2217; x_wconf 80' lang='grc' dir='ltr'><strong>γινώσκει</strong></span> 
     </span>
    </p>
   </div>
   <div class='ocr_carea' id='block_1_53' title="bbox 2231 2238 3817 2314">
    <p class='ocr_par' dir='ltr' id='par_1_53' title="bbox 2231 2238 3817 2314">
     <span class='ocr_line' id='line_1_53' title="bbox 2231 2238 3817 2314; baseline -0.001 -18"><span class='ocrx_word' id='word_1_372' title='bbox 2231 2243 2339 2297; x_wconf 85' lang='grc' dir='ltr'><strong>τῶν</strong></span> <span class='ocrx_word' id='word_1_373' title='bbox 2373 2245 2430 2295; x_wconf 81' lang='grc' dir='ltr'><strong>ὲν</strong></span> <span class='ocrx_word' id='word_1_374' title='bbox 2463 2242 2542 2314; x_wconf 80' lang='grc' dir='ltr'><strong>τῷ</strong></span> <span class='ocrx_word' id='word_1_375' title='bbox 2573 2241 2705 2313; x_wconf 73' lang='grc' dir='ltr'><strong>οἴκῳ</strong></span> <span class='ocrx_word' id='word_1_376' title='bbox 2729 2238 2915 2305; x_wconf 80' lang='grc' dir='ltr'><strong>αὑτοῦ,</strong></span> <span class='ocrx_word' id='word_1_377' title='bbox 2944 2241 3038 2292; x_wconf 70' lang='grc' dir='ltr'><strong>καὶ</strong></span> <span class='ocrx_word' id='word_1_378' title='bbox 3062 2239 3237 2292; x_wconf 82' lang='grc' dir='ltr'><strong>πάντα</strong></span> <span class='ocrx_word' id='word_1_379' title='bbox 3260 2241 3359 2293; x_wconf 82' lang='grc' dir='ltr'><strong>ὅσα</strong></span> <span class='ocrx_word' id='word_1_380' title='bbox 3381 2241 3525 2293; x_wconf 73' lang='grc' dir='ltr'><strong>ἐστὶν</strong></span> <span class='ocrx_word' id='word_1_381' title='bbox 3559 2243 3617 2294; x_wconf 83' lang='grc' dir='ltr'><strong>ὲν</strong></span> <span class='ocrx_word' id='word_1_382' title='bbox 3646 2242 3817 2313; x_wconf 80' lang='grc' dir='ltr'><strong>αὐτῷ,</strong></span> 
     </span>
    </p>
   </div>
   <div class='ocr_carea' id='block_1_54' title="bbox 2230 2330 3819 2404">
    <p class='ocr_par' dir='ltr' id='par_1_54' title="bbox 2230 2330 3819 2404">
     <span class='ocr_line' id='line_1_54' title="bbox 2230 2330 3819 2404; baseline -0.002 -15"><span class='ocrx_word' id='word_1_383' title='bbox 2230 2334 2460 2389; x_wconf 82' lang='grc' dir='ltr'><strong>δέδωκεν</strong></span> <span class='ocrx_word' id='word_1_384' title='bbox 2484 2335 2565 2397; x_wconf 88' lang='grc' dir='ltr'><strong>εἰς</strong></span> <span class='ocrx_word' id='word_1_385' title='bbox 2597 2334 2697 2396; x_wconf 74' lang='grc' dir='ltr'><strong>τὰς</strong></span> <span class='ocrx_word' id='word_1_386' title='bbox 2724 2331 2913 2403; x_wconf 83' lang='grc' dir='ltr'><strong>χεῖράς</strong></span> <span class='ocrx_word' id='word_1_387' title='bbox 2940 2348 3064 2401; x_wconf 88' lang='grc' dir='ltr'><strong>μου,</strong></span> <span class='ocrx_word' id='word_1_388' title='bbox 3113 2331 3205 2383; x_wconf 78' lang='grc' dir='ltr'><strong>καὶ</strong></span> <span class='ocrx_word' id='word_1_389' title='bbox 3245 2330 3363 2394; x_wconf 89' lang='grc' dir='ltr'><strong>πῶς</strong></span> <span class='ocrx_word' id='word_1_390' title='bbox 3388 2334 3601 2404; x_wconf 84' lang='grc' dir='ltr'><strong>ποιήσω</strong></span> <span class='ocrx_word' id='word_1_391' title='bbox 3622 2331 3684 2386; x_wconf 77' lang='grc' dir='ltr'><strong>τὸ</strong></span> <span class='ocrx_word' id='word_1_392' title='bbox 3718 2351 3819 2386; x_wconf 74' lang='lat' dir='ltr'><strong>m-</strong></span> 
     </span>
    </p>
   </div>
   <div class='ocr_carea' id='block_1_55' title="bbox 2230 2414 3823 2498">
    <p class='ocr_par' dir='ltr' id='par_1_55' title="bbox 2230 2414 3823 2498">
     <span class='ocr_line' id='line_1_55' title="bbox 2230 2414 3823 2498; baseline -0.002 -16"><span class='ocrx_word' id='word_1_393' title='bbox 2230 2445 2295 2498; x_wconf 88' lang='grc' dir='ltr'><strong>νη</strong></span> <span class='ocrx_word' id='word_1_394' title='bbox 2306 2426 2395 2498; x_wconf 82' lang='grc' dir='ltr'><strong>ρὸν</strong></span> <span class='ocrx_word' id='word_1_395' title='bbox 2421 2426 2570 2497; x_wconf 76' lang='grc' dir='ltr'><strong>ῥῆμα</strong></span> <span class='ocrx_word' id='word_1_396' title='bbox 2593 2424 2653 2477; x_wconf 81' lang='grc' dir='ltr'><strong>τὺ</strong></span> <span class='ocrx_word' id='word_1_397' title='bbox 2684 2423 2824 2494; x_wconf 88' lang='grc' dir='ltr'><strong>μέγα</strong></span> <span class='ocrx_word' id='word_1_398' title='bbox 2843 2422 3020 2487; x_wconf 87' lang='grc' dir='ltr'><strong>τοῦτο,</strong></span> <span class='ocrx_word' id='word_1_399' title='bbox 3042 2421 3135 2476; x_wconf 72' lang='grc' dir='ltr'><strong>καὶ</strong></span> <span class='ocrx_word' id='word_1_400' title='bbox 3161 2414 3545 2494; x_wconf 79' lang='grc' dir='ltr'><strong>ἁμαρτήσομαι</strong></span> <span class='ocrx_word' id='word_1_401' title='bbox 3578 2424 3823 2481; x_wconf 74' lang='grc' dir='ltr'><strong>ἐναντίον</strong></span> 
     </span>
    </p>
   </div>
   <div class='ocr_carea' id='block_1_56' title="bbox 2228 2508 3817 2586">
    <p class='ocr_par' dir='ltr' id='par_1_56' title="bbox 2228 2508 3817 2586">
     <span class='ocr_line' id='line_1_56' title="bbox 2228 2508 3817 2586; baseline -0.004 -15"><span class='ocrx_word' id='word_1_402' title='bbox 2228 2517 2322 2571; x_wconf 85' lang='grc' dir='ltr'><strong>τοῦ</strong></span> <span class='ocrx_word' id='word_1_403' title='bbox 2347 2515 2481 2569; x_wconf 86' lang='grc' dir='ltr'><strong>Θεοῦ</strong></span> <span class='ocrx_word' id='word_1_404' title='bbox 2507 2532 2521 2581; x_wconf 93' lang='grc'>;</span> <span class='ocrx_word' id='word_1_405' title='bbox 2547 2534 2567 2568; x_wconf 75' lang='grc' dir='ltr'>ι</span> <span class='ocrx_word' id='word_1_406' title='bbox 2612 2516 2728 2584; x_wconf 85' lang='grc' dir='ltr'>Ἐφ’</span> <span class='ocrx_word' id='word_1_407' title='bbox 2758 2509 2840 2578; x_wconf 72' lang='grc' dir='ltr'><strong>οἷς</strong></span> <span class='ocrx_word' id='word_1_408' title='bbox 2872 2508 2960 2568; x_wconf 71' lang='grc' dir='ltr'><strong>οἷα</strong></span> <span class='ocrx_word' id='word_1_409' title='bbox 2990 2514 3285 2583; x_wconf 78' lang='grc' dir='ltr'><strong>νικηφόρον</strong></span> <span class='ocrx_word' id='word_1_410' title='bbox 3316 2516 3428 2577; x_wconf 82' lang='grc' dir='ltr'><strong>τοῖς</strong></span> <span class='ocrx_word' id='word_1_411' title='bbox 3454 2516 3654 2586; x_wconf 78' lang='grc' dir='ltr'><strong>ἀρετῆς</strong></span> <span class='ocrx_word' id='word_1_412' title='bbox 3679 2514 3817 2586; x_wconf 80' lang='grc' dir='ltr'><strong>βρα-</strong></span> 
     </span>
    </p>
   </div>
   <div class='ocr_carea' id='block_1_57' title="bbox 2229 2604 3819 2676">
    <p class='ocr_par' dir='ltr' id='par_1_57' title="bbox 2229 2604 3819 2676">
     <span class='ocr_line' id='line_1_57' title="bbox 2229 2604 3819 2676; baseline -0.001 -14"><span class='ocrx_word' id='word_1_413' title='bbox 2229 2609 2393 2673; x_wconf 77' lang='grc' dir='ltr'><strong>ϐείοις</strong></span> <span class='ocrx_word' id='word_1_414' title='bbox 2423 2607 2728 2676; x_wconf 66' lang='grc' dir='ltr'><strong>ἀναστέψας</strong></span> <span class='ocrx_word' id='word_1_415' title='bbox 2753 2605 2912 2659; x_wconf 76' lang='grc' dir='ltr'><strong>αὐτὸν</strong></span> <span class='ocrx_word' id='word_1_416' title='bbox 2939 2606 2967 2658; x_wconf 87' lang='grc' dir='ltr'><strong>ό</strong></span> <span class='ocrx_word' id='word_1_417' title='bbox 3013 2605 3121 2658; x_wconf 87' lang='grc' dir='ltr'><strong>τῶν</strong></span> <span class='ocrx_word' id='word_1_418' title='bbox 3163 2605 3299 2658; x_wconf 84' lang='grc' dir='ltr'><strong>ὂλων</strong></span> <span class='ocrx_word' id='word_1_419' title='bbox 3353 2604 3505 2670; x_wconf 81' lang='grc' dir='ltr'><strong>Θεὸς,</strong></span> <span class='ocrx_word' id='word_1_420' title='bbox 3544 2607 3642 2676; x_wconf 81' lang='grc' dir='ltr'><strong>τὴν</strong></span> <span class='ocrx_word' id='word_1_421' title='bbox 3675 2607 3819 2661; x_wconf 73' lang='grc' dir='ltr'><strong>κατὰ</strong></span> 
     </span>
    </p>
   </div>
   <div class='ocr_carea' id='block_1_58' title="bbox 2226 2697 3815 2767">
    <p class='ocr_par' dir='ltr' id='par_1_58' title="bbox 2226 2697 3815 2767">
     <span class='ocr_line' id='line_1_58' title="bbox 2226 2697 3815 2767; baseline -0.002 -14"><span class='ocrx_word' id='word_1_422' title='bbox 2226 2700 2335 2753; x_wconf 87' lang='grc' dir='ltr'><strong>τῶν</strong></span> <span class='ocrx_word' id='word_1_423' title='bbox 2365 2700 2639 2753; x_wconf 84' lang='grc' dir='ltr'><strong>δεσποτῶν</strong></span> <span class='ocrx_word' id='word_1_424' title='bbox 2670 2697 2856 2763; x_wconf 82' lang='grc' dir='ltr'><strong>αὑτοῦ,</strong></span> <span class='ocrx_word' id='word_1_425' title='bbox 2880 2697 2974 2750; x_wconf 81' lang='grc' dir='ltr'><strong>καὶ</strong></span> <span class='ocrx_word' id='word_1_426' title='bbox 3003 2698 3173 2767; x_wconf 76' lang='grc' dir='ltr'><strong>αὐτῆς</strong></span> <span class='ocrx_word' id='word_1_427' title='bbox 3212 2697 3489 2765; x_wconf 86' lang='grc' dir='ltr'><strong>Αἰγύπτου</strong></span> <span class='ocrx_word' id='word_1_428' title='bbox 3539 2697 3815 2767; x_wconf 79' lang='grc' dir='ltr'><strong>βασιλείαν</strong></span> 
     </span>
    </p>
   </div>
   <div class='ocr_carea' id='block_1_59' title="bbox 2226 2785 3816 2862">
    <p class='ocr_par' dir='ltr' id='par_1_59' title="bbox 2226 2785 3816 2862">
     <span class='ocr_line' id='line_1_59' title="bbox 2226 2785 3816 2862; baseline 0.001 -18"><span class='ocrx_word' id='word_1_429' title='bbox 2226 2808 2287 2844; x_wconf 85' lang='grc' dir='ltr'><strong>τε</strong></span> <span class='ocrx_word' id='word_1_430' title='bbox 2304 2791 2397 2845; x_wconf 76' lang='grc' dir='ltr'><strong>καὶ</strong></span> <span class='ocrx_word' id='word_1_431' title='bbox 2415 2788 2707 2862; x_wconf 77' lang='grc' dir='ltr'><strong>ἡγεμονίαν</strong></span> <span class='ocrx_word' id='word_1_432' title='bbox 2737 2788 3093 2860; x_wconf 88' lang='grc' dir='ltr'><strong>παραδίδωσι.</strong></span> <span class='ocrx_word' id='word_1_433' title='bbox 3115 2789 3257 2860; x_wconf 80' lang='grc' dir='ltr'><strong>Πλὴν</strong></span> <span class='ocrx_word' id='word_1_434' title='bbox 3280 2789 3416 2843; x_wconf 81' lang='grc' dir='ltr'><strong>ἀλλά</strong></span> <span class='ocrx_word' id='word_1_435' title='bbox 3440 2791 3533 2843; x_wconf 71' lang='grc' dir='ltr'><strong>καὶ</strong></span> <span class='ocrx_word' id='word_1_436' title='bbox 3556 2785 3706 2855; x_wconf 80' lang='grc' dir='ltr'><strong>οὗτος</strong></span> <span class='ocrx_word' id='word_1_437' title='bbox 3731 2793 3816 2846; x_wconf 83' lang='lat' dir='ltr'><strong>&#39;E-</strong></span> 
     </span>
    </p>
   </div>
   <div class='ocr_carea' id='block_1_60' title="bbox 2226 2879 3815 2954">
    <p class='ocr_par' dir='ltr' id='par_1_60' title="bbox 2226 2879 3815 2954">
     <span class='ocr_line' id='line_1_60' title="bbox 2226 2879 3815 2954; baseline 0.001 -19"><span class='ocrx_word' id='word_1_438' title='bbox 2226 2882 2414 2954; x_wconf 79' lang='grc' dir='ltr'><strong>ὅραῖος</strong></span> <span class='ocrx_word' id='word_1_439' title='bbox 2447 2880 2507 2947; x_wconf 80' lang='grc' dir='ltr'>ἐξ</span> <span class='ocrx_word' id='word_1_440' title='bbox 2530 2880 2815 2953; x_wconf 79' lang='grc' dir='ltr'><strong>Ἐϐραίων,</strong></span> <span class='ocrx_word' id='word_1_441' title='bbox 2841 2881 2961 2951; x_wconf 76' lang='grc' dir='ltr'><strong>οὐχὶ</strong></span> <span class='ocrx_word' id='word_1_442' title='bbox 2987 2880 3043 2933; x_wconf 76' lang='grc' dir='ltr'><strong>δὲ</strong></span> <span class='ocrx_word' id='word_1_443' title='bbox 3076 2881 3442 2945; x_wconf 79' lang='grc' dir='ltr'><strong>Ἰουδαῖος,ὃτι</strong></span> <span class='ocrx_word' id='word_1_444' title='bbox 3479 2883 3611 2953; x_wconf 81' lang='grc' dir='ltr'><strong>μηδὲ</strong></span> <span class='ocrx_word' id='word_1_445' title='bbox 3632 2879 3697 2954; x_wconf 75' lang='grc' dir='ltr'><strong>ἦν</strong></span> <span class='ocrx_word' id='word_1_446' title='bbox 3727 2900 3815 2938; x_wconf 86' lang='grc' dir='ltr'><strong>πω</strong></span> 
     </span>
    </p>
   </div>
   <div class='ocr_carea' id='block_1_61' title="bbox 548 2965 2126 3052">
    <p class='ocr_par' dir='ltr' id='par_1_61' title="bbox 548 2965 2124 3049">
     <span class='ocr_line' id='line_1_61' title="bbox 548 2965 2124 3049; baseline 0.011 -32"><span class='ocrx_word' id='word_1_447' title='bbox 548 2965 885 3021; x_wconf 84' lang='lat' dir='ltr'><strong>universum.</strong></span> <span class='ocrx_word' id='word_1_448' title='bbox 911 2967 1185 3039; x_wconf 84' lang='lat' dir='ltr'><strong>Josephus</strong></span> <span class='ocrx_word' id='word_1_449' title='bbox 1236 2975 1382 3026; x_wconf 91' lang='lat' dir='ltr'><strong>enim</strong></span> <span class='ocrx_word' id='word_1_450' title='bbox 1430 2972 1541 3043; x_wconf 88' lang='lat' dir='ltr'><strong>jam</strong></span> <span class='ocrx_word' id='word_1_451' title='bbox 1598 2977 1946 3033; x_wconf 73' lang='lat' dir='ltr'><strong>continentiae</strong></span> <span class='ocrx_word' id='word_1_452' title='bbox 1984 2993 2124 3049; x_wconf 73' lang='lat' dir='ltr'><strong>pra:-</strong></span> 
     </span>
    </p>
   </div>
   <div class='ocr_carea' id='block_1_62' title="bbox 2228 2965 3816 3052">
    <p class='ocr_par' dir='ltr' id='par_1_62' title="bbox 2228 2972 3816 3047">
     <span class='ocr_line' id='line_1_62' title="bbox 2228 2972 3816 3047; baseline 0.002 -20"><span class='ocrx_word' id='word_1_453' title='bbox 2228 2975 2294 3028; x_wconf 82' lang='grc' dir='ltr'><strong>τά</strong></span> <span class='ocrx_word' id='word_1_454' title='bbox 2322 2974 2613 3038; x_wconf 75' lang='grc' dir='ltr'><strong>Ἰουδαίων,</strong></span> <span class='ocrx_word' id='word_1_455' title='bbox 2630 2976 2686 3027; x_wconf 83' lang='grc' dir='ltr'><strong>έν</strong></span> <span class='ocrx_word' id='word_1_456' title='bbox 2701 2975 2816 3037; x_wconf 86' lang='grc' dir='ltr'><strong>τοῖς</strong></span> <span class='ocrx_word' id='word_1_457' title='bbox 2846 2973 3080 3043; x_wconf 87' lang='grc' dir='ltr'><strong>μάλιστα</strong></span> <span class='ocrx_word' id='word_1_458' title='bbox 3103 2972 3373 3042; x_wconf 59' lang='grc' dir='ltr'><strong>θεοφιλέσι</strong></span> <span class='ocrx_word' id='word_1_459' title='bbox 3399 2975 3491 3027; x_wconf 76' lang='grc' dir='ltr'><strong>καὶ</strong></span> <span class='ocrx_word' id='word_1_460' title='bbox 3508 2992 3816 3047; x_wconf 81' lang='grc' dir='ltr'><strong>τρισμακα-</strong></span> 
     </span>
    </p>
   </div>
   <div class='ocr_carea' id='block_1_63' title="bbox 546 3058 2122 3141">
    <p class='ocr_par' dir='ltr' id='par_1_63' title="bbox 546 3058 2122 3141">
     <span class='ocr_line' id='line_1_63' title="bbox 546 3058 2122 3141; baseline 0.009 -29"><span class='ocrx_word' id='word_1_461' title='bbox 546 3058 671 3113; x_wconf 90' lang='lat' dir='ltr'><strong>miis</strong></span> <span class='ocrx_word' id='word_1_462' title='bbox 705 3058 1021 3131; x_wconf 79' lang='lat' dir='ltr'><strong>insignitus,</strong></span> <span class='ocrx_word' id='word_1_463' title='bbox 1047 3072 1301 3134; x_wconf 88' lang='lat' dir='ltr'><strong>suscepto</strong></span> <span class='ocrx_word' id='word_1_464' title='bbox 1327 3066 1674 3134; x_wconf 82' lang='lat' dir='ltr'><strong>postmodum</strong></span> <span class='ocrx_word' id='word_1_465' title='bbox 1705 3067 1924 3140; x_wconf 48' lang='grc' dir='ltr'><strong>ΛΞΜ-μί</strong></span> <span class='ocrx_word' id='word_1_466' title='bbox 1968 3072 2122 3141; x_wconf 84' lang='lat' dir='ltr'><strong>prin-</strong></span> 
     </span>
    </p>
   </div>
   <div class='ocr_carea' id='block_1_64' title="bbox 542 3152 2122 3235">
    <p class='ocr_par' dir='ltr' id='par_1_64' title="bbox 542 3152 2122 3235">
     <span class='ocr_line' id='line_1_64' title="bbox 542 3152 2122 3235; baseline 0.01 -30"><span class='ocrx_word' id='word_1_467' title='bbox 542 3152 747 3220; x_wconf 88' lang='lat' dir='ltr'><strong>cipatu,</strong></span> <span class='ocrx_word' id='word_1_468' title='bbox 771 3169 1043 3209; x_wconf 89' lang='lat' dir='ltr'><strong>summam</strong></span> <span class='ocrx_word' id='word_1_469' title='bbox 1080 3154 1431 3211; x_wconf 64' lang='lat' dir='ltr'><strong>Hebraeorum</strong></span> <span class='ocrx_word' id='word_1_470' title='bbox 1482 3173 1709 3215; x_wconf 91' lang='lat' dir='ltr'><strong>suorum</strong></span> <span class='ocrx_word' id='word_1_471' title='bbox 1750 3163 2122 3235; x_wconf 80' lang='lat' dir='ltr'><strong>eximiamque</strong></span> 
     </span>
    </p>
   </div>
   <div class='ocr_carea' id='block_1_65' title="bbox 545 3244 2121 3324">
    <p class='ocr_par' dir='ltr' id='par_1_65' title="bbox 545 3244 2121 3324">
     <span class='ocr_line' id='line_1_65' title="bbox 545 3244 2121 3324; baseline 0.011 -30"><span class='ocrx_word' id='word_1_472' title='bbox 545 3244 801 3299; x_wconf 82' lang='lat' dir='ltr'><strong>virtutem</strong></span> <span class='ocrx_word' id='word_1_473' title='bbox 836 3245 891 3299; x_wconf 90' lang='lat' dir='ltr'><strong>in</strong></span> <span class='ocrx_word' id='word_1_474' title='bbox 926 3249 1169 3301; x_wconf 91' lang='lat' dir='ltr'><strong>omnium</strong></span> <span class='ocrx_word' id='word_1_475' title='bbox 1196 3250 1371 3306; x_wconf 88' lang='lat' dir='ltr'><strong>oculis</strong></span> <span class='ocrx_word' id='word_1_476' title='bbox 1404 3266 1468 3307; x_wconf 90' lang='lat' dir='ltr'><strong>ac</strong></span> <span class='ocrx_word' id='word_1_477' title='bbox 1497 3252 1618 3310; x_wconf 91' lang='lat' dir='ltr'><strong>luce</strong></span> <span class='ocrx_word' id='word_1_478' title='bbox 1635 3256 1942 3311; x_wconf 83' lang='lat' dir='ltr'><strong>collocavit.</strong></span> <span class='ocrx_word' id='word_1_479' title='bbox 1972 3256 2121 3324; x_wconf 87' lang='lat' dir='ltr'><strong>Qua-</strong></span> 
     </span>
    </p>
   </div>
   <div class='ocr_carea' id='block_1_66' title="bbox 543 3337 2118 3409">
    <p class='ocr_par' dir='ltr' id='par_1_66' title="bbox 543 3337 2118 3409">
     <span class='ocr_line' id='line_1_66' title="bbox 543 3337 2118 3409; baseline 0.011 -20"><span class='ocrx_word' id='word_1_480' title='bbox 543 3350 603 3390; x_wconf 90' lang='lat' dir='ltr'><strong>re</strong></span> <span class='ocrx_word' id='word_1_481' title='bbox 629 3337 695 3391; x_wconf 88' lang='lat' dir='ltr'><strong>ad</strong></span> <span class='ocrx_word' id='word_1_482' title='bbox 729 3338 849 3407; x_wconf 89' lang='lat' dir='ltr'><strong>ejus</strong></span> <span class='ocrx_word' id='word_1_483' title='bbox 878 3354 1100 3409; x_wconf 92' lang='lat' dir='ltr'><strong>quoque</strong></span> <span class='ocrx_word' id='word_1_484' title='bbox 1131 3340 1487 3398; x_wconf 86' lang='lat' dir='ltr'><strong>imitationem</strong></span> <span class='ocrx_word' id='word_1_485' title='bbox 1530 3348 1681 3402; x_wconf 92' lang='lat' dir='ltr'><strong>omni</strong></span> <span class='ocrx_word' id='word_1_486' title='bbox 1726 3350 1910 3405; x_wconf 88' lang='lat' dir='ltr'><strong>studio</strong></span> <span class='ocrx_word' id='word_1_487' title='bbox 1958 3352 2118 3408; x_wconf 89' lang='lat' dir='ltr'><strong>nobis</strong></span> 
     </span>
    </p>
   </div>
   <div class='ocr_carea' id='block_1_67' title="bbox 545 3424 2120 3507">
    <p class='ocr_par' dir='ltr' id='par_1_67' title="bbox 545 3424 2120 3507">
     <span class='ocr_line' id='line_1_67' title="bbox 545 3424 2120 3507; baseline 0.015 -32"><span class='ocrx_word' id='word_1_488' title='bbox 545 3424 901 3493; x_wconf 84' lang='lat' dir='ltr'><strong>aspirandum</strong></span> <span class='ocrx_word' id='word_1_489' title='bbox 951 3443 1074 3484; x_wconf 89' lang='lat' dir='ltr'><strong>esse</strong></span> <span class='ocrx_word' id='word_1_490' title='bbox 1111 3430 1403 3499; x_wconf 79' lang='lat' dir='ltr'><strong>duximus,</strong></span> <span class='ocrx_word' id='word_1_491' title='bbox 1439 3437 1652 3492; x_wconf 89' lang='lat' dir='ltr'><strong>tametsi</strong></span> <span class='ocrx_word' id='word_1_492' title='bbox 1685 3438 1835 3507; x_wconf 87' lang='lat' dir='ltr'><strong>prius</strong></span> <span class='ocrx_word' id='word_1_493' title='bbox 1863 3441 1917 3495; x_wconf 92' lang='lat' dir='ltr'><strong>in</strong></span> <span class='ocrx_word' id='word_1_494' title='bbox 1947 3443 2120 3498; x_wconf 83' lang='lat' dir='ltr'><strong>servi-</strong></span> 
     </span>
    </p>
   </div>
   <div class='ocr_carea' id='block_1_68' title="bbox 548 3518 2119 3593">
    <p class='ocr_par' dir='ltr' id='par_1_68' title="bbox 548 3518 2119 3593">
     <span class='ocr_line' id='line_1_68' title="bbox 548 3518 2119 3593; baseline 0.013 -27"><span class='ocrx_word' id='word_1_495' title='bbox 548 3522 739 3582; x_wconf 82' lang='lat' dir='ltr'><strong>tutem,</strong></span> <span class='ocrx_word' id='word_1_496' title='bbox 765 3526 819 3571; x_wconf 91' lang='lat' dir='ltr'><strong>et</strong></span> <span class='ocrx_word' id='word_1_497' title='bbox 844 3518 1084 3575; x_wconf 91' lang='lat' dir='ltr'><strong>hominis</strong></span> <span class='ocrx_word' id='word_1_498' title='bbox 1112 3519 1351 3592; x_wconf 64' lang='lat' dir='ltr'><strong>Egyptii</strong></span> <span class='ocrx_word' id='word_1_499' title='bbox 1368 3526 1704 3593; x_wconf 85' lang='lat' dir='ltr'><strong>servitutem,</strong></span> <span class='ocrx_word' id='word_1_500' title='bbox 1729 3528 1958 3585; x_wconf 83' lang='lat' dir='ltr'><strong>fratrum</strong></span> <span class='ocrx_word' id='word_1_501' title='bbox 1985 3532 2119 3587; x_wconf 87' lang='lat' dir='ltr'><strong>insi-</strong></span> 
     </span>
    </p>
   </div>
   <div class='ocr_carea' id='block_1_69' title="bbox 544 3604 2117 3682">
    <p class='ocr_par' dir='ltr' id='par_1_69' title="bbox 544 3604 2117 3682">
     <span class='ocr_line' id='line_1_69' title="bbox 544 3604 2117 3682; baseline 0.013 -22"><span class='ocrx_word' id='word_1_502' title='bbox 544 3604 652 3661; x_wconf 86' lang='lat' dir='ltr'><strong>diis</strong></span> <span class='ocrx_word' id='word_1_503' title='bbox 683 3616 738 3662; x_wconf 89' lang='lat' dir='ltr'><strong>et</strong></span> <span class='ocrx_word' id='word_1_504' title='bbox 784 3611 997 3666; x_wconf 89' lang='lat' dir='ltr'><strong>artibus</strong></span> <span class='ocrx_word' id='word_1_505' title='bbox 1026 3612 1290 3668; x_wconf 88' lang='lat' dir='ltr'><strong>abductus</strong></span> <span class='ocrx_word' id='word_1_506' title='bbox 1326 3614 1537 3673; x_wconf 80' lang='lat' dir='ltr'><strong>fuisset.</strong></span> <span class='ocrx_word' id='word_1_507' title='bbox 1573 3618 1709 3674; x_wconf 86' lang='lat' dir='ltr'><strong>Nam</strong></span> <span class='ocrx_word' id='word_1_508' title='bbox 1754 3622 2117 3682; x_wconf 89' lang='lat' dir='ltr'><strong>adolescentis</strong></span> 
     </span>
    </p>
   </div>
   <div class='ocr_carea' id='block_1_70' title="bbox 544 3698 2116 3786">
    <p class='ocr_par' dir='ltr' id='par_1_70' title="bbox 544 3698 2116 3786">
     <span class='ocr_line' id='line_1_70' title="bbox 544 3698 2116 3786; baseline 0.012 -33"><span class='ocrx_word' id='word_1_509' title='bbox 544 3698 763 3768; x_wconf 84' lang='lat' dir='ltr'><strong>quidem</strong></span> <span class='ocrx_word' id='word_1_510' title='bbox 795 3716 959 3771; x_wconf 91' lang='lat' dir='ltr'><strong>quam</strong></span> <span class='ocrx_word' id='word_1_511' title='bbox 991 3706 1188 3760; x_wconf 87' lang='lat' dir='ltr'><strong>eximia</strong></span> <span class='ocrx_word' id='word_1_512' title='bbox 1213 3708 1455 3776; x_wconf 88' lang='lat' dir='ltr'><strong>species,</strong></span> <span class='ocrx_word' id='word_1_513' title='bbox 1488 3723 1689 3780; x_wconf 89' lang='lat' dir='ltr'><strong>quanta</strong></span> <span class='ocrx_word' id='word_1_514' title='bbox 1736 3713 1819 3768; x_wconf 92' lang='lat' dir='ltr'><strong>vis</strong></span> <span class='ocrx_word' id='word_1_515' title='bbox 1866 3716 2116 3786; x_wconf 91' lang='lat' dir='ltr'><strong>corporis</strong></span> 
     </span>
    </p>
   </div>
   <div class='ocr_carea' id='block_1_71' title="bbox 541 3792 2115 3870">
    <p class='ocr_par' dir='ltr' id='par_1_71' title="bbox 541 3792 2115 3870">
     <span class='ocr_line' id='line_1_71' title="bbox 541 3792 2115 3870; baseline 0.013 -26"><span class='ocrx_word' id='word_1_516' title='bbox 541 3799 600 3845; x_wconf 89' lang='lat' dir='ltr'><strong>et</strong></span> <span class='ocrx_word' id='word_1_517' title='bbox 628 3792 975 3860; x_wconf 87' lang='lat' dir='ltr'><strong>pulchritudo</strong></span> <span class='ocrx_word' id='word_1_518' title='bbox 1008 3795 1195 3864; x_wconf 77' lang='lat' dir='ltr'><strong>luerit,</strong></span> <span class='ocrx_word' id='word_1_519' title='bbox 1228 3797 1386 3853; x_wconf 82' lang='lat' dir='ltr'><strong>facile</strong></span> <span class='ocrx_word' id='word_1_520' title='bbox 1413 3803 1799 3870; x_wconf 77' lang='lat' dir='ltr'><strong>praetermitto,</strong></span> <span class='ocrx_word' id='word_1_521' title='bbox 1834 3805 1959 3861; x_wconf 91' lang='lat' dir='ltr'><strong>licet</strong></span> <span class='ocrx_word' id='word_1_522' title='bbox 2003 3807 2115 3865; x_wconf 86' lang='lat' dir='ltr'><strong>oris</strong></span> 
     </span>
    </p>
   </div>
   <div class='ocr_carea' id='block_1_72' title="bbox 536 3884 2116 3962">
    <p class='ocr_par' dir='ltr' id='par_1_72' title="bbox 536 3884 2116 3962">
     <span class='ocr_line' id='line_1_72' title="bbox 536 3884 2116 3962; baseline 0.012 -25"><span class='ocrx_word' id='word_1_523' title='bbox 536 3898 668 3938; x_wconf 83' lang='lat' dir='ltr'><strong>eum</strong></span> <span class='ocrx_word' id='word_1_524' title='bbox 721 3900 783 3940; x_wconf 91' lang='lat' dir='ltr'><strong>ac</strong></span> <span class='ocrx_word' id='word_1_525' title='bbox 806 3884 995 3942; x_wconf 67' lang='lat' dir='ltr'><strong>formae</strong></span> <span class='ocrx_word' id='word_1_526' title='bbox 1059 3889 1226 3945; x_wconf 89' lang='lat' dir='ltr'><strong>totius</strong></span> <span class='ocrx_word' id='word_1_527' title='bbox 1278 3892 1543 3962; x_wconf 85' lang='lat' dir='ltr'><strong>elegantia</strong></span> <span class='ocrx_word' id='word_1_528' title='bbox 1602 3897 1814 3953; x_wconf 72' lang='lat' dir='ltr'><strong>caeteris</strong></span> <span class='ocrx_word' id='word_1_529' title='bbox 1860 3901 2116 3958; x_wconf 92' lang='lat' dir='ltr'><strong>omnibus</strong></span> 
     </span>
    </p>
   </div>
   <div class='ocr_carea' id='block_1_73' title="bbox 542 3976 2117 4048">
    <p class='ocr_par' dir='ltr' id='par_1_73' title="bbox 542 3976 2117 4048">
     <span class='ocr_line' id='line_1_73' title="bbox 542 3976 2117 4048; baseline 0.013 -20"><span class='ocrx_word' id='word_1_530' title='bbox 542 3976 864 4045; x_wconf 68' lang='lat' dir='ltr'><strong>praestitisse</strong></span> <span class='ocrx_word' id='word_1_531' title='bbox 892 3978 1121 4035; x_wconf 87' lang='lat' dir='ltr'><strong>historia</strong></span> <span class='ocrx_word' id='word_1_532' title='bbox 1153 3982 1335 4037; x_wconf 91' lang='lat' dir='ltr'><strong>divina</strong></span> <span class='ocrx_word' id='word_1_533' title='bbox 1364 3994 1612 4041; x_wconf 87' lang='lat' dir='ltr'><strong>testetur.</strong></span> <span class='ocrx_word' id='word_1_534' title='bbox 1643 3986 1827 4043; x_wconf 81' lang='lat' dir='ltr'><strong>Animi</strong></span> <span class='ocrx_word' id='word_1_535' title='bbox 1867 4006 1995 4045; x_wconf 87' lang='lat' dir='ltr'><strong>vero</strong></span> <span class='ocrx_word' id='word_1_536' title='bbox 2016 3993 2117 4048; x_wconf 91' lang='lat' dir='ltr'><strong>do-</strong></span> 
     </span>
    </p>
   </div>
   <div class='ocr_carea' id='block_1_74' title="bbox 547 4075 2116 4153">
    <p class='ocr_par' dir='ltr' id='par_1_74' title="bbox 547 4075 2116 4153">
     <span class='ocr_line' id='line_1_74' title="bbox 547 4075 2116 4153; baseline 0.012 -34"><span class='ocrx_word' id='word_1_537' title='bbox 547 4078 628 4123; x_wconf 90' lang='lat' dir='ltr'><strong>tcs</strong></span> <span class='ocrx_word' id='word_1_538' title='bbox 684 4079 847 4140; x_wconf 89' lang='lat' dir='ltr'><strong>atque</strong></span> <span class='ocrx_word' id='word_1_539' title='bbox 891 4080 1211 4127; x_wconf 88' lang='lat' dir='ltr'><strong>ornamenta</strong></span> <span class='ocrx_word' id='word_1_540' title='bbox 1245 4075 1372 4145; x_wconf 89' lang='lat' dir='ltr'><strong>quis</strong></span> <span class='ocrx_word' id='word_1_541' title='bbox 1428 4078 1646 4133; x_wconf 87' lang='lat' dir='ltr'><strong>tandem</strong></span> <span class='ocrx_word' id='word_1_542' title='bbox 1705 4095 1804 4149; x_wconf 92' lang='lat' dir='ltr'><strong>pro</strong></span> <span class='ocrx_word' id='word_1_543' title='bbox 1854 4082 2116 4153; x_wconf 82' lang='lat' dir='ltr'><strong>dignitate</strong></span> 
     </span>
    </p>
   </div>
   <div class='ocr_carea' id='block_1_75' title="bbox 541 4166 2115 4232">
    <p class='ocr_par' dir='ltr' id='par_1_75' title="bbox 541 4166 2115 4232">
     <span class='ocr_line' id='line_1_75' title="bbox 541 4166 2115 4232; baseline 0.012 -18"><span class='ocrx_word' id='word_1_544' title='bbox 541 4174 971 4230; x_wconf 85' lang='lat' dir='ltr'><strong>commemoret,</strong></span> <span class='ocrx_word' id='word_1_545' title='bbox 1001 4166 1046 4221; x_wconf 90' lang='lat' dir='ltr'><strong>si</strong></span> <span class='ocrx_word' id='word_1_546' title='bbox 1091 4181 1216 4222; x_wconf 87' lang='lat' dir='ltr'><strong>cum</strong></span> <span class='ocrx_word' id='word_1_547' title='bbox 1244 4177 1406 4224; x_wconf 62' lang='lat' dir='ltr'><strong>tanta:</strong></span> <span class='ocrx_word' id='word_1_548' title='bbox 1431 4171 1650 4227; x_wconf 88' lang='lat' dir='ltr'><strong>virtutis</strong></span> <span class='ocrx_word' id='word_1_549' title='bbox 1689 4173 2006 4229; x_wconf 79' lang='lat' dir='ltr'><strong>excellentia</strong></span> <span class='ocrx_word' id='word_1_550' title='bbox 2038 4192 2115 4232; x_wconf 72' lang='lat' dir='ltr'><strong>ae-</strong></span> 
     </span>
    </p>
   </div>
   <div class='ocr_carea' id='block_1_76' title="bbox 542 4258 2113 4338">
    <p class='ocr_par' dir='ltr' id='par_1_76' title="bbox 542 4258 2113 4338">
     <span class='ocr_line' id='line_1_76' title="bbox 542 4258 2113 4338; baseline 0.011 -34"><span class='ocrx_word' id='word_1_551' title='bbox 542 4264 714 4320; x_wconf 91' lang='lat' dir='ltr'><strong>quare</strong></span> <span class='ocrx_word' id='word_1_552' title='bbox 764 4264 993 4311; x_wconf 91' lang='lat' dir='ltr'><strong>conetur</strong></span> <span class='ocrx_word' id='word_1_553' title='bbox 1032 4258 1463 4326; x_wconf 80' lang='lat' dir='ltr'><strong>magnitudinem</strong></span> <span class='ocrx_word' id='word_1_554' title='bbox 1490 4261 1865 4319; x_wconf 82' lang='lat' dir='ltr'><strong>laudationis?</strong></span> <span class='ocrx_word' id='word_1_555' title='bbox 1896 4265 1962 4321; x_wconf 88' lang='lat' dir='ltr'><strong>Et</strong></span> <span class='ocrx_word' id='word_1_556' title='bbox 1988 4269 2113 4338; x_wconf 87' lang='lat' dir='ltr'><strong>qui-</strong></span> 
     </span>
    </p>
   </div>
   <div class='ocr_carea' id='block_1_77' title="bbox 2233 3064 3809 3141">
    <p class='ocr_par' dir='ltr' id='par_1_77' title="bbox 2233 3064 3809 3141">
     <span class='ocr_line' id='line_1_77' title="bbox 2233 3064 3809 3141; baseline -0.001 -20"><span class='ocrx_word' id='word_1_557' title='bbox 2233 3069 2367 3141; x_wconf 91' lang='grc' dir='ltr'><strong>ρίοις</strong></span> <span class='ocrx_word' id='word_1_558' title='bbox 2382 3066 2720 3139; x_wconf 86' lang='grc' dir='ltr'><strong>ἀνείληπται.</strong></span> <span class='ocrx_word' id='word_1_559' title='bbox 2745 3065 2900 3120; x_wconf 79' lang='grc' dir='ltr'><strong>Μετὰ</strong></span> <span class='ocrx_word' id='word_1_560' title='bbox 2920 3064 2976 3119; x_wconf 74' lang='grc' dir='ltr'><strong>δὲ</strong></span> <span class='ocrx_word' id='word_1_561' title='bbox 2998 3065 3123 3128; x_wconf 75' lang='grc' dir='ltr'><strong>τοὺς</strong></span> <span class='ocrx_word' id='word_1_562' title='bbox 3145 3067 3467 3136; x_wconf 80' lang='grc' dir='ltr'><strong>εἰρημένους</strong></span> <span class='ocrx_word' id='word_1_563' title='bbox 3506 3067 3809 3138; x_wconf 75' lang='grc' dir='ltr'><strong>Ἑϐραίους,</strong></span> 
     </span>
    </p>
   </div>
   <div class='ocr_carea' id='block_1_78' title="bbox 2227 3156 3814 3231">
    <p class='ocr_par' dir='ltr' id='par_1_78' title="bbox 2227 3156 3814 3231">
     <span class='ocr_line' id='line_1_78' title="bbox 2227 3156 3814 3231; baseline -0.001 -18"><span class='ocrx_word' id='word_1_564' title='bbox 2227 3158 2413 3231; x_wconf 68' lang='grc' dir='ltr'><strong>ἐπειδὴ</strong></span> <span class='ocrx_word' id='word_1_565' title='bbox 2452 3160 2532 3223; x_wconf 87' lang='grc' dir='ltr'><strong>εἰς</strong></span> <span class='ocrx_word' id='word_1_566' title='bbox 2565 3156 3015 3228; x_wconf 78' lang='grc' dir='ltr'><strong>πολυανθρωπίαν</strong></span> <span class='ocrx_word' id='word_1_567' title='bbox 3044 3156 3293 3217; x_wconf 64' lang='grc' dir='ltr'><strong>ἐπεδίδου,</strong></span> <span class='ocrx_word' id='word_1_568' title='bbox 3318 3156 3380 3209; x_wconf 79' lang='grc' dir='ltr'><strong>τὸ</strong></span> <span class='ocrx_word' id='word_1_569' title='bbox 3398 3156 3505 3210; x_wconf 86' lang='grc' dir='ltr'><strong>τῶν</strong></span> <span class='ocrx_word' id='word_1_570' title='bbox 3530 3158 3814 3227; x_wconf 81' lang='grc' dir='ltr'><strong>ἀπογόνων</strong></span> 
     </span>
    </p>
   </div>
   <div class='ocr_carea' id='block_1_79' title="bbox 2228 3246 3818 3321">
    <p class='ocr_par' dir='ltr' id='par_1_79' title="bbox 2228 3246 3818 3321">
     <span class='ocr_line' id='line_1_79' title="bbox 2228 3246 3818 3321; baseline 0.001 -20"><span class='ocrx_word' id='word_1_571' title='bbox 2228 3248 2403 3318; x_wconf 89' lang='grc' dir='ltr'><strong>γένος,</strong></span> <span class='ocrx_word' id='word_1_572' title='bbox 2428 3249 2528 3321; x_wconf 83' lang='grc' dir='ltr'><strong>ήδη</strong></span> <span class='ocrx_word' id='word_1_573' title='bbox 2552 3266 2612 3302; x_wconf 89' lang='grc' dir='ltr'><strong>τε</strong></span> <span class='ocrx_word' id='word_1_574' title='bbox 2643 3248 2737 3302; x_wconf 74' lang='grc' dir='ltr'><strong>καὶ</strong></span> <span class='ocrx_word' id='word_1_575' title='bbox 2761 3248 2822 3300; x_wconf 88' lang='grc' dir='ltr'><strong>τὸ</strong></span> <span class='ocrx_word' id='word_1_576' title='bbox 2862 3247 3127 3301; x_wconf 83' lang='grc' dir='ltr'><strong>Ἰουδαίων</strong></span> <span class='ocrx_word' id='word_1_577' title='bbox 3173 3246 3232 3313; x_wconf 78' lang='grc' dir='ltr'>ἐξ</span> <span class='ocrx_word' id='word_1_578' title='bbox 3264 3247 3444 3300; x_wconf 77' lang='grc' dir='ltr'><strong>αὐτῶν</strong></span> <span class='ocrx_word' id='word_1_579' title='bbox 3474 3247 3629 3312; x_wconf 74' lang='grc' dir='ltr'><strong>ἔθνος</strong></span> <span class='ocrx_word' id='word_1_580' title='bbox 3659 3266 3818 3303; x_wconf 68' lang='grc' dir='ltr'><strong>συνευο</strong></span> 
     </span>
    </p>
   </div>
   <div class='ocr_carea' id='block_1_80' title="bbox 2229 3339 3813 3412">
    <p class='ocr_par' dir='ltr' id='par_1_80' title="bbox 2229 3339 3813 3412">
     <span class='ocr_line' id='line_1_80' title="bbox 2229 3339 3813 3412; baseline -0.001 -16"><span class='ocrx_word' id='word_1_581' title='bbox 2229 3341 2391 3407; x_wconf 83' lang='grc' dir='ltr'><strong>στὼς,</strong></span> <span class='ocrx_word' id='word_1_582' title='bbox 2420 3339 2712 3405; x_wconf 80' lang='grc' dir='ltr'><strong>ὲπλεόναζέ</strong></span> <span class='ocrx_word' id='word_1_583' title='bbox 2742 3358 2802 3394; x_wconf 88' lang='grc' dir='ltr'><strong>τε</strong></span> <span class='ocrx_word' id='word_1_584' title='bbox 2852 3339 3121 3411; x_wconf 78' lang='grc' dir='ltr'><strong>ὁσημέραι</strong></span> <span class='ocrx_word' id='word_1_585' title='bbox 3155 3340 3250 3392; x_wconf 75' lang='grc' dir='ltr'><strong>καὶ</strong></span> <span class='ocrx_word' id='word_1_586' title='bbox 3296 3339 3585 3411; x_wconf 74' lang='grc' dir='ltr'><strong>ἐπλήθυνε,</strong></span> <span class='ocrx_word' id='word_1_587' title='bbox 3614 3340 3683 3394; x_wconf 82' lang='grc' dir='ltr'><strong>τά</strong></span> <span class='ocrx_word' id='word_1_588' title='bbox 3710 3340 3813 3412; x_wconf 81' lang='grc' dir='ltr'><strong>μὲν</strong></span> 
     </span>
    </p>
   </div>
   <div class='ocr_carea' id='block_1_81' title="bbox 2225 3426 3813 3500">
    <p class='ocr_par' dir='ltr' id='par_1_81' title="bbox 2225 3426 3813 3500">
     <span class='ocr_line' id='line_1_81' title="bbox 2225 3426 3813 3500; baseline 0.001 -20"><span class='ocrx_word' id='word_1_589' title='bbox 2225 3430 2324 3500; x_wconf 79' lang='grc' dir='ltr'><strong>τῆς</strong></span> <span class='ocrx_word' id='word_1_590' title='bbox 2344 3427 2599 3492; x_wconf 70' lang='grc' dir='ltr'><strong>εὐσεϐοῦς</strong></span> <span class='ocrx_word' id='word_1_591' title='bbox 2628 3427 2853 3497; x_wconf 76' lang='grc' dir='ltr'><strong>ἀγωγῆς</strong></span> <span class='ocrx_word' id='word_1_592' title='bbox 2876 3426 2984 3479; x_wconf 88' lang='grc' dir='ltr'><strong>τῶν</strong></span> <span class='ocrx_word' id='word_1_593' title='bbox 3013 3426 3289 3496; x_wconf 84' lang='grc' dir='ltr'><strong>πρόπαλαι</strong></span> <span class='ocrx_word' id='word_1_594' title='bbox 3310 3426 3570 3495; x_wconf 72' lang='grc' dir='ltr'><strong>θεοφιλῶν</strong></span> <span class='ocrx_word' id='word_1_595' title='bbox 3597 3447 3813 3499; x_wconf 85' lang='grc' dir='ltr'><strong>προπα-</strong></span> 
     </span>
    </p>
   </div>
   <div class='ocr_carea' id='block_1_82' title="bbox 2225 3517 3813 3593">
    <p class='ocr_par' dir='ltr' id='par_1_82' title="bbox 2225 3517 3813 3593">
     <span class='ocr_line' id='line_1_82' title="bbox 2225 3517 3813 3593; baseline -0.003 -18"><span class='ocrx_word' id='word_1_596' title='bbox 2225 3522 2401 3593; x_wconf 86' lang='grc' dir='ltr'><strong>τόρων</strong></span> <span class='ocrx_word' id='word_1_597' title='bbox 2442 3521 2583 3575; x_wconf 83' lang='grc' dir='ltr'><strong>κατά</strong></span> <span class='ocrx_word' id='word_1_598' title='bbox 2612 3520 2845 3591; x_wconf 84' lang='grc' dir='ltr'><strong>σμικρὸν</strong></span> <span class='ocrx_word' id='word_1_599' title='bbox 2902 3519 3087 3580; x_wconf 80' lang='grc' dir='ltr'><strong>αὐτοῖς</strong></span> <span class='ocrx_word' id='word_1_600' title='bbox 3138 3517 3434 3589; x_wconf 82' lang='grc' dir='ltr'><strong>ὲξησθένει,</strong></span> <span class='ocrx_word' id='word_1_601' title='bbox 3489 3519 3583 3570; x_wconf 73' lang='grc' dir='ltr'><strong>καὶ</strong></span> <span class='ocrx_word' id='word_1_602' title='bbox 3620 3520 3813 3591; x_wconf 79' lang='grc' dir='ltr'><strong>ἀπημ-</strong></span> 
     </span>
    </p>
   </div>
   <div class='ocr_carea' id='block_1_83' title="bbox 2225 3608 3811 3682">
    <p class='ocr_par' dir='ltr' id='par_1_83' title="bbox 2225 3608 3811 3682">
     <span class='ocr_line' id='line_1_83' title="bbox 2225 3608 3811 3682; baseline -0.004 -13"><span class='ocrx_word' id='word_1_603' title='bbox 2225 3614 2467 3669; x_wconf 75' lang='grc' dir='ltr'><strong>ϐλύνετο·</strong></span> <span class='ocrx_word' id='word_1_604' title='bbox 2495 3612 2565 3666; x_wconf 86' lang='grc' dir='ltr'><strong>τά</strong></span> <span class='ocrx_word' id='word_1_605' title='bbox 2590 3614 2647 3666; x_wconf 84' lang='grc' dir='ltr'><strong>δὲ</strong></span> <span class='ocrx_word' id='word_1_606' title='bbox 2672 3615 2774 3682; x_wconf 80' lang='grc' dir='ltr'><strong>τῆς</strong></span> <span class='ocrx_word' id='word_1_607' title='bbox 2819 3610 2948 3682; x_wconf 73' lang='grc' dir='ltr'><strong>παρ’</strong></span> <span class='ocrx_word' id='word_1_608' title='bbox 2972 3609 3288 3678; x_wconf 77' lang='grc' dir='ltr'><strong>Αἰγυπτίοις</strong></span> <span class='ocrx_word' id='word_1_609' title='bbox 3314 3608 3596 3680; x_wconf 75' lang='grc' dir='ltr'><strong>διατριϐῆς</strong></span> <span class='ocrx_word' id='word_1_610' title='bbox 3619 3611 3811 3664; x_wconf 80' lang='grc' dir='ltr'><strong>τοσοῦ-</strong></span> 
     </span>
    </p>
   </div>
   <div class='ocr_carea' id='block_1_84' title="bbox 2224 3698 3808 3776">
    <p class='ocr_par' dir='ltr' id='par_1_84' title="bbox 2224 3698 3808 3776">
     <span class='ocr_line' id='line_1_84' title="bbox 2224 3698 3808 3776; baseline -0.006 -15"><span class='ocrx_word' id='word_1_611' title='bbox 2224 3725 2314 3761; x_wconf 84' lang='grc' dir='ltr'><strong>τον</strong></span> <span class='ocrx_word' id='word_1_612' title='bbox 2337 3707 2436 3776; x_wconf 79' lang='grc' dir='ltr'><strong>τῆς</strong></span> <span class='ocrx_word' id='word_1_613' title='bbox 2464 3705 2571 3758; x_wconf 89' lang='grc' dir='ltr'><strong>τῶν</strong></span> <span class='ocrx_word' id='word_1_614' title='bbox 2599 3701 2945 3775; x_wconf 77' lang='grc' dir='ltr'><strong>δηλουμένων</strong></span> <span class='ocrx_word' id='word_1_615' title='bbox 2992 3698 3252 3770; x_wconf 82' lang='grc' dir='ltr'><strong>κατίσχυε</strong></span> <span class='ocrx_word' id='word_1_616' title='bbox 3300 3699 3535 3771; x_wconf 81' lang='grc' dir='ltr'><strong>πληθύος</strong></span> <span class='ocrx_word' id='word_1_617' title='bbox 3554 3741 3569 3765; x_wconf 92' lang='grc'><strong>,</strong></span> <span class='ocrx_word' id='word_1_618' title='bbox 3603 3699 3679 3764; x_wconf 82' lang='grc' dir='ltr'><strong>ὡς</strong></span> <span class='ocrx_word' id='word_1_619' title='bbox 3706 3703 3808 3772; x_wconf 81' lang='grc' dir='ltr'><strong>τῆς</strong></span> 
     </span>
    </p>
   </div>
   <div class='ocr_carea' id='block_1_85' title="bbox 2227 3790 3809 3870">
    <p class='ocr_par' dir='ltr' id='par_1_85' title="bbox 2227 3790 3809 3870">
     <span class='ocr_line' id='line_1_85' title="bbox 2227 3790 3809 3870; baseline -0.004 -19"><span class='ocrx_word' id='word_1_620' title='bbox 2227 3798 2325 3870; x_wconf 79' lang='grc' dir='ltr'><strong>μὲν</strong></span> <span class='ocrx_word' id='word_1_621' title='bbox 2363 3796 2586 3867; x_wconf 83' lang='grc' dir='ltr'><strong>πατρίου</strong></span> <span class='ocrx_word' id='word_1_622' title='bbox 2623 3793 2822 3864; x_wconf 82' lang='grc' dir='ltr'><strong>ἀρετῆς</strong></span> <span class='ocrx_word' id='word_1_623' title='bbox 2855 3795 2935 3857; x_wconf 92' lang='grc' dir='ltr'><strong>εἰς</strong></span> <span class='ocrx_word' id='word_1_624' title='bbox 2958 3791 3129 3863; x_wconf 83' lang='grc' dir='ltr'><strong>λήθην</strong></span> <span class='ocrx_word' id='word_1_625' title='bbox 3154 3790 3344 3844; x_wconf 76' lang='grc' dir='ltr'><strong>ἐλθεῖν·</strong></span> <span class='ocrx_word' id='word_1_626' title='bbox 3367 3794 3432 3861; x_wconf 80' lang='grc' dir='ltr'><strong>τῇ</strong></span> <span class='ocrx_word' id='word_1_627' title='bbox 3460 3791 3515 3843; x_wconf 78' lang='grc' dir='ltr'><strong>δὲ</strong></span> <span class='ocrx_word' id='word_1_628' title='bbox 3550 3792 3676 3862; x_wconf 84' lang='grc' dir='ltr'><strong>παρ’</strong></span> <span class='ocrx_word' id='word_1_629' title='bbox 3706 3793 3809 3845; x_wconf 81' lang='grc' dir='ltr'><strong>Αἰ-</strong></span> 
     </span>
    </p>
   </div>
   <div class='ocr_carea' id='block_1_86' title="bbox 2222 3881 3809 3958">
    <p class='ocr_par' dir='ltr' id='par_1_86' title="bbox 2222 3881 3809 3958">
     <span class='ocr_line' id='line_1_86' title="bbox 2222 3881 3809 3958; baseline -0.004 -17"><span class='ocrx_word' id='word_1_630' title='bbox 2222 3888 2472 3957; x_wconf 84' lang='grc' dir='ltr'><strong>γυπτίοις</strong></span> <span class='ocrx_word' id='word_1_631' title='bbox 2504 3884 2857 3958; x_wconf 66' lang='grc' dir='ltr'><strong>όμοιοτροπία</strong></span> <span class='ocrx_word' id='word_1_632' title='bbox 2908 3885 3035 3947; x_wconf 78' lang='grc' dir='ltr'><strong>τοὺς</strong></span> <span class='ocrx_word' id='word_1_633' title='bbox 3085 3883 3231 3953; x_wconf 88' lang='grc' dir='ltr'><strong>βίους</strong></span> <span class='ocrx_word' id='word_1_634' title='bbox 3267 3881 3699 3954; x_wconf 78' lang='grc' dir='ltr'><strong>περιενεχθῆναι,</strong></span> <span class='ocrx_word' id='word_1_635' title='bbox 3728 3882 3809 3947; x_wconf 84' lang='grc' dir='ltr'><strong>ὼς</strong></span> 
     </span>
    </p>
   </div>
   <div class='ocr_carea' id='block_1_87' title="bbox 2224 3974 3805 4048">
    <p class='ocr_par' dir='ltr' id='par_1_87' title="bbox 2224 3974 3805 4048">
     <span class='ocr_line' id='line_1_87' title="bbox 2224 3974 3805 4048; baseline -0.001 -17"><span class='ocrx_word' id='word_1_636' title='bbox 2224 3977 2366 4031; x_wconf 88' lang='grc' dir='ltr'><strong>κατά</strong></span> <span class='ocrx_word' id='word_1_637' title='bbox 2395 3977 2559 4048; x_wconf 85' lang='grc' dir='ltr'><strong>μηδὲν</strong></span> <span class='ocrx_word' id='word_1_638' title='bbox 2588 3977 2899 4045; x_wconf 83' lang='grc' dir='ltr'><strong>Αἰγυπτίων</strong></span> <span class='ocrx_word' id='word_1_639' title='bbox 2947 3975 3037 4028; x_wconf 76' lang='grc' dir='ltr'><strong>τὸν</strong></span> <span class='ocrx_word' id='word_1_640' title='bbox 3060 3975 3260 4045; x_wconf 88' lang='grc' dir='ltr'><strong>τρόπον</strong></span> <span class='ocrx_word' id='word_1_641' title='bbox 3296 3974 3569 4045; x_wconf 63' lang='grc' dir='ltr'><strong>διαφέρειν</strong></span> <span class='ocrx_word' id='word_1_642' title='bbox 3606 3974 3805 4030; x_wconf 83' lang='grc' dir='ltr'><strong>δοκεῖν.</strong></span> 
     </span>
    </p>
   </div>
   <div class='ocr_carea' id='block_1_88' title="bbox 2236 4066 3807 4141">
    <p class='ocr_par' dir='ltr' id='par_1_88' title="bbox 2236 4066 3807 4141">
     <span class='ocr_line' id='line_1_88' title="bbox 2236 4066 3807 4141; baseline -0.001 -19"><span class='ocrx_word' id='word_1_643' title='bbox 2236 4070 2497 4124; x_wconf 82' lang='grc' dir='ltr'><strong>Ἐνταῦθα</strong></span> <span class='ocrx_word' id='word_1_644' title='bbox 2521 4070 2657 4141; x_wconf 83' lang='grc' dir='ltr'><strong>δῆτα</strong></span> <span class='ocrx_word' id='word_1_645' title='bbox 2683 4070 2867 4132; x_wconf 78' lang='grc' dir='ltr'><strong>αὐτοῖς</strong></span> <span class='ocrx_word' id='word_1_646' title='bbox 2891 4067 3116 4121; x_wconf 83' lang='grc' dir='ltr'><strong>τοιοῖσδε</strong></span> <span class='ocrx_word' id='word_1_647' title='bbox 3156 4067 3607 4131; x_wconf 85' lang='grc' dir='ltr'><strong>ἀποτελεσθείσιν,</strong></span> <span class='ocrx_word' id='word_1_648' title='bbox 3632 4068 3660 4120; x_wconf 95' lang='grc' dir='ltr'><strong>ό</strong></span> <span class='ocrx_word' id='word_1_649' title='bbox 3698 4066 3807 4121; x_wconf 85' lang='grc' dir='ltr'><strong>τῶν</strong></span> 
     </span>
    </p>
   </div>
   <div class='ocr_carea' id='block_1_89' title="bbox 2223 4159 3807 4235">
    <p class='ocr_par' dir='ltr' id='par_1_89' title="bbox 2223 4159 3807 4235">
     <span class='ocr_line' id='line_1_89' title="bbox 2223 4159 3807 4235; baseline -0.003 -18"><span class='ocrx_word' id='word_1_650' title='bbox 2223 4162 2582 4235; x_wconf 81' lang='grc' dir='ltr'><strong>προπατόρων</strong></span> <span class='ocrx_word' id='word_1_651' title='bbox 2613 4160 2745 4225; x_wconf 84' lang='grc' dir='ltr'><strong>Θεὸς</strong></span> <span class='ocrx_word' id='word_1_652' title='bbox 2794 4161 3037 4231; x_wconf 82' lang='grc' dir='ltr'><strong>ἡγεμόνα</strong></span> <span class='ocrx_word' id='word_1_653' title='bbox 3069 4159 3162 4214; x_wconf 76' lang='grc' dir='ltr'><strong>καὶ</strong></span> <span class='ocrx_word' id='word_1_654' title='bbox 3207 4159 3502 4230; x_wconf 85' lang='grc' dir='ltr'><strong>νομοθέτην</strong></span> <span class='ocrx_word' id='word_1_655' title='bbox 3530 4159 3807 4229; x_wconf 80' lang='grc' dir='ltr'><strong>ἐκπέμπει</strong></span> 
     </span>
    </p>
   </div>
   <div class='ocr_carea' id='block_1_90' title="bbox 2220 4249 3806 4324">
    <p class='ocr_par' dir='ltr' id='par_1_90' title="bbox 2220 4249 3806 4324">
     <span class='ocr_line' id='line_1_90' title="bbox 2220 4249 3806 4324; baseline -0.006 -15"><span class='ocrx_word' id='word_1_656' title='bbox 2220 4254 2481 4317; x_wconf 81' lang='grc' dir='ltr'><strong>Μωῦσέα,</strong></span> <span class='ocrx_word' id='word_1_657' title='bbox 2515 4253 2613 4317; x_wconf 88' lang='grc' dir='ltr'><strong>τὰς</strong></span> <span class='ocrx_word' id='word_1_658' title='bbox 2646 4251 2734 4305; x_wconf 85' lang='grc' dir='ltr'><strong>διὰ</strong></span> <span class='ocrx_word' id='word_1_659' title='bbox 2770 4250 3035 4324; x_wconf 85' lang='grc' dir='ltr'><strong>χρησμῶν</strong></span> <span class='ocrx_word' id='word_1_660' title='bbox 3062 4250 3171 4304; x_wconf 85' lang='grc' dir='ltr'><strong>τῶν</strong></span> <span class='ocrx_word' id='word_1_661' title='bbox 3191 4250 3326 4321; x_wconf 78' lang='grc' dir='ltr'><strong>πρὸς</strong></span> <span class='ocrx_word' id='word_1_662' title='bbox 3353 4249 3479 4311; x_wconf 79' lang='grc' dir='ltr'><strong>τοὺς</strong></span> <span class='ocrx_word' id='word_1_663' title='bbox 3506 4249 3806 4318; x_wconf 81' lang='grc' dir='ltr'><strong>προγόνους</strong></span> 
     </span>
    </p>
   </div>
   <div class='ocr_carea' id='block_1_91' title="bbox 544 4339 2126 4422">
    <p class='ocr_par' dir='ltr' id='par_1_91' title="bbox 544 4344 2111 4422">
     <span class='ocr_line' id='line_1_91' title="bbox 544 4344 2111 4422; baseline 0.01 -24"><span class='ocrx_word' id='word_1_664' title='bbox 544 4344 668 4398; x_wconf 91' lang='lat' dir='ltr'><strong>dem</strong></span> <span class='ocrx_word' id='word_1_665' title='bbox 699 4359 960 4403; x_wconf 90' lang='lat' dir='ltr'><strong>constans</strong></span> <span class='ocrx_word' id='word_1_666' title='bbox 992 4346 1139 4405; x_wconf 78' lang='lat' dir='ltr'><strong>fama</strong></span> <span class='ocrx_word' id='word_1_667' title='bbox 1172 4359 1276 4415; x_wconf 90' lang='lat' dir='ltr'><strong>est,</strong></span> <span class='ocrx_word' id='word_1_668' title='bbox 1308 4352 1486 4422; x_wconf 90' lang='lat' dir='ltr'><strong>ipsum</strong></span> <span class='ocrx_word' id='word_1_669' title='bbox 1531 4369 1562 4408; x_wconf 90' lang='lat' dir='ltr'><strong>a</strong></span> <span class='ocrx_word' id='word_1_670' title='bbox 1611 4365 1806 4412; x_wconf 88' lang='lat' dir='ltr'><strong>natura</strong></span> <span class='ocrx_word' id='word_1_671' title='bbox 1835 4358 2111 4414; x_wconf 87' lang='lat' dir='ltr'><strong>liberalem</strong></span> 
     </span>
    </p>
   </div>
   <div class='ocr_carea' id='block_1_92' title="bbox 2228 4339 3801 4422">
    <p class='ocr_par' dir='ltr' id='par_1_92' title="bbox 2228 4339 3801 4412">
     <span class='ocr_line' id='line_1_92' title="bbox 2228 4339 3801 4412; baseline -0.003 -14"><span class='ocrx_word' id='word_1_672' title='bbox 2228 4343 2402 4398; x_wconf 76' lang='grc' dir='ltr'><strong>αὐτῶν</strong></span> <span class='ocrx_word' id='word_1_673' title='bbox 2430 4342 2790 4412; x_wconf 85' lang='grc' dir='ltr'><strong>πιστούμενος</strong></span> <span class='ocrx_word' id='word_1_674' title='bbox 2837 4340 3187 4411; x_wconf 79' lang='grc' dir='ltr'><strong>ἐπαγγελίας.</strong></span> <span class='ocrx_word' id='word_1_675' title='bbox 3244 4340 3493 4394; x_wconf 78' lang='grc' dir='ltr'><strong>Κάπειτα</strong></span> <span class='ocrx_word' id='word_1_676' title='bbox 3542 4339 3801 4394; x_wconf 76' lang='grc' dir='ltr'><strong>διἀὐτοῦ</strong></span> 
     </span>
    </p>
   </div>
   <div class='ocr_carea' id='block_1_93' title="bbox 540 4439 2117 4521">
    <p class='ocr_par' dir='ltr' id='par_1_93' title="bbox 540 4439 2117 4521">
     <span class='ocr_line' id='line_1_93' title="bbox 540 4439 2117 4521; baseline 0.009 -30"><span class='ocrx_word' id='word_1_677' title='bbox 540 4439 836 4506; x_wconf 89' lang='lat' dir='ltr'><strong>quamdam</strong></span> <span class='ocrx_word' id='word_1_678' title='bbox 870 4442 1106 4511; x_wconf 88' lang='lat' dir='ltr'><strong>speciem</strong></span> <span class='ocrx_word' id='word_1_679' title='bbox 1134 4443 1414 4512; x_wconf 88' lang='lat' dir='ltr'><strong>habuisse,</strong></span> <span class='ocrx_word' id='word_1_680' title='bbox 1444 4462 1508 4502; x_wconf 87' lang='lat' dir='ltr'><strong>ac</strong></span> <span class='ocrx_word' id='word_1_681' title='bbox 1540 4450 1728 4505; x_wconf 91' lang='lat' dir='ltr'><strong>nescio</strong></span> <span class='ocrx_word' id='word_1_682' title='bbox 1756 4451 1887 4521; x_wconf 86' lang='lat' dir='ltr'><strong>quid</strong></span> <span class='ocrx_word' id='word_1_683' title='bbox 1919 4450 2117 4507; x_wconf 87' lang='lat' dir='ltr'><strong>nobili-</strong></span> 
     </span>
    </p>
   </div>
   <div class='ocr_carea' id='block_1_94' title="bbox 540 4530 2113 4612">
    <p class='ocr_par' dir='ltr' id='par_1_94' title="bbox 540 4530 2113 4612">
     <span class='ocr_line' id='line_1_94' title="bbox 540 4530 2113 4612; baseline 0.01 -27"><span class='ocrx_word' id='word_1_684' title='bbox 540 4530 669 4585; x_wconf 83' lang='lat' dir='ltr'><strong>tatis</strong></span> <span class='ocrx_word' id='word_1_685' title='bbox 701 4530 755 4583; x_wconf 93' lang='lat' dir='ltr'><strong>in</strong></span> <span class='ocrx_word' id='word_1_686' title='bbox 784 4533 1052 4600; x_wconf 89' lang='lat' dir='ltr'><strong>moribus,</strong></span> <span class='ocrx_word' id='word_1_687' title='bbox 1080 4537 1225 4606; x_wconf 89' lang='lat' dir='ltr'><strong>quod</strong></span> <span class='ocrx_word' id='word_1_688' title='bbox 1254 4553 1318 4591; x_wconf 85' lang='lat' dir='ltr'><strong>ex</strong></span> <span class='ocrx_word' id='word_1_689' title='bbox 1360 4538 1482 4608; x_wconf 89' lang='lat' dir='ltr'><strong>ipso</strong></span> <span class='ocrx_word' id='word_1_690' title='bbox 1511 4556 1733 4612; x_wconf 89' lang='lat' dir='ltr'><strong>quoque</strong></span> <span class='ocrx_word' id='word_1_691' title='bbox 1762 4543 1918 4597; x_wconf 90' lang='lat' dir='ltr'><strong>vultu</strong></span> <span class='ocrx_word' id='word_1_692' title='bbox 1961 4542 2113 4600; x_wconf 79' lang='lat' dir='ltr'><strong>cillo-</strong></span> 
     </span>
    </p>
   </div>
   <div class='ocr_carea' id='block_1_95' title="bbox 542 4626 2114 4704">
    <p class='ocr_par' dir='ltr' id='par_1_95' title="bbox 542 4626 2114 4704">
     <span class='ocr_line' id='line_1_95' title="bbox 542 4626 2114 4704; baseline 0.009 -27"><span class='ocrx_word' id='word_1_693' title='bbox 542 4626 886 4680; x_wconf 78' lang='lat' dir='ltr'><strong>resceret.At</strong></span> <span class='ocrx_word' id='word_1_694' title='bbox 913 4642 1043 4682; x_wconf 86' lang='lat' dir='ltr'><strong>vero</strong></span> <span class='ocrx_word' id='word_1_695' title='bbox 1071 4627 1339 4697; x_wconf 84' lang='lat' dir='ltr'><strong>ejusmodi</strong></span> <span class='ocrx_word' id='word_1_696' title='bbox 1369 4633 1586 4701; x_wconf 89' lang='lat' dir='ltr'><strong>pietatis</strong></span> <span class='ocrx_word' id='word_1_697' title='bbox 1618 4634 1926 4704; x_wconf 81' lang='lat' dir='ltr'><strong>insignibus</strong></span> <span class='ocrx_word' id='word_1_698' title='bbox 1955 4635 2114 4691; x_wconf 78' lang='lat' dir='ltr'><strong>eﬂul-</strong></span> 
     </span>
    </p>
   </div>
   <div class='ocr_carea' id='block_1_96' title="bbox 540 4716 2111 4797">
    <p class='ocr_par' dir='ltr' id='par_1_96' title="bbox 540 4716 2111 4797">
     <span class='ocr_line' id='line_1_96' title="bbox 540 4716 2111 4797; baseline 0.011 -29"><span class='ocrx_word' id='word_1_699' title='bbox 540 4716 723 4783; x_wconf 77' lang='lat' dir='ltr'><strong>gebat,</strong></span> <span class='ocrx_word' id='word_1_700' title='bbox 758 4722 820 4769; x_wconf 88' lang='lat' dir='ltr'><strong>ut</strong></span> <span class='ocrx_word' id='word_1_701' title='bbox 841 4732 1056 4772; x_wconf 89' lang='lat' dir='ltr'><strong>summa</strong></span> <span class='ocrx_word' id='word_1_702' title='bbox 1083 4721 1449 4787; x_wconf 68' lang='lat' dir='ltr'><strong>continentiae,</strong></span> <span class='ocrx_word' id='word_1_703' title='bbox 1467 4725 1760 4795; x_wconf 56' lang='lat' dir='ltr'><strong>aequitatis,</strong></span> <span class='ocrx_word' id='word_1_704' title='bbox 1792 4728 2111 4797; x_wconf 64' lang='lat' dir='ltr'><strong>prudentia,</strong></span> 
     </span>
    </p>
   </div>
   <div class='ocr_carea' id='block_1_97' title="bbox 540 4807 2111 4883">
    <p class='ocr_par' dir='ltr' id='par_1_97' title="bbox 540 4807 2111 4883">
     <span class='ocr_line' id='line_1_97' title="bbox 540 4807 2111 4883; baseline 0.009 -22"><span class='ocrx_word' id='word_1_705' title='bbox 540 4807 877 4863; x_wconf 79' lang='lat' dir='ltr'><strong>fortitudinis</strong></span> <span class='ocrx_word' id='word_1_706' title='bbox 916 4810 1077 4866; x_wconf 90' lang='lat' dir='ltr'><strong>laude</strong></span> <span class='ocrx_word' id='word_1_707' title='bbox 1106 4811 1444 4869; x_wconf 88' lang='lat' dir='ltr'><strong>clarissimus</strong></span> <span class='ocrx_word' id='word_1_708' title='bbox 1474 4830 1597 4870; x_wconf 90' lang='lat' dir='ltr'><strong>cum</strong></span> <span class='ocrx_word' id='word_1_709' title='bbox 1643 4826 1807 4883; x_wconf 85' lang='lat' dir='ltr'><strong>esset,</strong></span> <span class='ocrx_word' id='word_1_710' title='bbox 1838 4818 1979 4874; x_wconf 90' lang='lat' dir='ltr'><strong>idem</strong></span> <span class='ocrx_word' id='word_1_711' title='bbox 2024 4828 2111 4875; x_wconf 78' lang='lat' dir='ltr'><strong>ta~</strong></span> 
     </span>
    </p>
   </div>
   <div class='ocr_carea' id='block_1_98' title="bbox 540 4900 2114 4975">
    <p class='ocr_par' dir='ltr' id='par_1_98' title="bbox 540 4900 2114 4975">
     <span class='ocr_line' id='line_1_98' title="bbox 540 4900 2114 4975; baseline 0.01 -26"><span class='ocrx_word' id='word_1_712' title='bbox 540 4911 666 4951; x_wconf 90' lang='lat' dir='ltr'><strong>men</strong></span> <span class='ocrx_word' id='word_1_713' title='bbox 700 4900 974 4969; x_wconf 63' lang='lat' dir='ltr'><strong>prmeipua</strong></span> <span class='ocrx_word' id='word_1_714' title='bbox 1005 4902 1241 4970; x_wconf 88' lang='lat' dir='ltr'><strong>quadam</strong></span> <span class='ocrx_word' id='word_1_715' title='bbox 1275 4908 1623 4975; x_wconf 70' lang='lat' dir='ltr'><strong>praepotentis</strong></span> <span class='ocrx_word' id='word_1_716' title='bbox 1647 4905 1743 4962; x_wconf 88' lang='lat' dir='ltr'><strong>Dei</strong></span> <span class='ocrx_word' id='word_1_717' title='bbox 1775 4909 1967 4963; x_wconf 91' lang='lat' dir='ltr'><strong>notitia</strong></span> <span class='ocrx_word' id='word_1_718' title='bbox 1996 4910 2114 4963; x_wconf 90' lang='lat' dir='ltr'><strong>cul-</strong></span> 
     </span>
    </p>
   </div>
   <div class='ocr_carea' id='block_1_99' title="bbox 542 4993 2112 5070">
    <p class='ocr_par' dir='ltr' id='par_1_99' title="bbox 542 4993 2112 5070">
     <span class='ocr_line' id='line_1_99' title="bbox 542 4993 2112 5070; baseline 0.01 -28"><span class='ocrx_word' id='word_1_719' title='bbox 542 4998 712 5059; x_wconf 91' lang='lat' dir='ltr'><strong>tuque</strong></span> <span class='ocrx_word' id='word_1_720' title='bbox 738 5000 1037 5060; x_wconf 58' lang='lat' dir='ltr'><strong>praestaret,</strong></span> <span class='ocrx_word' id='word_1_721' title='bbox 1087 4993 1247 5064; x_wconf 87' lang='lat' dir='ltr'><strong>cujus</strong></span> <span class='ocrx_word' id='word_1_722' title='bbox 1289 4997 1576 5068; x_wconf 88' lang='lat' dir='ltr'><strong>utriusque</strong></span> <span class='ocrx_word' id='word_1_723' title='bbox 1614 5000 1846 5065; x_wconf 86' lang='lat' dir='ltr'><strong>semina,</strong></span> <span class='ocrx_word' id='word_1_724' title='bbox 1890 5001 2003 5070; x_wconf 88' lang='lat' dir='ltr'><strong>jam</strong></span> <span class='ocrx_word' id='word_1_725' title='bbox 2042 5002 2112 5057; x_wconf 91' lang='lat' dir='ltr'><strong>ab</strong></span> 
     </span>
    </p>
   </div>
   <div class='ocr_carea' id='block_1_100' title="bbox 542 5081 2112 5164">
    <p class='ocr_par' dir='ltr' id='par_1_100' title="bbox 542 5081 2112 5164">
     <span class='ocr_line' id='line_1_100' title="bbox 542 5081 2112 5164; baseline 0.012 -32"><span class='ocrx_word' id='word_1_726' title='bbox 542 5081 676 5150; x_wconf 84' lang='lat' dir='ltr'><strong>ipsis</strong></span> <span class='ocrx_word' id='word_1_727' title='bbox 712 5083 839 5137; x_wconf 91' lang='lat' dir='ltr'><strong>inde</strong></span> <span class='ocrx_word' id='word_1_728' title='bbox 893 5086 1204 5153; x_wconf 85' lang='lat' dir='ltr'><strong>cunabulis,</strong></span> <span class='ocrx_word' id='word_1_729' title='bbox 1244 5087 1471 5145; x_wconf 80' lang='lat' dir='ltr'><strong>infantis</strong></span> <span class='ocrx_word' id='word_1_730' title='bbox 1528 5091 1584 5145; x_wconf 89' lang='lat' dir='ltr'><strong>in</strong></span> <span class='ocrx_word' id='word_1_731' title='bbox 1620 5093 1803 5149; x_wconf 89' lang='lat' dir='ltr'><strong>animo</strong></span> <span class='ocrx_word' id='word_1_732' title='bbox 1857 5105 2112 5164; x_wconf 85' lang='lat' dir='ltr'><strong>parentes</strong></span> 
     </span>
    </p>
   </div>
   <div class='ocr_carea' id='block_1_101' title="bbox 534 5170 2111 5249">
    <p class='ocr_par' dir='ltr' id='par_1_101' title="bbox 534 5170 2111 5249">
     <span class='ocr_line' id='line_1_101' title="bbox 534 5170 2111 5249; baseline 0.01 -25"><span class='ocrx_word' id='word_1_733' title='bbox 534 5170 735 5239; x_wconf 88' lang='lat' dir='ltr'><strong>jecisse</strong></span> <span class='ocrx_word' id='word_1_734' title='bbox 774 5174 979 5230; x_wconf 73' lang='lat' dir='ltr'><strong>ferunt.</strong></span> <span class='ocrx_word' id='word_1_735' title='bbox 1038 5173 1181 5249; x_wconf 88' lang='lat' dir='ltr'><strong>Ergo</strong></span> <span class='ocrx_word' id='word_1_736' title='bbox 1234 5179 1598 5237; x_wconf 90' lang='lat' dir='ltr'><strong>adolescentis</strong></span> <span class='ocrx_word' id='word_1_737' title='bbox 1657 5197 1846 5238; x_wconf 89' lang='lat' dir='ltr'><strong>amore</strong></span> <span class='ocrx_word' id='word_1_738' title='bbox 1899 5185 2111 5241; x_wconf 88' lang='lat' dir='ltr'><strong>domini</strong></span> 
     </span>
    </p>
   </div>
   <div class='ocr_carea' id='block_1_102' title="bbox 541 5267 2112 5344">
    <p class='ocr_par' dir='ltr' id='par_1_102' title="bbox 541 5267 2112 5344">
     <span class='ocr_line' id='line_1_102' title="bbox 541 5267 2112 5344; baseline 0.011 -29"><span class='ocrx_word' id='word_1_739' title='bbox 541 5276 683 5318; x_wconf 85' lang='lat' dir='ltr'><strong>uxor</strong></span> <span class='ocrx_word' id='word_1_740' title='bbox 713 5267 1097 5335; x_wconf 86' lang='lat' dir='ltr'><strong>exardescens,</strong></span> <span class='ocrx_word' id='word_1_741' title='bbox 1128 5285 1254 5324; x_wconf 92' lang='lat' dir='ltr'><strong>cum</strong></span> <span class='ocrx_word' id='word_1_742' title='bbox 1280 5284 1405 5325; x_wconf 91' lang='lat' dir='ltr'><strong>eum</strong></span> <span class='ocrx_word' id='word_1_743' title='bbox 1437 5274 1617 5343; x_wconf 90' lang='lat' dir='ltr'><strong>primo</strong></span> <span class='ocrx_word' id='word_1_744' title='bbox 1640 5275 1943 5344; x_wconf 87' lang='lat' dir='ltr'><strong>juventutis</strong></span> <span class='ocrx_word' id='word_1_745' title='bbox 1976 5275 2112 5334; x_wconf 84' lang='lat' dir='ltr'><strong>ﬂore</strong></span> 
     </span>
    </p>
   </div>
   <div class='ocr_carea' id='block_1_103' title="bbox 538 5360 2110 5442">
    <p class='ocr_par' dir='ltr' id='par_1_103' title="bbox 538 5360 2110 5442">
     <span class='ocr_line' id='line_1_103' title="bbox 538 5360 2110 5442; baseline 0.012 -33"><span class='ocrx_word' id='word_1_746' title='bbox 538 5360 918 5428; x_wconf 88' lang='lat' dir='ltr'><strong>conspicuum,</strong></span> <span class='ocrx_word' id='word_1_747' title='bbox 949 5363 1005 5418; x_wconf 89' lang='lat' dir='ltr'><strong>in</strong></span> <span class='ocrx_word' id='word_1_748' title='bbox 1051 5363 1310 5421; x_wconf 84' lang='lat' dir='ltr'><strong>lascivam</strong></span> <span class='ocrx_word' id='word_1_749' title='bbox 1339 5365 1772 5442; x_wconf 84' lang='lat' dir='ltr'><strong>ﬂagitiosamque</strong></span> <span class='ocrx_word' id='word_1_750' title='bbox 1818 5382 2110 5429; x_wconf 90' lang='lat' dir='ltr'><strong>consuetu-</strong></span> 
     </span>
    </p>
   </div>
   <div class='ocr_carea' id='block_1_104' title="bbox 538 5452 2109 5537">
    <p class='ocr_par' dir='ltr' id='par_1_104' title="bbox 538 5452 2109 5537">
     <span class='ocr_line' id='line_1_104' title="bbox 538 5452 2109 5537; baseline 0.014 -34"><span class='ocrx_word' id='word_1_751' title='bbox 538 5452 729 5505; x_wconf 82' lang='lat' dir='ltr'><strong>dinem</strong></span> <span class='ocrx_word' id='word_1_752' title='bbox 747 5454 997 5523; x_wconf 64' lang='lat' dir='ltr'><strong>pellieere</strong></span> <span class='ocrx_word' id='word_1_753' title='bbox 1014 5470 1327 5529; x_wconf 87' lang='lat' dir='ltr'><strong>conaretur,</strong></span> <span class='ocrx_word' id='word_1_754' title='bbox 1340 5463 1741 5536; x_wconf 88' lang='lat' dir='ltr'><strong>verborumque</strong></span> <span class='ocrx_word' id='word_1_755' title='bbox 1760 5466 1940 5537; x_wconf 89' lang='lat' dir='ltr'><strong>primo</strong></span> <span class='ocrx_word' id='word_1_756' title='bbox 1961 5466 2109 5525; x_wconf 87' lang='lat' dir='ltr'><strong>blan-</strong></span> 
     </span>
    </p>
   </div>
   <div class='ocr_carea' id='block_1_105' title="bbox 612 5608 1141 5683">
    <p class='ocr_par' dir='ltr' id='par_1_105' title="bbox 612 5608 1141 5683">
     <span class='ocr_line' id='line_1_105' title="bbox 612 5608 1141 5683; baseline 0.017 -19"><span class='ocrx_word' id='word_1_757' title='bbox 612 5609 660 5640; x_wconf 80' lang='grc'><strong>⁴⁵⁸</strong></span> <span class='ocrx_word' id='word_1_758' title='bbox 692 5608 825 5667; x_wconf 85' lang='lat' dir='ltr'><strong>Gen.</strong></span> <span class='ocrx_word' id='word_1_759' title='bbox 858 5629 1021 5683; x_wconf 86' lang='lat' dir='ltr'><strong>xxxv,</strong></span> <span class='ocrx_word' id='word_1_760' title='bbox 1055 5616 1141 5673; x_wconf 76' lang='lat'><strong>10.</strong></span> 
     </span>
    </p>
   </div>
   <div class='ocr_carea' id='block_1_106' title="bbox 2217 4430 3804 4507">
    <p class='ocr_par' dir='ltr' id='par_1_106' title="bbox 2217 4430 3804 4507">
     <span class='ocr_line' id='line_1_106' title="bbox 2217 4430 3804 4507; baseline -0.004 -18"><span class='ocrx_word' id='word_1_761' title='bbox 2217 4435 2287 4489; x_wconf 79' lang='grc' dir='ltr'><strong>τά</strong></span> <span class='ocrx_word' id='word_1_762' title='bbox 2317 4434 2643 4507; x_wconf 85' lang='grc' dir='ltr'><strong>ἀνάγραπτα</strong></span> <span class='ocrx_word' id='word_1_763' title='bbox 2669 4434 2944 4504; x_wconf 84' lang='grc' dir='ltr'><strong>θαύματα,</strong></span> <span class='ocrx_word' id='word_1_764' title='bbox 2976 4433 3071 4487; x_wconf 77' lang='grc' dir='ltr'><strong>καὶ</strong></span> <span class='ocrx_word' id='word_1_765' title='bbox 3113 4433 3214 4496; x_wconf 82' lang='grc' dir='ltr'><strong>τὰς</strong></span> <span class='ocrx_word' id='word_1_766' title='bbox 3244 4430 3582 4503; x_wconf 81' lang='grc' dir='ltr'><strong>παραδόξους</strong></span> <span class='ocrx_word' id='word_1_767' title='bbox 3608 4431 3804 4502; x_wconf 84' lang='grc' dir='ltr'><strong>θεοση-</strong></span> 
     </span>
    </p>
   </div>
   <div class='ocr_carea' id='block_1_107' title="bbox 2221 4522 3805 4601">
    <p class='ocr_par' dir='ltr' id='par_1_107' title="bbox 2221 4522 3805 4601">
     <span class='ocr_line' id='line_1_107' title="bbox 2221 4522 3805 4601; baseline -0.005 -18"><span class='ocrx_word' id='word_1_768' title='bbox 2221 4531 2378 4601; x_wconf 86' lang='grc' dir='ltr'><strong>μείας</strong></span> <span class='ocrx_word' id='word_1_769' title='bbox 2411 4528 2749 4590; x_wconf 80' lang='grc' dir='ltr'><strong>ἐπιτελέσας,</strong></span> <span class='ocrx_word' id='word_1_770' title='bbox 2804 4525 2899 4580; x_wconf 83' lang='grc' dir='ltr'><strong>τὸν</strong></span> <span class='ocrx_word' id='word_1_771' title='bbox 2951 4526 3207 4598; x_wconf 86' lang='grc' dir='ltr'><strong>ἁρμόδιον</strong></span> <span class='ocrx_word' id='word_1_772' title='bbox 3228 4528 3341 4588; x_wconf 86' lang='grc' dir='ltr'><strong>τοῖς</strong></span> <span class='ocrx_word' id='word_1_773' title='bbox 3368 4522 3477 4577; x_wconf 85' lang='grc' dir='ltr'><strong>τῶν</strong></span> <span class='ocrx_word' id='word_1_774' title='bbox 3513 4524 3805 4594; x_wconf 83' lang='grc' dir='ltr'><strong>ἀκροωμέ-</strong></span> 
     </span>
    </p>
   </div>
   <div class='ocr_carea' id='block_1_108' title="bbox 2217 4611 3805 4693">
    <p class='ocr_par' dir='ltr' id='par_1_108' title="bbox 2217 4611 3805 4693">
     <span class='ocr_line' id='line_1_108' title="bbox 2217 4611 3805 4693; baseline -0.004 -19"><span class='ocrx_word' id='word_1_775' title='bbox 2217 4639 2325 4675; x_wconf 83' lang='grc' dir='ltr'><strong>νων</strong></span> <span class='ocrx_word' id='word_1_776' title='bbox 2348 4621 2503 4693; x_wconf 81' lang='grc' dir='ltr'><strong>ήθεσι</strong></span> <span class='ocrx_word' id='word_1_777' title='bbox 2534 4619 2896 4692; x_wconf 75' lang='grc' dir='ltr'><strong>προϐάλλεται</strong></span> <span class='ocrx_word' id='word_1_778' title='bbox 2915 4620 3099 4690; x_wconf 89' lang='grc' dir='ltr'><strong>νόμον.</strong></span> <span class='ocrx_word' id='word_1_779' title='bbox 3144 4618 3256 4690; x_wconf 86' lang='grc' dir='ltr'><strong>Οὐχ</strong></span> <span class='ocrx_word' id='word_1_780' title='bbox 3275 4617 3406 4680; x_wconf 82' lang='grc' dir='ltr'><strong>οἵοις</strong></span> <span class='ocrx_word' id='word_1_781' title='bbox 3429 4633 3488 4669; x_wconf 83' lang='grc' dir='ltr'><strong>τε</strong></span> <span class='ocrx_word' id='word_1_782' title='bbox 3527 4614 3659 4685; x_wconf 84' lang='grc' dir='ltr'><strong>γοῦν</strong></span> <span class='ocrx_word' id='word_1_783' title='bbox 3679 4611 3805 4669; x_wconf 80' lang='grc' dir='ltr'><strong>οὖσι</strong></span> 
     </span>
    </p>
   </div>
   <div class='ocr_carea' id='block_1_109' title="bbox 2214 4706 3799 4785">
    <p class='ocr_par' dir='ltr' id='par_1_109' title="bbox 2214 4706 3799 4785">
     <span class='ocr_line' id='line_1_109' title="bbox 2214 4706 3799 4785; baseline -0.006 -17"><span class='ocrx_word' id='word_1_784' title='bbox 2214 4714 2280 4768; x_wconf 79' lang='grc' dir='ltr'><strong>δι’</strong></span> <span class='ocrx_word' id='word_1_785' title='bbox 2313 4712 2640 4785; x_wconf 75' lang='grc' dir='ltr'><strong>ἀδελτηρίαν</strong></span> <span class='ocrx_word' id='word_1_786' title='bbox 2692 4712 2894 4784; x_wconf 90' lang='grc' dir='ltr'><strong>τρόπου</strong></span> <span class='ocrx_word' id='word_1_787' title='bbox 2926 4711 3025 4781; x_wconf 83' lang='grc' dir='ltr'><strong>τὴν</strong></span> <span class='ocrx_word' id='word_1_788' title='bbox 3070 4710 3297 4780; x_wconf 87' lang='grc' dir='ltr'><strong>πάτριον</strong></span> <span class='ocrx_word' id='word_1_789' title='bbox 3354 4706 3548 4778; x_wconf 78' lang='grc' dir='ltr'><strong>ζηλοῦν</strong></span> <span class='ocrx_word' id='word_1_790' title='bbox 3575 4706 3799 4779; x_wconf 83' lang='grc' dir='ltr'><strong>ἀρετὴν,</strong></span> 
     </span>
    </p>
   </div>
   <div class='ocr_carea' id='block_1_110' title="bbox 2215 4798 3802 4877">
    <p class='ocr_par' dir='ltr' id='par_1_110' title="bbox 2215 4798 3802 4877">
     <span class='ocr_line' id='line_1_110' title="bbox 2215 4798 3802 4877; baseline -0.004 -17"><span class='ocrx_word' id='word_1_791' title='bbox 2215 4801 2303 4861; x_wconf 70' lang='grc' dir='ltr'><strong>οἷα</strong></span> <span class='ocrx_word' id='word_1_792' title='bbox 2330 4805 2395 4877; x_wconf 80' lang='grc' dir='ltr'><strong>δὴ</strong></span> <span class='ocrx_word' id='word_1_793' title='bbox 2418 4805 2514 4869; x_wconf 82' lang='grc' dir='ltr'><strong>τὰς</strong></span> <span class='ocrx_word' id='word_1_794' title='bbox 2541 4805 2718 4876; x_wconf 75' lang='grc' dir='ltr'><strong>ψυχὰς</strong></span> <span class='ocrx_word' id='word_1_795' title='bbox 2744 4802 3009 4875; x_wconf 76' lang='grc' dir='ltr'><strong>ἐμπαθεῖς</strong></span> <span class='ocrx_word' id='word_1_796' title='bbox 3037 4803 3132 4855; x_wconf 74' lang='grc' dir='ltr'><strong>καὶ</strong></span> <span class='ocrx_word' id='word_1_797' title='bbox 3178 4798 3462 4871; x_wconf 83' lang='grc' dir='ltr'><strong>νενοσηλευ</strong></span> <span class='ocrx_word' id='word_1_798' title='bbox 3471 4800 3643 4871; x_wconf 85' lang='grc' dir='ltr'><strong>μένοι,</strong></span> <span class='ocrx_word' id='word_1_799' title='bbox 3696 4800 3802 4872; x_wconf 79' lang='grc' dir='ltr'><strong>τὴν</strong></span> 
     </span>
    </p>
   </div>
   <div class='ocr_carea' id='block_1_111' title="bbox 2215 4891 3800 4969">
    <p class='ocr_par' dir='ltr' id='par_1_111' title="bbox 2215 4891 3800 4969">
     <span class='ocr_line' id='line_1_111' title="bbox 2215 4891 3800 4969; baseline -0.005 -16"><span class='ocrx_word' id='word_1_800' title='bbox 2215 4897 2546 4969; x_wconf 79' lang='grc' dir='ltr'><strong>κατάλληλον</strong></span> <span class='ocrx_word' id='word_1_801' title='bbox 2575 4894 2990 4967; x_wconf 82' lang='grc' dir='ltr'><strong>παρελάμϐανον</strong></span> <span class='ocrx_word' id='word_1_802' title='bbox 3015 4892 3305 4957; x_wconf 88' lang='grc' dir='ltr'><strong>πολιτείαν,</strong></span> <span class='ocrx_word' id='word_1_803' title='bbox 3326 4892 3394 4947; x_wconf 87' lang='grc' dir='ltr'><strong>τά</strong></span> <span class='ocrx_word' id='word_1_804' title='bbox 3435 4891 3533 4963; x_wconf 82' lang='grc' dir='ltr'><strong>μὲν</strong></span> <span class='ocrx_word' id='word_1_805' title='bbox 3581 4909 3800 4963; x_wconf 75' lang='grc' dir='ltr'><strong>προφα-</strong></span> 
     </span>
    </p>
   </div>
   <div class='ocr_carea' id='block_1_112' title="bbox 2214 4984 3798 5059">
    <p class='ocr_par' dir='ltr' id='par_1_112' title="bbox 2214 4984 3798 5059">
     <span class='ocr_line' id='line_1_112' title="bbox 2214 4984 3798 5059; baseline -0.004 -16"><span class='ocrx_word' id='word_1_806' title='bbox 2214 4990 2321 5053; x_wconf 90' lang='grc' dir='ltr'><strong>νῶς</strong></span> <span class='ocrx_word' id='word_1_807' title='bbox 2354 4991 2419 5042; x_wconf 84' lang='grc' dir='ltr'><strong>ὲκ</strong></span> <span class='ocrx_word' id='word_1_808' title='bbox 2445 4988 2540 5041; x_wconf 89' lang='grc' dir='ltr'><strong>τοῦ</strong></span> <span class='ocrx_word' id='word_1_809' title='bbox 2569 4986 2836 5059; x_wconf 75' lang='grc' dir='ltr'><strong>προδήλου</strong></span> <span class='ocrx_word' id='word_1_810' title='bbox 2862 4985 3280 5055; x_wconf 88' lang='grc' dir='ltr'><strong>διαταττομένου</strong></span> <span class='ocrx_word' id='word_1_811' title='bbox 3307 4987 3604 5049; x_wconf 85' lang='grc' dir='ltr'><strong>Μωῦσέως·</strong></span> <span class='ocrx_word' id='word_1_812' title='bbox 3631 4984 3700 5038; x_wconf 81' lang='grc' dir='ltr'><strong>τά</strong></span> <span class='ocrx_word' id='word_1_813' title='bbox 3714 4984 3798 5048; x_wconf 80' lang='grc' dir='ltr'><strong>δὲ,</strong></span> 
     </span>
    </p>
   </div>
   <div class='ocr_carea' id='block_1_113' title="bbox 2213 5072 3797 5148">
    <p class='ocr_par' dir='ltr' id='par_1_113' title="bbox 2213 5072 3797 5148">
     <span class='ocr_line' id='line_1_113' title="bbox 2213 5072 3797 5148; baseline -0.005 -12"><span class='ocrx_word' id='word_1_814' title='bbox 2213 5082 2280 5136; x_wconf 86' lang='grc' dir='ltr'><strong>δι’</strong></span> <span class='ocrx_word' id='word_1_815' title='bbox 2309 5080 2576 5135; x_wconf 85' lang='grc' dir='ltr'><strong>ὑπονοιῶν</strong></span> <span class='ocrx_word' id='word_1_816' title='bbox 2630 5077 3026 5148; x_wconf 87' lang='grc' dir='ltr'><strong>αἰνιττομένου,</strong></span> <span class='ocrx_word' id='word_1_817' title='bbox 3085 5077 3328 5148; x_wconf 73' lang='grc' dir='ltr'><strong>σύμϐολά</strong></span> <span class='ocrx_word' id='word_1_818' title='bbox 3372 5095 3432 5131; x_wconf 86' lang='grc' dir='ltr'><strong>τε</strong></span> <span class='ocrx_word' id='word_1_819' title='bbox 3470 5079 3565 5131; x_wconf 72' lang='grc' dir='ltr'><strong>καὶ</strong></span> <span class='ocrx_word' id='word_1_820' title='bbox 3615 5072 3797 5144; x_wconf 77' lang='grc' dir='ltr'><strong>σκιὰς,</strong></span> 
     </span>
    </p>
   </div>
   <div class='ocr_carea' id='block_1_114' title="bbox 2214 5167 3799 5242">
    <p class='ocr_par' dir='ltr' id='par_1_114' title="bbox 2214 5167 3799 5242">
     <span class='ocr_line' id='line_1_114' title="bbox 2214 5167 3799 5242; baseline -0.004 -16"><span class='ocrx_word' id='word_1_821' title='bbox 2214 5172 2329 5227; x_wconf 84' lang='grc' dir='ltr'><strong>ἀλλ’</strong></span> <span class='ocrx_word' id='word_1_822' title='bbox 2359 5172 2419 5224; x_wconf 87' lang='grc' dir='ltr'><strong>ού</strong></span> <span class='ocrx_word' id='word_1_823' title='bbox 2448 5169 2658 5242; x_wconf 80' lang='grc' dir='ltr'><strong>γυμνὴν</strong></span> <span class='ocrx_word' id='word_1_824' title='bbox 2688 5167 2942 5238; x_wconf 81' lang='grc' dir='ltr'><strong>ἀλήθειαν</strong></span> <span class='ocrx_word' id='word_1_825' title='bbox 2964 5167 3250 5237; x_wconf 80' lang='grc' dir='ltr'><strong>φυλάττειν</strong></span> <span class='ocrx_word' id='word_1_826' title='bbox 3279 5169 3463 5233; x_wconf 82' lang='grc' dir='ltr'><strong>αὐτοῖς</strong></span> <span class='ocrx_word' id='word_1_827' title='bbox 3492 5168 3586 5222; x_wconf 67' lang='grc' dir='ltr'><strong>καὶ</strong></span> <span class='ocrx_word' id='word_1_828' title='bbox 3609 5168 3799 5238; x_wconf 87' lang='grc' dir='ltr'><strong>περιέ-</strong></span> 
     </span>
    </p>
   </div>
   <div class='ocr_carea' id='block_1_115' title="bbox 2212 5257 3794 5332">
    <p class='ocr_par' dir='ltr' id='par_1_115' title="bbox 2212 5257 3794 5332">
     <span class='ocr_line' id='line_1_115' title="bbox 2212 5257 3794 5332; baseline -0.005 -17"><span class='ocrx_word' id='word_1_829' title='bbox 2212 5279 2337 5315; x_wconf 90' lang='grc' dir='ltr'><strong>πειν</strong></span> <span class='ocrx_word' id='word_1_830' title='bbox 2370 5259 2725 5332; x_wconf 84' lang='grc' dir='ltr'><strong>ὑποθεμένου.</strong></span> <span class='ocrx_word' id='word_1_831' title='bbox 2775 5258 2887 5311; x_wconf 78' lang='lat' dir='ltr'><strong>Kal.</strong></span> <span class='ocrx_word' id='word_1_832' title='bbox 2934 5258 2999 5328; x_wconf 82' lang='grc' dir='ltr'><strong>δὴ</strong></span> <span class='ocrx_word' id='word_1_833' title='bbox 3038 5258 3099 5311; x_wconf 83' lang='grc' dir='ltr'><strong>τὸ</strong></span> <span class='ocrx_word' id='word_1_834' title='bbox 3144 5258 3412 5312; x_wconf 87' lang='grc' dir='ltr'><strong>Ἰουδαίων</strong></span> <span class='ocrx_word' id='word_1_835' title='bbox 3470 5257 3794 5326; x_wconf 80' lang='grc' dir='ltr'><strong>πολίτευμα,</strong></span> 
     </span>
    </p>
   </div>
   <div class='ocr_carea' id='block_1_116' title="bbox 2213 5347 3800 5422">
    <p class='ocr_par' dir='ltr' id='par_1_116' title="bbox 2213 5347 3800 5422">
     <span class='ocr_line' id='line_1_116' title="bbox 2213 5347 3800 5422; baseline -0.006 -14"><span class='ocrx_word' id='word_1_836' title='bbox 2213 5351 2462 5409; x_wconf 77' lang='grc' dir='ltr'><strong>ἐντεῦθέν</strong></span> <span class='ocrx_word' id='word_1_837' title='bbox 2495 5351 2658 5405; x_wconf 89' lang='grc' dir='ltr'><strong>ποθεν</strong></span> <span class='ocrx_word' id='word_1_838' title='bbox 2701 5349 2808 5404; x_wconf 85' lang='grc' dir='ltr'><strong>ἀπὸ</strong></span> <span class='ocrx_word' id='word_1_839' title='bbox 2830 5349 3110 5412; x_wconf 84' lang='grc' dir='ltr'><strong>Μωῦσέως</strong></span> <span class='ocrx_word' id='word_1_840' title='bbox 3137 5348 3465 5422; x_wconf 78' lang='grc' dir='ltr'><strong>ἀρξάμενον,</strong></span> <span class='ocrx_word' id='word_1_841' title='bbox 3503 5347 3664 5420; x_wconf 80' lang='grc' dir='ltr'><strong>μέχρι</strong></span> <span class='ocrx_word' id='word_1_842' title='bbox 3695 5347 3800 5399; x_wconf 74' lang='grc' dir='ltr'><strong>καὶ</strong></span> 
     </span>
    </p>
   </div>
   <div class='ocr_carea' id='block_1_117' title="bbox 2212 5438 3797 5519">
    <p class='ocr_par' dir='ltr' id='par_1_117' title="bbox 2212 5438 3797 5519">
     <span class='ocr_line' id='line_1_117' title="bbox 2212 5438 3797 5519; baseline -0.004 -18"><span class='ocrx_word' id='word_1_843' title='bbox 2212 5447 2311 5519; x_wconf 79' lang='grc' dir='ltr'><strong>τῆς</strong></span> <span class='ocrx_word' id='word_1_844' title='bbox 2340 5445 2434 5500; x_wconf 80' lang='grc' dir='ltr'><strong>τοῦ</strong></span> <span class='ocrx_word' id='word_1_845' title='bbox 2466 5444 2719 5518; x_wconf 73' lang='grc' dir='ltr'><strong>Σωτῆρος</strong></span> <span class='ocrx_word' id='word_1_846' title='bbox 2768 5440 2927 5514; x_wconf 82' lang='grc' dir='ltr'><strong>ήμῶν</strong></span> <span class='ocrx_word' id='word_1_847' title='bbox 2972 5440 3146 5515; x_wconf 89' lang='grc' dir='ltr'><strong>Ἰησοῦ</strong></span> <span class='ocrx_word' id='word_1_848' title='bbox 3203 5440 3442 5515; x_wconf 71' lang='grc' dir='ltr'><strong>Ίἰριινιοῖι</strong></span> <span class='ocrx_word' id='word_1_849' title='bbox 3489 5438 3797 5516; x_wconf 65' lang='grc' dir='ltr'><strong>παρουσίας</strong></span> 
     </span>
    </p>
   </div>
  </div>
