4166 6424
313 531 417 588 529

1468 541 1792 600 ΡΗΑΞΡΑΒ.
1831 546 2088 607 EVANG.
2122 550 2247 604 LIB.
2289 549 2400 607 VII.

3468 562 3572 617 530

304 648 424 710 ταῖς
454 646 565 700 τῶν
595 647 812 704 οἰκείων
838 652 1135 723 προφητῶν
1169 654 1476 719 ἀκολούθως
1506 663 1708 725 φωναῖς
1732 660 1883 731 διαρ-

1994 661 2130 719 ditiis
2152 673 2498 732 attentatum,
2520 683 2644 724 mox
2666 674 2919 740 precibus
2935 677 3096 733 etiam
3114 686 3167 733 'et
3184 679 3552 735 obsecrationi

307 741 410 793 κεί.
442 739 644 813 Ὀτιδὴ
667 743 761 796 καὶ
797 744 954 797 τοῦτο
987 747 1263 811 Μωῦσέως
1289 744 1355 819 ἦν
1409 750 1574 803 αὐτοῦ
1637 754 1731 806 καὶ
1786 754 1894 807 τῶν

311 830 607 903 μετέπειτα
671 836 966 907 προφητῶν
1012 837 1309 910 θέσπισμα,
1346 840 1421 912 μὴ
1448 842 1713 915 πρότερον
1755 846 1893 901 ἐκλι-

308 926 429 976 πεῖν
462 924 531 978 τὰ
574 926 853 990 Μωῦσέως
909 929 1116 1000 νόμιμά
1157 948 1217 984 τε
1248 931 1342 984 καὶ
1369 932 1732 1005 διατάγματα,
1760 938 1792 1007 ἢ
1825 940 1893 992 τὰ

307 1014 400 1069 τοῦ
433 1016 669 1088 Χριστοῦ
694 1020 946 1089 φανῆναι,
963 1021 1031 1078 τὰ
1054 1023 1365 1093 τῆςΚαινῆς
1384 1025 1580 1097 δηλαδὴ
1597 1028 1888 1102 Διαθήκης,

313 1103 412 1172 τῆς
444 1103 532 1157 διὰ
563 1104 657 1157 τοῦ
685 1106 939 1177 Σωτῆρος
960 1109 1118 1178 ἡμῶν
1168 1113 1299 1164 πᾶσι
1333 1116 1444 1178 τοῖς
1479 1114 1655 1169 ἔθνεσι
1686 1135 1891 1189 κατηγ-

307 1193 598 1264 γελμένης·
638 1195 675 1250 ἃ
703 1197 795 1250 καὶ
840 1193 942 1251 ὦδε
968 1200 1154 1265 τέλους
1180 1202 1390 1275 ἔτυχεν,
1477 1208 1571 1260 καὶ
1598 1209 1891 1279 ἀναπεφώ-

307 1299 482 1354 νηται.
524 1286 660 1339 Ἀλλ’
692 1288 880 1359 ἐπειδὴ
915 1289 1002 1343 τὸν
1031 1293 1138 1345 τῶν
1172 1294 1276 1366 πρὸ
1308 1296 1587 1362 Μωῦσέως
1625 1300 1890 1372 Ἑϐραίων

309 1374 424 1446 βίον
444 1379 501 1429 ὲν
523 1377 687 1449 ὀλίγῳ
718 1378 1128 1451 διεληλύθαμεν,
1172 1387 1266 1439 καὶ
1304 1386 1393 1439 τόν
1421 1405 1484 1457 γε
1514 1392 1613 1461 τῆς
1642 1395 1763 1446 κατ’
1788 1395 1888 1446 αὐ·-

305 1469 433 1531 τοὺς
459 1468 739 1533 εὐσεϐείας
794 1473 1116 1544 χαρακτῆρα
1149 1479 1594 1549 παρεστήσαμεν,
1642 1481 1761 1553 ὥρα
1796 1484 1888 1538 καὶ

305 1561 399 1614 τὸν
421 1559 745 1630 δογματικὸν
780 1563 960 1617 αὐτῶν
1009 1566 1230 1636 τρόπον,
1260 1569 1368 1622 ἀπό
1391 1587 1451 1623 τε
1484 1572 1583 1643 τῆς
1608 1576 1886 1641 Μωῡσέως

306 1653 525 1728 γραφῆς
546 1655 638 1707 καὶ
676 1653 784 1708 τῶν
817 1656 1114 1725 μετάὐτὸν
1144 1661 1438 1732 προφητῶν
1459 1664 1880 1735 ἐπισκέψασθαι.

1991 752 2094 808 bus
2117 764 2347 825 urgeret,
2363 757 2427 812 ad
2448 766 2754 816 extremum
2775 779 2843 819 ne
2858 765 3123 824 violentas
3140 770 3356 839 quidem
3380 787 3577 828 manus

1991 849 2163 904 eidem
2202 849 2426 920 injicere
2467 860 2522 907 et
2556 855 2812 913 obscenis
2839 875 2963 914 eum
2994 861 3398 934 impudicisque
3424 881 3574 921 coma

1994 937 2242 1006 plexibus
2259 956 2506 1010 premere
2522 956 2800 1002 vereretur
2817 967 2830 1003 :
2846 950 3183 1009 clarissimus
3198 954 3361 1010 heros
3372 954 3571 1010 doctri-

1992 1044 2078 1084 na:
2098 1040 2383 1099 parentum
2409 1037 2766 1094 sanctissimae
2802 1043 3139 1109 recordatus,
3175 1060 3240 1102 ac
3258 1061 3380 1103 sese
3396 1048 3564 1102 divini

1994 1122 2259 1177 cultorem
2282 1121 2556 1194 Numinis,
2582 1144 2883 1201 verumque
2906 1133 3213 1203 Hebraeum,
3238 1152 3345 1192 non
3370 1154 3429 1192 re
3451 1140 3566 1209 ipsa

1995 1214 2178 1269 minus
2198 1231 2362 1285 quam
2396 1221 2642 1276 oratione
2664 1223 2963 1294 professus,
2984 1236 3193 1297 turpem
3221 1244 3286 1284 ac
3307 1229 3567 1286 libidino-

1995 1323 2113 1363 sam
2141 1310 2518 1367 mulierculam
2544 1316 2852 1373 robustiore
2873 1321 3091 1376 dextera
3113 1323 3285 1377 victor
3303 1326 3564 1391 excussit,

1994 1414 2059 1454 ac
2080 1399 2244 1472 312
2265 1403 2487 1471 perinde
2505 1414 2563 1461 ut
2583 1408 2629 1461 si
2645 1420 2711 1461 ex
2729 1408 3014 1465 horrenda:
3032 1410 3370 1485 furentisque
3383 1416 3569 1473 bestiae

1991 1490 2249 1549 dentibus
2280 1510 2398 1550 sese
2429 1498 2750 1568 proriperet,
2776 1501 2935 1556 saluti
2961 1518 3076 1559 suae
3110 1503 3233 1577 fuga
3269 1507 3566 1563 consuluit.

1991 1578 2131 1636 Tum
2156 1583 2298 1638 idem
2330 1600 2516 1642 secum
2550 1589 2667 1659 ipse
2684 1606 2799 1645 rem
2822 1601 3034 1649 matura
3057 1596 3383 1667 cogitatione
3408 1614 3572 1668 repu-

1988 1677 2171 1727 tans-.c
2205 1674 2264 1729 Si
2295 1676 2551 1735 dominus
2580 1696 2736 1736 meus
2761 1691 2983 1754 propter
3014 1702 3101 1743 me
3144 1688 3281 1743 nihil
3305 1692 3453 1746 novit
3482 1705 3573 1746 eo-

307 1766 429 1806 rum
461 1766 583 1821 quae
614 1759 743 1806 sunt
769 1749 822 1803 in
845 1751 1009 1805 domo
1047 1751 1185 1820 ejus,
1224 1763 1279 1808 et
1312 1758 1493 1811 omnia
1521 1775 1644 1829 quae
1672 1761 1745 1815 ibi
1771 1770 1898 1818 sunt
1936 1767 2161 1822 tradidit
2204 1768 2258 1823 in
2288 1786 2486 1828 manus
2514 1789 2684 1844 meas,
2710 1749 2985 1848 quomodo
3004 1783 3212 1839 malum
3237 1786 3342 1840 hoc
3363 1786 3568 1857 grande

307 1846 527 1914 faciam,
569 1859 623 1905 et
649 1850 887 1919 peccabo
910 1848 964 1903 in
981 1858 1275 1920 conspectu
1312 1852 1407 1907 Dei
1434 1853 1545 1908 “ii
1583 1854 1945 1922 Quamobrem
1972 1861 2119 1921 Deus
2155 1881 2280 1922 eum
2332 1881 2637 1940 praepotens
2681 1883 2940 1945 tanquam
2972 1878 3168 1933 illustri
3203 1881 3429 1936 victoria
3470 1897 3572 1937 no-

307 1942 493 2011 bilem,
552 1944 734 2014 dignis
766 1946 968 2001 virtute
1020 1948 1260 2015 praemiis
1297 1949 1646 2018 honestavit,
1686 1952 2144 2029 dominorumque
2206 1973 2432 2017 suorum
2460 2006 2477 2031 ,
2530 1967 2640 2023 imo
2685 1942 2856 2026 totius
2900 1974 3064 2029 etiam
3113 1974 3330 2048 Egypti
3362 1979 3568 2047 princi-

306 2050 430 2106 pem
465 2037 977 2107 moderatoremque
1006 2041 1312 2096 constituit.
1345 2041 1522 2112 Atque
1550 2043 1596 2098 is
1618 2041 1880 2102 Hebraeus
1917 2051 2167 2106 similiter
2196 2062 2362 2124 atque
2411 2072 2478 2111 ex
2526 2056 2765 2117 Hebraeis
2821 2074 2975 2122 satus
3020 2076 3159 2134 erat,
3182 2037 3288 2125 non
3311 2037 3565 2136 Jddaeus;

306 2143 409 2183 nec
442 2130 588 2184 enim
640 2128 952 2185 Judaeorum
1015 2132 1194 2187 adhuc
1225 2148 1357 2203 gens
1419 2136 1530 2188 ulla
1585 2137 1912 2195 coaluerat:
1953 2142 2094 2196 idem
2138 2153 2319 2201 tamen
2350 2149 2407 2202 in
2460 2151 2705 2207 virorum
2742 2154 2821 2208 uti
2849 2154 2960 2211 Deo
2988 2158 3465 2228 charissimorum,
3492 2165 3569 2219 ita

307 2220 468 2292 longe
523 2220 969 2278 felicissimorum
1015 2225 1191 2280 classe
1234 2242 1572 2298 numeroque
1618 2240 1891 2287 censetur.
1934 2232 2139 2290 Deinde
2184 2253 2337 2306 vero,
2389 2241 2551 2313 longa
2614 2260 2710 2314 per
2751 2246 2972 2303 eosdem
3023 2248 3277 2308 Hebraeos
3319 2265 3569 2325 postero-

307 2327 430 2365 rum
461 2314 604 2367 serie
629 2323 947 2386 propagata,
974 2331 1103 2370 cum
1132 2316 1245 2385 jam
1283 2332 1347 2371 ex
1383 2317 1452 2375 iis
1496 2319 1729 2377 conflata
1755 2320 2068 2379 Judaeorum
2121 2328 2291 2394 natio,
2341 2332 2513 2388 multa
2562 2334 2618 2388 in
2659 2335 2776 2391 dies
2816 2338 3004 2394 sobole
3049 2314 3336 2413 glisceret;
3364 2345 3569 2406 factum

309 2414 393 2458 est
429 2407 615 2462 nescio
643 2423 755 2476 quo
793 2417 968 2476 pacto,
1003 2420 1062 2463 ut
1083 2426 1206 2465 cum
1252 2413 1426 2481 prima
1483 2413 1597 2482 illa,
1639 2431 1805 2485 quam
1857 2433 1888 2473 a
1925 2417 2038 2475 Deo
2093 2422 2434 2482 charissimis
2458 2416 2761 2499 majoribus
2807 2407 3170 2505 acceperant,
3230 2439 3451 2509 pietatis
3506 2457 3571 2498 ac

306 2501 590 2569 religionis
621 2503 891 2559 institutio
934 2504 1212 2561 debilitata
1262 2508 1522 2577 paulatim
1572 2512 1878 2583 obtusaque
1916 2514 2267 2575 bebesceret:
2302 2528 2417 2577 tum
2463 2538 2593 2580 vero
2637 2532 2850 2582 tantum
2879 2501 3022 2597 apud
3066 2543 3158 2583 eos
3190 2501 3569 2601 Ailgyptiorum

306 2598 540 2651 societas
592 2600 1015 2669 communioque
1085 2610 1290 2670 posset,
1346 2611 1406 2657 ut
1463 2605 1655 2675 patriae
1712 2608 1931 2664 virtutis
1967 2620 2328 2670 evanescente
2376 2619 2662 2686 memoria,
2718 2621 2799 2675 sic
2846 2619 3225 2693 Egyptiorum
3276 2639 3457 2681 mores
3508 2642 3573 2682 ac

305 2690 445 2746 ritus
493 2692 798 2759 induerent,
846 2695 980 2749 nihil
1015 2704 1075 2750 ut
1123 2697 1266 2752 inter
1291 2699 1575 2771 utriusque
1613 2704 1799 2773 populi
1853 2705 1980 2761 vita:
2016 2722 2187 2777 genus
2212 2709 2547 2767 discriminis
2566 2727 2688 2768 esse
2710 2715 3004 2770 videretur.
3039 2715 3159 2782 Quo
3188 2720 3240 2771 in
3269 2734 3450 2773 rerum
3479 2735 3571 2772 ar»

307 2787 494 2852 ticulo,
532 2798 745 2858 patrum
784 2790 875 2844 ille
912 2806 1139 2846 suorum
1175 2792 1319 2848 Deus
1360 2794 1577 2868 Moysen
1623 2798 1692 2852 ad
1740 2815 1838 2856 eos
1886 2800 2255 2871 legislatorem
2330 2806 2520 2872 mittit,
2570 2808 2747 2877 iisque
2795 2810 3247 2880 promissionibus
3310 2811 3469 2866 ﬁdem
3516 2825 3575 2865 re

305 2882 426 2953 ipsa
465 2885 744 2952 conciliat,
771 2887 975 2956 quibus
1006 2903 1199 2942 eorum
1243 2904 1364 2944 sese
1408 2891 1739 2961 majoribus,
1792 2895 1994 2952 divinis
2038 2898 2204 2953 etiam
2233 2902 2470 2956 oraculis
2501 2903 2883 2960 obstrinxerat.
2930 2903 3066 2958 Tum
3124 2905 3212 2969 iis,
3277 2921 3398 2975 quae
3441 2907 3573 2960 scri-

303 2984 395 3045 pta
421 2977 694 3048 leguntur,
729 2981 1032 3048 miraculis,
1058 2990 1221 3052 atque
1252 2985 1528 3042 inusitatis
1556 2998 1682 3043 ante
1743 2991 2005 3061 prodigiis
2072 2993 2246 3063 ipsius
2300 3011 2466 3051 manu
2524 3000 2868 3069 perpetratis,
2922 3009 3309 3080 congruentem
3345 3001 3572 3056 audien-

305 3072 441 3126 tium
478 3074 722 3129 moribus
756 3076 929 3145 legem
978 3078 1308 3148 promulgat.
1352 3078 1493 3133 Cum
1531 3082 1679 3136 enim
1740 3084 1811 3138 ob
1860 3083 2129 3155 insignem
2177 3101 2391 3142 morum
2436 3092 2819 3160 asperitatem,
2868 3102 3086 3162 patrum
3136 3108 3361 3149 suorum
3399 3095 3573 3148 virtu-

303 3176 414 3222 tem
443 3168 689 3222 aemulari
725 3184 832 3224 non
883 3181 1088 3240 posset,
1150 3173 1219 3227 iis
1273 3182 1460 3242 utpote
1508 3175 1715 3229 morbis
1776 3177 2084 3232 animorum
2135 3180 2513 3238 laborantibus
2564 3194 2985 3241 consentaneam
3046 3186 3277 3241 instituti
3342 3186 3572 3257 vitaeque

304 3262 576 3317 rationem
625 3263 698 3317 ita
749 3265 1105 3337 praescripsit,
1131 3276 1191 3322 ut
1231 3268 1299 3322 de
1353 3269 1634 3324 nonnullis
1693 3269 1841 3326 clare
1892 3273 2290 3344 perspicueque
2344 3284 2646 3343 statueret,
2685 3279 2790 3332 alia
2846 3278 3203 3350 anigmaticis
3247 3278 3573 3349 quibusdam

304 3358 485 3414 sensis
516 3359 815 3426 involvens,
868 3370 1028 3417 notas
1069 3362 1332 3419 duntaxat
1383 3367 1713 3435 umbrasque
1758 3382 1963 3435 rerum,
2006 3385 2116 3424 non
2151 3380 2393 3440 apertam
2428 3372 2740 3444 nudamque
2761 3374 3063 3439 veritatem,
3087 3370 3479 3428 consectandas
3506 3372 3574 3427 iis

304 3451 780 3524 observandasque
837 3467 1183 3525 proponeret.
1235 3460 1414 3529 Atque
1457 3460 1597 3515 lianc
1631 3460 1874 3517 Judaicae
1912 3464 2049 3534 reip.
2097 3463 2353 3533 formam,
2402 3483 2524 3537 quae
2553 3483 2584 3523 a
2631 3467 2823 3540 Moyse
2852 3468 3120 3525 delineata
3144 3467 3377 3538 primum
3408 3476 3461 3521 et
3488 3466 3575 3521 in-

305 3540 541 3599 formata
601 3545 799 3614 fuerat,
844 3548 913 3602 ad
963 3547 1269 3607 Servatoris
1330 3569 1505 3622 usque
1548 3555 1723 3609 nostri
1785 3554 1914 3611 Jesu
1947 3555 2149 3612 Christi
2200 3559 2490 3614 adventum
2541 3560 2731 3615 ﬂorere
2790 3576 2854 3617 ac
2898 3563 3077 3631 vigere
3127 3560 3445 3630 oportebat,
3493 3560 3573 3613 uti

308 3634 555 3691 futurum
592 3639 707 3695 suis
772 3640 988 3710 ipsimet
1034 3640 1350 3698 Judaeorum
1399 3647 1680 3716 prophetae
1731 3649 1969 3703 oraculis
2010 3649 2341 3706 cecinerant.
2375 3650 2511 3706 Nam
2555 3654 2750 3723 partim
2795 3653 2864 3707 ab
2918 3652 3036 3721 ipso
3064 3650 3278 3721 Moyse,
3310 3650 3505 3720 partim
3540 3665 3572 3703 a

306 3734 659 3802 sequentibus
705 3735 867 3808 313
907 3739 1187 3807 prophetis
1215 3740 1331 3809 jam
1371 3741 1501 3795 olim
1537 3743 1862 3812 praedictum
1902 3743 2025 3812 fuit,
2057 3761 2165 3800 non
2190 3758 2314 3802 ante
2356 3749 2592 3803 sancitas
2630 3764 2661 3804 a
2713 3747 2896 3819 Moyse
2933 3747 3079 3817 leges
3113 3747 3452 3815 antiquatum
3479 3745 3569 3807 iri,

305 3842 474 3898 quam
520 3844 615 3885 eas
659 3829 911 3888 Christus
962 3831 1097 3887 Novi
1128 3832 1460 3891 Tcstamenti
1520 3839 1734 3893 tabulas
1783 3839 2062 3908 conderet,
2131 3857 2268 3910 quas
2312 3859 2460 3898 nunc
2502 3843 2721 3899 demum
2771 3842 3013 3912 ejusdem
3054 3839 3358 3895 Servatoris
3399 3840 3573 3895 nostri

307 3937 557 3994 munere,
594 3927 849 3998 gentibus
872 3928 1075 3998 passim
1103 3930 1360 3989 omnibus
1408 3932 1713 4002 resignatas
1763 3943 1925 4005 atque
1962 3937 2256 4007 explicatas
2314 3940 2557 4009 adeoque
2599 3939 2983 4010 praedictorum
3027 3938 3243 3993 illorum
3290 3935 3570 3991 veritatem

307 4023 428 4091 ipso
458 4037 642 4077 rerum
675 4022 823 4077 exitu
847 4023 1255 4093 comprobatam
1294 4024 1573 4081 videmus:
1599 4024 1706 4080 Sed
1763 4028 2025 4098 quoniam
2053 4031 2150 4087 ’de
2207 4030 2559 4088 Hebraeorum
2613 4034 2853 4098 illorum,
2889 4031 2984 4101 qui
3022 4039 3145 4084 ante
3186 4028 3423 4099 Moysem
3457 4026 3570 4083 cia-

308 4124 559 4176 :uerunt,
592 4113 719 4168 vita:
754 4113 965 4168 ratione
1009 4131 1180 4185 pauca
1235 4116 1549 4182 libavimus,
1598 4133 1806 4188 suoque
1851 4123 2170 4191 religionem
2215 4124 2461 4194 ipsorum
2531 4125 2846 4181 charactere
2901 4137 3215 4193 expressam
3286 4124 3574 4192 consigna-

308 4214 533 4275 tamque
552 4204 946 4275 produximus;
974 4221 1317 4277 consequens
1351 4217 1434 4264 est
1474 4210 1553 4264 uti
1580 4209 1695 4280 jam
1737 4226 1930 4268 eorum
1967 4215 2231 4272 doctrinae
2261 4217 2459 4288 capita,
2491 4226 2606 4273 tum
2642 4216 2842 4287 Moysis
2872 4216 3138 4286 ejusdem,
3166 4224 3281 4268 tum
3312 4214 3575 4283 posterio-

310 4314 433 4353 rum
457 4314 521 4355 ex
555 4300 940 4370 prophetarum
971 4303 1192 4371 scriptis
1242 4304 1559 4377 deprompta
1593 4310 2047 4379 contemplemur.

854 4418 1146 4473 ΚΕΦΑΛΑΙ
1154 4422 1246 4474 UN
1272 4421 1353 4477 Θ.

2599 4429 2830 4487 CAPUT
2866 4430 2953 4484 IX.

313 4505 451 4574 Περὶ
482 4506 604 4562 τῶν
621 4511 757 4576 παρ’
788 4507 1079 4577 Ἑϐραίοις
1092 4509 1464 4581 δογματικῶν
1487 4515 1893 4584 θεωρημάτων.

386 4622 610 4694 Πρῶτος
628 4624 674 4678 δ’
695 4619 786 4680 οὖν
817 4626 1073 4679 ἁπάντων
1102 4626 1261 4691 αὐτὸς
1282 4628 1490 4692 ἐκεῖνος
1530 4632 1559 4684 ὁ
1593 4630 1896 4703 θαυμάσιος

313 4713 561 4785 θεολόγος
593 4734 653 4770 τε
682 4718 777 4773 καὶ
803 4718 1116 4791 νομοθέτης,
1143 4721 1416 4776 πολιτείαν
1446 4722 1698 4795 εὐσεϐείᾳ
1725 4742 1898 4796 προσ-

312 4809 551 4882 ήκουσαν
591 4810 679 4863 διὰ
702 4809 803 4882 τῆς
834 4812 1041 4875 οἰκείας
1071 4813 1288 4885 γραφῆς
1327 4812 1406 4884 τῷ
1458 4814 1724 4868 Ἰουδαίων
1753 4814 1897 4870 ἔθνει

316 4902 727 4974 προκαταϐαλλό
734 4920 911 4975 μενος,
930 4904 991 4958 οὐ
1019 4907 1130 4968 τοῖς
1152 4906 1351 4969 κοινοῖς
1371 4907 1465 4959 καὶ
1484 4924 1702 4979 πεπατη
1714 4907 1896 4978 μένοις

313 4992 467 5065 ᾠήθη
495 4994 604 5048 δεῖν
624 4994 928 5067 χρήσασθαι
950 4996 1252 5069 προοιμίοις
1267 4998 1373 5051 τῶν
1385 4998 1557 5067 λόγων
1576 5015 1589 5029 ⁸
1610 4998 1897 5071 προλαϐὼν

312 5085 369 5139 δὲ
396 5087 571 5140 πάντα
597 5089 760 5160 νόμον
789 5090 1088 5158 πρακτικὸν
1109 5090 1219 5161 (69)
1242 5090 1350 5144 τῶν
1368 5092 1653 5163 ποιητέων,
1675 5091 1895 5145 καὶτῶν

313 5181 372 5236 οὐ
396 5182 662 5252 ποιητέων
679 5183 1132 5254 ἀπαγορευτικὸν,
1150 5183 1248 5248 τάς
1268 5202 1328 5237 τε
1345 5184 1658 5255 δημοτελεῖς
1689 5187 1785 5240 καὶ
1806 5203 1898 5240 πο-

314 5270 525 5338 λιτικὰς
542 5275 790 5346 περὶτῶν
811 5275 945 5348 πρὸς
963 5275 1225 5346 ἀλλήλους
1247 5276 1589 5346 συμϐολαίων
1603 5276 1892 5345 διατάξεις,

315 5363 423 5416 ἀπὸ
450 5365 547 5435 τῆς
586 5367 815 5438 πατρίου
850 5365 1127 5434 θεολογίας
1158 5365 1266 5419 δεῖν
1306 5365 1444 5437 ᾤετο
1476 5367 1575 5438 τῆς
1618 5367 1897 5437 θεολογίας

316 5453 600 5526 ἄρξασθαι,
628 5459 724 5512 καὶ
757 5459 866 5528 (70)
888 5460 985 5529 τὴν
1009 5458 1286 5531 καταρχὴν
1316 5461 1648 5532 ποιήσασθαι
1692 5462 1793 5533 τῆς
1814 5462 1894 5515 δι-

316 5547 631 5615 δασκαλίας,
668 5551 789 5604 οὐδὲ
816 5552 1005 5624 ἑτέραν
1038 5552 1272 5626 μάθησιν
1300 5555 1506 5609 οἰκείαν
1548 5557 1732 5627 νόμοις
1779 5557 1892 5630 (71)

393 5661 439 5693 ⁸⁸
465 5660 600 5717 Gen.
629 5678 819 5726 xxxrx,
849 5664 905 5718 8.

389 5750 503 5822 (69)
559 5754 914 5819 Πρακτικόν.
970 5755 1209 5811 Alterius
1265 5771 1544 5812 manuscr.
1602 5759 1889 5816 lcclionem

226 5828 231 5831 “
319 5833 544 5897 secutus
586 5837 743 5885 sum;
790 5823 950 5897 habet
996 5827 1142 5879 enim
1194 5827 1626 5897 προστακτικόν,
1674 5832 1761 5884 cui
1805 5846 1893 5886 se-

320 5906 495 5965 que_n_s
523 5892 953 5965 ἀπαγορευτικρν
980 5903 1126 5965 recte
1149 5892 1457 5965 opponitur.

394 5958 504 6030 (70)
536 5958 979 6032 Τῆς-θεολογίας
1006 5958 1300 6033 ἅί-ξιιοίθαι
1320 6007 1335 6036 ,
1367 5968 1485 6022 καί.
1519 5967 1641 6025 Haec
1667 5987 1696 6024 a
1728 5970 1892 6025 libra-

2328 4523 2674 4581 llebrworum
2701 4524 2958 4577 doctrinm
2982 4520 3201 4591 placita.

2071 4632 2326 4690 Omnium
2374 4651 2504 4707 ergo
2556 4636 2810 4707 princeps
2850 4634 3192 4690 admirabilis
3231 4633 3321 4689 ille
3365 4633 3572 4687 the-olo-

1998 4742 2100 4796 gus
2141 4735 2305 4797 atque
2354 4729 2651 4799 legislator,
2695 4729 2832 4800 reip.
2886 4727 3120 4783 formam
3154 4740 3280 4782 cum
3314 4724 3572 4793 religione

1998 4817 2347 4888 conjunctam
2394 4819 2534 4889 stylo
2578 4819 2694 4889 ipse
2718 4833 2822 4875 suo
2839 4816 3082 4874 Judaicte
3097 4813 3242 4885 genti
3267 4814 3570 4878 delineans,

1996 4924 2108 4962 non
2133 4910 2244 4977 jam
2274 4910 2593 4980 vulgaribus
2621 4910 2729 4966 illis
2753 4919 2915 4981 atque
2938 4907 3191 4963 contritis
3216 4904 3477 4961 utendum
3502 4903 3572 4957 si-

1996 4998 2051 5053 bi
2084 5000 2323 5055 exordiis
2352 5001 2561 5071 putavit
2595 5019 2609 5056 :
2642 5001 2738 5056 sed
2789 5015 2913 5057 cum
2955 5010 3078 5055 ante
3118 4998 3231 5068 jam
3262 4999 3463 5068 animo
3489 4995 3568 5050 le-

1998 5107 2116 5161 gem
2172 5095 2523 5161 universam,
2585 5110 2693 5165 qua
2747 5094 2944 5165 partim
2997 5092 3200 5163 agenda
3227 5090 3565 5161 juberentur,

1996 5176 2196 5254 partim
2221 5195 2532 5242 vetarentur
2582 5203 2690 5242 non
2732 5187 2972 5258 agenda,
3016 5185 3369 5255 publicasque
3407 5183 3570 5237 simul

1997 5293 2063 5334 ac
2093 5279 2280 5336 civiles
2306 5290 2499 5337 mutuo
2524 5281 2665 5335 inter
2706 5296 2826 5336 sese
2853 5277 3209 5334 contrahendi
3240 5278 3480 5331 rationes
3506 5292 3570 5330 ac

1998 5373 2215 5442 regulas
2245 5374 2664 5444 descripsisset;
2694 5388 2758 5427 ex
2789 5370 3004 5442 propria
3038 5369 3307 5439 majorum
3344 5384 3568 5423 suorum

1995 5464 2269 5536 theologia
2316 5465 2576 5519 doctrinae
2619 5477 2733 5518 sum
2778 5460 3087 5517 ducendum
3143 5460 3363 5514 initium
3411 5459 3569 5513 intel-

1998 5560 2130 5616 lexit
2165 5578 2177 5613 :
2216 5559 2362 5631 quod
2390 5559 2533 5613 aliud
2570 5559 2778 5611 nullum
2815 5555 3117 5625 disciplinae
3168 5570 3339 5624 genus
3387 5554 3565 5624 lcgutn

1999 5759 2081 5814 rio
2112 5758 2347 5827 quodam
2375 5771 2657 5826 perperam
2684 5757 2885 5810 inserta
2915 5766 3071 5820 sunt,
3106 5770 3225 5825 quae
3275 5751 3568 5808 manuscri-

1998 5840 2216 5898 piorum
2246 5829 2380 5880 alter
2410 5828 2688 5898 expungit.

2073 5897 2186 5968 (Ἠ)
2236 5893 2726 5968 Οὶκείαντόιὶοις,
2759 5893 3014 5950 Mendosa
3048 5894 3161 5968 haec
3198 5902 3354 5957 sunt,
3404 5901 3568 5961 atque

2001 5969 2056 6024 in
2087 5966 2298 6023 οἰκείων
2333 5968 2529 6036 νόμων,
2563 5977 2620 6022 ιιι
2644 5966 2871 6033 videtur,
2912 5966 3191 6019 mutanda.
