4166 6414
565 529 667 584 53f

1236 532 1503 588 EUSEB"
1542 534 1652 589 C/E
1662 532 2020 588 SARIENSIS
2057 531 2140 588 ΟΡ

2249 530 2430 589 PARS
2464 530 2529 588 ΙῙ.
2568 562 2639 572 -
2669 530 3172 590 APOLOGETICA.

3738 534 3845 592 53‘!

565 665 799 706 suarum
845 652 1035 719 pietati
1083 662 1509 708 consentaneum
1550 663 1901 724 agnosceret,
1952 663 2141 724 praeter

2249 650 2496 722 εὐσεϐείᾳ
2525 653 2903 723 προσήκουσαν
2926 652 3275 723 ἡγησάμενος
3325 650 3357 722 ἢ
3400 651 3499 723 τὴν
3539 652 3747 708 ἄνωθεν
3776 657 3841 710 ὲκ

564 758 691 796 eam
727 743 1019 814 theologia:
1050 744 1341 811 rationem,
1365 746 1619 815 quaejam
1657 746 1781 799 inde
1809 762 1839 800 a
1866 747 2057 816 primis
2096 747 2155 800 il-

566 831 639 889 lis
671 835 857 901 gentis
890 851 1004 890 sna.-
1050 837 1367 905 parentibus
1409 836 1477 891 ad
1532 852 1631 892 sua
1689 852 1862 906 usque
1909 847 2153 907 tempora

565 936 972 992 per-manasset.
1006 928 1193 995 Itaque
1229 941 1260 979 a
1292 924 1403 979 Deo
1433 927 1553 995 ipso
1583 926 1813 994 patriam
1846 927 2151 996 priscorum

566 1012 929 1071 Hebraeorum
983 1018 1310 1087 theologiam
1366 1027 1604 1083 secutus,
1631 1018 1947 1087 auspicatur
1984 1038 1999 1073 :
2041 1034 2150 1073 non

572 1104 686 1174 jam
725 1104 1130 1178 ﬂgyptiorum,
1168 1116 1263 1161 aut
1296 1105 1619 1162 Phoenicum
1644 1150 1659 1174 ,
1686 1117 1779 1162 aut
1818 1108 2152 1177 reliquarum

579 1197 865 1252 nationum
897 1213 1071 1259 more,
1104 1214 1226 1268 qua:
1250 1200 1619 1268 promiscuam
1663 1200 1717 1252 in
1749 1198 2153 1252 multitudinem

578 1290 951 1343 venerandum
984 1290 1114 1343 illud
1156 1289 1249 1343 Dei
1309 1306 1505 1344 nomen
1557 1291 1853 1357 abjicerent
1910 1299 1964 1343 et
2013 1290 2152 1344 alios

578 1380 799 1448 quidem
853 1382 1232 1451 aspectabiles,
1270 1382 1374 1436 hoc
1424 1391 1507 1436 est
1544 1368 1715 1436 inﬁxa.
1768 1381 1907 1435 coelo
1937 1381 2149 1445 sidera,

578 1473 716 1527 alios
749 1482 1027 1540 aspectum
1061 1473 1332 1543 fugientes
1350 1474 1482 1528 deos
1510 1475 1843 1538 inveherent,
1864 1472 2058 1542 partim
2084 1488 2152 1526 ex

579 1564 892 1620 hominibus
945 1567 1072 1631 illis,
1104 1566 1199 1636 qui
1256 1566 1370 1636 jam
1422 1577 1548 1622 ante
1601 1567 1905 1629 vixissent,
1952 1563 2150 1634 partim

575 1655 740 1709 etiam
770 1672 868 1712 eos
892 1660 1168 1713 dmmones
1189 1698 1204 1721 ,
1227 1658 1323 1728 qui
1353 1670 1528 1713 terras
1561 1666 1657 1712 aut
1692 1671 1876 1711 aerem
1922 1656 2150 1709 oberra~

573 1755 716 1810 rent,
754 1748 831 1799 uti
860 1751 1111 1817 superius
1141 1749 1194 1803 in
1228 1764 1418 1803 earum
1456 1748 1777 1819 opinionum
1818 1744 2152 1800 confutatio-

573 1853 643 1892 ne
665 1838 1023 1894 ostendimus.
1055 1840 1123 1895 At
1152 1856 1282 1896 vero
1315 1840 1383 1894 ab
1413 1841 1646 1909 ipsemet
1684 1854 1867 1893 rerum
1899 1837 2149 1893 omnium

573 1944 817 1997 auctore,
865 1947 928 1986 ac
958 1941 1070 1986 tam
1101 1947 1313 1998 earum,
1350 1948 1473 2001 quae
1514 1931 1684 1985 videri
1732 1945 1842 1984 non
1894 1937 2147 1998 possunt,

2262 744 2624 815 προπατόρων
2656 746 2737 807 είς
2759 744 2920 797 αὐτὸν
2947 745 3186 813 ἥκουσαν
3232 744 3535 814 θεολογίαν.
3580 747 3645 799 Ἀ
3657 764 3842 818 ρχεται

2261 835 2440 887 τοίνυν
2465 835 2572 887 ἀπὸ
2598 834 2733 887 Θεοῦ
2759 834 2900 888 κατά
2933 833 3001 887 τά
3028 835 3231 905 πάτρια
3259 835 3362 905 τῆς
3407 835 3516 888 τῶν
3562 836 3843 906 προγόνων

2273 925 2533 997 Ἐϐραίων
2558 926 2836 994 θεολογίας
2855 942 2868 954 ·
2903 925 3023 994 οὐχὶ
3051 925 3202 994 φίλον
3249 926 3360 996 (72)
3399 927 3717 994 Αἰγυπτίοις
3749 928 3847 983 καὶ

2260 1016 2492 1081 Φοίνιξιν
2523 1014 2612 1088 ἦν,
2646 1017 2678 1087 ἢ
2717 1018 2830 1080 τοῖς
2857 1017 3062 1081 λοιποῖς
3088 1016 3297 1070 ἔθνεσιν
3325 1020 3405 1082 είς
3430 1018 3631 1089 πλῆθος
3674 1035 3849 1075 κατα-

2263 1109 2514 1161 ϐάλλουσι
2542 1109 2640 1179 τὴν
2674 1108 2966 1181 σεϐάσμιον
3002 1109 3397 1181 προσηγορίαν,
3426 1109 3582 1173 θεούς
3608 1127 3669 1163 τε
3706 1113 3847 1183 δρω-

2264 1199 2457 1269 μένους
2485 1200 2581 1269 μὲν
2610 1202 2736 1263 τοῦς
2769 1200 2890 1253 κατ’
2916 1200 3144 1272 οὐρανὸν
3174 1202 3467 1271 φωστῆρας
3511 1201 3844 1272 νομίζωσιν,

2261 1292 2484 1359 ἀφανεῖς
2511 1291 2567 1343 δὲ
2592 1293 2684 1344 καὶ
2707 1291 2971 1363 ἀοράτους
3012 1294 3137 1355 τοὺς
3170 1292 3228 1359 ἐξ
3262 1292 3564 1363 ἀνθρώπιον
3589 1310 3845 1365 κατοιχο-

2264 1377 2489 1447 μένους,
2535 1378 2567 1450 ἢ
2616 1394 2709 1432 και
2738 1382 2863 1443 τοὺς
2908 1380 3151 1451 χθονίους
3179 1384 3273 1435 καὶ
3302 1384 3522 1455 ἁερίους
3558 1384 3842 1455 δαίμονας,

2259 1467 2401 1520 κατά
2438 1467 2506 1521 τὰ
2536 1469 2767 1539 πρόσθεν
2795 1471 2926 1539 ἡμῖν
2948 1469 3383 1541 ἀπεληλεγμένα.
3423 1471 3580 1524 Ἀλλά
3596 1471 3702 1543 γὰρ
3733 1472 3846 1525 άπδ

2257 1558 2352 1611 τοῦ
2387 1559 2603 1614 πάντων
2631 1561 2825 1623 αἰτίου,
2861 1561 3109 1632 ἀοράτων
3135 1580 3196 1615 τε
3222 1564 3317 1617 καὶ
3336 1563 3546 1633 ὁρατῶν
3577 1564 3639 1635 δη
3649 1580 3844 1637 μιουρ-

2259 1649 2356 1717 γοῦ
2382 1650 2482 1722 τὴν
2515 1650 2795 1722 καταρχὴν
2827 1651 2922 1707 τοῦ
2954 1653 3147 1716 παντὸς
3167 1653 3327 1723 λόγου
3356 1656 3741 1726 πεποιημένος,
3762 1675 3848 1713 νο-

2262 1740 2494 1811 μοθέτην
2535 1740 2723 1795 τοῦτον
2771 1737 2909 1795 εἶναι
2961 1743 3201 1797 διδάσκει
3241 1744 3342 1815 τῆς
3372 1745 3467 1797 τοῦ
3511 1746 3712 1809 παντὸς
3743 1763 3843 1800 συ-

2259 1832 2521 1896 στάσεως,
2547 1831 2736 1905 ὦσπερ
2762 1836 2892 1904 μιᾶς
2910 1851 3055 1897 τινος
3079 1835 3492 1905 μεγαλοπόλεως
3518 1836 3612 1889 τοῦ
3634 1839 3843 1909 κόσμου

2261 1921 2483 1992 βασιλέα
2521 1926 2892 1993 καταστήσας.
2924 1925 3173 1978 Παιδεύει
3205 1926 3491 1998 τοιγαροῦν
3519 1928 3840 1999 ἀρχόμενος,

571 2035 736 2088 quam
770 2036 957 2075 earum
984 2061 999 2085 ,
1030 2038 1153 2091 qua:
1197 2023 1447 2078 sensibus
1502 2030 1841 2091 usurpentur
1896 2019 2141 2074 molitore

2254 2013 2443 2066 τοῦτον
2489 2015 2742 2084 ἡγεῖσθαι
2782 2015 2856 2086 μὴ
2897 2016 3057 2085 μόνον
3088 2016 3198 2069 τῶν
3229 2017 3367 2088 πρὸς
3410 2018 3608 2082 αὐτοὺς
3647 2019 3844 2089 μικρὸν

573 2107 687 2166 Deo
744 2113 912 2169 totius
964 2114 1231 2169 orationis
1264 2114 1485 2168 initium
1511 2112 1736 2177 faciens,
1765 2126 1952 2166 verum
1993 2109 2141 2164 illum

2250 2103 2378 2157 ῦστε
2386 2122 2477 2176 ρον
2507 2104 2770 2177 διαταχθη
2781 2107 3022 2177 σομένων
3044 2108 3349 2179 ἀνθρώποις
3369 2109 3550 2179 νόμων
3577 2110 3843 2183 αὐθέντην

574 2201 742 2271 hujus
779 2205 1153 2259 universitatis
1196 2206 1561 2276 legislatorem
1623 2219 1688 2258 ac
1746 2204 2141 2257 moderatorem

2251 2194 2389 2250 εἶναι
2418 2197 2510 2250 καὶ¹
2537 2196 2746 2267 κύριον,
2766 2197 2903 2252 άλλά
2920 2199 3014 2252 καὶ
3037 2199 3147 2253 τῶν
3173 2202 3230 2254 ὲν
3260 2203 3324 2272 τῇ
3369 2201 3528 2271 φύσει
3550 2200 3659 2255 τῶν
3678 2203 3838 2259 δλων.

570 2307 694 2349 esse
710 2294 889 2361 docet,
923 2313 1310 2367 summumque
1334 2296 1500 2368 31h.
1520 2297 1687 2351 totius
1718 2295 1890 2360 orbis,
1921 2292 2141 2363 perinde

2251 2288 2482 2342 Βασιλέα
2504 2289 2613 2362 γάρ
2641 2292 2802 2343 αὑτὸν
2831 2291 2926 2345 καὶ
2957 2292 3254 2363 νομοθέτην
3282 2292 3377 2347 τοῦ
3412 2293 3726 2365 σύμπαντος
3748 2295 3843 2349 κόρ

569 2395 733 2453 atque
758 2389 923 2441 unius
965 2386 1251 2456 cujusdam
1288 2403 1496 2458 magna:
1538 2386 1776 2441 civitatis
1803 2399 1982 2453 regem
2018 2397 2141 2436 con-

2255 2398 2393 2451 σμου
2422 2385 2680 2454 παριστᾷ.

570 2481 767 2536 stituit.
800 2480 1090 2537 Enimvero
1114 2483 1195 2537 ita
1228 2483 1477 2537 homines
1507 2484 1626 2552 ipso
1674 2481 1856 2536 statim
1906 2477 2173 2549 principio
2212 2476 2466 2545 instituit,
2509 2487 2570 2533 ut
2612 2479 2789 2549 ipsum
2843 2496 2950 2535 non
2992 2496 3179 2536 earum
3208 2482 3372 2538 modo
3398 2482 3603 2555 legum,
3638 2485 3840 2554 quibus

568 2577 787 2633 eosdem
827 2579 992 2648 paulo
1020 2587 1143 2647 post
1172 2578 1567 2634 informaturus
1604 2586 1745 2640 erat,
1808 2575 1900 2630 sed
1951 2575 2166 2629 illarum
2207 2573 2394 2635 etiam,
2453 2575 2655 2644 quibus
2715 2585 2910 2631 natura
2963 2579 3217 2633 universa
3272 2589 3505 2649 pareret,
3559 2589 3841 2636 auctorem

568 2685 690 2725 esse
717 2684 780 2724 ac
804 2668 1092 2724 Dominum
1130 2672 1509 2741 intelligerent.
1537 2668 1739 2740 Regem
1776 2667 1922 2722 enim
1954 2665 2132 2735 ipsum
2172 2665 2362 2719 mundi
2398 2665 2569 2721 totius
2605 2682 2670 2722 ac
2698 2668 3069 2739 legislatorem
3092 2687 3212 2724 esse
3237 2672 3548 2727 conﬁrmat.

1189 2762 1420 2818 CAPUT
1458 2761 1525 2816 Χ.

669 2854 742 2907 De
762 2853 996 2924 generali
1016 2853 1380 2922 Providentia,
1412 2866 1458 2908 et
1488 2852 1720 2908 universi
1742 2850 2035 2905 molitione.

638 3010 925 3073 Videlicet,
964 3020 1100 3066 nutu
1128 3012 1249 3081 ejus
1285 3019 1449 3082 atque
1495 3019 1767 3082 potestate
1801 3024 1957 3065 suam
1980 3006 2147 3062 rebus

565 3101 824 3156 omnibus
873 3102 1170 3157 essentiam
1223 3111 1590 3171 naturamque
1634 3111 1891 3155 constare
1930 3118 1943 3155 :
1991 3099 2143 3169 ejus-

565 3194 799 3264 demque
849 3194 1061 3265 legibus
1121 3210 1184 3248 ac
1229 3196 1497 3259 terminis,
1550 3205 1673 3265 apte
1723 3206 1888 3263 atque
1928 3193 2142 3257 ordine,

562 3293 878 3354 temporum
924 3300 1122 3341 cursus
1161 3286 1417 3356 vicesque
1466 3285 1721 3340 describi.
1780 3286 1859 3336 Ac
1904 3284 2141 3354 primum

2799 2765 3196 2817 ΚΕΦΑΛΑΙΟΝ
3237 2763 3293 2819 l'.

2251 2853 2391 2920 Περὶ
2430 2853 2537 2921 τῆς
2557 2857 2819 2931 κᾳθᾴλου
2841 2859 3268 2931 προνοίαςηκαὶ
3304 2861 3435 2929 περὶ
3467 2860 3580 2931 τῆς
3609 2864 3840 2919 συστά-

2329 2941 2504 2989 σεως,
2537 2927 2633 2978 καὶ
2662 2926 3048 2997 δημιουργίας
3067 2929 3174 2982 τοῦ
3202 2926 3455 2998 κόσμὸυ.

2319 3015 2565 3085 Νεύματι
2631 3017 2730 3087 μὲν
2792 3017 2903 3091 γὰρ
2951 3018 3117 3072 αὐτοῦ
3170 3021 3264 3073 καὶ
3304 3020 3551 3093 δυνάμει,
3591 3024 3688 3095 τὴν
3728 3024 3840 3079 τῶν

2247 3104 2501 3157 ἁπάντων
2547 3106 2804 3161 οὺσίωσιν
2846 3112 3167 3179 γεγονέναι,
3212 3112 3396 3181 νόμοις
3440 3113 3497 3166 δὲ
3552 3116 3647 3169 καὶ
3687 3117 3839 3188 ὅροις

2248 3194 2409 3249 πάλιν
2438 3197 2627 3262 αὐτοῦ,
2668 3199 2773 3270 ὁδῷ
2799 3201 2894 3254 καὶ
2927 3202 3079 3266 τάξει
3110 3203 3200 3256 τὸν
3232 3204 3522 3275 σύμπαντα
3549 3206 3839 3280 διακυϐερ-

2248 3289 2441 3341 νᾶσθαι
2470 3289 2659 3344 αἰῶνα.
2689 3291 2848 3362 Λόγῳ
2885 3293 2984 3363 μὲν
3012 3294 3119 3365 γάρ
3145 3296 3238 3347 καὶ
3268 3296 3419 3365 νόμῳ
3448 3296 3584 3350 Θεοῦ
3620 3298 3840 3370 πρῶτον

564 3376 785 3444 quidem
837 3391 903 3431 ex
953 3378 1212 3432 omnibus
1265 3378 1466 3433 coelum
1502 3393 1635 3432 voce
1664 3378 1891 3448 legeque
1930 3375 2137 3441 divina,

2249 3371 2496 3436 ἁπάντων
2528 3383 2756 3455 οὐρανὸν
2789 3384 3177 3456 ὲστερεῶσθαι,
3213 3388 3306 3439 καὶ⁵
3352 3387 3455 3453 γῆς
3484 3388 3545 3440 τὸ
3570 3388 3711 3461 βαρὺ
3740 3392 3838 3443 καὶ

565 3457 877 3522 ﬁrmitatem
910 3484 1064 3523 suam
1116 3469 1443 3536 obtinuisse,
1491 3483 1821 3540 gravemque
1870 3476 2143 3521 terrarum

564 3561 791 3624 molem,
820 3570 1018 3630 prmter
1052 3571 1261 3616 naturae
1290 3578 1405 3617 suae
1448 3563 1843 3629 conditionem,
1872 3561 2142 3615 leviorum

561 3650 956 3704 elementorum
977 3653 1029 3705 in
1059 3654 1236 3707 medio
1264 3655 1461 3707 mirum
1486 3655 1538 3707 in
1575 3657 1796 3707 modum
1821 3669 2141 3723 suspensam

565 3756 632 3795 ac
674 3742 927 3795 libratam
978 3744 1313 3809 constitisse,
1345 3759 1480 3799 voce
1514 3745 1739 3815 legeque
1772 3746 1987 3808 divina,
2019 3761 2143 3798 mu-

566 3846 714 3889 tuam
743 3835 1120 3905 alternamque
1157 3839 1333 3892 noctis
1361 3851 1426 3891 ac
1456 3837 1563 3891 diei
1594 3837 2010 3892 conversionem
2042 3836 2139 3891 ﬁe-

563 3929 635 3992 ri,
666 3942 793 3982 voce
847 3928 1074 3997 legeque
1101 3929 1286 3982 divina
1319 3929 1490 3983 solem
1536 3929 1737 3999 ipsum,
1776 3930 1988 3993 lunam,
2017 3929 2143 3983 reli-

563 4034 912 4089 quorumque
937 4021 1177 4075 siderum
1211 4021 1441 4075 chorum
1482 4022 1715 4093 eleganti
1760 4022 2141 4092 concinnoque

570 4122 722 4167 motu
758 4113 946 4167 orbem
1004 4129 1165 4168 suum
1210 4115 1495 4169 coniicere.
1540 4113 1682 4187 Lege
1730 4112 1931 4167 summi
1973 4112 2139 4185 Regis

569 4206 992 4261 convcrsionum
1050 4207 1415 4272 mutationes,
1441 4215 1749 4277 temporum
1797 4205 2136 4269 discrimina,

560 4315 831 4353 annorum
865 4299 1125 4364 circulos,
1150 4314 1473 4367 annuasque
1497 4306 1873 4368 tempestates,
1892 4312 2017 4351 cum
2043 4295 2142 4350 ad-

561 4390 800 4444 mirabili
861 4391 1029 4446 totius
1094 4392 1337 4446 universi
1407 4404 1688 4445 consensn
1742 4388 2141 4456 barmoniaque

561 4483 846 4551 compleri.
876 4481 1066 4537 Divina
1099 4485 1237 4553 lege,
1267 4482 1502 4537 hiemem
1533 4482 1666 4547 veri,
1692 4490 1854 4550 atque
1889 4480 1990 4533 hoc
2010 4495 2139 4533 con-

561 4575 909 4645 sequentium
944 4583 1328 4644 tempestatum
1362 4574 1576 4627 vicibus
1623 4574 1818 4626 cedere
1855 4589 1868 4624 :
1922 4570 2137 4633 eadem,

559 4666 701 4721 altos
722 4682 785 4720 ac
813 4664 1116 4736 profundos
1154 4662 1359 4720 Oceani
1381 4666 1617 4719 vortices
1643 4665 1886 4719 hibernis
1911 4664 2135 4719 mstibus

560 4766 724 4826 atque
755 4756 1104 4812 eluvionibus
1160 4757 1523 4824 exundantes,
1579 4773 1807 4812 suorum
1843 4772 1961 4812 sese
2018 4772 2136 4810 ma-

556 4850 700 4903 rium
737 4849 961 4914 tinibus,
990 4865 1129 4918 quos
1151 4849 1424 4904 transilire
1446 4865 1555 4903 non
1582 4849 1803 4913 audent,
1832 4849 2131 4903 includere:

554 4942 770 5004 eadem,
798 4949 1067 4996 terrarum
1101 4941 1303 4996 siccant
1338 4941 1657 5011 aridamque
1705 4950 1982 5005 naturam,
2037 4940 2134 4993 de-

552 5032 851 5088 ﬂuentibus
882 5033 1170 5098 imbribus,
1198 5050 1261 5089 ac
1288 5034 1504 5089 nivibus
1533 5033 1749 5088 modice
1771 5033 2133 5087 allabentibus

554 5127 859 5197 irrigatam,
894 5126 1106 5180 inﬁnita
1144 5127 1455 5196 plantarum
1490 5135 1546 5180 et
1578 5125 1940 5181 animantium
1979 5140 2135 5196 gene-

542 5235 614 5275 ra
644 5220 962 5289 producere.
1030 5218 1150 5275 Uno
1174 5221 1363 5285 verbo,
1400 5231 1649 5275 naturam
1682 5220 1853 5283 illam,
1881 5234 2134 5273 commu-

546 5327 676 5365 nem
723 5328 907 5368 rerum
958 5322 1239 5383 parentem
1297 5314 1583 5379 omnium,
1640 5312 1735 5367 Dei
1776 5311 2132 5384 praepotentis

548 5401 628 5455 Nu
643 5404 779 5458 mini
814 5407 1169 5472 servientem,
1201 5406 1403 5462 divinis
1450 5407 1570 5475 ejus
1600 5406 1810 5477 legibus
1855 5405 2130 5460 consiliis—

551 5513 660 5562 que
690 5512 902 5566 parere.
936 5497 1047 5555 Nec
1074 5501 1220 5554 enim
1255 5499 1500 5571 profecto
1527 5516 1663 5555 casu
1687 5516 1751 5554 ac
1782 5508 2004 5561 temere,
2034 5513 2136 5552 nec

548 5589 779 5646 fortuito
792 5606 855 5646 ac
874 5593 1104 5647 rationis
1119 5604 1339 5664 experte
1355 5603 1529 5657 motu,
1547 5601 1757 5647 tantum
1778 5593 1924 5645 hunc
1938 5600 1992 5647 et
2022 5600 2132 5644 tam

620 5715 651 5745 ι
706 5723 820 5773 re,
857 5705 1193 5777 θαυμασίως.

627 5817 739 5890 (72)
770 5821 917 5892 Οὐχὶ
947 5824 1153 5901 φίλων,
1183 5830 1289 5901 cite.
1347 5826 1557 5901 Locum
1587 5828 1737 5901 hunc
1782 5830 1853 5884 ita
1894 5832 2134 5901 concipit

554 5890 693 5972 alter
716 5890 1038 5972 inattuscr.,_
1058 5897 1157 5972 οὐχ
1196 5894 1340 5972 ᾗπερ
1370 5898 1687 5972 Αἰγυπτίοις
1721 5900 1873 5967 φίλον
1897 5898 1985 5972 ἦν,
2018 5890 2130 5955 ἀλλ’

554 5961 675 6017 οῦδὶ
705 5961 970 6030 Φοίνιξιν,
1012 5966 1045 6036 ἢ
1078 5961 1677 6030 τοῖξλοιποίςὲθνεσι
1699 5961 2128 6041 πῖαραπλἠσίιι)ς,

2250 3474 2564 3544 στερέμνιον
2586 3475 2737 3546 παρά
2769 3473 2869 3545 τὴν
2888 3476 3096 3529 οἰκείαν
3126 3474 3289 3544 φύσιν
3314 3476 3547 3547 λεπτομε
3558 3480 3841 3550 ρεστέροις

2243 3561 2351 3615 τῶν
2380 3563 2657 3632 στοιχείων
2687 3561 2835 3634 παρά
2860 3563 3025 3630 φύσιν
3052 3575 3078 3603 ι
3110 3564 3442 3635 ἐπαιωρεῖσθ
3455 3582 3533 3617 αι.
3572 3566 3731 3637 Λόγῳ
3776 3567 3838 3621 δὲ

2245 3653 2339 3706 καὶ
2364 3654 2513 3724 νόμῳ
2540 3654 2667 3723 θείῳ
2689 3654 2882 3718 νυκτὸς
2913 3655 3007 3707 καὶ
3035 3654 3246 3725 ἡμέρας
3272 3655 3363 3708 τὸν
3387 3657 3673 3727 ἀμοιϐαῖον
3696 3659 3836 3711 ἀναο

2245 3744 2560 3798 κυκλεῖσθαι
2590 3744 2789 3815 δρόμον
2813 3763 2827 3775 ·
2857 3745 3001 3817 λόγῳ
3036 3747 3171 3801 Θεοῦ
3200 3747 3296 3802 καὶ
3342 3748 3494 3819 νόμῳ
3531 3749 3625 3801 καὶ
3669 3749 3840 3805 αὑτὸν

2243 3836 2394 3906 ἥλιον
2420 3835 2513 3889 καὶ
2549 3835 2799 3908 σελήνην,
2836 3838 2931 3890 καὶ
2963 3838 3064 3910 τὴν
3085 3839 3193 3893 τῶν
3220 3839 3427 3895 λοιπῶν
3458 3841 3703 3912 ἀστέρων
3737 3859 3835 3912 χο-

2248 3928 2416 3999 ρείαν,
2454 3930 2511 3982 ὲν
2539 3928 2802 3999 πρέποντι
2832 3930 3023 4001 κόσμῳ
3049 3932 3147 4003 τὴν
3168 3934 3552 4004 προσήκουσαν
3583 3932 3838 3998 ἑξανύειν

2244 4018 2472 4088 πορείαν
2496 4034 2509 4047 ⁸
2535 4018 2685 4089 νόμῳ
2713 4018 2770 4071 δὲ
2795 4019 2887 4072 τοῦ
2913 4020 3307 4091 παμϐασιλέως
3329 4024 3547 4094 τροπῶν
3570 4022 3831 4092 ἀλλαγὰς,

2243 4109 2339 4163 καὶ
2365 4109 2665 4178 μεταϐολὰς
2693 4110 2924 4180 καιρῶν,
2964 4112 3211 4165 ἐνιαυτοῦ
3230 4129 3289 4165 τε
3319 4113 3575 4179 κύκλους,
3613 4105 3834 4179 καὶτὰς

2243 4199 2496 4270 ἐτησίους
2522 4198 2672 4271 ὧρας
2705 4203 2772 4270 τῇ
2802 4202 3159 4272 παναρμονίῳ
3200 4201 3294 4255 τοῦ
3341 4203 3543 4267 παντὸς
3583 4203 3837 4276 ἀποπλη-

2247 4292 2809 4366 ροῦσθαισυμφωνίᾳ·
2845 4295 2994 4365 νόμῳ
3022 4294 3158 4348 Θεοῦ
3198 4296 3444 4366 χειμῶνα
3478 4297 3577 4367 μὲν
3610 4299 3831 4368 ὑποχω-

2245 4389 2358 4458 ρεῖν
2382 4385 2524 4457 ἔαρι,
2554 4387 2713 4440 τοῦτο
2740 4388 2797 4441 δὲ
2834 4392 2954 4452 ταῖς
2983 4388 3216 4458 ἄγχιστα
3242 4389 3356 4442 τῶν
3385 4390 3543 4461 ὡρῶν
3566 4395 3828 4462 τροπαῖς·

2243 4481 2336 4533 καὶ
2365 4480 2633 4551 θαλάττης
2655 4480 2712 4533 δὲ
2740 4479 2955 4549 βυθοὺς,
2979 4482 3099 4541 ταῖς
3125 4479 3422 4550 χειμαδίοις
3451 4480 3834 4553 πλημμυρίσιν

2243 4571 2758 4643 ὲπικυματίζοντας,
2800 4572 2951 4642 νόμῳ
2981 4570 3111 4641 θείῳ
3156 4574 3270 4635 τοῖς
3306 4572 3529 4637 οἰκείοις
3568 4575 3832 4626 ἐναποκε-

2243 4664 2485 4719 κλεῖσθαι
2511 4665 2791 4734 πελάγεσι,
2821 4664 2895 4727 ὡς
2919 4662 3053 4734 μηδὲ
3081 4666 3205 4727 τοὺς
3226 4665 3386 4736 ὄρους
3414 4666 3522 4718 τῶν
3558 4666 3718 4738 ἱερῶν
3742 4667 3832 4721 νό-

2247 4778 2363 4831 μων
2387 4758 2737 4830 ὐπερὸαίνειν
2760 4758 2965 4828 τολμᾷν
2989 4773 3002 4786 '
3033 4756 3127 4810 καὶ
3156 4756 3255 4828 τὴν
3290 4756 3460 4828 ξηράν
3505 4758 3691 4811 οὐσίαν
3721 4758 3828 4828 ὀμ·

2243 4851 2417 4923 ὁρίοις
2443 4852 2645 4922 νάμασι
2680 4852 2774 4906 καὶ
2802 4853 3046 4920 νιφετοῖς
3076 4850 3225 4919 νόμῳ
3260 4848 3390 4919 θείῳ
3422 4848 3583 4903 πάλιν
3612 4849 3826 4920 συμμέ-

2242 4961 2385 5016 τρως
2422 4944 2963 5015 ὲπιχορηγουμένοις,
2998 4941 3305 5013 ἀρδομένην
3344 4941 3443 5013 τὴν
3480 4942 3619 5013 γῆν,
3657 4942 3828 5014 μυρία

2241 5037 2372 5107 γένη
2406 5035 2586 5104 φυτῶν
2611 5053 2670 5088 τε
2693 5037 2784 5089 καὶ
2812 5036 2965 5101 ζώων
2990 5035 3295 5089 ἀναδιδόναι
3313 5051 3328 5065 υ
3350 5034 3431 5087 ἑνί
3460 5050 3519 5087 τε
3539 5033 3703 5105 λόγῳ,
3726 5033 3827 5105 τὴν

2243 5130 2579 5200 παμμήτορα
2607 5128 2714 5182 τῶν
2745 5129 2883 5182 ὅλων
2912 5128 3095 5198 φύσιν,
3139 5127 3521 5200 προστάγματι
3560 5126 3697 5180 Θεοῦ
3734 5126 3827 5179 δι-

2241 5221 2605 5294 δουλωμένην,
2644 5223 2830 5294 νόμοις
2851 5221 3016 5285 θείοις
3056 5220 3302 5276 ὑπείκειν
3338 5221 3433 5275 καὶ
3462 5223 3530 5291 τῇ
3568 5219 3663 5273 τοῦ
3683 5235 3828 5273 παν-

2239 5314 2508 5384 ηγεμόνος
2538 5312 2675 5367 Θεοῦ
2705 5313 2889 5384 βουλῇ.
2952 5312 3044 5385 Μὴ
3064 5311 3174 5384 γάρ
3201 5312 3345 5383 εἰκῆ,
3393 5311 3514 5384 μηδ’
3547 5310 3623 5375 ὡς
3643 5310 3828 5381 ἔτυχε,

2245 5407 2370 5477 μηδ’
2405 5406 2697 5478 αὐτομάτῳ
2744 5408 2839 5460 καὶ
2868 5406 3048 5476 ἀλόγῳ
3078 5408 3223 5478 φορᾷ
3253 5404 3576 5459 συνεστάναι
3609 5404 3700 5458 τὸν
3722 5421 3828 5476 τη-

2240 5498 2486 5553 λικοῦτον
2512 5498 2827 5569 διάκοσμον,
2860 5498 2981 5569 μηδ’
3012 5498 3254 5551 ἀναιτίου
3278 5497 3491 5565 φύσεως
3507 5495 3666 5567 ἔργον
3688 5511 3831 5566 τυγ-

2241 5589 2422 5659 χάνειν
2454 5591 2514 5645 τὸ
2549 5590 2692 5660 μέγα
2720 5590 2877 5643 τοῦτο
2908 5591 3003 5645 καὶ
3037 5589 3360 5662 περικαλλὲς
3406 5587 3825 5660 τεχνούργημαο

2241 5841 2319 5901 εἰς
2354 5838 2539 5910 πλῆ0.,
2566 5847 2670 5910 etc_.
2704 5837 2946 5895 Rectius.
2980 5838 3179 5893 Saltem
3210 5854 3310 5909 pro
3333 5835 3453 5908 οὐχί
3485 5836 3827 5893 omninoro-

2241 5906 2475 5977 ponendi
2504 5911 2602 5981 οὺχ
