4166 6456
427 540 528 597 εστ

1578 542 1894 599 ΡΒᾹΞΡΑΒ.
1936 543 2187 602 EVANG.
2233 532 2361 599 LIB.
2412 541 2514 599 VII.

3576 535 3683 590 534

423 654 539 709 ἁλλ’
559 653 696 710 εἶναι
727 657 824 727 μὲν
858 656 1067 726 ποίημα
1088 654 1184 708 τοῦ
1211 653 1486 722 πανσόφου
1515 652 1625 706 τῶν
1670 654 1805 707 ὅλων
1831 655 1989 726 ’ἁρχι-

2106 656 2440 726 singnlarem
2474 664 2725 709 ornatum
2754 654 3045 717 exstitisse,
3074 666 3176 707 nec
3202 666 3358 708 caeca:
3373 651 3679 706 ulliineon-

425 748 693 811 τέκτονος,
729 748 823 801 τοῦ
853 748 909 801 δὲ
942 747 1105 801 αὐτοῦ
1135 748 1309 815 λόγοις
1333 746 1426 799 καὶ
1462 747 1646 815 νόμοις
1691 748 1855 817 ἱεροῖς
1883 748 2000 799 δια-

426 838 809 909 κυϐερνᾶσθαι.
846 837 1037 891 Ἔνθεν
1072 839 1374 908 ἀρξάμενος
1403 837 1750 908 ὀπροφήτης,
1774 837 1866 889 καὶ
1897 838 2003 909 πρὸ

426 932 522 1001 τῆς
548 928 848 1001 ἀνθρώπων
890 929 1211 1001 νομοθεσίας
1242 931 1369 992 τοὺς
1403 930 1532 1001 περὶ
1571 928 1673 999 τῆς
1714 928 1822 981 τῶν
1865 929 2002 981 ὅλων

425 1020 640 1090 φύσεως
660 1021 967 1092 προστάξας
990 1022 1206 1092 νόμους,
1260 1020 1542 1093 πρώτιστοι
1594 1022 1809 1076 πάντων
1837 1038 2002 1093 προσ-

426 1112 566 1182 έχειν
590 1112 670 1182 τῷ
689 1113 1022 1184 παμϐασιλεϊ
1051 1112 1168 1184 Θεῷ
1195 1115 1291 1168 καὶ
1318 1127 1341 1156 υ
1386 1114 1796 1186 ἀπορρᾳθυμεῖν
1836 1113 1999 1167 αὐτοῦ

423 1202 531 1256 τῶν
567 1204 746 1274 νόμων
769 1203 1207 1276 παρεκελεύσατο
1229 1222 1242 1235 ·
1277 1206 1358 1259 ὅτι
1398 1206 1461 1277 δὴ
1491 1207 1586 1260 καὶ
1620 1205 1781 1268 αὐτὸς
1828 1205 1997 1276 ἥλιος,

423 1294 649 1364 οὐρανός
669 1311 730 1346 τε
755 1295 849 1347 καὶ
876 1293 1100 1364 κόσμος,
1128 1294 1201 1365 γῆ
1227 1312 1287 1363 τε
1306 1296 1401 1349 καὶ
1426 1295 1496 1349 τὰ
1517 1296 1609 1347 ὲπὶ
1630 1294 1734 1364 γῆς
1762 1293 1997 1359 ἅπαντα,

425 1382 524 1435 ὅσα
560 1399 621 1436 τε
652 1383 787 1454 ἔργα
815 1382 1027 1452 φύσεως
1053 1380 1191 1439 εἶναι
1213 1385 1542 1456 νενόμισται,
1569 1385 1805 1448 ἐντολαῖς
1833 1384 1999 1439 αὐτοῦ

429 1472 521 1525 καὶ
546 1472 872 1537 διατάξεσιν,
908 1474 1073 1545 ἱεροῖς
1096 1491 1154 1528 τε
1180 1474 1366 1545 νόμοις
1399 1475 1493 1527 καὶ
1519 1474 1696 1543 λόγοις
1737 1472 1995 1527 δουλεύει.

427 1564 517 1618 Διὸ
547 1563 639 1616 καὶ
666 1563 865 1633 μᾶλλον
890 1565 1086 1635 χρῆναι
1114 1564 1173 1618 τὸ
1201 1564 1535 1636 ἀνθρώπειον
1566 1565 1741 1634 γένος,
1784 1566 1846 1617 οὐ
1871 1582 1998 1636 σμι-

428 1654 556 1727 κρὸν
588 1654 752 1725 μέρος
780 1656 1046 1725 τυγχάνον
1074 1655 1167 1708 τοῦ
1199 1655 1417 1720 παντὸς,
1454 1654 1597 1708 κατά
1620 1655 1681 1709 τὸ
1708 1655 2001 1710 ἀκόλουθον

418 1748 532 1809 τοῖς
564 1745 726 1809 θείοις
746 1746 1101 1817 προσανέχειν
1123 1746 1477 1817 διατάγμασι,
1504 1747 1629 1818 μηδῗ
1647 1746 1999 1805 ἐλαττοῦσθαι

418 1836 527 1890 τῶν
547 1836 690 1891 κατά
721 1837 887 1908 μέρος
914 1837 1210 1908 στοιχείων.
1241 1839 1318 1910 Γῇ
1354 1839 1450 1909 μὲν
1477 1838 1587 1910 γὰρ
1630 1840 1687 1892 ὲν
1739 1840 1881 1911 ἀρχῇ
1912 1856 1998 1892 νο-

425 1928 721 1999 μοθετῆσαι
748 1929 839 1983 τὸν
866 1931 1116 2000 φήσαντα
1138 1945 1154 1960 ·
1186 1947 1205 1980 ι
1240 1930 1607 2001 Βλαστησάτω
1656 1932 1689 2001 ή
1734 1930 1807 2001 γῆ
1842 1931 2000 2001 βοτά-

2104 748 2369 817 sultaeque
2391 756 2601 801 naturae
2626 748 2767 799 hanc
2791 755 2898 800 tam
2922 745 3155 814 ingentis
3203 755 3420 812 tamque
3456 742 3680 812 perfecti

2103 838 2282 908 operis
2306 838 2539 906 speciem
2564 851 2685 891 esse
2714 835 3057 890 tribuendam
3084 852 3098 888 :
3125 834 3254 890 illud
3270 833 3512 904 quidem,
3539 841 3682 889 utex

2105 927 2307 982 summi
2336 943 2518 981 rerum
2582 927 2829 983 omnium
2891 926 3170 981 architecti
3224 924 3476 979 manibus
3546 936 3678 992 pro-

2101 1017 2288 1082 diisse,
2327 1015 2490 1085 315
2523 1016 2597 1070 ita
2638 1016 2812 1071 sacris
2838 1015 3082 1085 ejusdem
3112 1014 3359 1069 consiliis
3383 1028 3447 1067 ac
3467 1012 3680 1082 legibus

2103 1106 2417 1178 gubernari.
2452 1105 2594 1176 Ergo
2625 1107 2751 1162 inde
2771 1106 3085 1176 auspicatus
3105 1105 3390 1176 propheta,
3416 1119 3480 1159 ac
3497 1104 3681 1172 prius-

2102 1214 2265 1269 quam
2300 1197 2619 1254 hominibus
2651 1200 2821 1269 legem
2850 1198 3037 1263 ferret,
3082 1197 3310 1254 sancitis
3336 1199 3407 1253 de
3438 1195 3678 1252 universi

2100 1302 2295 1348 natura
2326 1292 2561 1363 legibus,
2591 1302 2800 1346 mentes
2830 1291 2947 1361 ipse
2972 1299 3187 1345 nostras
3209 1289 3276 1344 ad
3303 1289 3504 1344 summi
3536 1287 3678 1358 regis

2101 1384 2433 1439 voluntatem
2461 1383 2851 1449 adhaerescere,
2878 1396 2943 1437 ac
2965 1381 3184 1451 penitus
3204 1381 3261 1434 in
3274 1379 3519 1450 ejusdem
3540 1394 3681 1448 prae—

2101 1479 2271 1549 ceptis
2323 1481 2672 1546 acquiescere
2722 1477 2894 1532 voluit
2927 1496 2941 1532 :
2973 1490 3149 1546 eoque
3196 1474 3400 1542 verius,
3436 1488 3546 1544 quo
3595 1474 3678 1528 sol

2100 1567 2217 1637 ipse
2237 1583 2475 1638 quoque,
2507 1568 2727 1630 coelum,
2764 1567 3024 1637 mundus,
3062 1577 3229 1630 terra,
3265 1580 3495 1637 quaeque
3518 1572 3680 1619 terra:

2101 1659 2225 1714 sinu
2259 1659 2606 1715 continentur
2636 1660 2841 1726 omnia,
2872 1668 2925 1714 et
2972 1667 3245 1730 quotquot
3276 1667 3483 1713 naturae
3511 1670 3677 1725 opera

2100 1752 2309 1807 censeri
2334 1751 2528 1815 solent,
2559 1751 2804 1820 ejusdem
2834 1753 3106 1808 mandatis
3141 1750 3425 1820 sacrisque
3461 1749 3676 1820 legibus

2100 1851 2264 1912 atque
2291 1842 2524 1898 decretis
2547 1843 2944 1913 obtemperant.
2974 1842 3210 1912 IEquius
3236 1843 3381 1897 enim
3404 1855 3527 1896 esse
3544 1856 3676 1911 pro-

2100 1934 2264 1999 fecto,
2299 1935 2376 1989 uti
2409 1934 2709 1989 humanum
2732 1935 2956 2004 proinde
2977 1951 3169 2006 genus,
3191 1950 3319 2005 pars
3342 1934 3532 2003 utique
3554 1932 3676 1986 uni—

421 2039 519 2092 νην
548 2023 742 2095 χόρτου
760 2064 775 2089 ,
818 2025 1039 2096 σπεῖρον
1080 2024 1302 2094 σπέρμα
1327 2024 1468 2078 κατά
1490 2000 1685 2091 γένος,
1713 2000 1807 2079 καί
1835 2000 1988 2090 ξύλον

2096 2025 2242 2079 versi
2278 2040 2384 2080 non
2425 2026 2643 2095 exigua,
2673 2026 2873 2081 divinis
2899 2027 3060 2081 etiam
3094 2026 3285 2082 edictis
3313 2026 3669 2095 obsequatur,

420 2116 700 2186 κάρπιμον
748 2114 937 2171 ποιοῦν
989 2117 1200 2188 καρπόν
1221 2132 1236 2146 ·
1286 2135 1305 2169 ι
1336 2115 1434 2188 τὴν
1462 2116 1538 2181 δὲ,
1574 2117 1690 2187 ἅμα
1734 2118 1879 2188 λόγῳ
1927 2118 1988 2172 τὸ

419 2206 669 2270 εὐπειθὲς
696 2207 1145 2279 ἐπιδεικνυμένην
1166 2207 1243 2279 τῷ
1259 2208 1426 2280 νόμῳ,
1447 2207 1600 2262 οὔπω
1618 2211 1713 2263 καὶ
1731 2211 1810 2274 είς
1830 2211 1990 2283 δεῦρο

417 2297 515 2368 τῆς
545 2297 695 2363 θείας
727 2300 1111 2371 παραμελῆσαι
1147 2301 1458 2366 διατάξεως.
1487 2301 1641 2354 Οὕτω
1666 2302 1723 2355 δὲ
1767 2303 1858 2355 καὶ
1889 2303 1988 2374 τὴν

420 2388 595 2458 ὑγρὰν
620 2390 827 2456 οὐσίαν,
867 2396 1136 2463 φήσαντος
1162 2393 1254 2446 τοῦ
1281 2392 1445 2446 Θεοῦδ
1478 2411 1496 2445 t
1546 2391 1890 2461 Ἐξαγαγέτω
1921 2393 1991 2448 τὰ

420 2476 585 2532 ὕδατα
614 2480 818 2551 ἑρπετά
850 2480 1035 2552 ψυχῶν
1067 2482 1255 2546 ζωσῶν
1276 2523 1292 2549 ,
1324 2483 1419 2538 καὶ⁹
1450 2483 1671 2537 πετεινά
1719 2485 1990 2554 πετόμενα

418 2569 557 2623 κατὰ
582 2570 642 2622 τὸ
673 2571 958 2643 στερέωμα
979 2571 1072 2625 τοῦ
1108 2573 1362 2645 οὐρανοῦ,
1399 2594 1418 2627 ι
1453 2575 1568 2647 ἅμα
1593 2576 1734 2647 λόγῳ
1761 2576 1991 2649 τούργον

416 2660 732 2726 ἀποδοῦναι,
756 2662 986 2735 ὁρᾶσθαί
1047 2681 1107 2717 τε
1139 2665 1306 2718 εἰσέτι
1346 2664 1507 2738 δεῦρο
1533 2666 1612 2738 τῷ
1642 2667 1802 2738 λνόμῳ
1847 2686 1990 2741 παρ-

412 2749 641 2819 έχουσαν
661 2753 723 2807 τὸ
747 2754 1045 2825 πειθήνιον.
1075 2756 1138 2809 Εἰ
1159 2757 1216 2810 δὲ
1241 2757 1305 2829 δὴ
1330 2758 1425 2812 καὶ
1448 2759 1627 2829 ἥλιος,
1654 2761 1749 2814 καὶ
1768 2760 1987 2831 σελήνη,

414 2844 509 2896 καὶ
535 2844 785 2914 ἀστέρες,
812 2847 1085 2921 τοῦ.θείου
1096 2848 1259 2920 νόμου
1285 2850 1376 2903 καί⁵
1402 2850 1585 2915 αὐτοῖς
1609 2852 1988 2924 διωρισμένου,

413 2932 541 2996 τοὺς
580 2934 813 3000 οἰκείους
846 2936 1152 2991 ἀποδιδόναι
1186 2938 1439 3010 δρόμους,
1483 2936 1622 2995 εἷναί
1654 2958 1714 2995 τε
1767 2942 1862 2995 καὶ
1912 2945 1992 3006 είς

414 3026 638 3093 σημεῖα,
692 3024 787 3078 καὶ
834 3025 914 3088 είς
946 3027 1190 3098 καιροὺς,
1244 3028 1337 3081 καὶ
1369 3030 1449 3091 εἰς
1494 3030 1726 3101 ἡμέρας,
1771 3031 1867 3083 καὶ
1913 3033 1993 3093 εἰς

411 3114 712 3180 ἐνιαυτοὺς,
742 3117 802 3168 οὐ
843 3117 1219 3189 παραμελοῦσι
1267 3120 1368 3190 τῆς
1415 3120 1734 3190 νομοθεσίας
1757 3138 1771 3151 ·
1811 3121 1893 3186 τίς
1926 3122 1992 3177 ἂν

412 3205 492 3258 ἐτι
520 3222 601 3259 σοι
630 3206 867 3261 λείποιτο
888 3209 1214 3280 συγγνώμης
1237 3211 1513 3283 ἀποφυγὴ,
1547 3211 1654 3266 τῶν
1687 3212 1842 3266 θείων
1864 3231 1994 3267 κατ-

398 3294 758 3368 -ολιγωροῦντι
811 3299 1026 3368 νόμων;
1063 3299 1244 3353 Ταῦτα
1277 3301 1679 3371 προπαιδεύσας
1717 3304 1746 3355 ὁ
1777 3302 1991 3373 θαυμά-

414 3402 549 3451 σιος,
577 3388 725 3458 ἡμᾶς
746 3405 804 3441 τε
824 3383 959 3454 εἷλε,
980 3391 1075 3444 καὶ
1103 3390 1204 3460 τῆς
1229 3391 1432 3456 οἰκείας
1456 3391 1785 3461 θεογνωσίας
1814 3412 1875 3447 τε
1895 3395 1988 3448 καὶ

412 3479 693 3546 εὐσεϐείας
719 3482 943 3546 εἰκότως
976 3482 1223 3553 ζηλωτάς
1252 3485 1658 3556 κατεστήσατο,
1704 3486 1788 3539 ὅτι
1822 3487 1986 3557 μηδὲν

412 3569 619 3634 τούτοις
646 3571 828 3642 ὅμοιον
856 3572 1007 3643 παρά
1034 3575 1148 3635 τοῖς
1179 3573 1286 3626 τῶν
1316 3572 1766 3644 προδηλωθέντων
1818 3574 1986 3628 ἐθνῶν

414 3660 680 3730 θεολόγοις
727 3664 908 3735 εὐρεῑν
946 3663 1295 3736 δεδυνήμεθα.
1339 3664 1493 3719 Μετά
1525 3665 1582 3718 δὲ
1626 3666 1723 3736 τὴν
1763 3665 1986 3738 πρώτην

411 3737 687 3823 θεολογίαν
742 3755 980 3825 μέτεισιν
1033 3757 1127 3809 ἐπὶ
1177 3756 1237 3809 τὸ
1269 3755 1521 3828 δεύτερον
1562 3756 1737 3828 δόγμα
1760 3758 1985 3835 φυσικὸν

410 3844 546 3917 ὁμοῦ
579 3846 674 3900 καὶ
706 3846 1009 3916 φιλόσοφον.
1034 3847 1192 3901 Μετὰ
1222 3847 1352 3918 γοῦν
1380 3849 1480 3920 τὴν
1506 3850 1633 3922 περὶ
1673 3849 1809 3903 Θεοῦ
1842 3850 1988 3919 γνῶ-

412 3952 516 4001 σιν,
540 3938 638 4009 τήν
662 3954 723 3991 τε
775 3938 906 4009 περὶ
936 3938 1072 3993 ὅλων
1117 3940 1474 4012 διακόσμησιν
1496 3979 1512 4005 ,
1545 3939 1697 4006 τάξει
1742 3943 1985 4013 πρόεισιν

410 4029 505 4082 ἐπὶ
528 4029 590 4082 τὸ
617 4031 710 4084 καὶ
739 4033 805 4102 τῇ
844 4031 1002 4101 φύσει
1043 4032 1314 4105 δεύτερον.
1353 4032 1523 4087 Τοῦτο
1560 4034 1606 4087 δ’
1643 4030 1712 4105 ἦν
1757 4034 1817 4088 τὸ
1859 4036 1987 4107 περὶ

411 4120 627 4188 φύσεως
674 4121 982 4194 ἀνθρώπου,
1019 4123 1100 4177 ὃτι
1137 4123 1200 4195 δὴ
1240 4123 1380 4195 μετά
1414 4123 1549 4178 Θεοῦ
1588 4125 1786 4193 γνῶσιν
1819 4126 1985 4194 ἀναγ-

413 4216 566 4268 καῖον
595 4213 795 4282 γνῶναί
826 4231 947 4267 τινα
972 4215 1179 4269 ἑαυτόν.
1208 4216 1406 4288 Διόπερ
1452 4217 1580 4286 ἑξῆς
1625 4217 1899 4283 παιδεύει,
1931 4218 1985 4269 τί

410 4304 713 4375 ἄνθρωπος,
740 4305 832 4358 καὶ
863 4306 916 4359 τί
948 4307 1009 4360 τὸ
1042 4307 1280 4379 προάγον
1306 4307 1465 4359 αὐτὸν
1497 4310 1578 4370 εἰς
1624 4306 1830 4377 γνῶσιν
1886 4307 1981 4361 καὶ

411 4392 691 4446 εὐσέϐειαν
719 4394 875 4459 Θεοῦ,
898 4396 981 4460 τίς
1013 4414 1072 4449 τε
1097 4398 1129 4467 ἡ
1159 4396 1299 4450 κατά
1343 4396 1404 4449 τὸ
1438 4398 1857 4469 προηγούμενον·
1884 4399 1980 4451 άν-

411 4484 628 4556 θρώπου
662 4487 796 4559 ζωή.
841 4488 1153 4559 Διελόμενος
1197 4490 1332 4561 δῆτα
1369 4489 1459 4543 τὸν
1504 4491 1633 4561 περὶ
1673 4489 1849 4561 ψυχῆς
1889 4491 1983 4544 καὶ

412 4574 661 4647 σώματος
710 4579 885 4647 λόγον,
944 4583 1002 4634 ὲν
1052 4579 1196 4650 ψυχῇ
1237 4581 1336 4650 μὲν
1365 4578 1606 4651 ὁρίζεται
1657 4581 1749 4634 τὸν
1805 4581 1980 4651 ἀληθῆ

2089 2132 2189 2171 nec
2234 2131 2354 2172 sese
2399 2117 2504 2173 hoc
2530 2118 2584 2171 in
2619 2132 2813 2187 genere
2842 2133 2872 2171 a
2908 2118 3136 2185 singulis
3178 2117 3465 2171 elementis
3520 2112 3670 2172 vinci

2088 2207 2345 2276 patiatur.
2383 2204 2593 2278 Quippe
2636 2209 2807 2277 legem
2860 2208 3016 2262 initio
3067 2217 3226 2262 terras
3254 2207 3565 2276 impositam
3601 2208 3672 2263 ab

2090 2311 2158 2351 eo
2188 2295 2380 2361 fuisse,
2412 2298 2507 2365 qui
2538 2298 2781 2367 dixerit;
2819 2316 2838 2349 ι
2867 2296 3145 2353 Germinet
3164 2305 3308 2351 terra
3333 2296 3554 2351 herbam
3586 2297 3671 2351 vi-

2091 2395 2322 2451 rentem,
2351 2396 2406 2443 et
2435 2386 2721 2443 facientem
2752 2402 2937 2442 semen
2970 2387 3271 2441 secundum
3295 2400 3465 2455 genus
3481 2400 3665 2453 suum,

2090 2488 2145 2534 et
2175 2479 2379 2549 lignum
2406 2479 2731 2549 pomiferum
2756 2477 2961 2534 faciens
2992 2476 3231 2533 fructum
3265 2475 3347 2543 ‘7;
3380 2495 3400 2529 ι
3429 2491 3549 2531 eam
3577 2491 3670 2531 ve-

2092 2587 2174 2635 ro,
2204 2571 2368 2626 simul
2401 2581 2564 2640 atque
2586 2587 2693 2625 vox
2731 2572 2821 2625 illa
2846 2570 3091 2636 exiisset,
3128 2568 3398 2640 imposita:
3435 2569 3541 2641 legi
3570 2569 3670 2623 ob—

2092 2670 2363 2725 secutam,
2395 2677 2676 2731 nunquam
2712 2662 2969 2731 deinceps
3013 2676 3046 2716 a
3091 2661 3277 2716 divino
3303 2669 3574 2732 praecepto
3598 2658 3669 2715 ad

2092 2752 2208 2807 haec
2232 2766 2407 2822 usque
2436 2759 2678 2821 tempora
2705 2751 3052 2807 discessisse.
3086 2749 3379 2804 Humidum
3417 2748 3668 2804 similiter

2090 2843 2442 2908 elementum,
2466 2843 2607 2896 hanc
2639 2842 2707 2896 ad
2757 2840 2851 2896 Dei
2879 2855 3068 2895 vocem
3128 2859 3147 2891 ‹
3175 2839 3486 2894 Producant
3512 2854 3670 2909 aquae

2092 2934 2303 3004 reptilia
2338 2934 2536 2987 animae
2565 2932 2817 2997 viventis,
2849 2940 2903 2987 et
2943 2931 3184 2986 volatilia
3229 2932 3470 2986 volantia
3518 2933 3667 2987 circa

2092 3025 2497 3080 ﬁrmamentum
2534 3024 2738 3089 coeli“,
2784 3043 2803 3075 ›
2836 3039 2895 3078 re
2918 3024 3034 3092 ipsa
3086 3022 3346 3077 continuo
3394 3023 3665 3092 paruisse,

2093 3125 2256 3185 atque
2276 3117 2332 3170 in
2359 3115 2548 3170 eadem
2572 3115 2876 3170 obedientia
2897 3115 3182 3184 hucusque
3199 3113 3505 3184 persistere.
3523 3113 3667 3170 Prae—

2096 3215 2243 3261 terea
2276 3207 2322 3261 si
2356 3205 2461 3266 sol,
2492 3215 2655 3275 atque
2693 3204 2844 3269 luna,
2875 3212 3180 3275 caeteraque
3219 3204 3420 3271 sidera,
3447 3205 3497 3259 ei
3527 3222 3664 3274 quo-

2095 3312 2201 3366 que
2229 3296 2364 3366 legi,
2397 3313 2506 3367 qua
2538 3311 2671 3353 suos
2697 3296 2815 3365 ipsa
2848 3311 3045 3351 cursus
3074 3295 3362 3363 conficere,
3395 3296 3545 3366 signa.
3577 3311 3666 3351 re-

2093 3404 2218 3443 rum
2247 3389 2556 3444 futurarum
2599 3388 2876 3452 exhibere,
2903 3394 3173 3458 tempora,
3201 3387 3343 3455 dies,
3380 3404 3665 3458 annosque

2088 3476 2423 3548 distinguere
2444 3478 2728 3549 jubentur,
2756 3484 3071 3535 constanter
3096 3477 3474 3547 obtemperant
3500 3497 3514 3533 :
3541 3480 3667 3548 qui-

2087 3585 2211 3623 nam
2261 3569 2361 3623 tibi
2402 3585 2567 3640 porro
2613 3570 2828 3625 divinas
2885 3570 3032 3639 leges
3060 3568 3285 3624 violanti
3316 3578 3563 3639 receptus
3593 3570 3664 3625 ad

2087 3657 2299 3712 veniam
2350 3674 2637 3728 superesse
2682 3658 3065 3731 possitilleec
3118 3674 3219 3716 nos
3271 3659 3517 3731 profecto
3559 3662 3661 3715 viri

2088 3752 2379 3822 singularis
2426 3755 2479 3808 in
2527 3755 2772 3809 docendo
2800 3755 3107 3809 rudimenta
3153 3762 3435 3825 ceperunt,
3460 3771 3525 3809 ac
3551 3771 3664 3810 suae

2086 3859 2189 3899 nos
2211 3860 2335 3899 cum
2366 3843 2459 3899 Dei
2492 3846 2718 3912 notitiai,
2752 3854 2866 3900 tum
2907 3847 3071 3903 etiam
3103 3846 3318 3915 pietatis
3353 3858 3407 3901 et
3439 3847 3662 3917 religio-

2087 3932 2173 3987 nis
2219 3934 2565 3991 armnlatores
2590 3934 2887 3989 effecerunt
2912 3954 2924 3989 :
2948 3935 3113 4005 quod
3144 3935 3286 4005 apud
3312 3944 3660 4003 cancrorum,

2085 4026 2154 4080 de
2197 4025 2397 4097 quibus
2449 4037 2577 4083 ante
2620 4028 2883 4099 diximus,
2916 4028 3243 4098 populorum
3275 4027 3554 4100 theologos
3582 4029 3661 4084 sis

2083 4123 2213 4177 mile
2268 4122 2417 4178 nihil.
2457 4139 2687 4192 usquam
2738 4132 3070 4200 occurreret.
3101 4122 3248 4179 Idem
3290 4139 3473 4193 porro,
3495 4125 3660 4193 jactis

2085 4212 2352 4281 ejusmodi
2407 4212 2692 4282 theologia:
2722 4212 3110 4289 fundamentis,
3148 4213 3215 4268 ad
3249 4217 3477 4267 alterum
3511 4214 3665 4268 dein-

2086 4320 2214 4374 ceps
2263 4305 2527 4360 doctrinae
2572 4314 2756 4374 caput,
2789 4304 3029 4375 illudque
3078 4321 3202 4359 cum
3253 4315 3450 4359 natura
3497 4306 3661 4361 simul

2090 4396 2543 4465 philosOphiaque
2585 4396 2935 4465 conjunctum
2960 4397 3348 4467 progreditur.
3383 4395 3517 4451 Nam
3566 4397 3661 4452 Dei

2087 4487 2267 4541 semel.
2305 4488 2636 4556 cognitione,
2668 4497 2833 4557 atque
2864 4487 3106 4543 universi
3151 4487 3359 4544 fabrica
3386 4498 3440 4544 et
3470 4491 3659 4544 mode-

2084 4580 2298 4634 ratione
2324 4579 2640 4643 constituta,
2666 4580 2732 4634 ad
2758 4580 2809 4633 id
2833 4580 2978 4648 quod
3012 4588 3205 4634 natura
3227 4582 3527 4635 secundum
3553 4589 3657 4647 est,

409 4661 712 4733 ἄνθρωπον,
737 4668 930 4737 νοερᾶς
952 4667 1155 4732 οὐσίας,
1185 4668 1274 4721 καὶ
1296 4669 1608 4738 ἀσωμάτου,
1641 4671 1734 4723 καὶ
1762 4670 1984 4741 λογικῆς

2092 4673 2276 4728 ordine
2305 4687 2436 4727 sane
2463 4669 2749 4726 delabitur.
2787 4669 2863 4725 Ea
2908 4687 3040 4725 vero
3061 4682 3254 4726 natura
3288 4672 3526 4725 hominis
3554 4682 3656 4737 est,

414 4754 659 4825 μέτοχον,
694 4757 768 4820 ὡς
796 4756 861 4809 ἂν
886 4760 1001 4810 κατ’
1038 4760 1220 4812 εἰκόνα
1249 4759 1382 4813 Θεοῦ
1416 4759 1945 4831 δεδημιουργημένον
1966 4778 1980 4791 '

411 4849 569 4919 σῶμα
608 4850 665 4902 δὲ
711 4849 911 4919 γεῶδες
953 4846 1091 4904 εἶναι
1119 4849 1431 4921 περίϐλημα
1454 4851 1664 4920 ψυχῆς·
1693 4851 1875 4921 τρίτον
1927 4851 1985 4903 δὲ

407 4941 617 5005 τούτοις
655 4940 1013 5014 προστίθησι,
1044 4941 1211 5011 πνοὴν
1234 4942 1378 5012 ζωῆς
1410 4942 1674 5011 ἑνωτικὴν
1715 4957 1857 5004 τινα,
1894 4942 1988 4994 καὶ

407 5028 502 5081 τοῦ
529 5030 636 5083 ἀπὸ
656 5031 758 5101 γῆς
780 5022 1072 5101 ληφθέντος
1102 5030 1180 5101 τῷ
1210 5030 1329 5085 κατ’
1371 5031 1554 5084 εἰκόνα
1585 5029 1719 5083 Θεοῦ
1761 5047 1988 5101 πεποιη-

410 5119 577 5191 μένῳ,
603 5121 937 5194 συναπτικὴν
960 5121 1207 5192 δύναμιν.
1240 5121 1352 5175 Καὶ
1389 5121 1490 5190 τὴν
1536 5121 1758 5192 πρώτην
1789 5139 1853 5190 γε
1884 5123 1987 5180 τοῦ,

405 5213 730 5285 δηλουμένου
765 5214 958 5285 ἀνδρὸς
989 5213 1270 5284 διατριῦὴν
1313 5214 1372 5266 ὲν
1415 5212 1798 5284 τρισμακαρίῳ
1845 5212 1978 5269 Θεοῦ

409 5306 719 5379 παραδείσῳ
773 5306 1055 5382 ἀθανάτων
1086 5306 1181 5360 καὶ
1210 5305 1443 5359 αἰωνίων
1488 5303 1707 5373 ἀγαθῶν
1759 5296 1980 5382 ἔμπλεῳ

408 5398 685 5466 γεγονέναι
714 5400 938 5469 ἰστορεῖ.
966 5398 1134 5468 Νόμῳ
1157 5397 1215 5450 δὲ
1242 5397 1376 5450 Θεοῦ
1420 5398 1515 5450 καὶ
1552 5396 1738 5450 τοῦτον
1779 5398 1979 5468 ὁμοίως

406 5494 518 5557 τοῖς
544 5491 722 5553 ἄλλοις
750 5491 808 5543 ὲν
840 5490 1035 5559 ἀρχαῖς
1063 5489 1156 5542 τοῦ
1217 5489 1418 5552 παντὸς
1459 5489 1829 5559 ὑποϐληθέντα
1850 5529 1864 5553 ,
1912 5490 1978 5543 δι’

407 5582 758 5655 ἀπροσεξίαν,
812 5582 906 5635 καὶ
949 5581 1049 5651 τῆς
1079 5580 1227 5644 θείας
1273 5580 1493 5650 ἐντολῆς
1533 5560 1842 5652 παράέασιν
1882 5583 1981 5653 τῆς

406 5675 732 5747 τριποθήτου
757 5674 1082 5747 στερηθῆναι
1120 5672 1281 5743 ζωῆς.
1323 5672 1509 5729 Ταῦτά
1537 5692 1619 5727 τοι
1663 5677 1692 5727 ὁ
1740 5676 1980 5746 Μωῦσῆς

408 5766 468 5819 ιν
506 5766 809 5837 προοιμίοις
836 5764 944 5819 τῶν
977 5765 1136 5837 ίερῶν
1164 5765 1342 5835 νόμων
1374 5765 1669 5834 φιλοσοφεῖ,
1702 5767 1980 5837 μονονουχὶ

483 5858 526 5890 ⁸⁷
557 5858 692 5911 Gen.
722 5873 779 5920 ι,
810 5857 896 5911 ll.
972 5857 1019 5889 ⁸⁸
1051 5858 1181 5911 ibid.
1208 5857 1297 5912 28.

489 5959 513 5987 ⁸
531 5952 597 6006 Ζσ
649 5957 742 6020 μὴ.

2088 4766 2235 4836 quod
2258 4764 2554 4821 secundum
2588 4763 2733 4817 illam
2767 4763 2863 4819 Dei
2887 4764 3159 4827 notitiam,
3187 4779 3245 4820 se
3270 4764 3449 4834 ipsum
3474 4764 3660 4834 utique

2088 4872 2250 4914 nosse
2280 4856 2446 4911 homo
2479 4856 2691 4911 debeat.
2710 4854 2898 4927 Itaque
2924 4856 3083 4911 docet
3112 4856 3204 4911 ille
3232 4856 3657 4924 continuo,quid

2090 4948 2252 5003 homo
2277 4948 2368 5016 sit,
2399 4948 2599 5018 quibus
2646 4948 2762 5018 ipse
2815 4949 3108 5003 momentis
3152 4949 3222 5002 ad
3265 4947 3512 5001 notitiam
3544 4948 3659 5002 cul-

2088 5049 2314 5112 tumque
2376 5041 2624 5096 divinum
2674 5041 3010 5105 adducatur,
3052 5039 3508 5111 quemadmodum
3561 5055 3659 5108 pro

2087 5133 2260 5204 partis
2284 5135 2368 5190 sui
2397 5134 2684 5204 praecipuae
2708 5134 3020 5190 conditione
3049 5134 3214 5188 vitam
3243 5132 3529 5186 instituere
3560 5133 3657 5187 dc-

2087 5227 2230 5282 beat.
2262 5226 2473 5297 Quippe
2523 5227 2693 5281 animi
2744 5226 2889 5281 enim
2941 5225 3296 5295 corporisque
3341 5223 3659 5278 discrimine

2087 5318 2407 5384 constituto,
2440 5318 2625 5372 animo
2664 5326 2824 5373 tenus
2870 5332 3057 5372 verum
3085 5316 3250 5388 316
3279 5316 3431 5370 illum
3470 5317 3652 5371 homi-

2087 5422 2234 5471 nem,
2261 5406 2356 5476 qui
2390 5406 2710 5476 spiritalem,
2752 5405 3152 5474 incorpoream,
3176 5412 3231 5458 et
3266 5405 3479 5458 ratione
3516 5419 3656 5473 prm-

2087 5499 2256 5553 ditam
2301 5508 2552 5553 naturam
2598 5496 2826 5552 sortitus
2870 5502 2977 5559 est,
3003 5494 3367 5549 deﬁniendum
3402 5494 3654 5563 putavit;

2087 5590 2234 5659 quod
2288 5590 2334 5644 is
2381 5588 2722 5657 potissimum
2770 5586 2969 5642 divina:
2994 5585 3061 5640 ad
3095 5585 3348 5655 imaginis
3376 5586 3655 5657 exemplar

2086 5695 2379 5750 expressus
2431 5690 2487 5736 et
2538 5680 2910 5735 conformatus
2957 5684 3125 5733 esset.
3182 5678 3397 5747 Corpus
3448 5687 3653 5742 autem,

2088 5771 2234 5827 aliud
2269 5770 2425 5835 nihil,
2459 5787 2624 5842 quam
2675 5771 2843 5825 animi
2892 5778 3147 5824 terrestre
3195 5768 3471 5842 quoddam
3496 5767 3658 5827 indu-
