4166 6472
483 504 594 561 33"

1148 500 1428 557 EUSEBll
1453 499 1935 557 cmsamsusxs
1966 499 2117 557 opp.
2161 501 2342 558 rans
2380 501 2443 556 ιι.
2482 482 2553 541 —‘—
2592 493 3120 553 APOLOGETICA.’

485 636 737 683 mentum
770 640 836 679 ac
872 622 1206 679 domicilium
1253 638 1376 678 esse
1425 623 1634 677 statuit.
1670 622 1807 678 Tum
1842 625 2059 694 utrique

2180 623 2562 696 προκηρύττων
2597 623 2671 693 μὴ
2707 620 3046 691 παραμελεῖν
3068 618 3168 689 τῆς
3198 616 3406 683 οἰκείας
3442 617 3620 684 ἀξίας,
3655 619 3750 673 καὶ

484 720 710 772 terti-im
762 714 915 784 quid,
944 714 1185 778 vitalem,
1210 716 1453 783 inquam,
1481 714 1732 783 spiritum
1783 716 2058 783 adjunxit,

490 810 599 865 hoc
624 818 709 863 est
740 809 850 862 vim
882 807 1213 879 singularem
1264 822 1328 860 ac
1380 807 1680 875 pr0priam,
1707 823 1829 877 quae
1854 818 2061 876 partem

491 920 556 956 ev
582 911 726 957 terra
757 908 1092 965 concretam,
1122 915 1247 955 cum
1276 900 1453 954 altera
1474 899 1714 954 divinam
1759 901 1825 954 ad
1870 900 2066 955 simili-

488 994 732 1049 tudinem
766 1002 1051 1064 procreata
1082 993 1266 1048 nativo
1291 993 1529 1063 quodam
1552 993 1775 1048 vinculo
1806 994 2063 1052 sociaret.

486 1081 761 1138 Caeterum
788 1084 1018 1153 primam
1050 1082 1225 1138 eidem
1260 1083 1469 1137 homini
1500 1083 1682 1139 sedem
1712 1084 1768 1138 iu
1795 1085 1953 1139 horto
1972 1083 2067 1138 Dei

489 1172 835 1236 felicissimo,
871 1185 925 1229 et
951 1176 1353 1230 immortalibus
1385 1191 1449 1230 ac
1487 1176 1836 1245 sempiternis
1870 1176 2067 1245 opibus

491 1266 805 1321 abundante
829 1268 1060 1335 positam
1086 1276 1131 1321 el
1158 1268 1478 1322 collocatam
1496 1282 1618 1322 esse
1647 1275 2065 1331 commemorat;

492 1355 673 1426 ipsum
709 1372 858 1423 vero,
895 1373 1017 1411 cum
1048 1358 1237 1413 eadem
1269 1358 1387 1427 ipso
1415 1357 1598 1412 statim
1630 1358 1808 1423 initio,
1840 1372 1947 1426 qua
1979 1372 2068 1411 re-

493 1447 642 1517 Uqua
670 1462 898 1516 prorsus
931 1448 1312 1509 omniauliviui
1344 1446 1596 1503 Numinis
1623 1448 1739 1518 lege
1772 1456 2067 1512 teneretur,

493 1553 596 1594 sua
634 1539 810 1608 ipsius
836 1541 1076 1604 vesania,
1101 1540 1413 1610 violatoque
1458 1540 1592 1594 tanti
1642 1540 1786 1610 regis
1818 1540 2068 1610 imperio,

494 1640 607 1685 tam
635 1630 948 1699 expetendae
973 1631 1096 1686 vitae
1133 1630 1312 1685 fructu
1344 1617 1630 1685 infeliciter
1655 1632 1942 1687 excidisse.
1977 1631 2070 1685 At—

494 1737 602 1793 que
632 1723 721 1777 illa
755 1731 883 1778 sunt
917 1738 1038 1792 qua:
1071 1724 1437 1792 persapienter
1462 1739 1492 1778 a
1522 1723 1703 1794 Moyse
1744 1723 1798 1777 in
1838 1724 1954 1792 ipsa
2001 1722 2071 1777 le-

495 1828 624 1884 gum
675 1814 1145 1869 sanctissimarum
1198 1811 1375 1889 fronte
1406 1824 1707 1883 ponuntur,
1739 1814 1942 1883 quibus
1970 1827 2069 1866 no-

496 1905 584 1962 bis
632 1920 803 1975 prope
847 1904 1151 1968 denuntiat,
1182 1905 1258 1957 uti
1291 1921 1359 1959 ne
1398 1906 1671 1974 propriam
1720 1906 2070 1974 nativamque

2163 713 2232 789 ἧς
2270 716 2535 786 ἐτύχομεν
2557 713 2695 783 πρὸς
2723 712 2785 765 τὸ
2821 711 2976 764 Θεῖον
3001 709 3412 781 ἀφομοιώσεως,
3445 710 3509 789 ἐξ
3536 704 3605 782 ἦς
3621 714 3750 783 ἡμῖν

2166 808 2262 862 καὶ
2281 807 2343 860 τὸ
2364 806 2630 860 ἀθάνατον
2654 804 2755 873 τῆς
2775 803 2952 873 ψυχῆς
2971 801 3517 875 προσκεκληρῶσθαι.
3542 803 3633 875 Μὴ
3644 804 3751 878 γὰρ

2166 900 2229 970 δὴ
2258 899 2479 969 θεμιτὸν
2506 894 2645 951 εἶναι
2671 895 2933 966 βασιλέως
2954 894 3312 963 ἀφανίζεσθαι
3357 894 3541 965 εἰκόνα
3558 912 3573 926 ·
3613 892 3752 952 εἶναι

2166 993 2223 1046 δὲ
2253 993 2559 1063 ἀρχέτυπον
2607 991 2703 1046 καί⁸
2731 988 2907 1059 ἀληθῆ
2939 988 3033 1041 τοῦ
3062 987 3197 1041 Θεοῦ
3230 989 3338 1043 τῶν
3364 988 3502 1043 ὅλων
3547 988 3752 1054 εἰκόνα,

2166 1085 2258 1139 τὸν
2281 1083 2448 1139 αὑτοῦ
2474 1082 2667 1151 Λόγον,
2689 1081 3016 1149 αὑτοσοφίαν
3061 1081 3397 1151 τυγχάνοντα
3420 1120 3434 1146 ,
3460 1079 3553 1134 καὶ
3597 1080 3753 1134 αὺτο-

2171 1173 2338 1245 ζωὴν,
2385 1173 2479 1227 καὶ
2520 1171 2634 1241 φῶς
2655 1212 2671 1235 ,
2698 1172 2793 1225 καὶ
2822 1171 3079 1242 ἀλήθειαν
3102 1214 3116 1237 ,
3148 1174 3242 1226 καὶ
3292 1172 3348 1225 εἴ
3375 1189 3428 1225 τι
3472 1172 3634 1226 καλὸν
3663 1172 3750 1227 καὶ

2171 1266 2371 1334 ἀγαθόν
2411 1283 2495 1330 τις
2536 1266 2875 1337 ἐπινοήσειεν
2896 1281 2911 1296 ο
2943 1266 3128 1319 εἰκόνα
3159 1265 3216 1319 δὲ
3245 1265 3489 1331 εἰκόνος,
3534 1265 3625 1319 τὸν
3661 1265 3753 1319 ἀν-

2171 1356 2440 1429 θρώπειον
2473 1356 2617 1423 νοῦν,
2652 1358 2782 1427 παρ’
2809 1357 2839 1409 ὃ
2865 1357 2959 1411 καὶ
2989 1358 3110 1410 κατ’
3154 1358 3337 1411 εἰκόνα
3374 1357 3508 1412 Θεοῦ
3533 1355 3754 1426 γεγονέ-

2170 1468 2257 1503 ναι
2286 1449 2720 1520 ἀνωμολόγηται.
2770 1449 3064 1515 Ἀναγκαῖα
3112 1448 3168 1502 δέ
3213 1448 3385 1503 ταῦτα
3429 1444 3569 1502 εἷναι
3619 1447 3757 1519 ᾤετο

2172 1542 2629 1614 προπαιδεύεσθαι
2689 1543 2816 1605 τοὺς
2853 1542 3143 1612 μέλλοντας
3189 1542 3356 1611 ἱεροῖς
3402 1540 3756 1612 προσανέχειν

2171 1636 2377 1707 νόμοις,
2405 1633 2765 1706 μνημονεύειν
2793 1651 2874 1697 τε,
2902 1634 2955 1686 τί
2979 1634 3039 1686 τὸ
3069 1633 3178 1686 ἀπὸ
3193 1635 3297 1704 γῆς
3321 1632 3525 1703 ληφθὲν
3552 1634 3757 1700 αὐτοῖς,

2172 1728 2267 1782 καὶ
2296 1729 2378 1791 εἰς
2404 1727 2507 1797 γῆν
2532 1722 2687 1790 αὖθις
2710 1724 3207 1796 ἀναλυθησόμενον,
3237 1726 3333 1778 καὶ
3358 1725 3412 1779 τί
3444 1724 3507 1778 τὺ
3539 1727 3598 1778 ἐν
3627 1726 3758 1796 ἡμῖν

2173 1823 2421 1891 κρεῖττον
2463 1819 2558 1872 καὶ
2597 1817 2715 1888 Θεῷ
2765 1819 3022 1889 ἐμφερὲς,
3050 1819 3200 1881 ὅπως
3229 1835 3290 1871 τε
3328 1818 3466 1889 χρῆν
3512 1817 3760 1888 ἐκατέρῳ

2173 1912 2281 1966 τῶν
2307 1912 2612 1985 εἰρημένων
2650 1910 3074 1982 προσφέρεσθαι,
3131 1911 3265 1981 μηδέ
3316 1908 3622 1980 ἐνυόρίξειν
3666 1908 3760 1967 καὶ

496 1972 836 2069 dignitatem,
865 1997 1302 2067 impressamque
1332 1972 1689 2052 nobis—divini
1714 1996 1968 2051 Numinis
1983 1972 2075 2051 si-

2180 1972 2393 2057 ἀσεϐεῖν
2417 1972 2502 2067 ἐἰς
2526 2002 2618 2056 τὸν
2641 1972 2761 2056 κατ’
2789 1972 2974 2055 εἰκόνα
3005 1972 3099 2055 τοῦ
3127 1972 3261 2055 Θεοῦ
3289 1972 3596 2074 ἄνθρωπον,
3627 1997 3762 2072 μηδᾶ

495 2087 859 2142 militudinem
909 2088 1140 2156 turpiter
1180 2088 1541 2157 negligantus,
1573 2105 1697 2145 cum
1733 2089 1824 2143 illa
1855 2104 2077 2159 quoque

498 2178 666 2234 animi
693 2177 853 2232 nobis
881 2177 1343 2232 immortalitatem
1382 2180 1708 2234 conciliarit.
1735 2179 1902 2235 Nefas
1929 2182 2077 2236 enim

498 2286 622 2325 esse
652 2268 917 2339 profecto,
952 2268 1098 2338 regis
1146 2268 1441 2339 imaginem
1493 2271 1699 2325 aboleri
1730 2290 1745 2326 :
1784 2287 1847 2326 ac
1874 2272 2079 2341 princi-

497 2379 621 2433 pem
649 2362 870 2433 quidem
896 2376 1194 2430 veramque
1237 2361 1334 2416 Dei
1383 2364 1737 2433 praepotentis
1784 2364 2075 2430 imaginem

504 2452 741 2510 Verbum
766 2453 887 2523 ejus
919 2469 1062 2520 esse,
1097 2454 1243 2525 quod
1273 2455 1388 2524 ipsa
1417 2471 1511 2523 per
1545 2471 1666 2510 sese
1695 2456 2080 2525 sapientia,vi-

501 2554 576 2613 ta,
611 2546 727 2611 lux,
760 2554 815 2600 et
846 2546 1048 2601 veritas
1093 2554 1197 2610 est,
1239 2554 1292 2600 et
1323 2547 1586 2615 quidquid
1614 2548 1839 2603 omnino
1864 2549 2078 2617 pulchri

500 2637 740 2708 bonique
766 2637 993 2707 cogitari
1032 2638 1205 2709 possit
1242 2656 1255 2693 :
1291 2647 1349 2692 at
1386 2639 1643 2709 imaginis
1678 2640 1843 2709 hujus
1890 2639 2080 2711 imagi-

499 2746 626 2785 nem
682 2731 937 2786 humana:
984 2732 1153 2786 menti
1186 2732 1501 2798 convenire,
1533 2748 1655 2803 qua:
1684 2742 1968 2802 propterea
1998 2734 2082 2788 di-

499 2822 685 2877 vinam
728 2822 795 2877 ad
828 2823 1241 2878 similitudinem
1276 2838 1536 2893 expressa
1587 2825 1832 2879 omnium
1866 2824 2084 2882 confes-

500 2914 657 2970 sione
707 2915 1056 2984 praedicatur.
1084 2915 1295 2981 Quibus
1347 2916 1439 2970 ille
1485 2916 1806 2971 notionibus
1830 2932 1925 2971 eos
1956 2928 2083 2973 ante

500 3007 690 3061 omnia
722 3005 1100 3063 inlormandos
1126 3008 1355 3077 putavit,
1384 3023 1525 3078 quos
1558 3010 1730 3064 sacris
1761 3010 1972 3078 legibus
1995 3011 2082 3063 iu—

502 3099 733 3157 stitucre
785 3100 1042 3170 cupiebat
1079 3119 1093 3153 :
1130 3100 1228 3162 uti,
1265 3100 1394 3154 dum
1430 3100 1561 3170 quid
1610 3100 1663 3154 iu
1710 3116 1832 3155 sese
1859 3117 2085 3155 concre-

503 3200 620 3251 tum
652 3206 717 3245 ex
744 3201 910 3255 terra,
944 3190 1110 3261 inque
1141 3199 1340 3245 terram
1365 3190 1544 3245 denuo
1569 3191 1975 3246 dissolvendum
1998 3207 2084 3247 esv

2176 2112 2241 2164 γε
2284 2094 2445 2148 αὐτὸν
2488 2093 2773 2164 ῥυπαίνειν
2825 2095 3078 2165 αἰσχραῖς
3110 2093 3207 2147 καὶ
3244 2093 3582 2164 παρανόμοις
3621 2089 3761 2162 πρά·

2179 2186 2316 2254 ξεσι,
2342 2186 2527 2257 φέρειν
2558 2185 2614 2238 δέ
2646 2184 2934 2248 διαπαντὸς
2953 2186 3053 2255 τῆς
3081 2184 3302 2256 πρώτης
3335 2184 3431 2237 καὶ
3459 2199 3761 2254 τρισμακαρ-

2183 2277 2303 2349 ρίας
2333 2277 2548 2348 ἐκείνης
2573 2277 2855 2349 διατριϐῆς
2882 2294 2942 2330 τε
2991 2278 3084 2330 καὶ
3119 2275 3268 2347 ζωῆς
3301 2276 3391 2330 τὸν
3427 2276 3622 2340 πόθον,
3668 2275 3765 2329 καὶ

2181 2368 2431 2422 σπεύδειν
2454 2368 2861 2439 παλινδρομεῖν,
2890 2368 3055 2439 εύχὴν
3082 2367 3438 2438 ποιουμένους
3480 2366 3583 2437 τῆς
3609 2364 3761 2438 πρώ-

2178 2477 2279 2531 της
2308 2462 2405 2514 καὶ
2459 2460 2860 2532 τρισμακαρίου
2914 2461 3059 2531 ζωῆς
3081 2477 3143 2513 τε
3191 2459 3287 2513 καὶ
3331 2459 3485 2524 ἀξίας
3540 2461 3761 2529 τυχεῖνο

2180 2551 2316 2606 ἀλλά
2331 2550 2427 2604 καὶ
2447 2550 2965 2622 παρασκευάζεσθαι
2984 2550 3195 2604 ἐνθένδε
3217 2551 3318 2622 ήδη
3345 2550 3437 2603 ἐπὶ
3456 2550 3554 2620 τὴν
3584 2550 3764 2602 ἐκεῖσε

2181 2643 2508 2713 ἀποδημίαν,
2539 2644 2620 2696 ὅτι
2651 2643 2785 2714 μηδέ
2813 2642 2988 2705 ἄλλως
3014 2641 3239 2695 δυνατὸν
3270 2640 3539 2712 βεϐήλοις,
3564 2640 3659 2693 καὶ
3688 2638 3765 2712 μὴ

2182 2733 2649 2804 κεκαθαρμένοις,
2705 2732 2814 2786 τῶν
2858 2732 3019 2805 ιερῶν
3065 2732 3289 2786 ἐκείνων
3326 2730 3655 2795 ἐπιϐαίνειν,
3689 2724 3766 2786 ὧν

2182 2827 2279 2880 καὶ
2312 2828 2341 2879 ὁ
2368 2826 2584 2897 πρῶτος
2628 2826 2695 2879 δι’
2728 2825 3089 2896 ἀπροσεξίαν,
3156 2824 3304 2888 θείας
3345 2826 3768 2895 καταφρονήσας

2183 2914 2422 2984 ἐντολῆς,
2455 2915 2872 2969 άποπέπτωκεν.
2940 2916 3063 2969 Ἐπὶ
3110 2914 3320 2978 τούτοις
3372 2917 3401 2970 ὁ
3444 2917 3769 2988 ἱεροφάντης

2183 3003 2541 3076 προστίθησιν
2570 3005 2697 3059 ἄλλο
2725 3004 3188 3062 συνεκτικώτατον
3218 3007 3395 3078 δόγμα
3415 3047 3431 3071 ,
3477 3006 3551 3079 μὴ
3593 3008 3769 3078 ἀμφι-

2184 3097 2363 3163 γνοεῖν
2381 3094 2666 3160 διδάσκων,
2697 3096 2779 3148 ὅτι
2809 3095 2874 3167 δὴ
2908 3096 3140 3167 πάρεστί
3174 3114 3257 3160 τις
3294 3098 3509 3169 ἑκάστῳ
3534 3096 3771 3169 πονηρὸς

2185 3186 2392 3257 δαίμων
2428 3186 2683 3258 ἔφεδρος,
2733 3188 3002 3257 βάσκανος
3049 3190 3141 3244 καὶ
3201 3189 3510 3261 μισόκαλος,
3548 3190 3773 3260 καὶτῆς

505 3290 610 3346 set,
640 3281 771 3351 quid
802 3282 928 3336 item
957 3282 1312 3337 excellentius
1346 3282 1567 3353 Deoque
1599 3284 1776 3339 simile
1802 3286 2077 3341 meminis-

2190 3277 2493 3350 ἀνθρώπων
2517 3279 2757 3351 ἀρχῆθεν
2786 3280 3070 3345 ἐπίϐουλος
3095 3282 3388 3353 σωτηρίας.
3414 3282 3693 3352 Δράκοντα
3712 3280 3774 3334 at

503 3382 646 3438 sont,
679 3373 988 3444 cogitarent
1017 3374 1119 3443 ipsi
1150 3388 1387 3444 quoque,
1423 3376 1887 3444 quemadmodum
1933 3387 2085 3433 utra—

505 3480 615 3535 que
652 3474 806 3534 parte
842 3465 923 3518 uti
969 3473 1264 3535 oporteret,
1296 3465 1541 3536 adeoque
1587 3477 1908 3536 statuerent,
1933 3471 2085 3526 nullo

506 3556 611 3613 sibi
640 3557 727 3610 vel
760 3556 974 3625 injuriae
1013 3557 1097 3611 vel
1128 3556 1420 3625 impietatis
1447 3574 1663 3629 genere,
1692 3561 1956 3617 adversus
1987 3564 2085 3617 ho-

507 3646 714 3701 minem
776 3646 953 3712 illum,
986 3649 1079 3717 qui
1142 3648 1383 3703 divinam
1440 3649 1720 3719 praeferret
1767 3650 2083 3720 imaginem,

507 3756 632 3798 esse
655 3742 1011 3811 peccandum,
1029 3744 1179 3798 nulla
1208 3758 1332 3799 eum
1366 3745 1751 3812 obscenorum,
1787 3745 1934 3800 nulla
1964 3760 2085 3801 sce-

510 3832 811 3888 leratorum
858 3832 1165 3891 facinorum
1215 3838 1537 3908 contagione
1584 3836 1900 3893 ftedandum
1936 3856 1947 3892 :
1986 3837 2083 3893 sed

511 3925 697 3994 potius
726 3926 1026 3983 artlendum
1061 3929 1165 3984 sibi
1189 3944 1312 3986 esse
1337 3940 1602 4000 perpetuo
1634 3939 1715 3985 ter
1747 3931 1894 3986 illius
1917 3932 2088 3987 beatae

514 4015 663 4071 sedis
710 4018 947 4087 vitaeque
990 4020 1286 4087 desiderio,
1320 4031 1597 4093 tantaeque
1622 4023 1902 4093 dignitatis
1927 4040 2087 4081 recu-

509 4110 765 4179 perandae
817 4111 1020 4178 studio,
1068 4122 1304 4184 v0toque
1355 4115 1670 4181 stimulatis,
1724 4117 1789 4171 ad
1838 4116 2087 4171 eamdem

510 4193 659 4257 omni
691 4218 884 4259 rursus
914 4205 1262 4260 contentione
1289 4208 1692 4277 properandum
1727 4225 1741 4260 :
1773 4207 1887 4261 imo
1921 4222 2089 4277 agen-

512 4296 644 4351 dum
680 4297 785 4351 sibi
833 4313 956 4353 esse
1000 4297 1270 4370 profecto,
1309 4300 1388 4355 uti
1419 4300 1609 4370 sejam
1659 4300 1730 4355 ab
1772 4300 1937 4370 hujus
1968 4300 2093 4353 vitae

512 4388 846 4453 carceribus,
873 4390 941 4445 ad
973 4391 1200 4448 alterius
1231 4400 1433 4447 metam
1466 4392 1833 4463 attingendam
1868 4406 2093 4461 compa-

2188 3374 2380 3427 τοῦτον
2411 3374 2507 3429 καὶ
2538 3374 2661 3444 ὅφιν
2687 3374 2967 3445 ὀνομάζει,
2999 3376 3203 3445 μέλανά
3222 3393 3283 3428 τε
3317 3377 3412 3429 καὶ
3442 3375 3666 3439 σκότους
3689 3378 3774 3429 οἰ-

2190 3471 2355 3532 κεῖον,
2391 3467 2471 3520 ἰοῦ
2500 3485 2560 3520 τε
2590 3468 2683 3521 καὶ
2711 3467 2909 3530 κακίας
2943 3468 3159 3538 πλήρη⁸
3184 3468 3244 3521 ὃν
3273 3468 3367 3521 καί
3415 3484 3549 3537 φησι
3591 3466 3774 3538 φθόνῳ

2188 3561 2288 3631 τῆς
2337 3558 2612 3630 ἡμετέρας
2641 3558 2826 3612 ἐνθέου
2881 3558 3026 3628 ζωῆς
3064 3558 3439 3622 ὑποσκελίζειν
3471 3557 3639 3610 εἰσέτι
3676 3556 3772 3609 καὶ

2188 3651 2319 3716 νῦν,
2371 3652 2467 3705 καὶ
2494 3651 2789 3723 ὑποσύρειν
2830 3651 3060 3704 ἕκαστον
3091 3651 3199 3703 τῶν
3239 3651 3318 3722 τῷ
3382 3650 3502 3721 Θεῷ
3536 3666 3775 3721 προσαν-

2186 3745 2422 3816 εχόντων
2454 3742 2749 3812 πειρᾶσθαι
2766 3760 2780 3771 ο
2803 3742 2994 3796 τούτου
3015 3743 3058 3796 δ’
3077 3744 3260 3815 ἀπάτῃ
3286 3744 3381 3798 καὶ
3412 3744 3537 3807 τοὺς
3559 3743 3777 3815 προπά-

2189 3853 2354 3905 τορας
2381 3837 2413 3905 ἡ
2423 3833 2539 3906 μῶν
2569 3835 2662 3888 τοῦ
2693 3835 2886 3904 γένους
2926 3835 3025 3906 τῆς
3051 3835 3328 3908 θειοτέρας
3359 3835 3565 3907 λήξεως
3611 3837 3777 3888 ἐκπε-

2194 3931 2327 3982 σεῖν.
2357 3928 2450 3981 Διὸ
2474 3928 2569 3981 καὶ
2596 3929 2791 3999 χρῆναι
2815 3928 3103 3992 διαπαντὸς
3135 3928 3495 3999 ἐγρηγορέναι
3523 3926 3658 3999 πρὸς
3677 3925 3778 3989 τὰς

2191 4019 2285 4073 τοῦ
2314 4018 2648 4090 δηλωθέντος
2669 4022 3029 4092 κακοτέχνους
3065 4022 3441 4093 ῥᾳδιουργίας.
3468 4020 3575 4074 Καὶ
3600 4018 3653 4072 τί
3674 4016 3781 4089 χρὴ

2195 4113 2369 4169 ταῦτα
2396 4114 2834 4186 προσλαμϐάνειν
2867 4115 3005 4185 (75),
3031 4114 3148 4167 δέον
3175 4113 3277 4184 ἤδη
3308 4110 3438 4166 ποτέ
3463 4112 3557 4165 καὶ
3597 4110 3656 4177 ἐξ
3683 4109 3780 4163 αὑ-

2197 4206 2306 4261 τῶν
2330 4205 2440 4259 τῶν
2479 4206 2772 4278 ἐγγράφων
2800 4206 3006 4260 ἕκαστα
3027 4205 3254 4259 διελθεῖν
3277 4204 3383 4258 τῶν
3419 4200 3779 4273 διηγορευμέ-

2197 4318 2341 4367 νων;
2374 4299 2691 4372 Ἀρξώμεθα
2711 4300 2776 4371 δὴ
2804 4298 3020 4371 πρῶτον
3035 4297 3143 4351 ἀπὸ
3174 4294 3333 4360 Θεοῦ,
3379 4294 3572 4364 βοηθὸν
3613 4289 3791 4345 αὺτὸν-

2198 4395 2257 4447 ἐν
2276 4392 2515 4465 πρώτοις
2554 4392 2644 4446 διὰ
2677 4391 2771 4445 τοῦ
2805 4391 3056 4462 Σωτῆρος
3101 4387 3258 4460 ἡμῶν
3302 4385 3773 4457 ἐπικαλεσάμενοι.

514 4489 700 4535 rarent
723 4500 736 4535 :
761 4496 887 4537 cum
904 4483 1146 4552 profanis
1161 4492 1215 4538 et
1241 4484 1471 4554 impuris
1491 4486 1557 4540 ad
1573 4499 1637 4540 ea
1674 4484 1918 4541 sacraria
1955 4484 2141 4540 nullus
2176 4484 2380 4555 alioqui
2428 4493 2607 4554 pateat
2640 4484 2844 4545 aditus,
2868 4483 3012 4538 unde
3036 4481 3250 4552 generis
3281 4479 3506 4535 humani
3528 4478 3793 4549 princeps

516 4576 590 4631 ob
617 4577 923 4647 neglectum
951 4580 1112 4649 317
1134 4581 1339 4634 summi
1378 4578 1629 4637 Numinis
1657 4582 1974 4636 mandatum
2001 4579 2314 4635 excidisset.
2340 4579 2547 4634 Deinde
2571 4594 2702 4633 vero
2723 4577 2942 4633 divinus
2966 4591 3147 4632 rerum
3181 4591 3461 4632 sacrarum
3490 4575 3779 4643 interpres,

519 4673 752 4727 alterum
780 4676 981 4728 summi
1012 4689 1231 4745 quoque
1257 4675 1514 4746 ponderis
1537 4692 1602 4733 ac
1621 4675 1884 4731 momenti
1907 4676 2107 4748 dogma
2136 4675 2436 4745 subjungit,
2453 4674 2582 4729 dum
2604 4675 2657 4729 id
2688 4673 2831 4744 apud
2857 4688 3049 4728 omnes
3071 4680 3278 4727 certum
3301 4685 3424 4726 esse
3452 4670 3588 4736 vult,
3618 4681 3781 4724 suum

515 4764 726 4821 homini
767 4765 991 4822 cuilibet
1039 4767 1257 4824 allixum
1296 4769 1501 4824 haerere
1555 4784 1784 4839 pravum
1837 4772 2163 4834 daemonem,
2209 4769 2453 4823 invidum
2492 4769 2645 4822 illum
2697 4775 2863 4837 atque
2910 4766 3216 4821 honestatis
3255 4764 3435 4819 omnis
3476 4763 3783 4824 inimicum,

516 4867 799 4928 postremo
819 4860 1117 4930 ejusmodi,
1138 4862 1231 4932 qui
1262 4861 1376 4932 jam
1409 4878 1584 4933 usque
1616 4863 1684 4918 ab
1714 4862 1869 4917 initio
1895 4863 2179 4918 hominum
2209 4862 2369 4916 saluti
2400 4861 2629 4916 insidias
2651 4860 2930 4915 struxerit.
2958 4857 3259 4913 Draconem
3295 4857 3445 4911 illum
3469 4871 3533 4910 ac
3557 4867 3783 4922 serpen-

517 4964 628 5009 tem
677 4956 946 5025 nominat,
968 4957 1331 5027 eumdcmque
1385 4968 1563 5012 atrum
1623 4966 2009 5026 amantemque
2055 4955 2430 5018 tenebrarum,
2460 4969 2672 5009 veneno
2700 4951 2864 5008 simul
2902 4963 2955 5006 et
2988 4951 3333 5020 improbitate
3363 4958 3658 5004 scatentem
3689 4947 3791 5001 de-

520 5047 711 5102 scribit
747 5065 759 5101 :
788 5049 996 5104 addens
1030 5048 1278 5118 insuper,
1308 5050 1456 5120 quod
1483 5049 1724 5104 divinam
1762 5048 1911 5103 illam
1954 5048 2117 5102 nobis
2153 5047 2321 5099 vitam
2380 5045 2639 5109 invideat,
2693 5045 2800 5099 hoc
2846 5044 2996 5098 illum
3027 5044 3324 5097 etiamnum
3372 5055 3531 5110 agere
3577 5038 3789 5092 moliri-

518 5156 628 5210 que
687 5149 1025 5207 constanter,
1073 5149 1132 5195 ut
1171 5156 1267 5197 eos
1312 5157 1524 5209 omnes,
1575 5142 1669 5212 qui
1724 5141 1923 5196 divina:
1974 5155 2096 5196 sese
2154 5140 2459 5209 adjungunt
2507 5136 2797 5200 voluntati,
2851 5136 3160 5204 supplantet
3215 5144 3377 5202 atque
3428 5132 3664 5201 dejiciat.
3720 5129 3788 5184 Et

523 5235 781 5306 quoniam
829 5235 999 5304 ipsius
1028 5234 1168 5291 dolis
1193 5250 1257 5291 ac
1284 5234 1587 5300 fraudibus,
1620 5235 1832 5306 generis
1861 5249 2081 5305 quoque
2118 5234 2296 5288 nostri
2348 5231 2623 5303 principes
2684 5230 2969 5284 divinioris
3014 5229 3160 5284 illius
3210 5228 3376 5283 sortis
3443 5227 3787 5281 communio—

524 5345 648 5386 nem
692 5331 994 5396 amiserint,
1026 5345 1146 5385 eam
1185 5331 1346 5386 nobis
1376 5331 1431 5385 in
1466 5346 1581 5386 rem
1613 5329 1949 5401 vigilandum
1985 5345 2107 5385 esse
2147 5338 2431 5399 perpetuo,
2482 5344 2551 5382 ne
2591 5325 2753 5381 malis
2790 5324 2996 5379 versuti
3037 5322 3208 5378 hostis
3236 5323 3445 5377 artibus
3466 5322 3785 5392 praestigiis-

527 5437 634 5490 que
663 5424 964 5492 capiamur.
998 5422 1201 5478 Verum
1253 5423 1385 5493 quid
1435 5424 1550 5478 haec
1597 5438 1932 5493 occupamus
1965 5422 2089 5491 ipsi,
2133 5436 2258 5475 cum
2308 5435 2371 5474 ea
2418 5419 2532 5490 jam
2580 5433 2609 5472 a
2666 5418 2829 5471 nobis
2860 5416 3105 5485 ipsismet
3128 5415 3324 5470 divinae
3352 5413 3648 5483 Scriptura:
3668 5428 3789 5467 vcr-

529 5514 614 5570 his
671 5516 928 5571 illustrari
986 5517 1358 5588 explicarique
1411 5518 1665 5588 prmstet?
1716 5518 1927 5573 Rursus
1989 5530 2118 5585 ergo
2174 5510 2377 5569 n'ovum
2442 5530 2473 5569 a
2533 5528 2750 5569 summo
2821 5510 3058 5569 Numine
3114 5510 3444 5582 principium
3498 5509 3791 5576 ducamus,

527 5612 758 5681 ejusque
795 5629 949 5683 opem
984 5624 1038 5670 et
1064 5615 1326 5670 auxilium
1358 5614 1665 5671 Servatoris
1696 5614 1869 5670 nostri
1916 5611 2138 5667 nomine
2170 5611 2549 5681 imploremus.

605 5793 719 5865 (73)
768 5799 1279 5870 Προσλαμϐἀνειν.
1356 5800 1616 5869 Rectius,
1672 5799 1898 5872 Opinor,
1943 5798 2077 5855 fueri

2180 5795 2562 5871 ξρολαμδάνειν.
