4166 6444
445 522 551 579 537

959 632 1357 688 ΚΕΦΑΛᾹῘΟΝ
1391 631 1495 686 IA'.

1574 515 1895 570 PREPAR.
1936 512 2184 572 EV’ANG.
2220 515 2349 572 LIB.
2393 516 2503 573 νη.

2051 643 2090 698 Α

3596 508 3715 566 553.

2719 627 2948 685 CAPUT
2994 626 3089 682 XI.

453 750 738 818 Ἐϐραίων
767 747 917 812 δόξα
941 748 1073 816 περὶ
1096 746 1266 820 Θεοῦ,
1307 745 1412 800 τοῦ
1444 746 1677 814 πρώτου
1708 746 1825 800 τῶν
1861 747 2006 801 ὅλων

2125 741 2265 806 Quid
2291 741 2501 796 Hebrwi
2536 744 2600 796 de
2630 741 2761 810 Deo,
2788 742 3023 820 principe
3044 755 3216 794 rerum
3245 736 3478 791 omnium
3505 752 3691 802 causa,

1122 818 1338 871 αἰτίου.

514 926 624 998 Τὴν
652 927 749 997 μὲν
768 927 833 998 δὴ
854 927 954 997 τῆς
977 926 1255 996 θεολογίας
1278 927 1477 999 ἀρχὴν,
1501 927 1609 980 ἀπὸ
1628 927 1726 999 τῆς
1752 927 1860 989 τῶν
1879 928 2017 981 ὅλων

440 1018 728 1089 ποιητικῆς
754 1034 812 1069 τε
836 1018 928 1070 καὶ
973 1016 1369 1088 δημιουργικῆς
1401 1016 1683 1086 δυνάμεως
1718 1017 2017 1088 ἀρχόμενος

437 1110 466 1162 6
494 1108 614 1161 κατ’
654 1107 850 1170 αὐτοὺς
889 1107 1081 1176 λόγος,
1122 1108 1454 1179 παρίστησιν
1503 1109 1564 1161 οὐ
1617 1108 2011 1177 συλλογισμοῖς,

436 1199 556 1252 οὐδὲ
583 1198 1005 1268 πιθανολογίαις,
1036 1197 1512 1271 δογματικώτερον
1543 1198 1600 1251 δὲ
1631 1199 1723 1252 καὶ
1760 1197 2014 1251 διδασκα-

436 1290 748 1363 λικώτερον,
798 1290 1102 1355 ἐπιθεάζων
1148 1291 1226 1362 τῷ
1270 1291 1412 1361 ἁγίῳ
1453 1290 1765 1361 Πνεύματι·
1815 1290 1904 1359 ὑφ’
1951 1282 2012 1343 οὗ

437 1382 894 1454 θεοφορούμενος,
943 1376 1047 1436 ὧδέ
1094 1401 1211 1447 πως
1255 1383 1285 1435 6
1316 1383 1558 1452 Μωῡσῆς
1590 1382 1873 1453 ἀπήρξατο
1915 1382 2014 1453 τῆς

436 1470 761 1541 θεολογίαςοι
786 1474 875 1526 Ἐν
894 1474 1036 1545 ἀρχῇ
1069 1474 1323 1545 ἐποίησεν
1346 1476 1375 1527 6
1399 1474 1531 1537 Θεὸς
1557 1474 1650 1528 τὸν
1673 1474 1896 1545 οὐρανὸν
1919 1474 2013 1527 καὶ

433 1562 533 1634 τὴν
553 1562 677 1633 γῆν.
723 1582 742 1615 ι
794 1559 926 1617 Εἶτά
965 1581 1159 1634 φησιν·
1216 1583 1236 1616 ι
1270 1561 1438 1617 Εἶπεν
1470 1567 1499 1618 6
1526 1564 1690 1628 Θεὸς,
1726 1565 2014 1637 Γενηθήτω

434 1653 571 1720 φῶς,
604 1654 699 1708 καὶ
728 1655 945 1723 ἐγένετο
974 1655 1108 1723 φῶς.
1135 1674 1153 1708 ι
1185 1656 1298 1710 Kal
1327 1656 1488 1709 πάλιν
1509 1674 1522 1686 ·
1556 1675 1575 1709 ι
1604 1654 1770 1710 Εἶπεν
1798 1658 1829 1710 6
1855 1656 2009 1723 Θεὸς,

434 1741 730 1815 Γενηθήτω.
789 1744 1092 1816 στερέωμα,
1152 1745 1248 1799 xal
1307 1746 1539 1815 ἐγένετο.
1594 1765 1612 1798 ι
1659 1748 1768 1800 Kal
1817 1747 2007 1800 πάλιν·

438 1850 461 1883 ι
496 1829 663 1887 Εἶπεν
689 1835 717 1886 6
761 1833 892 1896 Θεὸς
911 1875 925 1899 ,
962 1834 1381 1908 Βλαστησάτωή
1427 1838 1500 1907 γῆ
1532 1836 1760 1908 βοτάνην
1793 1839 2008 1909 χόρτου,

334 1942 361 1965 ο
436 1927 660 1996 σπεῖρον
691 1925 912 1997 σπέρμα
940 1925 1087 1979 κατὰ
1112 1927 1267 1995 γένος
1301 1928 1396 1982 καὶ
1429 1929 1552 1982 καθ’
1576 1930 1889 2000 ὁμοιότητα,
1918 1931 2011 1984 καὶ⁸

2767 819 3042 865 senserint.

2190 925 2453 981 Sublimis
2480 924 2649 994 hujus
2675 923 2959 994 theologia:
2992 921 3288 992 primordia
3317 935 3426 973 non
3472 919 3701 973 aliunde-

2083 1038 2091 1045 ’
2117 1030 2282 1085 quam
2310 1031 2375 1069 ex
2402 1016 2515 1085 ipsa
2545 1016 2599 1069 vi
2628 1029 2807 1069 rerum
2849 1015 3092 1067 omnium
3121 1009 3408 1070 eﬂ‘ectrice,
3432 1006 3688 1060 Hebraeo»

2117 1123 2238 1161 rum
2287 1106 2538 1161 doctrina
2581 1105 2795 1175 repetit,
2824 1119 2997 1173 eaque
3043 1117 3152 1156 non
3206 1101 3413 1170 argutis
3441 1107 3495 1154 et
3519 1098 3700 1152 artili-

2116 1200 2264 1255 ciose
2294 1197 2634 1253 concinnatis
2664 1196 3046 1266 probationum
3087 1192 3557 1267 conclusionibus,
3590 1188 3685 1245 sed

2115 1294 2276 1362 plane
2309 1290 2559 1345 docentis
2590 1289 2644 1343 in
2678 1303 2908 1349 morem,
2931 1294 3116 1355 utpote
3149 1284 3333 1339 divino
3367 1281 3539 1336 alllata
3565 1277 3691 1349 Spi-

2113 1383 2221 1436 ritu
2250 1389 2661 1437 commemorat.
2683 1378 2805 1447 Quo
2828 1378 3047 1449 quidem
3081 1383 3239 1431 actus
3270 1382 3697 1441 commotusque

2115 1471 2349 1541 Moyses,
2381 1471 2668 1535 theologia:
2718 1485 2832 1524 sua:
2883 1468 3142 1539 mysteria
3185 1467 3332 1520 hunc
3378 1463 3432 1518 in
3462 1462 3684 1517 modum

2114 1565 2473 1634 auspicatur:
2512 1582 2530 1614 ι
2564 1562 2622 1633 in
2654 1561 2927 1632 principio
2972 1560 3176 1615 creavit
3223 1557 3366 1612 Deus
3406 1557 3603 1611 coelum
3632 1567 3687 1613 et

2115 1666 2313 1711 terram
2335 1655 2403 1719 “;
2433 1675 2453 1709 ι
2491 1664 2602 1711 tum
2632 1656 2706 1709 ita
2751 1653 3091 1725 progreditur
3118 1671 3132 1707 :
3165 1670 3184 1702 ι
3217 1650 3361 1704 Dixit
3399 1645 3691 1712 Deus,Fiat~

2112 1748 2227 1813 lux,
2255 1756 2309 1802 et
2354 1746 2494 1801 facta
2525 1734 2609 1801 est
2631 1748 2755 1812 lux;
2789 1764 2809 1797 ι
2843 1745 3082 1815 itemque
3114 1761 3129 1798 :
3165 1762 3184 1795 ί
3215 1741 3335 1797 Fiat
3374 1741 3685 1795 firmamen-

2112 1847 2251 1903 tum,
2293 1846 2346 1892 et
2378 1836 2583 1893 factum
2613 1845 2731 1904 est;
2767 1855 2787 1889 ›
2814 1852 2878 1898 ac
2908 1851 3100 1891 rursus
3132 1854 3144 1889 :
3188 1854 3205 1885 ι
3233 1833 3511 1889 Germinet
3539 1839 3681 1885 terra

2113 1930 2336 1984 herbam
2385 1929 2674 1993 virentem,
2705 1926 2993 1982 facientem
3027 1942 3212 1981 semen
3261 1921 3559 1979 secundant
3592 1935 3684 1990 ge-

435 2013 590 2078 ξύλον
623 2017 898 2086 κάρπιμον
930 2017 1118 2070 ποιοῦν
1146 2018 1378 2089 καρπὸν,
1414 2013 1474 2073 οὗ
1503 2019 1563 2072 τὸ
1594 2019 1813 2090 σπέρμα
1844 2018 2006 2071 αὑτοῦ

2113 2038 2216 2077 nus
2268 2036 2334 2076 ac
2382 2019 2793 2076 similitudinem
2824 2033 3002 2084 suam,
3034 2026 3088 2072 et
3119 2016 3321 2082 lignum
3355 2010 3683 2082 pomiferum

434 2105 492 2158 ὲν
541 2104 709 2174 αὐτῷ,
767 2106 914 2160 κατὰ
950 2106 1105 2175 γένος
1147 2108 1239 2159 ἐπὶ
1280 2107 1382 2177 τῆς
1418 2108 1554 2179 γῆς,
1588 2109 1681 2162 καὶ
1709 2111 1942 2177 ἐγένετο.
1986 2127 2005 2160 ι

2111 2112 2315 2167 faciens
2340 2111 2603 2176 fructum,
2621 2110 2781 2180 cujus
2809 2124 2995 2167 semen
3028 2108 3087 2163 in
3113 2106 3232 2177 ipso
3260 2106 3352 2174 sit,
3379 2103 3681 2161 secundum

435 2198 544 2251 Kal
575 2194 730 2261 αὖθις
750 2214 764 2228 ⁸
808 2218 827 2249 ι
856 2194 1024 2252 Εἶπεν
1056 2202 1084 2253 6
1112 2198 1264 2263 Θεὸς,
1305 2200 1694 2272 Γενηθήτωσαν
1728 2201 2011 2272 φωστῆρες

433 2290 492 2342 ἐν
515 2289 593 2359 τῷ
619 2289 958 2361 στερεώματι
991 2291 1085 2344 τοῦ
1110 2291 1360 2362 οὐρανοῦ,
1391 2291 1531 2345 ὥστε
1555 2292 1764 2362 φαίνειν
1793 2295 1885 2346 ἐπὶ
1909 2294 2010 2364 τῆς

432 2382 556 2451 γῆς,
579 2381 671 2434 καὶ
693 2381 932 2435 ἔστωσαν
968 2384 1049 2445 είς
1076 2386 1301 2453 σημεῖα,
1332 2383 1425 2437 καὶ
1452 2387 1531 2447 είς
1558 2384 1792 2455 ἡμέρας,
1815 2384 1907 2437 καὶ
1930 2386 2009 2448 είς

433 2472 730 2536 ἐνιαυτοὺς,
755 2475 848 2527 καὶ
886 2475 1119 2543 ἐγένετο.
1161 2494 1180 2526 ι
1212 2476 1319 2528 Kal
1353 2476 1512 2529 πάλιν
1530 2493 1544 2506 ο
1571 2494 1590 2525 ι
1620 2472 1784 2528 Εἶπεν
1806 2478 1834 2528 6
1855 2476 2004 2541 Θεὸς,

444 2562 788 2632 Ἐξαγαγέτω
808 2565 875 2619 τὰ
898 2564 1067 2620 ῦδατα
1091 2566 1296 2638 ἑρπετὰ
1322 2565 1510 2636 ψυχῶν
1536 2564 1726 2629 ζωσῶν
1746 2566 1889 2619 κατὰ
1916 2564 2008 2635 γέ-

429 2668 520 2716 νος
538 2693 553 2716 ,
582 2655 677 2707 καὶ
717 2655 895 2709 πάντα
921 2656 989 2710 τὰ
1026 2657 1246 2712 πετεινὰ
1274 2656 1366 2709 τοῦ
1391 2655 1619 2728 οὐρανοῦ
1647 2656 1788 2710 κατὰ
1829 2657 2003 2725 γένος,

428 2745 522 2797 καὶ
544 2745 778 2815 ἐγένετο.
814 2766 835 2799 ι
873 2748 982 2801 Kal
1006 2748 1166 2801 πάλιν
1184 2765 1200 2780 ο
1229 2767 1249 2799 ι
1285 2747 1630 2817 Ἐξαγαγέτω
1657 2750 1689 2818 ή
1711 2748 1783 2819 γῆ
1813 2749 2005 2821 τετρά-

427 2834 585 2898 ποδα,
619 2836 712 2888 καὶ
735 2835 961 2907 ἑρπετὰ,
992 2837 1087 2891 καλ⁴
1111 2836 1276 2908 θηρία
1294 2838 1392 2908 τῆς
1425 2838 1527 2907 γῆς
1558 2837 1698 2892 κατὰ
1719 2840 1892 2906 γένος,
1911 2837 2008 2891 καὶ

426 2927 663 2996 ὗγένετο.
706 2946 725 2979 ι
766 2929 852 2980 Ἑν
871 2928 935 3000 δὴ
957 2928 1164 2992 τούτοις
1189 2929 1467 2997 φάσκουσα
1496 2930 1528 2998 ή
1554 2928 1781 2999 Γραφὴ,,
1797 2946 1814 2980 ι
1840 2925 2004 2981 Εἶπεν

426 3020 457 3075 ὁ
489 3020 640 3084 Θεὸς,
673 3040 691 3071 ι
719 3020 778 3072 τὸ
804 3019 946 3073 θεῖον
972 3018 1145 3089 νεῦμα
1166 3020 1259 3072 καὶ
1285 3020 1344 3071 τὸ
1371 3019 1466 3072 ὼδί
1499 3037 1616 3082 πως
1651 3019 1901 3089 γενέσθαι
1936 3018 2007 3074 τὰ

426 3111 556 3165 ὄντα
580 3111 903 3181 βουληθῆναι
920 3111 1010 3163 τὸν
1037 3110 1168 3163 Θεὸν
1192 3109 1535 3181 παρίστησιν.
1560 3111 1619 3162 οὺ
1645 3111 1751 3182 μὴν
1771 3110 1827 3163 δὲ
1853 3113 2002 3183 φωνῇ

428 3203 523 3256 καὶ
557 3202 847 3266 συλλαϐαῖς
881 3202 1045 3271 φάναι
1067 3202 1229 3255 αὐτὸν
1251 3204 1482 3255 ἐπινοεῖν
1504 3204 1817 3270 ἀναγκαῖον.
1848 3204 2006 3258 Ἀλλὰ

426 3293 518 3349 τὸν
550 3294 728 3347 πάντα
748 3294 905 3363 λόγον
924 3293 1508 3365 ἀνακεφαλαιούμενος,
1544 3314 1563 3346 ι
1589 3294 1760 3365 Αὕτη,
1801 3313 1819 3345 ι
1848 3295 2000 3365 φησι,
2029 3320 2071 3377 C

433 3404 457 3442 ι
490 3389 522 3457 ή
549 3385 728 3456 βίϐλος
756 3385 1020 3454 γενέσεως
1046 3386 1274 3458 οὐρανοῦ
1297 3386 1392 3439 καὶ
1430 3388 1542 3457 γῆς,
1644 3387 1830 3459 ἡμέρα
1856 3388 2006 3441 ἐποί-

426 3492 557 3547 ησεν
584 3478 611 3529 6
641 3477 772 3541 Θεὸς
798 3477 889 3531 τὸν
913 3477 1140 3548 οὐρανὸν
1163 3478 1257 3531 καὶ
1295 3478 1393 3548 τὴν
1435 3479 1557 3549 γῆν,
1593 3479 1688 3531 καὶ
1720 3478 1897 3532 πάντα
1934 3480 2005 3533 τὰ

427 3568 488 3626 ὲν
513 3570 714 3632 αὐτοῖς.
750 3588 767 3620 ι
805 3567 1039 3639 Τοιαύτη
1068 3569 1222 3640 μὲνὴ
1257 3570 1378 3623 καθ’
1414 3569 1698 3641 Ἐϐραίους
1733 3569 2002 3640 θεολογία,

427 3660 569 3731 λόγῳ
590 3659 723 3714 Θεοῦ
751 3660 942 3731 δημιου
952 3660 1123 3732 ργικῷ
1144 3661 1212 3714 τὰ
1233 3661 1410 3717 πάντα
1434 3661 1751 3715 συνεστάναι
1787 3662 2005 3715 παιδεύ-

426 3768 582 3807 ουσα.
625 3752 857 3807 Ἔπειτα
905 3752 961 3805 δὲ
1001 3753 1099 3823 οὐχ
1145 3746 1247 3805 ὦδε
1284 3752 1489 3825 ἔρημον
1517 3753 1592 3817 ὡς
1630 3753 1865 3825 ὀρφανὸν
1899 3755 2006 3808 ὑπὸ

428 3842 633 3916 πατρὸς
657 3842 1085 3913 καταλειφθέντα
1114 3844 1207 3897 τὸν
1242 3844 1532 3915 σύμπαντα
1556 3844 1759 3916 κόσμον
1785 3846 1891 3899 ὑπὸ
1909 3845 2002 3899 τοῦ

428 3935 837 4008 συστησαμένου
883 3934 1154 3999 διδάσκει,
1186 3934 1298 3989 ἀλλ’
1333 3938 1412 4000 είς
1435 3936 1497 3989 τὸ
1520 3935 1609 3990 ἀεὶ
1652 3936 1756 3989 ὑπὸ
1780 3937 1878 4008 τῆς
1910 3936 2002 3990 τοῦ

427 4024 562 4079 Θεοῦ
597 4024 853 4096 προνοίας
894 4025 1055 4079 αὑτὸν
1102 4026 1453 4091 διοικεῖσθαι,
1496 4027 1572 4091 ὡς
1603 4028 1678 4099 μὴ
1710 4029 1868 4098 μόνον
1909 4028 2005 4100 δη-

432 4114 689 4186 μιουργὸν
717 4110 859 4168 εἶναι
890 4113 1001 4168 τῶν
1027 4113 1165 4168 ὅλων
1186 4116 1279 4168 καὶ
1302 4116 1531 4187 ποιητὴν
1563 4116 1655 4170 τὸν
1676 4117 1828 4181 Θεὸν,
1868 4116 2006 4171 ἀλλὰ

429 4207 523 4261 καὶ
556 4206 777 4279 σωτῆρα
799 4248 815 4273 ,
862 4208 956 4261 καὶ
986 4206 1263 4279 διοικητὴν
1286 4246 1303 4274 ,
1347 4208 1442 4262 καὶ
1468 4205 1716 4278 βασιλέα,
1753 4208 1849 4262 καὶ
1875 4210 2006 4281 ήγε-

430 4301 587 4371 μόνα,
612 4299 745 4372 ήλίῳ
772 4298 922 4370 αὐτῷ
945 4338 959 4363 ,
984 4298 1079 4353 καὶ
1108 4298 1326 4373 σελήνῃ,
1358 4299 1453 4352 καὶ
1492 4298 1714 4371 ἄστροις
1738 4338 1753 4363 ,
1794 4299 1889 4353 καὶ
1924 4297 2003 4369 τῷ

428 4392 704 4464 σύμπαντι
740 4390 954 4463 οὐρανῷ
989 4408 1049 4444 τε
1079 4390 1175 4445 καὶ
1220 4391 1408 4461 κόσμῳ
1449 4389 1515 4443 δι’
1544 4388 1737 4453 αἰῶνος
1769 4389 2002 4444 ἐπιστά-

426 4485 641 4549 τοῦντα,
676 4484 896 4554 μεγάλῳ
916 4501 975 4536 τε
1007 4481 1270 4554 ὀφθαλμῷ
1294 4483 1388 4537 καὶ
1413 4482 1580 4553 ἐνθέῳ
1600 4482 1825 4553 δυνάμει
1841 4484 2001 4536 πάντ’

424 4575 726 4647 ὸφορῶντα,
760 4574 857 4629 καὶ
892 4577 1003 4638 τοῖς
1035 4576 1199 4627 πᾶσιν
1228 4574 1497 4645 οὐρανίοις
1517 4590 1578 4626 τε
1611 4574 1703 4626 καὶ
1739 4573 2001 4642 ἐπιγείοις

2110 2218 2283 2271 genus
2331 2219 2490 2258 suum
2536 2218 2698 2272 super
2744 2213 2945 2257 terram
2984 2219 2999 2256 :
3035 2211 3089 2257 et
3137 2200 3338 2256 factum
3388 2207 3492 2255 est.
3540 2195 3685 2255 Dixit

2110 2302 2365 2363 praeterea
2399 2292 2751 2350 Deus:Fiant
2780 2292 3070 2347 luminaria
3101 2293 3157 2347 in
3192 2292 3536 2346 ﬁrmamento
3565 2304 3690 2346 c03-

2109 2386 2167 2450 li,
2199 2394 2259 2440 ut
2284 2387 2503 2441 luceant
2532 2401 2697 2457 super
2729 2396 2952 2450 terram,
2982 2393 3037 2440 et
3068 2385 3179 2441 sint
3205 2384 3258 2439 in
3288 2385 3443 2455 signa
3466 2392 3517 2438 et
3547 2395 3683 2438 tem-

2107 2493 2261 2547 pora,
2296 2486 2351 2532 et
2390 2477 2529 2541 dies,
2562 2486 2618 2532 et
2641 2493 2815 2532 annos
2848 2496 2862 2532 :
2894 2486 2949 2531 et
2979 2476 3180 2532 factum
3216 2484 3322 2532 est.
3350 2475 3691 2545 Addiditque.

2106 2568 2250 2624 Deus
2274 2586 2287 2623 :
2309 2568 2619 2624 Producant
2650 2569 2816 2638 318
2847 2583 3002 2638 aquae
3024 2568 3237 2638 reptilia
3264 2569 3570 2622 animarum
3602 2569 3691 2621 vi-

2105 2661 2348 2714 ventium
2382 2659 2683 2715 secundum
2723 2674 2894 2727 genus
2923 2675 3105 2723 suum,
3131 2667 3186 2712 ct
3228 2658 3411 2712 omnia
3442 2658 3681 2713 volatilia

2106 2750 2227 2805 coeli
2279 2750 2580 2806 secundum
2624 2763 2797 2819 genus
2843 2763 3025 2811 suum,
3058 2756 3113 2802 et
3150 2746 3352 2802 factum
3386 2757 3501 2813 est;
3532 2766 3551 2798 ι
3582 2749 3683 2802 ite-

2104 2856 2338 2910 rumque
2367 2858 2381 2895 :
2411 2858 2430 2892 ‹
2450 2838 2727 2894 Producat
2761 2848 2904 2893 terra
2932 2839 3333 2908 quadrupedes,
3364 2847 3417 2893 et
3443 2839 3679 2910 reptilia,

2105 2941 2160 2985 et
2183 2931 2386 2985 bestias
2414 2939 2572 2984 terrae
2602 2930 2904 2984 secundum
2953 2943 3125 2997 genus
3159 2944 3317 2983 suum
3352 2946 3365 2981 :
3394 2937 3449 2983 et
3478 2929 3687 2984 factum-

2105 3021 2273 3075 est”.
2306 3039 2325 3072 ι
2352 3019 2563 3087 Quibus
2580 3020 2834 3074 omnibus
2847 3020 3363 3082 commemorandis,
3388 3021 3513 3073 dum
3540 3021 3687 3076 hanc

2109 3109 2391 3181 Scriptura
2445 3109 2736 3164 formulam
2770 3109 3013 3172 adhibet,
3059 3127 3078 3160 ι
3109 3108 3254 3162 Dixit
3285 3108 3452 3174 Deus,
3474 3129 3492 3161 ι
3532 3111 3692 3165 aliud

2106 3201 2263 3266 nihil,
2287 3209 2482 3271 praeter
2515 3215 2679 3270 quam
2719 3200 2787 3254 ad
2818 3200 2996 3269 ipsum
3028 3200 3326 3253 voluntatis
3354 3199 3552 3253 divinae
3578 3216 3689 3254 nu-s

2104 3300 2244 3359 tum,
2280 3293 2383 3347 hoc
2417 3291 2576 3345 illove
2613 3289 2777 3345 modo
2819 3305 2909 3345 res
2936 3304 3128 3346 omnes
3151 3289 3429 3345 exstitisse
3456 3305 3521 3345 ac
3555 3305 3682 3360 per-

2105 3381 2278 3437 fectas
2318 3396 2442 3437 esse
2483 3380 2773 3450 signiﬁcat,
2807 3378 3055 3449 adeoque
3081 3394 3303 3434 necesse
3332 3394 3441 3433 non
3468 3387 3571 3442 est,
3600 3379 3689 3434 uti

2102 3488 2293 3528 vocem
2343 3473 2547 3538 ullam,
2606 3472 2815 3526 ullasve
2868 3470 3107 3541 syllabas
3154 3471 3478 3541 cogitemus.
3534 3468 3688 3525 ldem

2102 3579 2269 3634 porro
2296 3576 2466 3627 vates,
2501 3564 2767 3618 orationis
2798 3561 3067 3617 universa:
3095 3578 3366 3618 summam
3395 3562 3680 3635 colligens,

2104 3657 2176 3711 ita
2216 3657 2490 3712 concludit
2519 3674 2532 3710 :
2568 3674 2587 3707 ι
2618 3655 2716 3710 Hic
2741 3656 2899 3721 liber,
2934 3656 3130 3726 inquit,
3161 3657 3528 3727 generationis
3556 3656 3685 3712 caeli-

2103 3757 2157 3804 et
2184 3757 2361 3815 teme,
2392 3749 2446 3802 in
2473 3747 2584 3816 die,
2615 3763 2723 3819 qua
2757 3747 2886 3803 fecit
2907 3750 3106 3804 coelum
3134 3757 3187 3802 et
3218 3758 3442 3814 terram,
3472 3756 3527 3802 et
3557 3762 3680 3802 om-

2102 3839 2216 3906 nia,
2235 3855 2357 3909 quaa
2386 3839 2440 3893 in
2463 3840 2543 3895 eis
2574 3838 3299 3911 sunt“.»Hujusmodiergo
3316 3848 3400 3895 est
3427 3837 3687 3895 Hebraeo-

2103 3947 2227 3986 rum
2275 3932 2566 4002 theologia,
2597 3947 2721 4003 quat
2762 3932 2913 3987 verbi
2962 3932 3133 3986 divini
3175 3932 3446 3987 eﬂ‘ectrice
3475 3932 3527 3986 vi
3559 3941 3683 3989 sata

2102 4037 2226 4078 esse
2249 4038 2314 4078 ac
2342 4032 2629 4093 procreata
2659 4023 2819 4086 docet
2842 4024 3119 4080 universa.
3152 4023 3357 4079 Deinde
3381 4039 3532 4089 vero,
3567 4038 3689 4079 non

2099 4115 2214 4185 jam
2260 4125 2483 4172 auctore
2517 4116 2603 4171 sui
2633 4132 2698 4171 ac
2726 4116 2982 4172 molitore
3009 4117 3139 4180 Deo,
3168 4117 3248 4172 sic
3278 4125 3538 4187 tanquam
3582 4131 3689 4171 or-.

2101 4208 2346 4277 phanum
2380 4223 2410 4262 a
2441 4216 2662 4277 parente
2689 4208 2937 4263 relictum
2959 4222 3081 4264 esse
3104 4209 3393 4273 mundum,
3411 4208 3507 4264 sed
3532 4213 3681 4280 ejus-

2101 4298 2226 4353 dem
2276 4298 2616 4368 providentia
2674 4308 2941 4369 perpetuo
2995 4308 3418 4369 constanterque
3456 4300 3591 4370 regi,
3618 4309 3687 4357 ut

2102 4405 2214 4446 non
2271 4390 2435 4446 modo
2484 4407 2670 4446 rerum
2721 4390 3055 4446 architectus
3089 4406 3153 4446 ac
3180 4392 3400 4447 molitor
3431 4393 3687 4453 omnium

2101 4483 2219 4553 ipse
2245 4481 2428 4550 fuerit,
2459 4483 2555 4538 sed
2589 4499 2779 4538 earum
2812 4498 3033 4554 quoque
3066 4492 3315 4539 servator
3360 4493 3524 4556 atque
3554 4500 3681 4540 mo-

2103 4575 2340 4641 derator,
2373 4588 2470 4629 rex
2501 4574 2639 4645 item,
2675 4591 2741 4631 ac
2788 4575 3042 4645 princeps
3067 4590 3189 4633 esse
3212 4577 3343 4633 velit
3377 4596 3391 4633 :
3425 4578 3690 4649 idemque

423 4668 781 4740 ἐπιπαρόντα,
808 4666 904 4721 καὶ
926 4666 995 4720 τὰ
1032 4666 1213 4722 πάντα
1239 4668 1296 4719 ὲν
1325 4665 1516 4736 κόσμῳ
1555 4665 1908 4720 διατάττοντα
1937 4682 1999 4718 τε

2105 4680 2229 4720 eum
2274 4666 2403 4733 soli,
2433 4666 2598 4732 lunae,
2629 4666 2922 4732 sideribus,
2961 4668 3211 4739 coeloque
3235 4671 3440 4739 passim
3470 4679 3524 4725 et
3555 4670 3685 4725 orbi.

423 4763 520 4817 καὶ
550 4759 872 4816 διοικοῦντα.
902 4760 1111 4831 Ὥσπερ
1134 4754 1226 4812 οὖν
1254 4759 1447 4829 ἀμέλει
1475 4757 1569 4811 καὶ
1595 4759 1644 4810 οἱ
1670 4757 1808 4829 μετὰ
1827 4756 2002 4815 ταῦτα

2105 4756 2458 4814 continentur
2508 4759 2766 4816 universo
2802 4761 3010 4831 praesit,
3039 4769 3152 4816 tum
3196 4777 3392 4832 magno
3445 4762 3678 4831 ipsemet

423 4853 721 4925 προφῆται,
748 4852 1017 4906 ἀκόλουθα
1046 4851 1141 4905 καὶ
1172 4851 1326 4904 αὐτοὶ
1344 4848 1651 4914 θειάζοντες
1674 4890 1699 4915 ,λ
1725 4849 1847 4902 τοτὲ
1900 4848 2000 4920 μὲν

421 4940 731 5012 ἀνεφώνουν
753 4942 811 5009 ἐξ
839 4940 1000 4996 αὐτοῦ
1046 4941 1138 4994 τοῦ
1189 4939 1333 4994 θείου
1379 4939 1632 5007 λέγοντες
1667 4936 1958 5008 προσώπου
1981 4955 1996 4968 ο

427 5055 448 5089 ε
477 5035 610 5099 Θεὸς
637 5034 870 5105 ὲγγίζων
898 5033 1007 5104 ἐγώ
1035 5035 1171 5105 είμι,
1189 5032 1337 5101 λέγει
1358 5032 1581 5103 Κύριος,
1607 5033 1702 5085 καὶ
1729 5032 1848 5102 οὐχὶ
1867 5031 1999 5096 Θεὸς

320 5122 325 5129 ’
423 5127 723 5201 πόρρωθεν.
747 5129 808 5181 Εἰ
835 5130 1046 5198 ποιήσει
1065 5144 1118 5180 τι
1136 5126 1419 5198 ἅνθρωπος
1438 5127 1495 5179 ἐν
1515 5126 1820 5197 κρυφαίοις,
1844 5124 1999 5194 κάγὼ

420 5222 483 5275 οὐ
503 5220 781 5290 γνώσομαι
812 5221 969 5287 αὐτό;
999 5220 1133 5291 Οὐχὶ
1152 5219 1241 5273 τὸν
1272 5219 1496 5291 οὐρανὸν
1527 5219 1620 5272 καὶ
1646 5219 1747 5289 τὴν
1765 5218 1869 5288 γῆν
1888 5217 1998 5287 ἐγὼ

423 5311 649 5383 πληρῶ;
682 5310 829 5380 λέγει
852 5309 1076 5381 Κύριος.
1126 5329 1144 5361 ι
1184 5310 1318 5362 Τοτὲ
1347 5310 1405 5362 δὲ
1434 5302 1537 5361 ὧδέ
1570 5326 1646 5379 πη
1689 5306 1998 5376 θεολογοῦν-

406 5359 563 5466 ίὲέζῗ
574 5359 611 5454 Ῑ
632 5359 738 5465 In;
755 5359 1806 5473 negauiautem,seu
1832 5359 1997 5469 οὐρα-

421 5492 511 5547 νὸν
545 5493 788 5564 σπιθαμῇ
824 5494 916 5546 καὶ
948 5492 1251 5562 πᾶσανητῆν
1281 5492 1387 5561 γῆν
1423 5492 1618 5563 δρακί;
1664 5492 1762 5555 Τίς
1805 5490 2000 5563 ἔστησε

420 5584 489 5638 τά
517 5584 617 5656 ὄρη
639 5583 884 5654 σταθμῷ,
918 5584 1012 5636 καὶ
1036 5585 1134 5645 τὰς
1159 5582 1335 5646 νάπας
1360 5582 1506 5653 ζυγῷ
1532 5599 1547 5647 ;
1575 5581 1670 5647 Τίς
1701 5582 1840 5652 ἔγνω
1870 5581 1997 5636 νοῦν

422 5677 652 5747 Κυρίου,
672 5675 766 5727 καὶ
791 5673 873 5737 τίς
904 5672 1203 5744 σύμϐουλος
1229 5672 1392 5727 αὑτοῦ
1424 5674 1675 5741 ὲγένετο;
1715 5692 1733 5724 ι
1760 5674 1871 5727 Kal
1901 5674 1998 5726 πάι

422 5766 508 5819 λιν
530 5784 543 5795 ’
588 5784 606 5817 ι
648 5765 708 5821 '0
732 5766 934 5836 στήσας
971 5764 1046 5828 ὼς
1079 5763 1335 5836 καμάραν
1368 5764 1457 5818 τὸν
1489 5765 1734 5837 οὐρανὸν,
1764 5766 1858 5820 καὶ
1883 5765 1997 5819 δια-

498 5946 542 5979 ”
568 5946 703 6002 Gen.
738 5962 777 6014 ι,
808 5940 861 6001 l.
935 5944 982 5978 ”
1015 5946 1145 6002 ibid.
1182 5946 1215 6002 ὅ
1243 5961 1394 6017 seqq.
1491 5946 1532 5979 ⁸¹
1564 5945 1698 6001 Gen.
1734 5961 1794 6014 ιι,
1829 5946 1889 6002 4.

2099 4849 2260 4906 oculo
2305 4850 2601 4921 divinoque
2630 4849 2867 4906 Numine
2901 4860 3100 4909 cuncta
3130 4853 3371 4909 lustrans
3402 4869 3467 4909 ac
3498 4854 3679 4924 pervi-

2097 4942 2252 5010 dens,
2280 4942 2553 5013 rebusque
2602 4942 2863 4997 omnibus
2907 4958 3001 4998 seu
3052 4959 3175 5015 qua:
3218 4947 3380 5010 coelo,
3418 4961 3512 5001 seu
3554 4962 3683 5016 quas

2099 5044 2239 5090 terra
2288 5035 2660 5103 continentur,
2707 5035 2932 5090 omnino
2978 5051 3241 5106 przesens,
3289 5052 3391 5093 suo
3447 5053 3684 5108 quaeque

2096 5127 2292 5183 ordine
2343 5128 2617 5198 sapienter
2669 5138 2902 5199 apteque
2927 5130 3226 5185 constituat
3255 5140 3417 5201 atque
3451 5130 3675 5199 dispen-

2098 5226 2198 5273 set.
2217 5216 2394 5287 Atque
2443 5217 2499 5272 id
2550 5217 2725 5270 secuti
2772 5216 3028 5285 deinceps
3075 5217 3369 5285 prophetae,
3403 5215 3679 5285 prioribus

2096 5308 2206 5364 illis
2233 5318 2600 5365 consentanea
2648 5307 2833 5363 divino
2884 5306 3089 5377 Spiritu
3116 5315 3373 5362 canentes
3404 5306 3506 5377 ipsi
3537 5321 3675 5377 quo-

2101 5416 2226 5472 que,
2262 5409 2520 5457 testatum
2550 5400 2932 5469 reliquerunt;
2965 5415 3059 5455 seu
3089 5414 3213 5454 cum
3265 5398 3504 5453 divinam
3558 5414 3680 5468 per-

2103 5509 2292 5548 sonam
2320 5495 2674 5560 sustinentes,
2700 5492 2846 5547 hunc
2887 5491 2942 5546 in
2994 5492 3214 5547 modum
3254 5493 3622 5549 exclamarent
3657 5508 3671 5547 :

2115 5603 2134 5636 ι
2161 5583 2306 5639 Deus
2339 5584 2780 5654 appropinquans
2809 5600 2909 5655 ego
2948 5598 3093 5653 sum,
3144 5585 3275 5640 dicit
3302 5584 3590 5651 Dominus,
3619 5593 3680 5641 et

2103 5692 2214 5732 non
2261 5675 2405 5732 Deus
2455 5677 2523 5732 de
2565 5676 2746 5746 longe.
2782 5674 2839 5731 Si
2866 5675 3028 5731 faciet
3053 5677 3255 5746 aliquid
3289 5678 3454 5734 homo
3487 5680 3541 5733 in
3575 5692 3672 5734 oc-

2103 5768 2295 5833 cultis,
2321 5776 2373 5823 et
2392 5782 2492 5839 ego
2513 5767 2753 5824 nesciam
2787 5769 2959 5827 illud?
2977 5768 3232 5842 Nunquid
3269 5786 3377 5827 non
3398 5772 3599 5830 ccelum
3617 5778 3675 5829 οι
