4166 6456
476 524 591 583 339

1135 516 1408 592 EUSEBll
1449 532 1937 592 cassamsxsrs
1971 530 2121 588 ore.
2162 525 2354 583 PARS
2388 526 2454 582 ιι.
2497 508 2569 566 ἐ-
2608 519 3108 581 APOLOGETICA.

3650 516 3754 572 560

467 630 804 725 terram'ego
829 651 1067 722 impleo?
1087 652 1219 707 dicit
1238 652 1584 709 Dominus".
1610 671 1629 703 ι
1657 650 1765 705 Seu
1794 666 1919 706 cum
1947 649 2039 704 bot

2153 645 2337 709 τείνας
2376 644 2453 708 ὡς
2497 640 2702 713 σκηνὴν
2740 639 3038 694 κατοικεῖν.
3090 654 3109 687 ι
3165 632 3277 687 Kai.
3304 627 3498 696 αὗθις³
3532 650 3550 683 ι
3594 630 3755 686 τΔνα·

469 745 573 815 ipsi
601 745 766 800 modo
812 744 881 800 de
923 743 1034 800 Deo
1067 745 1529 815 philosOphantur
1558 763 1573 799 :
1616 763 1636 796 ε
1665 743 1801 811 Quis
1831 758 2056 800 mensus

473 846 551 891 est
575 853 741 892 manu
777 854 999 908 aquam,
1030 848 1081 893 et
1113 840 1313 894 coelum
1340 840 1545 908 palmo,
1573 847 1630 893 et
1679 854 1897 893 onmem
1942 847 2056 893 ter-

473 943 587 982 ram
621 929 1026 1000 pugillo?Qttis
1072 931 1291 985 libravit
1336 940 1551 986 montes
1602 931 1656 984 in
1710 931 1971 1000 pondere,
2002 937 2057 985 et

472 1022 638 1075 colles
670 1021 725 1075 in
758 1022 998 1077 statera?
1022 1021 1157 1089 Quis
1182 1024 1438 1093 cognovit
1466 1031 1704 1079 mentem
1729 1022 1967 1086 Domini,
2002 1031 2058 1078 et

471 1112 595 1181 quis
629 1114 976 1169 consiliarius
1000 1116 1120 1183 eius
1150 1116 1353 1170 fuit”?
1382 1136 1400 1168 ι
1435 1115 1680 1186 Itemque
1714 1135 1726 1170 :
1764 1135 1783 1167 ι
1813 1116 1917 1182 Qui
1946 1125 2057 1172 sta-

471 1204 574 1259 tuit
626 1205 781 1274 quasi
835 1221 1108 1260 cameram
1159 1208 1382 1269 ctelum,
1417 1217 1470 1261 et
1510 1207 1751 1261 extendit
1779 1208 1938 1276 quasi
1972 1217 2056 1261 ta-

470 1296 825 1352 bernaculum
857 1298 923 1351 ad
956 1299 1312 1352 habitandum
1334 1298 1403 1354 ⁸⁸.
1437 1318 1454 1349 ι
1487 1298 1552 1353 Ει
1578 1316 1848 1355 ηπειιδι(
1882 1299 2049 1354 Leva-

470 1395 523 1441 te
570 1386 624 1439 in
678 1386 960 1441 excelsum
987 1387 1178 1441 oculos
1205 1396 1437 1450 vestros,
1468 1396 1523 1442 et
1550 1389 1746 1453 videte,
1778 1389 1903 1459 quis
1930 1404 2055 1459 per-

469 1477 597 1532 fecit
645 1477 763 1532 haec
802 1479 1007 1534 omnia.
1042 1498 1061 1530 ι
1097 1478 1164 1533 Εῑ
1194 1479 1454 1549 deinceps
1492 1497 1506 1533 :
1539 1498 1558 1530 ι
1592 1478 1857 1536 Dominus
1886 1480 2051 1545 Deus,

466 1570 561 1638 qui
609 1568 739 1624 fecit
784 1569 1007 1635 caelum,
1045 1579 1100 1625 et
1136 1571 1401 1626 stabilivit
1428 1572 1604 1641 ipsum
1638 1592 1652 1627 :
1683 1574 1776 1641 qui
1817 1574 2056 1628 ﬁrmavit

468 1668 694 1726 terram,
724 1667 780 1713 et
823 1675 946 1729 quae
998 1661 1055 1714 in
1098 1676 1162 1716 ea
1213 1669 1388 1717 sunt:
1428 1662 1566 1716 dans
1604 1661 1792 1715 ﬂatum
1828 1661 2050 1730 populo,

467 1750 565 1819 qui
616 1758 702 1804 est
745 1765 910 1819 super
955 1766 1099 1815 eam,
1131 1759 1185 1805 et
1229 1750 1482 1819 spiritum
1514 1751 1849 1807 calcantibus
1878 1766 1999 1806 eam
2035 1770 2049 1805 :

465 1857 569 1913 ego
624 1840 890 1898 Dominus
942 1842 1107 1898 Deus.
1135 1862 1153 1895 ι
1187 1842 1254 1897 Et
1280 1843 1541 1911 deinceps
1572 1861 1585 1896 :
1624 1862 1646 1894 ‹
1678 1841 1907 1898 Extendi
1934 1859 2051 1899 cos-

466 1934 579 1988 lum
608 1933 779 1998 solus,
808 1943 864 1989 et
895 1935 1110 1989 ﬁrmavi
1165 1943 1367 1990 terram
1405 1954 1417 1989 :
1446 1935 1611 2007 319
1648 1951 1750 2006 ego
1784 1936 2051 1992 Dominus

2161 735 2395 805 ϐλέψατε
2447 735 2530 797 είς
2588 732 2650 785 τὸ
2704 731 2839 801 ὕψος
2889 730 3013 791 τοὺς
3062 724 3374 796 ὀφθαλμοὺς
3424 723 3602 794 ὑμῶν,
3657 724 3754 777 καὶ

2162 828 2322 891 ῐδετε,
2351 826 2436 891 τίς
2470 823 2746 888 κατέδειξε
2770 822 2946 876 ταῦτα
2984 820 3181 873 πάντα.
3224 837 3243 869 ι
3265 818 3376 870 Kal.
3396 816 3521 888 ἑξῆς
3546 835 3557 846 ’
3587 836 3605 868 ι
3634 816 3752 869 Κύ-

2161 937 2276 991 ριος
2297 922 2326 972 6
2346 918 2479 983 Θεὸς
2506 920 2534 971 6
2564 919 2792 987 ποιήσας
2821 914 2910 968 τὸν
2943 912 3172 985 οὐρανὸν
3190 950 3206 976 ,
3242 911 3336 964 καὶ
3364 908 3541 980 πήξας
3567 908 3749 972 αὑτὸν,

2157 1014 2187 1066 6
2228 992 2538 1082 στερεώσας
2586 1009 2683 1081 τὴν
2736 1011 2841 1080 γῆν
2890 1009 2984 1062 καὶ
3035 1006 3105 1059 τὰ
3136 1008 3194 1059 ἐν
3233 1006 3392 1076 αὐτῇ,
3439 1005 3533 1058 καὶ
3572 1004 3752 1066 διδοὺς

2158 1103 2327 1174 πνοὴν
2355 1102 2433 1173 τῷ
2456 1101 2570 1172 λαῷ
2594 1101 2671 1172 τῷ
2698 1103 2783 1155 ἐπ’
2823 1100 3013 1170 αὐτῆς,
3046 1100 3140 1152 καὶ⁹
3169 1097 3388 1167 πνεῦμα
3408 1098 3522 1159 τοῖς
3545 1094 3751 1148 πατοῦ-

2159 1213 2243 1249 σιν
2276 1195 2465 1266 αὺτήν,
2499 1193 2612 1265 ἐγὼ
2644 1193 2846 1265 Κύριος
2867 1195 2896 1245 6
2922 1192 3072 1255 Θεός.
3090 1211 3108 1243 ι
3137 1192 3248 1244 Ka‘t
3266 1189 3410 1259 ἑξῆς
3434 1207 3453 1239 t
3476 1187 3750 1252 Ἐξέτεινα

2155 1289 2246 1341 τὸν
2264 1287 2492 1358 οὐρανὸν
2518 1287 2700 1356 μόνος,
2740 1284 2836 1337 καὶ
2864 1282 3176 1354 ἐστερέωσα
3203 1280 3302 1351 τὴν
3325 1282 3428 1349 γῆν
3447 1295 3459 1307 ³
3497 1277 3608 1345 ἐγὼ
3636 1276 3751 1331 Κύ-

2160 1396 2272 1451 ριος
2298 1381 2327 1432 6
2351 1377 2486 1441 Θεός
2506 1395 2519 1407 ·
2551 1378 2653 1431 οὑκ
2676 1376 2791 1430 ἔστι
2822 1373 2962 1445 πλὴν
2986 1373 3145 1445 ἐμοῦ.
3179 1392 3196 1424 ι
3224 1374 3334 1425 Καὶ
3368 1370 3528 1424 πάλιν
3549 1387 3564 1401 ·
3601 1388 3619 1421 ι
3641 1368 3751 1423 Οὖ-

2154 1488 2262 1535 τως
2296 1471 2471 1542 ἐρεῖτε
2504 1470 2720 1533 αὐτοῖς’
2755 1467 2900 1530 Θεοὶ,
2927 1467 2976 1520 οἶ
3010 1465 3100 1519 τὸν
3130 1465 3357 1537 οὐρανὸν
3396 1465 3490 1516 καὶ
3515 1462 3612 1534 τὴν
3642 1465 3749 1535 γῆν

2155 1563 2253 1615 οὐκ
2283 1544 2566 1633 ἐποίησαν,
2598 1558 2985 1614 ἁπολέσθωσαν
3017 1557 3127 1611 άπὸ
3160 1556 3448 1628 προσώπου
3483 1555 3586 1625 τῆς
3615 1555 3743 1626 γῆς,

2155 1654 2250 1707 καὶ
2275 1652 2627 1707 ὑποκάτωθεν
2658 1651 2754 1704 τοῦ
2782 1649 3039 1725 ούρανοῦ.
3072 1649 3275 1719 Κύριος
3307 1650 3336 1702 6
3384 1649 3615 1718 ποιήσας
3643 1646 3746 1719 τὴν

2154 1745 2257 1814 γῆν
2289 1747 2349 1798 ἐν
2372 1748 2438 1816 τῇ
2477 1744 2622 1814 ίσχύῐ
2659 1743 2823 1797 αὑτοῦ
2851 1741 3147 1813 άνώρθωσε
3177 1740 3275 1812 τὴν
3325 1740 3651 1811 οἰκουμένην
3683 1739 3746 1794 ἐν

2152 1835 2218 1903 τῇ
2245 1833 2407 1904 σοφίᾳ
2436 1832 2602 1886 αὑτοῦ
2621 1873 2636 1898 ,
2689 1833 2784 1886 καὶ
2830 1834 2889 1885 ἐν
2919 1835 2986 1903 τῇ
3016 1832 3276 1903 φρονήσει
3308 1830 3472 1884 αὐτοῦ
3506 1829 3743 1897 ἐξέτεινε

2153 1925 2243 1978 τὸν
2259 1925 2506 1995 οὐρανὸν,
2529 1925 2623 1979 καὶ
2644 1926 2887 1996 ἀνήγαγε
2914 1923 3142 1993 νεφέλας
3165 1922 3223 1988 ἐξ
3241 1924 3469 1993 ἐσχάτου
3491 1923 3592 1992 τῆς
3612 1924 3737 1994 γῆς’

466 2022 613 2079 Deus
643 2044 658 2080 :
693 1995 878 2081 nullus
925 2034 1008 2080 est
1036 2035 1231 2094 praeter
1264 1995 1813 2081 me”.vilititerum
1846 2046 1860 2082 :
1903 2047 1923 2079 ι
1958 2027 2039 2083 Sit

2152 2017 2441 2088 ἀστραπὰς
2461 2019 2542 2080 είς
2575 2018 2729 2071 ὑετὸν
2767 2017 3014 2088 ἐποίησε,
3056 2016 3159 2083 ,καὶ
3196 2014 3463 2085 ἐξήγαγεν
3502 2014 3741 2085 ἀνέμους

465 2116 660 2172 dicetis
692 2117 825 2187 ipsis
854 2116 995 2180 :Dii,
1025 2118 1122 2187 qui
1153 2117 1355 2173 caelum
1396 2126 1452 2174 et
1498 2127 1700 2172 terram
1751 2134 1861 2174 non
1906 2119 2050 2175 fece-

465 2215 617 2269 runt,
651 2214 878 2276 pereant
912 2221 942 2259 a
975 2207 1117 2261 facie
1150 2216 1328 2270 terrae,
1364 2217 1418 2261 et
1444 2208 1512 2263 de
1541 2208 1643 2263 sub
1668 2208 1831 2263 coelo.
1864 2207 2050 2263 Domi-

464 2312 593 2362 nus,
625 2298 719 2368 qui
768 2296 896 2353 fecit
938 2309 1141 2353 terram
1199 2299 1252 2352 in
1294 2297 1618 2354 fortitudine
1658 2314 1779 2366 sua,
1810 2301 2049 2355 correxit

463 2390 651 2445 orbem
689 2400 846 2445 terra:
886 2391 941 2444 in
973 2391 1240 2461 sapientia
1277 2406 1397 2455 sua,
1432 2401 1487 2445 et
1528 2392 1581 2445 in
1629 2392 1917 2462 prudentia
1948 2408 2046 2447 sua

463 2481 707 2535 extendit
748 2482 970 2547 caelum,
1005 2490 1061 2536 et
1084 2482 1316 2536 elevavit
1362 2483 1536 2538 nubes
1571 2484 1640 2538 ab
1667 2495 1915 2539 extremo
1943 2493 2048 2539 ter-

461 2588 540 2628 ra:
572 2590 587 2627 :
624 2572 838 2645 fulgura
886 2575 941 2628 in
990 2574 1229 2643 pluviam
1260 2573 1409 2639 fecit,
1435 2583 1489 2629 et
1523 2575 1708 2630 eduxit
1738 2585 1934 2632 ventos
1978 2576 2046 2631 de

461 2664 737 2736 thesauris
789 2666 925 2721 suis.
965 2664 1177 2720 Stultus
1225 2664 1404 2721 factus
1449 2676 1533 2721 est
1578 2669 1759 2724 omnis
1807 2670 1974 2724 homo
2012 2683 2044 2724 a

460 2756 762 2810 scientia”.
795 2775 814 2809 ι
855 2756 1160 2812 Etrursus:
1186 2776 1204 2806 ‹
1231 2756 1351 2822 Quo
1378 2757 1467 2812 ibo
1492 2773 1523 2811 a
1546 2759 1736 2828 spiritu
1768 2769 1881 2826 tuo,
1906 2777 1935 2816 a
1965 2760 2046 2816 fa-

459 2848 543 2903 eie
567 2858 659 2903 tua
695 2849 787 2903 ubi
823 2850 1184 2904 occultabor?
1207 2847 1265 2903 Si
1303 2851 1600 2905 ascendero
1628 2852 1681 2905 in
1713 2854 1935 2919 caelum,
1984 2863 2041 2908 tu

456 2941 571 2995 illic
600 2956 660 2996 es
696 2959 711 2996 :
741 2942 788 2997 si
822 2957 908 2996 me
940 2949 1187 2997 stravero
1223 2943 1277 2997 in
1321 2943 1560 3009 inferno,
1596 2944 1728 3001 ades
1767 2964 1780 3000 :
1812 2946 1857 3000 si
1890 2962 2043 3002 sum-

456 3046 620 3102 psero
653 3047 862 3102 pennas
890 3048 1042 3087 meas
1084 3034 1347 3101 diluculo,
1377 3043 1432 3091 et
1478 3036 1798 3091 habitavero
1844 3038 1898 3091 in
1946 3054 2044 3094 ex-

457 3125 650 3180 tremis
701 3127 911 3182 maris:
946 3128 1147 3182 etenim
1210 3128 1341 3184 illuc
1397 3146 1597 3187 manus
1660 3139 1752 3187 tua
1809 3131 2043 3189 deducet

432 3233 545 3270 .ine
562 3217 663 3269 ⁸⁷.»
692 3217 869 3287 Atque
899 3217 1015 3271 haec
1042 3226 1346 3289 caateraquc
1372 3219 1458 3275 his
1478 3219 1675 3283 atﬁnia,
1700 3236 1888 3276 eorum
1915 3233 2040 3278 sunt

2150 2111 2215 2163 ἐκ
2248 2108 2539 2182 θησαυρῶν
2576 2109 2762 2164 αὐτοῦ.
2812 2108 3136 2181 Ἐμωράνθη
3167 2110 3274 2171 πᾶς
3312 2107 3599 2179 ἄνθρωπος
3627 2106 3737 2160 ἀπὸ

2150 2199 2423 2269 γνώσεως.
2456 2220 2475 2253 ι
2506 2202 2619 2255 Καὶ
2649 2201 2811 2255 πάλιν
2836 2217 2851 2231 ο
2883 2220 2909 2252 ιι
2926 2199 3037 2253 Ποῦ
3058 2199 3307 2270 πορευθῶ
3330 2199 3438 2253 ἀπὸ
3456 2198 3552 2251 τοῦ
3574 2198 3736 2251 πνεύ-

2152 2294 2321 2364 ματός
2350 2311 2466 2359 σου,
2501 2296 2597 2349 καὶ
2628 2292 2849 2348 ἀπὸτοῦ
2899 2292 3191 2365 προσώπου
3227 2310 3320 2345 σου
3356 2292 3459 2345 ποῦ
3504 2291 3730 2362 κρυ6ῶ;

2161 2388 2285 2441 Ἐὰν
2310 2388 2496 2442 ἀναόὦ
2525 2390 2605 2453 είς
2629 2390 2721 2442 τὸν
2746 2388 2996 2459 οὐρανὸν,
3022 2388 3087 2440 σὺ
3111 2389 3228 2440 ἐκεῖ
3259 2382 3311 2440 εἴ
3329 2403 3344 2417 ο
3380 2385 3475 2439 ἐὰν
3506 2383 3745 2455 στρώσωλ

2147 2480 2227 2543 είς
2252 2480 2345 2533 τὸν
2370 2479 2525 2551 ᾅδην,
2555 2483 2756 2552 πάρει’
2780 2482 2827 2533 εί
2849 2479 3172 2550 ἁναλάϐοιμι
3200 2478 3298 2542 τὰς
3321 2477 3596 2548 πτέρυγάς
3628 2494 3731 2548 μου

2146 2574 2267 2628 κατ’
2297 2574 2513 2647 ὄρθρον,
2547 2574 2641 2627 καὶ
2670 2571 3156 2642 κατασκηνώσαιμι
3179 2573 3259 2634 εἰς
3291 2570 3360 2623 τὰ
3398 2569 3601 2639 ἔσχατα
3630 2568 3729 2637 τῆς

2146 2665 2459 2737 θαλάσσης*
2508 2667 2603 2721 καὶ
2645 2665 2754 2737 γὰρ
2796 2666 2965 2735 ἐκεῖή
3021 2665 3142 2735 χείρ
3174 2679 3265 2716 σου
3295 2660 3547 2732 ὁδηγήσει
3581 2678 3669 2731 με.
3704 2679 3737 2711 ι

2156 2757 2318 2810 Ἀλλὰ
2341 2757 2513 2811 ταῦτα
2537 2758 2633 2829 μὲν
2656 2758 2748 2811 καὶ
2766 2757 2835 2810 τά
2854 2756 3064 2819 τούτοις
3084 2757 3245 2826 ὃμοια
3268 2753 3377 2806 τῶν
3400 2754 3538 2824 μετὰ
3565 2754 3729 2807 Monii-

2147 2849 2556 2918 σέαθεολόγων,
2593 2850 2699 2903 τῶν
2732 2849 2796 2917 δὴ
2832 2848 2924 2902 καὶ
2954 2848 3137 2902 αὐτῶν
3182 2847 3450 2918 Ἑϐραίων
3471 2887 3486 2911 ,
3528 2845 3730 2915 τυγχά-

2144 2959 2244 3007 νει,
2279 2942 2488 3013 συνῳδά
2517 2945 2628 3006 τοῖς
2655 2941 3007 3005 παλαιτάτοις
3031 2941 3369 3014 προπάτορσι
3416 2939 3729 3009 θεολογούν-

2140 3051 2249 3089 των
2268 3052 2282 3065 ·
2311 3034 2418 3088 τῶν
2446 3036 2504 3089 δέ
2537 3052 2600 3104 γε
2636 3036 2743 3106 πρὸ
2775 3035 3052 3098 Μωῦσέως
3075 3034 3339 3105 θεοφιλῶν
3377 3036 3470 3087 καὶ
3494 3049 3727 3105 τρισμα-

2140 3127 2347 3198 καρίων
2380 3126 2610 3197 ἀνδρῶν,
2643 3119 2750 3181 τῶν
2774 3129 2838 3199 δὴ
2870 3128 2962 3182 καὶ
2984 3126 3215 3198 πρώτων
3250 3127 3536 3198 Ἐϐραίων,
3559 3124 3733 3179 αὑτοῦ·

2140 3236 2201 3272 τε
2222 3218 2438 3290 πρώτου
2466 3219 2684 3273 πάντων
2715 3217 2989 3292 Ἀϐραὰμ,
3022 3218 3082 3282 ὃς
3139 3219 3233 3271 καὶ
3271 3217 3572 3289 προπάτωρ
3630 3214 3727 3269 τοῦ

458 3305 858 3377 theologorum,
894 3310 983 3378 qni
1020 3325 1144 3363 cum
1189 3320 1373 3365 essent
1422 3310 1522 3380 ipsi
1553 3328 1771 3382 quoque
1800 3311 2038 3385 Moysem

2144 3311 2343 3375 παντὸς
2393 3312 2664 3365 Ἰουδαίων
2692 3311 2878 3375 ἔθνους
2902 3311 3210 3382 ἀνείρηται,
3242 3311 3423 3365 ἄκουε.
3466 3330 3484 3361 ι
3514 3305 3648 3363 Εἴπε
3669 3310 3727 3363 δέ

456 3393 701 3467 tempore
735 3399 1036 3465 consecuti,
1072 3401 1140 3454 de
1184 3399 1296 3455 Deo
1344 3402 1604 3457 similiter
1635 3405 2035 3475 antiquissimis

456 3489 566 3544 illis
597 3488 849 3544 Patribus
875 3491 1090 3561 gemina
1122 3492 1461 3547 cecinerunt.
1495 3491 1614 3548 Jam
1657 3510 1787 3549 vero
1816 3496 2032 3551 illorum

456 3580 735 3650 deinceps,
764 3583 856 3651 qui
893 3593 1019 3636 ante
1044 3581 1282 3653 Moysem
1316 3584 1592 3651 vixerunt,
1618 3593 1672 3639 et
1705 3584 1816 3639 Deo
1846 3588 2037 3642 claris-

456 3672 744 3737 simorum,
771 3683 827 3728 et
852 3674 1287 3729 beatissimorum
1318 3675 1584 3740 virorum,
1613 3678 1813 3748 quique
1844 3680 2034 3734 eodem

456 3763 810 3821 Hebraeorum
856 3783 922 3821 ex
967 3782 1165 3838 genere
1209 3768 1448 3833 fuerunt,
1479 3769 1725 3838 adeoque
1772 3771 2035 3841 principis

458 3858 704 3912 omnium
731 3857 1053 3924 Ahrahami,
1088 3874 1249 3928 quem
1281 3859 1553 3915 universae
1587 3859 1900 3916 Judmorum
1943 3880 2035 3918 na-

458 3950 624 4005 tionis
653 3958 929 4018 parentem
954 3950 1251 4015 celebrant,
1276 3966 1439 4006 voces
1473 3952 1600 4007 audi
1637 3972 1650 4008 :
1692 3971 1711 4005 ι
1744 3952 1891 4008 Dixit
1935 3970 2034 4010 au-

458 4054 566 4096 tem
619 4041 892 4095 Abraham
944 4041 1010 4095 ad
1060 4056 1241 4112 regem
1278 4040 1644 4097 Sodomorum
1678 4063 1692 4098 :
1728 4042 2031 4101 Extendam

454 4150 677 4189 manum
732 4149 907 4188 meam
969 4134 1036 4188 ad
1090 4132 1256 4188 Deum
1311 4134 1660 4203 altissimum,
1699 4138 1792 4207 qui
1828 4140 2034 4194 creavit

455 4227 654 4281 malum
680 4235 735 4280 et
761 4233 959 4280 terram
982 4225 1048 4279 ⁸⁸.
1064 4245 1083 4277 ι
1110 4224 1223 4279 lmo
1248 4234 1374 4280 ante
1389 4226 1662 4282 Abraham
1679 4228 2033 4287 Melchisedec

454 4316 551 4372 Dci
597 4318 849 4373 altissimi
903 4318 1160 4374 sacerdos
1211 4318 1595 4384 introducitur,
1633 4321 1726 4390 qui
1754 4323 2032 4392 conceptis

455 4411 636 4465 verbis
667 4410 748 4465 sic
775 4411 1087 4465 Abrahamo
1110 4412 1381 4466 benedicit
1410 4431 1423 4466 :
1462 4431 1480 4463 ι
1509 4413 1834 4469 Benedictus
1857 4413 2032 4467 Abra-

453 4503 580 4558 bam
611 4504 720 4558 Deo
741 4504 979 4566 excelso,
1009 4502 1101 4572 qui
1135 4503 1358 4559 tradidit
1388 4505 1710 4559 hostestuos
1742 4506 1794 4559 in
1831 4520 2028 4561 manus

451 4601 618 4648 tuas:
653 4600 709 4648 et
754 4593 1072 4648 benedictus
1124 4593 1287 4657 Deus,
1328 4595 1421 4664 qui
1480 4596 1687 4650 creavit
1730 4597 1930 4653 emtum
1975 4605 2030 4652 et

2155 3402 2405 3473 Ἀϐραὰμ
2432 3403 2569 3475 πρὸς
2601 3401 2821 3473 βασιλέα
2847 3401 3123 3472 Σοδόμων·
3168 3400 3401 3453 Ἐκτενῶ
3433 3401 3532 3470 τήν
3565 3402 3729 3470 χεῖρᾶ

2146 3513 2245 3566 μου
2275 3496 2410 3566 πρὸς
2437 3495 2528 3548 τὸν
2557 3496 2687 3548 Θεὸν
2715 3495 2807 3548 τὸν
2840 3493 3081 3563 ὕψιστον,
3110 3493 3170 3555 ὃς
3202 3492 3383 3545 ἔκτισε
3427 3493 3519 3545 τὸν
3555 3494 3721 3560 ούρα-

2141 3589 2231 3641 νὸν
2259 3589 2352 3640 καὶ
2368 3587 2465 3658 τὴν
2494 3588 2616 3657 γῆν.
2660 3605 2678 3636 ι
2718 3587 2827 3638 Kal.
2860 3586 2966 3655 πρό
2987 3601 3050 3652 γε
3080 3582 3176 3636 τοῦ
3217 3581 3469 3654 Ἀϐραὰμ
3506 3582 3724 3651 εἰσάγε-

2139 3696 2230 3733 ται
2262 3682 2290 3732 ό
2321 3678 2646 3749 Μελχισεδὲκ
2683 3679 2862 3749 ἱερεὺς
2892 3676 2985 3729 τοῦ
3016 3674 3151 3728 Θεοῦ
3183 3674 3276 3728 τοῦ
3326 3675 3549 3745 ὑψίστου
3574 3717 3588 3738 ,
3629 3675 3722 3727 τὸν

2154 3771 2403 3841 Ἀϐραὰμ
2434 3771 2668 3839 εὐλογῶν
2697 3770 2907 3833 τούτοις
2938 3771 3049 3832 τοῖς
3094 3768 3361 3839 ῥήμασιν·
3406 3785 3426 3818 ι
3478 3767 3686 3839 Εὑλογη
3705 3797 3720 3807 -

2144 3862 2301 3933 μένος
2344 3859 2593 3934 Ἀϐραὰμ
2614 3860 2689 3932 τῷ
2707 3859 2826 3930 Θεῷ
2848 3858 2923 3930 τῷ
2951 3860 3181 3931 ὑψίστῳ,
3205 3858 3265 3924 ὃς
3292 3859 3577 3930 παρέδωκε
3595 3861 3729 3924 τοὺς

2140 3953 2366 4025 ἐχθρούς
2399 3970 2493 4006 σου
2519 3953 2862 4024 ὑποχειρίους
2894 3968 3007 4006 σοι·
3042 3952 3137 4006 καὶ
3170 3951 3463 4023 εὐλογητὸς
3494 3953 3523 4005 6
3566 3951 3719 4015 Θεὸς,

2139 4045 2198 4109 ὃς
2222 4044 2402 4099 ἔκτισε
2429 4046 2521 4098 τὸν
2547 4044 2775 4116 οὐρανὸν
2801 4045 2894 4098 καὶ
2919 4045 3018 4117 τὴν
3048 4045 3173 4114 γῆν.
3211 4064 3230 4098 ο
3269 4047 3389 4099 Ἔτι
3418 4045 3555 4117 πρὸς
3598 4045 3721 4099 τού-

2138 4153 2251 4201 τοις
2281 4138 2310 4188 6
2338 4137 2493 4205 λόγος
2520 4136 2609 4201 τὸν
2648 4136 2899 4208 Ἀϐραὰμ
2941 4138 3151 4206 εἰσάγει
3180 4135 3259 4208 τῷ
3310 4138 3494 4208 οἰκείῳ
3542 4137 3719 4190 τοιάδε

2140 4228 2661 4299 προσδιαλεγόμενον
2688 4245 2700 4259 ·
2735 4247 2754 4280 ι
2793 4228 2897 4293 Θές
2927 4229 3025 4300 τὴν
3056 4231 3213 4301 χεῖρά
3243 4247 3335 4282 σου
3368 4229 3474 4282 ὑπὸ
3504 4229 3593 4282 τὸν
3618 4247 3722 4299 μη-

2143 4321 2232 4391 ρόν
2261 4338 2383 4393 μου,
2412 4321 2505 4374 καὶ⁸
2533 4320 2763 4391 ἐξορκιῶ
2797 4338 2855 4374 σε
2891 4320 3095 4392 Κύριον
3126 4321 3218 4375 τὸν
3244 4319 3377 4373 Θεὸν
3419 4318 3514 4374 τοῦ
3557 4321 3725 4391 οὑραςι

2141 4409 2234 4465 νοῦ
2258 4452 2272 4473 ,
2328 4411 2419 4465 καὶ
2444 4412 2534 4465 τὸν
2560 4411 2690 4465 Θεὸν
2710 4412 2806 4483 τῆς
2825 4410 2946 4482 γῆς.
2974 4431 2992 4462 ι
3025 4413 3135 4464 Kal.
3164 4409 3403 4480 ἐπιλέγει
3432 4426 3441 4440 '
3466 4428 3484 4461 ι
3516 4409 3720 4478 Κύριος

2136 4506 2165 4556 6
2188 4503 2321 4566 Θεὸς
2341 4501 2435 4556 τοῦ
2462 4502 2690 4575 ούρανοῦ
2711 4545 2726 4571 ,
2767 4504 2860 4556 καὶ
2886 4504 2915 4555 6
2945 4502 3078 4566 Θεὸς
3100 4504 3198 4573 τῆς
3222 4504 3345 4572 γῆς,
3381 4501 3436 4564 ὃς
3465 4500 3623 4554 ἔλαϐέ
3650 4518 3717 4571 με

2136 4597 2201 4649 ἐκ
2244 4594 2338 4648 τοῦ
2370 4594 2520 4649 οἴκου
2559 4594 2653 4649 τοῦ
2706 4596 2912 4665 πατρός
2949 4611 3083 4665 μου,
3116 4593 3210 4647 καὶ
3238 4597 3301 4647 ἐκ
3332 4594 3429 4664 τῆς
3468 4593 3604 4662 γῆς,
3648 4588 3719 4664 ἧς

450 4692 654 4740 terram
676 4685 743 4738 ".
779 4703 797 4737 ι
831 4683 1004 4739 Porro
1036 4686 1286 4739 eumdem
1334 4685 1706 4741 Abrahamum
1758 4689 1930 4744 sacris
1980 4688 2031 4742 in

2144 4685 2457 4756 ἐγεννήθην.
2514 4705 2533 4738 i
2581 4686 2704 4739 Ἐπὶ
2752 4689 2887 4739 πᾶσι
2922 4684 3131 4749 τούτοις
3178 4686 3236 4738 ὲν
3264 4687 3330 4755 τῇ
3374 4684 3511 4756 πρὸς
3555 4684 3716 4736 αὑτὸν

450 4778 649 4835 litteris
679 4778 965 4843 habemus,
994 4793 1118 4832 cum
1152 4792 1263 4832 uno
1292 4794 1322 4833 e
1350 4781 1524 4835 servis
1547 4780 1653 4835 hoc
1678 4783 1844 4836 modo
1866 4781 2033 4837 collo-

447 4877 705 4940 quentem
733 4887 746 4922 :
771 4887 788 4919 ι
816 4868 963 4923 Pone
987 4885 1206 4924 manum
1231 4878 1378 4925 tuam
1406 4872 1594 4927 subter
1622 4871 1798 4927 femur
1825 4889 2029 4941 meum,

448 4970 504 5015 et
535 4960 804 5029 adjurabo
853 4969 906 5014 te
954 4976 1050 5030 per
1077 4960 1370 5016 Dominum
1402 4961 1570 5017 Deum
1601 4963 1748 5028 coali,
1777 4972 1832 5019 et
1858 4964 2027 5021 Deum

446 5050 691 5106 terrae“.
727 5070 746 5103 ι
782 5050 849 5105 Et
872 5051 1034 5121 paulo
1064 5061 1185 5122 post
1220 5070 1233 5105 :
1274 5071 1292 5103 ι
1324 5053 1588 5109 Dominus
1621 5054 1764 5111 Deus
1803 5057 1947 5123 cteli,
1975 5067 2030 5113 et

446 5150 622 5207 terrae,
653 5143 745 5214 qui
798 5144 1006 5213 accepit
1060 5160 1147 5201 me
1191 5145 1258 5201 de
1308 5146 1473 5201 domo
1520 5148 1692 5218 patris
1722 5149 1850 5213 mei,
1877 5151 2023 5206 etde

442 5241 607 5297 terra,
641 5235 693 5287 in
726 5250 833 5304 qua
857 5246 1015 5292 natus
1054 5251 1175 5291 sum
1195 5237 1262 5292 ".
1299 5257 1318 5288 ι
1354 5237 1566 5304 Quibus
1601 5241 1858 5296 omnibus
1889 5241 2021 5296 illud

440 5325 606 5379 etiam
658 5328 878 5398 adiungi
931 5339 1127 5398 potest,
1158 5331 1301 5400 quod
1328 5347 1394 5385 ex
1424 5330 1557 5397 Deo,
1588 5333 1681 5403 qui
1715 5334 1818 5388 sibi
1851 5350 2021 5405 appa-

442 5425 646 5480 ruerat,
686 5417 896 5490 Moyses
925 5421 1151 5476 audivit.
1185 5421 1462 5488 Quzerenti
1491 5425 1633 5478 enim
1672 5424 1798 5494 ipsi,
1834 5441 2021 5495 quem-

440 5509 730 5564 admodum
778 5522 923 5567 esset
966 5513 1034 5569 de
1081 5513 1191 5569 Deo
1223 5516 1590 5579 sentiendum,
1626 5517 1909 5571 oraculum
1944 5517 2017 5572 ita

438 5601 719 5667 respondit
747 5620 761 5656 :
799 5621 817 5653 ι
848 5602 961 5673 Ego
990 5620 1110 5659 sum
1159 5606 1252 5675 qui
1302 5622 1423 5661 sum
1452 5626 1464 5660 ι
1500 5607 1579 5662 sic
1603 5607 1754 5662 dices
1780 5608 1903 5662 ﬁliis
1934 5607 2014 5662 ls-

439 5691 549 5744 rael
572 5690 701 5757 :Qui
726 5703 827 5758 est,
860 5696 1009 5751 misit
1044 5713 1131 5753 me
1180 5699 1247 5753 ad
1297 5715 1397 5754 vos
1415 5698 1483 5751 θ’.
1517 5719 1535 5749 ι
1575 5699 1655 5755 Ac
1684 5701 1751 5755 de
1784 5699 2015 5757 inﬁnitis

439 5795 610 5851 pauca
646 5781 747 5837 ista
776 5782 1124 5842 Hebraeorum
1145 5804 1213 5844 ex
1233 5790 1505 5862 theologia
1528 5793 1696 5863 petita
1720 5794 2012 5851 sutliciant.

508 5895 557 5972 ’ξ
584 5894 695 5972 Jer.
726 5912 878 5959 mn,
913 5899 979 5964 ις
1009 5899 1116 5972 lsa.
1145 5919 1231 5967 XL,
1264 5904 1349 5957 12.
1462 5905 1507 5937 ⁸³
1537 5905 1638 5960 lsa.
1666 5923 1754 5971 ιιι,
1786 5909 1875 5972 22,
1907 5909 1996 5962 9.6.

2111 5909 2158 5940 5"
2194 5908 2297 5963 lsa.
2332 5925 2461 5963 xui.
2499 5909 2549 5961 ὅ.

441 5963 484 5995 ’τ
523 5963 666 6023 Psal.
717 5951 979 6033 cxxsvm,
1007 5971 1060 6023 7.
1135 5973 1180 6003 “
1212 5951 1347 6028 Cen.
1383 5990 1492 6044 xlv,
1527 5976 1616 6029 9.2.
1693 5951 1898 6033 "‘ibid.
1935 5980 2000 6033 t9
2100 5980 2143 6011 ⁸ο
2169 5951 2303 6034 Ceu.
2330 5951 2477 6043 xxiv’,
2515 5981 2566 6035 5.

2132 4777 2371 4833 Μωῦσέα
2404 4777 2713 4850 θεοφανείᾳ,
2747 4776 3035 4848 πυθομένῳ
3063 4777 3141 4848 τῷ
3173 4777 3379 4847 Μωῦσῇ
3404 4816 3418 4838 ,
3457 4774 3577 4829 τίνα
3608 4774 3715 4847 χρὴ

2129 4872 2220 4926 τὸν
2253 4872 2384 4926 Θεὸν
2417 4872 2687 4943 ἡγεῖσθαι,
2726 4873 2891 4942 φησιν
2923 4874 2951 4925 6
2972 4874 3217 4943 χρησμός
3238 4888 3252 4900 ·
3292 4889 3310 4921 ι
3365 4871 3505 4938 Ἐγώ
3530 4871 3644 4940 εἰμι
3684 4870 3715 4922 6

2127 4963 2232 5018 ῶν·
2258 4965 2429 5029 οὕτως
2461 4967 2607 5037 ἐρεῖς
2628 4967 2738 5029 τοῖς
2767 4967 2907 5028 υἱοῖς
2943 4963 3191 5035 Ἰσραήλ·
3227 4964 3285 5017 '0
3301 4961 3375 5017 ὣν
3404 4961 3713 5016 ἀπέσταλκέ

2130 5074 2197 5128 με
2223 5058 2359 5129 πρὸς
2387 5058 2551 5129 ὑμᾶς.
2579 5077 2597 5108 ι
2626 5057 2813 5111 Ταῦτα
2833 5057 2930 5129 μὲν
2947 5054 3039 5111 οὖν
3068 5058 3174 5111 ἀπὸ
3201 5058 3408 5129 μυρίων
3442 5057 3583 5110 ὅσων
3613 5056 3713 5127 τῆς

2136 5148 2405 5221 Ἐϐραίων
2428 5148 2708 5219 θεολογίας
2734 5149 3021 5204 ἐκκείσθω.
3044 5148 3170 5223 'A9‘
3198 5146 3292 5204 οὖν
3319 5146 3470 5215 ἄξιον
3499 5150 3557 5202 ἐν
3579 5164 3712 5217 συγ-

2126 5241 2305 5313 κρίσει
2337 5241 2708 5312 παραὸάλλειν
2738 5242 2936 5306 αὐτοὺς
2967 5242 3068 5306 τὰς
3088 5242 3194 5295 τῶν
3222 5242 3402 5312 σοφῶν
3448 5240 3711 5311 Ἑλλήνων

2127 5335 2424 5405 θεολογίας,
2455 5336 2565 5390 τῶν
2600 5336 2696 5407 μὲν
2723 5336 2843 5407 μηδ’
2863 5336 2999 5399 ὅλως
3028 5332 3165 5388 εἶναι
3195 5335 3326 5389 Θεὸν
3356 5333 3709 5405 ἀποφηναμέ-

2128 5425 2379 5487 νων,τῶν
2404 5424 2460 5478 δὲ
2492 5426 2618 5488 τοὺς
2650 5425 2884 5496 ἀστέρας
2912 5426 3050 5478 εἶναι
3075 5426 3392 5494 φασκόντων
3414 5467 3429 5491 ,
3473 5423 3569 5487 οὓς
3617 5423 3710 5477 καὶ
3742 5410 3747 5417 ’

2129 5516 2361 5588 μύδρους
2382 5519 2671 5587 τυγχάνειν
2697 5517 3015 5588 διαπύρους,
3038 5518 3182 5588 ἥλων
3210 5520 3303 5571 καὶ
3350 5517 3599 5571 πετάλων
3631 5516 3709 5569 δί-

2124 5627 2228 5681 κην
2253 5610 2644 5681 ἐμπεπηγότας
2681 5609 2759 5680 τῷ
2784 5611 2998 5681 οὐρανῷ
3020 5628 3033 5640 °
3060 5610 3168 5662 τῶν
3197 5610 3254 5663 δὲ
3292 5610 3403 5681 πῦρ
3438 5605 3575 5662 εἶναι
3620 5625 3708 5660 τε-

2122 5704 2304 5775 χνικὸν
2336 5704 2440 5774 ὁδῷ
2473 5703 2686 5774 βαδίζον
2708 5720 2720 5733 ·
2755 5704 2846 5756 καὶ
2877 5703 2985 5756 τῶν
3043 5704 3142 5772 μὲν
3176 5702 3250 5773 μὴ
3301 5702 3529 5773 προνοίᾳ
3570 5698 3705 5753 Θεοῦ
3776 5703 3791 5727 ⁸

2119 5796 2438 5849 διοικεῖσθαι
2460 5795 2550 5848 τὸν
2586 5796 2810 5864 κόσμον,
2844 5794 3004 5863 φύσει
3036 5794 3091 5846 δέ
3112 5811 3215 5846 τινι
3248 5793 3454 5863 άλόγιχν
3488 5791 3596 5844 τῶν
3626 5791 3703 5855 δὲ,

2651 5910 2696 5939 ⁸⁵
2724 5910 2823 5961 lsa.
2863 5923 3002 5967 κων,
3044 5907 3132 5960 ει.
3248 5910 3295 5936 ⁸⁸
3343 5906 3452 5961 Jcr.
3489 5924 3542 5975 x,
3610 5908 3700 5962 Η.

2644 5979 2683 6009 ⁸⁸
2715 5979 2844 6035 ibid.
2881 5979 2929 6032 7.
3009 5976 3256 6073 “‘Exod.
3293 5994 3370 6046 tu,
3402 5980 3481 6033 Η.
