4166 6444
442 551 540 607 5M
1576 551 1900 607 ΡῙὶ-ᾹΞΡΑΒ.
1940 550 2030 606 EV

2136 553 2191 607 [ἓ.
2236 549 2364 605 LIB.
2406 548 2510 606 V-ll‘
3603 550 3715 606 διε

439 678 511 732 τὰ
542 675 640 748 μὲν
684 673 910 746 οὐράνια
965 673 1099 745 μόνα
1147 674 1252 727 ῢπδ
1276 673 1412 727 Θεοῦ
1444 674 1797 738 διοικεῖσθαι,
1831 674 1893 725 οὐ
1927 673 2031 745 μὴν

2136 672 2513 743 Quisquamne
2560 689 2690 729 vero
2744 690 2868 730 cum
2920 675 3028 731 illis
3072 675 3320 746 egregias
3367 674 3718 759 eruditorum.

440 768 535 822 καὶ
562 766 630 819 τὰ
659 765 751 819 ἐπὶ
773 767 876 837 γῆς
896 782 910 796 θ
944 766 1038 819 καὶ
1068 764 1249 827 πάλιν,
1272 765 1569 836 ἀγέννητον
1619 760 1759 817 εἷναι
1798 763 1889 816 τόν
1936 764 2029 817 κό-

2136 763 2447 819 Graecorum
2483 766 2549 821 de
2578 766 2687 821 Deo
2714 768 3117 837 disputationes
3143 768 3500 823 conferendas
3522 768 3711 837 putet?

443 876 599 930 σμον,
633 857 729 911 καὶ
762 858 886 928 μήθ’
909 857 1046 921 ὅλως
1071 857 1177 909 ὑπὸ
1203 856 1338 909 Θεοῦ
1368 856 1653 924 γενέσθαι,
1708 855 2031 926 αὐτομάτως

2136 869 2367 923 quorum
2403 858 2494 910 alii
2544 858 2883 914 divinitatem
2922 859 3167 914 funditus
3214 875 3432 914 omnem
3476 859 3713 913 sustule-

440 952 498 1007 δὲ
524 953 615 1005 καὶ
645 950 980 1020 συντυχικῶς
1011 950 1310 1019 ὑφεστάναι
1334 968 1345 980 ·
1370 950 1479 1003 τῶν
1508 950 1586 1013 δὲ,
1614 949 1673 1014 ἐξ
1700 949 1918 1019 ἀτόμων
1938 948 2031 1001 καὶ

441 1043 653 1098 λεπτῶν
681 1042 950 1113 σωμάτων
981 1041 1205 1111 ἀψύχων
1223 1041 1406 1102 τινῶν,
1436 1040 1527 1094 καὶ
1571 1039 1779 1107 ἀλόγων
1807 1038 1904 1109 τὴν
1934 1036 2027 1090 τοῦ

444 1135 643 1200 παντὸς
670 1135 929 1188 σύστασιν
947 1134 1248 1203 γεγονεναι.
1288 1133 1447 1185 Ἀλλὰ
1466 1133 1534 1185 τὰ
1563 1132 1660 1203 μὲν
1680 1133 1743 1184 ὲκ
1761 1131 1869 1183 τῶν
1896 1130 2025 1202 παρ’

453 1227 723 1299 Ἑϐραίοις
754 1227 949 1295 λογίων
973 1226 1103 1297 περὶ
1129 1225 1228 1277 τοῦ
1262 1226 1371 1277 τῶν
1393 1226 1528 1278 ὅλων
1550 1225 1684 1278 Θεοῦ
1710 1224 1787 1288 ὡς
1817 1226 1873 1276 ὲν
1897 1223 2027 1296 βρα-

438 1321 559 1391 χέσι
578 1318 803 1373 τοιαῦτα
819 1336 831 1348 ·
871 1318 1100 1371 συνιδεῖν
1127 1317 1181 1370 δὲ
1205 1317 1395 1370 ἕπεται
1421 1318 1513 1370 καὶ
1538 1317 1607 1369 τὰ
1630 1315 1767 1387 μετὰ
1803 1316 1892 1369 τὸν
1917 1315 2026 1368 τῶν

440 1413 575 1465 ὅλων
613 1411 744 1464 Θεὸν
788 1411 919 1482 περὶ
956 1410 1055 1481 τῆς
1096 1408 1205 1463 τῶν
1237 1407 1511 1479 γεννητῶν
1538 1409 1712 1479 ἀρχῆς
1756 1406 2025 1477 Ἑϐραίοις

440 1521 547 1574 πεφ
556 1505 771 1575 ιλοσοφη
782 1504 936 1574 μένα.

2130 954 2295 1012 runt;
2334 947 2426 1000 alii
2458 948 2632 1004 stellis
2657 952 2903 1003 eamdem
2951 950 3283 1014 tribuerunt,
3324 966 3462 1019 quas
3493 950 3596 1019 ipsi
3631 959 3714 1004 ta-

2132 1053 2254 1093 men
2297 1039 2489 1108 globos
2538 1042 2806 1111 quosdam
2837 1043 3024 1112 igneos
3049 1050 3103 1096 et
3135 1042 3431 1097 candentes
3462 1057 3585 1096 esse
3618 1056 3714 1096 vo-

2130 1129 2333 1192 lebant,
2374 1131 2538 1201 320
2586 1132 2640 1185 in
2689 1133 2829 1187 coelo
2863 1133 3141 1187 clavorum
3177 1142 3271 1188 aut
3304 1134 3629 1187 laminarum
3654 1133 3714 1187 in

2132 1236 2341 1275 morem
2369 1224 2474 1277 alte
2508 1225 2833 1293 penitusque
2857 1225 3067 1279 deﬁxos
3097 1243 3112 1278 :
3147 1225 3238 1278 alii
3279 1225 3515 1294 denique
3541 1224 3716 1278 artifi-

2131 1311 2344 1366 ciosum
2390 1314 2593 1383 ignem,
2623 1324 2679 1368 et
2725 1323 2873 1369 certo
2914 1316 3154 1385 quodam
3191 1316 3383 1370 ordine
3410 1331 3531 1371 sese
3561 1331 3717 1371 com-

2129 1413 2437 1459 moventem
2482 1404 2577 1460 Dei
2622 1406 2744 1461 loco
2773 1414 3104 1465 statuerunt.
3133 1408 3240 1462 Alii
3271 1416 3529 1478 przeterea
3563 1408 3721 1462 nullo

2131 1497 2227 1552 Dei
2286 1500 2521 1554 consilio
2575 1500 2842 1555 mundum
2898 1503 3214 1573 gubernari,
3268 1502 3360 1557 sed
3419 1501 3721 1556 temerario

437 1596 672 1662 quodam
721 1604 930 1649 natura;
976 1594 1179 1664 impetu
1225 1593 1353 1650 ferri
1415 1592 1727 1647 docebant:
1764 1588 1877 1649 alii,
1935 1602 2060 1642 cum
2101 1587 2154 1641 in
2222 1590 2538 1646 caelestibus
2575 1594 2740 1648 modo
2772 1594 2939 1649 rebus
2980 1594 3190 1648 divina:-
3224 1593 3583 1648 Providentiae
3611 1593 3724 1647 du—

438 1701 585 1743 ctum
616 1697 989 1759 agnoscerent,
1042 1687 1388 1743 terrestribus
1428 1699 1644 1739 omnem
1697 1680 2028 1735 adimebant.
2069 1677 2304 1746 Rursus,
2336 1690 2459 1736 ortu
2510 1685 2753 1740 caruisse
2804 1684 3069 1739 mundum
3120 1686 3202 1739 vel
3237 1700 3269 1739 a
3296 1684 3407 1739 Deo
3431 1685 3714 1740 conditum

439 1793 562 1834 eum
608 1778 777 1835 fuisse
819 1781 1134 1849 negabant:
1168 1794 1295 1833 cum
1358 1777 1451 1830 alii
1508 1790 1607 1831 sua
1658 1780 1851 1843 sponte
1878 1780 1932 1826 et
1958 1786 2091 1825 casu
2129 1773 2369 1841 quodam
2415 1776 2691 1831 exstitisse
2744 1777 2898 1832 illum
2946 1786 3000 1832 et
3030 1777 3301 1832 coaluisse
3340 1778 3570 1843 vellent;
3619 1768 3718 1830 alii

439 1883 571 1923 vero
603 1885 670 1924 ex
736 1870 1034 1925 individuis
1068 1868 1420 1939 quibusdam,
1453 1865 1899 1932 tenuissimisque
1929 1863 2294 1929 corpusculis,
2334 1864 2639 1936 iisdemque
2699 1868 2881 1922 anima
2923 1867 3088 1923 simul
3147 1875 3203 1922 et
3250 1868 3458 1922 ratione
3516 1881 3714 1921 caren-

440 1960 605 2027 tibus,
640 1960 876 2016 universi
920 1961 1117 2015 molem
1171 1959 1463 2014 conﬂatam
1498 1971 1619 2011 esse
1672 1952 2045 2009 defenderent.
2102 1951 2171 2006 At
2220 1953 2289 2008 de
2340 1970 2526 2011 rerum
2574 1959 2821 2014 omnium
2876 1968 3208 2029 praepotente
3280 1959 3426 2025 Deo,
3498 1960 3613 2015 haec
3677 1977 3718 2016 a-

442 2055 601 2110 nobis
631 2069 696 2108 ex
728 2053 1081 2109 Hebraeorum
1112 2053 1351 2107 oraculis
1378 2052 1637 2115 delibata,
1656 2047 1824 2102 modo
1855 2047 2009 2101 satis.
2049 2044 2404 2118 Consequens
2456 2052 2715 2123 deinceps
2763 2054 2887 2119 erit,
2938 2063 2996 2109 ut
3046 2054 3528 2126 quemadmodum,
3559 2054 3720 2110 orbis

441 2148 670 2219 prwside
698 2148 1013 2211 constituto,
1047 2148 1119 2202 de
1147 2163 1330 2202 rerum
1367 2147 1443 2201 illi
1471 2154 1775 2201 creatarum
1814 2141 2083 2213 principio
2108 2142 2476 2215 philosophati
2502 2148 2632 2215 sint,
2666 2149 2974 2206 videamus.

960 2242 1262 2294 ΚΕΦᾹΛΑΙ
1275 2241 1366 2294 ON
1402 2237 1501 2293 IB'.

569 2354 708 2422 Περὶ
742 2353 853 2422 τῆς
884 2352 990 2407 τοῦ
1018 2353 1300 2422 δευτέρου
1335 2353 1530 2407 αἰτίου
1561 2350 1891 2420 θεολογίας.

513 2467 691 2538 Θαλῆς
724 2467 822 2538 μὲν
841 2469 869 2520 6
892 2467 1155 2538 Μιλήσιος
1183 2468 1356 2538 ἀρχὴν
1374 2467 1481 2522 τῶν
1513 2468 1768 2524 ἁπάντων
1795 2467 1853 2519 τὸ
1883 2464 2031 2537 ὕδωρ

444 2557 580 2614 εἶναι
626 2560 979 2631 ἀπεφήνατο,
1020 2557 1373 2629 Ἀναξιμένης
1415 2559 1474 2612 δὲ
1510 2559 1601 2612 τὸν
1643 2558 1817 2631 ἀέρα,
1865 2559 2031 2630 Ἡρά-

443 2650 651 2714 κλειτος
669 2651 728 2703 τὸ
753 2650 884 2722 πῦρ,
901 2651 1223 2721 Πυθαγόρας
1252 2650 1541 2722 ἀριθμοὺς,
1572 2650 1889 2723 Ἐπίκουρος
1911 2650 2037 2721 ἅμα

442 2742 766 2813 Δημοκρίτῳ
794 2741 1020 2813 σώματα
1046 2743 1244 2813 ἄτομα,
1291 2741 1662 2813 Ἐμπεδοκλῆς
1694 2741 1763 2794 τὰ
1788 2742 2029 2813 τέσσαρα

444 2836 702 2904 στοιχεῖα.
749 2832 978 2903 Ἶδωμεν
1007 2832 1298 2905 τοιγαροῦν
1330 2836 1424 2888 καὶ
1458 2833 1527 2886 τὰ
1576 2834 1707 2905 παρ’
1755 2832 2030 2904 Ἑϐραίοις

441 2923 616 2992 λόγια.
653 2923 807 2978 Μετὰ
834 2924 931 2998 τὴν
959 2924 1192 2997 ἄναρχον
1223 2925 1317 2978 καὶ
1342 2927 1603 2996 ἀγένητον
1638 2924 1730 2982 τοῦ
1761 2923 1894 2977 Θεοῦ
1921 2924 2029 2977 τῶν

442 3015 580 3068 ὅλων
610 3014 815 3078 οὐσίαν,
843 3015 1073 3086 ἄμικτον
1098 3009 1264 3068 οὖσαν
1289 3016 1382 3069 καὶ
1418 3015 1677 3068 ἐπέκεινα
1726 3016 1905 3086 πάσης
1932 3032 2031 3068 κα-

442 3105 748 3176 ταλήψεως,
777 3106 1035 3178 δευτέραν
1074 3105 1262 3160 οὐσίαν
1304 3106 1415 3178 (74)
1459 3108 1552 3160 καὶ
1594 3105 1743 3159 Θείαν
1778 3105 2036 3177 δύναμιν,

442 3200 618 3271 ἀρχὴν
648 3199 1025 3271 τῶνγενητῶν
1058 3199 1336 3266 ἁπάντων,
1360 3198 1584 3272 πρώτην
1606 3216 1664 3252 τε
1688 3199 2033 3263 ὑποστᾶσαν,

443 3295 553 3352 κάκ
567 3292 659 3346 τοῦ
687 3292 903 3365 πρώτου
932 3294 1109 3347 αἰτίου
1126 3293 1496 3365 γεγενημένην
1514 3293 1816 3361 εἰσάγουσι,
1835 3291 2028 3360 Λόγον,

444 3387 536 3444 καὶ
571 3388 793 3455 Σοφίαν,
821 3387 917 3440 καὶ
945 3387 1081 3440 Θεοῦ
1129 3387 1361 3458 δύναμιν
1398 3386 1567 3458 αὐτὴν
1599 3385 2032 3457 προσαγορεύον-

444 3494 556 3541 τες.
588 3476 760 3531 Τοῦτο
778 3477 835 3531 δὲ
860 3477 1076 3550 πρῶτος
1113 3477 1354 3531 διδάσκει
1394 3477 1567 3546 λέγων
1623 3475 1774 3530 ’1ὡὸ-
1817 3496 1837 3528 ‹
1885 3476 1948 3528 Ἡ
1974 3475 2032 3534 δὲ

2729 2240 2959 2296 CAPUT
2998 2241 3113 2299 XII.

2277 2350 2623 2408 Hebrazorum
2646 2352 2711 2408 de
2739 2355 2967 2411 secundo
2996 2356 3259 2425 principio
3290 2355 3567 2427 theologia.

2202 2467 2404 2524 Thales
2434 2470 2655 2540 quidem
2687 2470 2777 2526 ille
2800 2470 3067 2537 Milesius,
3104 2488 3288 2527 rerum
3326 2473 3720 2529 universarum

2128 2561 2459 2632 principium
2492 2577 2692 2632 aquam
2734 2578 2857 2618 esse
2893 2561 3237 2630 defendebat,
3270 2578 3451 2619 aerem
3504 2565 3713 2620 Anaxi-

2128 2668 2336 2719 menes,
2399 2653 2705 2710 Heraclitus
2756 2655 2969 2725 ignem,
3035 2671 3295 2712 numeros
3350 2655 3718 2729 Pythagoras,

2128 2743 2400 2814 Epicurus
2454 2761 2579 2800 cum
2630 2746 2946 2801 Democrito
2979 2748 3307 2816 corpuscula
3340 2749 3591 2816 quaedam
3624 2749 3711 2802 in-

2128 2835 2372 2903 dividua,
2403 2836 2762 2906 Empedocles
2790 2848 3028 2908 quatuor
3054 2839 3345 2895 elementa.
3376 2839 3488 2896 Nos
3512 2842 3615 2895 hac
3647 2841 3716 2896 de

2128 2942 2189 2981 re
2222 2926 2571 2983 Hebraeorum
2599 2945 2821 3000 quoque
2860 2930 3073 2986 litteras
3097 2932 3475 2986 consulamus.
3522 2931 3600 2985 llli
3634 2947 3722 2987 ets

2130 3035 2220 3090 go,
2253 3021 2559 3076 secundum
2590 3022 2890 3092 principem
2917 3022 3087 3086 illam,
3128 3033 3181 3078 et
3230 3024 3503 3094 principio
3549 3026 3719 3082 simul

2131 3121 2365 3183 ortuque
2410 3123 2684 3169 carentem
2730 3115 3081 3183 praepotentis
3115 3114 3210 3169 Dei
3261 3123 3536 3181 naturam,
3569 3132 3719 3187 qua:-

2130 3214 2238 3269 que
2267 3208 2327 3253 ut
2350 3200 2419 3254 ab
2445 3202 2593 3255 omni
2628 3202 2984 3272 permistione
3017 3203 3267 3274 sejuncta
3314 3212 3421 3270 est,
3456 3205 3537 3261 si:
3563 3206 3721 3262 omni.

2131 3291 2624 3361 comprehensione
2685 3294 2882 3363 major,
2929 3304 3182 3349 naturam
3236 3296 3462 3351 alteram
3511 3298 3718 3353 consti-

2130 3391 2312 3446 tuunt,
2343 3384 2564 3453 vimque
2605 3385 2869 3446 divinam,
2898 3401 3021 3459 quae
3053 3400 3178 3440 cum
3217 3401 3409 3442 eorum
3441 3388 3723 3455 omnium,

2132 3489 2254 3542 quae
2303 3474 2621 3544 gignuntun,
2654 3475 2982 3545 principium
3036 3477 3125 3541 sit,
3158 3486 3272 3532 tum
3323 3488 3450 3534 ante
3490 3490 3718 3537 caeteras

449 3568 614 3637 σοφία
639 3569 802 3623 πόθεν
830 3568 1065 3640 εὐρέθη;
1098 3570 1250 3632 ποῖος
1277 3568 1335 3621 δὲ
1377 3569 1540 3631 τόπος
1573 3569 1720 3620 ἐστὶν
1769 3566 1869 3636 τῆς
1908 3568 2030 3619 ὲπι-

2136 3580 2326 3620 omnes
2360 3566 2648 3630 exstiterit,
2688 3569 2755 3622 ab
2788 3568 3091 3638 eodemque
3121 3570 3299 3640 primo
3334 3571 3604 3640 principio
3627 3586 3721 3642 ge-

451 3662 701 3733 στήμης;
730 3660 845 3714 Οὐκ
867 3656 974 3712 οἶδε
1006 3658 1195 3730 βροτὸς
1225 3658 1342 3711 ὁδὸν
1380 3658 1579 3728 αὐτῆς,
1628 3657 1750 3710 οὐδὲ
1794 3655 1901 3728 μὴν
1939 3655 2030 3708 εὑ-

452 3751 584 3826 ρέθη
626 3753 685 3805 ὲν
734 3749 1040 3823 ἀνθρώποις
1065 3766 1080 3781 ’
1104 3748 1421 3822 ἀκηκόαμεν
1456 3748 1513 3803 δὲ
1541 3750 1712 3821 αὐτῆς
1759 3748 1820 3802 τὸ
1851 3746 2027 3812 κλέος.

404 3874 417 3890 ~
457 3842 517 3897 '0
548 3840 752 3914 Κύριος
777 3842 1102 3913 συνέστησεν
1131 3842 1299 3912 αὐτῆς
1322 3841 1419 3913 τὴν
1448 3840 1595 3906 ὁδὸν,
1625 3841 1788 3906 αὐτὸς
1832 3840 1888 3894 δὲ
1921 3837 2031 3893 οἵδε

445 3935 535 3990 τὸν
558 3936 723 3990 τόπον
737 3935 929 4005 αὐτῆς.
959 3955 978 3986 ι
1008 3936 1118 3989 Καὶ
1144 3935 1174 3986 6
1206 3934 1370 3989 Δαϐὶδ
1391 3934 1448 3987 δέ
1478 3953 1580 3989 που
1613 3935 1670 3988 ὲν
1690 3933 2032 4005 ψαλμῳδίαις

445 4029 617 4102 ἑτέρῳ
666 4027 984 4100 προσειπὼν
1016 4026 1114 4099 τὴν
1172 4027 1361 4096 σοφίαν
1401 4026 1624 4098 ὀνόματί
1657 4043 1821 4096 φησι·
1873 4044 1897 4078 ι
1941 4024 2032 4096 Τῷ

449 4119 591 4192 λόγῳ
623 4120 831 4191 Κυρίου
879 4121 929 4173 oi
971 4120 1192 4190 οὐρανοὶ
1227 4118 1675 4191 ἐστερεώθησαν,
1729 4137 1748 4169 ι
1794 4117 1885 4172 τὸν
1923 4116 2032 4171 τῶν

451 4209 707 4264 ἁπάντων
730 4209 1121 4281 δημιουργικὸν
1150 4210 1322 4278 Λόγον
1352 4209 1487 4263 Θεοῦ
1515 4208 1703 4262 τοῦτον
1726 4208 2036 4279 ἐνευφημή-

452 4317 552 4364 σας
579 4299 669 4354 τὸν
690 4300 911 4371 τρόπον.
942 4298 1021 4353 Οὐ
1053 4298 1159 4371 μὴν
1186 4297 1321 4352 ἀλλὰ
1360 4299 1454 4351 καὶ
1483 4300 1511 4351 6
1540 4297 1731 4351 τούτου
1769 4300 1899 4361 παῖς
1936 4297 2035 4349 Σο-

451 4389 633 4462 λομὼν
661 4391 758 4444 ὡδί
783 4408 859 4462 πη
888 4389 949 4455 ἐξ
980 4391 1148 4462 αὐτῆς
1178 4391 1588 4462 προσωποποιεῖ
1614 4389 1714 4459 τῆς
1738 4387 1929 4457 σοφίας
1949 4387 2039 4441 λέ-

386 4526 397 4537 .
452 4498 564 4550 γων
588 4497 603 4513 ·
640 4500 661 4534 ‹
714 4481 857 4552 Ἐγὼ
884 4485 918 4555 ὴ
953 4481 1112 4551 σοφία
1132 4482 1524 4553 κατεσκήνωσα
1556 4478 1749 4551 βουλὴν
1784 4480 1882 4533 καὶ
1903 4477 2039 4549 γνῶ-

455 4590 560 4638 σιν,
595 4575 690 4628 καὶ
722 4573 928 4629 ἔννοιαν
952 4573 1065 4642 ἐγὼ
1096 4572 1538 4644 ὲπεκαλεσάμην.
1592 4573 1669 4624 Δι’
1701 4570 1837 4642 ἐμοῦ
1883 4570 2038 4641 βασι-

454 4666 568 4730 λεῖς
590 4665 954 4737 βασιλεύουσι,
985 4666 1081 4723 καὶ
1106 4668 1154 4719 οἱ
1177 4656 1433 4719 δυνάσται
1465 4665 1733 4737 γράφουσι
1765 4663 2037 4717 δικαιοσύ-

457 4775 575 4828 νην.
605 4778 624 4812 ι
656 4759 767 4814 Καὶ
791 4758 952 4814 πάλιν
971 4775 986 4801 ε
1018 4778 1036 4808 t
1064 4758 1267 4830 Κύριος
1292 4758 1474 4812 ἔκτισέ
1505 4775 1572 4828 με
1586 4757 1762 4829 ἀρχὴν
1778 4756 1913 4809 ὁδῶν
1942 4756 2038 4811 αὑ-

344 4869 355 4877 ·
459 4850 552 4906 τοῦ
579 4853 659 4916 εἰς
684 4850 820 4923 ἔργα
851 4849 1037 4903 αὑτοῦ.
1066 4850 1180 4920 Πρὸ
1208 4848 1302 4902 τοῦ
1328 4848 1525 4913 αἰῶνος
1559 4847 1891 4918 ἐθεμελίωσέ
1928 4864 1996 4918 με
2017 4861 2032 4875 ’

457 4944 516 4996 ἐν
540 4943 681 5014 ἀρχῇ
710 4941 816 5015 πρὸ
846 4942 940 4995 τοῦ
964 4943 1062 5012 τὴν
1086 4942 1188 5014 γῆν
1216 4941 1462 5011 ποιῆσαι,
1495 4940 1602 5011 πρὸ
1634 4939 1727 4994 τοῦ
1757 4937 1855 5004 τὰς
1882 4938 2044 4992 ἀϐύσ-

461 5052 586 5098 σους
618 5034 889 5104 γενέσθαι,
922 5034 1027 5107 πρὸ
1049 5035 1141 5088 τοῦ
1176 5034 1276 5106 ὅρη
1304 5032 1650 5104 ἑδρασθῆναι,
1683 5031 1790 5104 πρὸ
1821 5031 1877 5084 δὲ
1902 5031 2041 5084 πάν-

457 5144 566 5183 των
589 5127 794 5198 βουνῶν
817 5130 982 5199 γεννᾷ
1017 5145 1104 5199 με.
1147 5126 1340 5181 Ἠνίκα
1366 5124 1629 5197 ἡτοίμαζε
1657 5125 1749 5178 τὸν
1792 5124 2040 5198 οὐρανὸν,

457 5221 837 5292 συμπαρήμην
877 5218 1026 5290 αὐτῷ
1048 5261 1061 5282 ,
1094 5220 1190 5273 καὶ
1221 5218 1297 5281 ὼς
1344 5218 1605 5288 ἀσφαλεῖς
1643 5216 1810 5269 ἐτίθει
1859 5214 2045 5287 πηγὰς

460 5311 560 5382 τῆς
592 5324 620 5353 ι
658 5313 750 5365 ὑπ’
779 5311 1028 5384 οὐρανὸν,
1058 5312 1205 5383 ἤμην
1236 5311 1332 5364 σὺν
1361 5308 1509 5381 αὐτῷ
1541 5308 2045 5381 ἀρμόζουσαέἘγὼ

463 5402 611 5475 ἥμην
703 5404 1036 5477 προσέχαιρε
1058 5402 1178 5457 καθ’
1194 5402 1429 5476 ἡμέραν·
1448 5403 1826 5475 ηὐφραινόμην
1836 5403 1893 5457 δὲ
1907 5401 2043 5456 ἑνώ-

464 5506 587 5547 πιον
611 5492 777 5547 αὐτοῦ
810 5495 868 5546 ὲν
892 5494 1055 5550 παντὶ
1083 5492 1261 5564 καιρῷ
1283 5533 1298 5557 ,
1345 5493 1434 5546 ὅτε
1467 5493 1799 5565 ηὐφραίνετο
1839 5495 1940 5567 τὴν
1970 5497 2051 5550 oi-

2133 3655 2246 3708 nita
2284 3653 2467 3720 fuerit,
2497 3672 2660 3725 quam
2711 3658 2814 3727 ipsi
2872 3656 3139 3723 Verbum,
3196 3657 3554 3729 Sapientiam,
3600 3659 3720 3715 Dei-

2132 3760 2239 3818 que
2266 3744 2522 3799 virtutem
2559 3748 2834 3816 appellare
2871 3748 3069 3826 solent.
3101 3751 3279 3819 Atque
3304 3749 3405 3804 hoc
3438 3749 3491 3803 in
3523 3749 3727 3820 primis

2131 3835 2303 3893 Jobus
2342 3838 2549 3905 docuit,
2579 3840 2709 3894 dum
2758 3840 2832 3896 ita
2877 3842 3095 3897 locutus
3128 3851 3255 3897 est:
3292 3860 3312 3893 ι
3349 3840 3501 3897 Unde
3532 3852 3721 3897 autem

2133 3928 2405 3999 sapientia
2436 3929 2655 3986 inventa
2687 3932 2809 3987 est?
2841 3942 2938 3988 aut
2965 3934 3091 4004 quis
3121 3934 3276 3990 locus
3319 3942 3403 3990 est
3439 3934 3727 3989 scientiae?

2131 4019 2318 4078 Nescit
2346 4024 2512 4078 homo
2539 4025 2683 4079 viam
2715 4026 2857 4096 ejus,
2888 4041 3065 4095 neque
3092 4026 3308 4080 inventa
3337 4034 3423 4082 est
3448 4028 3593 4081 inter
3615 4027 3718 4082 ho-

2133 4117 2312 4172 mines
2350 4136 2364 4171 :
2405 4118 2714 4173 audivimus
2744 4127 2924 4173 autem
2965 4117 3192 4187 gloriam
3227 4117 3418 4187 ipsius.
3454 4116 3730 4176 Dominus.

2135 4211 2570 4266 constituitviam
2592 4212 2731 4281 ejus,
2752 4211 2865 4279 ipse
2882 4218 3063 4265 autem
3088 4210 3241 4265 novit
3266 4210 3447 4265 locum
3466 4212 3587 4281 ejus
3611 4211 3715 4267 ⁸³.»

2135 4297 2377 4371 Itemque
2394 4299 2562 4355 David
2583 4301 2636 4354 in
2649 4299 2903 4364 Psalmis,
2920 4299 3065 4353 aliud
3079 4298 3208 4352 huic
3221 4298 3502 4368 sapientiae
3520 4313 3724 4354 nomen

2136 4389 2757 4455 attribuenquerbo,
2814 4390 3010 4459 inquit,
3066 4388 3281 4445 Domini
3327 4391 3452 4447 coeli
3522 4390 3723 4446 firmati

2138 4493 2267 4540 sunt
2285 4481 2352 4550 6‘;
2382 4501 2401 4534 ι
2424 4483 2623 4552 quibus
2640 4480 2995 4553 ipseVerbum
3020 4482 3148 4539 illud
3167 4482 3408 4537 divinum
3427 4482 3592 4551 hujus
3607 4483 3731 4538 uni-7

2137 4572 2282 4627 versi
2334 4570 2646 4626 molitorem
2701 4572 3019 4627 celebravit.
3051 4572 3196 4641 Quin
3229 4572 3393 4628 etiam
3429 4573 3573 4629 [ilius
3599 4573 3723 4644 ejus

2141 4664 2441 4729 Salomon,
2487 4664 2734 4735 ejusdem
2791 4680 2859 4721 ex
2913 4665 3199 4735 sapientiae
3254 4681 3512 4735 persona,
3574 4665 3731 4721 hunc.

2140 4757 2298 4832 32],
2330 4759 2384 4813 in
2418 4758 2639 4813 modum
2687 4758 2969 4827 loquitur:
3032 4775 3050 4807 ι
3072 4756 3186 4829 Ego
3215 4757 3484 4828 sapientia
3532 4756 3721 4811 habile.

2145 4851 2203 4906 in
2237 4849 2469 4906 consilio
2493 4860 2548 4904 et
2570 4850 2823 4914 scientia,
2853 4858 2906 4904 et
2927 4849 3344 4920 intelligentiam
3380 4863 3482 4920 ego
3510 4847 3725 4902 vocavi.

2150 4942 2254 4998 Per
2275 4958 2364 4999 me
2386 4958 2542 5012 reges
2572 4951 2827 5014 regnant,
2861 4952 2916 4998 et
2950 4951 3201 5012 potentes
3236 4943 3539 5011 decernunt
3556 4939 3724 5010 justi-

2149 5035 2281 5090 tiam
2304 5035 2371 5089 “.
2404 5054 2422 5086 ι
2471 5034 2538 5089 Ει
2562 5050 2776 5090 rursus.
2814 5053 2834 5086 ι
2860 5033 3125 5089 Dominus
3154 5032 3358 5089 creavit
3400 5047 3486 5086 me
3511 5032 3731 5087 initium

2149 5127 2365 5182 viarum
2411 5140 2637 5181 suarum
2673 5124 2741 5179 ad
2775 5139 2941 5194 opera
2984 5140 3103 5179 sua.
3145 5123 3284 5177 Ante
3317 5137 3492 5177 aevum
3524 5120 3727 5176 funda-

2148 5219 2227 5272 vit
2272 5204 2397 5274 me:
2447 5217 2506 5272 ln
2559 5219 2851 5288 principio,
2889 5225 3181 5285 antequam
3242 5224 3441 5269 terram
3502 5212 3725 5277 faceret,

2150 5318 2442 5379 antequam
2465 5316 2650 5364 essent
2673 5305 2887 5377 abyssi:
2914 5314 3206 5374 antequam
3233 5315 3445 5358 montes
3470 5302 3559 5357 fixi
3597 5316 3650 5357 cr.
3664 5318 3731 5355 n-

2152 5402 2450 5458 stitissent:
2474 5409 2600 5456 ante
2627 5413 2819 5453 omnes
2840 5396 3009 5452 colles
3036 5396 3318 5465 generavit
3345 5410 3455 5448 me.
3496 5392 3731 5461 Quando

2160 5494 2504 5565 praeparabat
2546 5490 2767 5553 coelum,
2822 5487 3041 5542 aderam
3081 5485 3219 5555 ipsi:
3279 5485 3496 5556 quando
3539 5493 3735 5540 certos

542 5608 587 5639 ⁸⁸
616 5610 717 5666 Job
765 5626 958 5677 xxvm,
990 5610 1082 5667 20.
1156 5610 1204 5642 ⁸⁵
1229 5609 1604 5678 Ρεθι.ξιχχιιι,
1634 5611 1687 5667 6.
1762 5612 1808 5644 ⁸⁸
1836 5611 1998 5671 Prov.
2031 5629 2150 5679 vut,
2184 5613 2272 5669 12.

541 5713 570 5742 ⁸
594 5704 683 5758 to.
712 5702 834 5765 τάς.

540 5819 654 5883 (74)
695 5820 988 5895 Αευτέραν
1035 5821 1271 5895 οὐσίαν.
1336 5820 1605 5895 Eusebius
1643 5823 1743 5895 hic
1783 5824 2040 5895 ἄντικρυς

478 5888 816 5960 Ἀρειανίζει.
837 5888 1075 5947 Tametsi
1124 5892 1243 5960 ejus
1292 5893 1595 5948 orationem
1642 5888 2041 5961 Trapezunt'ius

472 5963 892 6033 υποκορίςεσθαι
918 6003 934 6030 ,
962 5972 1016 6017 et
1052 5961 1297 6041 adhibito
1325 5964 1481 6033 quasi
1507 5963 1687 6019 studio
1721 5963 1932 6019 mollire
1954 5964 2039 6017 vi-

2150 5822 2363 5877 deatur.
2420 5818 2523 5874 Sed
2580 5826 2742 5872 notus
2788 5816 2924 5870 satis
2950 5813 3258 5882 Eusebius;
3309 5827 3375 5868 ac
3428 5810 3730 5882 praesertim

2150 5901 2278 5949 ante
2325 5890 2600 5944 Nicaenum
2650 5887 2943 5941 concilium
2972 5927 2987 5951 ,
3041 5894 3166 5941 ante
3210 5885 3357 5954 quod
3399 5884 3514 5937 hac
3554 5882 3622 5936 ab
3666 5895 3742 5935 eo

2149 5963 2348 6032 scripta
2379 5960 2550 6016 fuisse
2585 5973 2695 6013 non
2721 5958 2933 6014 dubito.
