  <div class='ocr_page' id='page_1' title='image "/cluster/home/n/w/nwhite01/storage/ocr_20150623/21:no.3/coo.31924054873017/287.png"; bbox 0 0 4166 6438; ppageno 0'>
   <div class='ocr_carea' id='block_1_1' title="bbox 451 521 555 579">
    <p class='ocr_par' dir='ltr' id='par_1_1' title="bbox 451 521 555 579">
     <span class='ocr_line' id='line_1_1' title="bbox 451 521 555 579; baseline -0.019 0"><span class='ocrx_word' id='word_1_1' title='bbox 451 521 555 579; x_wconf 70' lang='grc' dir='ltr'><strong>δειὸ</strong></span> 
     </span>
    </p>
   </div>
   <div class='ocr_carea' id='block_1_2' title="bbox 1104 514 3064 581">
    <p class='ocr_par' dir='ltr' id='par_1_2' title="bbox 1104 514 3064 581">
     <span class='ocr_line' id='line_1_2' title="bbox 1104 514 3064 581; baseline 0.002 -4"><span class='ocrx_word' id='word_1_2' title='bbox 1104 521 1373 577; x_wconf 78' lang='lat' dir='ltr'><strong>EL&#39;SEBH</strong></span> <span class='ocrx_word' id='word_1_3' title='bbox 1412 520 1892 577; x_wconf 72' lang='lat' dir='ltr'><strong>CAESARlENSlS</strong></span> <span class='ocrx_word' id='word_1_4' title='bbox 1929 519 2077 576; x_wconf 70' lang='lat' dir='ltr'><strong>ore.</strong></span> <span class='ocrx_word' id='word_1_5' title='bbox 2122 520 2305 579; x_wconf 75' lang='lat' dir='ltr'><strong>PARS</strong></span> <span class='ocrx_word' id='word_1_6' title='bbox 2344 523 2406 579; x_wconf 89' lang='grc' dir='ltr'><strong>ιι.</strong></span> <span class='ocrx_word' id='word_1_7' title='bbox 2448 555 2517 565; x_wconf 89' lang='grc'><strong>-</strong></span> <span class='ocrx_word' id='word_1_8' title='bbox 2555 514 3064 581; x_wconf 73' lang='lat' dir='ltr'><strong>APOLOGETICA.‘</strong></span> 
     </span>
    </p>
   </div>
   <div class='ocr_carea' id='block_1_3' title="bbox 3605 531 3708 589">
    <p class='ocr_par' dir='ltr' id='par_1_3' title="bbox 3605 531 3708 589">
     <span class='ocr_line' id='line_1_3' title="bbox 3605 531 3708 589; baseline 0.01 -1"><span class='ocrx_word' id='word_1_9' title='bbox 3605 531 3708 589; x_wconf 68' lang='lat'><strong>5“</strong></span> 
     </span>
    </p>
   </div>
   <div class='ocr_carea' id='block_1_4' title="bbox 448 629 2009 723">
    <p class='ocr_par' dir='ltr' id='par_1_4' title="bbox 448 644 2009 717">
     <span class='ocr_line' id='line_1_4' title="bbox 448 644 2009 717; baseline -0.002 -16"><span class='ocrx_word' id='word_1_10' title='bbox 448 647 688 717; x_wconf 86' lang='lat' dir='ltr'><strong>ponebat</strong></span> <span class='ocrx_word' id='word_1_11' title='bbox 732 646 933 711; x_wconf 79' lang='lat' dir='ltr'><strong>fontes,</strong></span> <span class='ocrx_word' id='word_1_12' title='bbox 973 644 1066 715; x_wconf 82' lang='lat' dir='ltr'><strong>qui</strong></span> <span class='ocrx_word' id='word_1_13' title='bbox 1115 644 1219 698; x_wconf 92' lang='lat' dir='ltr'><strong>sub</strong></span> <span class='ocrx_word' id='word_1_14' title='bbox 1266 646 1405 698; x_wconf 60' lang='lat' dir='ltr'><strong>caelo</strong></span> <span class='ocrx_word' id='word_1_15' title='bbox 1431 652 1582 704; x_wconf 90' lang='lat' dir='ltr'><strong>sunt.</strong></span> <span class='ocrx_word' id='word_1_16' title='bbox 1616 660 1765 699; x_wconf 82' lang='lat' dir='ltr'><strong>eram</strong></span> <span class='ocrx_word' id='word_1_17' title='bbox 1799 660 1923 699; x_wconf 90' lang='lat' dir='ltr'><strong>cum</strong></span> <span class='ocrx_word' id='word_1_18' title='bbox 1961 659 2009 698; x_wconf 77' lang='lat' dir='ltr'><strong>et</strong></span> 
     </span>
    </p>
   </div>
   <div class='ocr_carea' id='block_1_5' title="bbox 2112 629 3708 723">
    <p class='ocr_par' dir='ltr' id='par_1_5' title="bbox 2130 629 3708 723">
     <span class='ocr_line' id='line_1_5' title="bbox 2130 629 3708 723; baseline 0.003 -26"><span class='ocrx_word' id='word_1_19' title='bbox 2130 646 2403 717; x_wconf 89' lang='grc' dir='ltr'>κουμένην</span> <span class='ocrx_word' id='word_1_20' title='bbox 2448 645 2793 723; x_wconf 90' lang='grc' dir='ltr'>συντελέσας.</span> <span class='ocrx_word' id='word_1_21' title='bbox 2831 663 2849 697; x_wconf 74' lang='grc' dir='ltr'><strong>ι</strong></span> <span class='ocrx_word' id='word_1_22' title='bbox 2881 645 3067 698; x_wconf 76' lang='grc' dir='ltr'>Ταῦτα</span> <span class='ocrx_word' id='word_1_23' title='bbox 3114 629 3381 717; x_wconf 78' lang='grc' dir='ltr'>Σολομὼν</span> <span class='ocrx_word' id='word_1_24' title='bbox 3407 646 3465 700; x_wconf 88' lang='grc' dir='ltr'><strong>ἐν</strong></span> <span class='ocrx_word' id='word_1_25' title='bbox 3507 648 3708 718; x_wconf 86' lang='grc' dir='ltr'>Παροι-</span> 
     </span>
    </p>
   </div>
   <div class='ocr_carea' id='block_1_6' title="bbox 446 734 2027 806">
    <p class='ocr_par' dir='ltr' id='par_1_6' title="bbox 446 734 2027 806">
     <span class='ocr_line' id='line_1_6' title="bbox 446 734 2027 806; baseline -0.003 -12"><span class='ocrx_word' id='word_1_26' title='bbox 446 749 647 794; x_wconf 84' lang='lat' dir='ltr'><strong>cuncta</strong></span> <span class='ocrx_word' id='word_1_27' title='bbox 695 752 1056 806; x_wconf 80' lang='lat' dir='ltr'><strong>componens.</strong></span> <span class='ocrx_word' id='word_1_28' title='bbox 1096 734 1207 805; x_wconf 81' lang='lat' dir='ltr'><strong>Ego</strong></span> <span class='ocrx_word' id='word_1_29' title='bbox 1254 752 1445 800; x_wconf 86' lang='lat' dir='ltr'><strong>eram,</strong></span> <span class='ocrx_word' id='word_1_30' title='bbox 1493 753 1601 806; x_wconf 89' lang='lat' dir='ltr'><strong>qua</strong></span> <span class='ocrx_word' id='word_1_31' title='bbox 1654 737 2027 791; x_wconf 85' lang='lat' dir='ltr'><strong>delectabatur</strong></span> 
     </span>
    </p>
   </div>
   <div class='ocr_carea' id='block_1_7' title="bbox 445 826 2024 896">
    <p class='ocr_par' dir='ltr' id='par_1_7' title="bbox 445 826 2024 896">
     <span class='ocr_line' id='line_1_7' title="bbox 445 826 2024 896; baseline 0.002 -18"><span class='ocrx_word' id='word_1_32' title='bbox 445 826 726 896; x_wconf 75' lang='lat' dir='ltr'><strong>quotidie:</strong></span> <span class='ocrx_word' id='word_1_33' title='bbox 760 826 985 879; x_wconf 60' lang='lat' dir='ltr'><strong>laetabar</strong></span> <span class='ocrx_word' id='word_1_34' title='bbox 1010 834 1191 880; x_wconf 83' lang='lat' dir='ltr'><strong>autem</strong></span> <span class='ocrx_word' id='word_1_35' title='bbox 1217 841 1401 879; x_wconf 84' lang='lat' dir='ltr'><strong>coram</strong></span> <span class='ocrx_word' id='word_1_36' title='bbox 1428 827 1549 895; x_wconf 87' lang='lat' dir='ltr'><strong>ipso</strong></span> <span class='ocrx_word' id='word_1_37' title='bbox 1576 828 1727 881; x_wconf 90' lang='lat' dir='ltr'><strong>omni</strong></span> <span class='ocrx_word' id='word_1_38' title='bbox 1760 837 2024 895; x_wconf 84' lang='lat' dir='ltr'><strong>tempore,</strong></span> 
     </span>
    </p>
   </div>
   <div class='ocr_carea' id='block_1_8' title="bbox 443 915 2027 987">
    <p class='ocr_par' dir='ltr' id='par_1_8' title="bbox 443 915 2027 987">
     <span class='ocr_line' id='line_1_8' title="bbox 443 915 2027 987; baseline 0.003 -18"><span class='ocrx_word' id='word_1_39' title='bbox 443 915 666 987; x_wconf 87' lang='lat' dir='ltr'><strong>quando</strong></span> <span class='ocrx_word' id='word_1_40' title='bbox 693 917 1060 970; x_wconf 78' lang='lat' dir='ltr'><strong>delectabatur</strong></span> <span class='ocrx_word' id='word_1_41' title='bbox 1074 917 1261 970; x_wconf 83' lang='lat' dir='ltr'><strong>orbem</strong></span> <span class='ocrx_word' id='word_1_42' title='bbox 1279 925 1435 972; x_wconf 69' lang='lat' dir='ltr'><strong>terrae</strong></span> <span class='ocrx_word' id='word_1_43' title='bbox 1462 920 1771 987; x_wconf 88' lang='lat' dir='ltr'><strong>perliciens.</strong></span> <span class='ocrx_word' id='word_1_44' title='bbox 1800 919 1880 971; x_wconf 73' lang='grc'><strong>⁸⁸»</strong></span> <span class='ocrx_word' id='word_1_45' title='bbox 1904 918 2027 973; x_wconf 67' lang='lat' dir='ltr'><strong>llmc</strong></span> 
     </span>
    </p>
   </div>
   <div class='ocr_carea' id='block_1_9' title="bbox 447 1006 2025 1079">
    <p class='ocr_par' dir='ltr' id='par_1_9' title="bbox 447 1006 2025 1079">
     <span class='ocr_line' id='line_1_9' title="bbox 447 1006 2025 1079; baseline 0.002 -16"><span class='ocrx_word' id='word_1_46' title='bbox 447 1008 710 1064; x_wconf 78' lang='lat' dir='ltr'><strong>Salomon</strong></span> <span class='ocrx_word' id='word_1_47' title='bbox 738 1008 794 1062; x_wconf 92' lang='lat' dir='ltr'><strong>iu</strong></span> <span class='ocrx_word' id='word_1_48' title='bbox 814 1006 1145 1063; x_wconf 84' lang='lat' dir='ltr'><strong>Proverbiis.</strong></span> <span class='ocrx_word' id='word_1_49' title='bbox 1183 1007 1315 1074; x_wconf 66' lang='lat' dir='ltr'><strong>Quae</strong></span> <span class='ocrx_word' id='word_1_50' title='bbox 1345 1022 1665 1079; x_wconf 85' lang='lat' dir='ltr'><strong>sequuntur,</strong></span> <span class='ocrx_word' id='word_1_51' title='bbox 1684 1028 1747 1066; x_wconf 79' lang='lat' dir='ltr'><strong>ex</strong></span> <span class='ocrx_word' id='word_1_52' title='bbox 1778 1012 2025 1079; x_wconf 83' lang='lat' dir='ltr'><strong>ejusdem</strong></span> 
     </span>
    </p>
   </div>
   <div class='ocr_carea' id='block_1_10' title="bbox 444 1106 2025 1180">
    <p class='ocr_par' dir='ltr' id='par_1_10' title="bbox 444 1106 2025 1180">
     <span class='ocr_line' id='line_1_10' title="bbox 444 1106 2025 1180; baseline -0.003 -16"><span class='ocrx_word' id='word_1_53' title='bbox 444 1123 664 1180; x_wconf 84' lang='lat' dir='ltr'><strong>quoque</strong></span> <span class='ocrx_word' id='word_1_54' title='bbox 696 1124 928 1179; x_wconf 86' lang='lat' dir='ltr'><strong>persona</strong></span> <span class='ocrx_word' id='word_1_55' title='bbox 978 1108 1317 1166; x_wconf 76' lang='lat' dir='ltr'><strong>referuntur.</strong></span> <span class='ocrx_word' id='word_1_56' title='bbox 1362 1127 1381 1159; x_wconf 77' lang='grc' dir='ltr'><strong>ι</strong></span> <span class='ocrx_word' id='word_1_57' title='bbox 1412 1106 1553 1172; x_wconf 86' lang='lat' dir='ltr'><strong>Quid</strong></span> <span class='ocrx_word' id='word_1_58' title='bbox 1614 1106 1686 1160; x_wconf 90' lang='lat' dir='ltr'><strong>sit</strong></span> <span class='ocrx_word' id='word_1_59' title='bbox 1719 1114 1899 1158; x_wconf 89' lang='lat' dir='ltr'><strong>autem</strong></span> <span class='ocrx_word' id='word_1_60' title='bbox 1934 1119 2025 1159; x_wconf 85' lang='lat' dir='ltr'><strong>sa-</strong></span> 
     </span>
    </p>
   </div>
   <div class='ocr_carea' id='block_1_11' title="bbox 451 1194 2028 1270">
    <p class='ocr_par' dir='ltr' id='par_1_11' title="bbox 451 1194 2028 1270">
     <span class='ocr_line' id='line_1_11' title="bbox 451 1194 2028 1270; baseline -0.003 -17"><span class='ocrx_word' id='word_1_61' title='bbox 451 1199 680 1270; x_wconf 89' lang='lat' dir='ltr'><strong>pientia,</strong></span> <span class='ocrx_word' id='word_1_62' title='bbox 733 1209 788 1254; x_wconf 88' lang='lat' dir='ltr'><strong>et</strong></span> <span class='ocrx_word' id='word_1_63' title='bbox 813 1200 1279 1269; x_wconf 88' lang='lat' dir='ltr'><strong>quemadmodum</strong></span> <span class='ocrx_word' id='word_1_64' title='bbox 1325 1198 1466 1252; x_wconf 83' lang='lat' dir='ltr'><strong>facta</strong></span> <span class='ocrx_word' id='word_1_65' title='bbox 1514 1199 1605 1264; x_wconf 86' lang='lat' dir='ltr'><strong>sit,</strong></span> <span class='ocrx_word' id='word_1_66' title='bbox 1662 1194 1917 1258; x_wconf 82' lang='lat' dir='ltr'><strong>referam,</strong></span> <span class='ocrx_word' id='word_1_67' title='bbox 1972 1202 2028 1249; x_wconf 86' lang='lat' dir='ltr'><strong>et</strong></span> 
     </span>
    </p>
   </div>
   <div class='ocr_carea' id='block_1_12' title="bbox 445 1288 2026 1353">
    <p class='ocr_par' dir='ltr' id='par_1_12' title="bbox 445 1288 2026 1353">
     <span class='ocr_line' id='line_1_12' title="bbox 445 1288 2026 1353; baseline -0.003 -8"><span class='ocrx_word' id='word_1_68' title='bbox 445 1307 553 1345; x_wconf 91' lang='lat' dir='ltr'><strong>nou</strong></span> <span class='ocrx_word' id='word_1_69' title='bbox 590 1292 924 1347; x_wconf 84' lang='lat' dir='ltr'><strong>abscondam</strong></span> <span class='ocrx_word' id='word_1_70' title='bbox 958 1308 988 1347; x_wconf 91' lang='lat' dir='ltr'><strong>a</strong></span> <span class='ocrx_word' id='word_1_71' title='bbox 1031 1293 1191 1347; x_wconf 80' lang='lat' dir='ltr'><strong>vobis</strong></span> <span class='ocrx_word' id='word_1_72' title='bbox 1235 1299 1607 1353; x_wconf 85' lang='lat' dir='ltr'><strong>sacramenta,</strong></span> <span class='ocrx_word' id='word_1_73' title='bbox 1646 1290 1738 1344; x_wconf 88' lang='lat' dir='ltr'><strong>sed</strong></span> <span class='ocrx_word' id='word_1_74' title='bbox 1770 1289 1839 1342; x_wconf 91' lang='lat' dir='ltr'><strong>ab</strong></span> <span class='ocrx_word' id='word_1_75' title='bbox 1868 1288 2026 1341; x_wconf 85' lang='lat' dir='ltr'><strong>initio</strong></span> 
     </span>
    </p>
   </div>
   <div class='ocr_carea' id='block_1_13' title="bbox 444 1380 2023 1456">
    <p class='ocr_par' dir='ltr' id='par_1_13' title="bbox 444 1380 2023 1456">
     <span class='ocr_line' id='line_1_13' title="bbox 444 1380 2023 1456; baseline -0.003 -19"><span class='ocrx_word' id='word_1_76' title='bbox 444 1384 741 1439; x_wconf 84' lang='lat' dir='ltr'><strong>nativitatis</strong></span> <span class='ocrx_word' id='word_1_77' title='bbox 780 1384 1117 1456; x_wconf 79' lang='lat' dir='ltr'><strong>investigabo</strong></span> <span class='ocrx_word' id='word_1_78' title='bbox 1133 1386 1203 1438; x_wconf 80' lang='grc'>⁸⁷.</span> <span class='ocrx_word' id='word_1_79' title='bbox 1231 1404 1249 1435; x_wconf 76' lang='grc' dir='ltr'><strong>ι</strong></span> <span class='ocrx_word' id='word_1_80' title='bbox 1306 1383 1517 1450; x_wconf 80' lang='lat' dir='ltr'><strong>Quibus</strong></span> <span class='ocrx_word' id='word_1_81' title='bbox 1559 1381 1754 1436; x_wconf 88' lang='lat' dir='ltr'><strong>deinde</strong></span> <span class='ocrx_word' id='word_1_82' title='bbox 1791 1380 2023 1449; x_wconf 77' lang='lat' dir='ltr'><strong>subjun—</strong></span> 
     </span>
    </p>
   </div>
   <div class='ocr_carea' id='block_1_14' title="bbox 444 1475 2019 1551">
    <p class='ocr_par' dir='ltr' id='par_1_14' title="bbox 444 1475 2019 1551">
     <span class='ocr_line' id='line_1_14' title="bbox 444 1475 2019 1551; baseline -0.001 -23"><span class='ocrx_word' id='word_1_83' title='bbox 444 1476 552 1545; x_wconf 79' lang='lat' dir='ltr'><strong>git:</strong></span> <span class='ocrx_word' id='word_1_84' title='bbox 589 1494 610 1527; x_wconf 79' lang='grc' dir='ltr'><strong>ι</strong></span> <span class='ocrx_word' id='word_1_85' title='bbox 636 1475 734 1531; x_wconf 87' lang='lat' dir='ltr'><strong>Est</strong></span> <span class='ocrx_word' id='word_1_86' title='bbox 760 1477 905 1531; x_wconf 90' lang='lat' dir='ltr'><strong>enim</strong></span> <span class='ocrx_word' id='word_1_87' title='bbox 952 1478 1071 1551; x_wconf 72' lang='lat' dir='ltr'><strong>lucc</strong></span> <span class='ocrx_word' id='word_1_88' title='bbox 1099 1478 1325 1547; x_wconf 89' lang='lat' dir='ltr'><strong>spiritus</strong></span> <span class='ocrx_word' id='word_1_89' title='bbox 1381 1476 1712 1545; x_wconf 81' lang='lat' dir='ltr'><strong>intelligens,</strong></span> <span class='ocrx_word' id='word_1_90' title='bbox 1773 1484 2019 1537; x_wconf 86' lang='lat' dir='ltr'><strong>sanctus,</strong></span> 
     </span>
    </p>
   </div>
   <div class='ocr_carea' id='block_1_15' title="bbox 442 1567 2026 1639">
    <p class='ocr_par' dir='ltr' id='par_1_15' title="bbox 442 1567 2026 1639">
     <span class='ocr_line' id='line_1_15' title="bbox 442 1567 2026 1639; baseline 0 -18"><span class='ocrx_word' id='word_1_91' title='bbox 442 1567 777 1637; x_wconf 83' lang='lat' dir='ltr'><strong>unigenitus,</strong></span> <span class='ocrx_word' id='word_1_92' title='bbox 818 1569 1133 1639; x_wconf 75' lang='lat' dir='ltr'><strong>multiplex,</strong></span> <span class='ocrx_word' id='word_1_93' title='bbox 1185 1568 1424 1629; x_wconf 86' lang='lat' dir='ltr'><strong>subtilis.</strong></span> <span class='ocrx_word' id='word_1_94' title='bbox 1475 1568 1714 1632; x_wconf 86' lang='lat' dir='ltr'><strong>mobilis,</strong></span> <span class='ocrx_word' id='word_1_95' title='bbox 1757 1567 2026 1631; x_wconf 77' lang='lat' dir='ltr'><strong>disertus,</strong></span> 
     </span>
    </p>
   </div>
   <div class='ocr_carea' id='block_1_16' title="bbox 442 1658 2024 1731">
    <p class='ocr_par' dir='ltr' id='par_1_16' title="bbox 442 1658 2024 1731">
     <span class='ocr_line' id='line_1_16' title="bbox 442 1658 2024 1731; baseline 0.001 -17"><span class='ocrx_word' id='word_1_96' title='bbox 442 1658 919 1729; x_wconf 81' lang='lat' dir='ltr'><strong>incoinquinatus,</strong></span> <span class='ocrx_word' id='word_1_97' title='bbox 969 1661 1339 1731; x_wconf 81' lang='lat' dir='ltr'><strong>omnipotens,</strong></span> <span class='ocrx_word' id='word_1_98' title='bbox 1395 1661 1580 1715; x_wconf 87' lang='lat' dir='ltr'><strong>omnia</strong></span> <span class='ocrx_word' id='word_1_99' title='bbox 1629 1669 1901 1730; x_wconf 86' lang='lat' dir='ltr'><strong>spectans,</strong></span> <span class='ocrx_word' id='word_1_100' title='bbox 1957 1674 2024 1715; x_wconf 90' lang='lat' dir='ltr'><strong>ac</strong></span> 
     </span>
    </p>
   </div>
   <div class='ocr_carea' id='block_1_17' title="bbox 440 1752 2025 1822">
    <p class='ocr_par' dir='ltr' id='par_1_17' title="bbox 440 1752 2025 1822">
     <span class='ocr_line' id='line_1_17' title="bbox 440 1752 2025 1822; baseline 0.001 -17"><span class='ocrx_word' id='word_1_101' title='bbox 440 1765 539 1819; x_wconf 88' lang='lat' dir='ltr'><strong>per</strong></span> <span class='ocrx_word' id='word_1_102' title='bbox 591 1766 786 1807; x_wconf 89' lang='lat' dir='ltr'><strong>omnes</strong></span> <span class='ocrx_word' id='word_1_103' title='bbox 814 1753 1121 1822; x_wconf 86' lang='lat' dir='ltr'><strong>pervadens</strong></span> <span class='ocrx_word' id='word_1_104' title='bbox 1152 1753 1378 1822; x_wconf 87' lang='lat' dir='ltr'><strong>spiritus</strong></span> <span class='ocrx_word' id='word_1_105' title='bbox 1407 1752 1793 1820; x_wconf 81' lang='lat' dir='ltr'><strong>intelligentes,</strong></span> <span class='ocrx_word' id='word_1_106' title='bbox 1829 1766 2025 1822; x_wconf 79' lang='lat' dir='ltr'><strong>puros,</strong></span> 
     </span>
    </p>
   </div>
   <div class='ocr_carea' id='block_1_18' title="bbox 439 1840 2024 1898">
    <p class='ocr_par' dir='ltr' id='par_1_18' title="bbox 439 1840 2024 1898">
     <span class='ocr_line' id='line_1_18' title="bbox 439 1840 2024 1898; baseline 0 -3"><span class='ocrx_word' id='word_1_107' title='bbox 439 1841 854 1898; x_wconf 82' lang='lat' dir='ltr'><strong>subtilissimas.</strong></span> <span class='ocrx_word' id='word_1_108' title='bbox 919 1840 1191 1898; x_wconf 89' lang='lat' dir='ltr'><strong>Omnibus</strong></span> <span class='ocrx_word' id='word_1_109' title='bbox 1233 1844 1383 1897; x_wconf 89' lang='lat' dir='ltr'><strong>enim</strong></span> <span class='ocrx_word' id='word_1_110' title='bbox 1434 1841 1730 1896; x_wconf 81' lang='lat' dir='ltr'><strong>mobilibus</strong></span> <span class='ocrx_word' id='word_1_111' title='bbox 1764 1841 2024 1897; x_wconf 86' lang='lat' dir='ltr'><strong>mobilior</strong></span> 
     </span>
    </p>
   </div>
   <div class='ocr_carea' id='block_1_19' title="bbox 438 1932 2016 2004">
    <p class='ocr_par' dir='ltr' id='par_1_19' title="bbox 438 1932 2016 2004">
     <span class='ocr_line' id='line_1_19' title="bbox 438 1932 2016 2004; baseline 0 -19"><span class='ocrx_word' id='word_1_112' title='bbox 438 1942 524 1986; x_wconf 86' lang='lat' dir='ltr'><strong>est</strong></span> <span class='ocrx_word' id='word_1_113' title='bbox 559 1932 870 2001; x_wconf 86' lang='lat' dir='ltr'><strong>Sapientia:</strong></span> <span class='ocrx_word' id='word_1_114' title='bbox 917 1942 1164 2004; x_wconf 86' lang='lat' dir='ltr'><strong>permeat</strong></span> <span class='ocrx_word' id='word_1_115' title='bbox 1206 1945 1388 1988; x_wconf 87' lang='lat' dir='ltr'><strong>autem</strong></span> <span class='ocrx_word' id='word_1_116' title='bbox 1426 1948 1491 1989; x_wconf 74' lang='lat' dir='ltr'><strong>ac</strong></span> <span class='ocrx_word' id='word_1_117' title='bbox 1528 1932 1775 2003; x_wconf 78' lang='lat' dir='ltr'><strong>pervadit</strong></span> <span class='ocrx_word' id='word_1_118' title='bbox 1810 1932 2016 1998; x_wconf 90' lang='lat' dir='ltr'><strong>omnia,</strong></span> 
     </span>
    </p>
   </div>
   <div class='ocr_carea' id='block_1_20' title="bbox 2134 736 3711 811">
    <p class='ocr_par' dir='ltr' id='par_1_20' title="bbox 2134 736 3711 811">
     <span class='ocr_line' id='line_1_20' title="bbox 2134 736 3711 811; baseline 0.005 -24"><span class='ocrx_word' id='word_1_119' title='bbox 2134 736 2302 805; x_wconf 90' lang='grc' dir='ltr'>μίαις.</span> <span class='ocrx_word' id='word_1_120' title='bbox 2337 739 2446 790; x_wconf 87' lang='lat' dir='ltr'><strong>Kal</strong></span> <span class='ocrx_word' id='word_1_121' title='bbox 2468 738 2640 790; x_wconf 78' lang='grc' dir='ltr'>ταῦτα</span> <span class='ocrx_word' id='word_1_122' title='bbox 2672 737 2729 791; x_wconf 88' lang='grc' dir='ltr'><strong>δέ</strong></span> <span class='ocrx_word' id='word_1_123' title='bbox 2761 755 2836 810; x_wconf 87' lang='grc' dir='ltr'><strong>πη</strong></span> <span class='ocrx_word' id='word_1_124' title='bbox 2870 737 2926 805; x_wconf 81' lang='grc' dir='ltr'><strong>ἐξ</strong></span> <span class='ocrx_word' id='word_1_125' title='bbox 2964 736 3127 791; x_wconf 81' lang='grc' dir='ltr'>αὑτοῦ</span> <span class='ocrx_word' id='word_1_126' title='bbox 3155 737 3370 805; x_wconf 86' lang='grc' dir='ltr'>λέγεται</span> <span class='ocrx_word' id='word_1_127' title='bbox 3412 738 3504 792; x_wconf 82' lang='grc' dir='ltr'>τοῦ</span> <span class='ocrx_word' id='word_1_128' title='bbox 3539 757 3711 811; x_wconf 84' lang='grc' dir='ltr'>προσ-</span> 
     </span>
    </p>
   </div>
   <div class='ocr_carea' id='block_1_21' title="bbox 2128 826 3710 902">
    <p class='ocr_par' dir='ltr' id='par_1_21' title="bbox 2128 826 3710 902">
     <span class='ocr_line' id='line_1_21' title="bbox 2128 826 3710 902; baseline 0.004 -22"><span class='ocrx_word' id='word_1_129' title='bbox 2128 826 2278 881; x_wconf 83' lang='grc' dir='ltr'>ώπου</span> <span class='ocrx_word' id='word_1_130' title='bbox 2306 845 2318 858; x_wconf 93' lang='grc'><strong>·</strong></span> <span class='ocrx_word' id='word_1_131' title='bbox 2354 847 2373 879; x_wconf 83' lang='grc' dir='ltr'><strong>ι</strong></span> <span class='ocrx_word' id='word_1_132' title='bbox 2415 829 2479 881; x_wconf 92' lang='grc' dir='ltr'>Τί</span> <span class='ocrx_word' id='word_1_133' title='bbox 2513 829 2568 882; x_wconf 92' lang='grc' dir='ltr'><strong>δέ</strong></span> <span class='ocrx_word' id='word_1_134' title='bbox 2599 832 2747 882; x_wconf 86' lang='grc' dir='ltr'>ἐστιν</span> <span class='ocrx_word' id='word_1_135' title='bbox 2776 831 2957 899; x_wconf 75' lang='grc' dir='ltr'>σοφία,</span> <span class='ocrx_word' id='word_1_136' title='bbox 2994 832 3088 884; x_wconf 77' lang='grc' dir='ltr'><strong>καὶ</strong></span> <span class='ocrx_word' id='word_1_137' title='bbox 3117 830 3234 895; x_wconf 82' lang='grc' dir='ltr'><strong>πῶς</strong></span> <span class='ocrx_word' id='word_1_138' title='bbox 3262 832 3494 898; x_wconf 86' lang='grc' dir='ltr'>ἐγένετο,</span> <span class='ocrx_word' id='word_1_139' title='bbox 3530 833 3710 902; x_wconf 88' lang='grc' dir='ltr'>άπαγ-</span> 
     </span>
    </p>
   </div>
   <div class='ocr_carea' id='block_1_22' title="bbox 2128 919 3709 993">
    <p class='ocr_par' dir='ltr' id='par_1_22' title="bbox 2128 919 3709 993">
     <span class='ocr_line' id='line_1_22' title="bbox 2128 919 3709 993; baseline 0.004 -22"><span class='ocrx_word' id='word_1_140' title='bbox 2128 919 2292 987; x_wconf 83' lang='grc' dir='ltr'><strong>γελῶ,</strong></span> <span class='ocrx_word' id='word_1_141' title='bbox 2340 921 2432 973; x_wconf 75' lang='grc' dir='ltr'><strong>καὶ</strong></span> <span class='ocrx_word' id='word_1_142' title='bbox 2488 920 2587 973; x_wconf 82' lang='grc' dir='ltr'><strong>ούκ</strong></span> <span class='ocrx_word' id='word_1_143' title='bbox 2638 921 2941 992; x_wconf 61' lang='grc' dir='ltr'>ἀποκρύψω</span> <span class='ocrx_word' id='word_1_144' title='bbox 2972 921 3100 992; x_wconf 84' lang='grc' dir='ltr'>ὑμῖν</span> <span class='ocrx_word' id='word_1_145' title='bbox 3153 925 3444 993; x_wconf 81' lang='grc' dir='ltr'><strong>μυστήρια,</strong></span> <span class='ocrx_word' id='word_1_146' title='bbox 3500 925 3615 977; x_wconf 81' lang='grc' dir='ltr'>ἀλλ’</span> <span class='ocrx_word' id='word_1_147' title='bbox 3648 924 3709 992; x_wconf 77' lang='grc' dir='ltr'>ἐξ</span> 
     </span>
    </p>
   </div>
   <div class='ocr_carea' id='block_1_23' title="bbox 2128 1008 3703 1084">
    <p class='ocr_par' dir='ltr' id='par_1_23' title="bbox 2128 1008 3703 1084">
     <span class='ocr_line' id='line_1_23' title="bbox 2128 1008 3703 1084; baseline 0.002 -19"><span class='ocrx_word' id='word_1_148' title='bbox 2128 1012 2306 1082; x_wconf 80' lang='grc' dir='ltr'>ἀρχῆς</span> <span class='ocrx_word' id='word_1_149' title='bbox 2360 1012 2628 1081; x_wconf 87' lang='grc' dir='ltr'>γενέσεως</span> <span class='ocrx_word' id='word_1_150' title='bbox 2678 1011 2995 1083; x_wconf 78' lang='grc' dir='ltr'>ἐξιχνιάσω’</span> <span class='ocrx_word' id='word_1_151' title='bbox 3053 1032 3072 1064; x_wconf 73' lang='grc' dir='ltr'><strong>ι</strong></span> <span class='ocrx_word' id='word_1_152' title='bbox 3123 1008 3204 1070; x_wconf 73' lang='grc' dir='ltr'>οἷς</span> <span class='ocrx_word' id='word_1_153' title='bbox 3257 1014 3381 1083; x_wconf 79' lang='grc' dir='ltr'>ἑξῆς</span> <span class='ocrx_word' id='word_1_154' title='bbox 3426 1013 3703 1084; x_wconf 80' lang='grc' dir='ltr'><strong>ἐπιλέγει·</strong></span> 
     </span>
    </p>
   </div>
   <div class='ocr_carea' id='block_1_24' title="bbox 2133 1104 3706 1177">
    <p class='ocr_par' dir='ltr' id='par_1_24' title="bbox 2133 1104 3706 1177">
     <span class='ocr_line' id='line_1_24' title="bbox 2133 1104 3706 1177; baseline 0.003 -21"><span class='ocrx_word' id='word_1_155' title='bbox 2133 1123 2150 1155; x_wconf 87' lang='grc' dir='ltr'><strong>ι</strong></span> <span class='ocrx_word' id='word_1_156' title='bbox 2177 1106 2330 1157; x_wconf 84' lang='grc' dir='ltr'>Ἐστι</span> <span class='ocrx_word' id='word_1_157' title='bbox 2368 1104 2477 1176; x_wconf 75' lang='grc' dir='ltr'><strong>γὰρ</strong></span> <span class='ocrx_word' id='word_1_158' title='bbox 2513 1104 2650 1176; x_wconf 79' lang='grc' dir='ltr'>αὕτη</span> <span class='ocrx_word' id='word_1_159' title='bbox 2693 1104 2908 1176; x_wconf 80' lang='grc' dir='ltr'>πνεῦμα</span> <span class='ocrx_word' id='word_1_160' title='bbox 2939 1106 3143 1177; x_wconf 84' lang='grc' dir='ltr'>νοερὸν,</span> <span class='ocrx_word' id='word_1_161' title='bbox 3176 1105 3350 1175; x_wconf 76' lang='grc' dir='ltr'>ἅγιον,</span> <span class='ocrx_word' id='word_1_162' title='bbox 3398 1108 3706 1177; x_wconf 84' lang='grc' dir='ltr'>μονογενὲς,</span> 
     </span>
    </p>
   </div>
   <div class='ocr_carea' id='block_1_25' title="bbox 2128 1196 3703 1271">
    <p class='ocr_par' dir='ltr' id='par_1_25' title="bbox 2128 1196 3703 1271">
     <span class='ocr_line' id='line_1_25' title="bbox 2128 1196 3703 1271; baseline 0.001 -21"><span class='ocrx_word' id='word_1_163' title='bbox 2128 1196 2461 1269; x_wconf 77' lang='grc' dir='ltr'>πολυμερὲς,</span> <span class='ocrx_word' id='word_1_164' title='bbox 2487 1197 2702 1262; x_wconf 87' lang='grc' dir='ltr'>λεπτὸν,</span> <span class='ocrx_word' id='word_1_165' title='bbox 2752 1198 3036 1270; x_wconf 79' lang='grc' dir='ltr'>εὐκίνητον</span> <span class='ocrx_word' id='word_1_166' title='bbox 3056 1238 3070 1262; x_wconf 91' lang='grc'><strong>,</strong></span> <span class='ocrx_word' id='word_1_167' title='bbox 3109 1199 3304 1271; x_wconf 84' lang='grc' dir='ltr'>τρανὸν</span> <span class='ocrx_word' id='word_1_168' title='bbox 3324 1238 3340 1262; x_wconf 96' lang='grc'><strong>,</strong></span> <span class='ocrx_word' id='word_1_169' title='bbox 3384 1199 3703 1270; x_wconf 86' lang='grc' dir='ltr'>άμόλυντον,</span> 
     </span>
    </p>
   </div>
   <div class='ocr_carea' id='block_1_26' title="bbox 2128 1287 3706 1361">
    <p class='ocr_par' dir='ltr' id='par_1_26' title="bbox 2128 1287 3706 1361">
     <span class='ocr_line' id='line_1_26' title="bbox 2128 1287 3706 1361; baseline 0.003 -22"><span class='ocrx_word' id='word_1_170' title='bbox 2128 1287 2558 1358; x_wconf 80' lang='grc' dir='ltr'>παντοδύναμον,</span> <span class='ocrx_word' id='word_1_171' title='bbox 2596 1289 3058 1354; x_wconf 86' lang='grc' dir='ltr'>παντεπίσκοπον,</span> <span class='ocrx_word' id='word_1_172' title='bbox 3091 1289 3187 1342; x_wconf 75' lang='grc' dir='ltr'>καὶ</span> <span class='ocrx_word' id='word_1_173' title='bbox 3230 1288 3319 1342; x_wconf 79' lang='grc' dir='ltr'>διὰ</span> <span class='ocrx_word' id='word_1_174' title='bbox 3348 1290 3565 1343; x_wconf 88' lang='grc' dir='ltr'>πάντων</span> <span class='ocrx_word' id='word_1_175' title='bbox 3597 1308 3706 1361; x_wconf 89' lang='grc' dir='ltr'>χω-</span> 
     </span>
    </p>
   </div>
   <div class='ocr_carea' id='block_1_27' title="bbox 2128 1376 3707 1452">
    <p class='ocr_par' dir='ltr' id='par_1_27' title="bbox 2128 1376 3707 1452">
     <span class='ocr_line' id='line_1_27' title="bbox 2128 1376 3707 1452; baseline 0.004 -22"><span class='ocrx_word' id='word_1_176' title='bbox 2128 1376 2256 1449; x_wconf 80' lang='grc' dir='ltr'>ροῦν</span> <span class='ocrx_word' id='word_1_177' title='bbox 2283 1379 2627 1449; x_wconf 82' lang='grc' dir='ltr'>πνευμάτων,</span> <span class='ocrx_word' id='word_1_178' title='bbox 2651 1379 2873 1451; x_wconf 83' lang='grc' dir='ltr'>νοερῶν,</span> <span class='ocrx_word' id='word_1_179' title='bbox 2907 1380 3187 1452; x_wconf 81' lang='grc' dir='ltr'>καθαρῶν,</span> <span class='ocrx_word' id='word_1_180' title='bbox 3208 1380 3569 1435; x_wconf 82' lang='grc' dir='ltr'>λεπτοτάτων.</span> <span class='ocrx_word' id='word_1_181' title='bbox 3595 1382 3707 1436; x_wconf 86' lang='grc' dir='ltr'><strong>Πά-</strong></span> 
     </span>
    </p>
   </div>
   <div class='ocr_carea' id='block_1_28' title="bbox 2127 1471 3704 1545">
    <p class='ocr_par' dir='ltr' id='par_1_28' title="bbox 2127 1471 3704 1545">
     <span class='ocr_line' id='line_1_28' title="bbox 2127 1471 3704 1545; baseline 0.003 -22"><span class='ocrx_word' id='word_1_182' title='bbox 2127 1487 2227 1540; x_wconf 87' lang='grc' dir='ltr'><strong>σης</strong></span> <span class='ocrx_word' id='word_1_183' title='bbox 2251 1471 2359 1540; x_wconf 80' lang='grc' dir='ltr'><strong>γάρ</strong></span> <span class='ocrx_word' id='word_1_184' title='bbox 2391 1472 2657 1542; x_wconf 86' lang='grc' dir='ltr'>κινήσεως</span> <span class='ocrx_word' id='word_1_185' title='bbox 2681 1473 3076 1545; x_wconf 83' lang='grc' dir='ltr'>κινητικωτέρα</span> <span class='ocrx_word' id='word_1_186' title='bbox 3107 1474 3265 1542; x_wconf 80' lang='grc' dir='ltr'>σοφία</span> <span class='ocrx_word' id='word_1_187' title='bbox 3284 1491 3296 1503; x_wconf 91' lang='grc'><strong>·</strong></span> <span class='ocrx_word' id='word_1_188' title='bbox 3330 1473 3506 1543; x_wconf 85' lang='grc' dir='ltr'>διήκει</span> <span class='ocrx_word' id='word_1_189' title='bbox 3533 1475 3591 1527; x_wconf 81' lang='grc' dir='ltr'>δὲ</span> <span class='ocrx_word' id='word_1_190' title='bbox 3612 1476 3704 1528; x_wconf 83' lang='grc' dir='ltr'>καὶ</span> 
     </span>
    </p>
   </div>
   <div class='ocr_carea' id='block_1_29' title="bbox 2125 1563 3705 1639">
    <p class='ocr_par' dir='ltr' id='par_1_29' title="bbox 2125 1563 3705 1639">
     <span class='ocr_line' id='line_1_29' title="bbox 2125 1563 3705 1639; baseline 0.003 -23"><span class='ocrx_word' id='word_1_191' title='bbox 2125 1566 2294 1634; x_wconf 87' lang='grc' dir='ltr'>χωρεῖ</span> <span class='ocrx_word' id='word_1_192' title='bbox 2315 1563 2402 1617; x_wconf 73' lang='grc' dir='ltr'>διὰ</span> <span class='ocrx_word' id='word_1_193' title='bbox 2430 1565 2646 1617; x_wconf 86' lang='grc' dir='ltr'>πάντων</span> <span class='ocrx_word' id='word_1_194' title='bbox 2672 1564 2759 1618; x_wconf 76' lang='grc' dir='ltr'>διὰ</span> <span class='ocrx_word' id='word_1_195' title='bbox 2801 1566 2899 1637; x_wconf 74' lang='grc' dir='ltr'><strong>τὴν</strong></span> <span class='ocrx_word' id='word_1_196' title='bbox 2930 1566 3296 1637; x_wconf 83' lang='grc' dir='ltr'>καθαρότητα.</span> <span class='ocrx_word' id='word_1_197' title='bbox 3361 1567 3551 1637; x_wconf 77' lang='grc' dir='ltr'>’Λτμίς</span> <span class='ocrx_word' id='word_1_198' title='bbox 3597 1569 3705 1639; x_wconf 81' lang='grc' dir='ltr'><strong>γάρ</strong></span> 
     </span>
    </p>
   </div>
   <div class='ocr_carea' id='block_1_30' title="bbox 2124 1654 3703 1729">
    <p class='ocr_par' dir='ltr' id='par_1_30' title="bbox 2124 1654 3703 1729">
     <span class='ocr_line' id='line_1_30' title="bbox 2124 1654 3703 1729; baseline 0.001 -20"><span class='ocrx_word' id='word_1_199' title='bbox 2124 1654 2241 1710; x_wconf 76' lang='grc' dir='ltr'>ἐστι</span> <span class='ocrx_word' id='word_1_200' title='bbox 2282 1655 2380 1726; x_wconf 84' lang='grc' dir='ltr'>τῆς</span> <span class='ocrx_word' id='word_1_201' title='bbox 2416 1655 2507 1709; x_wconf 77' lang='grc' dir='ltr'>τοῦ</span> <span class='ocrx_word' id='word_1_202' title='bbox 2558 1655 2691 1709; x_wconf 75' lang='grc' dir='ltr'>Θεοῦ</span> <span class='ocrx_word' id='word_1_203' title='bbox 2737 1656 3040 1726; x_wconf 84' lang='grc' dir='ltr'>δυνάμεως,</span> <span class='ocrx_word' id='word_1_204' title='bbox 3066 1658 3160 1712; x_wconf 79' lang='grc' dir='ltr'>καὶ</span> <span class='ocrx_word' id='word_1_205' title='bbox 3189 1657 3456 1729; x_wconf 77' lang='grc' dir='ltr'>ἀπόρροια</span> <span class='ocrx_word' id='word_1_206' title='bbox 3485 1659 3583 1728; x_wconf 87' lang='grc' dir='ltr'>τῆς</span> <span class='ocrx_word' id='word_1_207' title='bbox 3610 1658 3703 1711; x_wconf 79' lang='grc' dir='ltr'>τοῦ</span> 
     </span>
    </p>
   </div>
   <div class='ocr_carea' id='block_1_31' title="bbox 2124 1744 3705 1818">
    <p class='ocr_par' dir='ltr' id='par_1_31' title="bbox 2124 1744 3705 1818">
     <span class='ocr_line' id='line_1_31' title="bbox 2124 1744 3705 1818; baseline 0.001 -21"><span class='ocrx_word' id='word_1_208' title='bbox 2124 1745 2560 1815; x_wconf 81' lang='grc' dir='ltr'>παντοκράτορος</span> <span class='ocrx_word' id='word_1_209' title='bbox 2581 1744 2737 1816; x_wconf 81' lang='grc' dir='ltr'>δόξης</span> <span class='ocrx_word' id='word_1_210' title='bbox 2770 1744 3088 1817; x_wconf 81' lang='grc' dir='ltr'>εἰλικρινής.</span> <span class='ocrx_word' id='word_1_211' title='bbox 3141 1745 3232 1802; x_wconf 86' lang='grc' dir='ltr'>Διὸ</span> <span class='ocrx_word' id='word_1_212' title='bbox 3274 1746 3423 1799; x_wconf 77' lang='grc' dir='ltr'>οὐδὲν</span> <span class='ocrx_word' id='word_1_213' title='bbox 3472 1747 3705 1818; x_wconf 79' lang='grc' dir='ltr'>μεμολυ-</span> 
     </span>
    </p>
   </div>
   <div class='ocr_carea' id='block_1_32' title="bbox 2125 1835 3705 1909">
    <p class='ocr_par' dir='ltr' id='par_1_32' title="bbox 2125 1835 3705 1909">
     <span class='ocr_line' id='line_1_32' title="bbox 2125 1835 3705 1909; baseline 0.003 -23"><span class='ocrx_word' id='word_1_214' title='bbox 2125 1835 2319 1904; x_wconf 81' lang='grc' dir='ltr'>σμένον</span> <span class='ocrx_word' id='word_1_215' title='bbox 2364 1836 2445 1897; x_wconf 89' lang='grc' dir='ltr'><strong>εἰς</strong></span> <span class='ocrx_word' id='word_1_216' title='bbox 2500 1836 2670 1905; x_wconf 81' lang='grc' dir='ltr'>αὐτὴν</span> <span class='ocrx_word' id='word_1_217' title='bbox 2722 1836 3117 1907; x_wconf 83' lang='grc' dir='ltr'>παρεμπίπτει.</span> <span class='ocrx_word' id='word_1_218' title='bbox 3184 1836 3548 1907; x_wconf 82' lang='grc' dir='ltr'>Ἀπαύγασμα</span> <span class='ocrx_word' id='word_1_219' title='bbox 3597 1838 3705 1909; x_wconf 85' lang='grc' dir='ltr'><strong>γάρ</strong></span> 
     </span>
    </p>
   </div>
   <div class='ocr_carea' id='block_1_33' title="bbox 2126 1926 3703 2000">
    <p class='ocr_par' dir='ltr' id='par_1_33' title="bbox 2126 1926 3703 2000">
     <span class='ocr_line' id='line_1_33' title="bbox 2126 1926 3703 2000; baseline 0.003 -22"><span class='ocrx_word' id='word_1_220' title='bbox 2126 1928 2241 1978; x_wconf 88' lang='grc' dir='ltr'>ἐστι</span> <span class='ocrx_word' id='word_1_221' title='bbox 2268 1926 2444 1994; x_wconf 76' lang='grc' dir='ltr'>φωτὸς</span> <span class='ocrx_word' id='word_1_222' title='bbox 2474 1927 2644 1980; x_wconf 79' lang='grc' dir='ltr'>ἀϊδίου</span> <span class='ocrx_word' id='word_1_223' title='bbox 2679 1929 2773 1982; x_wconf 81' lang='grc' dir='ltr'><strong>καὶ</strong></span> <span class='ocrx_word' id='word_1_224' title='bbox 2805 1928 3066 2000; x_wconf 75' lang='grc' dir='ltr'>ἔσοπτρον</span> <span class='ocrx_word' id='word_1_225' title='bbox 3104 1928 3432 2000; x_wconf 82' lang='grc' dir='ltr'>άκηλίδωτον</span> <span class='ocrx_word' id='word_1_226' title='bbox 3472 1929 3572 1998; x_wconf 76' lang='grc' dir='ltr'>τῆς</span> <span class='ocrx_word' id='word_1_227' title='bbox 3609 1928 3703 1983; x_wconf 78' lang='grc' dir='ltr'>τοῦ</span> 
     </span>
    </p>
   </div>
   <div class='ocr_carea' id='block_1_34' title="bbox 438 1997 2009 2092">
    <p class='ocr_par' dir='ltr' id='par_1_34' title="bbox 438 1997 2009 2092">
     <span class='ocr_line' id='line_1_34' title="bbox 438 1997 2009 2092; baseline 0.001 -19"><span class='ocrx_word' id='word_1_228' title='bbox 438 1997 661 2091; x_wconf 73' lang='lat' dir='ltr'><strong>propter</strong></span> <span class='ocrx_word' id='word_1_229' title='bbox 689 2038 848 2078; x_wconf 91' lang='lat' dir='ltr'><strong>suam</strong></span> <span class='ocrx_word' id='word_1_230' title='bbox 887 1997 1240 2078; x_wconf 78' lang='lat' dir='ltr'><strong>munditiam.</strong></span> <span class='ocrx_word' id='word_1_231' title='bbox 1279 2022 1460 2092; x_wconf 82' lang='lat' dir='ltr'><strong>Vapor</strong></span> <span class='ocrx_word' id='word_1_232' title='bbox 1487 1997 1633 2079; x_wconf 79' lang='lat' dir='ltr'><strong>enim</strong></span> <span class='ocrx_word' id='word_1_233' title='bbox 1667 2029 1751 2075; x_wconf 89' lang='lat' dir='ltr'><strong>est</strong></span> <span class='ocrx_word' id='word_1_234' title='bbox 1783 2020 1878 2075; x_wconf 88' lang='lat' dir='ltr'><strong>Dei</strong></span> <span class='ocrx_word' id='word_1_235' title='bbox 1908 1997 2009 2075; x_wconf 53' lang='lat' dir='ltr'><strong>vir?</strong></span> 
     </span>
    </p>
   </div>
   <div class='ocr_carea' id='block_1_35' title="bbox 2112 1997 3706 2092">
    <p class='ocr_par' dir='ltr' id='par_1_35' title="bbox 2121 1997 3706 2091">
     <span class='ocr_line' id='line_1_35' title="bbox 2121 1997 3706 2091; baseline 0.002 -21"><span class='ocrx_word' id='word_1_236' title='bbox 2121 2017 2252 2070; x_wconf 81' lang='grc' dir='ltr'>Θεοῦ</span> <span class='ocrx_word' id='word_1_237' title='bbox 2279 2019 2577 2089; x_wconf 87' lang='grc' dir='ltr'>ἐνεργείας,</span> <span class='ocrx_word' id='word_1_238' title='bbox 2602 2021 2695 2073; x_wconf 76' lang='grc' dir='ltr'><strong>καὶ</strong></span> <span class='ocrx_word' id='word_1_239' title='bbox 2716 2018 2880 2075; x_wconf 83' lang='grc' dir='ltr'>εἰκὼν</span> <span class='ocrx_word' id='word_1_240' title='bbox 2898 1997 2996 2091; x_wconf 77' lang='grc' dir='ltr'>τῆς</span> <span class='ocrx_word' id='word_1_241' title='bbox 3019 1997 3352 2090; x_wconf 83' lang='grc' dir='ltr'>ἀγαθότητος</span> <span class='ocrx_word' id='word_1_242' title='bbox 3370 1997 3555 2074; x_wconf 68' lang='grc' dir='ltr'>αὐτοῦ.</span> <span class='ocrx_word' id='word_1_243' title='bbox 3578 2023 3706 2073; x_wconf 92' lang='grc' dir='ltr'>Δια-</span> 
     </span>
    </p>
   </div>
   <div class='ocr_carea' id='block_1_36' title="bbox 441 2111 2019 2183">
    <p class='ocr_par' dir='ltr' id='par_1_36' title="bbox 441 2111 2019 2183">
     <span class='ocr_line' id='line_1_36' title="bbox 441 2111 2019 2183; baseline 0.001 -18"><span class='ocrx_word' id='word_1_244' title='bbox 441 2115 592 2177; x_wconf 89' lang='lat' dir='ltr'><strong>tutis,</strong></span> <span class='ocrx_word' id='word_1_245' title='bbox 621 2122 675 2167; x_wconf 90' lang='lat' dir='ltr'><strong>et</strong></span> <span class='ocrx_word' id='word_1_246' title='bbox 704 2116 980 2168; x_wconf 88' lang='lat' dir='ltr'><strong>emanatio</strong></span> <span class='ocrx_word' id='word_1_247' title='bbox 1010 2113 1198 2183; x_wconf 69' lang='lat' dir='ltr'><strong>gloriae</strong></span> <span class='ocrx_word' id='word_1_248' title='bbox 1239 2113 1636 2183; x_wconf 79' lang='lat' dir='ltr'><strong>omnipotentis</strong></span> <span class='ocrx_word' id='word_1_249' title='bbox 1678 2112 1910 2168; x_wconf 75' lang='lat' dir='ltr'><strong>sincera.</strong></span> <span class='ocrx_word' id='word_1_250' title='bbox 1952 2111 2019 2166; x_wconf 86' lang='lat' dir='ltr'><strong>Et</strong></span> 
     </span>
    </p>
   </div>
   <div class='ocr_carea' id='block_1_37' title="bbox 336 2202 2018 2275">
    <p class='ocr_par' dir='ltr' id='par_1_37' title="bbox 336 2202 2018 2275">
     <span class='ocr_line' id='line_1_37' title="bbox 336 2202 2018 2275; baseline -0.002 -15"><span class='ocrx_word' id='word_1_251' title='bbox 336 2240 352 2254; x_wconf 66' lang='grc' dir='ltr'><em>ι</em></span> <span class='ocrx_word' id='word_1_252' title='bbox 438 2206 560 2260; x_wconf 87' lang='lat' dir='ltr'><strong>ideo</strong></span> <span class='ocrx_word' id='word_1_253' title='bbox 610 2206 747 2260; x_wconf 91' lang='lat' dir='ltr'><strong>nihil</strong></span> <span class='ocrx_word' id='word_1_254' title='bbox 815 2205 1161 2275; x_wconf 89' lang='lat' dir='ltr'><strong>inquinatum</strong></span> <span class='ocrx_word' id='word_1_255' title='bbox 1220 2205 1277 2260; x_wconf 88' lang='lat' dir='ltr'><strong>in</strong></span> <span class='ocrx_word' id='word_1_256' title='bbox 1330 2220 1452 2260; x_wconf 88' lang='lat' dir='ltr'><strong>eam</strong></span> <span class='ocrx_word' id='word_1_257' title='bbox 1499 2205 1747 2260; x_wconf 83' lang='lat' dir='ltr'><strong>incurrit.</strong></span> <span class='ocrx_word' id='word_1_258' title='bbox 1798 2202 2018 2258; x_wconf 90' lang='lat' dir='ltr'><strong>Candor</strong></span> 
     </span>
    </p>
   </div>
   <div class='ocr_carea' id='block_1_38' title="bbox 435 2292 2015 2364">
    <p class='ocr_par' dir='ltr' id='par_1_38' title="bbox 435 2292 2015 2364">
     <span class='ocr_line' id='line_1_38' title="bbox 435 2292 2015 2364; baseline -0.001 -15"><span class='ocrx_word' id='word_1_259' title='bbox 435 2296 582 2349; x_wconf 87' lang='lat' dir='ltr'><strong>enim</strong></span> <span class='ocrx_word' id='word_1_260' title='bbox 614 2307 696 2350; x_wconf 90' lang='lat' dir='ltr'><strong>est</strong></span> <span class='ocrx_word' id='word_1_261' title='bbox 747 2296 889 2350; x_wconf 89' lang='lat' dir='ltr'><strong>lucis</strong></span> <span class='ocrx_word' id='word_1_262' title='bbox 922 2304 1162 2361; x_wconf 66' lang='lat' dir='ltr'><strong>aeternae,</strong></span> <span class='ocrx_word' id='word_1_263' title='bbox 1215 2303 1270 2349; x_wconf 88' lang='lat' dir='ltr'><strong>et</strong></span> <span class='ocrx_word' id='word_1_264' title='bbox 1317 2294 1598 2364; x_wconf 86' lang='lat' dir='ltr'><strong>speculum</strong></span> <span class='ocrx_word' id='word_1_265' title='bbox 1639 2294 1757 2349; x_wconf 91' lang='lat' dir='ltr'><strong>sine</strong></span> <span class='ocrx_word' id='word_1_266' title='bbox 1799 2292 2015 2347; x_wconf 84' lang='lat' dir='ltr'><strong>macula</strong></span> 
     </span>
    </p>
   </div>
   <div class='ocr_carea' id='block_1_39' title="bbox 434 2384 2014 2456">
    <p class='ocr_par' dir='ltr' id='par_1_39' title="bbox 434 2384 2014 2456">
     <span class='ocr_line' id='line_1_39' title="bbox 434 2384 2014 2456; baseline -0.003 -15"><span class='ocrx_word' id='word_1_267' title='bbox 434 2385 531 2442; x_wconf 87' lang='lat' dir='ltr'><strong>Dei</strong></span> <span class='ocrx_word' id='word_1_268' title='bbox 565 2387 916 2455; x_wconf 67' lang='lat' dir='ltr'><strong>cllicacitatis</strong></span> <span class='ocrx_word' id='word_1_269' title='bbox 953 2396 1007 2441; x_wconf 88' lang='lat' dir='ltr'><strong>et</strong></span> <span class='ocrx_word' id='word_1_270' title='bbox 1038 2387 1216 2456; x_wconf 80' lang='lat' dir='ltr'><strong>imago</strong></span> <span class='ocrx_word' id='word_1_271' title='bbox 1266 2386 1528 2441; x_wconf 79' lang='lat' dir='ltr'><strong>bonitatis</strong></span> <span class='ocrx_word' id='word_1_272' title='bbox 1580 2384 1781 2455; x_wconf 79' lang='lat' dir='ltr'><strong>ejus“.</strong></span> <span class='ocrx_word' id='word_1_273' title='bbox 1832 2385 2014 2438; x_wconf 80' lang='lat' dir='ltr'><strong>Attin-</strong></span> 
     </span>
    </p>
   </div>
   <div class='ocr_carea' id='block_1_40' title="bbox 432 2476 2013 2550">
    <p class='ocr_par' dir='ltr' id='par_1_40' title="bbox 432 2476 2013 2550">
     <span class='ocr_line' id='line_1_40' title="bbox 432 2476 2013 2550; baseline -0.001 -18"><span class='ocrx_word' id='word_1_274' title='bbox 432 2480 513 2550; x_wconf 75' lang='lat' dir='ltr'><strong>git</strong></span> <span class='ocrx_word' id='word_1_275' title='bbox 542 2489 722 2533; x_wconf 85' lang='lat' dir='ltr'><strong>autem</strong></span> <span class='ocrx_word' id='word_1_276' title='bbox 758 2495 788 2532; x_wconf 89' lang='lat' dir='ltr'><strong>a</strong></span> <span class='ocrx_word' id='word_1_277' title='bbox 816 2481 921 2531; x_wconf 87' lang='lat' dir='ltr'><strong>line</strong></span> <span class='ocrx_word' id='word_1_278' title='bbox 943 2493 1118 2547; x_wconf 89' lang='lat' dir='ltr'><strong>usque</strong></span> <span class='ocrx_word' id='word_1_279' title='bbox 1158 2476 1226 2530; x_wconf 85' lang='lat' dir='ltr'><strong>ad</strong></span> <span class='ocrx_word' id='word_1_280' title='bbox 1267 2477 1430 2531; x_wconf 79' lang='lat' dir='ltr'><strong>tinem</strong></span> <span class='ocrx_word' id='word_1_281' title='bbox 1464 2476 1697 2543; x_wconf 78' lang='lat' dir='ltr'><strong>fortiter,</strong></span> <span class='ocrx_word' id='word_1_282' title='bbox 1739 2484 1793 2530; x_wconf 86' lang='lat' dir='ltr'><strong>et</strong></span> <span class='ocrx_word' id='word_1_283' title='bbox 1822 2476 2013 2545; x_wconf 85' lang='lat' dir='ltr'><strong>dispo-</strong></span> 
     </span>
    </p>
   </div>
   <div class='ocr_carea' id='block_1_41' title="bbox 433 2566 2013 2632">
    <p class='ocr_par' dir='ltr' id='par_1_41' title="bbox 433 2566 2013 2632">
     <span class='ocr_line' id='line_1_41' title="bbox 433 2566 2013 2632; baseline -0.003 -6"><span class='ocrx_word' id='word_1_284' title='bbox 433 2572 516 2626; x_wconf 90' lang='lat' dir='ltr'><strong>nit</strong></span> <span class='ocrx_word' id='word_1_285' title='bbox 540 2571 723 2625; x_wconf 88' lang='lat' dir='ltr'><strong>omnia</strong></span> <span class='ocrx_word' id='word_1_286' title='bbox 754 2570 993 2626; x_wconf 86' lang='lat' dir='ltr'><strong>suaviter</strong></span> <span class='ocrx_word' id='word_1_287' title='bbox 1017 2570 1085 2623; x_wconf 78' lang='lat'><strong>°’.</strong></span> <span class='ocrx_word' id='word_1_288' title='bbox 1102 2588 1120 2621; x_wconf 70' lang='grc' dir='ltr'><strong>ι</strong></span> <span class='ocrx_word' id='word_1_289' title='bbox 1146 2569 1265 2624; x_wconf 83' lang='lat' dir='ltr'><strong>Jam</strong></span> <span class='ocrx_word' id='word_1_290' title='bbox 1285 2570 1529 2623; x_wconf 85' lang='lat' dir='ltr'><strong>divinum</strong></span> <span class='ocrx_word' id='word_1_291' title='bbox 1558 2569 1725 2623; x_wconf 90' lang='lat' dir='ltr'><strong>hocce</strong></span> <span class='ocrx_word' id='word_1_292' title='bbox 1749 2566 2013 2632; x_wconf 83' lang='lat' dir='ltr'><strong>Verbum,</strong></span> 
     </span>
    </p>
   </div>
   <div class='ocr_carea' id='block_1_42' title="bbox 432 2660 2012 2725">
    <p class='ocr_par' dir='ltr' id='par_1_42' title="bbox 432 2660 2012 2725">
     <span class='ocr_line' id='line_1_42' title="bbox 432 2660 2012 2725; baseline -0.004 -6"><span class='ocrx_word' id='word_1_293' title='bbox 432 2680 463 2719; x_wconf 87' lang='lat' dir='ltr'><strong>a</strong></span> <span class='ocrx_word' id='word_1_294' title='bbox 490 2663 649 2718; x_wconf 87' lang='lat' dir='ltr'><strong>Patre</strong></span> <span class='ocrx_word' id='word_1_295' title='bbox 697 2663 981 2717; x_wconf 82' lang='lat' dir='ltr'><strong>hominum</strong></span> <span class='ocrx_word' id='word_1_296' title='bbox 1022 2662 1076 2717; x_wconf 91' lang='lat' dir='ltr'><strong>in</strong></span> <span class='ocrx_word' id='word_1_297' title='bbox 1119 2664 1354 2718; x_wconf 88' lang='lat' dir='ltr'><strong>salutem</strong></span> <span class='ocrx_word' id='word_1_298' title='bbox 1389 2662 1643 2725; x_wconf 90' lang='lat' dir='ltr'><strong>missum,</strong></span> <span class='ocrx_word' id='word_1_299' title='bbox 1685 2660 1855 2715; x_wconf 89' lang='lat' dir='ltr'><strong>variis</strong></span> <span class='ocrx_word' id='word_1_300' title='bbox 1888 2675 2012 2713; x_wconf 85' lang='lat' dir='ltr'><strong>om-</strong></span> 
     </span>
    </p>
   </div>
   <div class='ocr_carea' id='block_1_43' title="bbox 432 2749 2018 2824">
    <p class='ocr_par' dir='ltr' id='par_1_43' title="bbox 432 2749 2018 2824">
     <span class='ocr_line' id='line_1_43' title="bbox 432 2749 2018 2824; baseline -0.001 -18"><span class='ocrx_word' id='word_1_301' title='bbox 432 2755 565 2807; x_wconf 91' lang='lat' dir='ltr'><strong>nino</strong></span> <span class='ocrx_word' id='word_1_302' title='bbox 595 2754 772 2809; x_wconf 90' lang='lat' dir='ltr'><strong>modis</strong></span> <span class='ocrx_word' id='word_1_303' title='bbox 804 2753 1088 2824; x_wconf 87' lang='lat' dir='ltr'><strong>Scriptura</strong></span> <span class='ocrx_word' id='word_1_304' title='bbox 1118 2754 1304 2807; x_wconf 86' lang='lat' dir='ltr'><strong>divina</strong></span> <span class='ocrx_word' id='word_1_305' title='bbox 1332 2760 1704 2822; x_wconf 67' lang='lat' dir='ltr'><strong>repraesentat.</strong></span> <span class='ocrx_word' id='word_1_306' title='bbox 1752 2749 1817 2805; x_wconf 88' lang='lat' dir='ltr'><strong>Et</strong></span> <span class='ocrx_word' id='word_1_307' title='bbox 1845 2751 2018 2805; x_wconf 78' lang='lat' dir='ltr'><strong>Abra-</strong></span> 
     </span>
    </p>
   </div>
   <div class='ocr_carea' id='block_1_44' title="bbox 433 2843 2014 2917">
    <p class='ocr_par' dir='ltr' id='par_1_44' title="bbox 433 2843 2014 2917">
     <span class='ocr_line' id='line_1_44' title="bbox 433 2843 2014 2917; baseline -0.001 -18"><span class='ocrx_word' id='word_1_308' title='bbox 433 2846 595 2900; x_wconf 88' lang='lat' dir='ltr'><strong>hamo</strong></span> <span class='ocrx_word' id='word_1_309' title='bbox 635 2847 853 2916; x_wconf 88' lang='lat' dir='ltr'><strong>quidem</strong></span> <span class='ocrx_word' id='word_1_310' title='bbox 898 2855 1061 2917; x_wconf 90' lang='lat' dir='ltr'><strong>atque</strong></span> <span class='ocrx_word' id='word_1_311' title='bbox 1107 2845 1300 2916; x_wconf 83' lang='lat' dir='ltr'><strong>Moysi,</strong></span> <span class='ocrx_word' id='word_1_312' title='bbox 1353 2844 1677 2911; x_wconf 64' lang='lat' dir='ltr'><strong>ueterisque</strong></span> <span class='ocrx_word' id='word_1_313' title='bbox 1733 2843 2014 2911; x_wconf 82' lang='lat' dir='ltr'><strong>prophetis</strong></span> 
     </span>
    </p>
   </div>
   <div class='ocr_carea' id='block_1_45' title="bbox 430 2932 2011 3002">
    <p class='ocr_par' dir='ltr' id='par_1_45' title="bbox 430 2932 2011 3002">
     <span class='ocr_line' id='line_1_45' title="bbox 430 2932 2011 3002; baseline -0.003 -14"><span class='ocrx_word' id='word_1_314' title='bbox 430 2933 543 2989; x_wconf 89' lang='lat' dir='ltr'><strong>Deo</strong></span> <span class='ocrx_word' id='word_1_315' title='bbox 593 2937 956 3002; x_wconf 87' lang='lat' dir='ltr'><strong>charissimis,</strong></span> <span class='ocrx_word' id='word_1_316' title='bbox 1010 2951 1122 2991; x_wconf 89' lang='lat' dir='ltr'><strong>non</strong></span> <span class='ocrx_word' id='word_1_317' title='bbox 1179 2950 1300 2991; x_wconf 89' lang='lat' dir='ltr'><strong>sese</strong></span> <span class='ocrx_word' id='word_1_318' title='bbox 1338 2934 1502 2988; x_wconf 89' lang='lat' dir='ltr'><strong>modo</strong></span> <span class='ocrx_word' id='word_1_319' title='bbox 1529 2932 1821 2987; x_wconf 88' lang='lat' dir='ltr'><strong>videndum</strong></span> <span class='ocrx_word' id='word_1_320' title='bbox 1853 2933 2011 2987; x_wconf 82' lang='lat' dir='ltr'><strong>exhi-</strong></span> 
     </span>
    </p>
   </div>
   <div class='ocr_carea' id='block_1_46' title="bbox 429 3024 2010 3091">
    <p class='ocr_par' dir='ltr' id='par_1_46' title="bbox 429 3024 2010 3091">
     <span class='ocr_line' id='line_1_46' title="bbox 429 3024 2010 3091; baseline -0.001 -10"><span class='ocrx_word' id='word_1_321' title='bbox 429 3026 640 3091; x_wconf 76' lang='lat' dir='ltr'><strong>buisse,</strong></span> <span class='ocrx_word' id='word_1_322' title='bbox 676 3045 866 3084; x_wconf 89' lang='lat' dir='ltr'><strong>verum</strong></span> <span class='ocrx_word' id='word_1_323' title='bbox 902 3029 1069 3083; x_wconf 87' lang='lat' dir='ltr'><strong>etiam</strong></span> <span class='ocrx_word' id='word_1_324' title='bbox 1102 3038 1156 3084; x_wconf 91' lang='lat' dir='ltr'><strong>et</strong></span> <span class='ocrx_word' id='word_1_325' title='bbox 1197 3028 1453 3083; x_wconf 77' lang='lat' dir='ltr'><strong>docuisse</strong></span> <span class='ocrx_word' id='word_1_326' title='bbox 1484 3027 1678 3088; x_wconf 86' lang='lat' dir='ltr'><strong>multa,</strong></span> <span class='ocrx_word' id='word_1_327' title='bbox 1719 3033 1773 3080; x_wconf 89' lang='lat' dir='ltr'><strong>et</strong></span> <span class='ocrx_word' id='word_1_328' title='bbox 1824 3024 2010 3079; x_wconf 84' lang='lat' dir='ltr'><strong>futura</strong></span> 
     </span>
    </p>
   </div>
   <div class='ocr_carea' id='block_1_47' title="bbox 427 3116 2007 3191">
    <p class='ocr_par' dir='ltr' id='par_1_47' title="bbox 427 3116 2007 3191">
     <span class='ocr_line' id='line_1_47' title="bbox 427 3116 2007 3191; baseline -0.003 -18"><span class='ocrx_word' id='word_1_329' title='bbox 427 3122 827 3189; x_wconf 63' lang='lat' dir='ltr'><strong>praenuntiasse</strong></span> <span class='ocrx_word' id='word_1_330' title='bbox 877 3128 1136 3183; x_wconf 89' lang='lat' dir='ltr'><strong>testatur,</strong></span> <span class='ocrx_word' id='word_1_331' title='bbox 1176 3120 1394 3191; x_wconf 89' lang='lat' dir='ltr'><strong>quoties</strong></span> <span class='ocrx_word' id='word_1_332' title='bbox 1425 3118 1592 3173; x_wconf 89' lang='lat' dir='ltr'><strong>Deum</strong></span> <span class='ocrx_word' id='word_1_333' title='bbox 1619 3132 1683 3172; x_wconf 89' lang='lat' dir='ltr'><strong>ac</strong></span> <span class='ocrx_word' id='word_1_334' title='bbox 1715 3116 2007 3171; x_wconf 90' lang='lat' dir='ltr'><strong>Dominum</strong></span> 
     </span>
    </p>
   </div>
   <div class='ocr_carea' id='block_1_48' title="bbox 427 3211 2009 3284">
    <p class='ocr_par' dir='ltr' id='par_1_48' title="bbox 427 3211 2009 3284">
     <span class='ocr_line' id='line_1_48' title="bbox 427 3211 2009 3284; baseline -0.001 -18"><span class='ocrx_word' id='word_1_335' title='bbox 427 3224 523 3267; x_wconf 84' lang='lat' dir='ltr'><strong>aut</strong></span> <span class='ocrx_word' id='word_1_336' title='bbox 555 3214 873 3282; x_wconf 82' lang='lat' dir='ltr'><strong>apparuisse</strong></span> <span class='ocrx_word' id='word_1_337' title='bbox 902 3213 1200 3284; x_wconf 87' lang='lat' dir='ltr'><strong>prophetis,</strong></span> <span class='ocrx_word' id='word_1_338' title='bbox 1247 3222 1343 3267; x_wconf 87' lang='lat' dir='ltr'><strong>aut</strong></span> <span class='ocrx_word' id='word_1_339' title='bbox 1391 3226 1517 3267; x_wconf 87' lang='lat' dir='ltr'><strong>cum</strong></span> <span class='ocrx_word' id='word_1_340' title='bbox 1556 3211 1625 3267; x_wconf 89' lang='lat' dir='ltr'><strong>iis</strong></span> <span class='ocrx_word' id='word_1_341' title='bbox 1678 3211 2009 3267; x_wconf 90' lang='lat' dir='ltr'><strong>collocutum</strong></span> 
     </span>
    </p>
   </div>
   <div class='ocr_carea' id='block_1_49' title="bbox 2117 2110 3709 2183">
    <p class='ocr_par' dir='ltr' id='par_1_49' title="bbox 2117 2110 3709 2183">
     <span class='ocr_line' id='line_1_49' title="bbox 2117 2110 3709 2183; baseline 0.002 -22"><span class='ocrx_word' id='word_1_342' title='bbox 2117 2110 2281 2163; x_wconf 81' lang='grc' dir='ltr'>τείνει</span> <span class='ocrx_word' id='word_1_343' title='bbox 2310 2110 2366 2161; x_wconf 84' lang='grc' dir='ltr'><strong>δὲ</strong></span> <span class='ocrx_word' id='word_1_344' title='bbox 2401 2110 2509 2163; x_wconf 82' lang='grc' dir='ltr'>ἀπὸ</span> <span class='ocrx_word' id='word_1_345' title='bbox 2540 2112 2772 2183; x_wconf 79' lang='grc' dir='ltr'>πέρατος</span> <span class='ocrx_word' id='word_1_346' title='bbox 2807 2113 2899 2165; x_wconf 80' lang='grc' dir='ltr'><strong>ἐπὶ</strong></span> <span class='ocrx_word' id='word_1_347' title='bbox 2930 2114 3102 2183; x_wconf 82' lang='grc' dir='ltr'>πέρας</span> <span class='ocrx_word' id='word_1_348' title='bbox 3121 2110 3430 2183; x_wconf 76' lang='grc' dir='ltr'>εὐρώστως,</span> <span class='ocrx_word' id='word_1_349' title='bbox 3458 2113 3551 2164; x_wconf 78' lang='grc' dir='ltr'>καὶ</span> <span class='ocrx_word' id='word_1_350' title='bbox 3574 2111 3709 2164; x_wconf 61' lang='grc' dir='ltr'>διοια</span> 
     </span>
    </p>
   </div>
   <div class='ocr_carea' id='block_1_50' title="bbox 2116 2202 3702 2276">
    <p class='ocr_par' dir='ltr' id='par_1_50' title="bbox 2116 2202 3702 2276">
     <span class='ocr_line' id='line_1_50' title="bbox 2116 2202 3702 2276; baseline 0.002 -22"><span class='ocrx_word' id='word_1_351' title='bbox 2116 2204 2204 2255; x_wconf 87' lang='grc' dir='ltr'>κεί</span> <span class='ocrx_word' id='word_1_352' title='bbox 2247 2202 2317 2256; x_wconf 79' lang='grc' dir='ltr'>τὰ</span> <span class='ocrx_word' id='word_1_353' title='bbox 2360 2204 2536 2258; x_wconf 85' lang='grc' dir='ltr'>πάντα</span> <span class='ocrx_word' id='word_1_354' title='bbox 2583 2204 2855 2275; x_wconf 83' lang='grc' dir='ltr'>χρηστῶς.</span> <span class='ocrx_word' id='word_1_355' title='bbox 2905 2222 2923 2256; x_wconf 75' lang='grc' dir='ltr'><strong>ι</strong></span> <span class='ocrx_word' id='word_1_356' title='bbox 2963 2204 3071 2257; x_wconf 86' lang='lat' dir='ltr'><strong>Kal</strong></span> <span class='ocrx_word' id='word_1_357' title='bbox 3115 2204 3180 2276; x_wconf 78' lang='grc' dir='ltr'>δὴ</span> <span class='ocrx_word' id='word_1_358' title='bbox 3220 2203 3368 2256; x_wconf 83' lang='grc' dir='ltr'>τόνδε</span> <span class='ocrx_word' id='word_1_359' title='bbox 3394 2204 3484 2256; x_wconf 89' lang='grc' dir='ltr'><strong>τὸν</strong></span> <span class='ocrx_word' id='word_1_360' title='bbox 3522 2202 3702 2257; x_wconf 77' lang='grc' dir='ltr'>ἔνθεον</span> 
     </span>
    </p>
   </div>
   <div class='ocr_carea' id='block_1_51' title="bbox 2114 2294 3707 2369">
    <p class='ocr_par' dir='ltr' id='par_1_51' title="bbox 2114 2294 3707 2369">
     <span class='ocr_line' id='line_1_51' title="bbox 2114 2294 3707 2369; baseline 0.001 -22"><span class='ocrx_word' id='word_1_361' title='bbox 2114 2294 2285 2363; x_wconf 84' lang='grc' dir='ltr'>Λόγον</span> <span class='ocrx_word' id='word_1_362' title='bbox 2317 2295 2590 2367; x_wconf 81' lang='grc' dir='ltr'>διαφόρως</span> <span class='ocrx_word' id='word_1_363' title='bbox 2617 2298 2650 2369; x_wconf 87' lang='grc' dir='ltr'><strong>ή</strong></span> <span class='ocrx_word' id='word_1_364' title='bbox 2685 2296 2804 2351; x_wconf 91' lang='grc' dir='ltr'>θεία</span> <span class='ocrx_word' id='word_1_365' title='bbox 2827 2297 3015 2369; x_wconf 83' lang='grc' dir='ltr'>Γραφὴ</span> <span class='ocrx_word' id='word_1_366' title='bbox 3052 2296 3191 2369; x_wconf 84' lang='grc' dir='ltr'>πρὸς</span> <span class='ocrx_word' id='word_1_367' title='bbox 3226 2296 3321 2349; x_wconf 83' lang='grc' dir='ltr'>τοῦ</span> <span class='ocrx_word' id='word_1_368' title='bbox 3358 2296 3574 2367; x_wconf 87' lang='grc' dir='ltr'>Πατρὸς</span> <span class='ocrx_word' id='word_1_369' title='bbox 3607 2296 3707 2349; x_wconf 73' lang='grc' dir='ltr'>ἐπὶ</span> 
     </span>
    </p>
   </div>
   <div class='ocr_carea' id='block_1_52' title="bbox 2115 2383 3702 2457">
    <p class='ocr_par' dir='ltr' id='par_1_52' title="bbox 2115 2383 3702 2457">
     <span class='ocr_line' id='line_1_52' title="bbox 2115 2383 3702 2457; baseline 0.001 -22"><span class='ocrx_word' id='word_1_370' title='bbox 2115 2386 2181 2454; x_wconf 78' lang='grc' dir='ltr'>τῇ</span> <span class='ocrx_word' id='word_1_371' title='bbox 2204 2383 2312 2436; x_wconf 86' lang='grc' dir='ltr'><strong>τῶν</strong></span> <span class='ocrx_word' id='word_1_372' title='bbox 2337 2384 2642 2457; x_wconf 85' lang='grc' dir='ltr'>ἀνθρώπων</span> <span class='ocrx_word' id='word_1_373' title='bbox 2674 2387 2917 2457; x_wconf 72' lang='grc' dir='ltr'>σωτηρίᾳ</span> <span class='ocrx_word' id='word_1_374' title='bbox 2943 2386 3293 2456; x_wconf 83' lang='grc' dir='ltr'>πεπεμμένον</span> <span class='ocrx_word' id='word_1_375' title='bbox 3324 2385 3554 2454; x_wconf 92' lang='grc' dir='ltr'>εἰσάγει.</span> <span class='ocrx_word' id='word_1_376' title='bbox 3595 2385 3702 2437; x_wconf 76' lang='grc' dir='ltr'>Λύ-</span> 
     </span>
    </p>
   </div>
   <div class='ocr_carea' id='block_1_53' title="bbox 2114 2473 3700 2550">
    <p class='ocr_par' dir='ltr' id='par_1_53' title="bbox 2114 2473 3700 2550">
     <span class='ocr_line' id='line_1_53' title="bbox 2114 2473 3700 2550; baseline 0.003 -22"><span class='ocrx_word' id='word_1_377' title='bbox 2114 2474 2205 2529; x_wconf 90' lang='grc' dir='ltr'><strong>τὸν</strong></span> <span class='ocrx_word' id='word_1_378' title='bbox 2226 2476 2271 2529; x_wconf 89' lang='grc' dir='ltr'>δ’</span> <span class='ocrx_word' id='word_1_379' title='bbox 2298 2473 2390 2529; x_wconf 82' lang='grc' dir='ltr'><strong>οὖν</strong></span> <span class='ocrx_word' id='word_1_380' title='bbox 2422 2477 2616 2548; x_wconf 75' lang='grc' dir='ltr'>καὶτῷ</span> <span class='ocrx_word' id='word_1_381' title='bbox 2663 2477 2934 2550; x_wconf 72' lang='grc' dir='ltr'>Ἀϐραὰμ,</span> <span class='ocrx_word' id='word_1_382' title='bbox 2962 2480 3171 2548; x_wconf 81' lang='grc' dir='ltr'>Μωῡσῇ</span> <span class='ocrx_word' id='word_1_383' title='bbox 3203 2494 3261 2530; x_wconf 89' lang='grc' dir='ltr'><strong>τε</strong></span> <span class='ocrx_word' id='word_1_384' title='bbox 3314 2478 3410 2531; x_wconf 73' lang='grc' dir='ltr'>καὶ</span> <span class='ocrx_word' id='word_1_385' title='bbox 3450 2481 3564 2540; x_wconf 86' lang='grc' dir='ltr'>τοῖς</span> <span class='ocrx_word' id='word_1_386' title='bbox 3602 2477 3700 2532; x_wconf 81' lang='grc' dir='ltr'>άλ-</span> 
     </span>
    </p>
   </div>
   <div class='ocr_carea' id='block_1_54' title="bbox 2113 2567 3705 2642">
    <p class='ocr_par' dir='ltr' id='par_1_54' title="bbox 2113 2567 3705 2642">
     <span class='ocr_line' id='line_1_54' title="bbox 2113 2567 3705 2642; baseline 0.002 -22"><span class='ocrx_word' id='word_1_387' title='bbox 2113 2567 2223 2632; x_wconf 89' lang='grc' dir='ltr'>λοις</span> <span class='ocrx_word' id='word_1_388' title='bbox 2246 2567 2514 2637; x_wconf 76' lang='grc' dir='ltr'>θεοφιλέσι</span> <span class='ocrx_word' id='word_1_389' title='bbox 2558 2572 2863 2642; x_wconf 77' lang='grc' dir='ltr'>προφήταις</span> <span class='ocrx_word' id='word_1_390' title='bbox 2884 2572 3047 2642; x_wconf 81' lang='grc' dir='ltr'>φῆναι</span> <span class='ocrx_word' id='word_1_391' title='bbox 3066 2571 3277 2635; x_wconf 87' lang='grc' dir='ltr'>ἐαυτὸν,</span> <span class='ocrx_word' id='word_1_392' title='bbox 3304 2572 3399 2623; x_wconf 78' lang='grc' dir='ltr'>καὶ</span> <span class='ocrx_word' id='word_1_393' title='bbox 3432 2573 3705 2642; x_wconf 80' lang='grc' dir='ltr'>χρησμοῖς</span> 
     </span>
    </p>
   </div>
   <div class='ocr_carea' id='block_1_55' title="bbox 2112 2659 3699 2734">
    <p class='ocr_par' dir='ltr' id='par_1_55' title="bbox 2112 2659 3699 2734">
     <span class='ocr_line' id='line_1_55' title="bbox 2112 2659 3699 2734; baseline 0 -19"><span class='ocrx_word' id='word_1_394' title='bbox 2112 2659 2181 2715; x_wconf 78' lang='grc' dir='ltr'>τὰ</span> <span class='ocrx_word' id='word_1_395' title='bbox 2221 2660 2391 2714; x_wconf 82' lang='grc' dir='ltr'>πολλὰ</span> <span class='ocrx_word' id='word_1_396' title='bbox 2447 2661 2735 2715; x_wconf 79' lang='grc' dir='ltr'>παιδεῦσαί</span> <span class='ocrx_word' id='word_1_397' title='bbox 2766 2680 2825 2716; x_wconf 89' lang='grc' dir='ltr'><strong>τε</strong></span> <span class='ocrx_word' id='word_1_398' title='bbox 2866 2662 2960 2716; x_wconf 81' lang='grc' dir='ltr'><strong>καὶ</strong></span> <span class='ocrx_word' id='word_1_399' title='bbox 3011 2662 3264 2717; x_wconf 76' lang='grc' dir='ltr'>θεσπίσαι</span> <span class='ocrx_word' id='word_1_400' title='bbox 3322 2663 3389 2716; x_wconf 78' lang='grc' dir='ltr'>τὰ</span> <span class='ocrx_word' id='word_1_401' title='bbox 3440 2664 3699 2734; x_wconf 88' lang='grc' dir='ltr'>μέλλοντα</span> 
     </span>
    </p>
   </div>
   <div class='ocr_carea' id='block_1_56' title="bbox 2115 2748 3697 2825">
    <p class='ocr_par' dir='ltr' id='par_1_56' title="bbox 2115 2748 3697 2825">
     <span class='ocr_line' id='line_1_56' title="bbox 2115 2748 3697 2825; baseline 0.003 -22"><span class='ocrx_word' id='word_1_402' title='bbox 2115 2752 2337 2822; x_wconf 77' lang='grc' dir='ltr'>ἱστορεῖ,</span> <span class='ocrx_word' id='word_1_403' title='bbox 2370 2754 2606 2824; x_wconf 82' lang='grc' dir='ltr'>ὁπηνίκα</span> <span class='ocrx_word' id='word_1_404' title='bbox 2641 2754 2773 2807; x_wconf 85' lang='grc' dir='ltr'>Θεὸν</span> <span class='ocrx_word' id='word_1_405' title='bbox 2813 2755 2909 2810; x_wconf 77' lang='grc' dir='ltr'><strong>καὶ</strong></span> <span class='ocrx_word' id='word_1_406' title='bbox 2937 2754 3141 2825; x_wconf 83' lang='grc' dir='ltr'>Κύριον</span> <span class='ocrx_word' id='word_1_407' title='bbox 3172 2748 3351 2825; x_wconf 76' lang='grc' dir='ltr'>ὦφθαι</span> <span class='ocrx_word' id='word_1_408' title='bbox 3397 2772 3460 2807; x_wconf 90' lang='grc' dir='ltr'><strong>τε</strong></span> <span class='ocrx_word' id='word_1_409' title='bbox 3490 2756 3583 2808; x_wconf 74' lang='grc' dir='ltr'>καὶ</span> <span class='ocrx_word' id='word_1_410' title='bbox 3617 2757 3697 2818; x_wconf 87' lang='grc' dir='ltr'><strong>εἰς</strong></span> 
     </span>
    </p>
   </div>
   <div class='ocr_carea' id='block_1_57' title="bbox 2112 2840 3701 2917">
    <p class='ocr_par' dir='ltr' id='par_1_57' title="bbox 2112 2840 3701 2917">
     <span class='ocr_line' id='line_1_57' title="bbox 2112 2840 3701 2917; baseline 0.003 -24"><span class='ocrx_word' id='word_1_411' title='bbox 2112 2840 2304 2911; x_wconf 85' lang='grc' dir='ltr'>λόγους</span> <span class='ocrx_word' id='word_1_412' title='bbox 2325 2843 2432 2896; x_wconf 84' lang='grc' dir='ltr'><strong>τῶν</strong></span> <span class='ocrx_word' id='word_1_413' title='bbox 2462 2844 2755 2915; x_wconf 69' lang='grc' dir='ltr'>προφητῶν</span> <span class='ocrx_word' id='word_1_414' title='bbox 2783 2845 2956 2899; x_wconf 83' lang='grc' dir='ltr'>ἐλθεῖν</span> <span class='ocrx_word' id='word_1_415' title='bbox 2986 2845 3336 2917; x_wconf 85' lang='grc' dir='ltr'>μνημονεύει.</span> <span class='ocrx_word' id='word_1_416' title='bbox 3368 2846 3569 2899; x_wconf 83' lang='grc' dir='ltr'>Τοῦτον</span> <span class='ocrx_word' id='word_1_417' title='bbox 3604 2845 3701 2899; x_wconf 71' lang='grc' dir='ltr'><strong>καί⁸</strong></span> 
     </span>
    </p>
   </div>
   <div class='ocr_carea' id='block_1_58' title="bbox 2112 2933 3697 3011">
    <p class='ocr_par' dir='ltr' id='par_1_58' title="bbox 2112 2933 3697 3011">
     <span class='ocr_line' id='line_1_58' title="bbox 2112 2933 3697 3011; baseline 0.003 -25"><span class='ocrx_word' id='word_1_418' title='bbox 2112 2937 2277 2989; x_wconf 76' lang='grc' dir='ltr'>πᾶσιν</span> <span class='ocrx_word' id='word_1_419' title='bbox 2318 2937 2396 2999; x_wconf 89' lang='grc' dir='ltr'><strong>εἰς</strong></span> <span class='ocrx_word' id='word_1_420' title='bbox 2433 2937 2633 3004; x_wconf 84' lang='grc' dir='ltr'>γνῶσιν</span> <span class='ocrx_word' id='word_1_421' title='bbox 2667 2937 2838 2992; x_wconf 88' lang='grc' dir='ltr'>ἐλθεῖν</span> <span class='ocrx_word' id='word_1_422' title='bbox 2873 2939 3215 3011; x_wconf 85' lang='grc' dir='ltr'>ἀνθρώποις,</span> <span class='ocrx_word' id='word_1_423' title='bbox 3258 2933 3347 2992; x_wconf 77' lang='grc' dir='ltr'>οἷα</span> <span class='ocrx_word' id='word_1_424' title='bbox 3393 2939 3697 2993; x_wconf 85' lang='grc' dir='ltr'>νοσούντων</span> 
     </span>
    </p>
   </div>
   <div class='ocr_carea' id='block_1_59' title="bbox 2113 3020 3697 3102">
    <p class='ocr_par' dir='ltr' id='par_1_59' title="bbox 2113 3020 3697 3102">
     <span class='ocr_line' id='line_1_59' title="bbox 2113 3020 3697 3102; baseline 0.002 -23"><span class='ocrx_word' id='word_1_425' title='bbox 2113 3027 2352 3098; x_wconf 83' lang='grc' dir='ltr'>σωτῆρα,</span> <span class='ocrx_word' id='word_1_426' title='bbox 2400 3028 2493 3081; x_wconf 79' lang='grc' dir='ltr'><strong>καὶ</strong></span> <span class='ocrx_word' id='word_1_427' title='bbox 2534 3020 2720 3099; x_wconf 71' lang='grc' dir='ltr'>ψυχῶν</span> <span class='ocrx_word' id='word_1_428' title='bbox 2750 3030 2930 3102; x_wconf 73' lang='grc' dir='ltr'>ἰατρὸν</span> <span class='ocrx_word' id='word_1_429' title='bbox 2966 3030 3105 3102; x_wconf 85' lang='grc' dir='ltr'>πρὸς</span> <span class='ocrx_word' id='word_1_430' title='bbox 3163 3030 3258 3083; x_wconf 79' lang='grc' dir='ltr'>τοῦ</span> <span class='ocrx_word' id='word_1_431' title='bbox 3311 3027 3554 3101; x_wconf 80' lang='grc' dir='ltr'>μείζονος</span> <span class='ocrx_word' id='word_1_432' title='bbox 3590 3032 3697 3083; x_wconf 85' lang='grc' dir='ltr'><strong>ὰπ-</strong></span> 
     </span>
    </p>
   </div>
   <div class='ocr_carea' id='block_1_60' title="bbox 2110 3114 3703 3193">
    <p class='ocr_par' dir='ltr' id='par_1_60' title="bbox 2110 3114 3703 3193">
     <span class='ocr_line' id='line_1_60' title="bbox 2110 3114 3703 3193; baseline 0.001 -21"><span class='ocrx_word' id='word_1_433' title='bbox 2110 3120 2460 3190; x_wconf 84' lang='grc' dir='ltr'>εσταλμένον,</span> <span class='ocrx_word' id='word_1_434' title='bbox 2493 3114 2595 3174; x_wconf 84' lang='grc' dir='ltr'><strong>ὧδὲ</strong></span> <span class='ocrx_word' id='word_1_435' title='bbox 2627 3139 2702 3193; x_wconf 90' lang='grc' dir='ltr'><strong>πη</strong></span> <span class='ocrx_word' id='word_1_436' title='bbox 2731 3120 3009 3185; x_wconf 77' lang='grc' dir='ltr'>θεσπίζει·</span> <span class='ocrx_word' id='word_1_437' title='bbox 3038 3141 3056 3173; x_wconf 80' lang='grc' dir='ltr'><strong>ι</strong></span> <span class='ocrx_word' id='word_1_438' title='bbox 3093 3122 3401 3175; x_wconf 80' lang='grc' dir='ltr'>Ἀπέστειλε</span> <span class='ocrx_word' id='word_1_439' title='bbox 3418 3123 3507 3175; x_wconf 90' lang='grc' dir='ltr'><strong>τὸν</strong></span> <span class='ocrx_word' id='word_1_440' title='bbox 3528 3124 3703 3191; x_wconf 83' lang='grc' dir='ltr'>Λόγον-</span> 
     </span>
    </p>
   </div>
   <div class='ocr_carea' id='block_1_61' title="bbox 2111 3210 3697 3286">
    <p class='ocr_par' dir='ltr' id='par_1_61' title="bbox 2111 3210 3697 3286">
     <span class='ocr_line' id='line_1_61' title="bbox 2111 3210 3697 3286; baseline 0.003 -23"><span class='ocrx_word' id='word_1_441' title='bbox 2111 3210 2276 3264; x_wconf 84' lang='grc' dir='ltr'>αὐτοῦ</span> <span class='ocrx_word' id='word_1_442' title='bbox 2297 3254 2311 3278; x_wconf 88' lang='grc'><strong>,</strong></span> <span class='ocrx_word' id='word_1_443' title='bbox 2357 3212 2452 3265; x_wconf 72' lang='grc' dir='ltr'><strong>καὶ</strong></span> <span class='ocrx_word' id='word_1_444' title='bbox 2495 3213 2682 3267; x_wconf 86' lang='grc' dir='ltr'>ἰάσατο</span> <span class='ocrx_word' id='word_1_445' title='bbox 2711 3214 2928 3278; x_wconf 73' lang='grc' dir='ltr'>αὐτοὺς,</span> <span class='ocrx_word' id='word_1_446' title='bbox 2963 3216 3058 3269; x_wconf 76' lang='grc' dir='ltr'><strong>καὶ</strong></span> <span class='ocrx_word' id='word_1_447' title='bbox 3103 3214 3372 3286; x_wconf 77' lang='grc' dir='ltr'>ἐρρύσατο</span> <span class='ocrx_word' id='word_1_448' title='bbox 3402 3215 3600 3279; x_wconf 81' lang='grc' dir='ltr'>αὐτοὺς</span> <span class='ocrx_word' id='word_1_449' title='bbox 3632 3216 3697 3267; x_wconf 86' lang='grc' dir='ltr'><strong>ἐκ</strong></span> 
     </span>
    </p>
   </div>
   <div class='ocr_carea' id='block_1_62' title="bbox 425 3303 2009 3402">
    <p class='ocr_par' dir='ltr' id='par_1_62' title="bbox 425 3303 2003 3377">
     <span class='ocr_line' id='line_1_62' title="bbox 425 3303 2003 3377; baseline -0.001 -19"><span class='ocrx_word' id='word_1_450' title='bbox 425 3318 550 3358; x_wconf 80' lang='lat' dir='ltr'><strong>esse</strong></span> <span class='ocrx_word' id='word_1_451' title='bbox 580 3316 993 3359; x_wconf 80' lang='lat' dir='ltr'><strong>commemorat.</strong></span> <span class='ocrx_word' id='word_1_452' title='bbox 1024 3306 1171 3360; x_wconf 89' lang='lat' dir='ltr'><strong>ldem</strong></span> <span class='ocrx_word' id='word_1_453' title='bbox 1217 3319 1366 3369; x_wconf 84' lang='lat' dir='ltr'><strong>vero,</strong></span> <span class='ocrx_word' id='word_1_454' title='bbox 1412 3303 1494 3358; x_wconf 89' lang='lat' dir='ltr'><strong>sic</strong></span> <span class='ocrx_word' id='word_1_455' title='bbox 1538 3312 1797 3374; x_wconf 88' lang='lat' dir='ltr'><strong>tanquam</strong></span> <span class='ocrx_word' id='word_1_456' title='bbox 1849 3303 2003 3377; x_wconf 46' lang='lat' dir='ltr'><strong>labo:</strong></span> 
     </span>
    </p>
   </div>
   <div class='ocr_carea' id='block_1_63' title="bbox 2112 3303 3693 3402">
    <p class='ocr_par' dir='ltr' id='par_1_63' title="bbox 2112 3303 3693 3377">
     <span class='ocr_line' id='line_1_63' title="bbox 2112 3303 3693 3377; baseline 0.001 -21"><span class='ocrx_word' id='word_1_457' title='bbox 2112 3303 2217 3357; x_wconf 83' lang='grc' dir='ltr'>τῶν</span> <span class='ocrx_word' id='word_1_458' title='bbox 2244 3303 2551 3376; x_wconf 77' lang='grc' dir='ltr'>διαφθορῶν</span> <span class='ocrx_word' id='word_1_459' title='bbox 2604 3305 2805 3360; x_wconf 80' lang='grc' dir='ltr'>αὐτῶν.</span> <span class='ocrx_word' id='word_1_460' title='bbox 2838 3325 2858 3358; x_wconf 76' lang='grc' dir='ltr'><strong>ι</strong></span> <span class='ocrx_word' id='word_1_461' title='bbox 2911 3307 3021 3360; x_wconf 82' lang='grc' dir='ltr'><strong>Καὶ</strong></span> <span class='ocrx_word' id='word_1_462' title='bbox 3050 3306 3211 3360; x_wconf 89' lang='grc' dir='ltr'>πάλιν</span> <span class='ocrx_word' id='word_1_463' title='bbox 3259 3306 3446 3362; x_wconf 76' lang='grc' dir='ltr'>ἄλλοτέ</span> <span class='ocrx_word' id='word_1_464' title='bbox 3499 3322 3693 3377; x_wconf 79' lang='grc' dir='ltr'>φησιν·</span> 
     </span>
    </p>
   </div>
   <div class='ocr_carea' id='block_1_64' title="bbox 426 3393 2007 3458">
    <p class='ocr_par' dir='ltr' id='par_1_64' title="bbox 426 3393 2007 3458">
     <span class='ocr_line' id='line_1_64' title="bbox 426 3393 2007 3458; baseline -0.001 -9"><span class='ocrx_word' id='word_1_465' title='bbox 426 3395 668 3450; x_wconf 90' lang='lat' dir='ltr'><strong>rantium</strong></span> <span class='ocrx_word' id='word_1_466' title='bbox 695 3404 1057 3458; x_wconf 78' lang='lat' dir='ltr'><strong>servatorem,</strong></span> <span class='ocrx_word' id='word_1_467' title='bbox 1084 3405 1140 3448; x_wconf 88' lang='lat' dir='ltr'><strong>et</strong></span> <span class='ocrx_word' id='word_1_468' title='bbox 1163 3394 1439 3449; x_wconf 89' lang='lat' dir='ltr'><strong>medicum</strong></span> <span class='ocrx_word' id='word_1_469' title='bbox 1468 3393 1783 3449; x_wconf 92' lang='lat' dir='ltr'><strong>animorum</strong></span> <span class='ocrx_word' id='word_1_470' title='bbox 1822 3408 1855 3449; x_wconf 87' lang='lat' dir='ltr'><strong>a</strong></span> <span class='ocrx_word' id='word_1_471' title='bbox 1889 3408 2007 3448; x_wconf 79' lang='lat' dir='ltr'><strong>ma-</strong></span> 
     </span>
    </p>
   </div>
   <div class='ocr_carea' id='block_1_65' title="bbox 417 3487 2008 3560">
    <p class='ocr_par' dir='ltr' id='par_1_65' title="bbox 417 3487 2008 3560">
     <span class='ocr_line' id='line_1_65' title="bbox 417 3487 2008 3560; baseline -0.001 -18"><span class='ocrx_word' id='word_1_472' title='bbox 417 3487 541 3560; x_wconf 83' lang='lat' dir='ltr'><strong>jore</strong></span> <span class='ocrx_word' id='word_1_473' title='bbox 565 3487 737 3543; x_wconf 88' lang='lat' dir='ltr'><strong>altero</strong></span> <span class='ocrx_word' id='word_1_474' title='bbox 763 3489 992 3543; x_wconf 89' lang='lat' dir='ltr'><strong>missum</strong></span> <span class='ocrx_word' id='word_1_475' title='bbox 1042 3489 1090 3553; x_wconf 84' lang='grc'><strong>¹,</strong></span> <span class='ocrx_word' id='word_1_476' title='bbox 1128 3488 1413 3542; x_wconf 90' lang='lat' dir='ltr'><strong>hominum</strong></span> <span class='ocrx_word' id='word_1_477' title='bbox 1477 3487 1797 3543; x_wconf 91' lang='lat' dir='ltr'><strong>omniumin</strong></span> <span class='ocrx_word' id='word_1_478' title='bbox 1815 3488 2008 3557; x_wconf 80' lang='lat' dir='ltr'><strong>cogni-</strong></span> 
     </span>
    </p>
   </div>
   <div class='ocr_carea' id='block_1_66' title="bbox 423 3577 2010 3648">
    <p class='ocr_par' dir='ltr' id='par_1_66' title="bbox 423 3577 2010 3648">
     <span class='ocr_line' id='line_1_66' title="bbox 423 3577 2010 3648; baseline -0.001 -15"><span class='ocrx_word' id='word_1_479' title='bbox 423 3578 629 3634; x_wconf 86' lang='lat' dir='ltr'><strong>tionem</strong></span> <span class='ocrx_word' id='word_1_480' title='bbox 646 3578 882 3642; x_wconf 81' lang='lat' dir='ltr'><strong>venisse,</strong></span> <span class='ocrx_word' id='word_1_481' title='bbox 903 3580 974 3632; x_wconf 90' lang='lat' dir='ltr'><strong>ita</strong></span> <span class='ocrx_word' id='word_1_482' title='bbox 992 3579 1268 3648; x_wconf 80' lang='lat' dir='ltr'><strong>praedicat.</strong></span> <span class='ocrx_word' id='word_1_483' title='bbox 1294 3597 1312 3629; x_wconf 76' lang='grc' dir='ltr'><strong>ι</strong></span> <span class='ocrx_word' id='word_1_484' title='bbox 1335 3577 1483 3633; x_wconf 77' lang='lat' dir='ltr'><strong>Misit</strong></span> <span class='ocrx_word' id='word_1_485' title='bbox 1501 3577 1737 3633; x_wconf 85' lang='lat' dir='ltr'><strong>Verbum</strong></span> <span class='ocrx_word' id='word_1_486' title='bbox 1756 3594 1941 3643; x_wconf 88' lang='lat' dir='ltr'><strong>suum,</strong></span> <span class='ocrx_word' id='word_1_487' title='bbox 1954 3586 2010 3633; x_wconf 87' lang='lat' dir='ltr'><strong>et</strong></span> 
     </span>
    </p>
   </div>
   <div class='ocr_carea' id='block_1_67' title="bbox 423 3670 2003 3741">
    <p class='ocr_par' dir='ltr' id='par_1_67' title="bbox 423 3670 2003 3741">
     <span class='ocr_line' id='line_1_67' title="bbox 423 3670 2003 3741; baseline -0.001 -16"><span class='ocrx_word' id='word_1_488' title='bbox 423 3670 765 3738; x_wconf 86' lang='lat' dir='ltr'><strong>sanaviteos,</strong></span> <span class='ocrx_word' id='word_1_489' title='bbox 792 3680 846 3725; x_wconf 86' lang='lat' dir='ltr'><strong>et</strong></span> <span class='ocrx_word' id='word_1_490' title='bbox 868 3671 1066 3741; x_wconf 88' lang='lat' dir='ltr'><strong>eripuit</strong></span> <span class='ocrx_word' id='word_1_491' title='bbox 1080 3687 1176 3726; x_wconf 87' lang='lat' dir='ltr'><strong>eos</strong></span> <span class='ocrx_word' id='word_1_492' title='bbox 1195 3672 1259 3726; x_wconf 86' lang='lat' dir='ltr'><strong>de</strong></span> <span class='ocrx_word' id='word_1_493' title='bbox 1280 3672 1688 3728; x_wconf 89' lang='lat' dir='ltr'><strong>interitionibus</strong></span> <span class='ocrx_word' id='word_1_494' title='bbox 1708 3671 2003 3731; x_wconf 59' lang='lat' dir='ltr'><strong>eorum&quot;.</strong></span> 
     </span>
    </p>
   </div>
   <div class='ocr_carea' id='block_1_68' title="bbox 424 3762 2009 3834">
    <p class='ocr_par' dir='ltr' id='par_1_68' title="bbox 424 3762 2009 3834">
     <span class='ocr_line' id='line_1_68' title="bbox 424 3762 2009 3834; baseline 0.001 -19"><span class='ocrx_word' id='word_1_495' title='bbox 424 3762 667 3832; x_wconf 82' lang='lat' dir='ltr'><strong>Itemque</strong></span> <span class='ocrx_word' id='word_1_496' title='bbox 682 3762 810 3816; x_wconf 87' lang='lat' dir='ltr'><strong>alibi</strong></span> <span class='ocrx_word' id='word_1_497' title='bbox 828 3781 841 3816; x_wconf 91' lang='lat'><strong>:</strong></span> <span class='ocrx_word' id='word_1_498' title='bbox 862 3781 881 3813; x_wconf 82' lang='grc' dir='ltr'><strong>ι</strong></span> <span class='ocrx_word' id='word_1_499' title='bbox 911 3762 1358 3820; x_wconf 86' lang='lat' dir='ltr'><strong>Velocitercurrit</strong></span> <span class='ocrx_word' id='word_1_500' title='bbox 1376 3765 1603 3819; x_wconf 87' lang='lat' dir='ltr'><strong>verbum</strong></span> <span class='ocrx_word' id='word_1_501' title='bbox 1621 3764 1740 3834; x_wconf 82' lang='lat' dir='ltr'><strong>ejus</strong></span> <span class='ocrx_word' id='word_1_502' title='bbox 1756 3764 1821 3815; x_wconf 76' lang='grc' dir='ltr'>τί.</span> <span class='ocrx_word' id='word_1_503' title='bbox 1850 3783 1868 3816; x_wconf 77' lang='grc' dir='ltr'><strong>ι</strong></span> <span class='ocrx_word' id='word_1_504' title='bbox 1887 3762 2009 3831; x_wconf 88' lang='lat' dir='ltr'><strong>Quo</strong></span> 
     </span>
    </p>
   </div>
   <div class='ocr_carea' id='block_1_69' title="bbox 425 3852 2008 3925">
    <p class='ocr_par' dir='ltr' id='par_1_69' title="bbox 425 3852 2008 3925">
     <span class='ocr_line' id='line_1_69' title="bbox 425 3852 2008 3925; baseline 0.002 -19"><span class='ocrx_word' id='word_1_505' title='bbox 425 3852 630 3907; x_wconf 80' lang='lat' dir='ltr'><strong>factum</strong></span> <span class='ocrx_word' id='word_1_506' title='bbox 695 3862 799 3916; x_wconf 90' lang='lat' dir='ltr'><strong>est,</strong></span> <span class='ocrx_word' id='word_1_507' title='bbox 843 3864 904 3908; x_wconf 91' lang='lat' dir='ltr'><strong>ut</strong></span> <span class='ocrx_word' id='word_1_508' title='bbox 960 3854 1271 3925; x_wconf 71' lang='lat' dir='ltr'><strong>evangelica</strong></span> <span class='ocrx_word' id='word_1_509' title='bbox 1306 3870 1525 3924; x_wconf 88' lang='lat' dir='ltr'><strong>quoque</strong></span> <span class='ocrx_word' id='word_1_510' title='bbox 1593 3853 1844 3910; x_wconf 90' lang='lat' dir='ltr'><strong>doctrina</strong></span> <span class='ocrx_word' id='word_1_511' title='bbox 1881 3870 2008 3925; x_wconf 82' lang='lat' dir='ltr'><strong>pro-</strong></span> 
     </span>
    </p>
   </div>
   <div class='ocr_carea' id='block_1_70' title="bbox 424 3942 2001 4015">
    <p class='ocr_par' dir='ltr' id='par_1_70' title="bbox 424 3942 2001 4015">
     <span class='ocr_line' id='line_1_70' title="bbox 424 3942 2001 4015; baseline 0.001 -20"><span class='ocrx_word' id='word_1_512' title='bbox 424 3942 696 4012; x_wconf 84' lang='lat' dir='ltr'><strong>pheticam</strong></span> <span class='ocrx_word' id='word_1_513' title='bbox 722 3944 870 3998; x_wconf 84' lang='lat' dir='ltr'><strong>illam</strong></span> <span class='ocrx_word' id='word_1_514' title='bbox 897 3945 1236 4012; x_wconf 87' lang='lat' dir='ltr'><strong>instaurans,</strong></span> <span class='ocrx_word' id='word_1_515' title='bbox 1270 3946 1617 4015; x_wconf 87' lang='lat' dir='ltr'><strong>patriamque</strong></span> <span class='ocrx_word' id='word_1_516' title='bbox 1648 3944 2001 4010; x_wconf 88' lang='lat' dir='ltr'><strong>sententiam,</strong></span> 
     </span>
    </p>
   </div>
   <div class='ocr_carea' id='block_1_71' title="bbox 424 4036 2001 4107">
    <p class='ocr_par' dir='ltr' id='par_1_71' title="bbox 424 4036 2001 4107">
     <span class='ocr_line' id='line_1_71' title="bbox 424 4036 2001 4107; baseline 0.003 -17"><span class='ocrx_word' id='word_1_517' title='bbox 424 4036 567 4090; x_wconf 88' lang='lat' dir='ltr'><strong>idem</strong></span> <span class='ocrx_word' id='word_1_518' title='bbox 603 4036 888 4107; x_wconf 71' lang='lat' dir='ltr'><strong>theologia:</strong></span> <span class='ocrx_word' id='word_1_519' title='bbox 926 4052 1098 4107; x_wconf 77' lang='lat' dir='ltr'><strong>genus</strong></span> <span class='ocrx_word' id='word_1_520' title='bbox 1141 4037 1287 4093; x_wconf 89' lang='lat' dir='ltr'><strong>hunc</strong></span> <span class='ocrx_word' id='word_1_521' title='bbox 1318 4038 1373 4091; x_wconf 90' lang='lat' dir='ltr'><strong>in</strong></span> <span class='ocrx_word' id='word_1_522' title='bbox 1406 4038 1630 4091; x_wconf 91' lang='lat' dir='ltr'><strong>modum</strong></span> <span class='ocrx_word' id='word_1_523' title='bbox 1671 4037 2001 4094; x_wconf 88' lang='lat' dir='ltr'><strong>illustrarit:</strong></span> 
     </span>
    </p>
   </div>
   <div class='ocr_carea' id='block_1_72' title="bbox 426 4125 2003 4202">
    <p class='ocr_par' dir='ltr' id='par_1_72' title="bbox 426 4125 2003 4202">
     <span class='ocr_line' id='line_1_72' title="bbox 426 4125 2003 4202; baseline 0.004 -23"><span class='ocrx_word' id='word_1_524' title='bbox 426 4145 449 4179; x_wconf 78' lang='grc' dir='ltr'><strong>ι</strong></span> <span class='ocrx_word' id='word_1_525' title='bbox 486 4125 545 4182; x_wconf 83' lang='grc' dir='ltr'>1η</span> <span class='ocrx_word' id='word_1_526' title='bbox 602 4129 873 4202; x_wconf 90' lang='lat' dir='ltr'><strong>principio</strong></span> <span class='ocrx_word' id='word_1_527' title='bbox 895 4140 1014 4184; x_wconf 83' lang='lat' dir='ltr'><strong>erat</strong></span> <span class='ocrx_word' id='word_1_528' title='bbox 1046 4127 1307 4195; x_wconf 89' lang='lat' dir='ltr'><strong>Verbum,</strong></span> <span class='ocrx_word' id='word_1_529' title='bbox 1344 4138 1399 4184; x_wconf 91' lang='lat' dir='ltr'><strong>et</strong></span> <span class='ocrx_word' id='word_1_530' title='bbox 1427 4128 1668 4185; x_wconf 88' lang='lat' dir='ltr'><strong>Verbum</strong></span> <span class='ocrx_word' id='word_1_531' title='bbox 1710 4139 1831 4186; x_wconf 86' lang='lat' dir='ltr'><strong>erat</strong></span> <span class='ocrx_word' id='word_1_532' title='bbox 1860 4130 2003 4202; x_wconf 84' lang='lat' dir='ltr'><strong>apud</strong></span> 
     </span>
    </p>
   </div>
   <div class='ocr_carea' id='block_1_73' title="bbox 420 4218 2003 4291">
    <p class='ocr_par' dir='ltr' id='par_1_73' title="bbox 420 4218 2003 4291">
     <span class='ocr_line' id='line_1_73' title="bbox 420 4218 2003 4291; baseline -0.001 -15"><span class='ocrx_word' id='word_1_533' title='bbox 420 4218 584 4291; x_wconf 71' lang='lat'><strong>322</strong></span> <span class='ocrx_word' id='word_1_534' title='bbox 617 4220 817 4289; x_wconf 89' lang='lat' dir='ltr'><strong>Deum,</strong></span> <span class='ocrx_word' id='word_1_535' title='bbox 851 4229 905 4276; x_wconf 92' lang='lat' dir='ltr'><strong>et</strong></span> <span class='ocrx_word' id='word_1_536' title='bbox 956 4219 1101 4277; x_wconf 90' lang='lat' dir='ltr'><strong>Deus</strong></span> <span class='ocrx_word' id='word_1_537' title='bbox 1157 4233 1275 4277; x_wconf 90' lang='lat' dir='ltr'><strong>erat</strong></span> <span class='ocrx_word' id='word_1_538' title='bbox 1325 4220 1591 4277; x_wconf 84' lang='lat' dir='ltr'><strong>Verbum.</strong></span> <span class='ocrx_word' id='word_1_539' title='bbox 1625 4219 1739 4277; x_wconf 84' lang='lat' dir='ltr'><strong>Hoc</strong></span> <span class='ocrx_word' id='word_1_540' title='bbox 1786 4230 1907 4277; x_wconf 89' lang='lat' dir='ltr'><strong>erat</strong></span> <span class='ocrx_word' id='word_1_541' title='bbox 1944 4222 2003 4276; x_wconf 89' lang='lat' dir='ltr'><strong>in</strong></span> 
     </span>
    </p>
   </div>
   <div class='ocr_carea' id='block_1_74' title="bbox 419 4313 2003 4401">
    <p class='ocr_par' dir='ltr' id='par_1_74' title="bbox 419 4313 2003 4401">
     <span class='ocr_line' id='line_1_74' title="bbox 419 4313 2003 4401; baseline -0.001 -33"><span class='ocrx_word' id='word_1_542' title='bbox 419 4313 692 4401; x_wconf 58' lang='lat' dir='ltr'><strong>[iv-incipio</strong></span> <span class='ocrx_word' id='word_1_543' title='bbox 718 4316 861 4384; x_wconf 89' lang='lat' dir='ltr'><strong>apud</strong></span> <span class='ocrx_word' id='word_1_544' title='bbox 889 4314 1059 4370; x_wconf 88' lang='lat' dir='ltr'><strong>Deum</strong></span> <span class='ocrx_word' id='word_1_545' title='bbox 1083 4330 1095 4368; x_wconf 91' lang='lat'><strong>:</strong></span> <span class='ocrx_word' id='word_1_546' title='bbox 1127 4315 1312 4370; x_wconf 89' lang='lat' dir='ltr'><strong>omnia</strong></span> <span class='ocrx_word' id='word_1_547' title='bbox 1336 4330 1434 4384; x_wconf 88' lang='lat' dir='ltr'><strong>per</strong></span> <span class='ocrx_word' id='word_1_548' title='bbox 1463 4315 1643 4384; x_wconf 86' lang='lat' dir='ltr'><strong>ipsum</strong></span> <span class='ocrx_word' id='word_1_549' title='bbox 1678 4314 1819 4369; x_wconf 83' lang='lat' dir='ltr'><strong>facta</strong></span> <span class='ocrx_word' id='word_1_550' title='bbox 1851 4321 2003 4377; x_wconf 88' lang='lat' dir='ltr'><strong>sunt,</strong></span> 
     </span>
    </p>
   </div>
   <div class='ocr_carea' id='block_1_75' title="bbox 417 4404 2001 4478">
    <p class='ocr_par' dir='ltr' id='par_1_75' title="bbox 417 4404 2001 4478">
     <span class='ocr_line' id='line_1_75' title="bbox 417 4404 2001 4478; baseline -0.001 -17"><span class='ocrx_word' id='word_1_551' title='bbox 417 4415 474 4461; x_wconf 87' lang='lat' dir='ltr'><strong>et</strong></span> <span class='ocrx_word' id='word_1_552' title='bbox 505 4405 625 4462; x_wconf 90' lang='lat' dir='ltr'><strong>sine</strong></span> <span class='ocrx_word' id='word_1_553' title='bbox 662 4406 781 4477; x_wconf 90' lang='lat' dir='ltr'><strong>ipso</strong></span> <span class='ocrx_word' id='word_1_554' title='bbox 823 4404 1028 4463; x_wconf 79' lang='lat' dir='ltr'><strong>factum</strong></span> <span class='ocrx_word' id='word_1_555' title='bbox 1063 4418 1146 4463; x_wconf 90' lang='lat' dir='ltr'><strong>est</strong></span> <span class='ocrx_word' id='word_1_556' title='bbox 1169 4407 1330 4471; x_wconf 92' lang='lat' dir='ltr'><strong>nihil,</strong></span> <span class='ocrx_word' id='word_1_557' title='bbox 1371 4408 1517 4478; x_wconf 91' lang='lat' dir='ltr'><strong>quod</strong></span> <span class='ocrx_word' id='word_1_558' title='bbox 1547 4405 1753 4461; x_wconf 83' lang='lat' dir='ltr'><strong>factum</strong></span> <span class='ocrx_word' id='word_1_559' title='bbox 1779 4417 1881 4461; x_wconf 89' lang='lat' dir='ltr'><strong>est.</strong></span> <span class='ocrx_word' id='word_1_560' title='bbox 1941 4404 2001 4460; x_wconf 82' lang='lat' dir='ltr'><strong>In</strong></span> 
     </span>
    </p>
   </div>
   <div class='ocr_carea' id='block_1_76' title="bbox 418 4495 2002 4569">
    <p class='ocr_par' dir='ltr' id='par_1_76' title="bbox 418 4495 2002 4569">
     <span class='ocr_line' id='line_1_76' title="bbox 418 4495 2002 4569; baseline -0.003 -13"><span class='ocrx_word' id='word_1_561' title='bbox 418 4497 539 4569; x_wconf 83' lang='lat' dir='ltr'><strong>ipso</strong></span> <span class='ocrx_word' id='word_1_562' title='bbox 564 4498 672 4552; x_wconf 87' lang='lat' dir='ltr'><strong>vita</strong></span> <span class='ocrx_word' id='word_1_563' title='bbox 702 4506 840 4563; x_wconf 89' lang='lat' dir='ltr'><strong>erat,</strong></span> <span class='ocrx_word' id='word_1_564' title='bbox 867 4506 923 4554; x_wconf 87' lang='lat' dir='ltr'><strong>et</strong></span> <span class='ocrx_word' id='word_1_565' title='bbox 945 4500 1052 4554; x_wconf 86' lang='lat' dir='ltr'><strong>vita</strong></span> <span class='ocrx_word' id='word_1_566' title='bbox 1084 4508 1205 4554; x_wconf 89' lang='lat' dir='ltr'><strong>erat</strong></span> <span class='ocrx_word' id='word_1_567' title='bbox 1245 4500 1337 4554; x_wconf 77' lang='lat' dir='ltr'><strong>lux</strong></span> <span class='ocrx_word' id='word_1_568' title='bbox 1370 4498 1771 4553; x_wconf 62' lang='lat' dir='ltr'><strong>hominum&quot;.t</strong></span> <span class='ocrx_word' id='word_1_569' title='bbox 1814 4495 2002 4567; x_wconf 86' lang='lat' dir='ltr'><strong>Itaque</strong></span> 
     </span>
    </p>
   </div>
   <div class='ocr_carea' id='block_1_77' title="bbox 419 4585 2000 4658">
    <p class='ocr_par' dir='ltr' id='par_1_77' title="bbox 419 4585 2000 4658">
     <span class='ocr_line' id='line_1_77' title="bbox 419 4585 2000 4658; baseline 0.001 -17"><span class='ocrx_word' id='word_1_570' title='bbox 419 4601 553 4641; x_wconf 87' lang='lat' dir='ltr'><strong>sane</strong></span> <span class='ocrx_word' id='word_1_571' title='bbox 564 4585 920 4658; x_wconf 85' lang='lat' dir='ltr'><strong>jureMoyses</strong></span> <span class='ocrx_word' id='word_1_572' title='bbox 942 4588 1033 4643; x_wconf 86' lang='lat' dir='ltr'><strong>ille</strong></span> <span class='ocrx_word' id='word_1_573' title='bbox 1060 4590 1530 4657; x_wconf 87' lang='lat' dir='ltr'><strong>sapientissimus,</strong></span> <span class='ocrx_word' id='word_1_574' title='bbox 1563 4589 1756 4643; x_wconf 88' lang='lat' dir='ltr'><strong>eodem</strong></span> <span class='ocrx_word' id='word_1_575' title='bbox 1787 4587 2000 4646; x_wconf 82' lang='lat' dir='ltr'><strong>alllatus</strong></span> 
     </span>
    </p>
   </div>
   <div class='ocr_carea' id='block_1_78' title="bbox 2115 3397 3709 3469">
    <p class='ocr_par' dir='ltr' id='par_1_78' title="bbox 2115 3397 3709 3469">
     <span class='ocr_line' id='line_1_78' title="bbox 2115 3397 3709 3469; baseline 0.001 -22"><span class='ocrx_word' id='word_1_576' title='bbox 2115 3414 2134 3447; x_wconf 84' lang='grc' dir='ltr'><strong>ι</strong></span> <span class='ocrx_word' id='word_1_577' title='bbox 2175 3398 2320 3461; x_wconf 86' lang='grc' dir='ltr'>Ἕως</span> <span class='ocrx_word' id='word_1_578' title='bbox 2359 3397 2557 3469; x_wconf 83' lang='grc' dir='ltr'>τάχους</span> <span class='ocrx_word' id='word_1_579' title='bbox 2601 3398 2890 3469; x_wconf 84' lang='grc' dir='ltr'>δραμεῖται</span> <span class='ocrx_word' id='word_1_580' title='bbox 2925 3400 2955 3451; x_wconf 98' lang='lat'><strong>6</strong></span> <span class='ocrx_word' id='word_1_581' title='bbox 2992 3398 3163 3467; x_wconf 84' lang='grc' dir='ltr'>Λόγος</span> <span class='ocrx_word' id='word_1_582' title='bbox 3194 3398 3380 3451; x_wconf 79' lang='grc' dir='ltr'>αὐτοῦ.</span> <span class='ocrx_word' id='word_1_583' title='bbox 3437 3416 3456 3449; x_wconf 75' lang='grc' dir='ltr'><strong>ι</strong></span> <span class='ocrx_word' id='word_1_584' title='bbox 3503 3397 3709 3450; x_wconf 68' lang='grc' dir='ltr'>Ἔνθεν</span> 
     </span>
    </p>
   </div>
   <div class='ocr_carea' id='block_1_79' title="bbox 2110 3488 3695 3562">
    <p class='ocr_par' dir='ltr' id='par_1_79' title="bbox 2110 3488 3695 3562">
     <span class='ocr_line' id='line_1_79' title="bbox 2110 3488 3695 3562; baseline 0 -20"><span class='ocrx_word' id='word_1_585' title='bbox 2110 3491 2204 3542; x_wconf 77' lang='grc' dir='ltr'>καὶ</span> <span class='ocrx_word' id='word_1_586' title='bbox 2233 3493 2265 3561; x_wconf 94' lang='grc' dir='ltr'><strong>ή</strong></span> <span class='ocrx_word' id='word_1_587' title='bbox 2299 3490 2627 3562; x_wconf 80' lang='grc' dir='ltr'>εὐαγγελικὴ</span> <span class='ocrx_word' id='word_1_588' title='bbox 2657 3489 2998 3555; x_wconf 83' lang='grc' dir='ltr'>διδασκαλία,</span> <span class='ocrx_word' id='word_1_589' title='bbox 3022 3490 3082 3542; x_wconf 88' lang='grc' dir='ltr'><strong>τὸ</strong></span> <span class='ocrx_word' id='word_1_590' title='bbox 3115 3488 3448 3560; x_wconf 82' lang='grc' dir='ltr'>προφητικὸν</span> <span class='ocrx_word' id='word_1_591' title='bbox 3478 3488 3573 3542; x_wconf 78' lang='grc' dir='ltr'><strong>καὶ</strong></span> <span class='ocrx_word' id='word_1_592' title='bbox 3587 3488 3695 3542; x_wconf 81' lang='grc' dir='ltr'>πά-</span> 
     </span>
    </p>
   </div>
   <div class='ocr_carea' id='block_1_80' title="bbox 2108 3580 3701 3654">
    <p class='ocr_par' dir='ltr' id='par_1_80' title="bbox 2108 3580 3701 3654">
     <span class='ocr_line' id='line_1_80' title="bbox 2108 3580 3701 3654; baseline -0.001 -20"><span class='ocrx_word' id='word_1_593' title='bbox 2108 3598 2258 3654; x_wconf 86' lang='grc' dir='ltr'>τριον</span> <span class='ocrx_word' id='word_1_594' title='bbox 2308 3583 2679 3653; x_wconf 86' lang='grc' dir='ltr'>άνανεουμένη</span> <span class='ocrx_word' id='word_1_595' title='bbox 2724 3583 2941 3653; x_wconf 85' lang='grc' dir='ltr'>δόγμα,</span> <span class='ocrx_word' id='word_1_596' title='bbox 2986 3580 3255 3654; x_wconf 81' lang='grc' dir='ltr'>ταύτῃπη</span> <span class='ocrx_word' id='word_1_597' title='bbox 3286 3581 3541 3650; x_wconf 83' lang='grc' dir='ltr'>διασαφεῖ</span> <span class='ocrx_word' id='word_1_598' title='bbox 3593 3580 3701 3653; x_wconf 63' lang='grc' dir='ltr'>τὴν</span> 
     </span>
    </p>
   </div>
   <div class='ocr_carea' id='block_1_81' title="bbox 2110 3668 3693 3745">
    <p class='ocr_par' dir='ltr' id='par_1_81' title="bbox 2110 3668 3693 3745">
     <span class='ocr_line' id='line_1_81' title="bbox 2110 3668 3693 3745; baseline -0.001 -19"><span class='ocrx_word' id='word_1_599' title='bbox 2110 3673 2389 3743; x_wconf 86' lang='grc' dir='ltr'>θεολογίαν</span> <span class='ocrx_word' id='word_1_600' title='bbox 2414 3692 2428 3705; x_wconf 93' lang='grc'><strong>·</strong></span> <span class='ocrx_word' id='word_1_601' title='bbox 2467 3694 2487 3727; x_wconf 72' lang='grc' dir='ltr'><strong>ι</strong></span> <span class='ocrx_word' id='word_1_602' title='bbox 2541 3676 2629 3727; x_wconf 87' lang='grc' dir='ltr'>Ἐν</span> <span class='ocrx_word' id='word_1_603' title='bbox 2653 3675 2794 3745; x_wconf 77' lang='grc' dir='ltr'>ἀρχῇ</span> <span class='ocrx_word' id='word_1_604' title='bbox 2829 3669 2896 3743; x_wconf 82' lang='grc' dir='ltr'>ἦν</span> <span class='ocrx_word' id='word_1_605' title='bbox 2921 3677 2950 3727; x_wconf 89' lang='lat'><strong>6</strong></span> <span class='ocrx_word' id='word_1_606' title='bbox 2982 3675 3176 3741; x_wconf 84' lang='grc' dir='ltr'>Λόγος,</span> <span class='ocrx_word' id='word_1_607' title='bbox 3225 3673 3321 3727; x_wconf 76' lang='grc' dir='ltr'><strong>καὶ</strong></span> <span class='ocrx_word' id='word_1_608' title='bbox 3352 3675 3381 3726; x_wconf 90' lang='lat'><strong>6</strong></span> <span class='ocrx_word' id='word_1_609' title='bbox 3418 3672 3591 3741; x_wconf 88' lang='grc' dir='ltr'>Λόγος</span> <span class='ocrx_word' id='word_1_610' title='bbox 3622 3668 3693 3744; x_wconf 80' lang='grc' dir='ltr'>ἦν</span> 
     </span>
    </p>
   </div>
   <div class='ocr_carea' id='block_1_82' title="bbox 2109 3754 3693 3835">
    <p class='ocr_par' dir='ltr' id='par_1_82' title="bbox 2109 3754 3693 3835">
     <span class='ocr_line' id='line_1_82' title="bbox 2109 3754 3693 3835; baseline -0.001 -20"><span class='ocrx_word' id='word_1_611' title='bbox 2109 3763 2246 3834; x_wconf 86' lang='grc' dir='ltr'>πρὸς</span> <span class='ocrx_word' id='word_1_612' title='bbox 2286 3764 2378 3817; x_wconf 86' lang='grc' dir='ltr'><strong>τὸν</strong></span> <span class='ocrx_word' id='word_1_613' title='bbox 2429 3763 2561 3817; x_wconf 88' lang='grc' dir='ltr'>Θεὸν</span> <span class='ocrx_word' id='word_1_614' title='bbox 2582 3803 2596 3824; x_wconf 89' lang='grc'><strong>,</strong></span> <span class='ocrx_word' id='word_1_615' title='bbox 2645 3763 2740 3817; x_wconf 76' lang='grc' dir='ltr'>καὶ</span> <span class='ocrx_word' id='word_1_616' title='bbox 2785 3762 2920 3826; x_wconf 87' lang='grc' dir='ltr'>Θεὸς</span> <span class='ocrx_word' id='word_1_617' title='bbox 2949 3758 3018 3834; x_wconf 81' lang='grc' dir='ltr'>ἦν</span> <span class='ocrx_word' id='word_1_618' title='bbox 3047 3764 3076 3816; x_wconf 92' lang='lat'><strong>6</strong></span> <span class='ocrx_word' id='word_1_619' title='bbox 3104 3762 3295 3831; x_wconf 85' lang='grc' dir='ltr'>Λόγος.</span> <span class='ocrx_word' id='word_1_620' title='bbox 3327 3754 3497 3826; x_wconf 75' lang='grc' dir='ltr'>Οὗτος</span> <span class='ocrx_word' id='word_1_621' title='bbox 3534 3758 3604 3835; x_wconf 80' lang='grc' dir='ltr'>ἦν</span> <span class='ocrx_word' id='word_1_622' title='bbox 3635 3764 3693 3814; x_wconf 87' lang='grc' dir='ltr'><strong>ἐν</strong></span> 
     </span>
    </p>
   </div>
   <div class='ocr_carea' id='block_1_83' title="bbox 2107 3853 3693 3931">
    <p class='ocr_par' dir='ltr' id='par_1_83' title="bbox 2107 3853 3693 3931">
     <span class='ocr_line' id='line_1_83' title="bbox 2107 3853 3693 3931; baseline -0.003 -17"><span class='ocrx_word' id='word_1_623' title='bbox 2107 3859 2250 3931; x_wconf 80' lang='grc' dir='ltr'>ἀρχῇ</span> <span class='ocrx_word' id='word_1_624' title='bbox 2282 3858 2419 3929; x_wconf 85' lang='grc' dir='ltr'>πρὸς</span> <span class='ocrx_word' id='word_1_625' title='bbox 2442 3855 2533 3909; x_wconf 86' lang='grc' dir='ltr'><strong>τὸν</strong></span> <span class='ocrx_word' id='word_1_626' title='bbox 2560 3855 2691 3912; x_wconf 84' lang='grc' dir='ltr'>Θεόν</span> <span class='ocrx_word' id='word_1_627' title='bbox 2713 3872 2728 3885; x_wconf 91' lang='grc'><strong>·</strong></span> <span class='ocrx_word' id='word_1_628' title='bbox 2784 3856 2963 3910; x_wconf 85' lang='grc' dir='ltr'>πάντα</span> <span class='ocrx_word' id='word_1_629' title='bbox 2993 3855 3059 3909; x_wconf 85' lang='grc' dir='ltr'>δι’</span> <span class='ocrx_word' id='word_1_630' title='bbox 3097 3853 3262 3909; x_wconf 81' lang='grc' dir='ltr'>αὑτοῦ</span> <span class='ocrx_word' id='word_1_631' title='bbox 3305 3854 3521 3923; x_wconf 88' lang='grc' dir='ltr'>ἐγένετο</span> <span class='ocrx_word' id='word_1_632' title='bbox 3542 3896 3557 3921; x_wconf 90' lang='grc'><strong>,</strong></span> <span class='ocrx_word' id='word_1_633' title='bbox 3598 3856 3693 3909; x_wconf 74' lang='grc' dir='ltr'>καὶ</span> 
     </span>
    </p>
   </div>
   <div class='ocr_carea' id='block_1_84' title="bbox 2106 3944 3690 4022">
    <p class='ocr_par' dir='ltr' id='par_1_84' title="bbox 2106 3944 3690 4022">
     <span class='ocr_line' id='line_1_84' title="bbox 2106 3944 3690 4022; baseline -0.002 -21"><span class='ocrx_word' id='word_1_634' title='bbox 2106 3950 2277 4022; x_wconf 75' lang='grc' dir='ltr'>χωρὶς</span> <span class='ocrx_word' id='word_1_635' title='bbox 2303 3946 2469 4002; x_wconf 78' lang='grc' dir='ltr'>αὐτοῦ</span> <span class='ocrx_word' id='word_1_636' title='bbox 2497 3947 2713 4015; x_wconf 87' lang='grc' dir='ltr'>ἐγένετο</span> <span class='ocrx_word' id='word_1_637' title='bbox 2743 3947 2916 4011; x_wconf 78' lang='grc' dir='ltr'>οὐδὲν,</span> <span class='ocrx_word' id='word_1_638' title='bbox 2944 3946 2973 4000; x_wconf 83' lang='grc' dir='ltr'><strong>ὃ</strong></span> <span class='ocrx_word' id='word_1_639' title='bbox 2997 3946 3237 4016; x_wconf 89' lang='grc' dir='ltr'>γέγονεν.</span> <span class='ocrx_word' id='word_1_640' title='bbox 3281 3947 3370 4001; x_wconf 87' lang='grc' dir='ltr'>Ἐν</span> <span class='ocrx_word' id='word_1_641' title='bbox 3406 3945 3554 4017; x_wconf 79' lang='grc' dir='ltr'>αὐτῷ</span> <span class='ocrx_word' id='word_1_642' title='bbox 3578 3944 3690 4017; x_wconf 75' lang='grc' dir='ltr'><strong>ζωὴ</strong></span> 
     </span>
    </p>
   </div>
   <div class='ocr_carea' id='block_1_85' title="bbox 2104 4034 3697 4113">
    <p class='ocr_par' dir='ltr' id='par_1_85' title="bbox 2104 4034 3697 4113">
     <span class='ocr_line' id='line_1_85' title="bbox 2104 4034 3697 4113; baseline -0.003 -20"><span class='ocrx_word' id='word_1_643' title='bbox 2104 4036 2195 4113; x_wconf 81' lang='grc' dir='ltr'>ἦν,</span> <span class='ocrx_word' id='word_1_644' title='bbox 2229 4039 2327 4094; x_wconf 67' lang='grc' dir='ltr'><strong>καὶ</strong></span> <span class='ocrx_word' id='word_1_645' title='bbox 2355 4042 2388 4112; x_wconf 83' lang='grc' dir='ltr'>ὴ</span> <span class='ocrx_word' id='word_1_646' title='bbox 2421 4037 2535 4110; x_wconf 75' lang='grc' dir='ltr'><strong>ζωὴ</strong></span> <span class='ocrx_word' id='word_1_647' title='bbox 2557 4034 2625 4110; x_wconf 80' lang='grc' dir='ltr'>ἦν</span> <span class='ocrx_word' id='word_1_648' title='bbox 2646 4038 2707 4090; x_wconf 87' lang='grc' dir='ltr'><strong>τὸ</strong></span> <span class='ocrx_word' id='word_1_649' title='bbox 2741 4037 2856 4108; x_wconf 83' lang='grc' dir='ltr'><strong>φῶς</strong></span> <span class='ocrx_word' id='word_1_650' title='bbox 2883 4037 2992 4091; x_wconf 85' lang='grc' dir='ltr'><strong>τῶν</strong></span> <span class='ocrx_word' id='word_1_651' title='bbox 3022 4034 3349 4107; x_wconf 81' lang='grc' dir='ltr'>ἀνθρώπων.</span> <span class='ocrx_word' id='word_1_652' title='bbox 3399 4055 3419 4089; x_wconf 84' lang='grc'><strong>›</strong></span> <span class='ocrx_word' id='word_1_653' title='bbox 3449 4036 3697 4098; x_wconf 81' lang='grc' dir='ltr'>Εἰκότως</span> 
     </span>
    </p>
   </div>
   <div class='ocr_carea' id='block_1_86' title="bbox 2105 4127 3685 4205">
    <p class='ocr_par' dir='ltr' id='par_1_86' title="bbox 2105 4127 3685 4205">
     <span class='ocr_line' id='line_1_86' title="bbox 2105 4127 3685 4205; baseline -0.004 -18"><span class='ocrx_word' id='word_1_654' title='bbox 2105 4133 2239 4205; x_wconf 84' lang='grc' dir='ltr'>δῆτα</span> <span class='ocrx_word' id='word_1_655' title='bbox 2265 4130 2345 4202; x_wconf 80' lang='grc' dir='ltr'><strong>τῷ</strong></span> <span class='ocrx_word' id='word_1_656' title='bbox 2399 4129 2549 4201; x_wconf 76' lang='grc' dir='ltr'>αὐτῷ</span> <span class='ocrx_word' id='word_1_657' title='bbox 2588 4129 2860 4200; x_wconf 86' lang='grc' dir='ltr'>πνεύματι</span> <span class='ocrx_word' id='word_1_658' title='bbox 2903 4129 2998 4182; x_wconf 81' lang='grc' dir='ltr'><strong>καὶ</strong></span> <span class='ocrx_word' id='word_1_659' title='bbox 3041 4127 3286 4198; x_wconf 80' lang='grc' dir='ltr'>Μωῦσῆς</span> <span class='ocrx_word' id='word_1_660' title='bbox 3321 4130 3351 4183; x_wconf 87' lang='lat'><strong>6</strong></span> <span class='ocrx_word' id='word_1_661' title='bbox 3390 4129 3685 4196; x_wconf 89' lang='grc' dir='ltr'>πάνσοφος,</span> 
     </span>
    </p>
   </div>
   <div class='ocr_carea' id='block_1_87' title="bbox 2105 4217 3688 4297">
    <p class='ocr_par' dir='ltr' id='par_1_87' title="bbox 2105 4217 3688 4297">
     <span class='ocr_line' id='line_1_87' title="bbox 2105 4217 3688 4297; baseline -0.008 -18"><span class='ocrx_word' id='word_1_662' title='bbox 2105 4224 2406 4297; x_wconf 86' lang='grc' dir='ltr'>ἀρχόμενος</span> <span class='ocrx_word' id='word_1_663' title='bbox 2430 4223 2529 4294; x_wconf 80' lang='grc' dir='ltr'>τῆς</span> <span class='ocrx_word' id='word_1_664' title='bbox 2558 4223 2679 4275; x_wconf 83' lang='grc' dir='ltr'>κατ’</span> <span class='ocrx_word' id='word_1_665' title='bbox 2703 4219 2865 4274; x_wconf 79' lang='grc' dir='ltr'>αὑτὸν</span> <span class='ocrx_word' id='word_1_666' title='bbox 2900 4218 3281 4289; x_wconf 87' lang='grc' dir='ltr'>κοσμογονίας,</span> <span class='ocrx_word' id='word_1_667' title='bbox 3339 4218 3397 4271; x_wconf 85' lang='grc' dir='ltr'><strong>ἐν</strong></span> <span class='ocrx_word' id='word_1_668' title='bbox 3436 4217 3503 4285; x_wconf 82' lang='grc' dir='ltr'>τῇ</span> <span class='ocrx_word' id='word_1_669' title='bbox 3558 4229 3688 4283; x_wconf 89' lang='grc' dir='ltr'>προ-</span> 
     </span>
    </p>
   </div>
   <div class='ocr_carea' id='block_1_88' title="bbox 2096 4302 3690 4387">
    <p class='ocr_par' dir='ltr' id='par_1_88' title="bbox 2096 4302 3690 4387">
     <span class='ocr_line' id='line_1_88' title="bbox 2096 4302 3690 4387; baseline -0.008 -20"><span class='ocrx_word' id='word_1_670' title='bbox 2096 4312 2419 4387; x_wconf 81' lang='grc' dir='ltr'>αποδοθείσῃ</span> <span class='ocrx_word' id='word_1_671' title='bbox 2436 4314 2577 4386; x_wconf 77' lang='grc' dir='ltr'>ἀρχῇ</span> <span class='ocrx_word' id='word_1_672' title='bbox 2595 4310 2949 4383; x_wconf 83' lang='grc' dir='ltr'>πεποιηκέναι</span> <span class='ocrx_word' id='word_1_673' title='bbox 2972 4309 3063 4363; x_wconf 91' lang='grc' dir='ltr'><strong>τὸν</strong></span> <span class='ocrx_word' id='word_1_674' title='bbox 3082 4309 3214 4362; x_wconf 89' lang='grc' dir='ltr'>Θεὸν</span> <span class='ocrx_word' id='word_1_675' title='bbox 3232 4308 3323 4360; x_wconf 91' lang='grc' dir='ltr'><strong>τὸν</strong></span> <span class='ocrx_word' id='word_1_676' title='bbox 3351 4303 3577 4375; x_wconf 75' lang='grc' dir='ltr'>οὐρανὸν</span> <span class='ocrx_word' id='word_1_677' title='bbox 3594 4302 3690 4356; x_wconf 80' lang='grc' dir='ltr'>καὶ</span> 
     </span>
    </p>
   </div>
   <div class='ocr_carea' id='block_1_89' title="bbox 2102 4396 3689 4476">
    <p class='ocr_par' dir='ltr' id='par_1_89' title="bbox 2102 4396 3689 4476">
     <span class='ocr_line' id='line_1_89' title="bbox 2102 4396 3689 4476; baseline -0.006 -18"><span class='ocrx_word' id='word_1_678' title='bbox 2102 4404 2202 4476; x_wconf 77' lang='grc' dir='ltr'><strong>τὴν</strong></span> <span class='ocrx_word' id='word_1_679' title='bbox 2227 4404 2331 4475; x_wconf 81' lang='grc' dir='ltr'>γῆν</span> <span class='ocrx_word' id='word_1_680' title='bbox 2361 4419 2554 4473; x_wconf 81' lang='grc' dir='ltr'>φησιν·</span> <span class='ocrx_word' id='word_1_681' title='bbox 2579 4402 2730 4473; x_wconf 82' lang='grc' dir='ltr'>αὐτῷ</span> <span class='ocrx_word' id='word_1_682' title='bbox 2754 4418 2814 4455; x_wconf 88' lang='grc' dir='ltr'><strong>τε</strong></span> <span class='ocrx_word' id='word_1_683' title='bbox 2859 4401 3098 4470; x_wconf 82' lang='grc' dir='ltr'>εἰσάγει,</span> <span class='ocrx_word' id='word_1_684' title='bbox 3130 4399 3208 4462; x_wconf 81' lang='grc' dir='ltr'>ὡς</span> <span class='ocrx_word' id='word_1_685' title='bbox 3242 4397 3310 4452; x_wconf 72' lang='grc' dir='ltr'>ἂν</span> <span class='ocrx_word' id='word_1_686' title='bbox 3363 4396 3549 4467; x_wconf 81' lang='grc' dir='ltr'>οἰκείῳ</span> <span class='ocrx_word' id='word_1_687' title='bbox 3595 4396 3689 4449; x_wconf 75' lang='grc' dir='ltr'>καὶ</span> 
     </span>
    </p>
   </div>
   <div class='ocr_carea' id='block_1_90' title="bbox 2103 4486 3688 4569">
    <p class='ocr_par' dir='ltr' id='par_1_90' title="bbox 2103 4486 3688 4569">
     <span class='ocr_line' id='line_1_90' title="bbox 2103 4486 3688 4569; baseline -0.005 -20"><span class='ocrx_word' id='word_1_688' title='bbox 2103 4496 2432 4569; x_wconf 85' lang='grc' dir='ltr'>πρωτογόνῳ</span> <span class='ocrx_word' id='word_1_689' title='bbox 2461 4493 2627 4548; x_wconf 81' lang='grc' dir='ltr'>αὐτοῦ</span> <span class='ocrx_word' id='word_1_690' title='bbox 2657 4495 2835 4564; x_wconf 83' lang='grc' dir='ltr'>Λόγῳ,</span> <span class='ocrx_word' id='word_1_691' title='bbox 2857 4490 3331 4562; x_wconf 69' lang='grc' dir='ltr'>κοινολογούμενον</span> <span class='ocrx_word' id='word_1_692' title='bbox 3361 4490 3452 4542; x_wconf 75' lang='grc' dir='ltr'><strong>ἐπὶ</strong></span> <span class='ocrx_word' id='word_1_693' title='bbox 3472 4489 3572 4559; x_wconf 85' lang='grc' dir='ltr'><strong>τῆς</strong></span> <span class='ocrx_word' id='word_1_694' title='bbox 3592 4486 3688 4542; x_wconf 81' lang='grc' dir='ltr'><strong>τοῦ</strong></span> 
     </span>
    </p>
   </div>
   <div class='ocr_carea' id='block_1_91' title="bbox 2103 4580 3686 4662">
    <p class='ocr_par' dir='ltr' id='par_1_91' title="bbox 2103 4580 3686 4662">
     <span class='ocr_line' id='line_1_91' title="bbox 2103 4580 3686 4662; baseline -0.004 -20"><span class='ocrx_word' id='word_1_695' title='bbox 2103 4588 2397 4662; x_wconf 83' lang='grc' dir='ltr'>ἀνθρώπου</span> <span class='ocrx_word' id='word_1_696' title='bbox 2455 4587 2816 4659; x_wconf 84' lang='grc' dir='ltr'>δημιουργίας</span> <span class='ocrx_word' id='word_1_697' title='bbox 2851 4586 2944 4640; x_wconf 89' lang='grc' dir='ltr'><strong>τὸν</strong></span> <span class='ocrx_word' id='word_1_698' title='bbox 3000 4584 3154 4648; x_wconf 86' lang='grc' dir='ltr'>Θεὸν,</span> <span class='ocrx_word' id='word_1_699' title='bbox 3202 4585 3260 4637; x_wconf 82' lang='grc' dir='ltr'><strong>ἐν</strong></span> <span class='ocrx_word' id='word_1_700' title='bbox 3320 4580 3401 4647; x_wconf 74' lang='grc' dir='ltr'>οἷς</span> <span class='ocrx_word' id='word_1_701' title='bbox 3449 4580 3686 4653; x_wconf 71' lang='grc' dir='ltr'>γράφεισ</span> 
     </span>
    </p>
   </div>
   <div class='ocr_carea' id='block_1_92' title="bbox 419 4674 2009 4750">
    <p class='ocr_par' dir='ltr' id='par_1_92' title="bbox 419 4676 1996 4750">
     <span class='ocr_line' id='line_1_92' title="bbox 419 4676 1996 4750; baseline 0.002 -20"><span class='ocrx_word' id='word_1_702' title='bbox 419 4676 615 4746; x_wconf 89' lang='lat' dir='ltr'><strong>spiritn</strong></span> <span class='ocrx_word' id='word_1_703' title='bbox 645 4693 773 4733; x_wconf 89' lang='lat' dir='ltr'><strong>cum</strong></span> <span class='ocrx_word' id='word_1_704' title='bbox 803 4688 968 4746; x_wconf 87' lang='lat' dir='ltr'><strong>esset,</strong></span> <span class='ocrx_word' id='word_1_705' title='bbox 1006 4680 1127 4749; x_wconf 87' lang='lat' dir='ltr'><strong>ipso</strong></span> <span class='ocrx_word' id='word_1_706' title='bbox 1157 4681 1345 4735; x_wconf 85' lang='lat' dir='ltr'><strong>statim</strong></span> <span class='ocrx_word' id='word_1_707' title='bbox 1385 4681 1506 4750; x_wconf 89' lang='lat' dir='ltr'><strong>ejus</strong></span> <span class='ocrx_word' id='word_1_708' title='bbox 1535 4695 1699 4750; x_wconf 90' lang='lat' dir='ltr'><strong>quam</strong></span> <span class='ocrx_word' id='word_1_709' title='bbox 1733 4679 1996 4735; x_wconf 90' lang='lat' dir='ltr'><strong>describit</strong></span> 
     </span>
    </p>
   </div>
   <div class='ocr_carea' id='block_1_93' title="bbox 2112 4674 3691 4750">
    <p class='ocr_par' dir='ltr' id='par_1_93' title="bbox 2112 4674 3691 4747">
     <span class='ocr_line' id='line_1_93' title="bbox 2112 4674 3691 4747; baseline -0.005 -14"><span class='ocrx_word' id='word_1_710' title='bbox 2112 4700 2124 4733; x_wconf 89' lang='grc' dir='ltr'><strong>ι</strong></span> <span class='ocrx_word' id='word_1_711' title='bbox 2162 4681 2271 4735; x_wconf 90' lang='lat' dir='ltr'><strong>Kal.</strong></span> <span class='ocrx_word' id='word_1_712' title='bbox 2300 4676 2451 4734; x_wconf 70' lang='grc' dir='ltr'>εἶπεν</span> <span class='ocrx_word' id='word_1_713' title='bbox 2487 4681 2515 4733; x_wconf 84' lang='grc' dir='ltr'><strong>ό</strong></span> <span class='ocrx_word' id='word_1_714' title='bbox 2543 4678 2709 4742; x_wconf 75' lang='grc' dir='ltr'>Θεόςο</span> <span class='ocrx_word' id='word_1_715' title='bbox 2746 4678 3069 4747; x_wconf 86' lang='grc' dir='ltr'>Ποιήσωμεν</span> <span class='ocrx_word' id='word_1_716' title='bbox 3104 4675 3388 4746; x_wconf 79' lang='grc' dir='ltr'>ἄνθρωπον</span> <span class='ocrx_word' id='word_1_717' title='bbox 3434 4674 3554 4728; x_wconf 82' lang='grc' dir='ltr'>κατ’</span> <span class='ocrx_word' id='word_1_718' title='bbox 3612 4674 3691 4726; x_wconf 82' lang='grc' dir='ltr'>εἰ-</span> 
     </span>
    </p>
   </div>
   <div class='ocr_carea' id='block_1_94' title="bbox 418 4769 1994 4838">
    <p class='ocr_par' dir='ltr' id='par_1_94' title="bbox 418 4769 1994 4838">
     <span class='ocr_line' id='line_1_94' title="bbox 418 4769 1994 4838; baseline 0.003 -16"><span class='ocrx_word' id='word_1_719' title='bbox 418 4769 605 4824; x_wconf 90' lang='lat' dir='ltr'><strong>mundi</strong></span> <span class='ocrx_word' id='word_1_720' title='bbox 657 4771 956 4828; x_wconf 87' lang='lat' dir='ltr'><strong>molitionis</strong></span> <span class='ocrx_word' id='word_1_721' title='bbox 997 4772 1177 4838; x_wconf 90' lang='lat' dir='ltr'><strong>initio,</strong></span> <span class='ocrx_word' id='word_1_722' title='bbox 1212 4771 1383 4828; x_wconf 89' lang='lat' dir='ltr'><strong>Deum</strong></span> <span class='ocrx_word' id='word_1_723' title='bbox 1406 4784 1686 4828; x_wconf 88' lang='lat' dir='ltr'><strong>asseverat</strong></span> <span class='ocrx_word' id='word_1_724' title='bbox 1712 4773 1766 4827; x_wconf 91' lang='lat' dir='ltr'><strong>in</strong></span> <span class='ocrx_word' id='word_1_725' title='bbox 1802 4772 1994 4828; x_wconf 88' lang='lat' dir='ltr'><strong>eodem</strong></span> 
     </span>
    </p>
   </div>
   <div class='ocr_carea' id='block_1_95' title="bbox 415 4860 1994 4937">
    <p class='ocr_par' dir='ltr' id='par_1_95' title="bbox 415 4860 1994 4937">
     <span class='ocr_line' id='line_1_95' title="bbox 415 4860 1994 4937; baseline 0.003 -23"><span class='ocrx_word' id='word_1_726' title='bbox 415 4860 510 4915; x_wconf 86' lang='lat' dir='ltr'><strong>illo</strong></span> <span class='ocrx_word' id='word_1_727' title='bbox 547 4863 817 4934; x_wconf 90' lang='lat' dir='ltr'><strong>principio</strong></span> <span class='ocrx_word' id='word_1_728' title='bbox 859 4866 1060 4920; x_wconf 78' lang='lat' dir='ltr'><strong>coelum</strong></span> <span class='ocrx_word' id='word_1_729' title='bbox 1090 4874 1404 4937; x_wconf 88' lang='lat' dir='ltr'><strong>terramque</strong></span> <span class='ocrx_word' id='word_1_730' title='bbox 1450 4865 1683 4922; x_wconf 81' lang='lat' dir='ltr'><strong>fecisse:</strong></span> <span class='ocrx_word' id='word_1_731' title='bbox 1731 4880 1842 4936; x_wconf 92' lang='lat' dir='ltr'><strong>quo</strong></span> <span class='ocrx_word' id='word_1_732' title='bbox 1869 4881 1994 4920; x_wconf 89' lang='lat' dir='ltr'><strong>cum</strong></span> 
     </span>
    </p>
   </div>
   <div class='ocr_carea' id='block_1_96' title="bbox 412 4952 1998 5029">
    <p class='ocr_par' dir='ltr' id='par_1_96' title="bbox 412 4952 1998 5029">
     <span class='ocr_line' id='line_1_96' title="bbox 412 4952 1998 5029; baseline 0.003 -22"><span class='ocrx_word' id='word_1_733' title='bbox 412 4952 602 5019; x_wconf 82' lang='lat' dir='ltr'><strong>etiam,</strong></span> <span class='ocrx_word' id='word_1_734' title='bbox 641 4955 805 5009; x_wconf 89' lang='lat' dir='ltr'><strong>veluti</strong></span> <span class='ocrx_word' id='word_1_735' title='bbox 832 4972 957 5010; x_wconf 90' lang='lat' dir='ltr'><strong>cum</strong></span> <span class='ocrx_word' id='word_1_736' title='bbox 987 4972 1089 5011; x_wconf 90' lang='lat' dir='ltr'><strong>suo</strong></span> <span class='ocrx_word' id='word_1_737' title='bbox 1124 4957 1299 5027; x_wconf 90' lang='lat' dir='ltr'><strong>ipsius</strong></span> <span class='ocrx_word' id='word_1_738' title='bbox 1328 4973 1393 5012; x_wconf 90' lang='lat' dir='ltr'><strong>ac</strong></span> <span class='ocrx_word' id='word_1_739' title='bbox 1418 4957 1787 5029; x_wconf 82' lang='lat' dir='ltr'><strong>primogenito</strong></span> <span class='ocrx_word' id='word_1_740' title='bbox 1818 4954 1998 5012; x_wconf 88' lang='lat' dir='ltr'><strong>Verbo</strong></span> 
     </span>
    </p>
   </div>
   <div class='ocr_carea' id='block_1_97' title="bbox 413 5042 1996 5122">
    <p class='ocr_par' dir='ltr' id='par_1_97' title="bbox 413 5042 1996 5122">
     <span class='ocr_line' id='line_1_97' title="bbox 413 5042 1996 5122; baseline 0.006 -26"><span class='ocrx_word' id='word_1_741' title='bbox 413 5042 483 5096; x_wconf 90' lang='lat' dir='ltr'><strong>de</strong></span> <span class='ocrx_word' id='word_1_742' title='bbox 530 5044 768 5102; x_wconf 91' lang='lat' dir='ltr'><strong>hominis</strong></span> <span class='ocrx_word' id='word_1_743' title='bbox 804 5050 1181 5117; x_wconf 89' lang='lat' dir='ltr'><strong>procreatione</strong></span> <span class='ocrx_word' id='word_1_744' title='bbox 1232 5052 1633 5122; x_wconf 87' lang='lat' dir='ltr'><strong>colloquentem</strong></span> <span class='ocrx_word' id='word_1_745' title='bbox 1689 5050 1859 5106; x_wconf 90' lang='lat' dir='ltr'><strong>Deum</strong></span> <span class='ocrx_word' id='word_1_746' title='bbox 1912 5052 1996 5105; x_wconf 90' lang='lat' dir='ltr'><strong>in-</strong></span> 
     </span>
    </p>
   </div>
   <div class='ocr_carea' id='block_1_98' title="bbox 413 5133 1989 5210">
    <p class='ocr_par' dir='ltr' id='par_1_98' title="bbox 413 5133 1989 5210">
     <span class='ocr_line' id='line_1_98' title="bbox 413 5133 1989 5210; baseline 0.005 -23"><span class='ocrx_word' id='word_1_747' title='bbox 413 5133 585 5201; x_wconf 88' lang='lat' dir='ltr'><strong>ducit,</strong></span> <span class='ocrx_word' id='word_1_748' title='bbox 617 5136 702 5191; x_wconf 89' lang='lat' dir='ltr'><strong>his</strong></span> <span class='ocrx_word' id='word_1_749' title='bbox 729 5138 928 5203; x_wconf 89' lang='lat' dir='ltr'><strong>verbis,</strong></span> <span class='ocrx_word' id='word_1_750' title='bbox 959 5158 978 5190; x_wconf 81' lang='grc' dir='ltr'><strong>ι</strong></span> <span class='ocrx_word' id='word_1_751' title='bbox 1016 5138 1268 5210; x_wconf 83' lang='lat' dir='ltr'><strong>Dixitque</strong></span> <span class='ocrx_word' id='word_1_752' title='bbox 1308 5142 1453 5198; x_wconf 86' lang='lat' dir='ltr'><strong>Deus</strong></span> <span class='ocrx_word' id='word_1_753' title='bbox 1497 5160 1511 5198; x_wconf 88' lang='lat'>:</span> <span class='ocrx_word' id='word_1_754' title='bbox 1564 5140 1855 5198; x_wconf 86' lang='lat' dir='ltr'><strong>Faciamus</strong></span> <span class='ocrx_word' id='word_1_755' title='bbox 1886 5142 1989 5196; x_wconf 90' lang='lat' dir='ltr'><strong>ho-</strong></span> 
     </span>
    </p>
   </div>
   <div class='ocr_carea' id='block_1_99' title="bbox 409 5223 1984 5300">
    <p class='ocr_par' dir='ltr' id='par_1_99' title="bbox 409 5223 1984 5300">
     <span class='ocr_line' id='line_1_99' title="bbox 409 5223 1984 5300; baseline 0.004 -21"><span class='ocrx_word' id='word_1_756' title='bbox 409 5223 614 5279; x_wconf 87' lang='lat' dir='ltr'><strong>minem</strong></span> <span class='ocrx_word' id='word_1_757' title='bbox 654 5228 719 5281; x_wconf 90' lang='lat' dir='ltr'><strong>ad</strong></span> <span class='ocrx_word' id='word_1_758' title='bbox 749 5228 1036 5300; x_wconf 78' lang='lat' dir='ltr'><strong>imaginem</strong></span> <span class='ocrx_word' id='word_1_759' title='bbox 1069 5239 1123 5286; x_wconf 90' lang='lat' dir='ltr'><strong>et</strong></span> <span class='ocrx_word' id='word_1_760' title='bbox 1155 5232 1568 5288; x_wconf 89' lang='lat' dir='ltr'><strong>similitudinem</strong></span> <span class='ocrx_word' id='word_1_761' title='bbox 1598 5243 1842 5289; x_wconf 87' lang='lat' dir='ltr'><strong>nostram</strong></span> <span class='ocrx_word' id='word_1_762' title='bbox 1866 5234 1934 5286; x_wconf 79' lang='grc'><strong>’³.</strong></span> <span class='ocrx_word' id='word_1_763' title='bbox 1966 5253 1984 5285; x_wconf 74' lang='grc' dir='ltr'><strong>ι</strong></span> 
     </span>
    </p>
   </div>
   <div class='ocr_carea' id='block_1_100' title="bbox 411 5311 1992 5395">
    <p class='ocr_par' dir='ltr' id='par_1_100' title="bbox 411 5311 1992 5395">
     <span class='ocr_line' id='line_1_100' title="bbox 411 5311 1992 5395; baseline 0.007 -26"><span class='ocrx_word' id='word_1_764' title='bbox 411 5311 571 5379; x_wconf 84' lang='lat' dir='ltr'><strong>Quod</strong></span> <span class='ocrx_word' id='word_1_765' title='bbox 622 5317 800 5386; x_wconf 90' lang='lat' dir='ltr'><strong>ipsum</strong></span> <span class='ocrx_word' id='word_1_766' title='bbox 842 5322 1189 5378; x_wconf 73' lang='lat' dir='ltr'><strong>atlumbravit</strong></span> <span class='ocrx_word' id='word_1_767' title='bbox 1244 5321 1560 5392; x_wconf 89' lang='lat' dir='ltr'><strong>Psalmista,</strong></span> <span class='ocrx_word' id='word_1_768' title='bbox 1599 5326 1689 5379; x_wconf 93' lang='lat' dir='ltr'><strong>ubi</strong></span> <span class='ocrx_word' id='word_1_769' title='bbox 1720 5327 1788 5380; x_wconf 89' lang='lat' dir='ltr'><strong>de</strong></span> <span class='ocrx_word' id='word_1_770' title='bbox 1816 5325 1992 5395; x_wconf 85' lang='lat' dir='ltr'><strong>primo</strong></span> 
     </span>
    </p>
   </div>
   <div class='ocr_carea' id='block_1_101' title="bbox 414 5406 1990 5487">
    <p class='ocr_par' dir='ltr' id='par_1_101' title="bbox 414 5406 1990 5487">
     <span class='ocr_line' id='line_1_101' title="bbox 414 5406 1990 5487; baseline 0.008 -30"><span class='ocrx_word' id='word_1_771' title='bbox 414 5406 683 5477; x_wconf 83' lang='lat' dir='ltr'><strong>principio</strong></span> <span class='ocrx_word' id='word_1_772' title='bbox 710 5411 959 5481; x_wconf 82' lang='lat' dir='ltr'><strong>loquens,</strong></span> <span class='ocrx_word' id='word_1_773' title='bbox 992 5434 1009 5465; x_wconf 88' lang='grc' dir='ltr'><strong>ι</strong></span> <span class='ocrx_word' id='word_1_774' title='bbox 1035 5414 1157 5484; x_wconf 85' lang='lat' dir='ltr'><strong>Ipse</strong></span> <span class='ocrx_word' id='word_1_775' title='bbox 1179 5416 1335 5480; x_wconf 81' lang='lat' dir='ltr'><strong>dixit,</strong></span> <span class='ocrx_word' id='word_1_776' title='bbox 1363 5419 1560 5487; x_wconf 87' lang='lat' dir='ltr'><strong>inquit,</strong></span> <span class='ocrx_word' id='word_1_777' title='bbox 1584 5427 1637 5472; x_wconf 91' lang='lat' dir='ltr'><strong>et</strong></span> <span class='ocrx_word' id='word_1_778' title='bbox 1660 5416 1802 5473; x_wconf 78' lang='lat' dir='ltr'><strong>facta</strong></span> <span class='ocrx_word' id='word_1_779' title='bbox 1830 5427 1990 5471; x_wconf 90' lang='lat' dir='ltr'><strong>sunt:</strong></span> 
     </span>
    </p>
   </div>
   <div class='ocr_carea' id='block_1_102' title="bbox 411 5495 1993 5576">
    <p class='ocr_par' dir='ltr' id='par_1_102' title="bbox 411 5495 1993 5576">
     <span class='ocr_line' id='line_1_102' title="bbox 411 5495 1993 5576; baseline 0.006 -27"><span class='ocrx_word' id='word_1_780' title='bbox 411 5495 529 5566; x_wconf 88' lang='lat' dir='ltr'><strong>ipse</strong></span> <span class='ocrx_word' id='word_1_781' title='bbox 567 5502 861 5566; x_wconf 88' lang='lat' dir='ltr'><strong>mandavit,</strong></span> <span class='ocrx_word' id='word_1_782' title='bbox 887 5515 941 5559; x_wconf 90' lang='lat' dir='ltr'><strong>et</strong></span> <span class='ocrx_word' id='word_1_783' title='bbox 980 5516 1161 5560; x_wconf 86' lang='lat' dir='ltr'><strong>creata</strong></span> <span class='ocrx_word' id='word_1_784' title='bbox 1194 5505 1441 5561; x_wconf 67' lang='lat' dir='ltr'><strong>sunt&quot;.i</strong></span> <span class='ocrx_word' id='word_1_785' title='bbox 1472 5505 1591 5573; x_wconf 82' lang='lat' dir='ltr'><strong>Quo</strong></span> <span class='ocrx_word' id='word_1_786' title='bbox 1626 5506 1870 5576; x_wconf 73' lang='lat' dir='ltr'><strong>profecto</strong></span> <span class='ocrx_word' id='word_1_787' title='bbox 1910 5505 1993 5558; x_wconf 92' lang='lat' dir='ltr'><strong>lo-</strong></span> 
     </span>
    </p>
   </div>
   <div class='ocr_carea' id='block_1_103' title="bbox 410 5589 1987 5666">
    <p class='ocr_par' dir='ltr' id='par_1_103' title="bbox 410 5589 1987 5666">
     <span class='ocr_line' id='line_1_103' title="bbox 410 5589 1987 5666; baseline 0.006 -27"><span class='ocrx_word' id='word_1_788' title='bbox 410 5589 614 5659; x_wconf 81' lang='lat' dir='ltr'><strong>quendi</strong></span> <span class='ocrx_word' id='word_1_789' title='bbox 644 5606 864 5661; x_wconf 73' lang='lat' dir='ltr'><strong>genere,</strong></span> <span class='ocrx_word' id='word_1_790' title='bbox 891 5595 1130 5651; x_wconf 87' lang='lat' dir='ltr'><strong>edictum</strong></span> <span class='ocrx_word' id='word_1_791' title='bbox 1163 5597 1297 5652; x_wconf 90' lang='lat' dir='ltr'><strong>illud</strong></span> <span class='ocrx_word' id='word_1_792' title='bbox 1348 5599 1780 5666; x_wconf 87' lang='lat' dir='ltr'><strong>mandatumque</strong></span> <span class='ocrx_word' id='word_1_793' title='bbox 1818 5596 1987 5665; x_wconf 79' lang='lat' dir='ltr'><strong>signi-</strong></span> 
     </span>
    </p>
   </div>
   <div class='ocr_carea' id='block_1_104' title="bbox 414 5680 1988 5759">
    <p class='ocr_par' dir='ltr' id='par_1_104' title="bbox 414 5680 1988 5759">
     <span class='ocr_line' id='line_1_104' title="bbox 414 5680 1988 5759; baseline 0.005 -25"><span class='ocrx_word' id='word_1_794' title='bbox 414 5680 559 5745; x_wconf 84' lang='lat' dir='ltr'><strong>ﬁcat,</strong></span> <span class='ocrx_word' id='word_1_795' title='bbox 595 5697 707 5752; x_wconf 87' lang='lat' dir='ltr'><strong>quo</strong></span> <span class='ocrx_word' id='word_1_796' title='bbox 728 5685 965 5753; x_wconf 90' lang='lat' dir='ltr'><strong>primum</strong></span> <span class='ocrx_word' id='word_1_797' title='bbox 1001 5689 1333 5759; x_wconf 88' lang='lat' dir='ltr'><strong>principium</strong></span> <span class='ocrx_word' id='word_1_798' title='bbox 1372 5704 1499 5743; x_wconf 90' lang='lat' dir='ltr'><strong>cum</strong></span> <span class='ocrx_word' id='word_1_799' title='bbox 1534 5689 1796 5756; x_wconf 87' lang='lat' dir='ltr'><strong>secundo,</strong></span> <span class='ocrx_word' id='word_1_800' title='bbox 1823 5688 1988 5744; x_wconf 87' lang='lat' dir='ltr'><strong>veluti</strong></span> 
     </span>
    </p>
   </div>
   <div class='ocr_carea' id='block_1_105' title="bbox 2106 4764 3688 4844">
    <p class='ocr_par' dir='ltr' id='par_1_105' title="bbox 2106 4764 3688 4844">
     <span class='ocr_line' id='line_1_105' title="bbox 2106 4764 3688 4844; baseline -0.006 -18"><span class='ocrx_word' id='word_1_801' title='bbox 2106 4773 2242 4827; x_wconf 88' lang='grc' dir='ltr'>κόνα</span> <span class='ocrx_word' id='word_1_802' title='bbox 2273 4771 2549 4844; x_wconf 76' lang='grc' dir='ltr'>ἡμετέραν</span> <span class='ocrx_word' id='word_1_803' title='bbox 2580 4770 2675 4823; x_wconf 78' lang='grc' dir='ltr'>καὶ</span> <span class='ocrx_word' id='word_1_804' title='bbox 2700 4767 2821 4823; x_wconf 86' lang='grc' dir='ltr'>καθ’</span> <span class='ocrx_word' id='word_1_805' title='bbox 2856 4766 3134 4838; x_wconf 86' lang='grc' dir='ltr'>ὁμοίωσιν.</span> <span class='ocrx_word' id='word_1_806' title='bbox 3182 4785 3200 4817; x_wconf 70' lang='grc' dir='ltr'><strong>ι</strong></span> <span class='ocrx_word' id='word_1_807' title='bbox 3232 4766 3401 4819; x_wconf 78' lang='grc' dir='ltr'>Τοῦτο</span> <span class='ocrx_word' id='word_1_808' title='bbox 3438 4764 3494 4818; x_wconf 84' lang='grc' dir='ltr'>δὲ</span> <span class='ocrx_word' id='word_1_809' title='bbox 3528 4766 3623 4818; x_wconf 78' lang='grc' dir='ltr'><strong>καὶ</strong></span> <span class='ocrx_word' id='word_1_810' title='bbox 3657 4764 3688 4816; x_wconf 86' lang='grc' dir='ltr'><strong>ό</strong></span> 
     </span>
    </p>
   </div>
   <div class='ocr_carea' id='block_1_106' title="bbox 2101 4853 3684 4934">
    <p class='ocr_par' dir='ltr' id='par_1_106' title="bbox 2101 4853 3684 4934">
     <span class='ocr_line' id='line_1_106' title="bbox 2101 4853 3684 4934; baseline -0.006 -17"><span class='ocrx_word' id='word_1_811' title='bbox 2101 4862 2404 4934; x_wconf 79' lang='grc' dir='ltr'>Ψαλμῳδὸς</span> <span class='ocrx_word' id='word_1_812' title='bbox 2432 4861 2697 4933; x_wconf 68' lang='grc' dir='ltr'>ᾐνίττετο,</span> <span class='ocrx_word' id='word_1_813' title='bbox 2728 4858 2962 4930; x_wconf 85' lang='grc' dir='ltr'>ὁπηνίκα</span> <span class='ocrx_word' id='word_1_814' title='bbox 2982 4856 3112 4929; x_wconf 71' lang='grc' dir='ltr'>περὶ</span> <span class='ocrx_word' id='word_1_815' title='bbox 3141 4854 3235 4910; x_wconf 75' lang='grc' dir='ltr'>τοῦ</span> <span class='ocrx_word' id='word_1_816' title='bbox 3263 4853 3480 4927; x_wconf 83' lang='grc' dir='ltr'>πρώτου</span> <span class='ocrx_word' id='word_1_817' title='bbox 3510 4855 3684 4908; x_wconf 87' lang='grc' dir='ltr'>αἰτίου</span> 
     </span>
    </p>
   </div>
   <div class='ocr_carea' id='block_1_107' title="bbox 2098 4945 3682 5023">
    <p class='ocr_par' dir='ltr' id='par_1_107' title="bbox 2098 4945 3682 5023">
     <span class='ocr_line' id='line_1_107' title="bbox 2098 4945 3682 5023; baseline -0.006 -15"><span class='ocrx_word' id='word_1_818' title='bbox 2098 4955 2329 5023; x_wconf 82' lang='grc' dir='ltr'>διεξιὼν,</span> <span class='ocrx_word' id='word_1_819' title='bbox 2359 4973 2377 5005; x_wconf 80' lang='grc' dir='ltr'><strong>ι</strong></span> <span class='ocrx_word' id='word_1_820' title='bbox 2435 4953 2623 5018; x_wconf 80' lang='grc' dir='ltr'>Αὐτὸς,</span> <span class='ocrx_word' id='word_1_821' title='bbox 2688 4952 2869 5022; x_wconf 74' lang='grc' dir='ltr'>φησιν,</span> <span class='ocrx_word' id='word_1_822' title='bbox 2929 4945 3070 5014; x_wconf 79' lang='grc' dir='ltr'>εἷπε,</span> <span class='ocrx_word' id='word_1_823' title='bbox 3131 4948 3227 5003; x_wconf 68' lang='grc' dir='ltr'>καὶ</span> <span class='ocrx_word' id='word_1_824' title='bbox 3284 4947 3646 5020; x_wconf 85' lang='grc' dir='ltr'>ἐγεννήθησαν</span> <span class='ocrx_word' id='word_1_825' title='bbox 3668 4962 3682 4977; x_wconf 76' lang='grc' dir='ltr'><strong>ο</strong></span> 
     </span>
    </p>
   </div>
   <div class='ocr_carea' id='block_1_108' title="bbox 2101 5035 3686 5112">
    <p class='ocr_par' dir='ltr' id='par_1_108' title="bbox 2101 5035 3686 5112">
     <span class='ocr_line' id='line_1_108' title="bbox 2101 5035 3686 5112; baseline -0.008 -10"><span class='ocrx_word' id='word_1_826' title='bbox 2101 5048 2262 5111; x_wconf 73' lang='grc' dir='ltr'>αὐτὸς</span> <span class='ocrx_word' id='word_1_827' title='bbox 2294 5045 2616 5108; x_wconf 88' lang='grc' dir='ltr'>ἐνετείλατο,</span> <span class='ocrx_word' id='word_1_828' title='bbox 2642 5044 2734 5097; x_wconf 76' lang='grc' dir='ltr'><strong>καὶ</strong></span> <span class='ocrx_word' id='word_1_829' title='bbox 2759 5041 3109 5112; x_wconf 80' lang='grc' dir='ltr'>ἐκτίσθησαν,</span> <span class='ocrx_word' id='word_1_830' title='bbox 3140 5060 3159 5093; x_wconf 71' lang='grc' dir='ltr'><strong>ι</strong></span> <span class='ocrx_word' id='word_1_831' title='bbox 3193 5040 3451 5110; x_wconf 79' lang='grc' dir='ltr'>ἄντικρυς</span> <span class='ocrx_word' id='word_1_832' title='bbox 3473 5039 3573 5109; x_wconf 83' lang='grc' dir='ltr'>τὴν</span> <span class='ocrx_word' id='word_1_833' title='bbox 3591 5035 3686 5090; x_wconf 82' lang='grc' dir='ltr'>τοῦ</span> 
     </span>
    </p>
   </div>
   <div class='ocr_carea' id='block_1_109' title="bbox 2101 5124 3685 5209">
    <p class='ocr_par' dir='ltr' id='par_1_109' title="bbox 2101 5124 3685 5209">
     <span class='ocr_line' id='line_1_109' title="bbox 2101 5124 3685 5209; baseline -0.009 -18"><span class='ocrx_word' id='word_1_834' title='bbox 2101 5137 2319 5209; x_wconf 84' lang='grc' dir='ltr'>πρώτου</span> <span class='ocrx_word' id='word_1_835' title='bbox 2350 5136 2486 5208; x_wconf 85' lang='grc' dir='ltr'>πρὸς</span> <span class='ocrx_word' id='word_1_836' title='bbox 2515 5136 2576 5188; x_wconf 88' lang='grc' dir='ltr'><strong>τὸ</strong></span> <span class='ocrx_word' id='word_1_837' title='bbox 2604 5134 2855 5205; x_wconf 89' lang='grc' dir='ltr'>δεύτερον</span> <span class='ocrx_word' id='word_1_838' title='bbox 2880 5132 3072 5197; x_wconf 73' lang='grc' dir='ltr'>αἴτιον,</span> <span class='ocrx_word' id='word_1_839' title='bbox 3104 5129 3180 5193; x_wconf 82' lang='grc' dir='ltr'>ὼς</span> <span class='ocrx_word' id='word_1_840' title='bbox 3203 5128 3269 5183; x_wconf 77' lang='grc' dir='ltr'><strong>ἂν</strong></span> <span class='ocrx_word' id='word_1_841' title='bbox 3302 5127 3515 5199; x_wconf 86' lang='grc' dir='ltr'>Πατρὸς</span> <span class='ocrx_word' id='word_1_842' title='bbox 3547 5124 3685 5197; x_wconf 81' lang='grc' dir='ltr'>πρὸς</span> 
     </span>
    </p>
   </div>
   <div class='ocr_carea' id='block_1_110' title="bbox 2099 5220 3728 5302">
    <p class='ocr_par' dir='ltr' id='par_1_110' title="bbox 2099 5220 3728 5302">
     <span class='ocr_line' id='line_1_110' title="bbox 2099 5220 3728 5302; baseline -0.009 -18"><span class='ocrx_word' id='word_1_843' title='bbox 2099 5231 2248 5295; x_wconf 82' lang='grc' dir='ltr'>Υίὸν,</span> <span class='ocrx_word' id='word_1_844' title='bbox 2293 5228 2533 5296; x_wconf 84' lang='grc' dir='ltr'>διάταξίν</span> <span class='ocrx_word' id='word_1_845' title='bbox 2590 5246 2651 5282; x_wconf 90' lang='grc' dir='ltr'><strong>τε</strong></span> <span class='ocrx_word' id='word_1_846' title='bbox 2704 5229 2799 5281; x_wconf 73' lang='grc' dir='ltr'><strong>καὶ</strong></span> <span class='ocrx_word' id='word_1_847' title='bbox 2840 5223 3243 5297; x_wconf 84' lang='grc' dir='ltr'>παρακέλευσιν</span> <span class='ocrx_word' id='word_1_848' title='bbox 3298 5220 3681 5291; x_wconf 82' lang='grc' dir='ltr'>ὑφιστάμενος.</span> <span class='ocrx_word' id='word_1_849' title='bbox 3721 5264 3728 5302; x_wconf 43' lang='grc' dir='ltr'>θ</span> 
     </span>
    </p>
   </div>
   <div class='ocr_carea' id='block_1_111' title="bbox 2098 5309 3727 5393">
    <p class='ocr_par' dir='ltr' id='par_1_111' title="bbox 2098 5309 3727 5393">
     <span class='ocr_line' id='line_1_111' title="bbox 2098 5309 3727 5393; baseline -0.009 -16"><span class='ocrx_word' id='word_1_850' title='bbox 2098 5323 2268 5377; x_wconf 74' lang='grc' dir='ltr'>Παντὶ</span> <span class='ocrx_word' id='word_1_851' title='bbox 2294 5322 2401 5393; x_wconf 81' lang='grc' dir='ltr'><strong>γὰρ</strong></span> <span class='ocrx_word' id='word_1_852' title='bbox 2425 5319 2693 5392; x_wconf 87' lang='grc' dir='ltr'>δήπουθεν</span> <span class='ocrx_word' id='word_1_853' title='bbox 2724 5317 2901 5390; x_wconf 81' lang='grc' dir='ltr'>δῆλον,</span> <span class='ocrx_word' id='word_1_854' title='bbox 2942 5316 3018 5380; x_wconf 87' lang='grc' dir='ltr'>ὡς</span> <span class='ocrx_word' id='word_1_855' title='bbox 3041 5317 3147 5379; x_wconf 80' lang='grc' dir='ltr'>πᾶς</span> <span class='ocrx_word' id='word_1_856' title='bbox 3169 5316 3197 5367; x_wconf 88' lang='grc' dir='ltr'><strong>ὁ</strong></span> <span class='ocrx_word' id='word_1_857' title='bbox 3228 5314 3403 5383; x_wconf 81' lang='grc' dir='ltr'>λέγων</span> <span class='ocrx_word' id='word_1_858' title='bbox 3429 5329 3483 5365; x_wconf 89' lang='grc' dir='ltr'><strong>τι</strong></span> <span class='ocrx_word' id='word_1_859' title='bbox 3512 5309 3684 5381; x_wconf 79' lang='grc' dir='ltr'>ἑτέρῳ</span> <span class='ocrx_word' id='word_1_860' title='bbox 3721 5310 3727 5323; x_wconf 87' lang='grc'><em>’</em></span> 
     </span>
    </p>
   </div>
   <div class='ocr_carea' id='block_1_112' title="bbox 2098 5401 3686 5486">
    <p class='ocr_par' dir='ltr' id='par_1_112' title="bbox 2098 5401 3686 5486">
     <span class='ocr_line' id='line_1_112' title="bbox 2098 5401 3686 5486; baseline -0.01 -15"><span class='ocrx_word' id='word_1_861' title='bbox 2098 5418 2265 5486; x_wconf 86' lang='grc' dir='ltr'>λέγει,</span> <span class='ocrx_word' id='word_1_862' title='bbox 2295 5415 2391 5470; x_wconf 71' lang='grc' dir='ltr'>καὶ</span> <span class='ocrx_word' id='word_1_863' title='bbox 2413 5416 2441 5467; x_wconf 89' lang='grc' dir='ltr'><strong>ό</strong></span> <span class='ocrx_word' id='word_1_864' title='bbox 2468 5412 2847 5485; x_wconf 75' lang='grc' dir='ltr'>ἐντελλόμενος</span> <span class='ocrx_word' id='word_1_865' title='bbox 2879 5408 3050 5479; x_wconf 77' lang='grc' dir='ltr'>ἑτέρῳ</span> <span class='ocrx_word' id='word_1_866' title='bbox 3078 5408 3208 5478; x_wconf 85' lang='grc' dir='ltr'>παρ’</span> <span class='ocrx_word' id='word_1_867' title='bbox 3236 5405 3426 5459; x_wconf 85' lang='grc' dir='ltr'>ἐαυτὸν</span> <span class='ocrx_word' id='word_1_868' title='bbox 3446 5401 3686 5457; x_wconf 86' lang='grc' dir='ltr'>ἐντέλλε-</span> 
     </span>
    </p>
   </div>
   <div class='ocr_carea' id='block_1_113' title="bbox 2096 5498 3684 5579">
    <p class='ocr_par' dir='ltr' id='par_1_113' title="bbox 2096 5498 3684 5579">
     <span class='ocr_line' id='line_1_113' title="bbox 2096 5498 3684 5579; baseline -0.011 -16"><span class='ocrx_word' id='word_1_869' title='bbox 2096 5527 2206 5563; x_wconf 89' lang='grc' dir='ltr'>ται.</span> <span class='ocrx_word' id='word_1_870' title='bbox 2242 5506 2549 5579; x_wconf 74' lang='grc' dir='ltr'>Διαρρήδην</span> <span class='ocrx_word' id='word_1_871' title='bbox 2568 5505 2612 5560; x_wconf 81' lang='grc' dir='ltr'>δ’</span> <span class='ocrx_word' id='word_1_872' title='bbox 2634 5501 2699 5558; x_wconf 80' lang='grc' dir='ltr'><strong>αὖ</strong></span> <span class='ocrx_word' id='word_1_873' title='bbox 2725 5506 2754 5557; x_wconf 89' lang='grc' dir='ltr'><strong>ὁ</strong></span> <span class='ocrx_word' id='word_1_874' title='bbox 2785 5501 3045 5570; x_wconf 83' lang='grc' dir='ltr'>Μωῦσῆς,</span> <span class='ocrx_word' id='word_1_875' title='bbox 3085 5500 3253 5570; x_wconf 78' lang='grc' dir='ltr'>ἄμφω</span> <span class='ocrx_word' id='word_1_876' title='bbox 3289 5498 3433 5551; x_wconf 81' lang='grc' dir='ltr'>δυοῖν</span> <span class='ocrx_word' id='word_1_877' title='bbox 3475 5508 3684 5567; x_wconf 87' lang='grc' dir='ltr'>μνημο-</span> 
     </span>
    </p>
   </div>
   <div class='ocr_carea' id='block_1_114' title="bbox 2095 5582 3679 5672">
    <p class='ocr_par' dir='ltr' id='par_1_114' title="bbox 2095 5582 3679 5672">
     <span class='ocr_line' id='line_1_114' title="bbox 2095 5582 3679 5672; baseline -0.014 -15"><span class='ocrx_word' id='word_1_878' title='bbox 2095 5601 2266 5657; x_wconf 91' lang='grc' dir='ltr'>νεύων</span> <span class='ocrx_word' id='word_1_879' title='bbox 2298 5600 2539 5672; x_wconf 81' lang='grc' dir='ltr'>Κυρίων,</span> <span class='ocrx_word' id='word_1_880' title='bbox 2574 5596 2788 5666; x_wconf 78' lang='grc' dir='ltr'>[ἰατρὸς</span> <span class='ocrx_word' id='word_1_881' title='bbox 2820 5592 3018 5665; x_wconf 71' lang='grc' dir='ltr'>δηλαδὴ</span> <span class='ocrx_word' id='word_1_882' title='bbox 3053 5592 3147 5646; x_wconf 71' lang='grc' dir='ltr'>καὶ</span> <span class='ocrx_word' id='word_1_883' title='bbox 3171 5589 3321 5655; x_wconf 84' lang='grc' dir='ltr'>Υἰοῦ,</span> <span class='ocrx_word' id='word_1_884' title='bbox 3356 5582 3461 5644; x_wconf 79' lang='grc' dir='ltr'>ὧδέ</span> <span class='ocrx_word' id='word_1_885' title='bbox 3487 5603 3563 5655; x_wconf 85' lang='grc' dir='ltr'><strong>πη</strong></span> <span class='ocrx_word' id='word_1_886' title='bbox 3587 5582 3679 5637; x_wconf 71' lang='grc' dir='ltr'>ἐπὶ</span> 
     </span>
    </p>
   </div>
   <div class='ocr_carea' id='block_1_115' title="bbox 2094 5676 3682 5765">
    <p class='ocr_par' dir='ltr' id='par_1_115' title="bbox 2094 5676 3682 5765">
     <span class='ocr_line' id='line_1_115' title="bbox 2094 5676 3682 5765; baseline -0.013 -17"><span class='ocrx_word' id='word_1_887' title='bbox 2094 5695 2193 5765; x_wconf 83' lang='grc' dir='ltr'>τῆς</span> <span class='ocrx_word' id='word_1_888' title='bbox 2218 5691 2359 5746; x_wconf 81' lang='grc' dir='ltr'>κατὰ</span> <span class='ocrx_word' id='word_1_889' title='bbox 2385 5691 2493 5744; x_wconf 86' lang='grc' dir='ltr'><strong>τῶν</strong></span> <span class='ocrx_word' id='word_1_890' title='bbox 2515 5687 2728 5743; x_wconf 78' lang='grc' dir='ltr'>ἀσεϐῶν</span> <span class='ocrx_word' id='word_1_891' title='bbox 2747 5687 3018 5757; x_wconf 85' lang='grc' dir='ltr'>τιμωρίας</span> <span class='ocrx_word' id='word_1_892' title='bbox 3050 5684 3269 5755; x_wconf 82' lang='grc' dir='ltr'>ἱστορεῖ,</span> <span class='ocrx_word' id='word_1_893' title='bbox 3300 5682 3471 5748; x_wconf 85' lang='grc' dir='ltr'>λέγων</span> <span class='ocrx_word' id='word_1_894' title='bbox 3491 5694 3505 5709; x_wconf 76' lang='grc'><strong><em>⁸</em></strong></span> <span class='ocrx_word' id='word_1_895' title='bbox 3524 5695 3547 5730; x_wconf 75' lang='grc' dir='ltr'><strong>ι</strong></span> <span class='ocrx_word' id='word_1_896' title='bbox 3570 5676 3682 5730; x_wconf 79' lang='lat' dir='ltr'><strong>Kal</strong></span> 
     </span>
    </p>
   </div>
   <div class='ocr_carea' id='block_1_116' title="bbox 472 5797 2009 5886">
    <p class='ocr_par' dir='ltr' id='par_1_116' title="bbox 472 5802 2009 5886">
     <span class='ocr_line' id='line_1_116' title="bbox 472 5802 2009 5886; baseline 0.007 -28"><span class='ocrx_word' id='word_1_897' title='bbox 472 5803 519 5837; x_wconf 84' lang='lat'>“</span> <span class='ocrx_word' id='word_1_898' title='bbox 547 5802 708 5886; x_wconf 72' lang='lat' dir='ltr'><strong>Prov.</strong></span> <span class='ocrx_word' id='word_1_899' title='bbox 748 5822 870 5886; x_wconf 54' lang='lat' dir='ltr'><strong>vni.</strong></span> <span class='ocrx_word' id='word_1_900' title='bbox 904 5806 1102 5886; x_wconf 68' lang='lat'><strong>22-30.</strong></span> <span class='ocrx_word' id='word_1_901' title='bbox 1175 5808 1381 5886; x_wconf 70' lang='lat' dir='ltr'><strong>&quot;__Sap.</strong></span> <span class='ocrx_word' id='word_1_902' title='bbox 1412 5826 1487 5877; x_wconf 75' lang='lat' dir='ltr'><strong>vr,</strong></span> <span class='ocrx_word' id='word_1_903' title='bbox 1524 5812 1620 5886; x_wconf 69' lang='grc'><strong>24.</strong></span> <span class='ocrx_word' id='word_1_904' title='bbox 1696 5812 1905 5886; x_wconf 79' lang='lat' dir='ltr'><strong>“_Sap.</strong></span> <span class='ocrx_word' id='word_1_905' title='bbox 1938 5827 2009 5868; x_wconf 81' lang='lat' dir='ltr'><strong>vn</strong></span> 
     </span>
    </p>
   </div>
   <div class='ocr_carea' id='block_1_117' title="bbox 2112 5797 3677 5886">
    <p class='ocr_par' dir='ltr' id='par_1_117' title="bbox 2112 5797 3677 5886">
     <span class='ocr_line' id='line_1_117' title="bbox 2112 5797 3677 5886; baseline -0.009 -18"><span class='ocrx_word' id='word_1_906' title='bbox 2112 5811 2257 5886; x_wconf 52' lang='lat'><strong>2:26.</strong></span> <span class='ocrx_word' id='word_1_907' title='bbox 2335 5812 2380 5848; x_wconf 79' lang='grc'><strong>⁸⁸</strong></span> <span class='ocrx_word' id='word_1_908' title='bbox 2414 5812 2544 5886; x_wconf 86' lang='lat' dir='ltr'><strong>Sap.</strong></span> <span class='ocrx_word' id='word_1_909' title='bbox 2581 5826 2712 5876; x_wconf 79' lang='lat' dir='ltr'><strong>vin,</strong></span> <span class='ocrx_word' id='word_1_910' title='bbox 2750 5810 2801 5865; x_wconf 78' lang='lat' dir='ltr'><strong>l.</strong></span> <span class='ocrx_word' id='word_1_911' title='bbox 2880 5809 2926 5841; x_wconf 82' lang='grc'><strong>⁷⁸</strong></span> <span class='ocrx_word' id='word_1_912' title='bbox 2959 5806 3101 5865; x_wconf 89' lang='lat' dir='ltr'><strong>Psal.</strong></span> <span class='ocrx_word' id='word_1_913' title='bbox 3134 5820 3241 5874; x_wconf 76' lang='grc' dir='ltr'>ειη,</span> <span class='ocrx_word' id='word_1_914' title='bbox 3281 5802 3372 5859; x_wconf 79' lang='lat'><strong>20.</strong></span> <span class='ocrx_word' id='word_1_915' title='bbox 3447 5801 3492 5834; x_wconf 74' lang='grc' dir='ltr'>τί</span> <span class='ocrx_word' id='word_1_916' title='bbox 3528 5797 3677 5857; x_wconf 89' lang='lat' dir='ltr'><strong>Psal.</strong></span> 
     </span>
    </p>
   </div>
   <div class='ocr_carea' id='block_1_118' title="bbox 398 5877 680 5941">
    <p class='ocr_par' dir='ltr' id='par_1_118' title="bbox 398 5877 680 5941">
     <span class='ocr_line' id='line_1_118' title="bbox 398 5877 680 5941; baseline -0.004 -9"><span class='ocrx_word' id='word_1_917' title='bbox 398 5887 599 5941; x_wconf 70' lang='lat' dir='ltr'><strong>cum,</strong></span> <span class='ocrx_word' id='word_1_918' title='bbox 629 5877 680 5931; x_wconf 74' lang='grc'>4.</span> 
     </span>
    </p>
   </div>
   <div class='ocr_carea' id='block_1_119' title="bbox 473 5982 1307 6059">
    <p class='ocr_par' dir='ltr' id='par_1_119' title="bbox 473 5982 1307 6059">
     <span class='ocr_line' id='line_1_119' title="bbox 473 5982 1307 6059; baseline 0.005 -20"><span class='ocrx_word' id='word_1_919' title='bbox 473 5983 487 6015; x_wconf 86' lang='grc'>¹</span> <span class='ocrx_word' id='word_1_920' title='bbox 520 5982 695 6043; x_wconf 82' lang='lat' dir='ltr'><strong>Locus</strong></span> <span class='ocrx_word' id='word_1_921' title='bbox 728 5985 815 6043; x_wconf 82' lang='lat' dir='ltr'><strong>hic</strong></span> <span class='ocrx_word' id='word_1_922' title='bbox 846 5995 1001 6043; x_wconf 86' lang='lat' dir='ltr'><strong>caute</strong></span> <span class='ocrx_word' id='word_1_923' title='bbox 1030 5987 1307 6059; x_wconf 76' lang='lat' dir='ltr'><strong>legendus.</strong></span> 
     </span>
    </p>
   </div>
   <div class='ocr_carea' id='block_1_120' title="bbox 759 5876 2186 5951">
    <p class='ocr_par' dir='ltr' id='par_1_120' title="bbox 759 5876 2186 5951">
     <span class='ocr_line' id='line_1_120' title="bbox 759 5876 2186 5951; baseline 0.006 -20"><span class='ocrx_word' id='word_1_924' title='bbox 759 5876 981 5934; x_wconf 81' lang='lat' dir='ltr'><strong>&quot;Joan.</strong></span> <span class='ocrx_word' id='word_1_925' title='bbox 1012 5894 1050 5946; x_wconf 88' lang='grc' dir='ltr'><strong>ι,</strong></span> <span class='ocrx_word' id='word_1_926' title='bbox 1082 5882 1131 5933; x_wconf 79' lang='grc'>1.</span> <span class='ocrx_word' id='word_1_927' title='bbox 1210 5881 1257 5913; x_wconf 87' lang='grc'>⁷³</span> <span class='ocrx_word' id='word_1_928' title='bbox 1285 5876 1419 5939; x_wconf 79' lang='lat' dir='ltr'><strong>Gen.</strong></span> <span class='ocrx_word' id='word_1_929' title='bbox 1456 5876 1491 5949; x_wconf 82' lang='grc' dir='ltr'><strong>ι,</strong></span> <span class='ocrx_word' id='word_1_930' title='bbox 1514 5885 1605 5940; x_wconf 69' lang='grc'><strong>26.</strong></span> <span class='ocrx_word' id='word_1_931' title='bbox 1679 5886 1727 5917; x_wconf 69' lang='grc'><strong>’⁷⁸</strong></span> <span class='ocrx_word' id='word_1_932' title='bbox 1751 5876 1895 5942; x_wconf 76' lang='lat' dir='ltr'><strong>Psal.</strong></span> <span class='ocrx_word' id='word_1_933' title='bbox 1932 5876 2102 5951; x_wconf 62' lang='lat' dir='ltr'><strong>xxi&quot;,</strong></span> <span class='ocrx_word' id='word_1_934' title='bbox 2133 5884 2186 5939; x_wconf 89' lang='lat'><strong>9.</strong></span> 
     </span>
    </p>
   </div>
  </div>
