4166 6424
410 202 515 259 545

1571 191 1893 254 ΡΒᾸΞΡΛΒ.
1932 190 2182 253 EVANG.
2224 187 2354 249 LIB.
2395 188 2509 248 VII.

3575 181 3679 237 546

405 320 594 392 ἔϐρεξε
624 318 828 395 Κύριος
856 320 1008 394 παρὰ
1031 321 1236 393 Κυρίου
1264 321 1356 375 ἐπὶ
1382 318 1586 391 Σόδομα
1608 320 1701 374 καὶ
1733 319 1986 392 Γόμορρα

2108 318 2248 372 ,‘ater
2272 331 2395 371 cum
2410 314 2550 372 Filio
2567 324 2730 382 agere
2750 308 3007 365 voluerit.
3035 307 3205 363 Nemo
3226 307 3372 362 enim
3404 304 3652 360 omnium

407 413 548 466 θεῖον
578 414 672 466 καὶ
707 412 845 483 πῦρ.
901 430 919 462 ι
951 406 1045 475 Οἷς
1073 410 1377 482 συμφώνως
1398 411 1495 465 καὶ
1524 412 1552 463 ό
1572 410 1736 464 Δαὸὶδ
1776 409 1992 479 ψάλλων

2108 424 2195 481 est,
2227 416 2319 485 qui
2351 429 2462 467 non
2512 410 2794 480 intelligat,
2821 407 3071 477 quisquis
3123 404 3329 476 aliquid
3369 403 3656 473 loquatur,

407 504 606 573 ἔφησεν
626 518 642 533 ο
674 519 693 552 ι
726 498 891 555 Εἶπεν
919 503 947 555 ό
986 500 1189 571 Κύριος
1217 500 1297 571 τῷ
1324 500 1512 572 Κυρίῳ
1544 516 1643 570 μου
1663 516 1677 531 ·
1715 498 1898 552 Κάθου
1926 500 1992 552 ὲκ

405 591 595 657 δεξιῶν
634 610 755 662 μου,
781 591 886 655 ἕως
912 590 978 645 ἂν
1023 590 1102 644 θῶ
1140 591 1269 650 τοὺς
1311 590 1537 662 ἐχθρούς
1566 605 1659 643 σου
1706 589 1995 644 ὑποπόδιον

407 684 515 737 τῶν
537 682 712 736 ποδῶν
744 700 858 736 σου.
903 700 921 733 ι
960 683 1069 735 Καὶ
1098 680 1325 752 προῖὼν,
1356 682 1453 750 τὴν
1495 681 1724 753 κρύφιον
1760 681 1854 734 καὶ
1881 683 1995 744 τοῖς

411 778 578 830 πᾶσιν
606 774 918 847 ἀπόρρητον
950 774 1117 829 αὑτοῦ
1150 774 1555 845 γενεσιουργίαν
1576 774 1797 845 ᾐνίξατο
1824 815 1837 836 ,
1892 774 1995 843 φά-

412 881 557 920 σκων
576 882 590 896 ·
634 884 655 917 ι
706 865 799 917 Ἐκ
817 865 1052 934 γαστρὸς
1081 863 1188 936 πρὸ
1220 863 1526 935 Ἑωσφόρου
1559 866 1824 936 ἐγέννησά
1852 882 1932 921 σε.
1969 884 1988 917 ι

2096 522 2219 562 eum
2253 521 2378 562 cum
2408 507 2579 560 altero
2609 501 2795 571 loqui:
2832 500 3087 570 quisquis
3114 498 3242 552 item
3295 495 3423 566 quid
3473 493 3670 561 praci-

2097 598 2231 667 piat,
2273 597 2329 653 id
2373 597 2550 667 ipsum
2605 592 2762 649 alteri
2818 591 2887 645 ab
2914 602 3037 645 sese
3065 590 3325 644 distincto
3357 585 3669 656 praecipere.

2097 689 2167 743 At
2203 688 2490 758 perspicue
2541 688 2788 750 omnino,
2838 686 3071 741 duorum
3123 679 3441 735 nominatim
3479 673 3667 727 Domi-

2098 796 2323 846 norum,
2361 778 2561 843 Putris,
2594 783 2841 849 inquam,
2869 787 2924 831 et
2961 775 3103 839 Filii,
3138 772 3352 843 Moyses
3376 770 3517 822 idem
3545 764 3673 820 alibi

2098 872 2367 935 meminit,
2412 887 2535 925 cum
2589 872 2882 941 impiorum
2943 866 3269 938 suppliciqu
3332 871 3674 916 commemo-

415 959 531 1012 Ἵνα
553 957 610 1011 δὲ
640 954 713 1027 μὴ
738 954 1049 1024 σοφίζεσθαι
1073 973 1139 1025 με
1159 955 1335 1009 ταῦτα
1361 955 1607 1029 νομίσῃς,
1640 955 1883 1027 ἑρμηνέα
1908 972 1989 1009 σοι

2108 978 2245 1027 rans,
2270 981 2288 1013 ι
2314 962 2481 1026 Pluit,
2518 964 2717 1033 inquit,
2748 961 3015 1015 Dominus
3058 974 3089 1013 a
3126 955 3357 1011 Domino
3389 966 3551 1021 super
3573 947 3677 1003 So-

412 1049 513 1120 ’τῆς
536 1051 594 1102 ὲν
620 1050 684 1119 τῇ
711 1049 899 1118 Γραφῇ
915 1046 1153 1109 διανοίας
1178 1045 1424 1118 Ἑϐραϊον
1443 1047 1611 1117 ἄνδρα
1629 1048 1985 1118 παραστήσω,

412 1140 481 1196 τὰ
512 1142 686 1194 οίκεία
717 1137 981 1209 πατρόθεν
1008 1137 1336 1209 ἀκριϐοῦντα
1356 1177 1371 1199 ,
1413 1138 1506 1190 καὶ
1553 1137 1703 1209 παρὰ
1736 1137 1988 1193 διδασκά-

411 1226 521 1283 λων
536 1230 597 1283 τὸ
622 1229 794 1300 δόγμα
812 1228 1189 1300 μεμαθηκότα,
1213 1231 1261 1282 εί
1279 1229 1342 1300 δή
1365 1246 1445 1282 σοι
1475 1228 1711 1292 τοιοῦτος
1740 1230 1768 1281 ό
1794 1229 1987 1283 Φίλων.

2093 1054 2308 1108 domam
2327 1054 2778 1116 etGomorrham.
2799 1054 3029 1123 sulphur
3059 1060 3113 1107 et
3142 1046 3320 1117 ignem
3336 1047 3437 1099 ⁷⁸.»
3468 1041 3679 1109 Quibus

2090 1156 2458 1200 consentanea
2492 1145 2660 1201 David
2692 1146 2944 1201 accinens
2979 1164 2994 1198 :
3048 1162 3067 1195 ι
3102 1142 3245 1194 Dixit
3274 1137 3556 1198 Dominus,
3592 1133 3681 1187 in-

2098 1236 2218 1305 quit
2259 1238 2324 1301 ⁷⁸,
2338 1236 2567 1292 Domino
2602 1254 2742 1303 meo,
2764 1236 2899 1292 Sede
2926 1252 2957 1291 a
2984 1234 3189 1289 dextris
3207 1232 3363 1296 meis,
3381 1228 3553 1282 donec
3578 1238 3679 1294 po-

427 1320 759 1375 Ἐπάκουσον
785 1316 878 1374 οὖν
910 1318 1004 1374 καὶ
1022 1320 1198 1386 τοῦδε,
1224 1320 1371 1383 ὅπως
1394 1319 1492 1383 τὰς
1521 1319 1669 1383 θείας
1699 1319 1990 1392 ἑρμηνεύει

2108 1341 2221 1380 nam
2246 1326 2495 1383 inimicos
2513 1335 2638 1383 tuos
2666 1328 2960 1384 scabellum
2989 1327 3184 1396 pedum
3211 1333 3450 1377 tuorum.
3479 1338 3497 1372 ι
3536 1316 3677 1371 Tum

418 1413 621 1481 φωνάς.

2094 1431 2419 1487 progressus
2463 1419 2712 1485 ulterius,
2746 1428 2800 1475 et
2845 1419 3181 1475 reconditam
3215 1416 3360 1469 illam
3405 1426 3467 1467 ac
3515 1409 3680 1464 nullis

410 1505 739 1574 cujusquam
789 1501 971 1558 verbis
1045 1502 1422 1572 explicandam
1480 1502 1847 1573 generationis
1895 1503 2040 1559 illius
2114 1509 2379 1562 rationem
2438 1508 2871 1574 subindicans",
2906 1508 3029 1562 «Ex
3082 1518 3259 1571 utero,
3309 1502 3507 1572 inquit,
3554 1510 3681 1555 ante

418 1594 728 1650 Luciferum
762 1594 922 1665 genui
946 1605 1048 1649 te.»
1082 1592 1304 1660 Verum,
1332 1610 1401 1649 ne
1427 1595 1670 1665 argutari
1724 1610 1810 1649 me
1855 1604 2031 1664 putes,
2074 1595 2357 1653 Hebraeum
2413 1600 2509 1654 tibi
2558 1600 2834 1654 hominem
2881 1601 3199 1669 producam,
3246 1598 3434 1651 harum
3476 1594 3682 1646 littera-

414 1703 539 1742 rum
588 1703 751 1743 sensa
790 1688 1176 1755 resignantem,
1224 1686 1319 1756 qui
1352 1702 1476 1741 cum
1513 1702 1600 1742 res
1639 1701 1752 1741 suae
1810 1688 1987 1757 gentis
2016 1705 2045 1742 a
2084 1691 2385 1760 majoribus
2449 1700 2699 1760 acceptas
2758 1702 3010 1745 accurate
3046 1706 3109 1743 ac
3164 1689 3449 1758 diligenter
3481 1695 3684 1751 expen-

416 1780 518 1844 dit,
547 1787 659 1835 tum
698 1779 924 1849 hujusce
959 1764 1238 1848 dogmatis
1276 1779 1544 1833 rationem
1591 1794 1657 1833 ex
1685 1778 2004 1835 doctoribus
2044 1780 2177 1850 ipsis
2227 1782 2507 1849 intellexit,
2564 1782 2609 1836 si
2656 1791 2832 1835 tamen
2858 1782 2931 1835 ita
2984 1782 3050 1836 de
3096 1780 3321 1834 Philone
3356 1783 3678 1845 persuasum

420 1870 610 1930 babes.
642 1869 785 1924 Audi
827 1883 980 1941 ergo,
1012 1869 1473 1937 quemadmodum
1509 1868 1625 1939 ipse
1664 1868 1866 1925 similia
1892 1869 2092 1926 divina:
2125 1869 2421 1943 Scriptura:
2454 1873 2572 1927 loca
2598 1873 2849 1941 accipiat.

943 1984 1338 2038 ΚΕΦΑΛΛΙΟΝ
1378 1980 1482 2043 II".

652 2096 919 2161 Φίλωνος
949 2095 1081 2163 περὶ
1113 2095 1219 2149 τοῦ
1246 2094 1527 2163 δευτέρου
1552 2096 1765 2152 αἰτίου.

507 2221 527 2255 ι
561 2207 658 2260 Διά
674 2207 726 2260 τί
754 2206 863 2277 (75)
891 2207 966 2270 ὡς
1000 2207 1127 2278 περὶ
1149 2207 1334 2279 ἐτέρου
1367 2207 1502 2261 Θεοῦ
1533 2225 1665 2279 φησι
1693 2209 1787 2276 τὸ,
1828 2211 1914 2264 Ἐν
1935 2211 2012 2264 εί-

428 2299 545 2352 κόνι
574 2296 709 2352 Θεοῦ
757 2299 986 2370 ἐποίησα
1016 2298 1108 2352 τὸν
1149 2297 1434 2370 ἄνθρωπον
1453 2340 1469 2366 ,
1514 2300 1627 2353 ἀλλ’
1652 2301 1772 2372 οὐχὶ
1798 2305 1862 2373 τῇ
1894 2303 2012 2356 ἑαυ-

428 2387 555 2454 τοῦ;
602 2387 906 2456 Παγκάλως
957 2388 1052 2441 καὶ
1099 2387 1277 2457 σοφῶς
1329 2389 1478 2442 τουτὶ
1533 2390 2007 2463 κεχρησμῴδηται.

426 2478 631 2551 Θνητὸν
661 2480 769 2552 γὰρ
800 2478 952 2533 οὐδὲν
984 2480 1426 2549 ἀπεικονισθῆναι
1458 2478 1594 2551 πρὸς
1628 2480 1719 2535 τὸν
1750 2483 2011 2537 ἀνωτάτω

433 2574 526 2626 καὶ
560 2574 780 2645 Πατέρα
810 2572 916 2627 τῶν
944 2572 1080 2626 ὅλων
1107 2572 1347 2636 ἐδύνατο,
1376 2573 1510 2626 ἀλλὰ
1539 2575 1672 2645 πρὸς
1709 2574 1798 2628 τὸν
1828 2576 2013 2629 δεύτε-

432 2679 526 2733 ρον
547 2663 677 2717 Θεὸν
713 2664 849 2734 (76),
883 2664 942 2727 ὃς
973 2665 1120 2715 ἐστιν
1142 2663 1352 2715 ἐκείνου
1376 2663 1567 2732 Λόγος.
1601 2663 1755 2717 ’Έδει
1785 2666 1893 2739 γὰρ
1917 2665 2009 2718 τὸν

430 2753 645 2822 λογικὸν
674 2756 731 2807 ὲν
755 2753 1039 2824 ἀνθρώπου
1061 2754 1203 2825 ψυχῇ
1225 2752 1393 2808 τύπον
1420 2756 1525 2808 ὑπὸ
1543 2754 1686 2808 θείου
1707 2756 1879 2824 Λόγου
1908 2773 2009 2827 χα-

434 2845 701 2917 ραχθῆναι
726 2885 742 2909 ,
781 2844 970 2916 ἐπειδὴ
1004 2846 1033 2897 ὁ
1080 2846 1187 2918 πρὸ
1217 2844 1311 2898 τοῦ
1345 2846 1519 2913 Λόγου
1554 2846 1686 2909 Θεὸς
1741 2847 2012 2918 κρείσσων

432 2937 582 2992 ἐστὶν
612 2937 645 3009 ἢ
680 2938 831 2991 πᾶσα
861 2937 1052 3006 λογικὴ
1080 2936 1273 3004 φύσις·
1310 2935 1389 3005 τῷ
1427 2936 1484 2989 δὲ
1516 2937 1657 3009 ὑπὲρ
1704 2937 1795 2990 τὸν
1841 2937 2012 3006 Λόγον

432 3029 491 3083 ὲν
518 3032 586 3101 τῇ
621 3028 872 3101 βελτίστῃ
904 3028 997 3081 καί
1022 3045 1127 3080 τινι
1156 3026 1421 3099 ἐξαιρέτῳ
1453 3027 1757 3081 καθεστῶτι
1784 3028 1896 3099 ἰδέᾳ
1920 3030 2012 3082 οῦ-

432 3119 521 3174 δὲν
552 3121 709 3191 θέμις
743 3116 811 3191 ἦν
843 3119 1100 3191 γεννητὸν
1129 3117 1526 3190 ἐξομοιοῦσθαι.
1558 3137 1577 3171 ι
1616 3117 1800 3172 Ταῦτα
1823 3121 1887 3174 ὲκ
1915 3106 2012 3172 τοῦ

432 3210 651 3282 πρώτου
689 3227 779 3282 μοι
823 3209 1023 3264 κείσθω
1066 3209 1172 3262 τῶν
1215 3209 1449 3272 Φίλωνος
1513 3209 1879 3280 Ζητημάτων
1911 3208 2011 3264 καὶ

2706 1985 2936 2042 CAPUT
2968 1985 3106 2041 XIII.

2303 2092 2542 2153 Philonis
2575 2100 2638 2153 de
2671 2100 2893 2153 secunda
2922 2097 3183 2170 principio
3232 2097 3514 2152 sententia.

2198 2229 2217 2264 ι
2248 2210 2378 2274 Cur.
2411 2212 2608 2280 inquit,
2638 2212 2857 2284 perinde
2882 2229 2946 2268 ac
2973 2213 3017 2268 si
3046 2213 3114 2266 de
3152 2211 3260 2265 alin
3287 2209 3398 2264 Deo
3436 2210 3686 2279 loquere-

2111 2310 2223 2366 tur,
2269 2303 2335 2357 ad
2386 2302 2681 2375 imaginem
2742 2305 2833 2359 Dei
2874 2303 3073 2357 factum
3109 2301 3178 2355 ab
3227 2315 3348 2355 sese
3398 2299 3677 2354 hominem

2116 2408 2244 2449 esse
2303 2393 2402 2461 ait,
2438 2410 2546 2449 non
2595 2405 2773 2449 autem
2823 2395 2889 2447 ad
2920 2393 3110 2448 suam?
3157 2391 3211 2446 Id
3263 2406 3393 2445 vero
3429 2390 3686 2459 praeclare

2110 2485 2336 2541 omnino
2398 2496 2562 2555 atque
2608 2486 2769 2556 323
2814 2485 3094 2554 sapienter
3147 2483 3331 2536 divino
3381 2481 3687 2547 celebratur

2110 2579 2355 2633 oraculo.
2420 2578 2651 2633 Prorsus
2698 2580 2845 2631 cnim
2880 2575 3109 2629 mortale
3140 2575 3276 2627 nihil
3319 2582 3478 2636 erat,
3539 2571 3685 2642 quod

2111 2669 2314 2723 summi
2340 2669 2487 2723 illius
2514 2684 2578 2723 ac
2609 2683 2790 2722 rerum
2837 2668 3216 2721 universarum
3258 2663 3508 2717 Parentis
3548 2662 3689 2716 ima.

2113 2760 2236 2829 gine
2266 2760 2577 2829 consignari
2608 2767 2828 2827 posset:
2862 2766 2980 2811 erat
3023 2766 3206 2811 tamen
3261 2753 3406 2824 quod
3457 2752 3684 2808 secundi

2112 2850 2230 2915 Dei,
2271 2850 2376 2905 hoc
2402 2860 2485 2904 est
2501 2849 2743 2919 ejusdem
2767 2847 2952 2913 Verbi,
2972 2855 3174 2915 posset.
3200 2843 3497 2915 Oportebat
3516 2844 3685 2909 enim,

2113 2941 2354 2995 hominis
2386 2941 2572 2994 animo
2604 2940 2975 2994 characterem
3010 2940 3159 2993 illum
3192 2935 3423 2990 rationis
3448 2950 3477 2988 a
3500 2934 3685 2988 divina

2114 3031 2343 3086 Ratione
2369 3030 2677 3092 informari,
2702 3043 2828 3083 cum
2857 3036 2910 3081 et
2940 3027 3084 3082 Deus
3110 3028 3199 3081 ille
3233 3024 3412 3079 Verbo
3449 3039 3544 3078 seu
3571 3020 3685 3076 Ra-

2113 3120 2261 3175 tione
2289 3122 2457 3190 prior,
2505 3127 2753 3172 naturam
2794 3132 3011 3172 omnem
3047 3119 3263 3171 ratione
3289 3116 3565 3184 prierlitam
3602 3114 3687 3167 in-

2113 3213 2266 3267 ﬁnito
2290 3222 2506 3281 superet
2527 3208 2844 3264 intervallo:
2877 3224 2977 3264 nec
3006 3207 3089 3263 fas
3123 3208 3349 3263 omnino
3380 3206 3679 3275 quidquam

433 3302 699 3355 Λύσεων.
740 3302 798 3355 '0
827 3300 872 3354 δ’
907 3301 1067 3364 αὐτὸς
1098 3302 1159 3355 ὲν
1187 3300 1265 3371 τῷ
1298 3302 1435 3370 Περὶ
1461 3304 1741 3385 γεωργίας
1766 3304 2010 3375 προτέρῳ

2113 3312 2278 3367 esset,
2314 3302 2459 3373 quod
2491 3309 2670 3355 ortum
2716 3298 3016 3363 habuisset,
3054 3298 3121 3352 ad
3160 3294 3411 3349 Numinis
3462 3294 3610 3348 illius
3634 3302 3689 3347 et

434 3395 527 3448 καὶ
555 3394 681 3447 Υίὸν
703 3392 838 3447 Θεοῦ
879 3393 971 3448 τὸν
1017 3393 1359 3464 πρωτόγονον
1404 3393 1570 3447 αὐτοῦ
1612 3394 1783 3463 Λόγον
1825 3393 2013 3449 τοῦτον

433 3482 689 3556 ὀνομάζει
718 3484 810 3537 τὸν
828 3484 1052 3553 τρόπον’
1086 3504 1105 3535 ι
1137 3485 1321 3539 Ταῦτα
1352 3487 1417 3557 δὴ
1438 3487 1616 3540 πάντα
1639 3490 1668 3541 ό
1696 3486 1897 3558 ποιμὴν
1922 3490 2015 3542 καὶ

438 3573 689 3645 βασιλεὺς
708 3573 839 3638 Θεὸς
871 3574 994 3643 ἄγει
1021 3575 1159 3628 κατά
1183 3576 1368 3647 δίκην,
1423 3576 1587 3647 νόμον
1631 3578 2018 3649 προστησάμε-

437 3682 526 3730 νος
556 3664 648 3719 τὸν
678 3664 836 3736 ὀρθὸν
858 3663 1022 3719 αὐτοῦ
1053 3666 1244 3735 Λόγον,
1274 3667 1368 3721 καὶ
1394 3666 1739 3739 πρωτόγονον
1778 3667 1927 3731 Υίὸν,
1957 3667 2017 3731 ὸς

438 3757 539 3828 τὴν
562 3757 879 3827 ἐπιμέλειαν
910 3757 1007 3827 τῆς
1041 3758 1193 3828 ἱερᾶς
1219 3758 1421 3829 ταύτης
1449 3758 1649 3830 ἀγέλης
1679 3755 1767 3813 οἷά
1797 3775 1880 3822 τις
1924 3775 2018 3829 με-

334 3914 343 3921 ’
439 3847 604 3915 γάλου
658 3832 919 3917 βασιλέως
971 3845 1215 3918 ὕπαρχος
1246 3847 1559 3912 διαδέξεται.
1614 3867 1634 3900 ι
1685 3847 1795 3901 Καὶ
1839 3849 1897 3900 ὲν
1938 3846 2018 3919 τῷ

434 3937 677 4008 δευτέρῳ
704 3937 814 4007 (77)
847 3936 904 3989 δὲ
928 3937 1088 3991 πάλιν
1118 3939 1147 3989 ὁ
1175 3938 1335 4001 αὐτὸς
1358 3938 1483 3992 τάδε
1512 3939 1714 4011 γράφει
1754 3937 1891 4010 πρὸς
1926 3937 2016 3991 λέ-

439 4028 524 4097 ξιν
543 4046 558 4060 σ
596 4048 615 4080 ι
647 4028 758 4092 Τὰς
787 4028 1114 4100 δυστροπίας
1142 4028 1251 4100 (78)
1277 4025 1368 4083 οὖν
1390 4029 1443 4082 εί
1480 4047 1564 4093 τις
1603 4029 2019 4100 ἀποδιδράσκειν

446 4120 694 4191 βούλεται
719 4120 820 4183 τὰς
840 4121 897 4173 ὲν
923 4122 1034 4183 τοῖς
1056 4119 1451 4189 διαπορηθεῖσι,
1479 4119 1683 4187 λεγέτω
1710 4118 1848 4189 μετά
1878 4120 2021 4191 παῤ-

517 4230 563 4263 ⁷⁸
589 4229 725 4286 Gen.
758 4245 871 4296 xtx,
901 4229 987 4284 Η.
1064 4230 1110 4262 ⁷⁸
1133 4227 1402 4295 Psal.crx,
1433 4229 1485 4283 1.
1559 4229 1603 4259 ⁷⁷
1628 4227 1756 4283 ibid.
1782 4227 1835 4281 4.

519 4355 863 4428 (75)(Διὰᾼτί.
897 4354 1023 4411 Haec
1052 4355 1323 4428 Eusebius
1348 4371 1467 4428 pag.
1498 4364 1868 4428 seqtsumpta
1895 4371 2018 4414 esse

450 4424 623 4482 ait'ex'
643 4427 679 4481 ι.
715 4442 730 4479 ι
760 4425 1123 4498 Quaestionum
1148 4437 1196 4481 et
1231 4424 1589 4498 Solationunt.
1615 4424 1673 4498 S_.
1700 4424 2013 4498 Hieronym.

449 4513 485 4555 ν
517 4498 685 4551 libros
714 4508 965 4552 numerat
996 4495 1197 4561 Quaest.
1230 4508 1279 4551 et
1307 4495 1481 4566 Solut.
1515 4495 1572 4549 in
1616 4495 1883 4560 Exodnm,
1903 4495 2016 4566 'qui

452 4582 561 4625 non
592 4574 826 4620 exstant.
870 4566 1067 4621 Euseb.
1098 4576 1278 4621 autem
1316 4565 1521 4619 ﬂistor.
1556 4581 1593 4620 ιι
1639 4576 1766 4619 ante
1818 4565 2013 4620 borum

2115 3393 2297 3449 Verbo
2329 3392 2648 3463 superioris,
2674 3402 2725 3446 et
2761 3391 2814 3445 in
2845 3391 3065 3460 optima:
3092 3389 3358 3458 planeque
3391 3384 3688 3454 singularis

2115 3496 2324 3540 natura;
2373 3485 2543 3555 gradu
2598 3483 2883 3538 constituti
2932 3479 3343 3537 similitudinem
3388 3479 3683 3547 aspirare.»

2114 3578 2241 3633 Haec
2273 3578 2506 3632 breviter
2536 3593 2601 3631 ex
2640 3577 2816 3647 primo
2844 3574 3090 3629 Philonis
3131 3570 3497 3638 Quaestionum
3541 3568 3688 3622 solu-

2117 3671 2418 3741 tionumque
2452 3670 2613 3725 libro.
2649 3668 2769 3724 Jam
2804 3669 2967 3734 idem,
3007 3667 3189 3736 priore
3227 3665 3299 3718 De
3331 3663 3686 3734 agricultura,

2116 3757 2211 3813 Dei
2249 3757 2483 3814 Verbum
2513 3758 2637 3828 ejus
2669 3773 2888 3829 quoque
2914 3753 3334 3828 primogenitum
3368 3753 3566 3809 Filium
3597 3769 3692 3807 no.

2114 3853 2309 3915 minat,
2348 3851 2434 3906 his
2465 3851 2684 3906 verbis:
2713 3849 2890 3914 «Haec,
2931 3850 3131 3920 inquit,
3172 3851 3357 3903 omnia
3383 3857 3570 3917 pastor
3601 3847 3690 3900 ille

2116 3955 2321 4010 rexque
2377 3938 2521 3995 Deus
2584 3954 2800 3995 summa
2861 3955 2986 3993 cum
3039 3940 3295 4011 aequitate
3353 3939 3687 4001 moderatur,

2116 4031 2261 4100 quod
2297 4030 2366 4086 iis
2400 4047 2561 4086 suum
2610 4031 2785 4100 ipsius
2817 4027 3085 4095 Verbum,
3143 4045 3254 4099 quo
3305 4031 3506 4085 rectius
3554 4029 3690 4083 nihil

2115 4130 2218 4189 est,
2251 4137 2315 4176 ac
2343 4121 2771 4191 primogenitum
2815 4118 3012 4173 Filium
3050 4117 3380 4188 praefecerit,
3414 4120 3506 4185 qui
3549 4117 3690 4173 sacri

2105 4356 2236 4441 οἱπερ),
2266 4353 2377 4441 τῆς,
2401 4353 2522 4408 κατ’
2557 4349 2697 4417 εἶδος
2740 4349 3218 4425 ἀμπελουργικῆς,
3261 4352 3337 4417 ὡς
3383 4347 3449 4407 ἂν
3480 4351 3591 4410 οἷόν
3622 4375 3681 4413 τι

2103 4424 2194 4502 ᾗ,’
2210 4424 2581 4496 ἀποδώσομεν.
2998 4424 3003 4425 “

2110 4565 2149 4575 “
2354 4495 2466 4561 Τὰς
2498 4492 2922 4575 δυστροπίας..
2941 4492 3132 4575 Exstat
3174 4492 3265 4575 hic
3303 4492 3457 4575 locus
3484 4508 3551 4575 ρ..
3577 4493 3680 4551 168

2110 4565 2152 4619 Β
2187 4560 2434 4619 Philonis
2458 4564 2643 4618 excusi
2675 4560 3043 4629 Graeco-ML,
3076 4564 3237 4633 paulo
3267 4573 3391 4633 post
3435 4560 3675 4629 initium.

453 4638 692 4706 quinque
716 4636 976 4690 librorum
1013 4639 1362 4706 mentionem,
1394 4634 1834 4706 Qumtiogumet
1859 4632 2010 4706 Solu-

2114 4637 2202 4706 ubi
2231 4650 2333 4706 pro
2353 4633 2683 4703 δυστροπίας
2703 4634 2912 4706 legitur
2933 4673 2953 4696 ,
2985 4643 3044 4688 ut
3072 4632 3124 4706 in
3160 4632 3408 4689 manusc.
3434 4674 3448 4706 ε
3474 4635 3682 4687 δυσσω-

456 4703 657 4761 (ianum
696 4706 973 4775 meminit,
999 4722 1137 4775 quas
1176 4708 1230 4760 in
1276 4705 1498 4759 δεηθείη
1529 4715 1579 4759 et
1622 4703 1865 4775 Exortum
1892 4705 2021 4759 scri-

453 4784 657 4848 pserat.
689 4774 860 4848 Τοῦτο
884 4776 974 4848 δὲ,
1008 4772 1218 4848 inquit,
1248 4777 1389 4829 κατὰ
1410 4775 1581 4848 μέρος
1611 4772 1894 4848 διαστολὰς
1926 4790 2021 4848 κε-

453 4844 729 4916 φαλαίων,
758 4844 865 4918 τῶν
892 4847 951 4918 έν
982 4844 1098 4910 ταῖς
1121 4847 1369 4918 Γραφαῖςέ
1403 4844 2026 4918 ζητουμένωνηὲπιστᾴ-

455 4908 569 4980 σεις
597 4931 656 4987 τε
676 4908 780 4987 οιαὶ
803 4908 1298 4987 διαλύσειςπεῖιτοῐη
1308 4908 1469 4987 μένος
1473 4932 1496 4987 ς
1518 4908 1586 4987 ἐν’
1607 4908 1804 4987 οἷςμκαὶ
1821 4912 2024 4987 αύτοξς,

453 4983 802 5055 καταλλήλως
833 4984 941 5055 τῶν
966 4986 1024 5036 ὲν
1048 4982 1413 5055 γενέσειίᾷια).
1431 4983 1538 5037 τῶν
1566 4986 1624 5037 ὲν
1652 4982 1902 5053 ἐξαγωγῇ
1938 4983 2027 5055 ζη-

451 5054 711 5128 τημάτων
738 5055 830 5128 διαὶ
853 5054 1083 5128 λύσεων,
1106 5054 1341 5128 τέθειται
1368 5054 1824 5128 τὴνέπιγραφὴν.

528 5121 638 5194 (76)
662 5125 949 5192 Δεύτερον
975 5125 1142 5180 Θεόν.
1172 5124 1272 5180 Hic
1304 5121 1433 5194 vere
1460 5121 1637 5177 Philo
1659 5121 2017 5194 πλατωνίζει,

458 5203 519 5250 ut
540 5210 605 5247 ex
639 5196 769 5264 ipsis
798 5196 1115 5264 philosophi
1136 5196 1313 5250 verbis
1347 5193 1575 5248 inferius
1608 5193 1833 5264 patebit.

526 5264 637 5335 (77)
662 5261 755 5335 Ἰξῷ
788 5261 1059 5334 δευτέρῳ.
1090 5263 1231 5333 Ergo
1260 5275 1389 5318 tunc
1417 5265 1525 5317 duo
1556 5261 1644 5317 isti
1678 5261 1924 5317 Philonis
1952 5261 2019 5316 Ii-

456 5333 544 5388 bri
578 5333 717 5402 Hepl
739 5335 1033 5403 Γεωρτίας
1053 5336 1295 5402 inscripti
1319 5342 1503 5398 erant;
1535 5346 1681 5386 nunc
1710 5341 1891 5403 tamen
1924 5347 2020 5399 po-

456 5406 669 5473 sterior,
692 5403 832 5471 Περὶ
870 5402 1232 5473 φυτουργίας
1274 5405 1590 5458 inscribitur
1624 5422 1636 5456 :
1672 5402 2021 5473 idque__satis

461 5485 529 5542 €35
556 5468 819 5542 Philonis
847 5468 1027 5542 mente
1046 5468 1071 5539 ,⁷
1107 5468 1227 5542 ουίί
1252 5474 1445 5527 librum
1478 5468 1977 5542 huncsic'orditur
2005 5490 2018 5525 :

476 5538 564 5613 '1ij
607 5543 705 5609 μὲν
755 5541 1078 5613 τῷᾼπρῴτῳ
1125 5538 1356 5613 βιϐλίῳ)
1419 5542 1489 5613 τά
1533 5540 2021 5613 περιγεῳργιᾉῆς

460 5607 656 5682 τέχνης
678 5607 938 5678 γενυὶῶς,
963 5607 1065 5667 ὅσα
1094 5607 1380 5686 καιρὸς’ἧν
1412 5607 1657 5682 εἴπομεν·
1677 5607 1733 5663 ἐν
1764 5607 2023 5678 auan

2108 4705 2255 4776 πίας.
2300 4703 2432 4776 Qum
2467 4705 2512 4758 si
2534 4719 2672 4776 ‘vera
2702 4703 2862 4776 lectio
2889 4715 2971 4776 est
2992 4751 3005 4767 ,
3037 4703 3151 4776 ,τὰς
3183 4706 3240 4776 ὲν
3271 4706 3383 4769 τοῖς
3426 4703 3683 4776 διαπορη-

2110 4775 2245 4828 θείσι
2285 4772 2645 4844 δυσσωπίας,
2696 4772 2967 4841 pudendas
3010 4773 3360 4843 difﬁcultates
3425 4772 3677 4844 appellat,

2109 4859 2231 4914 quae
2281 4843 2593 4910 ltujusmodi
2634 4845 2963 4911 quaestiones
3009 4843 3680 4913 consequuntur.dtaqne

2110 4921 2297 4968 nostra
2344 4914 2398 4967 in
2444 4914 2725 4974 versione.
2781 4928 2878 4982 pro
2924 4914 3346 4978 dubitationem,
3390 4914 3679 4983 legendum

2113 4993 2231 5045 est,
2286 4983 2805 5054 hasrdubitationes.
2855 4983 3161 5054 Δυστροπία
3215 4998 3425 5054 morum
3500 4986 3680 5052 potius

2114 5069 2276 5124 quam
2310 5053 2410 5124 loci
2440 5052 2671 5124 alicujus
2711 5051 3052 5120 asperitatem
3089 5062 3267 5124 sonat.
3296 5051 3565 5107 Fortassis
3596 5067 3679 5107 ta-

2112 5123 2259 5187 men,
2291 5123 2620 5177 ditiiciliores
2647 5124 2810 5175 etiam
2839 5125 3119 5191 angustias
3140 5123 3450 5191 signiﬁcare
3480 5125 3676 5191 possit,

2108 5194 2162 5247 in
2196 5194 2396 5261 quibus
2427 5206 2568 5260 :egre
2596 5202 2911 5246 convertere
2949 5202 2998 5261 te
3026 5201 3121 5245 aut
3163 5206 3507 5247 comitwvere
3546 5209 3642 5261 pos
3663 5224 3674 5234 -

2108 5259 2510 5330 sisIPrmcipna
2536 5263 2752 5330 questio
2778 5260 2850 5314 ibi
2887 5276 2917 5312 a
2948 5259 3177 5330 Philone
3209 5261 3483 5330 pr0posita
3504 5302 3519 5325 ,
3547 5259 3674 5318 ha'c

2108 5342 2220 5395 est,
2252 5333 2337 5394 τίς
2377 5327 2521 5403 ἐστιΔ
2539 5327 2728 5400 έόσμῳ
2763 5330 2917 5403 βάσις
2941 5369 2955 5392 ,
2986 5331 3071 5399 ἐφ’
3106 5327 3174 5400 ἦς
3210 5327 3410 5403 ζῶε-περ
3458 5330 3678 5403 ἀνδριὰς

2109 5405 2453 5475 ἐρήρεισται.
2490 5399 2679 5475 Quam_
2707 5402 3061 5468 qumstionem
3103 5399 3171 5454 ab
3205 5401 3271 5475 iis
3302 5399 3431 5475 sine
3474 5399 3678 5475 pudore

2110 5469 2175 5526 π
2204 5469 2414 5540 ’ίποιηοο
2462 5469 2680 5523 tracrari
2733 5483 2889 5540 posse
2919 5476 3111 5537 negat,
3159 5469 3253 5537 qui
3302 5469 3474 5523 basim
3528 5472 3677 5528 illam

2112 5537 2313 5605 ὑλῶδές
2337 5557 2389 5593 τι
2418 5540 2513 5594 καὶ
2543 5537 2870 5607 σωματῶδες
2902 5552 3023 5593 esse
3054 5540 3403 5595 arbitrentur.
