4166 6474
430 209 535 260 ειη

1074 203 1345 260 EUSEBII
1379 204 1860 261 CzESARlENSlS
1900 204 2053 262 OPP.
2092 202 2274 257 PARS
2311 200 2373 256 11.
2411 231 2481 241 —
2516 196 3021 255 'APOLOCETICA.

3590 196 3695 252 548

439 322 606 392 hujus
636 320 817 391 gregis
840 336 1051 386 curam,
1082 336 1191 375 non
1232 336 1393 377 secus
1434 337 1499 377 ac
1539 323 1739 377 summi
1778 323 2013 392 impera-

2119 322 2343 393 ρησίας,
2386 320 2467 371 ὃτι
2495 318 2648 371 οὐδὲν
2678 317 2788 370 τῶν
2816 314 3025 371 ενύλων
3073 314 3334 387 κραταιὸν
3380 314 3505 368 οὔτο
3523 331 3584 378 ς,
3623 314 3699 379 ὡς

428 415 572 469 toris
620 414 835 485 legatus
887 414 1245 483 susciperet.»
1290 413 1349 468 lu
1384 416 1689 483 posteriore
1739 430 1898 478 vero,
1932 415 2012 469 sie

429 503 501 556 ad
534 502 797 556 verbum:
846 500 1157 570 «Quisquis,
1192 502 1390 571 inquit,
1438 518 1503 557 eo
1536 518 1595 557 se
1637 503 1871 557 liberum
1914 520 2014 573 pu-

431 595 564 649 dore
613 595 771 656 volet,
822 594 913 663 qui
966 594 1365 648 dubitationem
1429 596 1592 663 vulgo
1630 596 2009 664 consequitur,

434 686 484 742 is
520 687 687 741 libere
714 686 1005 755 palamque
1038 687 1371 756 pronuntiet,
1405 689 1540 742 nihil
1571 704 1763 742 eorum
1793 704 1913 757 qua:
1956 688 2012 742 in

431 778 719 831 materiam
753 775 1010 832 immersa
1039 778 1170 841 sint,
1202 778 1270 832 ad
1305 779 1681 833 sustinendam
1710 780 1861 833 orbis
1893 793 2014 831 mo—

431 870 543 924 lem
597 871 730 925 satis
790 871 990 924 habere
1036 871 1270 937 virium;
1318 881 1374 925 at
1431 872 1821 939 sempiternum
1880 869 2015 924 illud

432 963 622 1018 aeterni
663 962 758 1017 Dei
790 960 1053 1026 Verbum.
1098 964 1263 1034 longe
1316 965 1760 1033 potentissimum
1812 978 1878 1017 ac
1917 962 2013 1016 ﬁr-

429 1053 747 1109 missimum
778 1069 904 1109 esse
934 1055 1186 1109 columen
1223 1055 1488 1109 universi.
1558 1052 1669 1109 Hoc
1696 1054 1843 1107 enim
1880 1053 2015 1107 illud

428 1156 537 1211 εει,
570 1146 728 1215 cujus
758 1146 990 1200 arbitrio
1042 1148 1170 1201 dum
1208 1162 1239 1200 a
1270 1146 1466 1201 mediis
1510 1146 1578 1199 ad
1620 1155 1892 1208 extrema,
1940 1145 2017 1198 si-

430 1236 658 1305 mulque
702 1250 734 1290 a
769 1237 1001 1291 summis
1044 1238 1118 1291 ad
1162 1236 1338 1290 media
1377 1238 1633 1306 pertinet,
1679 1237 2015 1291 constitutus

434 1342 501 1382 ae
525 1336 822 1397 perpetuus
860 1338 1070 1383 naturae
1095 1344 1291 1383 cursus
1316 1330 1618 1398 peragitur.
1650 1328 1841 1383 Partes
1866 1332 2013 1383 enim

430 1436 627 1476 omnes
658 1422 798 1475 inter
827 1437 951 1477 sese
980 1424 1259 1476 consociat
1293 1431 1457 1491 atque
1482 1422 1825 1493 constringit,
1866 1423 2015 1491 quod

433 1512 566 1568 illud
596 1512 777 1581 Pater,
801 1531 832 1567 a
855 1530 966 1585 quo
1000 1515 1245 1584 genitum
1282 1524 1385 1578 est,
1428 1515 1803 1569 ﬁrmissimum
1835 1514 2016 1583 quod-

433 1609 562 1665 dam
592 1609 760 1663 totius
802 1609 1045 1663 universi
1072 1608 1350 1662 vinculum
1378 1623 1499 1663 esse
1526 1608 1780 1661 voluerit.
1816 1607 2013 1661 Mirum

2112 416 2204 469 τὸν
2228 414 2432 483 κόσμον
2446 410 2773 482 ἀχθοφορείν
2806 410 3040 480 ἰσχύσαι.
3066 410 3238 478 Λόγος
3265 410 3311 463 δ’
3340 409 3452 479 (79)
3479 411 3506 462 ὁ
3531 408 3698 470 ἀΐδιος

2113 505 2248 559 Θεοῦ
2275 504 2369 557 τοῦ
2422 505 2641 557 αίωνίου
2699 504 2761 557 τὸ
2812 501 3151 574 ὀχυρώτατον
3199 503 3293 555 καὶ
3353 500 3723 575 βεϐαιὶτατον

2114 596 2344 668 ἔρεισμα
2375 594 2484 648 τῶν
2512 596 2649 649 ὅλων
2676 596 2846 649 ἐστίν.
2875 591 3041 659 Οὗτος
3072 594 3181 649 άπὸ
3223 594 3332 648 τῶν
3384 594 3562 665 μέσων
3607 593 3699 648 ἐπὶ

2113 689 2182 742 τὰ
2216 689 2444 759 πέρατα,
2470 688 2564 741 καὶ
2589 688 2697 740 ἀπὸ
2723 686 2832 740 τῶν
2856 689 3040 760 ἄκρων
3067 688 3160 740 ἐπὶ
3192 686 3262 740 τὰ
3304 686 3443 757 μέσα
3489 684 3695 751 ταθεὶς,

2113 781 2375 852 δολιχεύει
2403 782 2495 834 τὸν
2529 780 2745 851 φύσεως
2770 782 3039 852 ἀήττητον
3074 780 3276 851 δρόμον
3304 821 3318 845 ,
3351 779 3600 846 συνάγων
3630 778 3699 831 τά

2118 871 2259 943 μέρη
2296 872 2474 923 πάντα
2503 871 2597 924 καὶ
2626 870 2958 939 συσφίγγων.
2991 869 3199 940 Δεσμὸν
3250 868 3360 940 γὰρ
3406 866 3569 922 αὐτὸν
3609 867 3701 939 ἄῤ

2117 964 2278 1034 ρητον
2313 961 2422 1031 (80)
2456 961 2549 1014 τοῦ
2579 961 2779 1025 παντὸς
2801 963 2833 1014 ὁ
2864 962 3133 1031 γεννήσας
3160 961 3333 1013 ἐποίει
3366 960 3576 1030 Πατήρ.
3607 958 3701 1011 Ei-

2114 1054 2289 1117 κότως
2312 1050 2405 1107 οὖν
2434 1054 2555 1107 οὐδὲ
2599 1054 2669 1124 γῆ
2708 1056 2858 1107 πᾶσα
2896 1053 3282 1125 διαλυθήσεται
3329 1053 3465 1124 πρὸς
3503 1051 3703 1116 παντὸς

2117 1144 2328 1210 ὓδατος,
2356 1146 2493 1218 ὅπερ
2517 1145 2688 1215 αὐτῆς
2712 1147 2761 1199 οἱ
2797 1146 2986 1199 κόλποι
3012 1147 3415 1217 κεχωρήκασιν,
3459 1144 3568 1197 οὐδ’
3595 1142 3701 1197 ὑπὸ

2115 1237 2274 1308 ἀέρος
2299 1237 2657 1308 σϐεσθήσεται
2693 1236 2823 1309 πῦρ,
2853 1238 2963 1291 οὐδ’
2989 1238 3222 1308 ἔμπαλιν
3254 1238 3360 1290 ὑπὸ
3389 1235 3561 1307 πυρὸς
3591 1236 3701 1308 ἀὴρ

2115 1328 2601 1399 ἁναφλεχθήσεται,
2632 1330 2728 1383 τοῦ
2759 1330 2905 1384 θείου
2933 1330 3108 1399 Λόγου
3138 1330 3388 1401 μεθόριον
3413 1329 3701 1391 τάττοντος

2116 1421 2277 1475 αὑτὸν
2306 1423 2517 1493 φωνῆεν
2564 1423 2673 1494 (81)
2710 1424 2988 1493 στοιχείων
3029 1421 3294 1492 ἀφώνων·
3342 1423 3428 1476 ἵνα
3458 1422 3520 1476 τὸ
3580 1420 3700 1475 ἔλον

2115 1510 2303 1584 ὥσπερ
2337 1516 2431 1567 ἐπὶ
2462 1515 2563 1585 τῆς
2591 1515 2919 1587 ἐγγράμμου
2953 1516 3218 1585 μουσικῆς
3250 1515 3359 1584 (82)
3401 1514 3697 1585 συνηχήσῃν

2117 1605 2215 1668 τὰς
2244 1605 2351 1658 τῶν
2375 1608 2633 1661 ἐναντίων
2666 1608 2895 1671 ἀπειλὰς
2916 1607 3178 1679 πειθοίτῇ
3218 1607 3420 1677 συνόδῳ
3451 1604 3703 1677 μεσιτεύ⁶

433 1713 565 1769 ergo
596 1698 732 1751 nihil
774 1706 879 1763 est,
914 1698 961 1751 si
990 1712 1167 1766 neque
1209 1705 1481 1751 terrarmn
1517 1697 1711 1758 moles,
1746 1711 2014 1765 aquarum

2122 1698 2271 1761 οντός
2296 1715 2355 1752 τε
2388 1699 2482 1753 καὶ
2509 1699 2840 1763 διαιτῶντος.
2875 1718 2895 1751 δ
2924 1699 3111 1753 Ταῦτα
3136 1676 3519 1752 ΦίλωνξΚαὶ
3558 1697 3704 1768 ’Δριδ

435 1799 587 1846 tanta
634 1792 710 1857 vi,
742 1790 896 1846 sinus
932 1806 1120 1845 earum
1157 1790 1446 1843 interiores
1499 1799 1836 1857 permeante,
1874 1803 2017 1842 nun-

2125 1789 2408 1853 πόὸουλος
2438 1790 2515 1855 δὲ,
2546 1791 2702 1855 ἄλλος
2747 1792 3012 1864 Ἐϐραίων
3037 1791 3201 1860 σοφὸς
3229 1790 3367 1861 ἀνὴρ
3387 1829 3402 1853 ,
3435 1786 3576 1842 κατά
3605 1786 3704 1859 τὴν

432 1899 602 1955 quam
652 1883 1002 1948 dissolvetur,
1035 1897 1136 1937 nec
1161 1881 1230 1935 ab
1270 1896 1394 1935 aere
1441 1880 1819 1950 exstinguetur
1849 1878 2012 1949 ignis,

2120 1879 2229 1932 τῶν
2253 1880 2603 1951 Πτολεμαίων
2628 1882 2885 1952 ἀκμάσας
2914 1883 3233 1954 ἡγεμονίαν,
3259 1881 3418 1951 κυροῖ
3444 1878 3504 1931 τὸ
3527 1876 3703 1947 δόγμα

435 1991 537 2031 nec
563 1991 658 2031 aer
688 1985 877 2031 contra
908 1976 1029 2045 igne
1066 1972 1581 2044 conﬂagrabit,cum
1612 1971 1855 2025 divinum
1884 1970 2017 2025 illud

2121 1970 2196 2034 ὡς
2229 1971 2479 2041 πάτριον,
2515 1972 2665 2043 αὐτῷ
2700 1973 3022 2045 Πτολεμαίῳ
3049 1973 3147 2045 τὴν
3170 1974 3279 2026 τῶν
3324 1970 3483 2043 ἱερῶν
3524 1968 3705 2040 νόμων

437 2064 701 2133 Verbum,
732 2068 877 2137 quod
907 2081 1031 2121 sese
1054 2070 1206 2119 mula
1241 2065 1385 2117 inter
1418 2063 1710 2127 elementa,
1738 2062 1895 2131 quasi
1927 2076 2017 2116 vo-

2126 2065 2463 2135 προσφωνῶν
2505 2066 2819 2137 ἑρμηνείαν,
2852 2068 2910 2120 ὲν
3011 2066 3135 2119 τάδε
3164 2064 3315 2136 φησί.

438 2161 557 2216 cale
605 2160 880 2230 quoddam
930 2158 1171 2214 medium
1219 2155 1542 2221 constituit;
1575 2162 1632 2208 ut
1681 2165 1939 2223 tanquam
1999 2152 2052 2207 in
2119 2155 2329 2208 musica
2373 2154 2490 2211 suis
2537 2158 2803 2212 instructa
2865 2159 3183 2227 digestaque
3228 2156 3392 2220 notis,
3440 2162 3599 2223 aptus
3651 2160 3707 2207 et

439 2257 630 2312 suavis
686 2256 851 2310 totius
894 2253 1141 2309 universi
1195 2260 1494 2307 concentus
1549 2250 1857 2313 exsisteret,
1908 2249 2311 2304 contrariorum
2358 2253 2537 2307 minas
2575 2254 2753 2308 amica
2796 2254 3033 2324 quadam
3078 2250 3462 2320 conjunctione
3505 2247 3707 2301 lenien-

439 2349 540 2403 das
597 2346 1066 2415 moderandasque
1124 2343 1481 2413 susceperit.»
1528 2339 1656 2395 Haec
1718 2338 1899 2393 Philo.
1953 2338 2303 2395 Aristobulus
2363 2327 2609 2413 quoque,
2659 2345 2801 2398 alius
2860 2343 2989 2397 item
3045 2340 3293 2395 eruditus
3350 2335 3704 2393 Hebraeorum

439 2441 698 2509 scriptor,
742 2439 836 2508 qui
880 2436 1302 2491 Ptolemaeorum
1372 2435 1602 2504 imperio
1667 2433 1867 2496 ﬂoruit,
1933 2431 2180 2486 eamdem
2239 2436 2566 2489 sententiam
2641 2436 2786 2507 genti
2848 2434 3089 2490 defendit
3154 2431 3502 2501 vindicatque
3556 2440 3704 2494 sua,

439 2535 732 2592 Ptolemaeo
761 2534 862 2604 ipsi
914 2534 1223 2587 divinarum
1254 2530 1758 2601 interpretationem
1802 2528 2106 2583 litterarum
2130 2526 2461 2595 inscribens,
2489 2530 2584 2585 ubi
2612 2531 2727 2585 hinc
2757 2531 2901 2586 inter
2938 2541 3154 2585 caetera.

905 2643 1071 2717 334
1101 2642 1332 2698 CAPUT
1358 2641 1521 2711 λιν.

628 2739 924 2795 Aristobuli
954 2741 1106 2793 verba
1132 2738 1187 2792 in
1228 2738 1463 2792 eamdem
1494 2738 1832 2796 sententiam.

516 2832 897 2902 «Quanquam,
954 2832 1152 2899 inquit,
1226 2830 1282 2884 in
1339 2829 1677 2900 Sapientiam
1736 2829 2021 2886 transferri

441 2927 548 2982 hoc
602 2941 819 2996 quoque
862 2926 1057 2995 possit,
1111 2940 1237 2979 cum
1268 2939 1336 2979 ex
1380 2939 1443 2979 ea
1484 2923 1580 2977 lux
1606 2922 1862 2979 universa
1896 2939 2022 2994 pro-

2652 2647 3047 2699 ΚΕΦΛΛΑΙΟΝ
3076 2644 3174 2699 1Δ’.

2416 2738 2869 2806 Ἀριστοϐούλου
2902 2738 3034 2805 περὶ
3068 2737 3175 2791 τοῦ
3214 2737 3423 2791 αὑτοῦ.

2196 2846 2216 2879 ι
2249 2829 2622 2901 Μεταφεροιτο
2655 2830 2700 2883 δ’
2723 2831 2788 2885 ἂν
2815 2830 2876 2884 τὸ
2903 2830 3035 2883 αὐτὸ
3069 2830 3161 2883 καὶ
3210 2829 3303 2881 ἐπὶ
3345 2829 3442 2899 τῆς
3477 2828 3699 2897 σοφίαςδ

2119 2920 2180 2974 τδ
2209 2921 2318 2994 γὰρ
2348 2924 2455 2975 πίν
2476 2922 2592 2991 φῶς
2620 2924 2770 2975 ἐστιν
2792 2923 2851 2988 ἐξ
2882 2922 3070 2992 αὐτῆς.
3105 2922 3198 2975 Διὸ
3238 2921 3331 2976 καί
3363 2939 3510 2985 τινες
3553 2922 3711 2993 είρήιι

440 3019 618 3074 dierit.
666 3015 855 3087 Itaque
883 3033 951 3071 ex
1000 3014 1481 3087 Peripateticorum
1508 3016 1697 3071 schola
1747 3014 2016 3079 nonnulli,

2125 3032 2253 3068 κατι
2287 3014 2397 3068 τῶν
2442 3017 2508 3069 ὲκ
2544 3017 2644 3088 τῆς
2679 3019 2942 3090 αἱρέσεως
2974 3018 3125 3082 ὄντες
3153 3021 3217 3073 ὲκ
3253 3017 3347 3072 τοῦ
3370 3017 3706 3089 Περιπάτου,

439 3107 579 3162 facis
608 3123 725 3162 eam
755 3108 926 3160 instar
955 3122 1077 3161 esse
1109 3107 1423 3174 voluerunt,
1450 3107 1596 3177 quod
1631 3106 1725 3177 qui
1766 3106 1889 3177 ejus
1919 3107 2021 3161 du-

437 3211 587 3256 ctum
637 3209 951 3255 constanter
1001 3200 1173 3255 secuti
1221 3209 1404 3266 erunt,
1464 3200 1501 3254 ii
1564 3209 1680 3255 toto
1727 3200 1854 3255 vitae
1908 3216 2023 3255 sua:

438 3302 685 3362 tempore
716 3292 785 3345 ab
813 3291 963 3345 omni
1002 3291 1412 3360 perturbatione
1462 3292 1619 3346 vacui
1670 3292 1780 3346 sint
1824 3290 2020 3348 futuri.

440 3382 642 3437 Verum
680 3383 733 3438 id
768 3383 974 3437 clarius
1003 3383 1168 3437 simul
1217 3397 1282 3438 ac
1326 3383 1522 3438 melius
1546 3382 1806 3438 Salomon
1840 3400 1869 3439 e
1902 3402 2022 3439 ma-

435 3476 659 3546 joribus
703 3476 909 3530 nostris
943 3491 1087 3529 unus
1122 3476 1415 3545 expressit,
1451 3493 1575 3531 cum
1607 3492 1727 3531 eam
1759 3478 1880 3531 caeli
1915 3487 2023 3531 ter-

440 3584 625 3638 raeque
654 3567 935 3622 molitione
968 3569 1205 3637 priorem
1242 3583 1365 3623 esse
1400 3569 1637 3637 diceret;
1668 3572 1812 3641 quod
1845 3573 2019 3641 ipsum

439 3669 625 3714 tamen
662 3674 789 3713 cum
837 3659 929 3715 illo
974 3656 1465 3726 Peripateticorum
1514 3661 1660 3715 dicto
1709 3662 2015 3716 convenita

440 3754 619 3822 Atque
653 3751 799 3806 hunc
847 3751 902 3804 in
960 3752 1181 3805 modum
1239 3752 1342 3821 ipsi
1403 3769 1626 3822 quoque
1688 3749 1899 3808 llebraai
1955 3755 2021 3810 de

443 3840 623 3898 Verbo
664 3841 849 3896 divino
881 3841 1249 3912 philosophati
1304 3854 1454 3898 sunt.
1508 3841 1643 3909 Quis
1689 3856 1866 3899 autem
1913 3863 2019 3901 non

445 3943 729 4006 agnoscat,
760 3934 865 3989 hoc
897 3934 1157 4003 loquendi
1192 3950 1365 4005 genus
1401 3935 1646 3989 divinam
1677 3938 2021 4007 majestatem

451 4030 509 4083 in
553 4028 744 4100 primis
798 4028 1014 4095 decere,
1080 4043 1191 4096 quo
1244 4029 1564 4099 intelligenti
1614 4046 1678 4085 ac
1730 4033 2022 4101 sapientis-

444 4122 588 4177 simo
625 4121 771 4175 illius
796 4118 1043 4186 Numiui,
1082 4119 1188 4185 vel,
1227 4129 1287 4175 ut
1320 4122 1515 4175 melius
1564 4122 1770 4189 dicam,
1800 4124 2020 4193 ipsimet

443 4214 566 4284 ejus
596 4213 888 4284 Sapientire
917 4222 1082 4284 atque
1125 4212 1344 4269 Rationi
1376 4216 1574 4283 potius,
1624 4232 1790 4286 quam
1836 4218 2020 4272 inani-

444 4309 553 4362 mis
603 4306 930 4376 quibusdam
984 4317 1038 4360 et
1082 4307 1294 4362 ratione
1352 4308 1664 4363 carentibus
1712 4310 2017 4379 elementis,

2123 3105 2445 3178 λαμπτῆρος
2468 3110 2635 3179 αὐτὴν
2667 3109 2810 3181 ἔχειν
2836 3111 3008 3177 τάξιν,
3033 3110 3452 3176 ἀκολουθοῦντες
3484 3110 3592 3183 γὰρ
3610 3108 3714 3163 αἰ.-

2120 3199 2220 3269 τὴν
2248 3212 2273 3240 ιι
2303 3201 2562 3272 συνεχῶς,
2595 3203 2858 3275 άτάραχοι
2887 3207 3319 3276 καταστήσονται
3351 3204 3418 3257 δι’
3462 3203 3586 3256 ὅλου
3613 3199 3708 3257 τοῦ

2124 3287 2261 3359 βίου.
2298 3290 2639 3362 Σαφέστερον
2665 3293 2722 3346 δὲ
2747 3295 2841 3348 καὶ
2865 3294 3081 3348 κάλλιον
3114 3294 3222 3347 τῶν
3254 3294 3539 3364 ἡμετέρων
3572 3309 3708 3363 προι

2122 3383 2294 3452 γόνων
2318 3400 2403 3445 τις
2436 3379 2558 3437 εἷπε
2591 3385 2863 3456 Σολομὼν,
2898 3387 3003 3457 πρὸ
3026 3384 3255 3456 οὐρανοῦ
3291 3387 3385 3438 καὶ
3406 3386 3510 3455 γῆς
3540 3384 3709 3457 αὐτὴι

2123 3476 2389 3548 ὑπάρχειν
2411 3494 2424 3507 ·
2463 3477 2521 3531 τὸ
2547 3478 2603 3532 δὲ
2651 3477 2940 3547 σύμφωνόν
2974 3479 3089 3529 ἐστι
3124 3475 3201 3545 τῷ
3235 3476 3637 3547 προειρημένῳ.
3681 3493 3701 3527 r

2124 3568 2311 3623 Ταῦτα
2348 3569 2446 3640 μὲν
2477 3566 2571 3622 οῦν
2596 3569 2688 3623 καὶ
2713 3568 2783 3620 τὰ
2814 3567 3036 3622 τοιαῦτα
3061 3568 3190 3639 περὶ
3213 3567 3366 3620 τοῦδε
3393 3569 3487 3620 καὶ
3519 3565 3707 3629 παῖδες

2135 3660 2403 3733 Ἐϐραίων
2420 3661 2938 3731 πεφιλοσοφήκασιν.
2960 3656 3087 3731 τΑρ⁹
3109 3656 3201 3713 οὖν
3222 3660 3320 3730 οὐχ
3346 3654 3499 3722 οὗτος
3532 3657 3708 3727 λόγων

2122 3753 2206 3825 εἴη
2236 3753 2302 3808 ἂν
2340 3756 2368 3808 ὁ
2399 3753 2898 3825 θεοπρεπέστατος,
2941 3752 3168 3821 δυνάμει
3210 3751 3347 3804 Θεοῦ
3375 3751 3564 3821 λογικῇ
3612 3749 3707 3803 καὶ

2123 3846 2402 3916 πανσόφῳ,
2430 3845 2629 3916 μᾶλλον
2655 3847 2712 3899 δὲ
2741 3848 2878 3917 αὐτῇ
2908 3845 3069 3915 σοφίᾳ
3086 3844 3181 3897 καὶ
3211 3843 3359 3913 αὐτῷ
3385 3842 3520 3896 Θεοῦ
3548 3844 3707 3914 Λόγῳ

2120 3938 2221 4008 τὴν
2244 3939 2417 4009 ἀρχὴν
2450 3937 2722 4002 ἀνατιθεὶς
2765 3937 2867 4007 τῆς
2905 3936 3000 3989 τοῦ
3050 3935 3248 3998 παντὸς
3298 3935 3631 3999 συστάσεως,
3672 3934 3706 4004 ἢ

2121 4035 2233 4095 τοῖς
2258 4031 2485 4102 ἀψύχοις
2519 4033 2614 4084 καὶ
2633 4032 2847 4100 ἀλόγοις
2873 4028 3196 4098 στοιχείοιςς
3262 4026 3423 4079 Ἀλλὰ
3460 4025 3567 4097 γὰρ
3598 4041 3710 4077 τοι-

2122 4125 2263 4179 αῦτα
2296 4125 2425 4196 παρ’
2465 4123 2736 4193 Ἑϐραίοις
2771 4122 2957 4176 καὶτὰ
2989 4122 3120 4189 περὶ
3155 4121 3254 4191 τῆς
3282 4120 3390 4173 τῶν
3437 4119 3575 4171 ὅλων
3611 4119 3710 4190 άρ-

2123 4218 2244 4290 χῆς.
2287 4200 2626 4287 Σκεψώμεθα
2652 4217 2709 4270 δὲ
2737 4216 2831 4269 καὶ
2851 4214 2885 4268 ἃ
2915 4215 3166 4287 περὶτῆς
3198 4212 3305 4266 τῶν
3348 4209 3580 4280 λογικῶν
3614 4226 3709 4262 συ-

2126 4318 2388 4380 στάσεως,
2419 4316 2530 4369 τῶν
2564 4316 2702 4387 μετὰ
2720 4317 2818 4387 τὴν
2842 4313 3065 4385 πρώτην
3093 4310 3289 4382 ἀρχὴν,
3312 4306 3705 4361 ἐκδιδάσκουσι.

447 4405 691 4459 universi
741 4404 1067 4475 principium
1105 4404 1427 4472 molitioque
1471 4405 1790 4461 tribuatur?
1837 4410 1908 4464 At
1950 4414 2017 4468 de
2059 4430 2241 4470 rerum
2294 4415 2563 4485 principio
2620 4431 2687 4468 ex
2750 4412 3099 4466 Hebraeorum
3141 4423 3307 4463 sensu
3353 4403 3710 4470 doctrinaque

444 4501 601 4557 satis.
623 4497 742 4554 Iam
771 4500 899 4569 quid
929 4500 1031 4568 ipsi
1051 4509 1306 4567 prazterea
1325 4500 1393 4555 de
1428 4511 1803 4557 creaturarum
1851 4509 2063 4567 ratione
2102 4513 2477 4582 praeditarum,
2507 4511 2808 4567 secundum
2839 4509 3014 4585 prima
3043 4507 3136 4561 illa
3188 4504 3379 4560 mundi
3431 4500 3709 4557 nascentis

445 4591 623 4656 initia,
651 4589 1007 4661 productione
1036 4590 1306 4644 senserint
1345 4589 1600 4660 deinceps
1636 4593 1945 4652 videamus.

1037 4679 1267 4735 CAPUT
1304 4679 1421 4736 XV.

482 4776 561 4831 De
584 4784 950 4829 creaturarum
980 4773 1183 4825 ratione
1210 4774 1563 4843 praeditarum
1589 4778 1962 4846 productione.

519 4865 664 4936 Ergo
692 4874 816 4935 post
850 4865 1021 4929 illam,
1053 4864 1213 4934 cujus
1241 4880 1343 4921 nec
1367 4867 1698 4937 principium
1725 4888 1824 4927 nec
1857 4885 2023 4931 ortus

2643 4685 3040 4741 ΚΕΦΑΛΔΙΟΝ
3076 4682 3175 4737 IE'.

2364 4780 2506 4850 Περὶ
2527 4778 2648 4847 τῆς
2671 4779 2787 4832 τῶν
2815 4775 3074 4846 ,λογικῶν
3096 4774 3473 4841 συστάσεως.

2198 4876 2353 4930 Μετὰ
2378 4875 2477 4944 τὴν
2513 4873 2747 4942 ἄναρχον
2769 4872 2864 4923 καὶ
2897 4868 3190 4936 ἀγέννητον
3216 4867 3310 4920 τοῦ
3340 4864 3476 4920 Θεοῦ
3498 4865 3710 4937 παμϐα-

449 4960 599 5017 ullus
639 4968 743 5025 est,
798 4958 890 5013 Dei
922 4958 1273 5029 pra:potentis
1314 4961 1640 5029 essentiam,
1690 4963 2017 5035 principium

2126 4964 2321 5028 σιλέως
2351 4962 2558 5026 οὐσίαν,
2576 4961 2673 5033 τὴν
2696 4960 2795 5013 οὐκ
2820 4956 3042 5013 ἄλλοθεν
3066 4957 3099 5028 ἦ
3128 4959 3194 5010 ὲκ
3233 4955 3328 5009 τοῦ
3368 4955 3583 5027 Πατρὸς
3615 4972 3710 5025 γε-

518 5085 548 5116 ιι
572 5073 732 5145 αὐτῇ.

521 5166 634 5238 (79)
673 5167 864 5236 Λόγος
902 5166 988 5221 δέ.
1038 5166 1240 5240 Exeus.
1292 5171 1394 5240 leg.
1437 5169 1602 5240 νόμος
1647 5168 1724 5222 δέ.
1782 5168 2020 5225 Dubium

444 5252 572 5293 esse
604 5247 918 5309 nonpotest
952 5241 1084 5308 quin
1120 5237 1388 5294 Eusebius
1417 5237 1599 5293 noster
1621 5243 1812 5309 Λόγος
1841 5242 2021 5308 potius

449 5322 613 5377 quam
657 5307 842 5379 νόμος
880 5307 1099 5379 legerit,
1133 5325 1256 5363 cum
1300 5311 1403 5364 hoc
1428 5312 1493 5364 de
1528 5307 1913 5364 Verbo‘divi’no
1943 5323 2025 5364 tem

449 5378 763 5449 stimqnium
798 5378 1058 5448 proferat.
1088 5379 1153 5434 Et
1185 5396 1476 5445 sane,cum
1512 5382 1675 5449 paulo
1702 5390 1824 5449 post
1853 5379 2019 5435 Deum

449 5448 571 5520 ejus
602 5447 814 5502 Patrem
839 5452 1086 5519 appellet,
1106 5452 1447 5504 commodius
1477 5447 1526 5503 id
1558 5451 1625 5503 de
1655 5447 1829 5503 Verbo
1854 5466 2019 5520 quam

449 5519 529 5590 de
555 5518 669 5584 lege
702 5521 957 5589 accipias.
1000 5521 1114 5574 lino
1137 5522 1280 5590 quod
1315 5523 1482 5585 addit,
1515 5536 1636 5575 esse
1670 5524 1825 5589 quasi
1861 5518 2022 5589 μεθό-

488 5589 572 5661 ιόν
592 5606 646 5640 τι
674 5590 887 5661 φωνῆεν
923 5589 1200 5661 στοιχείων
1233 5591 1493 5659 ἀφώνων,
1539 5593 1712 5645 multo
1743 5592 1937 5643 melius
1965 5592 2020 5643 in

501 5659 720 5728 crbum,
750 5660 896 5730 quod
927 5659 1112 5718 vocale
1138 5663 1265 5734 quid
1290 5672 1444 5718 sonat
1469 5702 1483 5729 ,
1521 5679 1683 5733 quam
1721 5661 1775 5716 in
1821 5661 2018 5731 legem,

2131 5168 2442 5239 κωφότερόν
2466 5183 2519 5219 τι
2552 5166 2759 5239 χρῆμα,
2781 5161 3101 5239 conveniat.

2203 5229 2316 5305 (3&0)
2351 5229 2873 5305 ἶἰιὶέίιρληὲὄνῗΡιιὶιο,
2909 5232 3207 5305 ἄρρηκτον,
3237 5231 3398 5305 longe
3433 5229 3650 5305 melius.

2203 5242 2294 5303 (80
2351 5242 2661 5305 "Adducor.
2698 5242 2873 5299 Philo,
2909 5242 3207 5303 ἀρρηκτον,
3240 5242 3398 5300 longe
3433 5242 3650 5284 melius.

2203 5242 2316 5379 (Si;
2345 5305 2607 5379 Φωνῆεν.
2645 5304 2823 5369 Philo,
2852 5303 3102 5374 καθάπερ
3126 5302 3428 5371 φωνήεντα,
3458 5301 3605 5370 quod
3637 5298 3713 5354 si-

2131 5380 2478 5451 gnificantius
2506 5378 2743 5451 videtur.

2200 5450 2311 5521 (82)
2362 5445 2729 5521 Ἐγῃοάμμου
2760 5443 3086 5521 μουσικῆς.
3133 5441 3271 5521 llinc
3298 5454 3559 5521 excusem
3588 5452 3714 5521 eor:-

2130 5508 2306 5604 rig‘as'
2338 5508 2505 5586 licet,
2560 5508 2650 5573 ubi
2712 5508 3251 5586 pérperamwlegitur
3312 5508 3710 5583 ἑγγραμμάτου

2132 5607 2358 5662 eam;-
