4166 6438
394 189 501 245 5Ᾱ9

393 401 491 471 γὸν
519 402 618 469 τῆς
655 401 747 454 τοῦ
781 401 993 471 Πατρὸς
1026 400 1244 471 βουλῆς,
1276 400 1413 473 πρὸς
1456 403 1619 455 αὐτόν
1657 421 1717 456 τε
1755 406 1983 457 ἀπεικο-

392 491 656 563 νισμένην
682 490 1010 547 διδάσκουσι.
1044 493 1259 566 Ταύτην
1279 495 1336 547 δὲ
1360 493 1468 547 τῶν
1515 496 1653 565 μετὰ
1688 494 1860 548 ταῦτα
1889 513 1981 564 γε·

392 582 571 654 νητῶν
608 583 861 636 ἁπάντων
908 584 1231 655 πρωτεύειν,
1268 586 1398 656 παρ’
1432 584 1460 637 ὃ
1482 585 1577 637 καὶ
1623 585 1807 638 είκόνα
1842 585 1975 638 Θεοῦ

392 673 583 745 αὐτὴν,
621 674 715 726 καὶ
733 672 865 725 Θεοῦ
889 674 1136 745 δύναμιν,
1173 676 1265 728 καὶ
1290 674 1424 728 Θεοῦ
1464 674 1655 743 σοφίαν
1677 715 1691 739 ,
1722 676 1816 729 καὶ
1841 674 1976 729 Θεοῦ

390 766 589 834 Λόγον,
619 764 708 819 ναὶ
731 766 838 836 μὴν
866 768 958 819 καὶ
977 767 1416 839 ἀρχιστράτηγον
1436 767 1719 837 δυνάμεως
1748 768 1975 839 Κυρίου,

397 856 641 928 μεγάλης
675 874 734 910 τε
769 855 963 927 βουλῆς
989 858 1217 926 ἄγγελον
1242 858 1536 912 ἀποκαλεῖν
1563 858 1808 914 εἰώθασι.
1864 860 1977 924 Τὰς

392 948 451 1003 δὲ
480 949 616 1019 μετά
655 948 811 1021 τήνδε
841 948 937 1020 τὴν
977 951 1152 1022 ἀρχὴν
1184 952 1375 1024 νοερὰς
1412 951 1507 1005 καὶ
1554 951 1777 1021 λογικὰς
1812 952 1977 1007 δυνά-ε

397 1058 518 1112 μεις
538 1042 598 1094 οὐ
630 1040 827 1105 λεκτάς
847 1037 986 1096 εἶναι
1008 1042 1292 1114 ἀνθρώπου
1315 1042 1497 1111 φύσει,
1522 1043 1616 1097 τοῦ
1640 1034 1702 1096 τε
1737 1044 1975 1115 πλήθους

391 1131 556 1186 ἕνεκα
585 1132 683 1203 τῆς
710 1149 769 1184 τε
798 1134 918 1186 κατ’
941 1128 1079 1197 εἶδος
1100 1133 1559 1206 διαφορᾶς,-πλὴν
1584 1135 1708 1188 ὅσον
1753 1134 1977 1188 ἐπιϐάλ-

392 1225 504 1281 λειν
534 1227 758 1279 δυνατὸν
783 1229 897 1290 τοῖς
928 1227 1367 1299 παραδείγμασιν
1404 1231 1468 1281 ἐκ
1498 1227 1596 1298 τῆς
1628 1228 1736 1281 τῶν
1765 1227 1977 1299 ὁρωμέ-

391 1334 498 1374 νων
526 1317 839 1386 ἀναλογίας,
868 1316 1041 1388 ἡλίου,
1080 1320 1177 1372 καὶ
1209 1318 1460 1389 σελήνης,
1484 1318 1577 1372 καὶ
1605 1318 1839 1389 ἄστρων,
1879 1318 1975 1371 καὶ

390 1407 556 1463 αὐτοῦ
590 1409 655 1481 δὴ
675 1408 928 1481 ούρανοῦ,
961 1408 1106 1462 ἔνδον
1139 1410 1229 1478 ὑφ’
1259 1409 1437 1479 ἑαυτῴ
1462 1408 1531 1462 τὰ
1549 1408 1840 1479 σύμπαντα
1877 1426 1979 1462 πε-

391 1501 747 1574 ριειληφότος.
788 1520 806 1552 ι
844 1500 1011 1570 Ἀλλη
1033 1501 1141 1572 γάρ
1169 1500 1294 1565 δόξα
1327 1500 1500 1572 ἡλίου,
1531 1502 1628 1554 καὶ
1666 1500 1798 1572 άλλη
1848 1499 1976 1565 δόξα

389 1588 649 1660 σελήνης,
697 1593 790 1645 καὶ
836 1593 967 1665 ἄλλη
1018 1596 1148 1662 δόξα
1190 1598 1469 1670 ἀστέρων,
1524 1617 1545 1651 ›
1599 1601 1732 1672 φησὶ
1763 1600 1792 1652 ὁ
1829 1598 1970 1664 θεῖος

1569 189 1893 245 I’BEPAR.
1938 186 2192 245 EVANG.
2233 189 2375 245 ΜΒ..
2406 187 2519 245 Vll.

360 369 365 375 .
390 300 733 380 γεννήῇὶένην
772 308 968 380 ἀρχὴν,
999 304 1345 379 πρωτότοκόν
1374 325 1435 363 τε
1466 306 1631 365 οὖσαν
1650 314 1745 366 καὶ⁵
1797 330 1971 385 συνερ⁴

2088 312 2221 367 illud
2264 319 2532 379 statuunt,
2573 307 2721 381 quod
2772 324 2882 365 non
2936 308 3154 365 aliunde
3205 325 3374 381 quam
3426 325 3494 366 ex
3545 309 3666 379 ipso

3556 190 3664 247 550

2078 401 2243 456 Patre
2276 402 2543 473 genitum,
2576 400 2821 470 adeoque
2864 401 3290 472 primogenitum
3344 401 3439 467 sit,
3471 401 3661 472 quod-

2080 511 2189 565 que
2214 494 2426 565 paterni
2450 493 2665 548 consilii
2695 507 2760 547 ac
2789 493 3089 550 voluntatis
3115 495 3354 564 adjutor,
3387 494 3657 565 integram

2082 595 2248 656 atque
2297 586 2592 656 perfectam
2637 585 2816 655 ipsius
2898 586 3190 657 imaginem
3259 586 3481 642 referat.
3544 585 3661 643 Hoc

2079 693 2247 747 porro
2301 678 2460 748 longe
2516 677 2860 746 multumque
2909 678 3073 732 rebus
3122 693 3243 747 quae
3293 687 3424 733 satae
3469 687 3655 747 postea

2080 779 2232 837 sunt,
2269 771 2524 826 omnibus
2570 772 2893 827 antecellere
2922 788 2936 823 :
2970 770 3323 838 quamobrem
3350 770 3479 823 illud
3500 769 3660 823 modo
3689 790 3692 795 λ

2078 861 2173 916 Dei
2202 863 2519 932 imaginem,
2545 865 2709 918 modo
2747 862 2839 917 Dei
2870 861 3195 932 potentiam,
3235 860 3400 914 modo
3449 859 3542 913 Dei
3572 875 3660 915 sa—

2078 954 2362 1023 pientiam,
2393 954 2555 1008 modo
2580 953 2675 1010 Dei
2719 952 2983 1021 Verbum,
3012 953 3125 1007 imo
3147 961 3202 1006 et
3229 966 3507 1006 summum
3537 950 3648 1005 Do-

2078 1046 2216 1101 mini
2283 1046 2561 1101 exercitus
2628 1047 3033 1117 imperatorem,
3091 1052 3146 1099 et
3203 1044 3387 1114 magni
3443 1043 3659 1098 consilii

2066 1139 2331 1208 ‘angelum
2379 1139 2654 1208 appellare
2703 1139 2901 1193 solent.
2970 1136 3112 1204 Jam,
3163 1152 3285 1207 quae
3328 1136 3657 1206 principium

2080 1229 2216 1284 illud
2274 1238 2689 1298 consequantur
2737 1229 3015 1299 spiritales
3049 1228 3525 1299 intelligentesque
3557 1243 3659 1282 na~

2076 1331 2252 1388 turas,
2284 1322 2371 1377 vel
2421 1322 2498 1377 ob
2527 1336 2718 1376 earum
2754 1320 3189 1383 multitudinem,
3221 1318 3305 1373 vel
3359 1318 3429 1373 ob
3466 1317 3658 1374 formae

2076 1414 2292 1467 varium
2345 1412 2743 1482 multiplexque
2792 1409 3112 1475 discrimen,
3175 1409 3476 1463 humanam
3522 1424 3653 1463 ora-
3696 1429 3709 1443 -

2077 1505 2280 1560 tionem
2311 1505 2531 1575 assequi
2562 1520 2672 1559 non
2704 1518 2887 1573 posse,
2923 1502 3030 1557 nisi
3058 1511 3327 1572 quantum
3392 1501 3657 1571 exemplis

2078 1596 2406 1667 quibusdam
2460 1595 2628 1666 325
2683 1593 2942 1666 augurari
2975 1601 3031 1648 et
3083 1592 3355 1663 conjicere
3406 1592 3554 1657 licet,
3587 1607 3656 1646 ex

383 1680 1001 1759 ἈπόστολοςΑἈστέρα
1024 1688 1132 1760 γὰρ
1156 1669 1380 1762 ἀστέρος
1408 1669 1684 1763 διαφέρειν
1706 1694 1763 1746 ἐν
1783 1691 1964 1763 δόξῃ.»

2074 1703 2288 1752 eorum,
2315 1703 2435 1757 quae
2455 1687 2730 1751 videntur,
2763 1687 2868 1741 hoc
2895 1694 2982 1741 est
3027 1685 3181 1753 solis,
3220 1687 3384 1755 lunae,
3413 1686 3655 1740 siderum

384 1776 569 1851 Ταύτῃ
599 1797 676 1850 πη
717 1779 1008 1849 τοιγαροῦν
1037 1781 1132 1834 καὶ
1163 1781 1256 1835 τὸν
1286 1783 1346 1837 ὲν
1388 1783 1699 1854 ἀσωμάτοις
1734 1783 1825 1838 καὶ
1853 1801 1970 1838 νοε-

388 1867 510 1936 ραῖς
536 1866 747 1930 οὐσίαις
774 1867 980 1937 κόσμον
1002 1866 1108 1938 χρὴ
1132 1871 1293 1932 νοεῖν,
1314 1866 1381 1920 τὰ
1416 1866 1595 1920 πάντα
1623 1865 1722 1937 μὲν
1764 1867 1972 1939 ἀθρόως

386 1956 767 2030 ἀπολαϐούσης
789 1957 891 2029 τῆς
937 1958 1319 2030 ἀνεκφράστου
1370 1957 1468 2011 καὶ
1507 1958 1975 2030 άπειρομεγέθους

383 2047 666 2119 δυνάμεως
691 2049 784 2103 τοῦ
815 2049 952 2104 Θεοῦ
998 2050 1105 2103 τῶν
1138 2049 1274 2103 ὅλων
1300 2092 1316 2117 ,
1356 2049 1720 2122 δευτερούσης
1758 2050 1870 2123 (85)
1916 2050 1974 2103 δὲ

390 2140 530 2211 μετά
568 2140 660 2194 τὸν
685 2142 906 2215 Πατέρα
948 2144 1049 2214 τῆς
1089 2141 1487 2214 δημιουργικῆς
1516 2141 1651 2213 ὁμοῦ
1675 2142 1772 2197 καὶ
1803 2158 1974 2212 φωτι-

388 2233 577 2304 στικῆς
595 2232 877 2305 δυνάμεως
903 2233 997 2286 τοῦ
1039 2232 1185 2288 θείου
1221 2234 1425 2302 Λόγου·
1462 2232 1543 2286 διὸ
1570 2234 1663 2286 καὶ
1690 2233 1805 2302 φῶς
1837 2232 1973 2303 ἀλη-

387 2321 565 2387 θινὸν,
608 2324 704 2377 καὶ
749 2323 1096 2395 δικαιοσύνης
1122 2323 1274 2394 ἥλιον
1315 2323 1587 2395 Ἑϐραίοις
1622 2322 1775 2392 φίλον
1808 2322 1972 2377 αὐτὸν

382 2413 703 2484 ὀνομάζειν·
744 2415 934 2486 τρίτης
953 2414 1009 2467 δὲ
1039 2414 1140 2485 ἤδη
1177 2413 1316 2485 μετὰ
1343 2413 1440 2485 τὴν
1485 2413 1743 2485 δευτέραν
1785 2413 1971 2467 οὐσίαν

384 2502 443 2556 ὲν
469 2503 622 2576 χώρᾳ
645 2504 873 2576 σελήνης
894 2505 1302 2576 καθισταμένης
1328 2504 1424 2558 τοῦ
1447 2504 1604 2574 ἁγίου
1631 2504 1968 2575 Πνεύματος’

378 2594 413 2648 ὃ
435 2597 540 2650 -καὶ
567 2595 696 2650 αὐτὸ
725 2598 782 2650 ὲν
805 2599 871 2668 τῇ
895 2597 1087 2670 πρώτῃ
1111 2598 1205 2651 καὶ
1239 2596 1491 2669 βασιλικῇ
1539 2597 1639 2668 τῆς
1683 2596 1792 2650 τῶν
1835 2596 1971 2651 ὅλων

381 2688 559 2760 ἀρχῆς
581 2688 728 2761 ἀξίᾳ,
761 2689 856 2743 καὶ
888 2691 1020 2759 τιμῇ
1047 2688 1464 2757 καταλέγουσιν,
1520 2691 1599 2752 είς
1645 2687 1818 2760 ἀρχὴν
1863 2687 1972 2742 τῶν

383 2781 524 2850 μετὰ
554 2781 729 2836 ταῦτα
756 2779 1037 2852 γενητῶν’
1084 2780 1227 2850 λέγω
1273 2781 1331 2835 δὲ
1376 2780 1485 2834 τῶν
1529 2780 1967 2851 ὑποϐεϐηκότων,

380 2872 474 2925 καὶ
499 2872 598 2943 τῆς
626 2872 755 2944 παρ’
782 2872 946 2927 αὐτοῦ
981 2872 1246 2945 χορηγίας
1274 2872 1658 2942 ὲπιδεομένων,
1681 2872 1776 2925 καὶ
1805 2870 1969 2925 αὑτοῦ

2078 1780 2364 1850 ipsiusque
2396 1780 2545 1846 caeli,
2580 1779 2725 1850 quod
2757 1778 2968 1832 ambitu
3026 1792 3130 1833 suo
3174 1785 3371 1833 cuncta
3418 1777 3658 1845 comple-

2077 1874 2266 1939 ctitur,
2304 1872 2555 1942 analogia
2586 1879 2641 1925 et
2663 1869 3077 1939 comparatione
3108 1869 3501 1939 depromptis.¢
3533 1868 3653 1922 Alia

2076 1964 2222 2019 enim
2244 1972 2329 2019 est
2352 1964 2570 2018 claritas
2598 1961 2752 2029 solis,
2797 1962 2900 2016 alia
2929 1961 3092 2025 lunae,
3146 1961 3252 2014 alia
3303 1960 3647 2022 stellarum,»

2078 2056 2255 2126 inquit
2278 2057 2496 2110 divinus
2519 2053 3089 2123 Apostolus";(stella
3102 2051 3245 2106 enim
3261 2066 3292 2105 a
3312 2051 3464 2106 stella
3479 2050 3658 2105 differt

2077 2148 2130 2202 in
2164 2147 2357 2216 gloria.
2384 2166 2404 2200 ι
2441 2144 2610 2201 Nobis
2644 2145 2810 2216 igitur
2853 2144 3022 2200 simili
3062 2150 3344 2211 utcunque
3382 2140 3547 2196 modo
3588 2141 3660 2195 de

2077 2240 2531 2309 incorporearum
2574 2238 2791 2292 illarum
2840 2236 3370 2305 intelligentiumque
3422 2242 3654 2289 natura-

2077 2345 2199 2384 rum
2228 2329 2419 2383 ordine
2467 2328 2846 2383 sentiendum:
2905 2337 2965 2382 ut
2998 2327 3081 2382 vis
3133 2326 3224 2381 illa
3272 2325 3495 2395 quidem
3549 2324 3656 2378 im-

2075 2437 2262 2475 mensa
2305 2419 2398 2475 Dei
2454 2420 2827 2490 praepotentis,
2874 2419 3137 2489 omnique
3171 2420 3422 2473 oratione
3452 2416 3654 2486 major,

2074 2513 2365 2568 confertim
2396 2527 2462 2567 ac
2492 2512 2658 2567 simul
2719 2512 2977 2566 universa
3025 2508 3482 2580 comprehendat:
3537 2517 3656 2562 tum

2073 2603 2292 2658 Patrem
2341 2612 2713 2674 consequatur
2741 2602 2906 2658 Verbi
2958 2601 3126 2657 divini
3162 2601 3406 2671 potentia
3463 2600 3481 2631 ¹
3533 2613 3658 2669 qua:

2072 2697 2286 2767 reliqua
2332 2696 2540 2767 pariter
2582 2704 2637 2751 et
2687 2696 2949 2751 moliatur
2987 2702 3043 2748 et
3084 2693 3340 2758 illustret,
3389 2707 3555 2763 quam
3584 2691 3655 2745 ob

2081 2801 2307 2842 causam
2348 2789 2439 2841 lux
2466 2802 2615 2854 vera,
2644 2795 2697 2841 et
2714 2787 2944 2857 justitize
2970 2784 3065 2839 Sol
3096 2787 3166 2838 ab
3199 2782 3441 2840 Hebraeis
3475 2784 3650 2837 nouli-

2074 2877 2193 2930 nari
2223 2876 2590 2931 consueverit.
2642 2875 2846 2929 Deinde
2884 2884 3006 2944 post
3030 2874 3327 2928 secundam
3362 2872 3511 2925 illam
3554 2887 3647 2925 na-

269 3005 274 3008 .
380 2963 518 3035 πρδς
544 2962 641 3016 τοῦ
674 2962 783 3018 τῶν
817 2963 955 3017 ὅλων
981 2963 1207 3034 ποιητοῦ
1254 2963 1755 3035 κατατεταγμένου.
1808 2963 1969 3019 Ἀλλά

2076 2977 2280 3034 turam,
2354 2968 2499 3023 luna:
2542 2968 2704 3038 quasi
2755 2967 2900 3030 loco,
2963 2967 3137 3021 sancti
3178 2963 3412 3035 Spiritus
3459 2973 3655 3018 natura

337 5360 343 5395 l

377 3055 539 3110 τοῦτο
566 3056 664 3127 μὲν
683 3096 698 3121 ,
734 3057 922 3128 τρίτην
967 3055 1163 3127 ἐπέχον
1193 3054 1290 3126 τὴν
1330 3054 1513 3122 τάξιν,
1554 3057 1665 3118 τοῖς
1694 3054 1964 3127 ὑποϐεϐη-

379 3148 501 3202 κὸσι
527 3148 636 3202 τῶν
662 3149 720 3200 ὲν
743 3148 897 3219 αὐτῷ
928 3147 1254 3219 κρειττόνων
1295 3146 1577 3217 δυνάμεων
1622 3148 1962 3218 ὲπιχορηγεῖ,

376 3243 440 3295 οὐ
467 3242 573 3314 μὴν
599 3241 735 3296 ἀλλά
762 3242 857 3295 καὶ
892 3239 1279 3311 ἀντιλαμϐάνει
1311 3241 1439 3309 παρ’
1470 3239 1659 3310 ἐτέρου
1692 3238 1804 3308 (84)
1847 3256 1963 3303 του,

377 3333 413 3405 ἢ
441 3334 591 3407 παρά
630 3333 764 3389 Θεοῦ
790 3335 987 3403 Λόγου,
1019 3332 1113 3387 τοῦ
1138 3333 1202 3404 δὴ
1232 3332 1327 3386 καὶ
1364 3331 1623 3403 ἀνωτέρω
1654 3330 1750 3383 καὶ⁹
1783 3330 1967 3403 κρείτ-

377 3444 565 3492 τονος,
598 3427 658 3482 ὃν
687 3427 749 3500 δὴ
778 3425 1118 3498 δευτερεύειν
1156 3424 1368 3496 ἔφαμεν
1415 3422 1514 3493 τῆς
1568 3422 1828 3475 ἀνωτάτω
1870 3421 1965 3476 καὶ

377 3520 673 3591 ἀγεννήτου
710 3518 925 3589 φύσεως
956 3517 1091 3573 Θεοῦ
1131 3516 1230 3571 τοῦ
1266 3513 1677 3586 παμϐασιλὲως.
1720 3515 1857 3586 Παρ’
1904 3510 1964 3569 οὗ

372 3614 444 3686 δὴ
472 3613 566 3668 καὶ
588 3614 746 3678 αὐτὸς
774 3610 1102 3685 ὲπιχορηγού
1111 3628 1269 3681 μενος
1296 3610 1325 3662 ό
1346 3609 1477 3673 Θεὸς
1508 3608 1702 3677 Λόγος,
1728 3608 1823 3662 καὶ
1855 3607 1964 3661 ὦσ-

381 3722 488 3776 περ
517 3704 574 3771 ἐξ
599 3704 792 3758 ἀενάου
826 3704 1010 3775 πηγῆς
1032 3702 1261 3773 θεότητα
1291 3697 1800 3768 ἀναϐλαστανούσης
1832 3700 1965 3771 ἀρυ-

374 3791 590 3862 όμενος,
628 3794 740 3856 τοῖς
780 3793 946 3845 πᾶσιν
1007 3790 1144 3862 ὁμοῦ
1174 3791 1268 3843 καὶ
1298 3789 1362 3860 δὴ
1395 3790 1489 3842 καὶ
1533 3787 1682 3858 αύτῷ
1714 3786 1792 3859 τῷ
1825 3787 1964 3859 ἁγίῳ

379 3882 679 3955 Πνεύματι,
714 3882 913 3953 μᾶλλον
943 3883 1197 3937 ἁπάντων
1222 3880 1370 3950 αὐτῷ
1392 3883 1650 3951 προσεχεῖ
1677 3880 1772 3933 καὶ
1802 3881 1964 3949 ἐγγυ-

378 3975 527 4029 τάτω
557 3974 691 4035 ὄντι,
719 3977 840 4037 ταῖς
874 3990 930 4026 τε
963 3973 1100 4043 μετά
1121 3972 1280 4027 τοῦτο
1314 3972 1528 4041 νοεραῖς
1554 3970 1649 4022 καὶ
1674 3967 1849 4030 θείαις
1875 3967 1969 4020 δυ-

378 4066 607 4138 νάμεσιν
640 4065 849 4138 ἀθρόως
870 4065 964 4118 καὶ
988 4063 1360 4127 ἀνεπιφθόνως
1378 4061 1487 4115 τῶν
1516 4061 1608 4114 τοῦ
1634 4060 1835 4113 οἰκείου
1860 4077 1965 4129 φω-

378 4157 470 4221 τὸς
506 4156 883 4230 μαρμαρυγῶν
912 4155 1251 4226 μεταδίδωσι.
1288 4153 1399 4224 Τὴν
1424 4153 1481 4204 δὲ
1512 4151 1620 4204 τῶν
1653 4151 1789 4204 ὅλων
1829 4150 1962 4218 ἀγέ-

380 4265 538 4319 νητον
576 4248 770 4319 ἀρχὴν,
801 4246 1018 4315 ἀγαθῶν
1044 4246 1298 4300 ἁπάντων
1327 4238 1492 4297 οὖσαν
1520 4241 1702 4313 πηγὴν
1723 4283 1739 4307 ,
1772 4237 1963 4310 θεότη-

379 4341 471 4404 τός
502 4358 561 4394 τε
593 4341 687 4394 καὶ
713 4338 855 4410 ζωῆς
876 4336 1035 4409 ὁμοῦ,
1066 4336 1161 4431 καὶ
1195 4334 1399 4405 φωτὸς,
1430 4333 1524 4431 καλ.
1553 4332 1736 4401 πάσης
1763 4331 1962 4431 ἀρετῇς
1997 4376 2041 4431 D

380 4433 582 4498 αἰτίαν,
610 4432 704 4486 καὶ
736 4428 958 4502 πρώτην
979 4445 1043 4498 γε
1074 4423 1237 4481 οὖσαν
1267 4425 1375 4480 τῶν
1402 4423 1635 4496 πρώτων
1664 4425 1759 4477 καὶ
1782 4423 1966 4494 ἀρχῶν

380 4524 575 4596 ἀρχὴν,
614 4523 811 4594 μᾶλλον
838 4521 895 4574 δὲ
922 4520 1018 4573 καὶ
1054 4518 1231 4591 ἀρχῆς
1263 4517 1359 4571 καὶ
1387 4514 1626 4587 πρώτου,
1650 4515 1745 4567 καὶ
1782 4515 1967 4584 πάσης

384 4616 554 4686 ῥητῆς
574 4632 633 4667 τε
662 4613 757 4668 καὶ
783 4611 1134 4682 καταληπτῆς
1165 4607 1410 4671 ἐπινοίας
1435 4605 1720 4671 ἐπέκεινα,
1762 4604 1832 4658 τά
1866 4604 1966 4676 μὲν

384 4709 561 4762 πάντα
601 4707 810 4776 ὅσαπερ
840 4705 899 4758 ὲν
927 4705 1188 4775 ἀρρήτοις
1216 4700 1478 4771 δυνάμεσι
1526 4695 1849 4768 περιείληφε
1887 4694 1968 4765 τῷ

385 4798 587 4871 πρώτῳ
617 4799 916 4869 γεννήματι
943 4795 1217 4850 κοινωνεῖν
1246 4792 1413 4863 μόνῳ,
1449 4789 1526 4852 ὡς
1556 4787 1622 4842 ἂν
1655 4787 1833 4858 μόνως
1868 4787 1967 4857 οἴῳ

379 4908 442 4946 τε
468 4894 665 4963 χωρεῖν
695 4892 790 4945 καὶ
826 4887 1183 4959 ἀποδέχεσθαι
1215 4885 1314 4954 τὴν
1348 4885 1460 4946 τοῖς
1492 4881 1673 4944 ἀλλοις
1705 4880 1806 4933 οὐκ
1849 4880 1968 4948 ἐφι-

380 4983 514 5054 κτὴν
539 4982 656 5036 οὐδὲ
683 4981 936 5054 χωρητὴν
955 4980 1048 5035 τοῦ
1071 4978 1281 5051 Πατρὸς
1302 4974 1412 5028 τῶν
1437 4971 1660 5042 ἀγαθῶν
1682 4969 1962 5041 ἀφθονίαψ

379 5076 450 5130 τὰ
467 5077 511 5130 δ’
528 5079 585 5132 ὲν
615 5077 770 5148 μέρει
800 5078 913 5139 τοῖς
949 5072 1090 5128 κατά
1118 5072 1283 5143 μέρος
1302 5069 1475 5136 ἀξίοις
1495 5065 1588 5119 διά
1615 5066 1715 5136 τῆς
1738 5062 1832 5116 τοῦ
1848 5063 1973 5115 δευ-

378 5170 539 5240 τέρου
585 5167 860 5231 διακονίας
890 5184 949 5220 τε
989 5166 1085 5219 καὶ
1134 5162 1408 5235 μεσιτείας
1456 5158 1598 5213 κατά
1647 5159 1708 5211 τὸ
1751 5157 1967 5228 ἑκάστῳ

346 5296 354 5319 ³
457 5303 503 5334 ⁷⁸
530 5302 547 5355 l
577 5303 706 5357 Cor.
740 5319 827 5369 xv,
852 5304 942 5357 41.

456 5393 475 5425 ⁸
504 5393 672 5449 Caute
700 5395 838 5466 lege.

462 5494 573 5573 (ξξτῂ
605 5506 1034 5573 Δευτερούσης,
1086 5512 1193 5559 etc.
1230 5502 1327 5557 His
1359 5502 1518 5571 plane
1557 5500 1770 5573 gemina
1804 5462 1960 5573 Plato

390 5570 582 5644 ειττίιξίι
626 5570 887 5636 inferi—us,
933 5570 987 5644 p'.
1024 5574 1161 5638 541,
1211 5570 1412 5644 quibus
1458 5574 1656 5644 duplex
1684 5571 1961 5644 impietas

387 5640 734 5707 continetur,
770 5637 1051 5719 lnFil-ium
1083 5637 1475 5718 altera,_altera
1522 5637 1576 5697 in
1605 5637 1867 5711 Spiritum
1901 5637 1957 5693 S.

2073 3060 2350 3125 succedat,
2385 3074 2545 3129 quem
2594 3059 2699 3128 ipsi
2732 3072 2952 3126 quoque
2979 3057 3033 3110 in
3068 3057 3312 3126 principe
3350 3055 3441 3108 illa
3477 3056 3654 3124 regia-

2072 3168 2180 3221 que
2212 3150 2377 3221 hujus
2410 3151 2784 3206 universitatis
2810 3149 3059 3219 principii
3094 3148 3357 3217 dignitate
3374 3145 3655 3215 graduque

2073 3242 2435 3308 constituunt,
2459 3241 2605 3311 quod
2638 3241 2789 3294 illum
2823 3239 2986 3294 etiam
3034 3252 3217 3291 rerum
3262 3251 3474 3299 earum,
3531 3249 3655 3303 quae

2072 3347 2216 3390 natae
2247 3344 2437 3406 postea
2481 3343 2628 3400 sunt,
2660 3334 2765 3388 hoc
2787 3342 2872 3388 est
2914 3347 3037 3402 quae
3068 3330 3385 3384 inferiorem
3416 3330 3470 3382 in
3504 3328 3656 3381 ordi-

2071 3443 2197 3482 nem
2225 3427 2568 3496 classemque
2621 3426 2902 3496 conjectae,
2936 3425 3116 3495 ipsius
3146 3438 3247 3491 ope
3290 3437 3355 3477 ac
3406 3421 3654 3491 benigni-

2074 3526 2185 3572 tate
2214 3517 2516 3587 indigeant,
2551 3517 2884 3587 principium
2912 3530 3163 3569 summus
3192 3528 3372 3567 rerum
3405 3512 3649 3567 archite-

2073 3618 2194 3665 ctus
2224 3609 2474 3664 omnium
2514 3625 2638 3664 esse
2679 3608 2936 3663 voluerit.
2982 3606 3154 3663 Porro
3185 3606 3265 3661 sic
3314 3605 3404 3659 ille
3433 3604 3652 3658 tertium

2070 3702 2249 3756 locum
2284 3702 2561 3760 obtinens.
2590 3688 2942 3765 diviniorum,
2972 3699 3171 3769 quibus
3199 3697 3462 3763 abundat,
3485 3695 3656 3750 facul-

2072 3802 2243 3849 tatum
2277 3801 2441 3864 atque
2490 3793 2753 3847 virtutum
2794 3792 2958 3846 rebus
3007 3789 3393 3845 humilioribus
3435 3789 3650 3857 copiam

2069 3884 2220 3951 facit,
2282 3893 2341 3939 ut
2379 3883 2496 3955 ipse
2519 3883 2760 3939 vicissim
2822 3883 2891 3937 ab
2924 3882 3098 3936 altero
3131 3882 3393 3951 quodam,
3431 3880 3535 3933 hoc
3569 3888 3653 3934 est

2070 3991 2102 4032 a
2129 3974 2244 4030 Deo
2285 3973 2488 4041 Verbo,
2523 3989 2653 4029 suas
2680 3988 2813 4043 opes
2848 3973 3103 4042 accipiat,
3131 3987 3293 4042 quem
3332 3969 3494 4040 paulo
3525 3979 3651 4023 ante

2070 4067 2371 4123 secundum
2404 4083 2435 4121 a
2463 4082 2680 4121 summa
2726 4066 2816 4120 illa
2866 4064 2963 4120 Dei
2996 4066 3366 4135 praepotentis,
3415 4073 3650 4132 ortuque

2069 4171 2292 4214 carente
2322 4167 2517 4213 natura
2562 4157 2870 4227 posuimus.
2930 4155 2980 4211 Is
3012 4156 3159 4211 enim
3195 4155 3374 4209 Patris
3414 4155 3652 4209 liberali-

2070 4257 2180 4304 tate
2207 4248 2377 4313 dives,
2413 4261 2479 4299 ex
2519 4260 2694 4314 eoque
2747 4253 3003 4314 tanquam
3052 4260 3115 4299 ex
3144 4244 3259 4314 jugi
3314 4243 3650 4314 percnnique

2070 4339 2238 4406 fonte,
2271 4339 2414 4392 unde
2438 4337 2697 4391 scaturiat
2724 4336 3004 4400 divinitas,
3039 4336 3319 4399 hauriens,
3355 4350 3479 4388 cum
3521 4334 3647 4388 uni-

2067 4433 2243 4487 versis
2299 4431 2503 4501 pariter
2565 4430 2794 4499 ipsoque
2846 4426 2982 4481 adeo
3050 4426 3255 4496 Spiritu
3299 4435 3510 4492 sancto,
3552 4425 3646 4495 qui

2067 4524 2313 4581 omnium
2374 4522 2612 4578 maxime
2666 4535 2853 4577 secum
2908 4520 3264 4591 proximeque
3318 4519 3647 4589 conjunctus

2065 4624 2170 4682 est,
2194 4613 2517 4683 caeterisque
2557 4611 2814 4681 deinceps
2859 4610 3290 4681 intelligentibus
3334 4608 3648 4679 divinisque

2065 4706 2384 4773 virtutibus,
2436 4703 2660 4759 luminis
2694 4703 2781 4758 sui
2831 4702 3015 4758 radios
3068 4701 3274 4757 affatim
3327 4701 3649 4772 prolixeque

2066 4798 2458 4855 communicat.
2493 4796 2651 4850 Enim
2688 4813 2841 4862 vero,
2885 4795 3215 4866 principium
3255 4791 3387 4847 illud
3423 4792 3646 4845 univer-

2067 4890 2137 4955 si,
2169 4898 2293 4945 ortu
2348 4904 2566 4956 carens,
2613 4887 2928 4957 fontemque
2958 4887 3225 4940 bonorum
3258 4881 3526 4947 omnium,
3557 4880 3646 4935 di-

2065 4980 2330 5047 vinitatis,
2359 4979 2597 5048 vitmque
2642 4976 2809 5034 simul
2849 4992 2916 5031 ac
2957 4973 3201 5040 luminis,
3233 4979 3286 5026 et
3311 4970 3491 5025 omnis
3523 4984 3646 5023 om-

2066 5074 2199 5126 nino
2255 5066 2484 5127 virtutis
2544 5078 2834 5126 auctorem
2892 5068 3195 5140 primorum
3245 5063 3490 5118 omnium
3533 5061 3645 5131 pri-

2068 5180 2242 5230 mum,
2325 5164 2837 5236 priueipiorumque
2900 5158 3254 5231 principium,
3317 5154 3404 5209 vel
3459 5153 3645 5224 potius

2137 5496 2249 5565 (84)
2298 5494 2441 5561 Hap’
2483 5489 2710 5565 ἐτέρου.
2750 5485 3046 5556 Sequentia
3080 5482 3178 5565 τοῦ
3205 5524 3219 5549 ,
3255 5484 3292 5565 ἢ.
3319 5481 3473 5565 παρὰ
3505 5481 3651 5536 Θεοῦ

2067 5556 2242 5635 Λόγου
2259 5556 2672 5690 ,ἀειϊιιοιιυυδιι
2705 5573 2832 5615 sunt
2853 5597 2869 5625 ,
2894 5566 2947 5612 et
2980 5556 3214 5612 ascititia
3234 5596 3250 5625 ,
3276 5556 3510 5624 ideoque
3542 5568 3644 5610 ex-

2068 5652 2282 5708 pnngen
2324 5650 2377 5689 a.
