4166 6432
510 180 603 237 551
1141 180 1227 237 EU
1240 180 1411 234 SE8"
1450 179 1935 236 (ΖᾹΞΞΑΒΙΕΝΞΙδ
1971 179 2066 234 ΟΡ]

2170 176 2344 234 PARS
2374 176 2443 235 11.
2486 209 2556 221 -
2594 174 3097 235 APOLOGETICA.

3662 182 3768 238 552

503 319 723 359 omnem
754 303 1027 373 principii,
1076 302 1347 372 primique
1387 303 1675 367 rationem,
1719 311 1772 357 et
1814 302 2066 373 quidquid

2184 305 2404 373 ἐφικτὸν
2437 305 2802 377 ἐμπαρέχειν·
2839 297 2914 357 ὧν
2942 305 3009 358 τὰ
3049 304 3227 357 τέλεια
3274 305 3369 358 καὶ
3404 304 3589 377 ἄκρως
3634 307 3767 367 ἅγια

503 413 602 454 seu
646 396 827 450 verbis
874 395 1153 464 explicari,
1205 410 1299 448 seu
1329 395 1660 463 cogitatione
1690 394 2079 463 comprehendi

500 497 688 560 queat,
739 486 944 541 intlnite
993 495 1460 556 praetergressum,
1513 503 1575 541 ea
1611 487 1830 557 quidem
1873 489 2077 552 omnia,

494 595 624 652 quae
648 581 916 634 immenso
944 578 1205 631 virtutum
1234 593 1459 633 suarum
1498 593 1561 633 ac
1590 577 1913 633 facultatum
1951 581 2077 634 sinu

499 672 903 742 complectitur,
965 688 1092 727 cum
1135 673 1313 742 primo
1366 681 1575 727 tantum
1615 671 1725 726 fetu
1773 671 2081 727 communi-

498 780 646 831 care,
682 764 828 833 quod
863 765 908 818 is
937 764 1091 820 solus
1122 779 1267 830 eam,
1299 779 1422 834 qua:
1458 764 1797 833 reliquorum
1824 764 2079 818 omnium

496 856 610 911 vim
677 866 1008 928 captumque
1068 865 1313 927 superat,
1386 868 1738 926 paternorum
1805 859 2077 913 bonorum

495 949 916 1013 abundantiam,
948 965 1140 1019 capere
1174 965 1237 1005 ac
1268 950 1543 1005 sustinere
1587 950 1783 1020 possit.
1841 949 1910 1005 At
1942 963 2072 1004 vero

497 1039 713 1094 naturis
755 1039 879 1095 aliis
906 1040 1298 1112 singularibus,
1333 1055 1433 1111 pro
1474 1056 1576 1095 sua
1611 1040 1777 1113 326
1808 1041 2078 1111 cujusque

496 1131 783 1201 dignitate,
814 1148 1024 1202 proqne
1058 1149 1126 1188 eo
1154 1149 1218 1187 ac
1249 1132 1391 1189 ferre
1426 1133 1657 1203 singula:
1686 1142 1935 1202 possunt,
1965 1132 2078 1187 sinu

494 1226 713 1296 gulares
763 1225 928 1279 etiam
991 1226 1392 1297 distinctasque
1465 1225 1787 1296 particulas,
1848 1224 2075 1281 secundi

494 1317 752 1387 principii
786 1326 1048 1387 tanquam
1078 1302 1395 1387 interpretis
1448 1333 1513 1372 ac
1559 1318 1861 1387 sequestris
1908 1332 2074 1387 opera

492 1410 775 1476 dividere;
806 1409 889 1464 sic
918 1423 1120 1476 tamen,
1163 1420 1221 1464 ut
1275 1425 1397 1479 qua:
1423 1410 1666 1464 numeris
1703 1410 1957 1464 omnibus
1980 1409 2075 1464 ab-

485 1501 696 1563 soluta,
726 1516 1057 1571 summaque
1091 1500 1380 1556 sanctitate
1415 1501 1635 1570 praedita
1667 1509 1818 1566 sunt,
1853 1515 1919 1554 eo
1950 1510 2073 1554 tan-

486 1603 611 1646 tum
639 1592 739 1656 illi,
767 1594 863 1662 qui
894 1593 1091 1648 tertius
1122 1592 1192 1647 ab
1220 1592 1338 1661 ipso
1378 1600 1715 1657 numeratur,
1752 1591 1957 1661 quique
1987 1606 2074 1645 se-

482 1687 777 1754 quentium
832 1684 959 1739 item
1009 1694 1331 1738 naturarum
1365 1683 1474 1738 dux
1507 1692 1560 1738 et
1610 1684 1938 1754 principium
1963 1692 2069 1749 est,

484 1773 588 1827 lilii
624 1773 709 1828 sui
741 1781 1094 1843 paternorum
1129 1774 1401 1828 bonorum
1453 1774 1852 1843 dispensatoris
1893 1776 2067 1829 mani-

485 1864 596 1920 hus
642 1865 923 1935 largiatur.
963 1864 1037 1920 Ita
1067 1865 1249 1921 cuncti
1298 1864 1649 1920 Hebraeorum
1691 1867 1949 1938 theologi,
1988 1882 2073 1922 se-

480 1953 730 2010 cundum
780 1956 1132 2026 praepotentis
1166 1955 1283 2020 Dei,
1319 1971 1617 2027 rerumque
1650 1957 1896 2011 omnium
1948 1974 2073 2013 mo-

482 2047 763 2104 deratoris
807 2047 1043 2113 Numen,
1105 2064 1171 2105 ac
1209 2050 1627 2119 primogettitam
1661 2050 1807 2105 illius
1842 2050 2073 2121 Sapien-

488 2142 647 2204 tiam,
706 2141 920 2195 tertiam
973 2140 1116 2196 hane
1152 2151 1511 2213 sanctamque
1567 2141 1851 2205 virtutem,
1907 2157 2070 2211 quem

490 2227 743 2286 sanet'um
781 2232 856 2285 illi
909 2231 1174 2300 Spiritum
1214 2234 1521 2295 nominant,
1574 2232 1780 2302 quique
1809 2233 2072 2287 divinitus

482 2319 703 2376 aﬂlatos
752 2321 882 2376 olim
937 2322 1236 2391 prephctas
1298 2321 1675 2382 collustrabat.
1728 2321 1898 2376 Deum
1948 2336 2070 2377 esse

486 2411 841 2467 conﬁtentur.
876 2410 997 2465 Jam
1044 2421 1168 2481 post
1215 2413 1415 2467 coelum
1464 2412 1616 2477 illud,
1674 2413 1867 2475 solem,
1904 2420 2069 2482 atque

489 2502 700 2568 lunam,
734 2503 919 2557 stellas
948 2504 1091 2557 inter
1138 2504 1376 2571 dignitas
1424 2513 1476 2557 et
1520 2503 1708 2572 gloriae
1749 2504 2066 2557 discrimina

485 2602 758 2647 statuunt.
812 2591 877 2647 Et
922 2595 1177 2663 quamvis
1224 2605 1433 2650 certum
1465 2604 1741 2649 astrorum
1778 2611 2066 2649 numerum

484 2687 706 2755 assequi
748 2687 998 2741 mortalis
1054 2697 1246 2740 natura
1298 2702 1407 2741 non
1461 2687 1669 2759 possit:
1732 2686 1842 2742 Deo
1884 2697 2066 2743 tamen

487 2793 707 2833 summo
748 2793 933 2831 rerum
981 2777 1230 2832 onminm
1270 2777 1501 2834 Domino
1539 2779 1749 2835 militia:
1784 2781 1908 2835 caeli
1943 2781 2067 2834 uni-

481 2884 657 2925 versat
688 2873 1121 2939 multitudinem,
1147 2881 1198 2927 et
1233 2873 1510 2943 propriam
1552 2874 1823 2944 cujusque
1869 2874 2065 2929 sideris

2181 394 2259 464 τῷ
2283 396 2451 467 τρίτῳ
2483 396 2580 466 μὲν
2612 397 2704 465 ἀφ’
2736 394 2948 457 ἑαυτοῦ,
2980 396 3200 466 ἄρχοντι
3238 394 3295 448 δὲ
3342 396 3435 448 καὶ
3475 399 3767 470 ἡγουμένῳ

2181 486 2289 539 τῶν
2321 487 2632 557 μετέπειτα,
2654 486 2743 541 διὰ
2770 487 2863 539 τοῦ
2889 486 3017 539 Υἱοῦ
3051 487 3119 539 τὰ
3143 486 3384 558 περὶτοῦ
3412 478 3625 560 Πατρος
3648 492 3768 543 επι-

2181 578 2547 650 κομιζομένῳ,
2581 578 2938 652 δεδωρῆσθαι.
2961 578 3153 633 Ἔνθεν
3178 582 3227 633 οἱ
3261 580 3463 646 πάντες
3496 581 3763 655 Ἐϐραίων

2172 668 2440 740 θεολόγοι,
2471 672 2609 741 μετά
2641 672 2731 725 τὸν
2760 673 2853 726 ἐπὶ
2882 671 3100 724 πάντων
3140 672 3296 736 Θεὸν,
3338 674 3431 726 καὶ
3480 675 3616 744 μετά
3664 675 3763 746 τὴν

2182 764 2525 836 πρωτότοκον
2558 763 2723 818 αὐτοῦ
2754 763 2969 833 σοφίαν,
2996 764 3093 836 τὴν
3117 765 3308 836 τρίτην
3335 765 3429 817 καὶ
3467 766 3629 835 ἁγίαν
3670 767 3764 821 δυ-

2179 854 2371 924 νάμιν,
2403 854 2558 923 ἅγιον
2605 854 2827 924 Πνεῦμα
2867 856 3279 926 προσειπόντες,
3322 854 3759 923 ἀποθειάζουσιν,

2180 944 2270 1016 ὑφ’
2299 941 2359 1001 οὗ
2388 947 2483 1000 καὶ
2518 945 2844 1016 ἐφωτίζοντο
2891 946 3330 1019 Θεοερορούμενοι.
3381 946 3536 1017 Ἑξῆς
3577 948 3633 1001 δὲ
3672 949 3762 1002 οὑ-

2183 1038 2345 1110 ρανῷ,
2376 1039 2469 1091 καὶ
2498 1037 2654 1111 ἡλίῳ,
2686 1040 2781 1092 καὶ
2817 1038 3015 1113 σελήνῃ
3035 1079 3049 1102 ,
3085 1038 3291 1110 ἀστέρα
3335 1039 3499 1107 φασιν
3531 1040 3761 1112 ἀστέρος

2177 1128 2452 1202 διαφέρειν
2499 1132 2556 1183 ἐν
2600 1128 2745 1204 δόξῃ.
2800 1130 2979 1202 Θνητῇ
3026 1131 3126 1202 μὲν
3165 1126 3259 1184 οὖν
3285 1129 3446 1200 φύσει
3482 1132 3583 1185 οὐκ
3611 1132 3760 1185 ἐστιν

2177 1221 2409 1292 ἀριθμὸν
2440 1222 2655 1292 ἄστρων
2684 1220 2906 1274 δυνατὸν
2936 1221 3137 1289 εὑρεῖν,
3162 1219 3303 1293 πλὴν
3339 1219 3475 1274 ἀλλά
3498 1221 3589 1274 τὸν
3610 1236 3762 1292 παμ-

2176 1312 2401 1367 ϐασιλέα
2433 1313 2565 1367 Θεὸν
2592 1313 2661 1367 τὰ
2697 1313 2962 1381 Ἐϐραίων
3003 1313 3135 1382 φασὶ
3160 1312 3315 1381 λόγια
3334 1351 3350 1377 ,
3381 1313 3475 1366 καὶ
3508 1315 3606 1383 τῆς
3635 1314 3757 1365 κατ’

2175 1405 2402 1477 οὐρανὸν
2436 1406 2696 1476 στρατιᾶς
2727 1405 2793 1457 τὰ
2820 1404 2996 1474 πλήθη
3028 1404 3122 1457 καὶ
3144 1403 3245 1467 τὰς
3270 1402 3641 1474 προσηγορίας
3679 1403 3754 1474 μὴ

2175 1501 2414 1569 ἀγνοεῖν·
2447 1499 2526 1552 διὸ
2569 1500 2701 1571 παρ’
2749 1499 2930 1560 αὐτοῖς
2976 1497 3268 1566 λέγεσθαι*
3310 1515 3330 1548 ι
3398 1498 3456 1551 'O
3505 1497 3755 1568 ἀριθμῶν

2178 1592 2354 1664 πλήθη
2382 1593 2616 1662 ἄστρων,
2652 1590 2748 1644 καὶ
2788 1593 2954 1644 πᾶσιν
2985 1591 3168 1653 αὐτοῖς
3202 1589 3443 1659 ὀνόματα
3486 1590 3684 1643 καλῶν.
3729 1607 3748 1639 ι

2178 1685 2332 1738 Οὕτω
2353 1684 2416 1754 δὴ
2440 1682 2578 1754 μετά
2598 1681 2667 1734 τὰ
2696 1682 2890 1752 πρῶτα
2912 1679 3018 1733 τῶν
3039 1682 3097 1732 ὲν
3122 1679 3434 1749 ἀσωμάτοις
3461 1676 3755 1745 δυνάμεσιν

2174 1776 2574 1846 ἐπινοουμένων
2596 1775 2832 1845 ἄστρων,
2869 1771 3047 1841 φωτὸς
3074 1770 3262 1841 νοεροῦ
3293 1769 3515 1838 δυνάμει
3549 1783 3609 1818 τε
3658 1764 3755 1820 καὶ

2173 1870 2329 1940 οὐσία
2352 1867 2782 1939 διαπρεπόντων,
2819 1866 2985 1935 πολλή
3013 1881 3096 1927 τες
3128 1863 3220 1916 καὶ
3241 1864 3372 1933 ἡμῖν
3399 1859 3756 1931 ἀπερινόητος

2172 1962 2409 2033 διαφορά
2436 1962 2713 2031 τυγχάνει,
2736 1957 2928 2029 ἀναρίο
2938 1959 3082 2028 μητά
3102 1973 3162 2009 τε
3190 1955 3332 2025 φῦλα
3354 1955 3448 2009 καὶ
3463 1955 3616 2023 γένη,
3637 1948 3753 2007 ἀλλ’

2172 2057 2231 2107 οὐ
2263 2056 2357 2108 καὶ
2389 2053 2465 2123 τῷ
2489 2053 2598 2105 τῶν
2621 2051 2757 2104 ὅλων
2787 2052 3000 2121 ποιητῇ.
3046 2046 3139 2101 Διὸ
3182 2048 3277 2101 καὶ
3315 2047 3376 2099 τὸ
3409 2045 3754 2117 καταληπτὸν

2172 2148 2353 2202 αὐτῶν
2391 2147 2538 2219 μόνῳ
2582 2144 2658 2215 τῷ
2690 2143 2810 2213 Θεῷ
2838 2143 3108 2214 παριστὰς
3146 2158 3231 2204 τις
3265 2138 3530 2208 θεολόγων
3577 2139 3750 2211 φησί·

2177 2258 2197 2291 ι
2244 2238 2451 2307 Μύριαι
2474 2236 2729 2309 μυριάδες
2762 2235 3136 2305 ἐλειτούργουν
3160 2232 3329 2303 αὐτῷ,
3362 2233 3457 2286 καὶ
3479 2232 3643 2303 χίλιαι
3671 2248 3754 2303 χιι

2169 2329 2348 2393 λιάδες
2375 2329 2832 2400 παρειστήκεισαν
2877 2324 3183 2396 ἔμπροσθεν
3220 2323 3384 2376 αὑτοῦ
3411 2341 3423 2353 ·
3462 2342 3480 2375 ι
3521 2324 3608 2378 διὰ
3653 2326 3753 2395 μὲν

2168 2420 2264 2473 τοῦ
2305 2418 2541 2490 ἀριθμοῦ
2584 2417 2760 2489 δηλῶν
2799 2418 2860 2470 τὸ
2905 2417 2983 2487 τῷ
3008 2415 3127 2486 Θεῷ
3160 2415 3507 2485 καταληπτὸν
3549 2417 3748 2482 αὐτῶν,

2168 2512 2256 2566 διὰ
2282 2512 2338 2565 δὲ
2370 2510 2461 2563 τοῦ
2490 2509 2657 2563 ποσοῦ
2690 2509 2752 2561 τὸ
2776 2510 2905 2579 ἡμῖν
2938 2507 3163 2578 ἄπειρον
3188 2523 3202 2536 ο
3230 2508 3360 2577 παρ’
3384 2504 3412 2557 ὃ
3435 2506 3530 2559 καὶ
3554 2506 3750 2560 εἰώθα-

2173 2622 2271 2671 μεν
2300 2602 2585 2674 ὀνομάζειν
2610 2601 2731 2656 καθ’
2763 2598 3068 2671 ὑπερϐολῆς
3102 2598 3340 2670 έμσασιν
3368 2597 3435 2653 τὰ
3465 2597 3635 2651 πολλά
3655 2596 3750 2651 καὶ

2169 2695 2373 2768 ἄπειρα
2423 2696 2610 2767 μυρία.
2658 2693 2850 2756 Ἀλλος
2888 2692 2947 2745 δέ
2994 2708 3078 2754 τις
3132 2692 3455 2762 προφήτης,
3497 2688 3751 2761 περὶτῆς

2164 2787 2354 2849 οὐσίας
2373 2786 2548 2840 αὐτῶν
2567 2783 2799 2849 διεξιὼν,
2817 2777 2919 2836 ὧδέ
2941 2798 3058 2843 πως
3079 2781 3169 2834 τὸν
3195 2782 3426 2851 ποιητὴν
3448 2782 3559 2833 τῶν
3580 2780 3750 2834 ἀπάν-

2168 2896 2276 2933 των
2300 2876 2558 2946 θεολογεῖ,
2593 2876 2816 2947 φάσκων
2834 2894 2850 2907 ⁸
2888 2895 2906 2928 ι
2934 2875 3107 2948 Κύριε
3130 2876 3161 2928 ό
3181 2874 3312 2937 Θεός
3346 2892 3448 2945 μου
3465 2917 3480 2941 ,
3517 2873 3593 2939 ὡς
3619 2875 3747 2945 ἐμε-

480 2962 901 3031 appellationem
922 2974 1265 3034 perspectam
1287 2980 1409 3020 esse
1432 2974 1486 3020 et
1514 2966 1789 3036 coquitam
1816 2964 2065 3020 Hebraeo-

2170 2969 2440 3041 γαλύνοης
2466 2969 2691 3041 σφόδρα,
2727 2969 3112 3039 ἐξομολόγησιν
3148 2968 3241 3020 καὶ
3272 2966 3748 3037 μεγαλοπρέπειαν

481 3069 606 3107 rum
640 3063 909 3109 testantur
938 3056 1181 3121 oracula,
1211 3071 1387 3127 eoque
1414 3057 1480 3112 de
1504 3056 1617 3112 Deo
1640 3058 1719 3113 sic
1743 3058 2063 3127 loquuntur,

484 3146 621 3210 «Qui
657 3158 911 3201 numerat
944 3147 1349 3202 multitudinem
1381 3149 1689 3216 stellarum,
1727 3158 1782 3203 et
1807 3150 2069 3205 omnibus

482 3238 551 3290 iis
584 3239 801 3292 nomina
835 3247 996 3294 vocat
1025 3239 1128 3293 τ’.»
1167 3238 1258 3294 Sic
1301 3240 1480 3310 plane,
1544 3241 1845 3297 secundum
1892 3257 2065 3311 prima

481 3329 573 3383 illa
620 3331 907 3401 principia,
960 3345 1152 3385 eorum
1181 3331 1456 3402 deincrps,
1481 3348 1603 3402 quae
1635 3333 1686 3386 in
1715 3333 1803 3386 illa
1839 3344 2064 3388 natura-

482 3437 609 3476 rum
644 3423 1095 3494 incorporearum
1125 3426 1474 3481 multitudine
1521 3426 1851 3496 cogitantur,
1888 3436 2062 3481 astro-

480 3529 627 3579 rum,
669 3531 899 3585 quzeque
930 3517 1195 3586 spiritalis
1231 3518 1463 3573 luminis
1493 3519 1716 3585 virtute,
1746 3530 1797 3573 et
1827 3521 2062 3589 quadam

480 3614 695 3661 natura:
728 3609 1116 3663 communione
1144 3617 1425 3679 prarstant,
1464 3611 1656 3680 ingens
1681 3611 1929 3680 quaedam
1957 3621 2061 3665 est.

479 3707 783 3769 nostraque
828 3701 1168 3773 intelligendi
1218 3703 1269 3757 vi
1310 3704 1488 3774 major
1522 3703 1850 3770 diﬂ'erentia,
1897 3705 2061 3758 innn~

480 3792 772 3845 merabiles
803 3794 930 3847 item
968 3796 1243 3862 nationes,
1282 3811 1347 3850 ac
1380 3813 1582 3866 genera
1629 3806 1792 3853 sunt:
1827 3815 1949 3869 qua:
1976 3811 2055 3853 ta-

480 3898 605 3937 men
639 3885 885 3938 omnium
935 3887 1155 3941 molitor
1179 3888 1539 3959 conditorque
1566 3888 1734 3953 Deus,
1775 3903 2060 3945 numerata

479 3984 644 4045 atque
698 3978 975 4046 explorata
1021 3979 1217 4035 habeat
1268 3983 1544 4037 universa.
1598 3982 1780 4049 Quare
1841 3993 1901 4038 ut
1934 3999 2059 4054 per-

476 4068 676 4123 fectam
712 4070 1092 4141 integramque
1144 4073 1488 4145 singulorum
1541 4075 1905 4144 cognitionem
1965 4074 2059 4128 uni

476 4160 591 4217 Deo
621 4166 912 4219 convenire
940 4165 1320 4236 theologorum
1356 4166 1559 4235 aliquis
1596 4165 1883 4229 indicaret,
1908 4163 2060 4217 «Mil-

474 4253 549 4309 lia
581 4255 836 4319 millium,
880 4255 1078 4325 inquit,
1112 4256 1504 4311 ministrabant
1537 4256 1610 4321 ei,
1648 4265 1702 4310 et
1726 4256 1908 4310 decies
1929 4254 2045 4308 mile

2172 3062 2439 3125 ὲνεδύσω,
2486 3060 2919 3131 ἀναϐαλλόμενος
2950 3060 3064 3129 φῶς
3104 3058 3180 3123 ὡς
3218 3060 3453 3129 ἱμάτιον,
3494 3057 3749 3110 ἐκτείνων

2168 3154 2261 3208 τὸν
2279 3154 2501 3226 οὐρανὸν
2536 3152 2669 3206 ὡσεὶ
2704 3151 2888 3223 δέρριν
2908 3170 2920 3183 ·
2945 3154 2973 3205 ὁ
3003 3150 3171 3204 ποιῶν
3210 3152 3335 3213 τοὺς
3358 3148 3621 3218 ἀγγέλους
3652 3147 3748 3201 αὑ-

2167 3248 2263 3301 τοῦ
2315 3247 2630 3317 πνεύματα,
2669 3244 2762 3299 καὶ
2805 3246 2929 3309 τοὺς
2972 3244 3321 3313 λειτουργοὺς
3359 3241 3524 3295 αὑτοῦ
3577 3238 3747 3311 πυρὸς

2170 3340 2362 3409 φλόγα.
2402 3359 2419 3391 ι
2458 3339 2549 3409 Μή
2587 3356 2667 3392 τοι
2697 3338 2925 3409 νομίσῃς
2948 3336 3041 3389 τοῦ
3070 3337 3201 3405 παρ’
3235 3336 3366 3404 ἡμῖν
3414 3332 3610 3403 Θνητοῦ
3652 3332 3747 3385 xa‘t

2166 3431 2400 3503 γεώδους
2442 3432 2612 3502 πυρὸς
2651 3432 2836 3492 οὐσίας
2873 3427 3119 3499 μετέχειν
3144 3426 3212 3478 τὰ
3238 3424 3573 3496 δηλούμενα,
3608 3422 3744 3493 μηδέ

2167 3539 2230 3592 γε
2289 3522 2399 3575 τῶν
2469 3521 2528 3586 ἐξ
2592 3520 2790 3587 ἀλόγου
2855 3518 3073 3585 φύσεως
3147 3515 3309 3588 ἀέρος
3373 3513 3699 3583 πνευμάτων
3724 3552 3740 3576 ,

2165 3614 2279 3669 ἀλλ’
2335 3608 2447 3667 οἷόν
2496 3629 2604 3683 περ
2658 3612 2753 3665 καὶ
2799 3609 2962 3664 αὐτὸν
3029 3608 3356 3679 ὀνομάζουσι
3417 3605 3509 3659 τὸν
3564 3604 3698 3657 Θεὸν
3722 3643 3739 3668 ,

2165 3704 2458 3775 ἀσώματον
2503 3704 2623 3774 μὲν.
2650 3702 2744 3755 καὶ
2767 3700 2950 3765 ἄυλον,
3004 3699 3099 3753 καὶ
3127 3698 3407 3761 αὐτόνουν,
3458 3694 3655 3763 μᾶλλον
3684 3693 3743 3745 δὲ

2164 3798 2305 3869 ὑπὲρ
2325 3796 2469 3860 νοῦν,
2505 3796 2602 3849 καὶ
2636 3795 2813 3849 πάντα
2842 3793 3000 3861 λόγον
3024 3791 3157 3846 ὄντα
3200 3790 3301 3862 τὴν
3346 3789 3526 3858 φύσιν·
3557 3804 3745 3859 τροπι-

2164 3888 2402 3959 κὼτερον
2438 3887 2496 3940 δὲ
2525 3886 2619 3941 καὶ
2644 3884 2881 3955 πνεῦμα,
2911 3883 3007 3938 καὶ
3060 3882 3194 3955 πῦρ,
3236 3881 3331 3935 καὶ
3363 3880 3499 3949 φῶς,
3528 3879 3623 3932 καὶ
3653 3877 3744 3929 ἄλ-

2162 3979 2282 4044 λαις
2309 3980 2418 4032 τισὶ
2457 3977 2850 4049 προσηγορίαις
2871 3976 3094 4047 θνηταῖς
3145 3975 3337 4037 ἀκοαῖς
3388 3970 3743 4042 καταλλήλοις

2161 4068 2580 4139 ὀνομαζόμενον,
2608 4067 2871 4136 ἀγγέλους
2900 4065 3037 4135 δῆτα
3077 4064 3172 4118 καὶ
3225 4061 3617 4136 ἀρχαγγέλους,
3650 4059 3745 4112 καὶ

2162 4144 2464 4233 πνεύματα,
2502 4162 2597 4214 καὶ
2622 4162 2774 4224 θείας
2805 4160 3085 4229 δυνάμεις,
3142 4156 3239 4211 καὶ
3285 4153 3543 4226 στρατιὰς
3573 4152 3741 4224 οὐρα-

2161 4255 2326 4318 νίους,
2351 4254 2525 4324 ἀρχάς
2557 4270 2615 4307 τε
2641 4253 2735 4305 καὶ
2766 4249 3033 4315 ἐξουσίας,
3064 4249 3159 4302 καὶ
3185 4248 3427 4319 Θρόνους,
3459 4244 3554 4298 καὶ
3588 4260 3744 4315 κυρι-

473 4343 577 4401 lies
633 4355 857 4402 centena
892 4348 1061 4401 millia
1113 4348 1446 4404 assistebant
1479 4349 1528 4401 ei
1563 4347 1665 4400 ⁸⁸.»
1710 4347 1846 4400 Dum
1904 4346 2052 4401 enim

2170 4345 2378 4414 θεητας,
2406 4344 2480 4406 ὡς
2507 4342 2573 4395 ἂν
2603 4341 2829 4413 μυρίους
2862 4339 2955 4391 ἐπὶ
3007 4337 3221 4409 μυρίοις
3257 4335 3491 4407 ἀστέρας
3543 4349 3602 4385 τε
3648 4332 3742 4386 καὶ

473 4434 592 4507 ipse
618 4451 784 4490 unum
806 4436 1041 4506 aliquem
1073 4452 1359 4493 numerum
1382 4438 1649 4508 assignat,
1679 4438 1919 4492 rationes
1943 4436 2056 4490 sin-

472 4528 728 4600 gulorum
756 4544 947 4583 omnes
979 4531 1403 4598 comprehensas
1437 4529 1606 4582 Deum
1648 4529 1850 4584 habere
1883 4527 2056 4598 signi-

473 4625 643 4691 ﬁcat;
676 4624 805 4678 dum
836 4639 964 4679 vero
997 4624 1499 4679 bismultitudinem
1522 4624 1707 4679 verbis
1737 4624 2051 4689 adumbrat,

472 4718 625 4772 nullo
651 4732 682 4771 a
715 4716 874 4771 nobis
906 4731 1028 4771 eam
1054 4725 1203 4770 certo
1242 4730 1471 4770 numero
1512 4714 1731 4770 deliniri
1765 4731 1927 4786 posse
1954 4715 2051 4769 de-

472 4816 761 4863 monstrat.
819 4805 955 4859 Nam
988 4820 1109 4874 qua:
1144 4805 1354 4860 inlinita
1390 4817 1543 4871 sunt,
1587 4821 1651 4859 ea
1697 4805 1933 4875 quodam
1966 4806 2049 4858 lo-

2160 4435 2474 4506 φωστῆρας,
2504 4432 2601 4496 τὰς
2628 4432 2818 4503 νοερᾶς
2852 4429 2949 4483 καὶ
2975 4427 3196 4497 λογικὰς
3218 4426 3403 4488 οὐσίας
3428 4426 3476 4477 οἱ
3498 4422 3631 4477 Θεοῦ
3651 4422 3744 4475 λόσ·

2158 4543 2246 4595 γοι
2271 4524 2678 4594 προσειπόντες,
2706 4522 2894 4592 ἄρχειν
2917 4519 3170 4573 ἀπάντων
3198 4518 3291 4571 καὶ
3312 4517 3623 4569 ἐπιστατεῖν
3652 4514 3743 4567 τὸν

2156 4617 2254 4687 τῆς
2293 4614 2639 4685 δικαιοσύνης
2674 4612 2838 4682 φασὶν
2864 4610 3014 4679 ἥλιον
3034 4649 3048 4673 ,
3074 4609 3169 4661 καὶ
3195 4607 3256 4661 τὸ
3282 4606 3471 4660 τούτου
3509 4605 3741 4673 σύζυγον

2159 4708 2313 4778 ἅγιον
2343 4706 2586 4777 Πνεῦμα.
2620 4704 2702 4758 Τὰ
2733 4703 2790 4757 δὲ
2818 4704 2993 4755 πάντα
3024 4700 3236 4771 ἀθρόως
3291 4697 3440 4768 αύτῷ
3485 4695 3600 4767 Υίῷ
3645 4696 3741 4750 καὶ

2157 4801 2299 4873 ἁγίῳ
2320 4799 2620 4870 Πνεύματι,
2652 4796 2891 4867 νοεράτε
2920 4793 3038 4859 ζῶα
3080 4792 3176 4846 καὶ
3222 4790 3438 4859 λογικὰ,
3493 4791 3590 4843 σὺν
3646 4788 3741 4840 καὶ

471 4893 676 4963 quendi
726 4894 911 4958 modo,
951 4894 1045 4964 qui
1092 4907 1379 4949 excessum
1435 4894 1589 4948 illum
1647 4904 1824 4959 sonet,
1879 4895 2050 4949 millia

2170 4896 2265 4956 τοῖς
2292 4893 2413 4945 κατ’
2447 4889 2676 4962 οὐρανὸν
2700 4885 3069 4958 φαινομένοις,
3091 4884 3321 4955 οὐρανόν
3353 4899 3414 4935 τε
3442 4881 3625 4944 αὑτὸν,
3644 4880 3741 4934 καὶ

475 4987 634 5057 vulgo
653 4985 910 5040 dicimus.
941 4985 1095 5039 Alius
1118 4984 1243 5038 item
1271 4985 1555 5055 propheta,
1575 5001 1701 5040 cum
1724 4986 2048 5055 deipsarum

2170 4986 2250 5038 ἱσα
2283 4983 2430 5038 ἔνδον
2456 4978 2611 5046 οὗτος
2659 4985 2717 5036 ὲν
2751 4980 2901 5051 αύτῷ
2951 4974 3262 5048 περιλαϐὼν
3307 4975 3441 5046 ἔχει,
3494 4973 3639 5044 μόνῳ
3667 4972 3748 5043 τῷ

473 5086 669 5133 natura
712 5078 1026 5144 dissereret,
1058 5077 1371 5131 universum
1400 5087 1702 5143 auctorem,
1736 5080 1814 5133 uti
1841 5079 2055 5133 theolo-

2170 5078 2244 5129 ;π“ι
2266 5075 2487 5129 πάντων
2508 5073 2629 5145 Θεῷ
2654 5072 2732 5144 τῷ
2763 5072 2852 5127 διὰ
2886 5070 3103 5124 πάντων
3140 5068 3234 5123 καὶ
3257 5068 3317 5122 ὲν
3345 5067 3478 5119 πᾶσι
3512 5061 3751 5135 παμϐα-

470 5184 599 5238 gum
616 5171 788 5235 decet,
806 5170 877 5223 ita
895 5168 1232 5239 compellat,t
1256 5168 1503 5236 Domine,
1519 5168 1853 5239 inquitlDeus
1867 5184 2046 5233 meus,

2170 5168 2313 5234 σιλεῖ,
2341 5168 2433 5220 καὶ
2464 5165 2825 5237 πανηγεμόνι,
2880 5164 2975 5218 καὶ
3020 5161 3180 5232 αἰτίῳ
3213 5160 3324 5214 τῶν
3348 5158 3506 5221 ὅλων,
3556 5158 3635 5219 ὡς
3681 5156 3752 5210 ἂν

468 5273 635 5327 quam
668 5258 1044 5331 magniﬁcatus
1071 5273 1129 5313 es
1163 5260 1530 5322 vehementer,
1559 5258 1958 5315 confessionem
1994 5268 2051 5314 et

2170 5258 2473 5331 Βημιουργῷ
2528 5259 2767 5322 πάντων,
2804 5258 3000 5326 ποιητῇ
3034 5272 3094 5308 τε
3128 5254 3222 5308 καὶ
3282 5250 3596 5323 φροντιστῇ,
3655 5247 3748 5301 καὶ

471 5350 930 5417 magniﬁcentiam
968 5350 1215 5414 induisti,
1260 5350 1496 5404 amictus
1530 5351 1738 5405 lumine
1782 5351 1923 5406 sicut
1956 5364 2051 5404 ve-

2170 5353 2385 5424 σωτῆρι,
2419 5352 2511 5405 τὸν
2544 5351 2825 5421 πρέποντα
2858 5347 3027 5419 ὕμνον
3078 5348 3174 5401 καὶ
3226 5344 3326 5415 τὴν
3359 5340 3636 5413 προσήκου
3650 5355 3752 5391 σαν

470 5440 754 5495 stimento;
782 5443 875 5511 qui
899 5443 1144 5498 extendis
1163 5444 1360 5498 caelum
1385 5443 1526 5498 sicut
1556 5444 1770 5513 pellem,
1796 5441 2046 5514 quifacis

2170 5442 2455 5511 θεολογίαν,
2488 5443 2520 5512 ἡ
2554 5440 2671 5495 θεία
2708 5444 2801 5494 καὶ
2834 5437 3149 5510 προφητικὴ
3203 5431 3395 5505 Γραφὴ
3423 5430 3604 5500 νέμειν
3644 5440 3747 5476 παι-

554 5619 591 5645 δ’
616 5616 758 5671 l'sal.
787 5634 963 5684 ελεγι,
1000 5619 1054 5674 4.
1149 5619 1193 5650 ⁸⁸
1219 5619 1356 5673 Dan.
1390 5634 1484 5686 vn,
1524 5617 1605 5673 l0.

3876 6182 4156 6432 Α.
