4166 6472
473 390 578 445 553
1659 388 1980 447 ΡΒᾹΞΡΑΒ.

2118 389 2273 452 ANG.
2315 391 2441 452 LIB.
2488 394 2596 454 Vll.
3615 402 3715 457 554

462 502 835 575 ρακελεύεται,
864 502 1165 575 φάσκουσα’
1220 524 1239 558 ι
1262 505 1473 561 Αἰνεῖτε
1521 507 1611 561 τὸν
1666 509 1799 563 Θεὸν
1840 512 1905 563 ὲκ
1935 510 2011 570 τῶ

2145 514 2365 588 angelos
2380 525 2499 573 tuos
2514 518 2758 589 spiritus,
2769 528 2821 573 et
2834 518 3115 576 ministros
3141 526 3267 577 tuos
3278 518 3555 576 ﬂammam
3581 519 3719 588 ignis

457 594 724 667 οὐρανῶν,
749 599 949 651 αἰνεῖτε
971 598 1134 651 αὑτὸν
1161 599 1219 651 ἐν
1275 603 1387 662 τοῖς
1420 600 1682 670 ὑψίστοις.
1714 605 1922 657 Αἰνεῖτε
1946 604 2013 658 αὐ

2132 600 2199 657 ⁸¹.
2223 622 2241 655 ι
2263 598 2449 674 Neque
2480 612 2660 661 tamen
2688 604 2987 669 existimes,
3006 611 3230 657 naturas
3257 602 3377 657 illas
3393 615 3460 655 ex
3480 600 3701 654 mortali

457 686 569 749 τὸν,
605 688 804 752 πάντες
845 689 1066 758 ἄγγελοι
1102 689 1288 755 αὐτοῦ,
1340 693 1537 744 αἰνεῖτε
1565 692 1746 757 αὐτὸν,
1776 696 1948 748 πᾶσαι
1985 713 2013 748 α

2132 693 2237 749 hoc
2256 703 2310 749 et
2334 704 2550 751 terreno
2571 696 2713 767 igne,
2738 704 2832 750 aut
2851 711 2915 749 ex
2937 694 3111 750 ventis
3134 692 3278 747 aeria
3300 698 3354 746 et
3367 691 3597 747 rationis
3612 706 3704 747 ex-

456 776 714 849 δυνάμεις
738 780 923 834 αὑτοῦ.
958 781 1166 834 Αἰνεῖτε
1200 782 1550 854 αύτὸν,ῆλιος
1583 785 1678 837 καὶ
1712 786 1928 858 σελήνη,
1958 788 2013 841 αἰ

2131 791 2282 855 perte
2292 786 2595 841 substantia
2613 786 2849 857 praeditis
2864 801 2986 841 esse
3000 771 3280 841 conﬂatas.
3299 783 3405 839 Sed
3426 783 3703 854 quomodo

457 872 598 923 νεῖτε
627 870 813 939 αὑτὸν,
842 871 1020 926 πάντα
1045 872 1114 926 τὰ
1133 872 1307 944 ἄστρα
1329 874 1423 927 καί
1440 875 1501 927 τὸ
1529 876 1660 945 φῶς.
1691 878 1897 930 Αἰνεῖτε
1940 880 2007 932 αὐ

2134 877 2301 932 Deum
2318 881 2493 950 ipsum
2508 880 3186 951 nuncupare327solent,
3206 879 3435 949 quicum
3457 877 3706 946 incorpo-

456 960 567 1025 τὸν,
596 962 646 1015 οἰ
675 964 895 1034 οὐρανοὶ
922 964 1033 1018 τῶν
1058 964 1320 1037 οὐρανῶν,
1367 967 1461 1020 καὶ
1484 967 1550 1021 τὰ
1582 967 1749 1021 ὕδατα
1779 968 2042 1042 τά-ύπερ-

458 1050 568 1105 ἀνω
612 1052 718 1105 τῶν
767 1053 1011 1125 οὐρανῶν
1064 1056 1433 1112 αἰνεσάτωσαν
1483 1057 1545 1110 τὸ
1594 1057 1767 1129 ὄνομα
1806 1058 2034 1131 Κυρίου.

387 1220 391 1229 ί
458 1142 580 1198 Ὅτι
607 1146 773 1210 αὐτὸς
793 1142 935 1213 εἷπε,
970 1148 1065 1201 καὶ
1091 1150 1476 1222 ἐγεννήθησαν·
1511 1146 1673 1215 αὐτὸς
1712 1151 2034 1215 ἐνετείλατο,

455 1236 549 1290 καὶ
572 1237 921 1310 ἐκτίσθησαν.
954 1241 1221 1312 Ἔστησεν
1281 1243 1422 1311 αύτά
1450 1244 1530 1306 εἰς
1568 1242 1659 1296 τὸν
1717 1241 1910 1307 αἰῶνα,
1944 1242 2037 1294 καὶ

452 1328 533 1392 εἰς
557 1329 648 1382 τὸν
675 1330 848 1385 αἰῶνα
869 1326 972 1385 ’τοῦ
1028 1332 1243 1398 αἰῶνος⁸
1276 1334 1678 1407 προστάγματα
1729 1334 1901 1397 ἔθετο,
1941 1335 2036 1387 καὶ

451 1421 512 1475 οὐ
548 1421 1000 1495 παρελεύσεται.»
1031 1426 1268 1481 Τοιαῦτα
1292 1427 1386 1481 καὶ
1418 1427 1485 1481 τὰ
1505 1426 1659 1497 παρά
1690 1426 1799 1480 τῶν
1825 1424 2035 1498 Ἐϐραί-

450 1528 524 1564 ων
550 1511 817 1585 δόγματα,
844 1515 880 1569 ἃ
899 1517 997 1587 τῆς
1025 1517 1290 1590 Ἐλλήνων
1316 1519 1575 1573 πολυθέου
1599 1518 1693 1572 κει)⁸
1714 1517 2034 1590 δαιμονικῆς

450 1603 659 1675 πλάνης
688 1609 1193 1680 προτετιμήκαμεν,
1228 1609 1377 1675 θείας
1416 1611 1513 1682 μὲν
1543 1611 1801 1681 δυνάμεις
1828 1611 2033 1682 ὑπηρεο

447 1695 603 1758 τικάς
634 1695 729 1749 τοῦ
760 1698 1148 1768 παμϐασιλέως
1178 1698 1337 1766 Θεοῦ,
1395 1702 1491 1755 καὶ
1546 1701 1926 1771 λειτουργικάς
1955 1700 2033 1753 ει-

444 1785 615 1850 δότες,
642 1787 735 1841 καὶ
760 1780 899 1842 κατά
920 1790 980 1843 τὸ
1009 1790 1285 1863 προσῆκον
1313 1793 1600 1863 τιμῶντες,
1637 1794 1796 1865 μόνον
1824 1794 1881 1846 δὲ
1896 1793 2030 1847 Θεὸν

2137 983 2343 1037 rcus,et
2358 973 2425 1029 ab
2439 974 2588 1029 omni
2607 982 2851 1030 secretus
2872 972 3097 1027 materia
3116 973 3206 1036 sit,
3223 986 3287 1026 ac
3303 985 3456 1026 mens
3471 985 3569 1040 per
3582 983 3705 1026 sese

2134 1071 2297 1125 totus,
2309 1065 2419 1119 imo
2430 1082 2557 1120 vero
2573 1074 2803 1121 mentem
2817 1079 3029 1120 omnem
3046 1070 3207 1133 atque
3218 1062 3482 1118 rationem
3494 1068 3705 1115 natura:

2134 1156 2465 1227 perfectione
2498 1158 2790 1221 transiliat,
2828 1157 3210 1227 metaphoricis
3234 1166 3412 1211 tamen
3453 1153 3702 1224 spiritus,

2134 1248 2296 1317 ignis,
2328 1249 2487 1315 lucis,
2510 1259 2672 1320 atque
2705 1250 2827 1306 aliis
2864 1250 3136 1320 ejusmodi
3173 1249 3430 1304 mortales
3453 1248 3507 1302 in
3542 1260 3705 1302 aures

2134 1341 2453 1397 cadentibus
2477 1343 2789 1398 nominibus
2815 1343 3133 1413 appellatur.
3158 1342 3234 1398 ita
3264 1342 3422 1413 plane
3456 1340 3702 1412 angelos,

2135 1433 2509 1505 archangelos,
2531 1435 2777 1504 spiritus,
2802 1436 3014 1491 divinas
3042 1437 3287 1500 virtutes,
3327 1434 3578 1489 caelestes
3607 1442 3706 1515 er-

2134 1514 2340 1569 ercitus
2363 1556 2378 1581 ,
2413 1515 2752 1584 principatus
2777 1555 2793 1579 ,
2830 1515 3088 1579 thronos,
3125 1513 3526 1568 dominationes
3552 1555 3567 1581 ,
3612 1513 3709 1583 pe-

2133 1605 2290 1660 rinde
2322 1614 2487 1677 atque
2518 1606 2728 1660 infinita
2767 1606 3017 1676 quiedam
3056 1619 3285 1674 seseque
3320 1604 3710 1673 consequentia

2132 1697 2413 1753 stellarum
2445 1713 2509 1753 ac
2539 1698 2807 1752 lmninum
2832 1711 3062 1769 genera,
3091 1696 3364 1766 spiritales
3393 1710 3458 1750 ac
3480 1695 3710 1752 rationis

2132 1799 2411 1860 compotes
2457 1797 2718 1854 naturas,
2773 1805 2898 1845 cum
2947 1804 3118 1843 sacrae
3166 1788 3359 1843 littera:
3401 1784 3706 1851 nominant,

443 1875 851 1947 ὁμολογοῦντες,
882 1880 977 1933 καὶ
1011 1881 1169 1951 μόνον
1200 1883 1405 1937 ἐκεῖνον
1433 1882 1699 1946 σέϐοντες,
1730 1882 1788 1937 ὃν
1815 1880 1907 1936 καὶ
1930 1880 2013 1935 αὖ·

2131 1891 2247 1937 tum
2271 1897 2400 1940 vero
2429 1881 2641 1937 cunctis
2666 1881 2893 1951 justitiae
2933 1881 3125 1945 solem,
3152 1879 3505 1950 ejusdemque
3534 1876 3707 1949 gemi-

442 1966 534 2029 τὸς
564 1968 812 2039 οὐρανὸς,
846 1971 940 2022 καὶ
969 1970 1038 2023 τά
1067 1971 1187 2025 κατ’
1213 1971 1441 2045 οὐρανὸν
1466 1973 1700 2036 ἅπαντα,
1726 1971 1794 2026 τά
1822 1990 1883 2025 τε
1906 1972 2027 2025 ἐπέι

442 2075 598 2114 κεινα
623 2061 853 2133 οὐρανοῦ
889 2061 1066 2117 σέϐειν
1096 2064 1190 2116 καὶ
1240 2064 1428 2135 ὑμνεῖν
1461 2064 1555 2118 καί.
1611 2064 1880 2135 θεολογεῖν
1913 2064 2022 2117 ἐδι-

440 2151 730 2223 δάχθη·ὃτι
760 2154 853 2207 καὶ
879 2155 1040 2220 αὐτὸς
1068 2159 1095 2210 ὁ
1125 2157 1437 2228 Μονογενὴς
1465 2157 1559 2211 τοῦ
1589 2158 1723 2212 Θεοῦ
1749 2158 1843 2213 καὶ
1867 2159 2024 2231 Πρω-

440 2244 660 2308 τότοκος
691 2244 798 2297 τῶν
824 2245 982 2310 ὅλων,
1014 2249 1047 2318 ἡ
1082 2248 1298 2301 πάντων
1339 2247 1502 2320 ἀρχὴ,
1554 2247 1646 2302 τὸν
1692 2248 1860 2303 αὑτοῦ
1910 2250 2024 2303 Πα-

440 2334 575 2406 τέρα
609 2335 767 2406 μόνον
792 2337 1039 2407 ἡγεῖσθαι
1092 2333 1226 2392 Θεὸν
1273 2339 1471 2412 ἀληθῆ,
1507 2339 1601 2394 καὶ
1654 2341 1813 2412 μόνον
1843 2340 2021 2396 σέϐειν

441 2426 572 2496 ἡμῖν
602 2426 1053 2498 παρακελεύεται.

2130 1990 2261 2029 num
2288 1981 2342 2028 et
2363 1981 2673 2028 consortem
2700 1983 2952 2027 sanctum
2986 1973 3138 2026 illum
3172 1971 3435 2041 Spiritum
3473 1978 3709 2041 praeesse

2131 2073 2297 2136 atque
2346 2064 2616 2133 imperare
2659 2063 2875 2117 docent.
2943 2060 3230 2117 Postremo
3257 2060 3422 2117 simul
3451 2060 3707 2115 universa

2130 2157 2485 2221 cohortatur,
2525 2163 2587 2210 ut
2636 2169 2760 2210 cum
2811 2155 3000 2209 eodem
3064 2153 3202 2208 Filio
3256 2159 3555 2222 sanctoque
3584 2146 3707 2222 Spi-

2128 2250 2261 2316 ritu,
2296 2249 2570 2319 spiritales
2595 2262 2816 2318 quoque
2848 2254 2902 2300 et
2922 2246 3151 2302 rationis
3182 2246 3421 2317 praedita;
3456 2246 3705 2301 animan-

2130 2345 2234 2404 tes,
2270 2350 2634 2406 quazcumqne
2664 2335 2868 2403 pariter
2916 2338 2971 2388 in
3003 2335 3143 2389 coelo
3190 2334 3460 2398 visuntur,
3496 2334 3706 2403 ipsum~

2128 2444 2237 2500 que
2266 2428 2404 2483 adeo
2429 2428 2630 2482 caelum
2652 2468 2666 2492 ,
2697 2441 2927 2496 quaeque
2954 2427 3161 2481 ambitu
3185 2441 3283 2482 suo
3304 2427 3701 2498 comprehensa

440 2526 585 2572 tenet
612 2519 816 2585 omnia,
851 2520 1168 2589 praepotenti
1203 2521 1297 2575 uni
1316 2520 1444 2587 Deo,
1474 2537 1796 2594 summoque
1825 2539 2008 2580 rerum
2047 2523 2292 2580 omnium
2328 2519 2440 2591 regi
2470 2533 2534 2575 ac
2595 2518 2823 2589 principi
2853 2557 2869 2582 ,
2922 2526 3354 2586 cunctarumque
3407 2518 3698 2588 principio,

440 2618 698 2679 tanquam
726 2612 982 2679 molitori,
1014 2614 1332 2682 architecto,
1367 2616 1692 2671 moderatori
1730 2632 1796 2673 ac
1856 2618 2123 2674 servatori
2177 2615 2575 2678 universorum,
2643 2611 3059 2668 convenientem
3119 2611 3402 2683 hymnum,
3432 2623 3488 2666 et
3516 2626 3703 2682 prom~

436 2710 586 2767 ptum
618 2719 745 2759 vera
767 2720 833 2760 ex
867 2707 1139 2779 theologia
1171 2724 1392 2764 carmen
1425 2710 1738 2782 conjunctis
1789 2714 2015 2769 vocibus
2054 2712 2424 2775 modulentur,
2455 2710 2541 2765 his
2566 2708 2746 2763 verbis
2777 2724 2792 2761 :
2834 2724 2853 2758 ι
2890 2706 3133 2762 Laudate
3168 2706 3340 2762 Deum
3398 2708 3467 2763 de
3518 2706 3698 2776 oculis,

436 2796 653 2854 laudate
679 2814 806 2855 eum
847 2801 903 2856 in
937 2805 1190 2861 excelsis.
1234 2802 1472 2862 Laudate
1500 2822 1649 2874 eum,
1689 2823 1881 2865 omnes
1910 2810 2111 2880 angeli
2179 2808 2335 2879 ejus;
2394 2805 2610 2860 laudate
2656 2819 2804 2870 eum,
2861 2817 3053 2871 omnes
3079 2803 3310 2858 virtutes
3335 2803 3475 2874 ejus.
3547 2804 3695 2859 Laur-

435 2894 559 2949 date
585 2910 743 2961 eum,
770 2897 852 2952 sol
879 2907 934 2952 et
957 2898 1085 2953 luna
1106 2941 1122 2965 ,
1166 2899 1384 2956 laudate
1429 2915 1554 2956 eum
1575 2939 1594 2968 ,
1643 2918 1835 2959 omnes
1893 2905 2063 2959 stellae
2097 2917 2153 2958 et
2186 2903 2391 2958 lumen.
2432 2899 2676 2954 Laudate
2701 2914 2826 2954 eum
2850 2936 2864 2965 ,
2897 2898 3020 2952 coeli
3076 2898 3374 2967 cmlorum;
3422 2905 3476 2953 et
3516 2913 3694 2971 aquae,

432 3005 556 3060 qute
596 3008 761 3062 super
809 2995 981 3049 cmlos
1030 3004 1192 3064 sunt,
1240 2996 1465 3052 laudent
1521 2990 1721 3053 nomen
1771 2996 2010 3055 Domini.
2050 2998 2190 3066 Quia
2221 2999 2338 3069 ipse
2383 2996 2552 3060 dixit,
2618 3003 2674 3050 et
2701 2994 2844 3049 facta
2885 3001 3046 3060 sunt;
3104 2994 3219 3063 ipse
3278 2994 3588 3062 mandavit,
3638 3006 3695 3052 et

430 3090 612 3137 creata
643 3092 790 3138 sunt.
829 3083 1031 3139 Statuit
1072 3101 1137 3141 ea
1181 3086 1236 3140 in
1262 3095 1523 3142 aeternum
1548 3129 1563 3154 ,
1596 3098 1651 3144 ct
1692 3088 1747 3144 in
1798 3090 2060 3146 saeculum
2097 3085 2283 3144 szcculi
2313 3092 2686 3156 spraeceptum
2733 3083 2936 3154 posuit,
2982 3092 3172 3138 etnon
3225 3086 3521 3154 praeteribit
3549 3085 3619 3142 θ’.
3666 3106 3685 3139 ι

431 3177 560 3235 Haec
601 3194 704 3236 nes
752 3181 919 3236 etiam
969 3179 1320 3237 Hebraeorum
1349 3183 1603 3255 dogmata
1650 3187 2016 3256 suscepimus,
2055 3199 2227 3255 eaque
2251 3181 2566 3238 Graecorum
2595 3194 2803 3243 errore,
2840 3180 2934 3248 qui
2992 3178 3221 3234 deorum
3282 3182 3690 3239 multitudinem

428 3274 772 3331 daemonibus
796 3276 1118 3334 auctoribus
1147 3279 1458 3348 invexerat,
1510 3282 1723 3351 potiora
1760 3281 2040 3338 duximus.
2081 3280 2292 3351 Quippe
2315 3318 2331 3342 ,
2359 3291 2483 3332 cum
2514 3273 2729 3330 divinas
2777 3273 3042 3346 quasdam
3081 3290 3146 3329 ac
3196 3273 3289 3329 Dei
3339 3279 3691 3347 praepotentis

428 3366 665 3424 famulas
701 3368 1166 3441 administrasque
1217 3373 1446 3429 virtutes
1525 3388 1926 3447 agnoscamus,
1985 3388 2051 3429 ac
2089 3389 2249 3429 suum
2273 3370 2341 3426 iis
2369 3370 2689 3442 justumque
2714 3368 2977 3422 honorem
3012 3366 3351 3435 tribuamus;
3400 3377 3512 3425 tum
3561 3383 3690 3427 vero

427 3456 599 3516 Deum
643 3462 797 3517 illum
839 3460 1077 3518 fatemur
1105 3480 1297 3530 unum,
1329 3483 1610 3538 unumque
1642 3481 1986 3534 veneramur,
2027 3481 2193 3537 quem
2250 3464 2431 3535 ipsum
2461 3475 2682 3532 quoque
2704 3460 2926 3527 cmlum,
2956 3474 3187 3529 quaeque
3219 3462 3304 3514 vel
3359 3461 3501 3516 caelo
3555 3479 3690 3518 cond

427 3554 690 3621 tinentur,
708 3557 791 3611 vel
810 3572 973 3629 supra
1000 3560 1199 3616 coelum
1251 3562 2042 3629 versantur,omnia,venerari,
2083 3561 2383 3626 celebrare,
2419 3557 2588 3613 Deum
2633 3556 2951 3627 praedicare,
3010 3555 3305 3626 testarique
3343 3557 3684 3615 didicerunt:

425 3653 919 3726 cumipsequoque
955 3655 1052 3712 Dei
1072 3655 1395 3730 Unigenitus
1431 3661 1597 3726 idem,
1643 3661 1962 3716 etomnium
2008 3658 2445 3730 Primogenitus,
2483 3669 2781 3725 rerumque
2814 3653 3146 3724 principium
3175 3653 3573 3721 universarum,
3608 3661 3689 3712 uti

427 3743 641 3803 Patrem
663 3764 823 3805 suum
842 3758 899 3806 et
931 3751 1109 3806 solum
1138 3768 1325 3808 verum
1357 3769 1479 3810 esse
1516 3755 1688 3811 Deum
1729 3770 2115 3828 agnoscamus,
2161 3760 2217 3809 et
2266 3749 2743 3813 solummolamus,
2769 3762 2868 3803 sua
2910 3761 3012 3801 nos
3052 3747 3301 3801 oratione
3349 3748 3685 3808 cohortctur.

917 3842 1312 3896 ΚΕΦΑΛΑΙΟΝ
1354 3845 1473 3911 ις’.

2579 3838 2747 3909 328
2801 3835 3032 3894 CAPUT
3065 3835 3208 3891 xvr.

657 3932 800 4001 Περὶ
827 3933 1247 4003 ἀντικειμένων
1285 3935 1397 4007 (85)
1427 3935 1758 4007 δυνάμεων.

2302 3931 2380 3987 De
2413 3932 2699 3987 contrariis
2726 3929 3146 3998 adversariisque
3176 3929 3478 3985 virtutibus.

495 4020 729 4078 Ἕπεται
756 4025 853 4079 καὶ
912 4027 1044 4096 περί
1074 4027 1174 4097 τῆς
1220 4029 1469 4093 ἐναντίας
1519 4029 1823 4101 δυνάμεως,
1878 4030 2002 4083 τίνα

2175 4021 2297 4079 1am
2326 4037 2458 4079 vero
2483 4022 2734 4092 sequitur
2755 4061 2772 4089 ,
2805 4028 2900 4087 ut,
2943 4035 3065 4090 qua:
3089 4019 3158 4073 de
3188 4020 3385 4076 virtute
3413 4022 3684 4079 contraria

425 4114 555 4167 ποτὲ
576 4114 646 4170 τὰ
678 4116 945 4188 Ἐϐραίων
975 4118 1131 4188 λόγια
1162 4120 1551 4191 παραδίδωσιν,
1575 4121 1997 4191 ἐπισκέψασθαι.

425 4203 536 4269 Τὰς
565 4208 663 4277 μὲν
691 4204 785 4262 οὖν
818 4209 969 4275 θείας
988 4212 1267 4283 δυνάμεις,
1290 4215 1520 4286 νεύματι
1551 4214 1652 4268 τοῦ
1682 4215 1895 4287 Πατρὸς
1922 4213 2000 4285 τῷ

424 4295 701 4368 σύμπαντι
741 4301 1056 4372 ὲφεστώσας
1116 4304 1327 4376 κόσμῳ,
1385 4305 1494 4360 «τά
1546 4321 1607 4359 τε
1655 4305 2002 4377 λειτουργικὰ

423 4389 709 4461 πνεύματα
733 4395 812 4457 εἰς
838 4394 1110 4449 διακονίαν
1141 4396 1576 4469 ἀποστελλόμενα
1609 4397 1697 4452 διὰ
1721 4399 1847 4462 τοὺς
1870 4397 2000 4469 μέλ-

422 4479 612 4548 λοντας
643 4485 1001 4558 κληρονομεῖν
1026 4487 1357 4558 βασιλείαν,›
1411 4489 1542 4554 τούς
1585 4506 1647 4543 τε
1681 4488 1860 4562 ἱεροὺς
1895 4491 1998 4559 ἀγ-

422 4570 611 4640 γέλους
635 4577 730 4631 τοῦ
753 4580 887 4634 Θεοῦ
908 4582 1003 4635 καὶ
1032 4582 1424 4654 ἀρχαγγέλους,
1453 4582 1634 4637 πᾶσάν
1663 4599 1725 4636 τε
1750 4582 1849 4655 τὴν
1885 4582 2001 4637 διά-

423 4674 578 4718 κονον
600 4669 707 4720 τῶν
752 4672 973 4741 ἀγαθῶν
1019 4674 1215 4746 νοεράν
1269 4674 1477 4740 οὐσίαν,
1509 4675 1778 4746 φωτεινὴν
1807 4670 1996 4741 οὖσαν,

422 4754 517 4807 καὶ
556 4755 776 4812 πάντων
830 4763 1100 4836 ὑπηρέτιν
1145 4764 1254 4819 τῶν
1291 4769 1371 4830 εἰς
1421 4765 1743 4839 ἀνθρώπους
1770 4768 1836 4821 ὲκ
1860 4766 1997 4821 Θεοῦ

419 4841 776 4915 δωρουμένων
809 4850 1046 4919 ἀγαθῶν,
1077 4855 1170 4909 τὸν
1199 4856 1549 4926 παμϐασιλεία
1596 4854 1815 4909 πάντων
1845 4856 2000 4928 δορυ»

420 4939 604 5006 φορεῖν
623 4938 775 4993 Θεόν·
788 4943 1021 4999 κᾶπειτα
1042 4946 1151 5000 τῶν
1180 4950 1301 5002 κατ’
1321 4948 1549 5022 οὐρανὸν
1572 4948 1727 5019 δίκην
1761 4949 1997 5021 ἄστρων,

417 5027 510 5082 τὸν
537 5031 688 5103 ἥλιον
724 5036 824 5106 τῆς
851 5037 1220 5112 δικαιοσύνης,
1256 5043 1350 5097 καὶ
1384 5043 1447 5097 τὸ
1476 5042 1709 5112 σύζυγον
1732 5041 1882 5114 αὐτῷ
1904 5043 1999 5096 καὶ

419 5119 575 5189 ἄτιον
603 5124 827 5197 Πνεῦμα
858 5133 1191 5202 περιπολεῖν,
1218 5133 1322 5204 τῆς
1378 5151 1439 5188 τε
1488 5133 1693 5188 τούτων
1732 5133 1999 5205 χορηγίας

2105 4113 2461 4171 Hebraeorum
2510 4113 2702 4169 littera
2754 4111 3144 4182 prodiderunt,
3194 4112 3504 4183 cujusmodi
3551 4114 3680 4179 sint,

2106 4209 2412 4264 videamus.
2471 4204 2945 4272 Quemadmodum
2975 4202 3142 4274 igitur
3173 4204 3387 4259 divinas
3416 4204 3537 4261 illas
3566 4206 3683 4260 vir-

2108 4309 2272 4367 tutes,
2301 4314 2423 4369 quae
2446 4296 2648 4365 summi
2677 4294 2854 4352 Patris
2879 4294 3102 4349 numine
3122 4294 3239 4350 orbi
3268 4297 3520 4351 universo
3544 4312 3683 4367 prze‘

2107 4389 2307 4454 sident,
2339 4387 2583 4457 adeoque
2610 4404 2629 4437 ι
2666 4385 3164 4440 administrator-ms
3194 4384 3315 4441 illos
3339 4386 3586 4457 spiritus,
3624 4389 3683 4443 in

2107 4478 2471 4534 ministerium
2501 4476 2703 4533 missos
2723 4516 2738 4540 ,
2780 4484 3001 4547 propter
3038 4489 3134 4532 eos
3180 4476 3277 4546 qui
3309 4476 3680 4534 haereditatem

2106 4566 2639 4638 capientsalutiss',»
2669 4566 2909 4636 itemque
2936 4580 3124 4621 sacros
3149 4564 3244 4620 Dei
3272 4566 3491 4637 angelos
3517 4576 3681 4638 atque

2107 4658 2487 4729 archangelos,
2519 4666 2777 4713 cunctam
2826 4655 3063 4727 denique
3113 4657 3409 4727 proborum
3442 4658 3679 4714 adminia

2106 4757 2276 4804 atram
2320 4747 2730 4819 spiritalemque
2770 4760 3055 4814 naturam,
3105 4764 3229 4820 quae
3257 4749 3533 4805 collucens
3560 4749 3680 4819 ipsa

2105 4853 2202 4908 per
2232 4854 2388 4904 sese,
2443 4853 2664 4909 operam
2710 4852 2927 4909 quoque
2970 4853 3127 4893 suam
3167 4855 3358 4894 eorum
3408 4837 3676 4905 omnium,

2105 4946 2227 5000 qua:
2253 4929 2513 4984 divinitus
2539 4930 2595 4984 in
2627 4930 2876 4984 homines
2897 4929 3213 4985 derivantur
3231 4969 3247 4999 ,
3292 4932 3562 4985 bonorum
3589 4929 3677 4984 di-

2106 5022 2305 5076 visioni
2328 5021 2708 5076 accommodat
2756 5040 2770 5075 z
2816 5021 3053 5091 primum
3084 5021 3302 5093 quidem
3330 5020 3678 5092 praepotentis

2106 5130 2289 5171 rerum
2329 5115 2575 5169 omnium
2621 5114 2964 5184 imperatoris
3007 5115 3178 5169 latera
3222 5114 3676 5185 praetorianorum

417 5212 512 5265 τοῦ
543 5218 720 5283 φωτὸς
748 5220 1059 5287 ἀπολαύειν,
1089 5225 1171 5279 διὸ
1194 5222 1289 5280 καὶ
1316 5226 1597 5298 φωστῆρσι
1618 5216 1730 5290 τοῖς
1757 5226 1876 5280 κατ’
1905 5226 1999 5279 οὑ-

2118 5206 2337 5260 nilitum
2367 5205 2421 5260 in
2456 5219 2666 5260 morem
2697 5205 2933 5276 cingere,
2964 5215 3078 5260 tum
3103 5207 3325 5275 perinde
3347 5221 3410 5261 ac
3435 5205 3677 5260 coelestia

420 5303 580 5375 ρανδν
606 5307 830 5374 εἰκότως
862 5314 1325 5384 παραϐάλλεσθαι.
1357 5315 1470 5388 Τὴν
1496 5317 1554 5370 δὲ
1575 5317 1642 5370 ἐκ
1662 5315 1866 5370 τούτων
1894 5330 1994 5370 πα·

419 5397 896 5471 ρατετραμμένην,
929 5403 1025 5457 καὶ
1055 5405 1158 5476 τῆς
1188 5404 1297 5459 τῶν
1327 5405 1652 5477 κρειττόνων
1682 5405 1900 5477 χορείας
1925 5405 1992 5459 δι’

330 5536 337 5542 .
415 5486 624 5543 οἰκείαν
650 5489 962 5562 φαυλότητα
1007 5494 1360 5567 στερομένην,
1406 5496 1595 5561 σκότος
1641 5514 1703 5550 τε
1731 5498 1852 5552 ἀντὶ
1879 5514 1993 5567 φω-

415 5577 508 5643 τὸς
536 5577 937 5650 ἀλλαξαμένην,
964 5580 1252 5656 ἔμπαλινῆ
1279 5586 1347 5640 τά
1379 5586 1592 5657 πρῶτα,
1632 5590 1753 5652 ταῖς
1782 5588 1991 5659 ἁρμοτ-

488 5687 827 5747 "Psal.cm
868 5691 925 5744 2.
997 5693 1515 5763 "Psal.cxt.vm,l.
1590 5695 1986 5766 "Hebr.t,i4.

2098 5296 2349 5369 quaedam
2370 5296 2548 5353 sidera
2567 5336 2582 5365 ,
2612 5297 2841 5367 justitiae
2870 5297 3063 5364 solem,
3095 5298 3325 5368 ejusque
3365 5307 3676 5354 consortem

2099 5400 2352 5446 sanctum
2383 5387 2644 5457 Spiritum
2674 5389 2913 5456 ambire,
2955 5403 3112 5444 suam
3135 5389 3204 5443 ab
3236 5397 3468 5459 utroque
3495 5387 3678 5444 lucem

2098 5479 2358 5546 haurire,
2390 5494 2454 5533 ac
2484 5478 2715 5548 proinde
2737 5494 2863 5534 cum
2906 5470 3015 5535 illis
3055 5479 3182 5533 cceli
3208 5477 3422 5535 facibus
3457 5478 3584 5550 jure
3610 5488 3681 5536 ac

2099 5571 2296 5627 merito
2324 5568 2561 5625 conferri
2585 5570 2803 5626 docent.
2865 5569 2957 5627 Sic
2984 5569 3219 5626 alterum
3251 5569 3386 5628 illud
3411 5569 3675 5627 virtutum

487 5824 603 5901 (85)
626 5827 766 5896 Περί
789 5828 1227 5900 ἀντικειμένων.
1265 5826 1395 5891 Vide
1418 5835 1598 5892 locum
1628 5834 1984 5908 persimilem,

2118 5844 2295 5899 nonat.
2321 5848 2500 5910 evang.
2528 5837 2624 5895 lib.
2657 5852 2732 5909 tv,
2758 5851 2808 5893 c.
2835 5836 2890 5893 9.

700 5919 976 5988 Paraoc.
1005 5924 1125 5987 Gn.
1162 5928 1342 5998 XXI.

3320 5933 3397 6000 18
