4166 6420
465 378 569 436 555

1093 373 1362 431 EUSEBII
1401 370 1882 430 CASSARIENSIS
1921 368 2072 427 OPP.
2114 369 2298 424 PARS
2329 368 2390 425 ll.
2434 396 2502 408 -·
2539 365 3049 424 APOLOGETICA.

3615 363 3722 422 556

463 516 657 574 genus,
686 499 828 566 quod
863 508 1234 553 transversum
1266 504 1469 560 actum,
1520 511 1548 548 a
1586 495 1874 549 meliorum
1908 509 2038 548 con-

2145 493 2360 556 τούσαις
2386 494 2453 563 τῇ
2482 491 2576 543 τοῦ
2620 491 2823 561 τρόπου
2862 489 3133 561 μοχθηρίᾳ
3191 485 3583 561 προσηγορίαις
3613 486 3724 540 δνο-

463 594 639 649 sortio
670 604 766 646 sua
788 603 909 646 sese
924 588 1081 657 culpa
1103 598 1157 643 et
1189 588 1529 658 improbitate
1554 584 1843 650 distraxit,
1892 585 2041 656 prio-

461 695 687 751 remque
710 681 887 734 lucem
910 695 1034 734 cum
1069 678 1308 734 tenebris
1344 679 1735 744 commutavit,
1767 678 2044 748 prioribus

463 773 683 844 quidem
707 771 1030 838 contrariis,
1061 771 1153 825 sed
1180 779 1360 826 tamen
1392 786 1515 825 cum
1547 771 1789 841 nequitia
1825 786 2040 825 morum

462 864 707 936 apprime
730 862 1154 933 congruentibus
1174 863 1487 918 nominibus
1508 864 1799 935 appellant.
1828 862 1893 916 Et
1920 878 2042 917 eum

461 958 701 1028 quidem,
733 956 826 1026 qui
864 957 1075 1026 primus
1102 956 1344 1011 omnium
1395 955 1581 1026 lapsus
1603 971 1726 1010 cum
1761 966 1924 1017 esset,
1961 970 2045 1010 re-

459 1049 639 1120 liquos
668 1048 1013 1118 postmodum
1067 1047 1122 1101 in
1166 1047 1410 1102 eamdem
1458 1063 1641 1102 secum
1675 1063 1703 1102 a
1727 1049 2045 1104 melioribus

461 1137 819 1193 defectionem
855 1145 1111 1198 traxerat.
1146 1137 1288 1206 quod
1321 1136 1390 1191 ab
1444 1137 1534 1193 illa
1581 1138 1890 1193 divinorum
1930 1139 2047 1209 pie-

461 1236 575 1284 tate
606 1230 660 1283 in
692 1238 866 1284 terras
911 1228 1137 1283 omnino
1184 1228 1522 1296 corruisset,
1574 1244 1640 1285 ac
1682 1231 1881 1301 partim
1926 1231 2046 1300 ejus

460 1319 686 1387 veneni,
711 1335 821 1389 quo
853 1319 1033 1374 scelus
1077 1319 1435 1390 impietasque
1473 1330 1680 1385 scatet,
1711 1334 1903 1377 auctor
1930 1321 2049 1391 ipse

462 1410 569 1466 sibi
601 1426 666 1465 ac
689 1409 908 1465 molitor
938 1408 1165 1472 fuisset,
1205 1411 1400 1479 partim
1434 1412 1687 1466 vecordia
1724 1427 1844 1468 sese
1876 1429 1941 1468 ac
1963 1425 2050 1469 te-

463 1500 648 1555 nebris
680 1500 1022 1555 voluntarius
1054 1499 1192 1555 lucis
1220 1500 1469 1556 desertor
1493 1501 1834 1569 involvisset,
1883 1504 2047 1559 modo

461 1593 754 1647 draconem
782 1601 944 1661 atque
978 1602 1307 1662 serpentem,
1361 1602 1539 1647 atrum
1572 1593 1721 1649 illum
1751 1610 1817 1650 ac
1852 1612 2049 1666 repen-

461 1693 570 1738 tem
596 1683 769 1749 humi,
812 1683 1137 1754 lethalisque
1171 1685 1365 1740 veneni
1397 1692 1708 1756 parentem,
1748 1688 1914 1743 modo
1946 1704 2047 1744 sae-

2147 582 2329 653 μάζει.
2366 583 2468 636 Τὸν
2498 580 2627 650 γοῦν
2655 580 3008 652 κατάρξαντα
3040 580 3143 648 τῆς
3175 576 3456 642 πτὼσεως,
3489 578 3640 649 αὐτῷ
3670 595 3728 632 τε

2144 675 2239 728 καὶ
2262 674 2468 746 ἑτέροις
2490 674 2590 745 τῆς
2612 673 2721 727 τῶν
2740 672 3064 745 κρειττόνων
3086 670 3417 735 ἀποστασίας
3439 671 3731 743 γενόμενον

2145 766 2338 833 αἴτιον,
2371 766 2448 830 ὡς
2476 765 2541 820 ἂν
2570 765 2744 819 διόλου
2777 765 2951 836 χαμαὶ
2972 765 3073 833 τῆς
3099 763 3213 819 τῶν
3242 764 3528 836 θειοτέρων
3572 765 3732 818 abce-

2145 859 2297 923 ϐείας
2324 858 2739 921 ἐκπεπτωκότα,
2771 857 2865 911 καὶ
2911 856 3111 920 κακίας
3147 857 3245 927 μὲν
3274 856 3375 921 ίοῦ,
3407 857 3502 911 καὶ
3543 856 3735 910 δυσσε-

2145 951 2296 1015 ϐείας
2320 950 2480 1005 αὐτὸν
2510 949 2661 1021 αὐτῷ
2690 950 3024 1022 δημιουργὸν
3061 948 3394 1012 ὑποστάντα,
3414 950 3639 1012 σκότους
3672 947 3733 1002 δὲ

2145 1040 2241 1092 καὶ
2270 1038 2494 1107 ἀλογίας
2532 1039 2763 1110 ποιητὴν
2812 1041 2877 1093 ἐκ
2904 1040 3002 1110 τῆς
3026 1038 3120 1093 τοῦ
3156 1040 3333 1109 φωτὸς
3374 1040 3732 1095 αὐθεκουσίου

2145 1131 2547 1208 ἀναχωρήσεως
2574 1131 2858 1200 γεγονότα,
2885 1130 3156 1202 δράκοντα
3188 1130 3285 1186 καὶ
3337 1131 3481 1202 ὅφιν,
3527 1130 3736 1203 μέλανά

2145 1237 2205 1274 τε
2236 1221 2331 1274 καὶ
2358 1221 2706 1293 ἐρπυστικδν,
2734 1221 2814 1274 ίοῦ
2836 1221 3211 1294 θανατηφόρου
3233 1222 3571 1296 γεννητικὸν,
3590 1222 3734 1294 θῆρά

2144 1333 2204 1369 τε
2232 1317 2443 1388 άγριον,
2477 1316 2574 1370 καὶ
2614 1317 3035 1389 ἀνθρωποϐὀρον
3066 1318 3276 1382 λέοντα,
3309 1319 3406 1372 καὶ
3446 1317 3607 1372 πάλιν
3639 1319 3731 1372 τὸν

2147 1411 2205 1463 ἐν
2234 1410 2483 1482 ἑρπετοῖς
2507 1409 2818 1480 βασιλίσκον
2850 1410 3145 1464 ἀποκαλεῖν
3196 1410 3405 1467 είωθεν.
3446 1411 3733 1465 ’Υπόθεσιν

2145 1500 2190 1554 δ’
2222 1501 2372 1572 αὐτῷ
2401 1519 2565 1571 φασιν
2586 1504 2635 1556 οἱ
2668 1502 2801 1556 θεῖοι
2842 1502 2989 1572 λόγοι
3019 1503 3301 1571 γεγονέναι
3341 1504 3440 1573 τῆς
3474 1501 3736 1557 ἀποπτῶ-

2150 1612 2286 1659 σεως
2340 1595 2537 1665 μανίαν
2596 1594 2810 1665 φρενῶν
2871 1595 2967 1649 καὶ
3003 1594 3245 1660 διανοίας
3310 1595 3585 1658 ἔκστασιν,
3625 1588 3730 1649 ὧδέ

2149 1702 2265 1748 πως
2288 1683 2424 1755 ὁμοῦ
2454 1684 2557 1756 τὴν
2589 1684 2796 1738 πτῶσιν
2820 1683 2987 1738 αὑτοῦ
3036 1685 3131 1739 καὶ
3161 1684 3260 1757 τὴν
3306 1684 3733 1757 φρενοϐλάϐειαν

459 1791 586 1831 vam
618 1775 1022 1846 immanemque
1048 1776 1243 1843 feram,
1272 1777 1518 1848 adeoque
1543 1778 1757 1834 leonem
1779 1782 2043 1850 sanguine

2146 1776 2517 1847 διηγούμενον
2577 1795 2596 1829 ι
2639 1776 2766 1840 Πῶς
2823 1776 3079 1842 ἐξέπεσεν
3135 1779 3200 1831 ἐκ
3267 1778 3361 1832 τοῦ
3420 1776 3651 1849 οὐρανοῦ
3701 1779 3732 1830 ό

462 1869 704 1923 humano
726 1844 961 1938 pastum,
999 1869 1162 1924 modo
1183 1844 1454 1939 reptilium
1493 1871 1657 1926 etiam
1687 1844 1933 1927 omnium
1959 1888 2043 1928 re-

2160 1844 2486 1941 Ἑωσφόρος,
2519 1871 2548 1923 ό
2580 1868 2726 1941 πρωῒ
2758 1870 3102 1935 ἀνατέλλων;
3138 1870 3437 1941 Συνετρίϐη
3458 1844 3550 1924 ἐπὶ
3575 1870 3681 1939 γῆν
3703 1871 3734 1923 δ

461 1960 650 2031 gutum
697 1960 983 2014 nominare
1028 1961 1224 2016 solent.
1277 1962 1544 2017 Caeterum
1580 1976 1690 2018 non
1729 1964 1891 2019 aliam
1923 1965 2045 2036 ejus

461 2059 574 2106 tam
608 2050 809 2108 funesti
848 2052 1035 2122 lapsus
1079 2053 1264 2108 divina
1313 2055 1648 2110 monimenta
1705 2070 1927 2111 causam
1958 2059 2048 2113 ha-

461 2143 611 2211 bent,
657 2159 823 2214 qnam
871 2144 1115 2200 furorem
1164 2147 1455 2217 quemdam
1487 2147 1679 2214 animi,
1737 2149 2047 2219 mentisque

461 2236 766 2303 vesaniam,
800 2238 930 2292 dum
960 2238 1203 2307 ejusdem
1231 2248 1285 2293 et
1309 2254 1472 2295 casus
1506 2241 1854 2311 gravitatem,
1885 2249 1939 2297 et
1966 2242 2044 2295 in-

463 2329 634 2385 sauia:
660 2330 1088 2400 magnitudinem
1122 2331 1195 2385 ita
1224 2343 1629 2402 prosequuntur
1663 2354 1675 2389 :
1708 2353 1728 2387 ι
1758 2333 2047 2401 Quomodo

462 2422 661 2478 cecidit
689 2423 756 2478 de
785 2422 926 2478 cmlo
955 2420 1195 2486 Lucifer,
1236 2424 1331 2493 qui
1365 2439 1524 2479 mane
1552 2424 1865 2480 oriebatur?
1909 2426 2045 2480 Alli-

463 2528 560 2569 sus
594 2513 758 2569 estin
790 2524 990 2569 terram
1013 2554 1029 2581 ,
1074 2516 1169 2585 qui
1216 2516 1465 2571 mittebat
1503 2517 1569 2571 ad
1615 2533 1807 2573 omnes
1836 2527 2044 2589 gentes.

463 2601 546 2656 Tu
575 2611 758 2658 autem
796 2604 1017 2659 dicebas
1049 2604 1102 2658 in
1127 2606 1291 2661 corde
1316 2615 1443 2670 tuo,
1476 2606 1535 2659 In
1565 2607 1763 2661 coelum
1788 2621 2049 2661 conscen-

460 2693 612 2761 dam,
639 2710 803 2765 super
832 2704 979 2750 astra
1002 2695 1125 2751 ωειί
1152 2696 1404 2750 exaltabo
1435 2697 1630 2751 solium
1659 2712 1862 2764 meum,
1882 2697 2049 2769 329

464 2786 662 2842 similis
686 2801 782 2841 ero
815 2786 1096 2842 Altissimo
1121 2785 1221 2841 ".i
1250 2785 1316 2841 Et
1341 2803 1554 2855 rursus,
1597 2806 1616 2838 ι
1638 2786 1762 2843 llaec
1782 2789 1915 2844 dicit
1943 2788 2049 2843 Do-

462 2881 667 2943 minus,
700 2878 807 2934 Pro
829 2895 896 2935 eo
917 2880 1063 2951 quod
1095 2880 1395 2935 exaltatum
1426 2889 1513 2936 est
1544 2897 1642 2937 cor
1678 2890 1855 2946 tuum,
1887 2891 1942 2937 et
1966 2882 2049 2937 di-

462 2970 591 3025 xisti
617 3009 633 3035 ,
662 2968 808 3025 Deus
843 2984 944 3040 ego
969 2975 1089 3024 'sum
1117 3009 1133 3033 ,
1179 2971 1235 3023 in
1270 2969 1551 3025 domicilio
1585 2968 1678 3025 Dei
1729 2971 1990 3026 habitavi.
2023 2991 2043 3025 ι

461 3063 706 3133 itemque
738 3081 750 3116 :
786 3080 805 3114 ι
846 3061 925 3116 Τυ
955 3062 1299 3132 signaculum
1334 3062 1732 3129 similitudinis,
1760 3074 1813 3118 et
1842 3079 2046 3120 corona

2146 1959 2493 2014 ἀποστέλλων
2518 1962 2655 2031 πρὸς
2686 1960 2863 2014 πάντα
2890 1960 2959 2014 τά
3009 1960 3160 2032 ἔθνη.
3193 1961 3265 2014 Σὺ
3299 1960 3356 2014 δὲ
3393 1956 3554 2023 εἶπας
3577 1960 3636 2013 tv
3662 1960 3731 2030 τῇ

2145 2052 2353 2124 διανοίᾳ
2383 2069 2499 2106 σου·
2525 2052 2621 2116 Είς
2645 2052 2737 2105 τὸν
2766 2053 2993 2125 οὐρανὸν
3025 2053 3390 2124 ἀναϐήσομαι,
3420 2054 3607 2107 ἐπάνω
3620 2051 3736 2106 τῶν

2147 2140 2363 2214 άστρων
2390 2141 2485 2196 τοῦ
2519 2141 2750 2214 οὐρανοῦ
2783 2142 2935 2215 θήσω
2982 2143 3074 2198 τὸν
3125 2143 3312 2217 θρόνον
3356 2161 3477 2214 μου,
3536 2142 3733 2213 ἔσομαι

2146 2235 2330 2307 ὅμοιος
2356 2235 2437 2307 τῷ
2477 2235 2738 2307 ’Υψίστιμ
2765 2256 2785 2290 ο
2814 2237 2927 2291 Καὶ
2960 2237 3144 2290 πάλιν*
3204 2256 3223 2288 ι
3254 2237 3391 2290 Τάδε
3438 2236 3586 2305 λέγει
3620 2234 3735 2289 Κύ-

2150 2346 2282 2400 ριος·
2326 2329 2469 2383 Ἀνθ’
2502 2323 2577 2384 ῶν
2599 2329 2790 2401 ὑψώθη
2823 2331 2857 2401 ἡ
2884 2331 3081 2403 καρδία
3123 2347 3237 2394 σου,
3274 2330 3368 2384 καὶ
3392 2325 3572 2393 εἴπας·
3597 2329 3734 2394 Θεός

2148 2423 2264 2491 είμι
2296 2419 2428 2490 ἐγὼ,
2461 2421 2746 2476 κατοικίαν
2786 2421 2922 2476 Θεοῦ
2981 2421 3330 2493 κατῴκησα.»
3390 2423 3502 2476 Καὶ
3552 2418 3729 2485 αὖθις·

2153 2530 2172 2563 ι
2196 2513 2269 2565 Σὺ
2287 2513 2724 2585 ἀποσφράγισμα
2736 2513 3067 2585 ὁμοιώσεως,
3085 2514 3180 2568 καὶ
3196 2514 3458 2583 στέφανος
3479 2513 3731 2580 κάλλους,

2149 2604 2207 2656 ἐν
2236 2604 2303 2674 τῇ
2337 2607 2516 2679 τρυφῇ
2552 2604 2645 2658 τοῦ
2695 2605 3027 2675 παραδείσου
3072 2604 3166 2659 τοῦ
3213 2604 3349 2659 Θεοῦ
3412 2604 3729 2676 ἐγεννήθης,

2148 2698 2326 2752 πάντα
2381 2699 2530 2752 λίθον
2562 2698 2800 2771 χρηστὸν
2854 2697 3173 2761 ἑνδέδεσαι,›
3209 2698 3304 2751 καὶ
3339 2695 3407 2751 τά
3459 2696 3604 2768 ἑξῆς.
3636 2692 3733 2761 Οἷς

2149 2791 2414 2859 ἐπιλέγει·
2453 2809 2472 2842 ι
2509 2792 2596 2844 Ἐν
2628 2791 2745 2863 ὄρει
2793 2789 2933 2861 ἁγίῳ
2962 2789 3098 2843 Θεοῦ
3133 2788 3448 2861 ἐγεννήθης,
3492 2790 3549 2842 ἐν
3582 2789 3736 2860 μέσῳ

2148 2882 2312 2936 λίθων
2347 2883 2588 2955 πυρίνων
2621 2883 2942 2956 ἐγεννήθης,
2971 2884 3202 2954 ἄμωμος
3238 2884 3301 2936 σὺ
3352 2885 3409 2936 ἐν
3441 2884 3562 2945 ταῖς
3603 2880 3736 2952 ήμέ·

2151 2993 2274 3047 ραις
2296 2992 2411 3042 σου,
2440 2976 2535 3046 ἀφ’
2556 2972 2624 3048 ἦς
2655 2976 2868 3049 ἡμέρας
2895 2977 2960 3031 σὺ
2999 2975 3276 3046 ἐκτίσθης,
3307 2975 3414 3039 ἐως
3441 2973 3638 3046 εὑρέθη
3663 2973 3736 3027 τά

2151 3069 2462 3141 ἀδικήματα
2489 3071 2549 3123 ἐν
2579 3069 2683 3135 σοὶ,
2718 3069 2908 3140 ὑψώθη
2933 3071 2966 3141 ἠ
2989 3069 3187 3141 καρδία
3214 3086 3331 3134 σου,
3383 3070 3478 3123 ἐπὶ
3505 3068 3583 3140 τῷ
3604 3068 3735 3122 κάλα

466 3155 924 3226 pulchritudinis,
972 3155 1029 3208 in
1077 3154 1289 3210 deliciis
1339 3156 1579 3225 paradisi
1625 3154 1721 3215 Dei
1762 3166 1924 3213 natus
1962 3174 2043 3225 es,

2148 3162 2231 3216 λει
2265 3178 2383 3223 σου,
2413 3160 2679 3232 διεφθάρη
2713 3163 2746 3232 ή
2775 3161 3053 3233 ἐπιστήμη
3074 3178 3166 3214 σου
3192 3158 3328 3232 μετά
3354 3158 3452 3212 τοῦ
3483 3158 3733 3220 κάλλους

462 3265 683 3305 omnem
733 3249 967 3318 lapidem
1015 3250 1316 3319 pretiosum
1371 3249 1594 3305 indutus
1638 3266 1729 3318 es;
1767 3271 1786 3303 ι
1845 3263 1900 3308 et
1926 3253 2049 3308 reli-

461 3357 593 3413 qua.
664 3340 802 3395 Tum
834 3360 845 3394 :
883 3360 901 3393 ι
938 3341 997 3395 In
1040 3350 1224 3397 monte
1271 3349 1461 3398 sancto
1503 3341 1596 3397 Dei
1658 3351 1821 3400 nat-us
1858 3359 1952 3409 es,
1990 3345 2045 3400 in

462 3432 644 3488 medio
689 3430 930 3502 lapidum
975 3431 1258 3500 igneorum
1304 3440 1466 3487 natus
1492 3442 1573 3487 es.
1629 3431 1708 3489 Tu
1746 3435 1956 3506 integer
1988 3434 2043 3489 in

462 3525 658 3581 diebus
693 3525 825 3591 tuis,
857 3539 924 3580 ex
951 3524 1059 3590 die,
1099 3540 1209 3595 quo
1254 3534 1312 3581 tu
1363 3535 1579 3583 creatus
1609 3542 1704 3593 es,
1745 3528 1920 3582 donec
1962 3526 2049 3581 in-

462 3628 637 3673 venia:
660 3628 788 3672 sunt
817 3618 1132 3688 iniquitates
1157 3619 1211 3672 in
1238 3627 1310 3683 te,
1325 3620 1622 3674 exaltatum
1650 3629 1732 3675 est
1746 3634 1843 3674 cor
1867 3628 2043 3683 tuum,

463 3711 537 3767 ob
567 3709 1027 3781 pulchritudinem
1064 3719 1211 3764 tuam
1232 3751 1248 3777 ,
1298 3719 1556 3780 corrupta
1586 3718 1671 3765 est
1688 3711 1924 3766 'scientia
1953 3718 2045 3764 tua

460 3818 590 3860 cum
615 3802 1055 3873 pulchritudine;
1099 3809 1321 3872 propter
1367 3801 1770 3857 multitudinem
1800 3812 2047 3872 peceato-

460 3909 586 3949 rum
617 3904 859 3958 tuornm,
915 3893 969 3948 in
1022 3901 1222 3949 terram
1249 3893 1453 3964 projeci
1481 3903 1552 3949 te.
1594 3913 1613 3946 ι
1674 3892 1793 3961 Qua
1820 3910 1886 3950 ex
1916 3909 2044 3950 ora-

462 3988 614 4042 tione
643 3986 800 4056 plane
828 3985 1182 4056 intelligimus
1205 4027 1220 4052 ,
1270 4001 1396 4041 eum
1421 4027 1437 4053 ,
1469 3986 1536 4041 de
1579 4001 1692 4057 quo
1734 4001 2042 4041 sermonem

464 4077 828 4144 instituimus,
862 4092 987 4132 cum
1011 4077 1375 4134 divinioribus
1416 4077 1523 4133 illis
1562 4078 1856 4133 virtutibus
1885 4088 2041 4134 antea

461 4172 724 4228 societate
753 4171 1140 4242 coniunctum,
1185 4178 1374 4242 postea
1422 4174 1808 4228 communione
1838 4172 2045 4228 fructu-

466 4278 567 4334 que
592 4264 1023 4331 meliorum,sua
1049 4264 1220 4335 ipsius
1253 4267 1563 4335 arrogantia
1597 4273 1760 4335 atque
1792 4266 1847 4320 in
1873 4264 2043 4322 Deum

458 4353 757 4409 rebellione
790 4353 1038 4409 funditus
1067 4355 1360 4410 excidisse.
1397 4354 1665 4412 Praeterea
1693 4358 1796 4412 sub
1822 4358 1929 4413 isto
1958 4358 2044 4413 in-

457 4447 812 4503 numerabilis
858 4449 1107 4519 qnaadam
1139 4449 1372 4505 aliorum
1419 4459 1473 4505 et
1526 4451 1737 4506 infinita
1765 4453 1913 4508 natio
1935 4461 2038 4520 est,

2147 3251 2235 3305 διά
2266 3249 2471 3322 πλῆθος
2499 3249 2784 3322 ἁμαρτιῶν
2810 3268 2927 3314 σου,
2962 3253 3056 3304 ἐπὶ
3100 3250 3197 3323 τὴν
3229 3250 3332 3322 γῆν
3386 3247 3588 3320 ἐρῤιψά
3619 3262 3731 3298 σε.»

2148 3344 2249 3397 Διά
2275 3344 2340 3415 δὴ
2369 3343 2573 3397 τούτων
2605 3343 2863 3415 ἄντικρυς
2884 3344 2982 3415 τὴν
3016 3345 3155 3416 μετά
3182 3343 3293 3397 τῶν
3336 3342 3624 3414 θειοτέρων
3647 3339 3734 3393 δυ-

2147 3435 2366 3507 νάμεων
2393 3437 2664 3508 προτέραν
2693 3435 2788 3489 τοῦ
2819 3434 3148 3507 δηλουμένου
3181 3432 3483 3505 διατριϐὴν,
3511 3433 3606 3485 καὶ
3635 3432 3734 3503 τὴν

2146 3527 2255 3581 ἀπὸ
2273 3529 2383 3582 τῶν
2408 3527 2731 3600 κρειττόνων
2751 3528 2816 3581 δι’
2838 3527 3045 3580 οἰκείαν
3079 3524 3469 3596 μεγαλαυχίαν,
3494 3524 3587 3578 καὶ
3613 3522 3731 3576 θεοσ

2151 3620 2352 3691 μαχίαν
2382 3621 2697 3674 ἀπόπτωσιν
2762 3618 3179 3692 μεμαθήκαμεν.
3211 3618 3422 3688 Μυρίον
3476 3616 3535 3670 δέ
3585 3616 3731 3668 ἐστιν

2146 3711 2274 3765 ἀλλο
2300 3711 2457 3779 γένος
2511 3711 2617 3765 ὑπὸ
2662 3710 2855 3781 τούτῳ.
2913 3713 3028 3774 τοῖς
3091 3708 3497 3784 παραπλησίοις
3548 3707 3731 3779 ἔνοχον

2149 3804 2633 3876 πλημμελήμασιν,
2662 3804 2690 3856 ὃ
2715 3804 2815 3874 τῆς
2855 3803 3175 3867 δυσσεϐείας
3219 3803 3402 3874 χάριν,
3461 3801 3566 3872 τῆς
3621 3800 3732 3854 τῶν

2147 3896 2385 3950 εὐσεϐῶν
2414 3897 2689 3951 ἀποπεσὸν
2714 3896 2937 3969 λήξεως,
2955 3897 3076 3950 ἀντὶ
3096 3898 3194 3969 τῆς
3219 3895 3385 3950 πάλαι
3408 3893 3731 3964 φωοειδοῦς

2145 3988 2238 4041 καὶ
2265 3987 2544 4060 θειοτέρας
2591 3989 2903 4061 περιϐολῆς.
2940 3990 3038 4060 τῆς
3065 4006 3125 4042 τε
3178 3991 3237 4042 ἐν
3291 3990 3402 4051 τοῖς
3446 3985 3732 4058 βασιλείοις

2144 4080 2313 4151 τιμῆς
2367 4080 2463 4133 καὶ
2507 4080 2608 4150 τῆς
2634 4081 2692 4133 ἐν
2720 4082 3013 4152 μακαρίοις
3049 4082 3140 4134 καὶ
3189 4080 3499 4149 ἀγγελικοῖς
3550 4079 3729 4149 χοροῖς

2144 4172 2449 4245 διατριϐῆς,
2501 4173 2594 4226 τὸν
2645 4174 3027 4246 ἐφαρμόζοντα
3074 4177 3186 4238 τοῖς
3214 4173 3495 4226 δυσσεϐέσι
3527 4169 3725 4241 χῶρον,

2145 4265 2325 4337 κρίσει
2361 4265 2567 4336 δικαία,
2604 4266 2699 4318 καὶ
2726 4267 3001 4337 ἀποφάσει
3035 4268 3130 4320 τοῦ
3159 4268 3391 4339 μεγάλου
3418 4266 3553 4319 Θεοῦ
3587 4266 3729 4334 Τάρ-

2143 4373 2308 4427 ταρον
2338 4358 2531 4421 οίκεῖν,
2588 4357 2649 4411 ὃν
2682 4358 2921 4413 ἄϐυσσον
2976 4361 3025 4413 οί
3065 4360 3196 4414 θεῖοι
3255 4361 3403 4430 λόγοι
3458 4374 3731 4430 προσαγο-

2147 4447 2386 4519 ρεύουσι,
2408 4450 2504 4503 καὶ
2537 4448 2728 4514 σκότος
2755 4451 2817 4504 οὐ
2847 4451 2910 4505 τὸ
2960 4453 3089 4523 παρ’
3127 4453 3279 4523 ἡμῖν,
3333 4452 3393 4505 τὸ
3415 4451 3458 4504 δ’
3487 4450 3592 4505 ὑπὸ
3620 4449 3729 4503 τῶν

457 4540 721 4595 similium
768 4541 1061 4595 criminum
1111 4556 1225 4605 rea,
1268 4557 1390 4612 qua:
1432 4554 1654 4613 propter
1704 4545 2037 4615 impietatem

2145 4537 2305 4592 θείων
2324 4539 2521 4608 λογίων
2546 4540 2896 4612 δηλούμενον,
2918 4542 3432 4615 ἀντικατηλλάξατο.
3457 4538 3558 4595 Ὧν
3592 4541 3728 4609 βρα-

457 4640 608 4687 sorte
632 4633 846 4702 piorum
876 4633 1119 4698 exclusa,
1149 4633 1494 4703 splendidum
1524 4635 1656 4689 illud
1684 4635 2042 4708 divinumque

455 4724 821 4790 domicilium,
845 4740 1098 4795 eamque,
1127 4740 1233 4795 qua
1262 4724 1312 4779 in
1338 4726 1488 4796 regia
1526 4725 1829 4794 fruebatur,
1857 4728 2038 4798 digni-

455 4822 622 4870 tatem
661 4831 725 4870 ac
748 4813 960 4871 felicem
1011 4815 1382 4884 angelicorum
1415 4826 1657 4871 coetuum
1697 4818 2035 4885 societatem,

454 4921 583 4962 cum
621 4906 851 4963 Tartaro
895 4907 1177 4964 sceleratis
1219 4909 1476 4963 omnibus
1509 4909 1803 4964 admodum
1835 4926 2038 4965 conve-

446 4998 638 5054 niente
684 4999 841 5066 loco,
880 4999 1190 5071 aequissima
1237 5000 1328 5055 Dei
1379 5001 1730 5071 praepotentis
1769 5003 2038 5058 sententia

451 5090 770 5161 judicioque
799 5092 1158 5147 commutavit
1185 5111 1197 5146 :
1220 5107 1381 5162 quem
1408 5093 1588 5147 locum
1623 5094 1821 5149 divina:
1845 5094 2041 5150 littera:

454 5185 714 5258 abyssum
748 5201 814 5241 ac
841 5185 1096 5241 tenebras
1143 5185 1415 5256 appellare
1455 5186 1669 5252 solent,
1706 5202 1814 5240 non
1855 5187 2038 5257 qualia

456 5288 639 5332 tamen
673 5287 903 5349 utraque
949 5279 1091 5349 apud
1136 5294 1237 5333 nos
1256 5278 1649 5349 'appellatione
1682 5279 2033 5345 denotantur,

457 5367 552 5424 sed
584 5369 889 5439 ejusmodi,
943 5387 1065 5441 qua:
1112 5371 1358 5426 divinum
1402 5371 1687 5426 oraculum
1722 5372 1824 5427 hac
1860 5373 2038 5427 nomi-

457 5474 589 5514 num
624 5461 980 5520 similitudine
1009 5471 1379 5532 repraesentat.
1413 5461 1535 5530 Quo
1560 5478 1626 5517 ex
1655 5477 1885 5517 numero
1914 5479 2038 5533 pars

455 5554 725 5622 quaepiam
756 5554 974 5625 exigua,
1025 5571 1146 5626 qua
1171 5556 1387 5627 pietatis
1433 5556 1651 5611 athletis
1692 5557 1917 5611 materia
1946 5571 2035 5612 se-

456 5657 661 5713 gesque
690 5642 905 5701 virtutis
934 5659 1099 5715 esset,
1124 5648 1270 5705 circa
1300 5656 1474 5705 terras
1492 5689 1510 5719 ,
1540 5647 1779 5721 lunaque
1805 5647 2032 5706 inferio-

528 5795 574 5831 “
594 5795 699 5852 lsa.
717 5811 827 5854 11v.

2139 4629 2208 4700 χύ
2228 4647 2281 4683 τι
2309 4632 2405 4684 καὶ
2437 4632 2631 4703 μικρὸν
2686 4633 3048 4705 ἀπόσπασμα,
3080 4635 3384 4705 γυμνασίου
3413 4635 3574 4703 χάριν
3618 4631 3727 4684 τῶν

2140 4722 2422 4788 εὐσεϐείας
2466 4723 2714 4795 ἀθλητῶν
2752 4726 2896 4797 ἀμφὶ
2954 4727 3058 4797 γῆν
3093 4727 3187 4779 καὶ
3238 4727 3326 4779 τὸν
3353 4724 3459 4777 ὑπὸ
3497 4723 3727 4794 σελήνην

2139 4819 2300 4888 ἀέρα,
2324 4816 2706 4887 καταλειφθὲν,
2737 4817 2837 4888 τῆς
2868 4820 2925 4870 ἐν
2951 4817 3259 4889 ἀνθρώποις
3292 4814 3551 4868 πολυθὲου
3594 4814 3729 4868 πλά-

2139 4929 2237 4982 νης
2260 4913 2383 4965 κατ’
2411 4909 2563 4963 οὐδὲν
2588 4909 2880 4981 ἀθεότητος
2905 4909 3266 4982 διαφερούσης
3321 4907 3590 4961 συναίτιον
3629 4907 3727 4975 γέ-

2138 5021 2284 5073 γονε.
2303 5004 2552 5059 Τέθειται
2578 5003 2634 5057 δὲ
2656 5004 2752 5057 καὶ
2772 5004 2981 5068 τούτοις
3001 5007 3034 5076 ή
3053 5004 3171 5057 θεία
3201 5003 3390 5075 Γραφὴ
3428 5003 3727 5072 προσφυεῖς

2138 5098 2238 5161 τὰς
2271 5095 2663 5169 προσηγορίας,
2687 5097 3020 5167 γυμνότερον
3044 5097 3163 5167 μὲν,
3192 5096 3280 5149 ὅτε
3314 5092 3602 5164 πνεύματα
3625 5109 3727 5144 πο-

2139 5189 2279 5262 νηρά
2307 5190 2403 5243 καὶ
2431 5189 2709 5260 δαίμονας,
2743 5189 2917 5262 ἀρχάς
2950 5206 3009 5241 τε
3040 5191 3134 5242 καὶ
3188 5186 3464 5252 ἐξουσίας,
3503 5184 3599 5238 καὶ
3628 5201 3723 5238 κου

2142 5282 2541 5354 σμοκράτορας,
2568 5284 2662 5336 καὶ
2683 5283 3027 5353 πνευματικὰ
3081 5280 3345 5351 πονηρίας
3372 5276 3700 5349 ἐπονομάζει

2141 5374 2484 5446 συμϐολικῶς
2509 5374 2586 5439 δέ,
2612 5376 2701 5428 ὅτε
2751 5375 2841 5428 τὸν
2872 5372 3091 5445 θεοφιλῆ
3127 5371 3391 5443 παρορμᾷ
3445 5370 3610 5441 μηδὲν
3637 5368 3725 5422 δε·-

2138 5467 2410 5523 δίττεσθαι
2443 5467 2505 5521 τδ
2530 5467 2639 5520 τῶν
2670 5465 2944 5537 πολεμίων
2992 5464 3262 5535 δαιμόνων
3302 5465 3507 5532 στῖφος,
3556 5462 3625 5516 δι’
3648 5455 3725 5515 ὧν

2138 5570 2325 5631 φησιν·
2345 5580 2363 5610 ι
2399 5560 2516 5614 Ἐπ’
2534 5559 2737 5614 ἀσπίδα
2755 5558 2850 5613 καὶ
2880 5556 3196 5627 βασιλίσκον
3225 5555 3483 5626 ἐπιϐήσῃ,
3508 5555 3603 5608 καὶ
3632 5572 3725 5608 κα-

2138 5653 2474 5725 ταπατήσεις
2501 5650 2690 5707 λέοντα
2718 5653 2812 5707 καὶ
2841 5651 3162 5722 δράκοντα.»
3194 5649 3401 5719 Δεῖγμα
3433 5647 3490 5702 δὲ
3518 5647 3727 5704 τούτων
