  <div class='ocr_page' id='page_1' title='image "/cluster/home/n/w/nwhite01/storage/ocr_20150623/21:no.3/coo.31924054873017/294.png"; bbox 0 0 4166 6484; ppageno 0'>
   <div class='ocr_carea' id='block_1_1' title="bbox 453 418 559 470">
    <p class='ocr_par' dir='ltr' id='par_1_1' title="bbox 453 418 559 470">
     <span class='ocr_line' id='line_1_1' title="bbox 453 418 559 470; baseline -0.009 0"><span class='ocrx_word' id='word_1_1' title='bbox 453 418 559 470; x_wconf 73' lang='lat' dir='ltr'><strong>b57</strong></span> 
     </span>
    </p>
   </div>
   <div class='ocr_carea' id='block_1_2' title="bbox 1653 404 2586 468">
    <p class='ocr_par' dir='ltr' id='par_1_2' title="bbox 1653 404 2586 468">
     <span class='ocr_line' id='line_1_2' title="bbox 1653 404 2586 468; baseline 0.002 -2"><span class='ocrx_word' id='word_1_2' title='bbox 1653 404 1972 467; x_wconf 59' lang='lat' dir='ltr'><strong>PRIEPAR.</strong></span> <span class='ocrx_word' id='word_1_3' title='bbox 2015 412 2265 468; x_wconf 81' lang='lat' dir='ltr'><strong>EVANG.</strong></span> <span class='ocrx_word' id='word_1_4' title='bbox 2306 411 2435 468; x_wconf 84' lang='lat' dir='ltr'><strong>LIB.</strong></span> <span class='ocrx_word' id='word_1_5' title='bbox 2476 408 2586 468; x_wconf 74' lang='lat' dir='ltr'><strong>VII.</strong></span> 
     </span>
    </p>
   </div>
   <div class='ocr_carea' id='block_1_3' title="bbox 3606 406 3739 467">
    <p class='ocr_par' dir='ltr' id='par_1_3' title="bbox 3606 406 3739 467">
     <span class='ocr_line' id='line_1_3' title="bbox 3606 406 3739 467; baseline 0.015 -3"><span class='ocrx_word' id='word_1_6' title='bbox 3606 406 3739 467; x_wconf 75' lang='lat'><strong>558.</strong></span> 
     </span>
    </p>
   </div>
   <div class='ocr_carea' id='block_1_4' title="bbox 446 520 2016 606">
    <p class='ocr_par' dir='ltr' id='par_1_4' title="bbox 446 529 2016 606">
     <span class='ocr_line' id='line_1_4' title="bbox 446 529 2016 606; baseline -0.002 -18"><span class='ocrx_word' id='word_1_7' title='bbox 446 537 548 606; x_wconf 75' lang='grc' dir='ltr'>τῆς</span> <span class='ocrx_word' id='word_1_8' title='bbox 582 533 895 606; x_wconf 82' lang='grc' dir='ltr'>θεοεχθρίας</span> <span class='ocrx_word' id='word_1_9' title='bbox 928 533 989 587; x_wconf 87' lang='grc' dir='ltr'><strong>τὸ</strong></span> <span class='ocrx_word' id='word_1_10' title='bbox 1020 529 1192 587; x_wconf 79' lang='grc' dir='ltr'><strong>θέλειν</strong></span> <span class='ocrx_word' id='word_1_11' title='bbox 1244 534 1385 603; x_wconf 77' lang='grc' dir='ltr'>σφᾶς</span> <span class='ocrx_word' id='word_1_12' title='bbox 1408 532 1603 596; x_wconf 77' lang='grc' dir='ltr'>αὐτοὺς</span> <span class='ocrx_word' id='word_1_13' title='bbox 1637 531 1792 596; x_wconf 78' lang='grc' dir='ltr'>θεοὺς</span> <span class='ocrx_word' id='word_1_14' title='bbox 1832 533 2016 600; x_wconf 84' lang='grc' dir='ltr'>ἀναγο-</span> 
     </span>
    </p>
   </div>
   <div class='ocr_carea' id='block_1_5' title="bbox 2118 520 3701 606">
    <p class='ocr_par' dir='ltr' id='par_1_5' title="bbox 2136 520 3701 605">
     <span class='ocr_line' id='line_1_5' title="bbox 2136 520 3701 605; baseline -0.003 -19"><span class='ocrx_word' id='word_1_15' title='bbox 2136 548 2250 587; x_wconf 86' lang='lat' dir='ltr'><strong>rem</strong></span> <span class='ocrx_word' id='word_1_16' title='bbox 2284 532 2428 589; x_wconf 90' lang='lat' dir='ltr'><strong>aeris</strong></span> <span class='ocrx_word' id='word_1_17' title='bbox 2461 531 2733 603; x_wconf 78' lang='lat' dir='ltr'><strong>regionem</strong></span> <span class='ocrx_word' id='word_1_18' title='bbox 2769 543 2800 584; x_wconf 91' lang='lat' dir='ltr'><strong>a</strong></span> <span class='ocrx_word' id='word_1_19' title='bbox 2828 527 2938 583; x_wconf 88' lang='lat' dir='ltr'><strong>Deo</strong></span> <span class='ocrx_word' id='word_1_20' title='bbox 2968 520 3173 591; x_wconf 86' lang='lat' dir='ltr'><strong>relicta,</strong></span> <span class='ocrx_word' id='word_1_21' title='bbox 3212 524 3419 605; x_wconf 60' lang='lat' dir='ltr'><strong>foedum</strong></span> <span class='ocrx_word' id='word_1_22' title='bbox 3452 526 3602 581; x_wconf 91' lang='lat' dir='ltr'><strong>illum</strong></span> <span class='ocrx_word' id='word_1_23' title='bbox 3634 528 3701 583; x_wconf 51' lang='lat' dir='ltr'><strong>si.</strong></span> 
     </span>
    </p>
   </div>
   <div class='ocr_carea' id='block_1_6' title="bbox 453 623 2036 700">
    <p class='ocr_par' dir='ltr' id='par_1_6' title="bbox 453 623 2036 700">
     <span class='ocr_line' id='line_1_6' title="bbox 453 623 2036 700; baseline -0.001 -22"><span class='ocrx_word' id='word_1_24' title='bbox 453 625 727 700; x_wconf 83' lang='grc' dir='ltr'>ρεύεσθαι,</span> <span class='ocrx_word' id='word_1_25' title='bbox 759 626 853 679; x_wconf 75' lang='grc' dir='ltr'>καὶ</span> <span class='ocrx_word' id='word_1_26' title='bbox 880 626 979 689; x_wconf 85' lang='grc' dir='ltr'>τὰς</span> <span class='ocrx_word' id='word_1_27' title='bbox 1001 627 1094 679; x_wconf 72' lang='grc' dir='ltr'><strong>ἐπὶ</strong></span> <span class='ocrx_word' id='word_1_28' title='bbox 1145 623 1264 695; x_wconf 84' lang='grc' dir='ltr'>Θεῷ</span> <span class='ocrx_word' id='word_1_29' title='bbox 1292 624 1459 696; x_wconf 87' lang='grc' dir='ltr'>τιμὰς</span> <span class='ocrx_word' id='word_1_30' title='bbox 1490 625 1569 688; x_wconf 87' lang='grc' dir='ltr'><strong>εἰς</strong></span> <span class='ocrx_word' id='word_1_31' title='bbox 1595 625 1821 685; x_wconf 78' lang='grc' dir='ltr'>ἑαυτοὺς</span> <span class='ocrx_word' id='word_1_32' title='bbox 1861 625 2036 696; x_wconf 83' lang='grc' dir='ltr'>ὑφαρ-</span> 
     </span>
    </p>
   </div>
   <div class='ocr_carea' id='block_1_7' title="bbox 450 716 2035 790">
    <p class='ocr_par' dir='ltr' id='par_1_7' title="bbox 450 716 2035 790">
     <span class='ocr_line' id='line_1_7' title="bbox 450 716 2035 790; baseline -0.001 -19"><span class='ocrx_word' id='word_1_33' title='bbox 450 719 662 783; x_wconf 73' lang='grc' dir='ltr'>πάζειν,</span> <span class='ocrx_word' id='word_1_34' title='bbox 682 716 975 789; x_wconf 72' lang='grc' dir='ltr'><strong>’μαντείαις</strong></span> <span class='ocrx_word' id='word_1_35' title='bbox 1006 734 1067 771; x_wconf 89' lang='grc' dir='ltr'><strong>τε</strong></span> <span class='ocrx_word' id='word_1_36' title='bbox 1099 717 1391 790; x_wconf 80' lang='grc' dir='ltr'>πειρᾶσθαι</span> <span class='ocrx_word' id='word_1_37' title='bbox 1441 719 1535 771; x_wconf 73' lang='grc' dir='ltr'><strong>καὶ</strong></span> <span class='ocrx_word' id='word_1_38' title='bbox 1556 721 1824 789; x_wconf 84' lang='grc' dir='ltr'><strong>χρησμοῖς</strong></span> <span class='ocrx_word' id='word_1_39' title='bbox 1847 716 2035 789; x_wconf 84' lang='grc' dir='ltr'>ὥσπερ</span> 
     </span>
    </p>
   </div>
   <div class='ocr_carea' id='block_1_8' title="bbox 447 808 2036 881">
    <p class='ocr_par' dir='ltr' id='par_1_8' title="bbox 447 808 2036 881">
     <span class='ocr_line' id='line_1_8' title="bbox 447 808 2036 881; baseline -0.004 -14"><span class='ocrx_word' id='word_1_40' title='bbox 447 812 560 868; x_wconf 79' lang='grc' dir='ltr'>τισὶ</span> <span class='ocrx_word' id='word_1_41' title='bbox 594 810 911 881; x_wconf 81' lang='grc' dir='ltr'>θελγήτροις</span> <span class='ocrx_word' id='word_1_42' title='bbox 938 811 1033 864; x_wconf 72' lang='grc' dir='ltr'><strong>καὶ</strong></span> <span class='ocrx_word' id='word_1_43' title='bbox 1056 809 1364 881; x_wconf 79' lang='grc' dir='ltr'>προϐολίοις</span> <span class='ocrx_word' id='word_1_44' title='bbox 1399 808 1510 880; x_wconf 84' lang='grc'><strong>(86)</strong></span> <span class='ocrx_word' id='word_1_45' title='bbox 1540 810 1667 872; x_wconf 82' lang='grc' dir='ltr'>τοὺς</span> <span class='ocrx_word' id='word_1_46' title='bbox 1687 810 1933 881; x_wconf 81' lang='grc' dir='ltr'><strong>εὐχερεῖς</strong></span> <span class='ocrx_word' id='word_1_47' title='bbox 1950 809 2036 862; x_wconf 91' lang='grc' dir='ltr'>δε-</span> 
     </span>
    </p>
   </div>
   <div class='ocr_carea' id='block_1_9' title="bbox 448 898 2034 972">
    <p class='ocr_par' dir='ltr' id='par_1_9' title="bbox 448 898 2034 972">
     <span class='ocr_line' id='line_1_9' title="bbox 448 898 2034 972; baseline -0.003 -15"><span class='ocrx_word' id='word_1_48' title='bbox 448 902 681 968; x_wconf 77' lang='grc' dir='ltr'>λεάζειν,</span> <span class='ocrx_word' id='word_1_49' title='bbox 714 901 933 972; x_wconf 76' lang='grc' dir='ltr'>καὶτῆς</span> <span class='ocrx_word' id='word_1_50' title='bbox 969 900 1067 972; x_wconf 82' lang='grc' dir='ltr'><strong>μὲν</strong></span> <span class='ocrx_word' id='word_1_51' title='bbox 1093 902 1186 954; x_wconf 80' lang='grc' dir='ltr'><strong>ἐπὶ</strong></span> <span class='ocrx_word' id='word_1_52' title='bbox 1219 899 1311 953; x_wconf 86' lang='grc' dir='ltr'><strong>τὸν</strong></span> <span class='ocrx_word' id='word_1_53' title='bbox 1340 899 1447 953; x_wconf 87' lang='grc' dir='ltr'><strong>τῶν</strong></span> <span class='ocrx_word' id='word_1_54' title='bbox 1472 898 1608 953; x_wconf 84' lang='grc' dir='ltr'>ὅλων</span> <span class='ocrx_word' id='word_1_55' title='bbox 1641 899 1775 954; x_wconf 85' lang='grc' dir='ltr'>Θεὸν</span> <span class='ocrx_word' id='word_1_56' title='bbox 1807 899 2034 953; x_wconf 79' lang='grc' dir='ltr'>ἀνανεύ-</span> 
     </span>
    </p>
   </div>
   <div class='ocr_carea' id='block_1_10' title="bbox 450 990 2033 1064">
    <p class='ocr_par' dir='ltr' id='par_1_10' title="bbox 450 990 2033 1064">
     <span class='ocr_line' id='line_1_10' title="bbox 450 990 2033 1064; baseline -0.002 -16"><span class='ocrx_word' id='word_1_57' title='bbox 450 1011 586 1059; x_wconf 82' lang='grc' dir='ltr'>σεως</span> <span class='ocrx_word' id='word_1_58' title='bbox 606 994 880 1064; x_wconf 82' lang='grc' dir='ltr'>ἀποσπᾷν,</span> <span class='ocrx_word' id='word_1_59' title='bbox 911 991 1119 1045; x_wconf 80' lang='grc' dir='ltr'>κατασύ</span> <span class='ocrx_word' id='word_1_60' title='bbox 1128 1009 1238 1063; x_wconf 90' lang='grc' dir='ltr'>ρειν</span> <span class='ocrx_word' id='word_1_61' title='bbox 1265 1004 1292 1033; x_wconf 72' lang='grc' dir='ltr'><strong>ει</strong></span> <span class='ocrx_word' id='word_1_62' title='bbox 1327 991 1420 1044; x_wconf 74' lang='grc' dir='ltr'><strong>ἐπὶ</strong></span> <span class='ocrx_word' id='word_1_63' title='bbox 1439 991 1530 1045; x_wconf 86' lang='grc' dir='ltr'><strong>τὸν</strong></span> <span class='ocrx_word' id='word_1_64' title='bbox 1555 990 1901 1062; x_wconf 81' lang='grc' dir='ltr'><strong>πανώλεθρον</strong></span> <span class='ocrx_word' id='word_1_65' title='bbox 1933 995 2033 1063; x_wconf 82' lang='grc' dir='ltr'><strong>τῆς</strong></span> 
     </span>
    </p>
   </div>
   <div class='ocr_carea' id='block_1_11' title="bbox 442 1082 2029 1155">
    <p class='ocr_par' dir='ltr' id='par_1_11' title="bbox 442 1082 2029 1155">
     <span class='ocr_line' id='line_1_11' title="bbox 442 1082 2029 1155; baseline -0.003 -15"><span class='ocrx_word' id='word_1_66' title='bbox 442 1084 737 1149; x_wconf 79' lang='grc' dir='ltr'>δυσσεϐοῦς</span> <span class='ocrx_word' id='word_1_67' title='bbox 758 1086 852 1139; x_wconf 78' lang='grc' dir='ltr'><strong>καὶ</strong></span> <span class='ocrx_word' id='word_1_68' title='bbox 889 1083 1053 1139; x_wconf 83' lang='grc' dir='ltr'>ἀθέου</span> <span class='ocrx_word' id='word_1_69' title='bbox 1112 1082 1531 1154; x_wconf 79' lang='grc' dir='ltr'>δεισιδαιμονίας</span> <span class='ocrx_word' id='word_1_70' title='bbox 1561 1082 1739 1153; x_wconf 74' lang='grc' dir='ltr'>βυθόψ</span> <span class='ocrx_word' id='word_1_71' title='bbox 1776 1083 1857 1136; x_wconf 88' lang='grc' dir='ltr'><strong>διὸ</strong></span> <span class='ocrx_word' id='word_1_72' title='bbox 1893 1101 2029 1155; x_wconf 79' lang='grc' dir='ltr'>προ-</span> 
     </span>
    </p>
   </div>
   <div class='ocr_carea' id='block_1_12' title="bbox 442 1176 2030 1251">
    <p class='ocr_par' dir='ltr' id='par_1_12' title="bbox 442 1176 2030 1251">
     <span class='ocr_line' id='line_1_12' title="bbox 442 1176 2030 1251; baseline -0.001 -19"><span class='ocrx_word' id='word_1_73' title='bbox 442 1179 715 1251; x_wconf 84' lang='grc' dir='ltr'>τροπάδην</span> <span class='ocrx_word' id='word_1_74' title='bbox 733 1177 956 1247; x_wconf 84' lang='grc' dir='ltr'>φεύγειν</span> <span class='ocrx_word' id='word_1_75' title='bbox 985 1178 1165 1232; x_wconf 83' lang='grc' dir='ltr'>αὐτῶν</span> <span class='ocrx_word' id='word_1_76' title='bbox 1192 1180 1292 1242; x_wconf 80' lang='grc' dir='ltr'><strong>τὰς</strong></span> <span class='ocrx_word' id='word_1_77' title='bbox 1312 1177 1528 1241; x_wconf 83' lang='grc' dir='ltr'><strong>ἀπάτας</strong></span> <span class='ocrx_word' id='word_1_78' title='bbox 1555 1177 1735 1248; x_wconf 84' lang='grc' dir='ltr'>μόνοις</span> <span class='ocrx_word' id='word_1_79' title='bbox 1758 1176 2030 1249; x_wconf 78' lang='grc' dir='ltr'>Ἑϐραίοις</span> 
     </span>
    </p>
   </div>
   <div class='ocr_carea' id='block_1_13' title="bbox 443 1268 2029 1340">
    <p class='ocr_par' dir='ltr' id='par_1_13' title="bbox 443 1268 2029 1340">
     <span class='ocr_line' id='line_1_13' title="bbox 443 1268 2029 1340; baseline -0.002 -16"><span class='ocrx_word' id='word_1_80' title='bbox 443 1271 647 1325; x_wconf 77' lang='grc' dir='ltr'>ἄνωθεν</span> <span class='ocrx_word' id='word_1_81' title='bbox 676 1269 736 1332; x_wconf 79' lang='grc' dir='ltr'>ἑξ</span> <span class='ocrx_word' id='word_1_82' title='bbox 762 1270 957 1333; x_wconf 89' lang='grc' dir='ltr'>αἰῶνος</span> <span class='ocrx_word' id='word_1_83' title='bbox 983 1268 1367 1333; x_wconf 77' lang='grc' dir='ltr'>ἐσπουδάζετο,</span> <span class='ocrx_word' id='word_1_84' title='bbox 1410 1268 1702 1340; x_wconf 70' lang='grc' dir='ltr'>διαρρήδην</span> <span class='ocrx_word' id='word_1_85' title='bbox 1743 1268 2029 1323; x_wconf 82' lang='grc' dir='ltr'>παιδεύου-</span> 
     </span>
    </p>
   </div>
   <div class='ocr_carea' id='block_1_14' title="bbox 445 1361 2026 1433">
    <p class='ocr_par' dir='ltr' id='par_1_14' title="bbox 445 1361 2026 1433">
     <span class='ocr_line' id='line_1_14' title="bbox 445 1361 2026 1433; baseline -0.001 -17"><span class='ocrx_word' id='word_1_86' title='bbox 445 1380 549 1428; x_wconf 84' lang='grc' dir='ltr'>σιν,</span> <span class='ocrx_word' id='word_1_87' title='bbox 575 1364 657 1416; x_wconf 79' lang='grc' dir='ltr'>ὅτι</span> <span class='ocrx_word' id='word_1_88' title='bbox 679 1364 878 1426; x_wconf 82' lang='grc' dir='ltr'>πάντες</span> <span class='ocrx_word' id='word_1_89' title='bbox 905 1365 954 1416; x_wconf 90' lang='grc' dir='ltr'><strong>οἰ</strong></span> <span class='ocrx_word' id='word_1_90' title='bbox 983 1361 1096 1416; x_wconf 78' lang='grc' dir='ltr'>θεοὶ</span> <span class='ocrx_word' id='word_1_91' title='bbox 1137 1362 1246 1416; x_wconf 88' lang='grc' dir='ltr'><strong>τῶν</strong></span> <span class='ocrx_word' id='word_1_92' title='bbox 1275 1362 1444 1416; x_wconf 74' lang='grc' dir='ltr'>ἐθνῶν</span> <span class='ocrx_word' id='word_1_93' title='bbox 1482 1362 1749 1433; x_wconf 88' lang='grc' dir='ltr'>δαιμόνια.</span> <span class='ocrx_word' id='word_1_94' title='bbox 1785 1362 1920 1414; x_wconf 73' lang='grc' dir='ltr'>Νυνὶ</span> <span class='ocrx_word' id='word_1_95' title='bbox 1946 1361 2026 1428; x_wconf 83' lang='grc' dir='ltr'><strong>δὲ,</strong></span> 
     </span>
    </p>
   </div>
   <div class='ocr_carea' id='block_1_15' title="bbox 443 1454 2029 1527">
    <p class='ocr_par' dir='ltr' id='par_1_15' title="bbox 443 1454 2029 1527">
     <span class='ocr_line' id='line_1_15' title="bbox 443 1454 2029 1527; baseline 0 -19"><span class='ocrx_word' id='word_1_96' title='bbox 443 1456 540 1509; x_wconf 76' lang='grc' dir='ltr'><strong>σὺν</strong></span> <span class='ocrx_word' id='word_1_97' title='bbox 568 1455 688 1527; x_wconf 86' lang='grc' dir='ltr'>Θεῷ</span> <span class='ocrx_word' id='word_1_98' title='bbox 708 1456 895 1525; x_wconf 83' lang='grc' dir='ltr'>φάναι,</span> <span class='ocrx_word' id='word_1_99' title='bbox 920 1456 1008 1509; x_wconf 80' lang='grc' dir='ltr'>διὰ</span> <span class='ocrx_word' id='word_1_100' title='bbox 1034 1458 1134 1527; x_wconf 84' lang='grc' dir='ltr'><strong>τῆς</strong></span> <span class='ocrx_word' id='word_1_101' title='bbox 1186 1455 1280 1509; x_wconf 87' lang='grc' dir='ltr'><strong>τοῦ</strong></span> <span class='ocrx_word' id='word_1_102' title='bbox 1314 1457 1567 1527; x_wconf 82' lang='grc' dir='ltr'><strong>Σωτῆρος</strong></span> <span class='ocrx_word' id='word_1_103' title='bbox 1614 1454 1770 1526; x_wconf 87' lang='grc' dir='ltr'>ήμῶν</span> <span class='ocrx_word' id='word_1_104' title='bbox 1805 1456 2029 1524; x_wconf 80' lang='grc' dir='ltr'>εὐαγγε-</span> 
     </span>
    </p>
   </div>
   <div class='ocr_carea' id='block_1_16' title="bbox 439 1547 2026 1620">
    <p class='ocr_par' dir='ltr' id='par_1_16' title="bbox 439 1547 2026 1620">
     <span class='ocr_line' id='line_1_16' title="bbox 439 1547 2026 1620; baseline -0.001 -19"><span class='ocrx_word' id='word_1_105' title='bbox 439 1547 596 1620; x_wconf 85' lang='grc' dir='ltr'>λικῆς</span> <span class='ocrx_word' id='word_1_106' title='bbox 617 1548 962 1614; x_wconf 75' lang='grc' dir='ltr'>διδασκαλίας</span> <span class='ocrx_word' id='word_1_107' title='bbox 981 1550 1160 1604; x_wconf 84' lang='grc' dir='ltr'>πάντα</span> <span class='ocrx_word' id='word_1_108' title='bbox 1178 1549 1247 1603; x_wconf 83' lang='grc' dir='ltr'>τὰ</span> <span class='ocrx_word' id='word_1_109' title='bbox 1281 1549 1617 1620; x_wconf 84' lang='grc' dir='ltr'>πανταχόθεν</span> <span class='ocrx_word' id='word_1_110' title='bbox 1642 1552 1740 1620; x_wconf 79' lang='grc' dir='ltr'>τῆς</span> <span class='ocrx_word' id='word_1_111' title='bbox 1773 1548 2026 1618; x_wconf 80' lang='grc' dir='ltr'>οἰκουμέ-</span> 
     </span>
    </p>
   </div>
   <div class='ocr_carea' id='block_1_17' title="bbox 438 1639 2026 1714">
    <p class='ocr_par' dir='ltr' id='par_1_17' title="bbox 438 1639 2026 1714">
     <span class='ocr_line' id='line_1_17' title="bbox 438 1639 2026 1714; baseline -0.003 -19"><span class='ocrx_word' id='word_1_112' title='bbox 438 1658 535 1712; x_wconf 88' lang='grc' dir='ltr'><strong>νης</strong></span> <span class='ocrx_word' id='word_1_113' title='bbox 574 1641 726 1713; x_wconf 75' lang='grc' dir='ltr'>ἔθνη,</span> <span class='ocrx_word' id='word_1_114' title='bbox 754 1642 972 1714; x_wconf 82' lang='grc' dir='ltr'>δεσμῶν</span> <span class='ocrx_word' id='word_1_115' title='bbox 994 1641 1322 1714; x_wconf 89' lang='grc' dir='ltr'>δαιμονικῶν</span> <span class='ocrx_word' id='word_1_116' title='bbox 1345 1641 1763 1711; x_wconf 80' lang='grc' dir='ltr'>ἀπηλλαγμένα,</span> <span class='ocrx_word' id='word_1_117' title='bbox 1788 1639 1880 1693; x_wconf 88' lang='grc' dir='ltr'><strong>τὸν</strong></span> <span class='ocrx_word' id='word_1_118' title='bbox 1894 1639 2026 1692; x_wconf 78' lang='grc' dir='ltr'>Θεὸν</span> 
     </span>
    </p>
   </div>
   <div class='ocr_carea' id='block_1_18' title="bbox 437 1731 2025 1805">
    <p class='ocr_par' dir='ltr' id='par_1_18' title="bbox 437 1731 2025 1805">
     <span class='ocr_line' id='line_1_18' title="bbox 437 1731 2025 1805; baseline -0.002 -17"><span class='ocrx_word' id='word_1_119' title='bbox 437 1736 685 1805; x_wconf 81' lang='grc' dir='ltr'>ἀνυμνεῖ,</span> <span class='ocrx_word' id='word_1_120' title='bbox 720 1734 779 1787; x_wconf 86' lang='grc' dir='ltr'>ὃν</span> <span class='ocrx_word' id='word_1_121' title='bbox 809 1734 873 1805; x_wconf 77' lang='grc' dir='ltr'>δὴ</span> <span class='ocrx_word' id='word_1_122' title='bbox 907 1735 1003 1789; x_wconf 82' lang='grc' dir='ltr'><strong>καὶ</strong></span> <span class='ocrx_word' id='word_1_123' title='bbox 1061 1735 1221 1805; x_wconf 83' lang='grc' dir='ltr'>μόνον</span> <span class='ocrx_word' id='word_1_124' title='bbox 1252 1732 1523 1805; x_wconf 85' lang='grc' dir='ltr'>ὑπάρχειν</span> <span class='ocrx_word' id='word_1_125' title='bbox 1551 1734 1782 1805; x_wconf 77' lang='grc' dir='ltr'>Σωτῆρα</span> <span class='ocrx_word' id='word_1_126' title='bbox 1809 1731 1903 1786; x_wconf 76' lang='grc' dir='ltr'><strong>καὶ</strong></span> <span class='ocrx_word' id='word_1_127' title='bbox 1927 1732 2025 1803; x_wconf 82' lang='grc' dir='ltr'><strong>βα-</strong></span> 
     </span>
    </p>
   </div>
   <div class='ocr_carea' id='block_1_19' title="bbox 2138 616 3707 692">
    <p class='ocr_par' dir='ltr' id='par_1_19' title="bbox 2138 616 3707 692">
     <span class='ocr_line' id='line_1_19' title="bbox 2138 616 3707 692; baseline -0.004 -15"><span class='ocrx_word' id='word_1_128' title='bbox 2138 623 2272 689; x_wconf 84' lang='lat' dir='ltr'><strong>rnul,</strong></span> <span class='ocrx_word' id='word_1_129' title='bbox 2302 622 2396 692; x_wconf 86' lang='lat' dir='ltr'><strong>qui</strong></span> <span class='ocrx_word' id='word_1_130' title='bbox 2424 636 2598 692; x_wconf 86' lang='lat' dir='ltr'><strong>genus</strong></span> <span class='ocrx_word' id='word_1_131' title='bbox 2629 618 2911 674; x_wconf 87' lang='lat' dir='ltr'><strong>hominum</strong></span> <span class='ocrx_word' id='word_1_132' title='bbox 2939 616 3248 686; x_wconf 89' lang='lat' dir='ltr'><strong>occupavit,</strong></span> <span class='ocrx_word' id='word_1_133' title='bbox 3284 616 3486 687; x_wconf 86' lang='lat' dir='ltr'><strong>quique</strong></span> <span class='ocrx_word' id='word_1_134' title='bbox 3509 616 3645 670; x_wconf 85' lang='lat' dir='ltr'><strong>nihil</strong></span> <span class='ocrx_word' id='word_1_135' title='bbox 3675 632 3707 671; x_wconf 83' lang='lat' dir='ltr'><strong>a</strong></span> 
     </span>
    </p>
   </div>
   <div class='ocr_carea' id='block_1_20' title="bbox 2136 707 3709 782">
    <p class='ocr_par' dir='ltr' id='par_1_20' title="bbox 2136 707 3709 782">
     <span class='ocr_line' id='line_1_20' title="bbox 2136 707 3709 782; baseline -0.002 -16"><span class='ocrx_word' id='word_1_136' title='bbox 2136 721 2343 782; x_wconf 73' lang='lat' dir='ltr'><strong>negatae</strong></span> <span class='ocrx_word' id='word_1_137' title='bbox 2374 709 2683 765; x_wconf 86' lang='lat' dir='ltr'><strong>Divinitatis</strong></span> <span class='ocrx_word' id='word_1_138' title='bbox 2714 709 2993 779; x_wconf 75' lang='lat' dir='ltr'><strong>impietate</strong></span> <span class='ocrx_word' id='word_1_139' title='bbox 3015 708 3226 771; x_wconf 76' lang='lat' dir='ltr'><strong>diﬂ‘ert,</strong></span> <span class='ocrx_word' id='word_1_140' title='bbox 3267 707 3333 761; x_wconf 91' lang='lat' dir='ltr'><strong>de</strong></span> <span class='ocrx_word' id='word_1_141' title='bbox 3359 708 3709 763; x_wconf 88' lang='lat' dir='ltr'><strong>multitudine</strong></span> 
     </span>
    </p>
   </div>
   <div class='ocr_carea' id='block_1_21' title="bbox 2135 797 3709 869">
    <p class='ocr_par' dir='ltr' id='par_1_21' title="bbox 2135 797 3709 869">
     <span class='ocr_line' id='line_1_21' title="bbox 2135 797 3709 869; baseline -0.002 -13"><span class='ocrx_word' id='word_1_142' title='bbox 2135 802 2362 856; x_wconf 88' lang='lat' dir='ltr'><strong>deorum</strong></span> <span class='ocrx_word' id='word_1_143' title='bbox 2411 816 2653 855; x_wconf 90' lang='lat' dir='ltr'><strong>errorem</strong></span> <span class='ocrx_word' id='word_1_144' title='bbox 2695 799 2998 855; x_wconf 80' lang='lat' dir='ltr'><strong>fabricavit.</strong></span> <span class='ocrx_word' id='word_1_145' title='bbox 3055 799 3134 852; x_wconf 85' lang='lat' dir='ltr'><strong>Ac</strong></span> <span class='ocrx_word' id='word_1_146' title='bbox 3170 797 3286 853; x_wconf 88' lang='lat' dir='ltr'><strong>suis</strong></span> <span class='ocrx_word' id='word_1_147' title='bbox 3330 798 3462 853; x_wconf 87' lang='lat' dir='ltr'><strong>istos</strong></span> <span class='ocrx_word' id='word_1_148' title='bbox 3490 814 3709 869; x_wconf 82' lang='lat' dir='ltr'><strong>quoque</strong></span> 
     </span>
    </p>
   </div>
   <div class='ocr_carea' id='block_1_22' title="bbox 2134 891 3707 961">
    <p class='ocr_par' dir='ltr' id='par_1_22' title="bbox 2134 891 3707 961">
     <span class='ocr_line' id='line_1_22' title="bbox 2134 891 3707 961; baseline -0.001 -14"><span class='ocrx_word' id='word_1_149' title='bbox 2134 891 2318 947; x_wconf 85' lang='lat' dir='ltr'><strong>divina</strong></span> <span class='ocrx_word' id='word_1_150' title='bbox 2353 891 2633 961; x_wconf 88' lang='lat' dir='ltr'><strong>Scriptura</strong></span> <span class='ocrx_word' id='word_1_151' title='bbox 2680 891 3023 961; x_wconf 83' lang='lat' dir='ltr'><strong>propriisque</strong></span> <span class='ocrx_word' id='word_1_152' title='bbox 3066 892 3379 946; x_wconf 87' lang='lat' dir='ltr'><strong>nominibus</strong></span> <span class='ocrx_word' id='word_1_153' title='bbox 3420 906 3707 960; x_wconf 81' lang='lat' dir='ltr'><strong>expressos</strong></span> 
     </span>
    </p>
   </div>
   <div class='ocr_carea' id='block_1_23' title="bbox 2133 983 3707 1054">
    <p class='ocr_par' dir='ltr' id='par_1_23' title="bbox 2133 983 3707 1054">
     <span class='ocr_line' id='line_1_23' title="bbox 2133 983 3707 1054; baseline -0.002 -15"><span class='ocrx_word' id='word_1_154' title='bbox 2133 985 2321 1049; x_wconf 88' lang='lat' dir='ltr'><strong>voluit,</strong></span> <span class='ocrx_word' id='word_1_155' title='bbox 2353 999 2478 1039; x_wconf 89' lang='lat' dir='ltr'><strong>cum</strong></span> <span class='ocrx_word' id='word_1_156' title='bbox 2507 998 2602 1041; x_wconf 91' lang='lat' dir='ltr'><strong>eos</strong></span> <span class='ocrx_word' id='word_1_157' title='bbox 2629 984 2793 1039; x_wconf 90' lang='lat' dir='ltr'><strong>modo</strong></span> <span class='ocrx_word' id='word_1_158' title='bbox 2835 983 3038 1039; x_wconf 90' lang='lat' dir='ltr'><strong>clarius</strong></span> <span class='ocrx_word' id='word_1_159' title='bbox 3067 983 3343 1054; x_wconf 86' lang='lat' dir='ltr'><strong>improbos</strong></span> <span class='ocrx_word' id='word_1_160' title='bbox 3394 983 3617 1052; x_wconf 87' lang='lat' dir='ltr'><strong>spiritus</strong></span> <span class='ocrx_word' id='word_1_161' title='bbox 3642 995 3707 1036; x_wconf 81' lang='lat' dir='ltr'><strong>ac</strong></span> 
     </span>
    </p>
   </div>
   <div class='ocr_carea' id='block_1_24' title="bbox 2131 1075 3707 1147">
    <p class='ocr_par' dir='ltr' id='par_1_24' title="bbox 2131 1075 3707 1147">
     <span class='ocr_line' id='line_1_24' title="bbox 2131 1075 3707 1147; baseline -0.003 -16"><span class='ocrx_word' id='word_1_162' title='bbox 2131 1075 2408 1132; x_wconf 69' lang='lat' dir='ltr'><strong>daemones</strong></span> <span class='ocrx_word' id='word_1_163' title='bbox 2427 1118 2442 1144; x_wconf 94' lang='lat'><strong>,</strong></span> <span class='ocrx_word' id='word_1_164' title='bbox 2472 1077 2711 1147; x_wconf 87' lang='lat' dir='ltr'><strong>itemque</strong></span> <span class='ocrx_word' id='word_1_165' title='bbox 2736 1076 3073 1147; x_wconf 80' lang='lat' dir='ltr'><strong>principatus</strong></span> <span class='ocrx_word' id='word_1_166' title='bbox 3100 1092 3164 1130; x_wconf 92' lang='lat' dir='ltr'><strong>ac</strong></span> <span class='ocrx_word' id='word_1_167' title='bbox 3187 1083 3482 1146; x_wconf 87' lang='lat' dir='ltr'><strong>potestates</strong></span> <span class='ocrx_word' id='word_1_168' title='bbox 3502 1116 3516 1141; x_wconf 92' lang='lat'><strong>,</strong></span> <span class='ocrx_word' id='word_1_169' title='bbox 3544 1089 3707 1128; x_wconf 85' lang='lat' dir='ltr'><strong>mun-</strong></span> 
     </span>
    </p>
   </div>
   <div class='ocr_carea' id='block_1_25' title="bbox 2131 1167 3700 1241">
    <p class='ocr_par' dir='ltr' id='par_1_25' title="bbox 2131 1167 3700 1241">
     <span class='ocr_line' id='line_1_25' title="bbox 2131 1167 3700 1241; baseline 0 -18"><span class='ocrx_word' id='word_1_170' title='bbox 2131 1169 2294 1239; x_wconf 87' lang='lat' dir='ltr'><strong>dique</strong></span> <span class='ocrx_word' id='word_1_171' title='bbox 2338 1169 2632 1240; x_wconf 88' lang='lat' dir='ltr'><strong>principes,</strong></span> <span class='ocrx_word' id='word_1_172' title='bbox 2666 1186 2731 1226; x_wconf 92' lang='lat' dir='ltr'><strong>ac</strong></span> <span class='ocrx_word' id='word_1_173' title='bbox 2761 1169 3022 1240; x_wconf 86' lang='lat' dir='ltr'><strong>spiritalia</strong></span> <span class='ocrx_word' id='word_1_174' title='bbox 3066 1170 3321 1241; x_wconf 68' lang='lat' dir='ltr'><strong>nequitiae</strong></span> <span class='ocrx_word' id='word_1_175' title='bbox 3360 1167 3650 1239; x_wconf 85' lang='lat' dir='ltr'><strong>appellavit</strong></span> <span class='ocrx_word' id='word_1_176' title='bbox 3685 1184 3700 1223; x_wconf 83' lang='grc' dir='ltr'><strong>ι</strong></span> 
     </span>
    </p>
   </div>
   <div class='ocr_carea' id='block_1_26' title="bbox 2129 1263 3707 1320">
    <p class='ocr_par' dir='ltr' id='par_1_26' title="bbox 2129 1263 3707 1320">
     <span class='ocr_line' id='line_1_26' title="bbox 2129 1263 3707 1320; baseline 0 -4"><span class='ocrx_word' id='word_1_177' title='bbox 2129 1264 2294 1319; x_wconf 91' lang='lat' dir='ltr'><strong>modo</strong></span> <span class='ocrx_word' id='word_1_178' title='bbox 2320 1272 2380 1318; x_wconf 92' lang='lat' dir='ltr'><strong>ut</strong></span> <span class='ocrx_word' id='word_1_179' title='bbox 2406 1264 2722 1319; x_wconf 87' lang='lat' dir='ltr'><strong>hominibus</strong></span> <span class='ocrx_word' id='word_1_180' title='bbox 2747 1263 2859 1319; x_wconf 88' lang='lat' dir='ltr'><strong>Deo</strong></span> <span class='ocrx_word' id='word_1_181' title='bbox 2895 1264 3038 1320; x_wconf 88' lang='lat' dir='ltr'><strong>caris</strong></span> <span class='ocrx_word' id='word_1_182' title='bbox 3058 1279 3275 1319; x_wconf 88' lang='lat' dir='ltr'><strong>omnem</strong></span> <span class='ocrx_word' id='word_1_183' title='bbox 3305 1263 3582 1318; x_wconf 88' lang='lat' dir='ltr'><strong>hostilium</strong></span> <span class='ocrx_word' id='word_1_184' title='bbox 3599 1263 3707 1316; x_wconf 63' lang='grc' dir='ltr'><strong>Δριὲο</strong></span> 
     </span>
    </p>
   </div>
   <div class='ocr_carea' id='block_1_27' title="bbox 2130 1358 3704 1431">
    <p class='ocr_par' dir='ltr' id='par_1_27' title="bbox 2130 1358 3704 1431">
     <span class='ocr_line' id='line_1_27' title="bbox 2130 1358 3704 1431; baseline -0.001 -16"><span class='ocrx_word' id='word_1_185' title='bbox 2130 1375 2353 1415; x_wconf 90' lang='lat' dir='ltr'><strong>monum</strong></span> <span class='ocrx_word' id='word_1_186' title='bbox 2389 1360 2638 1414; x_wconf 90' lang='lat' dir='ltr'><strong>timorem</strong></span> <span class='ocrx_word' id='word_1_187' title='bbox 2688 1359 2981 1424; x_wconf 79' lang='lat' dir='ltr'><strong>eximeret,</strong></span> <span class='ocrx_word' id='word_1_188' title='bbox 3026 1359 3338 1431; x_wconf 80' lang='lat' dir='ltr'><strong>symbolicis</strong></span> <span class='ocrx_word' id='word_1_189' title='bbox 3378 1358 3704 1428; x_wconf 86' lang='lat' dir='ltr'><strong>quibusdam</strong></span> 
     </span>
    </p>
   </div>
   <div class='ocr_carea' id='block_1_28' title="bbox 2129 1449 3704 1522">
    <p class='ocr_par' dir='ltr' id='par_1_28' title="bbox 2129 1449 3704 1522">
     <span class='ocr_line' id='line_1_28' title="bbox 2129 1449 3704 1522; baseline 0 -17"><span class='ocrx_word' id='word_1_190' title='bbox 2129 1453 2273 1508; x_wconf 90' lang='lat' dir='ltr'><strong>notis</strong></span> <span class='ocrx_word' id='word_1_191' title='bbox 2304 1451 2670 1518; x_wconf 89' lang='lat' dir='ltr'><strong>adumbravit,</strong></span> <span class='ocrx_word' id='word_1_192' title='bbox 2697 1452 2861 1507; x_wconf 90' lang='lat' dir='ltr'><strong>veluti</strong></span> <span class='ocrx_word' id='word_1_193' title='bbox 2891 1451 3020 1506; x_wconf 91' lang='lat' dir='ltr'><strong>dum</strong></span> <span class='ocrx_word' id='word_1_194' title='bbox 3049 1451 3123 1506; x_wconf 90' lang='lat' dir='ltr'><strong>ita</strong></span> <span class='ocrx_word' id='word_1_195' title='bbox 3154 1452 3426 1522; x_wconf 87' lang='lat' dir='ltr'><strong>loquitur,</strong></span> <span class='ocrx_word' id='word_1_196' title='bbox 3471 1470 3490 1503; x_wconf 76' lang='grc' dir='ltr'><strong>ι</strong></span> <span class='ocrx_word' id='word_1_197' title='bbox 3530 1449 3704 1520; x_wconf 86' lang='lat' dir='ltr'><strong>Super</strong></span> 
     </span>
    </p>
   </div>
   <div class='ocr_carea' id='block_1_29' title="bbox 2127 1542 3706 1613">
    <p class='ocr_par' dir='ltr' id='par_1_29' title="bbox 2127 1542 3706 1613">
     <span class='ocr_line' id='line_1_29' title="bbox 2127 1542 3706 1613; baseline 0 -15"><span class='ocrx_word' id='word_1_198' title='bbox 2127 1544 2370 1613; x_wconf 63' lang='lat' dir='ltr'><strong>asiiidem</strong></span> <span class='ocrx_word' id='word_1_199' title='bbox 2420 1553 2476 1599; x_wconf 88' lang='lat' dir='ltr'><strong>et</strong></span> <span class='ocrx_word' id='word_1_200' title='bbox 2517 1545 2832 1600; x_wconf 86' lang='lat' dir='ltr'><strong>basiliscum</strong></span> <span class='ocrx_word' id='word_1_201' title='bbox 2881 1544 3206 1611; x_wconf 83' lang='lat' dir='ltr'><strong>ambulabis,</strong></span> <span class='ocrx_word' id='word_1_202' title='bbox 3261 1553 3315 1599; x_wconf 93' lang='lat' dir='ltr'><strong>et</strong></span> <span class='ocrx_word' id='word_1_203' title='bbox 3358 1542 3706 1599; x_wconf 90' lang='lat' dir='ltr'><strong>conculcabis</strong></span> 
     </span>
    </p>
   </div>
   <div class='ocr_carea' id='block_1_30' title="bbox 2126 1626 3707 1707">
    <p class='ocr_par' dir='ltr' id='par_1_30' title="bbox 2126 1626 3707 1707">
     <span class='ocr_line' id='line_1_30' title="bbox 2126 1626 3707 1707; baseline -0.001 -16"><span class='ocrx_word' id='word_1_204' title='bbox 2126 1637 2338 1693; x_wconf 86' lang='lat' dir='ltr'><strong>leonem</strong></span> <span class='ocrx_word' id='word_1_205' title='bbox 2397 1647 2452 1692; x_wconf 89' lang='lat' dir='ltr'><strong>et</strong></span> <span class='ocrx_word' id='word_1_206' title='bbox 2492 1638 2781 1693; x_wconf 87' lang='lat' dir='ltr'><strong>draconem</strong></span> <span class='ocrx_word' id='word_1_207' title='bbox 2814 1634 2883 1692; x_wconf 77' lang='grc'><strong>⁸⁸.</strong></span> <span class='ocrx_word' id='word_1_208' title='bbox 2923 1657 2942 1689; x_wconf 75' lang='grc' dir='ltr'><strong>ι</strong></span> <span class='ocrx_word' id='word_1_209' title='bbox 2999 1636 3267 1693; x_wconf 59' lang='lat' dir='ltr'><strong>Caeterum</strong></span> <span class='ocrx_word' id='word_1_210' title='bbox 3324 1647 3487 1707; x_wconf 84' lang='lat' dir='ltr'><strong>qnam</strong></span> <span class='ocrx_word' id='word_1_211' title='bbox 3539 1626 3707 1690; x_wconf 88' lang='lat' dir='ltr'><strong>divini</strong></span> 
     </span>
    </p>
   </div>
   <div class='ocr_carea' id='block_1_31' title="bbox 2127 1722 3708 1799">
    <p class='ocr_par' dir='ltr' id='par_1_31' title="bbox 2127 1722 3708 1799">
     <span class='ocr_line' id='line_1_31' title="bbox 2127 1722 3708 1799; baseline 0 -18"><span class='ocrx_word' id='word_1_212' title='bbox 2127 1726 2379 1784; x_wconf 88' lang='lat' dir='ltr'><strong>Numinis</strong></span> <span class='ocrx_word' id='word_1_213' title='bbox 2406 1728 2531 1784; x_wconf 90' lang='lat' dir='ltr'><strong>odio</strong></span> <span class='ocrx_word' id='word_1_214' title='bbox 2565 1727 2814 1799; x_wconf 83' lang='lat' dir='ltr'><strong>ﬂagrent,</strong></span> <span class='ocrx_word' id='word_1_215' title='bbox 2844 1744 2910 1783; x_wconf 78' lang='lat' dir='ltr'><strong>ex</strong></span> <span class='ocrx_word' id='word_1_216' title='bbox 2938 1740 3004 1782; x_wconf 90' lang='lat' dir='ltr'><strong>eo</strong></span> <span class='ocrx_word' id='word_1_217' title='bbox 3033 1727 3211 1798; x_wconf 82' lang='lat' dir='ltr'><strong>quivis</strong></span> <span class='ocrx_word' id='word_1_218' title='bbox 3247 1726 3527 1798; x_wconf 78' lang='lat' dir='ltr'><strong>intelligat,</strong></span> <span class='ocrx_word' id='word_1_219' title='bbox 3560 1722 3708 1796; x_wconf 80' lang='lat' dir='ltr'><strong>quod</strong></span> 
     </span>
    </p>
   </div>
   <div class='ocr_carea' id='block_1_32' title="bbox 437 1819 2016 1895">
    <p class='ocr_par' dir='ltr' id='par_1_32' title="bbox 437 1819 1654 1893">
     <span class='ocr_line' id='line_1_32' title="bbox 437 1819 1654 1893; baseline 0.002 -20"><span class='ocrx_word' id='word_1_220' title='bbox 437 1819 608 1887; x_wconf 81' lang='grc' dir='ltr'>σιλέα,</span> <span class='ocrx_word' id='word_1_221' title='bbox 649 1824 743 1875; x_wconf 78' lang='grc' dir='ltr'><strong>καὶ</strong></span> <span class='ocrx_word' id='word_1_222' title='bbox 770 1822 901 1876; x_wconf 84' lang='grc' dir='ltr'>Θεὸν</span> <span class='ocrx_word' id='word_1_223' title='bbox 925 1823 1033 1877; x_wconf 88' lang='grc' dir='ltr'><strong>τῶν</strong></span> <span class='ocrx_word' id='word_1_224' title='bbox 1065 1823 1201 1876; x_wconf 86' lang='grc' dir='ltr'>ὅλων</span> <span class='ocrx_word' id='word_1_225' title='bbox 1234 1822 1654 1893; x_wconf 79' lang='grc' dir='ltr'>μεμαθήκαμεν.</span> 
     </span>
    </p>
   </div>
   <div class='ocr_carea' id='block_1_33' title="bbox 2118 1819 3709 1895">
    <p class='ocr_par' dir='ltr' id='par_1_33' title="bbox 2126 1820 3709 1895">
     <span class='ocr_line' id='line_1_33' title="bbox 2126 1820 3709 1895; baseline -0.003 -16"><span class='ocrx_word' id='word_1_226' title='bbox 2126 1834 2179 1879; x_wconf 92' lang='lat' dir='ltr'><strong>et</strong></span> <span class='ocrx_word' id='word_1_227' title='bbox 2203 1824 2431 1879; x_wconf 89' lang='lat' dir='ltr'><strong>deorum</strong></span> <span class='ocrx_word' id='word_1_228' title='bbox 2478 1824 2583 1895; x_wconf 88' lang='lat' dir='ltr'><strong>ipsi</strong></span> <span class='ocrx_word' id='word_1_229' title='bbox 2634 1840 2832 1879; x_wconf 84' lang='lat' dir='ltr'><strong>nomen</strong></span> <span class='ocrx_word' id='word_1_230' title='bbox 2879 1821 3160 1888; x_wconf 79' lang='lat' dir='ltr'><strong>aliectent,</strong></span> <span class='ocrx_word' id='word_1_231' title='bbox 3210 1832 3264 1877; x_wconf 93' lang='lat' dir='ltr'><strong>et</strong></span> <span class='ocrx_word' id='word_1_232' title='bbox 3304 1823 3584 1892; x_wconf 82' lang='lat' dir='ltr'><strong>praprium</strong></span> <span class='ocrx_word' id='word_1_233' title='bbox 3614 1820 3709 1876; x_wconf 89' lang='lat' dir='ltr'><strong>Del</strong></span> 
     </span>
    </p>
   </div>
   <div class='ocr_carea' id='block_1_34' title="bbox 436 1905 3708 1987">
    <p class='ocr_par' dir='ltr' id='par_1_34' title="bbox 436 1905 3708 1987">
     <span class='ocr_line' id='line_1_34' title="bbox 436 1905 3708 1987; baseline 0.001 -19"><span class='ocrx_word' id='word_1_234' title='bbox 436 1913 643 1968; x_wconf 91' lang='lat' dir='ltr'><strong>cultum</strong></span> <span class='ocrx_word' id='word_1_235' title='bbox 670 1913 858 1969; x_wconf 88' lang='lat' dir='ltr'><strong>furtim</strong></span> <span class='ocrx_word' id='word_1_236' title='bbox 889 1915 994 1971; x_wconf 86' lang='lat' dir='ltr'><strong>sibi</strong></span> <span class='ocrx_word' id='word_1_237' title='bbox 1023 1915 1299 1970; x_wconf 88' lang='lat' dir='ltr'><strong>vindicare</strong></span> <span class='ocrx_word' id='word_1_238' title='bbox 1320 1916 1636 1977; x_wconf 84' lang='lat' dir='ltr'><strong>moliantur.</strong></span> <span class='ocrx_word' id='word_1_239' title='bbox 1657 1913 1786 1970; x_wconf 93' lang='lat' dir='ltr'><strong>dum</strong></span> <span class='ocrx_word' id='word_1_240' title='bbox 1814 1930 1934 1970; x_wconf 90' lang='lat' dir='ltr'><strong>eam</strong></span> <span class='ocrx_word' id='word_1_241' title='bbox 1967 1914 2021 1969; x_wconf 92' lang='lat' dir='ltr'><strong>in</strong></span> <span class='ocrx_word' id='word_1_242' title='bbox 2056 1930 2169 1971; x_wconf 90' lang='lat' dir='ltr'><strong>rem</strong></span> <span class='ocrx_word' id='word_1_243' title='bbox 2227 1916 2622 1973; x_wconf 87' lang='lat' dir='ltr'><strong>divinationum</strong></span> <span class='ocrx_word' id='word_1_244' title='bbox 2663 1932 2726 1973; x_wconf 89' lang='lat' dir='ltr'><strong>ac</strong></span> <span class='ocrx_word' id='word_1_245' title='bbox 2750 1932 3140 1987; x_wconf 90' lang='lat' dir='ltr'><strong>responsorum</strong></span> <span class='ocrx_word' id='word_1_246' title='bbox 3198 1905 3361 1986; x_wconf 80' lang='lat'><strong>330</strong></span> <span class='ocrx_word' id='word_1_247' title='bbox 3414 1916 3708 1979; x_wconf 70' lang='lat' dir='ltr'><strong>illecebris,</strong></span> 
     </span>
    </p>
   </div>
   <div class='ocr_carea' id='block_1_35' title="bbox 436 2009 3705 2083">
    <p class='ocr_par' dir='ltr' id='par_1_35' title="bbox 436 2009 3705 2083">
     <span class='ocr_line' id='line_1_35' title="bbox 436 2009 3705 2083; baseline 0.001 -22"><span class='ocrx_word' id='word_1_248' title='bbox 436 2009 710 2065; x_wconf 82' lang='lat' dir='ltr'><strong>faciliores</strong></span> <span class='ocrx_word' id='word_1_249' title='bbox 736 2025 803 2067; x_wconf 87' lang='lat' dir='ltr'><strong>ac</strong></span> <span class='ocrx_word' id='word_1_250' title='bbox 860 2011 1113 2067; x_wconf 90' lang='lat' dir='ltr'><strong>rudiores</strong></span> <span class='ocrx_word' id='word_1_251' title='bbox 1163 2011 1432 2078; x_wconf 86' lang='lat' dir='ltr'><strong>inescare,</strong></span> <span class='ocrx_word' id='word_1_252' title='bbox 1491 2021 1654 2081; x_wconf 86' lang='lat' dir='ltr'><strong>atque</strong></span> <span class='ocrx_word' id='word_1_253' title='bbox 1705 2027 1734 2065; x_wconf 84' lang='lat' dir='ltr'><strong>a</strong></span> <span class='ocrx_word' id='word_1_254' title='bbox 1792 2010 1889 2066; x_wconf 89' lang='lat' dir='ltr'><strong>Dei</strong></span> <span class='ocrx_word' id='word_1_255' title='bbox 1937 2013 2284 2082; x_wconf 71' lang='lat' dir='ltr'><strong>praepotentis</strong></span> <span class='ocrx_word' id='word_1_256' title='bbox 2314 2012 2641 2083; x_wconf 75' lang='lat' dir='ltr'><strong>cogitatione</strong></span> <span class='ocrx_word' id='word_1_257' title='bbox 2668 2012 2952 2077; x_wconf 86' lang='lat' dir='ltr'><strong>divulsos,</strong></span> <span class='ocrx_word' id='word_1_258' title='bbox 2990 2012 3047 2065; x_wconf 88' lang='lat' dir='ltr'><strong>in</strong></span> <span class='ocrx_word' id='word_1_259' title='bbox 3072 2010 3343 2066; x_wconf 79' lang='lat' dir='ltr'><strong>exitialem</strong></span> <span class='ocrx_word' id='word_1_260' title='bbox 3387 2009 3705 2080; x_wconf 86' lang='lat' dir='ltr'><strong>impietatis,</strong></span> 
     </span>
    </p>
   </div>
   <div class='ocr_carea' id='block_1_36' title="bbox 436 2096 3706 2175">
    <p class='ocr_par' dir='ltr' id='par_1_36' title="bbox 436 2096 3706 2175">
     <span class='ocr_line' id='line_1_36' title="bbox 436 2096 3706 2175; baseline 0.001 -24"><span class='ocrx_word' id='word_1_261' title='bbox 436 2096 719 2169; x_wconf 80' lang='lat' dir='ltr'><strong>Deumque</strong></span> <span class='ocrx_word' id='word_1_262' title='bbox 791 2098 1036 2156; x_wconf 83' lang='lat' dir='ltr'><strong>funditus</strong></span> <span class='ocrx_word' id='word_1_263' title='bbox 1086 2101 1326 2158; x_wconf 88' lang='lat' dir='ltr'><strong>tollentis</strong></span> <span class='ocrx_word' id='word_1_264' title='bbox 1389 2102 1797 2172; x_wconf 74' lang='lat' dir='ltr'><strong>superstitionis</strong></span> <span class='ocrx_word' id='word_1_265' title='bbox 1870 2105 2184 2175; x_wconf 79' lang='lat' dir='ltr'><strong>voraginem</strong></span> <span class='ocrx_word' id='word_1_266' title='bbox 2259 2104 2546 2160; x_wconf 87' lang='lat' dir='ltr'><strong>deturbare</strong></span> <span class='ocrx_word' id='word_1_267' title='bbox 2597 2113 2883 2161; x_wconf 88' lang='lat' dir='ltr'><strong>conantur.</strong></span> <span class='ocrx_word' id='word_1_268' title='bbox 2954 2103 3145 2172; x_wconf 79' lang='lat' dir='ltr'><strong>Itaque</strong></span> <span class='ocrx_word' id='word_1_269' title='bbox 3210 2101 3447 2156; x_wconf 82' lang='lat' dir='ltr'><strong>nefarias</strong></span> <span class='ocrx_word' id='word_1_270' title='bbox 3515 2114 3706 2155; x_wconf 89' lang='lat' dir='ltr'><strong>eorum</strong></span> 
     </span>
    </p>
   </div>
   <div class='ocr_carea' id='block_1_37' title="bbox 435 2189 3707 2269">
    <p class='ocr_par' dir='ltr' id='par_1_37' title="bbox 435 2189 3707 2269">
     <span class='ocr_line' id='line_1_37' title="bbox 435 2189 3707 2269; baseline 0 -25"><span class='ocrx_word' id='word_1_271' title='bbox 435 2189 679 2258; x_wconf 78' lang='lat' dir='ltr'><strong>fraudes,</strong></span> <span class='ocrx_word' id='word_1_272' title='bbox 714 2194 817 2250; x_wconf 89' lang='lat' dir='ltr'><strong>soli</strong></span> <span class='ocrx_word' id='word_1_273' title='bbox 850 2195 1069 2265; x_wconf 87' lang='lat' dir='ltr'><strong>quidem</strong></span> <span class='ocrx_word' id='word_1_274' title='bbox 1109 2211 1176 2252; x_wconf 82' lang='lat' dir='ltr'><strong>ex</strong></span> <span class='ocrx_word' id='word_1_275' title='bbox 1219 2196 1370 2251; x_wconf 90' lang='lat' dir='ltr'><strong>omni</strong></span> <span class='ocrx_word' id='word_1_276' title='bbox 1415 2196 1699 2252; x_wconf 77' lang='lat' dir='ltr'><strong>homirum</strong></span> <span class='ocrx_word' id='word_1_277' title='bbox 1748 2212 2013 2253; x_wconf 82' lang='lat' dir='ltr'><strong>memoria</strong></span> <span class='ocrx_word' id='word_1_278' title='bbox 2050 2198 2223 2254; x_wconf 81' lang='lat' dir='ltr'><strong>effuso</strong></span> <span class='ocrx_word' id='word_1_279' title='bbox 2252 2199 2410 2269; x_wconf 89' lang='lat' dir='ltr'><strong>quasi</strong></span> <span class='ocrx_word' id='word_1_280' title='bbox 2438 2214 2603 2255; x_wconf 88' lang='lat' dir='ltr'><strong>cursu</strong></span> <span class='ocrx_word' id='word_1_281' title='bbox 2650 2196 2863 2255; x_wconf 85' lang='lat' dir='ltr'><strong>Hebraei</strong></span> <span class='ocrx_word' id='word_1_282' title='bbox 2898 2195 3191 2267; x_wconf 83' lang='lat' dir='ltr'><strong>fugiebant,</strong></span> <span class='ocrx_word' id='word_1_283' title='bbox 3232 2194 3362 2249; x_wconf 90' lang='lat' dir='ltr'><strong>dum</strong></span> <span class='ocrx_word' id='word_1_284' title='bbox 3420 2189 3596 2263; x_wconf 81' lang='lat' dir='ltr'><strong>palam</strong></span> <span class='ocrx_word' id='word_1_285' title='bbox 3653 2196 3707 2252; x_wconf 78' lang='lat' dir='ltr'><strong>et</strong></span> 
     </span>
    </p>
   </div>
   <div class='ocr_carea' id='block_1_38' title="bbox 433 2287 3707 2361">
    <p class='ocr_par' dir='ltr' id='par_1_38' title="bbox 433 2287 3707 2361">
     <span class='ocr_line' id='line_1_38' title="bbox 433 2287 3707 2361; baseline -0.001 -21"><span class='ocrx_word' id='word_1_286' title='bbox 433 2296 619 2354; x_wconf 83' lang='lat' dir='ltr'><strong>aperte</strong></span> <span class='ocrx_word' id='word_1_287' title='bbox 647 2288 781 2343; x_wconf 87' lang='lat' dir='ltr'><strong>deos</strong></span> <span class='ocrx_word' id='word_1_288' title='bbox 813 2289 1053 2359; x_wconf 85' lang='lat' dir='ltr'><strong>gentium</strong></span> <span class='ocrx_word' id='word_1_289' title='bbox 1119 2289 1404 2344; x_wconf 87' lang='lat' dir='ltr'><strong>universos</strong></span> <span class='ocrx_word' id='word_1_290' title='bbox 1450 2288 1718 2344; x_wconf 59' lang='lat' dir='ltr'><strong>daemonia</strong></span> <span class='ocrx_word' id='word_1_291' title='bbox 1780 2307 1903 2348; x_wconf 89' lang='lat' dir='ltr'><strong>esse</strong></span> <span class='ocrx_word' id='word_1_292' title='bbox 1948 2300 2403 2348; x_wconf 86' lang='lat' dir='ltr'><strong>contestarentur.</strong></span> <span class='ocrx_word' id='word_1_293' title='bbox 2458 2290 2615 2345; x_wconf 89' lang='lat' dir='ltr'><strong>Nunc</strong></span> <span class='ocrx_word' id='word_1_294' title='bbox 2637 2305 2788 2358; x_wconf 87' lang='lat' dir='ltr'><strong>vero,</strong></span> <span class='ocrx_word' id='word_1_295' title='bbox 2818 2305 2939 2361; x_wconf 88' lang='lat' dir='ltr'><strong>quae</strong></span> <span class='ocrx_word' id='word_1_296' title='bbox 2961 2288 3052 2343; x_wconf 87' lang='lat' dir='ltr'><strong>Dei</strong></span> <span class='ocrx_word' id='word_1_297' title='bbox 3082 2287 3255 2359; x_wconf 87' lang='lat' dir='ltr'><strong>gratia</strong></span> <span class='ocrx_word' id='word_1_298' title='bbox 3327 2298 3432 2351; x_wconf 88' lang='lat' dir='ltr'><strong>est,</strong></span> <span class='ocrx_word' id='word_1_299' title='bbox 3483 2297 3707 2354; x_wconf 55' lang='lat' dir='ltr'><strong>evangcs</strong></span> 
     </span>
    </p>
   </div>
   <div class='ocr_carea' id='block_1_39' title="bbox 433 2377 3705 2454">
    <p class='ocr_par' dir='ltr' id='par_1_39' title="bbox 433 2377 3705 2454">
     <span class='ocr_line' id='line_1_39' title="bbox 433 2377 3705 2454; baseline -0 -21"><span class='ocrx_word' id='word_1_300' title='bbox 433 2378 550 2433; x_wconf 85' lang='lat' dir='ltr'><strong>licae</strong></span> <span class='ocrx_word' id='word_1_301' title='bbox 604 2378 911 2435; x_wconf 88' lang='lat' dir='ltr'><strong>Servatoris</strong></span> <span class='ocrx_word' id='word_1_302' title='bbox 961 2382 1133 2436; x_wconf 90' lang='lat' dir='ltr'><strong>nostri</strong></span> <span class='ocrx_word' id='word_1_303' title='bbox 1181 2381 1442 2437; x_wconf 64' lang='lat' dir='ltr'><strong>doctrinae</strong></span> <span class='ocrx_word' id='word_1_304' title='bbox 1492 2380 1788 2451; x_wconf 83' lang='lat' dir='ltr'><strong>beneﬁcio,</strong></span> <span class='ocrx_word' id='word_1_305' title='bbox 1825 2384 2008 2454; x_wconf 87' lang='lat' dir='ltr'><strong>populi</strong></span> <span class='ocrx_word' id='word_1_306' title='bbox 2047 2398 2238 2440; x_wconf 89' lang='lat' dir='ltr'><strong>omnes</strong></span> <span class='ocrx_word' id='word_1_307' title='bbox 2264 2393 2378 2440; x_wconf 87' lang='lat' dir='ltr'><strong>toto</strong></span> <span class='ocrx_word' id='word_1_308' title='bbox 2428 2384 2563 2440; x_wconf 87' lang='lat' dir='ltr'><strong>orbe</strong></span> <span class='ocrx_word' id='word_1_309' title='bbox 2608 2382 2807 2454; x_wconf 88' lang='lat' dir='ltr'><strong>sparsi,</strong></span> <span class='ocrx_word' id='word_1_310' title='bbox 2868 2382 3172 2437; x_wconf 79' lang='lat' dir='ltr'><strong>daemonum</strong></span> <span class='ocrx_word' id='word_1_311' title='bbox 3235 2379 3399 2435; x_wconf 86' lang='lat' dir='ltr'><strong>soluti</strong></span> <span class='ocrx_word' id='word_1_312' title='bbox 3455 2377 3705 2440; x_wconf 79' lang='lat' dir='ltr'><strong>vinculis.</strong></span> 
     </span>
    </p>
   </div>
   <div class='ocr_carea' id='block_1_40' title="bbox 435 2468 3705 2546">
    <p class='ocr_par' dir='ltr' id='par_1_40' title="bbox 435 2468 3705 2546">
     <span class='ocr_line' id='line_1_40' title="bbox 435 2468 3705 2546; baseline -0.001 -22"><span class='ocrx_word' id='word_1_313' title='bbox 435 2468 604 2525; x_wconf 84' lang='lat' dir='ltr'><strong>Deum</strong></span> <span class='ocrx_word' id='word_1_314' title='bbox 623 2471 877 2526; x_wconf 82' lang='lat' dir='ltr'><strong>laudibus</strong></span> <span class='ocrx_word' id='word_1_315' title='bbox 898 2471 1223 2542; x_wconf 89' lang='lat' dir='ltr'><strong>hymnisque</strong></span> <span class='ocrx_word' id='word_1_316' title='bbox 1237 2471 1639 2539; x_wconf 83' lang='lat' dir='ltr'><strong>concelebrant,</strong></span> <span class='ocrx_word' id='word_1_317' title='bbox 1656 2488 1819 2544; x_wconf 92' lang='lat' dir='ltr'><strong>quem</strong></span> <span class='ocrx_word' id='word_1_318' title='bbox 1847 2490 2016 2529; x_wconf 89' lang='lat' dir='ltr'><strong>unum</strong></span> <span class='ocrx_word' id='word_1_319' title='bbox 2054 2490 2272 2546; x_wconf 89' lang='lat' dir='ltr'><strong>quoque</strong></span> <span class='ocrx_word' id='word_1_320' title='bbox 2299 2474 2645 2532; x_wconf 89' lang='lat' dir='ltr'><strong>Servatorem</strong></span> <span class='ocrx_word' id='word_1_321' title='bbox 2670 2489 2736 2530; x_wconf 88' lang='lat' dir='ltr'><strong>ac</strong></span> <span class='ocrx_word' id='word_1_322' title='bbox 2776 2488 2980 2545; x_wconf 85' lang='lat' dir='ltr'><strong>regem,</strong></span> <span class='ocrx_word' id='word_1_323' title='bbox 3028 2488 3093 2528; x_wconf 91' lang='lat' dir='ltr'><strong>ac</strong></span> <span class='ocrx_word' id='word_1_324' title='bbox 3137 2474 3303 2529; x_wconf 88' lang='lat' dir='ltr'><strong>totius</strong></span> <span class='ocrx_word' id='word_1_325' title='bbox 3381 2470 3705 2526; x_wconf 49' lang='lat' dir='ltr'><strong>universitae</strong></span> 
     </span>
    </p>
   </div>
   <div class='ocr_carea' id='block_1_41' title="bbox 433 2560 1198 2618">
    <p class='ocr_par' dir='ltr' id='par_1_41' title="bbox 433 2560 1198 2618">
     <span class='ocr_line' id='line_1_41' title="bbox 433 2560 1198 2618; baseline 0.001 -2"><span class='ocrx_word' id='word_1_326' title='bbox 433 2561 502 2617; x_wconf 86' lang='lat' dir='ltr'><strong>tis</strong></span> <span class='ocrx_word' id='word_1_327' title='bbox 532 2560 703 2616; x_wconf 90' lang='lat' dir='ltr'><strong>Deum</strong></span> <span class='ocrx_word' id='word_1_328' title='bbox 733 2576 857 2618; x_wconf 87' lang='lat' dir='ltr'><strong>esse</strong></span> <span class='ocrx_word' id='word_1_329' title='bbox 880 2562 1198 2618; x_wconf 89' lang='lat' dir='ltr'><strong>didicimus.</strong></span> 
     </span>
    </p>
   </div>
   <div class='ocr_carea' id='block_1_42' title="bbox 951 2653 1459 2710">
    <p class='ocr_par' dir='ltr' id='par_1_42' title="bbox 951 2653 1459 2710">
     <span class='ocr_line' id='line_1_42' title="bbox 951 2653 1459 2710; baseline 0.012 -5"><span class='ocrx_word' id='word_1_330' title='bbox 951 2653 1348 2709; x_wconf 77' lang='grc' dir='ltr'><strong>ΚΕΦΑΛΑΙΟΝ</strong></span> <span class='ocrx_word' id='word_1_331' title='bbox 1381 2657 1459 2710; x_wconf 87' lang='lat' dir='ltr'><strong>IZ&#39;</strong></span> 
     </span>
    </p>
   </div>
   <div class='ocr_carea' id='block_1_43' title="bbox 743 2763 1694 2839">
    <p class='ocr_par' dir='ltr' id='par_1_43' title="bbox 743 2763 1694 2839">
     <span class='ocr_line' id='line_1_43' title="bbox 743 2763 1694 2839; baseline 0.008 -23"><span class='ocrx_word' id='word_1_332' title='bbox 743 2763 883 2832; x_wconf 85' lang='grc' dir='ltr'>Περί</span> <span class='ocrx_word' id='word_1_333' title='bbox 914 2763 1023 2833; x_wconf 82' lang='grc' dir='ltr'>τῆς</span> <span class='ocrx_word' id='word_1_334' title='bbox 1059 2766 1408 2836; x_wconf 82' lang='grc' dir='ltr'>τάνθρώπου</span> <span class='ocrx_word' id='word_1_335' title='bbox 1437 2770 1694 2839; x_wconf 73' lang='grc' dir='ltr'>φύσεως.</span> 
     </span>
    </p>
   </div>
   <div class='ocr_carea' id='block_1_44' title="bbox 500 2869 2015 2952">
    <p class='ocr_par' dir='ltr' id='par_1_44' title="bbox 500 2869 2015 2952">
     <span class='ocr_line' id='line_1_44' title="bbox 500 2869 2015 2952; baseline 0.007 -27"><span class='ocrx_word' id='word_1_336' title='bbox 500 2869 794 2927; x_wconf 77' lang='grc' dir='ltr'>Κάνταῦθα</span> <span class='ocrx_word' id='word_1_337' title='bbox 821 2875 981 2929; x_wconf 89' lang='grc' dir='ltr'>πάλιν</span> <span class='ocrx_word' id='word_1_338' title='bbox 999 2878 1032 2948; x_wconf 82' lang='grc' dir='ltr'>ἡ</span> <span class='ocrx_word' id='word_1_339' title='bbox 1053 2878 1149 2949; x_wconf 81' lang='grc' dir='ltr'>μὲν</span> <span class='ocrx_word' id='word_1_340' title='bbox 1171 2878 1279 2933; x_wconf 89' lang='grc' dir='ltr'><strong>τῶν</strong></span> <span class='ocrx_word' id='word_1_341' title='bbox 1293 2880 1555 2935; x_wconf 85' lang='grc' dir='ltr'>Φοινίκων</span> <span class='ocrx_word' id='word_1_342' title='bbox 1585 2884 1678 2936; x_wconf 74' lang='grc' dir='ltr'>καὶ</span> <span class='ocrx_word' id='word_1_343' title='bbox 1703 2882 2015 2952; x_wconf 80' lang='grc' dir='ltr'>Αἰγυπτίων</span> 
     </span>
    </p>
   </div>
   <div class='ocr_carea' id='block_1_45' title="bbox 429 2962 2014 3047">
    <p class='ocr_par' dir='ltr' id='par_1_45' title="bbox 429 2962 2014 3047">
     <span class='ocr_line' id='line_1_45' title="bbox 429 2962 2014 3047; baseline 0.009 -32"><span class='ocrx_word' id='word_1_344' title='bbox 429 2962 695 3033; x_wconf 78' lang='grc' dir='ltr'>ζωογονία</span> <span class='ocrx_word' id='word_1_345' title='bbox 724 2967 1030 3038; x_wconf 76' lang='grc' dir='ltr'>αὐτόματον</span> <span class='ocrx_word' id='word_1_346' title='bbox 1053 2970 1241 3043; x_wconf 83' lang='grc' dir='ltr'>εἰσῆγε</span> <span class='ocrx_word' id='word_1_347' title='bbox 1273 2971 1381 3025; x_wconf 84' lang='grc' dir='ltr'><strong>τῶν</strong></span> <span class='ocrx_word' id='word_1_348' title='bbox 1415 2975 1509 3028; x_wconf 74' lang='grc' dir='ltr'><strong>ἐπὶ</strong></span> <span class='ocrx_word' id='word_1_349' title='bbox 1541 2977 1646 3047; x_wconf 85' lang='grc' dir='ltr'>γῆς</span> <span class='ocrx_word' id='word_1_350' title='bbox 1664 2976 1926 3031; x_wconf 85' lang='grc' dir='ltr'>ἁπάντων</span> <span class='ocrx_word' id='word_1_351' title='bbox 1954 2994 2014 3030; x_wconf 86' lang='grc' dir='ltr'><strong>τε</strong></span> 
     </span>
    </p>
   </div>
   <div class='ocr_carea' id='block_1_46' title="bbox 431 3054 2015 3139">
    <p class='ocr_par' dir='ltr' id='par_1_46' title="bbox 431 3054 2015 3139">
     <span class='ocr_line' id='line_1_46' title="bbox 431 3054 2015 3139; baseline 0.009 -32"><span class='ocrx_word' id='word_1_352' title='bbox 431 3054 585 3120; x_wconf 81' lang='grc' dir='ltr'>ζώων</span> <span class='ocrx_word' id='word_1_353' title='bbox 616 3056 710 3109; x_wconf 71' lang='grc' dir='ltr'><strong>καὶ</strong></span> <span class='ocrx_word' id='word_1_354' title='bbox 738 3057 1041 3129; x_wconf 81' lang='grc' dir='ltr'>ἀνθρώπων</span> <span class='ocrx_word' id='word_1_355' title='bbox 1079 3061 1177 3133; x_wconf 82' lang='grc' dir='ltr'>τὴν</span> <span class='ocrx_word' id='word_1_356' title='bbox 1204 3063 1437 3132; x_wconf 83' lang='grc' dir='ltr'>γένεσιν,</span> <span class='ocrx_word' id='word_1_357' title='bbox 1479 3064 1604 3136; x_wconf 85' lang='grc' dir='ltr'>μίαν</span> <span class='ocrx_word' id='word_1_358' title='bbox 1647 3067 1743 3121; x_wconf 81' lang='grc' dir='ltr'><strong>καὶ</strong></span> <span class='ocrx_word' id='word_1_359' title='bbox 1776 3067 1874 3139; x_wconf 84' lang='grc' dir='ltr'><strong>τὴν</strong></span> <span class='ocrx_word' id='word_1_360' title='bbox 1917 3069 2015 3122; x_wconf 63' lang='grc' dir='ltr'>αὐά</span> 
     </span>
    </p>
   </div>
   <div class='ocr_carea' id='block_1_47' title="bbox 428 3148 2013 3231">
    <p class='ocr_par' dir='ltr' id='par_1_47' title="bbox 428 3148 2013 3231">
     <span class='ocr_line' id='line_1_47' title="bbox 428 3148 2013 3231; baseline 0.009 -32"><span class='ocrx_word' id='word_1_361' title='bbox 428 3148 527 3219; x_wconf 84' lang='grc' dir='ltr'>τὴν</span> <span class='ocrx_word' id='word_1_362' title='bbox 569 3149 768 3219; x_wconf 83' lang='grc' dir='ltr'>ὁμοίως</span> <span class='ocrx_word' id='word_1_363' title='bbox 825 3152 985 3221; x_wconf 86' lang='grc' dir='ltr'>φύσιν</span> <span class='ocrx_word' id='word_1_364' title='bbox 1035 3155 1374 3225; x_wconf 86' lang='grc' dir='ltr'>συντυχικῶς</span> <span class='ocrx_word' id='word_1_365' title='bbox 1423 3158 1531 3211; x_wconf 81' lang='grc' dir='ltr'><strong>ἀπὸ</strong></span> <span class='ocrx_word' id='word_1_366' title='bbox 1577 3161 1681 3230; x_wconf 83' lang='grc' dir='ltr'><strong>γῆς</strong></span> <span class='ocrx_word' id='word_1_367' title='bbox 1729 3159 2013 3231; x_wconf 79' lang='grc' dir='ltr'>προελθεῖν</span> 
     </span>
    </p>
   </div>
   <div class='ocr_carea' id='block_1_48' title="bbox 424 3237 2012 3324">
    <p class='ocr_par' dir='ltr' id='par_1_48' title="bbox 424 3237 2012 3324">
     <span class='ocr_line' id='line_1_48' title="bbox 424 3237 2012 3324; baseline 0.008 -32"><span class='ocrx_word' id='word_1_368' title='bbox 424 3238 821 3311; x_wconf 85' lang='grc' dir='ltr'>διαγράφουσα,</span> <span class='ocrx_word' id='word_1_369' title='bbox 854 3247 978 3297; x_wconf 83' lang='grc' dir='ltr'>κατ’</span> <span class='ocrx_word' id='word_1_370' title='bbox 1006 3237 1156 3300; x_wconf 74' lang='grc' dir='ltr'>οὐδέν</span> <span class='ocrx_word' id='word_1_371' title='bbox 1183 3264 1243 3299; x_wconf 90' lang='grc' dir='ltr'><strong>τε</strong></span> <span class='ocrx_word' id='word_1_372' title='bbox 1267 3246 1364 3319; x_wconf 79' lang='grc' dir='ltr'>τὴν</span> <span class='ocrx_word' id='word_1_373' title='bbox 1397 3248 1590 3319; x_wconf 81' lang='grc' dir='ltr'>ἄλογον</span> <span class='ocrx_word' id='word_1_374' title='bbox 1615 3250 1892 3322; x_wconf 82' lang='grc' dir='ltr'>διαφέρειν</span> <span class='ocrx_word' id='word_1_375' title='bbox 1911 3254 2012 3324; x_wconf 82' lang='grc' dir='ltr'>τῆς</span> 
     </span>
    </p>
   </div>
   <div class='ocr_carea' id='block_1_49' title="bbox 428 3327 2011 3416">
    <p class='ocr_par' dir='ltr' id='par_1_49' title="bbox 428 3327 2011 3416">
     <span class='ocr_line' id='line_1_49' title="bbox 428 3327 2011 3416; baseline 0.01 -34"><span class='ocrx_word' id='word_1_376' title='bbox 428 3327 653 3404; x_wconf 79' lang='grc' dir='ltr'>λογικῆς</span> <span class='ocrx_word' id='word_1_377' title='bbox 697 3333 876 3406; x_wconf 77' lang='grc' dir='ltr'>ψυχῆς</span> <span class='ocrx_word' id='word_1_378' title='bbox 925 3352 985 3389; x_wconf 86' lang='grc' dir='ltr'><strong>τε</strong></span> <span class='ocrx_word' id='word_1_379' title='bbox 1036 3338 1131 3391; x_wconf 70' lang='grc' dir='ltr'><strong>καὶ</strong></span> <span class='ocrx_word' id='word_1_380' title='bbox 1181 3336 1370 3404; x_wconf 81' lang='grc' dir='ltr'>οὐσίας</span> <span class='ocrx_word' id='word_1_381' title='bbox 1417 3340 1802 3416; x_wconf 70' lang='grc' dir='ltr'>ὑποτιθεμένησ</span> <span class='ocrx_word' id='word_1_382' title='bbox 1837 3343 2011 3399; x_wconf 83' lang='grc' dir='ltr'>ταῦτα</span> 
     </span>
    </p>
   </div>
   <div class='ocr_carea' id='block_1_50' title="bbox 427 3420 2013 3507">
    <p class='ocr_par' dir='ltr' id='par_1_50' title="bbox 427 3420 2013 3507">
     <span class='ocr_line' id='line_1_50' title="bbox 427 3420 2013 3507; baseline 0.01 -35"><span class='ocrx_word' id='word_1_383' title='bbox 427 3420 559 3489; x_wconf 89' lang='grc' dir='ltr'>γοῦν</span> <span class='ocrx_word' id='word_1_384' title='bbox 588 3421 807 3493; x_wconf 81' lang='grc' dir='ltr'>ἐδήλουν</span> <span class='ocrx_word' id='word_1_385' title='bbox 862 3426 917 3478; x_wconf 89' lang='grc' dir='ltr'><strong>αἰ</strong></span> <span class='ocrx_word' id='word_1_386' title='bbox 966 3424 1462 3498; x_wconf 82' lang='grc' dir='ltr'>προπαρατεθείσαι</span> <span class='ocrx_word' id='word_1_387' title='bbox 1498 3432 1608 3487; x_wconf 91' lang='grc' dir='ltr'><strong>τῶν</strong></span> <span class='ocrx_word' id='word_1_388' title='bbox 1656 3435 1787 3507; x_wconf 86' lang='grc' dir='ltr'>παρ’</span> <span class='ocrx_word' id='word_1_389' title='bbox 1828 3436 2013 3499; x_wconf 78' lang='grc' dir='ltr'>αὐτοῖς</span> 
     </span>
    </p>
   </div>
   <div class='ocr_carea' id='block_1_51' title="bbox 430 3515 2012 3596">
    <p class='ocr_par' dir='ltr' id='par_1_51' title="bbox 430 3515 2012 3596">
     <span class='ocr_line' id='line_1_51' title="bbox 430 3515 2012 3596; baseline 0.01 -31"><span class='ocrx_word' id='word_1_390' title='bbox 430 3515 792 3585; x_wconf 84' lang='grc' dir='ltr'>συγγραφέων</span> <span class='ocrx_word' id='word_1_391' title='bbox 815 3515 1009 3582; x_wconf 72' lang='grc' dir='ltr'>λέξειςδ</span> <span class='ocrx_word' id='word_1_392' title='bbox 1040 3516 1228 3584; x_wconf 76' lang='grc' dir='ltr'>παῖδες</span> <span class='ocrx_word' id='word_1_393' title='bbox 1260 3519 1317 3574; x_wconf 83' lang='grc' dir='ltr'>δὲ</span> <span class='ocrx_word' id='word_1_394' title='bbox 1362 3522 1523 3576; x_wconf 84' lang='grc' dir='ltr'>πάλιν</span> <span class='ocrx_word' id='word_1_395' title='bbox 1574 3523 1841 3596; x_wconf 78' lang='grc' dir='ltr'>Ἐσραίων</span> <span class='ocrx_word' id='word_1_396' title='bbox 1867 3526 2012 3582; x_wconf 86' lang='grc' dir='ltr'>εἰκό-</span> 
     </span>
    </p>
   </div>
   <div class='ocr_carea' id='block_1_52' title="bbox 423 3608 2011 3691">
    <p class='ocr_par' dir='ltr' id='par_1_52' title="bbox 423 3608 2011 3691">
     <span class='ocr_line' id='line_1_52' title="bbox 423 3608 2011 3691; baseline 0.009 -32"><span class='ocrx_word' id='word_1_397' title='bbox 423 3619 533 3691; x_wconf 73' lang='grc' dir='ltr'><strong>τως</strong></span> <span class='ocrx_word' id='word_1_398' title='bbox 561 3608 691 3677; x_wconf 82' lang='grc' dir='ltr'>ἡμῖν</span> <span class='ocrx_word' id='word_1_399' title='bbox 718 3609 1166 3681; x_wconf 83' lang='grc' dir='ltr'>προτετίμηνται,</span> <span class='ocrx_word' id='word_1_400' title='bbox 1221 3613 1290 3667; x_wconf 86' lang='grc' dir='ltr'>τὰ</span> <span class='ocrx_word' id='word_1_401' title='bbox 1335 3615 1462 3687; x_wconf 81' lang='grc' dir='ltr'>περὶ</span> <span class='ocrx_word' id='word_1_402' title='bbox 1517 3619 1618 3688; x_wconf 77' lang='grc' dir='ltr'>τῆς</span> <span class='ocrx_word' id='word_1_403' title='bbox 1666 3616 1886 3691; x_wconf 84' lang='grc' dir='ltr'>πρώτης</span> <span class='ocrx_word' id='word_1_404' title='bbox 1917 3619 2011 3673; x_wconf 80' lang='grc' dir='ltr'><strong>ἀν-</strong></span> 
     </span>
    </p>
   </div>
   <div class='ocr_carea' id='block_1_53' title="bbox 426 3688 2010 3782">
    <p class='ocr_par' dir='ltr' id='par_1_53' title="bbox 426 3688 2010 3782">
     <span class='ocr_line' id='line_1_53' title="bbox 426 3688 2010 3782; baseline 0.011 -36"><span class='ocrx_word' id='word_1_405' title='bbox 426 3688 659 3765; x_wconf 82' lang='grc' dir='ltr'>θρώπων</span> <span class='ocrx_word' id='word_1_406' title='bbox 687 3698 1001 3765; x_wconf 81' lang='grc' dir='ltr'>συστάσεως</span> <span class='ocrx_word' id='word_1_407' title='bbox 1047 3702 1363 3771; x_wconf 65' lang='grc' dir='ltr'>παγκάλως,</span> <span class='ocrx_word' id='word_1_408' title='bbox 1391 3706 1486 3759; x_wconf 82' lang='grc' dir='ltr'><strong>καὶ</strong></span> <span class='ocrx_word' id='word_1_409' title='bbox 1520 3688 1721 3776; x_wconf 80' lang='grc' dir='ltr'>σοφῶς,</span> <span class='ocrx_word' id='word_1_410' title='bbox 1748 3688 1853 3763; x_wconf 16' lang='grc' dir='ltr'>καὶ*</span> <span class='ocrx_word' id='word_1_411' title='bbox 1878 3710 2010 3782; x_wconf 86' lang='grc' dir='ltr'>άλη-</span> 
     </span>
    </p>
   </div>
   <div class='ocr_carea' id='block_1_54' title="bbox 424 3785 2010 3871">
    <p class='ocr_par' dir='ltr' id='par_1_54' title="bbox 424 3785 2010 3871">
     <span class='ocr_line' id='line_1_54' title="bbox 424 3785 2010 3871; baseline 0.011 -33"><span class='ocrx_word' id='word_1_412' title='bbox 424 3785 534 3850; x_wconf 88' lang='grc' dir='ltr'><strong>θῶς</strong></span> <span class='ocrx_word' id='word_1_413' title='bbox 565 3787 915 3860; x_wconf 85' lang='grc' dir='ltr'>διειληφότες.</span> <span class='ocrx_word' id='word_1_414' title='bbox 955 3792 1075 3847; x_wconf 87' lang='grc' dir='ltr'>Ὅτι</span> <span class='ocrx_word' id='word_1_415' title='bbox 1113 3793 1177 3865; x_wconf 85' lang='grc' dir='ltr'>δὴ</span> <span class='ocrx_word' id='word_1_416' title='bbox 1198 3794 1306 3847; x_wconf 88' lang='grc' dir='ltr'><strong>τῶν</strong></span> <span class='ocrx_word' id='word_1_417' title='bbox 1332 3797 1389 3848; x_wconf 79' lang='grc' dir='ltr'>ὲν</span> <span class='ocrx_word' id='word_1_418' title='bbox 1413 3798 1544 3868; x_wconf 78' lang='grc' dir='ltr'>ἡμῖν</span> <span class='ocrx_word' id='word_1_419' title='bbox 1570 3794 1632 3852; x_wconf 80' lang='grc' dir='ltr'><strong>τὸ</strong></span> <span class='ocrx_word' id='word_1_420' title='bbox 1666 3798 1765 3870; x_wconf 88' lang='grc' dir='ltr'><strong>μέν</strong></span> <span class='ocrx_word' id='word_1_421' title='bbox 1791 3818 1845 3854; x_wconf 88' lang='grc' dir='ltr'><strong>τι</strong></span> <span class='ocrx_word' id='word_1_422' title='bbox 1875 3802 2010 3871; x_wconf 76' lang='grc' dir='ltr'>φασὶ</span> 
     </span>
    </p>
   </div>
   <div class='ocr_carea' id='block_1_55' title="bbox 424 3871 2008 3957">
    <p class='ocr_par' dir='ltr' id='par_1_55' title="bbox 424 3871 2008 3957">
     <span class='ocr_line' id='line_1_55' title="bbox 424 3871 2008 3957; baseline 0.008 -28"><span class='ocrx_word' id='word_1_423' title='bbox 424 3871 567 3931; x_wconf 86' lang='grc' dir='ltr'>θεῖον</span> <span class='ocrx_word' id='word_1_424' title='bbox 597 3873 735 3931; x_wconf 73' lang='grc' dir='ltr'>εἶναι</span> <span class='ocrx_word' id='word_1_425' title='bbox 787 3880 880 3932; x_wconf 76' lang='grc' dir='ltr'><strong>καὶ</strong></span> <span class='ocrx_word' id='word_1_426' title='bbox 908 3878 1199 3947; x_wconf 80' lang='grc' dir='ltr'>ἀθάνατον,</span> <span class='ocrx_word' id='word_1_427' title='bbox 1226 3882 1466 3955; x_wconf 77' lang='grc' dir='ltr'>ἄσαρκόν</span> <span class='ocrx_word' id='word_1_428' title='bbox 1492 3900 1553 3937; x_wconf 86' lang='grc' dir='ltr'><strong>τε</strong></span> <span class='ocrx_word' id='word_1_429' title='bbox 1591 3884 1690 3957; x_wconf 86' lang='grc' dir='ltr'>τὴν</span> <span class='ocrx_word' id='word_1_430' title='bbox 1718 3884 1881 3956; x_wconf 84' lang='grc' dir='ltr'>φύσιν</span> <span class='ocrx_word' id='word_1_431' title='bbox 1913 3889 2008 3942; x_wconf 81' lang='grc' dir='ltr'>καὶ</span> 
     </span>
    </p>
   </div>
   <div class='ocr_carea' id='block_1_56' title="bbox 421 3967 2075 4067">
    <p class='ocr_par' dir='ltr' id='par_1_56' title="bbox 421 3967 2075 4067">
     <span class='ocr_line' id='line_1_56' title="bbox 421 3967 2075 4067; baseline 0.01 -47"><span class='ocrx_word' id='word_1_432' title='bbox 421 3967 735 4040; x_wconf 82' lang='grc' dir='ltr'>ἀσώματον·</span> <span class='ocrx_word' id='word_1_433' title='bbox 779 3971 937 4067; x_wconf 79' lang='grc' dir='ltr'>τοῦτο</span> <span class='ocrx_word' id='word_1_434' title='bbox 969 3972 1026 4026; x_wconf 83' lang='grc' dir='ltr'>δὲ</span> <span class='ocrx_word' id='word_1_435' title='bbox 1048 3977 1140 4027; x_wconf 67' lang='grc' dir='ltr'>καὶ</span> <span class='ocrx_word' id='word_1_436' title='bbox 1158 3972 1251 4067; x_wconf 81' lang='grc' dir='ltr'><strong>τὸν</strong></span> <span class='ocrx_word' id='word_1_437' title='bbox 1288 3975 1462 4049; x_wconf 83' lang='grc' dir='ltr'>ἀληθῆ</span> <span class='ocrx_word' id='word_1_438' title='bbox 1487 3980 1774 4049; x_wconf 87' lang='grc' dir='ltr'>τυγχάνειν</span> <span class='ocrx_word' id='word_1_439' title='bbox 1793 3979 2003 4052; x_wconf 81' lang='grc' dir='ltr'>άνθρω-</span> <span class='ocrx_word' id='word_1_440' title='bbox 2032 4009 2075 4067; x_wconf 77' lang='lat' dir='ltr'><strong><em>C</em></strong></span> 
     </span>
    </p>
   </div>
   <div class='ocr_carea' id='block_1_57' title="bbox 421 4060 1999 4142">
    <p class='ocr_par' dir='ltr' id='par_1_57' title="bbox 421 4060 1999 4142">
     <span class='ocr_line' id='line_1_57' title="bbox 421 4060 1999 4142; baseline 0.008 -29"><span class='ocrx_word' id='word_1_441' title='bbox 421 4074 542 4125; x_wconf 87' lang='grc' dir='ltr'>πον,</span> <span class='ocrx_word' id='word_1_442' title='bbox 571 4063 690 4115; x_wconf 85' lang='grc' dir='ltr'>κατ’</span> <span class='ocrx_word' id='word_1_443' title='bbox 737 4062 920 4118; x_wconf 83' lang='grc' dir='ltr'>εἰκόνα</span> <span class='ocrx_word' id='word_1_444' title='bbox 967 4064 1103 4117; x_wconf 90' lang='grc' dir='ltr'><strong>Θεοῦ</strong></span> <span class='ocrx_word' id='word_1_445' title='bbox 1151 4060 1243 4118; x_wconf 75' lang='grc' dir='ltr'><strong>καὶ</strong></span> <span class='ocrx_word' id='word_1_446' title='bbox 1296 4067 1554 4138; x_wconf 84' lang='grc' dir='ltr'>ὁμοίωσιν</span> <span class='ocrx_word' id='word_1_447' title='bbox 1614 4072 1999 4142; x_wconf 81' lang='grc' dir='ltr'>γεγενημένον’</span> 
     </span>
    </p>
   </div>
   <div class='ocr_carea' id='block_1_58' title="bbox 422 4147 2002 4232">
    <p class='ocr_par' dir='ltr' id='par_1_58' title="bbox 422 4147 2002 4232">
     <span class='ocr_line' id='line_1_58' title="bbox 422 4147 2002 4232; baseline 0.008 -28"><span class='ocrx_word' id='word_1_448' title='bbox 422 4147 562 4205; x_wconf 76' lang='grc' dir='ltr'>εἶναι</span> <span class='ocrx_word' id='word_1_449' title='bbox 590 4152 649 4206; x_wconf 83' lang='grc' dir='ltr'>δὲ</span> <span class='ocrx_word' id='word_1_450' title='bbox 679 4150 839 4208; x_wconf 81' lang='grc' dir='ltr'>αὐτὸν</span> <span class='ocrx_word' id='word_1_451' title='bbox 869 4154 1029 4226; x_wconf 79' lang='grc' dir='ltr'>ἔργον</span> <span class='ocrx_word' id='word_1_452' title='bbox 1051 4155 1208 4221; x_wconf 86' lang='grc' dir='ltr'>Θεοῦ,</span> <span class='ocrx_word' id='word_1_453' title='bbox 1242 4156 1356 4211; x_wconf 85' lang='grc' dir='ltr'>ἀλλ’</span> <span class='ocrx_word' id='word_1_454' title='bbox 1382 4156 1443 4212; x_wconf 80' lang='grc' dir='ltr'>οὑ</span> <span class='ocrx_word' id='word_1_455' title='bbox 1494 4159 1684 4232; x_wconf 85' lang='grc' dir='ltr'>τύχης,</span> <span class='ocrx_word' id='word_1_456' title='bbox 1708 4163 1819 4216; x_wconf 86' lang='grc' dir='ltr'>οὐδ’</span> <span class='ocrx_word' id='word_1_457' title='bbox 1841 4163 2002 4218; x_wconf 68' lang='grc' dir='ltr'>αὐτοι</span> 
     </span>
    </p>
   </div>
   <div class='ocr_carea' id='block_1_59' title="bbox 424 4245 2000 4326">
    <p class='ocr_par' dir='ltr' id='par_1_59' title="bbox 424 4245 2000 4326">
     <span class='ocr_line' id='line_1_59' title="bbox 424 4245 2000 4326; baseline 0.008 -29"><span class='ocrx_word' id='word_1_458' title='bbox 424 4245 594 4315; x_wconf 85' lang='grc' dir='ltr'>μάτου</span> <span class='ocrx_word' id='word_1_459' title='bbox 618 4245 851 4315; x_wconf 85' lang='grc' dir='ltr'>φύσεως,</span> <span class='ocrx_word' id='word_1_460' title='bbox 882 4248 1045 4303; x_wconf 81' lang='grc' dir='ltr'>αὑτοῦ</span> <span class='ocrx_word' id='word_1_461' title='bbox 1074 4250 1132 4303; x_wconf 77' lang='grc' dir='ltr'>δὲ</span> <span class='ocrx_word' id='word_1_462' title='bbox 1162 4249 1256 4304; x_wconf 86' lang='grc' dir='ltr'><strong>τοῦ</strong></span> <span class='ocrx_word' id='word_1_463' title='bbox 1292 4250 1400 4304; x_wconf 83' lang='grc' dir='ltr'><strong>τῶν</strong></span> <span class='ocrx_word' id='word_1_464' title='bbox 1431 4251 1567 4305; x_wconf 87' lang='grc' dir='ltr'>ὃλων</span> <span class='ocrx_word' id='word_1_465' title='bbox 1597 4248 1793 4320; x_wconf 84' lang='grc' dir='ltr'>αἰτίου,</span> <span class='ocrx_word' id='word_1_466' title='bbox 1821 4255 2000 4326; x_wconf 86' lang='grc' dir='ltr'>κρίσει</span> 
     </span>
    </p>
   </div>
   <div class='ocr_carea' id='block_1_60' title="bbox 421 4332 2000 4415">
    <p class='ocr_par' dir='ltr' id='par_1_60' title="bbox 421 4332 2000 4415">
     <span class='ocr_line' id='line_1_60' title="bbox 421 4332 2000 4415; baseline 0.009 -29"><span class='ocrx_word' id='word_1_467' title='bbox 421 4332 540 4408; x_wconf 80' lang='grc' dir='ltr'>θείᾳ</span> <span class='ocrx_word' id='word_1_468' title='bbox 573 4335 968 4409; x_wconf 74' lang='grc' dir='ltr'>βεϐουλημένου</span> <span class='ocrx_word' id='word_1_469' title='bbox 1006 4340 1139 4411; x_wconf 82' lang='grc' dir='ltr'>μηδὲ</span> <span class='ocrx_word' id='word_1_470' title='bbox 1180 4340 1247 4396; x_wconf 78' lang='grc' dir='ltr'>τὰ</span> <span class='ocrx_word' id='word_1_471' title='bbox 1274 4341 1415 4396; x_wconf 78' lang='grc' dir='ltr'>κατὰ</span> <span class='ocrx_word' id='word_1_472' title='bbox 1436 4342 1540 4412; x_wconf 83' lang='grc' dir='ltr'>γῆν</span> <span class='ocrx_word' id='word_1_473' title='bbox 1564 4347 1757 4415; x_wconf 78' lang='grc' dir='ltr'>νοερᾶς</span> <span class='ocrx_word' id='word_1_474' title='bbox 1790 4348 1882 4399; x_wconf 79' lang='grc' dir='ltr'><strong>καὶ</strong></span> <span class='ocrx_word' id='word_1_475' title='bbox 1910 4346 2000 4400; x_wconf 89' lang='grc' dir='ltr'>λο-</span> 
     </span>
    </p>
   </div>
   <div class='ocr_carea' id='block_1_61' title="bbox 419 4426 1997 4509">
    <p class='ocr_par' dir='ltr' id='par_1_61' title="bbox 419 4426 1997 4509">
     <span class='ocr_line' id='line_1_61' title="bbox 419 4426 1997 4509; baseline 0.008 -30"><span class='ocrx_word' id='word_1_476' title='bbox 419 4429 582 4499; x_wconf 80' lang='grc' dir='ltr'>γικῆς</span> <span class='ocrx_word' id='word_1_477' title='bbox 607 4426 792 4492; x_wconf 82' lang='grc' dir='ltr'>οὐσίας</span> <span class='ocrx_word' id='word_1_478' title='bbox 819 4431 1091 4502; x_wconf 85' lang='grc' dir='ltr'>ἀμοιρεῖν,</span> <span class='ocrx_word' id='word_1_479' title='bbox 1116 4432 1263 4497; x_wconf 83' lang='grc' dir='ltr'>ὅπως</span> <span class='ocrx_word' id='word_1_480' title='bbox 1288 4433 1376 4487; x_wconf 73' lang='grc' dir='ltr'>διὰ</span> <span class='ocrx_word' id='word_1_481' title='bbox 1410 4434 1627 4489; x_wconf 82' lang='grc' dir='ltr'>πάντων</span> <span class='ocrx_word' id='word_1_482' title='bbox 1651 4435 1798 4508; x_wconf 81' lang='grc' dir='ltr'>αὑτῷ</span> <span class='ocrx_word' id='word_1_483' title='bbox 1826 4438 1997 4509; x_wconf 80' lang='grc' dir='ltr'>οὐρα-</span> 
     </span>
    </p>
   </div>
   <div class='ocr_carea' id='block_1_62' title="bbox 419 4519 2001 4599">
    <p class='ocr_par' dir='ltr' id='par_1_62' title="bbox 419 4519 2001 4599">
     <span class='ocr_line' id='line_1_62' title="bbox 419 4519 2001 4599; baseline 0.007 -26"><span class='ocrx_word' id='word_1_484' title='bbox 419 4519 546 4574; x_wconf 79' lang='grc' dir='ltr'>νίων</span> <span class='ocrx_word' id='word_1_485' title='bbox 577 4539 637 4575; x_wconf 86' lang='grc' dir='ltr'><strong>τε</strong></span> <span class='ocrx_word' id='word_1_486' title='bbox 667 4523 759 4576; x_wconf 76' lang='grc' dir='ltr'><strong>καὶ</strong></span> <span class='ocrx_word' id='word_1_487' title='bbox 809 4523 1081 4596; x_wconf 87' lang='grc' dir='ltr'>αἰθερίων,</span> <span class='ocrx_word' id='word_1_488' title='bbox 1117 4524 1225 4580; x_wconf 87' lang='grc' dir='ltr'><strong>τῶν</strong></span> <span class='ocrx_word' id='word_1_489' title='bbox 1256 4543 1316 4579; x_wconf 83' lang='grc' dir='ltr'><strong>τε</strong></span> <span class='ocrx_word' id='word_1_490' title='bbox 1360 4526 1453 4579; x_wconf 73' lang='grc' dir='ltr'>ἐπὶ</span> <span class='ocrx_word' id='word_1_491' title='bbox 1483 4530 1586 4599; x_wconf 86' lang='grc' dir='ltr'><strong>γῆς</strong></span> <span class='ocrx_word' id='word_1_492' title='bbox 1624 4527 1877 4598; x_wconf 86' lang='grc' dir='ltr'>λογικῶν,</span> <span class='ocrx_word' id='word_1_493' title='bbox 1904 4531 2001 4585; x_wconf 78' lang='grc' dir='ltr'><strong>καὶ</strong></span> 
     </span>
    </p>
   </div>
   <div class='ocr_carea' id='block_1_63' title="bbox 419 4611 2002 4693">
    <p class='ocr_par' dir='ltr' id='par_1_63' title="bbox 419 4611 2002 4693">
     <span class='ocr_line' id='line_1_63' title="bbox 419 4611 2002 4693; baseline 0.004 -25"><span class='ocrx_word' id='word_1_494' title='bbox 419 4611 518 4683; x_wconf 84' lang='grc' dir='ltr'>τῆς</span> <span class='ocrx_word' id='word_1_495' title='bbox 546 4614 708 4670; x_wconf 82' lang='grc' dir='ltr'>αὐτοῦ</span> <span class='ocrx_word' id='word_1_496' title='bbox 738 4616 1011 4688; x_wconf 88' lang='grc' dir='ltr'>θειότητος</span> <span class='ocrx_word' id='word_1_497' title='bbox 1031 4617 1429 4690; x_wconf 82' lang='grc' dir='ltr'>ἀντιληπτικῶν</span> <span class='ocrx_word' id='word_1_498' title='bbox 1454 4621 1482 4672; x_wconf 86' lang='grc' dir='ltr'>ὁ</span> <span class='ocrx_word' id='word_1_499' title='bbox 1508 4621 1800 4692; x_wconf 84' lang='grc' dir='ltr'>προσήκων</span> <span class='ocrx_word' id='word_1_500' title='bbox 1834 4620 2002 4693; x_wconf 77' lang='grc' dir='ltr'>ὕμνος</span> 
     </span>
    </p>
   </div>
   <div class='ocr_carea' id='block_1_64' title="bbox 416 4700 1999 4782">
    <p class='ocr_par' dir='ltr' id='par_1_64' title="bbox 416 4700 1999 4782">
     <span class='ocr_line' id='line_1_64' title="bbox 416 4700 1999 4782; baseline 0.004 -23"><span class='ocrx_word' id='word_1_501' title='bbox 416 4700 815 4777; x_wconf 76' lang='grc' dir='ltr'>ἀναπέμπω-ιο.</span> <span class='ocrx_word' id='word_1_502' title='bbox 844 4704 1000 4762; x_wconf 75' lang='grc' dir='ltr'>Οὕτω</span> <span class='ocrx_word' id='word_1_503' title='bbox 1035 4708 1080 4761; x_wconf 89' lang='grc' dir='ltr'>δ’</span> <span class='ocrx_word' id='word_1_504' title='bbox 1102 4705 1195 4763; x_wconf 86' lang='grc' dir='ltr'><strong>οῦν</strong></span> <span class='ocrx_word' id='word_1_505' title='bbox 1223 4708 1467 4782; x_wconf 85' lang='grc' dir='ltr'>περιέχει</span> <span class='ocrx_word' id='word_1_506' title='bbox 1509 4710 1580 4763; x_wconf 84' lang='grc' dir='ltr'>τὰ</span> <span class='ocrx_word' id='word_1_507' title='bbox 1622 4709 1886 4781; x_wconf 78' lang='grc' dir='ltr'>Ἐϐραίων</span> <span class='ocrx_word' id='word_1_508' title='bbox 1906 4712 1999 4765; x_wconf 81' lang='grc' dir='ltr'>λό-</span> 
     </span>
    </p>
   </div>
   <div class='ocr_carea' id='block_1_65' title="bbox 416 4794 1997 4873">
    <p class='ocr_par' dir='ltr' id='par_1_65' title="bbox 416 4794 1997 4873">
     <span class='ocr_line' id='line_1_65' title="bbox 416 4794 1997 4873; baseline 0.007 -26"><span class='ocrx_word' id='word_1_509' title='bbox 416 4811 533 4863; x_wconf 90' lang='grc' dir='ltr'>για·</span> <span class='ocrx_word' id='word_1_510' title='bbox 565 4814 583 4847; x_wconf 78' lang='grc' dir='ltr'><strong>ι</strong></span> <span class='ocrx_word' id='word_1_511' title='bbox 603 4798 710 4851; x_wconf 77' lang='grc' dir='ltr'>Καὶ</span> <span class='ocrx_word' id='word_1_512' title='bbox 740 4794 891 4853; x_wconf 83' lang='grc' dir='ltr'>εἶπεν</span> <span class='ocrx_word' id='word_1_513' title='bbox 916 4802 944 4854; x_wconf 85' lang='grc' dir='ltr'>ὁ</span> <span class='ocrx_word' id='word_1_514' title='bbox 986 4799 1135 4864; x_wconf 69' lang='grc' dir='ltr'>Θεόςδ</span> <span class='ocrx_word' id='word_1_515' title='bbox 1172 4801 1493 4873; x_wconf 85' lang='grc' dir='ltr'>Ποιήσωμεν</span> <span class='ocrx_word' id='word_1_516' title='bbox 1550 4800 1835 4873; x_wconf 80' lang='grc' dir='ltr'>ἄνθρωπον</span> <span class='ocrx_word' id='word_1_517' title='bbox 1876 4800 1997 4858; x_wconf 75' lang='grc' dir='ltr'>κατ’</span> 
     </span>
    </p>
   </div>
   <div class='ocr_carea' id='block_1_66' title="bbox 2695 2637 3124 2707">
    <p class='ocr_par' dir='ltr' id='par_1_66' title="bbox 2695 2637 3124 2707">
     <span class='ocr_line' id='line_1_66' title="bbox 2695 2637 3124 2707; baseline -0.009 -2"><span class='ocrx_word' id='word_1_518' title='bbox 2695 2642 2923 2707; x_wconf 80' lang='lat' dir='ltr'><strong>CAPUT</strong></span> <span class='ocrx_word' id='word_1_519' title='bbox 2959 2637 3124 2703; x_wconf 71' lang='lat' dir='ltr'><strong>XVII.</strong></span> 
     </span>
    </p>
   </div>
   <div class='ocr_carea' id='block_1_67' title="bbox 2622 2763 3204 2821">
    <p class='ocr_par' dir='ltr' id='par_1_67' title="bbox 2622 2763 3204 2821">
     <span class='ocr_line' id='line_1_67' title="bbox 2622 2763 3204 2821; baseline -0.007 0"><span class='ocrx_word' id='word_1_520' title='bbox 2622 2765 2696 2821; x_wconf 83' lang='lat' dir='ltr'><strong>De</strong></span> <span class='ocrx_word' id='word_1_521' title='bbox 2724 2772 2920 2819; x_wconf 85' lang='lat' dir='ltr'><strong>natura</strong></span> <span class='ocrx_word' id='word_1_522' title='bbox 2955 2763 3204 2817; x_wconf 64' lang='lat' dir='ltr'><strong>hominis.</strong></span> 
     </span>
    </p>
   </div>
   <div class='ocr_carea' id='block_1_68' title="bbox 2187 2874 3696 2949">
    <p class='ocr_par' dir='ltr' id='par_1_68' title="bbox 2187 2874 3696 2949">
     <span class='ocr_line' id='line_1_68' title="bbox 2187 2874 3696 2949; baseline -0.005 -12"><span class='ocrx_word' id='word_1_523' title='bbox 2187 2877 2306 2937; x_wconf 79' lang='lat' dir='ltr'><strong>Jam</strong></span> <span class='ocrx_word' id='word_1_524' title='bbox 2356 2895 2509 2946; x_wconf 89' lang='lat' dir='ltr'><strong>vero,</strong></span> <span class='ocrx_word' id='word_1_525' title='bbox 2550 2878 2698 2949; x_wconf 90' lang='lat' dir='ltr'><strong>quod</strong></span> <span class='ocrx_word' id='word_1_526' title='bbox 2745 2878 3042 2931; x_wconf 90' lang='lat' dir='ltr'><strong>humanam</strong></span> <span class='ocrx_word' id='word_1_527' title='bbox 3076 2875 3143 2929; x_wconf 90' lang='lat' dir='ltr'><strong>ad</strong></span> <span class='ocrx_word' id='word_1_528' title='bbox 3186 2881 3441 2929; x_wconf 86' lang='lat' dir='ltr'><strong>naturam</strong></span> <span class='ocrx_word' id='word_1_529' title='bbox 3483 2874 3696 2941; x_wconf 67' lang='lat' dir='ltr'><strong>attinet.</strong></span> 
     </span>
    </p>
   </div>
   <div class='ocr_carea' id='block_1_69' title="bbox 2117 2971 3698 3046">
    <p class='ocr_par' dir='ltr' id='par_1_69' title="bbox 2117 2971 3698 3046">
     <span class='ocr_line' id='line_1_69' title="bbox 2117 2971 3698 3046; baseline -0.006 -12"><span class='ocrx_word' id='word_1_530' title='bbox 2117 2978 2440 3035; x_wconf 70' lang='lat' dir='ltr'><strong>thnicum</strong></span> <span class='ocrx_word' id='word_1_531' title='bbox 2469 2985 2524 3031; x_wconf 92' lang='lat' dir='ltr'><strong>et</strong></span> <span class='ocrx_word' id='word_1_532' title='bbox 2554 2972 2932 3046; x_wconf 64' lang='lat' dir='ltr'><strong>Egyptiorum</strong></span> <span class='ocrx_word' id='word_1_533' title='bbox 2959 2971 3027 3026; x_wconf 91' lang='lat' dir='ltr'><strong>de</strong></span> <span class='ocrx_word' id='word_1_534' title='bbox 3059 2971 3420 3025; x_wconf 85' lang='lat' dir='ltr'><strong>animantium</strong></span> <span class='ocrx_word' id='word_1_535' title='bbox 3470 2983 3698 3040; x_wconf 50' lang='lat' dir='ltr'><strong>genera-4</strong></span> 
     </span>
    </p>
   </div>
   <div class='ocr_carea' id='block_1_70' title="bbox 2117 3061 3699 3133">
    <p class='ocr_par' dir='ltr' id='par_1_70' title="bbox 2117 3061 3699 3133">
     <span class='ocr_line' id='line_1_70' title="bbox 2117 3061 3699 3133; baseline -0.008 -5"><span class='ocrx_word' id='word_1_536' title='bbox 2117 3072 2267 3128; x_wconf 89' lang='lat' dir='ltr'><strong>tione</strong></span> <span class='ocrx_word' id='word_1_537' title='bbox 2319 3068 2591 3133; x_wconf 86' lang='lat' dir='ltr'><strong>doctrina,</strong></span> <span class='ocrx_word' id='word_1_538' title='bbox 2641 3062 2924 3118; x_wconf 87' lang='lat' dir='ltr'><strong>hominum</strong></span> <span class='ocrx_word' id='word_1_539' title='bbox 2984 3061 3209 3132; x_wconf 90' lang='lat' dir='ltr'><strong>perinde</strong></span> <span class='ocrx_word' id='word_1_540' title='bbox 3268 3076 3335 3117; x_wconf 87' lang='lat' dir='ltr'><strong>ac</strong></span> <span class='ocrx_word' id='word_1_541' title='bbox 3377 3073 3699 3117; x_wconf 66' lang='lat' dir='ltr'><strong>cancrorum</strong></span> 
     </span>
    </p>
   </div>
   <div class='ocr_carea' id='block_1_71' title="bbox 2118 3151 3697 3222">
    <p class='ocr_par' dir='ltr' id='par_1_71' title="bbox 2118 3151 3697 3222">
     <span class='ocr_line' id='line_1_71' title="bbox 2118 3151 3697 3222; baseline -0.004 -8"><span class='ocrx_word' id='word_1_542' title='bbox 2118 3158 2362 3214; x_wconf 86' lang='lat' dir='ltr'><strong>omnium</strong></span> <span class='ocrx_word' id='word_1_543' title='bbox 2399 3164 2580 3212; x_wconf 91' lang='lat' dir='ltr'><strong>ortum</strong></span> <span class='ocrx_word' id='word_1_544' title='bbox 2631 3167 2763 3209; x_wconf 90' lang='lat' dir='ltr'><strong>casu</strong></span> <span class='ocrx_word' id='word_1_545' title='bbox 2798 3151 3091 3222; x_wconf 81' lang='lat' dir='ltr'><strong>contigisse</strong></span> <span class='ocrx_word' id='word_1_546' title='bbox 3137 3152 3340 3218; x_wconf 90' lang='lat' dir='ltr'><strong>tradit,</strong></span> <span class='ocrx_word' id='word_1_547' title='bbox 3373 3152 3501 3207; x_wconf 88' lang='lat' dir='ltr'><strong>dum</strong></span> <span class='ocrx_word' id='word_1_548' title='bbox 3532 3153 3697 3208; x_wconf 81' lang='lat' dir='ltr'><strong>unius</strong></span> 
     </span>
    </p>
   </div>
   <div class='ocr_carea' id='block_1_72' title="bbox 2118 3243 3700 3319">
    <p class='ocr_par' dir='ltr' id='par_1_72' title="bbox 2118 3243 3700 3319">
     <span class='ocr_line' id='line_1_72' title="bbox 2118 3243 3700 3319; baseline -0.004 -14"><span class='ocrx_word' id='word_1_549' title='bbox 2118 3248 2281 3306; x_wconf 91' lang='lat' dir='ltr'><strong>simul</strong></span> <span class='ocrx_word' id='word_1_550' title='bbox 2313 3247 2669 3319; x_wconf 87' lang='lat' dir='ltr'><strong>ejusdemque</strong></span> <span class='ocrx_word' id='word_1_551' title='bbox 2714 3251 2924 3299; x_wconf 74' lang='lat' dir='ltr'><strong>naturae</strong></span> <span class='ocrx_word' id='word_1_552' title='bbox 2963 3258 3154 3299; x_wconf 92' lang='lat' dir='ltr'><strong>omnes</strong></span> <span class='ocrx_word' id='word_1_553' title='bbox 3187 3258 3255 3298; x_wconf 82' lang='lat' dir='ltr'><strong>ex</strong></span> <span class='ocrx_word' id='word_1_554' title='bbox 3290 3252 3436 3299; x_wconf 86' lang='lat' dir='ltr'><strong>terra</strong></span> <span class='ocrx_word' id='word_1_555' title='bbox 3476 3243 3700 3299; x_wconf 87' lang='lat' dir='ltr'><strong>fortuito</strong></span> 
     </span>
    </p>
   </div>
   <div class='ocr_carea' id='block_1_73' title="bbox 2116 3333 3697 3411">
    <p class='ocr_par' dir='ltr' id='par_1_73' title="bbox 2116 3333 3697 3411">
     <span class='ocr_line' id='line_1_73' title="bbox 2116 3333 3697 3411; baseline -0.004 -17"><span class='ocrx_word' id='word_1_556' title='bbox 2116 3339 2407 3411; x_wconf 86' lang='lat' dir='ltr'><strong>prodiisse,</strong></span> <span class='ocrx_word' id='word_1_557' title='bbox 2438 3337 2758 3406; x_wconf 89' lang='lat' dir='ltr'><strong>nullumque</strong></span> <span class='ocrx_word' id='word_1_558' title='bbox 2789 3334 3014 3390; x_wconf 90' lang='lat' dir='ltr'><strong>omnino</strong></span> <span class='ocrx_word' id='word_1_559' title='bbox 3039 3334 3294 3404; x_wconf 70' lang='lat' dir='ltr'><strong>praeditos</strong></span> <span class='ocrx_word' id='word_1_560' title='bbox 3328 3333 3471 3388; x_wconf 91' lang='lat' dir='ltr'><strong>inter</strong></span> <span class='ocrx_word' id='word_1_561' title='bbox 3500 3349 3697 3404; x_wconf 64' lang='lat' dir='ltr'><strong>expera</strong></span> 
     </span>
    </p>
   </div>
   <div class='ocr_carea' id='block_1_74' title="bbox 2116 3423 3698 3501">
    <p class='ocr_par' dir='ltr' id='par_1_74' title="bbox 2116 3423 3698 3501">
     <span class='ocr_line' id='line_1_74' title="bbox 2116 3423 3698 3501; baseline -0.005 -14"><span class='ocrx_word' id='word_1_562' title='bbox 2116 3441 2306 3501; x_wconf 84' lang='lat' dir='ltr'><strong>tesque</strong></span> <span class='ocrx_word' id='word_1_563' title='bbox 2328 3428 2564 3485; x_wconf 85' lang='lat' dir='ltr'><strong>rationis</strong></span> <span class='ocrx_word' id='word_1_564' title='bbox 2590 3426 2804 3481; x_wconf 87' lang='lat' dir='ltr'><strong>animos</strong></span> <span class='ocrx_word' id='word_1_565' title='bbox 2827 3433 2990 3495; x_wconf 89' lang='lat' dir='ltr'><strong>atque</strong></span> <span class='ocrx_word' id='word_1_566' title='bbox 3013 3432 3240 3480; x_wconf 89' lang='lat' dir='ltr'><strong>naturas</strong></span> <span class='ocrx_word' id='word_1_567' title='bbox 3255 3423 3548 3479; x_wconf 88' lang='lat' dir='ltr'><strong>discrimen</strong></span> <span class='ocrx_word' id='word_1_568' title='bbox 3574 3439 3698 3480; x_wconf 86' lang='lat' dir='ltr'><strong>esse</strong></span> 
     </span>
    </p>
   </div>
   <div class='ocr_carea' id='block_1_75' title="bbox 2111 3515 3696 3594">
    <p class='ocr_par' dir='ltr' id='par_1_75' title="bbox 2111 3515 3696 3594">
     <span class='ocr_line' id='line_1_75' title="bbox 2111 3515 3696 3594; baseline -0.003 -17"><span class='ocrx_word' id='word_1_569' title='bbox 2111 3523 2287 3594; x_wconf 88' lang='lat' dir='ltr'><strong>ponit.</strong></span> <span class='ocrx_word' id='word_1_570' title='bbox 2325 3521 2499 3589; x_wconf 84' lang='lat' dir='ltr'><strong>Quam</strong></span> <span class='ocrx_word' id='word_1_571' title='bbox 2522 3533 2713 3574; x_wconf 88' lang='lat' dir='ltr'><strong>eorum</strong></span> <span class='ocrx_word' id='word_1_572' title='bbox 2742 3516 3063 3573; x_wconf 87' lang='lat' dir='ltr'><strong>sententiam</strong></span> <span class='ocrx_word' id='word_1_573' title='bbox 3089 3515 3308 3571; x_wconf 91' lang='lat' dir='ltr'><strong>disertis</strong></span> <span class='ocrx_word' id='word_1_574' title='bbox 3335 3524 3393 3571; x_wconf 93' lang='lat' dir='ltr'><strong>et</strong></span> <span class='ocrx_word' id='word_1_575' title='bbox 3417 3519 3696 3587; x_wconf 84' lang='lat' dir='ltr'><strong>conceptis</strong></span> 
     </span>
    </p>
   </div>
   <div class='ocr_carea' id='block_1_76' title="bbox 2115 3608 3691 3680">
    <p class='ocr_par' dir='ltr' id='par_1_76' title="bbox 2115 3608 3691 3680">
     <span class='ocr_line' id='line_1_76' title="bbox 2115 3608 3691 3680; baseline -0.004 -11"><span class='ocrx_word' id='word_1_576' title='bbox 2115 3628 2341 3670; x_wconf 86' lang='lat' dir='ltr'><strong>suorum</strong></span> <span class='ocrx_word' id='word_1_577' title='bbox 2390 3620 2515 3667; x_wconf 86' lang='lat' dir='ltr'><strong>ante</strong></span> <span class='ocrx_word' id='word_1_578' title='bbox 2562 3610 2887 3680; x_wconf 80' lang='lat' dir='ltr'><strong>scriptorum</strong></span> <span class='ocrx_word' id='word_1_579' title='bbox 2934 3608 3118 3665; x_wconf 82' lang='lat' dir='ltr'><strong>verbis</strong></span> <span class='ocrx_word' id='word_1_580' title='bbox 3161 3608 3691 3679; x_wconf 57' lang='lat' dir='ltr'><strong>repraesentavimus.</strong></span> 
     </span>
    </p>
   </div>
   <div class='ocr_carea' id='block_1_77' title="bbox 2111 3700 3697 3772">
    <p class='ocr_par' dir='ltr' id='par_1_77' title="bbox 2111 3700 3697 3772">
     <span class='ocr_line' id='line_1_77' title="bbox 2111 3700 3697 3772; baseline -0.004 -13"><span class='ocrx_word' id='word_1_581' title='bbox 2111 3703 2315 3760; x_wconf 79' lang='lat' dir='ltr'><strong>Verum</strong></span> <span class='ocrx_word' id='word_1_582' title='bbox 2348 3704 2437 3759; x_wconf 91' lang='lat' dir='ltr'><strong>hic</strong></span> <span class='ocrx_word' id='word_1_583' title='bbox 2465 3700 2815 3757; x_wconf 64' lang='lat' dir='ltr'><strong>Hebraeorum</strong></span> <span class='ocrx_word' id='word_1_584' title='bbox 2847 3712 3066 3772; x_wconf 87' lang='lat' dir='ltr'><strong>quoque</strong></span> <span class='ocrx_word' id='word_1_585' title='bbox 3095 3713 3317 3755; x_wconf 89' lang='lat' dir='ltr'><strong>sensum</strong></span> <span class='ocrx_word' id='word_1_586' title='bbox 3348 3709 3512 3769; x_wconf 88' lang='lat' dir='ltr'><strong>atque</strong></span> <span class='ocrx_word' id='word_1_587' title='bbox 3543 3715 3697 3753; x_wconf 80' lang='lat' dir='ltr'><strong>men-</strong></span> 
     </span>
    </p>
   </div>
   <div class='ocr_carea' id='block_1_78' title="bbox 2111 3791 3697 3867">
    <p class='ocr_par' dir='ltr' id='par_1_78' title="bbox 2111 3791 3697 3867">
     <span class='ocr_line' id='line_1_78' title="bbox 2111 3791 3697 3867; baseline -0.005 -15"><span class='ocrx_word' id='word_1_588' title='bbox 2111 3805 2220 3852; x_wconf 87' lang='lat' dir='ltr'><strong>tem</strong></span> <span class='ocrx_word' id='word_1_589' title='bbox 2268 3795 2392 3867; x_wconf 85' lang='lat' dir='ltr'><strong>jure</strong></span> <span class='ocrx_word' id='word_1_590' title='bbox 2449 3793 2695 3866; x_wconf 87' lang='lat' dir='ltr'><strong>profecto</strong></span> <span class='ocrx_word' id='word_1_591' title='bbox 2747 3793 2901 3863; x_wconf 87' lang='lat' dir='ltr'><strong>sequi</strong></span> <span class='ocrx_word' id='word_1_592' title='bbox 2950 3792 3280 3858; x_wconf 87' lang='lat' dir='ltr'><strong>maluimus,</strong></span> <span class='ocrx_word' id='word_1_593' title='bbox 3330 3791 3426 3862; x_wconf 92' lang='lat' dir='ltr'><strong>qui</strong></span> <span class='ocrx_word' id='word_1_594' title='bbox 3481 3791 3697 3862; x_wconf 75' lang='lat' dir='ltr'><strong>egregie</strong></span> 
     </span>
    </p>
   </div>
   <div class='ocr_carea' id='block_1_79' title="bbox 2111 3884 3691 3958">
    <p class='ocr_par' dir='ltr' id='par_1_79' title="bbox 2111 3884 3691 3958">
     <span class='ocr_line' id='line_1_79' title="bbox 2111 3884 3691 3958; baseline -0.003 -15"><span class='ocrx_word' id='word_1_595' title='bbox 2111 3903 2235 3944; x_wconf 88' lang='lat' dir='ltr'><strong>cum</strong></span> <span class='ocrx_word' id='word_1_596' title='bbox 2261 3888 2473 3958; x_wconf 86' lang='lat' dir='ltr'><strong>primis.</strong></span> <span class='ocrx_word' id='word_1_597' title='bbox 2516 3886 2791 3957; x_wconf 85' lang='lat' dir='ltr'><strong>sapienter</strong></span> <span class='ocrx_word' id='word_1_598' title='bbox 2819 3900 2886 3941; x_wconf 88' lang='lat' dir='ltr'><strong>ac</strong></span> <span class='ocrx_word' id='word_1_599' title='bbox 2907 3899 3035 3940; x_wconf 84' lang='lat' dir='ltr'><strong>vere</strong></span> <span class='ocrx_word' id='word_1_600' title='bbox 3073 3884 3304 3955; x_wconf 88' lang='lat' dir='ltr'><strong>primam</strong></span> <span class='ocrx_word' id='word_1_601' title='bbox 3335 3884 3484 3940; x_wconf 93' lang='lat' dir='ltr'><strong>illam</strong></span> <span class='ocrx_word' id='word_1_602' title='bbox 3510 3885 3691 3939; x_wconf 59' lang='lat' dir='ltr'><strong>homin</strong></span> 
     </span>
    </p>
   </div>
   <div class='ocr_carea' id='block_1_80' title="bbox 2110 3973 3695 4046">
    <p class='ocr_par' dir='ltr' id='par_1_80' title="bbox 2110 3973 3695 4046">
     <span class='ocr_line' id='line_1_80' title="bbox 2110 3973 3695 4046; baseline -0.003 -13"><span class='ocrx_word' id='word_1_603' title='bbox 2110 3993 2241 4033; x_wconf 89' lang='lat' dir='ltr'><strong>num</strong></span> <span class='ocrx_word' id='word_1_604' title='bbox 2278 3978 2613 4032; x_wconf 87' lang='lat' dir='ltr'><strong>molitionem</strong></span> <span class='ocrx_word' id='word_1_605' title='bbox 2640 3976 3002 4046; x_wconf 81' lang='lat' dir='ltr'><strong>explicarunt.</strong></span> <span class='ocrx_word' id='word_1_606' title='bbox 3062 3973 3196 4030; x_wconf 85' lang='lat' dir='ltr'><strong>Nam</strong></span> <span class='ocrx_word' id='word_1_607' title='bbox 3223 3990 3287 4030; x_wconf 83' lang='lat' dir='ltr'><strong>ex</strong></span> <span class='ocrx_word' id='word_1_608' title='bbox 3315 3975 3559 4045; x_wconf 85' lang='lat' dir='ltr'><strong>partibus</strong></span> <span class='ocrx_word' id='word_1_609' title='bbox 3590 3974 3695 4029; x_wconf 63' lang='lat' dir='ltr'><strong>hoo</strong></span> 
     </span>
    </p>
   </div>
   <div class='ocr_carea' id='block_1_81' title="bbox 2108 4066 3691 4134">
    <p class='ocr_par' dir='ltr' id='par_1_81' title="bbox 2108 4066 3691 4134">
     <span class='ocr_line' id='line_1_81' title="bbox 2108 4066 3691 4134; baseline -0.002 -10"><span class='ocrx_word' id='word_1_610' title='bbox 2108 4070 2275 4125; x_wconf 88' lang='lat' dir='ltr'><strong>minis</strong></span> <span class='ocrx_word' id='word_1_611' title='bbox 2302 4069 2534 4134; x_wconf 88' lang='lat' dir='ltr'><strong>duabus,</strong></span> <span class='ocrx_word' id='word_1_612' title='bbox 2571 4069 2796 4123; x_wconf 87' lang='lat' dir='ltr'><strong>alteram</strong></span> <span class='ocrx_word' id='word_1_613' title='bbox 2831 4068 3096 4133; x_wconf 88' lang='lat' dir='ltr'><strong>divinam,</strong></span> <span class='ocrx_word' id='word_1_614' title='bbox 3133 4066 3592 4131; x_wconf 86' lang='lat' dir='ltr'><strong>immortalem,et</strong></span> <span class='ocrx_word' id='word_1_615' title='bbox 3619 4067 3691 4122; x_wconf 89' lang='lat' dir='ltr'><strong>ab</strong></span> 
     </span>
    </p>
   </div>
   <div class='ocr_carea' id='block_1_82' title="bbox 2107 4160 3691 4233">
    <p class='ocr_par' dir='ltr' id='par_1_82' title="bbox 2107 4160 3691 4233">
     <span class='ocr_line' id='line_1_82' title="bbox 2107 4160 3691 4233; baseline -0.003 -15"><span class='ocrx_word' id='word_1_616' title='bbox 2107 4163 2533 4233; x_wconf 84' lang='lat' dir='ltr'><strong>cmnicorporea</strong></span> <span class='ocrx_word' id='word_1_617' title='bbox 2566 4160 2910 4216; x_wconf 88' lang='lat' dir='ltr'><strong>concretione</strong></span> <span class='ocrx_word' id='word_1_618' title='bbox 2940 4160 3269 4227; x_wconf 74' lang='lat' dir='ltr'><strong>seiunctam,</strong></span> <span class='ocrx_word' id='word_1_619' title='bbox 3298 4166 3548 4213; x_wconf 86' lang='lat' dir='ltr'><strong>naturam</strong></span> <span class='ocrx_word' id='word_1_620' title='bbox 3567 4172 3691 4214; x_wconf 88' lang='lat' dir='ltr'><strong>esse</strong></span> 
     </span>
    </p>
   </div>
   <div class='ocr_carea' id='block_1_83' title="bbox 2106 4249 3692 4321">
    <p class='ocr_par' dir='ltr' id='par_1_83' title="bbox 2106 4249 3692 4321">
     <span class='ocr_line' id='line_1_83' title="bbox 2106 4249 3692 4321; baseline -0.004 -13"><span class='ocrx_word' id='word_1_621' title='bbox 2106 4253 2304 4308; x_wconf 87' lang='lat' dir='ltr'><strong>docent</strong></span> <span class='ocrx_word' id='word_1_622' title='bbox 2337 4269 2351 4306; x_wconf 74' lang='grc' dir='ltr'><strong>ε</strong></span> <span class='ocrx_word' id='word_1_623' title='bbox 2390 4266 2508 4307; x_wconf 90' lang='lat' dir='ltr'><strong>eam</strong></span> <span class='ocrx_word' id='word_1_624' title='bbox 2536 4264 2705 4321; x_wconf 90' lang='lat' dir='ltr'><strong>porro</strong></span> <span class='ocrx_word' id='word_1_625' title='bbox 2732 4265 2920 4305; x_wconf 88' lang='lat' dir='ltr'><strong>verum</strong></span> <span class='ocrx_word' id='word_1_626' title='bbox 2953 4264 3076 4304; x_wconf 89' lang='lat' dir='ltr'><strong>esse</strong></span> <span class='ocrx_word' id='word_1_627' title='bbox 3106 4249 3379 4303; x_wconf 89' lang='lat' dir='ltr'><strong>hominem</strong></span> <span class='ocrx_word' id='word_1_628' title='bbox 3398 4289 3414 4315; x_wconf 95' lang='lat'><strong>,</strong></span> <span class='ocrx_word' id='word_1_629' title='bbox 3444 4250 3512 4303; x_wconf 89' lang='lat' dir='ltr'><strong>ad</strong></span> <span class='ocrx_word' id='word_1_630' title='bbox 3551 4249 3692 4303; x_wconf 74' lang='lat' dir='ltr'><strong>ima-</strong></span> 
     </span>
    </p>
   </div>
   <div class='ocr_carea' id='block_1_84' title="bbox 2108 4343 3685 4414">
    <p class='ocr_par' dir='ltr' id='par_1_84' title="bbox 2108 4343 3685 4414">
     <span class='ocr_line' id='line_1_84' title="bbox 2108 4343 3685 4414; baseline 0.001 -17"><span class='ocrx_word' id='word_1_631' title='bbox 2108 4344 2289 4414; x_wconf 91' lang='lat' dir='ltr'><strong>ginem</strong></span> <span class='ocrx_word' id='word_1_632' title='bbox 2339 4359 2403 4398; x_wconf 90' lang='lat' dir='ltr'><strong>ac</strong></span> <span class='ocrx_word' id='word_1_633' title='bbox 2432 4344 2844 4400; x_wconf 87' lang='lat' dir='ltr'><strong>similitudinem</strong></span> <span class='ocrx_word' id='word_1_634' title='bbox 2892 4344 2982 4399; x_wconf 89' lang='lat' dir='ltr'><strong>Dei</strong></span> <span class='ocrx_word' id='word_1_635' title='bbox 3031 4345 3217 4399; x_wconf 75' lang='lat' dir='ltr'><strong>{ictum</strong></span> <span class='ocrx_word' id='word_1_636' title='bbox 3261 4353 3423 4414; x_wconf 87' lang='lat' dir='ltr'><strong>atque</strong></span> <span class='ocrx_word' id='word_1_637' title='bbox 3457 4343 3685 4412; x_wconf 82' lang='lat' dir='ltr'><strong>factum,</strong></span> 
     </span>
    </p>
   </div>
   <div class='ocr_carea' id='block_1_85' title="bbox 2107 4432 3689 4504">
    <p class='ocr_par' dir='ltr' id='par_1_85' title="bbox 2107 4432 3689 4504">
     <span class='ocr_line' id='line_1_85' title="bbox 2107 4432 3689 4504; baseline 0.002 -17"><span class='ocrx_word' id='word_1_638' title='bbox 2107 4434 2202 4502; x_wconf 91' lang='lat' dir='ltr'><strong>qui</strong></span> <span class='ocrx_word' id='word_1_639' title='bbox 2235 4433 2406 4489; x_wconf 89' lang='lat' dir='ltr'><strong>divini</strong></span> <span class='ocrx_word' id='word_1_640' title='bbox 2440 4432 2692 4488; x_wconf 89' lang='lat' dir='ltr'><strong>Numinis</strong></span> <span class='ocrx_word' id='word_1_641' title='bbox 2732 4449 2871 4504; x_wconf 91' lang='lat' dir='ltr'><strong>opus</strong></span> <span class='ocrx_word' id='word_1_642' title='bbox 2916 4434 3098 4501; x_wconf 88' lang='lat' dir='ltr'><strong>fuerit,</strong></span> <span class='ocrx_word' id='word_1_643' title='bbox 3151 4448 3258 4487; x_wconf 88' lang='lat' dir='ltr'><strong>non</strong></span> <span class='ocrx_word' id='word_1_644' title='bbox 3300 4433 3554 4495; x_wconf 68' lang='lat' dir='ltr'><strong>fortunae.</strong></span> <span class='ocrx_word' id='word_1_645' title='bbox 3586 4449 3689 4490; x_wconf 77' lang='lat' dir='ltr'><strong>nec</strong></span> 
     </span>
    </p>
   </div>
   <div class='ocr_carea' id='block_1_86' title="bbox 2105 4523 3686 4595">
    <p class='ocr_par' dir='ltr' id='par_1_86' title="bbox 2105 4523 3686 4595">
     <span class='ocr_line' id='line_1_86' title="bbox 2105 4523 3686 4595; baseline 0 -17"><span class='ocrx_word' id='word_1_646' title='bbox 2105 4524 2391 4594; x_wconf 86' lang='lat' dir='ltr'><strong>repentino</strong></span> <span class='ocrx_word' id='word_1_647' title='bbox 2420 4539 2583 4580; x_wconf 90' lang='lat' dir='ltr'><strong>casus</strong></span> <span class='ocrx_word' id='word_1_648' title='bbox 2617 4524 2847 4594; x_wconf 87' lang='lat' dir='ltr'><strong>impetu,</strong></span> <span class='ocrx_word' id='word_1_649' title='bbox 2886 4524 2984 4579; x_wconf 82' lang='lat' dir='ltr'><strong>sed</strong></span> <span class='ocrx_word' id='word_1_650' title='bbox 3030 4524 3315 4595; x_wconf 88' lang='lat' dir='ltr'><strong>ipsiusmet</strong></span> <span class='ocrx_word' id='word_1_651' title='bbox 3345 4539 3529 4579; x_wconf 89' lang='lat' dir='ltr'><strong>rerum</strong></span> <span class='ocrx_word' id='word_1_652' title='bbox 3558 4523 3686 4579; x_wconf 82' lang='lat' dir='ltr'><strong>uni-</strong></span> 
     </span>
    </p>
   </div>
   <div class='ocr_carea' id='block_1_87' title="bbox 2104 4617 3683 4681">
    <p class='ocr_par' dir='ltr' id='par_1_87' title="bbox 2104 4617 3683 4681">
     <span class='ocr_line' id='line_1_87' title="bbox 2104 4617 3683 4681; baseline 0.001 -12"><span class='ocrx_word' id='word_1_653' title='bbox 2104 4632 2388 4673; x_wconf 88' lang='lat' dir='ltr'><strong>versarum</strong></span> <span class='ocrx_word' id='word_1_654' title='bbox 2429 4618 2672 4674; x_wconf 87' lang='lat' dir='ltr'><strong>auctoris</strong></span> <span class='ocrx_word' id='word_1_655' title='bbox 2703 4619 2978 4674; x_wconf 82' lang='lat' dir='ltr'><strong>voluntate</strong></span> <span class='ocrx_word' id='word_1_656' title='bbox 3005 4618 3274 4675; x_wconf 83' lang='lat' dir='ltr'><strong>exstiterit</strong></span> <span class='ocrx_word' id='word_1_657' title='bbox 3295 4652 3310 4681; x_wconf 85' lang='grc'><strong>,</strong></span> <span class='ocrx_word' id='word_1_658' title='bbox 3347 4632 3473 4673; x_wconf 90' lang='lat' dir='ltr'><strong>cum</strong></span> <span class='ocrx_word' id='word_1_659' title='bbox 3497 4617 3683 4674; x_wconf 77' lang='lat' dir='ltr'><strong>divino</strong></span> 
     </span>
    </p>
   </div>
   <div class='ocr_carea' id='block_1_88' title="bbox 2098 4706 3686 4782">
    <p class='ocr_par' dir='ltr' id='par_1_88' title="bbox 2098 4706 3686 4782">
     <span class='ocr_line' id='line_1_88' title="bbox 2098 4706 3686 4782; baseline 0.002 -20"><span class='ocrx_word' id='word_1_660' title='bbox 2098 4706 2264 4778; x_wconf 83' lang='lat' dir='ltr'><strong>plane</strong></span> <span class='ocrx_word' id='word_1_661' title='bbox 2292 4708 2546 4775; x_wconf 85' lang='lat' dir='ltr'><strong>consilio,</strong></span> <span class='ocrx_word' id='word_1_662' title='bbox 2572 4726 2641 4765; x_wconf 92' lang='lat' dir='ltr'><strong>ne</strong></span> <span class='ocrx_word' id='word_1_663' title='bbox 2665 4719 2838 4767; x_wconf 85' lang='lat' dir='ltr'><strong>terras</strong></span> <span class='ocrx_word' id='word_1_664' title='bbox 2866 4711 3084 4782; x_wconf 87' lang='lat' dir='ltr'><strong>quidem</strong></span> <span class='ocrx_word' id='word_1_665' title='bbox 3110 4709 3339 4780; x_wconf 86' lang='lat' dir='ltr'><strong>spiritali</strong></span> <span class='ocrx_word' id='word_1_666' title='bbox 3371 4718 3427 4764; x_wconf 93' lang='lat' dir='ltr'><strong>et</strong></span> <span class='ocrx_word' id='word_1_667' title='bbox 3454 4709 3686 4765; x_wconf 81' lang='lat' dir='ltr'><strong>rationis</strong></span> 
     </span>
    </p>
   </div>
   <div class='ocr_carea' id='block_1_89' title="bbox 2102 4800 3685 4870">
    <p class='ocr_par' dir='ltr' id='par_1_89' title="bbox 2102 4800 3685 4870">
     <span class='ocr_line' id='line_1_89' title="bbox 2102 4800 3685 4870; baseline -0.001 -15"><span class='ocrx_word' id='word_1_668' title='bbox 2102 4809 2356 4870; x_wconf 85' lang='lat' dir='ltr'><strong>compote</strong></span> <span class='ocrx_word' id='word_1_669' title='bbox 2388 4810 2584 4858; x_wconf 88' lang='lat' dir='ltr'><strong>natura</strong></span> <span class='ocrx_word' id='word_1_670' title='bbox 2616 4816 2803 4859; x_wconf 85' lang='lat' dir='ltr'><strong>carere</strong></span> <span class='ocrx_word' id='word_1_671' title='bbox 2828 4803 3124 4870; x_wconf 85' lang='lat' dir='ltr'><strong>voluisset,</strong></span> <span class='ocrx_word' id='word_1_672' title='bbox 3179 4812 3239 4858; x_wconf 88' lang='lat' dir='ltr'><strong>ut</strong></span> <span class='ocrx_word' id='word_1_673' title='bbox 3282 4816 3473 4857; x_wconf 90' lang='lat' dir='ltr'><strong>omnes</strong></span> <span class='ocrx_word' id='word_1_674' title='bbox 3517 4800 3685 4855; x_wconf 89' lang='lat' dir='ltr'><strong>simul</strong></span> 
     </span>
    </p>
   </div>
   <div class='ocr_carea' id='block_1_90' title="bbox 416 4887 2016 4965">
    <p class='ocr_par' dir='ltr' id='par_1_90' title="bbox 416 4887 1998 4965">
     <span class='ocr_line' id='line_1_90' title="bbox 416 4887 1998 4965; baseline 0.003 -26"><span class='ocrx_word' id='word_1_675' title='bbox 416 4887 601 4941; x_wconf 78' lang='grc' dir='ltr'>εἰκόνα</span> <span class='ocrx_word' id='word_1_676' title='bbox 631 4889 904 4961; x_wconf 82' lang='grc' dir='ltr'>ἡμετέραν</span> <span class='ocrx_word' id='word_1_677' title='bbox 931 4891 1027 4945; x_wconf 74' lang='grc' dir='ltr'><strong>καὶ</strong></span> <span class='ocrx_word' id='word_1_678' title='bbox 1080 4889 1202 4944; x_wconf 82' lang='grc' dir='ltr'>καθ’</span> <span class='ocrx_word' id='word_1_679' title='bbox 1224 4889 1502 4961; x_wconf 84' lang='grc' dir='ltr'>ὁμοίωσιν·</span> <span class='ocrx_word' id='word_1_680' title='bbox 1534 4890 1630 4965; x_wconf 71' lang='grc' dir='ltr'>καὶ</span> <span class='ocrx_word' id='word_1_681' title='bbox 1674 4888 1929 4962; x_wconf 76' lang='grc' dir='ltr'>ἐποίησεν</span> <span class='ocrx_word' id='word_1_682' title='bbox 1968 4891 1998 4943; x_wconf 86' lang='grc' dir='ltr'><strong>ό</strong></span> 
     </span>
    </p>
   </div>
   <div class='ocr_carea' id='block_1_91' title="bbox 2118 4887 3686 4965">
    <p class='ocr_par' dir='ltr' id='par_1_91' title="bbox 2118 4892 3686 4965">
     <span class='ocr_line' id='line_1_91' title="bbox 2118 4892 3686 4965; baseline 0 -18"><span class='ocrx_word' id='word_1_683' title='bbox 2118 4902 2215 4947; x_wconf 67' lang='lat' dir='ltr'><strong>tam</strong></span> <span class='ocrx_word' id='word_1_684' title='bbox 2249 4893 2497 4951; x_wconf 72' lang='lat' dir='ltr'><strong>caelestes</strong></span> <span class='ocrx_word' id='word_1_685' title='bbox 2532 4895 2876 4965; x_wconf 70' lang='lat' dir='ltr'><strong>aetheriaeque</strong></span> <span class='ocrx_word' id='word_1_686' title='bbox 2922 4905 3159 4961; x_wconf 81' lang='lat' dir='ltr'><strong>naturae,</strong></span> <span class='ocrx_word' id='word_1_687' title='bbox 3205 4910 3371 4964; x_wconf 88' lang='lat' dir='ltr'><strong>quam</strong></span> <span class='ocrx_word' id='word_1_688' title='bbox 3422 4893 3476 4948; x_wconf 92' lang='lat' dir='ltr'><strong>in</strong></span> <span class='ocrx_word' id='word_1_689' title='bbox 3524 4892 3686 4947; x_wconf 87' lang='lat' dir='ltr'><strong>terris</strong></span> 
     </span>
    </p>
   </div>
   <div class='ocr_carea' id='block_1_92' title="bbox 415 4978 2016 5055">
    <p class='ocr_par' dir='ltr' id='par_1_92' title="bbox 415 4978 1999 5054">
     <span class='ocr_line' id='line_1_92' title="bbox 415 4978 1999 5054; baseline 0.001 -20"><span class='ocrx_word' id='word_1_690' title='bbox 415 4978 547 5044; x_wconf 85' lang='grc' dir='ltr'>Θεὸς</span> <span class='ocrx_word' id='word_1_691' title='bbox 571 4982 661 5035; x_wconf 88' lang='grc' dir='ltr'><strong>τὸν</strong></span> <span class='ocrx_word' id='word_1_692' title='bbox 702 4982 1007 5054; x_wconf 59' lang='grc' dir='ltr'>ἄνθρωπον</span> <span class='ocrx_word' id='word_1_693' title='bbox 1048 4983 1168 5037; x_wconf 83' lang='grc' dir='ltr'>κατ’</span> <span class='ocrx_word' id='word_1_694' title='bbox 1201 4982 1387 5037; x_wconf 85' lang='grc' dir='ltr'>εἰκόνα</span> <span class='ocrx_word' id='word_1_695' title='bbox 1420 4981 1558 5035; x_wconf 82' lang='grc' dir='ltr'>Θεοῦ</span> <span class='ocrx_word' id='word_1_696' title='bbox 1612 4981 1869 5052; x_wconf 75' lang='grc' dir='ltr'>εποίησεν</span> <span class='ocrx_word' id='word_1_697' title='bbox 1901 4982 1999 5036; x_wconf 84' lang='grc' dir='ltr'>αὐ-</span> 
     </span>
    </p>
   </div>
   <div class='ocr_carea' id='block_1_93' title="bbox 2118 4978 3686 5055">
    <p class='ocr_par' dir='ltr' id='par_1_93' title="bbox 2118 4981 3686 5055">
     <span class='ocr_line' id='line_1_93' title="bbox 2118 4981 3686 5055; baseline -0.002 -17"><span class='ocrx_word' id='word_1_698' title='bbox 2118 4982 2362 5053; x_wconf 74' lang='lat' dir='ltr'><strong>iegentes</strong></span> <span class='ocrx_word' id='word_1_699' title='bbox 2397 4982 2503 5039; x_wconf 71' lang='lat' dir='ltr'><strong>illae</strong></span> <span class='ocrx_word' id='word_1_700' title='bbox 2525 4985 2768 5055; x_wconf 87' lang='lat' dir='ltr'><strong>quidem,</strong></span> <span class='ocrx_word' id='word_1_701' title='bbox 2797 4986 2891 5040; x_wconf 82' lang='lat' dir='ltr'><strong>sed</strong></span> <span class='ocrx_word' id='word_1_702' title='bbox 2925 4994 3108 5040; x_wconf 88' lang='lat' dir='ltr'><strong>tamen</strong></span> <span class='ocrx_word' id='word_1_703' title='bbox 3139 4992 3199 5038; x_wconf 89' lang='lat' dir='ltr'><strong>ut</strong></span> <span class='ocrx_word' id='word_1_704' title='bbox 3225 4984 3279 5037; x_wconf 93' lang='lat' dir='ltr'><strong>in</strong></span> <span class='ocrx_word' id='word_1_705' title='bbox 3318 4983 3574 5048; x_wconf 88' lang='lat' dir='ltr'><strong>rationis,</strong></span> <span class='ocrx_word' id='word_1_706' title='bbox 3605 4981 3686 5036; x_wconf 86' lang='lat' dir='ltr'><strong>sic</strong></span> 
     </span>
    </p>
   </div>
   <div class='ocr_carea' id='block_1_94' title="bbox 411 5070 2016 5150">
    <p class='ocr_par' dir='ltr' id='par_1_94' title="bbox 411 5070 1998 5146">
     <span class='ocr_line' id='line_1_94' title="bbox 411 5070 1998 5146; baseline 0.003 -22"><span class='ocrx_word' id='word_1_707' title='bbox 411 5070 558 5126; x_wconf 64' lang='lat' dir='ltr'><strong>cev.»</strong></span> <span class='ocrx_word' id='word_1_708' title='bbox 616 5074 727 5127; x_wconf 72' lang='grc' dir='ltr'>Καὶ</span> <span class='ocrx_word' id='word_1_709' title='bbox 756 5074 946 5129; x_wconf 83' lang='grc' dir='ltr'>πάλιν·</span> <span class='ocrx_word' id='word_1_710' title='bbox 982 5094 1000 5127; x_wconf 79' lang='grc' dir='ltr'><strong>ι</strong></span> <span class='ocrx_word' id='word_1_711' title='bbox 1024 5070 1135 5129; x_wconf 77' lang='grc' dir='ltr'><strong>Καὶ</strong></span> <span class='ocrx_word' id='word_1_712' title='bbox 1177 5074 1368 5128; x_wconf 75' lang='grc' dir='ltr'>ἔλασεν</span> <span class='ocrx_word' id='word_1_713' title='bbox 1390 5070 1566 5138; x_wconf 85' lang='grc' dir='ltr'>ὁΘεὸς</span> <span class='ocrx_word' id='word_1_714' title='bbox 1613 5071 1739 5146; x_wconf 74' lang='grc' dir='ltr'>χοῦν</span> <span class='ocrx_word' id='word_1_715' title='bbox 1766 5073 1876 5128; x_wconf 81' lang='grc' dir='ltr'>ἀπὸ</span> <span class='ocrx_word' id='word_1_716' title='bbox 1897 5074 1998 5146; x_wconf 81' lang='grc' dir='ltr'>τῆς</span> 
     </span>
    </p>
   </div>
   <div class='ocr_carea' id='block_1_95' title="bbox 2118 5070 3686 5150">
    <p class='ocr_par' dir='ltr' id='par_1_95' title="bbox 2118 5073 3686 5150">
     <span class='ocr_line' id='line_1_95' title="bbox 2118 5073 3686 5150; baseline -0.001 -21"><span class='ocrx_word' id='word_1_717' title='bbox 2118 5073 2163 5131; x_wconf 89' lang='lat' dir='ltr'><strong>in</strong></span> <span class='ocrx_word' id='word_1_718' title='bbox 2190 5076 2428 5147; x_wconf 87' lang='lat' dir='ltr'><strong>aliquam</strong></span> <span class='ocrx_word' id='word_1_719' title='bbox 2458 5079 2620 5134; x_wconf 87' lang='lat' dir='ltr'><strong>etiam</strong></span> <span class='ocrx_word' id='word_1_720' title='bbox 2638 5078 2757 5150; x_wconf 84' lang='lat' dir='ltr'><strong>ejus</strong></span> <span class='ocrx_word' id='word_1_721' title='bbox 2790 5079 3090 5134; x_wconf 87' lang='lat' dir='ltr'><strong>divinitatis</strong></span> <span class='ocrx_word' id='word_1_722' title='bbox 3116 5076 3554 5133; x_wconf 88' lang='lat' dir='ltr'><strong>communionem</strong></span> <span class='ocrx_word' id='word_1_723' title='bbox 3587 5088 3686 5128; x_wconf 77' lang='lat' dir='ltr'><strong>vo-</strong></span> 
     </span>
    </p>
   </div>
   <div class='ocr_carea' id='block_1_96' title="bbox 491 5170 1440 5255">
    <p class='ocr_par' dir='ltr' id='par_1_96' title="bbox 491 5170 1440 5255">
     <span class='ocr_line' id='line_1_96' title="bbox 491 5170 1440 5255; baseline 0.002 -12"><span class='ocrx_word' id='word_1_724' title='bbox 491 5200 518 5229; x_wconf 76' lang='grc' dir='ltr'>ι</span> <span class='ocrx_word' id='word_1_725' title='bbox 549 5189 637 5245; x_wconf 80' lang='grc' dir='ltr'><strong>ισ.</strong></span> <span class='ocrx_word' id='word_1_726' title='bbox 665 5184 793 5247; x_wconf 73' lang='lat' dir='ltr'><strong>add.</strong></span> <span class='ocrx_word' id='word_1_727' title='bbox 825 5170 904 5245; x_wconf 74' lang='grc' dir='ltr'><strong>δέ.</strong></span> <span class='ocrx_word' id='word_1_728' title='bbox 982 5191 1030 5224; x_wconf 73' lang='grc' dir='ltr'><strong>ει</strong></span> <span class='ocrx_word' id='word_1_729' title='bbox 1055 5191 1202 5249; x_wconf 88' lang='lat' dir='ltr'><strong>Psal.</strong></span> <span class='ocrx_word' id='word_1_730' title='bbox 1234 5207 1323 5255; x_wconf 79' lang='lat' dir='ltr'><strong>xc,</strong></span> <span class='ocrx_word' id='word_1_731' title='bbox 1351 5191 1440 5246; x_wconf 76' lang='lat' dir='ltr'><strong>i5.</strong></span> 
     </span>
    </p>
   </div>
   <div class='ocr_carea' id='block_1_97' title="bbox 482 5294 2016 5392">
    <p class='ocr_par' dir='ltr' id='par_1_97' title="bbox 482 5304 1994 5392">
     <span class='ocr_line' id='line_1_97' title="bbox 482 5304 1994 5392; baseline 0 -32"><span class='ocrx_word' id='word_1_732' title='bbox 482 5304 997 5392; x_wconf 49' lang='lat' dir='ltr'><strong>(86)&#39;9&quot;817ﬁ2:90tc.</strong></span> <span class='ocrx_word' id='word_1_733' title='bbox 1016 5308 1502 5392; x_wconf 51' lang='grc' dir='ltr'>καίβροὸςρίῳς.</span> <span class='ocrx_word' id='word_1_734' title='bbox 1514 5305 1673 5392; x_wconf 46' lang='lat' dir='ltr'><strong>-Ergo</strong></span> <span class='ocrx_word' id='word_1_735' title='bbox 1697 5305 1895 5389; x_wconf 62' lang='grc' dir='ltr'>θέλγητ</span> <span class='ocrx_word' id='word_1_736' title='bbox 1903 5322 1994 5379; x_wconf 88' lang='grc' dir='ltr'><strong>ρον</strong></span> 
     </span>
    </p>
   </div>
   <div class='ocr_carea' id='block_1_98' title="bbox 2118 5294 3682 5392">
    <p class='ocr_par' dir='ltr' id='par_1_98' title="bbox 2118 5294 3682 5392">
     <span class='ocr_line' id='line_1_98' title="bbox 2118 5294 3682 5392; baseline 0 -31"><span class='ocrx_word' id='word_1_737' title='bbox 2118 5310 2211 5364; x_wconf 76' lang='lat' dir='ltr'><strong>mis</strong></span> <span class='ocrx_word' id='word_1_738' title='bbox 2229 5309 2482 5392; x_wconf 45' lang='lat' dir='ltr'><strong>ﬂamines</strong></span> <span class='ocrx_word' id='word_1_739' title='bbox 2507 5320 2669 5380; x_wconf 82' lang='lat' dir='ltr'><strong>captu</strong></span> <span class='ocrx_word' id='word_1_740' title='bbox 2704 5309 2889 5392; x_wconf 59' lang='lat' dir='ltr'><strong>facile;</strong></span> <span class='ocrx_word' id='word_1_741' title='bbox 2919 5321 3029 5392; x_wconf 59' lang='lat' dir='ltr'><strong>esse</strong></span> <span class='ocrx_word' id='word_1_742' title='bbox 3046 5308 3313 5392; x_wconf 55' lang='grc' dir='ltr'>ςοςηοιίὶι.</span> <span class='ocrx_word' id='word_1_743' title='bbox 3337 5294 3442 5392; x_wconf 70' lang='lat' dir='ltr'><strong>Ubi</strong></span> <span class='ocrx_word' id='word_1_744' title='bbox 3476 5304 3682 5380; x_wconf 71' lang='grc' dir='ltr'>θάτερα</span> 
     </span>
    </p>
   </div>
   <div class='ocr_carea' id='block_1_99' title="bbox 410 5375 2016 5523">
    <p class='ocr_par' dir='ltr' id='par_1_99' title="bbox 410 5375 1992 5523">
     <span class='ocr_line' id='line_1_99' title="bbox 410 5375 1992 5446; baseline 0.001 -15"><span class='ocrx_word' id='word_1_745' title='bbox 410 5387 467 5431; x_wconf 88' lang='lat' dir='ltr'><strong>et</strong></span> <span class='ocrx_word' id='word_1_746' title='bbox 492 5375 778 5446; x_wconf 75' lang='grc' dir='ltr'>προϐόλων</span> <span class='ocrx_word' id='word_1_747' title='bbox 809 5375 950 5433; x_wconf 89' lang='lat' dir='ltr'><strong>idem</strong></span> <span class='ocrx_word' id='word_1_748' title='bbox 986 5379 1089 5434; x_wconf 90' lang='lat' dir='ltr'><strong>hoc</strong></span> <span class='ocrx_word' id='word_1_749' title='bbox 1124 5375 1264 5434; x_wconf 86' lang='lat' dir='ltr'><strong>loco.</strong></span> <span class='ocrx_word' id='word_1_750' title='bbox 1301 5378 1462 5432; x_wconf 87' lang='lat' dir='ltr'><strong>Certe</strong></span> <span class='ocrx_word' id='word_1_751' title='bbox 1495 5375 1730 5432; x_wconf 70' lang='lat' dir='ltr'><strong>daatﬁoni</strong></span> <span class='ocrx_word' id='word_1_752' title='bbox 1773 5375 1992 5446; x_wconf 76' lang='lat' dir='ltr'><strong>pericu-</strong></span> 
     </span>
     <span class='ocr_line' id='line_1_100' title="bbox 414 5445 1987 5523; baseline 0.003 -24"><span class='ocrx_word' id='word_1_753' title='bbox 414 5445 589 5523; x_wconf 77' lang='lat' dir='ltr'><strong>losius</strong></span> <span class='ocrx_word' id='word_1_754' title='bbox 630 5447 841 5523; x_wconf 79' lang='lat' dir='ltr'><strong>nullum</strong></span> <span class='ocrx_word' id='word_1_755' title='bbox 872 5458 957 5503; x_wconf 88' lang='lat' dir='ltr'><strong>est</strong></span> <span class='ocrx_word' id='word_1_756' title='bbox 996 5450 1275 5523; x_wconf 73' lang='lat' dir='ltr'><strong>voluptate</strong></span> <span class='ocrx_word' id='word_1_757' title='bbox 1307 5449 1659 5523; x_wconf 74' lang='lat' dir='ltr'><strong>venabulum.</strong></span> <span class='ocrx_word' id='word_1_758' title='bbox 1707 5445 1987 5523; x_wconf 46' lang='lat' dir='ltr'><strong>Itauetiam</strong></span> 
     </span>
    </p>
   </div>
   <div class='ocr_carea' id='block_1_100' title="bbox 2118 5375 3681 5523">
    <p class='ocr_par' dir='ltr' id='par_1_100' title="bbox 2118 5375 3681 5523">
     <span class='ocr_line' id='line_1_101' title="bbox 2118 5375 3679 5452; baseline -0.002 -17"><span class='ocrx_word' id='word_1_759' title='bbox 2118 5396 2198 5435; x_wconf 78' lang='lat' dir='ltr'><strong>)ro</strong></span> <span class='ocrx_word' id='word_1_760' title='bbox 2228 5378 2434 5452; x_wconf 69' lang='grc' dir='ltr'>θατέρᾳ</span> <span class='ocrx_word' id='word_1_761' title='bbox 2464 5375 2767 5451; x_wconf 78' lang='lat' dir='ltr'><strong>usurpavit,</strong></span> <span class='ocrx_word' id='word_1_762' title='bbox 2800 5389 2853 5434; x_wconf 92' lang='lat' dir='ltr'><strong>et</strong></span> <span class='ocrx_word' id='word_1_763' title='bbox 2874 5375 3181 5452; x_wconf 82' lang='grc' dir='ltr'>προὸολίοις</span> <span class='ocrx_word' id='word_1_764' title='bbox 3224 5375 3533 5448; x_wconf 85' lang='lat' dir='ltr'><strong>legendum.</strong></span> <span class='ocrx_word' id='word_1_765' title='bbox 3566 5375 3679 5432; x_wconf 76' lang='lat' dir='ltr'><strong>non</strong></span> 
     </span>
     <span class='ocr_line' id='line_1_102' title="bbox 2118 5445 3681 5523; baseline -0.003 -18"><span class='ocrx_word' id='word_1_766' title='bbox 2118 5459 2281 5523; x_wconf 84' lang='lat' dir='ltr'><strong>Intern</strong></span> <span class='ocrx_word' id='word_1_767' title='bbox 2313 5450 2677 5523; x_wconf 76' lang='grc' dir='ltr'>προδουλίοις.</span> <span class='ocrx_word' id='word_1_768' title='bbox 2713 5449 3034 5523; x_wconf 70' lang='lat' dir='ltr'><strong>cujusmodi</strong></span> <span class='ocrx_word' id='word_1_769' title='bbox 3061 5445 3543 5523; x_wconf 42' lang='lat' dir='ltr'><strong>autemet-podiam</strong></span> <span class='ocrx_word' id='word_1_770' title='bbox 3573 5447 3681 5502; x_wconf 85' lang='lat' dir='ltr'><strong>ista</strong></span> 
     </span>
    </p>
   </div>
   <div class='ocr_carea' id='block_1_101' title="bbox 410 5516 2016 5590">
    <p class='ocr_par' dir='ltr' id='par_1_101' title="bbox 410 5516 1992 5590">
     <span class='ocr_line' id='line_1_103' title="bbox 410 5516 1992 5590; baseline -0.001 -18"><span class='ocrx_word' id='word_1_771' title='bbox 410 5516 800 5590; x_wconf 82' lang='lat' dir='ltr'><strong>corrigendus,</strong></span> <span class='ocrx_word' id='word_1_772' title='bbox 829 5525 884 5572; x_wconf 90' lang='lat' dir='ltr'><strong>et</strong></span> <span class='ocrx_word' id='word_1_773' title='bbox 912 5516 1270 5590; x_wconf 85' lang='lat' dir='ltr'><strong>accipiendus</strong></span> <span class='ocrx_word' id='word_1_774' title='bbox 1301 5517 1518 5590; x_wconf 73' lang='lat' dir='ltr'><strong>videtur</strong></span> <span class='ocrx_word' id='word_1_775' title='bbox 1557 5519 1710 5573; x_wconf 90' lang='lat' dir='ltr'><strong>locus</strong></span> <span class='ocrx_word' id='word_1_776' title='bbox 1747 5518 1849 5590; x_wconf 78' lang='lat' dir='ltr'><strong>ille</strong></span> <span class='ocrx_word' id='word_1_777' title='bbox 1883 5517 1992 5590; x_wconf 77' lang='lat' dir='ltr'><strong>De-</strong></span> 
     </span>
    </p>
   </div>
   <div class='ocr_carea' id='block_1_102' title="bbox 2118 5516 3683 5590">
    <p class='ocr_par' dir='ltr' id='par_1_102' title="bbox 2118 5516 3683 5590">
     <span class='ocr_line' id='line_1_104' title="bbox 2118 5516 3683 5590; baseline -0.003 -15"><span class='ocrx_word' id='word_1_778' title='bbox 2118 5522 2322 5585; x_wconf 76' lang='lat' dir='ltr'><strong>‘uerint,</strong></span> <span class='ocrx_word' id='word_1_779' title='bbox 2354 5516 2436 5576; x_wconf 76' lang='lat' dir='ltr'><strong>sic</strong></span> <span class='ocrx_word' id='word_1_780' title='bbox 2467 5522 2722 5590; x_wconf 77' lang='lat' dir='ltr'><strong>explicat,</strong></span> <span class='ocrx_word' id='word_1_781' title='bbox 2752 5522 2934 5572; x_wconf 83' lang='grc' dir='ltr'>Ἐσειε</span> <span class='ocrx_word' id='word_1_782' title='bbox 2952 5518 3088 5589; x_wconf 82' lang='grc' dir='ltr'>δῆτα</span> <span class='ocrx_word' id='word_1_783' title='bbox 3116 5516 3353 5590; x_wconf 36' lang='grc' dir='ltr'>τῆς-ἀπὸ</span> <span class='ocrx_word' id='word_1_784' title='bbox 3367 5517 3479 5590; x_wconf 77' lang='grc' dir='ltr'><strong>τῶν</strong></span> <span class='ocrx_word' id='word_1_785' title='bbox 3496 5532 3683 5590; x_wconf 65' lang='grc' dir='ltr'>κρειτε</span> 
     </span>
    </p>
   </div>
   <div class='ocr_carea' id='block_1_103' title="bbox 412 5586 2016 5671">
    <p class='ocr_par' dir='ltr' id='par_1_103' title="bbox 412 5586 1992 5671">
     <span class='ocr_line' id='line_1_105' title="bbox 412 5586 1992 5671; baseline 0.002 -32"><span class='ocrx_word' id='word_1_786' title='bbox 412 5588 769 5671; x_wconf 35' lang='grc' dir='ltr'>ῃοηειιναικι.</span> <span class='ocrx_word' id='word_1_787' title='bbox 810 5602 976 5671; x_wconf 34' lang='grc' dir='ltr'><strong>ιγιιο.</strong></span> <span class='ocrx_word' id='word_1_788' title='bbox 1006 5586 1092 5671; x_wconf 35' lang='grc'>9,.</span> <span class='ocrx_word' id='word_1_789' title='bbox 1119 5590 1211 5670; x_wconf 65' lang='lat' dir='ltr'><strong>ubi</strong></span> <span class='ocrx_word' id='word_1_790' title='bbox 1243 5589 1324 5671; x_wconf 33' lang='lat' dir='ltr'><strong>de“</strong></span> <span class='ocrx_word' id='word_1_791' title='bbox 1358 5586 1611 5671; x_wconf 44' lang='lat' dir='ltr'><strong>bacifero</strong></span> <span class='ocrx_word' id='word_1_792' title='bbox 1638 5590 1718 5642; x_wconf 91' lang='lat' dir='ltr'><strong>sic</strong></span> <span class='ocrx_word' id='word_1_793' title='bbox 1746 5587 1992 5671; x_wconf 61' lang='lat' dir='ltr'><strong>lpquitur</strong></span> 
     </span>
    </p>
   </div>
   <div class='ocr_carea' id='block_1_104' title="bbox 2118 5586 3678 5671">
    <p class='ocr_par' dir='ltr' id='par_1_104' title="bbox 2118 5586 3678 5671">
     <span class='ocr_line' id='line_1_106' title="bbox 2118 5586 3678 5671; baseline -0.003 -26"><span class='ocrx_word' id='word_1_794' title='bbox 2118 5586 2667 5671; x_wconf 46' lang='lat' dir='ltr'><strong>:6ytnv_ara&#39;tﬁswc3:dt;_</strong></span> <span class='ocrx_word' id='word_1_795' title='bbox 2693 5590 2897 5671; x_wconf 71' lang='grc' dir='ltr'>πόλεις,</span> <span class='ocrx_word' id='word_1_796' title='bbox 2923 5586 3016 5671; x_wconf 70' lang='grc' dir='ltr'><strong>καί</strong></span> <span class='ocrx_word' id='word_1_797' title='bbox 3042 5591 3155 5670; x_wconf 64' lang='grc' dir='ltr'>τοῖς</span> <span class='ocrx_word' id='word_1_798' title='bbox 3175 5586 3377 5671; x_wconf 67' lang='grc' dir='ltr'>ἡδονῆς</span> <span class='ocrx_word' id='word_1_799' title='bbox 3409 5586 3678 5671; x_wconf 58' lang='grc' dir='ltr'>δελέασιν,</span> 
     </span>
    </p>
   </div>
   <div class='ocr_carea' id='block_1_105' title="bbox 410 5654 3681 5731">
    <p class='ocr_par' dir='ltr' id='par_1_105' title="bbox 410 5654 3681 5731">
     <span class='ocr_line' id='line_1_107' title="bbox 410 5654 3681 5731; baseline 0 -19"><span class='ocrx_word' id='word_1_800' title='bbox 410 5654 662 5731; x_wconf 82' lang='lat' dir='ltr'><strong>Euscb._:_</strong></span> <span class='ocrx_word' id='word_1_801' title='bbox 695 5656 931 5731; x_wconf 58' lang='lat' dir='ltr'><strong>A6tV&amp;_5é</strong></span> <span class='ocrx_word' id='word_1_802' title='bbox 964 5658 1107 5711; x_wconf 84' lang='grc' dir='ltr'>κατὰ</span> <span class='ocrx_word' id='word_1_803' title='bbox 1128 5658 1235 5731; x_wconf 87' lang='grc' dir='ltr'><strong>τῶν</strong></span> <span class='ocrx_word' id='word_1_804' title='bbox 1270 5658 1439 5731; x_wconf 74' lang='grc' dir='ltr'>ἐθνῶν</span> <span class='ocrx_word' id='word_1_805' title='bbox 1470 5654 1985 5731; x_wconf 30' lang='grc' dir='ltr'>ᾁπάντωνᾼάτξειλήο</span> <span class='ocrx_word' id='word_1_806' title='bbox 2093 5662 2188 5715; x_wconf 75' lang='grc' dir='ltr'>ἐπὶ</span> <span class='ocrx_word' id='word_1_807' title='bbox 2215 5663 2324 5715; x_wconf 73' lang='grc' dir='ltr'><strong>πᾶν</strong></span> <span class='ocrx_word' id='word_1_808' title='bbox 2353 5657 2491 5723; x_wconf 81' lang='grc' dir='ltr'>εἶδος</span> <span class='ocrx_word' id='word_1_809' title='bbox 2540 5661 2871 5731; x_wconf 85' lang='grc' dir='ltr'>φαυλότητος</span> <span class='ocrx_word' id='word_1_810' title='bbox 2910 5659 3009 5722; x_wconf 79' lang='grc' dir='ltr'>τὰς</span> <span class='ocrx_word' id='word_1_811' title='bbox 3046 5658 3154 5711; x_wconf 87' lang='grc' dir='ltr'><strong>τῶν</strong></span> <span class='ocrx_word' id='word_1_812' title='bbox 3190 5654 3397 5731; x_wconf 78' lang='grc' dir='ltr'>πολλῶν</span> <span class='ocrx_word' id='word_1_813' title='bbox 3427 5658 3681 5731; x_wconf 61' lang='grc' dir='ltr'>κατέσπα</span> 
     </span>
    </p>
   </div>
   <div class='ocr_carea' id='block_1_106' title="bbox 413 5726 2016 5802">
    <p class='ocr_par' dir='ltr' id='par_1_106' title="bbox 413 5726 1987 5802">
     <span class='ocr_line' id='line_1_108' title="bbox 413 5726 1987 5802; baseline -0.001 -22"><span class='ocrx_word' id='word_1_814' title='bbox 413 5744 548 5802; x_wconf 71' lang='grc' dir='ltr'>σας,</span> <span class='ocrx_word' id='word_1_815' title='bbox 603 5727 807 5802; x_wconf 76' lang='grc' dir='ltr'>θάτερα</span> <span class='ocrx_word' id='word_1_816' title='bbox 850 5728 1084 5802; x_wconf 81' lang='grc' dir='ltr'>ληπτοὺς</span> <span class='ocrx_word' id='word_1_817' title='bbox 1118 5730 1241 5802; x_wconf 8' lang='grc' dir='ltr'>τοῖς,</span> <span class='ocrx_word' id='word_1_818' title='bbox 1279 5728 1620 5802; x_wconf 69' lang='grc' dir='ltr'>προϐῳλίοις</span> <span class='ocrx_word' id='word_1_819' title='bbox 1667 5726 1987 5802; x_wconf 71' lang='grc' dir='ltr'>ἁνθρῴπους</span> 
     </span>
    </p>
   </div>
   <div class='ocr_carea' id='block_1_107' title="bbox 2118 5726 3682 5802">
    <p class='ocr_par' dir='ltr' id='par_1_107' title="bbox 2118 5726 3682 5802">
     <span class='ocr_line' id='line_1_109' title="bbox 2118 5726 3682 5802; baseline -0.002 -19"><span class='ocrx_word' id='word_1_820' title='bbox 2118 5733 2288 5802; x_wconf 67' lang='grc' dir='ltr'>&gt;υχὰς,</span> <span class='ocrx_word' id='word_1_821' title='bbox 2315 5740 2446 5802; x_wconf 86' lang='lat' dir='ltr'><strong>etc.,</strong></span> <span class='ocrx_word' id='word_1_822' title='bbox 2476 5726 2597 5801; x_wconf 64' lang='lat' dir='ltr'><strong>qua:</strong></span> <span class='ocrx_word' id='word_1_823' title='bbox 2622 5726 2797 5802; x_wconf 77' lang='lat' dir='ltr'><strong>fusius</strong></span> <span class='ocrx_word' id='word_1_824' title='bbox 2821 5731 2959 5802; x_wconf 73' lang='lat' dir='ltr'><strong>ibid.</strong></span> <span class='ocrx_word' id='word_1_825' title='bbox 2984 5730 3355 5799; x_wconf 87' lang='lat' dir='ltr'><strong>persequitur.</strong></span> <span class='ocrx_word' id='word_1_826' title='bbox 3379 5727 3458 5784; x_wconf 83' lang='lat' dir='ltr'><strong>lla</strong></span> <span class='ocrx_word' id='word_1_827' title='bbox 3486 5728 3682 5798; x_wconf 62' lang='grc' dir='ltr'>θέλγῄο</span> 
     </span>
    </p>
   </div>
   <div class='ocr_carea' id='block_1_108' title="bbox 413 5797 2016 5876">
    <p class='ocr_par' dir='ltr' id='par_1_108' title="bbox 413 5797 1987 5876">
     <span class='ocr_line' id='line_1_110' title="bbox 413 5797 1987 5876; baseline -0.001 -26"><span class='ocrx_word' id='word_1_828' title='bbox 413 5798 627 5876; x_wconf 72' lang='grc' dir='ltr'>εὕρατο.</span> <span class='ocrx_word' id='word_1_829' title='bbox 660 5799 713 5852; x_wconf 92' lang='lat' dir='ltr'><strong>Id</strong></span> <span class='ocrx_word' id='word_1_830' title='bbox 741 5797 829 5853; x_wconf 78' lang='lat' dir='ltr'><strong>est</strong></span> <span class='ocrx_word' id='word_1_831' title='bbox 853 5814 866 5851; x_wconf 88' lang='lat'><strong>:</strong></span> <span class='ocrx_word' id='word_1_832' title='bbox 898 5801 967 5852; x_wconf 80' lang='lat' dir='ltr'><strong>At</strong></span> <span class='ocrx_word' id='word_1_833' title='bbox 990 5800 1038 5853; x_wconf 83' lang='lat' dir='ltr'><strong>is</strong></span> <span class='ocrx_word' id='word_1_834' title='bbox 1063 5799 1271 5876; x_wconf 60' lang='lat' dir='ltr'><strong>populis</strong></span> <span class='ocrx_word' id='word_1_835' title='bbox 1297 5797 1540 5876; x_wconf 64' lang='lat' dir='ltr'><strong>omnibus</strong></span> <span class='ocrx_word' id='word_1_836' title='bbox 1565 5811 1672 5851; x_wconf 82' lang='lat' dir='ltr'><strong>tam</strong></span> <span class='ocrx_word' id='word_1_837' title='bbox 1695 5797 1881 5876; x_wconf 56' lang='lat' dir='ltr'><strong>gravia</strong></span> <span class='ocrx_word' id='word_1_838' title='bbox 1911 5799 1987 5876; x_wconf 66' lang='lat' dir='ltr'><strong>in-</strong></span> 
     </span>
    </p>
   </div>
   <div class='ocr_carea' id='block_1_109' title="bbox 2118 5797 3208 5876">
    <p class='ocr_par' dir='ltr' id='par_1_109' title="bbox 2118 5797 3208 5876">
     <span class='ocr_line' id='line_1_111' title="bbox 2118 5797 3208 5876; baseline 0.001 -20"><span class='ocrx_word' id='word_1_839' title='bbox 2118 5797 2237 5876; x_wconf 51' lang='grc' dir='ltr'>προν,</span> <span class='ocrx_word' id='word_1_840' title='bbox 2265 5801 2479 5872; x_wconf 83' lang='grc' dir='ltr'>δέλεαρ,</span> <span class='ocrx_word' id='word_1_841' title='bbox 2492 5797 2827 5873; x_wconf 69' lang='grc' dir='ltr'>”προὸόλιον,</span> <span class='ocrx_word' id='word_1_842' title='bbox 2864 5797 3001 5858; x_wconf 53' lang='grc' dir='ltr'>θοὰ(</span> <span class='ocrx_word' id='word_1_843' title='bbox 3018 5814 3208 5858; x_wconf 89' lang='lat' dir='ltr'><strong>sensu.</strong></span> 
     </span>
    </p>
   </div>
   <div class='ocr_carea' id='block_1_110' title="bbox 414 5865 1984 5938">
    <p class='ocr_par' dir='ltr' id='par_1_110' title="bbox 414 5865 1984 5938">
     <span class='ocr_line' id='line_1_112' title="bbox 414 5865 1984 5938; baseline -0.001 -15"><span class='ocrx_word' id='word_1_844' title='bbox 414 5865 723 5924; x_wconf 75' lang='lat' dir='ltr'><strong>terminatus</strong></span> <span class='ocrx_word' id='word_1_845' title='bbox 748 5885 865 5924; x_wconf 89' lang='lat' dir='ltr'><strong>cum</strong></span> <span class='ocrx_word' id='word_1_846' title='bbox 895 5880 1026 5926; x_wconf 74' lang='lat' dir='ltr'><strong>esset</strong></span> <span class='ocrx_word' id='word_1_847' title='bbox 1047 5865 1071 5938; x_wconf 64' lang='grc'>,⁷</span> <span class='ocrx_word' id='word_1_848' title='bbox 1091 5871 1201 5925; x_wconf 79' lang='lat' dir='ltr'><strong>alia</strong></span> <span class='ocrx_word' id='word_1_849' title='bbox 1226 5879 1399 5926; x_wconf 79' lang='lat' dir='ltr'><strong>tamen</strong></span> <span class='ocrx_word' id='word_1_850' title='bbox 1436 5865 1984 5936; x_wconf 54' lang='lat' dir='ltr'><strong>rationu&#39;vcnabutis</strong></span> 
     </span>
    </p>
   </div>
  </div>
