4166 6416
460 361 565 418 559

1103 357 1373 415 EUSEBII
1420 354 1895 415 CIESARIENSIS
1936 355 2085 412 OPP.
2130 356 2314 413 PARS
2348 356 2414 412 ll.
2458 390 2526 402 —
2565 356 3078 415 APOLOGETICA.

3614 356 3721 410 560

449 486 606 544 catae,
642 478 864 551 dignum
901 478 949 532 ei
978 478 1284 545 conjunctis
1314 492 1537 532 voctous
1589 476 1849 549 hymnum
1882 479 2023 533 cele-

2132 479 2248 548 γῆς,
2279 479 2373 533 καί
2400 479 2599 533 ἔπλασε
2620 480 2711 532 τὸν
2737 480 3037 550 ἄνθρωπον,
3064 481 3159 532 καὶ
3186 477 3516 548 ἐνεφύσησεν
3541 478 3620 539 εἰς
3661 482 3721 533 τὸ

452 569 693 624 hrarent.
746 568 927 634 Atque
959 569 1031 623 ita
1067 568 1265 622 divinae
1291 567 1481 622 littera:
1513 568 1839 638 loquuntur:
1879 588 1896 620 ι
1936 568 2032 624 Di-

451 663 534 716 xit
570 676 787 732 quoque
816 660 980 726 Deus,
1009 660 1301 716 Faciamus
1345 660 1620 714 hominem
1646 660 1710 715 ad
1738 661 2031 732 imaginem

448 758 506 806 et
538 750 946 806 similitudinem
974 762 1238 807 nostram.
1307 748 1372 805 Et
1393 750 1520 804 fecit
1542 750 1682 806 Deus
1710 751 1984 805 hominem
2016 770 2029 805 :

449 838 519 894 ad
548 838 836 908 imaginem
868 839 960 895 Dei
996 839 1123 896 fecit
1149 856 1274 897 eum
1300 840 1374 894 ".
1406 859 1425 893 ι
1452 838 1518 894 Et
1548 855 1774 905 rursus,
1809 859 1830 892 ι
1862 839 2035 897 Acce-

2133 567 2424 639 πρόσωπον
2448 568 2613 621 αὐτοῦ
2639 569 2805 639 πνοὴν
2829 569 2994 639 ζωῆς,
3013 569 3109 622 καὶ
3138 569 3355 637 ἐγένετο
3378 570 3407 621 ὁ
3436 566 3724 637 ἄνθρωπος

2131 662 2211 724 εἰς
2234 660 2413 731 ψυχὴν
2439 659 2670 724 ζῶσαν.»
2700 662 2810 715 Καὶ
2823 660 2997 715 ταῦτα
3039 660 3098 715 δὲ
3123 659 3283 714 πάλιν
3305 661 3335 712 ὁ
3363 659 3609 730 Ἐϐραῖος
3629 659 3722 730 ἑρ-

2136 752 2357 824 μηνεύει
2380 752 2575 820 Φίλων,
2602 755 2722 817 ταῖς
2743 752 3080 817 ἑκτεθείσαις
3106 750 3271 805 αὑτοῦ
3298 753 3501 822 φωναῖς
3519 750 3601 804 ἔτι
3625 750 3723 805 καὶ

2132 844 2259 899 τάδε
2284 844 2571 916 ἐπιλέγων.

450 928 637 1000 pitque
666 932 820 1003 331
858 931 1002 989 Deus
1052 933 1329 1004 pulverem
1382 942 1573 998 terra,
1635 942 1690 988 et
1752 932 2007 989 formavit
2068 934 2364 1005 hominem,
2411 948 2467 994 et
2518 938 2804 1009 inSpiravit
2855 938 2911 994 in
2961 938 3156 995 faciem
3208 939 3329 1009 ejus
3385 935 3722 1008 spiraculum

451 1020 614 1086 vitae,
650 1032 705 1080 et
727 1018 905 1076 factus
935 1032 1019 1078 est
1046 1025 1210 1080 homo
1250 1024 1305 1079 in
1351 1025 1592 1080 animam
1640 1026 1912 1081 viventem
1945 1024 2014 1079 ⁸⁷.
2051 1044 2070 1078 ι
2113 1025 2246 1094 Qua
2305 1029 2524 1101 quidem
2557 1028 2819 1086 Hebraeus
2857 1044 3078 1101 quoque
3116 1028 3275 1085 Philo
3301 1030 3431 1085 dum
3463 1028 3721 1099 explicat,

461 1113 579 1171 hate
601 1118 851 1187 superius
882 1117 1112 1174 laudatis
1140 1119 1304 1174 verba
1330 1119 1634 1192 subjungit.

1018 1230 1248 1289 CAPUT
1286 1232 1472 1289 XVIII.

819 1322 1061 1380 Philonis
1083 1326 1148 1380 de
1175 1327 1352 1380 animo
1378 1326 1660 1380 sententia.

531 1434 551 1467 ι
582 1414 776 1472 Caeteri
818 1417 1059 1487 quidem,
1113 1418 1292 1489 inquit
1337 1418 1460 1482 ille,
1508 1429 1743 1474 mentem
1789 1430 2031 1475 nostram

450 1508 692 1564 atherize
736 1517 943 1564 natura:
988 1510 1310 1579 particulam
1350 1510 1714 1579 appellantes,
1753 1510 2027 1566 hominem

449 1614 576 1655 cum
605 1600 806 1656 aethere
830 1602 1155 1672 cognatione
1174 1602 1424 1673 junctum
1447 1617 1567 1657 esse
1596 1602 1902 1658 voluerunt.
1962 1604 2032 1657 At

450 1706 684 1763 magnus
722 1691 812 1747 ille
843 1691 1021 1747 Moses
1062 1693 1230 1747 animi
1280 1692 1491 1748 ratione
1538 1692 1746 1761 praediti
1792 1693 2027 1763 speciem

2660 1228 3055 1282 ΚΕΦΔΔΔΙΟΝ
3097 1228 3207 1282 IH'.

2579 1317 2847 1383 Φίλωνος
2877 1316 3011 1385 περὶ
3047 1316 3278 1387 ψυχῆς.

2181 1428 2199 1462 ι
2224 1409 2363 1463 ’Δλλ’
2385 1411 2435 1463 οἰ
2467 1410 2566 1481 μὲν
2591 1409 2762 1474 ἄλλοι,
2788 1409 2890 1481 τῆς
2908 1410 3150 1481 αἰθερίου
3173 1412 3389 1482 φύσεως
3405 1412 3497 1467 τὸν
3521 1411 3722 1484 ἡμιτο-

2138 1521 2231 1576 ρον
2256 1502 2380 1557 νοῦν
2407 1506 2602 1575 μοῖραν
2645 1502 2890 1566 εἰπόντες
2936 1498 3095 1566 εἰναι,
3143 1503 3462 1573 συγγένειαν
3500 1505 3596 1559 τοῦ
3622 1507 3721 1561 ἀν-

2134 1593 2354 1667 θρώπου
2379 1593 2515 1666 πρὸς
2538 1593 2731 1665 αἰθέρα
2752 1592 3013 1662 συνῆψαν·
3043 1595 3074 1648 ό
3097 1592 3153 1647 δὲ
3176 1593 3349 1665 μέγας
3365 1595 3605 1666 Μωῦσῆς
3631 1595 3723 1650 οὐ·

2131 1686 2243 1740 δενὶ
2290 1685 2399 1740 τῶν
2442 1685 2743 1754 γεγονότων
2788 1684 2902 1755 τῆς
2966 1684 3193 1756 λογικῆς
3238 1684 3418 1756 ψυχῆς
3468 1686 3531 1739 τὸ
3582 1683 3723 1750 εἶδος

447 1798 559 1839 non
586 1783 697 1853 jam
723 1794 1041 1840 exterarum
1073 1794 1449 1841 creaturarum
1477 1785 1570 1839 ulli
1609 1785 1845 1840 similem
1875 1784 2024 1852 fecit,

2132 1778 2428 1849 ὼμοίωσεν,
2455 1777 2569 1831 ἀλλ’
2613 1773 2769 1831 εἶπεν
2816 1777 2985 1848 αὐτὴν
3028 1777 3123 1831 τοῦ
3157 1777 3301 1831 θείου
3348 1780 3443 1832 καὶ
3488 1779 3723 1849 ἀοράτου

448 1875 546 1932 led
576 1876 756 1946 potius
784 1874 974 1940 divini,
999 1890 1333 1947 sensumque
1367 1874 1625 1948 fugientis
1649 1878 1873 1947 spiritus
1902 1893 2031 1947 pro-

448 1966 580 2025 bum
611 1968 899 2039 quemdam
933 1984 1055 2025 esse
1078 1985 1362 2025 nummum
1387 1971 1661 2034 asseruit,
1708 1970 1802 2027 Dei
1851 1972 2031 2042 sigillo

450 2059 807 2115 informatum
848 2070 1010 2131 atque
1055 2060 1330 2131 signatum
1353 2104 1369 2128 ,
1417 2061 1578 2131 cujus
1604 2077 1713 2117 non
1749 2063 2032 2118 character

451 2150 616 2216 alius,
636 2165 801 2221 quam
831 2152 1159 2221 sempiterna
1186 2152 1325 2206 ratio
1349 2152 1437 2207 sit.
1478 2150 1797 2223 «Inspiravit
1860 2155 2028 2220 enim,

456 2239 671 2311 inquit,
724 2239 870 2295 Deus
911 2241 968 2295 in
1021 2239 1214 2297 faciem
1260 2243 1381 2313 ejus
1414 2243 1746 2313 spiraculum
1795 2244 1948 2309 vitae,
1978 2254 2034 2300 et

450 2331 632 2387 factus
664 2340 750 2387 est
780 2331 946 2386 homo
979 2332 1033 2386 in
1065 2333 1301 2387 animam
1330 2333 1620 2389 viventem.
1663 2353 1682 2386 ι
1720 2333 1908 2405 Itaque
1935 2351 2031 2390 ne-

452 2436 609 2479 cesse
656 2421 783 2490 fuit,
823 2423 920 2494 qui
982 2423 1228 2493 spiritum
1272 2423 1425 2479 illum
1452 2425 1742 2495 exciperet,
1786 2426 1906 2497 ejus
1936 2427 2031 2497 qui

452 2516 770 2587 inspiraret,
798 2516 1207 2572 similitudinem
1238 2517 1471 2584 referre;
1517 2533 1582 2573 ac
1607 2526 1890 2589 propterea
1924 2534 2029 2574 non

453 2608 521 2663 ad
554 2608 717 2664 ullius
743 2617 1025 2672 creatum,
1068 2610 1160 2665 sed
1194 2609 1284 2663 Dei
1315 2611 1478 2666 unius
1509 2611 1798 2681 imaginem
1858 2610 2033 2665 factus

453 2698 624 2756 homo
649 2698 871 2755 dicitur.
908 2699 1007 2765 ita,
1038 2715 1163 2756 cum
1189 2701 1406 2757 animus
1434 2702 1672 2758 hominis
1697 2702 1765 2757 ad
1794 2703 2031 2774 primum

452 2798 587 2855 illud
609 2802 852 2854 auctoris
884 2799 969 2854 sui
1001 2799 1236 2854 rationis
1272 2797 1549 2868 exemplar
1573 2796 1952 2854 conformatus
1978 2806 2033 2853 et

451 2902 747 2959 expressus
777 2897 943 2955 esset,
989 2888 1111 2959 ejus
1157 2889 1321 2944 etiam
1369 2903 1570 2958 corpus
1614 2897 1858 2945 erectum
1887 2903 2030 2955 esse,

449 2982 777 3051 vultumque
817 2993 978 3037 stium
1025 2980 1079 3035 in
1119 2981 1318 3037 caelum
1339 3021 1354 3047 ,
1384 2995 1508 3050 qua:
1528 2995 1656 3050 pars
1681 2990 1763 3035 est
1791 2979 2032 3035 universi

451 3072 767 3144 purissima,
801 3087 1126 3129 conversum
1152 3072 1352 3128 habere
1375 3073 1669 3143 oportuit.»
1708 3071 1834 3130 Haec
1852 3071 2027 3129 Philo.

451 3165 632 3235 Atque
658 3165 933 3220 hominem
961 3179 1093 3221 sane
1115 3164 1298 3220 divina
1324 3164 1628 3236 Scriptura,
1660 3180 1770 3220 non
1805 3175 2030 3222 Caetero-

453 3270 578 3310 rum
603 3255 966 3310 animantium
995 3269 1149 3309 more
1175 3263 1355 3309 satum
1383 3270 1535 3321 esse,
1558 3254 1685 3325 jure
1730 3255 2035 3324 meritoque

453 3346 791 3418 pronuntiat.
846 3344 1107 3415 Reliquas
1154 3347 1301 3401 enim
1331 3360 1519 3402 omnes
1545 3347 1741 3417 partim
1773 3362 1838 3402 ex
1865 3355 2032 3411 terra,

455 3436 555 3493 Dei
599 3438 949 3508 praepotentis
986 3437 1146 3507 jussu
1197 3436 1487 3507 prodiisse,
1535 3439 1731 3508 partim
1787 3439 2035 3510 ejusdem

454 3527 693 3584 Numine
743 3543 810 3584 ex
850 3528 1122 3583 elemento
1169 3528 1463 3584 humidiori
1529 3529 1814 3596 evolasse;
1867 3539 1922 3586 at
1967 3546 2035 3586 ex

455 3619 750 3686 omnibus,
795 3634 920 3690 qua:
969 3619 1024 3674 in
1077 3628 1221 3674 terra
1276 3629 1599 3687 versantur,
1640 3620 2033 3690 animantibus,

454 3726 627 3767 unum
655 3711 815 3781 longe
844 3710 957 3767 Deo
989 3711 1393 3775 charissimam,
1424 3727 1545 3780 nos,
1581 3712 1824 3783 inquam,
1866 3714 2032 3784 ipsos,

454 3802 525 3859 ad
550 3802 840 3871 imaginem
866 3818 932 3859 ae
960 3802 1376 3860 similitudinem
1411 3802 1503 3859 Dei
1545 3815 1862 3875 procreatos
1914 3807 2035 3862 ani-

455 3909 660 3965 moque
690 3893 947 3964 praeditos
984 3894 1157 3953 fuisse
1203 3912 1217 3950 :
1269 3895 1525 3965 quocirca
1554 3898 1853 3969 principem
1884 3898 1938 3954 in
1967 3914 2035 3956 eo

454 3986 748 4059 quamdam
792 3988 1015 4059 agnosci
1066 3988 1382 4058 regiamque
1434 3998 1718 4057 naturam,
1770 3999 1932 4061 atque
1978 3991 2034 4046 in

454 4080 619 4137 terris
645 4095 766 4137 esse
791 4096 962 4137 unum
990 4121 1007 4143 ,
1041 4081 1137 4152 qui
1167 4080 1549 4149 ratiocinandi,
1579 4081 1913 4150 fabricandi,
1944 4085 2036 4156 ju-

453 4171 706 4240 dicandi,
751 4173 899 4244 leges
944 4171 1188 4238 ferendi,
1233 4183 1380 4230 artes
1424 4173 1811 4246 doctrinasque
1858 4179 2034 4247 perci-

456 4264 638 4337 piendi
665 4265 775 4320 vim
804 4265 1018 4322 habeat.
1050 4262 1241 4321 Solum
1263 4265 1408 4321 enim
1441 4266 1595 4321 illum
1623 4269 1885 4336 animam,
1911 4285 2035 4339 qua:

456 4356 723 4426 spiritalis
770 4355 842 4413 sit
888 4357 1302 4429 intelligensque
1328 4366 1549 4424 natura,
1599 4361 1857 4415 sortitum
1887 4376 2030 4430 esse,

2130 1871 2449 1941 Πνεύματος
2474 1871 2687 1924 ἐκείνου
2715 1870 2937 1941 δόκιμον
2960 1868 3101 1923 εἶναι
3127 1869 3389 1941 νόμισμα,
3416 1871 3722 1942 σημειωθὲν

2128 1968 2224 2019 καί¹
2244 1963 2494 2018 τυπωθὶν
2522 1964 2776 2035 σφραγῖδι
2821 1962 2979 2028 Θεοῦ,
3008 1957 3076 2035 ἧς
3107 1965 3137 2017 ὀ
3183 1964 3474 2037 χαρακτήρ
3503 1966 3650 2018 ἔστιν
3691 1965 3722 2021 ό

2128 2057 2297 2121 ἀΐδιος
2321 2056 2512 2126 Λόγος.
2548 2075 2566 2107 ι
2620 2056 2935 2110 Ἑνέπνευσε
2998 2056 3128 2127 γὰρ,
3178 2058 3362 2128 φησίν,
3408 2058 3437 2111 ό
3482 2056 3616 2121 Θεὸς
3641 2057 3723 2121 είς

2129 2149 2191 2203 τὸ
2214 2149 2507 2222 πρόσωπον
2531 2148 2696 2202 αὑτοῦ
2729 2149 2898 2219 πνοὴν
2924 2148 3086 2220 ζωῆς,
3133 2149 3227 2202 καί
3253 2148 3470 2220 ἐγένετο
3506 2148 3721 2220 ἀνθρω-

2133 2259 2235 2306 πος
2264 2242 2345 2306 εἰς
2370 2240 2551 2312 ψυχὴν
2585 2240 2819 2305 ζῶσαν.»
2854 2240 3017 2293 Ὥστε
3075 2240 3290 2311 ἀνάγκη
3327 2240 3463 2312 πρὸς
3505 2240 3600 2294 τὸν
3627 2241 3722 2294 ὲκ-

2131 2333 2419 2404 πέμποντα
2444 2345 2469 2374 ι
2496 2333 2586 2387 τὸν
2611 2333 2898 2404 δεχόμενον
2919 2332 3378 2397 ἀπεικονίζεσθαι·
3410 2332 3493 2387 διὸ
3517 2334 3613 2388 καὶ
3635 2331 3722 2386 λέ-

2131 2442 2287 2494 γεται
2324 2427 2444 2480 κατ’
2468 2426 2654 2480 εἰκόνα
2682 2425 2818 2481 Θεοῦ
2868 2425 2961 2479 τὸν
3010 2425 3297 2496 ἄνθρωπον
3347 2426 3622 2495 γενέσθαι,
3656 2426 3718 2479 οὐ

2135 2517 2244 2588 μὴν
2283 2519 2403 2571 κατ’
2427 2517 2613 2572 εἰκόνα
2658 2518 2804 2582 τινδς
2855 2517 2965 2572 τῶν
3017 2518 3339 2587 γεγονότων.
3407 2516 3721 2572 Ἀκόλουθον

2130 2604 2223 2663 οὖν
2251 2604 2320 2681 ἦν
2352 2610 2451 2682 τῆς
2477 2608 2762 2681 ἀνθρώπου
2783 2609 2983 2681 ψυχῆς,
3011 2609 3154 2664 κατά
3175 2610 3263 2664 τὸν
3297 2609 3602 2682 ἀρχέτυπον
3623 2606 3719 2662 τοῦ

2132 2704 2307 2759 αἰτίου
2332 2704 2487 2773 λόγον
2511 2703 3001 2774 ἀπεικονισθείσης,
3017 2703 3113 2757 καὶ
3134 2703 3196 2758 τδ
3224 2702 3382 2773 σῶμα
3408 2702 3717 2774 ἀνεγερθὲν,

2134 2798 2272 2870 πρὸς
2296 2796 2393 2868 τὴν
2417 2796 2815 2868 καθαρωτάτην
2847 2796 2940 2850 τοῦ
2986 2795 3188 2859 παντὸς
3227 2797 3442 2868 μοῖραν,
3469 2794 3717 2865 οὐρανὸν,

2131 2889 2230 2953 τὰς
2263 2887 2414 2958 ὄψεις
2437 2888 2769 2942 ἀνατεῖναι.»
2801 2888 2987 2943 Ταῦτα
3011 2889 3109 2959 μὲν
3140 2883 3306 2952 ὦτος.
3328 2887 3565 2952 Εἰκότως
3585 2886 3722 2953 δῆτα

2133 2983 2228 3036 καὶ
2255 2985 2289 3053 ἡ
2315 2981 2436 3036 θεία
2465 2979 2656 3053 Γραφὴ
2682 2982 2781 3053 οὐχ
2802 2981 2878 3045 ὡς
2905 2980 2973 3035 τὰ
3001 2979 3166 3034 λοιπά
3187 2979 3303 3045 ζῶα
3324 2978 3604 3048 γεγονέναι
3629 2976 3722 3030 τὸν

2058 3120 2101 3179 c
2134 3074 2419 3147 ἄνθρωπόν
2445 3090 2595 3145 φησι·
2638 3072 2709 3128 τὰ
2767 3073 2864 3145 μὲν
2894 3071 3004 3145 γὰρ
3026 3071 3134 3126 ἀπὸ
3164 3071 3266 3142 γῆς
3316 3070 3619 3143 προελθεῖν,
3641 3069 3723 3122 ἑνὶ

2134 3166 2466 3239 κελεύσματι
2520 3164 2615 3219 τοῦ
2662 3165 3051 3237 παμϐασιλέως
3087 3163 3243 3218 Θεοῦ·
3293 3162 3364 3217 τὰ
3432 3162 3479 3215 δ’
3505 3164 3567 3215 ὲκ
3610 3162 3709 3233 τῆς

2136 3260 2309 3332 ὑγρᾶς
2330 3260 2517 3323 οὐσίας
2542 3259 2847 3329 ἀναπτῆναι
2878 3256 3036 3312 πάλιν
3077 3254 3243 3309 αὐτοῦ
3278 3253 3527 3325 νεύματι·
3564 3253 3722 3325 μόνον

2134 3352 2189 3406 δὲ
2215 3352 2322 3406 τῶν
2351 3352 2443 3404 ἐπὶ
2467 3351 2569 3422 γῆς
2596 3348 2752 3415 ζώων
2779 3350 2846 3404 τὸ
2869 3348 3300 3416 θεοφιλέστατον,
3332 3348 3478 3420 ἡμᾶς
3500 3347 3723 3412 αὐτοὺς,

2136 3445 2256 3498 κατ’
2280 3442 2466 3496 εἰκόνα
2491 3441 2626 3496 Θεοῦ
2657 3442 2750 3495 καὶ
2779 3439 2900 3494 καθ’
2933 3438 3191 3511 ὁμοίωσιν
3213 3438 3314 3509 τὴν
3336 3438 3515 3508 ψυχὴν
3562 3454 3723 3507 γεγο-

2136 3535 2309 3596 νέναι,
2332 3534 2469 3606 πρὸς
2492 3534 2521 3588 δ
2547 3534 2641 3589 καὶ
2672 3532 2903 3604 ὁρᾶσθαι
2924 3529 3149 3602 ἀρχικὸν
3174 3529 3269 3583 καὶ
3293 3527 3570 3599 βασιλικὸν
3618 3528 3721 3597 τὴν

2136 3626 2318 3697 φύσιν,
2342 3627 2503 3698 μόνον
2533 3644 2591 3681 τε
2617 3626 2724 3679 τῶν
2750 3624 2845 3678 ἐπὶ
2875 3624 2981 3693 γῆς
3011 3617 3149 3675 εἶναι
3200 3620 3438 3690 λογικὸν,
3478 3620 3573 3674 καὶ
3628 3618 3720 3690 δη-

2140 3718 2478 3792 μιουργικὸν,
2514 3718 2608 3771 καὶ
2634 3715 2898 3788 κριτικὸν,
2924 3716 3016 3768 καὶ
3038 3712 3408 3784 νομοθετικόν,
3436 3710 3639 3781 τεχνῶν
3659 3726 3720 3762 τε

2135 3812 2231 3865 καὶ
2260 3809 2577 3882 ἐπιστημῶν
2610 3807 3038 3879 καταληπτικόν.
3086 3804 3238 3860 Εἶναι
3269 3805 3378 3878 γὰρ
3427 3805 3594 3876 μόνην
3622 3802 3724 3872 τὴν

2134 3902 2194 3955 ἐν
2218 3899 2488 3972 ἀνθρώπῳ
2516 3898 2717 3970 ψυχὴν,
2754 3896 2950 3967 νοεράν
3009 3896 3104 3950 καὶ
3152 3896 3375 3966 λογικὴν
3418 3892 3625 3955 οὐσίαν,
3654 3886 3720 3961 ἦς

2139 3993 2214 4064 μὴ
2248 3994 2492 4064 μετεῖναι
2514 3993 2625 4054 τοῖς
2657 3988 2837 4052 ἄλλοις
2878 3991 2972 4043 ἐπὶ
3015 3990 3119 4061 γῆς
3159 3987 3337 4054 ζώοις.
3388 3984 3481 4039 Διδ
3526 3982 3595 4037 τὰ
3623 3982 3724 4054 μὲν

2135 4085 2405 4157 θητεύειν,
2432 4085 2527 4138 καὶ
2551 4082 2735 4155 χώραν
2759 4074 3281 4153 οἰκετῶν-παρεχειν
3313 4076 3604 4151 ἀνθρώπῳ·
3632 4074 3722 4128 τὸν

2133 4177 2213 4242 δὲ,
2238 4172 2328 4232 οἷα
2352 4175 2621 4247 δεσπότην
2648 4174 2744 4229 καί
2791 4173 3057 4245 ἡγεμόνα,
3081 4169 3416 4226 δουλοῦσθαι·
3466 4167 3558 4222 καὶ
3585 4166 3721 4218 ὑπο-

2132 4270 2348 4324 τάττειν
2371 4266 2440 4321 τὰ
2457 4266 2618 4339 ῥώμη
2650 4268 2747 4337 μὲν
2772 4264 3027 4337 σώματος
3053 4263 3186 4318 πολὺ
3209 4261 3512 4334 κρείττονα,
3534 4257 3723 4329 μείονα

2132 4357 2191 4413 δὲ
2215 4361 2282 4429 τῇ
2314 4356 2458 4411 κατὰ
2480 4357 2579 4429 τὴν
2604 4357 2797 4429 νοεράν
2843 4355 3031 4409 οὐσίαν
3057 4355 3329 4426 στερήσει.
3369 4351 3571 4406 Τοῦτον
3622 4348 3722 4418 μὲν

456 4448 620 4519 cujus
662 4448 714 4502 in
743 4448 1081 4504 consortium
1113 4464 1179 4505 ex
1215 4451 1561 4506 terrestribus
1585 4451 1709 4507 aliis
1737 4452 2033 4509 animantio

2135 4445 2230 4503 οῦν
2256 4450 2376 4503 κατ’
2402 4450 2587 4503 εἰκόνα
2609 4450 2743 4519 φασὶ
2763 4447 2899 4502 Θεοῦ
2924 4447 3019 4500 καὶ
3042 4446 3164 4500 καθ’
3190 4443 3446 4516 ὁμοίωσιν
3471 4443 3606 4515 πρὸς
3628 4440 3724 4493 αὐ-

458 4533 566 4590 hus
596 4534 742 4589 nulla
767 4535 991 4591 omnino
1014 4538 1241 4593 venerit.
1272 4536 1453 4605 Quare
1479 4549 2033 4612 catteraSmperarum

2135 4539 2232 4595 τοῦ
2254 4540 2349 4595 τοῦ
2374 4540 2508 4595 Θεοῦ
2536 4542 2676 4612 μετά
2700 4557 2845 4605 τινος
2887 4539 3250 4611 διαφερούσης
3288 4534 3563 4608 ὑπεροχῆς
3585 4533 3720 4585 ὑπο-

456 4627 821 4696 quarumdam
861 4636 917 4684 et
959 4626 1289 4685 famulorum
1339 4632 1548 4698 instar,
1601 4633 1807 4688 homini
1840 4646 2038 4705 praesto

459 4732 612 4799 esse;
658 4719 807 4775 hunc
857 4734 987 4774 vero
1030 4729 1289 4790 tanquam
1339 4721 1503 4794 332
1553 4723 1839 4781 dominum
1873 4736 2038 4799 atque

459 4796 691 4877 ducem,
737 4812 953 4868 easdem
1001 4812 1269 4869 industria
1301 4814 1526 4871 domare
1555 4825 1719 4886 atque
1762 4796 2034 4890 subigere,

461 4911 526 4957 ut
546 4903 791 4973 corporis
820 4902 979 4973 longe
1015 4904 1226 4960 viribus
1262 4904 1596 4974 superiores,
1627 4907 1710 4962 sic
1739 4908 1812 4963 ob
1836 4909 2037 4968 intelli-

452 4995 642 5064 gentis
676 5003 885 5050 natune
910 4992 1261 5064 privationem
1290 4996 1593 5053 inferiores.
1631 4996 1787 5054 Illum
1809 5014 1940 5071 ergo
1971 5000 2038 5059 ad

463 5085 757 5158 imaginem
792 5100 855 5141 ac
876 5086 1286 5142 similitudinem
1310 5085 1427 5154 Dei,
1472 5088 1542 5144 ab
1569 5103 1635 5143 eo
1661 5090 1801 5159 ipso,
1853 5092 2040 5163 singu-

466 5176 570 5235 lari
591 5179 823 5249 quodam
857 5186 910 5233 et
932 5178 1152 5248 proprio
1178 5179 1456 5251 dignitatis
1479 5182 1917 5253 excellentiazque
1943 5199 2038 5252 ge-

470 5282 600 5323 nere
643 5279 986 5339 procreatum
1034 5285 1193 5335 esse,
1246 5271 1428 5325 divina
1475 5281 1746 5328 testantur
1795 5275 2035 5330 oracula.

470 5355 605 5412 Eam
632 5359 702 5415 ob
728 5375 841 5416 rem
877 5361 1054 5431 ipsum
1101 5370 1154 5416 et
1191 5362 1518 5430 cogitatione
1548 5361 1643 5417 Dei
1675 5366 1925 5421 notiones
1954 5366 2037 5421 in-

472 5447 730 5517 formare,
757 5461 812 5507 et
837 5452 1135 5523 sapientia,
1160 5454 1387 5524 iustitiae
1405 5495 1420 5519 ,
1452 5455 1898 5529 reliquarumque
1925 5458 2035 5513 vir-

474 5550 649 5596 tutum
680 5544 919 5599 rationes
943 5545 1161 5617 vimque
1182 5547 1460 5618 pereipere
1488 5567 1503 5603 :
1534 5550 1667 5605 solis
1691 5548 1845 5616 item,
1897 5552 2041 5606 lunze

476 5633 822 5705 siderumque
848 5652 1062 5703 cursus,
1093 5638 1408 5702 dierumque
1438 5643 1602 5700 simul
1650 5657 1715 5701 ac
1746 5651 2042 5715 tempesta-

552 5724 597 5756 “
626 5722 761 5781 Gen.
794 5739 830 5789 ι,
856 5723 946 5788 26,
973 5722 1065 5781 27.
1091 5722 1135 5756 "
1162 5720 1295 5784 Cen.
1327 5741 1389 5795 ιι,
1419 5726 1473 5783 7.

549 5819 576 5847 ι
608 5824 718 5873 πη,
748 5805 1063 5873 ἐμπνέοντα.

2137 4632 2350 4703 στῆναι.
2399 4632 2492 4686 Διὸ
2537 4634 2633 4687 καὶ
2673 4631 2809 4686 Θεοῦ
2844 4630 3051 4694 ἐννοίας
3090 4631 3171 4693 εἰς
3226 4626 3527 4698 φαντασίας
3561 4622 3719 4687 ἰέναι,

2138 4724 2329 4794 σοφίας
2353 4741 2414 4781 τε
2439 4725 2533 4778 καὶ
2553 4721 2918 4792 δικαιοσύνης,
2943 4721 3038 4775 καὶ
3064 4720 3246 4791 πάσης
3274 4714 3474 4789 ἀρετῆς
3501 4710 3721 4782 ἀντιλή-

2134 4814 2258 4885 ψεις
2294 4814 2586 4880 ποιεῖσθαι,
2630 4814 2865 4885 δρόμους
2915 4829 2978 4867 τε
3023 4810 3178 4883 ἡλίου
3222 4809 3315 4862 καὶ
3351 4805 3599 4877 σελήνης,
3626 4800 3723 4856 καὶ

2138 4906 2378 4978 ἄστρων,
2405 4907 2627 4978 ἡμερῶν
2654 4924 2714 4960 τε
2737 4907 2831 4961 καὶ
2856 4904 3014 4977 ὡρῶν
3037 4903 3270 4967 κύκλους
3291 4894 3722 4972 ἀπαριθμείσθαι

2135 4998 2378 5064 δυνατῶς
2404 4999 2569 5071 ἔχειν,
2593 5000 2692 5071 τῆς
2717 4999 2854 5071 πρὸς
2876 4997 2947 5052 τὲ
2971 4996 3086 5052 ἀνω
3108 4993 3425 5065 συγγενείας
3450 4990 3632 5062 χάριν,
3656 4988 3725 5058 ῆν

2139 5089 2351 5162 θνητῶν
2383 5091 2543 5162 μόνος
2580 5090 2867 5162 ἄνθρωπος
2899 5088 3284 5144 ἐπιδείκνυται.
3335 5083 3409 5136 Τὸ
3454 5081 3513 5134 δὲ
3548 5077 3725 5148 τούτῳ

2140 5181 2654 5255 περιπεπλασμένον
2694 5182 2892 5247 ἔξωθεν
2953 5178 3265 5252 ἑτερογενὲς
3314 5175 3412 5247 μὲν
3457 5171 3725 5242 ὕπάρχειν

2137 5274 2239 5346 τὴν
2258 5274 2445 5328 οὐσίαν
2467 5275 2561 5329 καί
2587 5274 2839 5345 γηγενὲς,
2869 5270 3009 5327 εἶναι
3032 5273 3090 5326 δὲ
3111 5271 3207 5327 καὶ
3231 5269 3364 5324 αὐτὸ
3383 5265 3519 5321 Θεοῦ
3542 5265 3722 5336 ἔργον,

2139 5366 2248 5421 ἀπὸ
2266 5366 2372 5435 γῆς
2396 5364 2621 5437 ληφθὲν,
2651 5368 2746 5420 καὶ
2776 5368 2857 5429 εἰς
2884 5364 2984 5437 τὴν
3024 5363 3197 5435 αὐτὴν
3239 5358 3605 5431 ὑποστρέφον.
3633 5356 3727 5410 Διδ

2140 5456 2236 5510 καὶ
2266 5457 2465 5528 χρῆναι
2487 5458 2678 5512 τούτου
2714 5458 2814 5529 μὲν
2866 5457 2968 5511 ὃσα
3023 5456 3120 5511 καί
3173 5454 3371 5523 ἀλόγου
3409 5450 3726 5523 θρέμματος

2138 5543 2232 5597 τὸν
2253 5543 2521 5617 δεσπότην
2543 5545 2877 5617 ἠχθεσμένου
2904 5544 3229 5616 φροντίζειν,
3260 5543 3415 5610 ἀγειν
3437 5557 3497 5594 τε
3534 5539 3727 5611 πρᾴως

2141 5636 2294 5704 αὐτὸ,
2322 5637 2415 5692 καὶ
2448 5637 2668 5709 τρέφειν
2690 5636 2779 5693 οἷα
2801 5638 3005 5704 δοῦλον,
3060 5637 3195 5708 πρὸς
3242 5632 3582 5705 ἀνθρωπείου
3610 5631 3725 5703 βίου
