4166 6434
446 362 545 419 561

1615 349 1934 406 ΡΒᾹΞΡΑΒ.
1972 348 2226 406 EVANG.
2269 347 2396 404 LIB.
2437 345 2548 405 VII.
2654 376 2657 379 λ

3600 345 3705 402 562

444 475 719 532 διακονίαν
751 468 811 527 εὖ
846 469 1288 545 προσηνωμένον,
1343 466 1434 520 τὸν
1482 466 1526 520 δ’
1552 465 1684 521 εἴσω
1737 465 2019 537 δεσπότην,

2131 475 2243 521 tum
2275 464 2659 523 conversiones
2684 459 3020 518 numerando
3061 461 3320 532 consequi
3355 474 3547 531 posse;
3581 478 3704 532 quae

440 567 518 632 ὡς
538 567 605 621 ἂν
637 565 836 636 εὐγενῆ
866 567 958 619 καὶ
1009 563 1143 616 Θεοῦ
1194 562 1429 631 συγγενῆ
1458 559 1640 629 φύσιν,
1692 558 2020 630 ἐλευθερίοις

441 658 664 732 τρόποις
694 659 883 729 τιμᾷν,
930 657 1028 711 ἆτε
1056 656 1151 710 καὶ
1177 654 1313 726 πρὸς
1336 652 1429 706 τοῦ
1465 653 1682 707 πάντων
1706 652 1880 705 αἰτίου
1929 668 2019 705 τε-

439 750 764 823 τιμημένον.
790 750 954 818 Λέγει
975 749 1021 802 δ’
1048 743 1143 802 οὖν
1163 746 1233 801 τὰ
1258 746 1437 815 λόγια,
1471 743 1546 809 ὡς
1592 745 1701 815 ἄρα
1744 743 1845 815 τὴν
1868 742 2021 814 πρώ-

438 856 540 913 την
571 838 859 911 ἀνθρώπου
886 838 1047 908 φύσιν
1087 837 1349 908 δυνάμεσι
1400 835 1574 898 θείαις
1623 834 1718 888 καὶ
1767 833 2021 905 ὁμοιώσει

440 930 576 985 Θεοῦ
599 930 883 1001 κοσμήσας
923 929 951 981 ὁ
993 927 1393 999 παμϐασιλεύς,
1423 925 1679 997 ἁρμόδιον
1717 920 1799 988 οἷς
1820 923 2022 1003 ἐδωρή-

376 1028 381 1033 ’
444 1036 594 1085 σατο,
615 1019 714 1091 τὴν
743 1016 965 1090 πρώτην
990 1017 1345 1088 ἀπεκλήρωσε
1370 1014 1650 1086 διατριϐὴν
1675 1011 1767 1067 τοῦ
1796 1013 1932 1083 βίου,
1963 1013 2020 1065 ὲν

443 1109 662 1178 ἀγαθῶν
689 1108 1020 1182 παραδείσῳ,
1071 1107 1311 1179 χορείαις
1364 1104 1772 1175 συγκαταλέξας
1824 1104 2016 1169 θείαις.

442 1201 552 1255 Καὶ
572 1200 663 1254 τὸν
691 1200 791 1272 μὲν
819 1199 945 1254 τάδε
984 1200 1042 1253 ὲν
1070 1200 1264 1271 ἀρχαῖς
1295 1193 1381 1252 οἷα
1428 1197 1742 1267 πανάγαθον
1766 1195 1915 1267 αὐτῷ
1936 1197 2021 1250 δε-

441 1291 717 1363 δωρῆσθαι
749 1290 989 1360 Πατέρα·
1038 1290 1131 1343 τὸν
1177 1289 1221 1342 δ’
1271 1287 1612 1358 αὐθεκουσίῳ
1659 1286 1868 1358 αἱρέσει
1912 1284 2020 1340 τῶν

442 1384 764 1455 κρειττόνων
792 1385 1110 1447 ἀποπεσεῖν,
1136 1382 1229 1436 καί
1247 1382 1337 1436 τὸν
1352 1381 1545 1453 θνητὸν
1570 1380 1746 1452 χῶρον
1770 1380 2020 1434 ἀντικατ-

442 1475 784 1542 αλλάξασθαι
807 1475 958 1540 θείας
991 1474 1207 1547 ἐντολῆς
1231 1473 1512 1546 ὀλιγωρίᾳ.
1543 1473 1631 1527 Διὸ
1661 1473 1756 1525 καί
1789 1471 2021 1543 μάλιστα

440 1570 735 1642 προσήκειν
764 1567 1044 1632 εὐσεϐείας
1073 1569 1132 1620 ὲν
1180 1564 1417 1638 πρώτοις
1472 1564 1887 1629 ἀντιποιεῖσθαι,
1927 1566 2020 1619 καὶ

438 1661 499 1713 τδ
528 1659 756 1732 πρώτως
785 1657 1175 1731 πλημμεληθὲν
1227 1657 1502 1727 δευτέροις
1547 1657 1742 1721 αἰσίοις
1787 1657 2021 1729 ἐπιδιορ-

440 1751 682 1816 θοῦσθαι,
726 1751 974 1805 σπεύδειν
996 1767 1053 1804 τε
1080 1750 1172 1803 ἐπὶ
1196 1749 1294 1821 τὴν
1326 1749 1435 1803 τῶν
1466 1749 1683 1803 οἰκείων
1711 1749 2020 1820 ἀναδρομὴν

2129 558 2314 613 omnia
2339 573 2403 613 ex
2434 556 2643 620 innata,
2677 569 2841 625 quam
2863 568 2930 608 ex
2956 554 3169 609 cunctis
3209 554 3531 610 mortalibus
3563 571 3706 613 unus

2128 650 2296 705 homo
2322 664 2432 720 pra:
2457 664 2515 705 se
2541 647 2665 715 fert,
2701 662 2826 702 cum
2855 646 3019 702 rebus
3053 646 3158 703 illis
3196 647 3571 718 superioribus
3591 647 3706 704 alli-

2128 742 2298 797 nitate
2326 742 2593 797 oriantur.
2622 740 2693 795 At
2715 755 2864 806 vero,
2917 741 3062 812 quod
3090 739 3264 795 eidem
3290 739 3525 796 aﬂictnm
3555 751 3706 798 exte-

2127 834 2244 891 rius
2269 849 2333 890 ac
2358 832 2748 890 circumfusum
2776 842 2879 900 est,
2912 833 3138 909 alterius
3166 847 3288 889 esse
3320 833 3535 904 generis
3572 834 3705 890 illud

2126 925 2369 996 quidem,
2400 939 2463 979 ac
2486 925 2729 980 terrestri
2748 939 2814 979 ex
2838 923 2981 979 mole
3010 921 3302 979 conflatum
3322 942 3337 989 ;
3357 922 3496 977 idem
3523 932 3705 979 tamen

2130 1014 2225 1070 Dei
2260 1014 2580 1084 simpliciter
2610 1028 2749 1085 opus
2772 1028 2924 1081 esse;
2960 1011 3107 1083 quod
3149 1011 3225 1067 uti
3255 1027 3322 1067 ex
3349 1021 3492 1067 terra
3522 1019 3705 1068 satum

2126 1114 2230 1170 est,
2264 1106 2339 1160 ita
2367 1105 2547 1160 denuo
2569 1105 2625 1159 in
2663 1114 2863 1159 terram
2888 1102 3239 1159 dissolvatur.
3283 1101 3469 1173 itaque
3494 1104 3705 1167 homini

2129 1197 2350 1268 perinde
2379 1212 2444 1253 ac
2484 1211 2645 1253 suum
2675 1195 2895 1266 aliquod
2931 1196 3138 1249 ratione
3171 1208 3364 1250 carens
3414 1202 3470 1249 et
3508 1209 3705 1250 onera-

2126 1294 2266 1349 rium
2292 1293 2602 1364 iumentum
2642 1291 2885 1357 domino,
2914 1289 3217 1346 curandum
3262 1289 3393 1345 illud
3421 1304 3564 1357 esse,
3594 1296 3705 1346 tra-

2127 1384 2495 1455 ctandumque
2520 1382 2845 1446 humaniter,
2870 1389 3030 1451 atque
3055 1381 3109 1435 in
3142 1380 3285 1436 servi
3312 1395 3520 1436 morem
3549 1381 3702 1439 alen-

2126 1477 2257 1532 dum
2278 1518 2293 1542 ,
2330 1477 2397 1532 ad
2422 1477 2674 1531 humanae
2701 1462 2825 1530 vitae
2852 1474 3175 1545 obsequium
3205 1472 3399 1530 docilis
3422 1482 3477 1529 et
3505 1475 3702 1545 parati.

2126 1567 2195 1622 At
2244 1567 2525 1622 dominum
2576 1566 2729 1621 illum
2774 1566 3121 1630 interiorem,
3171 1574 3359 1636 utpote
3412 1566 3704 1637 ingenuam

2127 1659 2477 1728 nobilemque
2505 1667 2782 1725 naturam,
2831 1672 3067 1728 cumque
3096 1655 3207 1713 Deo
3235 1658 3356 1728 ipso
3382 1658 3706 1728 cognatione

2126 1748 2498 1820 conjunctam,
2533 1748 2852 1805 liberalibus
2895 1749 3060 1804 etiam
3090 1756 3147 1804 et
3169 1749 3419 1821 ingenuis
3460 1747 3707 1805 moribus

439 1861 498 1896 τε
551 1845 645 1897 καί
676 1843 1141 1906 ἀποκατάστασιν.
1178 1837 1333 1896 Εἶναι
1373 1840 1479 1911 γὰρ
1537 1840 1692 1904 τέλος
1738 1839 2019 1909 ἀνθρώπου

2127 1840 2527 1905 exornandum,
2559 1854 2682 1895 cum
2712 1846 2941 1894 ornatus
2969 1839 3039 1893 ab
3063 1839 3294 1909 ipsemet
3332 1839 3496 1894 etiam
3522 1852 3708 1893 rerum

440 1935 653 2005 φύσεως
671 1937 769 2007 οὐχ
799 1930 900 1990 ὧδε
942 1936 1035 1989 ἐπὶ
1077 1936 1202 2006 γῆς,
1250 1937 1329 1999 εἰς
1390 1933 1597 2006 φθορὰν
1649 1933 2023 2004 καταστρέφον

439 2029 534 2081 καὶ
583 2028 877 2093 ἀπώλειαν,
933 2028 1049 2083 ἀλλ’
1098 2026 1341 2091 ἐκεῖθεν,
1387 2025 1508 2081 ὅθεν
1576 2026 1672 2080 καὶ
1724 2028 1753 2079 ὁ
1809 2025 2025 2096 πρῶτος

439 2121 741 2193 ἀπέσφηλε.
786 2122 875 2175 Διὸ
901 2120 1098 2192 χρῆναι
1124 2121 1185 2175 τὸ
1210 2119 1445 2191 καθαρὸν
1476 2114 1650 2183 αὖθις,
1677 2119 1769 2172 καὶ
1792 2117 2025 2172 Θεοείκε-

440 2220 530 2267 λον
563 2214 969 2287 ἀνακτήσασθαι
998 2218 1097 2286 τῆς
1128 2216 1186 2268 ὲν
1212 2217 1342 2287 ἡμῖν
1370 2214 1561 2285 νοερᾶς
1605 2212 1814 2277 οὐσίας,
1845 2214 1928 2282 ἐφ’
1957 2213 2022 2283 ἣν

442 2304 818 2377 προθυμητέον
841 2307 1046 2361 ἀνιέναι
1094 2306 1260 2361 παντὶ
1293 2306 1470 2359 σθένει
1511 2306 1675 2359 πᾶσιν
1716 2303 2024 2375 ἀνθρώποις

439 2390 721 2454 εὐσεϐείας
743 2392 836 2446 καὶ
863 2393 1062 2465 ἀρετῆς
1087 2393 1555 2468 ἐπιμελουμένοις.
1587 2393 1823 2447 Τοιαῦτα
1844 2394 1940 2446 καί
1956 2393 2023 2448 τά

439 2479 568 2547 περί
618 2479 908 2550 ἀνθρώπου
962 2480 1177 2549 φύσεως
1234 2482 1506 2552 Ἑϐραίοις
1544 2482 2022 2552 πεφιλοσοφημένα

439 2568 664 2634 ἀνωθεν,
699 2574 828 2643 πρὶν
852 2572 884 2644 ἢ
911 2574 1004 2627 καὶ
1034 2576 1116 2637 εἰς
1143 2573 1461 2646 ἀνθρώπους
1513 2573 1803 2644 παρελθεῖν
1828 2574 2017 2645 ’Έλλη-

436 2675 554 2724 νας·
580 2660 630 2714 οἰ
667 2662 842 2733 χθιζοί
861 2681 1008 2727 τινες
1038 2666 1131 2718 καὶ
1158 2665 1352 2736 κομιδῆ
1380 2665 1491 2718 νέοι
1525 2664 1634 2718 ἀπὸ
1678 2665 1784 2735 γῆς
1823 2663 2023 2719 ἀνακύ-

435 2752 654 2823 ψαντες,
678 2757 749 2811 τά
777 2774 839 2809 τε
870 2757 1162 2831 βαρϐάρων
1185 2758 1458 2829 ὐποσυλᾷν
1509 2757 1901 2828 διανοηθέντες,
1928 2758 2022 2810 καὶ

433 2845 545 2899 τῶν
566 2850 698 2919 παρ’
732 2846 1004 2922 Ἑϐραίοις
1055 2851 1156 2903 οὐκ
1184 2850 1505 2921 ἀπέσχοντο,
1541 2849 1616 2913 ώς
1650 2849 1853 2920 προῖὼν
1875 2852 1903 2904 ὁ
1934 2849 2023 2903 λό-

438 2952 535 3008 γος
559 2939 758 2993 αὐτίκα
793 2942 937 3012 μάλα
959 2941 1235 3009 ἐπιδείξει,
1297 2942 1436 2996 Ἀλλ’
1481 2944 1604 2996 ἐπεὶ
1657 2942 1767 2995 τῶν
1799 2942 2022 3013 ἔΕϐραῑ-

437 3032 548 3086 κῶν
571 3031 857 3104 δογμάτων
885 3032 1016 3086 ἴδιον
1048 3028 1116 3104 ἧν
1149 3033 1210 3087 τὸ
1231 3033 1327 3086 ἕνα
1364 3033 1474 3087 τῶν
1507 3035 1763 3088 ἁπάντων
1792 3033 2021 3105 ποιητὴν

434 3122 750 3194 νομίζεσθαι
791 3122 884 3175 τὸν
907 3123 1001 3176 ὲπί
1027 3123 1244 3177 πάντων
1288 3123 1442 3190 Θεὸν,
1471 3124 1642 3195 αὐτῆς
1680 3138 1739 3177 τε
1764 3123 1864 3195 τῆς
1890 3124 2022 3178 ὐπο-

434 3213 695 3285 κειμένης
719 3215 833 3277 τοῖς
857 3211 1106 3284 σώμασιν
1148 3212 1357 3276 οὐσίας,
1383 3214 1450 3285 ἢν
1477 3213 1611 3284 ὓλην
1650 3215 2023 3288 προσαγορεύ-

433 3321 582 3357 ουσιν
611 3304 885 3376 Ἕλληνες·
912 3304 1070 3359 τοῦτο
1105 3318 1132 3346 ιι
1154 3305 1210 3358 δὲ
1237 3305 1417 3378 μυρίοι
1449 3305 1739 3377 βαρϐάρων
1762 3306 1897 3377 ὁμοῦ
1927 3308 2022 3361 κα).

443 3394 713 3467 Ἑλλήνων
744 3396 1055 3462 ἐξεναντίας
1081 3395 1332 3469 ἔστησαν·
1360 3399 1409 3452 οἰ
1459 3397 1580 3468 μὲν,
1608 3397 1807 3462 κακίας
1838 3399 2022 3470 πηγὴν

432 3486 530 3556 τὴν
557 3486 687 3557 ὓλην
711 3482 851 3540 εἶναι
884 3488 1317 3559 ἀποφηνάμενοι,
1336 3488 1631 3559 ἁγέννητόν
1654 3506 1715 3542 τε
1730 3489 2019 3561 ὐπάρχεινυ

431 3580 480 3633 ri
512 3579 678 3650 δὲ,τῇ
717 3582 816 3650 μὲν
858 3580 1038 3652 οἰκείᾳ
1074 3580 1235 3649 φύσει
1257 3581 1447 3637 ἄποιον
1473 3582 1568 3635 καὶ
1591 3581 2018 3651 ἀσχημάτιστον,

431 3672 497 3741 τῇ
524 3669 731 3724 δὲΘεοῧ
746 3670 993 3742 δυνάμει,
1020 3672 1111 3725 τὸν
1135 3672 1337 3744 κόσμον
1360 3673 1551 3737 αὐταῖς
1579 3673 1828 3743 ποιότησι
1854 3689 2022 3744 προσ-

432 3759 745 3831 είληφέναι·
805 3760 1043 3814 δεικτέον
1091 3762 1168 3827 ὡς
1216 3762 1351 3816 πολύ
1385 3766 1633 3834 κρεῖττον
1679 3765 1713 3835 ὴ
1756 3762 2019 3836 Ἐϐραίων

433 3850 617 3921 ἐπέχει
640 3851 787 3916 δόξα,
851 3854 964 3923 μετ’
997 3853 1322 3919 ἀποδείξεως
1362 3853 1586 3927 λογικῆς
1629 3854 2013 3928 παρισταμένη

432 3938 511 4011 τῷ
534 3942 905 4014 προϐλήματι,
936 3945 1033 3997 καί
1057 3945 1168 3998 τῶν
1220 3946 1479 4000 ἐναντίων
1515 3946 1689 4016 λόγων
1735 3947 2016 4019 λογισμοῖς

430 4032 611 4104 ὀρθοῖς
635 4034 1118 4107 ἀποσκευαζομένη
1164 4035 1341 4106 λόγον.
1396 4038 1558 4110 Θήσω
1602 4037 1659 4091 δὲ
1687 4039 1870 4109 φωνὰς
1901 4039 2013 4092 τῶν

433 4124 540 4196 πρὸ
562 4124 719 4195 ἡμῶν
747 4125 811 4178 τὸ
840 4125 1017 4197 δόγμα
1063 4127 1525 4197 διηκριϐωκότων,
1560 4130 1653 4182 καί
1678 4129 1894 4201 πρώτου
1947 4147 2013 4201 γε

433 4211 708 4266 Διονυσίου
746 4213 879 4284 (87),
909 4214 969 4279 ὃς
1001 4217 1060 4269 ὲν
1090 4217 1168 4288 τῷ
1189 4216 1389 4288 πρώτῳ
1415 4217 1524 4271 τῶν
1558 4219 1695 4290 πρὸς
1727 4219 2014 4276 Σαϐέλλιον

435 4303 585 4374 αὐτῷ
639 4306 1103 4379 γεγυμνασμένων
1158 4308 1286 4362 τάδε
1342 4308 1471 4379 περὶ
1510 4309 1605 4363 τοῦ
1654 4311 2014 4382 προκειμένου

435 4394 654 4465 γράφει.

2123 1930 2368 1985 omnium
2405 1930 2656 1985 molitore
2722 1928 2904 1985 fuerit.
2964 1930 3187 1987 Addunt
3209 1930 3489 1986 enimvero
3534 1945 3708 1988 sacrm

2123 2021 2337 2085 litteras,
2373 2037 2645 2078 summum
2688 2022 2841 2077 illum
2871 2038 2935 2078 ac
2959 2032 3343 2095 praepotentem
3375 2038 3574 2094 regem,
3610 2022 3705 2079 ubi

2124 2111 2419 2181 principem
2446 2111 2686 2169 hominis
2714 2122 2963 2169 naturam
3018 2114 3219 2170 divinis
3254 2112 3606 2171 facultatibus
3636 2129 3704 2172 ac
3816 2190 3821 2195 ι

2122 2201 2307 2257 divina
2338 2202 2699 2257 similitudine
2737 2204 3071 2270 decorasset,
3120 2204 3169 2259 ei
3210 2219 3432 2275 quoque
3459 2214 3706 2275 postmo-

2122 2294 2252 2347 dum
2285 2294 2339 2348 in
2372 2302 2613 2349 cretuum
2642 2295 2951 2350 divinorum
2983 2296 3296 2352 societatem
3331 2298 3549 2364 allecto,
3588 2298 3705 2353 suis

2125 2383 2443 2439 muneribus
2471 2383 2741 2454 donisque
2766 2392 3156 2454 congruentem
3178 2426 3192 2452 ,
3228 2385 3283 2440 in
3326 2386 3489 2442 bonis
3527 2387 3709 2441 omni-

2122 2474 2225 2529 bus
2253 2474 2666 2530 circumfluente
2692 2475 2966 2545 paradiso,
3003 2477 3236 2546 primam
3259 2478 3382 2532 vitae
3411 2476 3595 2534 sedem
3626 2486 3709 2534 at-

2124 2564 2401 2621 tribuisse.
2435 2565 2822 2633 Athominem,
2844 2566 2938 2638 qui
2966 2568 3073 2622 vim
3105 2568 3176 2624 ab
3201 2582 3269 2623 eo
3287 2578 3490 2624 tantam
3513 2584 3706 2640 opum,

2123 2668 2382 2728 tanquam
2425 2659 2496 2713 ab
2534 2660 2745 2729 optimo
2774 2667 2998 2729 parente
3022 2698 3037 2727 ,
3068 2661 3189 2730 ipso
3216 2662 3399 2716 statim
3433 2662 3589 2718 initio
3615 2677 3708 2718 ac-

2121 2758 2363 2820 ceperat,
2410 2758 2464 2805 et
2506 2766 2607 2806 sua
2637 2760 2832 2821 sponte
2866 2751 3152 2807 divinioris
3202 2752 3349 2808 illius
3377 2754 3707 2813 conditionis

2122 2851 2270 2897 sorte
2296 2842 2572 2899 excidisse
2614 2852 2668 2898 et
2714 2844 2786 2898 ob
2819 2844 3082 2899 violatum
3123 2844 3320 2900 divina:
3363 2846 3496 2917 legis
3535 2848 3709 2918 impe-

2122 2935 2290 3002 rium,
2332 2937 2385 2990 in
2412 2937 2641 2993 mortale
2666 2937 3006 2994 domicilium
3030 2942 3381 2996 amandatum
3409 2955 3475 2996 ac
3496 2941 3706 3014 relega-

2123 3033 2239 3078 tum
2272 3024 2468 3082 fuisse.
2523 3025 2795 3093 Quocirca
2822 3043 3012 3082 verum
3044 3030 3270 3085 omnino
3292 3046 3437 3099 esse,
3463 3031 3543 3087 uti
3576 3046 3708 3101 prte-

2122 3116 2338 3184 cipuam
2389 3118 2685 3187 quamdam
2735 3118 2921 3187 pietati
2955 3133 3177 3190 operam
3229 3121 3459 3187 demus,
3491 3125 3639 3193 quod
3673 3139 3707 3180 a

2049 3184 2093 3245 C
2127 3207 2287 3262 nobis
2329 3184 2456 3264 ante
2497 3184 2780 3279 peccatum
2821 3219 2940 3278 est,
2986 3184 3324 3270 felicioribus
3362 3184 3487 3270 vita:
3509 3184 3707 3272 conse-

2123 3298 2346 3368 quentis
2371 3299 2630 3369 auspiciis
2659 3300 3046 3367 emendemus,
3078 3311 3356 3373 postremo
3389 3305 3456 3360 ad
3483 3321 3708 3377 recupe-

2125 3386 2354 3441 randam
2384 3402 2549 3458 opum
2584 3388 2713 3445 olim
2746 3401 3058 3447 nostrarum
3099 3397 3502 3463 possessionem
3555 3399 3702 3452 omni

2124 3475 2307 3532 studio
2326 3487 2380 3533 et
2399 3480 2751 3536 contentione
2774 3482 3073 3554 rapiamur.
3105 3482 3241 3540 Nam
3266 3502 3426 3542 suum
3454 3487 3706 3545 humana:

2124 3585 2335 3632 naturae
2358 3577 2544 3642 ﬁnem,
2570 3593 2677 3634 non
2701 3580 2813 3648 jam
2849 3580 2959 3644 hic,
2996 3580 3048 3635 in
3083 3583 3261 3648 terris,
3289 3583 3394 3639 hoc
3424 3593 3508 3640 est
3536 3584 3590 3639 in
3623 3585 3708 3639 in-

2124 3672 2285 3724 teritu
2317 3685 2383 3725 ac
2405 3679 2581 3726 morte
2601 3671 2863 3742 positum,
2899 3672 2994 3727 sed
3019 3687 3086 3729 eo
3105 3674 3284 3742 potius
3318 3674 3371 3729 in
3399 3682 3542 3729 statu
3576 3689 3704 3745 gn—

2120 3759 2303 3829 duque
2336 3761 2504 3815 lixum
2548 3775 2689 3826 esse,
2732 3762 2878 3816 unde
2924 3761 3140 3831 generis
3194 3762 3420 3816 humani
3454 3761 3707 3832 princeps

2118 3851 2400 3906 exciderit.
2460 3851 2537 3905 Ita
2580 3852 2893 3907 conandum
2942 3851 2995 3907 id
3033 3867 3157 3908 esse
3194 3853 3575 3923 agendumque
3601 3868 3706 3908 ro—

2118 3942 2224 4005 bis,
2275 3951 2338 3997 ut
2391 3942 2680 4012 pristinum
2743 3943 2896 3997 illum
2958 3953 3169 3999 naturae
3217 3955 3418 4007 nostrae
3470 3943 3703 4015 spiritali

2118 4034 2376 4100 nitorem,
2408 4052 2474 4091 ao
2493 4036 2695 4092 divina:
2725 4037 3106 4093 similitudinis
3153 4047 3471 4093 ornamenta
3507 4038 3700 4093 redda—

2116 4140 2281 4193 mus,
2355 4126 2602 4196 adeoque
2673 4135 3016 4184 constantcm
3078 4128 3222 4183 hanc
3283 4138 3448 4197 atque
3508 4144 3699 4200 perpe-

2117 4225 2268 4272 tuam
2323 4232 2512 4272 eorum
2566 4232 2687 4273 esse
2737 4218 2982 4272 omnium
3027 4232 3218 4273 curam
3261 4228 3549 4288 oportere,
3602 4223 3696 4289 qui

2118 4308 2304 4376 aliquo
2371 4308 2590 4377 pietatis
2661 4316 2715 4363 et
2805 4308 3024 4364 virtutis
3121 4308 3305 4364 studio
3388 4319 3695 4366 teneantur.

2120 4400 2282 4471 333
2317 4398 2443 4454 Haec
2488 4400 2652 4469 igitur
2694 4399 2785 4454 illa
2816 4409 2946 4454 sunt
2974 4414 3098 4470 qua:
3126 4400 3195 4455 de
3238 4409 3435 4457 natura
3463 4401 3701 4459 hominis

434 4494 504 4540 an
536 4488 726 4545 ultima
760 4503 906 4547 retro
938 4494 1201 4549 memoria
1251 4493 1463 4551 Hebraei
1507 4497 1815 4554 docuerunt
1838 4536 1853 4560 ,
1885 4513 2011 4554 cum
2048 4499 2259 4553 nullum
2310 4497 2489 4552 adhuc
2552 4497 2867 4552 Graecorum
2925 4513 3097 4568 genus
3149 4507 3423 4553 exstaret:
3454 4500 3549 4570 qui
3572 4514 3700 4555 eam

434 4575 551 4632 beri
589 4590 683 4636 aut
715 4584 1117 4642 nudiustertius
1148 4602 1180 4643 e
1206 4595 1353 4644 terra
1399 4602 1565 4660 caput
1597 4592 1926 4659 extulerint,
1959 4601 2016 4648 et
2051 4606 2184 4647 suas
2228 4591 2477 4647 barbaris
2531 4606 2662 4661 opes
2711 4591 2968 4648 suffurari
3023 4601 3349 4660 statuerunt,
3409 4608 3509 4649 nec
3574 4602 3703 4663 pro;

431 4669 568 4741 priis
598 4669 944 4731 Hebraeorum
994 4679 1154 4734 benis
1190 4691 1568 4750 pepercerunt,
1608 4691 1670 4737 ut
1703 4685 1864 4753 paulo
1890 4692 2019 4754 post
2044 4684 2209 4755 hujus
2235 4684 2292 4738 in
2315 4684 2703 4753 disputationis
2753 4698 3046 4756 progressu
3115 4686 3487 4742 ostendemus.
3543 4684 3704 4742 Nunc

432 4778 584 4829 vero,
615 4767 875 4834 quoniam
908 4766 1255 4825 Hebraeorum
1285 4772 1548 4829 doctrinae
1595 4774 1875 4845 proprium
1905 4776 2006 4831 hoc
2044 4774 2148 4830 fuit
2188 4775 2634 4846 praecipuumque
2676 4786 2862 4846 caput,
2921 4778 3000 4831 uti
3041 4775 3212 4834 Deum
3272 4788 3698 4849 praepotentem.

430 4866 558 4908 cum
588 4863 906 4912 exterarum
960 4862 1205 4917 omnium
1260 4880 1466 4931 rerum,
1510 4876 1625 4921 tum
1655 4867 1775 4937 ejus
1807 4867 1970 4923 etiam
1993 4909 2009 4935 ,
2048 4884 2172 4939 qua:
2196 4868 2525 4940 corporibus
2551 4870 2759 4936 subest,
2783 4881 3011 4936 naturae,
3079 4885 3355 4941 quamque
3410 4873 3697 4927 materiam

430 4942 602 5000 Graeci
645 4956 861 5013 vocant,
892 4950 1158 5009 artificem
1216 4971 1386 5011 unum
1417 4973 1483 5013 ac
1531 4959 1841 5014 molitorem
1880 4976 2002 5016 esse
2038 4969 2350 5017 statuerunt
2379 4980 2394 5016 :
2428 4961 2569 5017 idem
2601 4972 2789 5019 contra
2823 4963 3180 5019 barbarorum
3217 4963 3382 5019 simul
3436 4973 3493 5020 et
3547 4964 3700 5020 Grae-

430 5050 617 5091 corum
648 5036 856 5095 infinita
892 5042 975 5099 vis
1021 5048 1393 5117 oppugnavit:
1424 5065 1549 5105 cum
1590 5051 1682 5106 alii
1717 5060 1773 5106 et
1801 5051 2162 5121 improbitatis
2195 5054 2379 5110 omnis
2438 5053 2642 5108 fontem
2708 5069 2830 5110 esse
2885 5055 3191 5121 materiam,
3223 5064 3280 5109 et
3330 5064 3455 5111 ortu
3505 5072 3699 5115 carere

429 5126 821 5186 defenderent:
859 5133 953 5189 alii
990 5147 1183 5207 suapte
1219 5139 1439 5209 quidem
1503 5149 1699 5197 natura
1732 5144 1882 5198 omni
1930 5160 2052 5201 eam
2091 5147 2358 5217 qualitate
2389 5145 2671 5217 figuraque
2698 5145 2958 5201 nudatam
2985 5160 3129 5214 esse,
3161 5147 3329 5202 divini
3378 5156 3559 5205 tamen
3580 5148 3698 5208 Nu-

506 5257 533 5287 ι
575 5264 693 5317 τρ.,
731 5250 927 5323 τούτῳ.

455 5363 614 5449 "(87)
650 5369 991 5425 Διονυσίου.
1030 5372 1455 5452 Αιθκεηηᾶείιωιῃ
1494 5377 1748 5452 intelligit
1771 5418 1784 5441 ,
1813 5376 2009 5452 iSabel-
2042 5386 2087 5441 D
2117 5383 2202 5437 dis
2242 5383 2581 5452 episcopum.
2616 5382 2750 5438 Vide
2794 5383 3075 5438 illustriss.
3112 5384 3259 5448 card.
3305 5382 3505 5440 Baron.
3547 5397 3697 5442 anno

433 5434 572 5518 [iiia
596 5434 715 5518 quo
743 5454 1100 5518 personarum
1136 5445 1190 5495 in
1222 5442 1322 5498 SS.
1349 5444 1548 5503 Triade
1581 5434 1862 5504 distinctio
1913 5466 2008 5505 ne-
2042 5434 2077 5441 ⁷
2117 5434 3698 5518 ChristiVitia.—Eorrovgabcllius—ralteruun‘hocude—rna;

432 5504 570 5593 farie
624 5504 948 5589 tollebatur,
980 5522 1436 5593 _oppugnatorem
1495 5519 1851 5593 acerrimum.
1902 5519 2006 5586 Qui
2118 5504 2698 5593 teriaﬂsomnium'ab
2734 5504 3455 5593 'ﬁééﬁidgehe"Maecia}?
3486 5504 3696 5583 bullis

434 5582 826 5665 ιιιιιιιῌιιξιηίι)Δ
849 5582 1085 5661 quodam
1144 5582 1409 5665 suscepta:
1475 5603 1685 5665 caus:e__
1709 5590 1892 5665 studio
1926 5582 2007 5644 vin
2120 5593 2380 5647 adversus
2415 5592 2711 5647 Sabellinm
2741 5594 2904 5648 istum
2943 5582 3110 5648 libros
3144 5610 3172 5647 a
3220 5582 3476 5665 Dionysio
3506 5582 3694 5651 claim?

437 5648 771 5724 contrariam
798 5648 1121 5724 Arianorum
1155 5648 1404 5708 haeresim
1438 5658 1689 5711 nonnihil
1716 5660 2011 5714 inclinasse
2120 5673 2269 5716 ratos
2296 5676 2439 5717 esse.
2466 5680 2574 5716 non
2617 5671 2827 5716 tantum
2857 5679 3024 5717 unum
3048 5702 3062 5724 ,
3092 5674 3149 5719 ιιι
3180 5648 3484 5720 nonnemo

440 5718 769 5785 quibusdam
800 5720 1110 5795 videretur,
1128 5725 1404 5792 egregium
1454 5727 1506 5779 in
1543 5728 1733 5795 primis
1757 5729 2011 5785 defenso-

1276 5726 1404 5803 ;iuin
1454 5727 1506 5803 i_n
1543 5728 1733 5803 primis
1757 5729 2011 5785 defenso-
2118 5733 2213 5797 dit,
2250 5726 2330 5787 vel
2366 5736 2465 5788 hoc
2496 5733 2717 5789 Eusebii
2744 5734 2864 5789 loco
2895 5733 3203 5802 manifeste,
3229 5736 3593 5794 convincitur.

446 5800 559 5841 rem
587 5797 779 5844 nactus
817 5800 895 5845 est
929 5791 983 5847 Β.
1026 5790 1407 5861 Athanasium,
1435 5790 1677 5863 ejusdem
1705 5807 1887 5861 nostra
1927 5816 2010 5856 sc-
