4166 6410
489 319 595 378 563
1138 324 1411 383 EUSEBII
1449 324 1932 382 CESARIENSIS
1965 325 2118 380 OPP.
2163 323 2344 380 PARS
2381 323 2445 379 ll.
2485 350 2555 367 --
2597 323 3102 381 APOLOGETICA.
3638 325 3744 378 564

482 437 650 491 minis
708 446 975 509 potestate
1020 453 1221 494 novum
1266 450 1521 510 praeterea
1581 456 1704 495 cum
1774 439 1890 495 suis
1940 439 2294 510 qualitatibus
2344 448 2596 494 ornatum
2650 439 2891 496 induisse
2942 440 3139 494 vellent
3199 456 3212 492 :
3261 438 3744 495 demonstrandum

482 553 703 611 quoque
728 539 885 595 nobis
908 540 1031 605 erit,
1053 540 1213 609 longe
1253 540 1523 596 saniorem
1564 538 1915 593 Hebimorum
1969 538 2071 592 hoc
2108 535 2164 589 in
2198 550 2394 606 genere
2433 543 2667 589 mentem
2696 549 2760 588 ac
2816 534 3136 589 sententiain
3189 532 3381 601 fuisse,
3431 550 3553 605 qua:
3616 550 3748 603 pro-

482 636 719 708 positam
757 636 1109 704 quaastionem
1166 636 1338 706 logica
1382 636 1541 705 plane
1590 640 2055 690 demonstratione
2090 632 2374 701 disceptet,
2396 630 2668 700 justisque
2703 629 3007 684 rationibus
3064 630 3248 684 omnia
3301 628 3741 683 dissentientium

480 734 799 797 argumenta
827 728 1112 782 convellat.
1141 725 1292 782 Hanc
1315 728 1368 782 in
1398 743 1510 781 rem
1545 726 1817 797 ipsissima
1838 740 2051 789 eorum,
2090 722 2184 793 qui
2241 731 2365 777 ante
2425 737 2524 777 nos
2577 730 2829 777 accurate
2876 722 2980 776 hac
3036 721 3091 774 in
3135 720 3498 790 disputatione
3544 720 3744 776 versati

481 826 629 883 sunt,
662 819 825 874 verba
859 819 1193 890 producam,
1244 829 1406 889 atque
1440 819 1493 874 in
1527 818 1719 889 primis
1767 814 2053 886 Dionysii,
2090 812 2184 882 qui
2221 814 2275 866 in
2330 814 2507 883 primo
2558 813 2824 868 librorum
2875 828 3063 868 eorum
3091 852 3109 879 ,
3161 827 3301 882 quos
3341 814 3397 866 in
3445 812 3742 869 Sabellium

477 914 846 978 elucubravit,
891 913 1039 973 hunc
1074 914 1127 968 in
1162 918 1383 967 modum
1436 916 1500 968 de
1551 928 1611 969 re
1660 921 1773 971 tota
1806 907 2236 982 philoSOpbatur.

1058 1006 1287 1063 CAPUT
1323 1006 1464 1064 XIX.

869 1120 1158 1176 Materiam
1186 1133 1306 1175 ortu
1335 1138 1437 1176 non
1460 1137 1658 1177 carere.

552 1252 573 1287 ι
612 1234 914 1305 lmpietatis
960 1236 1126 1291 etiam
1161 1236 1290 1292 illud
1326 1244 1431 1298 est,
1467 1235 1680 1306 inquit,
1716 1232 1863 1304 quod
1892 1231 2053 1303 pleri-

476 1342 582 1396 que
612 1326 921 1389 materiam,
947 1327 1105 1397 cujus
1138 1337 1316 1382 ortum
1339 1327 1548 1382 nullum
1573 1342 1694 1381 esse
1726 1326 1926 1389 velint,
1969 1324 2054 1377 di-

474 1420 617 1473 vinae
676 1418 931 1487 potestati
1005 1419 1349 1487 digerendam
1412 1418 1827 1486 ornandamque
1878 1414 2046 1482 subji-

476 1511 646 1573 ciant,
676 1511 804 1565 dum
838 1525 956 1566 eam
983 1521 1177 1565 natura
1211 1526 1310 1565 sua
1344 1510 1636 1579 patientem
1660 1519 1823 1577 atque
1845 1515 2052 1561 tracta-

472 1603 662 1663 bilem,
694 1601 991 1671 impressas
1023 1602 1286 1656 divinitus
1318 1602 1647 1655 mutationes
1681 1598 1837 1653 facile
1868 1598 2054 1653 subire

473 1691 715 1746 tradunt.
750 1688 1039 1747 Enimvero
1060 1690 1291 1746 doceant
1316 1691 1406 1746 isti
1449 1690 1542 1761 qui
1574 1690 1687 1744 fieri
1713 1689 1969 1759 potuerit,
1996 1696 2054 1743 ut

472 1783 529 1837 in
562 1781 731 1837 Deum
762 1792 925 1853 atque
968 1783 1253 1838 materiam
1288 1781 1589 1837 similitudo
1618 1780 1824 1851 pariter
1851 1796 1915 1835 ac
1942 1782 2055 1836 dis-

473 1874 772 1931 similitudo
827 1873 1065 1930 caderet.
1115 1873 1252 1929 Nam
1295 1876 1460 1930 alium
1492 1873 1785 1944 quemdam
1820 1882 2054 1942 utroque

473 1967 829 2035 potentiorem
853 1968 1092 2038 cogitare
1126 1977 1240 2022 tum
1274 1976 1574 2038 oporteret,
1607 1967 1751 2037 quod
1780 1976 1958 2021 tamen
1985 1966 2053 2021 de

472 2058 690 2114 Becvel
729 2059 1020 2128 suspicari,
1052 2058 1227 2115 nefas.
1283 2057 1415 2114 Nam
1459 2069 1514 2113 et
1538 2060 1717 2130 ipsum
1771 2069 1897 2114 ortu
1956 2074 2052 2113 ca-

474 2164 620 2216 rere,
650 2150 796 2220 quod
827 2150 881 2204 in
912 2159 1147 2221 utroque
1181 2152 1361 2206 simile
1411 2152 1614 2206 dicitur
1635 2189 1652 2215 ,
1714 2159 1770 2205 et
1815 2150 2051 2204 alterum

472 2241 627 2306 illud,
653 2242 800 2312 quod
834 2251 1029 2312 praeter
1061 2252 1356 2313 utrumque
1412 2244 1681 2314 cogitatur
1706 2283 1722 2305 ,
1776 2243 2052 2313 quomodo

2080 1008 2133 1065 Α
2676 1002 3075 1056 ΚΕΦΑΛᾹΙΟΝ
3126 1003 3226 1056 19'.

2308 1117 2444 1187 Περὶ
2473 1118 2574 1173 τοῦ
2595 1118 2681 1188 μὴ
2719 1118 3052 1188 ἀγέννητον
3082 1116 3235 1173 εἶναι
3272 1120 3385 1188 τὴν
3410 1121 3590 1188 ὕλην.

2229 1252 2248 1285 ι
2277 1233 2401 1287 υύδ’
2437 1234 2635 1287 ἐκεῖνοι
2662 1233 2760 1304 μὲν
2784 1233 2893 1304 γὰρ
2919 1233 3078 1298 ὅσιοι,
3107 1235 3157 1287 ot
3181 1234 3280 1305 τὴν
3320 1235 3451 1305 ὓλην
3477 1235 3552 1299 ὡς
3579 1236 3745 1303 ἀγένο

2153 1344 2313 1398 νητον
2346 1327 2659 1398 ὑποχείριον
2692 1327 2772 1389 είς
2818 1325 3176 1396 διακόσμησιν
3233 1326 3465 1391 διδόντες
3493 1327 3569 1399 τῷ
3600 1327 3741 1399 Θεῷο

2154 1417 2403 1489 παθητὴν
2430 1418 2539 1488 γὰρ
2569 1416 2739 1488 αὐτὴν
2769 1414 3128 1488 καὶτρεπτὴν
3161 1419 3538 1489 ὑπάρχουσαν,
3572 1419 3744 1474 εἴκειν

2153 1514 2275 1575 ταῖς
2303 1511 2639 1581 θεοποιήτοις
2667 1509 3006 1564 ἀλλοιώσεσι.
3059 1511 3168 1564 Καὶ
3218 1510 3381 1564 πόθεν
3418 1511 3527 1581 γὰρ
3570 1510 3745 1582 ύπάρο

2158 1619 2245 1674 χει
2276 1603 2372 1656 καὶ
2405 1601 2483 1672 τῷ
2512 1601 2631 1672 Θεῷ
2656 1601 2752 1656 καὶ
2794 1604 2861 1673 τῇ
2895 1601 2994 1673 ὕλῃ
3028 1602 3089 1655 τό
3120 1619 3180 1655 τε
3214 1602 3397 1672 ὅμοιον
3447 1602 3619 1655 καὶτὸ
3648 1603 3746 1655 dv-

2153 1694 2361 1764 ὀμοιον,
2391 1694 2836 1764 διασαφήτωσαν.
2873 1693 3168 1767 Ἐκατέρου
3201 1695 3310 1766 γὰρ
3361 1695 3443 1749 δεῖ
3470 1712 3590 1748 τινα
3617 1696 3741 1746 ἐπι-

2153 1787 2342 1857 νοῆσαι
2374 1786 2675 1857 κρείττονα,
2715 1787 2745 1840 ὃ
2776 1787 2911 1859 μηδὲ
2939 1786 3157 1859 θεμιτὸν
3210 1788 3459 1858 ἐννοῆσαι
3490 1788 3617 1859 περὶ
3645 1787 3740 1841 τοῦ

2153 1876 2312 1932 Θεοῦ.
2342 1877 2415 1929 Τό
2444 1893 2505 1929 τε
2542 1878 2649 1948 γὰρ
2680 1878 2997 1951 ἀγέννητον,
3057 1879 3243 1949 ὅμοιον
3299 1882 3358 1932 ὲν
3408 1880 3742 1951 ἀμφοτέροις

2153 1964 2467 2035 λεγόμενον,
2492 1967 2587 2019 καὶ
2609 1967 2795 2038 ἕτερον
2826 1967 3118 2039 νοούμενον
3168 1971 3299 2040 παρ’
3327 1969 3608 2041 ἑκάτερον,
3639 1971 3741 2023 πό-

2155 2057 2247 2111 θεν
2272 2060 2329 2111 ὲν
2351 2060 2533 2123 αὐτοῖς
2562 2062 2820 2129 ὲγένετο;
2859 2061 2923 2114 Εἰ
2977 2062 3075 2132 μὲν
3122 2062 3232 2134 γὰρ
3283 2063 3415 2116 αὐτὸ
3448 2064 3741 2134 ἀγέννητον

2155 2152 2302 2204 ἐστιν
2327 2153 2357 2204 ὁ
2394 2152 2548 2217 Θεὸς,
2577 2154 2673 2207 καὶ
2691 2154 2847 2206 οὐσία
2878 2154 3027 2207 ἐστὶν
3055 2153 3240 2217 αὐτοῦ,
3260 2155 3335 2218 ὡς
3354 2156 3420 2209 ἂν
3447 2156 3595 2208 εἴποι
3629 2173 3735 2220 τις,

2154 2246 2188 2315 ὴ
2212 2245 2528 2317 ἁγεννησία,
2550 2246 2650 2299 ούκ
2676 2245 2742 2299 ἂν
2763 2246 3053 2318 ἀγέννητον
3076 2247 3161 2318 εἴη
3183 2249 3215 2317 ἡ
3241 2247 3360 2319 ὖληε
3386 2250 3444 2302 ού
3475 2247 3582 2319 γὰρ
3610 2250 3742 2302 ταύ-

471 2332 689 2388 tandem
717 2334 773 2388 in
806 2334 877 2390 iis
910 2336 1091 2389 locum
1121 2335 1353 2390 habuit?
1405 2335 1462 2389 Si
1491 2336 1636 2391 enim
1687 2334 1818 2389 illud
1871 2335 2043 2403 ipsum

2150 2340 2242 2391 τόν
2271 2341 2419 2393 ἐστιν
2449 2343 2483 2412 ἡ
2518 2340 2619 2413 ὕλη
2647 2343 2738 2396 καὶ
2760 2344 2789 2395 ὁ
2812 2342 2962 2405 Θεός·
2985 2342 3113 2397 εἰδὲ.
3143 2344 3401 2415 ἑκάτερον
3430 2346 3531 2414 μὲν
3564 2345 3734 2411 ἐστιν,

469 2426 615 2496 quod
644 2436 766 2481 ortu
798 2437 969 2491 caret,
1002 2428 1144 2484 Deus
1182 2438 1287 2493 est,
1319 2430 1567 2499 ipsaque,
1599 2438 1661 2483 ut
1705 2428 1777 2482 ita
1832 2427 2046 2489 dicam,

470 2527 628 2573 ortus
652 2519 889 2589 negatio,
923 2521 1106 2576 divina
1139 2522 1377 2577 essentia
1423 2531 1543 2588 est;
1597 2536 1709 2576 non
1753 2520 1869 2590 jam
1906 2520 2048 2575 idem

469 2609 683 2678 ipsum,
727 2613 873 2683 quod
934 2623 1057 2668 ortu
1134 2623 1316 2681 caret,
1371 2615 1596 2670 materia
1669 2614 1868 2679 fuerit,
1921 2629 2046 2669 cum

468 2700 614 2758 Deus
656 2714 710 2759 et
766 2705 991 2761 materia
1044 2721 1213 2761 unum
1249 2707 1501 2778 idemque
1555 2721 1664 2762 non
1700 2706 1864 2779 334
1915 2707 2045 2763 sint.

470 2793 567 2849 Sin
602 2804 782 2852 autem
813 2806 1105 2869 utrumque
1134 2800 1392 2865 dixerint,
1425 2800 1476 2854 id
1504 2800 1725 2870 quidem
1756 2816 1879 2855 esse
1922 2814 2048 2871 pro-

467 2886 585 2955 prie
604 2889 751 2957 quod
774 2897 879 2952 est,
906 2896 1191 2947 materiam
1224 2891 1473 2947 videlicet
1512 2900 1675 2962 atque
1703 2890 1874 2946 Deum
1895 2933 1912 2959 ,
1955 2908 2046 2947 or-

465 2987 555 3033 tus
585 2989 763 3035 tamen
797 2983 1137 3051 negationem
1171 2982 1437 3040 ambobus
1492 2982 1821 3038 convenire:
1864 2983 2045 3037 mani-

462 3069 599 3124 feste
629 3073 918 3141 sequitur,
981 3075 1125 3130 aliud
1176 3075 1455 3146 quidpiam
1517 3086 1713 3146 praeter
1748 3086 2046 3147 utrumque

462 3162 798 3231 ponendum.
830 3166 975 3234 quod
1005 3165 1285 3236 antiquius
1310 3182 1374 3221 ac
1406 3168 1659 3236 superius
1682 3175 1917 3239 utroque
1945 3169 2037 3224 sit.

458 3250 580 3309 Jam
615 3255 910 3324 quominus
938 3272 1033 3326 per
1061 3272 1182 3313 sese
1212 3259 1374 3314 ambo
1425 3259 1587 3316 simul
1624 3275 1749 3316 esse
1793 3260 2041 3330 possint,

461 3345 577 3399 imo
605 3348 901 3415 quominus
926 3363 956 3402 e
986 3348 1204 3405 duobus
1241 3351 1494 3419 alterum,
1524 3352 1628 3408 hoc
1659 3361 1745 3407 est
1789 3354 2040 3416 materia,

461 3448 585 3490 esse
618 3452 714 3506 per
741 3453 861 3494 sese
884 3449 1067 3509 queat,
1096 3442 1181 3496 vel
1210 3442 1328 3511 ipsa
1374 3445 1605 3501 rationis
1631 3453 1688 3500 et
1712 3446 2042 3502 conditionis

459 3530 748 3599 utriusque
778 3530 1067 3587 diversitas
1097 3548 1321 3603 prorsus
1357 3535 1638 3605 impediat.
1666 3535 1884 3607 Alioqui
1909 3553 2043 3593 cau-

459 3635 577 3674 sam
609 3622 684 3675 illi
718 3637 851 3677 sane
881 3623 1129 3687 aﬂerant,
1157 3627 1511 3696 quamobrem
1554 3644 1680 3683 eum
1721 3638 1846 3683 ortu
1879 3629 2041 3685 ambo

459 3722 705 3780 careant,
734 3715 878 3770 Deus
898 3717 1115 3788 quidem
1142 3734 1243 3774 nec
1278 3720 1388 3788 pati
1417 3720 1713 3790 quidquam
1777 3736 1880 3776 nec
1907 3737 2033 3776 mu-

457 3806 587 3873 tari,
633 3822 733 3862 nec
784 3808 987 3863 moveri
1017 3811 1224 3878 possit,
1260 3810 1512 3879 idemque
1573 3811 1739 3866 simul
1765 3813 2035 3870 efﬁciendi

455 3898 567 3952 vim
601 3898 823 3964 habeat;
858 3900 1082 3955 materia
1122 3915 1250 3955 vero
1283 3901 1555 3956 contraria
1607 3902 1801 3958 subeat
1828 3904 2035 3972 omnia,

457 3989 659 4059 quippe
691 4005 812 4059 quae
856 3993 967 4062 pati
1013 3992 1322 4062 mutarique
1369 3993 1563 4063 possit,
1592 3992 1945 4060 inconstans,
1979 4006 2036 4051 et

456 4081 742 4150 multiplici
774 4085 1189 4153 conﬁgurationi
1223 4086 1480 4141 obnoxia.
1510 4084 1630 4141 Jam
1672 4087 1767 4156 qui
1815 4089 2033 4143 tandem

455 4171 598 4227 inter
632 4188 753 4227 sese
783 4174 946 4229 ambo
972 4184 1082 4230 tam
1114 4187 1234 4247 apte
1254 4179 1667 4233 convenerunt?
1696 4177 1888 4234 Utrum
1913 4196 2035 4235 sese

455 4261 599 4317 Dens
628 4264 693 4317 ad
728 4266 966 4321 materia
995 4274 1245 4321 naturam
1298 4270 1722 4326 accommodans
1744 4312 1759 4335 ,
1801 4271 1884 4328 sic
1910 4288 2031 4328 eam

454 4356 672 4410 demum
722 4357 1058 4413 elaboravit?
1111 4361 1180 4414 At
1228 4361 1469 4431 ineptum
1529 4360 1693 4418 fuerit
1750 4365 2031 4434 cogitare,

454 4445 648 4513 Deum,
682 4448 760 4501 uti
801 4449 1051 4505 homines
1075 4452 1237 4521 vulgo
1285 4452 1480 4519 solent,
1516 4464 1612 4507 aut
1644 4469 1711 4510 ex
1737 4470 1872 4510 auro
1903 4471 2033 4511 eon-

453 4537 605 4601 ﬂare,
631 4547 725 4592 aut
762 4538 966 4608 lapides
994 4542 1081 4596 vel
1111 4543 1336 4609 caedere,
1367 4546 1452 4599 vel
1483 4545 1774 4611 collocare,
1806 4556 1901 4601 aut
1932 4562 2032 4617 pro

453 4636 775 4685 exterarum
819 4632 1019 4687 artium
1048 4634 1329 4701 varietate,
1363 4637 1563 4707 quibus
1592 4637 1811 4693 diversa
1856 4650 2031 4694 mate-

2151 2432 2290 2504 ὅπερ
2325 2434 2475 2487 ἐστὶν
2511 2436 2546 2505 ἡ
2579 2434 2679 2505 ὓλη
2724 2436 2819 2490 καὶ
2864 2438 2893 2489 ὁ
2922 2436 3075 2499 Θεὸς,
3117 2437 3379 2509 πρόσεστι
3405 2437 3462 2491 δὲ
3490 2438 3735 2508 ἀμφοτέ-

2154 2542 2268 2597 ροις
2299 2526 2360 2579 τὸ
2383 2527 2696 2599 ἀγέννητον,
2725 2528 2906 2599 δῆλον,
2931 2529 3006 2593 ὡς
3055 2529 3240 2600 ἕτερον
3275 2532 3424 2583 ἐστιν
3448 2531 3736 2603 ἐκατέρου,

2150 2617 2245 2671 καὶ
2269 2619 2596 2690 ἀμφοτέρων
2626 2621 2996 2693 πρεσϐύτερόν
3027 2638 3086 2675 τε
3129 2623 3222 2676 καὶ
3251 2622 3529 2693 ἀνωτέρω.
3578 2625 3737 2677 Ἀνα-

2148 2711 2417 2783 τρεπτικὴ
2446 2711 2504 2765 δὲ
2524 2713 2821 2777 παντελῶς,
2854 2714 2948 2767 καὶ
2997 2714 3091 2768 τοῦ
3136 2714 3309 2769 ταῦτα
3346 2716 3734 2786 συνυπάρχειν,

2152 2802 2354 2872 μᾶλλον
2373 2803 2430 2856 δὲ
2452 2804 2609 2858 τοῦτο
2633 2805 2820 2877 ἕτερον
2857 2806 3040 2860 αὐτῶν
3093 2807 3192 2877 τὴν
3232 2807 3362 2878 ὓλην
3415 2807 3500 2878 ἐφ’
3534 2808 3734 2877 ἑαυτῆς

2148 2893 2437 2964 ὑπάρχειν,
2465 2894 2560 2946 καὶ
2589 2896 2621 2965 ἡ
2656 2897 2755 2965 τῆς
2787 2896 3037 2959 ἐναντίας
3054 2895 3222 2960 ἕξεως
3248 2896 3502 2967 διαφορά.
3562 2894 3736 2948 Εἰπὰν

2147 3004 2329 3040 τωσαν
2354 2986 2463 3059 γὰρ
2489 2988 2589 3058 τὴν
2614 2988 2816 3054 αἰτίαν,
2845 2988 2911 3042 δι’
2937 2987 3003 3059 ἦν
3024 2989 3351 3061 ἀμφοτέρων
3377 2989 3546 3042 ὄντων
3573 2988 3737 3055 ἀγενο

2148 3080 2346 3150 νήτων,
2390 3080 2420 3132 ὁ
2449 3078 2549 3147 μὲν
2570 3078 2704 3144 Θεὸς
2732 3079 2972 3151 ἀπαθὴς,
3013 3080 3303 3152 ἄτρεπτος,
3337 3080 3609 3151 ἀκίνητος,
3639 3081 3734 3150 ἐρ-

2147 3172 2488 3243 γαστικὸς,ή
2523 3172 2580 3225 δὲ
2629 3171 2698 3226 τὰ
2732 3173 2971 3237 ἐναντία,
3006 3171 3247 3244 παθητὴ,
3292 3172 3524 3245 τρεπτὴ,
3563 3172 3732 3226 ἀστα-

2143 3280 2257 3327 τος,
2287 3262 2745 3334 μεταποιουμένη.
2780 3262 2892 3319 Καὶ
2924 3260 3040 3323 πῶς
3075 3261 3325 3331 ἥρμοσαν
3357 3261 3451 3314 καὶ
3481 3259 3737 3330 συνέδρα-

2146 3371 2282 3426 μον;
2324 3355 2558 3425 Πότερον
2585 3354 2727 3409 κατὰ
2756 3354 2857 3425 τὴν
2885 3356 2983 3424 τῆς
3011 3353 3143 3424 ὕλης
3202 3353 3362 3422 φύσιν
3388 3350 3737 3415 ὲξοικειώσας

2143 3446 2336 3499 ἑαυτὸν
2367 3446 2731 3517 ἐτεχνίτευσεν
2755 3446 2923 3514 αὐτὴν
2947 3446 2976 3498 ὁ
3029 3444 3198 3508 Θεός;
3273 3443 3434 3496 Ἀλλά
3483 3442 3731 3510 τοῦτόσγε

2142 3538 2366 3604 ἄτοπον,
2396 3540 2600 3609 ὁμοίως
2642 3536 2950 3608 ἀνθρώποις
3002 3538 3317 3608 χρυωχοείν
3374 3535 3467 3589 καὶ
3520 3532 3732 3604 λιθουρ-

2142 3631 2282 3698 γεῖν,
2319 3630 2412 3684 καὶ
2440 3629 2584 3685 κατά
2612 3628 2711 3691 τὰς
2732 3628 2897 3690 ἄλλας
2935 3628 3151 3698 τέχνας,
3191 3629 3320 3690 ὅσας
3348 3628 3404 3679 al
3450 3624 3572 3678 ὕλαι
3595 3642 3731 3696 μορ-

2142 3721 2498 3791 φοῦσθαικαὶ
2526 3718 2826 3775 τυποῦσθαι
2880 3719 3157 3783 δύνανται,
3207 3720 3592 3790 χειροκμητεῖν
3642 3719 3733 3768 τὶν

2140 3812 2295 3868 Θεόν.
2331 3812 2394 3865 Εἰ
2415 3811 2472 3865 δὲ
2503 3810 2623 3864 οἷαν
2646 3808 2809 3872 αὐτὸς
2834 3808 3084 3867 ἐδούλετο
3122 3808 3262 3861 κατὰ
3289 3808 3387 3878 τὴν
3414 3804 3610 3859 ἑαυτοῦ
3641 3821 3733 3857 σο-

2140 3904 2269 3973 φίαν
2328 3904 2549 3974 ἐποίησε
2595 3902 2694 3974 τὴν
2724 3901 2876 3972 ὓλην,
2929 3900 2991 3953 τὸ
3041 3899 3388 3971 πολύμορφον
3429 3897 3523 3950 καὶ
3587 3912 3740 3966 παμ-

2141 3994 2385 4049 ποίκιλον
2408 3997 2507 4064 τῆς
2527 3992 2888 4065 δημιουργίας
2936 3991 3132 4045 ἑαυτοῦ
3190 3994 3377 4061 σχῆμα
3425 3989 3522 4043 καὶ
3562 3988 3732 4042 τύπον

2140 4083 2645 4156 ὲνσφραγιζόμενος
2699 4084 2855 4153 αὐτῇ,
2890 4083 2987 4135 καὶ
3012 4080 3259 4153 εὔφημος
3287 4081 3382 4139 καὶ
3408 4078 3614 4150 ἀληθὴς
3640 4072 3731 4132 οἶο-

2138 4192 2231 4238 τος
2251 4178 2280 4228 ὁ
2302 4175 2477 4242 λόγος,
2510 4175 2605 4227 καὶ
2636 4174 2860 4246 προσέτι
2885 4174 2979 4228 καὶ
2996 4173 3093 4244 τὴν
3129 4174 3425 4233 ὑπόστασιν
3457 4172 3563 4225 τῶν
3597 4171 3735 4224 ὅλων

2139 4268 2231 4321 τὸν
2253 4266 2388 4319 Θεὸν
2422 4265 2720 4335 ἀγέννητον
2781 4260 2921 4319 εἶναι
2966 4265 3247 4337 κρατύνει.
3304 4263 3395 4335 Τῷ
3450 4263 3560 4333 γὰρ
3593 4259 3733 4315 εἶναι

2140 4359 2460 4430 ἀγέννητον,
2503 4358 2620 4426 ἅμα
2644 4357 2739 4410 καὶ
2781 4359 2948 4422 τόπος
2968 4356 3106 4412 εἶναι
3133 4358 3401 4429 προσῆψε.
3435 4357 3607 4420 Πολὺς
3631 4355 3733 4426 μὲν

2138 4446 2234 4507 οὖν
2263 4451 2358 4503 καὶ
2390 4450 2530 4521 πρὸς
2560 4450 2782 4513 τούτους
2814 4452 2842 4503 ὁ
2867 4449 3046 4518 λόγος,
3078 4449 3192 4505 ἀλλ’
3224 4450 3285 4501 ού
3308 4447 3403 4502 νῦν
3437 4449 3567 4517 ἡμῖν
3594 4446 3732 4515 πρὸι

2140 4561 2338 4601 κειται.
2377 4543 2671 4615 Συγκρίσει
2722 4542 2778 4595 δὲ
2821 4545 2888 4611 τῇ
2921 4542 3060 4614 πρὸς
3108 4544 3235 4605 τοὺς
3266 4539 3606 4600 ἀθεωτάτους
3632 4553 3731 4590 πο-

2140 4637 2361 4702 λυθέους
2384 4637 2750 4707 εύφημότεροι
2772 4630 2937 4690 οὗτοι.
2970 4655 2989 4687 ι
3018 4635 3201 4691 Ταῦτα
3233 4636 3331 4706 μὲν
3370 4631 3463 4687 οὖν
3495 4632 3591 4685 καὶ
3620 4630 3732 4683 ἀπὸ

450 4720 547 4778 rite
595 4738 794 4792 genera
852 4725 1074 4795 ﬁgurari
1109 4726 1556 4799 conformarique
1597 4739 1860 4799 possunt,
1896 4746 2034 4801 opus

2147 4732 2248 4790 τῶν
2275 4732 2574 4786 Διονυσίου.
2612 4733 2721 4784 Καὶ
2749 4731 2859 4787 τῶν
2909 4731 3216 4802 Ὠριγένους
3241 4730 3298 4783 δὲ
3325 4729 3508 4783 ἄκουε.

450 4818 814 4889 quodcunque
879 4821 1083 4876 moliri.
1146 4820 1242 4878 Sin
1297 4826 1613 4893 materiam,
1663 4835 1827 4897 prout
1874 4827 1992 4897 ipse
2035 4830 2239 4896 voluit,
2283 4829 2513 4899 ejusque
2557 4828 2822 4897 sapientia
2855 4827 3187 4897 postulabat,
3222 4827 3445 4882 ﬁnxisse
3497 4824 3731 4893 dicetur,

448 4923 681 4981 eamque
708 4915 876 4971 variis
921 4931 986 4971 ac
1011 4917 1409 4989 multiplicibus
1452 4921 1588 4976 artis
1649 4922 2055 4992 molitionisque
2092 4939 2206 4979 sua:
2255 4921 2452 4977 formis
2477 4922 2852 4992 consignasse,
2877 4921 3013 4975 bene
3036 4920 3279 4974 ominata
3327 4926 3476 4972 certe
3507 4918 3729 4986 quidem

446 5007 835 5077 veraque-th
884 5009 1062 5064 oratio
1121 5010 1315 5077 fuerit,
1369 5023 1533 5083 atque
1579 5013 1849 5077 ejusmodi
1878 5056 1892 5080 ,
1947 5031 2071 5085 qua:
2107 5023 2365 5085 praeterea
2424 5012 2630 5078 Deum,
2679 5014 2772 5085 qui
2820 5013 2989 5069 totius
3049 5011 3292 5067 universi
3329 5011 3439 5065 vita
3481 5012 3731 5080 quaedam

447 5109 502 5153 et
528 5098 942 5157 fundamentum
990 5111 1109 5167 est,
1164 5114 1319 5159 ortus
1369 5107 1552 5161 omnis
1597 5116 1874 5177 expertem
1908 5122 2030 5164 esse
2063 5108 2371 5163 conﬁrmet.
2407 5106 2542 5161 Nam
2563 5121 2690 5161 cum
2750 5107 2842 5161 illa
2885 5115 3040 5161 ortus
3093 5105 3402 5176 negatione,
3450 5105 3730 5175 propriam

448 5197 673 5268 insuper
725 5200 991 5255 existendi
1040 5201 1306 5255 rationem
1371 5202 1675 5273 conjungit.
1723 5202 1991 5258 Caeterum
2032 5204 2205 5258 multa
2245 5203 2464 5273 quidem
2508 5202 2771 5258 adversus
2806 5202 2860 5256 id
2886 5202 3172 5257 hominum
3229 5217 3400 5273 genus
3445 5201 3551 5256 dici
3612 5214 3736 5263 pos-

447 5304 593 5361 sent,
622 5312 811 5352 verum
861 5297 1087 5353 alterius
1135 5298 1237 5353 luci
1273 5298 1387 5354 haec
1415 5301 1713 5370 disputatio
1756 5301 1939 5356 fuerit.
1971 5300 2029 5355 Si
2070 5310 2247 5355 tamen
2277 5299 2363 5355 isti
2398 5315 2522 5356 cum
2546 5298 2956 5354 scelestissimis
2985 5307 3062 5352 tot
3109 5299 3335 5353 deorum
3386 5297 3734 5352 fabricatori-

447 5390 553 5452 bus
577 5391 951 5461 conferantur,
983 5397 1167 5457 minus
1196 5396 1359 5465 impie
1388 5398 1537 5469 loqui
1567 5399 1957 5455 censebuntur.
2003 5418 2022 5452 ι
2067 5396 2343 5453 Hactenus
2376 5395 2688 5468 Dionysius.
2720 5394 2898 5451 Verba
2944 5411 3092 5450 nunc
3128 5394 3382 5465 Origenis
3409 5394 3616 5464 accipe.

1042 5511 1274 5570 CAPUT
1313 5514 1433 5570 XX.

2683 5513 3080 5567 ΚΕΦΑΛΛΙΟΝ
3113 5512 3197 5566 κ’.

481 5601 562 5665 De
592 5603 791 5670 eodem,
821 5620 886 5659 ea:
924 5606 1168 5677 Origent':
1216 5609 1270 5665 in
1308 5608 1527 5665 δεηθείη
1563 5611 1993 5671 Commentariis.

2147 5607 2274 5675 Περὶ
2332 5606 2439 5663 τοῦ
2505 5604 2692 5662 αὐτοῦ
2929 5604 3047 5657 τῶν
3096 5602 3426 5672 Ὠριγένους
3474 5602 3561 5668 είς
3618 5601 3734 5668 τὴν

2833 5694 3057 5728 ενεση·.

2833 5694 3057 5730 ενεση·.

526 5775 547 5821 ι
583 5755 641 5825 Si
667 5760 958 5842 quispiam,
997 5762 1210 5843 inquit,
1264 5765 1413 5823 eoin
1466 5783 1649 5825 errore
1684 5771 2021 5838 versabitur,

2210 5789 2228 5822 ι
2271 5770 2334 5825 Εἰ
2380 5770 2439 5827 δέ
2495 5786 2601 5824 τινι
2638 5765 2972 5839 προσκόπτει
3033 5764 3122 5818 διὰ
3174 5766 3300 5828 τοὺς
3356 5761 3730 5834 ἀνθρωπίνους

2098 6374 2289 6385 -——~——_—..
