4166 6444
449 337 555 396 565

1615 331 1938 389 PREPAR.
1981 330 2237 388 EVANG.
2275 329 2403 386 LIB.
2442 330 2560 387 Vll.

3608 330 3715 388 566

443 453 692 526 τεχνίτας
727 450 1086 523 μὴδύνασθαι
1130 450 1538 523 παραδέξασθαι
1584 451 1681 505 τὸν
1704 452 1836 506 Θεὸν
1862 452 2028 526 χωρὶς

2138 458 2193 505 ut
2222 449 2290 505 de
2346 450 2617 506 artiﬁcum
2643 454 2956 503 nostrorum
2990 460 3145 501 more
3171 445 3437 516 cogitans,
3473 445 3713 503 dandum

446 545 579 616 ὕλης
596 544 890 614 ἀγεννήτου
921 541 1288 612 ὑποκειμένης
1332 540 1762 605 κατασκευάζειν
1788 541 1855 595 τὰ
1881 542 2031 605 ὅντα,

445 636 568 690 ἐπεὶ
623 635 758 707 μηδὲ
804 634 1239 705 ἀνδριαντοποιὸς
1296 633 1464 706 χωρὶς
1520 632 1719 702 χαλκοῦ
1776 632 1838 685 τὸ
1906 633 2034 687 ἴδιον

446 724 606 797 ἔργον
658 727 881 794 ποιῆσαι
931 722 1176 787 δύναται,
1237 723 1373 794 μηδὲ
1444 722 1651 776 τέκτων
1704 723 1872 794 χωρὶς
1945 721 2035 788 ξύ-

445 816 574 880 λων,
622 815 756 887 μηδὲ
801 814 1079 885 οἰκοδόμος
1131 816 1300 886 χωρὶς
1339 813 1535 868 λίθων*
1591 816 1851 887 ζητητέον
1899 814 2034 887 πρὸς

446 907 612 963 αὑτοῦ
687 907 816 980 περὶ
884 907 1168 977 δυνάμεως
1226 906 1399 975 Θεοῦ,
1471 910 1542 971 εί,
1596 907 1827 979 θελήσας
1904 910 2036 962 ὑπο-

448 1002 640 1073 στῆσαι
678 998 1120 1070 ὅτιβούλεταιὸ
1178 999 1329 1065 Θεὸς,
1382 1002 1482 1071 τῆς
1539 999 1809 1072 θελήσεως
1867 1000 2032 1055 αὑτοῦ

446 1093 547 1147 οὑκ
621 1092 1003 1162 ἀπορουμένης
1068 1091 1191 1144 οὑδὲ
1243 1091 1576 1164 ἀτονούσης,
1634 1092 1858 1146 δύναται
1910 1095 2037 1147 ὑπο-

450 1187 643 1255 στῆσαι
676 1183 704 1236 ὃ
733 1182 1000 1255 βούλεται.
1031 1177 1103 1255 ’ᾫ
1129 1182 1236 1255 γάρ
1257 1184 1400 1255 λόγῳ
1425 1184 1523 1247 τάς
1549 1185 1839 1257 ποιότητας
1870 1186 2034 1257 (κατά

449 1276 655 1340 πάντας
688 1276 813 1339 τοὺς
832 1276 1098 1347 Πρόνοιαν
1126 1276 1443 1344 εἰσάγοντας
1465 1275 1542 1347 τῷ
1565 1277 1678 1347 ἰδίῳ
1706 1276 1895 1348 λόγῳ,)
1932 1279 2034 1330 οὑκ

447 1365 634 1431 οὑσας,
667 1366 744 1429 ὡς
778 1364 1047 1435 βούλεται,
1080 1368 1159 1430 είς
1187 1366 1545 1439 διακόσμησιν
1568 1367 1663 1421 τοῦ
1693 1369 1894 1432 παντὸς
1939 1370 2035 1438 ὑφ-

448 1458 630 1530 ίστησι
670 1462 734 1531 τῇ
763 1458 954 1529 ἀφάτῳ
976 1458 1142 1513 αὑτοῦ
1178 1459 1401 1531 δυνάμει
1426 1462 1521 1515 καὶ
1544 1460 1725 1533 σοφίᾳ,
1757 1461 1930 1532 τούτῳ
1954 1461 2033 1532 τῷ

445 1551 608 1623 λόγῳ,
638 1552 733 1605 καὶ
758 1550 857 1622 τὴν
884 1551 1071 1605 οὑσίαν
1090 1551 1222 1623 ὅσης
1253 1551 1465 1624 χρῄζει,
1498 1554 1656 1624 ἱκανή
1689 1554 1837 1606 ἐστιν
1866 1554 2031 1608 αὑτοῦ

448 1641 482 1709 ἡ
513 1638 765 1709 βούλησις
795 1641 1017 1709 ποιῆσαι
1040 1639 1312 1707 γενέσθαι.
1361 1641 1739 1713 Ἀπορήσομεν
1763 1643 1874 1715 (88)
1925 1644 2033 1716 γὰρ

447 1730 586 1803 πρὸς
602 1733 731 1794 τοὺς
760 1729 820 1783 οὑ
853 1728 1209 1801 βουλομένους
1236 1731 1391 1786 ταῦθ’
1434 1732 1608 1798 οὑτως
1638 1734 1804 1806 ἔχειν,
1857 1737 1906 1789 εί
1956 1736 2031 1809 μὴ

448 1819 732 1875 ἀκολουθεί
754 1820 938 1883 αὑτοῖς
987 1821 1347 1894 εὑτυχηκέναι
1390 1822 1482 1877 τὸν
1525 1822 1677 1889 Θεὸν,
1737 1808 2033 1896 ἀγέννητον
2066 1808 2106 1863 Β

448 1914 678 1987 εὑρόντα
700 1914 799 1985 τὴν
845 1914 1053 1977 οὑσίαν,
1090 1914 1176 1983 ἢν,
1210 1916 1258 1967 εί
1301 1914 1374 1986 μὴ
1428 1915 1490 1969 τὸ
1551 1917 1845 1990 ἀγέννητον
1888 1917 2036 1989 αὑτῷ

450 2005 822 2078 ὑποϐεϐληκὸς
848 2001 937 2077 ἦν,
1000 2006 1155 2059 οὐδὲν
1201 2006 1361 2078 ἔργον
1414 2007 1636 2073 δυνατὸς
1687 2010 1754 2083 ἦν
1791 2013 2033 2082 ποιῆσαι,

449 2098 563 2152 ἀλλ’
594 2098 786 2169 ἔμενεν
808 2098 868 2152 οὑ
891 2098 1245 2172 δημιουργὸς,
1274 2101 1334 2154 οὑ
1353 2100 1563 2173 Πατὴρ,
1587 2102 1688 2155 οὑκ
1718 2103 2033 2175 εὐεργέτης,

448 2191 550 2246 οὑκ
577 2192 800 2260 ἀγαθὸς,
830 2192 928 2246 οὑκ
948 2192 1075 2246 ἄλλο
1104 2211 1159 2246 τι
1184 2193 1292 2246 τῶν
1319 2193 1554 2263 εὐλόγως
1578 2195 1883 2266 λεγομένων
1906 2197 2037 2268 περὶ

449 2283 604 2337 Θεοῦ.
629 2284 798 2338 Πόθεν
824 2285 881 2337 δὲ
914 2286 1006 2339 καὶ
1037 2286 1098 2340 τὸ
1149 2290 1368 2359 μετρεῖν
1409 2290 1510 2359 τῆς
1555 2288 1920 2360 ὑποκειμένης
1944 2289 2038 2343 οὑ-

453 2375 575 2439 σίας
602 2375 664 2428 τὸ
695 2376 929 2441 τοσόνδε,
963 2377 1038 2441 ὠς
1057 2378 1343 2449 διαρκέσαι
1383 2382 1449 2450 τῇ
1482 2379 1801 2449 τηλικούτου
1826 2381 2034 2451 κόσμου

452 2465 780 2530 ὑποστάσεις
805 2467 980 2521 Οίονεὶ¹
1002 2468 1109 2539 γὰρ
1136 2468 1372 2540 Πρόνοιά
1407 2487 1493 2533 τις
1523 2470 1868 2541 πρεσϐυτέρα
1899 2470 2035 2525 Θεοῦ

453 2556 764 2625 ἀναγκαίως
790 2558 889 2628 τὴν
952 2556 1084 2629 ὓλην
1145 2557 1298 2611 ἔσται
1340 2559 1745 2632 ὑποϐεϐληκυω.
1769 2560 1849 2632 τῷ
1892 2560 2033 2632 Θεῷ,

452 2647 821 2719 προνοουμένη
847 2648 947 2720 τὴν
971 2649 1166 2721 τέχνην
1197 2649 1295 2721 τὴν
1323 2651 1736 2724 ἐνυπάρχουσαν
1769 2651 1918 2723 αὑτῷ
1960 2651 2035 2724 μὴ

452 2741 843 2813 κενοπαθῆσαι,
868 2743 970 2797 οὑκ
998 2742 1164 2815 οὑσης
1187 2745 1393 2810 οὐσίας,
1448 2738 1483 2818 ᾖ
1520 2745 1779 2817 ὁμιλῆσαι
1806 2745 2037 2816 δυνάμε-

452 2848 541 2896 νος
566 2833 947 2905 κατεκόσμησε
997 2834 1059 2887 τὸ
1090 2835 1409 2906 τηλικοῦτον
1441 2836 1647 2908 κόσμου
1699 2836 1914 2902 κάλλος.
1939 2838 2037 2891 Πό-

452 2921 544 2975 θεν
570 2922 629 2975 δὲ
661 2925 756 2977 καὶ
779 2924 1001 2996 δεκτικὴ
1049 2926 1338 2996 γεγένηται
1378 2926 1560 2999 πάσης
1600 2923 1668 3000 ἦς
1731 2926 1978 2996 βούλεται
2009 2932 2038 2983 ὁ

452 3013 585 3078 Θεὸς
625 3015 929 3088 ποιότητος,
966 3017 1041 3088 μὴ
1066 3018 1230 3071 αὑτοῦ
1255 3019 1349 3072 τοῦ
1377 3019 1512 3073 Θεοῦ
1541 3020 1720 3091 ἑαυτῷ
1767 3019 2035 3092 τοσαύτην

453 3108 547 3161 καὶ
601 3108 856 3179 τοιαύτην
910 3110 1253 3180 ποιήσαντος,
1309 3112 1500 3166 ὁποίαν
1550 3112 1692 3184 ἔχειν
1747 3114 2033 3181 ἐϐούλετο;
2064 3150 2106 3184 ,π

453 3198 590 3253 Καθ’
620 3199 876 3253 ὑπόθεσιν
907 3200 1040 3269 γοῦν
1061 3201 1452 3273 ἀποδεξάμενοι
1494 3203 1556 3257 τὸ
1582 3203 1876 3275 ἀγέννητον
1898 3201 2036 3259 εἶναι

451 3289 550 3361 τὴν
578 3289 731 3362 ὓλην,
752 3291 925 3345 ταῦτα
959 3292 1192 3364 ἐροῦμεν
1223 3294 1361 3365 πρὸς
1411 3294 1537 3358 τοὺς
1578 3294 1738 3348 τοῦτο
1782 3295 2037 3367 βουλομέ-

453 3400 597 3447 νους·
624 3383 725 3447 ὅτι,
757 3385 827 3447 εί,
861 3384 1125 3455 Προνοίας
1155 3386 1254 3456 οὑχ
1283 3386 1689 3459 ὑποϐαλλούσης
1716 3386 1814 3459 τὴν
1851 3388 2037 3442 οὐσίαν

451 3472 532 3543 τῷ
548 3471 926 3544 Θεῷ,τοιαύτη
950 3475 1262 3546 γεγένηται,
1290 3477 1338 3528 εί
1365 3476 1596 3546 Πρόνοια
1618 3472 1687 3547 ἦν
1715 3475 2001 3545 ὑφεστῶσα
2019 3516 2034 3540 ,

453 3564 505 3618 τί
534 3567 600 3618 ἂν
629 3565 792 3637 πλέον
815 3569 1108 3637 πεποιήκει
1136 3567 1230 3621 τοῦ
1277 3569 1618 3639 αὑτομάτου;
1646 3569 1757 3623 Καὶ
1777 3571 1826 3623 εί
1851 3569 2033 3634 αὐτὸς,

457 3657 532 3727 μὴ
559 3656 726 3728 οὑσης
752 3657 904 3729 ὑλης,
931 3659 1180 3714 ἐϐούλετο
1224 3663 1634 3717 κατασκευάσαι
1670 3662 1860 3734 αὐτὴν,
1883 3663 1937 3716 τί
1972 3663 2038 3717 ἂν

455 3748 669 3819 πλέονὴ
697 3749 879 3818 σοφία,
935 3750 1028 3804 καὶ
1060 3751 1094 3820 ἡ
1129 3749 1343 3822 θειότης
1394 3751 1559 3805 αὑτοῦ
1592 3753 1902 3824 πεποιήκει,
1940 3751 2035 3805 τοῦ

454 3840 512 3908 ἐξ
543 3842 836 3911 ἀγεννήτου
876 3843 1241 3910 ὑποστάντος;
1277 3844 1338 3895 Εί
1365 3844 1473 3913 γὰρ
1498 3845 1809 3916 εὑρίσκεται
1840 3843 2037 3899 ταύτὸν

452 3936 744 4007 γενόμενον
772 3938 839 3990 ἂν
868 3937 973 3992 ὑπὸ
997 3936 1099 4007 τῆς
1116 3936 1402 4003 Προνοίας,
1435 3936 1571 4007 ὅπερ
1592 3936 1686 3989 καὶ
1714 3937 1885 4008 χωρὶς
1903 3954 2037 4007 προ-

453 4026 603 4092 νοίας
628 4029 860 4100 ὑπέστη.
891 4030 978 4083 διὰ
1004 4028 1054 4081 τί
1080 4028 1203 4099 οὐχὶ
1231 4028 1327 4081 καὶ
1347 4027 1443 4081 ἐπὶ
1473 4026 1567 4081 τοῦ
1606 4028 1813 4098 κόσμου
1840 4028 2037 4100 ἀθετή-

456 4136 620 4191 σομεν
648 4121 741 4174 τὸν
769 4120 1099 4192 δημιουργὸν
1129 4121 1224 4173 καὶ
1260 4120 1352 4174 τὸν
1378 4120 1624 4190 τεχνίτην
1648 4135 1663 4185 ;
1689 4119 1899 4191 Ὠσπερ
1928 4119 2037 4193 γὰρ

453 4213 651 4267 ἄτοπον
679 4212 772 4266 ἐπὶ
814 4213 908 4265 τοῦ
956 4212 1162 4283 κόσμου
1210 4213 1383 4265 εἰπεῖν
1408 4210 1551 4265 οὑτω
1588 4210 1852 4282 τεχνικῶς
1901 4227 2037 4266 κατ-

455 4304 858 4375 εσκευασμένου
887 4303 947 4358 τὸ
972 4304 1146 4376 χωρὶς
1171 4304 1415 4374 τεχνίτου
1441 4302 1605 4372 σοφοῦ
1624 4304 1713 4356 τὸν
1731 4301 2038 4357 αὑτοτοιοῦ-

454 4411 544 4449 τον
560 4395 863 4464 γεγονέναι,
887 4393 1031 4447 οὑτω
1065 4394 1159 4447 καὶ
1206 4393 1269 4447 τὸ
1307 4394 1405 4465 τὴν
1450 4392 1583 4464 ὑλην
1621 4392 1891 4462 τοσαύτην
1944 4394 2039 4446 καὶ

2134 558 2256 598 esse
2289 553 2466 614 neget,
2502 542 2671 597 Deum
2703 556 2787 596 res
2818 541 3102 596 universas
3128 540 3308 595 moliri
3356 556 3550 610 posse,
3605 542 3712 596 nisi

2136 637 2420 691 materiam
2461 634 2753 706 quamdam
2808 642 2931 688 ortu
2980 642 3254 689 carentem
3309 649 3418 703 pra!
3459 634 3717 690 manibus

2135 726 2410 793 habuerit,
2435 741 2560 780 cum
2616 739 2792 794 neque
2834 723 3132 779 statuarius
3181 723 3387 792 absque
3422 739 3569 785 aere,
3614 737 3716 778 nec

2135 816 2287 871 faber
2321 817 2587 887 liguarius
2615 816 2735 870 sine
2772 813 2955 884 lignis,
2986 828 3086 868 nec
3121 813 3451 868 architectus
3482 814 3600 868 sine
3633 814 3712 869 la-

2134 909 2376 979 pidibus,
2401 908 2563 980 335
2606 914 2917 975 susceptum
2978 922 3116 977 opus
3165 905 3448 961 elaborare
3490 907 3712 975 possit:

2134 1001 2201 1055 de
2226 1008 2492 1070 potestate
2519 998 2610 1052 Dei
2636 997 2986 1067 quaerendum
3018 1010 3084 1050 ex
3110 994 3202 1049 illo
3233 1002 3337 1056 est,
3362 1003 3544 1048 utrum
3576 992 3715 1049 Deus

2136 1092 2228 1147 ubi
2272 1089 2538 1161 quidquid
2574 1089 2674 1160 ipsi
2702 1088 3003 1159 placuerit,
3036 1086 3211 1141 moliri
3247 1086 3533 1149 statuerit,
3565 1086 3715 1139 nulla

2133 1180 2445 1237 dillieultate
2476 1181 2583 1235 vim
2608 1180 2727 1250 ejus
2756 1177 3052 1233 voluntatis
3094 1177 3401 1242 inhibente,
3447 1177 3594 1247 quod
3635 1176 3716 1229 vi-

2133 1288 2253 1328 sum
2288 1272 2389 1327 sibi
2415 1270 2595 1336 fuerit,
2630 1270 2886 1340 perﬁcere
2929 1268 3121 1339 possit.
3159 1266 3278 1333 Qua
3326 1268 3471 1322 Enim
3507 1268 3717 1322 ratione

2132 1367 2424 1434 qualitates
2457 1366 2579 1420 illas
2606 1363 2683 1434 (id
2715 1363 2861 1433 quod
2883 1378 2948 1417 ex
2979 1378 3169 1417 eorum
3196 1361 3441 1417 omnium
3464 1361 3556 1431 qui
3582 1360 3718 1415 Pro—

2134 1458 2429 1513 videntiam
2469 1472 2592 1513 esse
2637 1454 2974 1521 defendunt,
3028 1454 3282 1509 oratione
3334 1454 3717 1523 sententiaque

2132 1551 2483 1619 conjunctum
2523 1547 2626 1618 est)
2663 1562 2786 1618 quae
2818 1546 3107 1602 nullasdum
3166 1555 3341 1611 erant,
3376 1546 3442 1601 ad
3477 1545 3719 1601 universi

2132 1651 2410 1707 ornatum,
2439 1656 2539 1710 pro
2568 1639 2775 1694 inﬁnita
2802 1647 3072 1710 potestate
3104 1639 3481 1709 sapientiaque
3514 1637 3719 1709 produ-

2133 1733 2239 1789 cit:
2273 1734 2465 1789 eadem
2510 1733 2775 1800 omnino,
2825 1739 3078 1787 naturam
3114 1732 3451 1802 quamlibet,
3515 1730 3563 1786 si
3607 1744 3716 1800 qua

2135 1822 2276 1880 forte
2310 1824 2588 1895 indigeat,
2641 1837 2931 1893 procreare
2980 1823 3241 1879 continuo
3295 1823 3548 1879 voluntas
3596 1822 3717 1893 ejus

2138 1932 2233 1987 per
2267 1932 2387 1974 sese
2415 1917 2633 1987 poterit.
2657 1915 2792 1970 Nam
2829 1931 3138 1987 quaeremus
3168 1930 3235 1970 ex
3262 1916 3330 1970 iis
3353 1917 3588 1992 qui‘rem
3615 1916 3720 1971 hoc

2138 2009 2301 2065 modo
2324 2024 2382 2064 se
2411 2009 2609 2063 habere
2637 2008 2975 2080 negaverint,
3005 2008 3268 2077 numquid
3290 2022 3353 2061 ex
3381 2022 3570 2063 eorum
3601 2010 3718 2077 opi-

2140 2102 2304 2157 nione
2332 2116 2678 2171 consequens
2731 2102 2821 2167 sit,
2864 2100 3004 2156 belle
3033 2101 3329 2156 admodum
3360 2100 3412 2155 id
3441 2116 3506 2155 ac
3538 2099 3716 2156 fortu-

2139 2206 2266 2251 nate
2291 2195 2403 2251 Deo
2435 2195 2689 2254 cessisse.
2714 2196 2858 2267 quod
2889 2196 2944 2250 in
2984 2203 3237 2250 naturam
3269 2195 3415 2248 illam
3448 2203 3601 2249 ortus
3622 2210 3719 2248 ex-

2136 2295 2345 2357 pertem
2374 2285 2645 2353 inciderit,
2674 2303 2837 2357 quam
2880 2287 2986 2344 nisi
3023 2303 3090 2342 eo
3120 2287 3260 2357 ipso,
3292 2285 3438 2356 quod
3467 2294 3590 2340 ortu
3622 2300 3719 2340 ca-

2138 2389 2302 2445 reret,
2327 2388 2522 2436 nactus
2544 2390 2711 2446 esset,
2736 2380 2871 2435 nihil
2907 2395 3149 2450 unquam
3173 2379 3384 2436 ellicere
3430 2379 3717 2449 potuisset,

2137 2471 2382 2543 adeoque
2411 2481 2666 2541 perpetuo
2689 2512 2704 2537 ,
2762 2472 3034 2528 molitoris
3058 2510 3076 2537 ,
3123 2471 3364 2543 parentis
3390 2512 3406 2538 ,
3465 2470 3717 2541 benigni,

2136 2563 2265 2619 boni
2286 2604 2302 2628 ,
2346 2578 2413 2619 ac
2439 2564 2654 2620 caeteris
2682 2564 2961 2629 omnibus,
2989 2579 3112 2635 quze
3156 2578 3354 2635 magna
3389 2578 3513 2618 eum
3547 2563 3715 2616 ratio-

2138 2673 2207 2714 ne
2224 2659 2337 2714 Deo
2366 2658 2701 2723 tribuuntur,
2732 2659 3049 2716 nominibus
3063 2659 3352 2729 Spoliatus,
3370 2657 3715 2727 perstitisset.

2140 2746 2344 2804 Deinde
2371 2748 2467 2819 qui
2504 2748 2621 2803 ﬁeri
2649 2747 2860 2817 potuit,
2889 2755 2953 2802 ut
2980 2747 3089 2800 vim
3120 2745 3359 2800 materiae
3381 2752 3609 2807 tantam,
3637 2744 3720 2798 sic

2138 2848 2396 2910 tanquam
2444 2841 2512 2895 ad
2550 2840 2764 2910 pondus
2811 2850 3064 2895 accurate
3094 2838 3344 2907 justeque
3372 2836 3440 2891 ad
3468 2850 3717 2891 mensam

2139 2933 2427 2996 invenerit,
2464 2949 2587 3004 quae
2611 2932 2679 2988 ad
2711 2932 2877 3003 hujus
2908 2931 3126 3002 proprie
3153 2944 3262 2985 non
3295 2928 3522 2998 majoris
3546 2929 3720 2983 mino-

2138 3025 2285 3081 risve
2328 3025 2520 3079 mundi
2574 3023 2912 3079 molitionem
2977 3022 3112 3078 satis
3167 3021 3348 3076 esset?
3411 3019 3717 3075 lnvehenda

2140 3114 2341 3184 quippe
2371 3114 2556 3170 nescio
2596 3129 2754 3183 quae,
2800 3112 2911 3168 Deo
2965 3121 3144 3168 tamen
3180 3110 3456 3181 antiquior
3479 3150 3495 3175 ,
3530 3108 3721 3164 Provi-

2138 3206 2317 3260 dentia
2350 3206 2662 3261 necessario
2686 3203 2869 3269 fuerit,
2897 3220 3022 3274 qua:
3050 3203 3336 3260 materiam
3373 3202 3424 3257 ei
3471 3201 3720 3271 subiece-

2137 3296 2231 3363 rit,
2262 3297 2391 3351 dum
2440 3296 2493 3351 id
2537 3311 2601 3351 ea
2630 3295 2941 3366 provideret
2968 3294 3022 3349 in
3069 3302 3370 3364 posterum,
3397 3306 3465 3348 ne
3497 3306 3636 3362 quas
3662 3290 3717 3344 in

2138 3402 2259 3444 sese
2292 3388 2434 3443 Deus
2463 3388 2684 3443 haberet
2712 3388 2850 3443 artis
2879 3403 2992 3443 suae
3020 3386 3271 3442 notiones
3294 3427 3311 3452 ,
3359 3383 3529 3439 irritae
3556 3383 3718 3439 cedev-

2138 3490 2281 3546 rent,
2314 3481 2490 3536 sinon
2521 3480 2643 3551 ejus
2676 3491 2886 3536 natura:
2925 3479 3081 3549 copia
3117 3478 3299 3545 ﬁeret,
3350 3477 3511 3548 cujus
3554 3490 3719 3545 epera

2138 3583 2247 3627 tam
2280 3573 2631 3628 excellentem
2664 3579 2721 3627 et
2746 3572 3001 3627 eximiam
3040 3569 3281 3627 universi
3341 3566 3577 3639 speciem
3606 3565 3721 3621 clﬁo

2137 3673 2305 3720 ceret.
2336 3662 2492 3718 Unde
2516 3678 2682 3734 p0rr0
2708 3662 2761 3718 id
2787 3662 2996 3730 habuit,
3026 3671 3089 3717 ut
3125 3661 3307 3716 omnis
3337 3660 3458 3730 ejus
3483 3659 3719 3730 qualita-

2138 3754 2208 3809 tis
2233 3769 2403 3823 capax
2449 3762 2616 3819 esset,
2648 3768 2812 3824 quam
2845 3753 3020 3809 eidem
3054 3752 3367 3820 imprimere
3430 3750 3574 3806 Deus
3624 3759 3717 3802 vo-

2136 3845 2347 3911 luisset,
2378 3844 2485 3900 nisi
2509 3845 2726 3915 qualem
2759 3860 2881 3900 eam
2918 3845 3117 3900 habere
3155 3844 3271 3913 ipse
3302 3843 3503 3908 vellet,
3556 3842 3718 3897 talem

2138 3946 2263 3992 ante
2291 3937 2397 3992 sibi
2429 3946 2745 4007 tantamque
2784 3936 3008 3992 molitus
3040 3936 3145 3991 erit
3164 3935 3187 3989 ?
3207 3933 3329 3989 Jam
3357 3944 3417 3989 ut
3439 3933 3720 3988 nonnullis

2137 4032 2393 4088 daremus
2424 4043 2546 4086 ortu
2580 4045 2766 4086 carere
2793 4028 3077 4084 materiam
3105 4068 3122 4092 ,
3179 4027 3248 4083 iis
3287 4035 3467 4081 tamen
3497 4025 3590 4096 qui
3638 4024 3721 4079 sic

2138 4123 2458 4194 opinantur,
2482 4122 2630 4177 hunc
2661 4122 2716 4175 in
2759 4121 2981 4176 modum
3027 4120 3237 4175 instare
3283 4132 3611 4187 possemus:
3659 4113 3719 4170 Si

2137 4214 2489 4285 quantumvis
2533 4222 2785 4267 naturam
2836 4211 2985 4265 illam
3023 4208 3137 4264 Deo
3180 4207 3520 4279 providentia
3569 4207 3719 4261 nulla
3806 4278 3813 4285 _

2139 4305 2451 4374 subjecerit,
2472 4303 2743 4374 ejusmodi
2766 4311 2946 4358 tamen
2992 4317 3057 4357 ea
3083 4317 3179 4372 per
3208 4315 3330 4356 sese
3366 4299 3471 4355 fuit
3499 4318 3514 4355 :
3563 4316 3717 4355 eam-

2138 4397 2261 4452 dem
2296 4397 2343 4450 si
2367 4393 2714 4450 Providentia
2745 4402 2939 4463 suopte
2964 4393 3198 4449 consilio
3229 4400 3592 4461 procreasset,
3629 4407 3720 4447 ec-

456 4488 729 4559 τοιαύτην,
754 4487 846 4541 καὶ
866 4486 1039 4551 οὕτως
1067 4486 1315 4557 είκτικὴν
1340 4485 1419 4557 τῷ
1451 4487 1669 4559 τεχνίτῃ
1702 4486 1860 4557 Λόγῳ
1901 4484 2036 4539 Θεοῦ

2141 4486 2281 4567 quid
2299 4484 2533 4554 amplius
2572 4484 2709 4554 ipsa,
2737 4498 2900 4554 quam
2935 4482 3082 4554 quod
3112 4481 3337 4537 fortuito
3368 4498 3611 4553 casuque
3640 4482 3721 4538 fa-

456 4580 818 4649 ὑφεστηκέναι
848 4580 1156 4650 ἀγεννήτως
1210 4578 1406 4650 ἐπίσης
1456 4579 1603 4632 ἐστὶν
1626 4579 1839 4648 ἄλογον.
1894 4578 2037 4650 Πρὸς

460 4672 641 4744 μέντοι
669 4688 733 4741 γε
761 4674 886 4735 τοὺς
914 4670 1382 4742 παραϐάλλοντας,
1406 4672 1487 4724 ὅτι
1509 4670 1684 4735 οὐδεὶς
1711 4671 2040 4743 δημιουργὸς

454 4765 624 4837 χωρὶς
649 4764 782 4835 ὑλης
802 4768 964 4827 ποιεῖ,
981 4764 1202 4818 λεκτέον
1221 4763 1302 4817 ὅτι
1320 4763 1588 4834 ἀνομοίως
1611 4762 2036 4834 παραϐάλλουσι.

458 4858 691 4930 Πρόνοια
714 4857 822 4929 γὰρ
848 4858 1012 4911 παντὶ
1032 4856 1252 4930 τεχνίτῃ
1279 4855 1569 4911 ὑποϐάλλει
1610 4856 1709 4927 τὴν
1753 4855 1907 4928 ὓλην,
1933 4857 2043 4910 ἀπὸ

458 4949 730 5019 προτέρας
755 4948 969 5019 τέχνης,
1014 4947 1048 5019 ἢ
1077 4947 1479 5019 ἀνθρωπίνηςῆ
1523 4946 1673 5011 θείας
1717 4947 2038 5021 ἐρχομένην.

460 5038 646 5094 Ταῦτα
675 5040 772 5111 μὲν
796 5036 888 5094 οὖν
926 5041 1020 5094 ἐπὶ
1045 5038 1138 5094 τοῦ
1168 5041 1437 5113 παρόντος
1475 5040 1699 5112 ἀρκέσει
1728 5040 1864 5112 πρὸς
1891 5041 2039 5105 τοὺς,

459 5132 548 5186 διά
570 5133 634 5185 τὸ
656 5131 933 5202 λέγεσθαι,
969 5151 987 5184 ι
1024 5133 1088 5185 Ἦ
1114 5132 1173 5186 δὲ
1228 5131 1302 5202 γῆ
1348 5127 1417 5203 ἦν
1444 5132 1675 5204 ἀόρατος
1699 5133 1792 5186 καὶ
1834 5134 2042 5187 ἀκατα-

463 5223 813 5289 σκεύαστος,ι
843 5223 1121 5295 οἰομένους
1172 5224 1470 5297 ἀγέννητον
1496 5221 1634 5279 εἶναι
1659 5226 1758 5297 τὴν
1807 5243 2045 5298 σωματι-

461 5315 563 5387 κὴν
588 5316 767 5387 φύσιν.
784 5337 801 5368 ι
820 5317 1073 5371 Τοσαῦτα
1096 5318 1190 5372 καί
1212 5312 1384 5382 οὗτος.
1410 5319 1519 5371 Καὶ
1543 5320 1570 5372 ὁ
1593 5318 1840 5390 Ἐϐραῖος
1866 5319 1923 5372 δὲ
1948 5319 2044 5372 Φί-

460 5406 567 5462 λων
591 5411 650 5465 έν
673 5408 752 5480 τῷ
775 5409 916 5478 Περὶ
941 5407 1049 5477 τῆς
1094 5412 1386 5478 Προνοίας
1413 5412 1546 5481 (89),
1580 5410 1754 5464 ταῦτα
1795 5411 1923 5482 περὶ
1945 5412 2045 5483 τῆς

465 5499 596 5575 ὑληρ
616 5501 855 5566 διέξεισι.

540 5654 651 5723 (88)
714 5654 1138 5724 Ἄπορήσομεν.
1199 5652 1496 5725 lngeniosae
1568 5664 1694 5712 sunt
1743 5672 1810 5711 ac
1860 5656 2049 5712 solidae

465 5719 720 5791 Origenis
753 5719 1154 5784 rationcs'istze.

541 5782 652 5867 (39)
704 5799 840 5864 Περὶ
886 5782 993 5863 τῆς
1032 5796 1343 5865 Προνοίας.
1374 5794 1493 5853 Non
1527 5805 1703 5853 exstat
1748 5800 1887 5865 opus
1917 5794 2049 5851 illud

2141 4589 2291 4634 etum
2350 4576 2630 4640 videmus,
2664 4574 2971 4631 effecisset?
3002 4573 3142 4643 Quid
3195 4573 3340 4630 Deus
3385 4574 3500 4644 ipse
3547 4583 3721 4630 mate-

2143 4671 2305 4735 riam,
2340 4683 2461 4739 quae
2509 4667 2657 4723 nulla
2688 4676 2802 4722 tum
2852 4676 3018 4734 esset,
3050 4667 3251 4738 lingere
3289 4665 3578 4735 molirique
3606 4674 3723 4720 sta-

2145 4763 2380 4823 tuisset?
2416 4762 2614 4832 ecquid
2662 4761 2880 4817 tandem
2926 4759 3047 4831 ejus
3092 4774 3218 4815 eum
3250 4759 3550 4829 sapientia,
3605 4765 3721 4812 tum

2144 4856 2403 4913 divinitas
2427 4856 2784 4912 excellentius
2808 4896 2823 4920 ,
2854 4869 3019 4925 quam
3052 4852 3199 4923 quod
3241 4868 3309 4908 ex
3343 4859 3467 4906 ortu
3507 4858 3725 4905 carente

2143 4948 2373 5004 materia
2389 4947 2616 5007 exstitit.
2634 4945 2857 5001 molitus
2879 4944 3062 5001 esset?
3094 4941 3232 4998 Nam
3261 4941 3309 4998 si
3335 4957 3402 4997 ex
3427 4940 3726 4997 Providen-

2146 5040 2218 5094 tia
2250 5040 2392 5095 idem
2418 5040 2645 5094 omnino
2672 5036 3045 5108 profecturum
3080 5045 3195 5091 erat
3218 5077 3234 5101 ,
3275 5033 3419 5104 quod
3446 5033 3565 5089 sine
3588 5030 3724 5085 Pro-

2143 5131 2382 5187 videntia
2416 5130 2620 5188 factum
2646 5139 2747 5197 est,
2778 5129 2969 5200 quidni
3014 5143 3083 5184 ex
3119 5128 3238 5198 ipso
3272 5140 3488 5197 quoque
3521 5125 3726 5179 mundo

2146 5232 2422 5279 auctorem
2454 5238 2671 5278 omnem
2708 5221 3081 5291 artiﬁcemque
3108 5219 3407 5275 tollamus?
3452 5216 3726 5283 Quemad-

2147 5317 2369 5372 modum
2407 5315 2552 5370 enim
2594 5313 2890 5370 absurdum
2925 5312 3108 5376 fuerit,
3163 5310 3429 5365 mundum
3459 5309 3606 5364 hunc
3637 5308 3726 5361 di-

2148 5423 2271 5465 cere
2309 5385 2743 5477 tam'eleganter,
2778 5414 3009 5475 apteque
3046 5410 3419 5458 constructum
3447 5440 3463 5465 ,
3518 5401 3726 5469 absque

2149 5499 2410 5570 sapientis
2443 5497 2666 5553 artiﬁcis
2706 5510 2871 5549 manu
2920 5494 3081 5549 talem
3136 5492 3451 5558 exstitisse,
3501 5492 3575 5546 ita
3618 5491 3726 5546 vim

2151 5652 2395 5708 Philonis
2426 5651 2498 5705 De
2522 5650 2885 5704 Providentia.
2912 5649 3180 5705 Caeterum
3205 5663 3269 5703 ex
3292 5647 3398 5703 hoc
3422 5646 3729 5716 fragmento

2151 5724 2353 5780 auferri
2403 5732 2610 5792 potest,
2659 5720 2944 5792 Philonem
2980 5719 3224 5792 Platonis
3265 5734 3331 5773 ex
3381 5728 3563 5792 mente
3595 5735 3726 5792 sen-

2150 5796 2312 5861 sisse,
2346 5789 2537 5851 rudem
2568 5800 2621 5850 et
2653 5791 2977 5857 indigestam
3026 5807 3055 5847 a
3089 5789 3200 5847 Deo
3237 5790 3479 5846 materiae
3522 5789 3722 5844 ntalem
