4166 6412
495 298 600 359 567
1131 300 1403 358 EUSEBII
1442 300 1927 359 CzESARlENSiS
1958 300 2109 358 OPP.
2147 299 2330 357 PARS
2362 300 2427 356 li.
2466 328 2538 341 —-
2579 297 3081 355 APOLOGETICA.
3644 298 3751 357 568

478 415 725 475 materiae
749 413 914 487 336
941 423 1166 479 tantam,
1224 413 1452 486 ejusque
1487 416 1816 472 conditionis
1869 424 1924 470 et
1977 426 2211 481 naturas,
2279 415 2524 485 adeoque
2593 413 2821 469 artiﬁcis
2870 411 3124 469 Numinis
3178 413 3379 468 rationi
3442 412 3749 484 obsequen-

476 517 612 574 tem,
639 509 757 563 sine
783 522 935 564 ortus
955 510 1039 565 sui
1062 509 1328 579 principio
1351 525 1448 579 per
1478 524 1538 565 se
1564 510 1738 581 ipsam
1760 511 2059 578 exstitisse,
2100 527 2209 566 non
2243 511 2426 566 minus
2470 511 2716 581 ineptum
2756 508 2927 564 videri
2963 509 3138 564 debet.
3202 509 3476 564 Caeterum
3540 508 3611 563 iis
3655 510 3748 578 qui

477 605 747 662 artiﬁcum
799 614 1113 660 nostrorum
1172 605 1634 675 comparationem
1683 606 2024 671 obtendunt,
2079 622 2316 678 quorum
2376 621 2540 661 nemo
2587 606 2709 661 sine
2756 604 2980 660 materia
3038 604 3339 676 quidquam
3397 603 3622 670 eiiiciat,
3656 618 3750 659 oc-

476 697 827 763 currendum,
850 698 1056 754 nullam
1098 713 1287 754 eorum
1328 701 1434 756 hoc
1480 700 1537 757 in
1595 716 1791 772 genere
1860 702 2271 759 similitudinem
2296 717 2438 757 esse.
2501 700 2781 756 Materiam
2836 700 2984 756 enim
3043 699 3238 754 artiiici
3288 698 3511 755 cuilibet
3557 696 3749 752 Provi-

475 784 657 841 dentia
683 787 923 858 subjicit,
949 804 1073 859 quae
1103 804 1131 842 a
1161 789 1405 860 principe
1440 792 1699 861 quadam,
1749 808 1843 849 seu
1872 794 2109 849 humana
2147 793 2260 857 illa,
2296 807 2392 848 seu
2463 792 2647 848 divina
2694 792 2784 859 sit,
2838 800 2957 846 arte
3001 792 3231 847 oriatur.
3282 792 3459 861 Atque
3522 792 3637 846 inec
3691 791 3746 845 in

474 880 883 950 praesentiarum
933 881 1197 937 adversus
1229 896 1326 937 eos
1354 883 1486 938 satis
1517 891 1719 951 erunt,
1775 884 1868 954 qui
1905 885 2051 955 quod
2089 884 2163 938 ita
2223 884 2486 953 scriptum
2550 883 2787 948 videant,
2821 900 2841 933 ι
2877 881 3044 936 Terra
3092 891 3274 935 autem
3323 889 3443 936 erat
3499 880 3747 937 invisibi-

472 969 565 1041 lis,
598 980 651 1027 et
671 987 864 1039 vacua,
902 992 921 1025 ι
964 983 1214 1030 naturam
1246 984 1300 1032 et
1331 992 1650 1047 corpoream
1680 987 1831 1034 ortus
1858 978 2040 1034 omnis
2078 986 2353 1047 expertem
2426 992 2550 1031 esse
2610 976 2924 1046 opinantur.
2984 994 3004 1028 ι
3057 973 3176 1029 Huc
3225 989 3401 1045 usque
3460 973 3741 1047 Origenes.

474 1067 575 1126 Cui
602 1067 884 1128 Philonem
919 1068 1205 1129 Hebraeum
1251 1074 1560 1145 subjiciam,
1590 1076 1645 1133 in
1676 1092 1777 1133 suo
1808 1076 1885 1133 De
1910 1075 2252 1132 Providentia
2282 1076 2419 1131 libro
2440 1116 2455 1142 ,
2488 1074 2575 1130 his
2604 1074 2785 1129 verbis
2813 1073 2881 1128 de
2905 1073 3132 1127 materia
3158 1073 3548 1143 disputantem.

1054 1194 1283 1252 CAPUT
1326 1195 1469 1254 XXI.

753 1304 841 1362 Ea:
869 1307 1091 1364 Philone
1122 1309 1187 1365 de
1222 1311 1402 1366 eodem
1435 1292 1766 1383 argumento.

549 1438 570 1474 ι
602 1418 747 1486 Jam,
771 1422 966 1494 inquit,
999 1424 1170 1479 moles
1206 1424 1370 1495 hujus
1401 1433 1610 1479 natura:
1634 1434 1808 1490 tanta,
1836 1435 2051 1483 ortum-

472 1527 543 1568 ne
569 1512 803 1580 aliquem
847 1514 1118 1583 habuerit,
1168 1518 1515 1572 statuendum
1567 1518 1726 1574 nobis
1768 1530 1870 1574 est.
1907 1519 2050 1576 Deus

472 1617 623 1674 ergo,
660 1618 785 1658 cum
813 1605 881 1660 de
913 1606 1102 1661 mundi
1130 1606 1295 1676 hujus
1318 1608 1599 1665 molitione
1621 1610 1904 1679 cOgitaret,
1928 1620 2050 1664 tan-

473 1703 587 1754 tum
609 1705 758 1752 certo
785 1698 1022 1767 providit
1058 1701 1318 1766 materiae,
1351 1700 1487 1756 nihil
1540 1710 1601 1758 ut
1649 1692 1716 1757 ad
1749 1716 1869 1756 eam
1897 1702 2043 1757 dees-

471 1794 556 1843 set
575 1787 802 1843 omnino
824 1789 908 1843 vel
941 1791 1166 1846 omnino
1195 1803 1524 1862 superesset.
1553 1794 1866 1851 Absurdnm
1898 1794 2043 1849 enim

469 1877 630 1948 plane
680 1877 851 1944 foret,
902 1862 1169 1939 aititicum
1230 1885 1548 1941 hostrorum
1577 1886 1769 1956 vulgus
1794 1926 1810 1951 ,
1844 1885 1898 1938 in
1931 1885 2045 1939 sin-

469 1970 767 2041 g'ula,qute
813 1988 926 2043 pra:
975 1976 1230 2032 manibus
1286 1977 1555 2042 habeant,
1608 1992 1807 2046 opera,
1872 1991 2045 2046 eaque

470 2062 772 2132 prasertim
794 2078 916 2133 qua:
940 2064 1164 2133 majoris
1193 2067 1349 2135 pretii
1401 2066 1584 2125 futura
1636 2068 1765 2129 sint,
1802 2069 2045 2122 materiai

467 2161 734 2222 quantum
767 2153 902 2209 satis
933 2153 1115 2221 fuerit,
1144 2156 1210 2211 ad
1243 2158 1453 2225 pondus
1481 2159 1737 2229 exigere:
1786 2160 1880 2228 qui
1937 2176 2043 2216 nu-

467 2256 655 2302 meros
697 2258 1093 2313 mensurasque
1129 2261 1335 2312 rerum,
1365 2246 1652 2317 justasque
1700 2248 2040 2317 singulorum

466 2330 610 2393 inter
636 2347 696 2388 se
717 2335 1085 2403 proportionis
1119 2336 1556 2406 aequalitatisque
1604 2337 1844 2393 rationes
1887 2338 2040 2394 inve-

465 2424 569 2488 nit,
593 2440 718 2479 eum
748 2426 883 2481 nihil
911 2428 978 2482 de
1003 2428 1245 2486 materiae
1289 2428 1342 2482 vi
1398 2430 1705 2485 necessaria
1749 2430 2036 2500 cogitasse.

2672 1192 3069 1248 ΚΕΦΑΛΑΙΟΝ
3093 1193 3227 1249 KA'.

2532 1310 2801 1374 Φίλωνος
2833 1307 2967 1375 περὶ
3008 1305 3115 1360 τοῦ
3153 1303 3361 1361 αὑτοῦ.

2229 1442 2247 1474 ι
2275 1422 2412 1496 Περὶ⁵
2432 1421 2489 1475 δὲ
2514 1420 2611 1475 τοῦ
2640 1420 2809 1474 ποσοῦ
2831 1419 2932 1490 τῆς
2969 1419 3179 1481 οὐσίας,
3225 1418 3275 1470 ει
3314 1415 3379 1489 δὴ
3404 1416 3625 1485 γέγονεν
3648 1415 3738 1470 bv-

2149 1531 2258 1578 τως
2277 1554 2292 1577 ,
2359 1515 2538 1570 ἐκεῖνο
2584 1512 2821 1565 λεκτέον.
2898 1510 3258 1581 Ἐστοχάσατο
3308 1506 3446 1578 πρὸς
3503 1507 3602 1578 τὴν
3641 1507 3735 1561 τοῦ

2151 1605 2356 1676 κόσμου
2384 1604 2597 1673 γένεσιν
2621 1606 2649 1657 ὁ
2673 1604 2807 1668 Θεὸς
2833 1601 3277 1673 αὐταρκεστάτης
3330 1599 3484 1671 ὕλης,
3505 1599 3580 1662 ὡς
3609 1598 3734 1669 μήτ’

2147 1700 2335 1765 ἐνδέοι,
2358 1699 2483 1771 μήθ’
2511 1698 2858 1770 ὑπερϐάλλοι.
2877 1697 2986 1750 Καὶ
3013 1696 3119 1765 γὰρ
3141 1696 3336 1749 ἄτοπον
3360 1689 3428 1764 ἦν
3451 1694 3563 1756 τοῖς
3580 1704 3606 1733 ι
3635 1692 3735 1762 μὲν

2146 1793 2289 1848 κατά
2335 1794 2500 1865 μέρος
2541 1793 2809 1864 τεχνίταις
2834 1793 2885 1856 ιι,
2912 1792 3074 1846 ὁπότε
3098 1808 3151 1844 τι
3194 1789 3591 1861 δημιουργοῑεν,
3637 1789 3734 1846 καὶ

2148 1884 2384 1955 μάλιστα
2428 1883 2537 1937 τῶν
2606 1882 2912 1936 πολυτελῶν
2936 1921 2953 1945 ,
3013 1882 3073 1934 τὸ
3135 1881 3192 1933 ἐν
3253 1878 3407 1943 ὕλαις
3459 1877 3732 1950 αὕταρκες

2145 1972 2581 2046 σταθμήσασθαι·
2611 1974 2702 2029 τὸν
2725 1973 2771 2026 δ’
2795 1973 3060 2044 ἀριθμοὺς
3088 1972 3183 2025 καὶ⁸
3214 1972 3409 2042 μέτρα,
3436 1969 3647 2033 καὶτὰς
3671 1971 3731 2022 ἐν

2141 2065 2349 2129 τούτοις
2387 2065 2635 2137 ἰσότητας
2657 2065 3000 2135 ἀνευρηκότα
3048 2063 3122 2134 μὴ
3159 2062 3441 2134 φροντίσαι
3467 2060 3562 2115 τοῦ
3609 2064 3730 2115 lxa—

2143 2156 2256 2209 νοῦ.
2290 2155 2444 2223 Δέεω
2470 2156 2535 2226 δὴ
2568 2156 2706 2227 μετά
2750 2155 3081 2228 παρρησίας,
3131 2156 3215 2208 ὅτι
3263 2153 3375 2207 οὔτ’
3423 2152 3724 2218 ἐλάττονος,

2140 2247 2262 2303 οὔτε
2292 2249 2533 2312 πλείονος
2555 2249 2744 2311 οὐσίας
2769 2248 2877 2302 ἔδει
2892 2247 2970 2319 τῷ
2992 2248 3180 2318 κόσμῳ
3206 2246 3340 2317 πρὸς
3360 2247 3722 2315 κατασκευήν.

2155 2342 2309 2395 Ἐπεὶ
2329 2342 2430 2395 οὐκ
2460 2341 2528 2395 ἂν
2552 2341 2848 2412 ἐγεγένητο
2868 2340 3091 2405 τέλειος,
3120 2339 3230 2393 οὐδ’
3252 2340 3311 2393 ἐν
3333 2340 3464 2394 πᾶσι
3487 2340 3601 2402 τοῖς
3628 2338 3726 2409 μέν

2142 2451 2290 2505 ρεσιν
2317 2433 2627 2504 ὁλόκληρος,
2655 2429 2714 2487 εὖ
2749 2432 3304 2504 δεδημιουργημένος,
3324 2440 3348 2470 ο
3397 2433 3462 2484 ἐκ
3512 2430 3724 2495 τελείας

465 2514 653 2573 Dicam
686 2518 851 2588 igitur
891 2518 994 2573 hoc
1023 2519 1209 2583 libere,
1243 2533 1343 2573 nec
1388 2520 1678 2588 paueiore,
1729 2537 1828 2576 nec
1851 2523 2035 2591 copio-

2138 2526 2326 2590 οὐσίας
2344 2526 2779 2579 ἀποτετέλεσται.
2800 2525 3083 2595 Πανσόφου
3108 2524 3216 2595 γὰρ
3236 2522 3333 2593 τὴν
3351 2522 3545 2595 τέχνην
3573 2522 3723 2587 ἴδιον,

462 2608 613 2667 aiore
644 2610 893 2674 materia,
922 2610 988 2665 ad
1018 2609 1182 2679 hujus
1210 2611 1397 2665 mundi
1434 2613 1866 2681 procreationem
1898 2628 2037 2682 opus

462 2698 652 2756 fuisse.
693 2699 910 2770 Alioqui
942 2717 1223 2771 nunquam
1280 2702 1327 2757 is
1355 2718 1526 2773 usque
1571 2704 1706 2759 adeo
1764 2704 2038 2774 perfectus

461 2791 795 2858 exstitisset,
848 2807 946 2848 nec
994 2792 1050 2847 in
1099 2795 1354 2850 omnibus
1405 2811 1470 2851 ac
1515 2797 1746 2866 singulis
1790 2800 2036 2868 partibus

461 2892 571 2940 tam
624 2884 830 2956 integre
883 2886 1162 2957 solidoque
1195 2898 1537 2958 compactus,
1588 2891 1693 2947 nisi
1723 2907 1791 2945 ex
1827 2893 2037 2965 integra

458 2976 811 3048 perfectaque
860 2988 1054 3035 natura
1087 2980 1438 3037 constitisset.
1477 2982 1765 3040 Prudentis
1792 2986 1936 3040 enim
1971 3002 2037 3042 ac

457 3068 618 3142 periti
650 3067 876 3125 artiﬁcis
912 3078 1024 3135 est,
1074 3078 1365 3140 antequam
1417 3072 1472 3126 in
1525 3089 1664 3142 opus
1716 3075 2033 3142 incumbat,

458 3161 702 3218 materia:
724 3168 990 3231 quantum
1028 3175 1168 3231 opus
1218 3161 1382 3219 fuerit
1431 3179 1542 3233 prae
1590 3167 1768 3222 oculis
1812 3168 2034 3225 habere.

459 3247 527 3309 Et
552 3251 717 3307 homo
747 3250 989 3321 quidem,
1017 3259 1077 3305 ut
1105 3252 1315 3308 caeteris
1341 3254 1504 3308 etiam
1538 3256 1853 3325 cognitione
1899 3273 2037 3328 pra:-

459 3350 587 3408 Stct,
622 3343 714 3412 qui
745 3352 926 3398 tamen
968 3345 1055 3400 vix
1105 3361 1344 3416 unquam
1378 3348 1447 3401 ab
1481 3363 1547 3403 eo
1577 3351 1792 3418 penitus
1849 3365 2036 3406 errore

458 3435 554 3509 qui
576 3434 645 3490 ad
667 3435 923 3491 mortales
947 3436 1269 3505 cognatione
1296 3438 1531 3508 quadam
1579 3441 1936 3509 adhaerescit,
1966 3442 2035 3497 li—

459 3525 558 3587 her
580 3541 702 3582 esse
720 3535 918 3597 potest,
945 3528 1060 3583 suis
1089 3528 1144 3582 in
1167 3530 1443 3598 operibus,
1483 3547 1513 3585 a
1540 3533 1687 3602 justa
1719 3535 1962 3590 materia:
1981 3536 2034 3589 vi

352 3642 361 3650 ο
457 3618 731 3676 ιδειτπίι
759 3618 898 3674 forte
945 3615 1360 3690 nonntinquam,
1396 3632 1456 3677 ut
1485 3640 1612 3678 eum
1650 3625 1734 3680 vel
1790 3628 2034 3696 pauciori

456 3711 669 3780 aliquid
702 3711 921 3775 addere,
946 3713 1031 3767 vel
1055 3729 1121 3769 ex
1162 3716 1415 3786 ampliori
1455 3717 1744 3773 detrahere
1785 3722 2036 3778 nonnihil

459 3812 730 3873 oporteat.
766 3801 837 3859 Αι
865 3820 994 3860 vero
1026 3803 1191 3872 Deus,
1234 3806 1378 3871 fons,
1413 3806 1634 3877 inquam
1656 3849 1671 3873 ,
1722 3808 1812 3862 ille
1843 3815 2032 3881 cogni-

2140 2617 2270 2687 πρὶν
2294 2616 2564 2687 ἄρξασθαί
2618 2635 2764 2680 τινος
2818 2618 3185 2687 κατασκευῆς,
3233 2616 3332 2686 τὴν
3381 2616 3572 2686 ἱκανὴν
3598 2615 3724 2671 ἰδεῖν

2139 2709 2292 2779 ὕλην.
2352 2709 2672 2781 Ἀνθρωπος
2731 2709 2830 2780 μὲν
2882 2705 2996 2773 οὖν,
3046 2708 3149 2762 κᾶν
3197 2709 3247 2761 εί
3297 2707 3405 2761 τῶν
3431 2707 3605 2761 ἄλλων
3624 2707 3724 2777 τὴ)

2136 2799 2448 2870 ἐπιστήμην
2469 2799 2736 2872 διαφέροι,
2778 2801 2856 2870 μὴ
2881 2799 3177 2869 δυνάμενος
3213 2797 3353 2852 κατά
3380 2798 3441 2851 τὸ
3464 2797 3723 2858 παντελὲς

2139 2896 2402 2963 ἐκφυγεῖν
2428 2894 2527 2965 τὴν
2580 2894 2816 2963 συγγενῆ
2872 2892 2982 2945 τῶν
3024 2891 3234 2963 θνητῶν
3286 2892 3518 2963 πλάνην,
3579 2891 3722 2944 dna.-

2135 2985 2277 3055 τῷτο
2303 2985 2370 3039 ἂν
2403 2986 2533 3048 ἴσως
2561 2987 2690 3057 περὶ
2738 2986 2836 3057 τὴν
2882 2984 3154 3054 ποσότητα
3197 2983 3297 3054 τῆς
3353 2982 3505 3053 ὕλης,
3560 2983 3720 3037 ὁπότε

2136 3077 2456 3147 τεχνιτεύοι·
2486 3078 2608 3131 τοτὲ
2647 3077 2768 3148 μὲν,
2821 3077 2896 3140 ὡς
2928 3076 3149 3131 ἔλαττον
3194 3076 3544 3146 προστιθέναι
3583 3075 3718 3146 (90),

2134 3171 2258 3225 τοτὲ
2287 3171 2364 3235 δὲ,
2403 3171 2479 3234 ὡς
2522 3171 2779 3242 περιττῆς
2818 3171 3092 3241 ἀφαιρεῖν·
3140 3170 3170 3222 ό
3219 3168 3298 3230 δὲ,
3353 3170 3501 3240 πηγή
3526 3178 3603 3226 τις
3644 3168 3723 3221 ὢν

2134 3260 2474 3333 ἐπιστημῶν,
2489 3261 2665 3315 ἐνδέον
2691 3262 2723 3331 ἢ
2748 3259 3063 3332 περιττεῦον
3085 3259 3235 3317 οὐδὲν
3253 3259 3476 3329 ἔμελλεν
3496 3258 3725 3312 ὑποϐαλ-

2135 3351 2344 3416 λεσθαι,
2378 3352 2598 3424 μέτροις
2651 3352 2747 3405 ἆτε
2809 3349 3087 3425 χρώμενος
3114 3352 3193 3413 είς
3237 3349 3519 3419 ἀκρίϐειαν
3549 3350 3719 3419 ὑπερ-

2144 3442 2296 3513 φυῶς
2329 3442 2726 3513 πεπονημένοις
2776 3442 2980 3495 ἅπασιν
3026 3442 3329 3502 ἐπαινετοῖς
3384 3439 3516 3509 (9i).
3558 3440 3615 3492 Ὀ
3660 3439 3719 3494 δι

2138 3534 2458 3605 βουλόμενος
2501 3534 2673 3597 ἄλλως
2701 3532 2878 3586 ὑθλεῖν
2905 3533 3004 3585 οὐκ
3048 3531 3114 3584 ἂν
3141 3530 3330 3600 φθάνοι
3357 3531 3452 3584 καὶ
3479 3529 3547 3584 τὰ
3578 3531 3717 3585 πάν-

2133 3644 2243 3680 των
2288 3626 2424 3697 ἔργα
2479 3625 2582 3679 τῶν
2630 3625 2889 3694 τεχνιτῶν
2938 3623 3087 3681 αἴτια
3134 3622 3413 3693 τιθέμενος
3472 3621 3609 3691 (9'2),
3637 3622 3713 3684 ὼς

2134 3721 2355 3789 ἄμεινον
2378 3718 2477 3787 τῆς
2508 3715 2850 3785 κατασκευῆς
2907 3714 3230 3785 ἐπιλαχόντα
3264 3713 3551 3786 προσθέσει
3573 3712 3717 3775 τινὸς

2135 3809 2167 3878 ἢ
2206 3809 2428 3879 μειώσει
2458 3808 2568 3862 τῶν
2589 3810 2645 3861 ἐν
2680 3807 2851 3870 ὕλαις.
2913 3806 3073 3861 Ἀλλά
3107 3806 3215 3877 γὰρ
3250 3805 3562 3873 σοφιστείας
3620 3805 3717 3873 μὲν

457 3894 626 3950 tionis
657 3896 837 3950 omnis
859 3904 1021 3966 atque
1061 3896 1322 3960 scientias,
1347 3898 1581 3968 amplius
1605 3900 1903 3970 quidquam
1926 3904 2025 3957 nti-

2140 3900 2300 3969 ἔργον
2329 3900 2718 3971 εὑρεσιλογεῖν,
2747 3898 2940 3967 σοφίας
2968 3898 3025 3951 δὲ
3062 3898 3271 3951 ἕκαστα
3302 3898 3581 3969 διερευνᾷν
3609 3897 3717 3949 τῶν

457 4000 649 4048 nusve,
667 4000 829 4055 quam
855 3986 1400 4055 paresset,adltibere
1430 4003 1539 4043 non
1568 3989 1766 4057 potuit,
1781 4006 1904 4045 cum
1922 4007 2037 4046 om-

457 4078 621 4139 nibus
640 4094 1019 4134 mensurarum
1046 4079 1463 4149 pondcrumqne
1489 4082 1794 4139 rationibus
1824 4094 2032 4152 utatur,

454 4181 708 4227 accurata
726 4187 952 4241 prorsus
974 4172 1674 4242 acperl'ecta'mediocritate
1693 4177 2027 4244 temperatis.

453 4261 613 4340 337
643 4260 749 4326 Qui
777 4279 906 4318 vero
930 4279 1091 4320 secus
1119 4264 1311 4334 nugari
1344 4264 1599 4329 voluerit,
1640 4266 1800 4321 nobis
1832 4267 1924 4322 ille
1951 4268 2033 4321 vi-

452 4354 650 4410 delicet
677 4355 861 4411 omnia
906 4356 1170 4411 continuo
1212 4366 1536 4414 caaterorum
1569 4357 1840 4413 artiﬁcum
1887 4358 2030 4427 obji-

454 4444 563 4498 ciet
585 4458 772 4514 opera,
800 4461 1034 4519 quorum
1069 4448 1302 4513 molitio,
1356 4449 1623 4504 nonnulla
1667 4448 1913 4504 materia:
1943 4450 2029 4505 vel

2139 3995 2198 4047 ἐν
2231 3997 2294 4065 τῇ
2323 3994 2536 4062 φύσει.»
2572 3995 2683 4051 Καὶ
2702 3993 2770 4046 τὰ
2797 3994 2894 4063 μὲν
2922 3993 3015 4045 τοῦ
3070 3992 3303 4056 Φίλωνος
3333 3992 3517 4049 τοῦτον
3548 3991 3719 4062 ἐχέτω

2134 4086 2226 4140 τὸν
2249 4089 2467 4158 τρόπον.
2498 4085 2736 4158 Μαξίμῳ
2788 4086 2847 4139 δὲ
2894 4086 3007 4157 (95)
3035 4085 3136 4156 τῆς
3169 4085 3404 4157 Χριστοῦ
3439 4084 3716 4156 διατριϐῆς

2132 4178 2234 4232 οὐκ
2261 4180 2460 4249 ἀσήμῳ
2485 4179 2641 4250 ἀνδρὶ
2664 4181 2758 4232 κα)⁵
2808 4178 2964 4245 λόγος
2994 4179 3193 4241 οἰκεῖος
3246 4178 3657 4248 συγγέγραπται
3687 4176 3717 4227 δ

2131 4271 2269 4338 Περὶ
2298 4270 2410 4338 τῆς
2451 4271 2621 4338 ὕλης,
2666 4270 2725 4336 ἐξ
2757 4264 2817 4325 οὗ
2864 4269 3117 4341 μοιδοκῶ
3177 4269 3374 4340 μέτρια
3432 4268 3717 4339 χρησίμως

2134 4362 2566 4434 παραθήσεσθαι,
2616 4363 2674 4425 ἐς
2727 4362 2928 4434 ἀκριϐῆ
2993 4361 3088 4416 τοῦ
3131 4361 3513 4434 προϐλήματος
3564 4360 3717 4427 ἔλεγ-

2129 4470 2242 4523 χον.

451 4541 790 4606 accessione,
823 4542 906 4596 vel
941 4543 1277 4599 detractione
1302 4545 1499 4599 melius
1526 4546 1687 4615 vulgo
1712 4545 2034 4615 feliciusque
2071 4548 2233 4602 cedit.
2291 4546 2397 4602 Sed
2451 4548 2712 4603 nimirum
2772 4549 3015 4618 argutias
3071 4548 3316 4617 sophista
3356 4555 3586 4616 quaerat,
3627 4560 3715 4599 sa-

451 4637 608 4706 piens
632 4638 688 4692 in
711 4639 958 4693 rimanda
996 4655 1180 4693 rerum
1245 4642 1576 4696 naturalium
1640 4642 1873 4697 veritate
1909 4653 2180 4697 versatur.
2222 4663 2243 4696 ι
2278 4642 2355 4698 Ita
2376 4643 2554 4699 Philo.
2619 4645 2911 4709 Caeterum,
2954 4644 3214 4712 quoniam
3273 4642 3543 4695 Maximus
3589 4655 3715 4709 pro-

450 4728 631 4786 fessor
673 4726 1003 4784 Christiana:
1052 4730 1331 4801 religionis
1393 4749 1502 4787 non
1589 4732 1882 4799 obscurus,
1950 4733 2150 4789 librum
2216 4750 2439 4805 quoque
2491 4734 2823 4805 singularem
2883 4750 2947 4789 ac
3018 4734 3298 4804 proprium
3351 4729 3429 4785 De
3486 4730 3713 4783 materia

519 4898 545 4929 ι
578 4886 665 4941 la.
704 4884 853 4948 τούς.
930 4883 959 4924 b
994 4884 1080 4938 ισ.
1114 4884 1385 4956 τεχνίτας.
1467 4893 1490 4925 ⁸
1526 4885 1614 4940 ἵσ.
1641 4884 1768 4939 add.
1793 4887 1841 4937 εί
1875 4887 1969 4958 μή.

445 5034 576 5098 ante
607 5025 791 5079 omnia
821 5039 1056 5098 creatam
1081 5042 1224 5088 esse.
1250 5042 1313 5081 ex
1344 5043 1450 5097 qua
1482 5028 1680 5083 deinde
1704 5030 2024 5098 praeclaram
2062 5041 2104 5096 ο
2134 5038 2187 5083 et
2234 5027 2538 5097 Xenophon
2559 5067 2573 5090 ,
2615 5036 2807 5097 poetas
2854 5024 3126 5078 interdum
3161 5031 3331 5077 amat.
3379 5020 3550 5098 Porro
3582 5020 3713 5075 illud

444 5095 594 5170 illam
625 5111 792 5170 quam
827 5096 1107 5153 cernimus
1134 5113 1318 5152 rerum
1347 5093 1662 5154 varietatem
1693 5093 1759 5154 ac
1788 5100 2025 5170 speciem
2068 5093 2091 5096 ἡ
2137 5099 2240 5153 οὐκ
2270 5099 2335 5151 ἂν
2369 5093 2581 5170 φθάνοι,
2615 5093 2746 5160 etc.,
2777 5098 2922 5170 hunc
2942 5109 3161 5170 quoque
3192 5109 3413 5147 sensum
3444 5093 3711 5170 νεήνιδε-

442 5168 713 5225 eduxerit.

540 5238 630 5308 90)
679 5238 969 5295 Ἕλαττον
1027 5235 1433 5309 προστιθέναι.
1515 5237 1723 5295 Sensus
1789 5239 2029 5310 postulat

443 5307 689 5380 ἐλάττονι
732 5310 981 5380 προστιθ.
1035 5307 1097 5365 ut
1130 5321 1436 5380 opponatur
1472 5312 1722 5379 sequenti
1755 5307 2021 5376 membro,

444 5376 805 5453 ὡςπβρξετῆξ
830 5380 1104 5453 ἀφαιρεῖν-

519 5447 632 5517 (91)
659 5447 915 5507 Ἄποισὰ
940 5447 1295 5515 ἐπαινετοῖς.
1329 5447 1633 5517 Utramque
1668 5465 1884 5517 vocem,
1930 5457 2024 5506 aut

445 5519 635 5589 saltem
667 5519 968 5584 ἐπαινετοῖς
998 5523 1227 5576 libenter
1252 5520 1629 5589 cxpunxerim.

516 5588 628 5658 (92)
663 5589 833 5661 Αἴτια
869 5590 1190 5661 τιθέμενος.
1220 5588 1539 5661 νὶχίιίυιήιη
1567 5592 1699 5659 quin
1751 5606 2018 5661 reponen-

444 5658 576 5732 dum
609 5661 711 5723 sit,
742 5658 1183 5732 ἀντιτιθέμενος,
1216 5662 1298 5732 vel
1323 5660 1479 5732 ἀντία
1520 5658 1835 5732 τιθέμενος,
1869 5661 2016 5732 quod

445 5729 607 5801 paulo
637 5728 1062 5808 τῖοιητικῴτερον
1091 5742 1191 5790 est.
1230 5731 1333 5787 Sed
1360 5730 1533 5799 l’bilo,
1554 5728 2016 5806 quemadmodum

2139 5180 2241 5232 set,
2289 5179 2344 5221 ut
2371 5160 2639 5236 artiﬁcum
2681 5167 2916 5220 omnium
2959 5160 3170 5234 objiciet
3201 5180 3394 5231 opera,
3442 5160 3578 5214 nihil
3612 5177 3713 5236 un-

2139 5254 2301 5308 quam
2330 5232 2533 5307 efﬁriét.
2580 5237 2637 5291 in
2671 5252 2739 5308 co
2781 5232 3205 5308 tamcnui'tazreo,
3228 5249 3393 5301 quant
3426 5232 3671 5308 expressi
3696 5273 3710 5295 ,

2133 5301 2279 5377 quod
2327 5301 2395 5370 is,
2438 5324 2562 5362 meo
2614 5307 2833 5375 quidem
2880 5305 3124 5374 judicio.
3182 5319 3307 5377 eum
3357 5301 3714 5377 sequentibus

2136 5372 2270 5432 ἀλλὰ
2309 5377 2412 5449 γὰρ
2448 5372 2797 5443 σοφιστείας,
2827 5372 2933 5431 etc.
2961 5414 2976 5439 ,
3024 5374 3323 5446 elegantius
3351 5372 3715 5439 ornatiusque

2135 5450 2421 5503 coltmreat.

2208 5518 2317 5588 (9'5)
2348 5516 2597 5586 Μαξίμῳ
2640 5515 2727 5588 δέ.
2760 5514 3011 5588 Nondum
3043 5515 3176 5588 satis
3208 5510 3593 5588 deﬁnio_,_quis
3621 5509 3709 5588 ille

2130 5580 2400 5643 Ma‘xititus
2434 5580 2616 5641 fuerit.
2651 5586 2780 5639 Erat
2823 5587 3040 5654 quidem
3089 5585 3361 5654 Maximus
3396 5580 3698 5649 Hierosoly-

2130 5674 2346 5713 morum
2391 5660 2642 5718 antistes,
2685 5653 2911 5724 aequalis
2955 5655 3210 5720 Eusebii;
3263 5653 3356 5707 sed
3384 5665 3605 5724 vereor.
3651 5657 3707 5703 ut

2130 5728 2277 5787 hunc
2322 5741 2448 5785 vere
2502 5721 2802 5784 maximum
2863 5727 3078 5782 Arianae
3135 5723 3429 5795 impietatis
3494 5721 3706 5776 hostem
