4166 6410
550 270 657 326 5‘“

1205 270 1484 329 EUSEBII
1528 272 2009 331 CIESABIENSIS
2046 274 2195 331 OPP.
2242 273 2426 329 PARS
2461 272 2524 329 11.
2569 303 2640 316 --
2683 271 3186 329 APOLOGETICA.

3721 274 3828 331 573

548 385 819 459 profecto,
856 401 980 441 eum
1013 384 1157 441 Deus
1189 385 1242 439 in
1278 385 1400 440 rudi
1440 394 1495 439 et
1522 385 1803 441 incondita
1838 387 1979 442 mole
2007 403 2127 440 ver-

2239 403 2357 438 πον.
2400 387 2461 439 Εἰ
2480 386 2535 440 δὲ
2558 387 2654 458 τὴν
2677 386 2808 457 ὑλην
2837 400 2895 439 εν
2924 384 3001 455 τῷ
3021 384 3140 454 Θεῷ
3166 378 3303 437 εἶναί
3331 400 3414 447 τις
3436 377 3597 449 λέξοι,
3627 385 3827 455 ὁμοίως

549 488 788 534 saretur.
813 476 1080 531 Praeterea
1117 477 1261 530 hunc
1287 477 1447 530 etiam
1487 476 1540 530 in
1569 478 1792 531 modum
1829 493 2023 548 urgere
2070 479 2136 532 li-

549 580 690 635 ceat,
730 579 910 623 utrum
953 567 1097 623 Deus
1160 568 1443 622 materiam
1516 568 1768 638 impleret
1799 569 2134 633 universam,

549 675 619 714 an
653 661 707 713 in
742 659 925 728 aliqua
955 659 1222 713 duntaxat
1267 658 1388 727 ejus
1440 670 1592 728 parte
1621 660 1920 716 collocatus
1969 671 2134 716 esset.

551 750 688 805 Nam
718 753 762 805 si
790 753 841 804 in
874 760 1031 821 parte
1090 751 1267 805 solum
1302 750 1473 807 fuisse
1500 754 1699 818 volent,
1734 754 1933 806 mirum
1969 770 2136 823 quam

552 844 928 913 angustiorem
958 843 1034 896 illi
1077 843 1237 898 nobis
1263 845 1490 898 materia
1523 843 1692 898 Deum
1746 843 1971 908 faciunt,
2008 861 2142 899 cum

552 951 682 1007 pars
735 935 856 1004 ejus
904 935 1085 1004 aliqua
1137 933 1306 988 Deum
1364 936 1634 1006 integrum
1655 938 1978 991 contineret.
2039 935 2133 991 Sin

549 1038 719 1082 totam
757 1029 825 1080 ab
851 1044 917 1081 eo
945 1028 1228 1081 materiam
1280 1038 1603 1098 occupatam
1634 1046 1755 1083 esse
1804 1030 2005 1095 dicent,
2054 1029 2136 1083 di-

548 1125 677 1173 cant
731 1118 832 1186 ipsi
885 1132 1123 1188 quoque,
1183 1121 1639 1187 quemadmodum
1686 1135 1806 1174 eam
1843 1120 2130 1175 elaborare

551 1208 697 1263 Deus
729 1224 791 1263 ac
811 1210 1079 1278 pet-polire
1106 1210 1362 1278 potuerit.
1388 1211 1666 1280 Siquidem
1701 1222 1795 1264 aut
1819 1228 1937 1266 sese
1963 1211 2133 1266 Deum

545 1303 836 1371 collegisse
883 1318 1111 1356 necesse
1143 1303 1269 1367 erit,
1305 1303 1488 1373 itaque
1522 1313 1730 1373 partem
1769 1320 1889 1359 eam
1915 1304 2137 1359 confor-

550 1409 956 1463 inasse,exqua
991 1405 1325 1460 secesserat;
1365 1404 1479 1460 aut,
1519 1396 1664 1465 quod
1702 1396 1828 1461 loci,
1871 1397 1924 1450 in
1969 1412 2130 1466 quem

552 1486 849 1550 secederet,
879 1484 1015 1538 nihil
1040 1485 1263 1540 onmino
1299 1497 1631 1555 superesset,
1655 1502 1780 1541 cum
1823 1489 2050 1541 materia
2076 1502 2133 1541 se

552 1575 730 1643 ipsum
767 1590 874 1628 una
906 1574 1297 1630 conformasse.
1332 1575 1450 1630 Jam
1481 1592 1629 1643 vero,
1679 1578 1723 1632 si
1765 1580 2043 1632 materiam
2076 1578 2130 1631 in

549 1665 661 1719 Deo
696 1681 816 1720 esse
845 1666 1229 1735 respondeant,
1257 1669 1608 1736 quaarendum
1658 1669 1910 1724 similiter
1943 1669 2129 1732 fuerit,

545 1763 729 1807 utrum
763 1753 843 1807 sic
896 1755 949 1807 in
990 1770 1056 1809 eo
1107 1762 1379 1809 statuatur
1403 1798 1417 1821 ,
1452 1766 1511 1809 ut
1539 1772 1567 1809 a
1597 1759 1776 1827 seipso
1808 1760 1966 1826 quasi
2025 1759 2132 1811 dis-
2164 1733 2204 1786 Β

541 1845 773 1914 junctus
804 1844 891 1899 ille
922 1845 1335 1917 distractusque
1389 1847 1477 1910 sit,
1514 1850 1791 1917 quomodo
1820 1850 1896 1905 sic
1925 1850 1977 1904 in
2008 1867 2132 1911 acre

549 1936 1008 1990 totanimantium
1061 1953 1259 2006 genera
1308 1948 1615 2004 versantur,
1676 1948 1735 1994 ut
1790 1941 1928 1994 idem
1969 1944 2035 1998 ad
2067 1960 2128 1999 ea

547 2026 832 2095 capienda,
860 2043 982 2096 qua:
1017 2027 1070 2081 in
1102 2027 1219 2098 ipso
1254 2027 1409 2094 ﬁunt,
1468 2030 1706 2099 aliquam
1737 2033 1971 2101 partium
2003 2050 2131 2090 sua-

549 2132 672 2170 rum
722 2117 1046 2171 divisionem
1092 2118 1331 2187 patiatur
1363 2136 1375 2169 :
1405 2136 1489 2174 an-
1519 2122 1721 2188 potius,
1757 2132 2013 2193 tanquam
2073 2128 2127 2181 in

548 2208 690 2273 loco,
725 2208 828 2262 hoc
849 2219 950 2271 est,
986 2217 1044 2262 ut
1074 2225 1216 2278 aqua
1243 2211 1295 2263 in
1336 2222 1477 2265 terra
1497 2213 1815 2268 collocatur.
1847 2214 1902 2269 Si
1938 2234 2130 2286 quem-

549 2302 845 2354 admodum
876 2301 928 2353 in
955 2315 1103 2366 aere,
1134 2300 1304 2356 Deum
1339 2302 1450 2372 jam
1482 2304 1768 2370 habemus,
1798 2308 1890 2375 qui
1928 2308 1981 2362 in
2007 2325 2130 2377 par-

547 2399 630 2446 tes
663 2392 895 2446 distrahi
929 2393 1213 2462 secarique
1245 2396 1438 2462 possit.
1478 2395 1574 2451 Sin
1630 2406 1689 2452 ut
1724 2415 1865 2469 aqua
1896 2401 1948 2454 in
1983 2410 2127 2456 terra

545 2491 648 2546 est,
685 2484 912 2537 materia
947 2499 1076 2538 vero
1107 2492 1421 2554 perturbata
1453 2497 1617 2558 atque
1666 2491 1930 2560 indigesta
1986 2503 2125 2560 erat,

544 2576 792 2644 adeoque
826 2576 967 2629 mala
994 2575 1201 2645 gremio
1228 2593 1329 2632 suo
1351 2580 1698 2635 continebat:
1736 2596 1987 2653 superest
2010 2603 2128 2642 om-

545 2665 703 2728 nino,
735 2672 793 2717 ut
820 2664 997 2732 ipsum
1027 2681 1249 2735 quoque
1282 2666 1548 2733 Deum,et
1574 2686 1753 2725 rerum
1787 2673 2128 2743 imperfecta-

545 2769 669 2807 rum
724 2762 778 2807 et
836 2758 1105 2808 malorum
1166 2757 1349 2811 sedem
1384 2774 1448 2813 ac
1484 2759 1663 2814 locum
1708 2778 1829 2817 esse
1856 2765 2122 2823 dicamus.

543 2842 698 2910 Quod
732 2845 864 2898 mihi
897 2846 1117 2914 quidem
1147 2862 1271 2902 cum
1301 2850 1483 2905 minus
1526 2852 1779 2922 religiose
1824 2855 1955 2919 dici,
2007 2866 2123 2912 tum

543 2939 641 2994 abs
688 2948 738 2995 te
793 2942 1154 3010 periculosius
1203 2946 1523 3011 responderi
1574 2949 1872 3006 videretur.
1912 2952 2125 3025 Quippe

542 3030 827 3085 materiam
878 3032 1023 3085 enim
1082 3049 1204 3089 esse
1257 3035 1361 3099 vis,
1399 3051 1465 3091 ne
1521 3039 1788 3093 malorum
1843 3054 2118 3098 auctorem
2150 3067 2191 3125 α

543 3118 715 3175 Deum
735 3138 857 3177 esse
882 3122 1103 3180 fatearis
1135 3145 1147 3178 :
1182 3125 1322 3180 idem
1353 3135 1554 3193 tamen,
1604 3141 1664 3185 ut
1695 3133 1799 3188 hoc
1832 3134 2008 3203 ipsum
2038 3136 2119 3191 ef-

543 3212 742 3283 fugias,
767 3216 1037 3270 malorum
1072 3233 1195 3272 eum
1245 3222 1647 3289 receptaculum
1680 3240 1979 3297 agnoscere
2029 3245 2123 3285 co-

544 3305 711 3374 geris.
733 3304 796 3359 Et
826 3321 958 3361 sane
992 3307 1035 3360 si
1068 3323 1132 3362 ex
1188 3324 1368 3363 rerum
1417 3314 1726 3379 genitarum
1788 3326 1910 3372 ortu
1959 3328 2123 3389 atque

543 3404 734 3448 natura
763 3395 953 3449 ineam
991 3408 1044 3450 te
1079 3408 1312 3453 mentem
1357 3403 1651 3459 adductum
1698 3421 1820 3462 esse
1850 3408 2014 3479 339
2041 3411 2124 3465 di-

541 3502 716 3549 ceres,
749 3495 806 3541 ut
840 3497 962 3542 ortu
1014 3505 1204 3544 carere
1256 3496 1538 3550 materiam
1600 3508 1856 3567 putares,
1893 3502 1966 3556 ita
2007 3519 2120 3556 rem

542 3576 742 3633 habere
805 3595 911 3633 non
959 3597 1165 3650 posse,
1217 3584 1467 3652 pluribus
1522 3590 1772 3658 equidem
1820 3583 2123 3648 rationibus

540 3663 905 3718 ostenderem.
924 3664 1080 3722 Nune
1107 3672 1364 3737 quoniam
1389 3675 1657 3731 malorum
1686 3682 2120 3749 procreationem

540 3753 683 3808 hanc
711 3756 806 3809 tibi
846 3760 1216 3827 susplcionem
1243 3765 1478 3821 movisse
1505 3769 1610 3834 ais,
1645 3771 1977 3841 singularem
1999 3790 2123 3843 pro-

538 3854 722 3915 pterea
756 3848 823 3901 de
864 3848 972 3905 illis
1000 3851 1431 3921 disputationem
1491 3858 1883 3916 instituendam
1912 3867 2119 3933 putavi.

537 3934 673 3991 Nam
699 3940 787 3994 ubi
808 3944 977 3996 semel
1010 3944 1342 4001 intellectum
1376 3950 1500 4015 erit,
1533 3955 1995 4021 quemadmodum
2027 3973 2124 4011 ex-

538 4028 705 4083 istant
753 4033 916 4098 mala,
967 4050 1032 4089 ac
1088 4037 1251 4091 simul
1283 4041 1375 4109 qui
1423 4040 1593 4097 Deum
1648 4048 1875 4100 materia
1958 4064 2120 4103 usum

536 4138 658 4179 esse
691 4123 857 4190 dicat,
914 4127 963 4180 ei
1014 4143 1235 4199 quoque
1294 4132 1466 4188 Deum
1520 4137 1789 4191 malorum
1838 4152 2117 4195 auctorem

540 4214 847 4269 habendum
899 4234 1021 4273 esse
1064 4224 1395 4292 constiterit,
1430 4236 1543 4281 tum
1583 4245 1691 4283 una
1747 4233 2118 4300 suSpicionem

538 4306 696 4360 istam
727 4307 971 4365 funditus
1003 4313 1279 4370 sublatum
1328 4318 1390 4371 iri
1423 4321 1698 4374 existimo.
1732 4320 1812 4376 Tu
1840 4339 1969 4394 ergo
1998 4340 2116 4378 ma-

2240 477 2513 542 ὲξετάζειν
2554 479 2654 541 δεῖ,
2693 479 2920 548 πότερον
2974 476 3050 537 ὡς
3107 475 3452 545 διισταμένου
3515 474 3680 529 αὑτοῦ
3730 476 3822 545 ἀφ’

2238 569 2452 632 ἑαυτοῦ,
2484 570 2577 622 καὶ
2602 569 2792 640 ὥσπερ
2825 570 2882 621 ὲν
2903 567 3024 639 ἀέρι
3056 566 3209 631 ζώων
3243 567 3475 638 ὑπάρχει
3501 568 3653 638 γένη,
3683 567 3822 620 διαι-

2240 664 2501 734 ρουμένου
2536 663 2630 716 καὶ
2673 662 3029 733 μεριζομένου
3061 659 3227 712 αὑτοῦ
3275 660 3354 722 εἰς
3388 658 3655 730 ὑποδοχὴν
3711 658 3823 711 τῶν

2237 755 2539 825 γινομένων
2568 753 2715 823 αύτῷ
2749 754 2880 824 (97),
2911 754 2944 824 ἢ
2974 753 3049 816 ὡς
3082 754 3139 804 ἐν
3182 750 3350 820 τόπῳ,
3402 750 3680 805 τουτέστιν
3711 748 3822 802 ῶσ-

2237 865 2343 917 περ
2369 850 2425 900 ὲν
2450 850 2520 917 γῇ
2554 846 2720 917 ὕδωρ.
2769 846 2832 898 Εἰ
2892 844 2989 915 μὲν
3019 843 3128 914 γάρ
3165 841 3436 912 εἴποιμεν,
3483 842 3558 905 ὡς
3584 842 3641 893 ἐν
3670 842 3815 912 ἀέρι,

2239 938 2495 1010 μεριστὸν
2525 939 2741 1007 ἀνάγκη
2772 935 2864 988 τὸν
2911 935 3047 987 Θεὸν
3106 934 3299 986 εἰπεῖν·
3367 935 3413 986 εί
3467 932 3512 984 δ’
3544 931 3733 1000 ῶσπερ
3760 934 3822 986 ὲν

2235 1033 2305 1100 γῇ
2341 1029 2402 1081 τδ
2443 1028 2609 1099 vlup,
2648 1024 2714 1099 ἦν
2743 1027 2798 1079 δὲ
2831 1027 3063 1089 ἄτακτος
3108 1027 3141 1096 ἢ
3192 1024 3292 1096 ὕλη
3340 1025 3433 1077 καὶ
3486 1023 3818 1094 ἀκόσμητος,

2237 1121 2372 1193 πρὸς
2398 1120 2462 1190 δὴ
2490 1120 2700 1182 τούτοις
2746 1117 2945 1182 ἔχουσα
2994 1118 3088 1169 καὶ
3127 1116 3295 1178 κακὲ,
3347 1115 3438 1167 τὸν
3481 1114 3611 1168 Θεὸν
3642 1114 3821 1183 λέγειν

2235 1214 2447 1283 ἀνάγκη
2476 1211 2639 1264 τόπον
2677 1206 2816 1263 εἶναι
2853 1208 2962 1260 τῶν
2987 1208 3313 1279 ἀκοσμήτων
3341 1208 3436 1260 καὶ
3464 1206 3573 1259 τῶν
3607 1206 3817 1261 κακῶν.

2238 1306 2412 1376 Ὅπερ
2435 1305 2534 1357 ούκ
2593 1303 2837 1373 εὑφημον
2886 1296 3025 1355 εἷναί
3081 1318 3169 1371 μοι
3216 1301 3381 1361 δοκεῖ,
3442 1298 3820 1367 ὲπισφαλὲςδὲ

2238 1399 2459 1470 μᾶλλον.
2499 1396 2671 1467 ’Ὕλην
2702 1395 2810 1467 γάρ
2848 1390 2989 1447 εἶναι
3048 1392 3222 1456 Θέλεις
3274 1392 3407 1462 (98),
3466 1392 3553 1444 ἵνα
3609 1390 3682 1461 μὴ
3708 1390 3819 1442 τῶν

2235 1490 2419 1544 κακῶν
2449 1488 2675 1560 ποιητὴν
2728 1487 2888 1557 εἴπης
2940 1486 3032 1538 τὸν
3082 1484 3234 1550 Θεὸν,
3262 1485 3357 1537 καὶ
3398 1482 3556 1536 τοῦτο
3599 1482 3822 1551 φεύγειν

2236 1580 2687 1653 προαιρούμενος,
2737 1578 2941 1649 δοχεῖον
2989 1576 3150 1631 αὑτὸν
3187 1576 3295 1629 τῶν
3340 1575 3526 1630 κακῶν
3567 1571 3702 1628 εἶναι
3727 1574 3818 1628 λέ·-

2234 1690 2372 1741 γεις.
2398 1674 2459 1725 Εἰ
2502 1672 2599 1742 μὲν
2625 1669 2717 1724 οὖν
2751 1670 2847 1740 τὴν
2877 1669 3007 1741 ὓλην
3040 1670 3103 1722 ἐκ
3122 1668 3228 1727 τῶν
3256 1668 3603 1721 ὑποστάντων
3626 1683 3820 1738 γεννη-

2233 1764 2340 1817 τῶν
2380 1764 2628 1816 ὑπονοεῖν
2657 1760 2947 1831 ἀγέννητον
2994 1760 3257 1831 ὑπάρχειν
3299 1757 3502 1825 ἔλεγες,
3556 1756 3723 1809 πολὺν
3751 1756 3820 1809 ἂν

2237 1853 2361 1922 περὶ
2392 1851 2557 1921 αὐτῆς
2583 1848 2925 1920 ἐποιησάμην
2968 1847 3145 1917 λόγον,
3173 1850 3253 1911 είς
3282 1845 3552 1911 ἀπόδειξιν
3591 1846 3706 1909 τοῦ,
3735 1847 3819 1900 ὃτι

2233 1941 2489 1996 ciC-Sarmata
2517 1940 2782 2011 ὑπάρξειν
2804 1940 2991 2011 αὑτήν·
3025 1940 3145 1992 ἐπεὶ
3172 1938 3228 1991 δὲ
3261 1937 3359 2008 τὴν
3385 1939 3495 1991 τῶν
3517 1938 3701 1992 κακῶν
3732 1939 3823 2007 γέ-

2231 2051 2378 2088 νεσιν
2404 2032 2582 2088 αἰτίαν
2616 2032 2828 2103 ἔφησθα
2861 2028 2998 2085 εἶναι
3022 2031 3121 2101 τῆς
3149 2031 3404 2101 τοιαύτης
3434 2031 3707 2095 ὑπονοίας,
3728 2031 3820 2084 διά

2230 2127 2373 2180 τοῦτ’
2401 2127 2491 2179 ἐπὶ
2519 2126 2619 2195 τὴν
2648 2126 2893 2192 ἐξέτασιν
2912 2124 3115 2177 τούτων
3142 2122 3358 2193 ἔχεσθαί
3402 2123 3512 2193 (99)
3542 2139 3631 2194 μοι
3651 2122 3812 2175 δοκῶ.

2229 2220 2468 2292 Φανεροῦ
2499 2220 2608 2293 γὰρ
2648 2219 2943 2290 γενομένου
3003 2218 3097 2273 τοῦ
3127 2220 3308 2289 λόγου,
3364 2220 3485 2274 καθ’
3507 2218 3567 2272 εν
3617 2219 3817 2290 τρόπον

2230 2312 2349 2364 ἐστὶ
2382 2311 2448 2364 τά
2470 2311 2634 2373 κακά,
2666 2312 2759 2364 καὶ
2787 2313 2868 2363 ὅτι
2889 2312 2986 2381 οὑχ
3008 2305 3118 2364 οἶόν
3156 2328 3214 2364 τε
3257 2313 3405 2365 ἐστὶν
3442 2312 3683 2365 ἀναίτιον
3707 2310 3816 2364 τῶν

2230 2398 2417 2451 κακῶν
2442 2400 2615 2451 εἰπεῖν
2664 2398 2753 2450 τόν
2800 2399 2951 2461 Θεὸν,
2983 2400 3046 2452 ὲκ
3078 2398 3171 2453 τοῦ
3211 2398 3344 2471 ὑλην
3372 2398 3533 2453 αὑτὸν
3569 2398 3817 2452 ὑποτιθέ-

2230 2508 2338 2551 ναι,
2365 2491 2463 2562 τὴν
2494 2490 2747 2561 τοιαύτην
2803 2491 3058 2544 ὑπόνοιαν
3117 2491 3453 2563 ἀναιρεῖσθαί
3499 2510 3589 2563 μοι
3644 2492 3810 2546 δοκεῖ.

2226 2580 2335 2650 Φῄς
2362 2580 2541 2633 τοίνυν
2570 2581 2757 2634 ἄποιον
2808 2579 2938 2650 ὓλην
2992 2581 3359 2651 συνυπάρχειν
3386 2581 3464 2652 τῷ
3485 2582 3623 2653 Θεῷ,
3660 2583 3718 2650 ἐξ
3747 2578 3815 2654 ἧς

2226 2671 2381 2741 τήνδε
2402 2670 2496 2723 τοῦ
2530 2671 2735 2741 κόσμου
2776 2671 2989 2738 γένεσιν
3044 2672 3498 2744 ἐδημιούργησεν.
3531 2672 3688 2727 Οῦτω
3722 2690 3813 2743 μοι

2225 2761 2391 2814 δοκεῖ.
2427 2760 2636 2814 Οὐκοῦν
2676 2763 2725 2814 εἰ
2752 2761 2942 2825 ἄποιος
2984 2761 3280 2833 ἐτύγχανεν
3328 2765 3361 2835 ὴ
3389 2761 3511 2835 ὑλη,
3544 2764 3733 2832 γέγονε
3755 2764 3813 2817 δὲ

2227 2852 2428 2922 κόσμος
2462 2853 2598 2923 πρὸς
2626 2851 2717 2905 τοῦ
2739 2852 2895 2918 Θεοῦ,
2922 2854 2981 2906 ὲν
3013 2852 3069 2906 δὲ
3097 2853 3176 2925 τῷ
3204 2856 3393 2925 κόσμῳ
3422 2856 3478 2907 αἱ
3508 2857 3809 2927 ποιότητες,

2226 2944 2333 2997 τῶν
2368 2947 2666 3014 ποιοτήτων
2716 2944 2938 3015 ποιότης
2993 2944 3069 3014 (Ι)
3104 2945 3324 3014 γέγονεν
3362 2948 3391 2999 ὁ
3432 2948 3581 3010 Θεός.
3626 2947 3812 3012 υῦτως

2227 3034 2358 3105 ἔχει.
2397 3036 2548 3087 Ἐπεὶ
2581 3034 2636 3087 δέ
2663 3050 2754 3087 σου
2778 3036 2872 3088 καὶ
2890 3035 3137 3103 λέγοντος
3160 3035 3470 3108 ἔμπροσθεν
3492 3038 3707 3108 ἢκουον,
3733 3039 3810 3101 ὠς

2225 3126 2481 3180 ἀδύνατον
2505 3124 2563 3191 ὲξ
2588 3126 2686 3178 οὑκ
2713 3126 2880 3179 όντων
2915 3126 3158 3195 γίνεσθαί
3202 3145 3275 3193 τι,
3312 3127 3446 3200 πρὸς
3468 3130 3566 3201 τὴν
3601 3129 3809 3201 ἐρώτη-

2226 3235 2309 3271 σιν
2339 3219 2629 3290 ἀπόκριναι
2650 3218 2748 3289 τὴν
2774 3220 2931 3290 ἐμήν.
2974 3222 3161 3284 Δοκεῖς
3195 3238 3283 3291 μοι
3316 3222 3413 3286 τὰς
3471 3222 3564 3276 τοῦ
3604 3224 3810 3295 κόσμου

2225 3309 2513 3380 ποιότητας
2548 3310 2621 3382 μὴ
2679 3310 2739 3374 ἐξ
2772 3311 3149 3381 ὑποκειμένων
3183 3315 3481 3384 ποιοτήτων
3530 3315 3811 3383 γεγονέναι

2222 3400 2417 3463 δοκεῖν,
2464 3401 2653 3474 ἓτερον
2696 3402 2752 3457 δέ
2778 3420 2830 3456 τι
2861 3405 3012 3476 παρά
3064 3404 3164 3469 τάς
3207 3406 3395 3469 οὐσίας
3423 3406 3688 3476 ὑπάρχειν
3713 3407 3810 3460 αὑ⁴

2221 3493 2339 3556 τάς.
2366 3492 2551 3557 Οῦτως
2584 3493 2717 3563 ἔχει.
2743 3495 2805 3547 El
2837 3496 2934 3566 μὲν
2959 3492 3051 3550 οὖν
3076 3497 3148 3568 μὴ
3179 3496 3237 3563 ἐξ
3264 3497 3633 3567 ὑποκειμένων
3660 3515 3809 3551 ποιο-

2221 3583 2401 3652 τήτων
2469 3583 2565 3647 τὰς
2616 3585 2910 3657 ποιότητας
2944 3585 3372 3658 ἐδημιούργησεν
3410 3587 3439 3639 ὁ
3481 3585 3632 3649 Θεὸς,
3666 3588 3805 3657 μήτε

2223 3674 2411 3727 ἐκτῶν
2439 3677 2658 3738 ούσιῶν,
2687 3677 2763 3748 τῷ
2795 3678 2927 3748 μηδὲ
2954 3677 3139 3740 ούσίας
3197 3678 3365 3740 αὑτὰς
3406 3674 3543 3730 εἶναι
3613 3677 3679 3730 ὲκ
3732 3678 3807 3750 μὴ

2221 3762 2389 3816 όντων
2406 3765 2573 3829 αὑτὰς
2589 3767 2694 3820 ὑπὸ
2721 3768 2815 3820 τοῦ
2836 3767 2970 3820 Θεοῦ
2986 3767 3264 3836 γεγονέναι
3288 3768 3460 3820 εἰπεῖν
3487 3768 3804 3835 ἀναγκαῖον.

2227 3855 2385 3909 Ὅθεν
2415 3857 2684 3929 περιττῶς
2717 3859 2922 3923 ἐδόκεις
2950 3877 3040 3929 μοι
3061 3860 3259 3927 λέγειν·
3301 3858 3705 3927 συλλελόγισται
3732 3859 3808 3922 ῶς

2221 3947 2320 4001 οὑκ
2346 3948 2605 4002 ἀδύνατον
2636 3950 2709 4020 (9.)
2747 3947 2881 4004 εἶναι
2906 3951 3150 4016 δοξάζειν
3184 3951 3242 4017 ἐξ
3275 3952 3373 4003 οὑκ
3402 3949 3808 4018 ὅντωνγεγονέ-

2221 4055 2307 4091 ναι
2339 4056 2389 4091 τι
2434 4040 2570 4111 πρὸς
2603 4040 2696 4094 τοῦ
2748 4040 2903 4094 Θεοῦ.
2952 4041 3090 4094 Ἀλλ’
3138 4043 3167 4095 ὁ
3204 4041 3302 4111 μὲν
3355 4042 3431 4109 (3)
3465 4042 3591 4112 περὶ
3617 4040 3805 4093 τούτου

2220 4129 2378 4198 λόγος
2417 4125 2519 4184 ὦδε
2548 4133 2739 4202 ἐχέτω.
2785 4135 2896 4187 Καὶ
2933 4133 3042 4206 γάρ
3075 4134 3204 4205 παρ’
3237 4136 3369 4205 ἡμῖν
3391 4133 3465 4204 (6)
3495 4132 3805 4204 θεωροῦμεν

2222 4220 2540 4293 ἀνθρώπους
2573 4224 2632 4287 ἐξ
2661 4225 2760 4277 οὑκ
2787 4225 2956 4279 ὅντων
2981 4225 3267 4289 ποιοῦντάς
3322 4242 3465 4290 τινα,
3508 4227 3555 4277 εί
3601 4225 3695 4277 καὶ
3720 4225 3804 4277 ὃτι

2225 4313 2457 4382 μάλιστα
2486 4314 2701 4367 δοκοῦσι
2735 4319 2907 4368 ποιεῖν
2964 4316 3020 4368 ἐν
3064 4332 3189 4380 τινι,
3217 4311 3328 4369 οἷον
3370 4317 3463 4368 ἐπὶ
3510 4315 3620 4368 τῶν
3648 4317 3805 4386 ἀρχι-

538 4399 730 4450 teriam
784 4400 854 4461 ab
892 4403 1042 4456 omni
1093 4408 1358 4474 qualitate
1412 4426 1666 4478 vacuam,
1720 4430 1784 4468 ex
1840 4432 1946 4484 qua
1980 4415 2118 4473 Deus

2226 4407 2487 4460 τεκτόνων
2515 4408 2574 4461 τὸ
2616 4411 2965 4482 παράδειγμα
2997 4408 3268 4480 λάϐωμεν.
3329 4408 3435 4461 Καὶ
3488 4408 3598 4479 γὰρ
3657 4404 3804 4462 οῦτοι

537 4490 801 4544 mundum
836 4491 982 4547 hunc
1020 4499 1343 4565 procrearit,
1368 4516 1493 4556 cum
1524 4520 1591 4559 eo
1618 4505 1781 4559 simul
1832 4523 1954 4562 esse
1985 4524 2117 4562 con-

538 4580 737 4635 tendis.
777 4580 853 4636 lta
880 4584 1008 4638 mihi
1050 4588 1268 4656 quidem
1317 4591 1556 4647 videtur.
1610 4594 1748 4666 Ergo
1780 4597 1825 4651 si
1866 4598 1935 4651 ab
1965 4598 2115 4652 omni

536 4673 801 4741 qualitate
824 4691 991 4731 vacua
1029 4680 1257 4735 materia
1304 4680 1428 4750 fuit,
1490 4697 1540 4739 et
1576 4695 1897 4756 procreatus
1940 4704 1970 4742 a
2007 4687 2116 4742 Deo

612 4827 726 4913 £93)
752 4828 1116 4913 ,ζῆνομένῖων
1138 4832 1344 4913 ,αὐτῷ
1366 4833 1426 4913 ἓν·
1452 4837 1751 4913 γικιφμένων
1786 4841 1846 4913 ἐν
1869 4841 2038 4913 αὐτῷ·

608 4898 720 4981 (νδ)
752 4899 935 4981 Ὕᾴηγ⁸
964 4901 1076 4970 γὰρ
1105 4898 1257 4981 εἶναι
1281 4898 1495 4981 θέλεις.
1528 4898 1922 4976 Disputationis
1953 4898 2116 4981 hujus

536 4969 703 5024 cardo
738 4969 993 5051 postulat,
1019 4982 1077 5026 ut
1108 4973 1421 5051 ἀγέννητον-
1439 4969 1740 5051 inseratur;
1769 4995 1999 5051 eamque
2022 4969 2119 5037 ζο-

537 5054 655 5093 cem
690 5041 939 5107 proxime
972 5041 1363 5107 consequentia
1392 5046 1723 5102 desiderant.

609 5110 725 5185 (99)
779 5112 1080 5185 Ἕχεσθαι.
1138 5113 1458 5185 Corrigend.
1516 5133 1581 5169 ex
1642 5120 1799 5175 alter.
1858 5135 2110 5177 manusc.

535 5178 817 5258 ἔρχεσθαι,
840 5178 1004 5258 quam
1040 5178 1438 5258 lee_tion.eﬁan_1
1471 5186 1704 5243 Montac.
1738 5201 2111 5258 repra‘sentat.

639 5253 684 5331 Ι.)
722 5253 1037 5331 Ποιότητες
1066 5253 1183 5308 τῶν
1214 5255 1545 5331 ποιοτήτων
1582 5253 1842 5326 maxime.
1888 5260 2027 5331 Lege
2062 5273 2117 5319 et

537 5319 829 5442 distingue,
871 5319 1182 5396 ποιότητες,
1217 5324 1327 5377 τῶν
1357 5319 1658 5399 ποιοτήτων
1691 5319 2113 5402 ποιητής,”ριιιιι

538 5407 568 5442 a
621 5429 634 5442 .
665 5406 912 5442 manusc.

538 5398 634 5444 all.
665 5406 912 5446 manusc.

604 5458 681 5528 (‘2)
720 5464 1187 5544 Euidaldym'rm
1203 5467 1410 5544 ᾠςρύκ
1432 5468 1604 5522 ἀδύν.
1630 5486 1685 5525 κ.
1705 5488 1754 5523 τ.
1776 5473 1823 5544 λ.
1846 5471 2113 5544 Corrupta

537 5531 639 5613 ista
659 5542 837 5613 sunt...
852 5549 950 5613 nec
990 5531 1204 5613 saniora
1239 5531 1327 5613 illa
1382 5555 1680 5613 manuscr.,
1712 5531 2114 5613 συλλελόγισται

535 5599 727 5683 ᾠςόὑκ
775 5600 1039 5683 ἀδύρδατον
1063 5606 1126 5683 ἐξ
1146 5608 1252 5683 ρύκ
1285 5608 1451 5683 όντων
1472 5599 1803 5683 δημιουργὸν
1826 5614 1915 5666 τὸν
1944 5599 2113 5678 ’Θεὸν,

535 5669 795 5726 ἀδύνατον
837 5667 970 5728 εἶναι
1012 5667 1223 5741 δοξάζ.,
1256 5689 1358 5732 etc.
1393 5667 1572 5735 Facile
1622 5667 1801 5740 ta'iu'en
1831 5667 2111 5742 emendari

2220 4499 2433 4552 ποιοῦσι
2458 4500 2641 4565 πόλεις
2666 4503 2764 4555 οὑκ
2790 4504 2854 4555 ὲκ
2882 4502 3109 4564 πόλεων,
3150 4502 3243 4555 καὶ
3280 4501 3441 4563 ναοὺς
3468 4501 3671 4570 ὁμοίως
3703 4502 3804 4554 οὑκ

2218 4592 2280 4645 ὲκ
2308 4593 2469 4646 ναῶν.
2502 4594 2563 4646 Et
2585 4593 2630 4646 δ’
2667 4596 2747 4648 ὅτι
2774 4593 2985 4658 τούτοις
3016 4595 3194 4647 οὐσίαι
3246 4593 3583 4655 ὑπόκεινται,
3613 4592 3713 4645 οἴει
3743 4593 3804 4658 ἐξ

2215 4683 2384 4737 όντων
2403 4685 2598 4749 αὐτοὺς
2620 4686 2794 4740 ταῦτα
2820 4691 3013 4750 ποιεῖν,
3041 4684 3250 4756 σφάλλη
3271 4684 3350 4755 τῷ
3376 4684 3538 4756 λόγῳ·
3557 4684 3677 4738 οὑδὲ
3693 4684 3805 4756 γάρ

2213 4864 2543 4988 ἐξεπιιὲιεί
2570 4865 2787 4936 legeris,
2818 4865 2893 4931 ὡς
2924 4864 3331 4933 συλλελόγισται
3364 4860 3627 4917 ἀδύνατον
3657 4861 3801 4918 εἶναι

2274 4970 2300 4988 ..
2342 4966 2418 4988 ι...
2504 4952 2551 4987 c.

2605 5007 2638 5058 ὀ
2668 5003 2804 5074 μέν.
2839 5003 3138 5063 Coneessio
3182 5019 3292 5060 non
3337 5013 3455 5071 est,
3497 5004 3595 5062 sed
3638 5005 3802 5075 quasi

2215 5080 2508 5207 "125)”;le
2542 5143 2652 5214 γὰρ
2681 5146 2820 5213 παρ’
2855 5145 3019 5214 ἡμῖν.
3069 5143 3368 5201 Subtiliora
3417 5153 3584 5211 sunt,
3627 5159 3798 5214 quam

2218 5214 2478 5268 solidiora
2501 5255 2515 5279 ,
2548 5231 2672 5284 qua:
2705 5227 3027 5283 sequuntur.
3072 5215 3183 5272 Nec
3229 5218 3373 5271 enim
3408 5214 3632 5277 ὑλώδεις
3671 5215 3796 5279 isti,

2215 5284 2479 5338 mundum
2520 5300 2587 5339 ex
2632 5285 2738 5339 alio
2772 5286 3012 5348 mundo,
3062 5287 3155 5341 sed
3204 5301 3269 5341 ex
3327 5286 3555 5341 materia
3587 5285 3796 5341 factum

2213 5355 2502 5425 volebant;
2550 5363 2603 5409 et
2649 5355 2821 5418 satis,
2863 5356 3095 5425 Opinor,
3140 5355 3435 5419 vidissent,
3483 5365 3631 5410 artes
3674 5356 3801 5411 illas

2217 5424 2544 5507 singulares
2568 5440 2633 5480 ac
2669 5424 2937 5507 proprias,
2979 5441 3089 5507 non
3137 5426 3250 5507 jam
3280 5441 3348 5480 ex
3376 5426 3547 5507 nibilo
3574 5436 3800 5507 repente

2217 5494 2366 5565 nasci
2389 5534 2404 5558 ,
2451 5494 2545 5550 sed
2574 5494 2685 5549 acri
2712 5495 2914 5559 studio,
2942 5494 3243 5552 continenti
3274 5511 3402 5560 usu,
3438 5496 3687 5565 improbo
3714 5496 3801 5550 la-

2215 5562 2370 5644 bore,
2405 5580 2471 5619 ac
2499 5565 2761 5690 siﬁmjlium
2795 5567 2997 5622 artium
3022 5567 3330 5624 imitatione
3356 5562 3621 5637 paulatim
3647 5568 3801 5623 exci-

2215 5643 2317 5688 tari
2346 5650 2409 5691 ac
2434 5651 2517 5706 per
2571 5653 2638 5691 Cl.
