4166 6464
375 345 482 399 575

1598 343 1919 400 ΡΒίΕΡΑΡι.
1960 342 2216 401 EVANG.
2255 343 2386 403 LIB.
2428 343 2541 401 VII.

3541 347 3647 406 δτι

375 459 408 528 ή
439 459 595 511 οὐσία
630 458 776 511 ἐστὶν
808 457 842 529 ὴ
876 456 1101 511 ποιοῦσα
1127 456 1224 530 τὴν
1256 457 1430 523 πόλιν,
1465 459 1499 530 ἢ
1528 454 1594 512 αὖ
1623 462 1749 524 τοὺς
1781 462 1952 525 ναοὺς,

2070 465 2307 514 mundus
2341 471 2451 526 est,
2475 468 2530 514 et
2565 459 2852 531 qualitates
2899 459 2953 513 in
3002 459 3206 517 mundo
3228 469 3374 527 sunt,
3416 462 3644 519 istarum

374 551 538 621 ἀλλ’ἢ
567 552 694 623 περὶ
709 549 805 622 τὴν
827 550 1013 603 οὐσίαν
1028 550 1209 621 τέχνη·
1240 552 1274 622 ἡ
1296 551 1352 604 δὲ
1369 553 1529 624 τέχνη
1552 554 1653 606 οὐκ
1664 554 1724 618 ἐξ
1743 554 1965 607 ὑποκει-

377 641 545 714 μένης
566 640 712 704 τινὸς
744 641 803 692 ὲν
841 642 960 703 ταῖς
1005 640 1215 703 οὐσίαις
1252 640 1449 712 τέχνης
1478 641 1708 709 γίνεται,
1760 642 1876 696 ἀλλ’
1906 642 1965 710 ἐξ

375 735 476 787 οὐκ
503 731 670 802 οὔσης
702 733 759 784 ὲν
783 732 975 795 αὐταῖς
994 731 1227 800 γίνεται.
1278 733 1634 803 Ἀπαντήσειν
1671 732 1729 786 δέ
1757 750 1848 805 μοι
1874 734 1965 787 δο-

375 827 494 888 κεῖς
536 822 678 877 οὕτω
711 822 788 893 τῷ
815 823 977 894 λόγῳ,
1005 824 1086 876 ὅτι
1114 823 1142 874 ὁ
1161 823 1413 895 τεχνίτης
1438 823 1497 891 ἐξ
1528 820 1595 896 ἦς
1624 823 1737 894 ἔχει
1768 825 1965 897 τέχνης

373 922 471 993 τὴν
505 923 562 975 ὲν
592 923 658 992 τῇ
683 920 841 992 οὐσίᾳ
868 920 1063 991 τέχνην
1084 922 1248 973 ποιεῖ.
1284 919 1428 991 Πρὸς
1451 919 1508 973 δὲ
1529 920 1688 973 τοῦτο
1709 920 1963 989 λέγεσθαι

373 1014 516 1068 τοῦτ’
546 1009 605 1068 εὖ
632 1014 774 1085 ἔχειν
800 1031 890 1085 μοι
917 1012 1082 1078 δοκεῖ,
1115 1014 1195 1066 ὅτι
1247 1013 1367 1067 οὐδὲ
1397 1015 1455 1066 ἐν
1477 1012 1554 1084 τῷ
1603 1012 1874 1085 ἀνθρώπῳ
1900 1014 1964 1068 ἐκ

373 1122 516 1168 τινος
546 1105 909 1175 ὑποκειμένης
963 1104 1160 1175 τέχνης
1205 1104 1432 1172 γίνεται.
1469 1105 1542 1157 Οὐ
1591 1103 1700 1176 γὰρ
1754 1104 1962 1157 ἔνεστιν

374 1201 539 1272 αὐτὴν
563 1203 647 1271 ἐφ’
683 1201 881 1270 ὲαυτῆς
906 1195 1070 1254 οὖσαν
1104 1199 1287 1253 δοῦναι
1330 1200 1429 1270 τὴν
1470 1200 1681 1270 τέχνην·
1719 1198 1827 1253 τῶν
1852 1198 1961 1271 γὰρ

375 1292 796 1364 συμϐεϐηκότων
824 1292 962 1355 ἐστὶ,
1004 1293 1099 1345 καὶ
1153 1291 1259 1345 τῶν
1310 1292 1428 1345 τότε
1452 1292 1515 1345 τὸ
1561 1287 1699 1345 εἶναι
1745 1291 1959 1363 λαμϐα-

371 1382 589 1447 νόντων,
629 1382 829 1437 ὁπόταν
855 1383 912 1435 ὲν
942 1382 1099 1453 οὐσίᾳ
1128 1383 1405 1450 γίνωνται.
1461 1383 1518 1436 '0
1555 1383 1653 1453 μὲν
1704 1382 1813 1453 γὰρ
1863 1383 1959 1436 ἄν-

372 1474 588 1547 θρωπος
615 1476 707 1528 καὶ
740 1475 908 1545 χωρὶς
929 1474 1033 1545 τῆς
1059 1475 1505 1546 ἀρχιτεκτονικῆς
1536 1473 1706 1526 ἔσται·
1728 1474 1761 1543 ἡ
1793 1472 1836 1526 δ’
1860 1472 1959 1525 οὐκ

370 1564 541 1627 ἔσται,
567 1564 659 1618 ἐὰν
679 1564 753 1636 μὴ
780 1563 1041 1636 πρότερον
1072 1564 1357 1636 ἄνθρωπος
1390 1560 1616 1639 ᾖ.”Οθεν
1641 1562 1740 1627 τὰς
1764 1562 1958 1633 τέχνας

369 1652 427 1719 ἐξ
459 1653 559 1706 οὐκ
590 1652 759 1706 ὄντων
790 1655 870 1717 είς
899 1652 1217 1725 ἀνθρώπους
1244 1653 1545 1723 πεφυκέναι
1573 1653 1818 1723 γίνεσθαι
1872 1652 1959 1705 λέ-

367 1761 483 1813 γειν
508 1746 824 1813 ἀναγκαῖον.
859 1746 921 1798 Εἰ
947 1746 1126 1799 τοίνυν
1179 1745 1338 1798 τοῦτο
1384 1744 1556 1809 οὕτως
1595 1745 1716 1815 ἔχον
1747 1745 1835 1797 ἐπ’
1863 1747 1956 1798 ἀν-

2069 551 2313 622 profecto
2348 552 2672 621 qualitatum
2707 560 2899 606 auctor
2929 550 3072 607 Deus
3096 562 3199 609 est.
3229 550 3446 623 Utique.
3493 553 3644 622 Quo-

2068 644 2217 697 niam
2247 644 2412 716 igitur
2442 659 2508 697 ex
2543 652 2595 698 te
2630 644 2749 712 ipso
2777 644 2941 713 paulo
2968 655 3093 700 ante
3124 646 3430 714 audiebam,
3454 663 3522 703 ex
3567 651 3647 703 ni-

2067 736 2180 791 hilo
2202 736 2317 790 ﬁeri
2355 734 2495 789 nihil
2520 735 2745 789 omnino
2790 749 2974 803 posse,
3014 736 3119 792 hoc
3146 746 3200 791 tu
3247 738 3380 791 mihi
3424 755 3645 809 respon-

2065 826 2200 880 deas
2225 825 2410 879 velim.
2461 824 2777 888 Existimas,
2819 826 2873 878 ni
2905 825 3085 890 fallor,
3130 828 3319 882 mundi
3353 830 3643 898 qualitates

2064 934 2242 988 neque
2276 918 2539 986 subjectis
2565 933 2629 972 ex
2656 918 3009 988 qualitatibus
3032 919 3203 976 factas
3229 936 3370 988 esse,
3395 931 3640 978 ettamen

2064 1010 2328 1064 anaturis
2358 1024 2482 1064 esse
2512 1010 2800 1078 distinctas
2851 1012 3093 1065 omnino.
3140 1011 3197 1067 Si
3238 1029 3366 1083 ergo
3403 1015 3641 1084 qualita-

2066 1109 2150 1155 tes
2182 1117 2210 1155 a
2242 1099 2371 1165 Deo,
2425 1116 2602 1170 neque
2636 1100 2903 1169 subjectis
2935 1117 3000 1155 ex
3037 1104 3412 1171 qualitatibus,
3464 1120 3643 1174 neque

2066 1193 2237 1246 etiam
2263 1207 2328 1247 ex
2355 1192 2572 1246 naturis
2597 1192 2877 1261 productae
2928 1193 3056 1257 sint,
3094 1194 3238 1263 quod
3274 1204 3483 1248 naturze
3531 1210 3641 1248 non

2061 1285 2193 1348 sint,
2222 1300 2315 1339 eas
2344 1302 2410 1339 ex
2450 1286 2624 1340 nihilo
2649 1296 2797 1340 certe
2829 1287 3047 1357 quidem
3068 1287 3364 1356 productas
3393 1302 3514 1342 esse
3544 1304 3640 1342 ne-

2061 1394 2215 1433 cesse
2240 1387 2344 1432 est.
2378 1377 2579 1444 Quare,
2613 1376 2843 1444 frustra,
2889 1379 3104 1449 opinor,
3134 1381 3242 1434 tuis
3267 1381 3318 1435 id
3347 1396 3641 1449 argumen-

2062 1468 2131 1523 tis
2159 1468 2408 1524 eﬁ‘ectum
2439 1484 2561 1525 esse
2585 1470 2827 1536 dicebas,
2863 1472 2997 1524 nihil
3046 1482 3107 1524 ut
3160 1472 3384 1525 omnino
3407 1471 3549 1526 Deus
3573 1488 3641 1526 ex

2059 1561 2230 1615 nihilo
2264 1561 2473 1617 ellicere
2500 1562 2745 1630 potuisse
2775 1564 3106 1618 crederetur.
3140 1562 3464 1634 Quanquam
3496 1566 3643 1620 hunc

2057 1652 2221 1705 etiam
2261 1653 2314 1706 in
2351 1653 2573 1707 modum
2604 1654 2704 1708 hac
2735 1654 2850 1723 ipsa
2876 1655 2943 1709 de
2984 1670 3042 1708 re
3070 1655 3349 1724 disputare
3380 1646 3522 1710 licet.
3557 1656 3642 1712 Ab

2059 1743 2372 1798 hominibus
2400 1744 2672 1798 interdum
2703 1746 2970 1811 videmus,
3023 1761 3090 1799 ex
3166 1761 3252 1809 eo,
3306 1748 3452 1816 quod
3508 1764 3641 1803 nus-

367 1837 600 1910 θρώπων
629 1838 933 1909 ἐδείξαμεν,
964 1837 1082 1901 πῶς
1123 1836 1243 1908 οὐχὶ
1304 1837 1547 1907 προσῆκε
1587 1836 1678 1888 τὸν
1715 1835 1846 1889 Θεὸν
1876 1836 1951 1907 μὴ

2055 1849 2218 1903 quam
2249 1847 2359 1900 est,
2390 1836 2652 1889 nonnulla
2682 1836 2819 1902 ﬁeri,
2852 1845 2911 1889 ut
2939 1836 2991 1889 in
3027 1837 3134 1889 alio
3166 1838 3422 1906 quopiam
3454 1853 3641 1893 susce-

368 1931 525 2001 μόνον
555 1932 845 2001 ποιότητας
870 1931 930 1995 ἐξ
953 1930 1053 1984 οὐκ
1079 1931 1245 1984 ὅντων
1276 1930 1439 2000 φάναι
1465 1929 1723 1983 δύνασθαι
1754 1933 1947 1991 ποιεῖν,

363 2021 500 2075 ἀλλὰ
529 2023 622 2074 καὶ
647 2022 834 2085 οὐσίας
858 2037 874 2086 ;
902 2021 975 2073 Τὸ
1013 2021 1122 2092 γὰρ
1152 2020 1376 2074 δυνατὸν
1434 2020 1669 2091 φανῆναι
1706 2020 1951 2088 γίνεσθαί

363 2130 415 2166 τι
470 2114 529 2179 ἐξ
562 2114 661 2168 οὐκ
714 2114 905 2177 ὄντων,
964 2114 1026 2166 τὸ
1081 2113 1175 2166 καὶ
1218 2111 1315 2176 τὰς
1359 2112 1547 2176 οὐσίας
1593 2112 1765 2177 οὕτως
1810 2110 1952 2182 ἔχειν

360 2206 654 2260 δείκνυται.

2056 1937 2208 1995 ptum
2234 1942 2374 1997 opus
2408 1926 2625 1982 efﬁcere
2688 1929 2927 1982 maxime
2957 1928 3263 1982 videantur.
3296 1927 3453 1993 Nam,
3489 1938 3547 1983 ut
3585 1929 3640 1983 in

2060 2018 2374 2073 architectis
2404 2019 2711 2088 exemplum
2737 2030 3064 2086 statuamus,
3100 2022 3261 2076 urbes
3296 2021 3369 2075 illi
3394 2021 3639 2091 quidem,

2061 2127 2169 2166 non
2191 2119 2371 2165 tamen
2390 2126 2456 2164 ex
2486 2111 2746 2178 urbibus;
2770 2114 2969 2182 templa
2997 2129 3234 2182 quoque,
3270 2128 3378 2167 non
3409 2128 3474 2167 ex
3503 2123 3641 2168 tem-

2064 2203 2168 2272 plis
2196 2203 2487 2257 aediﬁcant.
2541 2202 2597 2257 Si
2647 2205 2790 2257 enim
2820 2204 2966 2273 quod
3025 2205 3346 2259 substantia:
3390 2207 3637 2275 quadam

360 2297 431 2351 iis
464 2298 719 2368 subjecta
748 2298 876 2362 sint,
902 2297 1026 2352 illos
1072 2296 1277 2352 idcirco
1301 2311 1364 2350 ex
1399 2295 1466 2351 iis
1505 2310 1627 2365 quae
1646 2303 1774 2349 ante
1818 2294 1929 2363 jam
1979 2303 2184 2361 essent,
2222 2298 2325 2351 ista
2359 2295 2541 2351 moliri
2588 2297 2907 2364 existimes,
2978 2307 3131 2352 tuum
3166 2308 3219 2352 te
3264 2297 3400 2351 fallit
3474 2313 3637 2370 argu-

363 2403 627 2448 mentum.
659 2395 769 2450 Nee
795 2395 939 2449 enim
965 2393 1235 2463 ejusmodi
1266 2392 1594 2454 substantia,
1628 2391 1706 2446 vel
1728 2391 2027 2455 urbem,vel
2060 2392 2344 2461 templum,
2397 2391 2581 2459 efﬁcit,
2637 2392 2731 2448 sed
2774 2407 2837 2447 ea
2894 2400 3107 2447 tantum
3167 2407 3255 2446 ars
3318 2407 3442 2461 qua:
3490 2392 3637 2447 circa

361 2486 723 2542 substantiam
754 2497 1020 2541 versatur.
1051 2485 1155 2540 Ars
1207 2485 1311 2539 ista
1345 2500 1530 2555 porro,
1567 2500 1673 2539 non
1702 2484 1814 2553 jam
1864 2500 1931 2539 ex
1997 2485 2162 2540 simili
2212 2486 2447 2556 quodam
2465 2487 2599 2541 artis
2622 2501 2839 2556 genere,
2889 2486 3037 2554 quod
3092 2486 3161 2541 iis
3206 2486 3527 2541 substantiis
3558 2489 3640 2540 in-

363 2578 640 2644 cludatur,
672 2579 880 2642 existit,
931 2578 1023 2633 sed
1058 2593 1124 2632 ex
1160 2578 1308 2631 nulla
1364 2593 1590 2647 prorsus
1617 2587 1930 2647 antegressa
1996 2577 2051 2631 in
2079 2578 2184 2634 illis
2216 2588 2333 2633 arte
2383 2579 2683 2649 perﬁcitur.
2744 2581 2815 2633 At
2858 2580 3004 2633 enim
3041 2594 3320 2645 occurres,
3375 2578 3638 2633 artiﬁcem

357 2684 423 2724 ex
451 2685 513 2724 ea
532 2671 749 2725 demum
780 2685 889 2740 qua
925 2670 1183 2738 praeditus
1229 2679 1347 2725 arte
1387 2679 1494 2734 est,
1551 2681 1721 2726 artem
1781 2672 1833 2725 in
1891 2672 2214 2726 substantiae
2272 2672 2547 2743 geminam
2602 2672 2834 2727 elﬁcere.
2872 2673 3036 2742 Atqui
3089 2689 3155 2727 ne
3190 2673 3242 2726 in
3278 2673 3395 2741 ipso
3417 2673 3635 2741 quidem

358 2762 600 2826 homine,
626 2780 692 2818 ex
720 2773 1037 2834 antegressa
1072 2765 1309 2835 quadam
1359 2776 1478 2819 arte
1522 2781 1613 2820 ars
1655 2765 1746 2819 illa
1809 2764 2108 2835 perﬁcitur.
2164 2762 2276 2820 Nec
2330 2765 2476 2819 enim
2551 2763 2634 2819 fas
2662 2775 2747 2820 est
2779 2775 2952 2819 artem
2984 2780 3106 2834 quae
3148 2780 3244 2833 per
3293 2779 3352 2818 se
3402 2764 3518 2833 ipsa
3543 2764 3637 2831 sit,

356 2855 521 2908 ullam
560 2864 819 2923 statuere,
868 2872 992 2910 cum
1047 2857 1417 2917 accidentium
1477 2858 1723 2928 adeoque
1760 2874 1940 2912 rerum
1974 2859 2190 2912 illarum
2248 2875 2316 2914 ex
2373 2875 2571 2929 genere
2640 2860 2731 2923 sit,
2788 2874 2910 2928 qua}
2961 2869 3074 2912 tum
3130 2859 3366 2928 primum
3415 2858 3640 2915 alterius

355 2946 621 3003 beneﬁcio
682 2963 805 3004 esse
858 2949 1145 3019 incipiunt,
1209 2966 1333 3004 cum
1366 2951 1421 3004 in
1482 2951 1786 3006 substantia
1837 2952 2236 3021 producuntur.
2299 2951 2465 3023 340
2539 2951 2773 3015 Etenim,
2831 2959 2892 3004 ut
2938 2950 3303 3004 architectura
3355 2949 3502 3003 nulla
3545 2951 3635 3020 sit,

355 3039 521 3094 homo
549 3049 730 3094 tamen
753 3042 888 3109 erit;
926 3044 1136 3108 eadem,
1167 3045 1210 3097 si
1236 3060 1342 3097 non
1375 3047 1526 3113 prius
1566 3045 1732 3099 homo
1778 3045 1963 3108 fuerit,
2031 3061 2154 3101 esse
2177 3045 2324 3099 nulla
2350 3046 2569 3114 poterit.
2602 3043 3147 3099 lta~concludendum
3199 3043 3508 3098 necessario
3530 3055 3634 3113 est,

354 3131 628 3199 ejusmodi
653 3135 852 3188 artium
882 3150 1002 3190 esse
1041 3145 1316 3202 naturam,
1345 3143 1405 3189 ut
1440 3137 1495 3190 in
1533 3136 1851 3193 hominibus
1873 3153 1940 3191 ex
1972 3152 2038 3192 eo
2065 3138 2210 3207 quod
2256 3152 2527 3207 nusquam
2571 3146 2674 3200 est,
2713 3136 2983 3191 oriantur.
3049 3134 3204 3201 Quod
3256 3136 3302 3189 si
3352 3150 3539 3189 verum
3581 3137 3638 3192 in

357 3224 670 3280 hominibus
713 3241 835 3281 esse
872 3225 1236 3294 ostendimus,
1268 3229 1635 3299 quisquamne
1656 3244 1823 3300 porro
1853 3244 2055 3299 negare
2077 3228 2295 3293 audeat,
2320 3244 2387 3284 ex
2412 3230 2584 3285 nihilo
2650 3230 2734 3283 vel
2795 3229 3107 3299 qualitates,
3157 3229 3240 3282 vel
3306 3227 3455 3297 ipsas
3499 3243 3640 3297 quo-

355 3331 461 3385 que
492 3317 829 3373 substantias
860 3333 891 3373 a
924 3318 1035 3374 Deo
1066 3320 1183 3375 ﬁeri
1238 3322 1438 3390 posse?
1472 3322 1608 3377 Nam
1645 3338 1767 3393 quae
1799 3323 1938 3378 ratio
1986 3322 2102 3378 ﬁeri
2137 3324 2364 3377 omnino
2395 3324 2695 3395 quidquam
2734 3338 2799 3377 ex
2860 3322 3033 3377 nihilo
3083 3337 3246 3393 posse
3275 3323 3634 3391 demonstrat,

354 3409 543 3464 eadem
581 3409 634 3463 in
663 3410 985 3466 substantiis
1014 3428 1232 3483 quoque
1247 3414 1428 3468 valere
1465 3415 1642 3471 debet.

433 3520 452 3552 ι
496 3502 646 3555 Ἐπεὶ
672 3502 728 3555 δὲ
790 3502 952 3567 πόθος
1006 3505 1122 3558 ἐστί
1177 3523 1259 3559 σοι
1325 3508 1455 3579 περὶ
1507 3508 1608 3579 τῆς
1665 3508 1777 3563 τῶν
1842 3526 1943 3562 κα-
1977 3517 2019 3575 c

357 3593 469 3647 κῶν
504 3595 771 3662 γενέσεως
796 3593 997 3666 ζητεῖν,
1022 3599 1117 3651 ἐπὶ
1155 3599 1248 3653 τὸν
1293 3599 1498 3653 τούτων
1534 3601 1825 3672 ἐλεύσομαι
1853 3601 1945 3654 λό-

357 3702 472 3754 γον.
506 3688 615 3740 Καί
644 3703 738 3740 σου
769 3688 971 3760 βραχέα
1004 3689 1271 3746 πυθέσθαι
1328 3690 1609 3763 βούλομαι.
1667 3692 1751 3746 Τὰ
1799 3692 1948 3746 κακὰ

360 3777 587 3849 πότερον
613 3778 790 3832 οὐσίαι
816 3797 897 3833 σοι
919 3780 1166 3834 δοκοῦσιν
1187 3779 1324 3835 εἶναι
1351 3783 1385 3853 ἢ
1417 3783 1703 3856 ποιότητες
1723 3784 1943 3850 οὐσιῶν;

358 3868 654 3939 Ποιότητας
684 3871 882 3925 οὐσιῶν
914 3868 973 3926 εὐ
1005 3872 1147 3944 ἔχειν
1202 3873 1380 3942 λέγειν
1413 3892 1504 3945 μοι
1561 3874 1724 3928 δοκεῖ.
1794 3876 1859 3928 Ἠ
1886 3875 1945 3930 δὲ

358 3958 458 4031 ῦλη
484 3961 674 4025 ἄποιος
692 3957 759 4031 ἦν
786 3963 880 4016 καὶ
905 3963 1044 4033 ἀσχη
1056 3962 1353 4033 μάτιστος,’
1371 3965 1515 4020 οὕτω
1546 3966 1835 4034 προλαϐὼν
1866 3968 1943 4041 (5)

356 4052 569 4117 ἐξεῖπον
591 4054 668 4125 τῷ
689 4054 852 4124 λόγῳ.
891 4056 1100 4111 Οὐκοῦν
1125 4059 1174 4109 εί
1197 4059 1266 4112 τὰ
1284 4059 1430 4112 κακὰ
1453 4061 1738 4131 ποιότητες
1769 4062 1946 4133 ὑπάρ-

356 4159 544 4214 χουσιν
568 4143 787 4211 οὐσιῶν,
820 4147 852 4217 ὴ
887 4146 945 4200 δὲ
967 4146 1066 4217 ὐλη
1096 4148 1284 4211 ἄποιος
1300 4144 1388 4219 ἦν,
1417 4150 1526 4203 τῶν
1554 4150 1611 4203 δὲ
1645 4152 1945 4222 ποιοτήτων

357 4236 585 4305 ποιητὴν
614 4232 773 4302 εἶπας
802 4238 893 4291 τὸν
937 4238 1069 4291 Θεὸν
1102 4235 1265 4304 εἶναι,
1298 4240 1451 4295 ἔσται
1498 4243 1724 4295 καὶτῶν
1758 4243 1945 4297 κακῶν

354 4323 683 4396 δημιουργὸς
710 4329 738 4380 ὁ
767 4328 917 4391 Θεός.
961 4329 1089 4382 Ὅτε
1123 4328 1301 4382 τοίνυν
1352 4331 1464 4384 οὐδ’
1503 4331 1677 4395 οὕτως
1705 4332 1944 4387 ἀναίτιον

355 4415 464 4469 τῶν
526 4418 715 4471 κακῶν
764 4421 939 4474 εἰπεῖν
971 4420 1199 4474 δυνατὸν
1244 4421 1335 4475 τὸν
1393 4422 1546 4488 Θεὸν,
1604 4424 1736 4495 ὓλην
1796 4424 1946 4497 αὐτῷ

354 4507 692 4579 προσάπτειν
721 4513 973 4582 περιττὸν
1021 4510 1161 4567 εἷναί
1221 4531 1311 4584 μοι
1334 4515 1499 4569 δοκεῖ.
1536 4518 1598 4570 Εἰ
1633 4516 1690 4569 δέ
1722 4534 1774 4570 τι
1808 4519 1944 4589 πρὸς

352 4597 526 4652 ταῦτα
554 4600 732 4668 λέγειν
760 4601 923 4673 ἔχεις,
973 4605 1141 4677 ἄρχου
1175 4606 1268 4660 τοῦ
1307 4608 1489 4678 λόγου.
1528 4610 1589 4661 Εἰ
1623 4609 1723 4680 μὲν
1754 4610 1819 4662 ἐκ
1852 4627 1943 4678 φι-

353 4689 624 4757 λονεικίας
653 4696 784 4765 ἡμῖν
840 4699 872 4767 ἠ
910 4697 1138 4769 ζήτησις
1169 4701 1401 4769 ἐγίνετο,
1451 4702 1553 4755 οὐκ
1580 4702 1647 4755 ἂν
1692 4701 1943 4773 δεύτερον

355 4785 484 4855 περὶ
509 4785 616 4839 τῶν
674 4787 862 4842 κακῶν
914 4790 1099 4861 ἠξίουν
1142 4792 1438 4864 ὁρίζεσθαι·
1496 4796 1620 4848 ἐπεὶ
1666 4795 1722 4849 δὲ
1761 4794 1943 4864 φιλίας

2134 3523 2152 3557 ι
2194 3503 2298 3560 Sed
2326 3505 2587 3575 quoniam
2618 3505 2686 3559 de
2728 3505 2995 3560 malorum
3027 3503 3406 3575 procreatione
3433 3505 3635 3576 aliquid

2049 3598 2240 3653 audire
2263 3597 2451 3667 gestis,
2487 3597 2539 3651 in
2564 3613 2683 3652 eam
2711 3598 2970 3666 deinceps
2993 3597 3420 3667 disputationem
3455 3598 3637 3669 ingre-

2046 3692 2185 3746 diar.
2212 3690 2291 3746 Ac
2323 3691 2556 3760 primum
2590 3706 2761 3760 pauca
2781 3706 2847 3743 ex
2881 3700 2932 3745 te
2959 3690 3229 3745 sciscitari
3264 3692 3413 3745 libet.
3440 3692 3633 3747 Utrum

2046 3797 2177 3851 ergo
2193 3781 2333 3835 mala
2361 3782 2719 3847 substantias,
2756 3795 2825 3834 an
2877 3780 3311 3834 substantiarum
3344 3780 3636 3850 qualitates

2046 3884 2167 3925 esse
2190 3871 2390 3941 putas?
2415 3868 2858 3925 Substantiarum
2888 3870 3208 3939 qualitates,
3239 3869 3440 3938 inquis.
3470 3869 3634 3939 Atqui

2046 3962 2276 4016 materia
2301 3974 2360 4015 ut
2386 3960 2670 4031 qualitate,
2707 3960 2789 4013 sic
2813 3958 2983 4026 ﬁgura
3017 3960 3167 4013 omni
3229 3959 3461 4029 spoliata
3482 3968 3630 4026 erat;

2047 4053 2151 4110 hoc
2175 4054 2321 4109 enim
2352 4054 2466 4123 jam
2501 4053 2844 4121 anteposito,
2876 4052 3182 4106 institutam
3210 4052 3632 4120 disputationem

2046 4155 2369 4216 persecutus
2393 4160 2538 4200 sum.
2561 4144 2753 4215 Igitur,
2792 4143 2838 4197 si
2894 4152 2944 4196 et
2981 4143 3415 4197 substantiarum
3450 4142 3631 4211 quali-

2048 4248 2186 4293 tates
2218 4238 2363 4291 mala
2386 4246 2534 4302 sunt,
2560 4246 2614 4290 et
2651 4235 2874 4289 materia
2909 4235 3171 4303 qualitate
3199 4234 3349 4288 omni
3389 4235 3630 4294 carebat.

2046 4330 2215 4385 Deum
2243 4344 2409 4399 porro
2435 4328 2758 4398 qualitatum
2781 4335 3060 4380 auctorem
3085 4340 3207 4378 esse
3229 4324 3513 4381 confessus
3532 4341 3592 4382 es
3613 4344 3630 4396 ;

2045 4423 2149 4478 erit
2176 4422 2317 4476 idem
2345 4422 2617 4475 malorum
2675 4421 2840 4473 etiam
2889 4418 3243 4473 architectus.
3306 4416 3494 4487 Itaque
3520 4417 3632 4473 Deo

2046 4515 2331 4569 materiam
2394 4513 2692 4583 adjungere
2732 4526 3199 4582 supervacaneum
3238 4521 3341 4578 est,
3385 4527 3509 4566 cum
3566 4528 3633 4567 ne

2047 4609 2127 4662 sic
2166 4607 2385 4675 quidem
2428 4605 2698 4659 malorum
2742 4605 3118 4675 procreatione
3151 4604 3390 4658 solutum
3423 4613 3477 4659 et
3525 4604 3630 4658 im-

2045 4714 2263 4752 munem
2299 4695 2468 4750 Deum
2490 4695 2689 4751 habere
2719 4697 2919 4766 possis.
2942 4694 3045 4762 Tu,
3077 4695 3121 4750 si
3145 4695 3276 4765 quid
3305 4697 3469 4749 babes
3487 4696 3631 4764 quod

2045 4791 2175 4845 huic
2206 4797 2530 4860 argumento
2554 4789 2904 4859 respondeas,
2937 4788 3116 4858 incipe
3145 4804 3293 4844 vero.
3322 4787 3389 4843 Et
3412 4788 3630 4858 quidem

354 4876 516 4931 ἕνεκα
545 4878 765 4949 μᾶλλον,
795 4883 889 4936 καὶ
924 4884 1025 4954 τῆς
1078 4885 1212 4956 πρὸς
1237 4886 1328 4939 τὸν
1383 4886 1609 4958 πλησίον
1673 4886 1940 4955 ὡφελείας

2053 4883 2090 4937 si
2133 4881 2498 4937 contentionis
2519 4890 2574 4936 et
2603 4896 2798 4951 pugnae
2818 4881 3021 4947 studio,
3060 4881 3175 4937 haec
3201 4896 3231 4935 a
3267 4881 3424 4936 nobis
3445 4895 3632 4936 susce-

353 4968 451 5040 τὴν
477 4969 723 5035 ἐξέτασιν
785 4975 1086 5046 ποιούμεθα
1136 4977 1247 5031 τῶν
1296 4979 1492 5047 λόγων,
1554 4978 1757 5032 ἄνωθεν
1811 4979 1942 5052 περὶ

352 5060 560 5116 τούτων
588 5064 864 5135 ὁρίζεσθαι
893 5067 1030 5131 ἀξιῶ
1064 5073 1386 5142 συγχωρεῖν.
1418 5069 1529 5142 Τὴν
1552 5070 1651 5141 μὲν
1684 5071 1944 5143 προαίρε-

355 5170 444 5206 σιν
465 5155 565 5225 τὴν
592 5157 731 5227 ἐμὴν
764 5160 828 5212 ὲκ
861 5159 1056 5213 πολλοῦ
1088 5178 1171 5214 σοι
1197 5162 1439 5234 φανερὰν
1471 5158 1609 5216 εἶναι
1659 5163 1821 5227 δοκῶ,
1848 5166 1943 5219 καὶ

353 5246 452 5319 τὴν
468 5238 535 5301 ἐν
576 5252 689 5313 τοῖς
737 5252 917 5320 λόγοις
965 5254 1221 5325 σπουδὴν,
1249 5257 1332 5308 ὅτι
1390 5256 1452 5308 οὐ
1502 5256 1742 5321 πιθανῶς
1772 5257 1942 5311 εἰπὼν

353 5336 549 5407 ψεῦδος
582 5339 802 5408 νικῆσαι
832 5341 990 5407 θέλω,
1043 5343 1178 5397 ἀλλὰ
1213 5344 1488 5416 δειχθῆναι
1521 5345 1619 5417 τὴν
1683 5346 1941 5416 ἀλήθειαν

359 5431 497 5499 μετὰ
532 5431 792 5502 ἀκριϐοῦς
818 5432 1137 5499 ἐξετάσεως.
1163 5435 1275 5488 Καὶ
1302 5436 1361 5488 σε
1386 5437 1443 5490 δὲ
1467 5436 1610 5489 οὕτω
1637 5436 1940 5492 διακεῖσθαι

357 5516 545 5584 σαφῶς
572 5518 895 5588 ἐπίσταμαι.
926 5521 1089 5575 Ὅθεν
1120 5524 1217 5593 οἵῳ
1241 5525 1428 5596 τρόπῳ
1480 5525 1763 5597 χρώμενος
1790 5529 1942 5598 νομί-

356 5605 471 5683 ζεις
497 5609 756 5669 δύνασθαι
786 5611 846 5664 τὸ
867 5611 1066 5683 ἀληθὲς
1095 5615 1295 5684 εὐρεῖν,
1322 5616 1499 5687 τούτῳ
1541 5619 1742 5690 χρῆσαι
1776 5620 1940 5689 μηδὲν

2044 4984 2133 5045 pta
2154 4974 2451 5044 disputatio
2485 4972 2644 5038 foret,
2673 4974 2939 5029 malorum
2976 4973 3241 5027 rationem
3284 4972 3339 5026 in
3370 4973 3631 5042 quaestio-

2046 5083 2167 5122 nem
2193 5068 2387 5124 iterum
2413 5068 2597 5122 vocari
2633 5084 2740 5123 non
2797 5076 3030 5138 paterer.
3071 5065 3175 5120 Sed
3206 5066 3465 5135 quoniam
3489 5066 3625 5120 ami-

2046 5160 2175 5214 citia
2203 5160 2404 5229 potius,
2451 5169 2504 5213 et
2540 5160 2775 5229 proximi
2831 5160 3041 5214 utilitas
3072 5159 3125 5211 in
3181 5158 3494 5227 hujusmodi
3532 5173 3632 5213 nos

2047 5267 2355 5306 sermonem
2386 5250 2634 5314 adduxit,
2663 5266 2784 5322 age,
2839 5252 2984 5305 hanc
3030 5251 3099 5304 de
3129 5253 3341 5321 integro
3369 5251 3630 5320 quaestio-

2047 5360 2172 5398 nem
2207 5344 2511 5414 disceptare
2542 5344 2720 5399 liceat.
2747 5342 3012 5412 Equidem
3056 5358 3277 5397 sensum
3306 5344 3401 5398 tibi
3423 5359 3626 5407 meum,

2047 5437 2246 5507 quidve
2270 5438 2373 5491 hac
2401 5437 2453 5489 in
2496 5437 2865 5506 disputatione
2917 5451 3137 5504 sequar,
3174 5444 3363 5490 notum
3417 5436 3632 5493 abunde

2048 5529 2144 5584 tibi
2177 5536 2232 5584 et
2259 5529 2598 5598 exploratum
2625 5543 2748 5583 esse
2777 5543 2886 5582 non
2931 5526 3160 5581 dubito:
3197 5528 3303 5582 hoc
3356 5544 3441 5582 me
3469 5529 3633 5583 nimi-

2047 5639 2169 5677 rum
2201 5636 2381 5692 agere.
2412 5636 2523 5675 non
2549 5629 2606 5675 ut
2628 5618 3016 5674 verisimilibus
3072 5619 3411 5690 argumentis
3434 5620 3628 5678 falsum

432 5810 506 5882 (5)
552 5811 716 5864 Οὕτω
766 5815 1099 5882 προλαϐών.
1147 5816 1362 5875 Clarius
1414 5829 1598 5889 esset,
1645 5820 1786 5875 οὕτω
1837 5821 1943 5891 γὰρ

2053 5823 2207 5879 ιολαὸ.
2240 5823 2505 5878 Caeterum
2542 5822 2645 5877 hoc
2682 5830 3060 5891 argumentum
3098 5822 3306 5878 ﬁrtmus
3342 5830 3446 5882 est.
