4166 6436
508 296 617 353 575

1153 292 1427 351 EUSEBII
1464 294 1956 352 CESARIENSIS
1995 293 2145 350 OPP.
2184 293 2365 350 PARS
2403 295 2467 351 ll.
2508 325 2579 338 —
2617 294 3123 353 APOLOGETICA.

3666 297 3777 352 576

511 422 892 481 extorqueam,
919 411 1012 467 sed
1051 421 1108 465 nt
1134 420 1389 465 accurata
1417 411 1807 479 disquisitione
1848 412 2095 467 illustra-

2207 411 2634 483 δυσωπούμενος.
2684 413 2759 467 Οὐ
2816 412 2928 485 γάρ
2985 411 3211 467 σεαυτὸν
3267 406 3568 485 ὠφελήσεις
3596 415 3781 484 μόνον.

513 515 629 559 tum
663 512 718 558 et
753 504 1133 558 conﬁrmatum
1169 520 1358 557 verum
1414 503 1735 560 habeamus.
1766 503 1876 560 Nec
1910 505 2020 560 alio
2047 514 2100 560 te

513 598 699 651 animo
753 611 875 650 esse
914 610 1138 665 prorsus
1181 596 1442 666 intelligo.
1480 592 1598 661 Qua
1645 606 1699 650 te
1730 611 1860 665 ergo
1890 597 2102 651 ratione

515 701 703 739 verum
739 685 957 755 assequi
991 700 1151 755 posse
1167 685 1475 751 arbitraris,
1508 701 1572 740 ea
1613 685 1709 741 tibi
1745 687 1913 742 libere
1939 696 2104 757 atque

515 779 746 845 ingenue
769 779 1029 833 utendum
1061 786 1260 833 statue.
1301 776 1434 832 Nam
1459 779 1590 833 dum
1622 793 1709 845 eo,
1728 780 1875 851 quod
1907 782 2104 837 melius

514 878 618 933 est,
648 869 913 932 abuteris,
944 885 1056 923 rem
1087 870 1276 939 utique
1311 886 1420 925 non
1455 871 1554 926 tibi
1583 870 1770 937 modo,
1809 873 1905 927 sed
1938 872 2103 928 etiam

516 961 675 1026 mihi,
708 977 870 1032 quem
900 962 1206 1031 ignorantia
1235 962 1513 1029 liberabis,
1569 965 1855 1035 perutilem
1887 965 2102 1020 feceris.

515 1049 673 1106 Nunc
694 1051 858 1122 igitur
887 1052 1223 1107 sub5tantias
1245 1053 1537 1122 quasdam,
1574 1056 1788 1125 opinor,
1814 1055 1956 1110 mala
1983 1071 2106 1113 esse

518 1144 694 1207 voles,
725 1144 869 1213 quod
888 1159 974 1207 ea,
1004 1153 1366 1214 praeterquam
1397 1145 1450 1199 in
1475 1145 1816 1211 substantiis,
1834 1164 2102 1219 nusquam

517 1237 746 1291 omnino
778 1235 1084 1292 videantur.
1115 1235 1280 1306 Ergo,
1308 1238 1448 1292 bone
1478 1238 1581 1303 vir,
1621 1254 1744 1293 cum
1771 1240 2107 1295 substantias

519 1329 661 1382 mala
681 1344 807 1383 esse
834 1336 1015 1398 putes,
1035 1328 1284 1397 sequitur
1298 1328 1566 1399 profecto,
1587 1339 1648 1384 ut
1662 1331 1988 1387 excutienda
2006 1348 2106 1387 no-

519 1420 605 1476 bis
626 1421 949 1476 substantia:
982 1432 1179 1477 natura
1203 1423 1295 1477 sit.
1331 1424 1412 1477 An
1439 1432 1495 1477 tu
1523 1424 1886 1480 substantiam
1913 1439 2108 1495 corpo-

521 1529 629 1567 rea-
655 1514 818 1568 molis
830 1516 1358 1586 coagmentationem
1378 1515 1615 1586 aliquam
1643 1532 1763 1572 esse
1785 1518 2109 1573 arbitraris?

520 1605 678 1678 34],
712 1605 966 1661 Arbitror
982 1623 1131 1664 vero.
1166 1608 1269 1663 Ista
1307 1623 1470 1677 porro
1492 1625 1755 1679 corporea
1785 1610 2106 1666 molcsnum

522 1695 590 1747 ita
620 1695 839 1749 exsistit
869 1694 983 1765 ipsa
1021 1711 1115 1765 per
1152 1710 1294 1761 sese,
1340 1697 1542 1751 nullius
1590 1707 1652 1750 ut
1692 1712 1848 1766 opem
1884 1696 2108 1751 omnino

2204 505 2549 576 χρησάμενος
2587 505 2666 577 τῷ
2711 505 3002 577 κρείττονι,
3038 506 3173 560 ἀλλὰ
3221 508 3438 571 πάντως
3468 507 3614 579 κάμὲ
3659 508 3791 579 περὶ

2201 589 2277 649 ὧν
2301 597 2501 666 ἀγνοῶ.
2532 595 2724 665 Σαφῶς
2746 596 3091 669 παραστῆναι
3135 597 3212 668 (6)
3245 614 3337 668 μοι
3374 597 3551 664 δοκεῖς
3579 598 3675 652 καὶ
3721 596 3794 652 τά

2202 688 2350 741 κακά
2387 688 2575 751 οὐσίας
2597 686 2866 760 ὑπάρχειν
2885 686 3055 749 τινάς·
3096 686 3219 740 οὐδὲ
3258 686 3369 757 γάρ
3401 688 3557 751 ὲκτὸς
3593 688 3794 741 οὐσιῶν

2203 782 2344 836 αὐτὰ
2370 781 2499 834 ὄντα
2522 781 2721 851 βλέπω.
2770 782 2923 834 Ἐπεὶ
2946 779 3147 844 τοίνυν,
3169 774 3214 833 ὧ
3242 774 3417 845 οὗτος,
3435 780 3532 834 καὶ
3556 779 3624 834 τὰ
3644 781 3796 834 κακὰ

2203 872 2389 935 οὐσίας
2402 868 2538 925 εἶναι
2553 871 2750 940 λέγεις,
2767 870 2982 942 ἀνάγκη
2996 869 3087 923 τὸν
3103 869 3201 941 τῆς
3216 868 3401 933 οὐσίας
3418 868 3689 934 ἐξετάζειν
3706 868 3798 921 λό-

2205 977 2322 1030 γον.
2341 962 2498 1013 Δοκεῖ
2520 975 2601 1012 σοι
2616 961 2716 1030 τὴν
2744 960 2934 1015 οὐσίαν
2969 961 3290 1030 σωματικήν
3304 977 3425 1014 τινα
3439 959 3694 1013 σύστασιν
3711 954 3796 1012 εἷ-

2205 1070 2292 1107 ναι
2312 1070 2326 1117 ;
2345 1055 2520 1108 Δοκεῖ.
2559 1053 2623 1106 Ἦ
2640 1054 2698 1107 δὲ
2718 1053 3005 1125 σωματικὴ
3037 1053 3295 1117 σύστασις
3318 1053 3458 1126 αὐτὴ
3488 1055 3573 1122 ἐφ’
3593 1053 3797 1124 ἑαυτῆς

2208 1145 2441 1217 ὑπάρχει
2464 1146 2526 1199 οὐ
2547 1145 2774 1217 δεομένη
2813 1148 2981 1210 τινὸς,
3011 1141 3072 1200 οὑ
3101 1145 3398 1217 γενομένου
3423 1143 3486 1198 τὸ
3518 1139 3659 1198 εἶναι
3681 1144 3793 1215 ⁸λή-

2205 1236 2402 1307 ψεταις
2441 1238 2626 1302 Οὕτως
2658 1238 2789 1309 ἔχει.
2820 1241 2980 1292 Δοκεῖ
3019 1239 3075 1292 δέ
3106 1256 3189 1293 σοι
3223 1237 3291 1291 τά
3326 1236 3474 1292 κακὰ
3511 1237 3794 1308 ἐνεργείας

2207 1324 2347 1383 εἷναί
2372 1346 2552 1395 τινος;
2586 1328 2744 1383 Οὕτω
2774 1347 2862 1401 μοι
2887 1328 3157 1399 φαίνεται.
3186 1329 3252 1381 Αἱ
3279 1328 3335 1381 δὲ
3369 1328 3641 1400 ἐνέργειαι
3671 1329 3796 1384 τότε

2207 1420 2269 1473 τὸ
2305 1414 2445 1473 εἶναι
2488 1420 2894 1491 λαμϐάνουσιν,
2944 1418 3096 1473 ὁπότ’
3142 1418 3209 1473 ἂν
3254 1419 3283 1471 6
3312 1418 3552 1491 ἐνεργῶν
3601 1423 3783 1492 παρῇς

2209 1510 2397 1575 Οὕτως
2430 1510 2562 1581 ἔχει.
2599 1512 2714 1564 Οὐκ
2738 1509 2893 1573 ὄντος
2914 1510 2971 1564 δὲ
2994 1509 3087 1563 τοῦ
3112 1510 3492 1581 ἐνεργοῦντος,
3520 1510 3630 1563 οὐδ’
3654 1512 3795 1584 ὅπερ

2210 1603 2423 1674 ἐνεργεῖ
2461 1602 2611 1656 ἔσται
2658 1603 2787 1656 ποτέ
2810 1620 2825 1668 ;
2850 1604 2964 1657 Οὐκ
3012 1601 3183 1656 ἔσται.
3233 1601 3444 1661 Οὐκοῦν
3479 1603 3530 1656 εί
3568 1605 3601 1674 ἡ
3637 1603 3795 1657 οὐσία

2211 1698 2497 1766 σωματική
2523 1713 2603 1759 τις
2627 1696 2745 1749 ἐστὶ
2780 1695 3057 1762 σύστασις,
3090 1696 3231 1767 αὕτη
3251 1697 3307 1750 δὲ
3338 1697 3398 1750 οὐ
3424 1696 3595 1751 δεῖταί
3625 1715 3791 1763 τινος,

517 1782 810 1848 desideret,
843 1801 908 1840 ac
930 1801 996 1840 eo
1027 1796 1291 1856 pnesente
1326 1797 1439 1841 tum
1470 1801 1595 1842 esse
1640 1787 1911 1857 incipiat?
1943 1786 2104 1842 Proro

2207 1789 2265 1841 ὲν
2287 1782 2331 1856 ᾧ
2351 1787 2614 1860 γενομένη
2636 1789 2694 1842 τὺ
2722 1783 2860 1842 εἶναι
2885 1788 3149 1860 λήψεται·
3179 1789 3247 1842 τά
3271 1789 3324 1842 δὲ
3354 1789 3501 1843 κακά
3521 1790 3795 1861 ἐνέργειαι

519 1888 638 1928 sus.
691 1874 833 1942 Quid
863 1877 886 1929 ?
914 1874 1052 1931 Num
1107 1878 1205 1931 tibi
1251 1877 1392 1931 mala
1423 1879 1475 1932 in
1506 1878 1723 1932 actione
1751 1879 1992 1949 quadam
2028 1880 2108 1933 vi-

518 1965 715 2020 d..-ntur
743 1982 865 2022 esse
891 1969 1069 2037 posita
1098 1968 1121 2021 ?
1157 1967 1422 2024 Videntur
1444 1984 1597 2024 sane.
1639 1971 1897 2027 Actiones
1923 1980 2105 2025 autem

520 2074 655 2112 num
691 2074 812 2114 esse
841 2069 971 2114 tunc
997 2062 1240 2131 primmn
1268 2061 1561 2129 incipiunt,
1604 2077 1729 2117 cum
1779 2062 1827 2118 is
1877 2064 1968 2133 qui
1997 2065 2109 2134 agit

521 2168 765 2220 praesens
786 2154 1027 2209 adfuerit
1052 2156 1074 2209 ?
1097 2154 1319 2224 Utique.
1350 2155 1446 2211 Sin
1469 2156 1564 2226 qui
1595 2166 1741 2226 aget,
1768 2158 1952 2213 nullus
1978 2161 2105 2226 erit,

521 2260 590 2299 ne
623 2245 675 2297 id
705 2246 947 2316 quidem,
974 2249 1118 2316 quod
1169 2248 1285 2318 ipse
1330 2258 1477 2319 agat,
1530 2264 1651 2304 esse
1680 2252 1881 2321 poterit
1918 2252 1941 2305 τ
1987 2249 2106 2306 Non

520 2338 736 2403 poterit.
768 2337 910 2409 Ergo
938 2341 983 2394 si
1015 2350 1066 2395 ct
1117 2342 1423 2396 substantia
1471 2356 1751 2412 corporeae
1796 2344 1958 2400 molis
2013 2358 2108 2400 co-

521 2431 861 2498 agmentatio
911 2433 1158 2501 quaedam
1189 2445 1292 2500 est,
1327 2450 1427 2489 nec
1456 2435 1622 2489 ullius
1641 2436 1984 2503 praesentiam
2017 2451 2106 2490 re-

518 2521 709 2588 quirit,
745 2526 796 2575 in
825 2538 935 2592 quo
975 2535 1091 2578 sata
1124 2525 1397 2580 cxistendi
1444 2526 1553 2580 vim
1607 2528 1838 2597 accipiat
1873 2547 1887 2583 :
1916 2538 2105 2582 contra

519 2628 653 2667 vero
686 2616 829 2669 mala
861 2617 1090 2671 alterius
1133 2617 1422 2688 Cuiusdam
1462 2621 1711 2676 aetioncs
1758 2628 1905 2682 sunt,
1933 2621 2103 2677 actio-

522 2722 618 2762 nes
649 2708 766 2762 ista:
793 2724 957 2775 porro
1006 2710 1241 2780 alicujus
1303 2713 1649 2780 prmsentiam
1703 2714 2003 2782 postulant,
2050 2714 2105 2768 in

517 2814 627 2868 quo
650 2800 781 2854 dum
841 2800 998 2866 ﬁunt,
1047 2812 1159 2856 tum
1207 2803 1476 2859 exsistere
1522 2806 1762 2874 primum
1816 2806 2104 2874 incipiunt,

517 2901 690 2946 restat
723 2890 967 2960 profecto
998 2904 1058 2948 ut
1080 2894 1384 2950 substantia
1418 2896 1559 2950 mala
1584 2912 1705 2951 esse
1734 2914 1842 2951 non
1873 2898 2103 2966 possint.

518 2981 673 3048 Quod
704 2986 749 3038 si
776 3000 961 3038 verum
991 2995 1095 3049 est,
1125 2987 1365 3057 itemque
1397 2989 1440 3041 si
1468 2988 1669 3041 malum
1706 2989 1881 3043 aedes
1902 2998 2006 3054 est,
2039 3004 2102 3043 ac

519 3073 747 3142 proinde
800 3075 1034 3145 alicujus
1089 3077 1279 3143 actio;
1337 3079 1515 3133 credes
1572 3078 1734 3147 igitur
1790 3079 2097 3134 substantia

518 3182 640 3223 esse
664 3184 769 3223 non
800 3180 997 3239 potest.
1027 3169 1149 3224 Jam
1180 3171 1225 3225 si
1254 3188 1375 3242 qua:
1408 3172 1602 3243 agendi
1646 3174 1754 3226 vim
1786 3173 2006 3235 habent,
2036 3189 2101 3229 ea

519 3260 851 3315 substantias
874 3277 996 3317 esse
1021 3262 1124 3325 vis,
1156 3261 1331 3317 lateor
1366 3264 1415 3317 id
1444 3264 1665 3333 quidem
1699 3283 1712 3319 :
1755 3265 1917 3318 homo
1950 3267 2100 3337 enim

519 3354 683 3407 caedis
705 3353 939 3423 alicujus
965 3365 1179 3420 auctor,
1204 3364 1478 3424 quatenus
1511 3356 1678 3411 homo
1723 3366 1831 3420 est,
1857 3358 2106 3413 substan-

523 3446 600 3499 tia
628 3443 876 3514 quasdam
906 3455 993 3498 est
1030 3464 1042 3499 :
1078 3462 1200 3515 quse
1227 3455 1409 3500 tamen
1471 3447 1645 3502 cmch
1680 3448 1750 3501 ab
1779 3463 1845 3503 eo
1918 3449 2010 3513 ﬁt,
2039 3466 2103 3503 ea

522 3552 631 3591 non
672 3536 1003 3602 substantia,
1033 3538 1128 3592 sed
1163 3537 1484 3592 substantia:
1514 3526 1654 3604 opus
1692 3547 1794 3593 est.
1834 3539 2104 3596 Czeterum

525 3627 803 3682 hominem
855 3627 1145 3696 aliquando
1194 3627 1420 3691 malum,
1455 3628 1525 3682 ob
1553 3628 1753 3683 czedem
1794 3629 1861 3681 ab
1892 3630 1982 3684 illo
2011 3647 2105 3700 pa-

523 3725 764 3783 tratam;
800 3718 1093 3787 aliquando
1148 3719 1353 3773 bonum
1408 3730 1627 3789 propter
1684 3720 2006 3775 beneﬁcium
2037 3723 2106 3778 ab

522 3810 714 3865 eodem
763 3810 1064 3877 profectum
1121 3812 1459 3881 appellamus
1499 3830 1511 3866 :
1574 3827 1696 3882 qua:
1731 3813 1946 3865 nomina
1984 3829 2107 3881 pro-

524 3916 643 3971 pter
672 3916 734 3955 ea
769 3918 891 3971 qua:
919 3902 1237 3957 substantia:
1275 3903 1605 3973 contigerint
1628 3944 1643 3970 ,
1704 3903 1771 3956 ad
1810 3904 1979 3972 ipsam
2012 3908 2108 3958 ad—

525 3994 832 4048 haerescunt
861 3994 952 4048 illa
1002 3994 1248 4064 quidem,
1281 3996 1593 4050 substantia
1647 4006 1827 4049 tamen
1860 3996 1973 4063 ipsa
2001 4013 2105 4050 non

524 4094 673 4139 sunt.
722 4084 833 4142 Nec
884 4087 1030 4141 enim
1066 4096 1161 4141 aut
1205 4090 1381 4142 caedes
1434 4097 1529 4140 aut
1585 4087 1922 4141 adulterium
1963 4127 1980 4145 .
2017 4099 2111 4142 aut

524 4177 671 4231 aliud
692 4179 1056 4251 quodcunque
1102 4180 1329 4243 malum,
1349 4179 1654 4234 substantia
1673 4188 1777 4231 est.
1801 4178 2109 4249 Sedquem-

526 4269 819 4322 admodum
894 4284 923 4322 a
984 4269 1341 4340 grammatica
1399 4269 1865 4339 grammaticum,
1928 4269 2110 4324 retho—

525 4377 640 4415 rem
709 4377 739 4415 a
800 4361 1092 4428 rhetorica,
1134 4378 1163 4414 a
1212 4362 1481 4416 medicina
1524 4362 1795 4415 medicum
1861 4362 2112 4415 numina-

2209 1881 2511 1954 ὑπάρχουσί
2534 1897 2697 1946 τινος,
2733 1881 2789 1933 αί
2818 1880 2876 1934 δὲ
2903 1880 3176 1953 ἐνέργειαι
3201 1879 3413 1934 δέονταί
3450 1897 3629 1945 τινος,
3669 1875 3796 1949 ὲνῷ

2206 1973 2496 2044 γενόμεναι
2521 1972 2581 2025 τὸ
2600 1968 2741 2026 εἶναι
2767 1971 3139 2042 λαμϐάνουσιν
3158 1989 3172 2002 ’
3219 1974 3320 2026 οὐκ
3358 1972 3573 2026 ἔσονται
3612 1974 3795 2027 οὐσίαι

2206 2066 2275 2119 τά
2307 2064 2453 2118 κακά
2480 2064 2577 2134 (7).
2608 2065 2669 2117 Et
2699 2063 2756 2117 δὲ
2776 2062 2957 2117 οὐσίαι
2978 2064 3045 2117 τά
3070 2062 3235 2126 κακά,
3265 2063 3438 2117 κακὸν
3469 2062 3527 2116 δὲ
3557 2064 3586 2117 6
3609 2064 3792 2134 φόνος,

2209 2157 2454 2228 ἐνέργεια
2480 2156 2717 2227 ὑπάρχει
2745 2155 2911 2219 τινος,
2937 2156 3038 2209 οὐκ
3063 2154 3209 2209 ἐστιν
3231 2156 3339 2228 ἄρα
3366 2156 3522 2210 οὐσία
3544 2157 3574 2209 6
3608 2158 3790 2226 φόνος.

2209 2243 2272 2296 Εἰ
2300 2242 2356 2296 δὲ
2384 2243 2449 2296 τὰ
2486 2242 2817 2314 ἐνεργοῦντα
2867 2243 3055 2297 οὐσίαν
3095 2239 3236 2298 εἶναι
3289 2244 3498 2309 θέλεις,
3537 2245 3794 2318 σύμφημι

2209 2333 2381 2403 κάγώ.
2431 2329 2555 2388 Οῗον
2606 2335 2894 2407 ἄνθρωπος
2927 2339 2956 2390 6
2995 2337 3190 2406 φονεὺς
3216 2374 3230 2398 ,
3268 2336 3387 2389 καθ’
3414 2336 3475 2389 ὃν
3507 2337 3605 2408 μὲν
3638 2338 3795 2405 λόγον

2207 2425 2492 2496 ἄνθρωπός
2529 2429 2675 2480 ὲστιν
2695 2467 2712 2493 ,
2746 2428 2983 2499 ὑπάρχει
3014 2429 3203 2483 οὐσία·
3228 2433 3258 2484 6
3280 2430 3356 2492 δὲ,
3403 2428 3463 2482 ὃν
3499 2432 3661 2491 ποιεῖ,
3696 2430 3793 2498 φό-

2207 2534 2316 2580 νος.
2343 2518 2441 2570 οὐκ
2469 2518 2613 2572 ἐστιν
2639 2521 2817 2583 οὐσία,
2843 2521 2956 2574 ἀλλ’
2988 2521 3147 2592 ἔργον
3168 2522 3267 2593 τῆς
3305 2521 3513 2586 οὐσίας.
3547 2521 3796 2592 Λέγομεν

2207 2606 2263 2660 δὲ
2292 2607 2380 2660 τὸν
2413 2607 2699 2679 ἄνθρωπον
2741 2610 2871 2663 ποτὲ
2916 2611 3016 2681 μὲν
3049 2611 3247 2675 κακὸν,
3292 2611 3382 2665 διὰ
3415 2610 3475 2664 τὸ
3506 2611 3751 2681 φονεύειν
3774 2651 3792 2675 ,

2209 2698 2337 2751 ποτὲ
2383 2698 2427 2751 δ’
2481 2695 2548 2752 αὗ
2596 2699 2778 2763 πάλιν,
2815 2700 2908 2754 διά
2945 2701 3006 2754 τὸ
3041 2703 3386 2773 εὐεργετεῖν,
3430 2703 3655 2773 ἀγαθόν.
3684 2706 3795 2759 Καί

2208 2792 2614 2863 προσπλέκεται
2666 2793 2840 2845 ταῦτα
2882 2794 2950 2846 τὰ
2998 2794 3243 2866 ὀνόματα
3294 2800 3359 2868 τῇ
3390 2798 3547 2869 οὐσίᾳ
3589 2799 3653 2850 ὲκ
3687 2797 3793 2850 τῶν

2210 2882 2633 2952 συμϐεϐηκότων
2660 2884 2821 2955 αὐτῇ,
2854 2885 3011 2938 ἆτινα
3039 2887 3139 2939 οὐκ
3164 2885 3311 2940 ἔστιν
3333 2887 3491 2959 αὕτη.
3523 2889 3657 2944 Οὕτε
3684 2889 3795 2958 γάρ

2207 2974 2364 3042 φόνος
2394 2976 2541 3028 ἐστὶν
2576 2976 2607 3046 ἡ
2635 2976 2813 3037 οὐσία,
2837 2975 2948 3029 οὐτ’
2977 2973 3045 3030 αὕ
3080 2977 3295 3048 πάλινὴ
3323 2979 3559 3049 μοιχεία,
3592 2977 3712 3031 οὕτε
3740 2996 3793 3031 τι

2206 3066 2312 3118 τῶν
2333 3067 2534 3137 ὁμοίων
2567 3068 2753 3122 κακῶν
2775 3086 2788 3099 ·
2820 3069 2935 3122 ἀλλ’
2965 3068 3155 3142 ῶσπερ
3188 3070 3296 3124 ἀπὸ
3342 3073 3439 3142 τῆς
3479 3089 3793 3142 γραμμάτια

2206 3158 2306 3228 κῆς
2340 3161 2368 3212 6
2402 3160 2785 3230 γραμματικὸς
2828 3160 3065 3229 λέγεται,
3097 3161 3192 3215 καὶ
3221 3162 3329 3215 ἀπὸ
3354 3162 3455 3233 τῆς
3500 3163 3793 3238 ῥητορικῆς

2204 3252 2232 3302 6
2262 3254 2465 3324 ῥήτωρ,
2497 3253 2591 3305 καὶ
2621 3252 2731 3305 ἀπὸ
2757 3251 2856 3322 τῆς
2889 3253 3144 3326 ἰατρικῆς
3176 3257 3205 3307 6
3235 3254 3439 3326 ἰατρὸς,
3476 3256 3575 3324 τὴς
3606 3255 3792 3318 οὐσίας

2205 3345 2315 3397 οὐτ’
2346 3344 2595 3415 ἰατρικῆς
2616 3342 2804 3415 οὕσης,
2829 3343 2950 3397 οὕτε
2978 3344 3081 3416 μὴν
3101 3344 3397 3417 ῥητορικῆς
3415 3385 3431 3409 ,
3465 3344 3587 3398 οὕτε
3614 3362 3794 3415 γραμο

2210 3436 2464 3507 ματικῆς,
2482 3436 2597 3489 ἀλλ’
2615 3437 2722 3489 άπὸ
2746 3436 2855 3489 τῶν
2883 3437 3307 3506 συμϐεϐηκότων
3330 3437 3463 3506 αὐτῇ
3490 3435 3586 3505 τὴν
3617 3452 3789 3505 προσ-

2205 3525 2433 3597 ηγορίαν
2486 3526 2899 3597 λαμϐανούσης,
2948 3528 3040 3596 ἀφ’
3087 3520 3162 3581 ὧν
3198 3525 3372 3588 οὕτως
3427 3522 3787 3593 ὀνομάζεσθαι

2206 3618 2370 3679 δοκεῖ,
2394 3619 2507 3672 οὐδ’
2536 3619 2798 3689 ὁπότερον
2818 3620 2996 3674 αὐτῶν
3026 3616 3191 3675 οὖσα·
3219 3618 3417 3690 ὁμοίως
3469 3634 3557 3688 μοι
3596 3616 3785 3685 φαίνε-

2207 3728 2298 3773 ται
2334 3712 2428 3763 καὶ
2472 3711 2579 3763 ἀπὸ
2608 3712 2716 3764 τῶν
2747 3711 3048 3767 δοκούντων
3073 3710 3211 3766 εἶναι
3244 3710 3425 3765 κακῶν
3464 3711 3562 3781 τὴν
3598 3709 3791 3762 οὐσίαν

2208 3803 2379 3867 metu
2419 3802 2894 3874 προσλαμϐάνειν,
2940 3805 3048 3858 οὐδ’
3089 3805 3349 3874 ὁπότερον
3390 3798 3554 3856 οὖσαν
3591 3801 3790 3855 αὐτῶν.

2210 3893 2320 3945 Καὶ
2349 3893 2439 3963 [τοὶ
2460 3893 2659 3963 ὁμοίως
2681 3894 2987 3965 ἐπινόησον,
3012 3893 3065 3946 εῖ
3082 3911 3202 3947 τινα
3221 3893 3405 3963 ἕτερον
3434 3888 3793 3951 άναπλάττεις

2210 3986 2268 4035 ἐν
2291 3984 2369 4054 τῷ
2396 3985 2473 4054 νῷ
2498 3980 2603 4037 τῶν
2630 3985 2814 4039 κακῶν
2838 3988 2949 4051 τοῖς
2978 3985 3288 4057 ἀνθρώποις
3330 3986 3501 4037 αἴτιον
3519 4023 3533 4045 ,
3574 3980 3648 4044 ὡς
3689 3980 3793 4033 κά-

2211 4080 2406 4141 κεῖνος,
2434 4077 2567 4131 καθὸ
2601 4080 2656 4131 ὲν
2689 4077 2899 4141 τούτοις
2935 4079 3149 4149 ἐνεργεῖ
3182 4081 3276 4130 καὶ
3304 4073 3593 4129 ὑποϐάλλει
3622 4073 3796 4125 ποιεῖν

2210 4169 2278 4222 τὰ
2311 4169 2476 4229 κακὰ,
2496 4172 2611 4222 ἐστὶ
2640 4170 2731 4224 καὶ
2754 4170 2915 4232 αὐτὸς
2942 4169 3112 4232 κακὸς
3137 4168 3197 4233 ἐξ
3230 4161 3304 4220 ὧν
3330 4169 3491 4219 ποιεῖ.
3512 4165 3609 4218 Διὰ
3635 4163 3794 4217 τοῦτο

2212 4262 2320 4333 γὰρ
2367 4264 2615 4327 κάκεῖνος
2661 4265 2830 4325 κακὸς
2870 4258 3009 4316 εἶναι
3055 4262 3295 4331 λέγεται,
3325 4262 3406 4314 ὅτι
3446 4258 3552 4312 τῶν
3604 4255 3794 4311 κακῶν

2212 4354 2331 4406 ἐστι
2366 4356 2594 4426 ποιητής
2614 4372 2626 4384 ·
2657 4354 2693 4409 ἃ
2719 4354 2775 4408 δέ
2798 4372 2882 4418 τις
2915 4357 3080 4417 ποιεῖ,
3114 4355 3215 4407 οὐκ
3260 4353 3406 4406 ἐστιν
3434 4350 3593 4412 αὐτὸς
3619 4389 3632 4411 ,
3678 4347 3794 4402 ἀλλ’

527 4466 672 4515 mus,
696 4466 817 4504 cum
850 4460 1027 4504 tamen
1061 4466 1234 4521 neque
1269 4453 1563 4517 medicina,
1594 4469 1770 4522 neque
1813 4452 2104 4517 rhetorica,

2213 4448 2268 4499 αί
2303 4447 2571 4517 ἐνέργειαι
2596 4445 2779 4509 αὐτοῦ,
2808 4446 2901 4514 ἅτθ’
2935 4440 3011 4500 ὧν
3043 4445 3140 4517 τὴν
3164 4444 3538 4517 προσηγορίαν
3571 4441 3663 4495 τοῦ
3694 4459 3795 4493 κα-

528 4555 710 4608 neque
750 4540 1105 4610 grammatica
1139 4541 1447 4595 substantia
1478 4540 1587 4596 sit:
1638 4542 1729 4596 sed
1769 4552 1979 4596 tantum
2035 4559 2101 4597 ex

526 4629 595 4683 iis
618 4646 740 4699 quae
773 4630 874 4684 sibi
898 4631 1173 4693 eveniunt,
1200 4631 1341 4684 hanc
1376 4632 1684 4694 nominum,
1717 4650 1947 4702 quorum
1983 4633 2102 4700 ipsa

527 4720 733 4774 nullum
786 4728 888 4782 est,
939 4719 1255 4774 varietatem
1298 4721 1581 4777 sortiatur.
1638 4720 1730 4774 S:c
1764 4725 1831 4775 ab
1882 4723 1947 4775 iis
1983 4739 2105 4792 qua:

525 4814 688 4882 vulgo
721 4812 858 4865 mala
912 4822 1243 4875 censentur,
1297 4813 1615 4867 substantiae
1667 4829 1862 4867 nomen
1899 4815 2101 4879 imponi

526 4917 727 4971 statuo,
759 4922 993 4975 quorum
1021 4915 1200 4961 tamen
1228 4906 1342 4974 ipsa
1370 4906 1577 4959 nullum
1610 4914 1713 4959 cst.
1746 4903 1980 4959 Perinde
2008 4920 2104 4959 an-

525 5010 632 5056 tem
664 4998 1034 5069 philosophari
1059 4998 1246 5061 debes,
1286 5008 1343 5052 ut
1374 4998 1541 5051 altum
1587 4996 1829 5067 aliquem
1868 4997 2101 5051 homini.

524 5092 624 5147 bus
648 5091 915 5146 malorum
960 5102 1243 5146 auctorem
1262 5089 1448 5145 animo
1470 5102 1523 5144 ct
1544 5088 1873 5157 cogitatione
1905 5088 2099 5157 ﬁngas,

524 5198 759 5253 eumque
810 5184 1065 5241 similiter
1098 5223 1113 5247 ,
1148 5192 1423 5252 quatenus
1454 5184 1506 5236 in
1543 5182 1677 5252 ipsis
1723 5180 1865 5234 male
1908 5179 2101 5249 agendi

527 5276 848 5346 principium
874 5285 926 5330 et
957 5291 1121 5331 eausa
1158 5275 1407 5346 quaedam
1437 5285 1542 5341 est,
1572 5276 1644 5330 ob
1673 5276 1762 5329 illa
1793 5274 1910 5343 ipsa
1938 5313 1954 5337 ,
1983 5288 2105 5342 qua:

527 5366 655 5435 agit,
687 5368 889 5421 malum
936 5383 1080 5422 esse.
1123 5364 1257 5420 Nam
1292 5367 1469 5422 malus
1501 5368 1688 5437 utique
1735 5366 1938 5421 dicitur
1989 5365 2106 5434 ipse

598 5477 675 5550 (ϐ)
709 5478 1111 5550 Παριιστῆναι.
1173 5478 1453 5550 Usitatius
1516 5479 1679 5533 fuerit
1720 5478 2101 5550 παραστῆσαι.

599 5548 675 5615 (7)
703 5550 770 5599 Et
822 5549 889 5601 δὲ
935 5552 1135 5604 οὐσίαι
1184 5551 1254 5604 τὰ
1304 5549 1492 5615 κακά,
1524 5558 1627 5605 etc.
1683 5548 1936 5603 Mendosa
1978 5548 2103 5604 iure

530 5628 690 5692 sunt;
737 5633 858 5692 qua‘
903 5619 1057 5692 facile
1090 5620 1166 5692 sic
1196 5623 1471 5685 emendes,
1502 5622 1562 5673 Ei
1608 5620 1662 5672 δὲ
1709 5622 1783 5692 μὴ
1825 5621 1999 5673 οὐσίαι
2036 5621 2103 5673 τὰ

527 5687 693 5752 κακὰ,
722 5688 885 5740 κακὸν
916 5690 971 5740 δὲ
996 5692 1023 5741 ό
1048 5690 1223 5756 φόνος,
1258 5701 1361 5744 etc.

596 5758 668 5823 (8)
708 5758 980 5813 Ἔσονται
1023 5761 1271 5816 τούτων.
1302 5762 1726 5829 ,Ἀσυλλόγιστος
1755 5762 1965 5819 videtur
1997 5763 2103 5819 ista

2210 4542 2303 4604 κὸς
2336 4539 2589 4607 λέγεσθαι
2621 4539 2905 4609 λαμϐάνει.
2933 4539 2995 4590 Εἰ
3026 4538 3132 4608 γάρ
3155 4537 3316 4589 αὐτὸν
3341 4536 3606 4606 ὑπάρχειν
3623 4532 3797 4584 εἴποι-

2212 4651 2331 4703 μεν,
2361 4632 2396 4687 ἂ
2424 4635 2586 4695 ποιεῖ,
2621 4634 2764 4683 ποιεῖ
2794 4631 2849 4684 δὲ
2879 4631 3072 4700 φόνους
3126 4630 3221 4682 καὶ
3255 4626 3518 4698 μοιχείας,
3543 4625 3639 4679 καὶ
3670 4623 3796 4676 κλο-

2210 4726 2335 4789 πὰς,
2364 4726 2455 4779 καὶ
2474 4727 2570 4778 ὅσα
2596 4724 2805 4788 τούτοις
2826 4725 3007 4794 ὅμοια,
3040 4723 3202 4786 αὑτός
3225 4724 3342 4774 ἐστι
3388 4719 3582 4773 ταῦτα.
3628 4719 3691 4771 Εἰ
3734 4717 3794 4771 δὲ

2206 4817 2358 4872 ταῦτ’
2392 4817 2534 4871 ἔστιν
2559 4818 2741 4882 αὐτὸς,
2765 4816 2936 4869 ταῦτα
2963 4816 3009 4869 δ’
3040 4818 3127 4869 ὅτε
3163 4816 3374 4884 γίνεται
3397 4813 3495 4883 τὴν
3533 4811 3794 4864 σύστασιν

2208 4910 2341 4981 ἔχει,
2365 4910 2423 4961 οὐ
2452 4909 2710 4979 γινόμενα
2736 4908 2792 4960 δὲ
2823 4909 2917 4961 καὶ
2942 4906 3034 4960 τοῦ
3072 4903 3210 4960 εἶναι
3268 4907 3499 4958 παύεται
3523 4941 3539 4965 ,
3578 4901 3792 4970 γίνεται

2206 5001 2261 5054 δὲ
2285 5000 2455 5054 ταῦτα
2493 5001 2626 5072 πρὸς
2653 5000 2953 5069 ἀνθρώπων
2975 5016 2987 5029 ·
3020 4998 3234 5052 ἔσονται
3261 4996 3463 5051 τούτων
3495 4996 3574 5067 (8)
3604 4998 3653 5049 οῖ
3693 4995 3793 5049 άν-

2208 5093 2413 5166 θρωποι
2440 5093 2682 5163 ποιηταὶ,
2710 5091 2927 5145 καὶτοῦ
2963 5087 3097 5145 εἶναι
3143 5091 3236 5144 καὶ
3279 5089 3374 5143 τοῦ
3419 5089 3612 5160 μηκέτ’
3651 5085 3792 5145 εἶναι

2208 5186 2387 5240 αἴτιοι.
2428 5187 2486 5239 Εἰ
2508 5185 2563 5238 δὲ
2588 5185 2761 5238 ταῦτα
2790 5184 3067 5255 ἐνεργείας
3089 5183 3253 5237 αὐτοῦ
3280 5184 3407 5254 φῂς,
3440 5180 3500 5246 ἐξ
3524 5174 3599 5235 ὧν
3623 5182 3789 5244 ποιεῖ,

2205 5278 2267 5331 τὸ
2294 5278 2463 5342 κακὸς
2494 5273 2631 5332 εἶναι
2665 5277 2798 5347 ἔχει,
2825 5278 2924 5330 οὐκ
2952 5276 3010 5341 ἐξ
3041 5269 3116 5330 ὧν
3138 5277 3342 5346 ἐστινὴ
3380 5275 3555 5330 οὐσία.
3601 5274 3792 5327 Κακδν

2205 5369 2261 5422 δὲ
2282 5370 2505 5442 εἴπομεν
2534 5368 2789 5439 λέγεσθαι
2837 5368 2945 5422 ἀπὸ
2971 5368 3081 5422 τῶν
3121 5368 3547 5440 συμϐεϐηκότων
3586 5370 3655 5440 τῇ
3694 5367 3790 5422 οὐ-

2208 5485 2507 5539 conclusio.
2534 5482 2895 5538 [inferendum
2919 5483 3062 5537 enim
3097 5484 3279 5551 potius
3309 5481 3522 5547 fuisset,
3548 5481 3792 5535 hominis

2207 5571 2423 5623 quoque
2495 5563 2785 5617 naturam,
2838 5570 2935 5621 pro
3002 5564 3149 5607 tanta
3205 5570 3385 5607 rerum
3453 5554 3677 5605 istarum
3734 5561 3793 5606 et

2208 5625 2482 5677 actionum
2541 5624 2843 5677 mutatione
2904 5624 3101 5677 mutari
3135 5664 3147 5683 ,
3201 5641 3322 5691 qua:
3364 5623 3447 5677 sui
3509 5632 3793 5693 tantopere

2208 5696 2508 5757 dissimilis,
2541 5709 2663 5750 esse
2692 5694 2854 5751 toties
2881 5703 2933 5751 et
2960 5695 3218 5764 inciperet
3255 5704 3305 5749 et
3330 5694 3618 5749 desineret.
