4166 6428
352 383 458 441 571

1509 377 1834 433 PRxEPAR.
1874 375 2128 431 EVANG.
2175 375 2300 430 LIB.
2345 374 2458 430 VII.

3511 374 3616 432 578

353 498 466 568 σίᾳ,
500 494 657 551 ἅτινα
678 497 777 549 οὐκ
801 496 945 550 ἔστιν
983 497 1016 567 ή
1061 494 1248 559 οὐσία,
1277 494 1352 558 ὡς
1402 494 1509 548 ἀπὸ
1550 495 1648 566 τῆς
1683 493 1934 567 ἰατρικῆς

2041 507 2279 562 quoque,
2310 493 2455 561 quod
2493 491 2760 545 malorum
2786 501 2977 547 auctor
3011 491 3229 562 ipsesit
3265 506 3426 562 :qua:
3451 507 3616 561 porro

355 589 558 661 ἰατρόν.
587 589 649 641 Εἰ
678 589 735 642 δὲ
761 588 822 653 ἐξ
856 581 932 641 ὧν
956 590 1189 658 ἐνεργεῖ,
1215 586 1387 659 ἀρχὴν
1418 586 1510 639 τοῦ
1546 583 1682 640 εἶναι
1724 584 1936 655 λαμϐά-

351 696 451 740 νει,
486 677 690 750 ήρξατο
715 680 964 742 κάκεῖνος
992 675 1128 731 εἶναι
1154 678 1344 743 κακὸς,
1369 677 1572 749 ἤρξατο
1588 677 1643 730 δὲ
1669 677 1762 731 καὶ
1781 678 1935 730 ταυτὶ

353 771 420 824 τὰ
445 770 610 825 κακά.
645 771 704 823 Εἰ
725 769 780 823 δὲ
806 769 979 833 οὓτως
1001 770 1138 841 ἔχει,
1169 772 1270 825 οὐκ
1302 771 1450 824 ἔσται
1471 771 1722 841 ἀνάρχως
1744 770 1932 834 κακὸς,

353 861 474 914 οὐδὲ
497 859 766 932 άγέννητα
795 859 864 914 τὰ
888 860 1056 924 κακά,
1085 860 1162 932 τῷ
1184 861 1419 933 γεννητὰ
1448 862 1586 933 πρὸς
1610 862 1773 915 αὐτοῦ
1797 858 1936 916 εἶναι

356 952 543 1021 φάναι.
580 950 686 1004 Τὸν
722 952 819 1022 μὲν
844 951 982 1023 πρὸς
1015 953 1107 1005 τὸν
1138 953 1349 1024 ἓτερον,
1384 946 1429 1006 ὦ
1454 953 1598 1021 φίλε,
1628 953 1782 1021 λόγον
1818 955 1939 1007 ἱκα-

356 1040 459 1105 νῶς
492 1057 582 1110 μοι
605 1040 934 1112 πεποιῆσθαι
956 1040 1162 1106 δοκεῖς·
1190 1040 1249 1107 ἐξ
1272 1035 1348 1096 ὧν
1378 1042 1487 1114 γὰρ
1519 1041 1823 1114 προύλαϐες
1859 1041 1937 1113 τῷ

357 1132 517 1203 λόγῳ,
545 1133 609 1187 ἐκ
634 1131 837 1187 τούτων
869 1132 1125 1202 συνάγειν
1149 1132 1335 1199 ἔδοξας
1359 1133 1559 1198 καλῶς.
1603 1135 1688 1197 Ὠς
1722 1134 1938 1206 άληθῶς

355 1221 484 1293 γὰρ,
511 1222 559 1274 εἰ
610 1222 795 1285 ἄποιος
820 1222 1117 1294 ἐτύγχανεν
1150 1226 1183 1296 ἡ
1230 1221 1365 1295 ὕλη,
1400 1225 1508 1278 τῶν
1548 1225 1604 1278 δὲ
1637 1226 1937 1297 ποιοτήτων

355 1311 680 1385 δημιουργὸς
711 1315 944 1387 ὑπάρχει
972 1317 1001 1369 6
1030 1316 1164 1379 Θεὸς
1184 1356 1198 1379 ,
1231 1320 1514 1388 ποιότητες
1559 1318 1618 1370 δὲ
1652 1317 1720 1371 τὰ
1756 1316 1901 1370 κακά
1920 1356 1935 1381 ,

352 1403 463 1458 τῶν
505 1404 693 1459 κακῶν
743 1409 858 1461 ἐστι
904 1407 1133 1479 ποιητὴς
1173 1410 1202 1462 6
1238 1408 1389 1473 Θεός.
1446 1404 1615 1473 Οῦτος
1658 1410 1757 1480 μὲν
1786 1405 1879 1463 οὖν
1909 1412 1938 1463 6

355 1492 511 1564 λόγος
538 1496 674 1568 πρὸς
699 1498 908 1551 ἐκεῖνον
946 1499 1184 1571 εἰρήσθω
1225 1499 1438 1564 καλῶς’
1485 1502 1609 1570 ἐμοὶ
1642 1500 1699 1553 δὲ
1742 1498 1939 1571 ψεῦδος

355 1586 502 1639 δοκεῖ
522 1587 621 1657 τὴν
643 1587 776 1660 ὓλην
801 1588 994 1643 ἄποιον
1022 1586 1159 1643 εἶναι
1183 1588 1382 1660 λέγειν.
1409 1592 1545 1645 Οὐδὲ
1578 1591 1688 1663 γὰρ
1731 1591 1939 1645 ἔνεστιν

356 1679 528 1731 εἰπεῖν
555 1678 683 1751 περὶ
706 1679 1020 1751 ἡστινοσοῦν
1062 1676 1237 1742 αἰτίας
1257 1690 1283 1719 ει
1326 1681 1402 1744 ὼς
1428 1679 1573 1733 ἔστιν
1598 1680 1814 1744 ἄποιος·
1844 1684 1939 1737 καὶ

356 1767 465 1839 γάρ
494 1769 552 1822 ὲν
579 1762 624 1837 ᾧ
654 1768 843 1823 ἄποιον
874 1765 1012 1824 εἶναι
1040 1769 1207 1839 λέγει,
1232 1769 1330 1842 τὴν
1353 1771 1616 1842 ποιότητα
1642 1772 1811 1844 αὐτῆς
1832 1792 1937 1846 μη-

358 1856 506 1924 νύει,
546 1858 704 1912 ὁποία
741 1861 859 1913 ἐστὶ
904 1862 936 1931 ἡ
990 1860 1089 1932 ὕλη
1125 1861 1582 1931 διαγραφόμενος,
1608 1861 1745 1933 ὅπερ
1788 1863 1937 1915 ἐστὶν
1970 1847 2011 1905 Β

362 1950 648 2023 ποιότητος
692 1947 847 2015 εἶδος.
888 1952 1049 2006 Ὅθεν
1092 1953 1148 2006 εἰ
1182 1970 1262 2006 σοι
1312 1953 1467 2022 φίλον
1518 1954 1688 2014 ἐστὶν,
1733 1955 1940 2009 ἄνωθεν

362 2041 487 2114 ἔχου
522 2042 659 2115 πρὸς
690 2046 790 2115 ἐμὲ
815 2044 910 2098 τοῦ
937 2044 1117 2113 λόγου.
1166 2045 1321 2115 Ἐμοὶ
1348 2044 1460 2118 γὰρ
1486 2046 1521 2118 ἠ
1553 2044 1649 2117 ὕλη
1690 2047 1941 2118 ανάρχως

362 2137 653 2208 ποιότητας
678 2137 820 2207 ἔχειν
844 2137 1021 2190 δοκεῖ·
1079 2136 1220 2190 οὕτω
1244 2137 1351 2208 γὰρ
1383 2138 1478 2191 καὶ
1501 2136 1571 2191 τὰ
1594 2138 1742 2192 κακά
1764 2141 1827 2191 ὲκ
1842 2140 1940 2209 τῆς

358 2228 662 2300 ἀπορροίας
691 2229 864 2297 αὐτῆς
894 2224 1031 2282 εἶναι
1056 2228 1219 2297 λέγω,
1261 2228 1348 2282 ἵνα
1388 2227 1499 2281 τῶν
1543 2229 1729 2282 κακῶν
1765 2231 1794 2282 6
1841 2229 1941 2300 μὲν

357 2318 491 2381 Θεὸς
537 2316 777 2381 ἀναίτιος
820 2313 893 2391 ᾖ,
926 2315 1131 2370 τούτων
1161 2315 1218 2368 δὲ
1268 2315 1583 2386 ἀπάντωνή
1620 2313 1718 2385 ὓλη
1767 2314 1935 2368 αἰτία.

358 2410 470 2480 Τὴν
508 2409 603 2479 μὲν
626 2408 932 2478 προθυμίαν
959 2407 1057 2479 τὴν
1089 2405 1187 2478 σὴν
1218 2406 1575 2477 ἀποδέχομαι,
1610 2399 1655 2459 ὧ
1684 2406 1823 2474 φίλε,
1845 2406 1940 2459 καὶ

360 2500 455 2553 σοῦ
481 2500 580 2571 τὴν
608 2502 665 2552 ὲν
694 2501 804 2561 τοῖς
829 2497 1008 2566 λόγοις
1028 2496 1262 2569 σπουδὴν
1291 2495 1519 2550 ἐπαινῶ.
1556 2496 1807 2568 Προσῆκε
1830 2494 1940 2566 γὰρ

356 2591 433 2651 ὡς
459 2591 675 2661 ἀληθῶς
702 2591 934 2644 ἕκαστον
965 2588 1074 2643 τῶν
1097 2588 1413 2660 φιλομαθῶν
1461 2589 1538 2661 μὴ
1591 2575 1775 2652 ἁπλῶς
1794 2628 1809 2653 ,
1845 2587 1940 2641 καὶ

353 2681 433 2746 ὡς
477 2682 633 2753 ἔτυχε
694 2681 1190 2750 συγκατατίθεσθαι
1242 2684 1356 2745 τοῖς
1413 2680 1730 2752 λεγομένοις
1754 2720 1769 2745 ,
1824 2679 1938 2734 ἀλλ’

352 2772 561 2846 ἀκριϐῆ
591 2774 863 2827 ποιεῖσθαι
886 2772 985 2844 τὴν
1017 2772 1262 2840 ἐξέτασιν
1290 2772 1398 2826 τῶν
1428 2772 1622 2841 λόγων.
1662 2772 1797 2825 Οὐδὲ
1832 2772 1939 2844 γὰρ

356 2868 407 2918 εἰ
432 2867 461 2919 6
488 2864 827 2938 προσζητῶν,
855 2864 1163 2935 παράλογον
1191 2865 1516 2936 ὁρισάμενος
1552 2864 1806 2935 ἀφορμὴν
1841 2863 1938 2933 (9),

359 2954 605 3026 παρέσχε
635 2951 714 3024 τῷ
747 2951 1255 3025 προσδιαλεγομένῳ
1305 2951 1562 3019 συνάγειν
1615 2949 1691 3013 ὡς
1744 2948 1938 3010 ὲθέλει,

357 3044 514 3099 τοῦτο
543 3044 637 3098 καὶ
667 3044 757 3098 τὸν
788 3042 1064 3115 ἀκροατὴν
1097 3041 1273 3095 πείσει
1296 3057 1309 3070 ·
1334 3039 1450 3094 ἀλλ⁴
1477 3038 1531 3092 εῐ
1559 3056 1612 3091 τι
1643 3038 1755 3109 (10)
1797 3037 1943 3091 δοκεῖ

357 3136 579 3191 δυνατὸν
615 3133 753 3190 εἶναι
785 3134 1037 3207 λέγεσθαι
1066 3132 1268 3197 καλῶς,
1295 3130 1455 3185 τοῦτο
1489 3129 1659 3194 λέξει·
1700 3130 1826 3200 παρ’
1865 3122 1940 3182 ὧν

355 3227 501 3283 δυοῖν
536 3222 760 3300 θάτερον
806 3227 985 3283 ἔσται·
1039 3226 1072 3298 ἢ
1118 3224 1227 3297 γὰρ
1260 3224 1397 3295 πρὸς
1422 3221 1450 3276 6
1484 3220 1751 3276 κινεῖσθαι
1797 3220 1944 3273 δοκεῖ

357 3318 598 3382 ἀκούσας
628 3319 812 3373 τέλεον
840 3316 1276 3388 ὠφεληθήσεται,
1299 3315 1333 3387 ἢ
1368 3314 1458 3367 τὸν
1481 3311 1941 3384 προσδιαλεγόμε-

358 3427 448 3465 νον
475 3410 681 3478 ἐλέγξει
710 3411 770 3462 οὐ
802 3409 1008 3480 τάληθῆ
1036 3408 1280 3476 λέγοντα.
1309 3407 1384 3459 Οὐ
1405 3404 1581 3468 δοκεῖς
1607 3403 1664 3458 δέ
1689 3421 1778 3474 μοι
1799 3402 1944 3456 δεόν-

358 3519 467 3567 τως
491 3502 773 3575 εἰρηκέναι
799 3502 897 3572 τὴν
922 3500 1053 3573 ὕλην
1084 3498 1291 3555 ἄνωθεν
1324 3499 1618 3567 ποιότητας
1657 3495 1821 3567 ἔχειν.
1878 3496 1941 3548 Εἰ

359 3596 470 3670 γάρ
512 3595 660 3650 τοῦθ’
697 3594 869 3659 οὕτως
913 3593 1024 3665 ἔχει
1046 3632 1061 3656 ,
1102 3591 1247 3655 τίνος
1268 3591 1418 3644 ἔσται
1454 3588 1683 3660 ποιητὴς
1709 3590 1739 3642 ό
1763 3587 1939 3653 Θεός;

359 3688 471 3743 εἴτε
496 3687 604 3759 γὰρ
633 3687 823 3749 οὐσίας
869 3685 1103 3758 ἐροῦμεν
1124 3724 1139 3749 ,
1188 3685 1435 3756 προεῖναι
1479 3681 1686 3745 ταύτας
1725 3679 1903 3751 φαμέν
1924 3698 1938 3711 ·

360 3780 460 3834 εἴτ’
490 3777 556 3836 αὖ
586 3780 747 3835 πάλιν
774 3779 1085 3852 ποιότητας,
1121 3779 1215 3832 καὶ
1242 3777 1444 3841 ταύτας
1479 3776 1768 3848 ὑπάρχειν.
1795 3776 1940 3829 Οὐκ-

362 3871 453 3925 οῦν
482 3872 669 3935 οὐσίας
698 3888 758 3924 τε
800 3868 968 3942 οὔσης
998 3869 1094 3923 καὶ
1134 3869 1434 3939 ποιοτήτων
1454 3907 1469 3931 ,
1510 3866 1762 3938 περιττὸν
1802 3862 1940 3921 εἴναί

364 3980 452 4034 μοι
484 3962 631 4016 δοκεῖ
661 3961 991 4033 δημιουργὸν
1011 3960 1191 4029 λέγειν
1217 3958 1308 4012 τὸν
1335 3958 1492 4016 Θεόν.
1518 3959 1636 4011 Ἵνα
1658 3957 1715 4011 δὲ
1741 3958 1835 4011 καὶ
1865 3957 1940 4028 μὴ

361 4054 790 4120 κατασκευάζειν
814 4052 935 4107 τινὰ
963 4052 1097 4117 δόξω
1129 4051 1307 4121 λόγον,
1330 4049 1622 4122 ἀπόκριναι
1667 4048 1762 4104 νῦν
1805 4051 1942 4120 ἐρω-

358 4144 622 4217 τώμενος,
655 4144 760 4198 τίνι
792 4144 977 4214 τρόπῳ
1002 4141 1330 4214 δημιουργὸν
1363 4136 1502 4195 εἶναι
1529 4142 1635 4213 φῄς
1662 4140 1751 4195 τὸν
1777 4141 1937 4206 Θεόν;

361 4238 597 4310 Πότερον
625 4238 705 4292 ὅτι
735 4236 835 4301 τὰς
863 4235 1050 4298 οὐσίας
1080 4234 1306 4306 ἔτρεψεν
1341 4234 1420 4296 εἰς
1449 4233 1509 4286 τὸ
1546 4233 1740 4304 μηκέθ’
1771 4233 1943 4306 ὑπάρ-

360 4349 478 4401 χειν
502 4331 738 4394 ὲκείνας,
766 4329 932 4400 αἴπερ
961 4323 1101 4398 ἦσάν
1127 4342 1278 4389 ποτε,
1315 4325 1429 4379 ἀλλ’
1453 4323 1643 4395 ἐτέρας
1674 4324 1805 4396 παρ’
1844 4325 1941 4377 αύ-

358 4421 462 4485 τὰς
488 4420 759 4492 γενέσθαι,
787 4420 821 4491 ἢ
845 4420 926 4473 6::
958 4417 1056 4481 τὰς
1076 4417 1174 4488 μὲν
1204 4415 1391 4478 οὐσίας
1419 4412 1681 4484 ἐφύλαξεν
1704 4414 1938 4478 ὲκείνας,

362 4515 528 4584 αἴπερ
557 4509 699 4584 ἦσαν
732 4512 839 4584 πρὸ
871 4511 1062 4565 τούτου
1088 4509 1222 4581 (ll),
1250 4508 1351 4572 τὰς
1377 4507 1434 4561 δὲ
1467 4507 1760 4579 ποιότητας
1785 4507 1941 4580 ἕτρε-
1972 4540 2015 4595 D

361 4607 462 4679 ψεν
491 4606 705 4672 αὐτῶν;
740 4604 816 4660 Οὐ
847 4623 901 4659 τι
936 4622 1026 4676 μοι
1053 4604 1202 4658 δοκεῖ
1226 4603 1467 4674 ἀλλαγήν
1517 4603 1629 4673 (12)
1679 4620 1804 4657 τινα
1845 4604 1938 4657 ού-

366 4699 497 4753 σιῶν
517 4698 824 4768 γεγονέναι·
849 4696 1070 4767 καὶγὰρ
1092 4696 1290 4750 ἄτοπον
1307 4692 1466 4747 τοῦτο
1489 4692 1668 4763 λέγειν
1699 4710 1788 4764 μοι
1816 4694 1941 4763 φαί-

363 4807 532 4844 νεται.
568 4789 789 4862 Τροπὴν
828 4788 938 4858 (15)
961 4787 1018 4842 δέ
1041 4803 1164 4840 τινα
1186 4786 1296 4840 τῶν
1330 4787 1632 4859 ποιοτήτων
1659 4785 1942 4855 γεγονέναι

365 4882 526 4955 φημὶ,
561 4881 685 4936 καθ’
716 4880 783 4944 ἃς
806 4879 1137 4951 δημιουργὸν
1158 4873 1296 4932 εἶναι
1332 4876 1477 4947 λέγω
1518 4878 1608 4932 τὸν
1646 4878 1799 4932 Θεόν.
1832 4877 1944 4931 Καὶ

364 4971 554 5044 ὥσπερ
585 4973 634 5024 εἰ
653 4970 806 5042 τύχοι
835 4969 1017 5039 λέγειν
1046 4970 1111 5022 ὲκ
1139 4967 1301 5022 λίθων
1328 4969 1504 5023 οἰκίαν
1523 4966 1825 5036 γεγονέναι,
1858 4968 1943 5035 ἐφ’

365 5055 530 5132 ᾧούκ
554 5062 701 5116 ἐστιν
731 5062 924 5126 εἰπεῖν,
952 5059 1027 5123 ὡς
1053 5060 1154 5113 οὐκ
1185 5058 1266 5112 ἔτι
1313 5057 1450 5111 λίθοι
1495 5059 1716 5127 μένουσι
1745 5061 1814 5129 τῇ
1854 5058 1945 5110 οὐ-

368 5155 480 5229 σία,
504 5155 651 5211 οἰκία
672 5154 953 5225 γενόμενοι
1000 5153 1051 5206 οἰ
1095 5151 1271 5205 λίθοι⁸
1306 5152 1374 5222 τῇ
1401 5150 1511 5221 γὰρ
1554 5150 1799 5221 ποιότητι
1845 5149 1945 5220 τῆς

474 5258 501 5287 ⁸
526 5262 618 5300 TD.
657 5258 867 5300 ουσιας.

474 5258 501 5287 ⁸
602 5283 618 5300 .
761 5242 778 5296 ἰ
853 5281 867 5297 .

367 5336 384 5359 ’
438 5334 514 5408 (9)
526 5245 899 5404 Ἒαὲἓέοαῖέν
908 5334 1059 5408 ,δριίῖ
1059 5330 1278 5408 ᾅμενος
1314 5328 1623 5408 ἀφορμήν,
1647 5322 1746 5384 llic
1772 5329 1944 5408 ἀφορ-

414 5400 729 5479 ﬂv'pro'eo
780 5400 1244 5479 sumi_’arbitror,
1293 5400 1439 5469 quod
1483 5400 1725 5479 medium
1780 5400 1946 5479 vulgo

367 5424 480 5517 911v
527 5424 627 5474 pro
662 5424 729 5458 eo
780 5424 923 5459 sum:
976 5424 1244 5466 arultl‘ur,
1293 5424 1439 5469 quuu
1484 5424 1725 5454 "mulum
1785 5424 1946 5470 vulgo

368 5476 530 5548 .ogici
558 5475 864 5538 nominant,
899 5471 1129 5541 ejusque
1175 5482 1286 5524 tam
1333 5486 1385 5523 In
1433 5471 1631 5538 majori
1678 5485 1842 5538 quam
1891 5471 1946 5522 in

369 5546 570 5594 minori
598 5544 1012 5594 collocationem
1053 5558 1066 5594 :
1104 5539 1416 5594 παράλογον
1456 5550 1636 5594 autem
1666 5540 1943 5594 ἀφορμήν.

369 5540 570 5603 minori
598 5540 1012 5599 collocationem
1042 5540 1066 5594 ξ
1104 5540 1416 5612 παράλογον
1456 5550 1636 5594 autem
1666 5540 1943 5611 ἀφορμήν,

369 5616 723 5686 sophisticam
754 5621 807 5667 et
836 5612 1180 5686 άπατητικήν
1210 5608 1625 5686 argumentandi
1657 5610 1946 5686 rationem,

368 5678 479 5758 qu'a
511 5687 636 5756 quis
669 5678 1054 5758 νείυιάφορμῇ
1091 5678 1348 5758 quadam,
1379 5681 1447 5735 ad
1466 5678 1947 5758 [aciliusalterum

371 5747 427 5811 i'n
455 5747 698 5811 errorem
735 5747 1125 5807 inducendum-
1146 5751 1423 5806 abutatur.
1460 5747 1660 5816 Quales
1691 5748 1949 5821 ἀφορμάς

375 5826 640 5884 bocratici
672 5836 890 5892 captare
918 5822 1261 5879 videbantur.

2039 583 2164 651 quis
2201 583 2333 652 agit,
2370 597 2435 635 ca
2479 598 2583 635 non
2611 582 2726 651 jam
2785 583 2934 649 ipse,
2963 583 3055 637 sed
3088 582 3257 650 ipsius
3284 591 3494 635 tantum
3524 597 3616 634 ac-

2038 674 2213 727 tiones
2237 673 2481 741 qmedam
2510 682 2657 735 sunt,
2684 672 2828 727 unde
2856 673 3198 727 malinomen
3235 672 3435 727 haurit.
3453 671 3616 744 342

2037 764 2330 819 Enimvero
2380 766 2425 821 si
2446 781 2567 835 quae
2595 781 2622 817 a
2648 781 2862 835 quoque
2885 765 3039 828 ﬁunt,
3067 764 3255 820 eadem
3284 765 3458 833 ipsmn
3496 780 3617 820 esse

2035 855 2364 919 diceremus,
2395 872 2520 911 cum
2560 859 2754 923 caules,
2800 857 3093 923 adulteria,
3126 857 3266 911 furta
3292 855 3513 927 aliaque
3562 858 3614 912 id

2037 960 2209 1016 genus
2265 947 2473 1002 scelera
2504 948 2573 1002 ab
2624 949 2805 1017 aliquo
2850 948 3381 1018 patrarentur,th
3431 948 3616 1004 omnia

2037 1038 2199 1093 simul
2232 1054 2374 1094 unus
2405 1039 2660 1108 idemque
2687 1038 2848 1093 foret.
2885 1039 3162 1108 Ejusmodi
3195 1055 3359 1110 porro
3394 1041 3436 1093 si
3472 1040 3613 1094 erit:

2036 1146 2160 1186 cum
2194 1130 2381 1185 isthaec
2425 1130 2610 1185 omnia
2648 1138 2760 1183 tum
2807 1132 3047 1185 existant
3107 1133 3268 1186 modo
3304 1147 3425 1186 cum
3458 1131 3614 1196 ﬁunt,

2038 1235 2102 1276 ac
2152 1219 2315 1275 simul
2350 1233 2473 1274 esse
2498 1219 2753 1274 desinant
2782 1260 2798 1281 ,
2838 1235 2960 1274 cum
2994 1219 3109 1274 ﬁeri
3162 1220 3441 1287 desinunt,
3485 1220 3619 1275 ﬁant

2037 1320 2217 1366 autem
2248 1311 2318 1365 ab
2352 1310 2669 1365 hominibus
2702 1326 2716 1363 :
2788 1312 3039 1365 homines
3087 1322 3234 1366 certe
3271 1312 3489 1381 quidem
3511 1352 3527 1376 ,
3558 1320 3619 1366 ut

2036 1418 2225 1457 eorum
2261 1404 2517 1468 artilices,
2553 1403 2634 1458 sic
2676 1412 2731 1457 et
2759 1403 3115 1474 quamobrem
3156 1403 3247 1457 i.la
3274 1405 3436 1458 modo
3485 1402 3616 1468 sint,

2037 1496 2201 1550 modo
2230 1511 2333 1550 non
2366 1497 2495 1563 sint,
2525 1510 2706 1550 causae
2732 1496 2951 1565 ipsimet
2992 1505 3170 1550 erunt.
3209 1494 3364 1561 Quod
3399 1496 3446 1548 si
3473 1496 3621 1564 ejus-

2038 1586 2158 1640 dem
2198 1586 2443 1639 actiones
2477 1626 2493 1652 ,
2540 1585 2644 1639 ista
2677 1601 2799 1641 es'Se
2831 1586 3087 1639 concedis
3121 1603 3136 1651 ;
3171 1600 3238 1639 ex
3270 1585 3336 1639 iis
3384 1593 3617 1652 tantum,

2038 1692 2158 1746 qua:
2184 1676 2396 1738 fecerit,
2448 1692 2558 1732 non
2590 1693 2659 1732 ex
2701 1677 2770 1731 iis
2801 1676 3004 1746 quibus
3032 1676 3337 1730 substantia
3379 1685 3616 1735 constat.

2039 1767 2087 1823 is
2112 1768 2292 1833 habet,
2320 1779 2378 1822 ut
2404 1768 2582 1822 malus
2615 1768 2707 1823 sit.
2736 1766 2862 1820 Mali
2894 1767 3043 1820 enim
3078 1766 3516 1836 appellationem,
3550 1783 3620 1822 ex

2042 1858 2108 1914 iis
2137 1874 2259 1928 qua:
2290 1859 2610 1914 substantiae
2641 1859 2992 1930 contingunt,
3037 1873 3269 1928 quaeque
3310 1859 3619 1914 substantia

2038 1950 2155 2021 ipsa
2179 1966 2289 2005 non
2319 1963 2469 2016 sunt,
2497 1953 2794 2020 petendum
2825 1966 2949 2005 esse
2972 1948 3235 2014 diximus,
3258 1950 3620 2019 quemadmo-

2039 2041 2169 2097 dum
2202 2057 2232 2096 a
2259 2041 2530 2097 medicina
2556 2041 2827 2097 medicum
2859 2043 3225 2096 nominamus.
3268 2039 3428 2096 Nunc
3464 2056 3618 2107 vero,

2039 2134 2085 2190 si
2116 2150 2216 2204 pro
2246 2149 2433 2189 rerum
2485 2149 2609 2204 quae
2630 2134 2699 2188 ab
2725 2150 2792 2190 eo
2831 2133 2989 2197 ﬁunt,
3041 2133 3374 2199 conditione,
3417 2132 3620 2189 cuicui-

2040 2227 2187 2281 modi
2237 2241 2360 2281 esse
2384 2225 2620 2296 primum
2650 2225 2879 2296 incipiat
2909 2244 2922 2279 :
2974 2224 3116 2279 idem
3149 2240 3373 2295 quoque
3422 2240 3620 2280 manus

2040 2330 2164 2371 esse
2183 2315 2369 2385 cmpit,
2400 2316 2626 2385 ipsaque
2644 2314 2780 2369 adeo
2807 2314 2949 2368 mala
2972 2314 3136 2368 simul
3161 2329 3283 2369 esse
3308 2323 3616 2384 cteperunt.

2040 2410 2096 2466 Id
2116 2412 2258 2482 quod
2281 2413 2325 2466 si
2347 2427 2535 2466 verum
2561 2420 2665 2475 est,
2689 2426 2866 2480 neque
2886 2425 3085 2464 manus
3110 2410 3329 2465 malitia:
3344 2426 3458 2465 sua:
3472 2411 3621 2481 prin-

2039 2504 2204 2572 cipio,
2239 2518 2415 2572 neque
2453 2502 2594 2556 mala
2622 2501 2739 2571 ipsa
2797 2510 2921 2555 ortu
2949 2501 3233 2566 carebunt,
3262 2516 3387 2556 cum
3424 2499 3493 2554 ab
3527 2499 3620 2555 illo
3648 2482 3657 2489 ’

2040 2595 2280 2665 profecta
2299 2610 2420 2650 esse
2436 2595 2708 2650 dicantur.
2731 2593 2995 2649 Praeclare
3019 2602 3076 2648 tu
3098 2595 3317 2663 quidem
3337 2601 3392 2647 et
3406 2593 3623 2647 abunde

2040 2687 2343 2757 superioris
2390 2685 2670 2755 opinionis
2702 2700 2983 2748 errorem,
3018 2699 3052 2738 ο
3084 2685 3280 2750 amice,
3318 2692 3426 2737 tam
3463 2684 3620 2738 lucu-

2039 2776 2182 2830 lenta
2212 2777 2584 2846 disputatione
2600 2774 2897 2829 confutasti
2923 2789 2938 2825 :
2968 2789 3034 2828 ex
3065 2773 3133 2829 iis
3156 2776 3329 2837 enim,
3357 2783 3622 2843 quaeautc

2039 2884 2307 2940 posueras
2334 2907 2349 2933 ,
2405 2867 2623 2939 egregie
2657 2865 2908 2920 confecta
2945 2880 3032 2920 res
3082 2874 3186 2920 est.
3220 2863 3538 2928 Enimvero,
3574 2865 3621 2919 si

2040 2960 2304 3031 qualitate
2333 2960 2484 3015 omni
2518 2959 2747 3027 spoliata
2784 2958 3010 3011 materia
3055 2966 3173 3011 erat
3209 2975 3223 3011 :
3282 2956 3623 3026 proindeque

2042 3051 2088 3106 si
2118 3060 2173 3105 et
2201 3051 2527 3121 qualitatum
2554 3058 2749 3103 auctor
2778 3048 2921 3102 Deus
2947 3055 3061 3112 est,
3097 3057 3151 3102 et
3183 3046 3475 3117 qualitates
3506 3049 3623 3101 ista:

2046 3141 2190 3196 mala
2222 3150 2371 3207 sunt,
2439 3139 2608 3194 Deum
2662 3140 2822 3209 plane
2852 3139 3123 3193 malorum
3174 3147 3455 3193 auctorem
3501 3153 3625 3192 esse

2048 3233 2423 3302 consequitur.
2455 3230 2637 3297 Quare
2665 3230 2811 3301 quod
2841 3231 3081 3300 priorem
3114 3230 3262 3283 illam
3289 3230 3621 3283 sententiam

2044 3325 2260 3389 attinet,
2298 3324 2367 3379 ab
2397 3339 2462 3378 ea
2489 3339 2610 3378 sum
2639 3333 2729 3377 tua
2763 3323 2865 3377 hac
2898 3322 3110 3376 ratione
3146 3320 3433 3377 deductus.
3468 3320 3620 3375 Esto.

2045 3414 2205 3471 Nunc
2239 3425 2420 3471 autem
2455 3415 2654 3471 falsum
2690 3415 2820 3469 illud
2872 3414 3008 3469 mihi
3043 3415 3278 3477 videtur,
3336 3413 3620 3468 materiam

2043 3510 2396 3582 qualitatibus
2452 3524 2679 3563 vacuam
2713 3507 2901 3563 fuisse.
2936 3506 3071 3562 Nam
3129 3507 3435 3563 substantia
3473 3508 3620 3563 nulla

2042 3602 2304 3672 qualitate
2350 3600 2499 3655 omni
2534 3615 2723 3655 carere
2755 3599 2863 3655 dici
2914 3607 3091 3669 potest
3126 3618 3139 3653 :
3201 3613 3330 3654 cum
3364 3613 3430 3653 eo
3475 3599 3621 3669 ipso,

2042 3707 2153 3761 quo
2199 3691 2486 3746 materiam
2519 3693 2644 3763 quis
2666 3691 2818 3746 omni
2850 3691 3112 3760 qualitate
3159 3691 3449 3760 spoliatam
3499 3705 3625 3745 esse

2041 3783 2267 3848 diceret,
2304 3784 2579 3853 propriam
2615 3782 2736 3853 ejus
2760 3782 3079 3853 qualitatem
3113 3782 3385 3836 indicaret
3407 3823 3423 3847 ,
3466 3782 3621 3846 dum,

2041 3876 2220 3946 qualis
2252 3877 2479 3932 materia
2510 3879 2604 3940 sit,
2635 3877 2955 3946 explicaret,
2989 3875 3138 3945 quod
3199 3875 3378 3945 ipsum
3436 3875 3624 3943 utique

2042 3966 2333 4035 singularis
2389 3967 2642 4037 quaedam
2700 3967 2843 4021 ratio
2881 3965 3164 4036 qualitatis
3219 3974 3321 4020 est.
3361 3964 3624 4034 Deinceps

2044 4072 2199 4127 ergo,
2233 4057 2340 4113 uisi
2380 4059 2672 4113 molestum
2704 4065 2808 4121 est,
2837 4057 2977 4112 hanc
3012 4057 3147 4111 mihi
3181 4070 3372 4111 rursus
3394 4071 3425 4110 a
3450 4058 3627 4124 capite

2042 4150 2469 4219 disputationem
2493 4165 2735 4204 arcesse.
2762 4147 2883 4202 Jam
2906 4152 3050 4203 enim
3082 4148 3368 4203 materiam
3390 4147 3628 4216 qualita-

2044 4240 2190 4295 tibus
2218 4257 2284 4294 ex
2320 4240 2468 4295 omni
2496 4239 2801 4294 aeternitate
2829 4240 3134 4310 praeditam,
3176 4238 3428 4307 malaque
3457 4237 3626 4292 simul

2043 4330 2232 4384 omnia
2265 4345 2333 4385 ex
2356 4331 2593 4399 quodam
2644 4330 2764 4400 ejus
2797 4329 3013 4385 deﬂuxu
3050 4338 3172 4384 nata
3202 4344 3324 4384 esse
3367 4328 3620 4394 defendo,

2044 4438 2111 4477 ne
2132 4421 2243 4477 Deo
2275 4436 2442 4478 causa
2488 4422 2754 4476 malorum
2791 4423 3101 4492 assignetur
3126 4462 3142 4488 ,
3193 4436 3316 4491 qua:
3350 4420 3524 4476 solam
3569 4421 3623 4476 in

2044 4514 2332 4569 materiam
2389 4514 2718 4569 conferenda
2750 4514 2841 4569 sit.
2871 4512 3001 4567 Mihi
3033 4529 3164 4568 vero
3214 4521 3344 4568 tuus
3380 4512 3469 4567 hic
3501 4512 3623 4565 ani-

2044 4620 2190 4671 mus,
2219 4620 2253 4660 ο
2282 4604 2477 4669 amice,
2510 4604 2804 4659 admodum
2837 4604 3106 4675 probatur
3140 4620 3154 4670 ;
3199 4604 3376 4674 placet
3414 4604 3521 4658 hoc
3568 4603 3623 4657 in

2044 4696 2468 4751 concertationis
2499 4711 2696 4766 genere
2718 4705 2830 4752 tam
2862 4696 3110 4753 studiosa
3141 4695 3628 4765 coutentio.Atque

2044 4788 2188 4844 idem
2227 4787 2472 4858 profecto
2510 4804 2701 4845 eorum
2736 4789 3021 4854 omnium,
3047 4788 3141 4859 qui
3170 4804 3227 4843 se
3259 4785 3503 4843 discendi
3537 4804 3626 4841 cu-

2047 4878 2205 4946 pidos
2236 4879 2579 4950 proﬁtentur,
2607 4881 2897 4935 consilium
2942 4894 3063 4934 esse
3092 4887 3387 4947 Oporteret,
3422 4887 3480 4931 ut
3514 4892 3625 4929 nou

2047 4970 2365 5049 simpliciter
2395 4987 2458 5026 ac
2487 4979 2712 5034 temere,
2741 4971 3006 5042 quidquid
3039 4970 3107 5024 ab
3138 4970 3260 5024 aliis
3287 4968 3512 5035 dicitur,
3536 4982 3628 5021 ar-

2047 5062 2288 5132 riperent
2308 5103 2324 5128 ,
2351 5064 2445 5117 sed
2476 5064 2749 5119 rationum
2780 5065 2889 5119 vim
2926 5071 3090 5131 atque
3117 5060 3331 5130 pondus
3378 5060 3494 5114 suis
3530 5072 3626 5114 ac-

2046 5165 2229 5211 curate
2253 5172 2318 5211 ac
2342 5155 2629 5226 diligenter
2654 5155 2946 5211 momentis
2960 5154 3314 5209 aestimarent.
3336 5150 3498 5224 343
3516 5148 3628 5207 Nec

2119 5331 2232 5409 (le
2278 5332 2441 5385 Ἀλλ’
2481 5331 2538 5385 εἴ
2567 5348 2641 5386 τι.
2683 5329 2823 5384 Ante
2865 5327 3001 5409 άλλά
3046 5310 3246 5379 11ιὶηὸνί
3282 5332 3520 5409 tantum.
3545 5324 3629 5409 di-

2048 5395 2343 5458 stinctione
2372 5417 2507 5470 opus
2550 5411 2667 5466 est;
2692 5415 2796 5470 p_ro
2842 5399 2895 5470 εἰ*
2918 5415 2971 5450 τι
3012 5412 3159 5461 vero,
3188 5395 3375 5470 malim
3417 5396 3467 5447 εἰ
3494 5396 3535 5470 6
3551 5395 3624 5450 τι.

2146 5473 2230 5540 ll)
2264 5471 2385 5539 Πρὸ
2408 5464 2665 5524 ’τούτουᾴ
2691 5464 3197 5540 Yirgnlam‘puncti
3232 5465 3369 5540 loco
3419 5464 3625 5540 sumes.

2146 5473 2230 5540 11)
2264 5472 2385 5539 Πρὸ
2430 5472 2665 5524 τούτου.
2692 5472 2969 5539 Virgulam
3010 5472 3197 5535 puncti
3249 5472 3369 5519 loco
3419 5472 3625 5520 sullice.

2121 5472 2233 5614 lli)
2271 5538 2781 5614 Δοκεῖ-ἀλλαγήν.
2816 5539 2949 5592 Post
2980 5535 3404 5614 6o>_:si.tollenda
3437 5537 3630 5614 distiu-

2050 5605 2160 5693 ctio
2205 5605 2308 5667 est.
2341 5605 2856 5693 _’A)t):a:_j:fjv'autcm
2900 5605 3317 5693 rescripsimus,
3360 5621 3458 5675 pro
3491 5606 3628 5661 ἀλλὰ

2049 5683 2177 5753 γῆν,
2211 5681 2355 5751 quod
2389 5680 2679 5734 manifeste
2709 5680 2961 5731 vitiosum
2989 5686 3129 5730 erat.

2124 5752 2232 5823 (l5)
2262 5748 2512 5818 Τροπήν.
2542 5747 2681 5806 Male
2714 5748 2912 5819 τρόπον
2939 5756 3063 5802 ante
3092 5746 3389 5813 legebatur.
