4166 6428
535 353 643 411 579

1163 364 1434 423 EUSEBll
1472 359 1964 420 CAESARIENSIS
1998 358 2150 441 QPP.
2193 357 2375 413 PARS
2413 357 2478 412 ll.
2520 388 2592 400 -—
2632 356 3141 415 APOLOGETICA.

3699 356 3811 413 580

532 496 703 545 enim,
753 483 795 538 si
823 485 915 554 qui
948 499 1070 538 cum
1102 482 1276 537 altero
1317 481 1560 545 disserit,
1597 482 1985 536 concinnatum
2013 478 2112 532 abs

2217 474 2521 539 συνθέσεως
2552 477 2650 549 τὴν
2678 479 2856 533 οἰκίαν
2885 477 3169 547 γεγονέναι
3197 477 3361 548 φημὶ,
3392 475 3698 550 τραπείσης
3722 478 3814 549 ιη.

531 592 653 633 scse
684 575 848 631 fallax
876 576 1094 647 aliquod
1124 584 1179 628 et
1211 574 1516 643 captiosum
1557 573 1865 643 argumenti
1914 586 2108 642 genus,

532 683 630 723 sua
662 669 735 721 illi
759 683 825 722 ex
854 677 1034 723 mente
1064 681 1343 736 sensuque
1364 665 1803 720 concludendum
1833 663 2110 729 obtrudet,

530 759 764 813 auditori
817 768 1120 830 propterea,
1171 758 1318 828 quod
1347 757 1509 822 volet,
1557 757 1661 811 hac
1689 766 1806 811 arte
1827 770 2112 825 pet-suase-

528 852 641 905 rit:
673 851 768 907 sed
815 851 1022 922 aliquid
1056 861 1169 905 tum
1197 850 1419 904 demum
1451 850 1497 904 is
1533 850 1727 920 egerit,
1763 850 1808 902 si
1844 847 1992 918 quod
2016 847 2113 901 abs

526 959 585 998 se
610 959 736 997 cum
768 945 981 999 ratione
1022 943 1132 998 dici
1170 958 1330 1013 posse
1373 942 1666 1005 videbitur,
1695 941 1748 994 id
1783 940 1837 993 in
1871 940 2111 993 medium

525 1034 787 1106 proferet.
812 1033 946 1088 Nam
981 1044 1096 1089 tum
1130 1050 1161 1089 e
1189 1034 1408 1088 duobus
1452 1034 1685 1087 alterum
1719 1041 2109 1102 consequetur.

525 1128 635 1181 Aut
661 1128 806 1181 enim
837 1128 930 1197 qui
963 1126 1165 1192 audiet,
1192 1140 1303 1195 quo
1337 1124 1540 1194 impelli
1568 1139 1691 1178 sese
1725 1123 1965 1193 ferrique
1983 1138 2111 1177 sen-

525 1219 678 1285 serit,
716 1219 770 1271 in
795 1232 862 1273 eo
900 1217 1115 1271 tandem
1151 1232 1351 1286 magno
1382 1232 1507 1271 cum
1535 1231 1636 1271 suo
1660 1216 1838 1269 fructu
1892 1214 2114 1285 acquie-

525 1323 664 1374 scet,
696 1321 789 1365 aut
816 1309 1192 1364 adversarium
1250 1309 1367 1378 ipse
1413 1323 1575 1362 suum
1630 1307 1836 1361 erroris
1879 1304 2114 1376 falsique

528 1404 835 1458 convincet.
894 1400 1058 1472 Ergo,
1098 1410 1156 1455 ut
1187 1401 1254 1455 ad
1296 1416 1410 1454 rem
1461 1399 1698 1462 veniam,
1746 1398 2000 1469 equidem
2033 1399 2114 1453 sic

522 1495 802 1559 existimo,
847 1494 1030 1546 minus
1101 1491 1199 1545 abs
1228 1500 1280 1544 te
1306 1505 1432 1543 vere
1467 1487 1824 1559 qualitatibus
1862 1487 1932 1541 ab
1961 1487 2111 1541 omni

523 1602 639 1642 erro
664 1584 948 1640 materiam
980 1583 1196 1638 instrui.
1220 1581 1496 1650 Hoc_enim
1530 1581 1576 1635 si
1606 1597 1793 1635 verum
1823 1589 1928 1644 est,
1953 1580 2113 1649 cujus

527 1678 744 1733 tandem
772 1678 849 1732 rei
888 1676 1057 1731 Deum
1111 1684 1390 1730 auctorem
1421 1672 1799 1728 habebimus?
1844 1673 2115 1727 Substau-

523 1770 720 1825 tiarum
754 1768 779 1821 ?
818 1770 885 1824 At
917 1784 1012 1825 eas
1031 1768 1141 1838 jam
1164 1768 1315 1838 prius
1341 1766 1619 1822 exstitisse
1644 1765 1898 1820 dicimus.
1924 1764 2113 1831 Quali-

525 1870 694 1915 tatum
726 1862 750 1915 ?
775 1863 844 1915 At
870 1862 990 1917 illas
1017 1837 1235 1931 quoque
1252 1861 1366 1930 jam
1391 1869 1516 1913 ante
1533 1859 1704 1915 fuisse
1732 1860 2105 1930 agnoscimus.
2143 1837 2183 1891 Β

520 1949 658 2007 Cum
689 1952 856 2024 igitur
882 1964 936 2007 et
959 1951 1267 2007 substantia
1298 1967 1394 2021 per
1423 1965 1545 2006 sese
1568 1950 1702 2019 jam,
1734 1964 1788 2005 et
1809 1951 2111 2021 qualitates

521 2048 789 2110 existant,
848 2046 1205 2115 quamobrem
1263 2044 1433 2098 Deum
1488 2043 1833 2097 conditorem
1875 2044 2111 2113 appelle-

523 2153 670 2201 mus,
704 2146 953 2207 superest
968 2134 1208 2206 profecto
1232 2134 1395 2187 nihil.
1427 2131 1625 2187 Verum
1652 2147 1720 2186 ne
1748 2133 1924 2202 arguti
1950 2132 2112 2201 quid-

522 2233 669 2305 piam
700 2232 816 2303 ipse
846 2232 1029 2285 moliri
1070 2231 1206 2286 velle
1239 2231 1448 2295 videar,
1511 2229 1599 2283 die
1655 2231 1917 2299 ipsemet,
1951 2230 2110 2285 obse-

527 2341 648 2389 cro,
696 2341 804 2396 qua
835 2335 895 2380 tu
925 2325 1135 2379 ratione
1165 2323 1503 2379 conditorem
1555 2320 1721 2375 Deum
1774 2338 1896 2376 esse
1925 2333 2109 2391 putes.

525 2422 610 2473 An
660 2419 807 2489 quod
870 2416 1299 2473 substantiaru‘m
1363 2424 1619 2468 naturam
1676 2415 2000 2481 immutarit,
2049 2423 2111 2469 ut

523 2525 689 2581 quam
723 2518 896 2563 nactae
924 2508 1075 2577 prius
1128 2505 1347 2560 fuerant
1397 2512 1682 2569 exuentvs,
1748 2519 1945 2558 novam
1980 2505 2111 2575 ipsae

520 2601 817 2672 quamdam
839 2609 893 2655 et
926 2600 1161 2654 alienam
1215 2596 1557 2653 induerent?
1601 2596 1683 2650 An
1711 2597 1912 2667 potius,
1961 2596 2107 2667 quod

521 2692 845 2749 substantiis
868 2693 920 2745 in
958 2692 1177 2761 propria
1206 2698 1413 2742 naturae
1443 2688 1781 2743 sureratione
1805 2701 2106 2742 conserva-

522 2786 616 2850 tis,
646 2798 835 2837 earum
860 2791 1042 2835 tamen
1073 2779 1367 2850 qualitates
1393 2777 1661 2832 mutarit?
1686 2779 1798 2848 Ego
1817 2793 1947 2833 Vero
1977 2778 2105 2832 nul-

522 2876 629 2930 lam
659 2876 714 2929 in
749 2874 1072 2929 substantiis
1104 2873 1462 2926 mutationem
1510 2871 1811 2934 contigisse
1844 2871 2104 2926 arbitror.

522 2969 837 3023 Absurdum
893 2966 1040 3021 enim
1072 2966 1123 3020 id
1156 2967 1343 3036 utique
1378 2963 1560 3018 fuerit.
1611 2962 1915 3029 Qualitates
1973 2977 2109 3034 ergo

522 3070 762 3115 mutatas
809 3057 982 3113 fuisse
1012 3058 1121 3121 aio,
1168 3055 1315 3127 quod
1350 3055 1677 3110 mutationis
1714 3069 1890 3125 genus
1914 3054 2107 3110 condi-

522 3153 659 3208 toris
690 3152 801 3205 Deo
834 3164 1032 3205 nomen
1094 3148 1374 3203 iudiderit.
1423 3145 1898 3240 Quemadmodum
1957 3147 2103 3201 enim
2134 3182 2177 3240 ο

522 3244 570 3299 si
603 3244 827 3299 domum
861 3243 1101 3311 aliquam
1152 3256 1182 3295 e
1215 3240 1488 3309 lapidibus
1539 3238 1740 3293 factam
1793 3253 1917 3294 esse
1948 3238 2104 3293 dica-

522 3352 671 3402 mus,
700 3350 809 3389 non
840 3344 1024 3389 tamen
1054 3334 1317 3388 continuo
1341 3348 1533 3388 verum
1554 3333 1649 3399 sit,
1681 3331 1911 3402 lapides,
1939 3342 2107 3389 exuta

522 3427 707 3500 priore
756 3426 1085 3489 substantia,
1115 3442 1233 3479 eam
1271 3426 1324 3479 in
1350 3426 1573 3481 domum
1604 3440 1729 3482 esse
1757 3440 2054 3481 conversos
2089 3445 2102 3481 :

523 3520 728 3590 quippe
777 3526 930 3571 certo
962 3517 1202 3587 quodam
1234 3532 1299 3572 ex
1326 3519 1746 3587 compositionis
1790 3535 1987 3593 genere
2011 3520 2109 3574 do-

524 3628 677 3667 mum
723 3612 1000 3666 exstitisse
1031 3612 1324 3675 contendo,
1364 3611 1532 3680 priori
1565 3612 1807 3682 lapidum
1842 3614 2109 3683 qualitate

524 3712 755 3758 mutata.
805 3701 898 3757 Sic
947 3702 1159 3756 videtur
1190 3704 1322 3755 mihi
1360 3701 1504 3757 Deus
1533 3743 1550 3769 ,
1587 3703 1799 3774 integra
1853 3714 2111 3760 manente

523 3796 853 3859 substantia,
873 3795 1167 3867 quamdam
1196 3795 1371 3865 ipsius
1387 3797 1714 3866 qualitatum
1744 3800 2105 3853 mutationem

522 3889 789 3954 effecisse,
817 3905 882 3943 ex
913 3902 1021 3957 qua
1048 3886 1289 3941 mundus
1326 3887 1428 3942 iste
1450 3889 1552 3942 hoc
1575 3889 1793 3950 haheat,
1828 3898 1890 3943 ut
1936 3905 1966 3943 a
1997 3888 2109 3944 Deo

522 3980 778 4037 conditus
825 3995 949 4035 esse
978 3979 1216 4032 dicatur.
1250 3977 1450 4032 Audio.
1488 3977 1625 4032 Cum
1662 3979 1827 4048 igitur
1868 3981 2110 4048 peculia-

524 4091 638 4131 rem
663 4076 957 4145 quamdam
990 4072 1263 4143 ejusmodi
1284 4071 1609 4142 qualitatum
1636 4072 1903 4125 rationem
1931 4088 1961 4126 a
1996 4071 2109 4126 Deo

522 4166 823 4239 profectam
865 4180 987 4220 esse
1014 4172 1247 4227 statuas,
1300 4177 1473 4232 pauca
1507 4163 1640 4216 mihi
1681 4171 1893 4216 tantum
1926 4164 2025 4219 abs
2055 4173 2108 4218 te

525 4258 844 4331 responderi
888 4258 1072 4311 velim.
1134 4255 1269 4321 Dic,
1317 4257 1535 4310 amabo.
1586 4254 1725 4310 Num
1762 4264 1819 4310 tu
1856 4257 2109 4311 similiter

524 4351 815 4422 qualitates
865 4349 999 4403 istas
1035 4348 1470 4403 substantiarum
1523 4348 1661 4400 mala
1693 4347 1943 4415 quaedam
1986 4362 2109 4402 esse

523 4440 806 4511 opinaris?
834 4437 1095 4494 Omnino.
1126 4435 1321 4492 Utrum
1362 4435 1833 4506 igiturqualitates
1861 4436 1966 4489 illae
1992 4435 2106 4503 jam

2215 568 2387 640 λογότι
2411 569 2508 639 τῆς
2534 570 2805 641 προτέρας
2830 569 2939 623 τῶν
2965 569 3130 623 λίθων
3168 569 3454 640 ποιότητος
3478 585 3492 599 ·
3532 568 3677 622 οὕτω
3718 584 3811 638 μοι

2212 659 2361 712 δοκεῖ
2389 661 2483 715 καὶ
2508 664 2600 714 τὸν
2623 662 2780 726 Θεὸν,
2811 661 3188 732 ὑπομενούσης
3215 662 3313 733 τῆς
3348 661 3538 727 οὐσίας
3556 704 3571 728 ,
3600 667 3812 735 τροπήν

2212 770 2336 805 τινα
2366 752 2477 806 τῶν
2512 756 2815 825 ποιοτήτων
2847 756 3018 826 αὐτῆς
3052 755 3437 827 πεποιηκέναι,
3464 756 3589 809 καθ’
3621 756 3689 827 ἣν
3710 756 3811 828 τὴν

2213 844 2366 897 τοῦδε
2395 844 2489 898 τοῦ
2537 846 2743 917 κόσμου
2785 847 3000 915 γένεσιν
3053 848 3189 919 πρὸς
3217 846 3313 900 τοῦ
3353 847 3490 901 Θεοῦ
3522 850 3812 918 γεγονέναι

2214 938 2377 1006 λέγω.
2431 939 2583 992 Ἐπεὶ
2609 941 2790 994 τοίνυν
2811 943 3019 1013 τροπήν
3050 958 3175 995 τινα
3203 941 3315 993 τῶν
3341 944 3643 1013 ποιοτήτων
3670 944 3813 1016 πρὸς

2211 1029 2308 1083 τοῦ
2335 1030 2470 1084 Θεοῦ
2505 1032 2791 1101 γεγονέναι
2825 1034 2949 1105 φης,
2980 1034 3276 1104 ἀπόκριναί
3313 1052 3403 1105 μοι
3456 1033 3665 1106 βραχέα
3705 1053 3812 1088 πυ-

2214 1120 2403 1175 θέσθαι
2439 1124 2880 1195 προαιρονμένῳ.
2928 1126 3068 1195 Λέγε
3095 1126 3190 1198 δὴ,
3237 1128 3285 1180 εί
3329 1128 3531 1197 ὁμοίως
3573 1130 3669 1182 καὶ
3721 1132 3808 1185 σοὶ

2211 1212 2449 1266 δοκεῖτά
2493 1213 2639 1266 κακά
2677 1214 2968 1285 ποιότητας
3018 1209 3156 1268 εἷναι
3204 1214 3312 1270 τῶν
3345 1217 3578 1281 ούσιῶν;
3622 1220 3801 1270 Δοκεῖ.

2216 1304 2457 1357 Ἀνωθεν
2484 1304 2539 1357 δὲ
2568 1300 2708 1375 ἦσαν
2732 1307 2787 1357 αἱ
2819 1306 3104 1377 ποιότητες
3132 1302 3293 1361 αὗται
3317 1311 3375 1362 ἐν
3396 1311 3464 1379 τῇ
3487 1307 3610 1379 ὕλη,
3644 1309 3677 1379 ἢ
3706 1310 3810 1379 ἀρ-

2214 1394 2313 1466 χὴν
2342 1394 2500 1465 ἔσχον
2533 1395 2626 1448 τοῦ
2679 1391 2851 1461 εἷναι;
2906 1397 3152 1450 Συνεῖναί
3192 1416 3336 1468 φημι
3368 1399 3680 1470 ἀγεννήτως
3734 1400 3804 1472 τῇ

2215 1488 2316 1561 ὕλη
2356 1489 2584 1542 ταυτασὶ
2623 1487 2724 1552 τάς
2763 1489 3077 1559 ποιότητας.
3128 1491 3264 1560 Οὐχὶ
3306 1490 3362 1544 δὲ
3409 1490 3501 1544 τὸν
3531 1491 3663 1544 Θεὸν
3696 1491 3808 1563 φῂς

2212 1583 2424 1652 τροπήν
2473 1598 2594 1634 τινα
2644 1582 2753 1635 τῶν
2810 1583 3114 1652 ποιοτήτων
3164 1584 3563 1653 πεποιηκέναι;
3632 1582 3807 1636 Τοῦτό

2215 1691 2378 1744 φημι.
2412 1674 2645 1746 Πότερον
2674 1671 2767 1729 οὖν
2798 1677 2879 1738 είς
2912 1674 2972 1728 τὸ
2996 1677 3242 1745 κρεῖττον
3289 1676 3321 1746 ἦ
3367 1678 3449 1738 εἰς
3475 1675 3536 1728 τὸ
3584 1678 3803 1746 χεῖρον;

2217 1767 2310 1830 Εἰς
2342 1766 2403 1819 τὸ
2434 1770 2680 1837 κρεῖττον
2703 1768 2881 1837 λέγειν
2921 1785 3010 1839 μοι
3043 1768 3208 1822 δοκεῖ.
3259 1767 3467 1820 Οὐκοῦν
3505 1769 3552 1820 εί
3585 1768 3805 1838 ποιότηα

2210 1876 2302 1923 τες
2327 1861 2426 1931 τῆς
2451 1860 2583 1931 ὕλης
2612 1861 2680 1914 τὰ
2706 1863 2872 1926 κακὰ,
2899 1861 3000 1925 τάς
3018 1861 3075 1914 δὲ
3100 1861 3393 1931 ποιότητας
3418 1861 3584 1932 αὐτῆς
3617 1863 3696 1925 εἰς
3742 1861 3803 1915 τὸ

2210 1954 2458 2023 κρεῖττον
2513 1953 2706 2024 ἔτρεψε
2745 1957 2775 2007 ό
2814 1953 3039 2025 Κύριος,
3073 1953 3237 2007 πόθεν
3283 1954 3353 2006 τά
3387 1952 3567 2017 κακὰ,
3615 1953 3801 2023 ζητεῖν

2208 2045 2445 2114 ἀνάγκη.
2467 2045 2536 2097 ’Ἡ
2562 2046 2671 2117 γὰρ
2695 2045 2916 2117 ἔμειναν
2937 2046 2994 2098 αἱ
3020 2046 3303 2114 ποιότητες
3321 2046 3503 2098 ὁποῖαί
3527 2045 3645 2098 ποτ’
3660 2040 3801 2116 ἦσαν

2210 2136 2275 2205 τῇ
2309 2134 2490 2203 φύσει,
2516 2135 2549 2206 ἠ
2577 2137 2624 2188 εί
2658 2137 2758 2207 μὲν
2789 2138 3053 2207 πρότερον
3074 2139 3175 2190 οὐκ
3200 2132 3341 2206 ἦσαν
3375 2139 3580 2200 κακαὶ,
3621 2140 3687 2191 ἐκ
3742 2137 3800 2191 δὲ

2210 2223 2303 2277 τοῦ
2320 2227 2595 2297 τραπῆναι
2637 2228 2772 2300 πρὸς
2802 2228 2897 2282 τοῦ
2934 2228 3068 2283 Θεοῦ
3120 2228 3220 2293 τάς
3272 2228 3494 2301 πρώτας
3545 2230 3800 2294 τοιαύτας

2210 2319 2340 2389 περὶ
2360 2319 2459 2390 τὴν
2481 2318 2614 2390 ὕλην
2644 2322 2928 2390 γεγονέναι
2961 2322 3251 2394 ποιότητας
3273 2323 3402 2394 φῄς,
3436 2323 3608 2386 αἴτιος
3647 2323 3798 2376 ἔσται

2208 2410 2315 2463 τῶν
2342 2411 2528 2465 κακῶν
2549 2416 2578 2466 ὁ
2605 2414 2758 2479 Θεὸς,
2794 2415 2999 2487 τρέψας
3023 2415 3121 2479 τάς
3166 2416 3266 2468 οὐκ
3313 2415 3481 2480 οὔσας
3506 2418 3800 2488 ποιότητας

2208 2504 2386 2568 κακὰς
2414 2507 2493 2569 είς
2521 2507 2583 2559 τὸ
2605 2502 2747 2561 εἶναι
2777 2509 2976 2573 κακάς.
3007 2510 3077 2562 ’Ἡ
3102 2510 3200 2573 τάς
3233 2510 3333 2580 μέν
3370 2510 3547 2572 κακὰς
3584 2511 3800 2582 ποιότη-

2207 2614 2326 2660 τας,
2355 2599 2435 2660 είς
2461 2598 2521 2652 τὸ
2548 2603 2797 2671 κρεῖττον
2817 2602 2878 2654 ού
2908 2601 3055 2655 δοκεῖ
3082 2619 3164 2656 σοι
3190 2602 3385 2674 τρέψαι
3408 2605 3500 2657 τὸν
3523 2603 3678 2667 Θεὸν,
3699 2605 3799 2669 τάς

2207 2687 2263 2740 δὲ
2304 2688 2499 2753 λοιπάς
2540 2692 2633 2745 καὶ
2675 2692 2878 2762 μόνας,
2910 2695 3031 2748 ὅσαι
3070 2694 3353 2767 ἀδιάφοροι
3384 2695 3676 2766 ἐτύγχανον
3702 2696 3798 2767 τῆς

2206 2776 2620 2852 διακοσμήσεως
2636 2782 2821 2846 ἕνεκα,
2848 2784 2985 2854 πρὸς
3009 2784 3101 2838 τοῦ
3122 2784 3257 2838 Θεοῦ
3279 2786 3576 2857 τετράφθαι
3597 2786 3796 2855 λέγεις.

2208 2866 2396 2935 Οῦτως
2425 2871 2631 2925 ἀνωθεν
2662 2873 2818 2945 ἔσχον
2845 2875 2974 2944 ἐγώ,
3010 2875 3135 2940 Πῶς
3169 2877 3348 2931 τοίνυν
3386 2879 3548 2932 αὑτὸν
3569 2880 3667 2943 τάς
3690 2879 3799 2932 τῶν

2209 2963 2429 3031 φαύλων
2455 2966 2770 3039 ποιότητας,
2787 2968 2862 3033 ώς
2888 2965 3034 3039 εἶχον
3054 3010 3068 3033 ,
3099 2969 3551 3027 καταλελοιπέναι
3584 2972 3795 3041 Mrem;

2211 3056 2447 3129 Πότερον
2469 3058 2767 3131 δυνάμενον
2800 3064 2897 3133 μὲν
2929 3065 3190 3129 κάκείνας
3223 3065 3453 3130 ἀνελεῖν,
3500 3067 3560 3120 ού
3607 3067 3800 3140 βουληο

2210 3147 2467 3213 cem-5s,
2497 3151 2529 3222 ἢ
2564 3152 2624 3205 τὸ
2650 3153 2911 3208 δύνασθαι
2939 3157 3014 3229 μὴ
3040 3157 3261 3228 ἔχοντας
3292 3160 3354 3213 El
3384 3160 3482 3231 μὲν
3503 3159 3613 3233 γὰρ
3640 3161 3801 3216 δυνά-

2218 3260 2376 3314 μενον
2408 3243 2602 3310 λέξεις,
2639 3247 2700 3300 ού
2734 3245 3068 3320 βουληθέντα
3091 3249 3148 3303 δὲ
3185 3250 3369 3316 αὑτὸν,
3399 3252 3569 3305 αῖτιον
3593 3252 3800 3306 τούτων

2215 3335 2389 3387 εἰπεῖν
2418 3334 2657 3406 ἀνάγκη,
2681 3336 2785 3401 ὃτι,
2813 3335 3107 3408 δυνάμενος
3132 3339 3353 3409 ποιῆσαι
3373 3340 3447 3412 μὴ
3471 3337 3608 3394 εἶναι
3632 3342 3798 3406 κακά,

2217 3424 2596 3498 συνεχώρησεν
2623 3428 2764 3482 αύτά
2793 3429 2973 3499 μένει-ν
2994 3429 3068 3494 ὡς
3094 3426 3184 3503 ἦν,
3219 3431 3313 3485 καὶ
3337 3432 3568 3503 μάλιστα
3592 3434 3682 3486 ὅτε
3706 3434 3803 3505 δη·-

2218 3522 2500 3589 μιουργεῖν
2522 3521 2620 3591 τὴν
2642 3520 2776 3592 ὓλην
2809 3521 3034 3593 ἦρξατο.
3068 3524 3132 3577 El
3154 3524 3264 3597 γάρ
3298 3524 3419 3595 μηδ’
3444 3524 3581 3590 ὅλως
3604 3525 3800 3589 ἔμελεν

2215 3609 2365 3679 αὐτῷ
2387 3613 2487 3681 τῆς
2525 3610 2677 3683 ύλης,
2710 3612 2811 3665 ούκ
2845 3612 2912 3666 ἂν
2939 3612 3112 3678 αἴτιος
3142 3609 3209 3686 ἦν
3231 3608 3305 3667 ὧν
3357 3615 3653 3685 συνεχώρει
3699 3615 3799 3685 μέ-

2215 3718 2347 3754 νειν.
2392 3702 2545 3754 Ἐπεῖ¹
2571 3702 2628 3756 δὲ
2650 3702 2816 3774 μέρος
2846 3702 2945 3773 μέν
2968 3722 3018 3757 τι
3042 3705 3212 3776 αὐτῆς
3243 3704 3610 3777 ἐδημιούργει,
3632 3707 3799 3778 μέρος

2214 3793 2273 3846 δέ
2309 3810 2359 3845 τι
2384 3792 2558 3857 οὕτως
2593 3796 2710 3858 εἶα,
2740 3794 3036 3866 δυνάμενος
3078 3797 3306 3850 κάκεῖνα
3345 3798 3567 3868 τρέπειν
3617 3800 3696 3861 είς
3739 3799 3802 3852 τὸ

2214 3889 2498 3956 κρεῖττον,
2546 3888 2725 3941 αἰτίαν
2753 3888 3099 3957 ὀφλισκάνειν
3140 3890 3291 3957 ἄξιος
3331 3888 3469 3944 εἷναί
3499 3908 3590 3962 μοι
3632 3891 3798 3956 δοκεῖ,

2215 3978 2531 4033 καταλιπὼν
2565 3980 2733 4051 μέρος
2759 3980 2890 4053 ὕλης
2914 3978 3053 4036 εἶναι
3087 3984 3324 4055 πονηρὸν
3354 3984 3442 4037 ἐπ’
3482 3984 3710 4057 ὀλέθρῳ,
3738 3980 3800 4038 οὗ

2215 4070 2611 4143 ἐδημιούργησε
2639 4073 2857 4143 μέρους.
2900 4074 3059 4128 Ἀλλά
3084 4074 3190 4145 μὴν
3207 4075 3388 4128 καὶτά
3409 4076 3639 4147 μέγιστα
3659 4074 3800 4129 κατὰ

2212 4161 2370 4214 τοῦτο
2395 4162 2456 4215 τὸ
2487 4163 2652 4235 μέρος
2671 4164 2963 4235 ἠδικῆσθαί
2991 4183 3079 4237 μοι
3105 4167 3288 4231 δοκεῖ,
3321 4164 3477 4222 τοῦθ’
3501 4168 3638 4239 ὅπερ
3666 4184 3800 4221 κατι

2213 4256 2480 4308 εσκεύασε
2524 4257 2624 4326 τῆς
2684 4255 2817 4327 ὕλης
2861 4259 3027 4330 μέρος
3065 4259 3597 4330 ἀντιλαμϐανόμενον
3631 4259 3801 4312 τανῦν

2213 4346 2322 4397 τῶν
2351 4345 2556 4399 κακῶν.
2586 4347 2649 4399 Ei
2681 4348 2791 4419 γάρ
2811 4366 2894 4411 τις
2922 4349 3165 4415 ἐξετάζοι
3199 4353 3290 4404 ἐπ’
3313 4352 3539 4421 ἀκριϐὲς
3574 4351 3643 4404 τά
3660 4351 3802 4422 πρά-

2213 4451 2421 4505 γματα,
2443 4437 2822 4508 χαλεπώτερον
2845 4440 2940 4492 νῦν
2955 4442 3176 4513 εὑρήσει
3194 4442 3298 4514 τὴν
3315 4441 3448 4514 ὓλην
3472 4443 3798 4496 πεπονθυῖαν

522 4537 650 4591 inde
680 4537 748 4590 ab
778 4536 929 4590 oinni
975 4536 1380 4590 aevo'materiae
1434 4533 1668 4598 inerant,
1742 4547 1810 4586 an
1835 4530 2107 4587 existendi

2214 4527 2316 4595 τῆς
2343 4528 2617 4600 προτέρας
2639 4529 2938 4600 ἀκοσμίας.·
2968 4533 3104 4604 Πρὶν
3149 4534 3259 4606 γάρ
3301 4535 3472 4607 αὐτὴν
3516 4535 3803 4608 διακριθῆ-

521 4626 852 4701 principium
898 4626 1120 4698 aliquod
1172 4627 1460 4682 habuere?
1508 4625 1725 4679 Inerant
1775 4638 1908 4679 vero
1969 4625 2110 4679 citra

523 4724 695 4779 ullum
724 4733 879 4778 ortus
902 4721 986 4777 sui
1019 4721 1369 4791 principium.
1398 4718 1539 4787 Quid
1564 4717 1749 4771 ?Num
1787 4726 1842 4772 tu
1868 4703 2117 4786 aliquam'

523 4831 556 4871 a
585 4814 697 4869 Deo
721 4814 1081 4868 mutationem
1096 4811 1420 4881 qualitatum
1449 4812 1683 4866 istarum
1716 4808 1964 4864 effectam
1989 4822 2113 4862 esse

522 4908 808 4963 contendis
836 4907 860 4959 ?
889 4905 1075 4960 Plane.
1110 4902 1306 4960 Utrum
1360 4919 1480 4959 eam
1522 4904 1575 4957 in
1627 4902 1846 4967 melius,
1880 4916 1947 4954 an
1980 4914 2112 4955 vero

524 5001 579 5053 iu
606 5000 846 5055 deterius
882 4998 1080 5053 factam
1108 4997 1437 5052 arbitraris?
1493 4996 1549 5049 lu
1602 4994 1798 5047 melius
1829 4992 2115 5061 certequi-

524 5092 669 5146 dem.
714 5090 878 5163 3M
908 5090 965 5145 Si
994 5106 1123 5159 ergo
1174 5090 1465 5160 qualitates
1492 5087 1732 5140 materiae
1789 5086 1931 5138 mala
1960 5094 2109 5151 sunt,

523 5186 834 5254 eaedemque
868 5200 992 5238 cum
1035 5183 1352 5238 melioribus
1380 5198 1411 5236 a
1444 5180 1554 5235 Deo
1598 5188 1949 5234 commutatae
1994 5177 2114 5234 fue-

525 5286 675 5341 runt,
707 5277 851 5332 unde
878 5276 1020 5330 mala
1056 5275 1435 5346 proﬂuxermt,
1470 5279 1828 5343 qum-emtum
1865 5286 2115 5325 necessa-

526 5368 611 5422 rib
633 5380 733 5422 est.
756 5370 864 5424 Aut
897 5370 1040 5424 enim
1067 5369 1360 5439 qualitates
1399 5367 1515 5421 ista:
1545 5364 1741 5435 prioris
1755 5374 1961 5418 naturae
1982 5379 2113 5418 con—

527 5459 790 5515 ditionem
828 5477 933 5515 non
966 5470 1279 5515 exuerunt:
1341 5465 1436 5512 aut
1470 5458 1538 5519 si,
1581 5472 1706 5512 eum
1744 5457 1897 5525 prius
1953 5456 2112 5510 malae

530 5566 636 5605 non
666 5561 869 5616 essent,
924 5551 1014 5607 illa
1042 5560 1220 5606 tamen
1262 5549 1527 5605 divinitus
1572 5548 1714 5603 facta
1765 5546 2108 5611 mutatione,

604 5748 715 5819 (Η)
745 5748 882 5802 Μεθ’
909 5748 1064 5821 ἑνός.
1100 5747 1409 5821 Legendum
1439 5749 1650 5806 videtur
1690 5747 1815 5821 μήθ’
1864 5747 2002 5813 ἑνός,
2028 5745 2111 5803 vel

534 5820 694 5875 unico
720 5821 885 5873 verbo
921 5819 1172 5888 μηθενός.

2212 4634 2321 4681 ναι,
2346 4619 2408 4672 τὸ
2439 4619 2574 4690 μηδὲ
2597 4620 2881 4675 αἰσθέσθαι
2903 4623 3013 4677 τῶν
3039 4625 3226 4680 κακῶν
3260 4626 3444 4698 παρῆν
3490 4628 3657 4697 αὐτῇ·
3684 4625 3805 4681 νυνὶ

2211 4711 2268 4766 δὲ
2293 4713 2521 4768 ἕκαστον
2539 4714 2647 4768 τῶν
2676 4715 2857 4788 μερῶν
2885 4715 3056 4787 αὐτῆς
3089 4718 3339 4790 αἴσθησιν
3386 4720 3652 4791 λαμϐάνει
3691 4720 3805 4773 τῶν

2213 4804 2418 4858 κακῶν.
2458 4806 2570 4859 Καὶ
2601 4807 2691 4877 μοὶ
2724 4805 2811 4861 ἐπ’
2842 4807 3131 4881 ἀνθρώπου
3164 4811 3226 4863 τὸ
3252 4810 3598 4882 παράδειγμα
3646 4810 3802 4867 λαϐέ.

2212 4896 2350 4968 Πρὶν
2373 4896 2483 4968 γάρ
2508 4899 2783 4971 εἰκονισθῇ
2806 4901 2901 4953 καὶ
2923 4900 3061 4964 ζῶον
3079 4901 3303 4973 γένηται
3319 4905 3383 4974 τῇ
3412 4903 3507 4956 τοῦ
3531 4906 3806 4974 Δημιουρ-

2212 4988 2311 5057 γοῦ
2343 4989 2529 5062 τέχνῃ,
2573 4986 2634 5043 τὸ
2673 4991 2791 5062 μεθ’
2827 4992 2946 5056 ἐνὸς
2986 4994 3098 5065 (id)
3147 4994 3645 5065 ἀντιλαμϐάνεσθαι
3693 4997 3807 5050 τῶν

2213 5081 2401 5135 κακῶν
2434 5082 2584 5155 παρά
2626 5084 2725 5155 τῆς
2753 5082 2968 5153 φύσεως
3012 5081 3158 5157 εἶχεν
3184 5102 3198 5118 ⁶
3233 5086 3327 5154 ἀφ’
3354 5082 3416 5143 οὗ
3441 5088 3498 5141 δὲ
3541 5087 3679 5160 πρὸς
3708 5089 3807 5143 τοῦ

2212 5171 2349 5225 Θεοῦ
2380 5172 2663 5246 ἄνθρωπος
2680 5177 2891 5244 γίνεται
2918 5179 3012 5231 καὶ
3034 5179 3135 5248 τὴν
3161 5177 3413 5249 αἴσθησιν
3436 5179 3532 5233 τοῦ
3559 5195 3807 5253 προσπε-

2212 5264 2467 5330 λάζοντος
2487 5269 2661 5322 κακοῦ
2696 5270 3108 5341 προσλαμϐάνει
3128 5288 3143 5302 ·
3187 5273 3281 5325 καὶ
3306 5272 3453 5326 τοῦθ’
3487 5275 3624 5346 ὅπερ
3655 5276 3808 5330 ἐστὶν

2213 5356 2503 5429 εὐεργεσία
2545 5359 2656 5431 (15)
2703 5362 2805 5432 τῆς
2847 5360 3015 5432 ὕλης,
3045 5362 3185 5436 πρὸς
3230 5362 3325 5417 τοῦ
3355 5364 3493 5418 Θεοῦ
3519 5366 3807 5434 γεγονέναι

2213 5445 2414 5517 λέγεις,
2441 5452 2756 5523 εὑρίσκεται
2783 5451 2984 5523 μᾶλλον
3013 5453 3106 5506 ἐπὶ
3141 5452 3221 5524 τῷ
3258 5455 3461 5528 χείρονι
3505 5452 3808 5527 προσγενὸ-

2217 5559 2378 5612 μενον
2409 5544 2568 5614 αὐτῇ.
2604 5545 2668 5597 Εἰ
2691 5543 2737 5597 δ’
2762 5546 2826 5598 ἐκ
2854 5545 2948 5598 τοῦ
2985 5545 3060 5617 μὴ
3107 5545 3365 5601 δύνασθαι
3389 5547 3480 5600 τὸν
3529 5548 3663 5601 Θεὸν
3705 5550 3807 5603 ἀν-

2286 5741 2401 5810 (15)
2441 5740 2648 5794 Ἔστιν
2678 5742 3012 5810 εὐεργεσία.
3047 5740 3256 5798 Sensus
3290 5742 3549 5810 postulat.
3590 5743 3677 5797 ἐπ’
3711 5744 3807 5797 εύ-

2216 5808 2461 5885 εργεσίᾳ,
2495 5813 2731 5869 ιιιωιίιιιε
2759 5808 2886 5869 cum
2916 5824 3196 5885 sequatur,
3225 5808 3319 5868 ἐπὶ
3354 5815 3580 5886 χείρονι.
