4166 6472
431 391 527 447 581
1548 402 1895 459 ,ΡΒᾹΞΡᾹΚ
1939 404 1999 458 E‘

2101 405 2194 461 QG.
2240 404 2366 461 LIB.
2414 406 2521 462 Vll.
3582 424 3686 481 582

425 529 566 583 ελεῖν
594 529 661 583 τὰ
681 530 829 584 κακά
859 532 918 584 τὸ
954 532 1026 604 μὴ
1053 533 1364 589 πεπαῦσθαι
1403 535 1599 604 λέγεις,
1633 537 1893 592 ἀδύνατον
1916 541 1999 593 τὸν

2118 534 2237 586 qua!
2264 521 2499 589 priorem
2552 530 2801 577 naturam
2856 526 3145 594 expulerit,
3203 529 3505 599 ejusmodi,
3541 552 3681 599 quas

422 620 557 673 Θεὸν
588 622 780 692 φήσεις
802 623 1088 695 ὑπάρχειν.
1115 626 1188 678 Τὸ
1215 626 1271 679 δὲ
1305 626 1562 680 ἀδύνατον
1595 630 1713 699 ἦτοι
1734 631 1811 702 τῷ
1843 630 1999 701 φύσει

2103 623 2249 663 nunc
2274 612 2451 677 habet,
2478 613 2686 667 inustas
2719 617 2959 670 materia:
2981 620 3270 687 qualitates
3297 638 3419 679 esse
3447 626 3682 682 arbitra-

421 713 620 784 ἀσθενῆ
651 714 916 786 ὑπάρχειν
933 717 1093 770 αὑτὸν
1116 716 1290 782 ἔσται,
1321 719 1352 789 ῆ
1379 719 1457 791 τῷ
1476 721 1728 775 νικᾶσθαι
1749 723 1825 794 τῷ
1852 724 2000 796 φόϐῳ

419 805 831 876 δεδουλωμένων
859 809 995 879 πρός
1020 827 1165 875 τινος
1192 812 1518 883 κρείττονος.
1550 815 1614 866 El
1642 814 1743 886 μὲν
1791 811 1883 871 οὖν
1910 818 1998 871 τὸν

417 896 549 950 Θεὸν
579 898 739 966 φύσει
769 899 969 972 ἀσθενῆ
999 902 1131 957 ὄντα
1151 882 1442 974 τολμήσεις
1493 882 1667 959 εἰπεῖν
1687 947 1702 971 ,
1739 910 1868 980 περὶ
1898 910 1997 980 τῆς

2101 882 2167 936 At
2196 882 2335 961 forte
2372 899 2440 937 ne
2475 887 2649 942 malas
2677 889 2895 958 quidem
2918 892 3207 961 qualitates
3226 894 3436 951 Deusin
3475 901 3672 954 melio-

416 988 689 1058 σωτηρίας
715 989 886 1059 αὐτῆς
909 991 1234 1046 κινδυνεύειν
1264 1012 1351 1065 μοι
1373 995 1548 1060 δοκεῖς
1566 1013 1581 1027 ·
1623 998 1672 1050 εἰ
1718 997 1775 1051 δὲ
1912 977 1994 1052 νι-

2101 986 2184 1026 res
2216 977 2504 1036 convertit.
2538 979 2631 1032 sed
2666 980 2903 1048 reliquas
2960 990 3210 1047 tantum,
3266 984 3372 1039 hoc
3420 1000 3502 1041 est
3552 1004 3669 1057 eas,

416 1075 615 1130 κᾶσθαι
649 1077 797 1149 φόϐῳ
826 1081 962 1150 πρὸς
981 1080 1074 1134 τοῦ
1109 1064 1386 1152 μείζονος,
1431 1082 1653 1155 μείζονα
1702 1064 1862 1139 ἔσται.
1897 1085 1992 1139 τοῦ

2101 1064 2294 1133 quibus
2320 1066 2455 1121 nihil
2482 1078 2628 1124 esset
2657 1084 2778 1125 cum
2805 1071 2962 1127 bonis
3002 1075 3227 1130 malisve
3256 1092 3569 1148 commune,
3605 1090 3667 1137 ιιι

413 1168 548 1221 Θεοῦ
574 1169 644 1222 τά
669 1170 843 1235 κακά,
888 1171 1124 1225 νικῶντα
1156 1173 1259 1243 τῆς
1285 1174 1658 1246 προαιρέσεως
1691 1176 1855 1230 αὐτοῦ
1894 1178 1992 1249 τὴν

2101 1156 2269 1226 major
2295 1172 2362 1212 ex
2406 1173 2469 1213 ea
2514 1162 2816 1216 mutatione
2866 1173 3093 1220 ornatus
3136 1169 3410 1224 existeret.
3442 1170 3516 1226 Ita
3545 1176 3670 1243 qui-

408 1260 616 1330 ὁρμήν*
669 1261 807 1332 ὅπερ
838 1262 1035 1316 ἄτοπον
1063 1260 1201 1317 εἷναί
1239 1282 1329 1335 μοι
1361 1264 1537 1334 λέγειν
1565 1267 1694 1337 περὶ
1737 1266 1872 1320 Θεοῦ
1907 1246 1991 1321 δό-

2101 1246 2214 1301 dem
2263 1248 2379 1318 jam
2406 1249 2532 1305 inde
2559 1255 2627 1305 ab
2658 1252 2814 1307 initio
2843 1257 3160 1311 sentiebam.
3193 1258 3476 1325 Quomodo
3502 1265 3667 1333 igitur

408 1352 510 1403 κεῖ.
544 1350 641 1404 Διὰ
664 1351 718 1404 τί
746 1351 853 1424 γὰρ
881 1353 1000 1422 οὐχὶ
1026 1354 1223 1423 μᾶλλον
1248 1354 1399 1408 ταῦτ’
1422 1355 1633 1410 ἔσονται
1669 1356 1799 1422 θεοὶ,
1832 1359 1988 1428 νικᾷν

2101 1352 2211 1406 qua:
2244 1342 2399 1395 malae
2419 1358 2515 1411 per
2557 1359 2679 1399 sese
2719 1354 2917 1413 erant,
2949 1363 3042 1403 eas
3069 1349 3189 1404 sine
3218 1351 3326 1406 ulla
3361 1358 3663 1411 mutatione

404 1440 546 1493 κατά
577 1439 666 1492 τὸν
700 1439 854 1508 λόγον
899 1442 989 1495 σὺν
1017 1443 1303 1513 δυνάμενοι
1348 1443 1456 1514 (16)
1500 1445 1590 1498 τὸν
1629 1445 1792 1511 Θεὸν,
1828 1445 1986 1519 εἴπερ

2101 1430 2307 1486 relictas
2340 1434 2411 1487 ab
2455 1449 2521 1488 eo
2560 1436 2731 1490 fuisse
2757 1437 2886 1492 ais?
2912 1439 2992 1492 An
3026 1440 3171 1509 quod
3203 1443 3323 1497 illas
3375 1455 3435 1499 ut
3470 1448 3661 1503 tollere

403 1530 534 1586 Θεὸν
558 1533 735 1585 ἐκεῖνό
775 1550 989 1604 φαμεν,
1036 1533 1065 1587 ὃ
1103 1534 1200 1606 τὴν
1235 1536 1491 1589 ἁπάντων
1543 1536 1791 1603 ἐξουσίαν
1829 1537 1979 1607 ﬁxes;

2101 1524 2336 1580 similiter
2364 1543 2428 1582 ac
2457 1527 2636 1585 delere
2669 1533 2979 1601 potuisset,
3036 1537 3272 1590 noluerit
3313 1548 3490 1593 tamen
3516 1579 3530 1602 ,
3587 1556 3659 1596 an

402 1621 618 1693 Βραχέα
648 1622 706 1676 δέ
751 1641 843 1677 σου
875 1625 970 1678 καὶ
1004 1625 1133 1696 περὶ
1177 1626 1275 1696 τῆς
1333 1625 1465 1696 ὕλης
1501 1628 1671 1699 αὐτῆς
1718 1628 1981 1682 πυθέσθαι

2101 1617 2286 1680 ιοιιιιε,
2339 1619 2487 1688 quod
2535 1619 2589 1673 id
2619 1624 2880 1689 perlicere
2906 1627 3053 1678 nullo
3076 1628 3238 1681 modo
3262 1632 3498 1697 potuerit
3534 1631 3557 1684 ?
3597 1631 3657 1687 Si

403 1712 681 1784 βούλομαι.
717 1716 827 1769 Καὶ
869 1716 959 1787 μοὶ
994 1716 1173 1788 φέρων
1203 1716 1348 1783 λέγε,
1379 1718 1608 1790 πότερον
1641 1720 1786 1790 ἁπλῆ
1804 1738 1887 1785 τις
1912 1720 1980 1792 ἦν

2101 1706 2324 1761 ιοιιιίειεο
2390 1711 2665 1778 concedis,
2718 1729 2881 1783 negas
2919 1716 3193 1772 voluisse:
3254 1719 3469 1775 illarum
3518 1738 3656 1777 cau-

398 1805 432 1875 ἡ
463 1803 560 1875 ὕλη
592 1804 624 1876 ἢ
652 1804 940 1870 σύνθετος;
972 1809 1004 1877 ἡ
1034 1807 1144 1878 γὰρ
1177 1807 1408 1878 διαφορά
1434 1808 1543 1862 τῶν
1572 1811 1870 1877 γεγονότων
1898 1815 1978 1876 εἰς

2101 1809 2196 1849 tam
2224 1798 2280 1850 in
2303 1797 2472 1853 Deum
2500 1800 2748 1858 conferas
2771 1821 2994 1861 necesse
3028 1818 3134 1872 est,
3162 1811 3256 1879 qui
3287 1826 3409 1865 cum
3438 1828 3530 1868 eas
3567 1815 3655 1870 in-

394 1896 649 1968 τοιαύτην
696 1914 760 1968 με
791 1898 1133 1969 περιίστησιν
1180 1899 1421 1962 ἐξέτασιν
1452 1900 1605 1953 τοῦδε
1649 1900 1744 1954 τοῦ
1790 1903 1970 1973 λόγου.

2101 1895 2202 1941 lata
2236 1891 2441 1945 malitia
2489 1891 2722 1950 liberare
2753 1907 2958 1965 posset,
2994 1915 3151 1955 suam
3204 1911 3384 1958 tamen
3418 1905 3487 1960 iis
3520 1923 3653 1961 con-

391 1986 457 2041 El
483 1988 593 2062 γὰρ
621 1988 766 2060 ἁπλῆ
817 2007 904 2053 τις
959 1989 1254 2060 ἐτύγχανεν
1303 1989 1463 2064 ἡῦλη
1509 1993 1604 2045 καὶ
1659 1995 1967 2066 μονοειδής·

2101 1977 2336 2034 ἱὶιίοηριιι
2370 1983 2675 2053 relinquere
2693 1988 2965 2053 maluerit,
3004 2006 3116 2060 quo
3140 1995 3485 2061 potissimum
3512 2007 3650 2052 tem-

393 2079 646 2144 σύνθετος
677 2081 735 2134 δὲ
767 2083 795 2135 ὁ
828 2082 1032 2152 κόσμος
1060 2082 1194 2153 (17),
1223 2083 1317 2137 καὶ
1359 2086 1422 2137 ἐκ
1458 2084 1731 2156 διαφόρων
1774 2087 1971 2143 οὐσιῶν

2101 2081 2204 2122 μοι-ε
2273 2073 2558 2127 materiam
2631 2076 3019 2134 elaborandam
3086 2082 3648 2156 conformandamque

390 2191 450 2227 τε
483 2174 576 2227 καὶ
598 2175 847 2246 κράσεων
871 2174 967 2246 τὴν
986 2175 1242 2229 σύστασιν
1264 2175 1409 2247 ἔχει;
1442 2177 1547 2230 Τὸν
1570 2177 1677 2249 γὰρ
1712 2178 1823 2249 (18)
1847 2179 1971 2232 σύν-

2101 2159 2385 2229 usciperet.
2424 2164 2557 2219 Nam
2581 2166 2626 2221 si
2674 2170 2954 2225 materiam
2992 2188 3196 2243 susque
3224 2174 3398 2246 deque
3421 2178 3647 2234 habuis-

389 2266 540 2320 θετον
565 2266 750 2320 ἁπλῶν
782 2284 941 2321 τινων
967 2268 1111 2338 μίξιν
1143 2268 1351 2339 μηνύει.
1386 2270 1448 2322 Εἰ
1476 2269 1521 2322 δ’
1547 2266 1613 2323 αὖ
1667 2271 1831 2327 πάλιν
1866 2273 1967 2344 τὴν

2101 2259 2176 2315 et,
2239 2266 2347 2306 non
2369 2253 2480 2322 jam
2505 2257 2831 2325 qualitatum
2865 2276 3074 2327 earum,
3108 2265 3503 2337 quasintegras
3526 2284 3644 2323 ma-

388 2356 519 2428 ὕλην
545 2358 797 2413 σύνθετον
822 2359 998 2427 λέγειν
1023 2359 1245 2425 ἐθέλοις,
1270 2361 1491 2424 πάντως
1513 2362 1571 2429 ἐξ
1594 2362 1782 2416 ἁπλῶν
1804 2343 1965 2418 τινων

2103 2357 2194 2397 ere
2238 2343 2496 2411 sinebat,
2554 2362 2717 2402 causa
2766 2349 3060 2406 diceretur.
3107 2353 3262 2411 Nunc
3315 2374 3478 2423 vero,
3512 2376 3639 2416 cum

387 2451 757 2505 συντεθεῖσθαι
791 2453 1002 2524 φήσεις.
1048 2454 1111 2506 El
1144 2452 1202 2506 δὲ
1249 2453 1308 2519 ἐξ
1347 2455 1531 2508 ἁπλῶν
1573 2456 1851 2528 συνετέθη,
1893 2453 1963 2529 ἦν

2101 2431 2307 2501 iusdem
2338 2438 2577 2493 materia:
2605 2450 2815 2509 partem
2868 2445 3157 2513 expoliret,
3193 2457 3400 2517 partem
3431 2450 3641 2524 indige-

383 2560 513 2596 ποτε
546 2543 668 2597 καθ’
693 2544 862 2598 ἑαυτά
891 2545 1089 2617 (19)τὰ
1123 2546 1289 2605 ἁπλᾶ.
1325 2540 1400 2599 ὧν
1429 2527 1830 2611 συντεθέντων,
1869 2527 1962 2619 γέ-

2101 2533 2199 2577 Lam
2231 2540 2295 2579 ac
2325 2527 2536 2593 rudem,
2578 2530 2652 2583 uti
2704 2543 2861 2596 erat,
2900 2534 3236 2603 relinqueret
3280 2556 3293 2591 :
3348 2539 3443 2608 qui
3487 2540 3635 2610 quod

379 2636 578 2705 γονενή
611 2633 731 2704 ὕλη,
762 2633 820 2700 ἐξ
843 2628 1015 2706 οὕπερ
1034 2634 1127 2688 κα)¹
1154 2634 1388 2706 γεννητὴ
1415 2631 1549 2689 οὖσα
1569 2636 1860 2698 δείκνυται.
1882 2616 1958 2692 Ἐῖ

2101 2616 2332 2672 talorum
2379 2632 2684 2689 supererat,
2741 2624 2940 2681 melius
2986 2625 3197 2683 elllcere
3238 2633 3529 2699 potuisset,
3585 2636 3634 2688 is

376 2724 486 2798 γὰρ
516 2704 768 2791 σύνθετος
797 2728 830 2798 ἡ
860 2704 997 2799 ὕλη,
1017 2726 1086 2781 τά
1107 2727 1164 2781 δὲ
1186 2704 1415 2782 σύνθετα
1439 2725 1500 2792 ἐξ
1530 2727 1716 2782 ἁπλῶν
1737 2729 1837 2799 τὴν
1863 2728 1958 2781 σύ·-

2101 2704 2189 2758 Iihi
2225 2706 2444 2775 quidem
2478 2709 2651 2778 culpae
2679 2710 2911 2780 alicujus
2966 2713 3143 2769 afﬁnis
3198 2716 3412 2770 videtur
3436 2717 3629 2785 fuisse,

376 2833 562 2870 στασιν
595 2816 728 2887 ἔχει,
748 2813 818 2890 ἦν
847 2835 978 2871 ποτε
1004 2818 1211 2888 καιρὸς,
1237 2818 1323 2870 ὅτε
1342 2817 1440 2889 ὕλη
1461 2819 1560 2871 οὐκ
1587 2814 1677 2889 ἦν,
1708 2818 1954 2871 τουτέστι

2101 2813 2184 2850 um
2220 2798 2275 2852 in
2329 2799 2499 2855 altera
2531 2804 2772 2858 materiae
2820 2814 2973 2873 parte
3020 2807 3261 2861 nativam
3309 2809 3475 2863 etiam
3513 2822 3630 2866 tum

375 2907 503 2978 πρὶν
533 2907 600 2960 τά
632 2908 779 2961 ἁπλᾶ
815 2906 1109 2961 συνελθεῖν.
1135 2908 1197 2961 Εἰ
1224 2907 1282 2960 δὲ
1307 2903 1377 2978 ἦν
1409 2922 1538 2959 ποτε
1585 2907 1778 2977 καιρὸς
1800 2948 1814 2971 ,
1862 2908 1951 2960 ὅτε

2101 2890 2318 2944 ιδιὶιίιιηι
2350 2892 2403 2945 in
2434 2893 2554 2962 ejus
2587 2910 2748 2963 quam
2784 2897 3111 2962 elaboraret,
3144 2900 3372 2954 exitium
3423 2903 3630 2958 haerere

373 2995 470 3069 ὕλη
497 2999 598 3051 οὐκ
618 2994 707 3069 ἦν,
736 3000 838 3052 οὐκ
865 2994 933 3070 ἦν
958 2998 1015 3052 δέ
1047 3014 1178 3051 ποτε
1207 2997 1421 3069 καιρὸς,
1452 2998 1541 3050 ὅτε
1573 2996 1634 3049 τὺ
1660 2997 1952 3068 ἀγέννητον

2101 2989 2348 3035 aleretur.
2376 2980 2443 3036 Et
2463 2985 2681 3052 quidem
2712 2989 2892 3055 gravis
2922 3003 3149 3056 prorsus
3183 2992 3283 3045 hoc
3309 2992 3363 3045 in
3388 3009 3617 3062 genere,

369 3090 468 3142 οὐκ
491 3085 558 3160 ἧν
576 3106 588 3119 ·
617 3091 718 3142 οὑκ
749 3089 901 3144 ἕσται
927 3090 1220 3161 ἀγέννητος
1250 3090 1283 3160 ἠ
1332 3087 1454 3159 ὕλη.
1501 3088 1574 3140 Τὸ
1609 3087 1653 3140 δ’
1699 3086 1950 3140 ἐντεῦθεν

2101 3073 2201 3136 uic,
2238 3088 2403 3142 quam
2444 3077 2764 3143 elaboravit,
2821 3081 3063 3135 materiae
3097 3084 3234 3151 parti
3265 3125 3281 3150 ,
3311 3099 3377 3138 eo
3404 3089 3625 3142 nomine

367 3181 519 3236 ἔσται
566 3181 735 3236 πολλὰ
786 3180 855 3235 τά
898 3182 1191 3253 ἀγέννητα.
1253 3181 1315 3234 Εἰ
1358 3181 1467 3251 γὰρ
1505 3176 1575 3251 ἦν
1606 3180 1948 3249 ἀγέννητοςὸ

2101 3177 2191 3220 ,οιιι
2215 3168 2431 3223 videtur
2453 3171 2825 3240 injuria,quod
2849 3182 3052 3228 tantam
3075 3175 3338 3231 malorum
3357 3180 3464 3234 vim
3493 3181 3624 3236 sub-

366 3275 517 3339 Θεὸς,
547 3276 642 3329 καὶ
661 3275 729 3328 τὰ
756 3274 923 3339 ἁπλᾶ,
960 3274 1018 3340 ἐξ
1046 3268 1120 3327 ὧν
1152 3275 1184 3344 ὴ
1213 3272 1310 3344 ὕλη
1339 3272 1620 3342 συνετέθη,
1654 3272 1753 3324 οὐκ
1793 3271 1947 3324 ἔσται
1974 3280 1999 3336 ί

2101 3274 2129 3313 e
2169 3274 2235 3314 ac
2278 3261 2555 3317 sustinere
2599 3273 2850 3333 cogatur.
2886 3264 3148 3336 Quisquis
3173 3270 3316 3323 enim
3372 3283 3623 3327 accurate

363 3358 455 3414 δύο
476 3361 613 3432 μόνα
635 3362 704 3416 τά
736 3362 1029 3433 ἀγέννητα.
1063 3362 1221 3414 Δοκεῖ
1247 3361 1305 3414 δέ
1337 3378 1419 3413 σοι
1452 3361 1618 3432 μηδὲν
1643 3360 1749 3414 τῶν
1774 3360 1944 3414 ὄντων

2101 3365 2162 3403 :m
2209 3353 2486 3408 aestimare
2516 3355 2678 3419 volet,
2716 3355 2764 3410 is
2797 3356 2957 3425 longe
2992 3358 3314 3414 deteriorem
3354 3361 3457 3416 hoc
3486 3374 3621 3418 tem-

363 3451 494 3506 αὐτὸ
540 3453 719 3524 ἑαυτῴ
754 3452 1120 3518 ἀντικεῖσθαι;
1176 3454 1353 3507 Δοκεῖ.
1417 3452 1740 3506 Ἀντίκειται
1780 3452 1839 3504 δὲ
1864 3452 1943 3522 τῷ

2101 3458 2203 3506 »νος
2217 3460 2379 3513 quam
2398 3445 2641 3514 impolita
2670 3446 2801 3501 dum
2818 3452 3231 3513 esset,materiae
3250 3452 3618 3511 conditionem

362 3545 494 3617 πυρὶ
517 3543 579 3598 τὸ
612 3543 796 3615 ὕδωρ;
850 3542 1211 3597 Ἀντικεῖσθαί
1254 3560 1345 3614 μοι
1390 3543 1659 3612 φαίνεται.
1709 3544 1940 3614 ὐμοίως

2105 3551 2163 3589 se
2196 3538 2447 3606 reperiet.
2479 3538 2611 3591 Nam
2637 3547 2928 3609 antequam
2951 3541 3128 3596 varias
3175 3542 3510 3613 digereretur
3560 3548 3612 3604 in

357 3635 528 3689 δὲκαὶ
551 3634 629 3706 τῷ
650 3636 789 3704 φωτὶ
812 3634 874 3688 τὸ
897 3633 1108 3699 σκότος,
1137 3635 1231 3687 καὶ
1258 3633 1336 3705 τῷ
1369 3633 1563 3706 ψυχρῷ
1609 3634 1679 3688 τὸ
1713 3633 1935 3705 θερμὸν,

2101 3636 2244 3691 ιιιθε,
2309 3629 2515 3682 nullum
2543 3645 2608 3684 ea
2649 3631 2916 3686 malorum
2945 3648 3168 3688 suorum
3217 3636 3451 3691 habebat
3491 3653 3606 3693 sena

357 3727 495 3797 πρὸς
517 3725 581 3798 δὴ
605 3726 817 3789 τούτοις
841 3726 937 3779 καὶ
961 3724 1038 3796 τῷ
1065 3724 1213 3798 ξηρῷ
1232 3726 1293 3779 τὺ
1333 3726 1530 3798 ὑγρόν;
1566 3725 1755 3789 Οὕτως
1790 3726 1879 3797 ἔχε
1889 3745 1935 3780 ιν

2101 3734 2185 3786 ιιι,
2239 3736 2350 3790 quo
2381 3736 2526 3776 nunc
2553 3731 2735 3791 partes
2757 3723 2878 3792 ejus
2900 3724 3132 3795 singulae
3158 3726 3504 3784 vehementer
3532 3729 3615 3784 la-

358 3836 446 3889 μοι
470 3819 635 3872 δοκεῖ.
664 3817 872 3871 Οὐκοῦν
893 3817 1067 3888 (20)εἰ
1091 3818 1259 3888 μηδὲν
1273 3817 1381 3871 τῶν
1407 3817 1575 3871 ὄντων
1599 3818 1730 3872 αὐτὸ
1756 3818 1932 3891 ἑαυτῷ

2101 3821 2250 3866 want.
2301 3811 2480 3883 Atque
2525 3825 2583 3869 ut
2619 3815 2688 3869 ab
2742 3816 2963 3871 homine
2991 3830 3242 3874 sumatur
3275 3823 3608 3892 exemplum,

352 3912 680 3975 ἀντίκειται,
723 3912 823 3965 οὐκ
860 3910 1073 3965 ἔσονται
1100 3910 1198 3982 ὕλη
1224 3911 1356 3980 μία.
1406 3910 1528 3963 οὐδὲ
1571 3910 1679 3981 μὴν
1714 3910 1771 3977 ἐξ
1797 3910 1931 3982 ὕλης

2101 3904 2352 3973 iusquam
2387 3907 2589 3961 animal
2627 3907 2842 3978 opiﬁcis
2867 3918 2983 3964 arte
3013 3911 3411 3968 conformatum
3441 3926 3611 3980 esset,

354 4002 499 4071 μιᾶς.
555 4001 777 4072 Ὅμοιον
812 4001 870 4055 δέ
903 4018 1026 4055 τινα
1062 4001 1237 4072 τούτῳ
1280 4001 1437 4070 λόγον
1467 4001 1630 4055 πάλιν
1662 4002 1928 4056 πυθέσθαι

2101 4008 2286 4050 natura
2342 3996 2445 4052 hoc
2483 4000 2734 4066 habebat,
2769 3999 2902 4053 nihil
2930 4010 2991 4055 ut
3026 4003 3251 4058 omnino
3294 4003 3420 4059 mali
3457 4014 3610 4074 pato.

351 4108 443 4144 σου
472 4091 753 4162 βούλομαι.
781 4093 940 4145 Δοκεῖ
961 4109 1045 4144 σοι
1066 4091 1135 4144 τὰ
1165 4091 1303 4162 μέρη
1337 4090 1411 4162 μὴ
1449 4091 1773 4162 ἀναιρετικά
1802 4108 1928 4160 τυγ-

2101 4099 2197 4141 tur.
2240 4086 2322 4141 Ex
2377 4104 2487 4157 quo
2520 4098 2700 4143 autem
2734 4107 2764 4145 a
2801 4090 2908 4145 Deo
2935 4105 3253 4161 procreatus
3305 4095 3469 4149 homo
3500 4106 3604 4162 est,

346 4183 529 4253 χάνειν
554 4183 797 4255 ἀλλήλων
822 4199 836 4248 ;
869 4184 1041 4237 Δοκεῖ.
1070 4178 1223 4237 Εἶναι
1247 4181 1304 4234 δὲ
1329 4182 1427 4252 τῆς
1454 4183 1585 4252 ὕλης
1614 4183 1754 4255 μέρη
1778 4184 1838 4236 τό
1863 4200 1923 4236 τε

2101 4179 2155 4233 Ill
2180 4179 2341 4234 etiam
2373 4180 2706 4235 imminentis
2732 4196 2894 4235 sensu
2928 4183 3178 4237 adicitur.
3234 4184 3329 4249 Ita,
3361 4187 3505 4255 quod
3547 4199 3602 4242 ιιι

345 4272 458 4345 πῦρ
476 4275 571 4328 καὶ⁸
600 4273 767 4345 ὕδωρ,
792 4275 1054 4338 ὡσαύτως
1074 4274 1130 4327 δὲ
1156 4274 1249 4326 καὶ
1275 4272 1343 4327 τὰ
1356 4274 1550 4340 lora-td;
1579 4274 1766 4339 Οὕτως
1784 4276 1918 4347 ἔχει.

2101 4271 2193 4324 riui
2241 4287 2369 4341 erga
2424 4273 2705 4325 materiam
2762 4271 3013 4328 Numinis
3057 4275 3381 4329 beneﬁcium
3437 4276 3604 4332 inter-

343 4363 409 4416 Τί
433 4363 509 4428 δὲ,
536 4363 597 4417 ού
619 4362 767 4416 δοκεῖ
790 4380 872 4416 σοι
893 4361 1288 4433 ἀνατρεπτικὸν
1319 4362 1417 4432 μὲν
1454 4358 1593 4415 εἶναι
1618 4362 1712 4416 τοῦ
1750 4364 1920 4436 πυρὸς

2101 4362 2277 4427 alaris,
2311 4361 2414 4417 hoc
2444 4362 2546 4431 ipsi
2573 4361 2687 4430 jam
2719 4364 2772 4418 in
2797 4364 3040 4419 deterius
3063 4365 3296 4419 cessisse
3339 4367 3596 4435 reperies.

339 4455 401 4512 τὸ
421 4456 585 4528 ὕδωρ,
611 4457 707 4509 τοῦ
731 4456 788 4508 δὲ
816 4455 1043 4518 σκότους
1068 4454 1130 4506 τὸ
1152 4452 1290 4523 φῶς,
1317 4454 1411 4506 καὶ
1443 4454 1612 4508 τάλλα
1662 4455 1764 4510 ὅσα
1800 4456 1918 4510 τού-

2101 4451 2180 4524 i5
2209 4451 2328 4506 Jam
2353 4468 2499 4519 vero,
2532 4454 2576 4508 si
2609 4454 2754 4524 quod
2785 4456 2927 4509 mala
2955 4454 3098 4510 Deus
3121 4456 3307 4511 tollere
3337 4472 3445 4511 non
3492 4474 3599 4533 po-

336 4564 452 4612 τοις
478 4547 831 4620 παραπλήσια
850 4564 864 4611 ;
886 4548 1062 4599 Δοκεῖ.
1082 4543 1289 4598 Οὐκοῦν
1311 4546 1360 4597 εἰ
1383 4545 1451 4597 τὰ
1479 4544 1617 4615 μέρη
1642 4545 1742 4599 οὐκ
1767 4546 1916 4602 ἔστιν

2101 4546 2214 4609 :rit,
2250 4545 2438 4599 eadem
2472 4547 2772 4615 perstitisse
2803 4547 3184 4619 voles,.Deum
3246 4562 3375 4618 ergo
3420 4550 3594 4618 impo—

338 4638 580 4711 ἁλλήλων
601 4637 943 4709 ἀναιρετικά,
966 4637 1065 4689 οὐκ
1086 4636 1239 4689 ἔσται
1273 4634 1517 4706 ἀλλήλων
1563 4636 1725 4707 μέρη.
1770 4638 1833 4691 Εἰ
1857 4639 1913 4692 δὲ
1945 4639 1987 4692 D

2101 4643 2216 4690 Item
2240 4633 2394 4691 facis.
2429 4635 2703 4707 lmpotens
2744 4649 2924 4693 autem
2972 4640 3017 4695 si
3080 4641 3205 4703 erit,
3252 4650 3346 4695 aut
3375 4650 3594 4710 prepter

334 4732 436 4785 οὐκ
458 4730 603 4784 ἔστιν
622 4729 863 4800 ἀλλήλων
888 4728 1049 4800 μέρη,
1071 4729 1170 4781 οὐκ
1182 4727 1395 4781 ἔσονται
1418 4727 1550 4798 ὕλης
1575 4730 1724 4800 μιᾶς.
1756 4730 1918 4784 Ἀλλὰ

2102 4724 2265 4778 tivam
2296 4725 2722 4783 imbecillitatem
2755 4729 2877 4793 erit,
2912 4739 3007 4784 aut
3050 4731 3197 4799 quod
3252 4731 3503 4785 servilem
3537 4730 3592 4783 in

339 4824 444 4894 μὴν
481 4823 590 4876 οὐδ’
634 4823 773 4877 αὐτὰ
815 4821 1028 4876 ἔσονται
1054 4821 1153 4891 ὕλη
1188 4819 1267 4892 τῷ
1292 4820 1459 4892 μηδέν
1500 4836 1554 4872 τι
1592 4818 1702 4871 τῶν
1738 4818 1909 4873 ὄντων

2101 4815 2262 4883 idum,
2297 4818 2616 4885 potentioris
2644 4819 3101 4888 alicujusterrore
3132 4829 3439 4888 superetur.
3492 4819 3594 4874 Na-

333 4914 465 4967 αὐτὸ
488 4913 681 4967 ἑαυτοῦ
703 4913 1045 4985 ἀναιρετικὸν
1071 4912 1355 4983 ὑπάρχειν,
1377 4908 1519 4964 κατά
1536 4909 1626 4963 τὸν
1643 4910 1736 4963 τοῦ
1761 4911 1909 4963 ἀντι-

2101 4920 2138 4958 ’3
2168 4907 2523 4974 imbecillum,
2572 4911 2708 4965 citra
2755 4910 3105 4967 manifestum
3143 4912 3335 4965 salutis
3367 4913 3587 4980 pericu-

330 5004 584 5076 κειμένου
608 5005 784 5074 λόγον.
824 5005 958 5059 Οὐδὲ
981 5005 1090 5076 γάρ
1118 5007 1234 5057 ἐστι
1259 5003 1314 5056 τὶ
1336 4986 1485 5073 αὑτῷ
1511 5000 1900 5071 ἀντικείμενον·

2101 5015 2149 5071 n_,
2176 4998 2446 5054 allirmare
2474 5000 2700 5057 audebis
2727 5016 3029 5071 nunquam.
3076 5001 3172 5056 Siti
3216 5001 3442 5070 majoris
3475 5001 3587 5057 for-

327 5096 401 5151 τά
438 5095 549 5168 γὰρ
583 5096 931 5167 ἀντικείμενα
951 5138 966 5161 ,
1005 5096 1211 5167 ἑτέροις
1234 5093 1571 5148 ἀντικεῖσθαι
1622 5093 1863 5162 πέφυκεν
1885 5110 1899 5123 ’

2101 5090 2216 5145 line
2244 5092 2446 5146 victum
2475 5108 2596 5147 esse
2620 5093 2792 5158 dices,
2823 5094 2962 5147 mala
3001 5092 3111 5146 Deo
3153 5092 3317 5146 simul
3347 5102 3572 5162 antepo-

327 5182 441 5243 οἷον
464 5187 524 5241 τὸ
548 5188 737 5242 λευκὸν
761 5188 895 5241 αὐτὸ
917 5186 1094 5258 ἑαυτῷ
1114 5188 1215 5240 οὐκ
1236 5186 1570 5249 ἀντίκειται,
1594 5184 1730 5255 πρὸς
1763 5184 1819 5236 δὲ
1844 5185 1904 5238 τὸ

2101 5199 2128 5249 ι,
2163 5198 2287 5251 quae
2332 5182 2440 5236 vim
2485 5184 2603 5252 ejus
2658 5183 3033 5253 impetumque
3075 5183 3373 5239 voluntatis
3407 5185 3583 5255 impe-

331 5278 499 5349 μέλαν
520 5277 890 5349 ἀντικείμενον
909 5278 1155 5346 λέγεται·
1185 5277 1280 5330 καὶ
1303 5276 1365 5329 τὸ
1390 5275 1506 5345 φῶς
1528 5275 1728 5345 ὁμοίως
1770 5275 1901 5328 ἐαυ-

2105 5283 2182 5328 ιιι.
2211 5272 2369 5339 Quod
2413 5289 2545 5329 sane
2579 5276 2645 5329 de
2673 5284 2866 5329 natura
2914 5275 3100 5329 divina
3132 5274 3415 5344 praedicari
3467 5293 3577 5331 non

326 5368 404 5441 τῷ
428 5370 503 5442 μὴ
529 5369 863 5424 ἀντικεῖσθαι
884 5368 1173 5435 δείκνυται,
1201 5368 1408 5440 πρὸςᾶ
1430 5365 1491 5421 τὸ
1517 5367 1706 5430 σκότος
1728 5364 1903 5429 οὕτως

2101 5365 2112 5417 i
2148 5364 2385 5420 absurde
2426 5372 2624 5433 potest.
2655 5363 2854 5431 Quidni
2882 5364 3029 5420 enim
3079 5365 3223 5420 mala
3251 5363 3369 5435 ipsa
3398 5368 3579 5437 potius

2102 701 2179 755 ris
2217 720 2229 754 :
2265 703 2529 756 malorum
2589 705 2834 774 profectu
2858 723 3025 764 causa
3082 710 3227 768 Deus
3253 714 3375 779 erit,
3395 718 3489 785 qui
3516 757 3530 781 ,
3554 737 3678 789 quae.

2100 793 2256 846 malae
2293 808 2388 862 per
2412 809 2532 849 sese
2563 811 2670 849 non
2691 809 2864 863 erant,
2894 815 2989 855 eas
3012 800 3064 853 in
3101 804 3276 858 malas
3299 812 3672 866 commutarit.

397 5508 506 5581 (16)
542 5498 899 5581 Δυνάμεγοι.
941 5506 1185 5581 Praestat
1214 5506 1439 5581 omnino
1489 5504 1782 5577 δυνάμενα,
1835 5510 1894 5558 ut

2101 5499 2323 5581 19)er
2348 5517 2498 5581 ποτε
2525 5504 2654 5561 καθ’
2687 5502 2890 5559 ἑαυτά.
2923 5501 3121 5574 Negari
3167 5502 3326 5559 facile
3366 5514 3574 5576 posset,

325 5575 1038 5654 referatur_ad;:aﬁra,_non
1062 5579 1310 5654 adeéov.
1348 5646 1397 5654 __
1467 5646 1498 5654 __
1585 5645 1597 5654 .
1629 5575 1636 5577 V
1848 5649 1859 5654 Δ

2101 5575 2618 5654 Ldmhicassymitur.
3074 5642 3107 5654 Δ.

394 5651 505 5722 (17)
535 5651 829 5722 Σύνθετος
871 5646 940 5722 δέ
988 5649 1022 5700 d
1068 5647 1318 5722 xdgyog.
1347 5646 1535 5722 Mutila
1582 5645 1690 5722 ista
1736 5649 1887 5722 sunt.

2101 5642 2184 5713 20)
2216 5643 2469 5722 ngoﬁr.
2495 5642 2571 5722 _Et
2600 5646 2721 5722 haec
2752 5642 3144 5722 consequentia
3173 5644 3380 5722 oppido
3403 5661 3571 5722 quam

321 5711 620 5776 Commode
669 5719 750 5774 sic
799 5711 1039 5786 expleas,
1091 5711 1209 5779 πῶς
1253 5716 1317 5788 δὴ
1374 5714 1627 5779 σύνθετός
1675 5716 1823 5767 ἐστιν
1860 5713 1890 5765 ὁ
1998 5761 1999 5766 η

2101 5711 2397 5789 rma."l‘_ota
2423 5713 2567 5768 enim
2600 5713 2715 5770 haec
2748 5711 3129 5785 ἀντιμὰχησις,
3159 5711 3381 5771 θέίκατ*
3409 5711 3570 5789 εἶδος,

322 5792 539 5858 κόσμος,
568 5789 679 5854 καί,
710 5781 886 5858 οἱα--
1000 5857 1027 5858 ί,
1143 5856 1151 5858 ν
1250 5781 1317 5858 Α’
1996 5799 1999 5837 ἰ

2101 5802 2107 5839 ι
2137 5781 2260 5836 καθ’
2274 5818 2277 5821 -
2290 5781 2441 5852 ὕλην.
2458 5854 2462 5858 Δ

391 5809 539 5914 σμος,
568 5809 679 5854 και,
710 5809 813 5842 etc.
998 5857 1010 5868 .

391 5868 403 5917 ι
447 5862 499 5932 8)
537 5856 792 5927 Τὸνγάρ.
826 5855 1082 5914 Rescribe
1112 5856 1173 5909 τδ
1196 5854 1324 5927 γάρ.
