2083 3207
276 167 330 194 583

600 163 733 191 EUSEBII
754 162 997 190 CxESAIllENSIS
1016 162 1092 190 OI’P.
1115 161 1205 189 PARS
1224 162 1255 189 ll.
1276 177 1311 182 -
1330 162 1585 192 APOLOGETICA.

1862 166 1916 193 586

275 224 389 251 deorum
404 225 463 250 loco
480 223 644 251 habeantur.
664 222 686 247 si
701 227 727 247 et
748 221 843 252 Detun,
859 226 889 247 ut
912 221 965 251 ais,
983 228 1065 254 supe-

1121 219 1191 254 ἐχων
1206 219 1346 253 φαίνεται·
1372 220 1419 246 καὶ
1439 219 1506 246 ἄλλα
1518 220 1585 254 γοῦν
1603 221 1703 256 ὁμοίως
1723 220 1837 248 πλεῖστα
1855 222 1916 250 ὅσα.

275 278 337 297 rare
359 274 486 304 possunt,
502 274 528 294 et
545 267 631 294 Deum
648 267 713 294 illud
732 275 793 294 esse
814 268 923 294 demum
943 266 1068 301 agnosci-

276 324 348 346 mus.
361 315 434 349 quod
448 322 583 341 summam
598 314 696 340 habeat
708 321 799 340 rerum
812 313 935 339 omnimn
952 317 1068 347 potesta-

277 362 347 388 tem?
369 361 421 388 Sed
444 361 522 395 juvat
538 365 680 395 pluctcrea,
699 360 828 386 nonnulla
843 368 875 386 ex
894 364 919 385 te
933 360 967 385 de
983 362 1067 384 matc-

276 408 317 435 ria
333 415 464 442 qtuerere.
494 407 542 434 Dic
570 407 663 442 igitur,
691 407 789 433 amabo
814 410 850 437 te,
878 405 1068 440 simpliccmne

275 453 417 480 materiam
434 461 467 480 an
485 453 666 487 compositam
684 452 770 479 fuisse
783 451 880 486 putes?
896 450 963 477 Nam
976 458 1066 476 rerum

276 504 349 525 tanta
368 499 518 525 diversitas
533 500 566 525 ad
584 498 666 532 hujus
687 506 729 524 me
745 497 970 532 disceptationem
992 505 1067 531 qu:c-

276 545 375 573 stiouis
399 545 520 572 adducit.
542 544 570 571 Si
591 545 664 571 enim
693 544 821 578 simplex,
849 544 984 578 uniusque
1001 544 1069 570 dun-

275 595 349 618 taxat
366 591 461 618 l'ormze
482 598 514 618 ac
535 592 627 625 ligura:
644 590 756 617 materia
773 589 834 620 fuit,
852 590 992 624 quomodo
1006 593 1066 615 tan-

1124 268 1155 293 Εἰ
1168 268 1256 293 τοίνυν
1273 268 1320 293 καὶ
1333 267 1382 302 ὓλη
1397 268 1445 301 μία
1458 276 1500 299 τις
1510 266 1554 303 ἦν,
1567 268 1617 294 οὐκ
1636 268 1668 294 ἂν
1681 268 1749 303 αὑτὴ
1771 269 1840 304 αὑτῇ
1854 270 1919 296 ἀντ-

1123 314 1221 340 ἐχειτο.
1257 313 1336 340 οὕτω
1361 313 1389 340 δὲ
1404 314 1459 341 τῶν
1476 315 1670 349 ἀντικειμένων
1684 315 1810 349 ἐχόντων,
1824 316 1854 342 τὸ
1880 317 1917 353 μὴ

1123 356 1192 385 εἶναι
1206 360 1255 394 τὴν
1268 359 1334 394 ὓλην
1348 359 1496 386 δείκνυται.
1513 370 1522 385 ι
1536 360 1661 386 Τοσαῦτα
1682 361 1729 387 καὶ
1745 362 1760 386 ὁ
1779 361 1919 397 προδηλω-

1123 405 1179 437 θεὶς
1192 406 1376 440 συγγραφεύς.
1392 406 1520 441 Λύτάρκη
1544 406 1571 432 δὲ
1589 407 1760 442 περιγραφὴν
1777 407 1918 442 εἰληφότος

1121 451 1167 477 τοῦ
1183 451 1273 485 λόγου,
1287 452 1332 478 ἐπὶ
1344 452 1390 478 τὸν
1403 452 1495 486 ὃγδοον
1507 453 1557 487 τῆς
1570 453 1774 488 Εὐαγγελικῆς
1800 456 1918 487 "pona-

1118 498 1275 531 ρασκευῆς
1289 499 1512 534 μεταϐάντες,τὰ
1535 499 1664 527 λείποντα
1683 501 1723 535 τῷ
1743 501 1919 536 προκειμένῳ

1123 545 1272 579 σκέμματι,
1288 545 1432 580 σύμμαχον
1445 546 1673 581 ἐπικαλεσάμενοι
1685 547 1732 573 τὸν
1751 547 1832 581 Θεὸν,
1850 549 1918 574 ἀνω-

1123 590 1176 625 πλη
1182 590 1219 625 ρώ
1223 599 1252 616 σο
1255 599 1313 625 μεν.

273 637 335 664 dem
351 638 520 672 compositus
537 645 569 664 ex
592 645 623 663 ea
648 636 777 665 mundus.
795 641 916 663 cxtanta
939 636 1156 663 substantiarum
1181 645 1213 663 ac
1242 638 1470 671 temperationum
1502 639 1633 666 varietate
1662 639 1807 667 consistit?
1836 639 1913 673 Quod

273 684 345 710 enim
360 684 542 718 compositum
559 683 670 714 dicitur,
691 683 716 709 id
741 690 807 709 sane
836 682 954 716 plurium
985 682 1150 716 simplicium
1181 683 1340 710 mixtionem
1363 683 1485 711 involvit.
1519 684 1565 711 Sin
1580 685 1702 712 eamdem
1733 688 1912 720 compositam

273 729 360 757 fuisse
384 730 434 762 vis,
456 738 488 756 ex
513 729 682 764 simplicibus
708 729 791 763 igitur
813 728 965 762 composita
996 728 1056 755 fuit.
1075 729 1186 761 Quodsi
1202 737 1295 756 verum
1312 734 1364 762 est,
1395 729 1502 757 fuerant
1531 731 1588 765 jam
1616 732 1680 758 olim
1702 732 1836 766 simplicia
1868 733 1912 759 illa

273 786 320 812 per
337 786 407 808 sese.
422 785 538 812 quorum
561 786 594 805 ex
617 778 816 812 compositione
841 777 954 803 materia
983 776 1098 803 conﬂata
1121 782 1172 804 est.
1197 777 1264 804 Iliae
1288 786 1368 812 porro
1393 779 1511 812 genitam
1540 786 1600 804 esse
1624 778 1764 804 materiam
1788 777 1912 804 Cﬂicitur.

272 824 339 851 Nam
359 825 381 852 si
398 825 549 859 composita
569 825 680 851 materia
703 829 754 856 est,
773 825 924 858 composita
957 832 1022 850 vero
1039 832 1071 850 ex
1091 825 1263 859 simplicibus
1289 829 1476 859 coagmentata
1502 829 1575 856 sunt,
1610 828 1717 857 tempus
1747 823 1812 849 illud
1840 829 1914 850 certe

273 871 395 907 fuit,quo
415 872 554 899 nulladum
568 872 678 899 materia
695 876 777 903 esset,
796 871 848 898 hoc
863 875 905 898 est
927 876 1074 905 antequam
1089 879 1120 897 ea
1140 871 1304 905 simplicium
1331 871 1400 897 inter
1421 879 1481 898 sese
1495 870 1652 904 conjunctio
1669 870 1753 896 ﬁeret.
1781 868 1859 901 Quod
1889 869 1912 896 si

272 922 379 954 tempus
403 918 537 952 ejusmodi
564 918 674 952 aliquod
703 917 764 948 l‘uit,
794 925 849 952 quo
881 917 993 944 materia
1024 918 1138 943 necdum
1170 922 1259 949 esset,
1290 917 1395 943 nullum
1433 922 1523 943 autem
1550 924 1670 950 unquam
1697 915 1757 948 fuit,
1782 923 1837 950 quo
1868 923 1912 942 res

271 968 333 991 ortu
361 964 547 999 principioque
568 972 674 996 carens,
704 963 824 990 nondum
844 963 970 990 existeret
992 968 1065 993 ortu.
1091 963 1202 989 materia
1220 963 1343 990 caruisse
1365 970 1418 989 non
1435 963 1542 996 poterit.
1567 962 1700 989 Cmterum
1723 963 1798 997 plura
1835 963 1913 989 dein|

272 1017 336 1043 ceps
348 1015 410 1036 ortu
425 1010 544 1037 carentia
569 1015 732 1037 statuemus.
753 1009 780 1036 Si
804 1010 876 1036 enim
896 1015 923 1036 et
938 1000 1061 1040 Deus,’et
1077 1010 1211 1043 simplicia
1237 1009 1298 1040 ista,
1322 1017 1356 1036 ex
1383 1009 1485 1044 quibus
1508 1014 1634 1037 concreta
1658 1010 1772 1036 materia
1785 1014 1836 1041 est,
1849 1014 1910 1037 ortu

272 1057 413 1089 carebunt,
431 1065 484 1083 non
513 1057 569 1091 jam
594 1058 649 1083 duo
680 1060 785 1083 tantum
807 1061 869 1082 ortu
906 1056 1027 1082 carentia
1048 1057 1240 1082 censebuntur.
1265 1055 1417 1088 Postremo,
1441 1064 1505 1082 num
1531 1060 1558 1082 tu
1596 1063 1652 1082 rem
1685 1056 1763 1090 plane
1797 1055 1908 1088 nullam,

272 1109 335 1136 quae
361 1110 454 1130 secum
479 1103 537 1137 ipsa
561 1107 671 1137 pugnet,
696 1109 756 1129 esse
781 1102 928 1128 concedis?
951 1101 1068 1128 Nullam.
1091 1102 1158 1128 Cum
1189 1102 1251 1136 igne
1274 1109 1338 1128 vero
1362 1110 1427 1128 num
1441 1109 1510 1136 aqua
1526 1102 1647 1136 pugnat?
1662 1101 1764 1135 Pugnat
1777 1109 1851 1128 sane.
1868 1102 1912 1128 Si-

273 1149 374 1176 militer
397 1155 424 1176 et
450 1149 502 1176 luci
524 1149 653 1181 tenebrae,
677 1153 704 1176 et
728 1148 827 1183 frigido
843 1148 972 1180 calidum,
993 1153 1020 1175 et
1043 1148 1116 1175 siCCo
1134 1148 1276 1175 humidum
1298 1148 1477 1175 adversatur?
1501 1147 1609 1183 Utique.
1627 1147 1711 1183 Igitur
1733 1147 1754 1174 si
1777 1156 1820 1174 res
1837 1148 1910 1174 nulla

272 1202 366 1222 secum
381 1195 436 1230 ipsa
451 1199 563 1229 pugnat,
582 1195 706 1229 sequitur
722 1195 846 1226 omnino,
874 1202 924 1221 nec
947 1194 1054 1221 unicam
1071 1202 1132 1221 esse
1143 1195 1295 1226 materiam,
1307 1203 1356 1222 nec
1373 1195 1454 1222 unica
1480 1199 1585 1221 tantum
1606 1202 1637 1221 ex
1659 1194 1772 1221 materia
1784 1194 1910 1221 universa

272 1245 407 1268 cmstare.
434 1241 517 1276 35,6
533 1241 584 1268 Cui
614 1241 751 1275 persimile
772 1249 804 1267 ac
828 1241 966 1275 geminum
992 1241 1054 1267 illud
1072 1245 1125 1273 est,
1151 1241 1223 1275 quod
1249 1241 1382 1275 sequitur.
1407 1241 1478 1274 Quid
1509 1241 1592 1273 enim,
1620 1248 1710 1267 annon
1732 1245 1821 1275 partes
1850 1240 1911 1266 aliis

271 1288 340 1315 alias
350 1288 462 1315 exitium
477 1296 509 1315 ac
533 1293 636 1322 pestem
651 1296 744 1314 creare
757 1288 913 1314 conﬁteris?
936 1287 1078 1322 Equidem.
1107 1287 1226 1315 Materiae
1250 1295 1314 1315 vero
1340 1292 1441 1323 partes,
1468 1288 1569 1322 ignem,
1606 1294 1716 1321 aquam,
1742 1291 1769 1313 et
1792 1286 1911 1320 reliquas

271 1341 332 1361 esse
348 1334 494 1361 concedis?
516 1334 549 1361 Et
564 1334 689 1361 libenter.
705 1334 793 1369 Ignem
808 1342 889 1369 porro
910 1342 990 1368 aqua,
1021 1336 1066 1360 lux
1093 1334 1230 1366 tenebras,
1259 1338 1341 1369 atque
1372 1334 1508 1368 ejusmodi
1523 1338 1633 1363 Caetera.
1659 1341 1712 1360 non
1740 1333 1832 1360 tollere
1850 1340 1910 1360 sese

272 1385 367 1408 mutuo
379 1389 411 1408 ac
426 1382 559 1416 perimere
571 1381 714 1408 videntur?
727 1380 819 1408 Planc.
839 1380 868 1407 Si
884 1389 948 1415 ergo
964 1385 1055 1415 partes
1083 1381 1164 1408 nulla:
1190 1385 1317 1408 mutuum
1347 1381 1398 1408 sibi
1426 1381 1538 1407 exitium
1551 1380 1678 1410 allerunt,
1690 1387 1740 1406 nec
1753 1384 1910 1406 mutuarum

271 1426 324 1454 ista
335 1428 452 1462 partium
468 1428 601 1454 rationem
618 1428 752 1459 obtinere,
768 1435 818 1454 nec
834 1427 947 1461 proimte
973 1427 1055 1454 unius
1083 1431 1188 1454 tantum
1201 1428 1333 1459 materiae,
1362 1432 1410 1454 aut
1426 1435 1490 1454 vero
1505 1426 1617 1453 materia
1635 1434 1747 1460 prorsus
1777 1433 1837 1452 esse
1862 1433 1911 1460 po-

270 1476 372 1506 terunt,
395 1481 457 1500 cum
484 1481 528 1500 res
555 1473 629 1499 nulla
654 1473 794 1499 interitum
820 1472 871 1499 sibi
909 1477 1067 1507 pestemque
1096 1477 1180 1506 creet,
1207 1473 1245 1500 uti
1274 1474 1423 1500 contrariis
1456 1473 1593 1500 contraria
1633 1472 1733 1499 solent.
1756 1470 1811 1498 Nec
1837 1472 1909 1498 enim

271 1520 342 1546 idem
355 1518 524 1546 contrarium
540 1524 581 1546 est
608 1519 659 1554 ipsi
690 1519 753 1551 sibi,
776 1519 914 1546 contraria
951 1519 1086 1554 siquidem
1111 1519 1174 1546 aliis
1201 1519 1334 1546 duntaxat
1349 1519 1487 1546 contraria
1509 1524 1582 1550 sunt,
1605 1518 1836 1553 quemadmodum
1861 1526 1911 1545 nec

271 1566 362 1592 album
381 1566 452 1597 albo,
472 1566 517 1593 sed
537 1566 616 1600 nigro
642 1570 766 1599 tantum;
788 1573 839 1593 nec
868 1566 933 1598 luci,
963 1567 1010 1593 sed
1037 1566 1156 1593 tenebris
1183 1566 1321 1593 contraria
1352 1566 1397 1593 lux
1419 1571 1472 1598 cst,
1494 1566 1673 1600 similiterque
1687 1565 1721 1592 de
1735 1565 1796 1592 aliis
1814 1565 1911 1600 pleris-

270 1619 324 1646 que
338 1612 523 1646 philosophari
548 1618 632 1646 potes.
658 1612 759 1644 Quare,
777 1612 799 1639 si
817 1612 929 1638 materia
944 1619 1053 1646 quoque
1082 1612 1269 1647 unaqutcdam
1285 1618 1311 1639 et
1324 1612 1440 1646 simplex
1473 1616 1557 1644 esset,
1582 1619 1723 1646 nunquam
1748 1619 1840 1638 secum
1852 1611 1911 1646 ipsa

270 1662 414 1692 pugnaret.
427 1657 467 1684 Ex
492 1666 545 1693 qua
575 1658 681 1684 tandem
701 1659 810 1692 propria
826 1658 1028 1685 contrariorum
1042 1657 1148 1685 ratione
1161 1658 1346 1690 concluditur,
1376 1658 1466 1685 locum
1487 1658 1600 1685 omnino
1625 1659 1669 1685 isti
1699 1658 1820 1685 materiae
1849 1658 1912 1684 nul-

270 1703 327 1730 lum
343 1711 495 1737 superesse.
518 1713 527 1729 ›
553 1704 585 1730 Et
611 1703 745 1730 Maximus
768 1704 877 1738 quidem
906 1704 1050 1731 hactenus.
1076 1702 1132 1730 Nos
1156 1711 1221 1731 vero
1246 1711 1309 1731 cum
1342 1712 1391 1731 sua
1422 1704 1486 1731 huic
1506 1705 1635 1732 volumini
1661 1704 1787 1739 justaque
1806 1703 1913 1737 magni-

273 1750 339 1778 tudo
355 1750 399 1782 sit,
415 1759 475 1785 qua:
492 1751 618 1784 deinceps-
635 1751 729 1777 all‘ecta
744 1751 891 1785 disputatio
905 1751 1051 1782 desiderat,
1079 1755 1188 1783 octavo,
1218 1751 1266 1785 qui
1298 1751 1433 1786 sequitur,
1462 1751 1671 1785 Praparationis
1690 1749 1854 1784 Evmrgelim‘
1875 1749 1910 1775 li-

247 1818 250 1820 .
271 1795 333 1829 bro,
346 1795 453 1823 favente
468 1797 559 1824 divino
575 1796 702 1829 Numine,
720 1797 986 1831 repraesentabimus.

280 1871 1906 1883 —_——___————_————_——_————

449 1942 1122 2003 ΠΡΟΠΑΡΑΣΚΕΥΗΣ
1196 1943 1386 1999 ΕΥΑΓ
1391 1944 1434 1999 Γ
1437 1939 1730 1999 ΕΛΙΚΗΣ

848 2045 1066 2087 ΒΙΒΛΙΟΝ
1089 2042 1329 2086 ΟΓΔΟΟΝ.

336 2221 845 2267 PR/EPARATIONIS
899 2221 1297 2269 EVANGELICIE
1337 2221 1515 2266 LIBER
1551 2220 1840 2267 OCTAVUS.

400 2391 480 2428 347
507 2390 596 2419 ocra
609 2390 645 2418 VI
667 2390 771 2418 me
790 2391 831 2418 CA
840 2390 938 2419 PITA.

274 2448 300 2476 Ι.
322 2448 496 2489 Prooemium,
520 2456 551 2474 ac
576 2450 607 2475 de
623 2449 674 2483 piis
690 2447 815 2475 Μυδαίτω
846 2448 996 2480 reipublicae
1026 2457 1065 2476 m-

309 2488 423 2510 stilutts.

1080 2401 1099 2427 Β
1159 2394 1250 2419 ΤΑΔΕ
1271 2394 1450 2420 ΠΕΡΙΕΧΕΙ
1474 2394 1516 2420 ΤΟ
1535 2393 1681 2419 ΟΓΔΟΟΝ
1702 2392 1866 2419 ΒΙΒΛΙΟΝ.

1115 2453 1149 2475 α’.
1172 2450 1342 2483 Προοίμιον,
1355 2449 1402 2475 καὶ
1416 2449 1482 2482 περὶ
1500 2449 1553 2476 τοῦ
1569 2449 1645 2476 κατὰ
1665 2448 1794 2475 Μωυσέα
1807 2451 1912 2476 θεοσεο

1151 2485 1222 2517 ϐοῦς
1235 2485 1459 2518 πολιτεύματος.

272 2519 300 2546 2.
321 2518 363 2545 Ex
396 2518 523 2551 Ανίειιινο,
547 2519 579 2545 de
603 2518 781 2545 Judaicarum
803 2516 1004 2552 Scripturarum
1020 2519 1062 2546 in—

1116 2519 1148 2554 β’.
1173 2516 1346 2553 Ἀρισταίου,
1360 2516 1428 2552 ’περὶ
1443 2518 1496 2553 τῆς
1507 2519 1665 2554 ἑρμηνείας
1673 2518 1732 2546 τῶν
1743 2518 1822 2552 παρὰ
1843 2518 1913 2545 Ἰου-

310 2555 508 2587 terpretatiaue.
782 2587 792 2588 ί

1151 2555 1247 2587 δαΐοις
1260 2555 1398 2588 ι’ριιρῶν.

273 2588 301 2617 ὅ.
323 2588 443 2623 Epistola
456 2588 582 2615 Demetrii
595 2587 719 2615 Phalerei
732 2587 766 2614 ad
777 2587 951 2616 Ptolemamm
963 2588 1061 2624 /Egyp-

1116 2589 1148 2624 γ’.
1174 2587 1334 2623 “Επιστὸ..ἰὴ
1358 2588 1525 2623 Δημητρίου
1556 2589 1609 2616 τοῦ
1643 2588 1802 2622 Φαληρέως
1832 2587 1913 2622 πρὸς

459 2658 595 2686 Ptolemwi
609 2659 675 2693 regis
693 2658 727 2685 ad
744 2657 913 2690 Eleazarum,
929 2666 1062 2685 summum

310 2693 466 2720 Juda’orum
481 2694 656 2721 sacerdotem.

277 2728 303 2756 5.
326 2728 447 2763 Epistola
467 2729 603 2761 Eleazari,
627 2729 723 2755 summi
752 2728 909 2761 sacerdotis,
925 2728 959 2755 ad
977 2727 1063 2755 Ptole-

278 2772 517 2838 6.mE€lnl’lriel%€:Z,
539 2798 570 2825 de
592 2797 747 2825 Judrt'orum
771 2806 803 2825 ex
830 2798 947 2834 Δ»Εῃμριο
960 2798 1063 2833 profec-

279 2838 480 2901 7."lg.,vweodem,
498 2869 529 2896 de
544 2869 666 2904 religiosa
688 2868 813 2896 Masait‘a:
832 2869 984 2903 rcipublica:
1007 2869 1063 2903 for-

312 2912 364 2929 Mil.

1151 2624 1335 2658 Πτολεμαῖον
1347 2625 1401 2651 τὸν
1412 2623 1546 2655 ,βασιλέα
1555 2625 1715 2658 Αἰγύπτου.

1114 2661 1146 2687 δ’.
1169 2657 1329 2693 Ἐπιάτολὴ
1341 2659 1525 2693 Πτολεμαίου
1537 2657 1692 2691 βίιιὲιιέως
1711 2658 1786 2692 apt);
1808 2657 1914 2684 Ἐλεά-

1149 2694 1237 2728 (aper
1251 2695 1305 2720 τὸν
1317 2695 1376 2721 τῶν
1394 2694 1542 2720 Ἰουδαίων
1551 2694 1697 2728 ἀρχιερέα.

1114 2733 1145 2757 ε’.
1173 2729 1333 2763 Ἐπιστολὴ
1370 2728 1542 2763 Ἐλεαζάρου
1562 2727 1616 2756 τοῦ
1633 2727 1803 2763 ἀρχιερέως
1833 2727 1916 2761 πρὸς

1151 2765 1336 2798 Πτολεμαῖον
1358 2764 1411 2791 τὸν
1424 2764 1567 2796 βασιλέα.

1116 2804 1152 2833 ς’.
1167 2797 1310 2860 ΦίλῗὴὊς,
1325 2800 1392 2834 περὶ
1403 2799 1457 2834 τῆς
1467 2799 1676 2835 ἀπἈὶ-ισύπτου
1686 2800 1746 2825 τῶν
1762 2797 1917 2825 Ἰουδαίων

1152 2842 1223 2860 nam?
1237 2843 1282 2860 av.

1152 2842 1282 2868 πέψεως.

1117 2871 1149 2902 ξ’.
1168 2870 1221 2895 Τίςγῐν
1236 2869 1340 2901 αὐτοῦ,
1362 2870 1427 2903 περὶ
1452 2870 1505 2904 τῆς
1520 2870 1595 2897 κατὰ
1610 2869 1735 2897 Μωὶτσέιι
1749 2868 1915 2904 θεοσεϐοῦς

1154 2906 1315 2937 πολιτείας.
