4166 6412
310 418 422 480 i385

1438 420 1766 481 PREPAR.
1809 424 2060 482 EVANC.
2100 424 2229 479 LIB.
2274 419 2411 480 Vl“.

3477 424 3593 507 διδ,

315 546 387 610 η’.
429 538 737 606 Ἰωσήπου,
768 534 905 606 Περὶ
950 540 1055 593 τοῦ
1102 537 1251 594 κατὰ
1288 540 1506 593 Μωσέα
1541 541 1894 609 πολιτεύμα-

2010 540 2064 594 8.
2108 538 2191 593 Ea:
2208 539 2458 609 Josepho,
2483 541 2545 594 de
2578 538 2824 594 Mosaicae
2852 540 3152 607 reipublicae
3172 541 3363 609 forma.

316 626 774 744 θητξέὶεαζάρου
846 677 1170 748 ἀρχιερέως
1228 681 1618 746 ὑποτύπωσις
1684 679 1796 747 τῆς
1834 679 1905 734 ἐν

384 752 509 816 τοῖς
537 750 713 832 ἱεροῖς
751 750 961 819 νόμοις
1016 748 1549 819 ἀλληγορουμένης
1608 749 1902 817 διανοίας,

385 819 506 875 ἀπὸ
535 838 651 874 των
697 821 1044 875 Ἀρισταίου.

385 838 506 875 tuto
535 838 651 874 των
701 838 1044 887 Αρισταιου.

319 896 372 944 ι’.
420 891 881 969 Ἀριστοϐούλου
911 929 927 953 ,
970 890 1111 959 Περὶ
1151 888 1272 944 τῶν
1321 889 1769 961 ὀνομαζομένων
1822 891 1905 956 ὡς

386 964 518 1026 περὶ
552 960 699 1015 Θεοῦ
712 960 938 1030 μελῶν.

318 1037 407 1085 ια’.
438 1029 722 1097 Φίλωνος,
751 1031 886 1099 περὶ
928 1029 1037 1098 τῆς
1058 1029 1208 1084 κατὰ
1243 1029 1504 1094 τόνβίον
1525 1030 1740 1097 ἀρετῆς
1784 1030 1903 1083 τῶν

385 1103 545 1169 παρὰ
598 1101 897 1167 Ἰουδαίοις
929 1100 995 1154 τὸ
1021 1099 1283 1155 παλαιὸν
1318 1104 1840 1170 φιλοσοφούντων.

319 1173 404 1242 ιβ’.
441 1174 567 1227 Ἔτι
603 1173 733 1238 περὶ
765 1171 882 1225 τῶν
902 1170 1117 1225 αὐτῶν.

308 1251 407 1311 ιγ’.
440 1244 725 1309 Φίλωνος,
751 1242 885 1311 περὶ
928 1242 1075 1296 Θεοῦ
1100 1283 1115 1309 ,
1155 1242 1255 1296 καὶ
1292 1243 1428 1311 περὶ
1466 1242 1572 1296 τοῦ
1609 1243 1902 1310 γεννητὸν

385 1310 538 1368 εἶναι
567 1314 675 1366 τὸν
710 1314 961 1368 κόσμον.

520 1332 538 1365 ι
567 1328 675 1366 τον
710 1328 961 1366 κοσιιον.

385 1331 538 1368 ειναι
567 1331 675 1366 τον
710 1331 961 1383 κοσμον.

317 1384 399 1440 ιδ’.
440 1383 549 1439 Τοῦ
575 1385 763 1438 αὑτοῦ
792 1423 806 1445 ,
835 1383 968 1451 περὶ
1012 1383 1119 1437 τοῦ
1165 1383 1418 1452 προνοίᾳ
1465 1382 1615 1437 Θεοῦ
1658 1382 1897 1439 διοικεῖ-

382 1459 524 1510 σθαι
552 1453 661 1508 τὸν
684 1455 936 1524 κόσμον.

844 1547 1240 1601 ΚΕΦΑΛΑΙυΝ
1278 1548 1357 1601 A'.

304 1663 647 1733 Προοίμιον,
672 1662 770 1715 καὶ
801 1660 935 1729 περὶ
966 1660 1073 1713 τοῦ
1110 1661 1275 1733 κατὰ
1327 1662 1543 1715 Μωσέα
1575 1662 1895 1730 θεοσεϐοῦς

875 1732 1327 1799 πολιτεύματος.

380 1847 518 1911 Τοὺς
550 1846 696 1917 βίους
721 1843 829 1897 τῶν
850 1842 1096 1897 παλαιῶν
1136 1842 1421 1913 Ἐϐραίων,
1450 1843 1555 1895 τῶν
1578 1844 1639 1914 δὴ
1669 1846 1762 1897 καὶ
1797 1843 1894 1915 τὴν

2014 610 2066 665 9.
2095 610 2404 682 Eleazarus
2452 612 2689 681 pontifex
2721 611 2990 679 allegorici
3019 627 3200 664 sensus
3231 612 3418 682 divinis
3460 614 3581 682 legi-

2085 680 2179 733 bus
2238 680 2457 736 inclusi
2500 684 2766 737 notionem
2826 682 3153 750 informavit.
3226 680 3307 735 Ea:
3365 680 3581 738 Aristan'

2080 752 2314 806 scriptis.

2015 769 2460 888 ίθῗεέίξὲξῗοὺιιίὶ,
2519 823 2583 876 de
2630 824 2875 877 membris
2930 839 3046 892 qua:
3095 837 3214 875 uoce
3269 831 3418 876 tenus
3471 822 3580 877 Deo

2085 891 2412 948 tribuuntur.

2012 959 2099 1013 11.
2145 960 2220 1014 De
2245 973 2471 1015 veterum
2504 964 2646 1032 apud
2694 963 2946 1018 Hebrteos
2992 962 3423 1033 philosophorum
3471 964 3581 1019 vita

2079 1046 2284 1101 summa
2317 1048 2435 1085 cum
2465 1035 2655 1087 virtute
2683 1034 2985 1101 coniuncta.

2011 1099 2098 1153 12.
2144 1099 2345 1155 lterum
2382 1104 2444 1156 de
2477 1104 2683 1158 iisdem.

2011 1170 2109 1292 15;!
2264 1171 2504 1292 [ft/iilone,
2558 1176 2622 1228 de
2670 1174 2799 1241 Deo,
2854 1176 3089 1245 quodque
3129 1173 3355 1227 mundus
3396 1183 3582 1228 ortum

2114 1260 2145 1292 α
2185 1259 2295 1292 αριί
2326 1283 2339 1292 .

2114 1246 2339 1296 abuerit.

2006 1310 2171 1382 348
2214 1313 2295 1387 iri.
2346 1312 2444 1387 En
2480 1315 2680 1387 eodem,
2730 1316 2919 1370 divina!
2966 1315 3311 1387 prouidentia:
3354 1314 3576 1368 consilio

2079 1384 2331 1436 muluium
2354 1383 2658 1453 gubernari.

2638 1541 2864 1597 CAPUT
2908 1544 2943 1596 l.

2075 1652 2436 1719 Ρνοαιιιιὶιιιιι,
2498 1674 2559 1710 ac
2622 1658 2686 1740 de
2744 1658 3155 1741 piis.Mosaicre
3206 1662 3508 1715 reiuublicw

2649 1740 2931 1783 institutis.

2075 1838 2386 1896 Priscorum
2414 1839 2766 1895 llcbraaorum
2787 1843 2975 1908 vitam,
2997 1843 3090 1913 qui
3113 1853 3405 1913 antequam
3424 1843 3574 1915 Moy-

308 1905 1192 2011 ﬂpomraptav'émkneeuadwwv
1218 1905 1482 2004 θεοφιλῶν
1502 1905 1731 2008 ἀνδρῶν,
1766 1905 1894 2007 πρδ·

2003 1932 2261 2011 ses_ullus
2292 1942 2460 1998 esset,
2502 1948 2629 1987 vere
2660 1932 2770 1988 Deo
2801 1935 3254 1990 charissimorum
3288 1951 3488 1991 nomen
3519 1944 3577 1994 et

312 2031 438 2084 σθεν
478 2031 511 2103 ἢ
539 2030 741 2083 Μωσέα
777 2032 1008 2099 φανῆναι
1038 2030 1218 2097 πάσης
1238 2029 1441 2100 ἀρετῆς
1466 2029 1740 2101 βραϐείοις
1766 2031 1900 2083 ἀνα-

298 2123 650 2194 δησαμένων,
686 2123 754 2176 τά
800 2139 860 2175 τε
896 2120 1126 2193 θεοσεϐῆ
1165 2121 1412 2201 δόγματα
1455 2139 1515 2175 τε
1541 2123 1635 2175 καὶ
1676 2123 1899 2177 παιδεύ-

312 2229 481 2284 ματα,
505 2213 600 2266 καὶ
627 2212 852 2281 προσέτι
874 2211 974 2274 τὰς
1007 2210 1340 2281 παναληθεῖς
1385 2211 1480 2264 καὶ
1520 2210 1762 2275 εὐσεϐεῖς
1807 2212 1901 2264 αὐ-

304 2292 420 2358 ῗτῶν
449 2303 746 2372 θεολογίας,
777 2296 853 2356 ὧν
884 2304 964 2366 εἰς
987 2302 1167 2373 ἔρωτα
1190 2302 1284 2356 καὶ
1312 2301 1475 2355 πόθον
1498 2301 1671 2356 ἐλθεῖν
1693 2302 1898 2373 ὡμολο-

310 2396 583 2467 γήκαμεν,
631 2393 856 2448 διελθὼν
907 2396 965 2449 ἐν
1018 2393 1098 2465 τῷ
1132 2393 1238 2466 πρὸ
1280 2393 1494 2453 τούτου,
1528 2395 1747 2465 μέτειμι
1801 2395 1896 2449 νῦν

306 2487 588 2558 ἀκολούθῳ
616 2489 682 2557 τῇ
710 2486 861 2553 τάξει
886 2486 1167 2558 χρώμενος
1226 2486 1321 2540 ἐπὶ
1357 2486 1455 2557 τὴν
1497 2485 1638 2540 κατά
1691 2486 1895 2540 Μωσέα

311 2580 609 2642 πολιτείαν,
661 2579 913 2651 δεύτερον
938 2579 1242 2650 ἐπέχουσαν
1292 2578 1577 2643 εὐσεϐείας
1635 2578 1772 2648 μετὰ
1803 2577 1896 2631 τὸν

310 2673 523 2745 πρῶτον
557 2675 760 2726 ἐκεῖνον
779 2672 1008 2744 βαθμὸν,
1024 2672 1115 2726 τὸν
1131 2672 1195 2743 δὴ
1221 2672 1317 2725 καὶ
1343 2671 1490 2743 μόνῳ
1508 2670 1587 2743 τῷ
1626 2671 1894 2725 Ἰουδαίων

308 2765 451 2819 ἔθνει
488 2765 1002 2837 νενομοθετημένον.
1057 2765 1144 2828 Ὡς
1198 2764 1306 2836 γὰρ
1355 2764 1537 2836 μόνοις
1596 2763 1891 2826 Ἰουδαίοις,

296 2860 408 2935 ὀὐκ
434 2858 515 2912 ἔτι
540 2859 707 2912 δὲκαὶ
728 2861 840 2920 τοῖς
873 2856 1018 2910 κατὰ
1040 2857 1139 2928 τὴν
1176 2857 1499 2928 οἰκουμένην
1547 2856 1755 2911 ἔθνεσιν
1775 2897 1790 2920 ,
1826 2852 1895 2926 ἦν

305 2950 543 3023 ἁρμόδια
562 2948 633 3001 τὰ
656 2948 746 3001 διὰ
804 2947 1071 3011 Μωσέως,
1105 2948 1226 3001 οὐδὲ
1253 2947 1455 3001 δυνατά
1476 2950 1642 3000 πᾶσιν
1680 2947 1895 3018 ἀνθρώ-

305 3058 449 3108 ποις,
472 3041 616 3109 λέγω
644 3040 701 3093 δὲ
725 3041 837 3103 τοῖς
866 3040 1056 3111 πόρρω
1084 3056 1187 3092 που
1223 3038 1321 3110 τῆς
1381 3037 1636 3101 Ἰουδαίας
1675 3038 1777 3109 γῆς
1813 3038 1895 3091 οἱ-

304 3133 495 3187 κοῦσιν
529 3132 753 3204 Ἕλλησί
778 3150 837 3186 τε
861 3134 954 3186 καὶ
979 3130 1292 3203 βαρϐάροις,
1328 3129 1712 3200 φυλάττεσθαι,
1752 3132 1897 3187 κατὰ

2000 2004 2240 2088 ΙειιἩθηι,
2276 2023 2540 2077 virtutum
2573 2024 2678 2080 sibi
2707 2027 2950 2081 omnium
2992 2028 3329 2083 ornamentis
3354 2037 3407 2082 et
3439 2028 3577 2083 insi-

1998 2116 2199 2186 gnibus
2244 2115 2625 2181 defenderunt,
2678 2118 2953 2189 simulque
3005 2120 3287 2188 religiosas
3318 2135 3382 2175 ac
3430 2120 3572 2189 pias.

2000 2222 2327 2279 summaque
2361 2225 2484 2263 cum
2518 2209 2747 2265 veritate
2775 2210 3100 2278 conjunctas
3130 2226 3319 2266 eorum
3365 2212 3573 2267 doctri-

1999 2316 2084 2355 nae
2124 2316 2189 2356 ac
2218 2301 2502 2373 theologia:
2542 2303 2802 2370 rationes,
2832 2319 3066 2374 quarum
3092 2320 3196 2360 nos
3220 2320 3408 2360 amore
3430 2306 3577 2361 desi-

1998 2392 2261 2462 derioque
2294 2403 2487 2464 captos
2513 2394 2646 2451 fassi
2676 2396 2817 2451 ultro
2845 2412 3058 2462 sumus,
3108 2397 3250 2452 libro
3291 2398 3573 2467 superiore

1998 2485 2288 2554 complexi,
2322 2500 2423 2539 suo
2448 2485 2705 2557 deinceps
2757 2487 2949 2542 ordine
2990 2487 3059 2542 ad
3104 2486 3354 2544 Mosaicae
3390 2490 3574 2559 reipu-

1997 2575 2155 2631 blica:
2185 2578 2435 2634 instituta
2460 2581 2866 2651 progredimur.
2914 2579 2990 2635 Ea
3038 2581 3240 2652 quippe
3271 2581 3572 2637 secundum

1998 2685 2028 2723 a
2057 2670 2239 2740 primo
2271 2672 2364 2727 illo
2392 2672 2613 2743 pietatis
2664 2672 2893 2742 gradum
2927 2685 3173 2738 tenuere,
3207 2676 3261 2728 in
3305 2688 3417 2743 quo
3471 2675 3573 2729 soli

1997 2771 2115 2817 tum
2165 2761 2354 2818 ludam
2393 2765 2598 2834 populo
2632 2765 3046 2819 consistendum
3100 2774 3238 2819 erat.
3270 2763 3407 2820 Nam
3439 2766 3574 2822 solis

1998 2861 2115 2908 tum
2169 2853 2395 2918 Iudaeis,
2451 2870 2559 2909 non
2612 2854 2836 2924 reliquis
2882 2855 3048 2909 totius
3096 2857 3247 2911 orbis
3297 2859 3573 2928 gentibus,

1997 2956 2155 3016 aptas
2182 2946 2303 3002 illas
2329 2946 2500 3002 Mosis
2520 2955 2575 3001 et
2606 2961 2878 3017 congruas
2909 2945 3080 3001 fuisse
3112 2947 3276 3017 leges,
3328 2965 3426 3003 nec
3467 2950 3573 3003 bo-

1998 3042 2211 3093 minum
2259 3053 2431 3110 genus
2457 3038 2796 3102 universum,
2826 3037 3068 3105 Graecos,
3103 3042 3348 3109 inquam,
3380 3057 3572 3098 omnes

1996 3140 2053 3185 et
2082 3131 2366 3195 barbaros,
2402 3131 2496 3201 qui
2547 3130 2740 3200 procul
2789 3145 2818 3183 a
2869 3128 3055 3186 Judzea
3113 3133 3309 3187 semoti
3364 3143 3568 3200 essent,

303 3227 399 3281 τὸν
423 3230 620 3282 οἰκεῖον
650 3226 839 3297 καιρὸν
865 3225 1239 3295 ἀποδείξομεν.
1273 3224 1407 3277 Νυνὶ
1452 3224 1509 3276 δὲ
1545 3224 1639 3278 καὶ
1678 3223 1890 3288 τούτου,

1999 3220 2190 3275 iisdem
2223 3221 2507 3276 servandis
2531 3236 2693 3291 pares
2734 3234 2857 3275 esse
2891 3221 3156 3289 potuisse,
3190 3236 3295 3277 suo
3324 3231 3571 3290 tentem-3

306 3318 450 3388 λέγω
467 3318 525 3372 δὲ
552 3317 647 3372 τοῦ
671 3316 812 3372 κατά
849 3316 1052 3370 Μωσέα
1090 3316 1205 3385 βίου
1240 3317 1328 3369 τὸν
1354 3317 1576 3388 τρόπον,
1602 3317 1702 3370 οὐκ
1732 3318 1893 3385 ἐμαῖς

306 3414 534 3480 φωναῖς,
572 3409 751 3464 αὐτῶν
800 3408 858 3462 δὲ
892 3408 1069 3480 μόνων
1105 3409 1267 3462 πάλιν
1295 3408 1405 3462 τῶν
1446 3409 1598 3479 παρὰ
1637 3412 1751 3470 τοῖς
1798 3411 1892 3462 άν-

305 3503 498 3576 δράσιν
523 3503 616 3556 ἐπὶ
658 3504 723 3572 τῇ
753 3501 1002 3571 πατρίων
1044 3498 1532 3570 δεδοκιμασμένοις
1587 3499 1891 3563 παιδεύσει,

302 3594 697 3667 παραθήσομαι
717 3610 730 3622 ·
759 3594 854 3645 καὶ
869 3593 977 3662 γάρ
1004 3609 1094 3662 μοι
1119 3593 1416 3662 προσήκειν
1433 3590 1672 3661 ἠγοῦμαι
1698 3590 1890 3663 ταύτῃ,

302 3680 454 3758 ᾗπερ
479 3685 573 3739 καὶ
597 3683 872 3755 ἠρξάμην,
905 3682 993 3735 διὰ
1013 3681 1119 3736 τῶν
1146 3682 1361 3735 οἰκείων
1388 3683 1603 3752 ἑκάστῳ
1654 3681 1751 3745 τὰς
1784 3681 1893 3734 τῶν

296 3764 635 3846 ἀποδείξεων
682 3777 988 3849 μαρτυρίας
1033 3774 1315 3846 παρεχειν.
1354 3776 1563 3846 Ὥσπερ
1597 3771 1690 3830 οὖν
1719 3775 1894 3828 Φοίνι-

304 3888 434 3936 κας,
470 3870 565 3924 καί
589 3869 940 3938 Αἰγυπτίους,
980 3869 1076 3921 καὶ¹
1106 3868 1372 3937 Ἕλληνας
1394 3867 1504 3921 τῶν
1528 3868 1679 3939 παρὰ
1708 3868 1892 3938 σφίσιν

302 3963 601 4034 γνωρίμων
626 3960 769 4016 κατὰ
792 3960 892 4032 τὴν
915 3960 1121 4014 οἰκείαν
1144 3959 1327 4033 χώραν
1374 3962 1656 4033 μάρτυρας
1694 3962 1895 4015 ἀνεκα-

299 4053 529 4126 λοῦμεν,
557 4054 732 4127 ταύτῃ
755 4071 846 4125 μοι
876 4052 974 4106 καὶ
996 4051 1186 4105 τούσδε
1215 4054 1245 4105 ὁ
1278 4052 1468 4124 παρὼν
1514 4054 1706 4125 καιρὸς
1747 4053 1895 4107 δοκεῖ

302 4148 631 4218 ἐπιτηδείως
679 4145 1062 4208 εἰσποιεῖσθαι,
1121 4142 1257 4199 ἀλλὰ
1292 4147 1366 4216 μὴ
1412 4148 1559 4216 ἡμᾶς
1580 4147 1779 4211 αὐτοὺς
1824 4148 1893 4202 τὰ

301 4241 493 4296 ὀθνεῖα
528 4240 845 4313 νομίζεσθαι
880 4238 1344 4313 κατασχεδιάζειν.
1386 4240 1522 4310 Πρὶν
1555 4239 1599 4291 δ’
1631 4240 1722 4292 ἐπὶ
1747 4239 1892 4293 τοῦτ’

300 4333 505 4397 ἐλθεῖν,
540 4310 690 4398 ὅπως
732 4336 813 4397 είς
859 4332 1127 4404 ’Έλληνας
1162 4310 1233 4384 τά
1263 4331 1392 4403 παρ’
1425 4333 1609 4396 αὐτοῖς
1648 4332 1891 4404 παρῆλθε

296 4428 482 4496 λόγια,
512 4428 610 4481 καὶ
630 4427 712 4492 τίς
726 4428 762 4480 ὁ
781 4427 980 4499 τρόπος
1004 4424 1235 4494 συνέστη
1259 4427 1359 4495 τῆς
1380 4422 1488 4478 τῶν
1528 4425 1894 4496 πεπιστευμέ-

300 4537 416 4575 νων
447 4520 628 4583 αὑτοῐς
655 4520 818 4574 θείων
846 4519 1079 4590 Γραφῶν
1103 4517 1420 4589 ἑρμηνείας,
1451 4516 1520 4568 δι’
1552 4516 1691 4569 ὅσων
1716 4533 1775 4569 τε
1799 4518 1893 4569 καὶ

1996 3313 2370 3368 ostendemus.
2394 3312 2667 3367 Caeterum
2696 3311 2947 3368 Mosaicae
2977 3326 3198 3383 quoque
3219 3315 3384 3377 huius
3403 3315 3574 3370 disci-

1995 3404 2157 3473 plinae
2192 3406 2353 3471 ritus,
2401 3421 2509 3458 non
2556 3405 2671 3473 jam
2720 3402 2858 3459 meis
2888 3405 3005 3475 ipse
3034 3405 3237 3469 verbis,
3269 3408 3364 3461 sed
3409 3408 3572 3477 ipsis.

1995 3504 2127 3557 met,
2189 3496 2470 3566 quomodo
2510 3497 2693 3552 adhuc
2736 3495 2863 3564 feci,
2912 3512 3103 3552 eorum
3158 3498 3444 3565 duntaxat,
3474 3501 3571 3568 qui

1995 3586 2267 3657 praecipua
2292 3588 2528 3657 quadam
2560 3589 2702 3657 apud
2733 3586 2953 3644 Judaaos
2974 3590 3136 3659 patrii
3166 3592 3335 3646 moris
3367 3595 3572 3663 cogni—

1995 3679 2147 3733 tione
2192 3677 2520 3745 ﬂoruerunt,
2567 3680 2799 3735 vocibus
2842 3684 3248 3751 reprwsentabo
3275 3703 3290 3737 :
3322 3686 3573 3741 eamdem

1996 3772 2131 3828 mihi
2158 3773 2303 3827 viam
2340 3771 2702 3840 insistendum
2741 3781 2912 3837 ratus,
2966 3789 3130 3843 quam
3178 3775 3295 3829 suis
3339 3790 3403 3829 ac
3450 3791 3575 3845 pro-

1994 3864 2130 3935 priis
2161 3865 2214 3918 in
2239 3864 2508 3934 cujusque
2532 3864 2618 3937 rei
2648 3862 2808 3917 fidem
2841 3863 3167 3919 testimoniis
3203 3865 3573 3934 produc-endis

1995 3967 2158 4027 atque
2180 3956 2472 4013 laudandis
2506 3956 2739 4010 institui.
2780 3954 3254 4020 Quemadmodum
3287 3957 3451 4028 igitur
3503 3973 3573 4013 ex

1994 4050 2371 4113 thnicibus,
2412 4049 2707 4120 Egyptiis,
2738 4058 2902 4117 atque
2948 4047 3175 4111 Graecis,
3203 4048 3299 4117 qui
3328 4050 3572 4105 nominis

1994 4144 2137 4198 inter
2164 4159 2259 4197 eos
2282 4142 2598 4196 celebritate
2628 4145 2964 4208 praestarent,
2999 4153 3102 4191 suo
3132 4138 3252 4192 loco
3282 4146 3446 4194 testes
3470 4156 3569 4210 ap-

1995 4230 2188 4298 pellavi
2218 4247 2230 4282 :
2262 4229 2341 4283 sic
2383 4226 2601 4280 Judaeos
2644 4228 2808 4279 etiam
2844 4224 3094 4279 homines
3139 4236 3391 4295 suscepta
3427 4245 3573 4285 nunc

1996 4321 2297 4392 disputatio
2325 4320 2448 4388 jure
2498 4333 2599 4372 suo
2644 4317 2925 4388 postulare
2974 4315 3209 4383 videtur,
3247 4334 3355 4374 non
3388 4332 3571 4379 autem

1996 4424 2057 4470 ut
2086 4415 2305 4484 ipsimet
2333 4412 2503 4466 exteri
2540 4410 2725 4481 populi
2754 4425 2938 4465 mores
2986 4410 3176 4465 leviter
3206 4426 3270 4467 ac
3292 4413 3572 4485 negligen-

1996 4513 2078 4557 ter
2109 4504 2518 4557 adumlu-emus.
2554 4500 2661 4554 Sed
2700 4508 2993 4569 antequam
3024 4518 3091 4559 eo
3116 4503 3455 4573 progredior,
3489 4504 3571 4560 fa-

301 4610 506 4664 ὁποίων
552 4610 791 4681 ἀνδρῶν,
820 4612 915 4665 καὶ
941 4610 1008 4663 δι’
1034 4610 1240 4680 ὁπόσης
1283 4606 1566 4679 βασιλικῆς
1613 4607 1851 4678 σπουδῆς
1874 4647 1888 4670 ,

1998 4604 2214 4650 cturum
2256 4608 2343 4647 me
2384 4593 2758 4649 necessarium
2803 4608 2982 4663 operae
3028 4595 3262 4665 pretium
3291 4597 3568 4664 existimo,

302 4706 409 4773 τῆς
427 4704 509 4767 είς
526 4703 627 4774 τὴν
670 4702 898 4756 Ἐλλάδα
919 4702 1174 4771 γλῶσσαν
1208 4701 1511 4772 μεταϐολῆς
1548 4701 1741 4772 ἔτυχε,
1782 4701 1891 4755 τῶν

296 4795 621 4862 ἀναγκαίων
652 4794 888 4865 ἠγοῦμαι
918 4796 998 4857 εἰς
1024 4795 1256 4865 φανερὸν
1281 4794 1465 4847 θέσθαι
1484 4797 1594 4856 τοῖς
1624 4794 1890 4864 ἐντυγχά-

302 4904 511 4952 νουσιν,
561 4889 663 4941 οὐκ
696 4887 1041 4959 ἀσυμϐούλου
1095 4904 1185 4958 μοι
1227 4887 1606 4959 γενησομένης
1657 4888 1753 4941 καὶ
1790 4887 1892 4957 τῆς

298 4978 510 5033 τούτων
538 4979 808 5042 ἐκθέσεως
836 4982 916 5043 εἰς
947 4978 1044 5049 τὴν
1064 4978 1173 5047 τῆς
1200 4979 1614 5049 Εὐαγγοελικῆς
1659 4984 1893 5048 Προπα-

300 5071 617 5140 ρασκευῆς
640 5071 933 5138 ἀπόδειξιν.
976 5071 1192 5142 Ἐπειδὴ
1219 5071 1328 5142 γάρ
1351 5073 1474 5125 ὅσον
1499 5071 1652 5126 οὔπω
1677 5069 1748 5126 τά
1794 5076 1893 5141 τῆς

306 5162 405 5217 τοῦ
440 5163 691 5234 Σωτῆρος
716 5161 874 5234 ἡμῶν
908 5161 1206 5233 βιωφελοῦς
1231 5162 1511 5232 κηρύξεως
1541 5161 1764 5233 ἔμελλεν
1797 5163 1892 5214 ἐπὶ

304 5257 410 5325 τῆς
449 5253 736 5325 Ῥωμαίων
768 5255 946 5326 ἀρχῆς
977 5256 1058 5318 εἰς
1096 5255 1306 5317 πάντας
1345 5255 1650 5325 ἐκλάμπειν
1686 5254 1894 5326 ἀνθρώ-

309 5361 448 5408 πους
466 5384 481 5407 ,
503 5344 659 5414 λόγος
682 5362 741 5398 τε
770 5347 867 5416 οὐχ
888 5348 918 5398 ὁ
934 5345 1111 5415 τυχὼν
1135 5346 1256 5417 ᾔρει
1281 5345 1380 5409 τὰς
1414 5348 1544 5417 περὶ
1573 5345 1739 5400 αὐτοῦ
1762 5363 1896 5418 προ-

311 5437 561 5509 φητείας,
585 5438 678 5491 τόν
700 5455 760 5491 τε
791 5436 904 5506 βίον
940 5438 1048 5489 τῶν
1087 5437 1253 5491 πάλαι
1291 5436 1551 5508 θεοφιλῶν
1604 5438 1891 5510 Ἐϐραίων,

310 5528 500 5583 καὶτὰ
521 5530 621 5600 τῆς
647 5528 907 5593 εὐσεϐοῦς
954 5529 1304 5593 διδασκαλίας
1340 5530 1521 5585 αὐτῶν
1573 5531 1892 5602 μαθήματα,

309 5622 378 5692 τῇ
406 5621 619 5693 πατρίῳ
642 5621 822 5675 αὐτῶν
850 5625 1000 5693 φωνῇ
1035 5621 1094 5686 ἐξ
1121 5621 1315 5687 αίῶνος
1358 5622 1572 5693 μακροῦ
1616 5623 1895 5694 κεκαλυμ-

314 5709 473 5779 μένα,
502 5710 602 5782 ἠδη
631 5710 759 5763 ποτὲ
794 5714 874 5774 εἰς
909 5713 1086 5765 πάντα
1108 5711 1177 5765 τὰ
1207 5711 1366 5783 ἔθνη,
1415 5706 1497 5776 οἷς
1536 5713 1603 5766 τὰ
1646 5715 1746 5783 τῆς
1778 5711 1897 5765 θεο-

314 5800 548 5865 γνωσίας
575 5798 767 5868 ἔμελλε
792 5800 1190 5870 προξενείσθαι,
1222 5800 1540 5872 παρελθεῖν·
1571 5801 1705 5865 Θεὸς
1731 5799 1897 5863 αὐτὸς

309 5891 342 5942 ὁ
363 5889 529 5943 τῶνδε
568 5890 674 5942 τῶν
697 5890 915 5958 ἀγαθῶν
940 5893 1128 5955 αἴτιος,
1165 5891 1452 5961 προλαϐὼν
1490 5893 1551 5946 τὸ
1590 5891 1779 5964 μέλλον
1819 5892 1894 5955 ὡς

634 5988 905 6048 Panos.
948 5989 1065 6053 Gn.
1107 5987 1281 6051 XXI.

1996 4688 2041 4744 si
2077 4702 2187 4757 qua
2219 4687 2308 4741 via
2337 4701 2532 4741 eorum
2565 4685 2634 4740 ad
2674 4684 2896 4741 Graecos
2934 4687 3158 4741 oracula
3187 4689 3568 4754 commearint,

1996 4781 2161 4835 simul
2190 4794 2444 4849 quaenam
2482 4780 2812 4834 creditarum
2846 4778 2981 4848 ipsis
3022 4778 3331 4834 divinarum
3363 4780 3572 4835 littera-

1994 4887 2117 4926 rum
2136 4871 2597 4941 interpretationis
2614 4871 3006 4925 concinnandze
3029 4872 3188 4936 ratio,
3204 4882 3335 4940 quot
3349 4881 3574 4940 praeter-

1995 4982 2060 5023 ea
2096 4972 2150 5019 et
2184 4963 2497 5032 cujusmodi
2532 4963 2818 5018 hominum
2849 4962 3140 5026 industria,
3167 4975 3481 5033 quantoque
3498 4982 3576 5019 re-

1997 5076 2126 5132 gum
2162 5059 2367 5122 studio,
2417 5056 2621 5112 Graecis
2675 5057 2767 5111 illa
2809 5057 3037 5111 vocibus
3082 5055 3335 5110 mandata
3386 5059 3571 5119 fuerit.

1995 5150 2161 5223 349
2185 5149 2367 5220 operis
2389 5148 2563 5203 nostri
2618 5149 2917 5204 lectoribus
2954 5148 3228 5218 aperiam:
3259 5163 3384 5203 cum
3434 5168 3572 5220 prte-

1996 5241 2185 5296 sertim
2208 5239 2353 5293 haud
2368 5239 2577 5293 inutilis
2590 5238 2723 5293 mihi
2748 5239 2815 5292 ad
2845 5250 3052 5293 certum
3072 5237 3402 5309 Evangelia:
3418 5240 3573 5297 Prw-

1996 5332 2293 5402 parationis
2324 5332 2706 5401 argumentum
2732 5372 2749 5398 ,
2802 5345 2983 5385 rerum
3008 5330 3235 5385 istarum
3261 5334 3571 5390 enucleatio

1996 5425 2180 5482 futura
2204 5426 2546 5481 videatur....
2574 5422 2709 5479 Nam
2744 5439 2867 5479 cum
2904 5422 3030 5479 felix
3058 5423 3190 5479 illud
3226 5431 3440 5495 tempus
3480 5428 3570 5484 in-

1998 5526 2190 5584 staret,
2211 5532 2323 5588 quo
2357 5515 2617 5571 salutaris
2637 5515 2801 5585 hujus
2834 5513 3141 5569 Servatoris
3170 5517 3345 5572 nostri
3367 5517 3573 5574 doctri-

1998 5625 2082 5664 nae
2106 5608 2340 5676 lux,sub
2369 5605 2629 5662 Romanis
2658 5604 3099 5675 imperatoribus,
3125 5607 3178 5661 in
3206 5618 3431 5666 cunctos
3447 5625 3571 5668 sese

1998 5705 2419 5775 homineslonge
2449 5704 2665 5773 lateque
2706 5700 3061 5757 diffunderet:
3087 5705 3327 5777 adeoque
3375 5709 3567 5776 [παισί-

1996 5814 2105 5869 pua
2136 5807 2249 5853 tum
2277 5796 2526 5867 qutedam
2549 5797 2689 5851 ratio
2721 5794 3059 5866 postularet,
3090 5804 3150 5849 ut
3192 5812 3314 5866 quae
3339 5798 3406 5853 de
3444 5800 3565 5867 ipso

2000 5896 2279 5944 exstarent
2314 5887 2572 5952 oracula,
2643 5901 2743 5943 nec
2783 5901 2893 5941 non
2954 5883 3306 5942 Hebraeorum
3352 5888 3570 5942 morum

3224 5982 3296 6041 i9
