4166 6416
513 376 611 433 591

1147 374 1416 431 EUSEBll
1452 375 1924 433 CzESARIENSIS
1960 377 2110 436 OPP.
2150 378 2331 433 PARS
2367 378 2430 434 ll.
2465 409 2538 420 —-
2571 379 3065 439 APOLUGETICA.

3663 392 3766 450 592

514 508 676 563 quem
710 492 766 546 in
799 506 1017 547 sensum
1049 489 1234 561 plures
1265 491 1617 557 convenisse,
1674 492 1918 562 diligenti
1947 509 2048 549 exa

2183 497 2295 567 Τῆς
2322 498 2378 551 δὲ
2401 498 2665 561 ἐκδόσεως
2693 498 2895 570 ταύτης
2928 501 3243 572 γενομένης,
3265 496 3549 557 ἐκέλευσεν
3564 505 3594 558 ό
3610 503 3764 575 βασιο

514 586 660 640 mine
681 583 984 641 constiterit
1006 622 1021 647 ,
1059 598 1183 638 eum
1215 583 1533 653 seligamus,
1563 592 1619 638 et
1646 594 1959 639 accuratam
1980 601 2075 641 eo-

511 693 632 732 rum
659 677 925 731 librorum
954 676 1455 746 interpretationem
1484 716 1499 741 ,
1530 685 1693 747 prout
1732 693 1820 732 res
1850 678 1968 747 ipsa
2021 689 2078 735 et

509 769 808 825 voluntatis
833 777 936 824 tum
966 769 1104 824 ratio
1136 769 1376 839 postulat
1402 810 1417 837 ,
1457 770 1687 826 honesto
1711 778 1765 825 et
1793 770 1992 827 illustri
2021 771 2078 826 in

509 860 631 916 loco
652 874 1004 931 reponamus.
1035 858 1189 927 Vale,
1219 875 1283 916 ac
1309 861 1554 917 rebusin
1578 861 1835 918 omnibus
1858 860 2078 918 fortuna

511 952 746 1007 secunda
779 963 950 1007 utere.
984 971 1003 1005 ι
1030 951 1239 1019 Quibus
1269 954 1505 1023 acceptis
1544 969 1576 1010 a
1630 953 1903 1010 Demetrio
1931 954 2077 1010 litte-

507 1040 970 1109 ris,Ptolema:us
1018 1058 1142 1099 cum
1182 1045 1251 1098 ad
1324 1043 1645 1100 Eleazarum
1698 1059 1818 1101 eam
1873 1045 1926 1100 in
1963 1061 2075 1101 rem

507 1134 695 1199 scribi,
732 1144 847 1189 tum
871 1135 1033 1190 etiam
1052 1135 1118 1191 de
1142 1136 1369 1206 captivis
1400 1137 1465 1191 ad
1495 1152 1616 1193 sese
1638 1136 2076 1192 libertatcdona-

507 1223 579 1279 tis
607 1227 937 1279 mentionem
969 1224 1086 1279 ﬁeri
1115 1225 1304 1293 jussit.
1340 1224 1486 1281 Idem
1507 1227 1833 1294 crateribus,
1857 1226 2074 1297 phialis,

508 1326 733 1377 mensae,
751 1313 1007 1385 vasisque
1031 1315 1347 1370 libaminum
1365 1316 1730 1386 perﬁciendis,
1757 1318 1876 1373 auri
1894 1316 2075 1387 pondo

504 1405 708 1461 talenta
737 1406 1151 1477 quinquaginta,
1185 1409 1395 1477 argenti
1430 1410 1805 1480 septuaginta,
1855 1409 2076 1479 vimque

504 1496 741 1566 lapidum
767 1512 876 1553 non
893 1499 1141 1569 exiguam
1158 1500 1424 1556 attribuit.
1454 1500 1654 1556 Erarii
1677 1501 1910 1571 denique
1938 1514 2075 1570 prae-

505 1587 681 1645 fectos
717 1590 926 1657 voluit,
953 1599 1009 1646 et
1034 1592 1217 1661 operis
1257 1608 1445 1649 eorum
1470 1634 1487 1659 ,
1526 1609 1650 1664 qua:
1696 1595 1922 1648 mallent
1953 1608 2074 1647 om-

2174 588 2583 660 λεὺςγραφῆναι
2601 589 2736 659 πρὸς
2758 590 2847 643 τὸν
2862 591 3183 664 Ἐλεάζαρον
3201 593 3563 663 περὶτούτων,
3588 598 3763 668 σημά-

2178 698 2371 744 ναντας
2395 683 2489 735 καί⁵
2511 682 2610 753 τὴν
2638 684 2935 756 γενομένην
2957 685 3329 757 ἀπολύτρωσιν
3352 688 3461 740 τῶν
3486 689 3763 760 αἰχμαλὼ-

2178 788 2305 825 των.
2316 772 2522 826 Ἔδωκε
2536 773 2591 826 δὲ
2604 774 2697 826 καί
2708 776 2787 837 εἰς
2800 775 3140 845 κατασκευὴν
3153 776 3324 847 κρατή
3333 794 3441 848 ρων
3452 795 3510 831 τε
3522 779 3617 834 καὶ
3637 797 3762 849 φια-

2187 860 2315 928 λῶν,
2349 862 2444 916 καὶ
2471 863 2771 934 τραπέζης,
2791 866 2882 918 καί
2900 866 3211 931 σπονδείων,
3229 867 3453 938 χρυσίου
3481 868 3579 939 μὲν
3596 870 3761 941 ὁλκῆς

2179 954 2413 1008 τάλαντα
2440 957 2808 1025 πεντήκονπα,
2835 959 2930 1011 καὶ
2956 958 3219 1029 ἀργυρίου
3251 960 3489 1016 τάλαντα
3526 964 3761 1036 ἑϐδομή-

2180 1062 2361 1110 κοντα,
2391 1047 2484 1099 καὶ
2502 1045 2665 1100 λίθων
2692 1048 2877 1101 ίκανόν
2901 1066 2955 1102 τι
2984 1049 3208 1119 πλῆθος.
3246 1051 3528 1106 Ἑκέλευσε
3553 1054 3607 1107 δὲ
3631 1056 3759 1120 τοὺς

2178 1134 2675 1204 χρηματοφύλακας
2714 1138 2825 1199 τοῖς
2869 1136 3140 1206 τεχνίταις
3180 1129 3256 1190 ὧν
3293 1137 3359 1191 ἂν
3382 1140 3757 1211 προαιρῶνται

2174 1223 2275 1294 τὴν
2298 1224 2528 1296 ἐκλογὴν
2552 1224 2771 1290 διδόναι,
2799 1227 2893 1279 καὶ
2917 1226 3248 1297 νομίσματος
3286 1230 3366 1292 είς
3406 1228 3626 1294 θυσίας,
3663 1230 3756 1284 καὶ

2176 1314 2246 1368 τά
2272 1316 2405 1370 ἀλλα
2427 1315 2563 1389 πρὸς
2585 1317 2822 1372 τάλαντα
2850 1319 3065 1372 ἑκατόν.
3093 1318 3415 1391 Δηλώσομεν
3432 1320 3489 1374 δέ
3519 1338 3600 1374 σοι
3623 1320 3754 1390 περὶ

2178 1413 2278 1483 τῆς
2309 1410 2675 1480 κατασκευῆς,
2709 1409 2785 1474 ὡς
2815 1410 2882 1465 ἂν
2909 1410 2977 1464 τὰ
2994 1410 3102 1463 τῶν
3126 1410 3422 1465 ἐπιστολῶν
3443 1411 3753 1484 ἀντίγραφα

2178 1502 2497 1573 διέλθωμεν.
2526 1500 2635 1557 Ἦν
2665 1502 2723 1556 δὲ
2748 1505 2783 1573 ἡ
2818 1502 2911 1556 τοῦ
2946 1502 3207 1573 βασιλέως
3244 1502 3503 1574 ἐπιστολὴ
3535 1502 3623 1558 τὸν
3656 1503 3751 1558 τύ-

2180 1608 2282 1645 πον
2310 1591 2507 1661 ἒχουσα
2538 1591 2745 1645 τοῦτον.

502 1679 658 1735 nium
720 1682 995 1752 optionem
1037 1686 1376 1757 relinquere,
1409 1693 1464 1741 et
1513 1685 1570 1741 in
1629 1685 2061 1749 sacriﬁciorum,
2100 1681 2262 1753 352
2298 1681 2641 1752 aliarumque
2688 1685 2871 1738 rerum
2936 1700 3234 1754 expensas,
3295 1688 3363 1739 ad
3396 1695 3614 1741 centum
3642 1696 3740 1755 pe-

501 1774 676 1829 cuniaa
726 1777 928 1833 talenta
967 1781 1266 1836 numerari.
1327 1779 1571 1847 Quorum
1632 1780 1730 1835 tibi
1796 1794 2020 1849 Operum
2071 1776 2406 1832 molitionem
2439 1791 2808 1845 exponemus,
2857 1777 3078 1847 siprius
3106 1779 3461 1849 epistolarqu
3501 1779 3745 1849 ipsarum

498 1868 747 1939 exempla
781 1870 1214 1929 recitaverimus.
1271 1873 1348 1928 Ac
1388 1873 1533 1943 regis
1582 1872 1802 1943 quidem
1841 1871 2073 1943 epistola
2116 1870 2262 1924 hunc
2290 1868 2345 1923 in
2381 1870 2601 1925 modum
2634 1885 2693 1925 se
2719 1868 2901 1925 habet.

1117 1983 1344 2049 CAPUT
1378 1983 1467 2039 ιν.

568 2092 813 2164 Epistola
851 2094 1125 2165 Ptolemazi
1154 2096 1290 2165 regis
1303 2096 1371 2149 ad
1395 2094 1715 2149 Eleazarum
1749 2108 2014 2149 autumant

868 2163 1355 2235 Hierosolymorum
1377 2166 1701 2234 pontiﬁcem.

579 2291 599 2327 ι
637 2273 960 2332 Ptolemaeus
1004 2291 1098 2331 rex
1140 2274 1400 2331 Eleazaro
1446 2290 1663 2332 summo
1706 2275 1947 2346 pontiﬁci
1976 2289 2068 2331 sa-

497 2366 687 2423 lutem.
723 2365 996 2434 Quoniam
1038 2368 1117 2423 ita
1144 2382 1279 2424 casu
1309 2366 1519 2423 factum
1567 2377 1720 2435 erat,
1755 2376 1816 2422 ut
1845 2368 2068 2437 plurimi

498 2458 810 2515 Judaaorum
837 2501 852 2522 .
882 2473 1022 2528 quos
1044 2458 1261 2525 Persae,
1295 2474 1407 2529 quo
1448 2469 1696 2530 tempore
1744 2474 1926 2514 rerum
1973 2474 2069 2527 po-

497 2551 774 2606 tiebantur
794 2590 810 2616 ,
841 2549 1230 2621 Hierosolymis
1251 2552 1496 2621 captivos
1559 2551 1915 2617 abduxerant,
1942 2567 2069 2622 par-

494 2642 595 2696 tim
618 2642 821 2699 nostris
840 2641 896 2696 in
913 2642 1228 2713 regionibus
1248 2643 1530 2699 constituti
1550 2652 1754 2709 essent,
1787 2644 1984 2714 partim
2011 2645 2065 2699 in

495 2732 791 2805 Egyptum
819 2749 927 2788 una
955 2750 1080 2789 cum
1106 2745 1328 2804 parente
1352 2744 1541 2791 nostro
1571 2735 2062 2805 commigrassent;

493 2840 800 2896 eorumque
820 2826 1123 2896 permultos
1146 2826 1297 2895 ipse,
1332 2842 1458 2882 cum
1493 2826 1549 2880 in
1599 2841 1890 2882 numerum
1914 2825 2067 2881 ordi-

494 2932 730 2988 nemque
784 2917 1020 2973 militum
1060 2917 1421 2988 amplioribus
1472 2917 1758 2988 stipendiis
1794 2917 2065 2983 ascripse-

494 3019 607 3074 rat,
639 3019 755 3065 tum
785 3010 954 3065 etiam
977 3017 1216 3080 quorum
1242 3010 1349 3067 sibi
1374 3010 1509 3067 ﬁdes
1532 3010 1758 3081 probata
1775 3011 1890 3080 jam
1918 3009 2061 3065 fuis-

492 3110 603 3168 set,
626 3116 818 3156 eorum
849 3101 1059 3171 aliquot
1085 3102 1138 3155 in
1165 3103 1386 3158 arcibus
1412 3117 1538 3159 eum
1571 3104 1626 3157 in
1654 3102 1815 3157 ﬁnem
1844 3115 2061 3157 exstru-

492 3193 617 3255 ctis,
641 3193 709 3248 ad
731 3191 1113 3265 Egyptiorum
1140 3199 1405 3250 terrorem
1440 3194 1692 3264 praesidia
1717 3196 2058 3251 collocasset.

2696 1981 3089 2036 ΚΕΦΑΛΑΙΟΝ
3143 1984 3215 2035 Δ’.

2185 2089 2511 2161 Ἐπιστολὴ
2532 2091 2840 2158 ,βασιλέως
2868 2094 3237 2162 Πτολεμαίου
3284 2094 3438 2160 πρὸς
3482 2094 3749 2156 Ἐλεάζατ-

2508 2180 2623 2231 ρον
2652 2162 2926 2230 ἀρχιερέα
2958 2165 3399 2233 Ἰεροσολύμων.

2245 2295 2264 2329 ι
2297 2275 2559 2340 Βασιλεὺς
2613 2276 2944 2346 Πτολεμαῖος
2994 2275 3103 2346 ('56)
3138 2277 3385 2347 ἀρχιερεῖ
3433 2274 3744 2347 Ἐλεαζάρῳ

2169 2370 2379 2441 χαίρειν
2412 2369 2507 2422 καὶ
2536 2366 2825 2440 ἐρρῶσθαι.
2864 2368 3015 2421 Ἐπεὶ
3041 2369 3326 2439 συμϐαίνει
3353 2368 3603 2432 πλείονας
3633 2369 3744 2422 τῶν

2181 2461 2447 2514 Ἰουδαίων
2480 2462 2559 2524 εἰς
2578 2460 2675 2532 τὴν
2702 2461 2975 2532 ἡμετέραν
3005 2459 3189 2534 χώραν
3237 2460 3573 2530 κατῳκίσθαι
3605 2460 3740 2528 (57),

2167 2551 2495 2622 γενηθέντας
2522 2552 2905 2623 ἀναρπάστους
2937 2552 3047 2622 ('58)
3082 2555 3147 2605 ἐκ
3195 2550 3306 2604 τῶν
3355 2551 3742 2624 Ἱεροσολύμων

2169 2642 2273 2696 ὑπὸ
2302 2643 2526 2714 Περσῶν
2560 2643 2693 2716 ('59),
2723 2643 2846 2698 καθ’
2878 2643 2937 2697 ὃν
2965 2643 3303 2716 ἐπεκράτουν
3331 2644 3519 2715 χρόνον
3539 2660 3553 2673 ⁸
3576 2643 3654 2696 ἐτι
3681 2642 3740 2698 δὲ

2168 2735 2259 2789 καὶ
2296 2734 2705 2808 συνεληλυθέναι
2757 2736 2837 2806 τῷ
2884 2738 3050 2809 πατρὶ
3096 2736 3253 2808 ἡμῶν
3301 2738 3380 2799 είς
3420 2736 3522 2807 τὴν
3572 2736 3742 2805 Δίγυ-

2169 2839 2302 2881 πτον
2337 2826 2709 2898 αἰχμαλώτους
2743 2826 2874 2899 (40)·
2906 2827 2997 2896 ἀφ’
3027 2820 3100 2880 ὧν
3133 2826 3226 2880 καὶ
3277 2825 3528 2889 πλείονας
3574 2830 3652 2890 είς
3679 2824 3741 2879 τὸ

2168 2915 2557 2989 στρατιωτικὸν
2578 2918 2861 2987 σύνταγμα
2894 2915 3261 2988 κατεχώρισεν
3293 2916 3384 2968 ἐπὶ
3413 2916 3621 2987 μείζοσι
3654 2933 3739 2986 μι-

2166 3006 2477 3078 σθοφορίαις
2497 3024 2510 3038 ·
2561 3007 2761 3078 ὁμοίως
2788 3006 2845 3060 δὲ
2872 3008 2965 3061 καὶ
3005 3008 3131 3071 τοὺς
3156 3007 3419 3078 προόντας
3442 3005 3631 3078 κρίνας
3654 3026 3739 3061 πι-

2166 3098 2344 3163 στοὺς,
2380 3097 2613 3170 φρούρια
2646 3100 2835 3163 κτίσας
2859 3140 2874 3163 ,
2907 3097 3186 3152 ἀπέδωκεν
3239 3097 3424 3160 αὐτοῖς
3451 3137 3465 3162 ,
3488 3098 3637 3160 ὅπως
3679 3096 3740 3151 τὸ

2162 3188 2271 3242 τῶν
2301 3189 2612 3258 Αἰγυπτίων
2634 3190 2784 3254 ἔθνος
2807 3189 2969 3258 φόϐον
2999 3189 3094 3260 ἔχῃ
3127 3187 3238 3258 (41)
3266 3188 3358 3244 διὰ
3378 3188 3602 3242 τούτων.
3629 3190 3741 3244 Καὶ

492 3280 604 3339 Nos
634 3292 890 3353 suscepto
922 3298 1129 3355 regno,
1183 3284 1379 3355 majori
1418 3285 1584 3341 etiam
1638 3300 1762 3341 cum
1816 3285 2058 3354 reliquos

2165 3279 2324 3350 ἡμεῖς
2351 3278 2427 3342 δὲ,
2463 3280 2870 3352 παραλαϐόντες
2902 3281 3001 3352 τὴν
3032 3280 3329 3349 βασιλείαν,
3375 3278 3739 3353 φιλανθρωπέ-

491 3389 720 3441 omnes,
754 3381 869 3429 tum
892 3374 1039 3430 cives
1070 3375 1125 3430 in
1155 3375 1349 3445 primis
1371 3384 1493 3433 tuos
1546 3375 1885 3431 humanitate
1908 3389 2060 3429 com-

490 3464 634 3535 plexi
655 3505 671 3532 ,
704 3466 956 3535 captivos
991 3480 1159 3536 supra
1191 3475 1411 3521 centum
1440 3466 1612 3521 millia
1654 3467 1709 3521 in
1753 3466 2058 3521 libertatem

492 3557 866 3620 asseruimus,
893 3555 1043 3626 justo
1074 3554 1315 3611 dominis
1344 3556 1519 3626 pretio
1562 3555 1874 3626 persoluto,
1920 3565 1975 3609 et
2012 3554 2058 3608 si

491 3646 623 3717 quid
645 3645 786 3703 forte
814 3646 1183 3703 multitudinis
1216 3647 1420 3718 impetu
1447 3662 1606 3703 secus
1657 3655 1839 3702 actum
1874 3655 2056 3714 esset,

491 3740 801 3796 emendato.
829 3738 946 3806 Qua
975 3740 1030 3795 in
1059 3756 1150 3806 re,
1193 3740 1481 3811 praecipua:
1531 3741 1814 3811 cujusdam
1861 3750 2061 3797 nostra:

489 3832 740 3901 pietatis,
770 3840 827 3887 et
853 3839 1020 3901 gratae
1048 3831 1312 3888 adversus
1343 3830 1512 3886 Deum
1546 3838 1933 3901 prapotentem
1961 3846 2059 3885 vo-

488 3924 715 3981 luntatis
736 3924 1132 3981 monimentum
1156 3934 1375 3981 exstare
1390 3923 1680 3988 voluimus,
1708 3923 1802 3993 qui
1831 3938 2056 3993 regnum

489 4014 675 4071 adhuc
717 4023 967 4071 nostrum
1002 4031 1128 4072 cum
1156 4015 1265 4072 alta
1321 4030 1457 4086 pace
1500 4014 2015 4085 tranquillissimum
2038 4056 2055 4082 ,

484 4112 602 4160 tum
633 4105 873 4160 maxima
896 4106 1320 4175 peruniversum
1348 4104 1536 4160 orbem
1568 4104 1743 4174 gloria
1769 4103 2058 4160 celeberri-

485 4212 639 4251 mum
669 4197 1033 4254 conservavit.
1058 4196 1141 4251 Ad
1158 4198 1275 4252 haec
1291 4211 1399 4251 non
1432 4203 1646 4251 tantum
1680 4203 1838 4250 aetate
1861 4193 2057 4250 ﬂoren-

486 4288 638 4344 tibus
672 4303 836 4343 suum
865 4287 921 4343 in
950 4287 1192 4343 exercitu
1250 4287 1429 4342 locum
1480 4283 1915 4356 assignavimus,
1962 4286 2056 4341 sed

484 4379 652 4433 etiam
675 4387 945 4448 quotquot
968 4378 1249 4449 explorata
1281 4386 1679 4447 perspectaque
1700 4375 1834 4432 ﬁdes
1858 4390 1927 4431 eo
1972 4375 2058 4431 di-

483 4484 622 4540 gnos
634 4469 844 4525 honore
873 4470 1200 4534 reddiderat,
1224 4469 1281 4524 in
1296 4470 1613 4525 comitatum
1630 4469 1924 4539 aulamque
1951 4483 2054 4523 no-

484 4571 658 4616 stram
682 4561 988 4632 allegimus.
1011 4561 1279 4616 Caeterum
1301 4575 1402 4631 pro
1417 4570 1606 4617 nostro
1629 4575 1757 4633 erga
1784 4569 1858 4628 te,
1875 4559 2057 4616 Judae-

552 4737 663 4809 (36)
697 4737 995 4803 Βασιλεὺς
1026 4735 1299 4809 Πωλομ..
1330 4748 1434 4795 etc.
1466 4736 1533 4793 Et
1573 4739 1715 4793 banc
1763 4738 2049 4808 epistolam

478 4803 749 4871 Iosephus
778 4809 913 4870 suis,
944 4824 1048 4861 non
1077 4803 1317 4863 Aristaeus
1342 4810 1521 4863 verbis
1554 4803 1925 4877 repraesentat.

551 4877 663 4949 (57)
694 4879 1085 4949 Κατῳκίσθαι.
1118 4878 1193 4931 Eo
1224 4880 1504 4941 nimirum,
1536 4879 1620 4931 vel
1649 4879 1904 4947 opinione
1927 4893 2048 4945 sua,

480 4948 567 5003 vel
600 4948 773 5017 ipsius
800 4949 1020 5002 victoris
1045 4949 1341 5013 voluntate,
1373 4950 1456 5004 vel
1486 4949 1832 5003 dominorum
1862 4949 2052 5004 vendi-

479 5020 629 5072 tione
659 5018 886 5073 delatos.

548 5087 661 5160 (58)
708 5087 1173 5157 ’Arapudc'tovc.
1220 5084 1420 5144 Excus.
1471 5087 1767 5152 Aristaeus,
1813 5088 2050 5143 ἀναστά-

476 5170 624 5222 τους.

547 5228 658 5350 (59)
695 5226 830 5281 Ὑπὸ
856 5228 1120 5296 Περσῶν.
1158 5228 1214 5282 lu
1250 5228 1425 5284 edicto
1456 5242 1565 5297 quo
1592 5226 1733 5295 apud
1762 5225 2046 5308 Aristaaam

477 5306 531 5351 et
580 5298 842 5366 osephum
874 5298 1355 5356 libertasludmisa
1392 5296 1681 5351 Ptolemaw
1707 5299 2044 5366 conceditur,

479 5369 545 5422 de
570 5364 757 5451 fersis
794 5370 926 5451 μηδὲ
949 5368 1301 5451 χρύ(ἰ’.γρὺ].
1346 5366 1498 5451 Nunc
1513 5377 1691 5451 tamen
1713 5368 1779 5421 ad
1794 5364 2042 5451 Judm‘um

478 5438 744 5501 scribens,
770 5435 1008 5507 paternae
1045 5435 1280 5495 invidiae
1300 5448 1507 5507 partem
1555 5438 1794 5506 aliquam
1826 5438 1878 5490 in
1912 5435 2033 5492 Per-

478 5522 571 5629 sas
602 5508 880 5629 decuerat,
910 5510 1164 5581 quodque
1200 5525 1325 5565 vere
1353 5517 1581 5578 poterat,
1610 5510 1772 5562 etiam
1802 5508 2040 5577 pruden-

502 5592 560 5629 er
587 5591 637 5629 at
661 5587 849 5629 tunmt.

479 5586 560 5631 ter
587 5579 849 5631 adiungit.

549 5593 1188 5718 (ἷῶωὲξίξεληλυθέναι
1316 5647 1744 5718 αἰχμαλώτους.
1779 5645 1938 5702 Molle
1985 5648 2038 5702 id

475 5718 716 5790 quidem,
747 5719 840 5790 sed
874 5716 1142 5790 Josephus
1185 5719 1341 5790 longe
1377 5716 1560 5774 adhuc
1590 5717 1825 5790 mollius,
1856 5726 1910 5790 et
1944 5732 2039 5786 pa-

475 5785 575 5840 tris
605 5786 658 5840 in
687 5787 912 5854 gratiam
953 5785 1522 5857 ὑποκοριστικώτερον,
1549 5789 1673 5852 τοὺς
1711 5786 2037 5856 αἰχμαλωτι-

2164 3386 2319 3440 τερον
2364 3370 2694 3440 ἀπαντῶμεν
2738 3373 2851 3433 τοῖς
2895 3372 3063 3433 πᾶσι,
3094 3369 3230 3423 πολὺ
3272 3370 3329 3423 δὲ
3371 3371 3572 3441 μᾶλλον
3621 3373 3738 3435 τοῖς

2164 3463 2276 3523 σοῖς
2303 3460 2548 3525 πολίταις
2563 3478 2577 3491 ·
2607 3462 2747 3532 ὑπὲρ
2763 3462 2892 3516 δέκα
2914 3462 3180 3534 μυριάδας
3202 3460 3557 3532 αἰχμαλώτων
3576 3460 3735 3531 ἠλευ-

2163 3550 2504 3622 θερώκαμεν,
2539 3552 2828 3616 ἀποδόντες
2855 3555 2967 3616 τοῖς
3001 3553 3261 3624 κρατοῦσι
3284 3551 3380 3625 τὴν
3413 3556 3534 3607 κατ’
3574 3553 3731 3618 ἀξίαν

2162 3640 2465 3713 ἀργυρικὴν
2487 3641 2674 3713 τιμὴν,
2699 3641 3066 3714 διορθούμενοι
3100 3646 3193 3698 καὶ
3209 3643 3329 3697 είτι
3349 3643 3532 3708 κακῶς
3559 3645 3733 3715 ἐπρά-

2162 3730 2263 3801 χθη
2296 3731 2385 3784 διὰ
2411 3731 2509 3795 τάς
2539 3731 2643 3785 τῶν
2664 3731 2835 3803 ὄχλων
2870 3734 3063 3804 ὁρμὰς,
3112 3733 3445 3803 διειληφότες
3496 3733 3735 3798 εὐσεϐῶς

2160 3822 2317 3876 τοῦτο
2340 3821 2625 3892 πράσσειν,
2654 3822 2845 3893 καὶτῷ
2864 3823 3100 3895 μεγίστῳ
3125 3824 3243 3896 Θεῷ
3276 3826 3590 3897 χαριστικὸν
3612 3826 3737 3880 ἀναι-

2162 3914 2368 3979 θέντες,
2395 3913 2455 3979 ὃς
2482 3916 2612 3986 ἡμῖν
2638 3913 2737 3985 τὴν
2771 3914 3047 3986 βασιλείαν
3066 3917 3122 3968 ὲν
3150 3916 3342 3987 εἰρήνῃ
3383 3917 3480 3970 καί⁸
3515 3915 3639 3989 δόξῃ
3666 3920 3733 3991 τῇ

2161 4005 2429 4079 κρατίστῃ
2475 4006 2603 4078 παρ’
2661 4006 2788 4077 ὃλην
2818 4004 2917 4078 τὴν
2955 4006 3279 4078 οἰκουμένην
3317 4005 3732 4079 διατετήρηκεν
3830 4011 3835 4015 ’

2160 4098 2240 4163 εἷς
2275 4114 2336 4152 τε
2358 4096 2420 4152 τὸ
2442 4098 2757 4169 στράτευμα
2778 4099 2905 4162 τοὺς
2936 4098 3335 4170 ἀκμαιοτάτους
3356 4102 3477 4163 ταῖς
3498 4098 3736 4170 ἡλικίαις

2158 4189 2486 4261 τετάχαμεν,
2503 4191 2629 4254 τοὺς
2654 4189 2710 4243 δὲ
2738 4189 3069 4261 δυναμένους
3098 4191 3192 4244 καὶ
3217 4192 3346 4262 περί
3382 4191 3530 4262 ἡμᾶς
3569 4183 3731 4256 εἶναι,

2159 4280 2401 4344 καὶτοὺς
2424 4280 2551 4353 περὶ
2586 4279 2684 4353 τὴν
2721 4280 2889 4354 αὐλὴν
2939 4281 3175 4345 πίστεως
3209 4280 3391 4348 ἀξίους
3439 4281 3731 4352 ἐπικρίνων

2159 4369 2487 4441 κατέστησα.
2518 4371 2862 4443 Βουλομένων
2882 4371 2939 4425 δὲ
2965 4371 3121 4443 ἡμῶν
3149 4371 3241 4425 καὶ
3275 4371 3356 4424 σοὶ
3388 4370 3729 4444 χαρίζεσθαι,

2159 4461 2252 4514 καὶ
2277 4461 2411 4513 πᾶσι
2442 4463 2554 4526 τοῖς
2593 4462 2734 4516 κατά
2776 4462 2874 4534 τὴν
2913 4462 3239 4533 οἰκουμένην
3295 4461 3586 4528 Ἰουδαίοις,
3637 4462 3732 4515 καὶ

2156 4555 2267 4617 τοίς
2289 4553 2603 4623 μετέπειτα,
2634 4553 2998 4627 προῃρήμεθα
3024 4553 3116 4607 τὸν
3148 4553 3311 4623 νόμον
3335 4552 3488 4624 ὑμῶν
3532 4552 3732 4624 μεθερ-

2154 4752 2380 4817 σθέντας
2412 4753 2519 4807 ὑπὸ
2547 4753 2791 4826 Περσῶν,
2819 4755 2848 4807 ό
2873 4754 3003 4826 ἐμὸς
3034 4754 3215 4827 πατὴρ
3242 4754 3324 4808 ἑτί
3370 4771 3488 4821 ησε.

2225 4822 2335 4877 (Η)
2368 4825 2560 4877 Φόϐον
2578 4825 2709 4877 ἕνη.
2737 4825 3022 4877 Conscntit
3041 4824 3282 4877 Ioseph"
3316 4773 3402 4877 ita.
3430 4841 3488 4877 το

2225 4822 2335 4947 (Η)
2365 4825 2560 4911 ⁸φόϐον
2578 4822 2709 4894 ἔχῃ.
2737 4822 3022 4880 Consentit
3041 4822 3282 4894 Josepli.,
3316 4822 3402 4906 ζνα
3430 4823 3732 4906 τοῖςρίγυ-

2252 4909 2332 4947 at:
2359 4911 2462 4947 ωσι
2492 4894 2732 4947 φοϐεροί.
2783 4893 2979 4947 Excus.
3022 4905 3202 4947 tamen
3241 4896 3520 4947 Aristaeas.
3554 4903 3729 4947 inter-

2153 4888 2332 4956 πτίοις
2359 4888 2462 4947 ὦσι
2492 4888 2732 4964 φοδέρδι.
2783 4893 2979 4950 Excus.
3022 4888 3202 4949 tamen
3241 4895 3520 4958 Aristaeas,
3554 4888 3729 4949 intér-

2151 4964 2331 5031 posita
2358 4967 2665 5036 negatione,
2693 4964 2855 5035 φόϐον
2900 4966 2994 5036 μὴΛ
3021 4964 3119 5036 ἔχῃ
3142 5004 3156 5027 ,
3189 4964 3525 5036 contrarium
3569 4965 3732 5036 plane

2152 5032 2602 5104 sensumeﬁicit,
2617 5032 2807 5102 parum
2835 5032 3183 5104 méo'judi‘cio
3207 5032 3728 5104 probabilem.'Nam
3758 5046 3761 5055 '

2153 5102 2248 5176 qui
2281 5102 2494 5176 tandem
2539 5100 2822 5176 Egyptios
2860 5100 3007 5158 omni
3056 5100 3364 5176 Iudaeorum
3415 5103 3730 5176 metulibe—

2152 5172 2474 5236 rabat,dum
2496 5188 2592 5228 cos
2617 5171 2843 5227 in‘locis
2876 5188 3038 5241 Opere
3070 5174 3285 5243 situque
3321 5171 3724 5243 munitissimis,

2151 5249 2206 5294 et
2250 5250 2402 5297 tanto
2455 5258 2679 5298 numero
2723 5243 3057 5299 collocaret?
3103 5243 3428 5297 Credibilius
3474 5242 3722 5303 omnino,

2152 5309 2499 5383 Ptolemaeum
2531 5311 2806 5383 Lagidem,
2832 5314 2923 5381 qui
2968 5313 3044 5366 ab
3092 5313 3389 5383 Alexandri
3435 5309 3585 5365 obitu
3616 5311 3727 5383 pri-

2150 5396 2275 5452 _mus
2302 5380 2592 5452 Egyptum
2617 5380 2943 5452 occupabat,
2971 5381 3117 5452 quod
3148 5399 3178 5436 a
3214 5382 3565 5452 Macedonum
3594 5380 3726 5434 viri-

2150 5450 2252 5504 bus
2284 5449 2423 5507 satis
2448 5449 2681 5507 fortasse
2708 5449 2930 5522 paratus
2964 5449 3072 5506 non
3114 5462 3280 5514 esset,
3312 5449 3725 5522 Egyptios,_ne

2148 5522 2277 5590 quid
2314 5531 2569 5576 nascente
2610 5516 2775 5591 regno
2807 5522 3088 5576 turbarum
3120 5516 3594 5591 excitaretit','hoe
3622 5516 3729 5577 Jun

2148 5588 2389 5645 decorum
2441 5600 2586 5646 metu
2636 5588 2891 5647 cohibere
2940 5592 3196 5647 voluisse.
3234 5588 3368 5647 Utut
3398 5592 3727 5658 sit,quam—

2147 5663 2335 5715 obrem
2381 5662 2433 5715 id
2477 5661 2620 5730 apud
2660 5659 2905 5716 Judaeum
2929 5661 3240 5731 pontiﬁcem
3270 5668 3512 5728 negaret,
3543 5671 3727 5715 causa

2146 5730 2279 5784 nihil
2308 5741 2451 5798 erat;
2488 5748 2590 5786 cur
2636 5730 2945 5797 atlirmaret,
2975 5746 3105 5787 sane
3126 5732 3444 5802 plurimum.
