4166 6462
474 343 580 400 593
646 336 651 339 ’

1617 339 1946 396 ΡΒΑΞΡΔΒ.
1990 339 2241 397 EVANG.
2284 336 2412 393 ΜΒ.
2454 336 2587 395 VIII.

3643 333 3744 389 591

478 457 809 531 μηνευθῆναι
835 457 1158 529 γράμμασιν
1189 454 1521 527 Ἑλληνικοῖς
1546 456 1610 509 ἐκ
1643 456 1753 510 τῶν
1778 457 1902 528 παρ’
1929 456 2058 526 ὑμῖν

2169 470 2337 526 usque
2373 456 2539 511 simul
2567 471 2788 522 omnes,
2821 466 2935 511 tum
2956 453 3049 525 qui
3077 460 3189 508 toto
3230 464 3378 506 nunc
3404 448 3537 505 orbe
3558 447 3748 503 diffusi

483 549 793 622 Ἑϐραϊκῶν
841 547 1150 618 λεγομένων
1190 546 1555 618 γραμμάτων,
1604 549 1669 600 ἵν’
1697 547 1918 619 ὑπάρχῃ
1962 547 2058 600 καὶ

471 640 645 695 ταῦτα
671 640 801 711 παρ’
833 641 964 712 ἡμῖν
988 641 1047 693 ὲν
1085 637 1405 709 βιϐλιοθήκῃ
1431 639 1527 692 σὺν
1550 641 1661 702 τοῖς
1686 638 1866 703 ἄλλοις
1899 638 2056 709 βασι-

472 732 644 797 λικοῖς
679 731 927 803 βιϐλίοις.
956 730 1153 795 Καλῶς
1179 726 1274 785 οὖν
1305 732 1570 802 ποιήσεις,
1599 732 1692 785 καὶ
1718 733 1818 802 τῆς
1855 733 2058 803 ἡμετέ-

476 842 578 905 ρας
604 824 841 895 σπουδῆς
865 823 1052 889 ἀξίως,
1081 822 1336 890 ἐπιλέξας
1359 823 1557 895 ἄνδρας
1585 823 1767 885 καλῶς
1803 822 2061 894 βεϐιωκό-

472 933 592 985 τας,
620 915 1043 990 πρεσϐυτέρους,
1068 914 1362 986 ὲμπειρίαν
1385 914 1606 986 ἔχοντας
1631 913 1723 968 τοῦ
1749 915 1936 985 νόμου,
1965 915 2059 968 καὶ

470 1010 730 1074 δυνατοὺς
777 1008 1111 1081 ἑρμηνεῦσαι
1135 1046 1150 1073 ,
1190 1009 1286 1077 ἀφ’
1319 1007 1557 1079 ἑκάστης
1582 1007 1755 1078 φυλῆς
1780 1006 1860 1074 ἒξ,
1910 1008 2059 1072 ὅπως

472 1105 537 1156 ἐκ
573 1102 683 1156 τῶν
721 1101 984 1155 πλειόνων
1025 1100 1086 1154 τὸ
1136 1098 1426 1172 σύμφωνον
1452 1099 1671 1172 εὑρεθῇ,
1699 1099 1790 1153 διὰ
1837 1099 1897 1153 τὸ
1931 1100 2060 1171 περὶ

475 1194 737 1267 μειζόνων
755 1190 894 1248 εἶναι
916 1192 1015 1264 τὴν
1037 1192 1249 1262 σκέψιν.
1271 1192 1514 1264 Οίόμεθα
1536 1193 1667 1264 γὰρ,
1690 1180 2060 1245 ἐπιτελεσθέν-

468 1303 562 1350 τος
590 1285 803 1351 τούτου,
844 1284 1084 1357 μεγάλην
1112 1283 1436 1339 ἀποίσεσθαι
1469 1284 1646 1349 δόξαν.
1689 1283 2061 1339 Ἀπεστάλκα-

472 1394 570 1449 μεν
599 1377 658 1430 δὲ
680 1378 810 1448 περὶ
834 1376 1043 1430 τούτων
1091 1375 1348 1447 Ἀνδρέαν
1379 1375 1501 1430 τῶν
1529 1374 2058 1449 ἀρχισωματοφυλά-

468 1485 582 1522 κων
622 1468 733 1540 (42)
768 1468 864 1522 καὶ
909 1468 1216 1542 Ἀρισταῖον
1246 1506 1262 1533 ,
1324 1467 1671 1539 τιμωμένους
1717 1468 1848 1538 παρ’
1905 1468 2058 1539 ἡμῖν,

467 1560 879 1631 διαλεξομένους
910 1578 1026 1625 σοι,
1074 1561 1170 1615 καὶ
1216 1559 1545 1631 κομίζοντας
1585 1559 1840 1632 ἀπαρχὰς
1894 1561 1975 1624 είς
1999 1561 2061 1614 τὸ

465 1653 615 1724 ἱερὸν
641 1652 1028 1724 ἀναθημάτων,
1052 1655 1145 1708 καὶ
1174 1655 1252 1718 είς
1274 1653 1465 1717 θυσίας
1493 1651 1587 1705 καὶ
1612 1652 1680 1706 τὰ
1704 1652 1862 1719 ἄλλα,
1889 1653 2060 1724 ἀργυ-

2160 547 2380 615 vivunt,
2409 554 2526 602 tum
2580 547 2674 617 qui
2724 546 2985 616 deinceps
3026 544 3197 600 futuri
3236 550 3399 608 sunt,
3436 540 3622 595 animo
3681 556 3748 596 ac

2161 639 2361 705 studio,
2389 639 2692 694 curandum
2716 640 2768 695 id
2785 639 2945 697 nobis
2996 636 3375 709 agendumque
3415 634 3746 705 statuimus,

2161 732 2241 786 uti
2263 732 2350 787 lex
2370 740 2551 787 vestra
2576 771 2593 797 ,
2620 747 2687 786 ex
2710 747 2774 787 ea
2798 772 2814 798 ,
2852 746 3019 803 quam
3050 720 3374 784 Hebraicam
3419 725 3704 795 appellatis
3729 764 3745 790 ,

2161 825 2406 881 Graecam
2433 823 2488 878 in
2516 823 2756 895 linguam
2788 831 3167 887 convertatur,
3199 818 3364 875 utilla
3389 832 3514 873 cum
3534 820 3745 872 caeteris

2161 914 2532 972 voluminibus
2562 915 2730 985 regiis
2755 923 2942 970 nostra
2972 913 3026 968 in
3067 910 3397 968 bibliotheca
3423 906 3744 963 collocetur.

2161 1007 2297 1063 Rem
2317 1022 2449 1079 ergo
2470 1022 2596 1063 eum
2631 1007 2727 1062 tibi
2758 1006 3066 1071 honestam,
3084 1013 3197 1059 tum
3224 1000 3603 1057 benevolentia
3623 1013 3748 1056 mea

2160 1097 2377 1169 dignam
2409 1096 2602 1153 feceris
2622 1139 2637 1164 ,
2673 1097 2720 1153 si
2746 1097 2896 1152 viros
2922 1102 3239 1151 contestata;
3269 1090 3584 1163 probitatis,
3614 1101 3747 1146 aeta-

2162 1188 2343 1258 tisque
2370 1194 2621 1252 maturae,
2647 1188 2893 1259 legisque
2913 1187 3077 1243 simul
3113 1186 3342 1257 peritos,
3361 1194 3522 1255 atque
3538 1181 3609 1239 ad
3623 1196 3746 1238 eam

2162 1279 2631 1351 interpretandam
2660 1280 2889 1337 idoneos
2906 1281 3049 1353 ,Zscx
3078 1279 3373 1335 tribubuse
3402 1276 3634 1348 singulis
3650 1275 3748 1330 de-

2161 1374 2334 1430 lectos
2371 1374 2439 1429 ad
2460 1389 2547 1429 me
2571 1373 2791 1430 miseris
2810 1416 2825 1439 ,
2862 1382 2920 1429 ut
2944 1373 3209 1444 quoniam
3237 1372 3305 1429 de
3330 1370 3497 1428 rebus
3530 1368 3749 1441 gravio-

2163 1468 2316 1524 ribus
2366 1467 2565 1540 agitur,
2617 1468 2909 1524 certiorem
2960 1467 3065 1523 hoc
3118 1467 3177 1523 in
3248 1480 3447 1535 genere
3511 1478 3749 1521 consen-

2162 1560 2374 1616 sionem
2434 1577 2502 1616 εχ
2552 1560 2797 1633 plurium
2859 1575 3132 1616 concursu
3203 1557 3525 1615 habeamus.
3584 1554 3749 1628 353

2160 1651 2337 1721 Atque
2383 1653 2459 1723 id,
2505 1654 2553 1710 si
2601 1654 2739 1709 bene
2787 1652 3123 1724 feliciterque
3164 1651 3412 1716 cesserit,
3458 1665 3568 1706 non
3624 1649 3749 1704 vul-

471 1745 590 1820 ρίου
612 1746 849 1802 τάλαντα
871 1747 1083 1801 ἑκατόν.
1117 1746 1300 1818 Γράφε
1329 1747 1422 1799 καὶ
1456 1746 1520 1799 σὺ
1571 1745 1709 1818 πρὸς
1754 1747 1904 1818 ἡμᾶς
1931 1749 2061 1820 περὶ

2169 1749 2278 1819 gari
2295 1747 2453 1804 nobis
2471 1746 2657 1818 gloria:
2678 1746 2923 1802 futurum
2956 1746 3313 1801 arbitramur.
3340 1743 3478 1800 Eum
3509 1744 3564 1799 in
3583 1742 3749 1801 ﬁnem

468 1811 547 1895 ἔον
578 1838 645 1894 ἂν
669 1837 861 1913 βούλῃο
897 1811 1292 1910 κεχαρισμένος
1314 1838 1424 1911 γὰρ
1440 1838 1559 1912 ἔσῃ,
1583 1811 1678 1893 καὶ
1705 1811 1889 1908 φιλίας
1913 1811 2062 1905 ἄξιόν

2170 1842 2239 1897 ad
2270 1850 2321 1896 te
2349 1841 2605 1898 misimus
2643 1841 2941 1909 Andream,
2990 1855 3162 1895 unum
3186 1854 3254 1895 ex
3279 1836 3746 1909 praesidiariorum

472 1949 521 1985 τι.
554 1930 781 2003 πράξεις
799 1947 812 1960 ’
841 1931 917 1993 ὠς
934 1929 1508 2001 ὲπιτελεσθησομένων
1536 1928 1635 2000 τὴν
1657 1928 1919 2000 ταχίστην
1935 1930 2063 2002 περὶ

470 2015 546 2078 Iw
561 2023 627 2078 ἂν
648 2025 800 2095 αἱρῇ.
820 2025 1125 2097 Ἔρρωσο.)
1150 2023 1292 2095 Πρὸς
1307 2021 1479 2077 ταῦτα
1506 2019 1844 2092 ἀντέγραψεν
1859 2021 2067 2093 ἐνδεχο-

471 2115 652 2187 μένως
692 2116 805 2187 (45)
830 2117 859 2170 ό
900 2116 1221 2188 Ἐλεάζαρος
1245 2114 1438 2179 οὕτως.

2169 1934 2405 1989 militum
2445 1931 2737 2004 praefectis,
2759 1942 2814 1988 et
2833 1933 3142 1999 Aristaeum,
3166 1930 3327 1987 ambo
3360 1943 3592 1986 summae
3606 1927 3752 1998 apud

2171 2040 2275 2081 nos
2308 2025 2675 2092 auctoritatis,
2712 2025 2804 2095 qui
2842 2034 3022 2080 tecum
3050 2038 3115 2080 ea
3145 2024 3211 2080 de
3245 2038 3307 2080 re
3339 2021 3750 2091 colloquantur,

2177 2122 2233 2170 et
2269 2116 2629 2171 donariorum
2675 2128 2992 2172 nostrorum
3039 2116 3347 2187 primitias,
3378 2130 3504 2171 cum
3537 2112 3751 2169 talentis

470 2207 680 2276 argenti
711 2215 929 2263 centum
954 2208 1009 2261 in
1041 2207 1307 2264 sacriﬁcia
1333 2222 1399 2262 ac
1422 2205 1632 2276 reliqua
1659 2204 1713 2260 id
1744 2220 1918 2278 genus
1966 2207 2359 2278 expendendis,
2413 2210 2469 2265 in
2508 2211 2773 2281 templum
2826 2209 3124 2282 perferant.
3156 2207 3241 2265 Tu
3285 2207 3551 2276 vicissim,
3614 2220 3753 2277 qua.

471 2314 689 2370 cunque
734 2303 805 2357 de
855 2316 918 2357 re
966 2300 1213 2369 libuerit,
1247 2302 1313 2357 ad
1342 2316 1445 2358 nos
1498 2300 1710 2356 scribas
1760 2300 1944 2355 velim.
1991 2299 2126 2356 Rem
2166 2302 2312 2357 enim
2345 2310 2399 2358 et
2423 2303 2558 2359 mihi
2590 2312 2921 2375 pergratam,
2948 2311 3004 2358 et
3047 2302 3284 2358 amicitia
3308 2309 3494 2356 nostra
3529 2300 3750 2371 dignam

471 2389 667 2447 moeris
702 2411 716 2447 :
749 2400 804 2447 et
833 2391 1097 2464 quidquid
1114 2393 1431 2464 posmlaris,
1470 2392 1522 2449 id
1556 2401 1616 2448 ut
1644 2393 2053 2463 quamprimum
2084 2390 2200 2461 fiat,
2227 2410 2454 2466 operam
2488 2396 2762 2453 dabimus.
2801 2392 2954 2451 Vale.
2993 2415 3013 2448 ι
3051 2394 3133 2449 Ad
3179 2394 3297 2451 haec
3326 2393 3656 2459 Eleazarus,
3693 2401 3751 2447 ut

472 2496 573 2553 par
607 2492 743 2549 erat,
772 2483 828 2538 in
845 2500 970 2540 eum
994 2485 1089 2556 qui
1127 2486 1374 2557 sequitur
1418 2487 1643 2542 modum
1684 2485 1986 2556 rescripsit.

1002 2597 1404 2654 ΚΕΦΑΛΔΙΟΝ
1450 2595 1530 2652 E'.

481 2710 810 2780 Ἐπιστολὴ
870 2708 1220 2779 Ἐλεαζάρου
1269 2709 1591 2780 ἀρχιερέως
1653 2709 1806 2780 πρὸς
1840 2714 2065 2767 Πτολε-ι

1000 2780 1184 2851 μαῖον
1230 2781 1523 2847 βασιλέα.

549 2909 570 2943 ι
622 2889 947 2963 Ἐλεάζαρος
980 2890 1274 2964 ἀρχιερεὺς
1308 2891 1518 2962 βασιλεῖ
1547 2891 1892 2965 Πτολεμαίῳ,
1925 2894 2065 2966 φίλῳ

482 2981 699 3055 γνησίῳ,
725 2983 959 3055 χαίρειν.
982 2984 1047 3037 El
1075 2983 1240 3048 αὐτός
1274 3001 1335 3037 τε
1369 2983 1613 3055 ἔρρωσαι
1650 2985 1747 3038 καί
1765 2986 1800 3055 ἡ
1828 2983 2070 3054 βασίλισ-

2801 2594 3030 2653 CAPUT
3063 2593 3126 2649 V.

2237 2708 2483 2780 Epistula
2510 2708 2766 2765 Eleazari
2796 2710 2991 2764 summi
3032 2709 3326 2763 sacerdotis
3380 2707 3451 2761 ad
3502 2707 3680 2763 Ptole—

2764 2795 2958 2834 maeum
2990 2794 3180 2850 regem.

2243 2911 2263 2945 ι
2286 2891 2581 2949 Eleazarus
2604 2906 2858 2949 summus
2878 2889 3124 2962 pontifex
3145 2889 3441 2949 Ptolemaeo
3470 2892 3605 2964 regi,
3621 2908 3751 2949 vero

2169 3000 2236 3042 ac
2273 2988 2490 3044 sincero
2531 2987 2734 3053 amico,
2765 2985 3023 3041 salutem.
3065 2983 3124 3039 Si
3151 2986 3301 3043 vales
3338 2997 3419 3051 tu,
3452 2986 3752 3058 reginaque

473 3093 543 3129 σα
589 3074 837 3147 Ἀρσινόη
859 3115 874 3140 ,
908 3076 942 3146 ὴ
975 3074 1182 3145 ἀδελφὴ
1204 3114 1219 3139 ,
1260 3075 1353 3128 καὶ
1407 3074 1475 3129 τὰ
1514 3075 1680 3129 τέκνα
1715 3114 1731 3140 ,
1788 3075 1969 3141 καλῶς
1999 3075 2067 3133 ἂν

2169 3079 2429 3145 Arsinoe,
2456 3092 2637 3145 soror,
2666 3076 2940 3148 liberique
2960 3077 3165 3141 valent,
3194 3077 3334 3132 bene
3364 3085 3469 3141 est,
3488 3086 3654 3147 atque
3682 3094 3749 3133 ex

471 3167 609 3239 Ιχοι,
656 3168 751 3221 καὶ
901 3145 1235 3239 βουλόμεθαο
1293 3168 1388 3221 καὶ
1425 3167 1582 3222 αὐτοὶ
1615 3167 1679 3221 δὲ’
1720 3168 2061 3241 ὑγιαίνομεν.

2169 3182 2299 3228 voto
2322 3178 2513 3226 nostro
2545 3187 2559 3223 :
2594 3184 2698 3225 nos
2724 3145 2946 3239 quidem
2973 3168 3243 3225 valemus.
3273 3170 3528 3241 Acceptis
3554 3145 3751 3226 litteris

473 3262 749 3326 Λαϐόντες
779 3262 879 3333 τὴν
912 3259 1064 3332 παρὰ
1094 3258 1186 3313 σοῦ
1222 3259 1512 3331 ἐπιστολὴν
1532 3299 1545 3325 ,
1581 3258 1833 3330 μεγάλως
1863 3260 2066 3332 ἐχάρη-

476 3371 578 3428 μεν
606 3352 699 3408 διὰ
722 3352 824 3423 τὴν
849 3351 1170 3423 προαίρεσίν
1196 3368 1314 3413 σου,
1342 3352 1438 3404 καὶ
1460 3350 1558 3423 τὴν
1603 3350 1898 3423 καλλίστην
1938 3350 2064 3421 βου-

474 3443 595 3516 λὴν,
618 3443 713 3498 καὶ
740 3441 1138 3512 συναγαγόντες
1160 3441 1219 3495 τὸ
1243 3443 1352 3495 πᾶν
1379 3439 1603 3512 πλῆθος,
1632 3441 2065 3512 παρανέγνωμεν

475 3536 646 3609 αὐτὴν
668 3536 869 3600 αὐτοῖς,
926 3534 993 3589 ἶν’
1023 3532 1273 3598 εἰδῶσιν,
1315 3534 1381 3605 ἢν
1424 3532 1570 3604 ἔχεις
1610 3534 1748 3606 πρὸς
1798 3534 1888 3588 τὸν
1930 3535 2066 3589 Θεὸν

474 3626 633 3698 ἡμῶν
662 3626 964 3681 εὐσέϐειαν.
1006 3624 1393 3696 Ἀπεδείξαμεν
1420 3623 1477 3683 δὲ
1509 3624 1605 3682 καὶ
1629 3623 1730 3689 τὰς
1758 3625 1974 3695 φιάλας,
1999 3625 2066 3689 ἃς

474 3718 800 3781 ἀπέστειλας
838 3718 1046 3790 χρυσᾶς
1085 3716 1256 3775 εἴκοσι
1279 3757 1294 3782 ,
1331 3718 1424 3771 καὶ
1457 3718 1709 3789 ἀργυρᾶς
1748 3718 2062 3790 τριάκοντα,

476 3809 760 3883 κρατῆρας
786 3810 967 3874 πέντε,
995 3812 1089 3865 καὶ
1110 3811 1390 3883 τράπεζαν
1417 3812 1497 3876 είς
1530 3810 1786 3866 ἀνάθεσιν
1813 3850 1827 3876 ,
1860 3813 1955 3866 καὶ
1988 3814 2067 3877 είς

478 3901 845 3975 προσαγωγὴν
874 3901 1097 3966 θυσιῶν,
1125 3904 1220 3957 καὶ
1252 3904 1331 3967 εἰς
1357 3904 1674 3971 ἐπισκευὰς,
1699 3895 1775 3963 ὧν
1802 3905 2068 3978 προσδέη-

477 4009 568 4053 ται
587 3990 648 4047 et
682 3992 847 4067 ἱερὸν,
873 3994 1138 4065 ἀργυρίου
1164 3994 1403 4048 τάλαντα
1431 3996 1648 4062 ἑκατὸν,
1702 3997 1849 4070 ἅπερ
1877 3998 2065 4069 ἐκόμι-

479 4099 573 4139 σεν
613 4082 869 4156 Ἀνδρέας
901 4085 1010 4138 τῶν
1034 4086 1414 4158 τετιμημένων
1441 4087 1591 4160 παρά
1627 4089 1731 4156 σοὶ,
1775 4090 1872 4145 καὶ
1919 4091 2067 4162 Ἀρι-

483 4178 686 4240 σταῖος,
716 4175 908 4248 ἄνδρες
927 4177 1084 4232 καλοὶ
1118 4179 1211 4232 καὶ
1234 4178 1452 4248 ἀγαθοὶ,
1484 4182 1578 4234 καὶ⁵
1623 4181 1846 4254 παιδείᾳ
1881 4183 2069 4253 διαφέ-

484 4284 698 4338 ροντες,
741 4269 837 4322 καὶ
880 4269 981 4341 τῆς
1021 4269 1122 4341 σῆς
1170 4271 1396 4342 ἀγωγῆς
1424 4273 1520 4327 καὶ
1559 4273 1903 4348 δικαιοσύνης
1928 4275 2071 4340 ἄξιοι

482 4359 627 4415 κατά
650 4359 848 4414 πάντα.
882 4358 948 4415 Οἳ
976 4362 1086 4433 ,καὶ
1120 4362 1432 4433 μετέδωκαν
1465 4367 1600 4436 ἡμῖν
1645 4366 1714 4420 τὰ
1753 4367 1906 4439 παρὰ
1949 4367 2064 4431 σοῦ,

483 4451 620 4554 πρὸς
670 4451 830 4554 ἀικαὶ
876 4452 1227 4554 παρῇἡμῶν.
1262 4455 1566 4554 ἀδιηκόασιν
1616 4456 1925 4530 ἁρμόζοντα
1956 4462 2146 4554 τοῖςλι)

484 4544 598 4606 σοῖς
618 4544 926 4615 πράγμασι.
955 4545 1143 4599 Πάντα
1170 4547 1278 4618 γάρ
1310 4547 1410 4600 ὅσα
1440 4565 1521 4601 σοι
1549 4551 1853 4622 συμφέρει,
1889 4550 1983 4604 καὶ
2021 4552 2070 4604 εί

482 4634 635 4706 παρὰ
669 4635 830 4704 φύσιν
859 4638 1006 4691 ἐστὶν
1031 4636 1239 4709 (4445)
1262 4678 1276 4701 ,
1307 4639 1750 4713 ὑπακουσόμεθα.
1774 4642 1947 4696 Τοῦτο
1963 4642 2071 4713 γὰρ

484 4725 668 4796 φιλίας
688 4728 782 4782 καὶ
804 4727 1137 4801 ἀγαπήσεὼς
1165 4731 1283 4784 ἐστι
1314 4734 1559 4805 σημεῖον.
1585 4732 1815 4803 Μεγάλα
1837 4733 1946 4805 γὰρ
1976 4732 2073 4786 καὶ

483 4817 820 4891 ἀνεπίληστα
841 4820 968 4884 τοὺς
992 4821 1221 4884 πολίτας
1243 4822 1402 4905 ἡμῶν
1421 4826 1564 4880 κατά
1589 4823 1820 4889 πολλοὺς
1838 4824 2072 4898 τρόπους

478 4910 889 4983 εὐεργέτηκας·
942 4911 1146 4977 εὐθέως
1190 4910 1286 4968 οὖν
1331 4915 1757 4988 προσηγάγομεν
1798 4916 1940 4989 ὑπὲρ
1977 4916 2071 4970 σοῦ

478 5000 699 5066 θυσίας,
732 5004 828 5057 καὶ
854 5004 955 5076 τῆς
979 5004 1214 5077 ἀδελφῆς
1241 5005 1351 5078 (46)
1389 5009 1483 5061 καὶ
1532 5007 1641 5062 τῶν
1685 5008 1894 5063 τέκνων
1913 5047 1930 5075 ,
1979 5010 2073 5063 καὶ

476 5092 595 5147 τῶν
625 5093 794 5165 φίλων
810 5112 832 5148 ⁸.
858 5096 951 5150 καὶ
982 5095 1188 5168 ηὔξατο
1216 5101 1324 5167 πᾶν
1343 5100 1406 5154 τὸ
1434 5101 1659 5173 πλῆθος,
1689 5102 1779 5155 ἵνα
1805 5119 1888 5156 σοι
1913 5103 2075 5174 γένη-

476 5202 572 5244 ται
599 5185 783 5252 καθὼς
814 5193 1052 5263 προαιρῇ
1085 5190 1176 5245 διὰ
1197 5193 1419 5260 παντδς,
1445 5194 1542 5249 καὶ
1569 5194 1811 5268 διασὼζῃ
1861 5212 1942 5250 σοι
1972 5196 2073 5267 τὴν

483 5275 765 5347 βασιλείαν
795 5281 853 5337 ὲν
881 5282 1072 5354 εἰρήνη
1110 5282 1248 5354 μετά
1276 5284 1437 5358 δόξης
1460 5288 1489 5339 ὁ
1516 5287 1786 5360 κυριεύων
1816 5288 2074 5344 ἁπάντων

562 5411 690 5538 (42%l
707 5413 831 5469 Τῶν
854 5415 1541 5488 ἀρχισωματοφυλάκων.
1586 5421 1786 5478 Excus.
1816 5423 2074 5487 Arist..et

562 5499 653 5538 εει)
698 5525 736 5538 ..
769 5486 861 5538 τὸν
904 5488 1498 5538 ἁονισωιιατοεούλακα.-
1527 5490 1659 5538 Olim.
1693 5493 1852 5538 lectio
1898 5494 2074 5538 homi—

488 5480 861 5567 Josephwtfrbv
890 5480 1499 5567 'ndipxtctbuutogodkam.
1527 5490 1659 5567 Quae
1692 5493 1852 5548 lectio
1895 5482 2074 5549 homi-

491 5556 580 5607 nis
612 5556 865 5631 dignitati
894 5556 1055 5631 fa'vtjt,
1086 5556 1176 5612 cui
1204 5556 1413 5616 tantum
1445 5556 1669 5618 accedat
1711 5579 1939 5621 necesse
1963 5575 2070 5631 est,

494 5634 761 5693 quantum
801 5627 1106 5682 detrahitur
1133 5645 1199 5684 ex
1228 5631 1413 5688 sociis.

565 5693 677 5776 $45)
708 5694 1175 5776 'Fr68zogérpc.
1208 5695 1408 5757 Vocem
1438 5703 1671 5773 explicat
1698 5702 1969 5776 Iosephus
1999 5706 2074 5772 ὡς

494 5762 621 5831 ἐνῆν
651 5762 898 5832 μάλιστα
915 5762 1236 5839 φιλοτίμως.
1509 5762 1525 5773 ’
1690 5798 1691 5801 ‘

2172 3265 2304 3331 tuis,
2326 3276 2580 3330 magnam
2610 3277 2676 3317 ex
2704 3269 2793 3316 tua
2816 3262 3095 3318 voluntate
3115 3261 3457 3332 consilioque
3473 3263 3755 3320 sanctissi-

2170 3372 2263 3412 mo
2286 3355 2530 3411 lmtitiam
2557 3353 3244 3425 eepimus,convocataque
3264 3354 3613 3411 multitudine
3632 3355 3756 3410 uni-

2170 3460 2353 3510 versa,
2377 3444 2554 3515 palam
2577 3459 2674 3500 eas
2704 3444 3082 3514 reeitavimus,
3114 3453 3177 3500 ut
3206 3458 3400 3501 omnes
3420 3452 3531 3501 tua:
3561 3446 3753 3501 adver-

2172 3553 2270 3594 sus
2303 3535 2477 3592 Deum
2534 3545 2790 3592 nostrum
2842 3535 3064 3606 pietatis
3110 3551 3334 3593 sensum
3362 3537 3751 3610 intelligerent.

2169 3627 2391 3685 Pbialas
2417 3627 2583 3683 etiam
2623 3627 2721 3684 abs
2739 3636 2794 3682 te
2823 3628 3023 3684 missas
3050 3628 3385 3699 protulimus
3402 3670 3418 3695 ,
3443 3644 3640 3686 aureas
3672 3630 3755 3685 vi-

2172 3719 2334 3793 ginti,
2359 3734 2427 3775 ac
2458 3719 2684 3790 triginta
2719 3728 3032 3790 argenteas,
3050 3727 3293 3776 crateres
3320 3720 3451 3776 item
3482 3723 3750 3792 quinque,

2172 3810 2801 3873 mensamconsecratis
2861 3810 3183 3868 muneribus
3226 3811 3562 3883 excipiendis
3597 3812 3755 3869 addi-

2170 3913 2338 3970 ctam,
2377 3911 2433 3960 et
2464 3903 2755 3960 sacrificiis
2804 3902 3090 3968 faciendis,
3137 3906 3440 3960 aevezeteris
3474 3905 3753 3969 omnibus,

2170 4010 2293 4067 quae
2321 4010 2465 4066 opus
2491 3994 2692 4065 templo
2720 3992 2956 4057 fuerint,
2986 3996 3375 4065 comparandis
3412 3998 3625 4066 argenti
3664 4004 3752 4051 ta-

2171 4087 2321 4144 lenta
2363 4095 2585 4143 centum
2613 4127 2629 4151 ,
2674 4101 2798 4156 qua:
2829 4086 3078 4141 Andreas
3103 4103 3249 4142 unus
3286 4104 3353 4142 ex
3385 4086 3609 4144 familiae
3649 4099 3756 4145 tua:

2172 4178 2519 4244 clarissimis,
2555 4186 2610 4233 et
2641 4178 2925 4242 Aristaeus,
2949 4178 3053 4232 viri
3084 4179 3459 4256 honestissimi
3481 4189 3646 4251 atque
3668 4179 3756 4235 in-

2174 4270 2477 4343 tegerrimi,
2492 4283 2835 4339 summaeque
2846 4268 3195 4336 eruditionis,
3223 4280 3427 4339 tuaque
3445 4272 3611 4326 simul
3627 4286 3754 4328 cum

2173 4361 2487 4431 disciplina,
2518 4368 2633 4414 tum
2659 4359 2917 4431 aequitate
2946 4360 3111 4415 rebus
3148 4360 3202 4415 in
3248 4361 3508 4418 omnibus
3544 4363 3755 4436 dignis-

2175 4453 2302 4510 simi
2358 4452 2681 4507 attulerunt.
2711 4453 2755 4505 li
2795 4460 2890 4506 tua
2914 4466 3137 4522 quoque
3180 4452 3439 4509 mandata
3467 4454 3625 4512 nobis
3660 4472 3756 4512 ex-

2173 4528 2497 4614 posuerunt,
2530 4542 2806 4613 rebusque
2832 4542 2940 4598 tuis
2970 4554 3157 4612 aptum
3182 4559 3214 4598 a
3237 4543 3395 4601 nobis
3414 4554 3468 4601 et
3496 4560 3756 4603 commo-

2172 4636 2301 4690 dum
2336 4649 2665 4705 responsum
2697 4641 2958 4690 tulerunt.
3000 4633 3276 4705 Quidquid
3306 4635 3450 4690 enim
3502 4650 3533 4691 e
3571 4635 3753 4708 digni-

2173 4736 2286 4784 tate
2312 4742 2527 4798 usuque
2553 4736 2651 4783 tuo
2691 4725 2877 4792 fuerit,
2909 4726 2967 4782 in
2990 4742 3079 4793 eo,
3110 4737 3170 4783 ut
3211 4727 3398 4783 minus
3426 4729 3591 4783 etiam
3625 4745 3751 4785 cum

2172 4832 2371 4879 natura
2414 4830 2604 4877 nostra
2659 4836 2938 4893 sensuque
2988 4821 3345 4893 coniunctum
3397 4822 3491 4889 sit,
3546 4838 3754 4877 morem

2175 4928 2445 4984 geremus.
2473 4910 2589 4967 Hoc
2621 4913 2766 4967 enim
2788 4912 3043 4968 amicitiae
3069 4922 3123 4967 et
3151 4911 3436 4969 cbaritatis
3463 4928 3756 4985 argumen-

2178 5016 2294 5061 tum
2337 5015 2443 5062 est.
2485 5004 2551 5061 Et
2589 5022 2724 5063 sane
2755 5022 2955 5078 magna
2990 5007 3047 5063 in
3094 5007 3322 5078 primis,
3363 5008 3623 5078 nullaque
3653 5023 3755 5064 un-

2175 5112 2340 5167 quam
2372 5097 2649 5157 oblivione
2664 5098 2893 5154 delenda
2917 5099 3097 5153 omnis
3120 5099 3334 5169 generis
3350 5098 3611 5154 beneficia
3634 5114 3757 5156 nos-

2176 5199 2293 5245 tros
2322 5190 2379 5245 in
2410 5191 2558 5246 cives
2583 5188 2887 5253 contulisti.
2912 5188 3094 5255 Quare
3124 5190 3332 5244 hostias
3363 5188 3757 5259 confcstim,et

2177 5295 2305 5353 tua,
2327 5295 2381 5341 et
2408 5286 2642 5351 sororis,
2668 5285 2994 5349 liberorum,
3017 5285 3432 5356 amicorumque
3460 5301 3626 5342 causa
3653 5286 3756 5341 im-

2250 5419 2457 5493 (tt-45)
2481 5419 2590 5493 Καὶ
2616 5421 2672 5493 εὶ
2713 5417 2876 5493 παρὰ
2904 5419 3093 5487 φύσιν
3125 5418 3330 5493 ἐστιν.
3388 5416 3455 5474 Ει
3506 5419 3754 5491 Josepli.,

2177 5487 2280 5548 κᾶν
2314 5487 2347 5563 ᾖ
2382 5487 2535 5561 παρά
2559 5489 2740 5563 φύσιν,
2764 5490 2817 5543 id
2840 5501 2942 5563 est,
2970 5498 3030 5542 ut
3066 5490 3247 5545 minus
3270 5490 3321 5543 id
3351 5506 3477 5547 cum
3516 5487 3753 5562 ingenio.

2178 5560 2382 5627 sensu,
2441 5560 2688 5615 moribus
2764 5560 2967 5630 nostris
3024 5568 3386 5629 congrueret,
3446 5560 3755 5630 crrjusniodi

2175 5634 2341 5687 etiam
2376 5640 2460 5685 est
2490 5645 2772 5685 sacrorum
2802 5629 3065 5683 librorum
3100 5629 3551 5688 communicatio.

2249 5701 2358 5772 (46)
2395 5701 2509 5775 Τῆς
2534 5697 2973 5775 ᾀδεςίςεῆς-,λθια
3013 5698 3257 5775 _Montac.
3284 5744 3298 5770 ,
3330 5703 3422 5761 καί
3468 5704 3566 5775 τῆς
3600 5703 3757 5773 βασι-

2177 5768 2388 5841 λίσσης,
2422 5768 2515 5825 καὶ
2542 5769 2777 5841 ἀδελφῆς
2817 5768 3116 5843 Ἀρσινόης.
