4166 6476
476 301 586 367 895

472 424 805 481 notavimus

474 520 830 587 nuncupatis,
875 519 1167 573 universus
1220 519 1289 571 ab
1336 534 1402 573 eo
1445 522 1679 590 populus
1736 522 2039 593 ﬂagitabat,

469 606 637 680 355.
668 610 748 663 uti
799 609 984 664 omnia
1040 609 1137 663 tibi
1185 607 1416 663 feliciter
1442 618 1607 679 atque
1636 628 1700 665 ex
1741 614 1926 666 animo
1956 629 2046 667 ce-

471 703 685 762 dereut,
719 716 783 754 ac
833 716 1125 770 perennem
1158 717 1326 772 regno
1355 712 1449 756 tuo
1483 719 1667 771 pacem
1705 705 2044 774 gloriamque

469 792 1128 858 concederetﬁacterum,
1170 808 1229 848 ut
1265 796 1550 849 commode
1581 805 1805 865 tutoque
1858 814 2046 853 succe—

468 882 563 938 dat
611 898 783 939 sacrae
816 886 950 956 legis
987 888 1364 956 interpretatio
1387 929 1400 954 ,
1441 905 1533 942 sex
1586 890 1838 944 tribubus
1873 907 1902 945 e
1932 892 2047 945 sin-

471 980 640 1049 gulis,
678 977 733 1031 in
767 980 1012 1032 omnium
1045 989 1343 1048 conspectu
1375 982 1697 1051 delegimus,
1728 984 1877 1036 viros
1914 998 2043 1052 pro-

470 1076 571 1128 bos
604 1086 668 1127 ac
704 1072 973 1136 seniores,
1000 1088 1139 1141 quos
1163 1073 1230 1127 ad
1266 1084 1318 1127 te
1340 1089 1447 1127 una
1484 1090 1606 1128 cum
1626 1075 1742 1144 lege
1771 1076 2040 1130 misimus.

471 1164 713 1235 Equum
746 1163 911 1235 igitur
963 1163 1148 1231 fuerit,
1176 1181 1269 1219 rex
1306 1168 1654 1234 aequissime.
1690 1171 1829 1223 hanc
1863 1169 1961 1222 abs
1994 1178 2045 1223 te

470 1271 753 1311 sacrorum
790 1255 1055 1310 librorum
1086 1256 1588 1325 interpretationem
1625 1259 1814 1313 sedulo
1837 1259 2042 1321 curari,

469 1350 549 1403 uti
587 1347 655 1403 ad
699 1363 800 1402 nos
840 1346 917 1400 illi
965 1351 1227 1404 continuo
1278 1350 1410 1403 salvi
1447 1360 1502 1405 et
1526 1351 1827 1405 incolumes
1856 1351 2045 1404 remit-

469 1448 676 1495 tantur.
714 1437 865 1495 Vale.
905 1458 924 1491 ι
960 1438 1086 1495 [hec
1115 1441 1398 1497 Aristaaus.
1436 1440 1647 1507 Quibus
1677 1443 1764 1497 ille
1789 1443 2044 1512 deinceps

466 1533 716 1604 pluribus
743 1541 925 1590 tamen
951 1533 1017 1589 de
1053 1544 1309 1605 suscepto
1327 1551 1489 1605 Opere
1505 1536 1822 1605 interiectis,
1844 1552 2034 1592 secun-

466 1628 596 1681 dum
625 1626 772 1680 illam
804 1625 1114 1681 divinarum
1161 1628 1465 1682 litterarum
1510 1629 2041 1698 interpretationem,

465 1717 653 1774 verbis
675 1717 921 1784 totidem,
956 1735 1079 1789 quae
1114 1730 1438 1790 sequuntur,
1464 1721 1688 1775 auexit:
1725 1719 2039 1785 «Perlectis,

1116 309 1387 368 EUSEB“
1422 312 1905 370 CESAPJENSIS
1941 311 2089 369 OPP.
2132 315 2311 370 PARS
2350 316 2421 376 ll.
2450 346 2522 361 --
2550 319 3074 379 APOLOCETICA.‘

855 443 868 478 :
913 432 968 480 et
1009 427 1151 481 votis
1193 443 1259 483 ac
1296 428 1548 496 precibus
1588 431 1697 485 Deo
1723 431 2043 500 prepotenti

2150 432 2299 497 Θεός.
2348 435 2456 488 Καὶ
2510 435 2659 501 ὅπως
2703 440 2929 511 γένηται
2981 441 3397 511 συμφερόντως,
3450 443 3542 493 καὶ
3587 445 3725 511 μετὰ

3619 324 3724 381 σρο

2146 527 2446 595 ἀσφαλείας
2477 532 2508 601 ἠ
2537 532 2629 584 τοῦ
2667 534 2822 600 ἁγίου
2853 534 3020 603 νόμου
3054 534 3402 605 μεταγραφὴ,
3439 534 3724 604 παρόντων

2147 617 2402 683 πάντων,
2454 620 2794 692 ἐπελεξάμην
2843 624 3040 695 ἄνδρας
3092 625 3289 687 καλοὺς
3336 626 3428 676 καὶ
3461 624 3722 691 ἀγαθοὺς,

2146 708 2566 781 πρεσϐυτέρους,
2600 714 2690 781 ἀφ’
2729 713 2962 783 ἑκάστης
2994 715 3165 784 φυλῆς
3200 714 3291 778 ἐξ,
3346 713 3439 776 οὓς
3482 715 3577 766 καὶ
3617 715 3725 766 ἀπ-

2147 800 2486 870 εστάλκαμεν
2517 802 2739 872 ἔχοντας
2761 804 2849 856 τὸν
2891 805 3073 874 νόμον,
3111 805 3305 868 Καλῶς
3333 801 3426 859 οὖν
3456 807 3721 875 ποιήσεις,

2149 887 2367 955 βασιλεῦ
2400 890 2596 954 δίκαιε,
2646 893 2953 962 προστάξας
2984 894 3059 957 ὡς
3090 893 3155 947 ἂν
3184 896 3216 965 ἡ
3255 894 3578 966 μεταγραφὴ
3625 895 3723 962 γέ-

2145 995 2305 1048 νηται
2327 979 2434 1032 τῶν
2468 979 2705 1048 βιϐλίων,
2735 982 2823 1036 ἵνα
2863 983 3021 1036 πάλιν
3046 985 3536 1038 ἀποκατασταθῶσι
3586 985 3725 1056 πρὸς

2145 1070 2294 1137 ἡμᾶς
2324 1069 2580 1138 ἀσφαλῶς
2604 1073 2653 1123 οἱ
2686 1072 2895 1143 ἄνδρες.
2942 1074 3209 1144 Ἔρρωσα
3253 1094 3273 1126 ι
3318 1074 3540 1137 Τούτοις
3572 1074 3721 1145 ἐξῆς,

2148 1158 2316 1212 πολλὰ
2335 1158 2422 1212 διά
2447 1161 2610 1231 μέσου
2635 1164 2874 1234 περὶτῆς
2899 1166 3252 1236 προτεθείσης
3278 1164 3447 1219 εἰπὼν
3474 1184 3725 1238 πραγμα-

2146 1256 2313 1320 τείας,
2360 1255 2498 1325 μετά
2536 1256 2632 1327 τὴν
2664 1257 2894 1327 Γραφῶν
2922 1258 3214 1328 ἑρμηνείαν
3253 1258 3501 1330 ἐπιφέρει
3539 1261 3723 1323 αὐτοῖς

2148 1350 2374 1419 ῥήμασιο
2431 1367 2449 1399 ι
2490 1349 2687 1414 Καθὼς
2741 1351 2787 1404 δ’
2815 1350 3125 1422 ἀνεγνώσθη
3177 1350 3349 1405 ταῦτα
3398 1351 3470 1404 τά
3513 1351 3675 1423 τεύχη
3702 1389 3722 1416 ,

2149 1441 2373 1505 στάντες
2396 1444 2445 1495 οἱ
2480 1443 2643 1513 ἱερεῖς
2670 1443 2892 1497 καὶτῶν
2930 1442 3211 1513 ἑρμηνέων
3254 1445 3303 1495 oi.
3338 1443 3717 1515 πρεσϐύτεροι,

2146 1533 2240 1587 καὶ
2270 1533 2378 1586 τῶν
2404 1532 2510 1587 ἀπὸ
2532 1533 2626 1587 τοῦ
2676 1533 3088 1603 πολιτεύματος,
3115 1534 3170 1587 οἵ
3204 1550 3265 1586 τε
3300 1532 3592 1605 ἡγούμενοι
3624 1533 3720 1588 τοῦ

2148 1622 2407 1693 πλήθους,
2443 1619 2627 1677 εἷπον·
2674 1624 2823 1676 Ἐπεὶ
2852 1623 3031 1686 καλῶς
3062 1624 3156 1676 καὶ
3180 1622 3344 1687 ὁσίως
3390 1624 3720 1697 διηρμήνευ-

2145 1731 2256 1777 ται,
2287 1714 2381 1767 καὶ
2414 1714 2554 1769 κατά
2579 1717 2686 1769 πᾶν
2728 1714 2969 1787 ἀκριϐῶς
3010 1713 3190 1778 καλῶς
3237 1713 3358 1785 ἔχον
3402 1716 3584 1780 ἐστὶν,
3631 1718 3720 1771 ἵνα

470 1808 674 1879 inquit,
704 1787 1079 1864 voluminibus
1110 1787 1239 1875 illis,
1266 1819 1473 1865 stantes
1487 1812 1762 1880 erectique
1792 1811 2045 1865 sacerdo-

2146 1805 2378 1876 διαμένῃ
2407 1804 2569 1860 ταῦθ’
2587 1807 2762 1869 οὕτως
2789 1807 3002 1876 ἔχοντα,
3032 1807 3127 1859 καὶ
3178 1807 3252 1876 μὴ
3281 1806 3506 1876 γένηται
3556 1806 3723 1877 μηδε⁴

470 1910 573 1961 tes,
605 1914 823 1969 unaque
873 1902 1141 1967 seniores,
1198 1917 1307 1955 non
1358 1902 1682 1971 interpretes
1726 1902 1924 1968 modo,
1951 1901 2046 1956 sed

467 1992 631 2044 etiam
670 1989 834 2058 hujus
864 1990 1001 2060 reip.
1040 1989 1513 2045 administratione
1569 1989 1865 2060 perfuncti,
1919 2007 2043 2045 cum

465 2082 655 2155 populi
701 2082 1138 2137 moderatoribus
1162 2122 1177 2146 ,
1213 2098 1322 2136 una
1352 2097 1483 2137 voce
1515 2099 1705 2138 omnes
1740 2103 1753 2137 :
1783 2084 2047 2150 Quando-

465 2175 709 2245 quidem,
736 2175 909 2239 aiunt,
943 2176 1047 2231 rite
1085 2189 1150 2229 ac
1180 2175 1435 2245 religiose
1470 2174 1709 2244 perfecta
1734 2217 1749 2239 ,
1786 2186 1951 2244 atque
1988 2176 2045 2230 in

467 2267 727 2321 omnibus
781 2268 847 2321 ad
895 2266 1158 2321 amussim
1192 2276 1381 2321 exacta
1410 2266 1782 2336 interpretatio
1837 2277 1941 2333 est,
1985 2275 2048 2322 ut

464 2359 678 2429 integra
704 2374 951 2429 puraque
984 2368 1249 2425 servetur,
1270 2359 1516 2429 nihilque
1546 2375 1769 2428 prorsus
1803 2360 1936 2414 artis
1966 2360 2045 2413 ir-

466 2458 647 2519 repat,
672 2449 823 2503 omni
842 2464 973 2503 cura
997 2449 1289 2519 studioque
1313 2450 1730 2518 providendum.
1754 2449 1928 2515 Quam
1957 2464 2048 2503 vo-

466 2558 610 2607 cem,
638 2541 816 2595 fausta
856 2548 1181 2596 cunctorum
1215 2541 1611 2594 acclamatione
1646 2555 1935 2595 consecuta
1962 2542 2047 2596 di-

465 2636 547 2688 ris
569 2649 721 2688 more
753 2648 856 2688 suo
886 2649 1010 2688 eum
1046 2633 1298 2687 devoveri
1325 2633 1562 2703 jusscrc,
1604 2635 1698 2703 qui
1727 2633 1807 2687 vel
1835 2633 2043 2688 addcu-

467 2729 574 2793 do,
611 2727 693 2783 vel
742 2725 1160 2787 transferendo,
1219 2725 1305 2779 vel
1381 2726 1751 2793 detrahendo,
1803 2726 2043 2782 universi

467 2819 652 2889 operis
683 2819 980 2889 quidquam
1015 2817 1347 2873 adulterarct
1383 2837 1395 2871 :
1432 2830 1595 2888 atque
1639 2818 1692 2872 id
1745 2819 1871 2888 jure
1917 2819 2043 2889 qui-

467 2909 592 2966 dem
626 2926 692 2966 ac
722 2911 938 2977 merito,
973 2910 1049 2964 uti
1082 2925 1239 2965 sacer
1274 2911 1362 2964 ille
1393 2909 1517 2965 fons
1570 2910 1811 2979 limpidis
1853 2926 1917 2965 ac
1949 2911 2043 2980 ju-

466 3003 629 3072 gihus
679 3002 839 3072 aquis
891 3011 1150 3072 perpetuo
1205 3002 1512 3057 scaturiret.
1547 3001 1758 3069 Quibus
1787 3003 2043 3059 omnibus

466 3097 581 3166 regi
621 3096 910 3162 nuntiatis,
960 3111 1214 3167 magnam
1266 3095 1384 3165 ipse
1432 3111 1652 3166 quoque
1713 3097 2039 3166 voluptatem
2069 3126 2112 3182 ο

467 3191 653 3243 animo
682 3188 826 3258 cepit
856 3228 872 3253 ,
908 3189 1054 3259 quod
1096 3204 1258 3244 suum
1289 3187 1421 3242 illud
1475 3188 1766 3242 consilium
1829 3188 2039 3243 felicem

465 3280 675 3335 exitum
712 3280 972 3336 habuisse
1001 3280 1299 3335 videretur.
1338 3280 1512 3349 Atque
1543 3280 1618 3333 illi
1651 3290 1848 3336 cuncta
1876 3282 2041 3336 etiam

466 3372 693 3426 recitata
725 3380 874 3438 sunt,
911 3387 979 3427 ex
1038 3373 1239 3441 quibus
1268 3372 1597 3441 legislatoris
1626 3386 1862 3427 mentem
1892 3388 2044 3427 sum-

464 3479 691 3534 mopere
720 3465 1042 3529 admiratus,
1078 3464 1182 3531 Qui
1215 3463 1418 3519 factum
1445 3474 1548 3531 est,
1573 3465 1772 3535 inquit,
1795 3481 1829 3520 ο
1863 3464 2045 3521 Deme-

464 3555 576 3619 tri,
606 3565 665 3609 ut
712 3563 792 3612 tot
840 3556 1116 3625 tantisque
1174 3557 1339 3610 rebus
1387 3557 1594 3625 gestis,
1641 3573 1830 3613 earum
1860 3564 2040 3611 tamen

464 3661 632 3701 nemo
664 3647 749 3701 vel
779 3647 1079 3703 historicus
1113 3647 1196 3700 vel
1231 3656 1389 3715 poeta
1430 3649 1778 3703 meminerit?
1807 3649 1908 3703 Cui
1941 3647 2044 3703 De-

467 3737 729 3804 metrius,
765 3736 924 3804 Quod
975 3739 1295 3809 augustior,
1346 3740 1543 3809 inquit,
1575 3755 1605 3793 a
1654 3740 1870 3810 Deoqne
1924 3742 2044 3810 ipso

467 3828 576 3884 lata
611 3830 697 3885 lex
737 3845 801 3885 ea
867 3831 956 3884 sit.
1000 3830 1079 3885 Ac
1113 3830 1357 3884 nonnulli
1389 3831 1607 3900 quidem
1651 3831 1920 3899 ejusmodi
1954 3832 2047 3885 ali-

464 3924 600 3995 quid
633 3925 814 3979 moliri
851 3924 994 3990 ausi,
1038 3925 1396 3993 percussique
1430 3924 1692 3978 divinitus
1727 3935 2041 3993 susceptum

465 4030 605 4083 opus
637 4015 991 4084 abruperunt.
1022 4012 1182 4067 Enim
1210 4029 1338 4067 vero
1362 4029 1421 4067 se
1443 4030 1507 4066 ex
1538 4011 1887 4085 Theopompo
1909 4030 2047 4084 quo-

467 4108 596 4162 dam
625 4107 866 4161 audiisse
894 4106 1126 4169 dicebat,
1159 4105 1303 4176 quod
1333 4121 1398 4161 ex
1435 4106 1549 4175 lege
1580 4108 1858 4169 nonnulla,
1895 4106 2043 4161 ϐιττ-

470 4214 534 4253 ce
556 4200 669 4269 jam
702 4198 935 4264 reddita,
961 4200 1243 4254 audaciori
1276 4198 1512 4268 quodam
1547 4198 1811 4253 orationis
1846 4214 2044 4270 genere

466 4293 691 4360 vulgare
719 4292 1021 4356 statuisset,
1057 4291 1257 4346 mentis
1301 4305 1425 4345 eum
1470 4291 1876 4360 perturbatione
1926 4292 2043 4346 dies

469 4385 707 4453 amplius
741 4383 961 4455 triginta
990 4385 1289 4440 laborasse.
1335 4384 1505 4454 Cujus
1555 4385 1728 4439 morbi
1791 4400 2041 4451 causam,

2151 1897 2250 1967 μία
2276 1896 2554 1967 διασκευή.
2582 1898 2805 1951 Πάντων
2834 1897 2889 1951 δὲ
2925 1898 3381 1968 ἐπιφωνησάντων
3417 1899 3532 1961 τοῖς
3572 1901 3721 1969 είρη-

2151 1988 2331 2058 μένοις
2351 2029 2365 2052 ,
2401 1989 2695 2042 ἐκέλευσαν
2721 1990 3051 2061 ἐπαρᾶσθαι,
3084 1988 3266 2054 καθὼς
3294 1990 3413 2054 ἔθος
3442 1990 3589 2043 ἐστὶν
3618 1992 3720 2045 αὐ-

2146 2086 2278 2147 τοῖς,
2310 2082 2364 2136 εἴ
2384 2100 2467 2147 τις
2492 2083 2841 2138 διασκευάσει
2875 2086 3204 2158 προστιθεὶς.
3237 2085 3269 2157 ἦ
3316 2084 3637 2157 μεταφέρων
3668 2102 3720 2138 τι

2146 2174 2207 2227 τὸ
2236 2174 2452 2229 σύνολον
2480 2175 2589 2228 τῶν
2612 2176 3033 2247 γεγραμμένων,
3064 2176 3097 2249 ἢ
3133 2175 3453 2247 ποιούμενος
3494 2177 3722 2248 ἀφαίρε-

2149 2288 2232 2324 σιν
2257 2287 2271 2300 ·
2296 2269 2476 2332 καλῶς
2495 2267 2654 2322 τοῦτο
2687 2269 3044 2340 πράσσοντες,
3073 2270 3160 2322 ἵνα
3204 2267 3294 2322 διὰ
3322 2266 3520 2331 παντὸς
3550 2266 3720 2320 ἀέναα

2150 2362 2380 2432 μένοντα
2412 2361 2770 2429 φυλάσσηται.
2801 2358 3303 2433 Προσφωνηθέντων
3326 2359 3382 2412 δὲ
3399 2359 3492 2413 καὶ
3516 2358 3720 2412 τούτων

2146 2453 2224 2524 τῷ
2278 2451 2501 2523 βασιλεῖ,
2550 2451 2799 2523 μεγάλως
2839 2452 3042 2522 ὲχάρη’
3088 2452 3187 2521 τὴν
3212 2450 3320 2522 γάρ
3351 2449 3605 2522 πρόθεσιν
3654 2450 3720 2518 ἦν

2147 2542 2291 2616 εἶχεν
2320 2544 2577 2613 ἀσφαλῶς
2604 2544 2745 2610 ἔδοξε
2780 2544 3177 2597 τετελειῶσθαι.
3207 2540 3643 2613 Παρανεγνώσθη
3664 2541 3720 2595 δδ

2146 2635 2294 2706 αὐτῷ
2318 2637 2413 2688 καὶ⁸
2443 2636 2638 2701 πάντα,
2665 2637 2757 2687 καὶ
2786 2635 2903 2688 λέαιν
2931 2634 3267 2704 ἐξεθαύμασε
3310 2633 3407 2703 τὴν
3434 2631 3527 2685 τοῦ
3564 2648 3722 2701 νομο-

2146 2723 2301 2777 θέτου
2334 2725 2569 2778 διάνοιαν
2588 2765 2605 2789 ,
2629 2726 2721 2777 καὶ
2752 2726 2888 2795 προς
2923 2726 3013 2777 τὸν
3044 2726 3348 2796 Δημήτριον
3396 2717 3515 2775 εἷπε
3534 2738 3549 2751 ·
3597 2720 3721 2786 Πῶς

2142 2816 2478 2888 τηλικούτων
2529 2819 2869 2889 πραγμάτων
2936 2815 3433 2885 συντετελεσμένων
3459 2853 3475 2878 ,
3542 2812 3720 2877 οὐδεὶς

2145 2907 2438 2961 ἐπεϐάλετο
2469 2908 2577 2961 τῶν
2624 2908 2931 2981 ἱστορικῶν,
2981 2907 3100 2961 οὐδὲ
3127 2906 3361 2977 ποιητῶν
3382 2903 3721 2976 ἐπιμνησθῆ-

2144 3016 2265 3058 ναι;
2300 3000 2533 3063 Ἐκεῖνος
2577 2999 2633 3052 δὲ
2696 2999 2945 3069 ἔφη’Διά
2972 2999 3033 3052 τὸ
3072 2999 3275 3071 σεμνὴν
3300 2997 3723 3068 εἷναιτὴννομο-

2146 3087 2350 3152 θεσίαν,
2394 3076 2487 3142 καὶ
2531 3088 2619 3142 διὰ
2638 3089 2773 3142 Θεοῦ
2804 3088 3102 3157 γεγονέναι,
3122 3089 3216 3141 καί
3246 3087 3345 3140 τῶν
3366 3084 3724 3157 ἐπιϐαλλομέ-

2144 3197 2249 3234 νων
2293 3180 2438 3245 τινὲς
2493 3180 2598 3233 ὑπὸ
2616 3179 2710 3233 τοῦ
2723 3179 2858 3233 Θεοῦ
2884 3180 3203 3250 πληγέντες,
3219 3180 3317 3250 τῆς
3342 3179 3598 3250 ἐπιϐολῆς
3626 3180 3725 3233 ἀπ·

2144 3271 2402 3343 έστησαν.
2465 3275 2575 3327 Καὶ
2598 3274 2706 3344 γὰρ
2749 3272 2948 3342 ἔφησεν
2972 3274 3265 3344 ἀκηκοέναι
3293 3271 3719 3343 Θεοπόμπου,δι·

2143 3363 2225 3417 ότι
2246 3365 2453 3434 μέλλων
2473 3364 2594 3419 τινὰ
2610 3366 2717 3419 τῶν
2741 3384 2880 3438 προη
2889 3383 3094 3438 ρμηνευ
3104 3365 3276 3435 μένων
3308 3365 3415 3435 (47)
3434 3363 3723 3433 ἐπισφαλές

2145 3474 2335 3528 στερον
2383 3460 2449 3511 ἐκ
2493 3458 2589 3511 τοῦ
2620 3458 2784 3530 νόμου
2818 3460 3229 3530 προσιστορεῖν,
3277 3456 3518 3528 ταραχὴν
3566 3455 3719 3509 λάϐοι

2143 3552 2243 3620 τῆς
2271 3548 2508 3613 διανοίας
2532 3550 2715 3603 πλεῖον
2743 3550 2965 3621 ἡμερῶν
2992 3550 3302 3621 τριάκοντα.
3342 3548 3495 3601 Κατά
3534 3547 3590 3600 δὲ
3618 3548 3717 3617 τὴν

2145 3640 2357 3710 αἴτησιν
2390 3640 2501 3713 (48)
2533 3640 2909 3705 ἐξιλάσκεσθαι
2933 3640 3023 3694 τὸν
3050 3640 3201 3705 Θεὸν,
3252 3640 3415 3709 σαφὲς
3438 3638 3584 3709 αὐτῷ
3621 3654 3716 3707 γε-

2145 3729 2350 3796 νέσθαι,
2375 3729 2522 3794 τίνος
2553 3733 2712 3802 χάριν
2739 3730 2799 3783 τὸ
2835 3730 3127 3801 συμϐαῖνόν
3161 3733 3293 3785 ἐστι.
3320 3731 3396 3783 Δι’
3428 3730 3637 3802 ὀνείρου
3661 3728 3720 3782 δὲ

2150 3820 2407 3897 μαθόντος
2436 3820 2569 3893 (49),
2603 3822 2685 3875 ὅτι
2710 3821 2779 3874 τά
2804 3821 2919 3874 θεῖα
2946 3820 3192 3891 βούλεται
3220 3820 3722 3891 περιεργασάμενος

2146 3921 2225 3981 εἰς
2255 3916 2465 3978 κοινοὺς
2516 3913 2833 3985 ἀνθρώπους
2872 3914 3126 3985 ἐκφέρειν
3152 3956 3166 3979 ,
3214 3913 3585 3984 ἀποσχόμενον
3639 3911 3719 3975 δὲ,

2145 4008 2318 4071 οὕτως
2367 4008 2831 4076 ἀποκαταστῆναι.
2873 4006 2982 4059 Καὶ
3015 4006 3165 4076 παρὰ
3205 4005 3497 4059 Θεοδέκτου
3539 4003 3596 4056 δὲ
3627 4001 3721 4055 τοῦ

2145 4100 2255 4153 τῶν
2288 4098 2604 4170 τραγῳδιῶν
2630 4096 2855 4169 ποιητοῦ
2881 4097 3172 4168 μετέλαϐον
3201 4097 3310 4165 ἐγώ
3330 4114 3343 4128 ’
3371 4097 3503 4150 διότι
3544 4111 3723 4165 παρα-

2148 4192 2335 4263 φέρειν
2364 4190 2648 4262 μέλλοντός
2672 4207 2726 4243 τι
2757 4190 2865 4243 τῶν
2904 4189 3409 4260 ἀναγεγραμμένων
3442 4188 3500 4241 ἐν
3543 4188 3610 4258 τῇ
3642 4184 3725 4255 βίέ-

2148 4284 2259 4353 ϐλῳ
2287 4284 2420 4354 πρὸς
2452 4300 2503 4336 τι
2531 4282 2715 4354 δρᾶμα
2746 4281 2845 4345 τὰς
2875 4280 3024 4350 ὄψεις
3055 4278 3451 4349 ἀπεγλαυκώθη
3479 4275 3609 4346 (50).
3627 4273 3725 4328 καὶ

2149 4374 2327 4428 λαϐὼν
2358 4374 2633 4437 ὑπόνοιαν,
2666 4374 2748 4425 ὅτι
2777 4372 2865 4425 διὰ
2886 4371 3035 4424 ταῦτ’
3075 4370 3221 4441 αύτῷ
3260 4370 3481 4439 γέγονεν
3500 4408 3515 4432 ,
3546 4367 3725 4434 ἐξιλα-

468 4477 687 4545 quoties
709 4476 1109 4542 inmrmitteret,
1137 4492 1261 4532 cum
1292 4478 1479 4532 multis
1496 4492 1527 4531 a
1551 4475 1664 4532 Deo
1689 4479 1946 4547 precibus
1970 4478 2045 4531 in-

2154 4466 2385 4536 σάμενος
2432 4464 2523 4517 τὸν
2556 4463 2709 4528 Θεὸν,
2741 4466 2798 4516 ἐν
2840 4462 3060 4527 πολλαῖς
3089 4462 3321 4535 ἡμέραις
3352 4460 3719 4529 ἀποκατέστη.

542 4743 654 4816 (47)
683 4741 1287 4816 ῌροηρμηνευμένων.
1322 4740 1617 4816 Utriusque
1653 4742 1899 4816 historiae
1934 4759 2048 4816 rne-

467 4811 644 4870 minit'
678 4811 984 4882 Josephus,
1036 4811 1136 4867 nec
1185 4822 1362 4882 tamen
1411 4814 1596 4875 addit,
1640 4813 1803 4866 ullam
1850 4813 2048 4869 divinae

464 4886 605 4955 legis
635 4880 1159 4952 interpretationem,
1190 4880 1544 4952 Septuaginta
1582 4887 1857 4938 seniorum
1881 4899 2045 4953 opera

465 4956 706 5026 priorem
739 4955 1031 5026 exstitisse.

444 5020 486 5075 .’
544 5023 656 5097 (48)
694 5024 812 5091 Τὴν
843 5024 1105 5097 αἴτησιν.
1134 5020 1393 5097 ,Βιὼῖιιῐηῌ
1434 5038 1541 5076 non
1586 5030 1670 5097 e_st
1713 5022 1843 5097 quin
1890 5039 2047 5097 repo-

464 5090 707 5152 nendum
743 5090 808 5148 ex
836 5096 1066 5163 Aristaaa
1102 5092 1334 5163 sitgrhv
1363 5091 1566 5147 ἄνεσιν.
1608 5090 1831 5163 Joscpb.
1860 5090 2043 5150 multi-

467 5166 674 5222 tudinis
697 5180 883 5235 _n_um.,
909 5161 1179 5235 παράλτὰς
1197 5161 1443 5235 ἀνέσεις.

447 5260 452 5271 ε
540 5235 652 5305 (49)
688 5230 1017 5299 Ηαθόντοςῖ.
1051 5230 1479 5305 Corrigcnd._ex
1524 5232 1774 5295 Arislma,
1806 5241 1915 5288 tam
1946 5250 2044 5288 ex-

467 5302 602 5361 cuSo
648 5320 811 5373 quam
863 5317 1166 5363 manuscr.,
1195 5302 1590 5373 _anpav0évrog,
1620 5314 1702 5373 ret
1732 5305 1823 5373 lin.
1854 5306 2045 5359 ultima

465 5385 593 5446 post
621 5371 989 5446 ἀποσχόμενον
1018 5371 1241 5446 delenda
1270 5374 1584 5441 conjunctio
1611 5372 1699 5446 δέ..
1730 5371 1854 5442 ινιςί
1881 5374 2044 5446 etiam

466 5441 654 5515 posset
702 5441 892 5515 μαθεῖν
930 5460 1043 5515 pro
1074 5441 1356 5515 μαθόντος,
1391 5453 1604 5498 servato
1646 5442 1703 5495 δέ
1746 5441 1870 5514 pust
1907 5445 2046 5497 ἀπο-

468 5512 630 5584 σχόμ.
662 5512 745 5567 vel
771 5516 890 5570 eod.
928 5512 1162 5584 Sublato,
1194 5512 1448 5584 μαθόντα.

541 5532 570 5568 ο
617 5555 630 5567 .
662 5532 745 5567 vel
771 5532 890 5570 eoa.
928 5532 1162 5574 suulato,
1194 5532 1448 5582 μαιιοντα.

541 5532 653 5653 (ξο)
701 5582 1175 5653 Ἀπεγλαυχώθη.
1222 5580 1358 5636 Vera
1405 5584 1597 5650 lectio,
1640 5599 1705 5639 ex
1741 5599 1843 5653 qua
1878 5584 2048 5640 corri-

471 5656 680 5736 geudus
713 5670 900 5736 excus.
943 5655 1223 5736 aristas,
1262 5654 1403 5722 apud
1433 5671 1592 5736 quem
1612 5656 2046 5736 'mcndosissitne

472 5720 668 5795 tegitur
723 5721 1136 5795 ἀπεγλυκλώθη.
1184 5720 1348 5780 Recte
1395 5720 1556 5780 etiam
1605 5724 1900 5798 Iosephus.
1948 5726 2045 5790 τὰς

2146 4746 2298 4816 όψεις
2342 4746 2697 4817 γλαυκωθείς.
2741 4744 2940 4802 Notum
2987 4756 3065 4802 est
3115 4745 3416 4817 γλαύκωμα
3461 4755 3516 4802 et

2150 4834 2316 4890 κωσιν
2344 4819 2486 4890 oculi
2515 4820 2703 4871 vitium
2733 4833 2874 4879 esse,
2904 4833 3013 4887 quo
3048 4818 3242 4890 humor
3268 4818 3481 4890 pup;ll_a:
3504 4819 3726 4890 crystal-

2148 4888 2326 4950 linus,
2363 4889 2523 4942 caesio
2557 4898 2753 4958 praeter
2780 4900 3052 4958 gnaturam
3106 4889 3287 4958 colore
3335 4888 3600 4951 suilfusus,
3641 4890 3722 4943 vel

2148 4958 2510 5028 ἀμαυροῦται,
2546 4956 2628 5012 vel
2660 4956 3106 5029 ἀποξηραίνεται.
3143 4956 3537 5029 Ριιηίιιεέιιίθιιι
3572 4959 3725 5026 glau-

2147 5026 2530 5095 coma‘passim
2562 5040 2738 5083 vocat.
2769 5026 2907 5083 Hinc
2930 5029 3166 5082 faselum
3193 5029 3323 5082 illud
3356 5026 3724 5083 Palwstrionis

2147 5096 2202 5150 in
2232 5096 2403 5152 Plauti
2432 5098 2605 5153 Milite
2625 5113 2645 5152 :

2218 5188 2288 5260 Et
2323 5207 2413 5245 nos
2444 5192 2630 5260 facetis
2656 5191 2894 5258 fabricis,
2925 5202 2973 5245 et
3007 5192 3175 5246 doctis
3211 5192 3369 5251 dolis,

2220 5259 2561 5332 glaucumam
2592 5267 2653 5317 ob
2687 5265 2865 5316 oculos
2893 5265 3219 5332 objicieums,
3250 5275 3467 5331 emuque
3490 5260 3569 5313 ita

2219 5329 2526 5397 Faciemus,
2566 5347 2621 5386 ut
2646 5334 2783 5402 quod
2814 5329 3021 5397 viderit,
3061 5351 3161 5387 non
3193 5329 3401 5386 viderit.

2149 5423 2251 5479 Ubi
2291 5422 2517 5477 Plautus
2557 5424 2889 5493 glaucumam
2936 5440 3036 5491 pro
3076 5424 3356 5493 glaucoma
3414 5421 3619 5491 posuit,
3669 5429 3726 5473 ut

2149 5495 2414 5548 schemam
2439 5496 2490 5547 in
2515 5495 2913 5562 Amphitryone,
2947 5509 3043 5558 pro
3070 5495 3299 5560 schema,

2222 5583 2343 5638 Huc
2373 5586 2603 5653 processi
2631 5584 2708 5638 sic
2739 5601 2855 5638 cum
2885 5586 3060 5638 servili
3086 5586 3315 5639 schema.

2151 5653 2224 5709 lla
2273 5652 2556 5726 Syr’mam,
2606 5656 2941 5722 diademam,
2989 5655 3230 5726 dogmam
3280 5652 3460 5709 Latini
3519 5659 3729 5709 veteres

2150 5723 2353 5780 dixere.
2390 5723 2706 5780 Priscianus
2739 5726 2828 5780 lib.
2860 5741 2933 5780 vr.

3558 4747 3725 4817 γλαύ-
