4166 6474
1133 271 1405 329 EUSEBll
1443 267 1925 326 CESARIENSlS
1961 265 2109 322 OPP.
2151 264 2333 322 PARS
2368 257 2547 322 Ili:
2574 264 3079 323 APOLOGETICA.

3628 267 3734 321 600

499 380 778 439 eundi'tate
806 383 1013 441 sobolis
1028 385 1334 440 admirabili
1350 384 1651 454 pullularit.
1669 405 1686 435 ι
1708 383 1845 438 Tum
1871 387 2038 453 paucis

2161 400 2282 455 ροςο
2309 382 2452 436 οὕτω
2485 384 2577 437 καὶ
2610 383 2906 452 ἐλοιδόρουν
2929 383 3099 454 γόητα
3130 379 3224 436 καὶ
3257 382 3520 455 κέρκωπα
3541 381 3731 451 λόγων.

410 530 415 534 _
497 473 816 543 interjectis,
849 496 867 528 ‹
891 476 970 531 Ac
983 480 1161 533 virum
1180 475 1418 547 quidem,
1436 475 1611 547 inquit
1632 475 1740 540 ille,
1771 474 2061 543 profectio-

504 565 594 622 nis
616 567 782 622 simul
813 567 1130 636 itinerisque
1172 568 1365 622 ducem
1406 567 1663 631 habuere,
1695 566 1829 619 nihil
1870 567 2059 623 admo-

494 659 649 728 dum,
683 659 731 715 si
781 659 858 714 ita
904 659 1020 723 vis,
1055 660 1336 714 hominum
1386 659 1547 729 vulgo
1598 659 2054 715 excellentiorem.

493 748 629 805 Nam
662 765 786 805 eum
822 750 1217 820 praestigiarum
1241 764 1479 819 quoque,
1501 765 1564 803 ac
1584 749 1917 804 veteratorite
1933 765 2058 804 ora—

492 841 657 895 tionis
688 841 1091 896 insimulabant.
1120 839 1319 896 Demus
1351 841 1401 894 id
1442 856 1602 906 vero,
1635 841 1728 895 sed
1758 840 2056 909 praestigias

492 933 700 1004 accipe,
728 932 893 1005 356
917 934 1324 1003 versutiamque
1365 932 1718 993 laudabilem,
1751 947 1858 1002 qua
1887 948 2055 1002 popu-

490 1023 603 1077 lum
633 1024 973 1089 universum,
995 1024 1107 1088 siti,
1152 1022 1321 1089 fame,
1345 1024 1556 1078 viarum
1597 1023 1956 1092 ignoratione,
1990 1037 2054 1077 ac

491 1128 673 1167 verum
704 1113 950 1167 omnium
990 1114 1217 1184 penuria
1250 1113 1607 1177 laborantem,
1641 1110 1864 1181 perinde
1909 1120 1968 1165 ut
1997 1112 2050 1165 in

489 1221 703 1260 summa
732 1212 1051 1260 cunctorum
1088 1204 1354 1259 bonorum
1413 1204 1739 1259 abundantia
1772 1213 1827 1258 ct
1857 1218 2053 1273 suppe-

486 1296 659 1351 ditato
688 1296 758 1350 ab
781 1296 1081 1365 interjectis
1118 1296 1429 1350 nationibus
1458 1304 1767 1352 commeatu
1788 1334 1804 1359 ,
1841 1296 2049 1350 salvum

486 1386 885 1442 etincolumem
936 1386 1220 1456 praestitit;
1264 1402 1452 1442 verum
1498 1390 1660 1443 etiam
1710 1388 1861 1441 illum
1911 1397 1970 1442 ut
2019 1404 2049 1441 a

487 1479 693 1539 mutuis
722 1478 1031 1534 animorum
1063 1479 1305 1535 dissidiis
1328 1481 1559 1535 liberum
1591 1479 1798 1544 habuit,
1842 1480 1915 1534 ita
1946 1481 2049 1535 sibi

486 1571 652 1626 rebus
684 1570 738 1625 in
766 1570 1023 1626 omnibus
1059 1571 1469 1641 obsequentem.
1520 1572 1696 1641 Atque
1733 1572 1784 1625 id
1822 1587 1929 1626 non
1982 1572 2048 1625 ad

482 1663 648 1719 breve
703 1662 925 1733 aliquod
966 1664 1333 1735 exiguumque
1389 1673 1649 1733 tempus,
1707 1665 1801 1719 sed
1852 1664 2040 1719 tandiu

2159 475 2346 546 Καλῆς
2373 475 2554 546 μέντοι
2586 475 2840 547 γοητείας
2867 476 2960 528 καὶ
2986 474 3340 545 πανουργίας,
3369 471 3430 538 ἐξ
3458 470 3525 546 ἧς
3555 476 3646 527 τόν
3669 492 3734 541 γε

2156 566 2282 621 λαὸν
2321 568 2534 621 ἅπαντα
2580 569 2637 619 ἐν
2694 567 2923 640 ἀνυδρία
2971 568 3065 620 καὶ
3111 562 3275 637 λιμῷ,
3302 567 3396 619 καὶ
3442 565 3550 618 τῶν
3598 565 3732 619 ὁδῶν

2156 658 2369 730 ἀγνοίᾳ,
2404 659 2498 712 καὶ¹
2531 658 2733 730 ἀπορίᾳ
2758 659 2867 712 τῶν
2903 658 3332 729 συμπάντων,οὐ
3367 658 3523 729 μόνον
3556 659 3635 720 είς
3670 659 3734 710 τὸ

2155 751 2417 815 παντελὲς
2440 750 2755 817 διεσώσατο,
2783 752 2875 805 καὶ
2908 751 3097 821 ῶσπερ
3120 751 3179 803 ἐν
3201 750 3424 822 εὐθηνίᾳ
3450 751 3617 821 πάσῃ,
3637 751 3731 803 καὶ

2154 847 2501 916 παραπομπῇ
2536 843 2644 896 τῶν
2678 843 2878 914 μεταξύ
2914 843 3182 913 κειμένων
3222 842 3419 907 ἐθνῶν,
3447 842 3583 896 ἀλλὰ
3638 842 3733 895 καὶ

2154 935 2289 1005 πρὸς
2318 934 2576 1006 ἀλλήλους
2605 934 2999 997 ἀστασιάστους
3026 934 3242 999 αὐτοὺς,
3267 934 3361 987 καὶ
3382 933 3519 1005 πρὸς
3538 933 3729 987 ἑαυτὸν

2155 1028 2389 1097 μάλιστα
2446 1028 2716 1091 εὐπειθεῖς
2764 1026 2877 1099 (55)
2929 1026 3236 1095 διεφύλαξε.
3275 1026 3385 1079 Καὶ
3413 1026 3584 1079 ταῦτα
3626 1024 3728 1080 οὐκ

2151 1118 2329 1186 ὀλίγον
2354 1118 2523 1189 δήπου
2555 1119 2766 1188 χρόνον,
2786 1118 2902 1171 ἀλλ’
2930 1119 3054 1172 ὅσον
3076 1118 3183 1170 οὐδ’
3207 1116 3382 1171 οἰκίαν
3412 1119 3468 1170 ἐν
3494 1119 3730 1190 ὁμοφρο-

2153 1211 2285 1282 σύνη
2323 1214 2612 1281 συμμεῖναι
2670 1210 2807 1281 μετά
2856 1211 3036 1281 πάσης
3081 1209 3334 1280 εὐθηνίας
3378 1209 3523 1272 εἰκός
3554 1210 3721 1261 ἐστιν.

2150 1301 2260 1353 Καὶ
2316 1301 2376 1352 οὐ
2429 1300 2603 1369 δίψος,
2633 1302 2695 1354 οὐ
2727 1300 2905 1371 λιμὸς,
2946 1301 3006 1352 οὐ
3059 1299 3235 1371 φθορὰ
3267 1299 3555 1369 σωμάτων,
3605 1299 3727 1369 οὐχὶ

2151 1391 2315 1459 φόϐος
2362 1391 2490 1462 περί
2529 1391 2636 1443 τῶν
2671 1391 2967 1460 μελλόντων
2985 1432 3001 1453 ,
3029 1391 3128 1443 οὐκ
3156 1389 3347 1458 ἄγνοια
3375 1386 3483 1440 τῶν
3516 1387 3726 1458 συμϐη-

2153 1483 2416 1553 σομένων,
2450 1484 2540 1535 ἐπὶ
2572 1481 2663 1536 τόν
2695 1482 2865 1553 γόητα
2896 1483 3100 1535 ἐκεῖνον
3127 1483 3299 1554 ἐπῇρε
3346 1480 3472 1543 τοὺς
3518 1478 3722 1544 ἐξαπα-

2148 1574 2428 1644 τωμένους
2486 1575 2581 1628 καὶ
2628 1574 3146 1645 περιφθειρομένους
3192 1572 3373 1636 λαούς.
3426 1571 3617 1626 Καίτοι
3669 1571 3722 1623 τί

2153 1664 2349 1734 βούλει,
2386 1665 2572 1735 φῶμεν
2597 1665 2789 1736 ἐκείνῳ
2816 1665 2936 1718 τινὰ
2973 1662 3111 1719 εἶναι
3151 1664 3420 1736 τοσαύτην
3451 1663 3663 1734 τέχνην,
3686 1661 3722 1732 ἥ

482 1764 628 1811 certe
657 1754 899 1825 quidem,
928 1754 1169 1825 quandiu
1193 1756 1247 1810 in
1275 1756 1436 1810 simili
1462 1757 1797 1812 voluntatum
1822 1772 2038 1813 concor-

2152 1757 2432 1827 δεινότητα
2480 1758 2674 1826 λόγων,
2724 1757 3022 1828 ῆσύνεσιν,
3057 1757 3132 1820 ὡς
3173 1756 3278 1827 τῶν
3317 1755 3585 1810 τοσούτων
3628 1755 3723 1808 καὶ

480 1846 591 1904 dia.
623 1856 683 1902 ut
710 1848 914 1904 aﬂ'atim
951 1858 1147 1905 cuncta
1171 1858 1548 1918 suppeterent,
1572 1865 1790 1904 manere
1821 1866 1886 1907 ac
1922 1867 2046 1921 per-

480 1940 673 1994 sistere
703 1956 772 1996 ne
796 1940 1001 1997 familia
1032 1943 1247 2014 quidem
1266 1957 1371 1995 una
1388 1942 1671 2012 potuisset.
1691 1942 1766 1996 Ita
1781 1958 1955 2011 neque
1974 1943 2049 1998 si-

478 2030 571 2093 tis,
594 2046 769 2101 neque
797 2033 989 2099 fames,
1007 2050 1115 2089 non
1141 2036 1260 2092 lues
1287 2051 1599 2105 corporum.
1618 2051 1727 2089 non
1760 2036 2048 2090 imminen-

477 2122 613 2176 tium
637 2125 998 2192 periculorum
1024 2134 1224 2191 metus,
1243 2142 1347 2181 non
1367 2142 1590 2182 casuum
1610 2126 1877 2197 ignoratio
1899 2125 2046 2181 futu-

477 2228 687 2283 rerum,
714 2217 973 2274 adversus
988 2219 1433 2289 praestigiatorem
1452 2219 1621 2280 illum,
1637 2227 1841 2273 tantam
1862 2220 2043 2289 populi

474 2306 896 2373 multitudinem,
924 2320 976 2364 et
1020 2310 1169 2366 illius
1208 2310 1495 2365 fraudibus
1533 2311 1778 2382 dolisque
1804 2312 2042 2366 circum-

473 2405 715 2466 ventam,
754 2403 1023 2471 etpassim
1055 2402 1348 2471 aliquando
1382 2412 1691 2472 pereuntem
1729 2405 2039 2461 concitavit.

473 2485 703 2553 Qualem
718 2489 946 2545 obsecro
966 2501 1035 2557 te,
1053 2492 1290 2549 hominis
1307 2494 1470 2564 hujus
1489 2505 1690 2550 tantam
1719 2496 1830 2551 sive
1847 2508 2039 2564 artem,

474 2577 589 2632 sive
601 2579 862 2635 orationis
875 2581 1003 2643 vim,
1020 2581 1133 2636 sive
1146 2582 1462 2651 sapientiam
1477 2584 2042 2657 fuissedicemus,qu:e

469 2675 555 2721 tot
566 2684 629 2725 ac
644 2680 749 2725 tam
764 2672 945 2728 varias
957 2672 1330 2729 discriminum
1349 2686 1824 2748 monstrorumque
1837 2678 2040 2736 formas

472 2776 819 2832 prtcsensque
831 2765 1084 2819 omnibus
1100 2767 1324 2821 exitium
1344 2782 1484 2836 sape
1500 2768 1814 2824 minitantes
1830 2785 1932 2824 una
1946 2786 2034 2825 su-

470 2854 721 2921 peraret?
739 2853 1269 2925 Oportuitvidelicet,
1288 2870 1383 2913 aut
1411 2874 1622 2925 eorum,
1640 2860 1838 2929 quibus
1869 2862 2039 2931 impe-

468 2944 654 3011 tabat,
667 2946 1014 3016 ingenia,non
1028 2948 1137 3017 jam
1158 2949 1406 3019 imperita
1423 2965 1602 3005 rerum
1618 2953 2037 3023 esse,ductuque

467 3034 704 3092 difﬁcilia
724 3054 738 3103 ;
759 3039 849 3093 sed
863 3055 985 3095 cum
1013 3040 1078 3095 ad
1114 3041 1595 3113 obtemperandum
1625 3059 1691 3097 ex
1714 3059 1832 3100 sese
1848 3060 2038 3115 prom-

467 3136 584 3197 pta,
602 3136 715 3183 tum
740 3145 870 3185 vero
896 3148 965 3187 ne
988 3131 1157 3187 futuri
1193 3134 1408 3203 quidem
1432 3135 1755 3204 improvida,
1786 3137 2039 3202 aut,licet

467 3219 668 3290 insigni
692 3236 904 3277 morum
924 3224 1272 3293 improbitate
1300 3224 1500 3293 forent,
1530 3226 1697 3282 Deum
1727 3236 1907 3283 tamen
1935 3229 2039 3284 hoc

467 3313 604 3380 ipsis
622 3323 829 3369 naturae
839 3315 1030 3370 vitium
1048 3317 1680 3388 asperitatemquelenire
1693 3358 1708 3382 ,
1733 3331 1785 3375 et
1802 3336 2038 3389 praesen-

463 3406 538 3460 tis
565 3405 726 3461 simul
755 3406 1034 3477 futurique
1053 3410 1290 3464 rationes
1306 3409 1656 3478 providentiae
1676 3426 1788 3467 suae
1807 3413 2036 3467 consilio

466 3496 761 3551 moderari.
792 3497 989 3553 Utrum
1031 3508 1212 3553 autem
1262 3500 1510 3565 dederis,
1544 3501 1597 3555 id
1645 3501 1888 3571 profecto
1933 3504 2037 3557 erit

465 3585 758 3655 ejusmodi,
778 3587 922 3657 quod
957 3587 1025 3643 ad
1064 3587 1393 3659 praecipuam
1418 3590 1710 3661 quamdam
1751 3590 2035 3649 universo-

465 3693 590 3732 rum
636 3677 847 3733 laudem
890 3689 1055 3752 atque
1105 3681 1422 3753 dignitatem
1469 3684 1737 3753 pertinere
1767 3686 2033 3744 videatur.

467 3770 534 3824 Et
558 3768 909 3840 profectionis
938 3773 1158 3843 quidem
1188 3774 1303 3830 haec
1332 3776 1471 3830 ratio
1497 3774 1618 3830 fuit.
1654 3775 1773 3831 Jam
1811 3780 1902 3833 ubi
1925 3789 2033 3836 ter-

464 3876 583 3915 ram
615 3861 760 3916 illam
809 3864 1138 3933 attigissent.
1187 3868 1643 3936 quemadmodum
1694 3885 1917 3925 suarum
1960 3873 2031 3927 ibi

465 3966 650 4005 rerum
687 3952 959 4010 domicilia
987 3957 1335 4025 collocarint,
1383 3975 1611 4030 eamque
1639 3963 1917 4032 regionem
1952 3975 2032 4018 te-

466 4045 708 4111 nuerint,
751 4062 921 4102 sacraa
951 4050 1170 4120 quidem
1203 4066 1393 4107 eorum
1454 4052 1646 4107 littera:
1685 4054 1985 4123 loquuntur
2017 4074 2029 4109 :

464 4138 607 4193 malo
638 4146 816 4193 tamen
848 4141 951 4194 hoc
974 4142 1117 4208 loco,
1148 4158 1256 4197 non
1285 4153 1393 4197 tam
1429 4145 1505 4198 rei
1536 4154 1700 4214 gestae
1724 4146 2029 4210 historiam,

461 4243 625 4296 quam
659 4229 1054 4286 .ratiocinando
1075 4272 1090 4298 ,
1119 4232 1264 4302 quod
1298 4233 1595 4287 verisimile
1623 4232 1804 4298 fuerit,
1843 4250 2029 4303 perse—

461 4317 575 4386 qui.
627 4315 819 4372 Utrum
854 4321 999 4374 enim
1051 4337 1148 4378 eos
1178 4321 1376 4387 mavis,
1408 4322 1689 4377 hominum
1725 4323 1902 4377 adhuc
1936 4338 2030 4376 va-

2151 1848 2405 1902 τοιούτων
2434 1849 2670 1913 ἀτόπων,
2704 1850 2798 1903 καὶ
2824 1848 2959 1922 πρὸς
2982 1849 3198 1921 ὄλεθρον
3219 1849 3460 1911 ἃπαντας
3479 1849 3721 1918 ἀγόντων

2152 1944 2467 2014 ἐπικρατεῖν
2491 1961 2506 2009 ;
2532 1946 2599 1996 Ἣ
2621 1945 2728 2014 γὰρ
2752 1944 2852 2008 τάς
2877 1944 3065 2013 φύσεις
3086 1943 3194 1997 τῶν
3222 1944 3312 1996 ὐπ’
3332 1942 3494 1995 αὐτὸν
3514 1940 3722 2014 ἀνθρὼ-

2152 2052 2268 2087 πων
2300 2035 2399 2086 οὐκ
2428 2032 2653 2104 ἀμαθῶς
2698 2034 2819 2087 οὐδὲ
2866 2033 3159 2096 δυσκόλως,
3192 2033 3305 2086 ἀλλ’
3332 2032 3596 2095 εὐπειθῶς
3625 2033 3719 2085 καὶ

2148 2123 2242 2177 τοῦ
2269 2123 2549 2195 μέλλοντος
2578 2125 2677 2177 οὐκ
2699 2125 3047 2195 ἀπρονοήτως
3073 2124 3215 2194 ἔχειν
3235 2140 3248 2152 ·
3284 2123 3318 2194 ἢ
3370 2122 3591 2184 τούτους
3620 2123 3717 2193 μὲν

2149 2215 2224 2279 ὡς
2250 2214 2481 2286 μάλιστα
2508 2216 2709 2279 κακοὺς
2734 2212 2892 2276 εἶναι,
2914 2215 3006 2267 τὸν
3027 2215 3085 2267 δὲ
3115 2213 3248 2267 Θεὸν
3287 2215 3389 2277 τὰς
3433 2212 3717 2276 δυσκολίας

2147 2306 2330 2359 αὐτῶν
2357 2306 2638 2376 πραΰνειν,
2668 2307 2762 2359 καὶ
2792 2306 2886 2359 τοῦ
2916 2307 3198 2377 παρόντος,
3244 2305 3339 2358 καὶ
3370 2304 3463 2356 τοῦ
3501 2303 3723 2375 μέλλον-

2146 2413 2235 2459 τος
2266 2395 2453 2468 ῶσπερ
2480 2397 2810 2449 ἐπιστατεῖν.
2842 2397 3018 2467 Ὅπερ
3039 2396 3147 2466 γάρ
3178 2412 3258 2447 σοι
3293 2395 3527 2465 μάλιστα
3559 2394 3623 2447 ἂν
3650 2394 3716 2446 ἐκ

2144 2487 2347 2540 τούτων
2393 2488 2589 2557 ἀληθὲς
2624 2483 2763 2541 εἶναι
2812 2488 2957 2560 δόξῃ,
2994 2489 3130 2558 πρὸς
3167 2488 3389 2540 ἐπαίνου
3432 2487 3525 2541 καὶ
3550 2490 3715 2557 τιμῆς

2145 2582 2240 2634 καὶ
2288 2578 2448 2651 ζήλου
2494 2582 2621 2651 περὶ
2652 2580 2828 2633 αὐτῶν
2855 2579 3182 2649 συμπάντων
3208 2579 3411 2649 ἰσχύειν
3443 2578 3710 2646 φαίνεται.

2143 2673 2254 2726 Καὶ
2278 2673 2344 2726 τὰ
2374 2673 2470 2744 μὲν
2493 2672 2594 2742 τῆς
2618 2672 2795 2738 ἐξόδου
2825 2672 2887 2742 δὴ
2927 2671 3117 2723 ταῦτα.
3167 2669 3385 2742 Ἐπειδὴ
3410 2669 3467 2722 δὲ
3507 2670 3587 2733 εἱς
3614 2668 3712 2740 τὴν

2142 2764 2248 2834 γῆν
2268 2764 2470 2834 ταύτην
2506 2760 2690 2835 ἦλθον,
2737 2762 2885 2827 ὅπως
2936 2762 3036 2833 μέν
3076 2778 3206 2815 ποτε
3247 2762 3354 2832 ἄρα
3401 2760 3709 2833 ἱδρύθησαν,

2142 2855 2235 2908 καὶ
2262 2855 2358 2925 τὴν
2386 2853 2569 2926 χώραν
2598 2854 2773 2925 ἔσχον,
2803 2856 2861 2908 ἐν
2900 2856 3019 2917 ταῖς
3054 2856 3224 2924 ἱεραῖς
3253 2855 3592 2923 ἀναγραφαῖς
3614 2852 3711 2923 δη-

2142 2946 2353 3000 λοῦσιν·
2391 2948 2450 3000 οὐ
2484 2948 2591 3019 μὴν
2633 2948 2806 3016 ἔγωγε
2834 2947 3024 3001 δικαιῶ
3061 2946 3258 3017 μᾶλλον
3298 2946 3419 2999 καθ’
3450 2945 3709 3015 ἱστορίαν,

2066 3066 2108 3125 C
2141 3039 2174 3110 ἦ
2210 3040 2350 3093 κατά
2370 3057 2491 3093 τινα
2513 3039 2772 3109 λογισμὸν
2805 3040 2933 3110 περὶ
2966 3038 3143 3092 αὐτῶν
3170 3038 3240 3091 τὰ
3273 3038 3460 3091 εἰκότα
3493 3036 3713 3101 ἐπεξελ-

2142 3131 2273 3185 θεῖν.
2302 3133 2535 3203 Πότερον
2559 3132 2667 3202 γάρ
2701 3147 2828 3184 ποτε
2853 3130 3051 3201 βούλει,
3068 3128 3146 3201 τῷ
3169 3130 3365 3201 πλήθει
3391 3130 3500 3183 τῶν
3527 3128 3711 3200 σωμά-

2137 3242 2245 3278 των
2268 3224 2347 3278 ἔτι
2378 3224 2663 3295 περιόντας
2683 3262 2697 3287 ,
2732 3222 2933 3293 καίπερ
2971 3224 3050 3285 εἰς
3084 3221 3235 3285 τέλος
3269 3221 3709 3292 κεκακωμένους,

2137 3317 2286 3387 ὅμως
2315 3317 2371 3370 δέ
2424 3316 2782 3386 διισχύοντας,
2811 3315 2904 3367 καὶ
2923 3313 2991 3367 τά
3020 3313 3157 3367 ὅπλα
3174 3315 3230 3366 ἐν
3254 3314 3439 3385 χερσὶν
3465 3313 3705 3384 ἔχοντας,

2138 3403 2255 3461 εἶτα
2288 3408 2427 3461 κατά
2453 3407 2651 3478 κράτος
2704 3407 2841 3459 ἐλεῖν
2878 3406 2977 3476 τὴν
2999 3405 3180 3477 χώραν
3198 3447 3213 3467 ,
3242 3406 3444 3477 Σύρους
3485 3421 3544 3457 τε
3571 3403 3705 3474 όμοῦ

2138 3500 2233 3550 καὶ
2259 3498 2510 3561 Φοίνικας
2531 3501 2588 3551 ἐν
2613 3499 2749 3568 αὐτῇ
2770 3501 2835 3569 τῇ
2874 3496 3095 3549 ἐκείνων
3129 3498 3200 3566 γῇ
3252 3493 3585 3565 μαχομένους
3626 3510 3706 3546 νι-

2137 3590 2388 3654 κῶντας⁴
2450 3590 2485 3662 ἢ
2525 3591 2653 3654 τοὺς
2700 3590 2795 3661 μὲν
2826 3628 2842 3649 .
2896 3588 3204 3657 ἀπολέμους
3268 3587 3360 3641 καὶ
3413 3585 3704 3656 ἀνάνδρους

2136 3677 2293 3745 εἶναι,
2321 3682 2417 3734 καὶ
2442 3681 2718 3745 παντελῶς
2745 3681 2954 3748 ὀλίγους
2984 3678 3327 3749 ὐποθὼμεθα,
3355 3677 3448 3731 καὶ
3471 3675 3579 3729 τῶν
3625 3677 3704 3738 είς

2138 3773 2370 3843 πόλεμον
2406 3772 2764 3845 παρασκευῶν
2816 3772 3075 3843 ἀπόρους,
3107 3770 3364 3833 αἰδέσεως
3415 3768 3473 3821 δὲ
3523 3770 3707 3839 τυχεῖν

2138 3860 2288 3932 παρά
2339 3861 2567 3923 τούτοις,
2616 3860 2710 3912 καὶ
2767 3858 2864 3929 τὴν
2901 3858 3007 3928 γῆν
3044 3856 3224 3910 λαϐεῖν
3274 3856 3401 3928 παρ’
3436 3854 3705 3918 ἐκόντων;

2136 3951 2322 4005 ἔπειτα
2372 3951 2415 4003 δ’
2463 3950 2622 4014 εὐθὺς
2654 3951 2753 4003 οὐκ
2807 3952 2888 4014 εἱς
2924 3949 3129 4020 μακρὸν
3157 3947 3247 4000 τόν
3282 3963 3341 4000 τε
3383 3944 3518 3999 νεὼν
3559 3945 3706 3998 ἀνοι-

2136 4044 2470 4114 κοδομῆσαι,
2532 4043 2626 4097 καὶ
2650 4042 2816 4096 τάλλα
2866 4043 2945 4105 εἰς
2995 4039 3274 4094 εὐσέϐειαν
3297 4037 3392 4092 καὶ
3428 4034 3717 4104 ἀγιστείαν.

2136 4134 2613 4205 καταστήσασθαι;
2648 4133 2808 4203 Δηλοῖ
2863 4131 2993 4204 γὰρ,
3048 4131 3124 4195 ὡς
3173 4130 3337 4193 ἔοικε,
3387 4132 3577 4191 ταῦτα,
3615 4126 3708 4179 καὶ

2134 4227 2575 4296 θεοφιλεστάτους
2608 4226 2802 4287 αὐτοὺς
2831 4221 3384 4293 ἀνωμολογῆσθαικαὶ
3414 4217 3563 4289 παρά
3598 4220 3708 4279 τοῖς

2134 4320 2366 4390 ἐχθροῖς·
2396 4319 2579 4389 ἐχθροὶ
2608 4317 2716 4388 γὰρ
2747 4313 2886 4388 ἦσαν
2936 4314 2994 4381 ἐξ
3050 4314 3313 4385 ἀνάγκης,
3359 4304 3434 4365 ὧν
3481 4310 3573 4363 ἐπὶ⁵
3608 4310 3708 4380 τὴν

460 4405 633 4462 lentes
652 4423 903 4472 numero,
935 4412 1149 4466 tametsi
1172 4413 1447 4481 perpetuis
1475 4411 1677 4467 fractos
1696 4412 2032 4468 debilitatos-

2141 4411 2236 4481 γῆν
2264 4410 2524 4481 ἐξαίφνης
2548 4405 2710 4481 ἦλθον
2738 4410 2812 4472 ὡς
2838 4406 3289 4479 ἀφαιρησόμενοι.
3316 4403 3475 4474 Παρά
3498 4401 3706 4464 τούτοις

459 4513 567 4563 que
590 4497 890 4562 laboribus,
914 4502 1091 4555 auctis
1116 4511 1295 4555 tamen
1328 4502 1773 4572 confirmatisque
1796 4502 2025 4569 viribus,

458 4600 523 4640 ea
556 4586 674 4643 loca
710 4590 1060 4656 postmodum
1096 4591 1263 4647 armis
1287 4606 1606 4661 occupasse,
1640 4593 1917 4664 Syrosque
1949 4595 2028 4649 si-

459 4677 574 4731 mul
598 4692 662 4731 ac
684 4675 974 4734 thnices
1011 4680 1128 4734 suis
1156 4682 1211 4733 in
1239 4682 1525 4749 penatibus
1555 4681 1802 4751 focisque
1835 4683 2027 4752 patriis

460 4767 786 4825 dimicantes
818 4771 1137 4841 subegisse?
1159 4772 1242 4825 An
1294 4773 1538 4830 imbelles
1560 4774 1744 4844 potius
1763 4782 1818 4828 et
1845 4775 2024 4844 ignavi

459 4872 583 4913 cum
617 4869 823 4927 essent,
876 4862 1121 4932 adeoque
1148 4864 1485 4932 paucissimi,
1508 4873 1562 4919 et
1597 4880 1627 4919 a
1652 4865 1816 4919 rebus
1847 4866 2026 4919 omni-

457 4947 564 5006 bus
601 4950 995 5023 bellogerendo
1027 4956 1348 5009 necessariis
1384 4956 1666 5025 imparati,
1699 4956 1820 5011 aliis
1844 4968 2024 5011 tamen

455 5049 510 5093 et
527 5040 763 5111 aliquem
782 5059 907 5113 erga
928 5061 986 5101 se
1006 5049 1374 5103 venerationis
1401 5063 1620 5102 sensum
1642 5048 1914 5116 injecisse,
1929 5058 1980 5103 et
1994 5063 2026 5103 a

454 5132 767 5189 volentibus
796 5135 1049 5207 ultroque
1064 5139 1384 5194 cedentibus
1406 5139 1683 5207 regionem
1703 5139 1977 5208 accepisse
2008 5159 2021 5195 :

457 5230 570 5275 tum
594 5225 812 5278 eosdem
842 5226 1003 5294 paulo
1024 5240 1145 5297 post
1169 5229 1472 5283 aedificasse
1487 5229 1768 5296 templum,
1785 5244 1847 5283 ac
1870 5239 2028 5285 cane-

455 5319 515 5358 ra
536 5322 657 5376 quae
672 5310 737 5364 ad
753 5312 1005 5380 pietatem
1031 5315 1461 5386 religionemque
1484 5326 1809 5383 spectarent,
1827 5321 2023 5373 consti-

457 5395 660 5452 tuisse?
689 5401 849 5473 357
872 5402 1006 5460 Nam
1043 5406 1094 5459 id
1121 5406 1338 5476 quidem
1366 5416 1686 5475 argumento
1719 5418 1820 5475 est,
1845 5425 2010 5478 quam

531 5496 559 5528 ι
597 5507 710 5558 γρη
758 5494 791 5564 ἡ
831 5495 911 5550 τό.

2134 4501 2177 4554 δ’
2206 4498 2299 4554 οὖν
2342 4502 2597 4564 αἰδέσεως
2657 4501 2752 4554 καὶ
2802 4501 2963 4570 τιμῆς
3016 4498 3388 4567 τυγχάνοντες,
3444 4494 3563 4558 πῶς
3608 4495 3708 4564 οὐχ

2139 4592 2499 4664 ὑπερϐάλλειν
2530 4592 2751 4664 εὐτυχίᾳ
2768 4593 2894 4654 τοὺς
2926 4587 3116 4653 ἆιλους
3140 4588 3451 4658 φαίνονται;
3490 4586 3624 4640 Τίνα
3650 4584 3708 4636 δὲ

2133 4683 2202 4737 τά
2235 4683 2463 4755 δεύτερα
2494 4683 2711 4754 ἐφεξῆς,
2745 4683 2778 4753 ἢ
2809 4681 2877 4734 τὰ
2932 4681 3087 4754 τρίτα
3121 4680 3257 4752 πρὸς
3285 4679 3491 4742 τούτοις
3537 4678 3705 4745 λέγω·

2137 4791 2273 4844 μεν;
2306 4775 2540 4846 Πότερον
2563 4775 2624 4827 τὸ
2651 4776 2748 4845 τῆς
2802 4774 3056 4843 εὐνομίας
3113 4774 3206 4826 καὶ
3264 4770 3572 4833 εὐπειθείας
3612 4770 3709 4821 αὐ-

2134 4864 2263 4929 τῶν,
2297 4866 2330 4937 ἢ
2354 4866 2452 4936 τῆς
2474 4866 2750 4937 ὁσιότητος
2779 4866 2873 4918 καὶ
2894 4864 3236 4936 δικαιοσύνης
3272 4864 3365 4916 καὶ
3394 4863 3707 4927 εὐσεϐείας;

2146 4958 2305 5010 Ἀλλά
2340 4958 2429 5011 τὸν
2469 4960 2565 5028 μὲν
2597 4958 2765 5030 ἄνδρα
2799 4961 3025 5021 ἐκεῖνον,
3060 4957 3209 5020 ὅστις
3257 4955 3385 5009 ποτὲ
3412 4951 3500 5026 ἦν,
3530 4958 3559 5007 ό
3582 4955 3708 5018 τοὺς

2135 5053 2332 5121 νόμους
2358 5053 2539 5114 αὐτοῖς
2569 5050 2704 5115 θεὶς,
2741 5051 2883 5103 οὓτω
2940 5050 3142 5121 σφόδρα
3195 5048 3531 5118 ἐθαύμασαν,
3580 5048 3655 5110 ὼς
3678 5049 3708 5099 ὅ

2131 5160 2184 5196 τι
2217 5145 2413 5214 δήποτε
2446 5143 2623 5209 ἔδοξεν
2674 5143 2887 5213 ἐκείνῳ,
2940 5142 3034 5194 καὶ
3066 5142 3266 5204 αὐτοῖς.
3297 5140 3421 5194 Εἴτε
3445 5136 3537 5193 οὖν
3563 5140 3709 5192 λελοο

2134 5236 2391 5305 γισμένος
2421 5236 2602 5299 αὐτὸς,
2633 5237 2740 5288 εἴτε
2763 5233 2974 5288 ἀκούων
3023 5233 3173 5305 παρά
3200 5233 3452 5303 δαίμονος
3481 5231 3706 5300 ἔφρασε,

2130 5327 2287 5379 τοῦτο
2319 5329 2463 5381 ἅπαν
2486 5330 2564 5390 εἰς
2587 5329 2676 5380 τὸν
2710 5327 2840 5379 Θεὸν
2871 5326 3114 5394 ἀνάγειν,
3153 5327 3246 5379 καὶ
3283 5326 3539 5377 πλειόνων
3572 5325 3706 5375 ἐτῶν

2118 5417 2519 5484 διεληλυθότων,
2542 5431 2568 5462 ι
2597 5419 2657 5471 τὸ
2685 5419 2782 5489 μὲν
2796 5419 3039 5487 ἀκριϐὲς,
3060 5420 3158 5470 οὐκ
3182 5418 3288 5488 ἔχω
3314 5419 3490 5484 λέγειν
3514 5418 3705 5482 ὁπόσα,

532 5575 997 5670 Εὺ.τις.ςιθ.‹εῖςἶ
1070 5594 1145 5642 lla
1190 5603 1552 5670 correximus,
1612 5605 1734 5645 cum
1796 5601 1919 5649 ante
1988 5591 2036 5649 le

2141 5605 2253 5651 elur
2308 5600 2599 5667 ευπειθεῐν,
2648 5600 2806 5670 cujus
2856 5600 3106 5657 lectionis
3158 5600 3211 5655 in
3283 5600 3374 5654 alt.
3427 5612 3703 5653 manuscr.

462 5652 568 5697 non
595 5654 882 5710 obscurum
914 5659 1090 5711 adhuc
1122 5662 1405 5730 vestigium
1434 5652 1735 5731 supererat.
