4166 6424
445 308 540 364 63!

1572 308 1891 364 ΡΒΑΞΡΑΒ.
1932 308 2185 366 EVANG.
2226 308 2357 364 LIB.
2396 308 2528 365 Vill.

3581 306 3691 360 602

444 422 589 476 πλέω
625 420 668 473 δ’
702 413 793 475 οὖν
823 418 856 491 ἢ
888 420 1125 492 δισχίλια
1181 419 1299 492 ἔτη,
1333 420 1407 494 μὴ
1428 434 1455 464 ι
1493 424 1644 496 ῥῆμά
1672 441 1735 493 γε
1763 426 1962 489 αὐτοὺς
1989 426 2019 465 δ

2122 437 2325 483 certam
2362 429 2444 483 vel
2482 428 2623 498 apud
2668 429 2857 484 hostes
2888 426 3059 483 divini
3099 440 3227 497 erga
3253 440 3312 481 se
3340 426 3543 480 amoris
3567 426 3687 494 Opi-

448 514 605 586 μόνον
662 511 770 565 τῶν
820 512 910 565 ὑπ’
928 512 1094 566 αὑτοῦ
1150 515 1551 586 γεγραμμένων
1605 518 1847 587 κινῆσαι,
1888 519 2024 574 ἀλλά

443 604 545 659 κᾶν
578 604 834 676 μυριάκις
864 604 1060 669 αὑτοὺς
1086 606 1375 659 ἀποθανεῖν
1424 609 1712 678 ὑπομεῖναι
1743 609 1960 674 θᾶττον,
1987 611 2021 683 ἢ

441 699 553 760 τοῖς
574 696 784 749 ἐκείνου
820 696 1006 766 νόμοις
1055 697 1150 750 καὶ
1192 697 1370 751 ἔθεσιν
1410 699 1627 753 ἐναντία
1679 702 2019 771 πεισθῆναι.»

440 786 809 850 Ταῦτέἰπὼν,
829 788 1174 858 ἐπιτέμνεται
1206 792 1304 861 τὴν
1336 793 1399 845 ὲκ
1423 792 1529 846 τῶν
1557 793 1802 857 Μωσέως
1846 794 2024 864 νόμων

442 878 921 950 καταϐεϐλημένην
948 878 1028 951 τῷ
1069 881 1334 936 Ἰουδαίων
1365 882 1508 936 ἔθνει
1559 883 1854 948 πολιτείαν,
1886 884 2024 957 γράο

2121 522 2340 575 nionem
2392 521 2763 576 excitassent:
2813 520 2998 576 hostes
3049 519 3192 574 enim
3238 531 3333 574 eos
3384 517 3685 571 necessitas

2120 613 2241 684 ipsa
2272 613 2523 678 faciebat,
2550 628 2783 683 quorum
2814 613 2917 684 ipsi
2956 613 3183 683 patriam
3234 608 3491 665 invadere
3527 606 3688 663 moli-

2119 714 2331 761 rentur.
2362 705 2443 758 Ab
2472 706 2582 759 illis
2609 721 2740 777 ergo
2780 705 2825 761 si
2870 703 3235 760 observantiae
3261 708 3473 755 tantum
3507 706 3562 753 et
3587 699 3687 753 ho-

2119 794 2272 847 noris
2306 792 2522 847 auferre
2552 801 2864 863 potuerunt,
2888 792 3014 863 quis
3037 806 3143 845 non
3182 790 3400 845 eosdem
3429 788 3688 844 felicitate

2117 885 2345 953 reliquis
2397 884 2652 939 omnibus
2701 883 3020 954 praestitisse
3067 880 3344 937 fateatur?
3390 879 3509 934 .lam
3555 878 3688 950 quid

442 989 556 1043 φων
588 971 778 1035 οὕτωςο
2123 975 2424 1030 secundum
2455 982 2668 1045 postea,
2694 975 2823 1044 quid
2857 975 3077 1029 tertium
3108 967 3570 1027 commemorem?
3600 969 3689 1024 An

442 1063 807 1135 integritatem
848 1063 1081 1119 instituti
1122 1065 1550 1137 obedientiieque
1616 1069 2025 1126 constantiam?
2066 1071 2150 1123 An
2185 1084 2316 1123 vero
2381 1069 2759 1123 sanctimonia:
2821 1067 3009 1133 decus,
3035 1074 3090 1121 et
3116 1065 3385 1120 illibatum
3417 1061 3691 1133 mquitatis

439 1158 821 1229 religionisque
853 1158 1085 1215 florem?
1142 1162 1351 1232 Quippe
1407 1165 1581 1218 virum
1646 1165 1820 1230 illum,
1847 1164 2098 1235 quisquis
2134 1166 2351 1219 demum
2384 1163 2433 1218 is
2461 1162 2643 1227 fuerit,
2679 1176 2855 1231 usque
2897 1161 3033 1216 adeo
3075 1174 3388 1230 suspexere,
3421 1167 3483 1212 ut
3528 1154 3692 1227 quid-

439 1247 570 1316 quid
620 1250 725 1320 ipsi
790 1252 965 1308 visum
1007 1263 1113 1317 est,
1164 1255 1444 1322 probarint
1496 1255 1767 1322 universi;
1810 1269 1975 1325 atque
2018 1257 2112 1321 ita,
2153 1255 2267 1309 sive
2318 1255 2459 1308 hanc
2511 1253 2650 1322 reip.
2704 1250 2935 1306 formam
2997 1264 3095 1304 suo
3155 1249 3272 1318 ipse
3328 1262 3491 1302 sensu
3538 1243 3686 1300 arbi-

439 1342 656 1411 trioque
688 1344 1053 1417 descripserit,
1087 1345 1198 1401 sive
1228 1346 1488 1402 divinitus
1527 1348 1674 1401 illam
1706 1347 1999 1416 acceperit,
2036 1362 2155 1401 eam
2220 1356 2366 1401 certe
2420 1362 2530 1401 non
2566 1343 2741 1411 alteri,
2774 1357 2939 1414 quam
2984 1339 3095 1396 Deo
3129 1349 3403 1411 acceptam
3434 1338 3691 1404 tulerint,

442 1443 629 1506 totque
655 1452 924 1494 annorum
959 1440 1135 1509 spatio
1185 1439 1415 1508 (certum
1485 1440 1739 1511 equidem
1805 1457 2093 1497 numerum
2133 1440 2360 1495 deﬁnire
2386 1455 2495 1495 non
2530 1454 2776 1509 possum,
2810 1438 2902 1493 sed
2933 1445 3112 1491 tamen
3145 1434 3378 1504 amplius
3408 1432 3492 1489 his
3515 1432 3691 1502 mille)

442 1545 512 1584 ne
542 1545 724 1586 vocem
750 1532 969 1602 quidem
1004 1548 1191 1599 unam,
1218 1535 1272 1587 in
1303 1535 1371 1589 iis
1395 1551 1516 1604 qua:
1538 1537 1739 1604 scripta
1768 1536 2006 1605 reliquit,
2048 1535 2421 1590 immutarint:
2456 1534 2762 1603 milliesque
2786 1532 2971 1602 potius
3005 1529 3199 1596 emori,
3253 1544 3417 1599 quam
3477 1527 3693 1598 legibus

442 1621 566 1679 aliis
599 1624 780 1680 virere
818 1627 1170 1695 moribusque
1247 1629 1458 1682 malint.
1503 1648 1521 1680 ›
1567 1627 1693 1683 Haec
1730 1629 1839 1683 ille.
1898 1628 2109 1695 Quibus
2162 1642 2374 1683 summa
2441 1628 2618 1697 legum
2687 1641 2875 1681 earum
2916 1623 3095 1693 capita
3153 1620 3452 1691 subjuugit,
3489 1618 3689 1689 quibus

442 1728 596 1769 suam
638 1711 839 1773 ludatis
872 1718 1262 1787 rempublicam
1296 1720 1509 1790 Moyses
1555 1719 1921 1775 informarat:
1965 1719 2051 1774 bis
2088 1720 2287 1775 verbis.

979 1831 1374 1884 ΚΕΦΑΛΔῘΟΝ
1404 1834 1477 1885 Z'.

2717 1827 2943 1884 CAPUT
2992 1825 3104 1881 VII.

446 1938 557 1999 Τοῦ
584 1941 797 2006 αὑτοῦ,
815 1941 948 2010 περὶ
972 1941 1078 2011 τῆς
1103 1943 1277 2067 afui!
1303 1943 1359 1996 Μ
1361 1944 1520 1999 ωσέα
1561 1945 1883 2013 θεοσεϐοῦς
1912 1963 2020 2001 πο·-

1168 2032 1252 2067 ιτε
1277 2031 1369 2067 ac.

2127 1945 2201 2000 De
2234 1946 2482 2015 religiosa
2517 1945 2766 2000 Mosaica:
2798 1940 3100 2011 reipublicae
3139 1955 3333 2009 Ianua.
3374 1937 3457 1992 Ea:
3486 1954 3690 1992 eoaeut.

1168 2031 1369 2079 ιτειας.

518 2141 539 2175 ι
562 2119 711 2193 Ἀρα
740 2123 792 2175 τί
819 2122 1074 2195 τούτωνῆ
1101 2123 1310 2187 τούτοις
1365 2125 1691 2196 προσόμοιον
1721 2127 1852 2198 παρ’
1877 2126 2019 2180 ὲκεί-

441 2231 551 2279 νοις
580 2215 717 2277 ἐστὶ,
751 2216 925 2285 πρᾷον
950 2210 1089 2266 εἶναι
1112 2213 1255 2266 δοκεῖ
1275 2225 1297 2253 θ
1323 2215 1414 2267 καὶ
1439 2215 1709 2282 τιθασσδν,
1740 2218 1835 2269 καὶ
1857 2204 2018 2271 δικῶν

440 2304 755 2374 ιπαγωγὰς,
792 2305 886 2357 καὶ
932 2303 1181 2373 σκήψεις,
1237 2304 1330 2356 καὶ
1386 2305 1669 2371 ἀναϐολὰς,
1720 2308 1815 2358 καὶ
1857 2309 2020 2378 τιμή-

442 2412 578 2461 σεις,
614 2397 707 2449 καὶ
735 2395 897 2448 πάλιν
915 2395 1270 2465 ὑποτιμήσεις
1316 2394 1436 2465 ἕχον
1468 2396 1610 2466 (56);
1643 2398 1831 2462 Οὐδὲν,
1881 2397 2017 2451 ἀλλὰ

441 2484 618 2541 πάντα
642 2483 788 2537 ἁπλᾶ
816 2484 909 2536 καὶ
936 2483 1088 2545 δῆλα.
1153 2483 1277 2537 Ἐὰν
1315 2483 1702 2555 παιδεραστῇς,
1750 2483 1845 2538 ἐὰν
1900 2501 2018 2555 μοι-

440 2576 624 2648 χεύῃς,
669 2577 765 2630 ὲάν
816 2574 975 2647 βιάσῃ
1032 2575 1196 2628 παῖδα
1249 2574 1470 2645 (ἄρρενα
1533 2575 1629 2646 μὲν
1674 2575 1807 2647 μηδὲ
1849 2575 2016 2647 λέγε),

439 2667 575 2721 ἀλλὰ
592 2667 691 2721 κᾶν
716 2666 952 2738 θήλειαν·
985 2665 1185 2737 ὁμοίως
1213 2666 1306 2719 ὲάν
1336 2666 1531 2719 σαυτὸν
1584 2668 2015 2740 καταπορνεύῃς,

439 2760 533 2814 ἐὰν
560 2760 654 2813 καὶ
672 2761 800 2831 παρ’
828 2758 1042 2831 ἡλικίαν
1093 2758 1318 2829 αἰσχρόν
1366 2774 1420 2810 τι
1475 2756 1674 2830 πάθῃς,
1709 2757 1741 2829 ἢ
1772 2757 2013 2830 δοκῇς,ἢ

442 2849 660 2921 μέλλῃς,
689 2850 916 2913 θάνατος
941 2851 975 2919 ἡ
1002 2848 1195 2919 ζημία.
1238 2847 1361 2901 Ἐὰν
1388 2850 1467 2910 είς
1498 2846 1681 2901 δοῦλον
1715 2847 1891 2920 σῶμα,
1921 2848 2017 2902 ἐὰν

439 2941 518 3003 εἰς
573 2939 854 3010 ἐλεύθερον
911 2937 1163 3010 ὑϐρίζῃς,
1213 2938 1310 2991 ὲάν
1349 2938 1568 3009 δεσμοῖς
1622 2939 1869 3012 συνέχῃς,
1921 2938 2016 2993 ἐὰν

439 3032 667 3099 ἀπάγων
696 3031 900 3101 πωλῇς,
927 3031 1021 3083 ἐὰν
1049 3029 1269 3099 βέϐηλα,
1302 3028 1394 3081 ἐὰν
1439 3030 1559 3101 ἱερὰ
1605 3030 2014 3100 παρακλέπτῃς,

2197 2140 2215 2171 ε
2242 2119 2381 2174 Num
2413 2120 2542 2190 quid
2578 2119 3046 2186 istorum,lnquit,
3081 2114 3381 2170 autsaltem
3422 2114 3488 2169 iis
3510 2114 3689 2181 aliine,

2123 2210 2304 2263 locum
2338 2210 2478 2279 apud
2511 2225 2605 2263 eos
2649 2209 2832 2273 habet,
2865 2205 3013 2276 quod
3054 2204 3286 2274 speciem
3319 2204 3693 2259 mansuetudi-

2123 2301 2211 2354 nis
2244 2316 2309 2354 ac
2349 2299 2624 2354 facilitatis
2657 2300 2894 2369 aliquam
2946 2297 3145 2350 habere
3190 2295 3463 2362 videatur:
3516 2295 3693 2349 litium

2121 2393 2476 2454 intentiones,
2534 2391 3030 2461 tergiversationes,
3068 2387 3693 2458 comperendinationes,

2119 2484 2356 2548 mulctaa,
2389 2483 2829 2553 mulctarumque
2871 2498 2901 2537 a
2949 2482 3057 2537 reis
3104 2482 3346 2551 quaesita:
3371 2480 3695 2535 diminutio-

2119 2571 2259 2627 ιιεεῖ
2290 2571 2435 2625 Nihil
2468 2573 2654 2642 plane:
2688 2582 2744 2627 at
2775 2572 3045 2642 simplicia
3072 2582 3329 2641 certaque
3391 2571 3597 2629 omnia.
3633 2569 3694 2624 Si

2119 2678 2417 2734 puerorum
2470 2665 2776 2730 amoribus,
2827 2664 2873 2719 si
2922 2663 3190 2719 adulterio
3245 2663 3590 2732 peccaveris:
3645 2663 3693 2718 si

2124 2755 2321 2825 puclla:
2340 2756 2566 2824 (marem
2594 2755 2739 2809 enim
2773 2756 2875 2808 hoc
2905 2756 2957 2807 in
2985 2768 3181 2822 genere
3211 2769 3279 2807 ne
3309 2753 3543 2821 appelles
3566 2753 3693 2822 qui-

2120 2847 2267 2916 dem)
2310 2858 2560 2917 stuprum
2594 2846 2885 2902 ohtuleris:
2937 2845 2984 2900 si
3032 2855 3179 2899 tuam
3224 2845 3340 2913 ipse
3375 2844 3696 2913 pudicitiam

2121 2940 2456 3010 prodideris:
2502 2939 2549 2995 si
2591 2948 2786 3009 praeter
2826 2946 3037 2993 aztatem
3070 2947 3231 3009 turpe
3262 2940 3394 3006 quid
3432 2947 3527 2992 aut
3571 2953 3697 3008 per-

2125 3043 2319 3098 pessus
2345 3028 2476 3091 eris,
2504 3037 2600 3082 aut
2630 3028 2911 3092 statueris,
2949 3034 3044 3080 aut
3071 3027 3292 3081 molitus
3338 3025 3543 3093 fueris;
3576 3042 3699 3082 sce-

440 3125 536 3179 ἐὰν
567 3124 788 3193 ἀσεϐῇς,
815 3123 915 3174 οὑκ
943 3121 1089 3193 ἔργῳ
1116 3121 1295 3192 μόνον,
1317 3120 1454 3174 ἀλλὰ
1486 3122 1579 3175 καὶ
1599 3122 1694 3176 ἐὰν
1718 3122 1920 3193 ῥήματι
1940 3121 2018 3192 τῷ

2123 3121 2209 3176 lus
2239 3130 2415 3175 morte
2445 3120 2602 3175 luito.
2642 3119 2700 3174 Si
2742 3127 2838 3173 aut
2885 3133 3067 3185 servo,
3102 3126 3196 3172 aut
3225 3117 3397 3174 libero
3436 3119 3703 3188 iniuriam.

440 3215 676 3285 τυχόντι,
713 3216 794 3279 είς
838 3216 936 3286 μὲν
962 3214 1096 3268 Θεὸν
1127 3214 1286 3268 αὑτὸν
1321 3213 1512 3285 (ἵλεως
1533 3217 1663 3285 ἡμῖν
1689 3215 1717 3266 ὁ
1747 3214 1897 3280 Θεὸς,
1926 3214 2019 3269 καὶ

441 3307 611 3376 αὐτῆς
637 3306 736 3376 τῆς
788 3306 918 3379 περὶ
975 3306 1181 3377 τούτων
1213 3306 1421 3369 ἐννοίας
1468 3306 1699 3374 γένοιτο,
1723 3305 1843 3359 οὐδὲ
1864 3305 2014 3372 ἄξιον

442 3396 664 3467 λέγειν),
684 3396 796 3450 ἀλλ’
832 3398 911 3460 είς
938 3397 1148 3469 πατέρα
1180 3396 1210 3467 ἢ
1249 3396 1534 3468 μητέρα,ἢ
1570 3397 1861 3468 εὐεργέτην
1891 3414 2021 3450 σαυ-

443 3487 557 3541 τοῦ*
594 3488 819 3552 θάνατος
843 3488 1061 3559 ὁμοίως,
1097 3490 1191 3542 καὶ
1220 3484 1376 3551 οὗτος
1412 3489 1469 3541 οὑ
1504 3489 1707 3552 κοινὸς,
1730 3488 1838 3541 οὐδ’
1863 3489 1892 3540 ὁ
1924 3506 2019 3541 τυ·-

444 3579 574 3651 χὼν,
596 3578 731 3633 ἀλλὰ
751 3580 834 3634 δεῖ
856 3579 1287 3650 καταλευσθῆναι
1314 3580 1405 3635 τὸν
1420 3580 1638 3634 εἰπόντα
1664 3580 1840 3650 μόνον,
1857 3579 1931 3642 ὡς
1957 3581 2018 3633 οὑ

444 3670 662 3746 χείρονα
684 3671 935 3736 ἀσεϐείας
964 3671 1266 3744 πράξαντα.
1288 3670 1456 3724 Ἀλλα
1477 3671 1521 3724 δ’
1548 3666 1612 3724 αὖ
1640 3670 1823 3734 πάλιν,
1861 3670 2021 3724 ὁποῖά

444 3778 584 3815 τινα.
619 3762 884 3826 Γυναῖκας
929 3764 1154 3835 ἀνδράσι
1203 3762 1495 3827 δουλεύειν,
1523 3762 1660 3834 πρὸς
1686 3761 1893 3834 ὕϐρεως
1921 3762 2020 3832 μὲν

516 3884 544 3915 ι
582 3890 697 3943 τρ.,
740 3872 896 3945 μηδέ.
969 3873 999 3914 1)
1036 3892 1154 3943 γρ.,
1194 3874 1344 3927 αὑτό.
1423 3884 1445 3912 ε
1486 3890 1604 3943 γρ.,
1641 3871 1853 3925 δοκοῦν.

517 3980 628 4052 (56)
666 3982 1076 4053 ’ίΥποτιμήσεις
1112 3983 1277 4053 ἔχον.
1317 3983 1588 4038 Solemnis
1619 4000 1683 4038 ea
1716 3991 1819 4046 est,
1853 3999 2027 4052 quam

447 4052 946 4123 expressimusL'in
1000 4070 1059 4107 re
1111 4052 1313 4107 ferensi
1367 4054 1812 4118 maxime,vocis
1856 4054 2020 4123 hujus

449 4120 793 4191 significatio.
824 4120 936 4176 Nec
976 4124 1123 4177 aliud
1164 4124 1218 4176 in
1262 4124 1449 4177 eadem
1499 4123 1600 4176 fuit
1632 4120 2017 4192 ὑποτιμᾶσθαι,

448 4207 611 4258 quam
642 4207 816 4255 reum,
851 4201 947 4246 aut
980 4193 1055 4246 rei
1095 4194 1299 4247 amicos
1336 4193 1636 4261 graviorem
1680 4208 1894 4261 pamam
1923 4194 2018 4248 de-

448 4261 680 4329 precari,
723 4269 778 4314 et
826 4278 949 4317 cum
1000 4262 1200 4317 leviore
1243 4263 1424 4330 aliqua
1471 4274 1800 4331 permutare.
1848 4261 2020 4318 Secus

450 4337 631 4418 tamen
682 4331 860 4418 visunt
906 4340 990 4387 est
1035 4332 1251 4418 erudito
1296 4331 1675 4418 Xenophontis
1710 4332 2018 4418 ipterpreti,

449 4399 543 4469 qui
570 4400 751 4473 locum
781 4402 929 4473 illum
964 4417 1025 4456 ex
1057 4401 1275 4473 ᾼροιοθ.
1305 4418 1400 4471 pro
1436 4399 1675 4473 Socrate,
1710 4399 2019 4473 Κελεὺόμε-

2121 3209 2336 3277 feceris,
2372 3210 2420 3265 si
2454 3218 2549 3264 aut
2574 3209 2833 3264 habueris
2874 3208 2928 3262 in
2972 3208 3226 3269 vinculis.
3276 3218 3368 3262 aut
3402 3208 3699 3263 abductum

2120 3300 2467 3356 vendideris:
2504 3300 2550 3356 si
2594 3298 2807 3371 profani
2835 3300 3044 3354 sacrivc
3069 3298 3351 3369 quidpiam
3380 3297 3526 3353 furto
3563 3313 3693 3353 sus-

2121 3393 2342 3447 tuleris:
2376 3392 2422 3448 si
2471 3406 2581 3445 non
2628 3406 2789 3460 Opere
2825 3391 3009 3456 modo,
3057 3389 3150 3443 sed
3183 3389 3351 3443 verbo
3392 3396 3552 3443 tenus
3587 3388 3694 3442 im-

2120 3486 2207 3555 pie
2237 3483 2454 3550 feceris,
2489 3498 2597 3537 non
2630 3483 2685 3536 in
2740 3480 2912 3536 Deum
2942 3481 3160 3551 quidem
3201 3479 3378 3549 (absit
3417 3480 3563 3534 enim
3585 3521 3602 3546 ,
3636 3490 3699 3534 ut

2119 3577 2203 3630 vel
2243 3575 2345 3631 hoc
2378 3576 2535 3631 nobis
2572 3575 2800 3628 verbum
2836 3575 3069 3639 excidat,
3108 3572 3488 3643 propitiusque
3535 3573 3711 3649 nobis

2122 3669 2265 3724 Deus
2297 3669 2385 3723 ille
2415 3668 2508 3733 sit,
2535 3656 2935 3738 358'quihus
2965 3667 3018 3721 in
3057 3675 3292 3722 mentem
3328 3666 3412 3721 vel
3447 3666 3564 3736 ipsa
3592 3666 3697 3721 hoc

2120 3762 2189 3816 de
2219 3759 2453 3816 crimine
2491 3761 2750 3831 cogitatio
2779 3758 3066 3830 subierit),
3107 3758 3200 3813 sed
3246 3759 3303 3813 in
3340 3766 3550 3828 patrem
3597 3767 3694 3813 aut

2124 3998 2317 4053 σομαι;
2359 3980 2467 4036 imo
2497 3997 2696 4052 saepius
2726 3982 2923 4035 deinde
2948 3982 3002 4053 ri.
3040 3980 3321 4053 τιμᾶσθαι.
3369 3981 3505 4036 Hinc
3533 3980 3703 4053 etiam

2120 4051 2325 4107 factum
2355 4051 2592 4116 videtur,
2622 4065 2678 4106 ut
2704 4051 3070 4122 ὑποτιμᾶσθαι
3098 4051 3427 4122 dicerentur,
3455 4052 3549 4121 qui
3577 4067 3701 4106 mu-

2121 4125 2268 4176 neris
2317 4122 2556 4191 impositi
2600 4121 2941 4191 gravitatem,
2975 4132 3068 4175 aut
3101 4121 3456 4191 valetudinis,
3491 4130 3583 4174 aut
3611 4135 3703 4175 se-

2121 4190 2506 4256 nectutis,’aut
2537 4191 2700 4245 simili
2732 4191 2964 4256 quadam
2994 4190 3345 4243 excusatione
3380 4190 3705 4259 deligerent,

2121 4262 2278 4330 quasi
2310 4264 2554 4315 muneris
2586 4261 2746 4314 istius
2783 4261 2979 4330 vicem,
3011 4260 3291 4330 proprium
3337 4259 3442 4312 hoc
3483 4258 3707 4330 et__sin-

2122 4326 2309 4399 giilare
2341 4330 2749 4399 incommodum
2785 4326 3124 4383 sulﬁccrent.’
3144 4326 3328 4399 Quare
3359 4328 3503 4399 apud
3528 4326 3699 4399 Hesy-

2124 4397 2307 4454 chium
2338 4397 2664 4469 ὑποτίμησις
2691 4399 3027 4469 explicatur,
3050 4397 3340 4469 πρόφασις.
3368 4397 3478 4451 Νεε
3507 4397 3703 4467 suspe-

450 4447 540 4542 ύος
590 4469 986 4542 ὑποτιμᾶσθαι,
1033 4447 1156 4524 οὔτε
1194 4447 1383 4525 ἑάυὲὺν
1433 4447 1838 4542 ὑπετιμήσατο,
1898 4447 2020 4524 οἵτε

2126 4447 3388 4542 giug'fgaailm‘ggsg'jaagif'iin"Ennaeas
3403 4447 3704 4542 iaciam,

450 4541 577 4611 τοὺς
610 4539 795 4611 φίλους
822 4541 1021 4594 είάσεν⁸
1058 4542 1191 4594 ἀλλὰ
1220 4543 1314 4597 καὶ
1345 4542 1550 4609 ἔλεγεν,
1574 4539 1737 4593 ὅτιτὸ
1765 4542 2027 4611 ὑποτιμᾶ-

454 4609 577 4682 σθαι
628 4610 1012 4680 ὁμολογοῦντος
1062 4610 1145 4682 εἴη
1190 4612 1419 4676 ἀδικεῖν,
1467 4612 1542 4665 ita
1582 4611 1755 4682 reddit
1788 4628 1803 4665 :
1833 4609 2023 4665 lassus

451 4679 697 4751 multum,
727 4685 1009 4751 exsolvere,
1056 4679 1217 4751 neque
1266 4682 1328 4735 de
1359 4697 1454 4736 suo
1499 4698 1611 4734 eam
1644 4681 1828 4751 solvit,
1864 4696 2025 4751 neque

452 4749 736 4820 amicosid
764 4751 934 4818 facere
962 4749 1149 4820 passus
1173 4762 1284 4812 est;
1314 4755 1418 4803 imo
1441 4752 1602 4803 etiam
1631 4750 1855 4820 dicebat,
1887 4749 2025 4801 mul-

453 4827 554 4899 οςω
581 4818 900 4913 solutiore?
927 4818 1041 4913 ej‘us
1075 4837 1186 4913 esse
1215 4821 1440 4902 heminis
1462 4861 1474 4883 ,
1504 4821 1694 4913 qui-se.
1719 4819 1914 4886 injuste
1943 4819 2024 4889 fe-

453 4888 585 4943 cisse
612 4888 1074 4960 fateri’videretur.
1104 4891 1300 4960 Atqui,
1326 4892 1436 4958 jam
1480 4888 1697 4957 capitali
1727 4904 1881 4957 pceua
1914 4888 2025 4943 non

453 4959 770 5025 pecuniaria
819 4959 1056 5021 mulcta,
1107 4959 1396 5014 damnatus
1436 4969 1551 5013 erat
1595 4960 1849 5013 Socrates
1885 4972 2026 5012 :nec

455 5025 821 5097 ὑποτιμᾶσθαι
871 5030 1193 5083 solventium
1259 5042 1382 5092 est,
1451 5030 1544 5084 sed
1612 5028 2021 5082 :rstimantium.

455 5094 597 5163 Quid
621 5094 771 5167 quod
803 5114 869 5151 ex
919 5099 1011 5153 illo
1051 5098 1300 5154 Socratis
1337 5099 1479 5154 facto
1503 5139 1518 5163 ,
1565 5097 1867 5166 Xenophon
1897 5112 2023 5166 per-

454 5167 644 5234 Spicue
701 5168 931 5238 intelligi
981 5170 1187 5234 voluit,
1240 5185 1403 5238 quam
1461 5168 1611 5222 nullo
1664 5167 2027 5237 producenda)

453 5238 581 5290 vita:
613 5237 899 5292 desiderio
914 5238 1221 5292 teneretur?
1251 5237 1456 5293 Sensus
1498 5239 1662 5307 igitur
1687 5246 1790 5301 est,
1826 5237 2024 5291 Socra-

453 5313 567 5375 tem
618 5316 794 5361 morte
820 5308 1159 5374 damnatum,
1193 5310 1336 5375 quod
1378 5308 1488 5362 reis
1516 5309 1771 5363 omnibus
1804 5307 2022 5373 licebat,

455 5373 713 5431 leviorem
740 5376 842 5433 sibi
875 5392 1113 5447 poenam,
1147 5373 1279 5448 φέρε
1316 5379 1509 5442 εἰπεῖν,
1540 5378 2026 5448 ειδὶιὶυιη,ίεειξεε-

454 5459 594 5510 rem,
624 5455 720 5518 aut
743 5446 1116 5518 pecuniariam
1153 5446 1380 5518 multam
1427 5449 1696 5518 irrogare,
1720 5447 1838 5518 Δνει
1881 5446 1935 5501 id
1966 5453 2027 5499 ut

455 5528 553 5586 per
595 5514 803 5586 amicos
847 5515 1021 5586 fieret,
1062 5516 1175 5585 pati
1222 5517 1479 5571 noluisse.
1516 5514 1675 5586 A'pud
1719 5514 2021 5586 Platonem,

459 5583 713 5656 Socrates
742 5585 797 5639 in
827 5583 1123 5656 Apologia,
1153 5585 1215 5637 τὸ
1241 5583 1623 5656 ἀντιτιμᾶσθαι
1661 5601 1787 5641 cum
1829 5584 2026 5656 Demo-

457 5652 651 5709 sthene
690 5663 745 5725 ει
792 5654 865 5725 al.
893 5649 1035 5709 'eodI
1080 5670 1243 5725 sensu
1289 5649 1524 5725 accipit:
1569 5656 1805 5725 Τιμᾶται
1854 5655 1898 5707 δ’
1933 5649 2024 5725 οὖν

461 5740 550 5792 μοι
578 5726 605 5777 ό
640 5723 774 5797 ἀνὴρ
804 5724 1048 5779 θανάτου·
1086 5724 1193 5792 ἐγὼ
1235 5725 1289 5777 δὲ
1318 5725 1381 5795 δὴ
1408 5723 1556 5789 τίνος
1585 5723 1711 5795 ὑμῖν
1740 5724 2022 5793 ἀντιτιμή-

2126 4537 2388 4593 Camillo:
2424 4538 2672 4608 Συνορῷν
2698 4537 2755 4590 δὲ
2790 4539 2838 4605 (ό
2862 4537 3154 4608 Κάμιλλος)
3185 4537 3286 4608 τὴν
3318 4538 3583 4608 ἀνάγκην,
3603 4539 3705 4590 καὶ

2124 4609 2212 4662 τὸν
2240 4608 2501 4679 κίνδυνον,
2544 4606 2667 4661 οὕτε
2714 4606 3042 4679 ὑποτίμησιν
3071 4606 3270 4679 εἰπὼν,
3412 4606 3705 4679 πρότερον,⁸

2123 4679 2247 4749 οὒτε
2297 4678 2566 4749 προφάσει
2613 4676 2988 4749 χρησάμενος,
3033 4678 3146 4749 ἀλλ’
3189 4677 3413 4732 αὐτόθεν
3455 4676 3697 4741 ὑποστὰς

2123 4747 2222 4819 τὴν
2244 4818 2247 4819 ν
2268 4747 2601 4818 στρατηγίαν
2616 4747 2767 4819 γεω.
2802 4748 3002 4813 Quinta
3030 4748 3261 4803 Camillo
3303 4749 3568 4819 dictatura
3601 4749 3696 4800 de-

2125 4817 2418 4883 ferebatur,
2466 4817 2677 4872 homini
2729 4819 2840 4887 jam
2895 4832 3060 4888 prope
3106 4818 3489 4888 octogenario;
3534 4830 3703 4888 grave

2125 4888 2341 4957 quidem
2369 4902 2530 4949 onus,
2561 4888 2707 4956 quod
2739 4897 2917 4941 tamen
2945 4886 3000 4939 in
3032 4886 3254 4942 summo
3275 4889 3407 4956 reip.
3435 4886 3703 4957 periculo,

2125 4955 2272 5010 nulla
2304 4957 2382 5019 is,
2417 4966 2475 5011 ut
2521 4955 2732 5010 tertiam
2779 4965 2833 5011 et
2867 4965 3115 5026 quartam
3138 4998 3154 5024 ,
3207 4960 3559 5011 excusatione
3581 4955 3698 5026 rde-

2125 5026 2283 5097 fugit.
2317 5026 2501 5096 Itaque
2533 5027 2857 5097 ὑποτίμησιν
2885 5027 3075 5097 είπείν,
3106 5036 3159 5081 ει
3191 5025 3460 5097 προφάσει
3491 5025 3701 5096 χρήσα-

2127 5094 2271 5161 σθαι,
2309 5094 2599 5150 adniodum
2633 5094 2869 5165 gemina.
2902 5094 3055 5161 Quod
3104 5094 3307 5165 optime
3346 5098 3478 5149 vidit
3506 5094 3697 5149 Annio--

2124 5176 2235 5222 tus.
2284 5167 2353 5219 At
2411 5164 2653 5220 Latinus
2693 5168 2958 5233 interpres
3011 5165 3086 5218 ita
3142 5164 3342 5230 vertit,
3405 5164 3537 5218 nihil
3579 5165 3698 5233 jam

2125 5235 2360 5300 mulcta,
2413 5246 2471 5288 ut
2518 5246 2671 5298 ante,
2715 5236 2998 5287 deterritus
3030 5250 3048 5286 :
3094 5235 3305 5298 minus,
3351 5235 3577 5304 opinor,
3628 5250 3695 5288 ex

2125 5306 2404 5359 Plutarchi
2451 5315 2630 5358 mente
2676 5305 3009 5373 prwscrtim,
3057 5314 3115 5357 ut
3160 5304 3265 5357 alia
3309 5307 3540 5369 mittam,
3568 5318 3697 5358 cum

2127 5376 2358 5430 similem
2400 5375 2775 5445 magistratum
2808 5373 3069 5445 Camillus
3115 5374 3299 5427 multae
3341 5374 3700 5445 metu_defu-

2125 5446 2272 5516 gisse
2298 5442 2661 5516 nonhle'gatur
2694 5459 2709 5496 :
2742 5442 2834 5496 sed
2887 5452 3094 5495 tantum
3140 5452 3355 5516 aetatem
3379 5483 3394 5508 ,
3427 5442 3698 5497 valetudi-

2126 5513 2272 5580 nem,
2305 5523 2358 5567 et
2383 5513 2487 5567 alia
2516 5514 2569 5565 id
2603 5526 2780 5582 genus
2789 5524 3111 5582 excusasse,
3142 5513 3290 5582 quod
3332 5520 3449 5567 erat
3478 5515 3698 5582 proprie

2128 5577 2451 5653 ὑποτίμησιν
2500 5577 2692 5653 είπεζν.
2760 5577 2889 5653 Nec»
2929 5577 3178 5653 dubium'
3209 5590 3292 5653 est
3352 5577 3498 5650 quiti
3550 5577 3701 5636 infra

2128 5599 2282 5636 οποτι
2330 5599 2451 5653 ησιν
2500 5599 2692 5633 ειπειν.
2760 5599 2870 5634 nec
2929 5599 3155 5634 uumum
3209 5599 3292 5636 εει
3352 5599 3485 5650 quin
3550 5599 3698 5636 intra

2127 5669 2179 5721 p.
2210 5599 2335 5713 36g,
2369 5666 2464 5719 pro
2496 5651 2593 5722 τῆς
2624 5648 2845 5715 ἀγνοίας
2876 5650 3213 5722 ἐπιτίμησιν,
3244 5651 3453 5720 legend.
3479 5653 3570 5717 sit,
3597 5653 3698 5722 τῆς

2128 5720 2344 5790 ἀγνοίας
2373 5720 2717 5791 ὑποτίμησιν,
2744 5722 2927 5775 eodem
2958 5720 3115 5789 plane
3144 5735 3329 5776 sensu.
3497 5724 3500 5728 λ
