4166 6450
458 303 566 360 605

458 605 683 676 quidem
709 621 775 667 ac
807 607 1047 677 vulgari:
1086 612 1178 666 sed
1211 614 1463 684 quisquis
1498 619 1579 671 vel
1612 619 1794 689 lingua
1825 630 2034 677 tantum

460 696 567 752 hoc
595 698 648 759 in
672 714 871 768 genere
904 701 1219 770 deliquerit,
1272 707 1600 776 lapidandus
1650 712 1696 767 is
1741 723 1844 777 est,
1877 716 2035 784 quasi

460 786 599 841 nihil
632 788 682 842 ei
726 790 820 858 qui
855 790 1020 860 impie
1054 793 1183 862 quid
1226 794 1437 863 fecerit,
1467 798 1813 863 improbitate
1849 817 2037 857 conce-

460 876 572 934 dat.
610 880 763 937 Alias
806 892 1067 951 praeterea
1114 886 1258 957 leges
1300 889 1350 943 id
1393 906 1566 959 genus
1612 891 2038 962 habent,cujus-

461 972 610 1026 modi
649 988 728 1028 eat:
767 984 897 1029 sunt
939 991 1062 1046 qua:
1109 989 1446 1047 sequuntur:
1502 981 1710 1038 Uxores
1742 985 1874 1040 viris
1925 1002 2033 1041 non

463 1065 633 1121 ullam
670 1064 737 1119 ad
787 1068 1196 1132 contumeliam,
1230 1072 1322 1128 sed
1356 1074 1570 1141 quoties
1600 1075 1919 1129 obcttientize
1951 1091 2037 1129 ra-

462 1158 543 1213 tio
572 1159 889 1227 postulabit,
922 1163 1087 1223 rebus
1115 1162 1168 1216 in
1206 1165 1462 1223 omnibus
1483 1168 1909 1237 obtemperante.
1937 1167 2039 1223 Pa-

462 1260 647 1312 rentes
680 1253 968 1321 imperium
1004 1254 1055 1307 in
1106 1255 1306 1311 liberos
1335 1258 1589 1321 habento,
1617 1275 1727 1328 quo
1759 1269 1938 1313 tamen
1969 1260 2036 1315 ad

462 1360 652 1401 eorum
710 1345 873 1400 saluti
915 1349 1185 1416 praecipua
1230 1365 1361 1403 cura
1408 1351 1699 1419 sttulioque
1747 1352 2038 1407 consulen-

464 1440 596 1497 dum
628 1448 880 1498 utuntor.
910 1440 1145 1495 Suarum
1173 1441 1407 1510 quisque
1438 1441 1755 1497 facultatum
1783 1443 2038 1498 dominus

464 1542 607 1598 esto,
658 1533 767 1593 nisi
806 1534 853 1591 si
904 1548 998 1589 eas
1048 1532 1177 1597 Deo,
1230 1533 1314 1586 vcl
1351 1533 1560 1588 dicatas
1606 1544 1902 1603 utcunque,
1955 1534 2036 1587 vel

464 1627 692 1689 omnino
724 1641 911 1684 sacras
940 1639 1066 1678 esse
1098 1623 1351 1679 voluerit.
1392 1623 1526 1678 Nam
1559 1625 1603 1679 si
1636 1626 1729 1679 vel
1756 1640 1852 1685 ore
1876 1635 2038 1682 tenus

465 1718 819 1788 sponsionem
869 1716 1137 1786 ejusmodi
1192 1716 1429 1785 aliquam
1490 1717 1850 1784 nuncuparit.
1902 1716 2041 1775 nihil

465 1826 655 1865 eorum
691 1810 945 1879 deinceps
978 1810 1244 1880 attingere
1290 1809 1510 1878 poterit,
1562 1809 1653 1864 sed
1686 1810 1941 1863 omnibus
1988 1809 2037 1863 ei

465 1904 731 1959 continuo
761 1904 1112 1959 interdictum
1159 1903 1282 1957 erit.
1319 1903 1504 1971 Apage
1551 1916 1701 1965 vero,
1736 1901 2035 1970 quidquam

462 2012 528 2050 ex
580 1995 647 2051 iis
690 2010 812 2065 qua:
845 1995 1164 2050 numinibus
1212 2002 1528 2049 consecrata
1578 1993 1791 2059 forent,
1836 2003 1930 2047 aut
1969 2009 2034 2047 ex

464 2085 711 2142 donariis
758 2087 951 2141 alienis
995 2102 1216 2156 rapere:
1268 2101 1393 2141 nam
1453 2100 1541 2140 res
1575 2086 1737 2140 etiam
1773 2085 2038 2153 cujusque

462 2177 737 2249 proprias,
775 2187 837 2232 ut
876 2179 989 2247 jam
1048 2177 1197 2242 dixi,
1244 2177 1329 2231 vel
1387 2191 1591 2240 unum,
1632 2176 1777 2246 quod
1832 2176 2039 2245 impru-

464 2269 612 2323 denti
650 2267 879 2324 Domino
928 2270 1213 2334 exciderit,
1260 2268 1484 2323 verbum
1522 2267 1882 2325 consecrabit.
1924 2264 2037 2328 ita,

464 2362 623 2428 cuius
665 2375 729 2415 ea
774 2375 879 2415 vox
931 2359 1114 2423 fuerit,
1158 2360 1371 2415 cunctis
1416 2359 1506 2414 ille
1545 2359 1863 2429 spoliandus
1903 2358 2033 2410 erit:

465 2451 598 2514 lino,
628 2450 681 2506 si
714 2465 833 2504 eam
863 2458 1073 2504 mutata
1105 2450 1395 2512 sententia,
1430 2463 1688 2503 revocare
1731 2447 2036 2512 conabitur,

462 2542 573 2596 vita
612 2556 833 2612 quoque
881 2541 1222 2611 spoliandus.
1267 2543 1445 2611 Atque
1477 2540 1666 2594 eadem
1718 2549 2037 2593 cancrorum

462 2641 747 2701 praeterea,
781 2631 836 2685 in
880 2645 1021 2702 quos
1065 2639 1390 2699 potestatem
1441 2630 1567 2699 quis
1614 2630 1841 2693 habeat,
1899 2628 2041 2683 ratio

462 2734 566 2778 est.
599 2722 657 2779 Si
684 2725 766 2778 vir
793 2726 984 2779 uxoris
1015 2740 1127 2780 suae
1161 2724 1420 2778 alimenta
1451 2721 1562 2777 Deo
1597 2737 1753 2777 sacra
1792 2736 1913 2777 esse
1940 2736 2039 2775 vo-

463 2815 647 2880 luerit,
687 2815 963 2870 alimentis
1009 2816 1063 2870 ei
1096 2816 1213 2870 suis
1254 2813 1661 2869 abstinendum.
1708 2814 1763 2866 Si
1812 2813 1879 2868 de
1928 2811 2045 2867 tilio

462 2914 637 2976 pater,
673 2905 719 2960 si
755 2905 1012 2975 princeps
1040 2906 1107 2960 de
1134 2904 1389 2970 subditis,
1424 2903 1604 2958 simile
1634 2903 1892 2973 quiddam
1928 2911 2039 2956 sta-

461 3000 646 3062 tuerit,
678 2999 845 3053 ﬁxum
879 2999 1023 3053 idem
1069 2998 1379 3053 habendum
1414 3012 1477 3052 ac
1508 3004 1708 3051 ratum.
1744 2995 1914 3050 Porro
1943 3009 2041 3049 vo-

461 3101 642 3146 torum
671 3089 942 3159 ejusmodi
973 3090 1196 3152 solutio.
1230 3088 1278 3143 si
1319 3087 1386 3141 de
1414 3086 1812 3156 perfectissima
1841 3094 1894 3140 et
1923 3101 2037 3139 ma-
2062 3114 2104 3171 ο

463 3181 609 3236 xime
651 3181 947 3250 loquimur,
980 3178 1303 3243 sacerdotis,
1338 3178 1433 3247 qui
1465 3191 1528 3231 ea
1555 3176 1657 3231 sibi
1688 3176 1907 3245 probari
1943 3191 2037 3231 ne—

463 3282 572 3344 get,
615 3272 834 3342 propria
865 3283 979 3326 esr:
1024 3285 1150 3325 eum
1194 3269 1342 3324 enim
1387 3282 1546 3322 suum
1585 3266 1744 3337 quasi
1772 3266 2036 3320 vicarium

465 3362 611 3419 Deus
653 3376 773 3417 esse
809 3361 1000 3422 voluit.
1043 3360 1136 3429 qui
1184 3373 1247 3413 ea
1284 3357 1369 3412 vel
1418 3357 1718 3425 suscipere,
1752 3356 1834 3409 vel
1877 3371 2039 3424 repu-

464 3454 617 3507 diare
662 3465 879 3506 summo
913 3450 1039 3519 jure
1071 3455 1274 3517 posset.
1322 3446 1509 3500 Altera
1556 3458 1687 3499 vero
1719 3452 1805 3498 est
1843 3444 1912 3497 ab
1948 3444 2034 3509 iis,

466 3559 635 3615 penes
669 3557 808 3613 quos
856 3542 1165 3611 praecipuus
1208 3553 1424 3606 semper
1464 3545 1646 3590 manet
1681 3535 1759 3589 rei
1791 3534 2040 3588 domina-

465 3646 577 3700 tus,
621 3635 704 3690 fas
748 3634 1020 3705 quoddam
1072 3643 1125 3686 et
1171 3629 1404 3686 facultas
1450 3627 1712 3695 profecta,
1760 3643 1869 3696 qua
1915 3626 2039 3695 quis

468 3729 742 3800 placatum
796 3725 897 3780 sibi
929 3722 1335 3793 propitiumque
1382 3721 1591 3775 Numen
1637 3735 1760 3775 esse
1798 3735 2040 3789 pronun-

468 3821 585 3876 tiet.
623 3818 697 3873 Ita
737 3817 1182 3873 consecrationes
1218 3816 1339 3869 illas
1386 3823 1535 3869 ratas
1579 3812 1843 3874 habendi,
1891 3811 2036 3865 nulla

466 3914 654 3971 subest
683 3910 1007 3966 necessitas.
1051 3910 1168 3963 Alia
1224 3909 1450 3976 insuper
1491 3905 1699 3960 inﬁnita
1739 3913 1887 3966 sunt.
1918 3920 2040 3968 qua:

465 4005 661 4076 partim
711 4003 831 4057 sine
869 4001 1094 4070 scripto,
1132 3999 1379 4053 moribus
1415 4008 1622 4052 tantum
1665 4006 1719 4051 et
1745 4005 2039 4053 consuetu-

464 4099 613 4163 dine,
648 4097 841 4167 partim
875 4095 1093 4164 scriptis
1124 4094 1287 4147 etiam
1320 4092 1529 4163 legibus
1559 4091 1928 4147 continentur.
1963 4089 2040 4144 Ac

465 4190 789 4261 posterioris
840 4190 1004 4243 etiam
1060 4187 1275 4259 generis
1337 4195 1495 4250 sunt,
1552 4201 1673 4255 quae
1712 4195 2033 4253 sequuntur.

467 4282 602 4350 Quae
630 4284 756 4353 quis
800 4281 1032 4337 moleste
1065 4281 1414 4351 graviterque
1484 4277 1671 4343 terret,
1702 4292 1763 4331 ea
1817 4279 1931 4347 ipse
1969 4293 2038 4331 ne

1096 309 1366 368 EUSEBll
1398 314 1878 379 CESAMENSIS
1914 325 2065 383 OPP.
2106 327 2288 384 PARS
2326 329 2387 385 l1.
2430 362 2499 373 —
2536 330 3049 394 APOLOGETICA-

3603 337 3712 393 6οι

2137 628 2429 696 κτημάτων
2456 627 2551 680 ἕνα
2568 627 2794 681 ἕκαστον
2825 629 3011 701 κύριον
3040 625 3199 695 εἶναι,
3244 630 3317 701 μὴ
3338 630 3468 685 Θεόν
3494 648 3557 701 γε
3592 634 3710 686 ὲπι-

2139 720 2457 790 φημίσαντα
2491 722 2694 785 αὑτοῖς,
2748 721 2870 792 μηδ’
2903 723 2979 786 ὡς
3031 721 3109 793 τῷ
3168 721 3288 792 Θεῷ
3334 724 3505 778 ταῦτα
3554 725 3725 795 ἀνίηο.

2139 827 2223 864 σιν
2255 812 2339 881 (57
2352 824 2387 875 ).
2423 813 2482 865 El
2507 812 2565 865 δὲ
2619 812 2761 883 λόγῳ
2812 814 2971 883 μόνον
3020 814 3348 885 ὑποσχέσθαι
3392 817 3707 888 προσπέσοι,

2135 901 2339 972 ψαῦσαι
2368 904 2460 955 καὶ
2490 902 2659 971 θίγειν
2684 902 2863 956 αὑτῶν
2894 904 2994 956 οὑκ
3026 902 3194 965 ἑστιν,
3222 904 3335 957 ἀλλ’
3358 903 3519 968 εὐθὺς
3545 905 3727 960 ἀπάνε

2138 1013 2248 1049 των
2281 993 2719 1048 ἀποκεκλεῖσθαι.
2746 995 2836 1064 Μή
2875 1011 2963 1064 μοι
2986 993 3054 1047 τὰ
3083 993 3190 1047 τῶν
3231 994 3367 1049 θεῶν
3398 994 3507 1064 (58)
3535 996 3714 1067 ἀρπάο

2138 1084 2270 1149 ζειν,
2309 1086 2429 1157 μηδ’
2450 1085 2724 1156 ἀποσυλᾷν
2775 1086 2977 1157 ἑτέρων
3021 1087 3385 1158 ἀναθημάτων
3415 1087 3547 1158 (59),
3578 1088 3712 1142 ἀλλὰ

2137 1179 2232 1232 καὶ
2261 1178 2368 1231 τῶν
2395 1178 2628 1243 οἰκείων,
2663 1178 2851 1250 ὥσπερ
2874 1179 3029 1249 ἔφην,
3073 1181 3381 1251 προσπεσόν
3408 1198 3462 1233 τι
3502 1182 3594 1234 καὶ
3617 1181 3712 1236 λα-

2138 1269 2229 1321 θὸν
2256 1269 2418 1321 αὐτὸν
2469 1267 2641 1337 ῥῆμα,
2692 1267 3046 1339 ὲπαναθήσει.
3079 1269 3315 1323 Εἱπὸντα
3363 1270 3440 1330 δὲ,
3495 1270 3712 1324 πάντων

2140 1360 2443 1431 στέρεσθαι’
2479 1358 2936 1429 μεταγινώσκοντι
2967 1360 3025 1414 δὲ
3072 1361 3104 1431 ἢ
3155 1362 3606 1433 ἐπανορθουμένῳ
3644 1362 3713 1416 τὰ

2094 1512 2101 1517 _
2137 1450 2451 1520 λελεγμένα,
2483 1452 2577 1505 καὶ
2599 1450 2695 1523 τὴν
2725 1452 2900 1523 ψυχὴν
2933 1453 3444 1524 προσαφαιρεῖσθαι.
3483 1454 3592 1508 Καὶ
3621 1454 3713 1507 ἐπὶ

2137 1542 2245 1596 τῶν
2273 1543 2467 1607 ἄλλων,
2500 1537 2576 1597 ὧν
2608 1545 2870 1615 κυριεύει,
2898 1546 3106 1609 δαὺτὸς
3136 1546 3313 1614 λόγος.
3363 1545 3487 1600 Ἐὰν
3518 1549 3715 1616 ἐπιφη-

2143 1635 2275 1706 μίσῃ
2302 1633 2507 1706 τροφὴν
2535 1635 2795 1703 γυναικὸς
2826 1636 2984 1707 ἀνὴρ,
3009 1636 3160 1706 ίεράν
3190 1634 3349 1700 εἶναι,
3402 1637 3604 1709 τροφῆς
3628 1637 3735 1690 ἀνι-

2141 1720 2302 1789 ἐχειν.
2347 1722 2471 1774 Ἐὰν
2503 1723 2684 1794 πατὴρ
2718 1722 2817 1793 υἱῷ
2840 1722 2970 1791 (60),
3005 1723 3099 1776 ὲάν
3124 1726 3304 1795 ἄρχων
3332 1725 3410 1796 τῷ
3452 1725 3711 1796 ὑπηκόῳ,

2137 1811 2353 1865 ταυτόν.
2385 1812 2494 1864 Καὶ
2514 1812 2733 1875 ἔκλυσις
2779 1812 2837 1865 δὲ
2889 1814 3392 1885 ὲπιφημισθέντων,
3424 1818 3457 1885 ἡ
3497 1816 3595 1886 μὲν
3627 1832 3715 1868 τεο

2136 1902 2381 1973 λειοτάτη
2407 1903 2499 1955 καὶ
2530 1903 2777 1972 μεγίστη,
2811 1903 2903 1961 τοῦ
2942 1905 3127 1974 ἱερέως
3182 1907 3580 1976 ἀποφήσαντος*
3610 1904 3735 1964 ὒπδ.

2138 1997 2246 2066 γὰρ
2279 1995 2371 2049 τοῦ
2396 1994 2534 2048 Θεοῦ
2587 1994 2775 2066 κύριος
2805 1990 2958 2058 οὗτος
2987 1994 3258 2059 δέξασθαι*
3295 1997 3390 2050 καὶ
3417 1997 3553 2067 μετά
3583 1993 3715 2049 ταὺ-

2135 2104 2235 2160 την
2258 2087 2314 2141 δὲ
2340 2089 2372 2158 ή
2400 2088 2549 2158 παρά
2577 2087 2685 2140 τῶν
2717 2087 2914 2157 μᾶλλον
2939 2088 3026 2141 ἀεὶ
3047 2088 3250 2160 κυρίων
3284 2089 3407 2143 ὁσία
3443 2087 3600 2141 ἵλεων
3625 2084 3716 2140 τδν

2136 2180 2267 2233 Θεδν
2297 2179 2632 2250 ἀποφαίνειν*
2668 2180 2744 2242 ὡς
2772 2180 2905 2251 μηδὲ.
2938 2181 3021 2233 ἐπ’
3052 2180 3317 2248 ἀνάγκαις
3341 2179 3437 2251 τὴν
3462 2179 3713 2233 ἀνάθεσιν

2136 2271 2404 2342 δέχεσθαι.
2459 2271 2643 2343 Μυρία
2675 2272 2731 2325 δὲ
2786 2271 2921 2324 ἄλλα
2976 2271 3067 2324 ἐπὶ
3100 2270 3329 2335 τούτοις,
3362 2270 3461 2323 ὅσα
3505 2270 3596 2323 καὶ
3620 2269 3713 2324 ἐπὶ

2137 2361 2398 2432 ἀγράφων
2431 2359 2569 2412 ὲθῶν
2622 2362 2715 2414 καὶ
2758 2360 3025 2429 νομίμων,
3055 2360 3158 2413 κάν
3199 2362 3312 2422 τοῖς
3342 2358 3587 2429 νομίμοις
3617 2358 3714 2410 αὑ-

2138 2456 2250 2515 τοῖς
2284 2452 2416 2523 (Gl).
2451 2452 2521 2504 ’Ἀ
2549 2470 2631 2515 τις
2685 2451 2875 2506 παθεῖν
2902 2451 3161 2523 ἐχθαίρει,
3207 2452 3282 2524 μὴ
3334 2454 3505 2504 ποιεῖν
3530 2450 3733 2513 αὑτόν.,

2144 2546 2211 2597 Ἀ
2249 2544 2322 2615 μὴ
2377 2543 2702 2614 κατέθηκεν,
2758 2545 2881 2616 μηδ’
2914 2543 3273 2615 ἀναιρεῖσθαι,
3317 2544 3443 2615 μηδ’
3477 2545 3541 2596 ὲκ
3575 2560 3716 2615 πραο

2141 2637 2281 2700 σιᾶς,
2308 2636 2430 2707 μηδ’
2458 2637 2522 2689 ἐκ
2573 2635 2756 2706 ληνοῦ,
2808 2635 2928 2707 μηδ’
2960 2635 3021 2700 ἐξ
3070 2635 3291 2699 ἅλωνος·
3349 2635 3423 2707 μὴ
3465 2634 3715 2705 θημῶνος

2140 2726 2484 2799 ὑφαιρεῖσθαι
2517 2727 2658 2798 μέγα
2689 2727 2721 2799 ἢ
2761 2727 2956 2798 μικρὸν
2988 2726 3175 2789 ἁπλῶς
3204 2725 3394 2797 μηθέν.
3432 2726 3521 2797 Μὴ
3546 2726 3715 2797 πυρὸς

2136 2816 2378 2886 δεηθέντι
2412 2815 2644 2886 φθονεῖν.
2708 2818 2800 2888 Μὴ
2847 2817 3062 2887 νάματα
3123 2816 3329 2869 ὑδάτων
3382 2816 3711 2870 ἀποκλείειν’

2138 2907 2273 2962 ἀλλά
2306 2909 2396 2962 καὶ
2426 2911 2659 2979 πτωχοῖς
2678 2909 2771 2962 καὶ
2796 2926 2870 2979 πη
2879 2911 2992 2980 ροῖς
3016 2909 3220 2980 τροφὴν
3246 2908 3551 2979 ὲρανίζουσι
3580 2908 3737 2981 πρὸς⁷

2138 2999 2228 3053 τὸν
2259 2998 2390 3053 Θεὸν
2415 2999 2628 3069 εὐαγῶς
2652 3001 2863 3071 ἀνέχειν
2880 2999 3012 3070 (62).
3040 2999 3133 3071 Μὴ
3158 2999 3338 3069 ταφῆς
3374 3001 3579 3072 νεκρῶν
3605 2999 3735 3072 (65).

2138 3088 2427 3161 ἐξείργειν,
2455 3089 2591 3143 ἀλλά
2615 3090 2710 3143 καὶ
2745 3091 2848 3161 γῆς
2872 3089 3054 3151 αὐτοῖς
3086 3089 3210 3142 ὅσον
3244 3105 3308 3157 γε
3335 3092 3414 3153 είς
3442 3089 3539 3161 τὴν
3565 3089 3717 3142 ὁσίαν

2140 3180 2614 3253 προσεπιδάλλεινο
2646 3182 2719 3253 μὴ
2746 3181 2939 3252 θήκας,
2983 3182 3066 3255 μὴ
3095 3184 3351 3255 μνήματα
3380 3180 3516 3244 ὅλως
3536 3198 3718 3235 κατοι-

2139 3271 2384 3342 χομένων
2415 3273 2604 3324 κινεῖν.
2639 3272 2731 3343 Μὴ
2764 3271 2960 3343 δεσμὰ,
3023 3273 3095 3343 μὴ
3128 3272 3303 3327 κακὸν.
3342 3270 3507 3342 μηδὲν
3556 3270 3717 3323 πλέον

2138 3361 2216 3432 τῷ
2243 3364 2300 3415 ὲν
2347 3363 2608 3428 ἀνάγκαις
2664 3364 3107 3435 προσεπιφέρειν.
3144 3362 3237 3432 Μὴ
3292 3364 3452 3432 γονὴν
3506 3361 3716 3433 ἀνδρῶν

2140 3452 2519 3524 ἐκτέμνοντας,
2552 3452 2625 3526 μὴ
2657 3454 2944 3521 γυναικῶν.
2992 3454 3248 3517 ἁτοκίοις,
3277 3453 3371 3506 καὶ
3401 3451 3585 3514 ἄλλαις
3610 3469 3717 3521 μη-

2139 3549 2327 3616 χαναῖς
2360 3545 2621 3616 ἀμὸλοῦν.
2653 3546 2744 3617 Μὴ
2768 3545 2928 3611 ζώοις
2959 3545 3247 3616 ἔμπαλινῆ
3276 3542 3576 3608 κατέδειξεν
3614 3542 3713 3595 εἴτ’

2139 3627 2457 3696 οὖνὸΘεὸς,
2509 3633 2621 3686 εἴτε
2667 3651 2751 3697 τις
2779 3634 2873 3687 καὶ
2919 3633 3233 3705 νομοθέτης,
3291 3630 3711 3702 προσφέρεσθαι.

2139 3721 2231 3791 Μὴ
2259 3722 2479 3792 σπέρμα
2500 3722 2798 3792 ἀφανίζειν·
2831 3722 2904 3793 μὴ
2934 3722 3176 3793 γέννημα
3214 3719 3452 3777 δουλοῦν.
3498 3721 3590 3793 Μὴ
3622 3721 3718 3785 ζυ-

2138 3810 2232 3880 γὸν
2261 3812 2443 3866 ἄδικον
2497 3813 2940 3879 ἀνθυποϐάλλειν,
2981 3816 3054 3886 μὴ
3084 3815 3293 3884 χοίνικα
3343 3814 3598 3886 ἄμετρον,
3641 3812 3716 3885 μὴ

2138 3904 2382 3974 νόμισμα
2404 3906 2607 3960 ἄδικον.
2632 3907 2721 3978 Μὴ
2753 3907 2919 3977 φίλων
2968 3910 3254 3981 ἀπόρρητα
3289 3913 3346 3964 έν
3389 3907 3559 3981 ἔχθρα
3591 3906 3718 3977 φαί-

2139 4010 2268 4049 νειν.
2297 3996 2395 4049 Ποῖ
2420 3996 2483 4068 δὴ
2512 3998 2646 4068 πρὸς
2669 3998 2761 4051 τοῦ
2781 3998 2916 4053 Θεοῦ
2945 4001 3074 4070 ἡμῖν
3100 4000 3169 4054 τὰ
3203 3998 3469 4069 Βουζύγια
3497 4001 3715 4064 ὲκεῖνας

2142 4090 2314 4145 Ἀλλα
2340 4091 2396 4144 δὲ
2424 4093 2558 4164 πρὸς
2589 4092 2797 4156 τούτοις
2828 4095 2947 4165 δρα.
2980 4095 3070 4165 Μὴ
3102 4093 3302 4149 παίδων
3329 4091 3604 4155 διοικίζειν
3633 4105 3718 4158 γο-

2138 4181 2283 4245 νέας,
2313 4181 2433 4253 μηδ’
2456 4182 2522 4236 ἂν
2556 4183 2932 4257 αἰχμαλώτους
2963 4184 3109 4257 Em;-
3147 4184 3220 4255 μὴ
3245 4186 3477 4252 γυναῖκα
3501 4180 3716 4252 ἀνδρὸς,

2139 4271 2241 4326 κᾶν
2264 4273 2509 4344 νομίμως
2535 4276 2837 4346 ἐωνημένος
2873 4274 2939 4349 ᾗς
2963 4276 3245 4347 δεσπότης.
3291 4271 3473 4327 *Ηπου
3526 4271 3719 4343 σεμνό-

469 4373 656 4432 facito.
709 4372 841 4441 Quae
888 4389 996 4428 non
1044 4373 1378 4442 deposuerit,
1427 4386 1491 4426 ea
1538 4386 1607 4425 ne
1654 4371 1849 4426 tollito.
1892 4369 2037 4427 Nihil

2137 4380 2270 4435 τερα
2298 4365 2392 4417 καὶ
2423 4364 2593 4435 μείζω
2651 4366 2839 4420 ταῦτα·
2895 4367 3029 4423 ἀλλα
3078 4367 3134 4420 δὲ
3186 4366 3360 4439 μικρά
3407 4365 3500 4419 καὶ
3530 4364 3599 4417 τὰ
3619 4380 3715 4417 τυ-

464 4468 682 4538 penitus
739 4466 1279 4535 quantulumcunque
1353 4465 1455 4529 sit,
1508 4479 1575 4519 ex
1643 4463 1868 4518 alterius
1950 4465 2031 4517 vel

2137 4456 2319 4527 χόντα.
2352 4457 2444 4528 Μὴ
2466 4459 2706 4512 νεοττίαν
2760 4462 2893 4531 φησὶ
2939 4459 3261 4517 κατοικίδιον
3321 4458 3579 4530 ἐρημοῦν,
3640 4459 3725 4529 μὴε

465 4561 661 4625 horto,
705 4558 789 4613 vel
827 4557 1116 4619 torculari,
1163 4556 1248 4610 vel
1290 4571 1439 4621 area,
1486 4555 1569 4609 vel
1609 4571 1805 4610 acervo
1849 4554 2034 4610 furtim

2139 4547 2292 4611 ζώων
2322 4548 2547 4614 ἱκεσίαν,
2600 4543 2686 4602 οἷα
2715 4549 2826 4602 ἐσθ’
2847 4551 2936 4603 ὅτε
2969 4550 3421 4622 προσφευγόντων
3454 4550 3714 4618 ἀναιρεῖν.

466 4651 797 4708 subtrahito.
852 4648 929 4703 Ne
976 4649 1233 4718 cuiquam
1287 4648 1488 4718 petenti
1542 4648 1723 4719 ignem
1774 4649 2033 4705 invideto.

466 4742 781 4798 Fluentium
811 4756 1079 4812 aquarum
1115 4756 1218 4795 usu
1250 4740 1521 4795 neminem
1555 4739 1850 4795 excludite.
1896 4739 2038 4794 Pau-

463 4836 689 4906 peribus
742 4842 797 4889 et
829 4848 1057 4903 corpore
1098 4832 1305 4887 mutilis
1351 4833 1545 4901 stipem
1598 4831 2037 4887 mendicantibus

466 4925 563 4982 Dei
597 4941 764 4982 causa
802 4925 889 4996 pie
930 4924 1237 4979 subvenito.
1269 4923 1539 4979 Mortuum
1572 4924 1844 4979 neminem
1881 4938 2037 4994 sepe-

537 5077 649 5150 (57)
683 5077 830 5145 Mm?
853 5078 933 5143 ὡς
963 5076 1042 5142 τῷ
1078 5080 1143 5150 Θ.
1175 5096 1228 5132 τ.
1267 5076 1321 5131 ἀ.
1352 5078 1448 5150 Ὧς
1477 5077 1794 5150 mutandum
1824 5078 2037 5150 videtur

464 5149 520 5205 in
548 5147 638 5221 ξς,
668 5149 1065 5221 quasiplicfret,
1086 5147 1464 5221 ﬂxatavéy‘ra
1486 5148 1656 5221 ταῦτα
1687 5149 1766 5220 τῷ
1788 5148 1928 5221 Θεῷ.

537 5218 649 5288 (58)
686 5216 809 5290 Ἰξῶν
828 5216 1008 5271 θεῶν.
1034 5216 1173 5284 Quid
1212 5220 1256 5271 si
1284 5217 1376 5271 τοῦ
1405 5218 1578 5290 Θεοῦἳ
1606 5216 1749 5290 Nam
1772 5216 2035 5290 quorsum

464 5289 556 5345 hic
606 5288 974 5358 profanorum.
1019 5293 1244 5343 deorum
1301 5289 1652 5358 meminisse?
1706 5288 1808 5345 nisi
1856 5301 2035 5344 tamen

464 5367 556 5421 Dii
587 5353 684 5436 pro
718 5368 876 5438 Deus,
905 5381 964 5420 ut
984 5365 1190 5422 Hebraei
1223 5353 1421 5434 Dtt‘t‘m,
1454 5371 1598 5438 quod
1633 5370 1718 5425 vix
1744 5371 1926 5427 credo.

536 5438 648 5509 (59)
701 5436 942 5511 Ἐτέρων
991 5437 1402 5511 ἀναθημάτων.
1450 5436 1548 5495 Hic
1593 5442 1864 5511 genitivus
1911 5458 2034 5496 cum

467 5507 728 5577 sequente
757 5507 993 5571 οἰκείων,
1026 5508 1220 5573 Attico,
1260 5520 1315 5564 ut
1363 5507 1658 5566 notandum
1683 5520 1787 5573 est,
1820 5529 1918 5581 pro
1946 5529 2037 5567 ac-

466 5578 691 5633 Cusaudi
721 5592 871 5630 casu.

543 5646 654 5722 (60)
695 5646 822 5711 Υίῷ.
855 5646 1163 5722 Legendum
1197 5650 1406 5703 videtur
1439 5651 1578 5717 υίοῦ,
1605 5661 1657 5707 et
1682 5652 1846 5722 paulo
1889 5661 2033 5722 post,

472 5716 731 5787 ὑπηκόου,
763 5733 868 5772 non
904 5716 1148 5790 ὑπηκόῳ,
1177 5716 1632 5790 quemadmodum
1679 5716 1804 5778 ante
1836 5716 2032 5779 scribi?

2137 4641 2229 4711 Μὴ
2262 4640 2315 4693 εἷ
2336 4657 2388 4693 τι
2415 4640 2523 4693 τῶν
2558 4640 2815 4696 τοιούτων
2862 4637 3023 4712 ἧττόν
3082 4643 3248 4695 ἐστιν.
3309 4640 3535 4702 Οὐδενὸς
3591 4638 3715 4703 ἄξια

2136 4730 2312 4785 ταῦτά
2341 4749 2405 4800 γε
2444 4734 2618 4794 εἴποις
2671 4734 2757 4788 ἀν.
2807 4732 2945 4786 Ἀλλ’
2978 4734 3006 4789 ὅ
3066 4751 3130 4802 γε
3184 4734 3271 4787 ἐπ’
3317 4733 3499 4797 αὑτοῖς
3552 4731 3715 4802 νόμος

2138 4824 2256 4877 ἐστὶ
2310 4807 2506 4894 μέγας,
2557 4826 2653 4880 καί⁸
2713 4827 2894 4899 πάσης
2951 4827 3266 4897 ἐπιμελείας
3291 4826 3485 4891 αἴτιος,
3520 4826 3614 4880 καὶ
3659 4827 3715 4878 at

2139 4917 2473 4987 προρρήσεις
2503 4917 2757 4987 μεγάλαι,
2819 4917 2913 4971 καὶ⁸
2965 4919 3096 4989 ἀραὶ
3149 4917 3292 4973 κατά
3332 4934 3392 4971 τε
3438 4916 3711 4983 ἐξωλείας,

2139 5124 2245 5179 tur,
2284 5118 2562 5197 γυναικός,
2593 5132 2732 5197 μου·
2751 5119 2987 5186 γυναικί,
3020 5116 3155 5197 Nam
3204 5116 3295 5170 hic
3326 5130 3577 5197 quoque,
3608 5113 3716 5197 ἀπὸ

2139 5186 2351 5251 κοινοῦ,
2397 5188 2830 5242 subaudiendum
2885 5199 3088 5257 putem,
3130 5187 3441 5257 ἐπιφημίσῃ
3485 5186 3712 5257 τροφήν.

2212 5257 2318 5327 (6i)
2359 5259 2488 5312 Κάν
2531 5257 2656 5323 τοῖς
2698 5256 2968 5327 νομίμοις
3012 5256 3235 5321 αὐτοῖς.
3280 5256 3461 5309 Maliin
3515 5257 3584 5308 ab
3630 5256 3715 5327 bis

2138 5324 2318 5382 verbis
2372 5342 2523 5381 nova:
2568 5324 2781 5397 periodi
2830 5324 3152 5396 principium
3207 5328 3431 5388 ducere,
3490 5324 3709 5380 tametsi

2137 5406 2285 5450 totus
2314 5398 2401 5451 hic
2433 5398 2584 5452 locus
2610 5398 2857 5451 nonnihil
2888 5399 3204 5453 decurtatus
3230 5397 3460 5450 videtur.

2211 5466 2319 5533 (62)
2355 5466 2624 5535 Ἀνέχειν.
2656 5466 2750 5537 Hic
2773 5468 2984 5537 ἀνέχειν
3004 5476 3089 5521 est
3115 5467 3359 5537 ἀπέχειν,
3384 5466 3529 5536 quod
3552 5465 3718 5537 paulo

2139 5545 2263 5589 ante
2291 5546 2431 5596 erat.
2453 5536 2769 5605 ἀπέχεσθαι.

2211 5606 2319 5673 (65)
2348 5604 2606 5674 Νεκρῶν.
2662 5605 2801 5675 Lege
2838 5606 3096 5678 νεκρούς,
3126 5606 3208 5661 vel
3249 5605 3294 5661 si
3325 5607 3528 5678 νέκυν,
3566 5612 3628 5678 ut
3659 5604 3714 5678 i_u

2139 5691 2437 5742 manuscr.,
2461 5678 2643 5740 αὐτοῖς
2668 5673 2812 5748 quod
2844 5673 3090 5748 sequitur
3116 5677 3434 5732 mutandum
3461 5677 3513 5731 in
3544 5673 3714 5743 αὐτῷ.
