4166 6456
451 353 556 411 635

1588 350 1911 407 PMPAR.
1953 349 2207 407 ΕνΑΝο.
2246 350 2375 405 LIB.
2418 347 2559 405 VIIP.

3581 349 3700 407 606

447 469 543 528 καὶ
593 468 622 520 ό
681 465 814 530 Θεὸς
866 465 1110 535 ἐπόπτης
1154 463 1261 518 τῶν
1309 462 1585 530 τοιούτων,
1639 467 1733 519 καὶ
1789 466 2009 537 τιμωρὸς

2126 464 2212 520 liri
2253 465 2559 534 prohibeto,
2595 464 2690 521 sed
2712 464 2763 519 ei
2792 463 2996 534 potius,
3022 462 3304 532 religionis
3334 460 3527 517 saltem
3563 477 3701 517 cau-

447 557 779 628 ἀπανταχοῦ.
807 577 825 608 ι
846 559 955 611 Καὶ
986 557 1124 628 μετά
1143 556 1347 628 βραχέα
1362 557 1546 627 φησίν*
1585 558 1783 625 «Ὅλην
1807 559 1864 611 δὲ
1890 557 2026 627 ὴμέ-

448 665 547 720 ραν
568 649 612 698 σί
634 648 808 718 τύχοι,
848 648 1045 718 μᾶλλον
1065 648 1121 701 δὲ
1148 648 1270 700 οὐδὲ
1307 648 1456 717 μίαν,
1508 647 1642 700 ἀλλά
1677 646 1897 711 πολλὰς,
1929 647 2024 699 καὶ

444 740 647 804 ταύτας
676 741 777 794 οὐκ
810 740 969 802 εὐθὺς
989 740 1187 808 ἐφεξῆς
1228 739 1507 811 ἀλλήλαις,
1543 740 1654 793 ἀλλ’
1685 740 1749 792 ἐκ
1783 739 2025 809 διαλειμ-

447 833 632 905 μάτων
694 832 825 903 (κα)⁵
864 832 1070 888 τούτων
1116 832 1172 885 δὲ
1203 833 1333 903 παρ’
1380 831 1542 896 ἑπτὰ,
1575 831 1921 905 κρατοῦντος,
1947 831 2024 894 ὡς

442 923 538 981 καὶ
569 923 737 987 είκδς,
767 925 877 978 uisi.
912 923 1004 976 τοῦ
1037 924 1188 995 παρά
1214 924 1313 987 τὰς
1348 923 1609 994 βεϐήλους
1658 924 1862 995 ἔθους),
1893 924 2022 995 μήθ’

441 1013 500 1068 ἐν
523 1014 589 1069 ἂν
622 1015 933 1085 παραϐῆναι
993 1014 1101 1068 τῶν
1158 1016 1666 1086 προστεταγμένων,
1686 1017 1756 1097 ,οὐ
1812 1015 2025 1085 θαυμά-

442 1109 587 1173 (atq;
623 1104 749 1179 Ἆρ’
772 1108 833 1160 οὐ
865 1106 975 1176 (64)
1005 1106 1142 1178 πρὸς
1163 1108 1449 1176 ἀσκήσεως
1478 1108 1639 1178 μόνον
1662 1108 1845 1170 αὐτοῖς
1867 1106 2024 1160 τοῦτο

442 1199 771 1269 ἐγκρατείας
803 1200 969 1263 ἐστὶν,
1006 1197 1082 1261 ὡς
1110 1197 1172 1266 ἐξ
1225 1198 1339 1252 ἴσου
1388 1199 1483 1252 καὶ
1518 1199 1650 1270 δρᾷν
1709 1216 1763 1252 τι
1804 1196 2022 1251 ποιοῦν-

440 1304 537 1352 τας
566 1289 698 1359 (65),
749 1289 842 1344 καὶ
892 1289 1105 1360 ἀνέχειν
1165 1288 1368 1359 ἰσχύειν
1414 1290 1521 1343 ἀπὸ
1576 1290 1683 1342 τῶν
1737 1289 1933 1361 ἔργων,
1972 1291 2022 1343 εί

439 1379 576 1440 δέου
599 1381 673 1435 Οὐ
698 1380 851 1451 δῆτα.
894 1380 1054 1436 Ἀλλά
1094 1380 1189 1434 καὶ
1216 1397 1240 1419 α
1294 1381 1428 1451 πρὸς
1455 1381 1614 1450 ἔργου
1641 1381 1877 1452 μεγάλου
1928 1382 2023 1434 καὶ

441 1470 755 1541 θαυμαστοῦ
784 1489 927 1535 τινος
955 1471 1107 1542 ᾠήθη
1133 1471 1242 1527 δεῖν
1265 1473 1292 1525 ὁ
1326 1471 1642 1542 νομοθέτης,
1673 1473 1867 1535 αὐτοὺς
1896 1474 2021 1543 μήτ’
2079 1534 2091 1546 ,

441 1563 573 1618 ἄλλα
602 1562 716 1634 (66)
755 1564 914 1634 μόνον
969 1564 1185 1626 ἱκανοὺς
1220 1560 1358 1617 εἶναι
1405 1564 1537 1635 δρᾷν
1579 1564 1858 1629 ὡσαύτως,
1905 1565 2020 1618 ἀλλ’

438 1654 518 1711 ἐτι
552 1655 646 1708 καὶ
668 1654 774 1708 τῶν
796 1656 1041 1726 πατρίων
1068 1655 1248 1725 νόμων
1277 1656 1371 1708 καὶ
1393 1654 1530 1708 ἐθῶν
1554 1656 1831 1726 ἐμπείρως
1857 1655 2016 1726 ἔχειν.

439 1745 503 1798 Τί
533 1743 625 1799 οὐν
659 1746 885 1816 ἐποίησε
939 1749 1059 1809 ταῖς
1091 1747 1345 1816 ἑϐδόμαις
1369 1746 1593 1809 ταύταις
1625 1747 1856 1817 ἡμέραις
1876 1765 1889 1805 ;
1913 1749 2019 1800 Αὐ-

437 1837 564 1900 τοὺς
591 1839 673 1901 είς
703 1837 900 1891 ταυτὸν
929 1838 1079 1907 ἠξίου
1116 1838 1461 1906 συνάγεσθαι,
1490 1839 1586 1891 κα)⁸
1626 1836 2021 1908 καθεζομένους

440 1929 556 1999 μετ’
610 1929 872 2000 ἀλλήλων,
936 1931 1032 1982 σὺν
1092 1930 1231 1983 αίδοί
1282 1929 1375 1982 καὶ
1429 1930 1620 2000 κόσμῳ
1673 1930 1779 1983 τῶν
1842 1930 2020 2000 νόμων

438 2020 763 2090 ἀκροᾶσθαι,
797 2020 890 2073 τοῦ
946 2021 1149 2092 μηδένα
1201 2021 1463 2091 ἀγνοῆσαι
1516 2021 1704 2092 χάριν..
1744 2023 1852 2075 Καὶ
1883 2022 2019 2092 eam

439 2112 787 2183 συνέρχονται
815 2112 911 2182 μὲν
935 2113 1042 2175 ἀεὶ,
1072 2113 1165 2167 καὶ
1192 2113 1568 2182 συνεδρεύουσι
1602 2115 1716 2184 μετ’
1750 2114 2013 2186 ἀλλήλων·

434 2204 492 2258 οἱΔ
519 2203 617 2274 μὲν
651 2201 833 2255 πολλοὶ
864 2205 1063 2272 σιωπῇ,
1089 2201 1227 2272 πλὴν
1259 2201 1313 2254 εἷ
1335 2219 1387 2255 τι
1416 2203 1887 2273 προσεπιφημίσαι
1907 2205 2018 2267 τοῖς

435 2293 967 2363 ἀναγινωσκομένοις
991 2291 1290 2363 νομίζεται’
1323 2293 1430 2346 τῶν
1465 2293 1653 2363 ἱερέων
1676 2293 1733 2350 δέ
1761 2296 1885 2357 τιςό
1913 2312 2017 2347 πα-

437 2381 569 2456 ρὼν,
599 2383 630 2454 ἦ
663 2383 770 2435 τῶν
793 2383 1060 2454 γερόντων
1083 2378 1162 2446 εἷς
1187 2383 1543 2452 ἀναγινώσκει
1563 2386 1686 2447 τοὺς
1722 2386 1897 2456 ἱεροὺς
1931 2385 2011 2438 v6.-

440 2492 572 2551 μους
597 2476 798 2537 αὐτοῖς,
823 2476 916 2528 καὶ
946 2474 1064 2528 καθ’
1096 2475 1322 2531 ἕκαστον
1368 2476 1643 2546 ἐξηγεῖται
1677 2478 1839 2549 μέχρι
1890 2496 2013 2550 σχε-

429 2563 517 2616 δὸν
545 2563 722 2634 δείλης
748 2564 924 2633 ὀψίαςο
950 2567 1058 2619 κάκ
1109 2567 1260 2619 τοῦδε
1294 2567 1638 2632 ἀπολύονται,
1688 2569 1796 2623 τῶν
1833 2587 1893 2623 τε
1927 2571 2012 2625 νό-

436 2671 551 2728 μων
574 2654 683 2708 τῶν
710 2654 868 2726 ἱερῶν
891 2656 1170 2728 ἐμπείρως
1203 2657 1416 2728 ἔχοντες
1464 2661 1558 2713 καὶ
1588 2661 1721 2713 πολὺ
1756 2660 1820 2733 δὴ
1876 2662 2012 2733 πρὸς

430 2742 712 2796 εὐσέϐειαν
757 2743 1160 2807 ὲπιδεδωκότες.
1217 2742 1365 2823 ΊΓΑρά
1417 2766 1498 2801 σοι
1552 2750 1612 2802 οὐ
1656 2750 1804 2804 δοκεῖ
1837 2751 2011 2806 ταῦτα

428 2832 627 2896 παντὸς
689 2834 1102 2904 σπουδάσματος
1157 2836 1354 2906 μᾶλλον
1430 2839 1701 2907 ἀναγκαῖα
1780 2843 2005 2907 αὐτοῖς;

428 2922 733 2994 Τοιγαροῦν
779 2927 880 2979 οὐκ
934 2927 1027 2979 ἐπὶ
1084 2926 1396 3001 θεσμῳδοὺς
1449 2931 1695 3003 ἔρχονται
1730 2935 1859 3005 περὶ
1899 2934 2009 2988 τῶν

427 3015 739 3087 πρακτέων,
767 3018 862 3071 καὶ
893 3017 966 3088 μὴ
1018 3018 1401 3089 διερωτῶντες,
1450 3022 1570 3076 οὐδὲ
1629 3023 1747 3077 καθ’
1776 3026 2002 3091 ἑαυτοὺς

427 3107 517 3213 ὑπ’
540 3108 773 3212 ἀγνοίας
815 3107 923 3161 τῶν
953 3111 1157 3213 “νόμων
1215 3112 1643 3187 ῥᾳδιουργοῦσιν*
1684 3115 1798 3170 ἀλλ’
1824 3118 2011 3173 ὅντινα
2031 3151 2075 3213 c

426 3197 607 3251 αὐτῶν
633 3200 821 3259 κινεῖς,
882 3200 977 3253 καὶ
1022 3202 1151 3272 περ).
1203 3202 1309 3254 τῶν
1364 3205 1608 3277 πατρίων
1651 3205 2001 3279 διαπυνθάνῃ,

427 3289 733 3360 προχείρως
765 3289 876 3360 ἔχει
907 3291 999 3345 καὶ
1031 3293 1231 3363 ῥᾳδίως
1260 3296 1455 3358 εἰπεῖν,
1484 3298 1576 3349 καὶ
1600 3297 1736 3368 ἀνὴρ
1763 3301 2003 3367 γυναικὶ,

426 3381 521 3437 καὶ
550 3381 706 3434 παισὶ
736 3383 939 3452 πατὴρ,
972 3384 1067 3435 καὶ
1091 3380 1297 3448 δούλοις
1341 3384 1608 3457 δεσπότης
1663 3389 1843 3453 ἱκανὸς
1869 3387 2005 3444 εἶναι

423 3469 572 3524 δοκεῖ
596 3471 722 3535 τοὺς
775 3472 973 3542 νόμους
1012 3475 1378 3545 παραδιδόναι.
1431 3478 1540 3530 Καὶ
1594 3479 1700 3550 μὴν
1732 3482 1861 3550 περ)⁵
1909 3482 2004 3536 τοῦ

424 3577 490 3630 γε
523 3561 674 3628 ἔτους
692 3563 786 3617 τοῦ
809 3564 1034 3636 ἑϐδόμου
1070 3566 1251 3637 ῥᾴδιον
1284 3567 1545 3633 ὡσαύτως
1570 3570 1769 3641 λέγειν,
1800 3575 1861 3627 οὐ
1897 3575 2004 3645 μὴν

422 3655 617 3708 ταυτὸν
653 3655 801 3719 ἴσως.
835 3657 908 3709 Οὐ
962 3657 1073 3730 γὰρ
1110 3658 1263 3711 αὐτοὶ
1307 3658 1416 3712 τῶν
1473 3660 1651 3731 ἔργων
1682 3663 1998 3731 ἀφεστᾶσιν,

422 3744 609 3819 ῶσπερ
634 3751 754 3810 ταῖς
781 3747 1036 3817 ἑϐδόμαις
1060 3750 1293 3813 ἐκείναις
1318 3750 1577 3827 ἡμέραις·
1601 3744 1737 3808 ἀλλά
1767 3755 1865 3827 τὴν
1895 3757 2001 3828 γῆν

421 3835 597 3907 ἀργὴν
625 3838 848 3906 ἀφιᾶσιν
877 3838 957 3901 είς
981 3837 1048 3891 τὰ
1073 3838 1328 3909 μέλλοντα
1350 3838 1506 3906 αὖθις
1531 3844 1783 3914 εὐθηνίας
1817 3847 1996 3918 χάριν.

419 3926 562 3981 Πολὺ
581 3928 689 4000 γὰρ
711 3928 1007 3999 διαφέρειν,
1041 3932 1207 4004 αὐτὴν
1230 3933 1544 3988 ἀνάπαυλαν
1569 3935 1858 4003 λαϐοῦσαν,
1879 3935 1999 3995 εἶτα

418 4020 476 4073 δὲ
509 4023 593 4085 είς
620 4024 793 4076 νέωτα
857 4026 1236 4095 γεωργεῖσθαι,
1274 4029 1368 4080 καὶ
1419 4028 1492 4099 μὴ
1520 4031 1585 4099 τῇ
1621 4031 1869 4104 συνεχείᾳ
1898 4034 1998 4103 τῆς

418 4113 680 4182 ἐργασίας
704 4108 1051 4177 κατεξάνθαι.
1081 4116 1287 4168 Ταυτὸν
1315 4116 1369 4169 δὲ
1405 4118 1495 4170 καὶ
1524 4121 1653 4191 περὶ
1675 4121 1742 4174 τὰ
1769 4119 1996 4192 σώματα

416 4200 482 4253 ἂν
512 4201 640 4264 ἴδοις
674 4203 967 4271 συμϐαῖνον
997 4204 1077 4265 εἰς
1107 4204 1316 4275 ῥώμην·
1337 4206 1395 4258 οὐ
1426 4207 1534 4278 γὰρ
1558 4207 1621 4277 δὴ
1652 4209 1787 4279 πρὸς
1808 4210 1995 4278 ὑγείαν

420 4293 578 4363 μόνον
609 4293 993 4365 διαλείμματα,
1030 4296 1122 4349 καί
1178 4313 1329 4361 τινας
1384 4298 1701 4362 ἀναπαύλας
1729 4302 1840 4355 ἀπὸ
1885 4303 1993 4357 τῶν

412 4382 591 4457 ἔργων
626 4387 752 4449 τοὺς
786 4387 1001 4457 ἰατροὺς
1026 4389 1454 4458 προστάττοντας
1485 4390 1615 4462 (67)·
1647 4394 1707 4445 τὸ
1733 4394 1841 4466 γὰρ
1872 4413 1993 4448 συν-

2128 572 2209 619 sa,
2244 555 2408 626 359
2444 564 2640 610 terram
2673 554 2903 624 injicito.
2938 552 3327 607 Defunctorum
3358 552 3569 608 locul-us
3600 560 3695 607 aut

2127 652 2396 720 sepulcra,
2460 666 2528 705 ne
2583 649 2771 703 leviter
2814 648 3030 717 quidem
3088 659 3448 701 commoveto.
3508 645 3711 715 Neque

2126 755 2348 803 nexum,
2397 755 2574 807 neque
2619 739 2746 792 mali
2814 738 3111 807 quidquam
3157 737 3303 792 aliud
3354 737 3590 791 hominis
3624 737 3696 791 ad

2125 836 2418 897 egestatem
2456 842 2520 881 ac
2546 828 2925 882 necessitatem
2958 827 3260 895 adjungito.
3297 823 3375 878 Ne
3405 825 3578 878 virilis
3608 840 3705 879 se-~

2123 922 2290 977 minis
2319 921 2435 990 jam
2461 921 2631 976 decisi
2664 920 2796 986 vim,
2828 928 2921 975 aut
2959 921 3249 975 mulierum
3294 919 3690 981 abortionibus,

2124 1026 2219 1070 aut
2273 1015 2395 1070 aliis
2446 1015 2656 1070 artibus
2701 1015 3008 1068 obtundito.
3065 1014 3452 1067 Animantibus
3499 1013 3692 1078 aliter,

2123 1121 2286 1175 quam
2319 1114 2413 1159 aut
2452 1105 2625 1169 Deus,
2674 1114 2769 1159 aut
2812 1105 3088 1174 legislator
3128 1106 3241 1173 ipse
3267 1104 3701 1173 praescripserit,

2123 1214 2193 1252 ne
2228 1198 2413 1252 utitor.
2466 1196 2661 1251 Semen
2709 1211 2774 1251 ne
2808 1196 3132 1265 disperdito.
3180 1194 3398 1249 Partum
3446 1195 3697 1249 servituti

2123 1305 2192 1345 ne
2224 1289 2556 1358 mancipato.
2589 1287 2666 1341 Ne
2697 1288 2905 1343 lancem
2939 1287 3204 1356 iniquam,
3243 1302 3310 1341 ne
3338 1287 3576 1341 modium
3601 1285 3694 1354 ju-

2124 1392 2208 1436 sto
2240 1383 2526 1443 miuorem,
2557 1388 2652 1434 aut
2686 1394 2966 1433 numinum
3014 1377 3377 1432 adulterinum
3416 1376 3690 1445 subjicito.

2121 1468 2199 1523 Ne
2226 1474 2525 1526 amicorum
2572 1486 2771 1525 arcana
2809 1469 3035 1539 privatis
3076 1468 3343 1537 impulsus
3389 1467 3701 1522 inimicitiis

2123 1561 2354 1628 prodito.
2403 1559 2637 1631 Buzygia
2673 1568 2850 1613 autem
2896 1559 3009 1622 illa,
3044 1573 3154 1628 quo
3193 1573 3286 1627 per
3317 1557 3485 1610 Deum
3532 1556 3695 1610 nobis

2123 1654 2338 1726 tandem
2382 1652 2606 1710 abiere?
2656 1650 2760 1707 Sed
2806 1652 3024 1706 attende
3080 1665 3274 1720 porro,
3325 1665 3445 1718 quae
3492 1652 3693 1705 auexi-

2124 1759 2265 1797 mus.
2312 1741 2389 1796 Nc
2420 1752 2671 1811 parentes
2708 1757 2737 1796 a
2783 1742 2990 1806 liberis,
3029 1750 3086 1795 ut
3129 1741 3396 1810 mancipia
3440 1750 3530 1794 tua
3557 1741 3689 1805 sint,

2126 1849 2257 1886 neve
2288 1849 2512 1886 uxorem
2547 1848 2583 1886 a
2611 1832 2861 1902 conjuge,
2911 1841 2970 1887 ut
3007 1846 3196 1886 eorum
3233 1832 3477 1901 legitimo
3517 1831 3693 1900 pretio

2122 1923 2397 1992 persoluto
2424 1922 2680 1976 dominus
2740 1922 2837 1984 sis,
2869 1930 3010 1976 terto
3046 1920 3333 1990 sejungito.
3364 1920 3538 1988 Atque
3577 1919 3694 1975 haec

2120 2014 2372 2110 graviora
2421 2013 2579 2080 plane
2619 2018 2746 2066 sunt
2796 2026 2861 2065 ac
2910 2011 3138 2078 majora.
3187 2008 3325 2063 Sunt
3376 2017 3430 2063 et
3476 2011 3693 2066 minora

2118 2099 2364 2171 quietiam
2394 2111 2557 2169 atque
2589 2101 2904 2155 humiliora.
2936 2100 3256 2170 Cujusmodi
3288 2111 3456 2155 sunt:
3494 2099 3693 2157 Dome-

2117 2195 2313 2247 sticum
2355 2193 2541 2246 nidum
2573 2194 2738 2261 pullis
2779 2209 2845 2246 ne
2888 2194 3138 2260 spoliato.
3190 2192 3403 2248 Nullius
3438 2193 3691 2246 animan-

2118 2287 2208 2344 tis.
2258 2300 2379 2353 qua:
2424 2285 2489 2337 ad
2522 2296 2574 2337 te
2624 2284 2952 2353 confugerit,
2986 2285 3419 2338 obsecrationem
3454 2283 3686 2353 rejieito.

2114 2378 2181 2432 Et
2232 2379 2275 2432 si
2327 2378 2456 2448 quid
2500 2379 2602 2431 hoc
2636 2378 2686 2429 in
2735 2393 2932 2446 genere
2982 2378 3153 2431 levius
3189 2389 3292 2434 est.
3325 2377 3531 2433 Minuta
3574 2379 3694 2433 haec

2114 2470 2209 2524 tibi
2256 2468 2394 2522 forte
2441 2484 2505 2522 ac
2548 2468 2703 2522 nihili
2751 2467 2996 2521 facienda
3038 2469 3347 2523 videantur.
3384 2468 3454 2523 At
3504 2470 3572 2523 de
3617 2468 3688 2525 iis

2113 2562 2320 2616 saucita
2360 2561 2443 2615 lex
2470 2570 2523 2613 et
2555 2576 2749 2630 magna
2780 2570 2885 2625 est,
2922 2570 2976 2613 et
3027 2561 3175 2617 omni
3224 2576 3354 2615 cura
3400 2561 3688 2630 studioque

2112 2664 2400 2708 servatur:
2440 2667 2650 2719 magnai
2691 2652 2817 2707 item
2851 2652 3313 2719 denuntiationes,
3346 2653 3688 2723 imprecatio-

2109 2760 2207 2800 nes
2241 2759 2472 2814 magnae,
2517 2758 2654 2812 quas
2689 2744 2858 2812 pestis
2902 2743 3092 2799 ultima
3129 2756 3534 2814 consequatur:
3567 2760 3688 2800 ma-

2106 2852 2247 2906 gnus
2301 2836 2536 2905 denique
2599 2851 2782 2889 rerum
2828 2835 3043 2891 illarum
3092 2836 3370 2906 inspector
3416 2835 3580 2900 Deus,
3627 2845 3684 2892 et

2107 2931 2399 2986 criminum
2445 2930 2645 2998 ubique
2708 2929 2924 2982 vindex.
2960 2946 2979 2981 ι
3040 2928 3295 2998 Idemque
3351 2929 3540 2998 paucis
3597 2928 3689 2982 in-

2106 3020 2388 3090 terjectis:
2443 3039 2462 3071 ι
2518 3020 2696 3086 Quid?
2745 3022 2847 3074 hoc
2891 3034 2999 3074 non
3053 3019 3414 3074 admiratione
3456 3019 3686 3089 dignum

2106 3114 2412 3177 existimas,
2443 3112 2656 3181 integro
2682 3126 2825 3180 saepe
2851 3110 2961 3177 die,
2996 3111 3106 3165 imo
3143 3127 3250 3166 non
3280 3125 3391 3164 uno
3417 3111 3685 3166 duntaxat

2110 3205 2317 3274 aliquo,
2380 3204 2473 3258 sed
2511 3204 2784 3273 pluribus,
2833 3202 3010 3272 iisque
3049 3219 3157 3257 non
3196 3204 3327 3259 aliis
3370 3205 3508 3260 alios
3550 3219 3684 3260 eon-

2107 3297 2364 3361 tinenter,
2402 3295 2495 3351 sed
2522 3310 2585 3349 ex
2614 3296 2901 3350 intervallo
2924 3298 3419 3365 consequentibus;
3447 3306 3501 3352 et
3529 3301 3685 3367 ejus-

2105 3387 2254 3444 modi
2284 3387 2504 3453 quidem
2541 3387 2848 3452 intervallo‘,
2884 3389 3030 3457 quod
3065 3388 3119 3442 in
3161 3389 3456 3457 septimum
3489 3404 3684 3458 quem-

2104 3494 2211 3549 que
2257 3478 2500 3544 desinat;
2556 3477 2907 3547 profanorum
2949 3479 3073 3533 licet
3106 3479 3316 3533 dierum
3385 3488 3683 3535 consuetu'

2102 3572 2249 3635 dine,
2272 3570 2405 3635 vim,
2426 3577 2485 3623 ut
2511 3568 2591 3633 ﬁt,
2612 3569 2907 3623 maximam
2934 3569 3234 3634 obtinente,
3262 3570 3469 3625 nullum
3496 3581 3682 3626 tamen

2102 3664 2328 3723 omnino
2361 3672 2689 3733 praceptum
2728 3661 2956 3716 violari?
2997 3661 3079 3716 An
3127 3662 3178 3719 id
3222 3661 3358 3716 forte
3385 3662 3683 3732 probanda

2100 3763 2311 3811 tantum
2340 3763 2395 3808 et
2423 3751 2742 3808 exercenda:
2771 3753 3122 3808 continentiae
3162 3768 3329 3809 causa
3366 3754 3678 3813 institutum

2099 3845 2223 3912 fuit,
2258 3857 2317 3900 ut
2346 3860 2452 3900 non
2494 3844 2679 3900 minus
2715 3843 3024 3900 functiones
3053 3860 3185 3899 suas
3216 3846 3593 3914 intermittere,
3628 3849 3676 3903 si

2098 3941 2317 4009 quando
2347 3952 2485 4009 opus
2522 3944 2687 3999 esset,
2744 3951 2907 4006 quam
2957 3936 3161 4006 aliquid
3209 3951 3369 4002 agere
3416 3942 3675 4007 possent?

2097 4028 2241 4083 Cave
2275 4029 2485 4083 credas.
2522 4024 2627 4080 Sed
2673 4027 2775 4080 hoc
2811 4026 2864 4079 in
2893 4028 3076 4095 magni
3126 4026 3412 4096 cujusdam
3460 4038 3513 4083 et
3557 4030 3674 4083 exi-

2098 4121 2194 4174 mii
2222 4119 2406 4188 operis
2430 4119 2551 4173 loco
2575 4116 2884 4187 ponendum
2917 4117 3197 4186 legislator
3225 4120 3451 4186 putavit,
3477 4129 3537 4174 ut
3564 4138 3670 4178 non

2094 4211 2305 4267 caeteris
2338 4210 2500 4267 modo
2534 4209 2719 4269 rebus,
2752 4216 2862 4260 tam
2894 4207 3343 4271 intermittendis,
3379 4225 3542 4278 quam
3578 4223 3672 4281 ge-

2093 4302 2277 4357 rendis
2322 4299 2526 4365 idonei,
2579 4299 2671 4354 sed
2719 4298 2883 4351 etiam
2936 4305 2997 4352 ut
3047 4299 3347 4367 patriarum
3402 4299 3578 4368 legum
3615 4307 3671 4355 et

2093 4390 2548 4449 consuetudinum
2582 4388 2736 4459 gnari
2782 4387 3050 4457 peritique
3078 4388 3273 4443 forent.
3318 4388 3459 4456 Quid
3504 4391 3669 4460 igitur

413 4476 537 4545 σχὲς
585 4477 679 4529 καὶ
709 4478 1001 4547 όμοιοειδὲς
1026 4478 1134 4541 ἀεὶ,
1184 4479 1416 4550 μάλιστα
1444 4480 1500 4533 δὲ
1527 4482 1613 4534 ἐπ’
1641 4482 1836 4554 ἔργων,
1871 4484 1996 4554 βλάο

2106 4487 2348 4556 septimis
2384 4484 2491 4538 illis
2522 4481 2715 4537 diebus
2760 4479 3036 4535 instituit?
3068 4479 3176 4537 Eos
3207 4482 3465 4537 nimirum
3506 4498 3665 4537 eum-

412 4582 570 4619 πτειν
598 4565 760 4619 ἔοικε.
796 4566 1026 4637 Σημεῖον
1048 4567 1132 4620 δέ·
1186 4569 1297 4640 Τὴν
1329 4570 1438 4642 γὰρ
1468 4571 1573 4641 γῆν
1601 4573 1771 4644 αὐτὴν
1813 4576 1868 4628 εῐ
1906 4593 1990 4641 τις

407 4655 795 4724 δπαγγέλλοιτο
868 4659 1051 4725 αὐτοῖς
1123 4659 1519 4731 ἐξεργάσασθαι
1587 4664 1722 4717 πολὺ
1789 4665 1989 4735 μᾶλλον

408 4745 646 4817 πρόσθεν
674 4746 783 4819 (68)
809 4749 870 4801 τὸ
893 4749 1117 4821 ἕϐδομον
1143 4750 1261 4815 ἔτος
1293 4753 1466 4817 τουτὶ,
1501 4754 1597 4808 καὶ
1619 4754 1726 4809 τῶν
1759 4755 1986 4827 καρπῶν

407 4837 626 4892 πάντων
672 4843 1204 4912 συμπαραχωρήσειν
1256 4843 1408 4911 ὅλων,
1461 4846 1561 4898 οὐκ
1610 4845 1677 4900 ἂν
1732 4848 1984 4920 οὐδαμῶς

402 4928 666 4995 δέξαιντοο
687 4931 748 4984 οὐ
779 4932 886 5007 γὰρ
910 4933 1061 4991 αὐτοὶ
1086 4932 1196 4987 τῶν
1216 4934 1391 4993 πόνων
1421 4937 1632 5008 ἀνέχειν
1653 4940 1850 4998 οῖονται
1876 4942 1984 4997 δεῖν

408 5019 559 5090 μόνοι
614 5021 826 5090 (καίτοι
865 5021 966 5075 κᾶν
1014 5024 1064 5076 εἰ
1105 5023 1246 5076 τοῦτ’
1273 5025 1519 5091 ἐποίουν,
1562 5028 1714 5081 οὐδὲν
1752 5030 1820 5083 ἂν
1854 5030 1984 5085 θαυ-

404 5109 610 5178 μαστὸν
639 5106 755 5180 ἦν),
780 5109 911 5164 ἀλλά
937 5111 1035 5182 τὴν
1079 5112 1263 5184 χώραν
1307 5115 1485 5179 αὐτοῖς
1536 5117 1719 5171 ἀνεσίν
1739 5134 1862 5172 τινα
1890 5121 1984 5174 καὶ

403 5201 707 5272 ῥᾳστώνην,
743 5206 824 5267 εἰς
879 5205 1054 5275 ἀρχὴν
1109 5206 1303 5277 ἑτέραν
1337 5208 1438 5279 τῆς
1484 5205 1640 5273 αὖθις
1667 5211 1984 5282 ἐπιμελείας

472 5325 499 5354 ⁸
540 5312 705 5369 Forte
743 5315 847 5370 del.
889 5316 1004 5369 καί.

471 5404 580 5478 (ϐἀ)
616 5403 734 5473 Ἆρ’
768 5410 855 5461 οὐ.
892 5406 1126 5478 Legend.
1153 5407 1366 5462 videtur
1397 5402 1487 5478 ἆρῗ
1516 5404 1630 5462 οὖν.

472 5476 584 5547 (65)
631 5476 986 5558 Ιζοιοῦνταςέ
1036 5476 1293 5532 Rescribe
1340 5477 1636 5543 πονοῦντας
1687 5495 1812 5534 cum
1878 5481 1972 5536 alt.

400 5560 764 5688 ωἷὲἓῖςλὶτίῖξῗ
793 5614 971 5670 ἄλλα.
1010 5614 1237 5688 Rectius
1259 5617 1455 5687 legeris
1501 5616 1575 5688 μή
1618 5619 1667 5671 τ’
1697 5618 1854 5685 ἄλλα,
1888 5620 1975 5675 vel

403 5684 662 5756 μήτε]πο
696 5686 769 5756 μή
802 5687 1124 5756 sumendum
1164 5687 1287 5740 erit.

479 5752 589 5825 (67)
623 5752 1135 5822 Προὰτάττοντας.
1165 5756 1609 5828 Subintelligend.
1644 5759 1751 5813 ἀπὸ
1784 5760 1965 5814 κοινοῦ

2089 4582 2210 4636 dem
2265 4578 2322 4632 in
2375 4575 2555 4629 locum
2604 4586 2715 4627 una
2760 4574 3053 4631 convenire
3099 4573 3286 4638 voluit,
3332 4582 3393 4629 ut
3446 4574 3667 4629 silentio

2085 4683 2409 4739 summaque
2449 4683 2574 4728 cum
2632 4666 2899 4722 modestia
2943 4667 3311 4732 considentes,
3363 4667 3541 4737 legum
3581 4680 3664 4720 re-

2083 4760 2325 4817 citationi
2373 4774 2535 4814 aures
2575 4759 3027 4822 accommodent,
3078 4758 3262 4828 itaque
3312 4757 3448 4812 nihil
3513 4756 3665 4825 ipsos

2080 4853 2304 4907 omnino
2322 4851 2508 4923 fugiat.
2522 4853 2699 4922 Atque
2718 4852 2865 4907 hunc
2886 4851 2963 4905 illi
2983 4848 3337 4917 conveniendi
3355 4848 3518 4904 simul
3534 4862 3667 4903 con-

2091 4944 2410 5014 sidendique
2438 4957 2665 5009 morem,
2704 4943 2869 5014 360
2901 4943 2983 4999 sic
3007 4952 3268 5013 perpetuo
3307 4940 3558 5005 retinent,
3600 4946 3665 4994 ut

2091 5034 2385 5091 multitudo
2411 5034 2629 5104 quidem
2652 5036 2907 5090 universa
2927 5035 3109 5101 sileat,
3138 5033 3242 5089 nisi
3271 5048 3395 5088 cum
3426 5047 3512 5095 ea,
3536 5046 3662 5102 quae

2089 5126 2367 5197 leguntur,
2404 5125 2601 5181 faustis
2648 5140 2713 5181 ac
2752 5125 2891 5180 laetis
2931 5124 3417 5180 acclamationibus
3464 5137 3657 5193 prose-

2091 5218 2316 5285 quitur:
2371 5231 2404 5271 e
2438 5215 2814 5272 sacerdotibus
2855 5226 3034 5270 autem
3081 5215 3164 5270 vel
3202 5214 3509 5270 senioribus
3551 5213 3657 5270 ali-

2076 5414 2539 5557 ἃνῶἷῧιῗῐᾶλλον
2564 5490 2849 5557 πρόσθεν.
2880 5487 3028 5557 Leg.
3049 5487 3247 5557 μᾶλλον
3279 5487 3394 5552 τοῦ,
3427 5491 3509 5544 vel
3543 5491 3653 5546 τῶν

2075 5554 2332 5638 πρόσθεν,
2361 5558 2439 5638 vel
2468 5554 2665 5627 μᾶλλον
2698 5558 2731 5628 ἢ
2766 5558 2834 5611 τὰ
2866 5554 3119 5638 πρόσθεν.
3153 5557 3306 5638 Quod
3340 5568 3519 5638 autem
3557 5577 3643 5615 se-

2073 5627 2293 5748 quditilir,
2326 5624 2545 5680 πάντων
2577 5640 2698 5713 post
2721 5624 2995 5698 καρπῶν,
3045 5629 3270 5681 omnino
3314 5630 3652 5700 superﬂuum

2072 5709 2123 5747 vi
2165 5709 2193 5748 e
2220 5711 2303 5747 ur.
