4166 6482
486 348 593 406 607

1133 353 1411 412 EUSEBII
1447 356 1932 415 (ΖᾸΞΞΑΒΙΕΝΞΙΞ
1971 361 2066 417 ΟΡ]

2164 363 2345 422 PARS
2377 364 2447 425 Il.
2482 399 2551 408 —
2591 363 3095 423 APOLOGETICA.

3637 364 3743 421 608

486 470 638 541 quis,
666 484 856 526 sacras
886 471 1033 543 leges
1062 473 1242 543 palam
1274 475 1538 542 recitans,
1566 492 1759 535 omnes
1785 480 2060 551 sigillatim

2165 484 2261 537 ita).
2280 483 2575 556 γεωργίας,
2610 483 2811 536 λαϐεῖν.
2885 482 3058 545 Ἐπεὶ,
3095 480 3149 533 τί
3200 478 3404 533 ἐκώλυε
3456 479 3593 552 πρὸς
3649 481 3744 534 τοῦ

484 572 747 632 exponat,
777 564 951 617 donec
980 563 1088 617 alla
1124 563 1232 630 iam
1269 580 1495 635 vespera
1528 566 1816 625 discedant
1842 573 2063 627 univer-

484 653 572 721 si,
602 661 717 707 tum
750 654 1063 710 divinorum
1094 657 1478 713 mandatorum
1514 658 1768 717 instructi
1792 665 2063 733 cognitio-

482 758 576 806 ne,
631 752 745 798 tum
796 745 960 800 etiam
1010 747 1304 803 admodum
1338 749 1539 820 pietate
1583 754 1753 810 aucti.
1802 754 2062 827 Nunquid

484 831 594 887 hoc
644 835 841 903 quovis
884 836 1049 891 studii
1081 852 1281 908 genere
1325 841 1504 911 magis
1543 844 1644 899 tibi
1689 847 2062 902 necessarium

479 925 742 982 videtur?
789 927 1082 985 Enimvero
1129 946 1309 987 causae
1367 933 1505 988 nihil
1552 943 1657 1003 est,
1705 938 2062 1007 quamobrem

484 1019 623 1077 istos
654 1022 835 1094 legum
886 1036 1233 1084 enarratores
1279 1027 1347 1085 de
1392 1028 1559 1084 rebus
1607 1030 1829 1099 agendis
1864 1044 2064 1085 consu-

484 1110 622 1178 lant,
666 1127 904 1183 quorum
945 1126 1007 1172 ut
1039 1119 1318 1188 responsis
1365 1127 1611 1184 careant,
1665 1120 1803 1174 nihil
1847 1129 2061 1189 tamen,

483 1203 573 1258 vel
618 1206 762 1275 apud
798 1221 860 1262 se
891 1224 1159 1278 unquam,
1190 1226 1378 1267 earum
1413 1211 1753 1281 ignoratione
1777 1228 2061 1283 perperam

481 1295 798 1352 molientur.
834 1297 1227 1372 Quemcunque
1271 1303 1416 1357 enim
1461 1303 1706 1374 ipsorum
1760 1306 2065 1375 appellave-

482 1388 600 1455 ris,
636 1404 703 1443 ac
736 1390 803 1445 de
832 1392 1027 1461 patriis
1078 1394 1345 1450 inStitutis
1385 1405 1735 1466 percontatus
1762 1399 1892 1465 eris,
1936 1413 2063 1453 cum

479 1480 815 1550 respondere
858 1498 956 1552 per
1019 1498 1141 1540 sese
1184 1486 1473 1541 commode
1527 1502 1593 1540 ac
1639 1484 1798 1542 facile
1841 1488 2085 1558 poterit,-

483 1577 600 1624 tum
634 1570 909 1641 ejusmodi
943 1589 1077 1631 sane
1110 1574 1407 1642 videbitur,
1446 1577 1539 1648 qui
1573 1594 1668 1633 seu
1698 1578 1783 1632 vir
1812 1594 2062 1645 uxorem,

482 1675 580 1716 seu
638 1662 844 1719 liberos
894 1675 1065 1735 pater,
1115 1682 1211 1722 seu
1275 1666 1510 1726 famulos
1556 1670 1835 1734 dominus,
1884 1670 2063 1740 legum

480 1754 706 1809 natione
778 1755 1075 1813 informare
1141 1769 1326 1830 queat.
1387 1759 1509 1815 Jam
1577 1761 1793 1832 septimi
1844 1776 2065 1832 quoque

2164 574 2299 629 Θεοῦ
2329 574 2422 628 ἐπὶ
2448 574 2541 628 τοῦ
2571 573 2907 646 παραθέντος
2936 584 2962 613 ι
2990 572 3141 636 ἔτους
3173 570 3341 642 αὐτὴν
3366 570 3743 642 προεκδοῦναι,

2163 666 2257 720 καὶ
2288 666 2437 738 παρὰ
2467 665 2575 719 τῶν
2604 666 2984 739 ἐργαζομένων
3020 665 3110 718 τὸν
3132 664 3354 718 ἐκείνων
3379 664 3407 703 b
3443 664 3607 735 φόρον
3651 663 3744 719 τοῦ

2164 755 2318 820 ἔτους
2343 755 2605 825 ὲκλέγειν;
2637 755 2773 820 ἀλλ’,
2806 754 2994 825 ὥσπερ
3035 752 3190 825 ἔφην,
3246 754 3367 807 κατ’
3394 752 3582 806 οὐδένα
3620 752 3745 825 τρό-

2163 866 2284 909 πον,
2302 848 2420 901 οὐδὲ
2439 848 2548 920 (69)
2564 848 2673 901 τῶν
2687 848 2961 911 τοιούτων,
2981 846 3321 919 προνοίᾳ,μοὶ
3335 845 3503 908 δοκεῖ,
3521 845 3619 917 τῆς
3639 844 3747 916 χώ-

2168 955 2287 1011 ρας,
2317 939 2649 1009 ἐκδέχονται.
2700 939 2813 1009 Τῆς
2870 937 2929 990 δὲ
2986 936 3393 1009 φιλανθρωπίας
3437 934 3617 989 αὐτῶν
3650 935 3746 989 καὶ⁸

2162 1031 2321 1084 τοῦτο
2355 1031 2516 1102 μέγα,
2570 1030 2646 1094 ὡς
2690 1028 2928 1100 ἀληθῶς,
2965 1031 3211 1099 σημεῖονο
3255 1029 3406 1082 Ἐπεὶ
3451 1028 3560 1100 γὰρ
3592 1026 3747 1083 αὐτοὶ

2163 1118 2275 1173 τῶν
2297 1118 2473 1191 ἔργων
2518 1118 2725 1173 ἐκείνου
2767 1117 2860 1172 τοῦ
2894 1117 3048 1181 ἔτους
3077 1118 3346 1189 ἀνέχουσι,
3372 1118 3499 1181 τοὺς
3528 1117 3746 1187 γινομέ-
3834 1160 3839 1165 .

2164 1230 2287 1277 νους
2326 1212 2571 1283 καρποὺς
2598 1212 2697 1265 οὐκ
2728 1210 2929 1264 οἴονται
2958 1209 3067 1264 δεῖν
3096 1209 3388 1279 συλλέγειν,
3415 1210 3525 1263 οὐδ’
3558 1208 3746 1263 ἀποτὶ-

2166 1302 2375 1368 θεσθαι,
2415 1302 2490 1375 μὴ
2539 1304 2603 1355 ὲκ
2626 1302 2736 1355 τῶν
2758 1300 2973 1354 οἰκείων
3007 1300 3186 1357 πόνων
3227 1301 3512 1372 περιόντας
3542 1301 3741 1366 αὐτοῖς·

2163 1392 2299 1459 ἀλλ’,
2351 1393 2448 1447 ἀτε
2498 1391 2592 1446 τοῦ
2624 1390 2760 1445 Θεοῦ
2815 1391 3225 1466 παρεσχηκότος
3272 1392 3474 1455 αὐτοῖς,
3505 1388 3746 1460 ἀνιείσης

2164 1486 2251 1538 ἐπ’
2283 1484 2589 1554 αὐτομάτου
2635 1483 2737 1554 τῆς
2785 1484 2910 1555 γῆς,
2942 1484 3068 1547 τοὺς
3107 1482 3464 1553 βουλομένους
3496 1481 3529 1552 ἢ
3555 1481 3745 1551 δεομέ-

2164 1592 2287 1639 νους
2315 1574 2425 1628 τῶν
2451 1591 2509 1627 τε
2543 1573 2840 1645 ὁδοιπόριον
2873 1573 2968 1626 καὶ
3017 1571 3126 1626 τῶν
3170 1571 3344 1627 ἀλλων
3371 1570 3581 1634 ἀξιοῦσι
3608 1569 3747 1641 μετά

2164 1665 2348 1730 ἀδείας
2384 1664 2635 1737 χρῆσθαι.
2693 1667 2804 1719 Kal.
2839 1664 2966 1734 περὶ
3001 1665 3098 1736 μὲν
3151 1663 3356 1717 τούτων
3409 1662 3529 1726 ἃλις
3559 1678 3661 1715 σοι·
3686 1660 3762 1715 τὸ.

2164 1757 2273 1829 γὰρ
2303 1760 2423 1822 ταῖς
2480 1740 2736 1828 ἑϐδόμαις
2788 1757 2889 1829 ήδη
2941 1755 3032 1810 τὸν
3090 1756 3253 1827 νόμον
3307 1755 3492 1818 αὐτοῖς
3527 1754 3754 1824 στῆσαι,

484 1845 616 1899 anni
670 1845 849 1902 facilis
900 1857 955 1903 et
1011 1851 1263 1920 expedita
1314 1853 1457 1908 ratio
1511 1862 1615 1920 est,
1660 1851 1876 1907 tametsi
1922 1850 2063 1906 forte

2164 1848 2336 1901 ταῦτα
2361 1845 2474 1920 (70)
2504 1848 2606 1901 οὐκ
2635 1846 2701 1901 ἂν
2723 1848 2822 1918 ἐμὲ
2842 1848 3196 1917 ἀπαιτήσαις,
3232 1844 3362 1908 ἴσως
3390 1843 3603 1897 πολλῶν
3629 1842 3751 1897 πολ-

479 1936 789 1995 dissimilis.
834 1940 946 1997 Nec
982 1946 1127 1997 enim
1168 1960 1256 2008 eo,
1310 1945 1773 2015 quemadmodum
1830 1946 2066 2015 septimo

478 2028 576 2084 illo
605 2031 713 2098 die,
748 2032 816 2086 ab
847 2034 997 2088 omni
1026 2050 1189 2104 opere
1235 2047 1454 2103 vacant,
1492 2037 1585 2091 sed
1622 2046 1821 2091 terram
1848 2036 1902 2090 in
1930 2048 2065 2093 cen-

482 2132 801 2191 sequentem
828 2140 1031 2180 annum
1064 2128 1322 2193 otiosam,
1348 2126 1622 2182 uberioris
1653 2136 1946 2198 preventus
1967 2141 2064 2180 ex-

481 2216 843 2284 spectatione,
875 2218 1057 2287 jacere
1081 2220 1384 2289 patiuntur.
1421 2220 1651 2275 Multum
1680 2221 1825 2275 enim
1853 2221 1919 2275 ad
1957 2218 2060 2274 soli

480 2303 820 2362 feracitatem
867 2310 1131 2365 interesse
1172 2311 1435 2377 sentiunt,
1486 2319 1545 2364 ut
1600 2310 1897 2366 secundum
1955 2310 2063 2363 hoc

480 2397 685 2467 quietis
731 2398 1098 2469 intervallum,
1151 2412 1412 2472 sequente
1470 2402 1729 2471 deinceps
1769 2416 1915 2455 anno
1954 2400 2059 2455 coli

480 2485 666 2543 denuo
698 2488 945 2559 incipiat,
975 2505 1084 2545 non
1112 2499 1294 2545 autem
1333 2499 1394 2544 ut
1424 2491 1643 2546 assidua
1672 2498 1727 2545 et
1759 2489 2057 2544 continenti

487 2579 740 2636 aratione
763 2582 1056 2638 laceretur.
1084 2581 1244 2650 Quod
1269 2585 1447 2654 ipsum
1472 2583 1539 2638 ad
1574 2598 1863 2654 corporum
1894 2583 2057 2638 etiam

2170 1941 2328 2005 λάκις
2387 1941 2483 1994 καὶ
2526 1940 2747 2013 ἰατρῶν,
2793 1941 2889 1994 καὶ
2917 1940 3271 2011 φυσιολόγων,
3318 1938 3415 1991 καὶ
3447 1937 3748 2007 φιλοσόφων

2167 2033 2424 2104 ἀκηκοότι
2455 2042 2479 2071 ο
2507 2034 2636 2104 περὶ
2660 2032 2752 2085 τοῦ
2779 2030 3004 2102 ἑϐδόμου
3035 2030 3317 2102 πρότερον,
3367 2029 3434 2101 ἢν
3458 2030 3566 2100 ἀρα
3586 2027 3749 2081 δύνα-

2172 2141 2263 2195 μιν
2294 2123 2409 2195 ἔχει
2438 2123 2573 2195 πρός
2599 2140 2660 2176 τε
2697 2124 2796 2194 τὴν
2844 2122 2953 2177 τῶν
3006 2123 3355 2195 συμπάντων,
3395 2123 3491 2177 καὶ
3521 2122 3586 2194 δὴ
3613 2123 3750 2194 πρὸς

2168 2217 2268 2289 τὴν
2293 2216 2636 2288 ἀνθρωπείαν
2670 2215 2852 2286 φύσιν.
2902 2209 3072 2280 Οὗτος
3094 2217 3123 2268 ό
3147 2217 3246 2286 τῆς
3270 2215 3502 2286 ἑϐδόμης
3533 2214 3687 2285 λόγος
3722 2233 3741 2266 ι

2167 2307 2419 2361 Τοσαῦτα
2455 2307 2602 2379 μὲνὸ
2627 2308 2821 2362 Φίλων·
2877 2309 3039 2379 δμοια
3085 2307 3130 2361 δ’
3161 2306 3308 2378 αὐτῷ
3350 2307 3446 2362 καὶ
3487 2304 3749 2377 Ἰώσηιοος

2167 2400 2372 2470 ἱστορεῖ
2393 2400 2451 2452 ὲν
2481 2397 2717 2471 δευτέρῳ
2753 2400 3166 2472 συγγράμματι,
3187 2392 3262 2453 ὧν
3274 2399 3566 2470 πεποίηται
3600 2400 3738 2466 Περὶ

2164 2489 2277 2558 τῆς
2297 2508 2413 2544 των
2435 2491 2745 2546 Ἰουδαίων
2767 2493 3184 2562 ἀρχαιότητος,
3206 2490 3391 2547 τοῦτον
3412 2491 3639 2563 γράφων
3654 2491 3762 2549 καὶ,

2162 2583 2324 2646 αὐτὸς
2348 2584 2440 2638 τὸν
2471 2583 2693 2656 τρόπον.

488 2672 805 2730 ﬁrmitatem
840 2686 893 2730 et
937 2677 1106 2732 robur
1150 2677 1332 2732 valere
1398 2678 1806 2748 cognoscimus,
1850 2691 1974 2730 eum
2045 2690 2141 2729 eas
2178 2676 2635 2745 intermissiones,
2684 2687 2739 2733 et
2778 2693 2809 2733 a
2847 2676 3182 2749 quotidiauis
3233 2676 3609 2734 functionibus
3650 2694 3745 2734 va-

484 2762 754 2831 cationes,
811 2781 919 2821 non
973 2775 1186 2821 tantum
1246 2767 1574 2823 valetudinis
1637 2783 1801 2822 causa
1866 2768 2060 2822 medici
2101 2767 2424 2838 przecipiant
2478 2786 2492 2823 :
2562 2769 2709 2839 quod
2745 2770 3041 2826 assiduitas
3070 2770 3251 2826 omnis
3285 2786 3350 2827 ac
3377 2780 3636 2842 perpetua
3666 2772 3746 2828 si-

479 2854 755 2922 militudo,
786 2872 851 2911 ac
876 2859 1178 2926 praesertim
1219 2874 1470 2928 operum,
1539 2858 1851 2913 detrimenti
1922 2858 2128 2928 aliquid
2169 2859 2364 2915 afferre
2408 2861 2775 2917 consueverit.
2822 2862 3000 2933 Atque
3044 2871 3103 2917 ut
3147 2864 3389 2933 ipsorum
3424 2864 3529 2919 hoc
3562 2865 3614 2918 in
3652 2880 3745 2936 ge-

478 2963 608 3003 nere
642 2949 932 3004 consilium
984 2961 1308 3021 argumento
1351 2952 1584 3007 certiore
1654 2958 1911 3006 constet:
1946 2952 2176 3006 exsistat
2242 2951 2383 3007 fui-te
2419 2969 2529 3009 non
2598 2970 2781 3022 nemo,
2840 2954 2937 3026 qui
2984 2969 3132 3010 anno
3178 2957 3437 3027 septimo,
3489 2967 3544 3014 et
3589 2972 3755 3014 suam

478 3038 588 3094 illis
620 3040 754 3109 ipsis
784 3042 931 3111 agris
968 3043 1143 3096 multo
1206 3058 1370 3112 quam
1408 3053 1534 3097 ante
1599 3042 1914 3113 diligentius
1983 3044 2226 3102 colendis
2292 3059 2540 3116 Operam,
2576 3055 2631 3102 et
2658 3063 2839 3103 messe
2882 3057 3060 3103 tamen
3105 3048 3315 3119 integra
3356 3042 3497 3105 sese'
3515 3049 3583 3105 iis
3623 3064 3748 3105 ces-

480 3146 668 3186 surum
703 3131 1062 3201 polliceatur:
1106 3132 1249 3188 hanc
1278 3133 1354 3187 illi
1384 3133 1753 3188 conditionem
1784 3147 2065 3204 nunquam
2106 3135 2436 3202 acceperint,
2468 3134 2668 3204 quippe
2732 3135 2826 3205 qui
2859 3151 2890 3191 a
2921 3138 3203 3193 laboribus
3269 3138 3372 3193 soli
3409 3154 3601 3194 vacare
3644 3153 3751 3193 no-

478 3224 580 3279 lint
619 3224 787 3297 (quod
837 3230 1046 3293 tamen,“
1066 3226 1112 3281 si
1160 3225 1421 3291 facerent,
1471 3224 1670 3278 mirum
1720 3223 1922 3277 nemini
1991 3222 2115 3291 jure
2185 3224 2504 3294 videretur),
2552 3224 2646 3280 sed
2693 3226 2872 3296 ipsum
2913 3242 3134 3298 quoque
3179 3229 3353 3284 solum
3405 3229 3460 3283 in
3507 3230 3750 3301 aliquam

480 3317 823 3371 induciarum
897 3319 1207 3387 quietisque
1262 3326 1471 3387 partem
1515 3316 1822 3371 vocandum
1876 3314 2212 3381 existiment,
2274 3325 2334 3370 ut
2403 3330 2603 3371 novum
2637 3316 2894 3389 deinceps
2927 3321 3160 3375 culturae
3222 3321 3463 3379 laborem
3523 3324 3750 3378 suavius

481 3410 808 3480 faciliusque
853 3411 1108 3480 patiatur.
1154 3410 1291 3467 Nam
1320 3412 1366 3467 si
1404 3427 1467 3466 ea
1494 3425 1660 3467 causa
1721 3426 1830 3465 non
1896 3410 2141 3472 suberat,
2182 3410 2411 3479 quidni,
2457 3425 2554 3480 per
2600 3410 2769 3466 Deum
2817 3412 3218 3480 immortalem,
3274 3415 3451 3470 solum
3495 3414 3601 3470 hoc
3625 3415 3757 3472 aliis

478 3507 761 3573 superiore
788 3521 935 3561 anno
964 3507 1227 3571 locarent,
1273 3516 1437 3577 atque
1470 3508 1539 3562 ab
1569 3508 1749 3577 operis
1808 3514 1984 3561 totum
2042 3504 2195 3559 illum
2257 3506 2647 3575 consequentis
2709 3505 2950 3561 fructum
2968 3521 3022 3563 et
3042 3518 3372 3579 proventum
3396 3509 3751 3579 acciperent?

478 3598 638 3671 361
681 3597 972 3666 Nimirum,
1006 3614 1104 3669 pro
1142 3614 1204 3654 ea
1252 3601 1451 3664 solum,
1493 3607 1554 3653 ut
1596 3607 1723 3654 ante
1752 3598 1898 3665 dixi,
1951 3612 2058 3668 qua
2097 3604 2300 3651 terram
2335 3597 2508 3667 ipsam
2543 3608 2985 3669 prosequuntur,
3052 3615 3186 3656 cura
3248 3615 3312 3655 ac
3342 3601 3522 3656 studio
3547 3640 3562 3667 ,
3608 3601 3748 3659 nihil

481 3694 701 3758 horum,
732 3699 793 3745 ut
819 3691 950 3745 mihi
983 3692 1203 3762 quidem
1259 3692 1496 3757 videtur,
1531 3693 1644 3747 ullo
1668 3692 1831 3747 modo
1895 3692 2127 3765 probare
2164 3699 2417 3760 possunt.
2470 3691 2549 3744 Ae
2577 3692 2911 3761 praecipuum
2961 3692 3236 3762 quoddam
3271 3691 3405 3746 illud
3434 3699 3559 3760 est,
3594 3693 3747 3763 quod

481 3785 777 3852 sequitur,
829 3799 1023 3839 eorum
1086 3785 1444 3840 humanitatis
1488 3785 1901 3840 documentum.
1978 3785 2250 3852 Quoniam
2315 3783 2461 3837 enim
2498 3784 2730 3854 septimo
2794 3784 2887 3839 illo
2919 3799 3065 3839 anno
3098 3784 3432 3845 vacaverint,
3480 3798 3603 3854 quae
3650 3798 3747 3855 per

479 3891 602 3934 sese
627 3878 808 3949 fruges
836 3879 1164 3947 exstiterint,
1194 3894 1288 3934 eas
1330 3880 1468 3947 sibi,
1498 3879 1643 3951 quod
1675 3879 1825 3934 nullo
1886 3895 1989 3935 suo
2040 3878 2226 3933 labore
2293 3878 2663 3947 provenerint,
2692 3894 2793 3933 nec
2820 3878 3100 3933 metendas
3126 3876 3251 3948 ipsi,
3284 3892 3386 3933 nec
3447 3877 3749 3933 reconden-

479 3965 581 4026 das
606 3970 978 4025 arbitrantur:
1005 3972 1098 4026 sed
1126 3972 1324 4027 divinas
1380 3972 1701 4043 benignitati
1764 3972 2134 4027 voluntarium
2174 3970 2320 4025 hunc
2355 3979 2512 4025 terrm
2540 3980 2756 4040 partum
2808 3970 3149 4040 assignantes
3174 4008 3189 4033 ,
3219 3967 3471 4039 quemvis
3513 3984 3580 4023 eo
3604 4008 3618 4031 ,
3655 3983 3751 4023 seu

479 4064 657 4119 viator
684 4063 790 4129 ille,
825 4079 919 4118 seu
951 4064 1177 4135 quilibet
1202 4065 1342 4121 alius
1378 4065 1560 4132 fuerit,
1590 4080 1688 4134 pro
1755 4065 1982 4119 arbitrio
2048 4063 2134 4118 vel
2173 4062 2355 4133 inepia
2386 4077 2579 4117 secure
2611 4063 2689 4116 uti
2735 4063 2965 4117 libenter
2991 4062 3220 4116 omnino
3250 4064 3550 4133 patiuntur.
3587 4062 3658 4117 At
3683 4062 3751 4117 de

478 4157 568 4213 his
638 4159 801 4213 modo
870 4161 1025 4217 satis.
1073 4158 1209 4214 Nam
1243 4159 1390 4230 quod
1443 4160 1545 4215 ista
1595 4162 1678 4216 lex
1726 4159 1779 4214 in
1835 4160 2127 4230 septimum
2166 4171 2438 4227 quemque
2485 4156 2627 4211 diem
2673 4155 3019 4227 potissimum
3067 4155 3397 4225 imperarit,
3445 4154 3609 4224 hujus
3666 4153 3745 4209 rei

476 4265 723 4317 causam,
751 4252 964 4322 opinor,
996 4268 1063 4308 ex
1094 4269 1180 4308 me
1211 4270 1317 4308 non
1346 4257 1617 4325 requiras,
1647 4256 1738 4325 qui
1773 4255 1911 4310 forte
1975 4254 2089 4325 jam
2130 4270 2161 4309 a
2188 4253 2435 4324 pluribus
2469 4251 2552 4306 vel
2583 4252 2832 4319 medicis,
2885 4252 2970 4306 vel
3023 4250 3375 4323 pbysiologis,
3425 4249 3507 4303 vel
3573 4248 3753 4318 philo-

478 4343 668 4412 sophis
697 4359 1072 4414 saepenumero
1097 4346 1359 4410 audieris,
1392 4358 1635 4417 quantus
1706 4364 1969 4403 numerus
2025 4349 2129 4404 iste
2165 4346 2507 4417 septenarius
2546 4362 2673 4401 cum
2723 4346 2778 4400 in
2822 4355 3144 4400 caeterorum
3194 4344 3469 4405 omnium,
3522 4348 3636 4394 tum
3693 4339 3751 4395 in

475 4430 721 4490 hominis
749 4453 967 4507 quoque
997 4448 1247 4493 naturam
1278 4439 1425 4495 vires
1486 4440 1748 4494 obtineat.
1783 4438 1908 4495 llaec
1935 4441 2101 4511 igitur
2142 4438 2365 4495 Sabbati
2390 4438 2531 4493 ratio
2562 4438 2683 4493 fuit.
2725 4456 2744 4490 ι
2777 4436 2956 4508 Atque
3018 4436 3284 4491 hactenus
3315 4432 3491 4490 Philo.
3522 4430 3753 4488 Gemina

476 4534 628 4594 sunt,
662 4542 784 4598 quae
811 4527 949 4584 libro
984 4527 1063 4583 De
1112 4528 1426 4584 Judamrum
1477 4533 1797 4603 antiquitate
1823 4535 2065 4589 secundo
2102 4531 2373 4603 Josephus
2407 4533 2495 4589 bis
2520 4533 2702 4588 verbis
2735 4536 3148 4587 commemorat.

1073 4620 1303 4677 CAPUT
1342 4621 1477 4677 Vill.

2696 4622 3096 4678 ΚΕΦΔΛΑΙΟΝ
3135 4622 3219 4676 Η’.

636 4711 721 4767 Ex
744 4712 973 4783 Joseplw
1004 4714 1067 4767 de
1096 4712 1346 4769 Mosaicae
1389 4716 1690 4785 reipublicae
1717 4717 1911 4787 forma.

2180 4716 2479 4785 Ἰωσήπου
2546 4716 2658 4788 (7i)
2700 4714 2833 4783 περὶ
2881 4715 2987 4769 τοῦ
3037 4713 3188 4768 κατὰ
3212 4712 3433 4768 Ηωσέα
3470 4713 3749 4766 πολιτεύ-

2899 4800 3059 4839 ατοο.

2899 4804 3004 4839 ατο
3046 4826 3059 4839 .

2247 4901 2265 4932 ι
2288 4880 2384 4945 Τίς
2417 4880 2463 4933 δ’
2491 4874 2559 4950 ἦν
2600 4881 2629 4933 ὁ
2684 4804 2920 4950 μάλισῗα
2970 4807 3322 4949 xit-090630.;
3355 4876 3480 4939 τοὺς
3530 4873 3753 4946 νόμους,

2169 4972 2264 5025 καὶ
2293 4972 2393 5041 τῆς
2414 4971 2760 5041 δικαιοτάτης
2791 4969 2903 5041 (72)
2939 4970 3067 5042 περὶ
3099 4968 3191 5022 τοῦ
3213 4966 3349 5022 Θεοῦ
3381 4967 3617 5030 πίστεως
3640 4966 3764 5018 sm-

552 4872 707 4928 dam
735 4888 883 4937 vero,
924 4875 1101 4945 tnquit
1139 4875 1246 4941 ille,
1280 4877 1373 4946 qui
1440 4877 1656 4932 tandem
1690 4892 1757 4931 ex
1801 4877 2057 4933 omnibus

470 4974 530 5021 et
578 4965 1029 5037 perfectissimam
1064 4967 1242 5037 legum
1295 4971 1566 5023 rationem
1618 4969 1960 5033 instituerit,
2007 4981 2062 5023 et

513 5093 662 5154 ιγρ.,
703 5083 1086 5155 παρελθόντος.
1164 5083 1192 5126 1»
1232 5084 1317 5140 to.
1346 5084 1579 5139 ἐκείνου.
1665 5095 1687 5124 ο
1726 5102 1845 5154 trp"
1887 5084 2161 5155 ἀκηκοώς.

2162 5199 2454 5269 τυγχάνειν
2497 5198 2659 5261 τινός,
2692 5196 2775 5251 vel
2808 5198 2933 5269 περί
2975 5196 3139 5260 τινος,
3170 5206 3254 5251 est
3282 5195 3584 5269 conjectura
3613 5214 3758 5253 asse-

2165 5267 2417 5341 qui,'rem
2452 5279 2686 5341 tangere,
2718 5268 2863 5337 quod
2884 5267 3059 5322 etiam
3089 5268 3473 5341 ὲπιτυγχᾴνειν
3503 5267 3757 5341 absolute

2165 5336 2369 5395 dicitur
2403 5354 2418 5392 :
2458 5336 2698 5405 Gallice,
2738 5336 3060 5392 rancentrer.
3110 5336 3393 5392 Plutarch.
3433 5338 3487 5390 in
3522 5336 3752 5405 Pericle,

2163 5411 2256 5465 ubi
2291 5411 2358 5464 de
2390 5418 2605 5465 ostento
2633 5409 2871 5477 quodam
2903 5408 3225 5476 explicando
3250 5408 3493 5476 loquitur
3522 5423 3537 5459 :
3580 5408 3752 5461 Ἐκώ-

2162 5480 2255 5534 λυε
2302 5479 2345 5532 δ’
2369 5480 2543 5544 οὐδὲν,
2579 5478 2776 5532 καὶτὸν
2799 5478 3025 5548 φυσικὸν
3045 5478 3461 5548 ἐπιτυγχάνειν,
3513 5478 3607 5531 καὶ
3663 5479 3754 5531 τὸν

2165 5552 2404 5635 μαντινᾲ
2428 5548 2522 5603 τοῦ
2569 5547 3032 5635 μὲνντὴναίτίαν,
3068 5547 3162 5635 τοῦ
3200 5547 3261 5635 δὲ
3290 5547 3543 5635 τδετέλος
3570 5548 3756 5635 καλῶς

2161 5616 2615 5691 ἓκλαμδάνοντος.
2652 5616 2791 5673 Fieri
2819 5626 3265 5691 auteAmipoterat,
3302 5616 3376 5671 uti
3406 5628 3457 5672 et
3489 5620 3753 5691 physicus

2161 5703 2209 5745 et
2239 5688 2387 5745 vates
2419 5707 2529 5744 rem
2559 5691 2883 5758 attingerent
2904 5688 3129 5758 (Gallice
3160 5688 3589 5742 rencontrasseut
3609 5689 3750 5758 bten)

2163 5763 2335 5817 altero
2389 5762 2466 5817 rei
2521 5756 2780 5823 Causam,
2830 5756 3000 5815 altero
3051 5760 3211 5815 linem
3260 5759 3593 5829 assignante.
3650 5756 3749 5813 llic

444 5208 456 5223 ⁷
548 5197 660 5339 ξ69)
700 5198 871 5255 Οὐδὲ.
904 5198 1033 5269 Leg.
1068 5199 1219 5254 οὐδὲν
1244 5211 1368 5252 cum
1396 5197 1492 5255 alt.
1528 5213 1813 5255 manuscr.

483 5336 517 5339 Δ
570 5269 660 5339 70)
691 5269 938 5337 Στῆσαι,
973 5269 1178 5323 ταῦτα.
1205 5270 1491 5339 Conjungo
1521 5273 1622 5335 sic,
1649 5270 1813 5339 στῆσα

570 5268 660 5341 70)
691 5269 938 5341 Στῆοναι,
973 5268 1178 5323 ταῦτα.
1205 5270 1491 5340 Conjungo
1521 5273 1622 5335 sic,
1649 5270 1844 5340 στῆσαι
1869 5268 2059 5325 ταῦτα.

478 5336 573 5413 [Est
598 5336 778 5413 autem
802 5336 992 5413 brevis
1021 5349 1076 5395 et
1102 5341 1280 5413 Attica
1307 5336 1485 5413 oratiu
1518 5359 1532 5395 :
1563 5355 1664 5413 p_ro
1696 5336 1784 5411 ἐφ’
1814 5342 1921 5413 ὅτῳ
1951 5340 2061 5412 γὰρ

478 5407 623 5482 ἂνξ.
819 5410 1255 5482 ἀνόμοις-αὐτοῖς
1289 5410 1481 5482 στήσαι
1515 5407 1707 5482 ταῦτα.

551 5478 664 5549 (Ἠ)
708 5478 1013 5545 Ἰωσήπου.
1041 5480 1224 5535 Locus
1272 5478 1630 5549 hic'Josrphi
1674 5489 1853 5537 exstat
1893 5480 1990 5535 lib.
2022 5495 2060 5534 ιι

482 5548 666 5621 multa
693 5548 968 5621 Apionem,
1002 5566 1125 5621 pag.
1160 5550 1292 5621 1071
1326 5551 1459 5605 edit.
1493 5548 1837 5621 Grieco-Lat.

554 5617 665 5692 (72)
831 5619 947 5692 τῆς,
989 5617 1389 5692 δικαιοτάτης,
1431 5619 1765 5692 etc.Excus.
1812 5622 2060 5692 Joseph.,

484 5688 693 5763 nisi;
724 5690 763 5763 δ
775 5688 1090 5763 δικαιότατα
1115 5690 1244 5756 περὶ
1277 5692 1374 5763 τῆς
1407 5690 1500 5763 τοῦ
1528 5691 1591 5746 Θ.
1616 5691 1905 5763 lnterpres,
1931 5688 2060 5745 (ihs-

484 5757 696 5827 curius,
723 5755 827 5824 Qui
850 5759 1147 5827 justissima
1174 5763 1234 5815 de
1270 5755 1366 5814 Dei
1395 5761 1498 5829 ﬁde
1526 5755 1880 5832 cognoverint.
1920 5764 2065 5816 Ἐπι-
