4166 6476
460 426 575 482 ’615

1596 418 1925 483 ῬΒΔΕΡΑΒ.
1968 423 2224 483 ΕῗΑΝϐ.
2268 426 2397 483 ιω.
2441 424 2574 484 Vill.

3625 440 3731 497 6M

465 544 665 608 αὐτοὺς
690 538 1139 615 ἐκμανθάνοντες,
1172 544 1367 615 ἔχομεν
1393 544 1452 597 ὲν
1475 547 1597 609 ταῖς
1631 545 1829 617 ψυχαῖς
1860 544 2027 615 ὥσπει

2152 543 2506 601 hebdomadis
2536 559 2757 616 quoque
2786 547 3036 619 singulis,
3070 550 3139 606 ab
3163 551 3274 608 alio
3300 554 3539 624 quolibet
3562 571 3729 627 opere

458 634 992 705 ἐγκεχαραγμένους.
1042 635 1150 687 Καὶ¹
1193 634 1417 697 σπάνιος
1472 635 1569 706 μὲν
1601 638 1629 688 ό
1660 635 2011 707 παραϐαίνων
2029 675 2045 701 ,

463 723 725 787 ἀδύνατος
753 724 850 796 δ’ή
884 725 985 794 τῆς
1021 724 1295 789 κολάσεως
1322 726 1669 795 παραίτησις.
1699 725 1870 779 Τοῦτο
1893 725 2048 795 πρῶ-

456 833 554 870 τον
583 816 837 870 ἁπάντων
894 816 993 888 τὴν
1046 815 1367 889 θαυμαστὴν
1401 817 1652 888 ὁμόνοιαν
1704 819 1839 888 ἡμῖν
1876 819 2049 888 ἐμπε-

464 905 679 976 ποίηκε.
708 906 781 958 Τὸ
812 905 921 978 γὰρ
947 907 1074 976 μίαν
1102 906 1203 977 μὲν
1232 906 1376 977 ἔχειν
1421 907 1516 960 καὶ
1554 908 1653 977 τὴν
1695 906 1862 977 αὐτὴν
1889 906 2045 972 δόξαν

462 999 590 1069 περὶ
619 997 778 1063 Θεοῦ,
812 997 891 1068 τῷ
916 997 1017 1069 βίῳ
1042 997 1100 1051 δὲ
1128 998 1223 1050 καὶ
1258 1000 1373 1061 τοῖς
1402 997 1577 1051 ἔθνεσι
1608 997 1716 1069 (95)
1756 999 1921 1069 μηδὲν
1947 998 2044 1051 ἁλ-

460 1086 643 1163 λήλων
668 1089 979 1162 διαφέρειν,
1041 1090 1333 1161 καλλίστην
1395 1091 1453 1144 ὲν
1510 1090 1695 1162 ἤθεσιν
1740 1089 2043 1162 ἀνθρώπων

460 1182 779 1252 συμφωνίαν
804 1183 1073 1236 ἀποτελεῖ.
1104 1182 1242 1254 Παρ’
1265 1184 1394 1253 ἡμῖν
1422 1182 1530 1254 γὰρ
1562 1183 1741 1253 μόνοις
1767 1181 1889 1235 οὔτε
1917 1182 2044 1254 περὶ

457 1271 594 1326 Θεοῦ
622 1273 814 1343 λόγους
867 1274 1159 1328 ἀκούσεται
1187 1274 1315 1337 τοὺς
1344 1273 1454 1343 (94)
1504 1273 1752 1344 ἀλλήλοις
1812 1275 2044 1328 ὑπεναν-

456 1366 624 1431 τίους,
648 1370 806 1421 ὁποῖα
845 1367 1013 1421 πολλὰ
1062 1370 1195 1441 παρ’
1229 1368 1438 1440 ἑτέροις
1488 1367 1625 1439 (οὐχ
1673 1366 1780 1420 ὑπὸ
1807 1367 1914 1421 τῶν
1944 1383 2041 1420 τυ-

456 1460 661 1531 χόντων
682 1461 791 1532 γὰρ
819 1461 978 1532 μόνον
1012 1461 1074 1514 τὸ
1118 1460 1259 1514 κατὰ
1282 1461 1345 1513 τὸ
1373 1460 1682 1531 προσπεσὸν
1705 1461 1919 1530 ἑκάστῳ
1949 1459 2040 1513 λέ·-

457 1568 613 1621 γεται
634 1551 825 1616 πάθος,
854 1552 989 1605 ἀλλὰ
1008 1551 1114 1606 κᾶν
1140 1552 1291 1623 παρά
1317 1568 1427 1605 τισι
1443 1551 1553 1603 τῶν
1584 1550 1887 1621 φιλοσόφων
1912 1551 2041 1604 ἀπο-

453 1643 802 1715 τετόλμηται,
836 1644 943 1698 τῶν
977 1645 1073 1716 μὲν
1104 1646 1204 1717 τὴν
1230 1644 1357 1716 ὅλην
1396 1644 1488 1698 τοῦ
1511 1644 1647 1697 Θεοῦ
1696 1644 1856 1714 φύσιν
1881 1646 2038 1698 ἀναι-

457 1739 571 1809 ρεῖν
604 1739 715 1800 τοῖς
740 1735 918 1805 λόγοις
950 1738 1466 1809 ἐπικεχειρηκότων,
1499 1735 1672 1790 ἄλλων
1697 1736 1752 1790 δὲ
1772 1736 1871 1808 τὴν
1897 1738 2038 1810 ὑπὲρ

454 1828 756 1902 ἀνθρώπων
785 1829 945 1884 αὐτὸν
967 1830 1222 1901 πρόνοιαν
1251 1830 1717 1901 ἀφαιρουμένων)ο
1732 1830 1911 1884 οὐδ’ἐν
1925 1833 2038 1896 τοῖς

454 1921 843 1994 ἐπιτηδεύμασι
873 1922 981 1974 τῶν
1016 1921 1146 1992 βίων
1171 1921 1360 1991 ὄψεται
1394 1921 1674 1993 διαφορὰν,
1711 1921 1847 1975 ἀλλά
1881 1923 2036 1976 κοινὰ

455 2014 553 2083 μὲν
579 2012 716 2085 ἔργα
746 2013 964 2067 πάντων
992 2013 1124 2083 παρ’
1151 2015 1303 2084 ἡμῖν,
1331 2007 1408 2077 εἷς
1439 2013 1526 2067 δ’ὁ
1559 2013 1715 2082 λόγος
1736 2013 1764 2066 ό
1787 2013 1865 2085 τῷ
1888 2015 2036 2087 νόμῳ

452 2104 757 2175 συμφωνῶν
782 2104 910 2177 περὶ
935 2104 1097 2170 Θεοῦ,
1135 2105 1313 2159 πάντα
1364 2104 1536 2173 λέγων
1582 2107 1787 2159 ἐκεῖνον
1811 2107 2030 2177 ὲφορᾷν.

444 2195 562 2249 Καὶ
599 2194 703 2267 μὴν
736 2196 864 2266 περὶ
891 2195 1002 2248 τῶν
1029 2196 1172 2250 κατὰ
1200 2197 1293 2250 τὸν
1319 2195 1432 2267 βίον
1458 2196 1925 2268 ἐπιτηδευμάτων,
1950 2198 2033 2253 ὅτι

450 2284 530 2339 δεῖ
559 2286 734 2340 πάντα
755 2286 824 2340 τὰ
850 2285 986 2342 ἄλλα
1045 2286 1200 2351 τέλος
1243 2287 1388 2359 ἔχειν
1434 2288 1534 2359 τὴν
1583 2286 1888 2353 εὐσέϐειαν,
1938 2289 2033 2342 καὶ⁹

450 2378 727 2446 γυναικῶν
771 2378 1052 2432 ἀκούσειεν
1082 2378 1149 2433 ἄν
1173 2396 1277 2443 τις,
1308 2379 1403 2433 καὶ
1448 2379 1556 2433 τῶν
1600 2378 1843 2433 οἰκετῶν.
1871 2379 2032 2433 Ὅθεν

447 2468 512 2542 δὴ
563 2473 657 2525 καὶ
679 2472 740 2524 τὸ
781 2471 1222 2545 προσφερόμενον
1260 2472 1390 2543 ἡμῖν
1429 2471 1534 2525 ὑπό
1569 2488 1731 2526 τινων
1756 2471 2028 2543 ἔγκλημα,

446 2560 508 2615 τὸ
532 2562 596 2633 δὴ
626 2563 699 2635 μὴ
729 2563 930 2617 καινῶν
955 2561 1371 2636 εὖρετὰςέργων
1405 2562 1438 2634 ἢ
1485 2563 1658 2633 λόγων
1695 2564 1892 2634 ἄνδρας
1920 2581 2028 2617 πα-

449 2656 687 2725 ρασχεῖν,
724 2655 972 2709 ἐντεῦθεν
1012 2654 1379 2727 συμϐέϐηκεν.
1404 2656 1466 2709 Οἱ
1509 2656 1608 2726 μὲν
1632 2656 1743 2728 γὰρ
1768 2655 1916 2711 ἄλλοι
1966 2656 2030 2709 τὸ

448 2745 634 2818 μηδενὶ
674 2747 783 2800 τῶν
820 2749 1064 2818 πατρίων
1087 2747 1345 2818 ἐμμένειν
1373 2746 1536 2800 καλὸν
1561 2742 1697 2801 εἷναι
1727 2745 2025 2817 νομίζουσι,

442 2838 536 2892 καὶ
565 2842 678 2903 τοῖς
708 2840 938 2911 μάλιστα
960 2839 1200 2910 τολμῶσι
1227 2838 1403 2893 ταῦτα
1442 2839 1798 2911 παραϐαίνειν
1835 2840 2028 2909 σοφίας

442 2932 719 3001 δεινότητα
751 2931 1135 3003 μαρτυροῦσιν
1179 2933 1340 3002 ἡμεῖς
1364 2931 1422 2985 δὲ
1464 2932 1768 2985 τούναντίον
1801 2932 1926 3003 μίαν
1950 2928 2028 2985 εἶ-

441 3022 645 3077 ναικαὶ
673 3023 955 3093 φρόνησιν,
993 3022 1088 3076 καὶ¹
1138 3022 1339 3094 ἀρετὴν
1389 3022 1787 3093 ὑπειλήφαμεν,
1830 3023 1892 3077 τὸ
1921 3041 2026 3096 μη-

439 3113 528 3168 δὲν
552 3114 690 3178 ὅλως
712 3114 1028 3167 ὑπεναντίον
1082 3113 1220 3184 μήτε
1251 3113 1477 3185 πρᾶξαι,
1515 3115 1653 3186 μήτε
1683 3114 2024 3187 διανοηθῆναι

439 3206 552 3268 τοῖς
577 3202 636 3269 ἐξ
659 3204 833 3276 ἀρχῆς
887 3204 1322 3275 νομοθετηθεῖσιν
1356 3203 1484 3276 (95)·
1531 3206 1669 3277 ὅπερ
1701 3205 1925 3271 εἰκότως
1957 3207 2023 3262 ἂν
2051 3239 2092 3296 C

438 3295 523 3367 εἴη
551 3297 849 3367 τεκμήριον
880 3296 975 3349 τοῦ
1013 3295 1273 3351 κάλλιστα
1308 3297 1399 3350 τὸν
1454 3297 1617 3368 νόμον
1649 3297 1892 3370 τεθῆναι.
1943 3299 2027 3354 Τὰ

437 3387 548 3458 γὰρ
578 3387 651 3459 μὴ
679 3377 869 3441 τοῦτον
914 3386 1105 3459 ἔχοντα
1148 3372 1251 3441 ’τὸν
1277 3389 1478 3461 τρόπον
1506 3391 1560 3443 αί
1607 3392 1792 3461 πεῖραι
1833 3389 2023 3461 δεόμε-

438 3497 526 3533 ναι
551 3478 660 3550 (96)
719 3479 1056 3552 διορθώσεως
1088 3480 1419 3552 ἐλέγχουσιν⁹
1478 3483 1608 3553 ἡμῖν
1656 3482 1713 3536 δὲ
1745 3486 1857 3547 τοῖς
1900 3499 2024 3536 πει-

439 3569 641 3625 σθεῖσιν
673 3570 731 3637 ἐξ
751 3572 924 3644 ἀρχῆς
950 3571 1173 3644 τεθῆναι
1222 3574 1312 3627 τὸν
1342 3574 1506 3645 νόμον
1549 3574 1691 3629 κατὰ
1730 3575 1864 3629 Θεοῦ
1900 3575 2024 3646 βού-

436 3661 614 3733 λησιν,
639 3661 746 3715 οὐδ’
769 3662 990 3726 εὐσεϐὲς
1009 3661 1075 3735 ἦν
1104 3664 1184 3718 ἔτι
1206 3664 1363 3719 τοῦτο
1381 3665 1454 3738 μὴ
1488 3665 1793 3735 φυλάττειν.
1823 3666 1888 3718 Τί
1912 3666 2021 3737 γὰρ

434 3749 601 3804 αὐτοῦ
625 3769 710 3815 τις
741 3750 807 3805 ἂν
841 3756 1250 3825 μετακινήσειεν
1284 3756 1417 3824 (97),
1454 3757 1486 3829 ἢ
1516 3756 1571 3811 τί
1617 3758 1833 3812 κάλλιον
1864 3758 2017 3825 ἐξεῦ-

436 3857 551 3911 ρεν,
576 3841 610 3912 ἢ
659 3842 713 3895 τί
736 3844 865 3914 παρ’
893 3844 1094 3915 ἐτέρων
1118 3844 1194 3908 ὡς
1222 3843 1442 3914 ἄμεινον
1479 3848 1841 3917 μετήνεγκεν;
1870 3844 2019 3920 Ἀρά

433 3948 498 4001 γε
525 3934 625 4004 τὴν
649 3934 778 4007 ὃλην
805 3934 1137 3991 κατάστασιν
1187 3934 1281 3989 τοῦ
1331 3937 1753 4009 πολιτεύματος;
1798 3940 1908 3994 Καὶ
1931 3940 2017 4005 τίς

430 4022 501 4080 ἂν
535 4025 769 4080 καλλίων
808 4027 1178 4102 ἢδικαιοτέρα
1198 4031 1423 4100 γένηται
1459 4031 1558 4102 τῆς
1594 4032 1688 4085 τὸν
1730 4032 1861 4087 Θεὸν
1915 4035 2015 4106 μὲν

426 4118 679 4190 ’ἡγεμόνα
703 4117 811 4171 τῶν
848 4118 984 4173 ὅλων
1040 4120 1290 4190 ἡγεῖσθαι
1328 4119 1440 4191 (98)
1465 4123 1859 4195 πεποιημένης,
1902 4127 2014 4189 τοῖς

430 4208 644 4283 Ιερεῦσι
667 4211 724 4265 δὲ
754 4211 906 4280 κοινῇ
940 4213 1037 4284 μὲν
1071 4213 1141 4267 τὰ
1195 4213 1423 4284 μέγιστα
1446 4214 1664 4269 διοικεῖν
1687 4216 2012 4287 ἐπιτρεπού-

435 4317 555 4372 σης,
590 4302 669 4373 τῷ
700 4301 757 4355 δὲ
809 4302 1028 4356 πάντων
1066 4302 1316 4375 ἀρχιερεῖ
1369 4305 1532 4359 πάλιν
1579 4309 2014 4373 πεπιστευκυίας

426 4392 532 4464 τὴν
557 4393 667 4447 τῶν
690 4393 864 4448 ἄλλων
895 4394 1083 4466 ἱερέων
1116 4394 1412 4466 ἠγεμονίαν
1440 4412 1455 4462 ;
1501 4391 1582 4460 οἷς
1609 4397 1670 4450 οὐ
1700 4397 1812 4469 (99)
1844 4398 2011 4453 πλού-

431 4503 531 4557 τῳ,
584 4486 705 4540 οὐδέ
758 4504 900 4542 τισιν
958 4488 1146 4552 ἄλλαις
1196 4487 1492 4561 προῦχουσι
1544 4489 1896 4556 πλεονεξίαις,
1947 4492 2010 4546 τὸ

2155 636 2379 694 feriatos
2412 652 2623 703 omnes,
2658 641 2724 693 ad
2752 640 2920 705 illam,
2966 642 3094 697 dum
3130 645 3468 714 recitaretur,
3495 651 3726 705 audien-

2148 728 2295 795 dam,
2318 732 2613 801 animoque
2646 733 2860 801 penitus
2890 734 3287 791 inl'ormandam
3316 741 3606 795 convenire
3634 742 3727 812 ju-

2148 819 2316 875 beret.
2358 821 2415 875 Id
2463 825 2607 892 quod
2660 824 2729 879 ab
2761 826 2986 895 reliquis
3020 831 3277 884 Omnibus
3325 834 3725 901 legislatorihus

2147 916 2577 982 pratermissum
2609 918 2876 975 videmus.
2906 920 3105 987 Quare,
3134 924 3379 993 plerique
3409 929 3718 982 mortalium

2146 1019 2177 1057 a
2207 1006 2315 1059 vita
2347 1022 2570 1061 suarum
2598 1024 2664 1063 ex
2700 1010 2872 1079 legum
2916 1017 3198 1083 praecl-ptis
3230 1016 3556 1072 instituenda
3605 1031 3722 1074 tan-

2147 1102 2258 1149 tum
2288 1098 2519 1164 absunt,
2563 1110 2620 1153 ut
2655 1101 2708 1154 in
2733 1117 2944 1156 summa
2982 1101 3093 1156 fere
3130 1105 3343 1158 illarum
3381 1107 3721 1176 igno:atio::e

2144 1196 2457 1250 versentur,
2504 1198 2666 1257 atque
2694 1191 2782 1244 uhi
2822 1192 3179 1258 peccaverint,
3225 1209 3320 1248 eas
3352 1205 3464 1249 tum
3500 1199 3720 1252 deumm

2143 1276 2242 1330 alis
2267 1293 2326 1331 se
2358 1279 2606 1346 violatas,
2636 1298 2699 1335 cx
2743 1282 2864 1334 aliis
2893 1283 3213 1353 intelligant.
3249 1286 3421 1352 Quam
3462 1289 3721 1353 ignoran-

2145 1366 2272 1421 tiam
2308 1371 2506 1422 snnuni
2529 1386 2749 1439 quoque
2772 1387 2834 1425 ac
2856 1373 3131 1442 principes
3154 1391 3340 1429 eorum
3368 1379 3720 1444 magistratus

2143 1459 2491 1527 conlltentur,
2514 1464 2643 1515 dum
2671 1480 2765 1519 eos
2794 1480 2974 1518 rerum
3004 1466 3459 1523 administrationi
3489 1487 3722 1539 praeesse

2141 1556 2509 1620 potissimum,
2548 1570 2613 1609 ac
2637 1556 2737 1609 sibi
2764 1557 3006 1611 assidere
3032 1559 3238 1622 volunt,
3265 1562 3356 1628 qui
3387 1565 3718 1631 praecipuam

2139 1645 2432 1712 quamdam
2486 1646 2659 1717 legum
2717 1649 2965 1716 peritiam
3022 1664 3129 1717 prze
3176 1666 3236 1705 se
3287 1651 3481 1706 ferant.
3534 1655 3602 1708 At
3651 1670 3717 1710 ex

2140 1734 2342 1788 nostris
2367 1773 2381 1795 ,
2417 1750 2800 1806 quemcunque
2845 1737 2913 1791 de
2962 1738 3140 1807 legum
3177 1750 3487 1795 nostrarum
3525 1744 3718 1813 capiti-

2139 1822 2240 1879 bus
2277 1824 2596 1896 interreges,
2646 1829 2930 1884 universas
2969 1830 3183 1886 facilius
3207 1848 3372 1902 quam
3402 1850 3562 1890 suum
3599 1836 3719 1905 ipse

2141 1932 2338 1971 nomen
2369 1919 2653 1985 edisseret,
2681 1921 2882 1991 quippe
2905 1938 3043 1992 quas
3068 1923 3177 1992 jam
3208 1940 3382 1995 usque
3402 1926 3473 1980 ab
3495 1941 3578 1990 ea,
3605 1941 3714 1997 qua

2136 2014 2370 2083 primum
2402 2015 2606 2084 aliquid
2640 2018 2841 2071 sentire
2887 2019 3179 2087 coepimus,
3216 2030 3407 2086 aetate,
3455 2021 3712 2090 haustas,

2138 2104 2417 2160 mentibus
2439 2107 2695 2174 deinceps
2721 2108 2933 2163 inustas
2959 2110 3365 2178 quodammodo
3396 2114 3717 2182 impr-asas-

2133 2210 2240 2266 que
2272 2206 2573 2254 teneamus.
2618 2199 2694 2254 Ita
2733 2210 2785 2255 et
2837 2204 2944 2255 rari
2978 2204 3270 2256 admodum
3306 2213 3463 2269 sunt,
3499 2205 3593 2275 qui
3620 2221 3716 2260 eas

2131 2286 2359 2352 violent,
2388 2297 2444 2341 et
2472 2288 2563 2358 qui
2597 2289 2834 2355 violarit,
2868 2291 3014 2344 nulla
3044 2305 3269 2360 prorsus
3290 2292 3337 2345 ei
3361 2293 3714 2361 deprecnnda:

2130 2389 2308 2445 pcense
2342 2376 2484 2430 ratio
2531 2387 2803 2447 superest.
2836 2380 3016 2447 Atque
3057 2377 3146 2432 hic
3192 2378 3528 2433 admirabilis
3571 2379 3718 2436 inter

2131 2484 2234 2524 nos
2287 2470 2598 2525 animorum
2644 2471 3026 2525 consensionis
3077 2469 3202 2525 fons
3247 2479 3332 2525 est
3382 2470 3711 2542 praelipuus.

2128 2557 2264 2614 Nam
2297 2569 2351 2615 et
2380 2561 2521 2615 idem
2567 2576 2759 2617 omnes
2791 2564 2858 2616 de
2902 2560 3013 2617 Deo
3043 2563 3277 2625 sentire,
3325 2573 3379 2616 et
3407 2563 3557 2617 nullo
3589 2564 3717 2621 vita

2130 2665 2459 2720 morumque
2488 2652 2717 2707 dissidio
2740 2653 3009 2717 laborare,
3046 2654 3095 2707 id
3125 2669 3255 2708 vero
3287 2655 3713 2723 pulcherrimam

2127 2756 2191 2797 ac
2216 2743 2673 2812 iucundissimam
2712 2745 3022 2799 hominibus
3045 2746 3356 2800 animorum
3382 2747 3716 2801 studiorum-

2127 2848 2234 2900 que
2280 2834 2723 2904 coniunctionem
2775 2835 2970 2890 ali'erre
3016 2838 3172 2891 solet.
3245 2840 3537 2893 Enimvero
3606 2840 3710 2896 soli

2126 2927 2354 2980 omnino
2388 2942 2600 2991 smnus,
2628 2928 2768 2997 apud
2804 2944 2942 2997 quos
2976 2944 3153 2997 neque
3198 2930 3571 2999 discrepantes
3602 2948 3709 2985 un-

2125 3033 2290 3088 quam
2338 3017 2406 3073 de
2435 3016 2548 3072 Deo
2582 3019 2882 3073 sententias
2928 3019 3154 3082 audies,
3189 3021 3335 3088 quod
3381 3021 3524 3089 apud
3570 3021 3712 3079 alios

2126 3107 2631 3179 frequentissimum
2662 3116 2748 3163 est
2783 3110 2801 3178 (
2828 3124 2929 3162 nec
2951 3110 3095 3162 enim
3129 3109 3365 3179 vulgaris
3398 3118 3609 3165 tantum
3642 3126 3709 3166 ac

2125 3202 2373 3272 plebeius
2423 3202 2690 3271 quilibet,
2751 3210 2915 3270 prout
2953 3200 3244 3269 peculiaris
3288 3203 3458 3257 animi
3510 3217 3709 3259 Sensus

2128 3294 2434 3364 impulerit,
2468 3295 2536 3349 de
2570 3293 2681 3349 Deo
2707 3293 2949 3364 loquitur
2980 3309 2994 3346 :
3029 3292 3194 3365 36]..
3232 3295 3325 3348 sed
3358 3295 3462 3350 hoc
3486 3295 3709 3351 temeri-

2125 3386 2253 3441 tatis
2303 3385 2497 3440 vitium
2528 3387 2595 3441 ad
2644 3384 2939 3439 nonnullos
2968 3387 3131 3438 etiam
3186 3386 3540 3456 philostxphos
3577 3403 3706 3456 per-

2123 3479 2387 3543 manavit,
2418 3492 2652 3547 quorum
2680 3476 2771 3530 alii
2804 3491 3020 3529 onmem
3055 3474 3143 3529 Dei
3172 3485 3423 3531 naturam
3454 3475 3708 3534 funditus

2124 3569 2493 3623 exterminare
2522 3568 2704 3623 conati
2744 3575 2893 3633 sunt,
2927 3567 3018 3620 alii
3051 3568 3300 3621 eumdem
3329 3570 3479 3623 omni
3526 3569 3708 3624 humi-

2120 3673 2254 3712 num
2289 3674 2419 3713 cura
2458 3659 2911 3729 providentiaque
2943 3658 3331 3727 spoliarunt);
3380 3674 3480 3715 nec
3529 3660 3701 3714 ullum

2118 3753 2173 3807 in
2206 3752 2327 3806 vitae
2352 3752 2661 3807 rationibus
2689 3752 2979 3809 dissulium
3004 3752 3235 3806 videbis.
3264 3751 3377 3806 lmo
3401 3767 3549 3818 vero,
3575 3768 3700 3809 cum

2117 3859 2332 3899 summa
2384 3845 2633 3914 qua‘dam
2679 3847 2822 3915 apud
2876 3859 2979 3901 nos
3031 3845 3276 3899 omnium
3332 3854 3417 3900 est
3467 3862 3698 3917 operum

2114 3934 2572 4005 functionumque
2591 3936 2927 4001 communio,
2950 3946 3067 3991 tum
3088 3949 3188 3988 vox
3213 3936 3466 3990 similiter
3483 3939 3696 4002 eadem,

2114 4032 2168 4081 et
2198 4041 2322 4080 cum
2372 4026 2489 4095 ipsa
2543 4025 2661 4094 lege
2709 4027 3058 4081 consentiens
3083 4068 3098 4094 ,
3134 4040 3258 4093 quae
3295 4026 3481 4081 omnia
3526 4027 3698 4083 divini

2113 4117 2258 4173 oculi
2291 4116 2561 4186 sapientia
2594 4116 2707 4185 regi
2752 4115 3057 4185 proﬁtetur.
3113 4118 3258 4183 Qum
3296 4117 3459 4170 etiam
3488 4155 3505 4180 ,
3550 4117 3700 4187 quod

2112 4210 2181 4264 ad
2211 4210 2339 4264 vitae
2385 4209 2635 4264 instituta
2667 4216 2912 4276 spectat,
2943 4223 3012 4264 ex
3046 4209 3179 4277 ipsis
3212 4224 3429 4279 quoque
3473 4207 3698 4262 mulier-

2110 4301 2250 4356 culis
2284 4315 2349 4355 ac
2380 4299 2672 4369 mancipiis
2704 4298 2972 4370 intelliges
2997 4338 3014 4363 ,
3068 4301 3204 4355 nihil
3237 4317 3346 4355 non
3380 4318 3446 4356 ex
3483 4301 3697 4356 caeteris

2111 4392 2181 4447 ad
2220 4406 2392 4446 unum
2439 4390 2722 4460 religionis
2752 4389 2915 4445 linem
2945 4404 3067 4445 esse
3114 4390 3478 4448 referendum.
3512 4397 3688 4464 Atque

2110 4485 2241 4540 hinc
2277 4480 2584 4554 profectum
2614 4481 2744 4537 illud
2770 4492 2886 4548 est,
2912 4482 3062 4553 quod
3110 4497 3143 4537 a
3171 4484 3449 4540 nonnullis
3484 4487 3688 4555 probro

432 4576 648 4647 πρῶτον
684 4577 846 4641 εὐθὺς
897 4577 1254 4648 νομοθετῆσαι
1298 4579 1390 4631 ἐπὶ
1419 4578 1517 4650 τὴν
1571 4580 1737 4651 τιμὴν
1798 4579 2006 4645 ἔταξεν·

2125 4576 2273 4630 nobis
2304 4584 2360 4630 et
2386 4575 2604 4631 crimini
2636 4575 2883 4641 vertitur,
2916 4569 3189 4630 neminem
3223 4591 3289 4631 ex
3321 4577 3491 4643 nobis,
3515 4578 3684 4634 ullum

430 4663 545 4718 ἀλλ’
569 4666 684 4718 ὅσοι
712 4664 821 4718 τῶν
845 4669 961 4736 μετ’
982 4666 1144 4719 αὑτοῦ
1199 4667 1377 4721 πειθοῖ
1422 4685 1481 4721 τε
1545 4670 1640 4723 καὶ
1688 4671 2010 4745 σωφροσύνῃ

429 4756 538 4812 τῶν
566 4757 740 4814 ἄλλων
771 4757 1037 4829 διέφερον,
1069 4759 1278 4823 τούτοις
1305 4760 1402 4831 τὴν
1422 4761 1551 4832 περὶ
1575 4760 1668 4815 τὸν
1696 4761 1829 4815 Θεὸν
1851 4761 2011 4836 θερα-

431 4848 591 4903 πείαν
622 4851 952 4922 ἐνεχείρησε.
985 4848 1155 4904 Τοῦτο
1177 4849 1220 4904 δ’
1250 4847 1319 4922 ἦν
1355 4850 1432 4922 (1)
1470 4852 1564 4905 καὶ
1591 4850 1687 4905 τοῦ
1707 4852 1874 4925 νόμου
1911 4853 2008 4907 καὶ

429 4941 540 4995 τῶν
569 4941 744 4996 ἄλλων
788 4941 1232 5015 ἐπιτηδευμάτων
1271 4944 1504 5017 ἀκριϐὴς
1561 4944 1868 5015 ἐπιμέλειαο
1912 4945 2009 4999 καὶ

502 5117 613 5199 (95)
651 5117 905 5199 ’ξΕρνεσιε
934 5115 1194 5199 Mendosa
1226 5132 1351 5173 vox.
1382 5115 1698 5188 Reponend.
1735 5116 1903 5184 ἔθεσι,
1948 5128 2007 5175 ιιι

428 5197 513 5244 est
540 5186 681 5256 apud
714 5186 939 5258 Joseph.’
962 5196 1016 5241 et
1042 5188 1095 5241 in
1123 5203 1399 5242 manuscr.
1462 5186 1481 5188 “

501 5258 612 5331 (94)
651 5258 996 5313 Ἀκούσεται
1027 5259 1187 5324 τούς.
1219 5256 1452 5329 Legend.
1484 5257 1773 5311 ἀκούσεταί
1809 5274 1912 5324 τις,
1946 5269 2006 5314 ιιι

428 5331 569 5383 apud
594 5326 816 5383 Josenh.

427 5343 569 5384 anno
594 5343 816 5384 δοειιιιιι.

461 5343 569 5400 pun
594 5343 816 5398 Josepn.

466 5397 615 5480 __(95)
648 5399 1163 5480 Νομοθετηθεῗςιη
1209 5397 1397 5463 Recte,
1438 5413 1564 5453 nam
1595 5395 1739 5469 apud
1775 5397 2000 5468 .Ioseph.

426 5469 623 5539 vitiose
657 5470 869 5537 legitur,
907 5469 1347 5539 νομοθετήσασιν.

498 5538 609 5661 (θξ)
644 5538 941 5607 Δεόμεναι.
972 5537 1219 5606 .losepli.,
1244 5540 1490 5610 δεόμενα.
1529 5537 1695 5609 Elige.

502 5610 557 5661 l9
600 5613 616 5661 l
659 5607 1151 5661 Μετακινήσειεν.
1204 5608 1476 5661 Manusc..
1515 5613 1695 5661 μετεκ(

502 5607 616 5681 (97)
659 5607 1151 5681 Μετανκινήσειεν.
1204 5607 1476 5674 Manusc.,
1515 5607 1869 5681 μετεκίνησεν
1894 5650 1908 5673 ,
1944 5617 2002 5663 ιιι

429 5678 670 5751 egeam,
699 5680 1050 5750 μετήνεγκεν,
1089 5694 1212 5748 quae
1234 5678 1658 5751 sequunturtAt
1689 5678 1910 5749 steph.
1946 5689 2000 5734 et

430 5748 667 5803 Montac.
693 5748 1116 5822 Δμετακινήσειεν
1144 5750 1413 5822 retinent,
1444 5748 1739 5822 ειᾷὲξεύροι
1769 5751 1952 5822 legunt
1983 5767 1995 5801 :

428 5835 528 5889 pro
575 5816 907 5890 μετήνεγκεν
946 5816 1127 5876 autem
1176 5816 1759 5889 Josepb.,é§svéyi¢oz,
1802 5816 1998 5885 Manu,

429 5888 767 5962 μετενέγκδι,
797 5890 943 5971 quod
971 5890 1166 5969 melius
1200 5899 1305 5948 est.

2109 4676 2207 4722 aut
2231 4681 2390 4722 novae
2422 4666 2713 4732 orationis,
2747 4676 2842 4721 aut
2869 4666 3049 4737 operis
3081 4667 3206 4722 novi
3236 4676 3513 4723 auctorem
3561 4685 3689 4740 pro-

2110 4759 2297 4815 diisse.
2330 4757 2467 4813 Nam
2493 4758 2673 4814 caeteri
2701 4758 2945 4829 quidem,
2976 4759 3028 4813 in
3058 4759 3204 4813 nulla
3229 4760 3528 4830 patriarum
3553 4776 3688 4816 con-

2109 4848 2466 4906 suetudinum
2519 4848 2910 4917 acquiescere,
2958 4849 3278 4918 praeclarum
3326 4849 3585 4920 quiddam
3620 4865 3686 4906 ac

2108 4943 2269 4999 laude
2304 4943 2531 5014 dignum
2560 4940 2915 5008 arbitrantur,
2947 4956 3151 5012 eosque
3182 4941 3552 5012 potissimum,
3589 4944 3684 5014 qui

2179 5120 2290 5193 (98)
2330 5120 2640 5192 Ἡγεῖσθαι.
2692 5118 2844 5174 Delet
2885 5118 3027 5174 hanc
3077 5132 3266 5174 vocem
3309 5117 3601 5190 Iosephus,
3631 5129 3689 5176 et

2106 5200 2291 5333 re???)
2326 5255 2428 5326 Οἷς
2452 5262 2547 5322 οὐ,
2574 5268 2678 5313 etc.
2723 5256 2928 5313 Locum
2976 5256 3125 5311 hunc
3163 5258 3433 5378 inte‘grum
3455 5254 3680 5328 Ioseph.

2106 5332 2180 5378 ita
2214 5332 2358 5378 lenit-
2389 5329 2484 5378 οὓς
2505 5331 2565 5378 οὐ
2588 5327 2727 5378 κατὰ
2757 5327 3006 5378 πλοῦτον.
3031 5326 3153 5378 οὐδὲ
3174 5344 3224 5378 τ.
3298 5369 3311 5378 .
3347 5326 3680 5378 πραΰνοντας

2105 5326 2359 5426 ita'legLit,
2389 5329 2484 5393 οὒς
2505 5331 2565 5426 οὐ
2588 5327 2727 5426 καξὰ
2757 5327 3006 5410 πλοῦτον,
3031 5326 3153 5426 eget
3257 5326 3311 5381 ἄ,
3347 5326 3684 5426 προῦχοντας

2105 5395 2432 5472 αὐτομάτοις
2463 5398 2705 5464 πλεονεξ.
2742 5397 2956 5468 πρῶτον
2996 5396 3157 5459 εὐθὺς
3189 5400 3217 5450 ὁ
3264 5395 3560 5470 νομοθέτῆς
3587 5402 3684 5455 ἐπὶ

2104 5489 2153 5526 τ.
2180 5488 2233 5524 τ.
2261 5470 2335 5537 ἕ.,
2371 5485 2537 5541 quam
2572 5469 2860 5545 lcetionem
2906 5466 3067 5520 etiam
3104 5466 3340 5545 ligulae.
3386 5483 3683 5545 rapi-uase..-

2102 5551 2202 5603 tat,
2234 5534 2464 5606 eamque
2508 5554 2609 5593 nos
2652 5537 2822 5606 secuti
2868 5551 3082 5606 sumus.
3130 5534 3247 5592 Non
3288 5534 3536 5606 displicet
3598 5553 3676 5594 ia-

2102 5627 2227 5666 men
2260 5604 2494 5679 πλοῦτῳ,
2524 5623 2623 5678 pro
2655 5605 2796 5659 κατὰ
2824 5604 3071 5671 πλοῦτον,
3099 5622 3225 5661 cum
3252 5604 3513 5678 sequatur
3559 5610 3684 5664 οὐδέ

2100 5698 2260 5824 τιῑῗ).
2287 5749 2467 5824 Ἰξοῇτο
2494 5747 2547 5802 δ’
2575 5744 2669 5818 ἦν.
2710 5743 2960 5817 Josepli.,
2985 5745 3194 5811 τούτοις
3222 5747 3268 5801 δ’
3293 5744 3383 5824 ἦν,
3411 5750 3554 5822 quod
3593 5748 3678 5807 fa.

2101 5820 2261 5879 cilius
2286 5820 2518 5877 videtur.
