4166 6466
423 408 533 465 615

1066 404 1338 461 EUSEBII
1378 402 1878 460 CIESARIENSIS
1917 404 2071 462 OPP.
2112 404 2301 461 PARS
2339 403 2400 459 Π.
2454 434 2523 446 --
2560 404 3061 461 APOLOGETlCA.

3610 411 3714 467 6|6

428 515 637 587 aliquid
682 528 870 571 earum
921 510 1254 568 labefactare
1297 522 1611 578 conantur,
1666 528 1698 566 a
1748 512 2013 578 singulari

2124 512 2226 586 γὰρ
2263 515 2493 569 ἐπόπται
2531 515 2749 570 πάντων
2774 515 2869 570 καὶ
2895 516 3150 569 δικασταὶ
3175 516 3285 571 τῶν
3337 518 3716 594 ἀμφισϐητου-

426 606 729 677 prudentia:
761 605 811 659 vi
834 603 1164 671 solertiaque
1192 604 1603 659 commendant.
1640 600 1752 657 Nos
1777 612 1969 658 contra
1999 644 2014 669 ,

425 716 595 755 unam
628 699 769 753 hanc
800 706 855 752 et
883 697 1253 767 prudentiam,
1282 705 1337 750 et
1369 697 1624 750 virtutem
1653 711 1776 751 esse
1818 695 2018 750 statui-

424 807 573 856 mus,
606 790 743 844 nihil
773 792 998 844 omnino
1030 790 1176 860 quod
1203 805 1328 843 cum
1375 789 1588 858 legibus
1620 798 1746 843 ante
1792 787 2020 844 sancitis

425 896 652 951 quoquo
703 881 870 936 modo
917 889 1141 952 pugnet,
1193 888 1290 935 aut
1344 881 1621 947 invehere,
1669 889 1765 935 aut
1815 879 2017 934 moliri.

424 976 585 1045 Quod
616 991 750 1031 sane
776 984 1101 1045 argumento
1125 975 1435 1030 certissimo
1464 985 1568 1039 est,
1598 975 1803 1045 optime
1830 975 2023 1032 condi-

429 1080 545 1123 tam
582 1068 726 1123 hanc
756 1067 929 1123 fuisse
964 1067 1160 1138 legem.
1194 1065 1328 1133 Quae
1363 1067 1512 1123 enim
1564 1083 1726 1122 secus
1774 1067 2021 1123 instituta

431 1169 581 1224 sunt,
612 1175 678 1215 ea
704 1175 834 1214 vero
856 1161 1200 1216 correctione
1228 1161 1491 1231 indigere,
1515 1162 1852 1231 experientia
1876 1176 2025 1216 com-

428 1252 717 1324 probatur.
750 1253 821 1308 At
849 1268 972 1317 nos,
1009 1253 1104 1321 qui
1139 1253 1284 1308 hanc
1312 1254 1549 1323 primum
1583 1253 1756 1323 legem
1786 1269 1853 1307 ex
1886 1253 2025 1307 divi—

430 1363 516 1404 me
537 1347 838 1403 voluntatis
864 1348 1094 1403 arbitrio
1146 1348 1312 1403 latam
1341 1347 1512 1403 fuisse
1550 1349 1866 1414 credimus,
1901 1362 2024 1402 eam

2124 608 2322 677 μένων,
2348 609 2443 663 καὶ
2471 608 2733 663 κολασταὶ
2775 608 2884 662 τῶν
2936 610 3405 681 κατεγνωσμένων
3450 615 3499 666 oi
3554 616 3719 687 ἱερεῖς

2120 699 2449 771 ἐτάχθησαν.
2486 701 2583 764 Τίς
2629 700 2694 753 ἃν
2748 697 2841 754 οὖν
2873 699 3016 771 ἀρχὴ
3078 702 3288 769 γένοιτο
3319 702 3524 776 ταύτης
3551 708 3716 761 όσιω-

2120 791 2290 864 τέρα;
2328 793 2426 856 Τίς
2455 792 2510 844 δὲ
2536 791 2670 863 τιμὴ
2718 791 2839 863 Θεῷ
2872 792 3069 863 μᾶλλον
3102 793 3457 864 ἁρμόζουσα;
3512 797 3716 863 παντὸς

2126 883 2225 954 μὲν
2256 883 2351 937 τοῦ
2417 884 2658 955 πλήθους
2705 885 3215 955 κατεσκευασμένου
3248 887 3386 957 πρὸς
3438 889 3538 959 τὴν
3561 890 3718 944 εὐσέ-

2123 975 2297 1041 ϐειαν,
2328 975 2605 1048 ἐξαίρετον
2660 974 2718 1028 δὲ
2770 978 2870 1047 τὴν
2899 977 3217 1047 ἐπιμέλειαν
3257 978 3364 1031 τῶν
3394 980 3585 1051 ἱερέων
3618 999 3718 1035 πε-

2123 1067 2520 1137 πιστευμένων,
2552 1065 2743 1136 ῶσπερ
2802 1065 2859 1118 δὲ
2899 1066 3089 1138 τελετή
3148 1069 3266 1121 ἐστι
3320 1069 3395 1139 (2)
3436 1059 3546 1139 τῆξ
3589 1071 3718 1143 ὅλης

2122 1157 2399 1221 πολιτείας
2448 1157 2924 1227 οἱκονομουμένης.
2969 1160 3037 1209 Ἀ
3071 1157 3180 1230 γὰρ
3240 1159 3437 1229 ὀλίγων
3494 1162 3719 1235 ἡμερῶν

2123 1250 2355 1322 ἀριθμὸν
2379 1249 2793 1321 ἐπιτηδεύοντες
2831 1250 2958 1305 ἄλλο
2992 1251 3068 1321 (5)
3118 1250 3411 1320 φυλάττειν
3441 1253 3503 1305 ού
3528 1253 3706 1308 δύναν-

2123 1360 2235 1403 ται,
2274 1344 2548 1413 μυστήρια
2601 1343 2697 1396 καὶ
2741 1342 2963 1406 τελετάς
3019 1344 3484 1415 ἐπονομάζοντες,
3542 1346 3716 1403 ταῦτα

429 1438 693 1509 deinceps
720 1439 928 1495 violare
975 1441 1095 1494 sine
1137 1438 1418 1509 impietate
1452 1456 1558 1493 non
1608 1456 1924 1510 possumus.
1961 1437 2022 1492 Et

2130 1433 2267 1504 μετὰ
2291 1434 2491 1505 πολλῆς
2518 1435 2709 1505 ἡδονῆς
2734 1435 2828 1488 καὶ
2857 1434 3084 1506 γνώμης
3122 1436 3459 1505 ἀμεταθέτου
3496 1436 3569 1508 (4)
3611 1455 3716 1507 φυ-

428 1542 585 1596 vero,
619 1528 750 1599 quid
796 1530 1014 1585 tandem
1046 1537 1142 1583 aut
1172 1544 1237 1584 ex
1276 1545 1341 1584 ea
1382 1540 1596 1584 mutare
1647 1532 1775 1600 quis
1806 1529 2023 1600 possit,

2126 1523 2394 1595 λάττομεν
2416 1528 2578 1596 ἡμεῖς
2607 1525 2695 1578 διὰ
2719 1525 2813 1578 τοῦ
2846 1525 3044 1586 παντὸς
3066 1525 3281 1589 αἰῶνος.
3319 1526 3477 1590 Τίνες
3498 1522 3591 1580 οὖν
3640 1530 3717 1581 εί-

432 1628 531 1673 aut
582 1619 898 1691 excogitare
946 1621 1165 1687 melius,
1203 1628 1299 1675 aut
1328 1620 1398 1674 ah
1445 1620 1569 1675 aliis
1612 1620 2022 1675 convenientius

2129 1633 2213 1670 σιν
2246 1619 2301 1670 αί
2332 1618 2667 1689 προρρήσεις
2697 1617 2792 1671 καὶ
2822 1618 3251 1689 προαγορεύσεις
3283 1619 3395 1691 (5);
3443 1620 3640 1675 Ἀπλαῖ
3654 1639 3714 1676 τε

430 1713 724 1769 mutuari?
775 1712 916 1767 Num
955 1712 1106 1768 forte
1144 1728 1323 1785 genus
1363 1712 1540 1783 ipsum
1590 1713 1802 1783 reipub.
1851 1724 2022 1767 totum

2128 1711 2223 1765 καὶ
2252 1708 2540 1780 γνώριμοι.
2569 1708 2768 1780 Πρώτη
2799 1708 2844 1763 δ’
2875 1712 3089 1780 ⁴ἡγεῖται
3122 1710 3196 1781 (6)
3228 1713 3261 1781 ή
3297 1713 3422 1783 περὶ
3453 1711 3590 1767 Θεοῦ
3626 1714 3715 1768 λέ-

430 1804 796 1860 inmutabit?
836 1806 906 1859 At
954 1805 1230 1875 quodnam
1259 1845 1275 1871 ,
1324 1804 1577 1867 obsecro,
1628 1805 1801 1874 possit
1843 1819 1910 1859 eo
1940 1806 2022 1859 vel

2129 1818 2320 1872 γουσαο
2367 1802 2500 1865 Θεὸς
2557 1801 2673 1870 ἔχει
2719 1801 2788 1854 τά
2821 1802 3133 1872 σύμπαντα,
3176 1805 3445 1877 παντελὴς
3470 1809 3565 1861 καὶ
3609 1827 3716 1881 μα-

435 1897 633 1953 melius
669 1897 756 1953 vel
800 1897 1015 1967 aequius
1062 1897 1274 1952 institui
1305 1939 1320 1963 ,
1374 1898 1523 1967 quod
1575 1896 1746 1951 Deum
1797 1898 2016 1968 quidem

2124 1894 2333 1965 κάΡιος,
2361 1893 2521 1957 αὐτὸς
2549 1893 2726 1964 ἐαυτῷ
2759 1894 2853 1947 καὶ
2883 1896 3049 1948 πᾶσιν
3091 1897 3392 1969 αὖτάρκηςι
3426 1900 3588 1972 ἀρχὴν
3614 1880 3715 1956 in!

433 2004 618 2044 rerum
647 1990 1030 2045 universarum
1060 1990 1459 2046 moderatorem
1488 1989 1806 2054 constituat,
1837 2005 2027 2044 sacer-

427 2080 591 2136 dotes
625 2095 757 2137 vero
786 2081 859 2136 ita
882 2082 1114 2151 publica:
1147 2082 1514 2136 maximorum
1554 2081 1896 2151 negotiorum
1927 2080 2025 2135 ad-

430 2174 833 2230 ministrationi
880 2174 1143 2244 prmliciat
1169 2214 1186 2238 ,
1222 2181 1283 2227 ut
1315 2172 1422 2227 illis
1453 2172 1587 2242 ipsis
1644 2172 2025 2227 sacerdotibus

435 2283 717 2322 summum
750 2267 995 2322 omnium
1046 2266 1358 2338 pontiﬁcem
1397 2280 1631 2334 praeesse
1666 2265 1843 2319 velit?
1875 2266 2026 2319 Adde

427 2359 581 2428 quod
613 2358 835 2414 eosdem
868 2359 938 2414 ab
971 2358 1091 2429 ipso
1117 2358 1230 2428 jam
1265 2357 1421 2411 initio
1446 2356 1746 2426 legislator,
1782 2372 1891 2411 non
1924 2372 2026 2426 pro

390 2499 405 2516 ,
431 2468 642 2509 census
688 2452 1088 2523 magnitudine,
1111 2458 1206 2507 aut
1245 2450 1479 2505 aliarum
1513 2448 1783 2518 ejusmodi
1814 2463 2020 2514 rerum,

429 2559 600 2614 quam
649 2542 868 2598 fortuna
913 2542 1204 2613 pepererit,
1261 2542 1443 2612 copia,
1496 2540 1550 2594 in
1598 2548 1749 2595 tanto
1799 2540 2025 2597 honoris

434 2635 606 2703 gradu
643 2634 900 2689 collocari
930 2634 1167 2689 voluerit
1196 2653 1210 2700 ;
1245 2634 1341 2688 sed
1376 2633 1444 2686 iis
1475 2632 1761 2696 duntaxat,
1791 2633 1883 2702 qui
1934 2647 2022 2687 se-

432 2741 564 2779 cum
593 2725 718 2781 aliis
742 2725 941 2795 partim
960 2723 1233 2780 orationis
1253 2724 1324 2789 vi,
1353 2724 1550 2793 partim
1575 2724 1739 2778 etiam
1770 2724 2026 2794 aequitate

434 2831 654 2871 morum
690 2816 982 2882 anteirent,
1026 2816 1195 2871 divini
1229 2816 1413 2871 cultus
1446 2816 1741 2885 religiones
1777 2818 2026 2886 ritusque

434 2907 797 2963 commiserit.
834 2906 892 2962 Id
921 2909 1069 2978 quod
1118 2903 1252 2962 sane
1298 2908 1364 2962 ad
1409 2915 1723 2962 accuratam
1782 2917 1836 2964 et
1890 2908 2025 2978 legis

433 3000 633 3069 ipsius,
662 3008 717 3054 et
745 3000 1084 3070 reliquorum
1115 2999 1492 3055 institutorum
1527 3000 2021 3065 conservationem,

437 3092 682 3148 maxime
710 3092 1020 3163 pertinebat
1052 3109 1064 3144 :
1096 3106 1222 3146 cum
1250 3099 1304 3145 et
1334 3092 1533 3145 summi
1557 3092 1802 3145 omnium
1831 3093 2025 3161 (ιαμξεὶ-

437 3195 604 3249 tores,
647 3194 703 3239 et
743 3183 1241 3240 controversiarum
1272 3184 1517 3253 iudices,
1552 3192 1607 3238 et
1638 3184 2018 3239 damnatorum

2126 1985 2288 2056 μέση,
2337 1985 2432 2039 καὶ
2457 1984 2609 2047 τέλος
2636 1986 2855 2040 πάντων
2874 1979 3051 2050 οὗτος·
3088 1986 3271 2059 ἔργοις
3304 1991 3403 2060 μὲν
3430 1993 3524 2045 καὶ
3552 1992 3711 2065 χάρι-

2124 2093 2209 2129 σιν
2262 2076 2517 2147 ἐναργὴς,
2567 2078 2660 2130 καὶ
2705 2077 2904 2141 παντὸς
2956 2080 3264 2133 οὑτινοσοῦν
3312 2083 3709 2157 φανερώτερος,

2126 2173 2339 2245 μορφὴν
2373 2173 2429 2226 δὲ
2455 2174 2547 2226 καὶ
2580 2173 2808 2243 μέγεθος
2830 2176 2961 2244 ἡμῖν
2996 2174 3387 2244 ἁφανέστατος.
3424 2179 3580 2233 Πᾶσα
3612 2182 3713 2251 μὲν

2125 2265 2224 2337 ’ύλη
2250 2266 2385 2337 πρὸς
2415 2266 2598 2318 εἰκόνα
2628 2265 2728 2337 τὴν
2758 2266 2971 2330 τούτου,
3018 2267 3121 2321 κᾶν
3254 2269 3569 2343 πολυτελὴς,
3598 2273 3716 2327 ἄτι-

2126 2375 2243 2429 μος
2264 2360 2415 2411 πᾶσα
2443 2357 2499 2411 δὲ
2528 2359 2689 2429 τέχνη
2723 2358 2860 2429 πρὸς
2893 2361 3177 2431 μιμήσεως
3205 2360 3446 2415 ἐπίνοιαν
3467 2362 3709 2435 ἄτεχνος

2122 2448 2275 2503 οὐδὲν
2333 2450 2521 2519 ὅμοιον
2566 2448 2679 2501 οὔτ’
2712 2448 3058 2519 ἐπινοοῦμεν,
3111 2448 3223 2505 οὔτ’
3276 2451 3518 2517 εἰκάζειν
3562 2454 3713 2507 ἐστὶν

2123 2542 2297 2595 ὅσιον.
2321 2543 2499 2613 Ἔργα
2571 2540 2839 2610 βλέπομεν
2883 2541 3068 2603 αὐτοῦ,
3104 2541 3242 2611 φῶς,
3300 2542 3551 2613 οὐρανὸν,
3584 2542 3709 2613 γῆν,

2122 2632 2273 2702 ἥλιον
2306 2633 2399 2685 καὶ
2429 2632 2675 2703 σελήνην,
2743 2632 2912 2685 ὕδατα
2946 2633 3043 2703 (7),
3078 2632 3233 2697 ζώων
3286 2634 3550 2702 γενέσεις,
3576 2650 3713 2705 καρ-

2124 2722 2242 2776 πῶν
2273 2722 2571 2786 ἀναδόσεις.
2598 2721 2783 2776 Ταῦτα
2808 2724 2836 2775 ὁ
2867 2724 3000 2786 Θεὸς
3030 2723 3295 2794 ἐποίησεν.
3315 2722 3375 2777 ού
3408 2725 3619 2797 χερσὶν,
3650 2723 3711 2778 (ὦ

2126 2812 2325 2875 πόνοις,
2369 2811 2431 2865 οῦ
2463 2830 2624 2865 τινων
2670 2813 3061 2884 ἐργασαμένων
3114 2812 3190 2883 (8)
3238 2813 3563 2885 ὲπιδεηθεὶς,
3596 2814 3709 2867 ἀλλ’

2124 2905 2291 2959 αὐτοῦ
2342 2904 2481 2960 καλὰ
2536 2904 2881 2975 θελήσαντος,
2929 2904 3108 2969 καλῶς
3157 2901 3225 2977 ἦν
3278 2906 3438 2970 εὐθὺς
3489 2906 3711 2976 γεγονό-

2123 3014 2191 3051 τα
2224 2997 2322 3069 (9).
2346 2996 2532 3069 Τούτῳ
2562 2997 2642 3049 δεῖ
2672 2999 2877 3061 πάντας
2901 2996 3233 3062 ἀκολουθεῖν,
3263 2999 3356 3051 καὶ
3390 2998 3710 3070 θεραπεύειν

2124 3088 2285 3143 αὑτὸν
2315 3088 2616 3152 ἀσκοῦντας
2645 3090 2864 3161 ἀρετήν’
2896 3089 3096 3159 τρόπος
3119 3088 3228 3161 γὰρ
3258 3087 3393 3142 Θεοῦ
3419 3088 3713 3162 θεραπείας

2124 3176 2280 3243 οὗτος
2307 3178 2616 3243 ὁσιώτατος.
2655 3174 2751 3243 Εἷς
2804 3180 2928 3243 ναὸς
2957 3179 3075 3243 ἑνὸς
3109 3179 3267 3243 Θεοῦ,
3294 3180 3446 3249 φίλον
3472 3180 3580 3253 γὰρ
3627 3182 3714 3235 ἀεὶ

433 3272 719 3343 punitores
745 3272 1026 3327 constituti
1068 3244 1380 3328 sacerdotes
1402 3281 1606 3329 essent.
1641 3272 1804 3344 365
1835 3273 2020 3340 Quod-

2124 3273 2286 3326 παντὶ
2318 3271 2380 3325 τὸ
2409 3273 2612 3342 ὅμοιον·
2672 3272 2849 3335 κοινὸς
2903 3270 3158 3325 ἁπάντων
3191 3244 3325 3341 (10),
3369 3244 3562 3326 κοινοῦ,
3577 3271 3711 3326 Θεοῦ

439 3376 570 3416 nam
601 3362 767 3432 igitur
793 3362 1005 3431 imperii
1040 3378 1213 3433 genus
1250 3362 1353 3417 hoc
1378 3363 1625 3418 sanctius
1655 3379 1776 3433 esse
1806 3373 1971 3433 queat
1998 3366 2022 3419 ἲ

435 3460 534 3508 aut
586 3453 683 3522 qui
728 3452 841 3509 Deo
888 3454 1071 3509 cultus
1122 3453 1531 3509 convenientior
1578 3454 1870 3510 exhiberi?
1916 3453 2021 3511 Ubi

438 3558 550 3597 non
576 3542 871 3599 multitudo
899 3552 1110 3599 tantum
1143 3547 1394 3600 universa
1420 3545 1487 3600 ad
1515 3546 1771 3614 pietatem
1807 3547 2021 3602 studio-

434 3634 660 3690 sissime
690 3633 1018 3689 informetur
1038 3676 1054 3701 ,
1091 3636 1185 3690 sed
1217 3635 1380 3689 etiam
1412 3646 1466 3691 et
1497 3636 1728 3707 insignis
1772 3640 2019 3707 quaedam

436 3740 473 3779 a
508 3725 891 3782 sacerdotibus
930 3728 983 3780 in
1021 3742 1204 3780 rerum
1244 3727 1717 3784 administratione
1746 3730 2019 3800 diligentia

438 3816 714 3887 exigatur,
747 3826 804 3873 et
852 3818 1150 3873 solemnem
1186 3818 1331 3874 sacri
1377 3820 1610 3888 alicujus
1653 3820 1774 3874 festi
1805 3821 2021 3890 religio-

444 3924 569 3965 nem
600 3918 712 3964 tota
742 3910 956 3980 reipub.
987 3912 1129 3967 ratio
1179 3911 1465 3967 imitetur?
1509 3910 1645 3966 Nam
1676 3929 1797 3981 quae
1843 3914 2021 3968 cmteri

440 4002 633 4071 paucis
663 4003 867 4072 aliquot
896 4004 1087 4059 diebus
1117 4004 1396 4076 mysteria,
1428 4012 1487 4057 nt
1510 4005 1802 4074 appellant,
1829 4015 2025 4061 statas-

437 4110 550 4163 que
579 4096 933 4151 caeremonias
956 4096 1236 4155 custodire
1266 4111 1375 4150 non
1406 4107 1655 4165 possunt,
1679 4113 1742 4151 ea
1776 4114 1875 4153 nos
1903 4115 2024 4168 per.

444 4193 610 4254 petuo
642 4200 784 4240 cum
835 4184 1181 4251 suavissime,
1215 4197 1330 4240 tum
1373 4186 1537 4240 etiam
1582 4189 2025 4243 constantissime

440 4277 764 4335 retinemus.
798 4277 1063 4346 Quanam
1097 4294 1252 4344 vero,
1285 4291 1340 4333 et
1376 4278 1683 4347 cuiusmodi
1719 4294 1902 4337 nostra
1934 4282 2023 4337 illa

440 4367 530 4422 vel
558 4368 735 4424 edicta
766 4380 914 4434 sunt,
941 4369 1025 4424 vel
1054 4370 1339 4425 interdicta
1360 4370 1385 4422 ?
1409 4371 1691 4441 Simplicia
1720 4389 1944 4442 prorsus
1972 4384 2027 4429 et

442 4459 702 4515 illustria.
752 4460 1015 4532 Princeps
1048 4463 1267 4533 quidem
1316 4471 1371 4518 et
1405 4473 1567 4532 caput
1613 4465 1859 4519 omnium
1896 4466 2025 4521 illud

2122 3364 2397 3419 ἁπάντων.
2433 3363 2634 3418 Τοῦτον
2676 3363 3037 3436 θεραπεύουσι
3093 3364 3193 3433 μὲν
3222 3363 3313 3418 διὰ
3335 3364 3531 3428 παντὸς
3553 3366 3601 3417 οί
3636 3366 3715 3418 ίε⁴

2128 3457 2258 3525 ρείς·
2290 3457 2503 3526 ἡγεῖται
2560 3455 2617 3508 δὲ
2673 3454 2877 3508 τούτων
2905 3456 2933 3507 ὁ
2962 3454 3176 3526 πρῶτος
3220 3457 3306 3510 ἀεὶ
3347 3456 3485 3509 κατὰ
3530 3456 3702 3523 γένος.

2120 3543 2289 3611 Οὗτος
2326 3546 2461 3618 μετὰ
2481 3546 2591 3600 τῶν
2633 3547 2921 3619 συνιερέων
2980 3548 3091 3620 (ii)
3138 3549 3287 3601 θύσει
3316 3548 3393 3620 τῷ
3429 3548 3567 3620 Θεῷ,
3604 3566 3706 3619 φυ-

2124 3636 2272 3702 λάξει
2300 3639 2425 3702 τοὺς
2466 3638 2683 3708 νόμους,
2719 3638 2926 3691 δικάσει
2967 3640 3093 3710 περὶ
3124 3641 3229 3693 τῶν
3269 3640 3705 3710 ἀμφισϐητουμέ-

2123 3746 2249 3791 νων,
2284 3728 2500 3782 κολάσει
2524 3730 2650 3792 τοὺς
2690 3728 3043 3798 ἐλεγχθέντας
3082 3730 3215 3801 (12),
3283 3731 3340 3785 Ὀ
3386 3730 3560 3800 τούτῳ
3628 3732 3705 3803 μὴ

2125 3819 2445 3891 πειθόμενος
2478 3821 2664 3890 ὑφέξει
2685 3821 2860 3891 δίκην,
2897 3822 2972 3885 ὡς
2996 3824 3075 3887 εἰς
3103 3823 3193 3876 τὸν
3225 3822 3358 3876 Θεὸν
3392 3822 3551 3876 αὐτὸν
3582 3823 3711 3876 ἀσε-

2124 3911 2255 3964 ϐῶν.
2285 3911 2531 3983 Θύσομεν
2557 3912 2655 3975 τὰς
2685 3912 2874 3976 θυσίας
2900 3914 2999 3967 ούκ
3029 3916 3108 3979 είς
3138 3914 3308 3985 μέθην
3336 3913 3444 3984 (Ιῦ)
3475 3915 3713 3978 ἑαυτοῖς⁸

2126 4002 2420 4074 ἀϐούλητον
2450 4002 2559 4074 γάρ
2580 4002 2658 4072 τῷ
2685 4002 2804 4074 Θεῷ
2831 4004 2970 4067 τόδε,
2997 4005 3092 4058 καὶ
3112 4004 3386 4076 πρόφασις
3408 4004 3474 4059 ἂν
3500 4006 3711 4077 ὕϐρεως

2124 4092 2334 4161 γένοιτο
2364 4093 2457 4145 καὶ
2484 4090 2851 4155 πολυτελείας
2889 4092 3026 4146 ἀλλὰ
3070 4093 3371 4166 σώφρονας,
3393 4094 3708 4159 εὐτάκτους,

2125 4186 2403 4250 εὐσταλεῖς
2458 4187 2590 4259 (14),
2638 4188 2786 4251 ὅπως
2822 4187 3054 4259 μάλιστα
3107 4187 3324 4252 θύοντες
3369 4188 3706 4259 σωφρονῶσι.

2126 4281 2236 4332 Καὶ
2266 4278 2358 4331 ἐπὶ
2401 4282 2523 4342 ταῖς
2577 4279 2789 4344 θυσίαις
2841 4281 2946 4352 χρὴ
2980 4281 3193 4350 πρῶτον
3228 4281 3367 4351 ὑπὲρ
3393 4280 3491 4350 τῆς
3526 4280 3711 4352 κοινῆς

2126 4366 2380 4438 εὔχεσθαι
2406 4370 2700 4440 σωτηρίας,
2732 4366 2829 4421 εἷθ’
2863 4369 3005 4441 ὑπὲρ
3034 4369 3258 4424 ἑαυτῶν.
3301 4370 3426 4423 Ἐπὶ
3450 4369 3559 4442 γὰρ
3596 4388 3711 4423 κοι-

2126 4461 2293 4531 νωνίᾳ
2318 4460 2641 4532 γεγόναμεν,
2689 4462 2784 4515 καὶ
2816 4461 3017 4532 ταύτην
3058 4463 3087 4515 ὁ
3133 4460 3412 4532 προτιμῶν
3443 4461 3537 4514 τοῦ
3585 4461 3707 4515 καθ’

436 4561 548 4617 cst,
581 4552 728 4621 quod
774 4553 847 4607 ita
879 4555 944 4609 de
974 4553 1086 4608 Deo
1119 4554 1350 4610 statuit:
1386 4553 1554 4610 Deum
1587 4555 1841 4610 universa
1877 4572 2022 4611 com—

2132 4552 2322 4607 ἑαυτὸν
2356 4552 2485 4606 ἰδίου
2535 4553 2672 4623 (15),
2728 4553 2963 4624 μάλιστα
2991 4553 3078 4625 εἴη
3124 4553 3244 4622 Θεῴ
3291 4552 3704 4624 κεχαρισμένος.

442 4643 648 4714 plecti:
698 4640 1156 4713 perfectissimum
1209 4646 1360 4699 illum
1408 4660 1531 4702 esse
1578 4655 1744 4715 atque
1774 4645 2023 4703 beatissi-

517 4801 594 4871 (2)
646 4800 858 4867 Τελετή
899 4798 1349 4871 ἐστιᾎΙΟεθριι,
1389 4798 1641 4871 τελευτῆς
1682 4817 1845 4863 τινος.
1882 4799 2025 4871 Lege

441 4870 668 4943 τελετῆς
702 4889 844 4935 τινος
879 4887 1002 4943 c_um
1037 4870 1271 4943 Monlac:

516 4942 593 5011 (5)
625 4939 856 4996 ἱἌλλοι.
893 4940 1113 5011 Ioseph.
1140 4950 1193 4994 et
1224 4940 1417 5007 NonL,
1444 4939 1748 5011 ἀλλόφυλοι.

515 5000 589 5083 (ιι)
647 5000 1053 5081 Ἀμεταθέτού.
1110 5011 1334 5080 Joseph.
1385 5000 1438 5065 et
1479 5000 1672 5073 NonL,
1721 5010 2023 5080 ἀμεταπεί-

447 5098 597 5136 στου.

638 5150 1006 5224 Προρῤῄσεις
1058 5152 1155 5205 καί
1188 5152 1668 5219 πρωγοραόσεις.
1702 5146 1840 5224 Male
1884 5150 2026 5218 apud

443 5220 667 5294 Joseph.
688 5220 693 5221 ί
714 5233 770 5278 et
801 5221 993 5294 Mont.,
1018 5223 1373 5294 προσρήσεις,
1396 5230 1557 5294 recte
1586 5228 1766 5294 autem
1808 5220 2024 5294 απαγο-

451 5288 700 5362 ρεύσεις;
756 5288 1077 5348 adhibenda
1096 5288 1447 5362 interrogatio
1490 5301 1591 5355 est,
1632 5288 1856 5343 delenda
1905 5299 2030 5359 post

447 5361 734 5433 γνώριμοι.

520 5380 948 5503 (Ιὲῗιὸιρξῆγεῖται.
980 5430 1226 5502 Ιοεοριι.,
1260 5430 1327 5503 δὴ
1350 5429 1583 5500 γίνεται.
1621 5427 1849 5483 Retineo
1878 5430 2029 5500 ἡγεῖ-

445 5518 559 5557 ται.

521 5572 604 5695 (7)
627 5571 861 5628 "fama.
883 5570 1130 5642 Joseph.,
1150 5569 1374 5643 Regius,
1398 5580 1454 5628 et
1467 5569 1729 5633 Montac.,
1750 5570 2030 5640 ποταμοὺς

521 5641 544 5693 ,ἱ
607 5642 866 5695 άλασσαν.

448 5641 544 5695 καὶ
576 5641 866 5697 θάλασσαν.

521 5711 597 5783 (8)
635 5710 1101 5781 Ἐργασαμένων.
1149 5710 1369 5783 Ioseph.
1398 5722 1453 5767 et
1504 5711 1663 5781 Reg.,
1696 5725 2025 5781 συνεργασό-

453 5781 648 5851 μένων,
687 5784 907 5851 rectius:

522 5852 597 5924 (9)
627 5850 834 5915 Καλῶς
864 5847 943 5921 ἦν
971 5850 1148 5916 εὐθὺς
1176 5854 1479 5923 γεγονότα.
1524 5850 1744 5923 Joscph.
1785 5860 1840 5906 et
1875 5850 2025 5905 Mon-

2129 4642 2479 4715 Παράκλησις
2505 4643 2561 4697 δὲ
2586 4644 2721 4715 πρὸς
2748 4644 2839 4698 τὸν
2863 4644 2994 4698 Θεὸν
3020 4643 3158 4697 ἔστω
3184 4643 3272 4697 διά
3295 4643 3393 4713 τῆς
3424 4643 3590 4713 εὐχῆς
3616 4644 3709 4696 καὶ

2128 4806 2273 4871 tac.,
2293 4797 2475 4871 καθὼς
2507 4799 2793 4871 ἐϐουλήθη,
2822 4799 2981 4871 εὐθυς
3010 4799 3273 4871 ἐγένοντο.

2202 4869 2314 4939 (10)
2346 4870 2560 4934 Κοινύς
2592 4866 2890 4923 ἁπάντων.
2916 4869 3136 4938 Joseplt.
3162 4880 3215 4923 et
3242 4868 3474 4923 Montac.
3503 4866 3709 4923 addunt

2126 4941 2156 4993 ό
2188 4939 2390 5010 κόσμος
2421 4943 2563 5009 quod
2600 4950 2780 5010 tamen
2824 4940 3044 5007 Joseplti
3089 4940 3356 5010 interpres
3401 4941 3622 5005 omisit;
3656 4948 3711 4993 et

2130 5020 2304 5073 recte,
2358 5019 2415 5063 ut
2459 5010 2693 5063 videtur.
2728 5009 2805 5065 De
2855 5012 3053 5080 templo
3098 5009 3372 5079 loquitur,
3405 5011 3472 5063 de
3506 5011 3709 5064 mundo

2132 5081 2349 5134 locutus
2377 5080 2489 5146 jam
2518 5090 2656 5135 erat.

2202 5149 2312 5220 (Η)
2368 5146 2560 5220 ρῦτος
2607 5150 2758 5220 μετὰ
2807 5148 2924 5204 τῶν
2976 5148 3321 5220 συνιερέων.
3375 5148 3597 5220 Ioseph.
3655 5156 3708 5203 et

2129 5216 2507 5293 Mdltt.,_ob*ro;
2540 5216 2637 5292 μὲν
2664 5221 2770 5293 πρὸ
2795 5221 2901 5273 τῶν
2928 5219 3099 5275 ἄλλων
3131 5216 3337 5290 ἱερέων.
3373 5219 3444 5272 At
3482 5216 3706 5289 Regius,

2133 5290 2283 5362 μετά
2295 5290 2403 5342 τῶν
2432 5289 2605 5344 ἄλλων
2626 5289 2848 5362 ἐξερέων,

2131 5357 2219 5483 ἐιδέ
2230 5360 2317 5431 12)
2359 5357 2804 5431 mamonae.
2836 5358 3056 5431 Joseph.
3089 5367 3145 5414 et
3169 5358 3339 5414 Mont.
3377 5359 3585 5414 addunt
3616 5357 3706 5411 ἐπ’

2221 5447 2321 5483 κω.

2221 5447 2301 5483 κω
2307 5471 2321 5485 ο

2203 5485 2313 5570 (13)
2350 5503 2587 5572 Οὺκᾼεις
2615 5500 2746 5571 μέθ.
2768 5499 2996 5572 Ioseph.
3026 5508 3081 5572 et
3118 5498 3310 5564 Mont.,
3337 5498 3713 5572 90x;th-

2131 5569 2305 5643 pwstv
2325 5570 2532 5624 ἑαυτῶν
2561 5569 2654 5643 κα).
2689 5571 2879 5643 μέθην,
2909 5569 3181 5640 ἆϐούλητα
3207 5572 3314 5643 γάρ
3341 5570 3463 5643 Θεῷ
3484 5570 3637 5626 τάδε.

2203 5639 2315 5711 (14)
2346 5639 2701 5707 Εὐσταλεῖςξ
2744 5639 2974 5711 Optime.
3021 5639 3209 5712 itaque
3238 5639 3533 5711 Juscph'um
3584 5643 3712 5698 hinc

2130 5712 2392 5780 corrigas.
2428 5714 2566 5780 apud
2597 5728 2755 5781 quem
2788 5713 3044 5778 εὐγενεῖς.

2204 5779 2315 5853 (15⁷)
2359 5779 2547 5838 Ἰδίου.
2580 5779 2799 5853 Joseph.
2831 5790 2883 5838 et
2911 5781 3103 5848 Mont,
3132 5779 3268 5853 βίου.
