4166 6404
400 357 498 416 Gl"!

1532 351 1853 409 ΡΒΑΞΡΑΒ.
1895 349 2146 412 ΕῩΑΝΕ.
2188 349 2315 409 LIB.
2355 349 2490 411 Vlll.

3515 372 3617 427 6l8

398 475 600 548 δέησις,
631 477 728 546 οὺχ
776 473 922 537 ὃπως
969 473 1094 546 διδῷ
1119 473 1230 544 (16)
1269 474 1340 528 τὰ
1379 473 1572 542 ἀγαθά·
1621 473 1816 526 δέδωκε
1853 473 1945 544 γὰε

2063 489 2258 541 mum;
2305 475 2407 530 sibi
2458 475 2559 544 ipsi
2610 491 2674 531 ac
2715 478 2924 534 caneris
2966 494 3218 537 omnibus
3266 483 3398 539 satis
3445 500 3615 541 unum

397 571 557 633 αὐτὸς
587 567 749 631 ἑκὼν,
786 569 876 620 καὶ
910 569 1074 619 πᾶσιν
1094 569 1173 629 εἰς
1201 567 1362 636 μέσον
1414 565 1812 618 κατατέθεικεν·
1847 565 1959 617 ἀλλ’

393 663 542 725 ὅπως
562 660 806 731 δέχεσθαι
840 658 1139 729 δυνώμεθα,
1169 661 1260 712 καὶ
1305 658 1556 720 λα6όντες
1587 658 1956 728 φυλάττωμεν.

407 753 649 822 Ἀγνείας
674 753 763 804 ἐπὶ
791 755 910 814 ταῖς
939 750 1151 814 θυσίαις
1187 750 1440 820 διῄρηκεν
1467 749 1576 820 (l7)
1611 752 1639 802 6
1670 749 1830 818 νόμος
1851 749 1959 802 ἀπὸ

393 846 589 917 κήδους
617 843 749 915 (l8),
795 843 900 895 ἀπὸ
947 843 1155 912 λέχους,
1197 843 1303 895 ἀπὸ
1359 841 1640 904 κοινωνίας
1689 843 1785 912 τῆς
1823 841 1959 912 πρὸς

392 939 642 1006 γυναῖκα,
699 937 791 988 καὶ
831 933 1037 987 πολλῶν
1087 934 1278 996 ἄλλων,
1311 933 1346 986 ἂ
1397 933 1601 1004 μακρὸν
1651 932 1714 986 ἂν
1747 933 1829 1003 εἴη
1864 931 1957 984 νῦν

391 1028 641 1098 γράφειν.
677 1025 926 1087 Τοιοῦτος
953 1025 1050 1094 μὲν
1074 1026 1102 1076 6
1131 1024 1256 1094 περὶ
1293 1021 1450 1085 Θεοῦ,
1487 1023 1580 1074 καὶ
1622 1021 1722 1090 τῆς
1749 1021 1954 1073 ἐκείνου

391 1118 706 1190 θεραπείας,
727 1115 880 1186 λόγος
907 1119 1037 1187 ἡμῖν
1069 1118 1232 1167 ἐστιν·
1262 1116 1290 1167 ὁ
1332 1114 1375 1167 δ’
1406 1113 1564 1178 αὐτὸς
1603 1113 1715 1182 ἅμα
1748 1113 1839 1166 καὶ
1867 1113 1954 1165 νό-

393 1226 511 1280 μος.
547 1209 698 1270 Τίνες
721 1209 776 1260 δὲ
809 1210 856 1260 οἱ
887 1209 1013 1274 περὶ
1050 1206 1224 1275 γάμον
1257 1204 1406 1274 νόμοι
1430 1205 1538 1273 (19)
1563 1221 1577 1268 ;
1606 1203 1764 1269 Μίξιν
1789 1204 1954 1274 μόνην

386 1291 528 1353 οἶδεν
551 1303 578 1352 6
607 1299 766 1369 νόμος
792 1297 890 1370 τὴν
928 1296 1067 1350 κατὰ
1091 1295 1248 1364 φύσιν
1275 1297 1371 1366 τὴν
1403 1295 1537 1366 πρὸς
1580 1296 1828 1362 γυναῖκα,
1861 1293 1954 1345 καὶ

389 1392 610 1464 ταύτην,
644 1393 694 1447 εί
748 1393 926 1464 μέλλοι
958 1390 1160 1444 τέκνων
1193 1388 1353 1440 ἕνεκα
1381 1385 1724 1458 γενήσεσθαι.
1758 1386 1866 1456 Τὴν
1895 1383 1952 1436 δὲ

386 1485 524 1556 πρὸς
553 1485 754 1556 ἄρρενα
780 1482 1023 1554 ἀρρένων
1057 1482 1343 1551 ἐστύγηκε,
1379 1479 1473 1532 καὶ
1496 1476 1720 1538 θάνατος
1745 1477 1805 1528 τὸ
1834 1478 1953 1528 ἐπι-

385 1577 583 1648 τίμιον,
617 1577 777 1637 εἴτις
825 1574 1210 1644 ἐπιχειρήσειε.
1271 1573 1471 1642 Γαμεῖν
1500 1568 1557 1622 δὲ
1610 1567 1837 1630 κελεύει,
1876 1566 1950 1638 μὴ

318 1696 320 1698 τ
385 1669 573 1738 προικὶ
604 1666 988 1737 προσέχοντας,
1018 1664 1148 1734 μηδὲ
1183 1663 1373 1733 βιαίοις
1403 1662 1698 1732 ἁρπαγαῖς,
1733 1658 1853 1727 μηδ’
1882 1653 1947 1710 αὖ

383 1757 516 1828 δόλῳ
557 1758 649 1812 καὶ
697 1757 762 1810 δι’
811 1757 1026 1826 ἀπάτης
1075 1754 1384 1816 πείσαντας·
1442 1751 1576 1805 ἀλλά
1630 1748 1948 1822 μνηστεύειν

383 1847 534 1919 παρά
557 1847 648 1900 τοῦ
682 1847 862 1900 δοῦναι
887 1845 1094 1916 κυρίου,
1134 1845 1227 1898 καὶ
1250 1843 1390 1897 κατά
1420 1842 1734 1910 συγγένειαν
1761 1840 1950 1910 ἐπιτή-

380 1936 740 2007 δειον.‹Γυνὴ
817 1937 1042 2008 χείρων,
1141 1935 1324 2006 φησὶν,
1394 1934 1583 2004 ἀνδρὸς
1647 1936 1726 1996 εἰς
1780 1935 1951 1987 ἃπαν-

380 2039 451 2082 τα
480 2027 612 2097 (20),
641 2047 660 2078 ι
696 2027 980 2098 τοιγαροῦν
1012 2026 1345 2086 ὑπακουέτω,
1381 2026 1452 2094 μὴ
1475 2025 1608 2095 πρὸς
1640 2024 1811 2095 ὓϐριν,
1835 2023 1948 2076 ἀλλ’

382 2118 468 2172 ἵνα
491 2119 742 2189 ἄρχηται·
781 2118 912 2180 Θεὸς
951 2117 1058 2188 γάρ
1100 2116 1252 2186 ἀνδρὶ
1305 2115 1503 2185 κράτος
1545 2115 1729 2168 ἔδωκε.
1764 2115 1948 2186 Ταύτῃ

381 2213 616 2264 ωνείναι
647 2210 724 2262 δεῖ
755 2210 844 2263 τὸν
878 2211 1126 2280 γήμαντα
1150 2210 1302 2279 μόνῃ·
1342 2208 1401 2261 τὸ
1428 2209 1484 2260 δὲ
1512 2207 1608 2277 τὴν
1640 2205 1794 2260 ἄλλου
1828 2224 1945 2257 πει-

381 2302 482 2372 ρᾷν
508 2301 737 2354 ἀνόσιον.
776 2301 838 2353 Et
892 2301 948 2352 δέ
974 2317 1057 2363 τις
1098 2300 1254 2352 τοῦτο
1290 2297 1564 2369 πράξειεν,
1605 2296 1820 2366 οὐδεμία
1853 2295 1946 2347 01-

379 2392 538 2446 νάτου
569 2393 908 2463 παραίτησις·
943 2389 1065 2443 οὔτε
1109 2393 1156 2442 εἰ
1205 2389 1450 2458 βιάσαιτο
1476 2386 1740 2456 παρθένον
1773 2384 1944 2456 ἑτέρῳ

381 2483 917 2552 ωονωμολογημένην,
956 2480 1132 2533 οὖτέί
1180 2478 1363 2531 πείσαι
1405 2477 1812 2546 γεγαμημένην.
1846 2477 1945 2528 Τέ-

376 2590 479 2626 κνα
507 2573 724 2642 τρέφειν
750 2575 959 2625 ἅπαντα
992 2572 1306 2642 προσέταξε.
1343 2571 1451 2622 Καὶ
1474 2567 1713 2636 γυναιξὶν
1745 2569 1944 2620 ἀπεῖπε

379 2664 502 2735 μήτ’
541 2663 779 2734 ἀμϐλοῦν
809 2664 868 2716 τὸ
927 2663 1154 2735 σπαρὲν,
1211 2663 1345 2732 μήτε
1394 2659 1740 2730 διαφθείρειν.
1787 2657 1946 2711 Ἀλλά

373 2758 443 2828 ἧν
474 2757 688 2826 φανείη,
718 2754 1061 2816 τεκνοκτόνος
1123 2752 1187 2804 ἂν
1235 2752 1339 2820 εἴη,
1375 2750 1550 2820 ψυχὴν
1589 2747 1943 2817 ἀφανίζουσα,

374 2848 469 2902 καὶ
499 2848 560 2900 τὸ
586 2847 739 2915 γένος
790 2846 1101 2898 έλαττοῦσα.
1156 2839 1452 2913 Τοιγαροῦν
1487 2841 1592 2893 οὐδ’
1640 2841 1804 2903 εἴτις
1856 2839 1947 2892 ἐπὶ

373 2940 560 3011 λέχους
591 2939 793 3010 φθορὰν
827 2937 1104 3009 παρέλθοι,
1156 2935 1390 3005 καθαρὸς
1443 2928 1576 2985 εἶναι
1617 2932 1734 2984 τότε
1790 2946 1950 3001 προσ-

373 3035 497 3104 ήκει
517 3032 644 3103 (2|).
667 3031 775 3085 Kal.
801 3028 936 3100 μετά
960 3028 1055 3098 τὴν
1080 3026 1306 3096 νόμιμον
1338 3024 1619 3076 συνουσίαν
1645 3021 1830 3092 ἀνδρὸς
1854 3020 1946 3073 καὶ

375 3125 628 3192 γυναικὸς
682 3119 1058 3176 ἀπολούεσθαι·
1088 3117 1264 3188 ψυχῆς
1315 3115 1455 3217 ἔχειν
1482 3113 1637 3167 τοῦτο
1681 3112 1943 3217 μερισμδν
1970 3161 2011 3217 C

373 3219 510 3288 πρὸς
541 3216 705 3287 ἄλλην
733 3213 915 3285 χώραν
943 3209 1200 3264 ὑπέλαϐε.
1237 3209 1343 3262 Καὶ
1363 3208 1470 3278 γὰρ
1492 3206 1804 3278 ὲμφυομένη
1839 3204 1941 3258 σώ-

374 3323 509 3378 μασι
529 3304 851 3368 κακοπαθεῖ,
885 3303 978 3356 καὶ
1008 3301 1208 3354 τούτων
1241 3296 1306 3354 αὖ
1371 3298 1532 3352 πάλιν
1583 3297 1797 3366 θανάτῳ
1823 3296 1937 3349 δια-

371 3398 637 3470 κριθεῖσα.
673 3397 872 3467 Διόπερ
901 3393 1120 3462 ἁγνείας
1151 3393 1242 3445 ἐπὶ
1298 3393 1430 3445 πᾶσι
1471 3390 1590 3460 (‘22)
1622 3393 1734 3453 τοῖς
1763 3387 1937 3442 τοιού-

373 3508 481 3554 τοις
513 3489 718 3555 ἔταξεν.
749 3489 823 3540 Οὐ
853 3486 958 3558 μὴν
990 3485 1098 3538 οὐδ’
1148 3484 1239 3536 ἐπὶ
1265 3487 1383 3545 ταῖς
1412 3482 1520 3535 τῶν
1553 3481 1757 3535 παίδων
1787 3480 1938 3548 γενέ-

372 3597 519 3635 σεσιν
549 3579 842 3652 ἐπέτρεψεν
875 3577 1108 3646 εὐωχίαν
1133 3574 1402 3628 συντελεῖν
1438 3574 1571 3643 (‘25),
1611 3574 1704 3626 καὶ
1729 3570 1938 3644 προφά-

373 3689 484 3736 σεις
516 3670 780 3724 ποιεῖσθαι
817 3667 1003 3739 μέθης·
1055 3666 1188 3720 ἀλλὰ
1241 3665 1490 3736 σώφρονα
1511 3665 1608 3736 τὴν
1640 3665 1812 3736 ἀρχὴν
1843 3665 1936 3717 εὐ-

370 3763 466 3826 θὺς
497 3764 595 3834 τῆς
614 3763 813 3834 τροφῆς
843 3761 996 3826 ἔταξε
1025 3759 1159 3830 (24),
1191 3759 1284 3811 καὶ
1327 3758 1626 3828 γράμματα
1665 3755 1934 3810 παιδεύειν

367 3853 624 3910 ἐκέλευσε
656 3854 723 3907 τὰ
755 3854 882 3924 περὶ
904 3853 1029 3914 τοὺς
1051 3851 1248 3921 νόμους
1281 3849 1412 3919 (25),
1444 3848 1538 3902 καὶ
1587 3847 1693 3900 τῶν
1738 3847 1936 3921 προγό-

364 3963 474 4002 νων
501 3945 599 4001 τὰς
631 3945 858 4017 πράξεις
887 3941 1230 3996 ἐπίστασθαι·
1264 3941 1363 4004 τὰς
1388 3940 1484 4010 μὲν
1523 3939 1608 3992 ἵνα
1638 3939 1931 4008 μιμῶνται,

360 4038 478 4100 τοῖς
498 4037 563 4100 δ’,
593 4036 680 4090 ἵνα
704 4034 1120 4102 συντρεφόμενοι
1167 4035 1302 4106 μήτε
1361 4030 1752 4102 παραϐαίνωσι,
1797 4031 1933 4100 μήτε

372 4126 566 4196 σκῆψιν
594 4125 812 4194 ἀγνοίας
846 4125 1026 4194 ἔχωσι.
1061 4123 1170 4192 Τῆς
1196 4124 1274 4185 είς
1315 4121 1426 4192 (26)
1463 4122 1582 4184 τοὺς
1619 4120 1932 4190 τετελευτη-

370 4216 528 4280 κότας
557 4216 880 4287 προενόησεν
929 4214 1100 4276 ὁσίας,
1131 4214 1190 4265 οὑ
1229 4211 1594 4273 πολυτελείαις
1645 4211 1929 4280 ὲνταφίων,

369 4304 484 4358 οὐδὲ
517 4306 878 4366 κατασκευαῖς
907 4303 1180 4373 μνημείων
1225 4299 1518 4369 ἐπιφανῶν·
1553 4299 1686 4354 ἀλλά
1735 4300 1802 4353 τὰ
1833 4301 1930 4370 μὲν

369 4397 496 4468 περὶ
523 4397 621 4468 τὴν
649 4396 863 4467 κηδείαν
897 4395 1048 4459 ἔταξε
1080 4397 1192 4457 τοῖς
1238 4393 1584 4456 οἰκειοτάτοις
1635 4392 1927 4457 ἐπιτελεῖν,

2062 576 2222 628 esse;
2278 565 2600 634 principium
2627 606 2642 630 ,
2678 568 2913 622 mcdium
2947 569 3218 640 finemque
3247 583 3565 629 cunctorum
3597 593 3612 640 ;

2061 655 2308 708 eumdem
2346 664 2404 708 ut
2433 657 2687 724 operibus
2711 673 2775 712 ac
2799 658 3072 715 beneﬁciis
3102 663 3476 730 conspicuum,
3504 665 3615 720 imo

2060 759 2241 798 rerum
2275 747 2515 800 omnium
2545 748 2698 816 longe
2737 749 3097 816 natissimum,
3130 751 3202 806 ita
3230 768 3353 808 cum
3390 764 3612 820 natura,

2059 843 2174 889 tum
2218 837 2378 891 etiam
2416 839 2784 908 magnitudine
2812 843 3258 898 obscurissimum
3286 861 3300 909 ;
3332 847 3613 902 materiam

2059 940 2296 991 omnem,
2330 937 2388 982 ut
2435 945 2630 998 genere
2664 931 2781 1000 ipso
2811 933 3198 1001 pretiosissima
3229 936 3496 1004 videatur,
3524 939 3612 992 vi-

2057 1018 2162 1071 lem
2217 1028 2392 1073 tamen
2421 1031 2473 1074 et
2517 1022 2800 1091 abjectam,
2851 1023 2895 1077 si
2929 1025 2994 1077 ad
3023 1025 3141 1094 ejus
3169 1026 3456 1096 imaginem
3489 1029 3609 1082 exi-

2057 1118 2234 1178 gatur,
2255 1109 2494 1164 futuram
2526 1130 2540 1177 ;
2570 1123 2736 1166 artem
2767 1113 3270 1179 similiter-omnem,
3300 1116 3346 1169 si
3377 1119 3442 1170 ad
3465 1117 3612 1173 illius

2055 1199 2415 1254 imitationem
2447 1205 2670 1271 aspiret,
2706 1205 2930 1260 inertem
2958 1206 3173 1274 jacere;
3221 1209 3352 1262 nihil
3385 1210 3503 1279 ejus
3531 1215 3611 1265 si-

2053 1288 2184 1342 mile
2231 1305 2329 1345 nec
2361 1291 2527 1345 videri
2574 1309 2604 1346 a
2638 1294 2815 1359 nobis,
2861 1311 2959 1350 nec
2991 1297 3214 1364 cegitari
3249 1313 3445 1366 posse,
3497 1300 3609 1354 imo

2056 1393 2123 1432 ne
2156 1379 2342 1434 leviter
2370 1381 2586 1449 quidem
2633 1384 2816 1437 animo
2844 1383 3125 1439 informari
3157 1386 3240 1440 fas
3269 1402 3406 1442 esse.
3435 1387 3610 1456 Hujus

2056 1476 2232 1524 tamen
2265 1486 2428 1540 opera
2458 1473 2558 1526 sub
2584 1486 2859 1543 aspectum
2891 1476 3103 1540 cadere,
3138 1477 3351 1544 lumen,
3385 1479 3604 1545 cmlum,

2052 1567 2275 1626 terram,
2301 1562 2488 1627 solem,
2516 1564 2720 1628 lunam,
2747 1581 2939 1636 aquas,
2969 1567 3322 1622 animantium
3351 1585 3607 1640 procrea-

2054 1651 2252 1715 tiones,
2282 1651 2666 1723 fructuumque
2693 1665 2985 1724 proventus
3014 1675 3028 1711 :
3056 1657 3170 1712 haec
3197 1669 3377 1713 autem
3411 1675 3443 1713 a
3475 1659 3606 1724 Deo,

2051 1755 2160 1794 non
2193 1743 2462 1808 manibus,
2496 1759 2604 1797 non
2632 1745 2815 1799 labore
2845 1746 2986 1811 ullo,
3021 1762 3127 1801 non
3158 1751 3400 1817 precaria
3427 1751 3612 1817 cujus-

2049 1851 2214 1904 quam
2246 1851 2428 1904 opera,
2461 1835 2553 1889 sed
2589 1852 2700 1890 uno
2739 1837 3033 1893 voluntatis
3060 1855 3174 1894 suae
3205 1849 3339 1893 nutu
3372 1840 3609 1909 perfecta

2051 1928 2330 1993 continuo,
2361 1943 2566 1998 proque
2595 1945 2658 1984 co
2686 1946 2750 1986 ac
2778 1941 3057 1996 statuerat,
3094 1932 3388 1988 bonitatem
3420 1936 3609 1989 sortita

2049 2031 2188 2072 esse.
2225 2019 2306 2073 Ad
2355 2021 2505 2074 illum
2541 2037 2729 2076 omnes
2761 2023 3146 2089 adhaerescere,
3177 2040 3346 2078 unum
3392 2026 3608 2080 virtutis

2047 2110 2306 2163 exercitio
2354 2112 2531 2166 colere
2580 2126 2862 2180 oportere,
2914 2115 3058 2184 quod
3110 2131 3174 2171 ea
3215 2117 3396 2172 cultus
3440 2117 3609 2172 divini

2047 2201 2189 2253 ratio
2218 2217 2324 2255 una
2355 2203 2596 2256 omnium
2627 2205 2932 2259 eaStissima
2962 2207 3035 2260 sit
3060 2214 3220 2277 atque
3243 2207 3606 2263 sanctissima.

2048 2288 2224 2344 Unius
2254 2290 2347 2346 Dei
2381 2293 2637 2361 templum
2678 2310 2842 2347 unum
2880 2310 3021 2363 esse,
3053 2298 3198 2366 quod
3239 2298 3402 2352 simili
3433 2298 3611 2353 simile

2045 2382 2380 2451 delectetur;
2416 2387 2658 2456 adeoque
2688 2402 2978 2441 commune
3017 2404 3139 2442 cum
3171 2391 3448 2456 omnibus,
3480 2391 3610 2460 quia

2044 2470 2266 2528 Numini
2295 2477 2546 2530 omnium
2582 2480 2856 2534 communi
2892 2495 3128 2534 sacrum.
3161 2481 3238 2536 Ac
3267 2484 3609 2538 sacerdotum

2046 2567 2262 2636 quidem
2306 2570 2556 2638 preprias
2591 2572 2712 2640 ejus
2741 2573 2986 2637 placandi
3020 2582 3200 2642 partes
3225 2590 3346 2630 esse
3368 2615 3384 2640 ,
3432 2575 3499 2630 iis
3527 2583 3610 2630 ta-

2046 2672 2170 2710 men
2206 2673 2371 2711 unum
2405 2673 2619 2728 semper
2664 2663 2897 2730 aliquem
2928 2679 3160 2732 praeesse
3189 2680 3383 2734 genere
3409 2666 3610 2734 princi-

2044 2762 2190 2816 pem,
2215 2749 2307 2817 qui
2333 2764 2453 2802 cum
2479 2751 2601 2806 aliis
2619 2753 2995 2808 sacerdotibus
3015 2753 3124 2808 Deo
3149 2755 3436 2820 sacriﬁcet,
3462 2755 3608 2826 leges

2047 2840 2332 2906 custodiat,
2369 2841 2415 2894 si
2447 2843 2575 2910 quid
2610 2845 3174 2910 eritcontroversum,
3205 2845 3432 2900 arbitrio
3470 2847 3606 2901 deﬁ-

2046 2930 2180 2992 niat,
2205 2943 2451 2998 peractos
2477 2932 2710 3002 denique
2734 2949 2856 2987 reos
2875 2934 3024 3003 justo
3055 2935 3320 3004 supplicio
3339 2943 3602 2990 coerceat.

2047 3021 2112 3075 Ei
2146 3022 2395 3090 quisquis
2421 3023 2609 3077 minus
2642 3026 2902 3093 paruerit,
2947 3040 3164 3094 pmnam
3197 3026 3322 3080 huic
3350 3026 3606 3080 lucndam

2044 3128 2169 3169 esse
2194 3115 2363 3168 nihilo
2391 3114 2667 3182 leviorem,
2698 3132 2860 3186 quam
2893 3118 2938 3171 si
2969 3117 3227 3173 adversus
3255 3117 3421 3172 Deum
3444 3118 3608 3188 impie

2043 3201 2249 3258 fecerit.
2301 3203 2566 3259 Caeterum
2607 3222 2671 3261 ea
2720 3207 3112 3262 sacriﬁciorum
3158 3217 3470 3264 nostrorum
3519 3209 3606 3266 lex

2041 3302 2144 3358 est,
2181 3293 2256 3346 uti
2309 3309 2376 3347 ne
2422 3295 2554 3363 ipsis
2586 3297 2650 3350 ad
2686 3297 2825 3366 gulae
2869 3307 2922 3352 et
2951 3299 3186 3367 crapula:
3217 3300 3604 3369 turpitudinem

2040 3384 2367 3438 abutamur:
2403 3399 2525 3438 cum
2560 3388 2706 3440 enim
2756 3388 2944 3442 horret
2989 3389 3091 3443 ista
3121 3388 3282 3456 Deus,
3314 3399 3428 3445 tum
3475 3406 3606 3447 vero

2038 3483 2093 3529 et
2129 3476 2452 3545 injuriarum
2484 3485 2535 3531 et
2558 3477 2718 3532 luxus
2745 3479 3088 3534 occasionem
3116 3482 3451 3550 praeberent:
3488 3499 3604 3539 mo—

2039 3567 2160 3621 dica
2198 3568 2380 3637 igitur,
2413 3569 2640 3622 honesta
2684 3580 2738 3624 et
2774 3570 2954 3624 sobria
2996 3571 3087 3624 illa
3129 3573 3238 3628 sint
3266 3581 3513 3643 oportet,
3545 3587 3606 3632 ut

2038 3656 2078 3711 ii
2125 3659 2445 3726 praesertim,
2485 3659 2577 3727 qui
2626 3659 2798 3714 sacris
2831 3675 3051 3729 Operam
3082 3662 3235 3728 dant,
3287 3665 3604 3736 castigatam

2037 3749 2358 3803 modestiam
2388 3765 2498 3818 pra:
2545 3765 2604 3805 se
2638 3750 2833 3806 ferant.
2869 3752 3034 3823 366
3072 3751 3193 3808 Jam
3228 3755 3368 3812 inter
3394 3759 3605 3814 sacriﬁ-

2037 3843 2270 3896 candum
2312 3844 2368 3896 in
2402 3844 2591 3912 primis
2619 3844 2837 3914 quidem
2873 3860 2972 3914 pro
3003 3849 3315 3916 communi,
3355 3860 3468 3905 tum
3505 3867 3603 3923 pro

2036 3949 2137 3987 sua
2188 3934 2385 4003 cuique
2444 3936 2618 3989 salute
2668 3937 3029 4005 nuncupanda
3076 3949 3201 3994 vota
3263 3951 3410 3998 sunt.
3463 3943 3598 4001 Cum

2035 4025 2182 4078 enim
2229 4027 2297 4080 ad
2331 4035 2574 4080 mutuam
2626 4027 2936 4082 societatem
2974 4029 3088 4082 nati
3119 4033 3292 4086 simus
3317 4075 3333 4100 ,
3383 4035 3431 4089 is
3468 4051 3598 4105 pro-

2033 4113 2177 4170 fecto
2207 4115 2376 4171 Deum
2405 4117 2509 4170 sibi
2539 4117 2774 4170 maxime
2794 4119 3069 4186 conciliet,
3093 4122 3187 4190 qui
3215 4137 3334 4177 eam
3363 4127 3470 4180 vita
3501 4143 3598 4184 sua

2033 4211 2300 4281 potiorem
2335 4207 2604 4263 habuerit.
2641 4208 2809 4266 Porro
2842 4220 3090 4266 votorum
3127 4229 3191 4268 ac
3221 4219 3596 4282 precationum

2033 4317 2244 4358 summa
2272 4302 2388 4356 haec
2437 4310 2540 4366 est,
2591 4318 2698 4355 non
2735 4305 2812 4357 uti
2845 4304 3102 4359 beneﬁcia
3130 4307 3288 4361 nobis
3318 4309 3434 4377 ipse
3461 4326 3593 4366 cou-

2031 4392 2211 4461 ferat,
2243 4391 2455 4448 confert
2495 4393 2638 4447 enim
2675 4393 2762 4449 ille
2804 4410 2900 4464 per
2946 4410 3087 4459 sese,
3138 4406 3300 4467 atque
3340 4402 3596 4458 omnibus

369 4489 580 4542 πᾶσιδὲ
609 4491 720 4552 τοῖς
749 4488 1000 4560 παριοῦσι
1039 4487 1169 4558 (27),
1223 4484 1560 4554 θαπτομένου
1622 4485 1786 4548 τινὸς,
1833 4484 1927 4537 καὶ

2038 4485 2234 4554 passim
2262 4483 2495 4554 ingerit;
2523 4499 2710 4538 verum
2735 4492 2795 4538 ut
2824 4500 2888 4539 ea
2915 4500 3037 4540 cum
3063 4487 3164 4542 rite
3191 4489 3452 4559 accipere,
3477 4502 3592 4548 tum

437 4621 546 4694 (l6)
575 4625 696 4692 Οὐχ
727 4621 882 4689 ὅπως
920 4621 1096 4688 διδῷ,
1119 4631 1225 4678 etc.
1251 4619 1382 4686 Quis
1424 4619 1512 4674 hic
1549 4616 1782 4688 Josepho
1808 4633 1928 4674 cre-

362 4694 493 4750 dat?

437 4762 546 4833 (l7)
577 4763 876 4831 Διῄρηκεν.
904 4759 1146 4830 Josepb.,
1175 4757 1461 4832 διείρηκεν.
1488 4755 1788 4828 Utrumque
1808 4773 1927 4829 pro-

365 4835 480 4889 bari
509 4844 702 4889 potest.

437 4851 836 4973 ῐίὲἓοὲἳδους.
875 4900 1098 4973 Rectius
1142 4900 1313 4973 multo
1361 4911 1524 4968 quam
1567 4905 1628 4952 ut
1661 4899 1802 4968 apud
1829 4897 1925 4955 Jo-

363 4968 539 5042 Seph.,
569 4971 772 5042 κοίτης,
808 4969 1221 5042 sequitur_enim
1250 4968 1454 5038 λέχους.

436 5038 544 5111 (l9)
577 5038 781 5112 Γάμον
807 5041 1009 5109 royal;
1043 5038 1262 5108 Joseph.
1295 5055 1416 5093 cum
1445 5039 1612 5112 altero
1632 5055 1922 5112 imanuscr.

364 5112 505 5166 delet
528 5109 715 5180 νόμος.
750 5113 989 5172 Rectius,
1031 5120 1088 5163 ut
1133 5113 1377 5173 videtur;
1412 5109 1922 5180 subintelligendum

363 5184 509 5236 enim
543 5176 725 5250 λόγοις
763 5191 816 5236 et
843 5181 1088 5250 proxime
1121 5180 1386 5248 sequitur,
1415 5179 1559 5248 μίξιν
1594 5176 1760 5250 μονήν
1786 5176 1925 5232 οἶδεν

359 5254 392 5306 6
410 5251 592 5306 νόμος.

431 5267 695 5392 ἓθῗςἘίς
735 5316 1258 5392 dnarzgaJoseph.
1294 5328 1362 5392 Aet
1411 5316 1643 5392 Montae.
1696 5320 1922 5392 addunt,

360 5391 453 5445 καὶ
483 5385 780 5460 ὴ’πονηρία
807 5387 969 5460 αὐτοῦ
1001 5387 1140 5460 ὑπὲρ
1179 5385 1506 5460 ἀγαθοποιοῦ
1541 5389 1813 5456 γυναικός.

328 5487 338 5514 ι
433 5457 542 5529 (ἳί)
589 5457 724 5529 Τότε
764 5457 1072 5529 προσήκει.
1112 5457 1292 5529 Lucus
1335 5458 1432 5529 hic,
1468 5468 1650 5529 aperte
1695 5461 1922 5529 vitiosus

359 5524 459 5584 est.
497 5524 664 5598 Apud
687 5524 904 5597 Ioseph.
927 5528 1386 5598 _ita_concipitur:
1422 5524 1672 5598 καθαρὸς
1694 5524 1828 5580 εἶναι
1859 5530 1919 5581 οὐ

358 5591 598 5652 δύναται·
695 5598 785 5651 καὶ
814 5591 950 5665 μετά
991 5594 1086 5671 τῂν
1105 5591 1339 5671 ’νόμιμον
1368 5591 1650 5671 συνουσίαν
1679 5599 1797 5652 ἀνδ.
1826 5599 1920 5671 καὶ

359 5682 478 5734 γυν.
513 5658 907 5721 ἀπολούσασθαι
965 5658 1453 5737 κελεύειίόνόμος·
1491 5667 1670 5737 ψυχῆς
1714 5668 1921 5737 τεᾲγάρ

359 5737 452 5788 καὶ
493 5737 743 5806 σώματος
793 5737 1062 5804 ἐγγίνεται
1116 5735 1406 5806 μολυσμὸς,
1457 5737 1532 5798 ὡς
1571 5735 1718 5806 ’πρὸς
1756 5735 1920 5805 ἄλλην

355 5806 537 5878 χώραν
581 5805 976 5860 ὑποδαλόντων·
1023 5821 1184 5874 quam
1244 5805 1525 5861 lectionem
1582 5805 1815 5862 Montac.
1848 5820 1916 5860 ex

631 5901 903 5962 Ρλπιοι..
952 5902 1068 5967 Gn.
1119 5900 1286 5974 XXI.

2026 4629 2180 4690 parte
2208 4627 2557 4687 repraesentat
2586 4634 2601 4690 ς
2640 4633 2739 4688 ego
2771 4635 2900 4673 vero
2938 4629 3144 4688 partem
3179 4623 3468 4680 maximam
3501 4643 3588 4683 se-

2029 4697 2188 4766 cutus
2231 4705 2354 4766 sum
2386 4705 2399 4741 :
2429 4689 2597 4766 malui
2637 4698 3092 4766 talnen_exte_ram
3136 4693 3588 4766 illamiregionem

2029 4761 2120 4831 _uui
2158 4760 2338 4831 animo
2374 4759 2642 4831 tribuere,
2669 4774 2779 4828 quo
2810 4760 2876 4814 de
2908 4761 3022 4815 snlo
3055 4759 3404 4831 postmodum
3426 4769 3590 4824 etiam

2026 4829 2286 4896 loquitur.
2321 4827 2588 4898 lnterpres
2615 4826 2833 4898 Josephi
2856 4832 2959 4884 alia
2986 4826 3188 4885 omnia.

2092 4899 2213 4969 ,(22)
2254 4899 2380 4976 Exi
2417 4897 2584 4953 πᾶσι.
2619 4897 2962 4969 Veralectio.
2991 4901 3246 4958 Mendose
3281 4902 3500 4976 Ioseph.
3537 4919 3593 4963 et

2025 4967 2257 5023 Mo'utac.
2291 4969 2554 5022 ἐπίτασιν.

2099 5039 2207 5112 (25)
2247 5040 2524 5112 Εὑωχίαν
2562 5039 2898 5112 συντελεῖν.
2951 5039 3174 5112 Ioseph.
3225 5053 3280 5098 et
3329 5043 3544 5102 Montac

2026 5109 2256 5178 εὐωχίας
2281 5111 2550 5188 συνάγειν.
2569 5111 2754 5232 ~Elige.

2098 5179 2209 5232 (24)
2249 5182 2363 5232 Tne
2406 5195 2632 5232 toocanc
2695 5196 2754 5232 το

2098 5179 2209 5254 (24)
2249 5179 2363 5246 Τῆς
2406 5178 2632 5248 τροφῆς
2661 5178 2854 5243 ἔταξε.
2887 5179 3125 5254 Desunt
3172 5183 3287 5238 hare
3329 5190 3470 5254 apud
3497 5185 3592 5242 Jo-

2025 5251 2428 5323 sephuin,_qu_a;
2454 5259 2632 5303 tamen
2661 5265 2860 5323 sensus
2884 5251 3164 5323 integritas
3193 5251 3443 5323 requirit.

2110 5318 2210 5397 35)
2257 5318 2572 5397 Ἑκέλευσε
2612 5319 2685 5397 td
2723 5319 2854 5397 περὶ
2885 5320 3027 5397 τοιξνς
3068 5318 3586 5397 νόμουξεδοεθρὴη

2093 5337 2210 5441 ὲκο)
2264 5337 2572 5374 ικενιευσε
2612 5337 2685 5371 τα
2723 5337 2854 5386 περι
2885 5337 3027 5386 τούς
3068 5337 3308 5390 νόμους.
3339 5337 3585 5397 Joseph.,

2025 5389 2090 5442 ὲκ
2123 5388 2305 5466 λευσε,
2331 5389 2464 5466 περί
2495 5405 2554 5442 τε
2580 5389 2704 5449 τοὺς
2731 5388 2927 5458 νόμους
2959 5391 3408 5461 ἀναστρέφεσθαι,
3441 5401 3585 5466 quod

2023 5461 2226 5514 rectius
2259 5458 2489 5512 videtur.

2096 5529 2210 5594 (26)
2249 5526 2362 5595 Τῆς
2389 5531 2494 5598 είς.
2529 5525 2773 5598 Ioseph"
2797 5528 2894 5598 τῆς
2922 5528 2980 5581 δὲ
3005 5530 3103 5591 εἰς,
3128 5530 3344 5588 melius.

2095 5599 2207 5674 (27)
2240 5597 3148 5674 Πιῳιοῇσι..ιιυερριιηςπεριοῦσι,
3198 5617 3423 5674 nempe,
3475 5611 3587 5674 τοῖς

2021 5666 2260 5745 οἰκείοις.
2291 5666 2446 5745 Quod
2471 5668 2692 5743 opinor,
2734 5669 2912 5722 verius
2935 5666 3036 5734 est.
3067 5673 3282 5728 tametsi
3312 5666 3584 5745 {rulgatain

2021 5739 2238 5795 lection.
2268 5737 2586 5792 retinuerunt

3339 5896 3419 5958 2'.)
