4166 6454
489 359 590 412 623
1131 355 1401 414 EUSEBll
1451 357 1934 415 CIESARIENSIS
1971 357 2119 414 OPP.
2159 349 2341 414 PARS
2379 352 2444 415 Ιῖ.
2484 384 2556 402 ι·-
2586 355 3092 417 APOLOGETICA.
3633 366 3741 422 ιιι

487 473 709 544 telliget,
741 472 985 527 omnium
1019 469 1221 540 optime
1247 479 1590 539 prospectum
1627 471 1694 525 ab
1718 486 1783 526 eo
1818 486 1882 525 ac
1917 485 2031 542 pro-

2153 485 2248 522 τον
2274 471 2332 523 ὲν
2366 472 2480 534 τοῖς
2521 472 2950 543 συγγράμμασιν
3003 472 3550 544 ἐπραγματεύσαντοο
3589 476 3739 532 me

484 565 662 618 visum
702 564 751 618 id
791 563 979 628 fuisse,
1026 562 1103 616 uti
1134 576 1234 616 nec
1259 562 1560 631 patriorum
1593 563 1696 633 ipsi
1730 563 1932 617 rituum
1969 564 2031 618 in

2155 576 2263 614 των
2287 560 2343 613 δὲ
2375 559 2786 630 θαυμαζόμενος
2836 562 2990 634 παρὰ
3040 567 3152 627 τοῖς
3203 565 3480 636 Ἕλλησιν,
3525 567 3602 631 ὡς
3644 572 3739 624 καὶ

485 658 788 727 tegritatem
827 652 1244 716 labefactemus,
1291 668 1390 708 nec
1433 669 1622 709 eorum
1667 665 1848 710 tamen
1899 670 2054 712 com-

483 748 798 802 munionem
833 762 1016 801 rerum
1064 759 1374 801 nostrarum
1429 747 1644 816 cupidis
1687 748 2049 804 invideamus.

482 839 758 909 Quotquot
790 840 935 894 enim
986 841 1196 910 legibus
1248 841 1455 896 nostris
1499 855 1682 896 Vivere
1721 841 2050 911 optaverint,

480 947 674 987 omnes
706 942 1048 1002 peramanter
1077 933 1298 1003 exeipit,
1331 935 1515 1002 utique
1545 948 1654 988 non
1693 934 1810 989 solo
1833 948 2048 1004 genere,

478 1023 575 1082 sed
605 1025 768 1080 etiam
799 1025 1108 1080 voluntaria
1149 1025 1383 1080 instituti
1421 1027 1679 1081 societate
1714 1026 2050 1081 communio-

475 1132 600 1172 nem
637 1118 797 1171 istam
831 1116 1098 1171 contineri
1129 1125 1302 1172 ratus.
1347 1115 1449 1182 Qui
1481 1131 1752 1171 veronon
1793 1117 1896 1172 nisi
1930 1115 2049 1171 obi-

475 1218 560 1264 ter
594 1209 658 1262 ad
688 1223 811 1274 nos,
852 1216 1015 1278 atque
1045 1207 1193 1262 aliud
1237 1217 1458 1278 agentes
1490 1207 1832 1273 accederent,
1865 1222 1958 1264 eos
1977 1207 2046 1263 in

474 1301 926 1358 consuetudinem
951 1299 1166 1370 penitus
1189 1300 1400 1356 admitti
1430 1300 1632 1355 noluit.‘
1647 1299 1914 1355 Caeterum
1938 1300 2044 1354 alia

471 1394 720 1463 quaedam
772 1393 960 1456 edixit,
991 1409 1224 1463 quorum
1262 1393 1488 1448 omnino
1533 1393 1750 1461 copiam
1795 1392 1910 1447 ﬁeri
1949 1406 2044 1448 ne-

471 1501 625 1542 cesse
666 1493 791 1540 est:
830 1486 1140 1556 cujusmodi
1187 1497 1334 1553 sunt,
1371 1487 1734 1554 indigentibus
1783 1487 2041 1544 omnibus

469 1578 675 1647 ignem,
708 1591 927 1646 aquam,
961 1578 1251 1648 cibumque
1295 1577 1657 1647 suppeditare,
1698 1576 1865 1648 368
1886 1593 2038 1633 com-

467 1678 778 1725 monstrare
825 1671 990 1736 viam,
1038 1670 1369 1740 insepultum
1425 1670 1694 1724 neminem
1739 1671 2036 1740 praeterire.

465 1758 583 1816 lmo
611 1777 764 1816 suam
790 1776 1010 1833 quoque
1037 1761 1301 1817 adversus
1342 1762 1524 1816 hostes
1549 1744 1847 1832 appellatos
1868 1762 2040 1833 tequi-

2158 653 2444 724 σεμνότητι
2472 653 2586 723 βίου
2612 653 2922 723 διενεγκὼν,
2950 656 3043 709 καὶ
3061 656 3283 727 δυνάμει
3308 657 3482 727 λόγων
3509 661 3602 712 καὶ
3628 677 3738 715 πευ-

2156 742 2240 795 θοῖ
2264 743 2470 806 πάντας
2517 745 2797 816 ὑπεράρας
2823 746 2947 808 τοὺς
2991 745 3048 797 ὲν
3098 745 3383 818 φιλοσοφίᾳ
3421 750 3733 816 γεγονότας,

2155 830 2260 884 ὑπὸ
2283 831 2391 884 τῶν
2419 833 2731 901 φασκόντων
2755 832 2945 886 δεινῶν
2968 829 3110 888 εἶναι
3136 835 3204 888 τὰ
3233 836 3504 901 πολιτικὰ,
3535 840 3734 911 μικροῦ

2151 923 2261 977 δεῖν
2294 925 2684 995 χλευαζόμενος
2711 925 2805 977 καὶ
2851 926 3282 997 κωμῳδούμενος
3326 929 3576 985 διατελεῖ.
3609 933 3734 986 Καί-

2149 1033 2232 1069 τοι
2263 1016 2513 1070 τάκείνου
2541 1015 2804 1069 σκώπτων
2833 1017 2945 1088 (40)
2981 1018 3189 1088 συχνῶς
3223 1037 3308 1084 τις
3338 1021 3404 1074 ἂν
3431 1022 3580 1094 εὖροι
3603 1025 3734 1095 ῥᾷον

2149 1107 2358 1171 καὶτὰς
2385 1108 2491 1161 τῶν
2521 1107 2728 1160 πολλῶν
2748 1108 2929 1176 ἔγγιον
2973 1110 3280 1181 συνηθείας.
3311 1113 3479 1176 Αὐτὸς
3504 1114 3560 1167 δὲ
3589 1115 3729 1169 Πλάδ

2149 1218 2255 1254 των
2282 1200 2652 1272 ὡμολόγηκεν,
2679 1203 2762 1255 ὅτι
2801 1203 2898 1274 τὴν
2939 1202 3112 1274 ἀληθῆ
3173 1204 3303 1276 περὶ
3341 1203 3437 1258 τοῦ
3481 1205 3616 1260 Θεοῦ
3645 1209 3730 1262 66-

2106 1308 2123 1324 '
2147 1291 2246 1359 ξαν
2275 1295 2354 1356 είς
2387 1293 2486 1364 τὴν
2539 1294 2646 1347 τῶν
2685 1295 2856 1366 ὄχλων
2888 1295 3070 1350 ἄνοιαν
3118 1295 3218 1349 οὐκ
3253 1291 3322 1367 ἦν
3370 1298 3610 1368 ἀσφαλὲς
3643 1299 3730 1366 ἐξ.

2145 1386 2408 1450 ενεγκεῖν.
2449 1383 2609 1438 Ἀλλὰ
2660 1385 2729 1438 τὰ
2761 1386 2856 1455 μὲν
2881 1385 3163 1450 Πλάτωνος
3199 1386 3389 1456 λόγους
3435 1390 3576 1455 τινὲς
3613 1391 3724 1464 (50)

2145 1471 2284 1529 εἶναι
2324 1479 2514 1538 κενοὺς
2557 1477 2858 1547 νομίζουσι,
2907 1479 3051 1532 κατὰ
3081 1479 3282 1552 πολλὴν
3312 1481 3562 1548 ἐξουσίαν
3611 1485 3722 1558 (51η)

2144 1567 2780 1639 κεκαλλιγραφημένους.
2812 1569 3062 1622 Μάλιστα
3081 1569 3137 1622 δὲ
3159 1571 3266 1623 τῶν
3293 1573 3598 1643 νομοθετῶν
3625 1578 3724 1630 Au-

2145 1655 2374 1727 κοῦργον
2425 1657 2821 1728 τεθαυμάκασι,
2878 1661 2972 1714 καὶ
3026 1661 3123 1733 τὴν
3177 1663 3434 1736 Σπάρτην
3486 1665 3721 1732 ἅπαντας

2143 1747 2422 1816 ὑμνοῦσιν,
2445 1750 2534 1802 -ὃτι
2558 1752 2669 1812 τοῖς
2726 1752 2932 1806 ἐκείνου
2997 1753 3181 1824 νόμοις
3224 1757 3316 1808 ἐπὶ
3365 1757 3612 1812 πλεῖστον
3638 1761 3722 1813 ὲνο

459 1863 630 1909 tatem
661 1864 910 1910 constare
946 1855 1136 1919 voluit,
1170 1855 1299 1910 dum
1330 1870 1429 1909 nec
1459 1855 1678 1929 illorum
1719 1870 1877 1925 agros
1914 1856 2031 1926 igne

2141 1840 2534 1912 εκαρτέρησαν.
2573 1843 2780 1897 Οὐκοῦν
2803 1844 2963 1898 τοῦτο
3004 1846 3103 1916 μὲν
3128 1847 3493 1918 ὁμολογείσθω
3519 1854 3721 1925 τεκμήυ

462 1949 690 2012 vastari,
734 1963 832 2002 nec
866 1948 1026 2001 mites
1073 1947 1296 2000 arbores
1341 1946 1545 2000 succidi
1591 1946 1858 2016 permisit.
1891 1944 2032 2012 Quin

464 2042 626 2094 etiam
657 2049 710 2092 et
739 2053 853 2102 eos,
886 2037 981 2106 qui
1028 2037 1084 2090 in
1122 2037 1237 2091 acie
1267 2037 1618 2100 cecidissent,
1663 2052 1691 2091 a
1735 2037 2036 2092 victoribus

463 2130 687 2202 spoliari
719 2130 1018 2199 prohibuit,
1048 2139 1103 2184 et
1131 2133 1378 2199 captivos
1405 2130 1750 2200 maximeque
1777 2130 2036 2186 mulieres

465 2223 536 2276 ab
576 2221 831 2275 omnibus
877 2219 1094 2289 injuriis
1127 2219 1438 2275 vindicavit.
1471 2221 1547 2274 Ac
1577 2236 1678 2275 nos
1711 2221 1785 2274 ita
1815 2221 2035 2290 quidem

461 2311 530 2364 ad
584 2309 1055 2366 mansuetudinem
1099 2319 1154 2366 et
1193 2311 1586 2366 humanitatem
1621 2313 1865 2381 repetitis
1915 2313 2035 2367 lon-

461 2401 583 2472 gius
620 2401 902 2471 praeceptis
946 2399 1334 2465 eondocefeeit,
1366 2413 1426 2456 ut
1475 2417 1541 2456 ne
1584 2403 1868 2458 brutarum
1913 2404 2034 2474 qui-

459 2491 583 2545 dem
611 2491 969 2546 animantium
1001 2501 1190 2546 curam
1224 2491 1544 2560 neglexerit.
1577 2489 1714 2546 Nam
1747 2493 1839 2548 ubi
1881 2507 1910 2548 a
1957 2493 2034 2548 le-

461 2583 673 2652 gitimo,
710 2598 870 2651 quem
902 2598 1073 2636 unum
1110 2583 1379 2649 concedit,
1404 2596 1592 2636 earum
1630 2598 1734 2638 usu
1761 2583 2031 2640 discesse-

458 2673 559 2740 ris,
587 2673 735 2727 omni
788 2674 895 2728 alio
940 2685 1167 2743 prorsus
1213 2675 1514 2729 interdixit.
1564 2673 1620 2729 Si
1664 2691 1786 2746 qua:
1825 2679 2032 2748 suppli-

457 2779 582 2819 cum
643 2765 815 2819 instar
880 2771 1098 2820 nostras
1177 2763 1234 2819 in
1285 2765 1429 2820 aedes
1485 2764 1864 2836 confugerint,
1935 2784 2030 2825 eas

457 2855 690 2910 interﬁci
735 2856 906 2912 vetuit
943 2875 956 2912 :
997 2864 1093 2911 aut
1129 2863 1384 2926 parentes
1433 2869 1559 2912 cum
1608 2859 1773 2928 pullis
1821 2875 1852 2915 e
1899 2860 2030 2916 nido

452 2947 590 3018 tolli,
645 2957 739 3002 aut
781 2948 1087 3004 animantes
1117 2948 1256 3016 illas,
1307 2961 1538 3021 quarum
1569 2963 1734 3023 Opera
1780 2952 2030 3008 homines

451 3040 535 3094 uti.
592 3041 788 3107 solent,
831 3041 996 3097 etiam
1041 3043 1096 3096 in
1140 3042 1325 3097 hostili
1376 3043 1494 3099 solo
1553 3044 1779 3099 mactari
1827 3045 2022 3100 noluit.

451 3127 760 3201 'l‘antopere
788 3133 1107 3204 benignitati
1133 3134 1442 3190 consultum
1471 3149 1594 3192 esse
1613 3137 1770 3192 omni”
1786 3149 1852 3192 ex
1873 3146 2027 3208 parte

450 3225 700 3295 cupiebat
728 3244 741 3281 :
771 3227 968 3297 partim
1003 3226 1242 3283 ferendis
1281 3226 1370 3294 iis,
1407 3245 1530 3300 qua:
1569 3230 1748 3286 adhuc
1782 3246 2023 3287 comme-

449 3328 679 3374 morata:
723 3329 872 3385 sunt,
919 3335 1152 3392 quaeque
1201 3321 1271 3376 ad
1318 3337 1536 3378 morum
1580 3323 2023 3379 informationem

447 3412 747 3480 pertinent,
778 3413 1024 3483 legibus;
1051 3415 1247 3484 partim
1274 3416 1397 3471 aliis
1426 3416 1753 3486 quibusdam
1776 3418 2024 3472 sancien-

449 3502 559 3568 dis,
592 3503 794 3572 quibus
827 3505 880 3558 in
912 3505 1258 3576 superiorum
1286 3508 1597 3575 violatores,
1631 3510 1767 3563 citra
1794 3523 2024 3564 excusa-

447 3595 651 3650 tionem
700 3612 941 3666 omnem,
995 3612 1172 3668 ptenae.
1217 3609 1550 3655 statuuntur.
1608 3599 1832 3656 Putnam
1877 3601 2021 3656 enim

447 3687 644 3758 capitis
685 3690 959 3762 plerisque
991 3692 1308 3763 proposuit;
1341 3693 1434 3764 qui
1481 3693 1807 3748 adulterium
1839 3700 2022 3764 patra-

445 3782 623 3837 verit:
648 3784 740 3853 qui
777 3783 972 3854 puella:
1000 3785 1107 3839 vim
1148 3785 1434 3842 attulerit:
1464 3786 1557 3855 qui
1590 3785 1672 3840 vel
1714 3801 1919 3840 marem
1959 3785 2023 3840 de

447 3881 639 3942 stupro
668 3875 942 3944 appellare
973 3889 1164 3942 ausus,
1199 3877 1284 3931 vel
1309 3875 1601 3946 appellanti
1637 3884 1832 3946 sponte
1859 3875 2020 3932 obse-

435 3977 608 4022 cutus
655 3967 778 4023 erit.
827 3963 1021 4022 Exstat
1062 3967 1228 4023 etiam
1273 3967 1340 4024 de
1392 3967 1564 4022 servis
1605 3967 1693 4023 lex
1727 3967 2017 4037 ejusmodi,

441 4075 608 4128 quam
642 4060 923 4130 deprecari
952 4076 1113 4117 nemo
1138 4069 1324 4131 queat.
1347 4059 1430 4114 De
1470 4060 1742 4115 mensuris
1775 4059 1902 4115 item
1934 4069 2019 4116 at-

443 4168 550 4222 que
602 4154 953 4223 ponderibus,
1001 4155 1048 4210 si
1098 4155 1223 4226 quis
1271 4151 1535 4225 flagitium
1573 4155 1680 4209 ’boc
1720 4153 1774 4207 in
1821 4169 2019 4224 genere

2143 1949 2253 2003 ριον
2276 1933 2477 2004 ἀρετῆς
2517 1930 2676 2000 εἶναι,
2721 1936 2781 1988 τὸ
2833 1936 3108 1992 πείθεσθαι
3153 1942 3265 2003 τοῖς
3319 1942 3522 2012 νόμοιςο
3570 1946 3618 1996 οἱ
3661 1945 3716 1997 δὲ

2138 2023 2595 2094 Λακεδαιμονίους
2624 2026 3022 2098 θαυμάζοντες,
3050 2032 3141 2084 τὸν
3168 2032 3390 2085 ἐκείνων
3418 2035 3718 2106 χρόνον-ἀν-

2136 2117 2690 2188 τιπαραϐαλλέτωσαν
2742 2123 2856 2184 τοῖς
2907 2120 3212 2194 πλείοσινῆ
3269 2123 3546 2195 δισχιλίοις
3573 2127 3716 2182 ἔτεσι
3791 2167 3798 2170 -

2135 2207 2237 2276 τῆς
2278 2210 2550 2280 ἡμετέρας
2582 2211 2876 2276 πολιτείαςο
2915 2214 3010 2267 καὶ
3040 2215 3263 2285 προσέτι
3291 2217 3712 2286 λογιζέσθωσαν,

2135 2300 2218 2353 ὅτι
2246 2301 2657 2372 Λακεδαιμόνιοι
2687 2303 2806 2373 μὲν,
2836 2305 2959 2358 ὅσον
2984 2306 3070 2375 ἐφ’
3100 2305 3308 2360 ἑαυτῶν
3338 2308 3529 2380 χρόνον
3569 2304 3715 2381 εἶχον

2135 2391 2233 2462 τὴν
2271 2393 2599 2463 ἐλευθερίαν,
2631 2395 2874 2466 ἀκριϐῶς
2901 2396 3084 2462 ἔδοξαν
3127 2400 3254 2462 τοὺς
3305 2401 3502 2471 νόμους
3526 2401 3713 2472 διαφυ-

2135 2483 2368 2538 λάττειν·
2401 2487 2523 2539 ἐπεὶ
2548 2488 2730 2558 μέντοι
2758 2490 2886 2560 περὶ
2912 2491 3109 2554 αὐτοὺς
3147 2491 3394 2559 ἐγένοντο
3421 2494 3714 2564 μεταϐολαὶ

2133 2573 2232 2645 τῆς
2256 2573 2444 2645 τύχης,
2473 2576 2668 2648 μικροῦ
2697 2577 2808 2631 δεῖν
2855 2580 3110 2634 ἁπάντων
3147 2580 3464 2646 ἐξελάθοντο
3495 2584 3604 2638 τῶν
3627 2587 3712 2640 νό-

2138 2681 2275 2736 μων’
2301 2667 2461 2736 ἡμεῖς
2486 2667 2542 2721 δὲ
2567 2670 2624 2722 ὲν
2667 2669 2855 2740 τύχαις
2887 2672 3110 2743 μυρίαις
3159 2675 3444 2742 γεγονότες
3482 2675 3569 2729 διὰ
3611 2677 3710 2742 τὰς

2133 2753 2240 2807 τῶν
2269 2755 2701 2826 βασιλευσάντων
2731 2763 2830 2832 τῆς
2871 2763 3052 2827 Ἀσίας
3081 2765 3398 2835 μεταϐολὰς,
3421 2767 3571 2822 οὐδὲν
3599 2768 3708 2838 (52)

2131 2849 2245 2910 τοῖς
2276 2849 2524 2919 ἐσχάτοις
2573 2852 2680 2906 τῶν
2734 2853 2921 2907 δεινῶν
2947 2857 3073 2920 τοὺς
3106 2858 3303 2928 νόμους
3332 2859 3652 2930 προῦδομεν.
3686 2881 3704 2912 ο

2133 2937 2318 2992 Ταῦτα
2346 2940 2442 3011 μὲν
2467 2942 2561 2995 καὶ
2585 2941 2844 3015 Ἰώσηπος
2872 2945 3000 3016 περὶ
3027 2949 3125 3018 τῆς
3152 2947 3293 3000 κατὰ
3342 2949 3542 3001 ὒίωσὲα
3581 2950 3711 3002 ’1ουο

2129 3029 2295 3088 δαίων
2316 3034 2609 3100 πολιτείας.
2657 3039 2792 3110 Περὶ
2822 3039 2880 3091 δὲ
2925 3043 3023 3110 τῆς
3046 3041 3106 3093 ὲν
3151 3043 3262 3104 τοῖς
3313 3044 3404 3098 ὑπ’
3430 3042 3592 3096 αὑτοῦ
3624 3060 3711 3097 τε»

2133 3121 2273 3178 θεῖσι
2298 3126 2481 3198 νόμοις
2503 3129 2939 3200 ὲπεσκιασμένης
2964 3131 3058 3184 καὶ
3083 3130 3450 3204 ἀλληγορικῆς
3478 3133 3710 3206 θεωρίας

2132 3216 2301 3298 πολλὰ
2333 3218 2470 3289 ἔχων
2499 3221 2694 3284 εἰπεῖν,
2741 3222 3012 3292 ἀπαρκεῖν
3047 3223 3286 3294 ἡγοῦμαι
3310 3225 3408 3288 τὰς
3457 3225 3709 3290 Ἐλεαζά-

2131 3326 2226 3383 ρου
2256 3312 2350 3364 καὶ
2388 3312 2795 3382 Ἀριστοϐούλου
2828 3315 3127 3385 διηγήσεις,
3176 3315 3382 3386 ἀνδρῶν
3411 3315 3472 3368 τὸ
3497 3316 3596 3386 μὲν
3623 3317 3709 3385 ⁴γέ-

2129 3416 2220 3464 νος
2256 3400 2523 3473 Ἐϐραίων
2582 3405 2866 3469 ἀνέκαθεν,
2907 3406 2997 3459 τὸν
3041 3406 3100 3460 δὲ
3155 3407 3345 3479 χρόνον
3395 3407 3534 3460 κατὰ
3581 3409 3706 3471 τοὺς

2127 3493 2465 3565 Πτολεμαίου
2517 3497 2741 3568 χρόνους
2785 3497 3217 3570 διαπρεψάντων.
3245 3495 3343 3552 Ὧν
3371 3502 3398 3552 ὁ
3454 3497 3704 3564 Ἐλεάζα-

2129 3602 2243 3657 ρος,
2273 3585 2470 3657 καὶτῷ
2512 3589 2610 3658 τῆς
2643 3590 3054 3662 ἀρχιερωσύνης
3098 3590 3362 3660 ἀξιώματι
3409 3590 3703 3661 τετιμημέ»

2123 3691 2233 3740 νος,
2265 3677 2450 3748 μικρῷ
2470 3679 2731 3751 πρότερον
2757 3683 2889 3751 ἡμῖν
2913 3681 3184 3751 ὲδηλδῦτοο
3215 3681 3273 3745 ὃς
3303 3681 3366 3752 δὴ
3395 3683 3506 3745 τοῖς
3550 3681 3703 3752 παρὰ

2124 3760 2387 3832 βασιλέως
2411 3766 2486 3829 ὼς
2511 3767 2670 3821 αὑτὸν
2695 3769 2888 3838 ἥκουσι
2927 3770 3221 3841 πρεσϐείας
3241 3771 3422 3834 ἓνεκα,
3451 3773 3550 3842 τῆς
3591 3771 3702 3825 τῶν

2134 3853 2436 3928 Ἑϐραϊκῶν
2488 3857 2661 3926 λόγων
2702 3861 2794 3914 ἐπὶ
2837 3861 2936 3931 τὴν
2995 3861 3219 3916 Ἐλλάδα
3269 3862 3568 3934 μεταϐολῆς
3611 3863 3702 3916 τὸν

2121 3947 2321 4019 τρόπον
2350 3949 2812 4020 ὑποτυπούμενος,
2839 3951 2940 4021 τῆς
2969 3953 3026 4006 ὲν
3070 3957 3183 4016 τοῖς
3213 3956 3376 4026 ίεροῖς
3398 3954 3584 4025 νόμοις
3609 3953 3702 4006 ἀλ-

2125 4039 2532 4113 ληγορουμένης
2583 4043 2725 4108 ἰδέας
2757 4044 3012 4117 τοιαύτην
3061 4046 3355 4118 πεποίηται
3404 4046 3563 4114 λόγου
3604 4045 3700 4117 τὴν

2124 4132 2492 4189 διδασκαλίαν.

437 4246 796 4311 commiserit,
855 4256 951 4302 aut
1000 4247 1202 4318 injuste
1247 4247 1528 4317 quidpiam
1585 4245 1818 4316 doloque
1869 4247 2016 4302 malo
2052 4249 2404 4305 vendiderit:
2454 4251 2548 4321 qui
2592 4251 2677 4306 vel
2721 4268 2787 4307 ex
2865 4253 3028 4309 rebus
3096 4253 3291 4308 alienis
3341 4253 3553 4310 furatus
3594 4255 3696 4309 ali-

441 4338 569 4407 quid
609 4337 790 4406 fuerit,
822 4340 907 4394 vel
951 4339 1096 4409 quod
1125 4338 1223 4394 abs
1264 4354 1325 4395 se
1343 4339 1648 4409 depositum
1691 4351 1801 4391 non
1843 4345 2010 4403 esset,
2050 4340 2338 4395 abstulerit
2367 4359 2380 4395 :
2406 4356 2581 4411 preme
2607 4344 2850 4397 omnium
2897 4351 3045 4407 sunt,
3080 4359 3188 4398 non
3255 4346 3444 4414 quales
3509 4347 3697 4414 utique

443 4429 585 4499 apud
621 4441 848 4488 caeteros
881 4432 1146 4496 obtinent,
1190 4431 1287 4488 sed
1348 4432 1537 4502 quales
1605 4447 1821 4488 summa
1887 4430 2000 4487 fere
2063 4434 2328 4489 severitas
2359 4437 2685 4505 postulabat,
2725 4438 3056 4494 constitutae.
3100 4436 3233 4491 Nam
3268 4448 3362 4492 aut
3389 4439 3455 4493 de
3487 4453 3694 4508 paren-

439 4530 556 4574 tum
586 4521 808 4592 injuria,
847 4531 939 4577 aut
978 4524 1035 4577 in
1075 4523 1246 4579 Deum
1295 4524 1595 4594 impietate,
1626 4524 1721 4593 qui
1787 4524 1874 4578 vel
1944 4525 2088 4594 apud
2126 4542 2186 4582 se
2221 4528 2496 4598 cogitarit,
2539 4529 2585 4584 is
2630 4529 2698 4583 ad
2737 4540 2964 4584 mortem
3005 4531 3266 4585 continuo
3306 4531 3537 4599 rapitur.
3573 4529 3694 4586 Jam

439 4613 533 4681 qui
579 4613 710 4684 legis
757 4613 826 4667 ad
863 4621 1129 4684 praecepta
1173 4615 1335 4670 rebus
1378 4615 1433 4669 in
1463 4615 1720 4672 omnibus
1761 4616 2162 4682 adhaerescunt,
2223 4620 2564 4689 propositum
2624 4621 2691 4676 iis
2751 4623 3037 4691 praemium
3107 4632 3212 4688 est,
3245 4637 3354 4676 non
3383 4631 3692 4692 argentum,

440 4705 522 4759 vel
546 4719 762 4769 aurum,
794 4721 901 4761 non
933 4721 1134 4761 corona
1174 4721 1241 4762 ex
1303 4709 1558 4776 oleastro,
1624 4710 1709 4764 vel
1757 4712 1940 4781 appio.
1976 4722 2073 4768 aut
2135 4712 2357 4782 aliquod
2421 4712 2690 4782 ejusmodi
2753 4716 3084 4784 praeconium
3137 4733 3150 4769 :
3203 4714 3295 4768 sed
3346 4714 3696 4768 conscientiae

440 4797 674 4866 quisque
715 4812 829 4852 suae
870 4797 1184 4853 testimonio
1232 4797 1383 4866 freti,
1444 4799 1592 4870 quod
1643 4809 1696 4855 et
1753 4801 2027 4871 legislator
2063 4812 2189 4857 ante
2211 4802 2482 4873 praedixit,
2513 4812 2567 4858 et
2588 4803 2731 4858 Deus
2753 4804 3072 4859 certissima:
3120 4805 3240 4858 fidei
3281 4804 3507 4874 pignore
3556 4820 3693 4859 con-

435 4890 694 4958 ﬁrmavit,
747 4891 988 4948 futurum
1027 4893 1250 4948 omnino
1295 4894 1540 4960 credant,
1586 4908 1648 4951 ut
1695 4899 1789 4965 qui
1835 4898 1980 4967 leges
2018 4907 2332 4953 constanter
2351 4898 2710 4962 servaverint,
2765 4898 2831 4952 iis
2850 4913 2997 4964 vero,
3053 4905 3317 4953 utearum
3356 4913 3522 4953 causa
3563 4913 3702 4952 non-

439 5000 718 5055 nunquam
750 4995 1015 5055 o.porteat,
1045 4995 1221 5041 morte
1249 4987 1502 5042 alacriter
1527 4995 1855 5059 strenueque
1878 4989 2207 5060 perfunctis,
2257 4999 2310 5044 et
2329 5005 2528 5044 novum
2547 4990 2801 5060 deinceps
2819 5003 3024 5053 ortum,
3067 4999 3122 5044 et
3175 4990 3298 5044 vita:
3345 4990 3589 5044 vicissim
3608 4988 3692 5044 al—

347 5125 355 5132 .
431 5076 610 5130 terius
633 5075 896 5146 longeque
911 5077 1150 5133 melioris
1173 5077 1406 5133 fructum
1425 5078 1567 5135 Deus
1589 5079 1704 5150 ipse
1725 5081 2004 5153 largiatur.
2046 5080 2180 5148 Quae
2206 5081 2449 5153 profecto
2464 5083 2756 5138 scriberem
2799 5082 2914 5152 ipse
2953 5097 3258 5152 nunquam,
3283 5081 3388 5136 nisi
3413 5083 3690 5151 cognitum

513 5213 623 5280 (49)
663 5212 956 5290 Σξκώπτων
995 5210 1260 5281 συχνῶς,
1299 5223 1403 5290 etc.
1449 5212 1767 5290 Corruptus
1796 5215 1884 5271 hic
1925 5217 2001 5272 lo-

2160 5215 2299 5290 _(5l)
2357 5215 3020 5290 EEovalar._‘E&ous_'iav
3055 5217 3145 5290 hic
3177 5215 3300 5290 dini
3325 5217 3424 5290 τῆς
3465 5233 3689 5290 περιου-

433 5299 558 5356 cus,
590 5299 655 5356 ex
687 5281 925 5356 Josepho
960 5292 1166 5356 partem
1215 5285 1508 5356 maximam
1541 5281 1769 5356 “restitui
1805 5296 2003 5354 potest,
2117 5281 2240 5350 σίας
2281 5281 2580 5356 usurpasse
2637 5287 2853 5342 videtur
2901 5285 3192 5356 Iosephus,
3245 5287 3347 5341 nisi
3377 5281 3557 5342 tamen
3597 5289 3689 5342 ni-

433 5355 567 5428 dum
610 5354 694 5428 ita_
725 5353 852 5428 legit
875 5391 889 5414 ,
913 5352 1185 5428 _O’XOTIQV_,
1213 5355 1382 5428 συχνά
1410 5371 1493 5417 τις
1537 5353 1602 5428 ay
1622 5352 1819 5428 Δεὖροί
1843 5352 2006 5428 ῥᾴονα

2135 5359 2281 5410 niam
2351 5352 2589 5412 boininis
2653 5357 2758 5411 hoc
2800 5352 3096 5428 ingene—re
3140 5357 3452 5428 παρρησίαν
3487 5373 3520 5412 a
3549 5373 3690 5412 nou—

435 5424 584 5482 ὄντα,
610 5424 707 5496 καὶ
729 5425 847 5496 ταῖς
871 5421 980 5496 τῶν
1005 5421 1215 5496 πολλῶν
1235 5421 1383 5479 αἴτια
1415 5421 1740 5496 συνηθείαις.
1771 5421 2005 5482 Τσήἰιηι]

439 5509 536 5566 pro
569 5492 716 5566 αἴτια
748 5492 1109 5566 Ειιεσὺὶςιηυω
1140 5492 1352 5564 ἔγγιον,
1395 5496 1478 5550 vel
1517 5492 1821 5566 ἔγγύτερα,
1854 5497 2005 5554 sufﬁ-

435 5562 688 5616 ciendum
716 5563 837 5616 erit.

510 5631 620 5707 (50)
661 5633 889 5707 ᾼόγυυς
921 5635 1098 5701 τινὲς,
1120 5645 1238 5707 etc.
1270 5636 1455 5707 Longe
1484 5637 1678 5693 melius
1714 5653 1878 5707 quam
1935 5647 1997 5692 ut

435 5713 520 5755 est
567 5702 620 5783 in
673 5700 909 5773 Jos‘epho
983 5700 1348 5770 et’hlontac”
1392 5700 1603 5778 ννόμους
1659 5700 1809 5772 τινὰς
1864 5707 2000 5762 εἶναι

429 5786 671 5837 καινούς.

2067 5432 2070 5436 ’
2115 5428 2280 5482 trullis
2309 5429 2617 5496 sugillatam
2647 5442 2772 5481 esse
2801 5426 2947 5496 velit.

2185 5497 2299 5566 (5'2)
2343 5494 2552 5550 Οὐδέν.
2583 5495 2728 5566 Lege
2758 5511 2882 5549 cum
2922 5494 3160 5566 Josepho
3181 5497 3352 5552 etalt.
3382 5512 3686 5564 manuscr.,

2111 5567 2222 5620 οὐδ’
2262 5569 2340 5621 ἐν.
2367 5567 2468 5639 Sed
2505 5568 2652 5639 quod
2691 5567 2993 5639 proxalin.
3023 5567 3312 5639 sequitur,
3340 5566 3646 5639 προύδομεν
3667 5605 3684 5632 ,

2113 5633 2552 5708 anteponendum
2584 5635 2663 5706 τῷ
2682 5633 2707 5699 ,⁷
2727 5633 3108 5706 προάγομεν,
3129 5637 3276 5695 uuud
3303 5633 3445 5694 idein
3460 5633 3684 5708 Joscpb.

2111 5717 2160 5761 et
2193 5706 2423 5761 Moutae.
2461 5707 2738 5762 exhibent.
