4166 6448
436 378 444 384 ’
510 383 614 439 σεε
1651 379 1809 434 ΡΒΞ
1818 379 1972 434 PAR.
2008 377 2085 433 EV

2183 375 2258 429 lG.
2301 373 2428 431 LIB.
2471 372 2603 426 VHL
3643 366 3745 421 626

511 506 565 559 ld
601 500 880 556 omnibus'
909 512 973 553 ac
1018 498 1314 568 perfectum
1366 511 1489 553 esse
1544 496 1937 566 intelligerem,
1989 494 2273 549 hominum
2319 494 2607 562 plerosque
2652 499 2984 556 nostrorum,
3052 503 3119 544 ne
3155 488 3236 542 vel
3295 501 3404 541 una
3431 486 3535 541 sibi
3555 497 3743 540 contra

510 598 676 668 369
705 597 874 668 legem
910 597 1116 652 vocula.
1150 595 1442 660 excideret,
1501 593 1706 653 omnia.
1753 593 1867 662 jam
1918 592 2116 661 saepius
2157 589 2366 645 fortiter
2397 588 2704 658 pertulisse.
2751 586 2908 652 Quod
2953 585 2997 640 si
3027 599 3134 638 non
3187 597 3370 653 “usque
3402 582 3537 636 adeo
3560 582 3614 635 in
3643 582 3744 634 ho-

511 692 724 748 minum
786 689 1045 744 omnium.
1075 687 1438 758 cognitionem
1479 699 1612 756 gens
1647 693 1841 741 nostra:
1892 683 2150 748 venisset,
2191 695 2368 751 neque
2397 680 2672 749 singulare
2697 677 2992 734 voluntatis
3019 685 3218 731 nostrae
3251 675 3508 739 studium,
3537 688 3646 744 quo
3671 673 3746 727 le-

511 782 670 852 gibus
731 780 1104 850 obsequimur,
1173 779 1228 832 in
1266 792 1457 832 eorum
1521 775 1693 830 oculis
1737 790 1801 829 ac
1850 774 1970 828 luce
2000 781 2310 827 versaretur
2345 791 2359 826 :
2395 771 2442 827 si
2474 773 2597 841 quis
2663 771 2967 836 exsisteret,
2995 770 3089 839 qui
3117 769 3201 823 vel
3239 768 3486 822 instituta
3534 774 3743 832 nostra,

511 889 632 942 quae
660 873 932 942 descripta
963 872 1061 927 abs
1091 885 1211 926 sese
1267 869 1492 929 diceret.
1524 866 1728 921 Graecis
1763 865 2110 920 audientibus
2148 866 2423 930 recitaret,
2472 871 2566 917 aut
2591 870 2743 918 extra
2789 862 2900 916 noti
2937 861 3089 916 orbis
3161 859 3442 924 terminos,
3474 857 3531 910 in
3560 872 3656 912 eos
3687 871 3748 911 se

511 964 711 1019 alicubi
759 963 1008 1018 homines
1058 961 1318 1016 incidisse
1365 967 1634 1023 narraret,
1679 957 1775 1027 qui
1807 971 1932 1010 cum
1968 964 2076 1016 tam
2115 954 2352 1024 graviter
2387 968 2452 1008 ac
2480 955 2714 1008 sublime
2755 954 2822 1009 de
2847 952 2958 1006 Deo
3001 952 3282 1016 sentirent,
3341 959 3458 1004 tum
3487 947 3649 1002 etiam
3679 947 3746 1003 iis

511 1060 720 1130 legibus
780 1059 934 1128 plura
997 1058 1109 1128 jam
1145 1056 1344 1112 saecula
1375 1052 1816 1109 constantissime
1849 1052 2092 1104 viverent
2121 1048 2424 1119 :equidem
2479 1047 2534 1101 in
2578 1060 2792 1101 summa
2825 1058 3016 1099 omnes
3063 1041 3418 1098 admiratione
3447 1049 3559 1094 tum
3596 1038 3745 1093 lutu-

511 1165 604 1205 ros
665 1149 938 1215 existimo,
1007 1164 1131 1203 cum
1171 1148 1238 1202 iis
1278 1146 1443 1202 simul
1493 1153 1602 1198 tam
1645 1143 1959 1203 crebrarum
1999 1143 2144 1213 apud
2183 1158 2242 1197 se
2272 1140 2692 1197 conversionum
2725 1140 2778 1194 in
2807 1148 3043 1194 mentem
3071 1137 3298 1193 veniret.
3329 1134 3618 1188 Enimvero
3650 1135 3746 1202 qui

509 1256 576 1295 ex
639 1240 747 1294 illis
809 1238 965 1294 afﬁne
1006 1239 1262 1308 quiddam
1296 1255 1361 1295 ac
1399 1239 1577 1294 simile
1603 1239 1672 1293 de
1701 1238 1890 1308 repub.
1936 1245 1991 1293 et
2053 1237 2264 1308 legibus
2292 1237 2529 1292 scribere
2557 1235 2738 1290 conati
2770 1243 2915 1298 sunt,
2949 1248 3044 1289 eos
3107 1231 3263 1303 quasi
3307 1238 3552 1285 monstra
3598 1243 3748 1297 quae-

509 1331 634 1386 dam
671 1345 737 1385 ac
762 1329 1004 1401 prodigia
1061 1330 1516 1400 composuissent,
1563 1339 1622 1387 et
1659 1339 2004 1401 argumenta.
2043 1331 2300 1386 humanis
2331 1329 2538 1384 viribus
2600 1328 2810 1398 majora
2876 1327 3259 1397 suscepissent,
3304 1321 3625 1393 reprehendi
3679 1323 3748 1377 ab

509 1423 764 1478 omnibus
789 1431 842 1477 ct
865 1422 1114 1476 accusari
1136 1422 1404 1478 videmus.
1448 1423 1600 1477 Alios
1621 1437 1722 1491 ego
1760 1421 2118 1492 philosophos
2154 1430 2441 1492 praetereo,
2474 1419 2570 1491 qui
2630 1420 2684 1474 in
2728 1418 2890 1474 simili
2919 1416 3302 1488 disputationis
3330 1427 3523 1485 genere
3547 1413 3747 1468 versati

511 1524 658 1570 sunt.
683 1513 837 1568 Plato
859 1525 1004 1569 certe
1040 1513 1280 1584 quidem,
1337 1512 1386 1568 is
1426 1513 1520 1583 qui
1548 1521 1767 1582 propter
1824 1513 2155 1582 singularem
2194 1512 2316 1567 vitae
2341 1526 2663 1581 morumque
2685 1510 3024 1582 gravitatem,
3052 1518 3108 1564 et
3147 1508 3402 1564 eximiam
3445 1505 3657 1561 dicendi
3684 1519 3748 1560 ac

509 1606 868 1677 persuadendi
916 1606 1068 1671 vim,
1121 1620 1227 1674 qua
1285 1605 1734 1675 philosophorum
1793 1605 2070 1658 nationem
2112 1604 2270 1674 longe
2333 1603 2630 1673 superavit,
2696 1602 3008 1659 Graecorum
3042 1602 3284 1656 omnium
3319 1613 3414 1654 ore
3460 1599 3527 1653 ad
3582 1596 3747 1651 mira-

509 1699 695 1753 culum
765 1712 937 1766 usque
1003 1697 1358 1750 celebratur:
1395 1697 1504 1760 ille,
1538 1697 1783 1766 inquam,
1827 1694 2000 1760 Plato,
2052 1710 2267 1762 eorum,
2334 1696 2429 1765 qui
2472 1695 2674 1765 aliquid
2709 1710 2769 1750 se
2813 1695 2869 1750 in
2929 1711 3044 1765 rep.
3095 1692 3328 1764 gerenda
3376 1690 3560 1745 videre
3603 1689 3748 1742 arbi-

510 1797 743 1852 trantur,
777 1789 892 1844 risu
962 1801 1132 1857 prope
1193 1802 1257 1848 ac
1308 1787 1482 1843 sibilis
1528 1795 1784 1857 tanquam
1834 1787 1887 1841 in
1936 1788 2148 1842 theatro
2185 1802 2461 1857 scenaque
2491 1787 2797 1843 traducitur
2830 1789 3041 1857 :-cujus
3083 1797 3263 1842 tamen
3305 1785 3362 1840 si
3393 1784 3519 1854 quis
3547 1783 3648 1836 hac
3680 1780 3748 1836 de

507 1894 569 1936 re
613 1880 829 1948 scripta.
884 1877 1170 1948 diligenter
1217 1878 1498 1945 evolverit,
1551 1879 1598 1933 is
1645 1879 1894 1932 molliora
1961 1878 2241 1949 pleraque,
2279 1879 2546 1949 vulgique
2587 1880 2966 1934 consuetudini
3032 1879 3357 1933 admodum‘
3393 1875 3608 1948 gemina
3660 1887 3749 1927 re-

507 1972 698 2042 periet.
729 1969 863 2023 Nam
896 1968 1013 2037 ipse
1045 1969 1269 2039 quidem
1315 1970 1404 2024 ita.
1434 1969 1740 2040 proﬁtetur,
1789 1985 1972 2026 veram
2037 1969 2104 2024 de
2143 1970 2255 2024 Deo
2284 1971 2618 2025 sententiam
2684 1971 3052 2027 multitudinis
3082 1971 3320 2026 stultitiae
3364 1981 3556 2024 secure
3600 1979 3748 2019 com-

507 2063 650 2119 mitti
686 2076 797 2116 non
854 2075 1050 2130 posse.
1089 2061 1356 2116 Caeterum
1405 2064 1504 2118 ista
1554 2061 1799 2118 Platonis
1869 2063 2116 2119 instituta
2154 2072 2303 2132 sunt,
2333 2065 2533 2135 quibus
2559 2065 2726 2121 verba
2787 2073 2994 2121 tantum
3030 2067 3234 2131 inania,
3261 2074 3314 2120 et
3334 2061 3605 2134 exquisito
3621 2073 3749 2129 quo-

507 2153 636 2209 dam
692 2151 924 2206 artilicio
978 2159 1230 2206 contexta
1276 2153 1584 2211 videantur.
1637 2157 1708 2211 At
1763 2156 2075 2228 Lycurgum
2112 2158 2256 2228 quod
2324 2160 2539 2225 attinet,
2603 2158 2754 2213 illum
2794 2174 2984 2215 omnes
3021 2161 3075 2214 in
3120 2159 3479 2214 admiratione
3524 2155 3750 2220 habent,

510 2244 874 2314 Spartamque
923 2243 1029 2297 hoc
1078 2244 1420 2312 potissimum
1473 2247 1696 2303 nomine
1750 2227 2069 2318 praedicant,
2110 2227 2268 2319 quod
2301 2249 2474 2320 ipsius
2499 2249 2552 2304 in
2581 2250 2790 2320 legibus
2847 2251 3153 2307 diutissime
3211 2227 3560 2321 acquieverit.
3608 2249 3749 2319 Ergo

507 2339 748 2407 primum
805 2337 912 2390 hoc
962 2335 1263 2402 habemus,
1333 2338 1564 2395 virtutis
1609 2352 1930 2411 argumento
1979 2356 2120 2406 esse,
2160 2341 2307 2411 quod
2357 2342 2565 2412 legibus
2617 2344 3008 2415 obtemperent.
3062 2343 3267 2400 Deinde
3328 2357 3603 2415 praecones
3657 2341 3746 2396 isti

507 2427 1082 2491 Lacedaemoniorum,
1140 2430 1396 2500 exiguum
1483 2432 1702 2487 illorum
1763 2433 2086 2490 constantiae
2124 2442 2337 2504 tempus
2404 2449 2530 2489 cum
2590 2435 2804 2491 duobus
2838 2446 2892 2492 et
2914 2437 3146 2507 amplius
3173 2437 3308 2506 reip.
3344 2425 3544 2492 nOstrae
3571 2447 3749 2487 anno-

505 2538 628 2580 lzum
657 2524 898 2580 millibus
927 2522 1212 2578 conferant
1249 2543 1262 2578 :
1296 2533 1410 2580 tum
1448 2526 1522 2582 ita
1563 2543 1748 2583 secum
1816 2529 1919 2600 ipsi
1981 2539 2238 2598 reputent
2288 2529 2730 2586 Lacedaemonios
2794 2530 3056 2601 quamdiu
3120 2516 3302 2584 solum
3350 2528 3628 2596 antiquam
3679 2523 3748 2577 li-

503 2618 766 2672 bertatem
803 2617 1038 2672 retinere
1072 2626 1385 2686 potuerunt,
1448 2635 1670 2676 suarum
1696 2636 1918 2693 quoque
1939 2622 2118 2692 legum
2159 2622 2455 2678 retinentes
2519 2622 2692 2679 fuisse
2725 2641 2739 2678 :
2777 2623 2868 2677 ubi
2900 2623 3043 2678 enim
3091 2621 3323 2678 fortunae
3369 2618 3748 2676 inclinationes

503 2708 660 2765 facta:
679 2717 882 2776 essent,
919 2720 1032 2763 tum
1062 2723 1250 2764 earum
1278 2711 1441 2766 simul
1470 2727 1687 2768 omnem
1734 2729 1901 2785 prope
1951 2714 2278 2769 memoriam
2345 2714 2593 2772 funditus
2651 2715 3107 2786 abjecissezcum
3167 2715 3371 2769 interea
3429 2729 3529 2776 nos
3562 2709 3750 2764 inlini-

503 2803 576 2856 tis
616 2801 837 2856 casibus
879 2800 949 2854 ob
981 2799 1295 2870 frequentes
1347 2819 1536 2874 regum
1569 2803 1715 2860 Asize
1779 2806 2112 2862 mutationes
2145 2806 2358 2876 jactati,
2398 2807 2563 2877 37o
2588 2823 2657 2863 ne
2717 2808 2770 2861 in
2803 2807 3072 2878 supremis
3098 2807 3315 2876 quidem
3359 2802 3614 2874 periculis
3647 2817 3750 2854 uo-

504 2902 648 2950 stras
717 2909 960 2964 unquam
1023 2894 1169 2964 leges
1228 2895 1656 2965 prodidimus.'i
1703 2897 1980 2954 Hactenus
2012 2899 2178 2954 etiam
2217 2897 2485 2970 Josepbus
2542 2901 2609 2955 de
2667 2899 2981 2955 Judzeorum
3035 2912 3150 2968 rep.
3209 2911 3239 2950 a
3282 2894 3431 2950 Mose
3479 2892 3746 2948 instituta.

503 2983 626 3041 Jam
674 3001 824 3048 vero,
849 3001 973 3040 cum
1001 2986 1170 3039 multa
1201 2987 1268 3041 de
1319 2989 1642 3045 adumbrato
1677 2991 1914 3061 quodam
1967 2999 2020 3046 et
2051 2990 2344 3061 allegorico
2378 2991 2712 3046 sancitarum
2746 2991 2815 3044 ab
2870 3004 2936 3045 eo
2968 2989 3146 3058 legum
3191 3002 3356 3042 sensu
3417 2997 3750 3039 commemo-

504 3092 629 3134 rare
660 3079 887 3146 possim,
935 3079 1179 3135 Eleazari
1206 3089 1385 3136 tamen
1450 3089 1505 3137 et
1565 3083 1869 3139 Aristobuli
1921 3085 2284 3154 explicatione
2333 3093 2625 3141 contentus
2652 3099 2770 3149 ero,
2799 3083 2891 3154 qui
2934 3083 3096 3138 ambo
3118 3089 3172 3136 et
3198 3095 3366 3152 genus
3397 3079 3464 3133 ab
3510 3076 3750 3131 Hebrmis

506 3187 669 3228 suum
709 3173 1026 3244 longissime
1065 3183 1334 3244 repetunt,
1365 3184 1420 3231 et
1450 3176 1724 3233 Ptolemaei
1757 3179 1902 3249 regis
1931 3189 2198 3249 .tempore
2248 3180 2570 3242 ﬂoruerunt.
2625 3179 2919 3235 Eleazarus
2971 3178 3156 3248 igitur,
3188 3176 3235 3230 is
3295 3189 3463 3244 quem.
3499 3170 3749 3231 sacerdo-

507 3266 568 3320 tii
602 3267 863 3338 dignitate
894 3270 1207 3338 praestitisse
1233 3271 1395 3340 paulo
1423 3282 1549 3328 ante
1583 3273 1893 3338 docuimus,
1922 3274 2116 3344 legatis
2171 3275 2238 3329 ad
2286 3291 2406 3332 sese
2434 3277 2503 3331 ab
2531 3292 2655 3347 rege
2702 3275 2907 3339 missis,
2931 3334 2934 3336 γ
2959 3273 3254 3335 Hebraicas
3302 3253 3513 3325 litteras
3565 3267 3750 3323 Graeca

505 3361 689 3431 lingua
729 3361 968 3417 donandi
1011 3365 1276 3419 rationem
1334 3365 1658 3433 informans,
1697 3369 1764 3425 de
1804 3369 2091 3441 allegorica
2140 3371 2424 3436 sententia
2455 3371 2760 3428 divinarum
2811 3369 2992 3438 legum
3018 3363 3435 3422 verbisinclusa
3463 3376 3584 3416 eam
3627 3374 3750 3430 quae

506 3457 753 3528 sequitur
783 3456 1206 3529 disputationem
1241 3461 1495 3518 instituit.

1032 3573 1427 3628 ΚΕΦΑΛΑΙΟΝ
1475 3575 1563 3636 ΘΕ,

2785 3569 3014 3627 CAPUT
3061 3567 3158 3630 IX.

517 3679 870 3760 Ἔτλεαζάροιζ
899 3683 1212 3760 ἀρχιερέως
1261 3688 1646 3760 ὐποτύμπωσις
1695 3689 1807 3760 τῆς
1858 3691 1928 3745 ἐν
1959 3690 2082 3758 τοῖς

2187 3687 2478 3743 Eleazarus
2515 3686 2751 3760 pontifex
2790 3684 3062 3760 ultegorici
3119 3699 3298 3760 sensus
3339 3682 3507 3760 sacris
3540 3678 3750 3760 _leg_ibus

577 3753 771 3844 ίιεὲροῖςΔ
795 3755 1010 3844 κόμαις
1042 3753 1572 3844 ἀλληγορουμένης
1622 3753 1910 3828 διανοίας,
1962 3753 2082 3816 ἀπό

575 3827 696 3875 τῶν
731 3827 1077 3892 Ἀρισταίου.

581 3950 600 3984 ι
633 3931 813 3997 Ἀξιον
867 3933 924 3986 δὲ
950 3935 1346 4007 ἐπιμνησθῆναι
1395 3937 1640 4010 βραχέων
1685 3940 1796 4012 (55)
1825 3942 1932 3996 τῶν
1961 3943 2084 3996 ὑπο-

504 4015 823 4104 δειχθὲντων
873 4021 962 4075 ὑπ’
1005 4023 1166 4076 αὐτοῦ
1221 4026 1357 4099 πρὸς
1395 4027 1465 4080 τὰ
1500 4029 1566 4081 δι’
1618 4030 1774 4100 ἡμῶν
1816 4032 2080 4104 ὲπιζητη-

509 4103 688 4160 θέντα.
717 4107 973 4179 Νομξζειν
1028 4111 1136 4184 γὰρ
1179 4117 1291 4178 τοῖς
1343 4115 1556 4180 πολλοῖς
1603 4119 1715 4190 (54)
1763 4103 2082 4194 περιεργίαν

510 4196 652 4270 ιἔχειν
681 4200 804 4254 τινὰ
821 4203 928 4256 τῶν
953 4204 1009 4256 ὲν
1039 4208 1104 4276 τῇ
1132 4207 1435 4279 νομοθεσίᾳ*
1465 4209 1606 4279 λέγω
1630 4212 1686 4264 δὲ
1718 4214 1844 4285 περί
1864 4232 1922 4267 τε
1950 4215 2084 4287 βρω-

505 4291 615 4344 τῶν
634 4293 727 4345 καὶ
753 4293 959 4361 ποτῶν,
981 4299 1081 4350 καὶ·
1098 4296 1205 4352 τῶν
1255 4299 1622 4372 νομιζομένων
1647 4305 1970 4376 ἀκαθάρτων
2002 4303 2082 4368 εῖ-

506 4400 594 4443 ναι
619 4385 920 4442 κνωδάλων.
946 4388 1368 4460 Πυνθανομένων
1398 4394 1505 4466 γὰρ
1530 4395 1688 4466 ἡμῶν
1715 4396 1803 4450 διὰ
1829 4398 1904 4462 τί,
1951 4400 2081 4469 μιᾶς

507 4476 813 4549 καταϐολῆς
837 4477 1023 4552 οὔσης,
1054 4481 1121 4534 τὰ
1151 4482 1249 4552 μὲν
1294 4483 1578 4557 ἀκάθαρτα
1626 4489 1908 4558 νομίζεται
1943 4492 2081 4562 πρὸς

507 4565 730 4638 βρῶσιν.
760 4569 829 4623 τὰ
856 4571 909 4623 δὲ
937 4573 1030 4624 καὶ
1061 4573 1194 4644 πρὸς
1220 4573 1317 4644 τὴν
1360 4577 1520 4646 ἁφήν·
1544 4579 1946 4652 δεισιδαιμόνως
1973 4581 2082 4654 γὰρ

504 4657 574 4710 τὰ
607 4659 830 4713 πλεῖστα
853 4660 950 4733 τὴν
987 4663 1304 4732 νομοθεσίαν
1328 4665 1488 4736 ἔχειν’
1532 4669 1591 4721 ὲν
1642 4670 1700 4723 δὲ
1729 4671 1937 4734 τούτοις
1981 4673 2082 4730 πά-

505 4747 589 4803 λιν
617 4750 1025 4822 δεισιδαιμόνως
1052 4755 1162 4826 (55)
1185 4757 1322 4828 πρὸς
1363 4757 1538 4812 ταῦτα
1575 4760 1748 4824 οὕτως
1795 4760 2078 4832 ἐνήρξατο·

503 4841 742 4914 Θεωρεῖν
763 4843 873 4915 (56)
909 4845 1010 4917 ἔφη
1043 4847 1142 4910 τὰς
1199 4848 1545 4921 ἀναστροφὰς
1578 4853 1673 4909 καὶ
1710 4852 1807 4917 τὰς
1841 4853 2078 4923 ὁμιλίας,

502 4930 615 4992 οἷον
638 4937 1018 5007 ἐνεργάζονται
1042 4942 1290 5010 πρᾶγμα·
1314 4943 1468 5004 διότι,
1493 4947 1684 5008 κακοῖς
1703 4945 1860 5015 ἀμιλή
1870 4962 2079 5009 σαντες,
2111 4969 2171 5024 Β.

502 5025 832 5099 διαστροφὰς
862 5028 1319 5101 ἐπιλαμϐάνουσιν
1352 5035 1647 5105 ἅνθρωποι,
1679 5038 1772 5090 καὶ
1798 5038 2080 5102 ταλαίπω-

507 5135 590 5188 ροι
619 5119 706 5173 διὰ
729 5119 822 5174 τοῦ
850 5122 947 5193 ζῇν
984 5125 1140 5177 εἰσιν·
1173 5124 1268 5179 ἐὰν
1317 5127 1376 5182 δὲ
1433 5131 1614 5195 σοφοῖς
1662 5129 1757 5182 καὶ
1795 5129 2079 5203 φρονίμοις

504 5210 757 5276 συζῶσιν,
781 5212 840 5277 ἐξ
867 5215 1092 5282 ἀγνοίας
1121 5215 1543 5288 ἐπανορθώσεως
1582 5221 1661 5282 είς
1689 5219 1780 5272 τὸν
1820 5220 1932 5290 βίον
1961 5221 2078 5274 ἔτυ-

501 5317 614 5370 χον.
661 5303 1106 5375 Διαστειλάμενος
1149 5302 1240 5359 οὖν
1283 5307 1354 5360 τὰ
1395 5312 1493 5380 τῆς
1541 5310 1815 5373 εὐσεϐείας
1863 5311 1958 5364 καὶ
2002 5312 2078 5366 δι-

731 5481 1210 5563 Ἐπιμῖῃσθῆναι
1251 5485 1549 5558 βραχέων.
1608 5486 1785 5542 Malim
1821 5487 1908 5542 διὰ
1942 5489 2072 5561 βρα-

503 5549 654 5621 χέων
673 5551 1091 5621 ἐπιμνησθῆναι.

508 5620 728 5742 maga,
750 5621 876 5686 Τοῖς
917 5622 1189 5687 πολλοῖς.
1243 5623 1633 5694 Reponendum
1689 5627 1902 5682 videtur
1949 5631 2073 5693 τοὺς

574 5725 917 5840 (ξίὸΐΠάλιν
939 5761 1409 5840 δεισιδαιμόνως.
1433 5768 1710 5829 Aristaeus,
1747 5775 1854 5820 tam
1884 5783 2076 5822 manu-

506 5838 742 5898 scriptus
775 5848 934 5900 quam
985 5849 1243 5901 exclusus,
1287 5838 1428 5892 πάνυ
1469 5847 1675 5893 tantum
1713 5840 1899 5893 inserit
1935 5851 2076 5894 inter

2185 5490 2346 5542 πάλιν
2389 5495 2443 5542 et
2478 5486 2701 5549 δεισιδαι

2254 3761 2446 3820 inclusi
2482 3751 2745 3813 notionem
2784 3751 3062 3825 informat,
3095 3769 3160 3807 ea:
3197 3753 3416 3807 Aristwi
3447 3751 3678 3805 scriutis.

2262 3955 2282 3989 ι
2307 3937 2504 4007 .Atque
2525 3934 2637 3998 hic,
2662 3931 2841 4002 inquit
2866 3931 3149 3998 Aristaeus,
3175 3944 3350 4000 operae
3375 3929 3610 3999 pretium
3635 3928 3752 3980 fue-

2183 4029 2277 4095 rit,
2315 4043 2528 4090 eorum,
2561 4041 2683 4099 quae
2713 4026 2780 4080 ad
2807 4025 3117 4094 prepositas
3162 4038 3192 4077 a
3230 4023 3388 4077 nobis
3417 4021 3750 4092 quaestiones

2184 4121 2302 4191 ipse
2350 4120 2650 4190 respondit,
2709 4116 2901 4186 paucis
2955 4115 3272 4171 meminisse
3319 4132 3332 4167 :
3383 4113 3583 4182 quippe
3625 4126 3749 4165 cum

2185 4213 2453 4272 minutam
2486 4210 2652 4270 nimis
2679 4207 3006 4277 quibusdam
3043 4207 3099 4260 in
3130 4207 3292 4259 rebus
3323 4202 3648 4272 legislatoris
3670 4201 3753 4254 di-

2183 4305 2465 4378 ligentiam
2498 4303 2670 4364 fuisse
2697 4302 2945 4370 plerique
2993 4299 3329 4353 arbitrentur
3373 4315 3386 4348 :
3442 4293 3750 4365 cujusmodi

2184 4405 2334 4464 sunt,
2363 4410 2485 4466 qua:
2501 4395 2572 4450 de
2590 4395 2993 4450 esculentorum
3025 4406 3089 4445 ac
3115 4389 3528 4460 poculentorum
3558 4387 3754 4440 discri-

2183 4488 2352 4553 mine,
2385 4487 2626 4557 itemque
2671 4486 2739 4541 de
2782 4486 3121 4554 impurarum
3165 4480 3524 4536 animantium
3559 4477 3752 4533 condi-

2188 4580 2337 4634 tione
2366 4587 2702 4635 statuuntur.
2721 4577 2886 4634 Nobis
2903 4591 3034 4645 ergo
3059 4571 3523 4646 percontantibus,
3559 4583 3754 4639 quam-
3833 4623 3840 4630 _

2183 4670 2394 4732 obrem,
2456 4685 2580 4724 cum
2627 4685 2735 4725 una
2781 4669 3029 4724 omnium
3069 4677 3213 4722 esset
3247 4664 3548 4732 eademque
3595 4660 3756 4716 moli-

2183 4760 2284 4824 tio,
2320 4759 2443 4814 aliis
2466 4767 2646 4814 tamen
2676 4760 2844 4825 vesci,
2881 4759 2985 4812 alia
3021 4759 3106 4813 vel
3139 4758 3427 4825 attingere,
3477 4753 3750 4823 piaculum

2184 4851 2478 4907 haberetur
2520 4869 2533 4905 :
2583 4851 2700 4908 haec
2748 4851 2896 4906 enim
2943 4851 3326 4920 superstitiose
3368 4855 3426 4901 ut
3455 4845 3752 4916 plurimum

2183 4941 2304 5012 lege
2356 4943 2564 4999 sancita
2613 4957 2754 5006 esse,
2794 4957 2917 5012 quae
2963 4955 3070 4995 non
3102 4941 3286 4994 minus
3317 4937 3694 5007 superstitiose
3723 4948 3754 4987 a

2184 5033 2388 5091 Iudaeis
2419 5036 2778 5090 observentur
2813 5058 2826 5089 :
2874 5035 2964 5089 ille
2993 5035 3140 5096 hunc
3181 5031 3242 5094 in,
3266 5031 3489 5087 modum
3529 5043 3747 5097 respon-

2183 5128 2313 5183 dere
2337 5127 2502 5197 coepit
2529 5146 2540 5181 :
2586 5125 2768 5194 Vides,
2808 5126 3004 5196 inquit,
3031 5125 3166 5194 ipse,
3197 5132 3400 5194 quanta
3429 5123 3512 5176 vis
3537 5122 3607 5174 sit
3635 5136 3754 5174 mu-

2181 5229 2290 5275 tuae
2321 5219 2737 5275 consuetudinis
2760 5227 2924 5287 atque
2952 5216 3232 5276 societatis
3263 5233 3276 5268 :
3305 5229 3429 5282 cum
3463 5223 3517 5268 et
3551 5213 3756 5282 impro-

2181 5311 2376 5367 borum
2431 5327 2497 5366 ex
2549 5309 2899 5373 commercio,
2943 5322 3159 5372 morum
3205 5305 3568 5376 corruptelam
3607 5305 3792 5373 ejus-'

2748 5486 2918 5550 όνως,
2975 5483 3131 5555 quod
3163 5480 3592 5555 lacunamsatis
3643 5494 3752 5555 non

2185 5504 2346 5542 παΑιν
2389 5504 2443 5542 et
2478 5504 2701 5549 οεισιοαι
2748 5504 2918 5550 ονως,
2975 5504 3120 5555 quou
3164 5504 3413 5537 lacunam
3460 5504 3592 5536 satis
3643 5504 3749 5532 nun

2183 5561 2382 5622 exulet.
2411 5557 2574 5611 Forte
2603 5557 2682 5610 sic
2706 5504 2990 5625 ﬁgendum
3024 5565 3078 5609 et
3101 5551 3749 5625 distinguendumluerit,

2185 5621 2349 5681 πάλιν
2379 5627 2518 5679 πάνυ
2546 5621 2951 5694 δεισιδαιμόνως
2978 5626 3103 5686 τοὺς
3137 5621 3419 5694 Ἰουδαίους
3437 5661 3472 5694 ,ι
3483 5622 3566 5674 vel
3592 5621 3753 5694 ἀρχό-

2187 5699 2378 5769 μένους
2399 5690 2892 5769 διακεῖσθαι,-τὲρὸς
2915 5693 3280 5769 ταῦταῌοῦτως
3309 5694 3403 5769 sui,
3415 5690 3595 5769 ρξατο.

2175 5763 2199 5802 -’
2256 5767 2367 5844 ςέἱϐ)
2409 5763 2888 5844 Θεωρεςῐν-ζ-Ιιέκθ.
2917 5764 3149 5844 θεωρεοίς·
3183 5779 3307 5818 cum
3351 5765 3618 5828 Arislaza;
3669 5770 3752 5815 est

2184 5839 2327 5894 enim
2361 5837 2626 5893 orationis
2649 5834 2888 5892 Eleazari
2924 5835 3271 5900 principium.
