4166 6424
567 357 670 412 διο

1696 357 2018 417 ΡΒᾸΞΡΑΒ.
2058 356 2312 414 EVANG.
2352 355 2481 412 LIB.
2521 352 2656 411 VIII.

3692 353 3794 407 630

563 475 924 547 αλισγόμενοι,
949 476 1080 547 μηδὲ
1095 476 1404 548 ὁμιλοῦντες
1437 477 1639 549 φαύλῳ,
1657 479 1979 552 διαστροφάς
2000 481 2114 552 λαμ

2238 479 2431 535 ferreis
2458 478 2617 548 quasi
2650 474 2923 531 moenibus
2955 479 3138 542 septos
3162 486 3283 527 esse
3311 485 3409 526 nos
3442 471 3798 542 munitosque

565 568 842 638 δάνοιμεν,
872 568 1135 622 πάντοθεν
1155 570 1304 640 ἡμᾶς
1340 569 1703 640 περιέφραξεν
1742 571 2003 638 ἁγνείαις,
2038 575 2131 626 καὶ

560 659 649 712 διὰ
676 658 915 728 βρωτῶν,
957 659 1050 712 καὶ
1099 659 1296 723 ποτῶν,
1347 660 1444 714 καὶ
1488 662 1650 732 ἁφῆς,
1678 663 1772 715 καὶ
1802 662 1988 733 ἀκοῆς,
2036 665 2131 717 καὶ⁵

560 749 804 819 ὁράσεως
829 751 1076 820 νομικῆς.
1106 749 1179 802 Τὸ
1202 749 1310 821 γὰρ
1335 750 1563 803 καθόλου
1582 788 1598 814 ,
1651 753 1828 805 πάντα
1875 754 2011 823 πρὸς
2045 753 2130 807 τὸν

561 839 787 910 φυσικὸν
813 838 968 908 λόγον
996 840 1155 910 ὅμοια
1180 839 1534 911 καθέστηκεν,
1566 840 1671 894 ὑπὸ
1701 843 1828 912 μιᾶς
1849 842 2130 913 δυνάμεως

558 930 1012 1001 οίκονομούμενα,
1057 931 1151 983 καὶ
1189 930 1310 984 καθ’
1343 930 1402 985 δν
1433 930 1639 985 ἕκαστα
1674 931 1782 1003 (62)
1814 931 1924 1004 ἔχει
1972 932 2126 1001 λόγον

562 1020 747 1092 βαθὺν,
781 1021 873 1091 ἀφ’
901 1014 974 1074 ὧν
1002 1020 1317 1092 ἀπεχόμεθα
1349 1021 1491 1075 κατὰ
1512 1022 1609 1094 τὴν
1638 1026 1831 1094 χρῆσιν
1849 1064 1864 1088 ,
1910 1025 2003 1079 καὶ
2046 1021 2128 1090 οἷς

561 1112 941 1185 συγχρώμεθα.
970 1114 1142 1184 Χάριν
1175 1113 1231 1167 δὲ
1265 1113 1680 1185 ὑποδείγματος,
1703 1115 1763 1169 ἒν
1806 1115 1839 1187 ἢ
1878 1116 2125 1189 δεύτερον

558 1203 869 1276 ἐπιδραμών
896 1221 977 1258 σοι
1004 1204 1251 1275 σημανῶ.
1273 1207 1364 1277 Μὴ
1396 1206 1503 1277 γὰρ
1533 1209 1612 1271 είς
1643 1207 1731 1262 τὺν
1764 1225 2126 1263 καταπεπτω-

557 1299 688 1352 κότα
742 1296 896 1365 λόγον
942 1296 1207 1369 εἰσέλθῃς,
1257 1299 1339 1351 ὅτι
1397 1299 1546 1369 μυῶν
1589 1300 1681 1352 καὶ
1741 1300 1930 1371 γαλῆς,
1959 1301 1991 1372 ἦ
2017 1302 2129 1355 τῶν

556 1385 809 1440 τοιούτων
853 1386 1010 1458 χάριν
1077 1386 1393 1457 περιεργίας
1447 1386 1763 1458 ποιούμενος
1817 1389 2124 1460 ἐνομοθέτει

555 1476 727 1531 ταῦτα
753 1478 979 1549 Μωσῆς,
1010 1477 1145 1531 ἀλλὰ
1172 1479 1308 1550 πρὸς
1334 1478 1505 1550 ἁγνὴν
1554 1479 1973 1549 ὲπίσκεψιν,,καὶ
2001 1480 2127 1553 epeia

556 1586 672 1623 πων
717 1568 1041 1641 ὲξαρτισμδν
1061 1611 1076 1634 ,
1123 1569 1469 1640 δικαιοσύνης
1501 1571 1664 1624 ἕνεκα
1696 1572 1907 1643 σεμνῶς
1945 1574 2122 1627 πάντα

553 1659 931 1714 ἀνατέτακται.
961 1659 1079 1713 Τῶν
1105 1661 1212 1732 γὰρ
1228 1661 1514 1725 πετεινῶν,
1526 1658 1607 1725 οἷς
1636 1661 1917 1734 χρώμεθα,
1944 1665 2121 1719 πάντα

551 1752 733 1823 ἥμερα
756 1750 1084 1823 καθέστηκε,
1120 1752 1215 1805 καὶ
1241 1752 1485 1822 διαφέρει
1506 1752 1882 1824 καθαριότητι,
1928 1757 2119 1825 πυροῖς

2233 568 2427 635 voluit,
2453 583 2521 622 ne
2544 580 2671 620 eum
2700 564 2821 619 aliis
2851 562 3100 635 gentibus
3126 563 3210 617 vel
3243 562 3469 617 minimo
3494 563 3573 618 rei
3606 565 3798 634 cujus-

2231 675 2338 729 que
2393 656 2725 714 commereio
2780 655 3159 725 jungeremur,
3207 653 3302 709 sed
3340 668 3568 723 corpore
3630 656 3797 713 simul

2230 750 2523 819 animoque
2562 748 2721 815 casti,
2751 746 3095 816 {utiliumque
3145 745 3461 816 opinionum
3513 747 3794 805 erroribus

2228 840 2482 910 expediti,
2502 855 2670 895 unum
2687 854 2850 909 supra
2866 848 3144 894 creaturas
3182 853 3372 895 omnes
3404 854 3467 895 ac
3488 852 3793 910 praepoten-

2229 940 2337 987 tem
2374 931 2543 987 Deum
2573 932 2894 987 coleremus;
2924 931 3108 1001 Itaque
3134 945 3234 986 nos
3268 930 3371 1001 ipsi
3389 946 3607 1002 quoque
3628 928 3791 1003 372

2226 1023 2501 1093 principes
2529 1021 2907 1094 Egyptiorum
2931 1021 3263 1088 sacerdotes,
3293 1021 3387 1092 qui
3421 1022 3581 1079 altius
3622 1023 3677 1077 in
3705 1038 3793 1079 re-

2226 1131 2349 1170 rum
2379 1124 2691 1171 nostrarum
2734 1128 2935 1169 arcana
2965 1122 3341 1183 penetrarunt,
3379 1115 3601 1185 proprio
3633 1117 3792 1186 quasi

2226 1207 2466 1273 nomine,
2494 1202 2589 1261 Dei
2620 1206 2868 1261 homines
2910 1205 3267 1275 appellarunt.
3297 1204 3355 1261 Id
3382 1207 3526 1278 quod
3551 1206 3604 1260 in
3631 1206 3788 1272 alios,

2226 1299 2381 1370 quia
2409 1298 2522 1353 veri
2552 1296 2804 1352 Numinis
2835 1297 2984 1352 cultu
3030 1296 3192 1351 alieni
3246 1304 3395 1362 sunt,
3435 1297 3587 1353 nullo
3628 1299 3791 1354 modo

2224 1389 2517 1446 convenire
2560 1398 2757 1459 potest.
2810 1387 2920 1445 Eos
2952 1388 3099 1443 enim
3138 1387 3321 1458 potius
3352 1388 3483 1452 cibi,
3512 1396 3697 1459 potus,
3725 1404 3790 1444 ac

2224 1478 2534 1534 vestimenti
2594 1478 2845 1533 homines
2902 1476 3190 1548 appellaris
3216 1518 3232 1545 ,
3291 1479 3489 1548 quippe
3553 1493 3787 1549 quorum

2223 1570 2441 1625 animus
2464 1570 2517 1623 in
2550 1583 2735 1623 rerum
2764 1567 2998 1622 istarum
3038 1583 3171 1623 cura
3197 1575 3345 1623 totus
3374 1577 3427 1622 et
3458 1568 3788 1638 cogitatione

2221 1656 2487 1717 versetur.
2544 1660 2701 1730 Apud
2744 1667 2967 1715 nostros
3017 1668 3222 1727 autem,
3278 1659 3372 1730 qui
3405 1659 3532 1714 vitae
3575 1667 3789 1728 tempus

2222 1751 2536 1808 universum
2566 1750 2622 1805 in
2650 1765 2759 1804 una
2787 1749 2986 1805 divinae
3008 1749 3296 1820 potestatis
3328 1748 3788 1819 contemplatione

551 1821 645 1899 καὶ
666 1821 916 1913 ήόσπρίοις
941 1821 1196 1914 χρώμενα
1217 1844 1353 1915 πρὸς
1374 1821 1596 1915 τροφὴν,
1623 1821 1732 1899 οἷον
1779 1821 2114 1918 περιστεραὶ,

2218 1843 2478 1913 deligunt,
2514 1850 2713 1897 cuncta
2739 1841 2844 1898 ista
2875 1841 3082 1911 jacent.
3118 1840 3261 1911 Ergo
3294 1856 3463 1907 ne.ex
3489 1841 3655 1896 ullius
3685 1841 3786 1895 im-

550 1934 839 2007 τρυγόνες,
888 1935 1120 2003 ἀτταγαὶ
1147 1975 1162 1999 ,
1198 1936 1472 2007 πέρδικες,
1508 1935 1668 1989 ἔτιδὲ
1711 1939 1890 2007 χῆνες.
1926 1940 2019 1992 καὶ
2052 1939 2121 1992 τά

550 2024 685 2083 ἄλλα
708 2027 806 2079 ὅσα
830 2025 1073 2081 τοιαῦτα.
1098 2025 1234 2097 Περὶ
1265 2020 1340 2080 ὧν
1364 2026 1419 2080 δὲ
1441 2027 1811 2099 ἀπηγόρευται
1840 2028 2119 2095 πετεινῶν,

549 2120 800 2189 εὑρήσεις
821 2117 989 2190 ἆγριά
1007 2136 1067 2171 τε
1088 2119 1180 2172 καὶ
1208 2120 1546 2191 σαρκοφάγα,
1569 2121 1661 2172 καὶ
1690 2119 2120 2174 καταδυναστεύ-

547 2223 677 2260 οντα
700 2209 765 2278 τῇ
793 2207 920 2278 περὶ
955 2206 1093 2261 αὐτὰ
1114 2206 1337 2277 δυνάμει
1360 2206 1428 2261 τὰ
1452 2207 1630 2273 λοιπὰ,
1667 2209 1759 2262 καὶ
1788 2208 1885 2280 τὴν
1913 2210 2120 2282 τροφὴν

550 2297 741 2367 ἔχοντα
794 2298 892 2368 τὴν
937 2298 1240 2369 δαπάνησιν
1287 2298 1393 2352 τῶν
1434 2300 1847 2371 προειρημένων
1899 2302 2119 2373 ἡμέρων

552 2388 690 2456 μετά
718 2388 947 2451 ἀδικίας.
981 2386 1058 2442 Οὐ
1086 2389 1243 2459 μόνον
1263 2389 1319 2443 δὲ
1342 2390 1532 2454 ταῦτα,
1558 2390 1696 2445 ἀλλὰ
1723 2392 1818 2445 καὶ
1865 2393 1991 2457 τοὺς
2017 2394 2117 2465 ἄρ-

546 2495 643 2538 νας
668 2478 760 2531 καὶ
788 2477 1008 2548 ἐρίφους
1031 2477 1354 2549 ἁρπάζουσι,
1390 2482 1484 2534 καὶ
1520 2482 1646 2545 τοὺς
1687 2480 2008 2553 ἀνθρώπους
2059 2481 2116 2536 δὲ

546 2567 810 2631 ἀδικοῦσι,
854 2569 1081 2641 νεκρούς
1118 2572 1296 2625 τεκαὶ
1352 2570 1578 2638 ζῶντας.
1637 2574 1972 2647 Παράσημον
2023 2569 2115 2628 οὖν

542 2652 695 2706 ἔθετο
726 2653 813 2708 διὰ
868 2655 1094 2721 τούτων,
1146 2658 1430 2731 ἀκάθαρτα
1481 2663 1879 2734 προονομάσας,
1926 2666 2007 2719 ὅτι
2058 2664 2116 2718 δέ

542 2743 782 2815 ὲστι(63)
825 2746 965 2799 κατὰ
993 2747 1204 2819 ψυχὴν,
1240 2744 1322 2815 οἷς
1348 2753 1382 2823 ἡ
1417 2753 1702 2825 νομοθεσία
1744 2754 2112 2822 διατέτακται,

539 2834 851 2910 δικαιοσύνῃ
877 2840 1235 2911 συγχρῆσθαι,
1261 2843 1348 2896 καὶ
1381 2844 1582 2916 μηδένα
1625 2846 2116 2904 καταδυναστεύειν

542 2926 868 2992 πεποιθότας
903 2930 1048 3000 ἰσχύϊ
1080 2934 1144 3002 τῇ
1172 2932 1398 3001 ἑαυτῶν,
1428 2936 1550 3007 μηδ’
1590 2937 1940 3010 ἀφαιρεῖσθαι
1983 2941 2113 3014 μήθ’

539 3016 620 3081 ἓν,
645 3016 757 3071 ἀλλ’
781 3020 844 3072 ὲκ
869 3019 1201 3075 δικαιοτάτου
1252 3022 1364 3094 βίου
1417 3026 1792 3101 διακυϐερνᾷνο
1814 3031 1889 3095 ὡς
1913 3031 1983 3086 τὰ
2002 3031 2112 3088 τῶν

541 3110 1232 3215 προειρημένωνιπετεινῶν
1257 3116 1438 3215 ἥμερα
1471 3119 1583 3184 ζῶα
1612 3120 1841 3199 (64),,τὰ
1867 3125 2111 3198 φυόμενα
2136 3156 2179 3215 C

539 3200 646 3254 τῶν
675 3201 915 3274 ὀσπρίων
942 3205 1035 3257 ἐπὶ
1061 3208 1164 3277 γῆς
1192 3207 1423 3281 δαπανᾷ,
1456 3212 1551 3265 καὶ
1570 3212 1631 3265 οὐ
1655 3215 2109 3273 καταδυναστεύει

539 3293 675 3362 πρὸς
704 3295 798 3366 τὴν
840 3297 1186 3371 ὲπαναίρεσιν
1225 3299 1348 3354 οὔτε
1390 3302 1498 3356 τῶν
1524 3304 1963 3378 ,ὑποϐεϐηκότων
1985 3308 2110 3363 οὔτε

536 3382 645 3439 τῶν
668 3387 1021 3454 συγγενικῶν.
1049 3388 1149 3443 Διὰ
1177 3390 1381 3447 τούτων
1412 3388 1504 3447 οὖν
1545 3396 1861 3467 παρέδωκεν
1902 3401 1931 3454 ὁ
1952 3417 2113 3473 νομο-

537 3473 697 3546 θέτης
721 3478 1077 3547 σημειοῦσθαι
1117 3485 1227 3546 τοῖς
1259 3487 1501 3550 ωνετοίς
1521 3527 1535 3551 ,
1576 3483 1716 3541 εἶναι
1753 3488 1996 3557 δικαίους
2027 3510 2107 3557 τε,

538 3565 630 3618 καὶ
661 3565 823 3636 μηδὲν
855 3568 1119 3622 ἐπιτελεῖν
1145 3569 1254 3643 βία,
1289 3573 1442 3644 μηδὲ,
1471 3576 1538 3646 τῇ
1579 3576 1707 3649 περὶ
1727 3578 1922 3642 αὐτοὺς
1965 3580 2110 3652 ἰσχύϊ

535 3652 881 3743 πεποιθότας,
939 3657 1157 3729 ἑτέρους
1209 3662 1717 3719 καταδυναστεύειν.
1777 3668 1948 3721 Ὅπου
2001 3669 2110 3741 γὰρ

533 3745 643 3797 οὐδ’
667 3743 903 3815 ἅψασθαι
934 3748 1138 3821 καθῆκε
1164 3750 1271 3804 τῶν
1296 3755 1705 3827 προειρημένων
1743 3756 1832 3811 διὰ
1857 3760 1955 3831 τὴν
1982 3762 2110 3832 περὶ

534 3836 739 3897 ἕκαστα
767 3838 1024 3906 διάθεσιν,
1053 3842 1170 3907 πῶς
1200 3846 1261 3898 οὐ
1284 3845 1581 3914 φυλακτέον
1635 3851 1949 3905 παντάπασι
1981 3855 2108 3918 τοὺς

533 3928 769 4000 τρόπους
793 3932 873 3995 εἰς
896 3932 1054 3986 τοῦτο
1086 3936 1539 4011 κατακλεισθῆναι
1596 3942 1740 4015 (65);
1784 3945 1971 4000 Πάντα
2013 3942 2106 4001 οὖν

530 4019 601 4074 τὰ
627 4022 1047 4093 συγχωρηθέντα
1069 4027 1161 4080 ἐπὶ
1186 4028 1390 4083 τούτων
1423 4032 1515 4085 καὶ
1537 4032 1643 4085 τῶν
1670 4034 1884 4105 κτηνῶν
1916 4054 2106 4109 τροπο-

530 4109 706 4180 λογῶν
747 4114 1039 4171 ὲκτέθεικε.
1073 4118 1146 4171 Τὸ
1175 4120 1281 4190 γὰρ
1312 4122 1625 4192 διχηλεύεινν
1645 4125 1741 4179 καὶ
1779 4127 2124 4184 διαστέλλειν.

530 4203 702 4274 ὁπλῆς
727 4204 922 4276 δνυχας
941 4209 1162 4279 σημεῖόν
1184 4211 1300 4264 ἐστι
1318 4212 1415 4265 τοῦ
1433 4213 1759 4270 διαστέλλειν
1775 4218 1978 4273 ἕκαστα
1996 4220 2102 4275 τῶν

531 4293 783 4366 πράξεων
806 4296 898 4350 ἐπὶ
925 4295 987 4350 τὸ
1018 4298 1201 4381 καλῶς¹
1222 4299 1362 4370 ἕχον.
1405 4302 1469 4356 Ἥ
1490 4303 1599 4376 γὰρ
1634 4306 1786 4377 ἰσχὺς
1819 4307 1927 4361 τῶν
1966 4310 2100 4365 ὅλων

533 4384 800 4455 σωμάτων
843 4385 981 4458 μετὰ
1030 4389 1307 4459 ἐνεργείας
1357 4393 1637 4466 ἀπέρεισιν
1686 4397 1794 4469 (66)
1836 4400 1929 4451 ἐπὶ
1973 4402 2100 4465 τοὺς

2220 1935 2380 2005 probi
2414 1949 2517 1989 usu
2542 1942 2596 1989 et
2626 1932 2996 1988 familiaritate
3022 1932 3139 1986 vitii
3167 1932 3465 2003 quidquam
3495 1941 3551 1987 et
3582 1942 3781 1988 conta-

2219 2026 2397 2096 gionis
2423 2025 2764 2088 hauriamus,
2799 2024 2961 2080 certis
2997 2038 3099 2079 nos
3128 2039 3193 2079 ac
3241 2023 3499 2094 legitimis
3531 2023 3782 2078 esculen-

2221 2127 2425 2184 torum,
2478 2116 2918 2185 poculentorum,
2968 2123 3166 2181 tactus,
3219 2114 3460 2180 auditus,
3502 2121 3782 2183 aspectus,

2217 2206 2425 2277 legibus
2455 2221 2519 2261 ac
2543 2206 2897 2277 religionibus
2927 2202 3155 2260 vallatos
3189 2205 3424 2274 undique
3452 2218 3516 2259 ac
3544 2203 3785 2258 munitos

2217 2314 2338 2355 esse
2360 2300 2549 2354 voluit.
2584 2298 2655 2353 Ut
2680 2298 2847 2364 enim,
2879 2298 2928 2353 si
2957 2307 3167 2354 natura;
3209 2297 3476 2353 duntaxat
3516 2296 3784 2351 rationem

2218 2390 2495 2453 habueris,
2544 2397 2600 2445 et
2647 2388 2844 2445 similis
2897 2390 3155 2445 universe
3211 2388 3549 2443 conditionis
3601 2385 3784 2440 omnia

2216 2486 2349 2550 sint,
2377 2494 2432 2539 et
2450 2499 2560 2539 una
2583 2484 2886 2554 eademque
2916 2491 3180 2553 potestate
3217 2482 3594 2553 gubernentur
3620 2499 3633 2534 :
3666 2481 3783 2535 sin-

2214 2578 2340 2648 gula
2389 2586 2595 2642 tamen,
2648 2576 2848 2645 quibus
2896 2584 2990 2630 aut
3037 2574 3392 2639 abstinemus,
3429 2581 3523 2627 aut
3555 2573 3778 2635 utimur,

2215 2669 2325 2723 alto
2354 2667 2588 2738 quodam
2615 2665 2847 2721 consilio
2874 2672 2928 2720 et
2956 2665 3168 2719 ratione
3194 2665 3461 2720 nituntur.
3494 2661 3691 2731 Atque,
3722 2671 3782 2716 ut

2214 2772 2283 2812 ex
2315 2757 2500 2826 paucis
2533 2756 2771 2812 aestimes
2797 2762 3014 2822 caetera,
3044 2769 3213 2809 unum
3248 2763 3343 2811 aut
3391 2754 3620 2807 alterum
3655 2769 3782 2808 cur-

2215 2846 2320 2902 sim
2352 2846 2638 2915 attingam.
2672 2843 2818 2899 Cave
2849 2845 3016 2910 enim,
3054 2852 3106 2897 te
3154 2842 3379 2895 humilis
3424 2842 3559 2896 adeo
3591 2842 3783 2896 subeat

2214 2936 2545 3007 indignaque
2575 2934 2853 3005 cogitatio,
2889 2933 3049 3004 quasi
3076 2933 3338 2996 murium,
3373 2941 3468 2987 aut
3513 2934 3779 2987 mustela-

2212 3040 2361 3090 rum,
2411 3035 2505 3081 aut
2531 3035 2849 3081 eaeterarum
2896 3024 3165 3094 ejusmodi
3198 3036 3383 3078 rerum
3427 3037 3593 3078 causa
3623 3022 3779 3077 valde

2213 3117 2501 3184 sollicitus,
2541 3130 2604 3171 ea
2633 3115 2811 3171 Moses
2863 3114 3190 3181 instituerit;
3250 3123 3403 3169 caste
3434 3114 3616 3167 omnia
3652 3127 3778 3167 san-

2212 3217 2403 3278 cteque
2431 3209 2648 3278 provisa
2687 3216 2833 3275 sunt,
2864 3215 3028 3277 atque
3073 3214 3135 3261 ut
3180 3206 3248 3260 ad
3284 3220 3498 3259 morum
3558 3204 3776 3258 confor—

2210 3302 2506 3356 mationem
2548 3300 2778 3369 integre,
2820 3299 2900 3354 sie
2925 3300 2991 3353 ad
3018 3298 3328 3367 mquitatem
3389 3294 3772 3351 stabiliendam

2210 3391 2444 3462 graviter
2468 3397 2789 3459 matureque
2822 3388 3050 3444 sancita.
3073 3385 3209 3441 Nam
3238 3402 3304 3442 ex
3330 3386 3522 3441 avibus
3555 3387 3774 3456 quidem

2209 3496 2401 3537 vescas
2456 3488 2668 3535 tantum
2716 3495 2810 3536 eas
2855 3495 2979 3536 esse
3010 3479 3200 3545 voluit,
3233 3493 3355 3550 quae
3386 3493 3509 3534 eum
3562 3479 3774 3534 cicures

2207 3581 2392 3629 essent
2435 3586 2500 3628 ac
2551 3586 2871 3638 mansuetae,
2924 3583 3037 3628 tum
3072 3574 3283 3629 emteris
3314 3572 3475 3642 longe
3502 3572 3771 3641 puriores,

2208 3679 2315 3720 non
2345 3664 2450 3719 nisi
2477 3665 2657 3719 tritico
2682 3672 2736 3719 et
2779 3666 3146 3736 leguminibus
3173 3672 3549 3730 vescerentur;
3583 3665 3772 3734 cujus-

2207 3753 2357 3809 modi
2386 3762 2516 3809 sunt
2543 3755 2832 3821 columbae,
2888 3764 3153 3819 turtures,
3179 3763 3465 3825 attagenae,
3499 3755 3770 3825 perdices,

2206 3860 2448 3913 anseres,
2470 3861 2536 3900 ac
2569 3847 2790 3917 reliquae
2826 3847 2879 3902 id
2909 3862 3100 3917 genus.
3129 3848 3333 3903 Contra
3365 3862 3513 3912 vero,
3537 3861 3767 3916 quarum

2205 3937 2366 3993 nobis
2395 3952 2492 3992 esu
2528 3939 2874 3995 interdictum
2907 3948 3009 4004 est,
3044 3954 3138 3994 eas
3170 3939 3439 3994 immanes
3475 3954 3615 4004 esse,
3650 3953 3768 3992 ear-

2205 4026 2477 4097 nibusque
2505 4030 2657 4099 pasci
2694 4031 2955 4101 reperies,
2986 4045 3088 4086 nec
3115 4031 3169 4084 in
3201 4031 3338 4086 alias
3370 4030 3534 4085 modo
3564 4031 3672 4083 vim
3702 4044 3768 4085 ac

2203 4117 2543 4187 tyrannidem
2567 4133 2839 4183 exercere,
2869 4119 2962 4173 sed
2988 4132 3178 4173 earum
3213 4120 3400 4185 etiam,
3448 4134 3585 4188 quas
3619 4120 3766 4174 cicu-

2204 4221 2292 4261 res
2334 4206 2448 4275 jam
2492 4217 2618 4262 ante
2642 4209 2905 4275 diximus,
2942 4209 3157 4263 laniena
3192 4209 3459 4278 iniuriose
3507 4210 3763 4279 saginari.

2203 4296 2525 4367 Quanquam
2557 4313 2663 4353 non
2698 4299 2823 4354 illas
2847 4306 3079 4365 tantum,
3116 4300 3210 4354 sed
3239 4315 3410 4373 agnos
3453 4300 3616 4355 etiam
3651 4301 3768 4357 hm-

2201 4388 2409 4457 dosque
2437 4388 2679 4459 rapiunt,
2709 4390 3068 4461 hominesque
3089 4400 3334 4447 mortuos
3359 4391 3561 4461 pariter
3588 4391 3768 4446 viven-

530 4473 710 4547 ὤμους
733 4478 845 4549 ἔχει
873 4481 1055 4536 καὶτὰ
1079 4484 1261 4556 σκέλη.
1289 4485 1442 4541 Μετὰ
1469 4487 1749 4560 διαστολῆς
1772 4485 1866 4544 οὖν
1886 4491 2098 4545 ἅπαντα

2213 4489 2391 4549 tesque
2420 4479 2644 4534 laedunt.
2704 4480 2892 4551 itaque
2939 4482 3068 4537 dum
3100 4482 3343 4553 impuras
3376 4482 3499 4539 illas
3526 4484 3765 4552 appella-

528 4568 795 4624 ἐπιτελεῖν
829 4573 964 4644 πρὸς
988 4574 1333 4649 δικαιοσύνην
1362 4576 1679 4647 ἀναγκάζει,
1720 4579 1799 4651 τῷ
1839 4581 2096 4652 σημειοῦ-

529 4659 653 4713 σθαι
687 4660 796 4733 (67)
825 4662 914 4717 διὰ
945 4665 1169 4721 τούτων.
1205 4668 1325 4721 Ἔτι
1352 4668 1410 4722 δὲ
1433 4670 1526 4723 καὶ
1547 4670 1681 4724 διότι
1710 4672 1860 4742 παρὰ
1890 4674 2099 4737 πάντας

527 4750 845 4821 ἀνθρώπους
862 4754 1234 4826 διεστάλμεθα.
1264 4760 1325 4812 υἱ
1350 4759 1460 4831 γὰρ
1495 4760 1734 4825 πλείονες
1758 4762 1863 4815 τῶν
1896 4763 2097 4818 λοιπῶν

526 4839 753 4906 ἑαυτοὺς
781 4844 1096 4913 μολύνουσιν
1121 4847 1556 4919 ἐπιμισγόμενοι,
1595 4850 1972 4916 συντελοῦντες
2001 4870 2097 4924 με-

524 4930 694 5001 γάλην
728 4933 967 4988 ἀδικίανο
996 4939 1088 4990 καὶ
1114 4938 1311 5009 χῶραι,
1338 4941 1433 4993 καὶ
1461 4940 1644 5006 πόλεις
1686 4941 1805 4996 ὅλαι
1841 4943 1933 4996 ἐπὶ
1972 4943 2096 4997 τού-

521 5037 636 5087 τοις
686 5025 1054 5095 σεμνύνονταιο
1084 5029 1143 5081 οὐ
1195 5029 1355 5100 μόνον
1385 5030 1495 5104 γὰρ
1542 5031 1681 5104 πρὸς
1710 5033 1942 5104 ἄρρενας
1980 5035 2092 5107 (68)

592 5189 705 5255 (62)
744 5193 885 5273 Καθ’
911 5192 985 5247 δν
1005 5194 1253 5273 Egypt-9.
1283 5198 1449 5256 Arist.
1477 5209 1724 5273 uterque.
1747 5219 1869 5259 cum
1900 5221 2092 5260 manu-

522 5271 627 5330 ξιτ.
659 5263 933 5321 omnibus,
963 5264 1085 5317 καθ’
1108 5265 1166 5319 ἓν
1195 5267 1441 5324 ἕκαστον.
1471 5263 1860 5328 Οωηίηο-καθ
1881 5275 1940 5328 ἓν
1962 5291 2088 5330 vera

524 5326 690 5410 lectio
732 5340 852 5410 est:
882 5330 1352 5410 Exaera_retinei'i
1397 5350 1592 5410 potest.
1652 5326 1861 5399 Mallem
1889 5326 2088 5401 tamen

522 5395 642 5468 καθξ
669 5399 725 5451 ἓν
756 5399 813 5451 δέ
836 5416 996 5468 quam
1029 5404 1120 5457 καὶ
1144 5406 1263 5459 καθ’
1295 5409 1375 5463 ἓν.

593 5467 703 5538 (65)
736 5467 956 5551 Ὅτι
971 5471 1120 5551 ἐστι,
1163 5476 1327 5551 Arist.
1363 5488 1622 5551 uterque,
1666 5481 1749 5535 ὅτι
1783 5482 1901 5538 δέον
1932 5484 2085 5548 ὲστί,

522 5549 641 5605 quae
670 5552 794 5591 vera
825 5539 958 5592 mihi
991 5540 1154 5597 lectio
1184 5546 1299 5601 visa
1327 5558 1428 5603 est.
1499 5539 1516 5551 ’
1552 5560 1563 5567 “

592 5605 703 5693 (ϐξ)
725 5607 877 5693 ζῶα.
903 5606 1101 5693 Vocem
1136 5613 1605 5693 haneirreptitiarn
1623 5620 1893 5693 existimo,
1921 5641 2082 5693 quam

521 5680 704 5755 tamen
735 5689 1035 5755 agnoscunt
1088 5697 1298 5742 omnes.
1346 5680 1502 5745 Certe
1544 5690 1610 5746 de
1646 5691 1837 5748 avibus
1873 5680 2080 5752 tantum

518 5746 791 5801 cicuribus
819 5748 1015 5819 agitur.

2201 4577 2306 4633 ret,
2340 4583 2434 4625 eos
2464 4569 2647 4637 simul,
2681 4573 2882 4641 quibus
2933 4572 3079 4642 leges
3133 4571 3470 4638 ferebantur,
3520 4572 3763 4642 ipsarum

2198 4659 2344 4715 notis
2373 4674 2438 4715 ac
2460 4661 2722 4731 symbolis
2749 4661 3102 4731 admonebat,
3124 4662 3433 4732 aequitatem
3468 4663 3650 4718 animo
3678 4661 3762 4715 fo-

2197 4750 2426 4807 vendam
2474 4766 2539 4806 ae
2586 4752 2925 4807 retinendam
2977 4768 3120 4820 esse,
3168 4753 3403 4823 potentia
3447 4753 3763 4823 viribusque

2197 4842 2314 4897 suis
2341 4842 2408 4898 ad
2443 4843 2854 4914 opprimendam
2894 4845 3126 4901 aliorum
3176 4846 3503 4913 libertatem,
3532 4854 3626 4901 aut
3668 4862 3761 4902 eos

2196 4933 2306 4989 ullo
2338 4935 2417 4989 rei
2452 4950 2651 5006 genere
2692 4937 3007 5008 spoliandas
3062 4952 3340 5007 nunquam
3374 4937 3704 4993 abutendum
3744 4957 3756 4992 :

2192 5024 2287 5080 sed
2319 5027 2502 5096 potius
2542 5042 2757 5082 summa
2789 5044 2912 5083 eum
2951 5029 3204 5098 aequitate
3252 5029 3416 5083 vitam
3465 5028 3759 5084 instituen-

2261 5205 2383 5280 (65:),
2412 5209 2952 5280 Κατακλεισθῆναι.
2999 5210 3242 5266 Aristeas
3284 5218 3534 5279 uterque,
3590 5227 3757 5264 κατα-

2189 5276 2503 5348 κλασθῆναι,
2531 5280 2745 5335 melius.

2261 5346 2391 5433 (66)
2410 5349 2764 5433 Ἀπέρεισικ
2791 5348 2882 5431 Sic
2908 5347 3071 5433 Arist.
3100 5358 3347 5433 uterque,
3370 5349 3513 5433 quod
3549 5360 3756 5433 rectum

2186 5419 2737 5498 est;_quod.autem
2798 5421 2949 5489 prius
3013 5418 3318 5487 legebatur,
3375 5418 3519 5490 ειπερ
3576 5421 3756 5487 εἰσίν,

2186 5489 2411 5541 omnino
2451 5489 2728 5542 vitiosum.

2242 5555 2369 5636 .(67)
2410 5554 2493 5621 Τῷ
2525 5556 2825 5626 σημειοῦ.,
2848 5567 2952 5612 etc.
2982 5555 3147 5612 Iidem
3176 5557 3363 5625 Arist.,
3384 5559 3445 5612 τδ
3475 5575 3631 5630 σημ.,
3668 5576 3759 5616 τοι

2184 5634 2346 5678 ctius.

2257 5694 2366 5765 (68)
2388 5694 2562 5771 ,Πρός
2585 5695 3077 5771 ἆῤῥεναςηΑιζίςιη
3104 5699 3231 5771 robe
3257 5696 3382 5770 ἄρῤ.
3412 5697 3573 5755 Forte
3603 5699 3737 5771 ἆῤῥε

2185 5780 2279 5826 νας
2310 5764 2442 5834 πρὸς
2466 5764 2716 5836 ἄρρενας,
2749 5772 2827 5824 vel
2861 5767 3083 5838 άρρεσιν
3114 5764 3368 5839 ἄρρενας.
