  <div class='ocr_page' id='page_1' title='image "/cluster/home/n/w/nwhite01/storage/ocr_20150623/21:no.3/coo.31924054873017/333.png"; bbox 0 0 4166 6434; ppageno 0'>
   <div class='ocr_carea' id='block_1_1' title="bbox 549 393 654 450">
    <p class='ocr_par' dir='ltr' id='par_1_1' title="bbox 549 393 654 450">
     <span class='ocr_line' id='line_1_1' title="bbox 549 393 654 450; baseline 0.048 -4"><span class='ocrx_word' id='word_1_1' title='bbox 549 393 654 450; x_wconf 75' lang='lat'><strong>635</strong></span> 
     </span>
    </p>
   </div>
   <div class='ocr_carea' id='block_1_2' title="bbox 1176 387 2101 448">
    <p class='ocr_par' dir='ltr' id='par_1_2' title="bbox 1176 387 2101 446">
     <span class='ocr_line' id='line_1_2' title="bbox 1176 387 2101 446; baseline -0.001 0"><span class='ocrx_word' id='word_1_2' title='bbox 1176 390 1266 446; x_wconf 74' lang='grc' dir='ltr'><strong>ΕΙ]</strong></span> <span class='ocrx_word' id='word_1_3' title='bbox 1278 387 1451 445; x_wconf 80' lang='lat' dir='ltr'><strong>SEBII</strong></span> <span class='ocrx_word' id='word_1_4' title='bbox 1489 387 1973 445; x_wconf 59' lang='lat' dir='ltr'><strong>CIESARIENSlS</strong></span> <span class='ocrx_word' id='word_1_5' title='bbox 2009 388 2101 444; x_wconf 80' lang='grc' dir='ltr'><strong>ΟΡ</strong></span> 
     </span>
    </p>
   </div>
   <div class='ocr_carea' id='block_1_3' title="bbox 2203 387 3140 448">
    <p class='ocr_par' dir='ltr' id='par_1_3' title="bbox 2203 389 3140 448">
     <span class='ocr_line' id='line_1_3' title="bbox 2203 389 3140 448; baseline 0 -2"><span class='ocrx_word' id='word_1_6' title='bbox 2203 390 2386 446; x_wconf 70' lang='lat' dir='ltr'><strong>PARS</strong></span> <span class='ocrx_word' id='word_1_7' title='bbox 2423 389 2489 446; x_wconf 81' lang='grc' dir='ltr'>η.</span> <span class='ocrx_word' id='word_1_8' title='bbox 2530 422 2601 432; x_wconf 90' lang='grc'><strong>--</strong></span> <span class='ocrx_word' id='word_1_9' title='bbox 2637 390 3140 448; x_wconf 68' lang='grc' dir='ltr'>ΑΡθιοαΕτιςΑ.</span> 
     </span>
    </p>
   </div>
   <div class='ocr_carea' id='block_1_4' title="bbox 3710 397 3818 454">
    <p class='ocr_par' dir='ltr' id='par_1_4' title="bbox 3710 397 3818 454">
     <span class='ocr_line' id='line_1_4' title="bbox 3710 397 3818 454; baseline 0.019 -2"><span class='ocrx_word' id='word_1_10' title='bbox 3710 397 3818 454; x_wconf 75' lang='lat'><strong>650</strong></span> 
     </span>
    </p>
   </div>
   <div class='ocr_carea' id='block_1_5' title="bbox 547 505 2101 585">
    <p class='ocr_par' dir='ltr' id='par_1_5' title="bbox 547 505 2101 576">
     <span class='ocr_line' id='line_1_5' title="bbox 547 505 2101 576; baseline -0.003 -9"><span class='ocrx_word' id='word_1_11' title='bbox 547 514 778 567; x_wconf 85' lang='lat' dir='ltr'><strong>aliorum</strong></span> <span class='ocrx_word' id='word_1_12' title='bbox 821 509 1074 576; x_wconf 76' lang='lat' dir='ltr'><strong>iniuriam</strong></span> <span class='ocrx_word' id='word_1_13' title='bbox 1132 509 1281 564; x_wconf 93' lang='lat' dir='ltr'><strong>abuti</strong></span> <span class='ocrx_word' id='word_1_14' title='bbox 1316 515 1479 562; x_wconf 85' lang='lat' dir='ltr'><strong>vetat.</strong></span> <span class='ocrx_word' id='word_1_15' title='bbox 1515 506 1671 573; x_wconf 83' lang='lat' dir='ltr'><strong>Quod</strong></span> <span class='ocrx_word' id='word_1_16' title='bbox 1706 505 1846 561; x_wconf 89' lang='lat' dir='ltr'><strong>idem</strong></span> <span class='ocrx_word' id='word_1_17' title='bbox 1876 505 2101 562; x_wconf 86' lang='lat' dir='ltr'><strong>similite</strong></span> 
     </span>
    </p>
   </div>
   <div class='ocr_carea' id='block_1_6' title="bbox 2203 505 3813 585">
    <p class='ocr_par' dir='ltr' id='par_1_6' title="bbox 2203 506 3813 585">
     <span class='ocr_line' id='line_1_6' title="bbox 2203 506 3813 585; baseline 0.006 -26"><span class='ocrx_word' id='word_1_18' title='bbox 2203 561 2206 567; x_wconf 73' lang='grc'><strong>,</strong></span> <span class='ocrx_word' id='word_1_19' title='bbox 2233 506 2329 561; x_wconf 80' lang='grc' dir='ltr'>τοῦ</span> <span class='ocrx_word' id='word_1_20' title='bbox 2358 507 2548 578; x_wconf 83' lang='grc' dir='ltr'>νόμου,</span> <span class='ocrx_word' id='word_1_21' title='bbox 2580 507 2647 576; x_wconf 73' lang='grc' dir='ltr'><strong>ἢν</strong></span> <span class='ocrx_word' id='word_1_22' title='bbox 2673 508 2953 579; x_wconf 81' lang='grc' dir='ltr'>προῆγμαι</span> <span class='ocrx_word' id='word_1_23' title='bbox 2983 508 3313 579; x_wconf 72' lang='grc' dir='ltr'><strong>διασαφῆσαι</strong></span> <span class='ocrx_word' id='word_1_24' title='bbox 3343 525 3445 572; x_wconf 78' lang='grc' dir='ltr'>σοι,</span> <span class='ocrx_word' id='word_1_25' title='bbox 3467 510 3813 585; x_wconf 64' lang='grc' dir='ltr'>Φιλόκρατες,</span> 
     </span>
    </p>
   </div>
   <div class='ocr_carea' id='block_1_7' title="bbox 546 596 2124 673">
    <p class='ocr_par' dir='ltr' id='par_1_7' title="bbox 546 596 2124 673">
     <span class='ocr_line' id='line_1_7' title="bbox 546 596 2124 673; baseline -0.004 -15"><span class='ocrx_word' id='word_1_26' title='bbox 546 602 602 659; x_wconf 90' lang='lat' dir='ltr'><strong>iu</strong></span> <span class='ocrx_word' id='word_1_27' title='bbox 659 602 1060 673; x_wconf 82' lang='lat' dir='ltr'><strong>prohibitarum</strong></span> <span class='ocrx_word' id='word_1_28' title='bbox 1095 599 1459 653; x_wconf 86' lang='lat' dir='ltr'><strong>animantium</strong></span> <span class='ocrx_word' id='word_1_29' title='bbox 1502 604 1697 651; x_wconf 89' lang='lat' dir='ltr'><strong>natura</strong></span> <span class='ocrx_word' id='word_1_30' title='bbox 1731 605 1786 650; x_wconf 89' lang='lat' dir='ltr'><strong>et</strong></span> <span class='ocrx_word' id='word_1_31' title='bbox 1810 596 2124 651; x_wconf 90' lang='lat' dir='ltr'><strong>conditione</strong></span> 
     </span>
    </p>
   </div>
   <div class='ocr_carea' id='block_1_8' title="bbox 544 691 2131 765">
    <p class='ocr_par' dir='ltr' id='par_1_8' title="bbox 544 691 2131 765">
     <span class='ocr_line' id='line_1_8' title="bbox 544 691 2131 765; baseline -0.003 -16"><span class='ocrx_word' id='word_1_32' title='bbox 544 696 807 765; x_wconf 80' lang='lat' dir='ltr'><strong>reperias.</strong></span> <span class='ocrx_word' id='word_1_33' title='bbox 834 693 1192 748; x_wconf 80' lang='lat' dir='ltr'><strong>Mustelarum</strong></span> <span class='ocrx_word' id='word_1_34' title='bbox 1227 692 1372 746; x_wconf 91' lang='lat' dir='ltr'><strong>enim</strong></span> <span class='ocrx_word' id='word_1_35' title='bbox 1397 699 1453 746; x_wconf 90' lang='lat' dir='ltr'><strong>et</strong></span> <span class='ocrx_word' id='word_1_36' title='bbox 1486 691 1753 754; x_wconf 88' lang='lat' dir='ltr'><strong>murium,</strong></span> <span class='ocrx_word' id='word_1_37' title='bbox 1794 704 1859 745; x_wconf 90' lang='lat' dir='ltr'><strong>ac</strong></span> <span class='ocrx_word' id='word_1_38' title='bbox 1901 698 2131 744; x_wconf 64' lang='lat' dir='ltr'><strong>caatera—</strong></span> 
     </span>
    </p>
   </div>
   <div class='ocr_carea' id='block_1_9' title="bbox 542 779 2123 853">
    <p class='ocr_par' dir='ltr' id='par_1_9' title="bbox 542 779 2123 853">
     <span class='ocr_line' id='line_1_9' title="bbox 542 779 2123 853; baseline -0.003 -14"><span class='ocrx_word' id='word_1_39' title='bbox 542 800 664 839; x_wconf 86' lang='lat' dir='ltr'><strong>rum</strong></span> <span class='ocrx_word' id='word_1_40' title='bbox 698 784 749 838; x_wconf 90' lang='lat' dir='ltr'><strong>id</strong></span> <span class='ocrx_word' id='word_1_41' title='bbox 768 800 961 853; x_wconf 80' lang='lat' dir='ltr'><strong>genus,</strong></span> <span class='ocrx_word' id='word_1_42' title='bbox 992 783 1194 851; x_wconf 91' lang='lat' dir='ltr'><strong>qui-bus</strong></span> <span class='ocrx_word' id='word_1_43' title='bbox 1223 780 1367 836; x_wconf 86' lang='lat' dir='ltr'><strong>haud</strong></span> <span class='ocrx_word' id='word_1_44' title='bbox 1393 780 1538 836; x_wconf 82' lang='lat' dir='ltr'><strong>vesci</strong></span> <span class='ocrx_word' id='word_1_45' title='bbox 1564 779 1646 835; x_wconf 81' lang='lat' dir='ltr'><strong>fas</strong></span> <span class='ocrx_word' id='word_1_46' title='bbox 1674 789 1777 844; x_wconf 90' lang='lat' dir='ltr'><strong>est,</strong></span> <span class='ocrx_word' id='word_1_47' title='bbox 1814 779 2123 834; x_wconf 77' lang='lat' dir='ltr'><strong>maleficum</strong></span> 
     </span>
    </p>
   </div>
   <div class='ocr_carea' id='block_1_10' title="bbox 542 868 2125 947">
    <p class='ocr_par' dir='ltr' id='par_1_10' title="bbox 542 868 2125 947">
     <span class='ocr_line' id='line_1_10' title="bbox 542 868 2125 947; baseline -0.001 -20"><span class='ocrx_word' id='word_1_48' title='bbox 542 886 639 947; x_wconf 74' lang='lat' dir='ltr'><strong>per</strong></span> <span class='ocrx_word' id='word_1_49' title='bbox 669 890 790 932; x_wconf 87' lang='lat' dir='ltr'><strong>sese</strong></span> <span class='ocrx_word' id='word_1_50' title='bbox 843 875 1119 944; x_wconf 88' lang='lat' dir='ltr'><strong>ingenium</strong></span> <span class='ocrx_word' id='word_1_51' title='bbox 1152 884 1257 930; x_wconf 90' lang='lat' dir='ltr'><strong>est.</strong></span> <span class='ocrx_word' id='word_1_52' title='bbox 1288 872 1424 929; x_wconf 84' lang='lat' dir='ltr'><strong>Nam</strong></span> <span class='ocrx_word' id='word_1_53' title='bbox 1463 888 1648 928; x_wconf 90' lang='lat' dir='ltr'><strong>mures</strong></span> <span class='ocrx_word' id='word_1_54' title='bbox 1701 868 1946 942; x_wconf 75' lang='lat' dir='ltr'><strong>quidem,</strong></span> <span class='ocrx_word' id='word_1_55' title='bbox 1996 887 2125 926; x_wconf 89' lang='lat' dir='ltr'><strong>cum</strong></span> 
     </span>
    </p>
   </div>
   <div class='ocr_carea' id='block_1_11' title="bbox 537 963 2123 1037">
    <p class='ocr_par' dir='ltr' id='par_1_11' title="bbox 537 963 2123 1037">
     <span class='ocr_line' id='line_1_11' title="bbox 537 963 2123 1037; baseline -0.003 -16"><span class='ocrx_word' id='word_1_56' title='bbox 537 966 633 1021; x_wconf 88' lang='lat' dir='ltr'><strong>nih</strong></span> <span class='ocrx_word' id='word_1_57' title='bbox 659 966 674 1020; x_wconf 89' lang='lat' dir='ltr'><strong>l</strong></span> <span class='ocrx_word' id='word_1_58' title='bbox 706 981 817 1021; x_wconf 82' lang='lat' dir='ltr'><strong>non</strong></span> <span class='ocrx_word' id='word_1_59' title='bbox 848 965 1094 1021; x_wconf 91' lang='lat' dir='ltr'><strong>alimenti</strong></span> <span class='ocrx_word' id='word_1_60' title='bbox 1145 966 1401 1037; x_wconf 77' lang='lat' dir='ltr'><strong>captandi</strong></span> <span class='ocrx_word' id='word_1_61' title='bbox 1448 980 1615 1021; x_wconf 86' lang='lat' dir='ltr'><strong>causa</strong></span> <span class='ocrx_word' id='word_1_62' title='bbox 1646 964 1892 1018; x_wconf 87' lang='lat' dir='ltr'><strong>iniiciant</strong></span> <span class='ocrx_word' id='word_1_63' title='bbox 1920 977 1985 1020; x_wconf 79' lang='lat' dir='ltr'><strong>ac</strong></span> <span class='ocrx_word' id='word_1_64' title='bbox 2026 963 2123 1018; x_wconf 85' lang='lat' dir='ltr'><strong>de-</strong></span> 
     </span>
    </p>
   </div>
   <div class='ocr_carea' id='block_1_12' title="bbox 539 1057 2117 1127">
    <p class='ocr_par' dir='ltr' id='par_1_12' title="bbox 539 1057 2117 1127">
     <span class='ocr_line' id='line_1_12' title="bbox 539 1057 2117 1127; baseline 0 -16"><span class='ocrx_word' id='word_1_65' title='bbox 539 1064 736 1122; x_wconf 86' lang='lat' dir='ltr'><strong>terant.</strong></span> <span class='ocrx_word' id='word_1_66' title='bbox 772 1070 886 1112; x_wconf 87' lang='lat' dir='ltr'><strong>tum</strong></span> <span class='ocrx_word' id='word_1_67' title='bbox 912 1058 1075 1113; x_wconf 84' lang='lat' dir='ltr'><strong>etiam</strong></span> <span class='ocrx_word' id='word_1_68' title='bbox 1112 1058 1322 1112; x_wconf 86' lang='lat' dir='ltr'><strong>homini</strong></span> <span class='ocrx_word' id='word_1_69' title='bbox 1356 1057 1614 1127; x_wconf 84' lang='lat' dir='ltr'><strong>deinceps</strong></span> <span class='ocrx_word' id='word_1_70' title='bbox 1636 1057 1830 1111; x_wconf 90' lang='lat' dir='ltr'><strong>inutile</strong></span> <span class='ocrx_word' id='word_1_71' title='bbox 1865 1071 2117 1125; x_wconf 75' lang='lat' dir='ltr'><strong>prorsus,</strong></span> 
     </span>
    </p>
   </div>
   <div class='ocr_carea' id='block_1_13' title="bbox 535 1143 2120 1217">
    <p class='ocr_par' dir='ltr' id='par_1_13' title="bbox 535 1143 2120 1217">
     <span class='ocr_line' id='line_1_13' title="bbox 535 1143 2120 1217; baseline -0.002 -16"><span class='ocrx_word' id='word_1_72' title='bbox 535 1146 807 1217; x_wconf 84' lang='lat' dir='ltr'><strong>quidquid</strong></span> <span class='ocrx_word' id='word_1_73' title='bbox 835 1147 1059 1202; x_wconf 80' lang='lat' dir='ltr'><strong>demum</strong></span> <span class='ocrx_word' id='word_1_74' title='bbox 1105 1147 1427 1212; x_wconf 89' lang='lat' dir='ltr'><strong>arroscrint,</strong></span> <span class='ocrx_word' id='word_1_75' title='bbox 1455 1145 1714 1201; x_wconf 76' lang='lat' dir='ltr'><strong>cilicium.</strong></span> <span class='ocrx_word' id='word_1_76' title='bbox 1764 1143 2120 1199; x_wconf 79' lang='lat' dir='ltr'><strong>Mustelarum</strong></span> 
     </span>
    </p>
   </div>
   <div class='ocr_carea' id='block_1_14' title="bbox 532 1239 2115 1311">
    <p class='ocr_par' dir='ltr' id='par_1_14' title="bbox 532 1239 2115 1311">
     <span class='ocr_line' id='line_1_14' title="bbox 532 1239 2115 1311; baseline -0.001 -18"><span class='ocrx_word' id='word_1_77' title='bbox 532 1253 665 1295; x_wconf 84' lang='lat' dir='ltr'><strong>vero</strong></span> <span class='ocrx_word' id='word_1_78' title='bbox 711 1239 991 1311; x_wconf 79' lang='lat' dir='ltr'><strong>singulare</strong></span> <span class='ocrx_word' id='word_1_79' title='bbox 1033 1240 1308 1311; x_wconf 87' lang='lat' dir='ltr'><strong>quoddam</strong></span> <span class='ocrx_word' id='word_1_80' title='bbox 1371 1254 1436 1294; x_wconf 88' lang='lat' dir='ltr'><strong>ac</strong></span> <span class='ocrx_word' id='word_1_81' title='bbox 1488 1239 1770 1310; x_wconf 87' lang='lat' dir='ltr'><strong>proprium</strong></span> <span class='ocrx_word' id='word_1_82' title='bbox 1808 1254 1981 1309; x_wconf 88' lang='lat' dir='ltr'><strong>genus</strong></span> <span class='ocrx_word' id='word_1_83' title='bbox 2012 1244 2115 1293; x_wconf 87' lang='lat' dir='ltr'><strong>est.</strong></span> 
     </span>
    </p>
   </div>
   <div class='ocr_carea' id='block_1_15' title="bbox 532 1330 2115 1404">
    <p class='ocr_par' dir='ltr' id='par_1_15' title="bbox 532 1330 2115 1404">
     <span class='ocr_line' id='line_1_15' title="bbox 532 1330 2115 1404; baseline -0.001 -18"><span class='ocrx_word' id='word_1_84' title='bbox 532 1330 669 1386; x_wconf 76' lang='lat' dir='ltr'><strong>Nam</strong></span> <span class='ocrx_word' id='word_1_85' title='bbox 696 1343 897 1403; x_wconf 71' lang='lat' dir='ltr'><strong>praeter</strong></span> <span class='ocrx_word' id='word_1_86' title='bbox 923 1331 999 1400; x_wconf 88' lang='lat' dir='ltr'><strong>id,</strong></span> <span class='ocrx_word' id='word_1_87' title='bbox 1030 1333 1174 1404; x_wconf 90' lang='lat' dir='ltr'><strong>quod</strong></span> <span class='ocrx_word' id='word_1_88' title='bbox 1206 1332 1371 1403; x_wconf 85' lang='lat' dir='ltr'><strong>paulo</strong></span> <span class='ocrx_word' id='word_1_89' title='bbox 1390 1340 1516 1386; x_wconf 90' lang='lat' dir='ltr'><strong>ante</strong></span> <span class='ocrx_word' id='word_1_90' title='bbox 1537 1331 1801 1395; x_wconf 78' lang='lat' dir='ltr'><strong>diximus,</strong></span> <span class='ocrx_word' id='word_1_91' title='bbox 1837 1330 2115 1385; x_wconf 83' lang='lat' dir='ltr'><strong>exitialem</strong></span> 
     </span>
    </p>
   </div>
   <div class='ocr_carea' id='block_1_16' title="bbox 531 1423 2121 1489">
    <p class='ocr_par' dir='ltr' id='par_1_16' title="bbox 531 1423 2121 1489">
     <span class='ocr_line' id='line_1_16' title="bbox 531 1423 2121 1489; baseline 0 -11"><span class='ocrx_word' id='word_1_92' title='bbox 531 1423 735 1478; x_wconf 83' lang='lat' dir='ltr'><strong>habent</strong></span> <span class='ocrx_word' id='word_1_93' title='bbox 787 1425 983 1479; x_wconf 69' lang='lat' dir='ltr'><strong>nativa!</strong></span> <span class='ocrx_word' id='word_1_94' title='bbox 1009 1423 1424 1480; x_wconf 89' lang='lat' dir='ltr'><strong>constitutionis</strong></span> <span class='ocrx_word' id='word_1_95' title='bbox 1466 1423 1763 1489; x_wconf 80' lang='lat' dir='ltr'><strong>rationem,</strong></span> <span class='ocrx_word' id='word_1_96' title='bbox 1791 1438 1915 1477; x_wconf 89' lang='lat' dir='ltr'><strong>cum</strong></span> <span class='ocrx_word' id='word_1_97' title='bbox 1954 1430 2009 1476; x_wconf 91' lang='lat' dir='ltr'><strong>et</strong></span> <span class='ocrx_word' id='word_1_98' title='bbox 2034 1438 2121 1478; x_wconf 85' lang='lat' dir='ltr'><strong>se-</strong></span> 
     </span>
    </p>
   </div>
   <div class='ocr_carea' id='block_1_17' title="bbox 528 1513 2107 1586">
    <p class='ocr_par' dir='ltr' id='par_1_17' title="bbox 528 1513 2107 1586">
     <span class='ocr_line' id='line_1_17' title="bbox 528 1513 2107 1586; baseline -0.004 -15"><span class='ocrx_word' id='word_1_99' title='bbox 528 1533 651 1571; x_wconf 90' lang='lat' dir='ltr'><strong>men</strong></span> <span class='ocrx_word' id='word_1_100' title='bbox 696 1518 927 1573; x_wconf 88' lang='lat' dir='ltr'><strong>auribus</strong></span> <span class='ocrx_word' id='word_1_101' title='bbox 982 1517 1316 1586; x_wconf 85' lang='lat' dir='ltr'><strong>suscipiant,</strong></span> <span class='ocrx_word' id='word_1_102' title='bbox 1373 1525 1427 1570; x_wconf 91' lang='lat' dir='ltr'><strong>et</strong></span> <span class='ocrx_word' id='word_1_103' title='bbox 1476 1530 1571 1569; x_wconf 90' lang='lat' dir='ltr'><strong>ore</strong></span> <span class='ocrx_word' id='word_1_104' title='bbox 1609 1513 1821 1570; x_wconf 88' lang='lat' dir='ltr'><strong>catulos</strong></span> <span class='ocrx_word' id='word_1_105' title='bbox 1871 1514 2107 1583; x_wconf 87' lang='lat' dir='ltr'><strong>pariant.</strong></span> 
     </span>
    </p>
   </div>
   <div class='ocr_carea' id='block_1_18' title="bbox 2231 595 3815 674">
    <p class='ocr_par' dir='ltr' id='par_1_18' title="bbox 2231 595 3815 674">
     <span class='ocr_line' id='line_1_18' title="bbox 2231 595 3815 674; baseline 0.006 -26"><span class='ocrx_word' id='word_1_106' title='bbox 2231 595 2297 648; x_wconf 88' lang='grc' dir='ltr'>δι’</span> <span class='ocrx_word' id='word_1_107' title='bbox 2323 596 2389 665; x_wconf 70' lang='grc' dir='ltr'><strong>ἢν</strong></span> <span class='ocrx_word' id='word_1_108' title='bbox 2412 595 2555 666; x_wconf 74' lang='grc' dir='ltr'>ἔχεις</span> <span class='ocrx_word' id='word_1_109' title='bbox 2571 596 2942 668; x_wconf 80' lang='grc' dir='ltr'><strong>φιλομάθειαν.</strong></span> <span class='ocrx_word' id='word_1_110' title='bbox 2969 616 2988 649; x_wconf 73' lang='grc' dir='ltr'><strong>ι</strong></span> <span class='ocrx_word' id='word_1_111' title='bbox 3018 597 3205 651; x_wconf 79' lang='grc' dir='ltr'>Ταῦτα</span> <span class='ocrx_word' id='word_1_112' title='bbox 3223 597 3321 669; x_wconf 86' lang='grc' dir='ltr'>μὲν</span> <span class='ocrx_word' id='word_1_113' title='bbox 3345 601 3372 652; x_wconf 88' lang='grc' dir='ltr'><strong>ό</strong></span> <span class='ocrx_word' id='word_1_114' title='bbox 3393 599 3682 674; x_wconf 78' lang='grc' dir='ltr'>ἀρχιερεὺς</span> <span class='ocrx_word' id='word_1_115' title='bbox 3701 606 3815 669; x_wconf 79' lang='grc' dir='ltr'>τοῖς</span> 
     </span>
    </p>
   </div>
   <div class='ocr_carea' id='block_1_19' title="bbox 2231 685 3815 765">
    <p class='ocr_par' dir='ltr' id='par_1_19' title="bbox 2231 685 3815 765">
     <span class='ocr_line' id='line_1_19' title="bbox 2231 685 3815 765; baseline 0.006 -27"><span class='ocrx_word' id='word_1_116' title='bbox 2231 685 2457 755; x_wconf 67' lang='grc' dir='ltr'>ἥκουσιν</span> <span class='ocrx_word' id='word_1_117' title='bbox 2484 686 2559 749; x_wconf 85' lang='grc' dir='ltr'><strong>ὡς</strong></span> <span class='ocrx_word' id='word_1_118' title='bbox 2588 686 2749 739; x_wconf 75' lang='grc' dir='ltr'>αὑτὸν</span> <span class='ocrx_word' id='word_1_119' title='bbox 2764 685 2984 757; x_wconf 77' lang='grc' dir='ltr'>Ἕλλησι</span> <span class='ocrx_word' id='word_1_120' title='bbox 3012 688 3139 759; x_wconf 69' lang='grc' dir='ltr'>περὶ</span> <span class='ocrx_word' id='word_1_121' title='bbox 3154 688 3253 758; x_wconf 77' lang='grc' dir='ltr'>τῆς</span> <span class='ocrx_word' id='word_1_122' title='bbox 3264 688 3562 761; x_wconf 78' lang='grc' dir='ltr'>ἀλληγορου</span> <span class='ocrx_word' id='word_1_123' title='bbox 3570 692 3737 765; x_wconf 81' lang='grc' dir='ltr'>μένης</span> <span class='ocrx_word' id='word_1_124' title='bbox 3757 695 3815 748; x_wconf 76' lang='grc' dir='ltr'>ἐν</span> 
     </span>
    </p>
   </div>
   <div class='ocr_carea' id='block_1_20' title="bbox 2231 776 3814 854">
    <p class='ocr_par' dir='ltr' id='par_1_20' title="bbox 2231 776 3814 854">
     <span class='ocr_line' id='line_1_20' title="bbox 2231 776 3814 854; baseline 0.008 -26"><span class='ocrx_word' id='word_1_125' title='bbox 2231 779 2344 839; x_wconf 83' lang='grc' dir='ltr'>τοῖς</span> <span class='ocrx_word' id='word_1_126' title='bbox 2370 778 2536 848; x_wconf 86' lang='grc' dir='ltr'>ίεροῖς</span> <span class='ocrx_word' id='word_1_127' title='bbox 2565 776 2750 848; x_wconf 87' lang='grc' dir='ltr'>νόμοις</span> <span class='ocrx_word' id='word_1_128' title='bbox 2780 778 2921 842; x_wconf 71' lang='grc' dir='ltr'>ἰδέας</span> <span class='ocrx_word' id='word_1_129' title='bbox 2943 778 3288 845; x_wconf 77' lang='grc' dir='ltr'><strong>διεστείλατο,</strong></span> <span class='ocrx_word' id='word_1_130' title='bbox 3308 781 3423 846; x_wconf 83' lang='grc' dir='ltr'><strong>πῶς</strong></span> <span class='ocrx_word' id='word_1_131' title='bbox 3447 781 3513 835; x_wconf 85' lang='grc' dir='ltr'>ἂν</span> <span class='ocrx_word' id='word_1_132' title='bbox 3558 784 3814 854; x_wconf 78' lang='grc' dir='ltr'>μέλλουσι</span> 
     </span>
    </p>
   </div>
   <div class='ocr_carea' id='block_1_21' title="bbox 2229 866 3813 946">
    <p class='ocr_par' dir='ltr' id='par_1_21' title="bbox 2229 866 3813 946">
     <span class='ocr_line' id='line_1_21' title="bbox 2229 866 3813 946; baseline 0.005 -26"><span class='ocrx_word' id='word_1_133' title='bbox 2229 869 2351 931; x_wconf 83' lang='grc' dir='ltr'>ταῖς</span> <span class='ocrx_word' id='word_1_134' title='bbox 2413 866 2869 940; x_wconf 80' lang='grc' dir='ltr'>ὲκδοθησομέναις</span> <span class='ocrx_word' id='word_1_135' title='bbox 2947 869 3361 941; x_wconf 83' lang='grc' dir='ltr'>περιτεύξεσθαι</span> <span class='ocrx_word' id='word_1_136' title='bbox 3422 872 3532 926; x_wconf 84' lang='grc' dir='ltr'><strong>τῶν</strong></span> <span class='ocrx_word' id='word_1_137' title='bbox 3579 874 3813 946; x_wconf 72' lang='grc' dir='ltr'>Γραφῶν</span> 
     </span>
    </p>
   </div>
   <div class='ocr_carea' id='block_1_22' title="bbox 2230 961 3814 1040">
    <p class='ocr_par' dir='ltr' id='par_1_22' title="bbox 2230 961 3814 1040">
     <span class='ocr_line' id='line_1_22' title="bbox 2230 961 3814 1040; baseline 0.005 -26"><span class='ocrx_word' id='word_1_138' title='bbox 2230 961 2579 1034; x_wconf 66' lang='grc' dir='ltr'><strong>ἑρμηνείαις⁸</strong></span> <span class='ocrx_word' id='word_1_139' title='bbox 2623 963 2652 1015; x_wconf 88' lang='grc' dir='ltr'><strong>ό</strong></span> <span class='ocrx_word' id='word_1_140' title='bbox 2689 961 2745 1015; x_wconf 74' lang='grc' dir='ltr'>δὲ</span> <span class='ocrx_word' id='word_1_141' title='bbox 2798 961 3225 1035; x_wconf 77' lang='grc' dir='ltr'>Ἀριστόϐουλος,</span> <span class='ocrx_word' id='word_1_142' title='bbox 3256 964 3351 1017; x_wconf 78' lang='grc' dir='ltr'>καὶ</span> <span class='ocrx_word' id='word_1_143' title='bbox 3389 964 3490 1036; x_wconf 83' lang='grc' dir='ltr'>τῆς</span> <span class='ocrx_word' id='word_1_144' title='bbox 3515 967 3636 1020; x_wconf 83' lang='grc' dir='ltr'>κατ’</span> <span class='ocrx_word' id='word_1_145' title='bbox 3674 967 3814 1040; x_wconf 75' lang='grc' dir='ltr'><strong>Ἀρι-</strong></span> 
     </span>
    </p>
   </div>
   <div class='ocr_carea' id='block_1_23' title="bbox 2229 1053 3809 1130">
    <p class='ocr_par' dir='ltr' id='par_1_23' title="bbox 2229 1053 3809 1130">
     <span class='ocr_line' id='line_1_23' title="bbox 2229 1053 3809 1130; baseline 0.003 -24"><span class='ocrx_word' id='word_1_146' title='bbox 2229 1053 2487 1126; x_wconf 75' lang='grc' dir='ltr'>στοτέλην</span> <span class='ocrx_word' id='word_1_147' title='bbox 2533 1054 2849 1124; x_wconf 81' lang='grc' dir='ltr'>φιλοσοφίας</span> <span class='ocrx_word' id='word_1_148' title='bbox 2903 1054 3038 1127; x_wconf 75' lang='grc' dir='ltr'>πρὸς</span> <span class='ocrx_word' id='word_1_149' title='bbox 3069 1057 3136 1126; x_wconf 82' lang='grc' dir='ltr'>τῇ</span> <span class='ocrx_word' id='word_1_150' title='bbox 3189 1055 3401 1127; x_wconf 77' lang='grc' dir='ltr'>πατρίῳ</span> <span class='ocrx_word' id='word_1_151' title='bbox 3454 1058 3809 1130; x_wconf 81' lang='grc' dir='ltr'>μετειληχὼς,</span> 
     </span>
    </p>
   </div>
   <div class='ocr_carea' id='block_1_24' title="bbox 2222 1146 3812 1220">
    <p class='ocr_par' dir='ltr' id='par_1_24' title="bbox 2222 1146 3812 1220">
     <span class='ocr_line' id='line_1_24' title="bbox 2222 1146 3812 1220; baseline 0.005 -23"><span class='ocrx_word' id='word_1_152' title='bbox 2222 1147 2384 1199; x_wconf 79' lang='grc' dir='ltr'>ὁποῖα</span> <span class='ocrx_word' id='word_1_153' title='bbox 2411 1146 2541 1217; x_wconf 79' lang='grc' dir='ltr'>περὶ</span> <span class='ocrx_word' id='word_1_154' title='bbox 2570 1147 2680 1201; x_wconf 87' lang='grc' dir='ltr'><strong>τῶν</strong></span> <span class='ocrx_word' id='word_1_155' title='bbox 2697 1148 2755 1201; x_wconf 78' lang='grc' dir='ltr'><strong>ὲν</strong></span> <span class='ocrx_word' id='word_1_156' title='bbox 2786 1149 2906 1212; x_wconf 77' lang='grc' dir='ltr'>ταῖς</span> <span class='ocrx_word' id='word_1_157' title='bbox 2927 1148 3098 1219; x_wconf 80' lang='grc' dir='ltr'>ἱεραῖς</span> <span class='ocrx_word' id='word_1_158' title='bbox 3119 1146 3319 1217; x_wconf 79' lang='grc' dir='ltr'>βίϐλοις</span> <span class='ocrx_word' id='word_1_159' title='bbox 3347 1150 3662 1220; x_wconf 81' lang='grc' dir='ltr'>φερομένων</span> <span class='ocrx_word' id='word_1_160' title='bbox 3681 1191 3696 1213; x_wconf 87' lang='grc'><strong>,</strong></span> <span class='ocrx_word' id='word_1_161' title='bbox 3734 1151 3812 1216; x_wconf 86' lang='grc' dir='ltr'>ὡς</span> 
     </span>
    </p>
   </div>
   <div class='ocr_carea' id='block_1_25' title="bbox 2222 1235 3810 1315">
    <p class='ocr_par' dir='ltr' id='par_1_25' title="bbox 2222 1235 3810 1315">
     <span class='ocr_line' id='line_1_25' title="bbox 2222 1235 3810 1315; baseline 0.005 -26"><span class='ocrx_word' id='word_1_162' title='bbox 2222 1237 2354 1309; x_wconf 73' lang='grc' dir='ltr'>περὶ</span> <span class='ocrx_word' id='word_1_163' title='bbox 2376 1237 2512 1291; x_wconf 81' lang='grc' dir='ltr'>Θεοῦ</span> <span class='ocrx_word' id='word_1_164' title='bbox 2550 1238 2729 1310; x_wconf 85' lang='grc' dir='ltr'>μελῶν</span> <span class='ocrx_word' id='word_1_165' title='bbox 2759 1239 2996 1311; x_wconf 78' lang='grc' dir='ltr'><strong>διῆλθεν,</strong></span> <span class='ocrx_word' id='word_1_166' title='bbox 3029 1240 3329 1295; x_wconf 77' lang='grc' dir='ltr'>ἐπακοῦσαι</span> <span class='ocrx_word' id='word_1_167' title='bbox 3377 1241 3586 1315; x_wconf 83' lang='grc' dir='ltr'>καιρός.</span> <span class='ocrx_word' id='word_1_168' title='bbox 3640 1235 3810 1308; x_wconf 75' lang='grc' dir='ltr'>Οὗτος</span> 
     </span>
    </p>
   </div>
   <div class='ocr_carea' id='block_1_26' title="bbox 2220 1323 3807 1404">
    <p class='ocr_par' dir='ltr' id='par_1_26' title="bbox 2220 1323 3807 1404">
     <span class='ocr_line' id='line_1_26' title="bbox 2220 1323 3807 1404; baseline 0.005 -23"><span class='ocrx_word' id='word_1_169' title='bbox 2220 1327 2264 1381; x_wconf 86' lang='grc' dir='ltr'>δ’</span> <span class='ocrx_word' id='word_1_170' title='bbox 2291 1329 2451 1393; x_wconf 83' lang='grc' dir='ltr'>αὐτὸς</span> <span class='ocrx_word' id='word_1_171' title='bbox 2482 1331 2710 1395; x_wconf 74' lang='grc' dir='ltr'>ἐκεῖνος,</span> <span class='ocrx_word' id='word_1_172' title='bbox 2739 1323 2801 1385; x_wconf 73' lang='grc' dir='ltr'>οὗ</span> <span class='ocrx_word' id='word_1_173' title='bbox 2828 1332 2921 1385; x_wconf 77' lang='grc' dir='ltr'>καὶ</span> <span class='ocrx_word' id='word_1_174' title='bbox 2953 1332 2988 1403; x_wconf 76' lang='grc' dir='ltr'><strong>ἡ</strong></span> <span class='ocrx_word' id='word_1_175' title='bbox 3023 1331 3250 1404; x_wconf 81' lang='grc' dir='ltr'>δευτέρα</span> <span class='ocrx_word' id='word_1_176' title='bbox 3287 1332 3396 1386; x_wconf 87' lang='grc' dir='ltr'><strong>τῶν</strong></span> <span class='ocrx_word' id='word_1_177' title='bbox 3432 1334 3807 1389; x_wconf 83' lang='grc' dir='ltr'>Μακκαϐαίων</span> 
     </span>
    </p>
   </div>
   <div class='ocr_carea' id='block_1_27' title="bbox 2222 1417 3806 1494">
    <p class='ocr_par' dir='ltr' id='par_1_27' title="bbox 2222 1417 3806 1494">
     <span class='ocr_line' id='line_1_27' title="bbox 2222 1417 3806 1494; baseline 0.004 -21"><span class='ocrx_word' id='word_1_178' title='bbox 2222 1419 2281 1473; x_wconf 80' lang='grc' dir='ltr'><strong>ἐν</strong></span> <span class='ocrx_word' id='word_1_179' title='bbox 2312 1417 2455 1490; x_wconf 77' lang='grc' dir='ltr'><strong>ἀρχῇ</strong></span> <span class='ocrx_word' id='word_1_180' title='bbox 2482 1418 2583 1489; x_wconf 83' lang='grc' dir='ltr'>τῆς</span> <span class='ocrx_word' id='word_1_181' title='bbox 2630 1419 2814 1490; x_wconf 83' lang='grc' dir='ltr'>βίϐλου</span> <span class='ocrx_word' id='word_1_182' title='bbox 2869 1420 3216 1491; x_wconf 77' lang='grc' dir='ltr'><strong>μνημονεύει,</strong></span> <span class='ocrx_word' id='word_1_183' title='bbox 3262 1421 3320 1474; x_wconf 85' lang='grc' dir='ltr'><strong>ὲν</strong></span> <span class='ocrx_word' id='word_1_184' title='bbox 3340 1421 3420 1493; x_wconf 80' lang='grc' dir='ltr'>τῷ</span> <span class='ocrx_word' id='word_1_185' title='bbox 3444 1424 3581 1494; x_wconf 84' lang='grc' dir='ltr'>πρὸς</span> <span class='ocrx_word' id='word_1_186' title='bbox 3607 1425 3806 1479; x_wconf 79' lang='grc' dir='ltr'>Πτολε-</span> 
     </span>
    </p>
   </div>
   <div class='ocr_carea' id='block_1_28' title="bbox 2224 1509 3806 1584">
    <p class='ocr_par' dir='ltr' id='par_1_28' title="bbox 2224 1509 3806 1584">
     <span class='ocr_line' id='line_1_28' title="bbox 2224 1509 3806 1584; baseline 0.008 -22"><span class='ocrx_word' id='word_1_187' title='bbox 2224 1512 2380 1579; x_wconf 81' lang='grc' dir='ltr'>μαῖον</span> <span class='ocrx_word' id='word_1_188' title='bbox 2406 1510 2496 1563; x_wconf 81' lang='grc' dir='ltr'><strong>τὸν</strong></span> <span class='ocrx_word' id='word_1_189' title='bbox 2520 1509 2744 1580; x_wconf 78' lang='grc' dir='ltr'>βασιλέα</span> <span class='ocrx_word' id='word_1_190' title='bbox 2770 1511 3164 1584; x_wconf 79' lang='grc' dir='ltr'>συγγράμματι</span> <span class='ocrx_word' id='word_1_191' title='bbox 3179 1511 3366 1568; x_wconf 81' lang='grc' dir='ltr'>τοῦτον</span> <span class='ocrx_word' id='word_1_192' title='bbox 3389 1515 3485 1571; x_wconf 77' lang='grc' dir='ltr'><strong>καὶ</strong></span> <span class='ocrx_word' id='word_1_193' title='bbox 3510 1515 3671 1581; x_wconf 82' lang='grc' dir='ltr'>αὐτὸς</span> <span class='ocrx_word' id='word_1_194' title='bbox 3689 1516 3806 1574; x_wconf 83' lang='grc' dir='ltr'>δια-</span> 
     </span>
    </p>
   </div>
   <div class='ocr_carea' id='block_1_29' title="bbox 526 1601 2101 1674">
    <p class='ocr_par' dir='ltr' id='par_1_29' title="bbox 526 1601 2101 1673">
     <span class='ocr_line' id='line_1_29' title="bbox 526 1601 2101 1673; baseline -0.005 -11"><span class='ocrx_word' id='word_1_195' title='bbox 526 1604 649 1673; x_wconf 85' lang='lat' dir='ltr'><strong>Quo</strong></span> <span class='ocrx_word' id='word_1_196' title='bbox 687 1608 767 1673; x_wconf 86' lang='lat' dir='ltr'><strong>iit,</strong></span> <span class='ocrx_word' id='word_1_197' title='bbox 828 1616 890 1663; x_wconf 90' lang='lat' dir='ltr'><strong>ut</strong></span> <span class='ocrx_word' id='word_1_198' title='bbox 924 1607 1124 1663; x_wconf 89' lang='lat' dir='ltr'><strong>similis</strong></span> <span class='ocrx_word' id='word_1_199' title='bbox 1158 1607 1442 1661; x_wconf 90' lang='lat' dir='ltr'><strong>hominum</strong></span> <span class='ocrx_word' id='word_1_200' title='bbox 1479 1607 1628 1659; x_wconf 86' lang='lat' dir='ltr'><strong>natio</strong></span> <span class='ocrx_word' id='word_1_201' title='bbox 1660 1605 1875 1672; x_wconf 87' lang='lat' dir='ltr'><strong>impura</strong></span> <span class='ocrx_word' id='word_1_202' title='bbox 1915 1601 2101 1657; x_wconf 87' lang='lat' dir='ltr'><strong>simili-</strong></span> 
     </span>
    </p>
   </div>
   <div class='ocr_carea' id='block_1_30' title="bbox 2203 1601 2745 1674">
    <p class='ocr_par' dir='ltr' id='par_1_30' title="bbox 2218 1601 2745 1674">
     <span class='ocr_line' id='line_1_30' title="bbox 2218 1601 2745 1674; baseline 0.009 -20"><span class='ocrx_word' id='word_1_203' title='bbox 2218 1604 2379 1670; x_wconf 79' lang='grc' dir='ltr'>σαφεῖ</span> <span class='ocrx_word' id='word_1_204' title='bbox 2408 1601 2499 1655; x_wconf 78' lang='grc' dir='ltr'>τὸν</span> <span class='ocrx_word' id='word_1_205' title='bbox 2524 1602 2745 1674; x_wconf 83' lang='grc' dir='ltr'>τρόπον.</span> 
     </span>
    </p>
   </div>
   <div class='ocr_carea' id='block_1_31' title="bbox 524 1694 3819 1769">
    <p class='ocr_par' dir='ltr' id='par_1_31' title="bbox 524 1694 3819 1769">
     <span class='ocr_line' id='line_1_31' title="bbox 524 1694 3819 1769; baseline 0 -15"><span class='ocrx_word' id='word_1_206' title='bbox 524 1710 608 1755; x_wconf 89' lang='lat' dir='ltr'><strong>ter</strong></span> <span class='ocrx_word' id='word_1_207' title='bbox 633 1709 687 1755; x_wconf 90' lang='lat' dir='ltr'><strong>et</strong></span> <span class='ocrx_word' id='word_1_208' title='bbox 721 1702 978 1757; x_wconf 73' lang='lat' dir='ltr'><strong>ohscmna</strong></span> <span class='ocrx_word' id='word_1_209' title='bbox 1015 1701 1297 1756; x_wconf 88' lang='lat' dir='ltr'><strong>habeatur.</strong></span> <span class='ocrx_word' id='word_1_210' title='bbox 1339 1697 1612 1768; x_wconf 83' lang='lat' dir='ltr'><strong>Quidquid</strong></span> <span class='ocrx_word' id='word_1_211' title='bbox 1656 1696 1802 1751; x_wconf 92' lang='lat' dir='ltr'><strong>enim</strong></span> <span class='ocrx_word' id='word_1_212' title='bbox 1835 1694 2118 1750; x_wconf 88' lang='lat' dir='ltr'><strong>auditione</strong></span> <span class='ocrx_word' id='word_1_213' title='bbox 2154 1694 2483 1764; x_wconf 88' lang='lat' dir='ltr'><strong>acceperint,</strong></span> <span class='ocrx_word' id='word_1_214' title='bbox 2501 1695 2960 1754; x_wconf 88' lang='lat' dir='ltr'><strong>eidumoratione</strong></span> <span class='ocrx_word' id='word_1_215' title='bbox 2991 1712 3194 1767; x_wconf 90' lang='lat' dir='ltr'><strong>corpus</strong></span> <span class='ocrx_word' id='word_1_216' title='bbox 3220 1706 3276 1754; x_wconf 91' lang='lat' dir='ltr'><strong>et</strong></span> <span class='ocrx_word' id='word_1_217' title='bbox 3316 1698 3487 1754; x_wconf 88' lang='lat' dir='ltr'><strong>robur</strong></span> <span class='ocrx_word' id='word_1_218' title='bbox 3545 1700 3819 1769; x_wconf 54' lang='lat' dir='ltr'><strong>induunt,</strong></span> 
     </span>
    </p>
   </div>
   <div class='ocr_carea' id='block_1_32' title="bbox 522 1786 3819 1865">
    <p class='ocr_par' dir='ltr' id='par_1_32' title="bbox 522 1786 3819 1865">
     <span class='ocr_line' id='line_1_32' title="bbox 522 1786 3819 1865; baseline -0.001 -15"><span class='ocrx_word' id='word_1_219' title='bbox 522 1796 715 1850; x_wconf 79' lang='lat' dir='ltr'><strong>eadem</strong></span> <span class='ocrx_word' id='word_1_220' title='bbox 747 1793 1076 1865; x_wconf 81' lang='lat' dir='ltr'><strong>contagione</strong></span> <span class='ocrx_word' id='word_1_221' title='bbox 1106 1801 1334 1848; x_wconf 58' lang='lat' dir='ltr'><strong>exteros</strong></span> <span class='ocrx_word' id='word_1_222' title='bbox 1366 1790 1665 1855; x_wconf 84' lang='lat' dir='ltr'><strong>involvere,</strong></span> <span class='ocrx_word' id='word_1_223' title='bbox 1708 1788 1956 1856; x_wconf 76' lang='lat' dir='ltr'><strong>adeoque</strong></span> <span class='ocrx_word' id='word_1_224' title='bbox 2014 1786 2276 1841; x_wconf 74' lang='lat' dir='ltr'><strong>erunibus</strong></span> <span class='ocrx_word' id='word_1_225' title='bbox 2308 1786 2442 1855; x_wconf 90' lang='lat' dir='ltr'><strong>ipsis</strong></span> <span class='ocrx_word' id='word_1_226' title='bbox 2491 1787 2721 1841; x_wconf 77' lang='lat' dir='ltr'><strong>maculis</strong></span> <span class='ocrx_word' id='word_1_227' title='bbox 2787 1802 2852 1843; x_wconf 93' lang='lat' dir='ltr'><strong>ac</strong></span> <span class='ocrx_word' id='word_1_228' title='bbox 2919 1789 3179 1846; x_wconf 88' lang='lat' dir='ltr'><strong>sordibus</strong></span> <span class='ocrx_word' id='word_1_229' title='bbox 3220 1791 3518 1861; x_wconf 83' lang='lat' dir='ltr'><strong>impietatis</strong></span> <span class='ocrx_word' id='word_1_230' title='bbox 3565 1794 3819 1849; x_wconf 43' lang='lat' dir='ltr'><strong>notatis:</strong></span> 
     </span>
    </p>
   </div>
   <div class='ocr_carea' id='block_1_33' title="bbox 521 1878 3802 1958">
    <p class='ocr_par' dir='ltr' id='par_1_33' title="bbox 521 1878 3802 1958">
     <span class='ocr_line' id='line_1_33' title="bbox 521 1878 3802 1958; baseline -0.001 -14"><span class='ocrx_word' id='word_1_231' title='bbox 521 1889 668 1954; x_wconf 87' lang='lat' dir='ltr'><strong>simi,</strong></span> <span class='ocrx_word' id='word_1_232' title='bbox 699 1903 803 1942; x_wconf 89' lang='lat' dir='ltr'><strong>non</strong></span> <span class='ocrx_word' id='word_1_233' title='bbox 833 1888 1108 1958; x_wconf 79' lang='lat' dir='ltr'><strong>vulgarem</strong></span> <span class='ocrx_word' id='word_1_234' title='bbox 1165 1887 1350 1957; x_wconf 86' lang='lat' dir='ltr'><strong>utique</strong></span> <span class='ocrx_word' id='word_1_235' title='bbox 1403 1883 1693 1940; x_wconf 88' lang='lat' dir='ltr'><strong>colluviem</strong></span> <span class='ocrx_word' id='word_1_236' title='bbox 1725 1880 1936 1935; x_wconf 84' lang='lat' dir='ltr'><strong>eilicere</strong></span> <span class='ocrx_word' id='word_1_237' title='bbox 1964 1887 2387 1934; x_wconf 81' lang='lat' dir='ltr'><strong>consueverunt.</strong></span> <span class='ocrx_word' id='word_1_238' title='bbox 2451 1878 2616 1950; x_wconf 73' lang='lat'><strong>375</strong></span> <span class='ocrx_word' id='word_1_239' title='bbox 2677 1878 2854 1947; x_wconf 86' lang='lat' dir='ltr'><strong>Quam</strong></span> <span class='ocrx_word' id='word_1_240' title='bbox 2891 1881 3177 1939; x_wconf 84' lang='lat' dir='ltr'><strong>hominum</strong></span> <span class='ocrx_word' id='word_1_241' title='bbox 3246 1894 3452 1940; x_wconf 83' lang='lat' dir='ltr'><strong>sectam</strong></span> <span class='ocrx_word' id='word_1_242' title='bbox 3520 1885 3644 1956; x_wconf 86' lang='lat' dir='ltr'><strong>jure</strong></span> <span class='ocrx_word' id='word_1_243' title='bbox 3675 1901 3802 1957; x_wconf 87' lang='lat' dir='ltr'><strong>pro-</strong></span> 
     </span>
    </p>
   </div>
   <div class='ocr_carea' id='block_1_34' title="bbox 521 1973 3801 2051">
    <p class='ocr_par' dir='ltr' id='par_1_34' title="bbox 521 1973 3801 2051">
     <span class='ocr_line' id='line_1_34' title="bbox 521 1973 3801 2051; baseline 0.001 -15"><span class='ocrx_word' id='word_1_244' title='bbox 521 1981 665 2037; x_wconf 76' lang='lat' dir='ltr'><strong>fecto</strong></span> <span class='ocrx_word' id='word_1_245' title='bbox 709 1997 806 2036; x_wconf 87' lang='lat' dir='ltr'><strong>rex</strong></span> <span class='ocrx_word' id='word_1_246' title='bbox 875 1982 989 2051; x_wconf 90' lang='lat' dir='ltr'><strong>ipse</strong></span> <span class='ocrx_word' id='word_1_247' title='bbox 1048 1991 1249 2049; x_wconf 84' lang='lat' dir='ltr'><strong>vester,</strong></span> <span class='ocrx_word' id='word_1_248' title='bbox 1280 1993 1340 2036; x_wconf 92' lang='lat' dir='ltr'><strong>ut</strong></span> <span class='ocrx_word' id='word_1_249' title='bbox 1369 1978 1515 2034; x_wconf 79' lang='lat' dir='ltr'><strong>fama</strong></span> <span class='ocrx_word' id='word_1_250' title='bbox 1564 1987 1683 2045; x_wconf 89' lang='lat' dir='ltr'><strong>est,</strong></span> <span class='ocrx_word' id='word_1_251' title='bbox 1721 1976 1968 2030; x_wconf 84' lang='lat' dir='ltr'><strong>funditus</strong></span> <span class='ocrx_word' id='word_1_252' title='bbox 2031 1976 2398 2029; x_wconf 81' lang='lat' dir='ltr'><strong>exterminare</strong></span> <span class='ocrx_word' id='word_1_253' title='bbox 2452 1984 2706 2030; x_wconf 88' lang='lat' dir='ltr'><strong>conatur.</strong></span> <span class='ocrx_word' id='word_1_254' title='bbox 2747 1973 2849 2031; x_wconf 84' lang='lat' dir='ltr'><strong>Hic</strong></span> <span class='ocrx_word' id='word_1_255' title='bbox 2890 1991 3014 2048; x_wconf 89' lang='lat' dir='ltr'><strong>ego,</strong></span> <span class='ocrx_word' id='word_1_256' title='bbox 3078 1973 3375 2045; x_wconf 83' lang='lat' dir='ltr'><strong>delatores,</strong></span> <span class='ocrx_word' id='word_1_257' title='bbox 3446 1984 3689 2051; x_wconf 90' lang='lat' dir='ltr'><strong>inquam,</strong></span> <span class='ocrx_word' id='word_1_258' title='bbox 3742 1985 3801 2038; x_wconf 90' lang='lat' dir='ltr'><strong>ni</strong></span> 
     </span>
    </p>
   </div>
   <div class='ocr_carea' id='block_1_35' title="bbox 520 2067 3799 2144">
    <p class='ocr_par' dir='ltr' id='par_1_35' title="bbox 520 2067 3799 2144">
     <span class='ocr_line' id='line_1_35' title="bbox 520 2067 3799 2144; baseline 0.001 -17"><span class='ocrx_word' id='word_1_259' title='bbox 520 2071 704 2136; x_wconf 75' lang='lat' dir='ltr'><strong>fallor,</strong></span> <span class='ocrx_word' id='word_1_260' title='bbox 745 2072 1027 2143; x_wconf 85' lang='lat' dir='ltr'><strong>intelligis,</strong></span> <span class='ocrx_word' id='word_1_261' title='bbox 1078 2088 1203 2128; x_wconf 87' lang='lat' dir='ltr'><strong>cum</strong></span> <span class='ocrx_word' id='word_1_262' title='bbox 1230 2088 1325 2128; x_wconf 89' lang='lat' dir='ltr'><strong>eos</strong></span> <span class='ocrx_word' id='word_1_263' title='bbox 1380 2080 1646 2143; x_wconf 89' lang='lat' dir='ltr'><strong>perpetuo</strong></span> <span class='ocrx_word' id='word_1_264' title='bbox 1707 2084 1815 2124; x_wconf 90' lang='lat' dir='ltr'><strong>non</strong></span> <span class='ocrx_word' id='word_1_265' title='bbox 1857 2076 2069 2123; x_wconf 84' lang='lat' dir='ltr'><strong>tantum</strong></span> <span class='ocrx_word' id='word_1_266' title='bbox 2127 2067 2470 2134; x_wconf 80' lang='lat' dir='ltr'><strong>verberibus,</strong></span> <span class='ocrx_word' id='word_1_267' title='bbox 2529 2070 2625 2126; x_wconf 89' lang='lat' dir='ltr'><strong>sed</strong></span> <span class='ocrx_word' id='word_1_268' title='bbox 2670 2070 2835 2126; x_wconf 89' lang='lat' dir='ltr'><strong>etiam</strong></span> <span class='ocrx_word' id='word_1_269' title='bbox 2899 2071 3227 2142; x_wconf 88' lang='lat' dir='ltr'><strong>capitalibus</strong></span> <span class='ocrx_word' id='word_1_270' title='bbox 3270 2074 3448 2144; x_wconf 85' lang='lat' dir='ltr'><strong>iisque</strong></span> <span class='ocrx_word' id='word_1_271' title='bbox 3503 2073 3799 2130; x_wconf 86' lang='lat' dir='ltr'><strong>admodum</strong></span> 
     </span>
    </p>
   </div>
   <div class='ocr_carea' id='block_1_36' title="bbox 519 2164 3801 2240">
    <p class='ocr_par' dir='ltr' id='par_1_36' title="bbox 519 2164 3801 2240">
     <span class='ocr_line' id='line_1_36' title="bbox 519 2164 3801 2240; baseline 0.001 -20"><span class='ocrx_word' id='word_1_272' title='bbox 519 2169 776 2239; x_wconf 70' lang='lat' dir='ltr'><strong>gravibus</strong></span> <span class='ocrx_word' id='word_1_273' title='bbox 799 2169 1083 2239; x_wconf 88' lang='lat' dir='ltr'><strong>suppliciis</strong></span> <span class='ocrx_word' id='word_1_274' title='bbox 1117 2170 1458 2240; x_wconf 86' lang='lat' dir='ltr'><strong>insequatur.</strong></span> <span class='ocrx_word' id='word_1_275' title='bbox 1492 2166 1606 2238; x_wconf 87' lang='lat' dir='ltr'><strong>Ego</strong></span> <span class='ocrx_word' id='word_1_276' title='bbox 1630 2181 1761 2221; x_wconf 90' lang='lat' dir='ltr'><strong>vero</strong></span> <span class='ocrx_word' id='word_1_277' title='bbox 1782 2164 1907 2221; x_wconf 83' lang='lat' dir='ltr'><strong>illos</strong></span> <span class='ocrx_word' id='word_1_278' title='bbox 1934 2165 2109 2234; x_wconf 88' lang='lat' dir='ltr'><strong>ipsos,</strong></span> <span class='ocrx_word' id='word_1_279' title='bbox 2146 2164 2365 2235; x_wconf 85' lang='lat' dir='ltr'><strong>inquit:</strong></span> <span class='ocrx_word' id='word_1_280' title='bbox 2417 2164 2682 2221; x_wconf 81' lang='lat' dir='ltr'><strong>scelerate</strong></span> <span class='ocrx_word' id='word_1_281' title='bbox 2745 2166 2895 2221; x_wconf 83' lang='lat' dir='ltr'><strong>enim</strong></span> <span class='ocrx_word' id='word_1_282' title='bbox 2938 2166 3225 2222; x_wconf 86' lang='lat' dir='ltr'><strong>hominum</strong></span> <span class='ocrx_word' id='word_1_283' title='bbox 3284 2168 3341 2223; x_wconf 87' lang='lat' dir='ltr'><strong>in</strong></span> <span class='ocrx_word' id='word_1_284' title='bbox 3372 2168 3668 2239; x_wconf 89' lang='lat' dir='ltr'><strong>perniciem</strong></span> <span class='ocrx_word' id='word_1_285' title='bbox 3717 2168 3801 2223; x_wconf 86' lang='lat' dir='ltr'><strong>in-</strong></span> 
     </span>
    </p>
   </div>
   <div class='ocr_carea' id='block_1_37' title="bbox 519 2260 3798 2336">
    <p class='ocr_par' dir='ltr' id='par_1_37' title="bbox 519 2260 3798 2336">
     <span class='ocr_line' id='line_1_37' title="bbox 519 2260 3798 2336; baseline 0.003 -24"><span class='ocrx_word' id='word_1_286' title='bbox 519 2262 759 2332; x_wconf 75' lang='lat' dir='ltr'><strong>vigilant.</strong></span> <span class='ocrx_word' id='word_1_287' title='bbox 813 2263 974 2334; x_wconf 81' lang='lat' dir='ltr'><strong>Atqui</strong></span> <span class='ocrx_word' id='word_1_288' title='bbox 1025 2264 1111 2319; x_wconf 86' lang='lat' dir='ltr'><strong>vel</strong></span> <span class='ocrx_word' id='word_1_289' title='bbox 1179 2266 1358 2332; x_wconf 88' lang='lat' dir='ltr'><strong>reipsa</strong></span> <span class='ocrx_word' id='word_1_290' title='bbox 1391 2277 1751 2334; x_wconf 88' lang='lat' dir='ltr'><strong>quemquam,</strong></span> <span class='ocrx_word' id='word_1_291' title='bbox 1804 2260 1890 2316; x_wconf 80' lang='lat' dir='ltr'><strong>vel</strong></span> <span class='ocrx_word' id='word_1_292' title='bbox 1936 2261 2101 2316; x_wconf 85' lang='lat' dir='ltr'><strong>etiam</strong></span> <span class='ocrx_word' id='word_1_293' title='bbox 2139 2261 2307 2317; x_wconf 89' lang='lat' dir='ltr'><strong>verbo</strong></span> <span class='ocrx_word' id='word_1_294' title='bbox 2335 2260 2528 2315; x_wconf 85' lang='lat' dir='ltr'><strong>violari</strong></span> <span class='ocrx_word' id='word_1_295' title='bbox 2559 2262 2643 2317; x_wconf 85' lang='lat' dir='ltr'><strong>lex</strong></span> <span class='ocrx_word' id='word_1_296' title='bbox 2675 2271 2863 2318; x_wconf 89' lang='lat' dir='ltr'><strong>nostra</strong></span> <span class='ocrx_word' id='word_1_297' title='bbox 2896 2272 3062 2318; x_wconf 89' lang='lat' dir='ltr'><strong>vetat.</strong></span> <span class='ocrx_word' id='word_1_298' title='bbox 3101 2263 3170 2319; x_wconf 84' lang='lat' dir='ltr'><strong>Et</strong></span> <span class='ocrx_word' id='word_1_299' title='bbox 3232 2265 3455 2336; x_wconf 82' lang='lat' dir='ltr'><strong>quidem</strong></span> <span class='ocrx_word' id='word_1_300' title='bbox 3533 2265 3635 2319; x_wconf 88' lang='lat' dir='ltr'><strong>hoc</strong></span> <span class='ocrx_word' id='word_1_301' title='bbox 3696 2263 3798 2325; x_wconf 77' lang='lat' dir='ltr'><strong>tibi</strong></span> 
     </span>
    </p>
   </div>
   <div class='ocr_carea' id='block_1_38' title="bbox 517 2352 3817 2426">
    <p class='ocr_par' dir='ltr' id='par_1_38' title="bbox 517 2352 3817 2426">
     <span class='ocr_line' id='line_1_38' title="bbox 517 2352 3817 2426; baseline 0.001 -20"><span class='ocrx_word' id='word_1_302' title='bbox 517 2354 717 2421; x_wconf 88' lang='lat' dir='ltr'><strong>adhuc,</strong></span> <span class='ocrx_word' id='word_1_303' title='bbox 752 2370 919 2425; x_wconf 91' lang='lat' dir='ltr'><strong>quam</strong></span> <span class='ocrx_word' id='word_1_304' title='bbox 989 2354 1313 2411; x_wconf 87' lang='lat' dir='ltr'><strong>brevissime</strong></span> <span class='ocrx_word' id='word_1_305' title='bbox 1381 2354 1497 2410; x_wconf 82' lang='lat' dir='ltr'><strong>ﬁeri</strong></span> <span class='ocrx_word' id='word_1_306' title='bbox 1551 2355 1748 2426; x_wconf 91' lang='lat' dir='ltr'><strong>potuit,</strong></span> <span class='ocrx_word' id='word_1_307' title='bbox 1807 2352 2172 2418; x_wconf 90' lang='lat' dir='ltr'><strong>ostendimus,</strong></span> <span class='ocrx_word' id='word_1_308' title='bbox 2212 2352 2672 2421; x_wconf 82' lang='lat' dir='ltr'><strong>quemadmodum</strong></span> <span class='ocrx_word' id='word_1_309' title='bbox 2700 2354 2869 2409; x_wconf 82' lang='lat' dir='ltr'><strong>certis</strong></span> <span class='ocrx_word' id='word_1_310' title='bbox 2898 2353 2964 2408; x_wconf 88' lang='lat' dir='ltr'><strong>ad</strong></span> <span class='ocrx_word' id='word_1_311' title='bbox 2990 2355 3304 2425; x_wconf 66' lang='lat' dir='ltr'><strong>aequitatem</strong></span> <span class='ocrx_word' id='word_1_312' title='bbox 3331 2357 3535 2426; x_wconf 85' lang='lat' dir='ltr'><strong>regulis</strong></span> <span class='ocrx_word' id='word_1_313' title='bbox 3574 2355 3817 2413; x_wconf 79' lang='lat' dir='ltr'><strong>confer...</strong></span> 
     </span>
    </p>
   </div>
   <div class='ocr_carea' id='block_1_39' title="bbox 517 2443 3805 2518">
    <p class='ocr_par' dir='ltr' id='par_1_39' title="bbox 517 2443 3805 2518">
     <span class='ocr_line' id='line_1_39' title="bbox 517 2443 3805 2518; baseline 0.002 -20"><span class='ocrx_word' id='word_1_314' title='bbox 517 2456 661 2501; x_wconf 87' lang='lat' dir='ltr'><strong>mata</strong></span> <span class='ocrx_word' id='word_1_315' title='bbox 695 2448 807 2502; x_wconf 90' lang='lat' dir='ltr'><strong>sint</strong></span> <span class='ocrx_word' id='word_1_316' title='bbox 845 2449 1053 2514; x_wconf 88' lang='lat' dir='ltr'><strong>omnia,</strong></span> <span class='ocrx_word' id='word_1_317' title='bbox 1093 2448 1337 2518; x_wconf 88' lang='lat' dir='ltr'><strong>nihilque</strong></span> <span class='ocrx_word' id='word_1_318' title='bbox 1375 2447 1601 2504; x_wconf 89' lang='lat' dir='ltr'><strong>omnino</strong></span> <span class='ocrx_word' id='word_1_319' title='bbox 1630 2447 1714 2501; x_wconf 85' lang='lat' dir='ltr'><strong>vel</strong></span> <span class='ocrx_word' id='word_1_320' title='bbox 1745 2455 1967 2512; x_wconf 84' lang='lat' dir='ltr'><strong>temere,</strong></span> <span class='ocrx_word' id='word_1_321' title='bbox 2013 2444 2095 2499; x_wconf 88' lang='lat' dir='ltr'><strong>vel</strong></span> <span class='ocrx_word' id='word_1_322' title='bbox 2134 2444 2383 2499; x_wconf 76' lang='lat' dir='ltr'><strong>fabulose</strong></span> <span class='ocrx_word' id='word_1_323' title='bbox 2453 2443 2737 2516; x_wconf 83' lang='lat' dir='ltr'><strong>Scriptura</strong></span> <span class='ocrx_word' id='word_1_324' title='bbox 2802 2450 3096 2516; x_wconf 80' lang='lat' dir='ltr'><strong>statuerit;</strong></span> <span class='ocrx_word' id='word_1_325' title='bbox 3146 2448 3239 2505; x_wconf 87' lang='lat' dir='ltr'><strong>sed</strong></span> <span class='ocrx_word' id='word_1_326' title='bbox 3270 2463 3395 2503; x_wconf 90' lang='lat' dir='ltr'><strong>eum</strong></span> <span class='ocrx_word' id='word_1_327' title='bbox 3418 2449 3686 2505; x_wconf 76' lang='lat' dir='ltr'><strong>duntaxat</strong></span> <span class='ocrx_word' id='word_1_328' title='bbox 3736 2450 3805 2507; x_wconf 72' lang='lat' dir='ltr'><strong>in</strong></span> 
     </span>
    </p>
   </div>
   <div class='ocr_carea' id='block_1_40' title="bbox 515 2534 3797 2611">
    <p class='ocr_par' dir='ltr' id='par_1_40' title="bbox 515 2534 3797 2611">
     <span class='ocr_line' id='line_1_40' title="bbox 515 2534 3797 2611; baseline 0.001 -20"><span class='ocrx_word' id='word_1_329' title='bbox 515 2536 700 2603; x_wconf 77' lang='lat' dir='ltr'><strong>ﬁnem,</strong></span> <span class='ocrx_word' id='word_1_330' title='bbox 731 2548 810 2603; x_wconf 89' lang='lat' dir='ltr'><strong>ut,</strong></span> <span class='ocrx_word' id='word_1_331' title='bbox 838 2538 1107 2609; x_wconf 90' lang='lat' dir='ltr'><strong>quidquid</strong></span> <span class='ocrx_word' id='word_1_332' title='bbox 1158 2554 1410 2611; x_wconf 84' lang='lat' dir='ltr'><strong>agamus,</strong></span> <span class='ocrx_word' id='word_1_333' title='bbox 1439 2536 1667 2608; x_wconf 67' lang='lat' dir='ltr'><strong>iustitiae</strong></span> <span class='ocrx_word' id='word_1_334' title='bbox 1698 2535 1891 2591; x_wconf 84' lang='lat' dir='ltr'><strong>ciliciis</strong></span> <span class='ocrx_word' id='word_1_335' title='bbox 1919 2548 2085 2589; x_wconf 89' lang='lat' dir='ltr'><strong>omne</strong></span> <span class='ocrx_word' id='word_1_336' title='bbox 2122 2549 2295 2605; x_wconf 88' lang='lat' dir='ltr'><strong>genus</strong></span> <span class='ocrx_word' id='word_1_337' title='bbox 2327 2534 2611 2589; x_wconf 89' lang='lat' dir='ltr'><strong>hominum</strong></span> <span class='ocrx_word' id='word_1_338' title='bbox 2639 2544 2751 2591; x_wconf 93' lang='lat' dir='ltr'><strong>toto</strong></span> <span class='ocrx_word' id='word_1_339' title='bbox 2807 2538 2934 2592; x_wconf 73' lang='lat' dir='ltr'><strong>vita:</strong></span> <span class='ocrx_word' id='word_1_340' title='bbox 2971 2547 3175 2593; x_wconf 64' lang='lat' dir='ltr'><strong>nostra;</strong></span> <span class='ocrx_word' id='word_1_341' title='bbox 3197 2547 3442 2608; x_wconf 89' lang='lat' dir='ltr'><strong>tempore</strong></span> <span class='ocrx_word' id='word_1_342' title='bbox 3495 2554 3797 2610; x_wconf 81' lang='lat' dir='ltr'><strong>prosequa-</strong></span> 
     </span>
    </p>
   </div>
   <div class='ocr_carea' id='block_1_41' title="bbox 514 2628 3795 2706">
    <p class='ocr_par' dir='ltr' id='par_1_41' title="bbox 514 2628 3795 2706">
     <span class='ocr_line' id='line_1_41' title="bbox 514 2628 3795 2706; baseline 0.001 -17"><span class='ocrx_word' id='word_1_343' title='bbox 514 2650 660 2697; x_wconf 88' lang='lat' dir='ltr'><strong>mur,</strong></span> <span class='ocrx_word' id='word_1_344' title='bbox 704 2635 892 2706; x_wconf 85' lang='lat' dir='ltr'><strong>jugem</strong></span> <span class='ocrx_word' id='word_1_345' title='bbox 927 2652 994 2692; x_wconf 89' lang='lat' dir='ltr'><strong>ac</strong></span> <span class='ocrx_word' id='word_1_346' title='bbox 1022 2650 1319 2706; x_wconf 83' lang='lat' dir='ltr'><strong>perennem</strong></span> <span class='ocrx_word' id='word_1_347' title='bbox 1371 2633 1464 2689; x_wconf 88' lang='lat' dir='ltr'><strong>Dei</strong></span> <span class='ocrx_word' id='word_1_348' title='bbox 1532 2632 1889 2703; x_wconf 71' lang='lat' dir='ltr'><strong>praepotentis</strong></span> <span class='ocrx_word' id='word_1_349' title='bbox 1934 2629 2257 2686; x_wconf 84' lang='lat' dir='ltr'><strong>memoriam</strong></span> <span class='ocrx_word' id='word_1_350' title='bbox 2309 2630 2629 2687; x_wconf 87' lang='lat' dir='ltr'><strong>retinentes.</strong></span> <span class='ocrx_word' id='word_1_351' title='bbox 2692 2628 2993 2687; x_wconf 85' lang='lat' dir='ltr'><strong>Enimvero</strong></span> <span class='ocrx_word' id='word_1_352' title='bbox 3051 2632 3313 2703; x_wconf 92' lang='lat' dir='ltr'><strong>quidquid</strong></span> <span class='ocrx_word' id='word_1_353' title='bbox 3360 2649 3456 2689; x_wconf 83' lang='lat' dir='ltr'><strong>seu</strong></span> <span class='ocrx_word' id='word_1_354' title='bbox 3517 2636 3585 2689; x_wconf 88' lang='lat' dir='ltr'><strong>de</strong></span> <span class='ocrx_word' id='word_1_355' title='bbox 3641 2634 3795 2691; x_wconf 88' lang='lat' dir='ltr'><strong>cibo-</strong></span> 
     </span>
    </p>
   </div>
   <div class='ocr_carea' id='block_1_42' title="bbox 512 2719 3801 2795">
    <p class='ocr_par' dir='ltr' id='par_1_42' title="bbox 512 2719 3801 2795">
     <span class='ocr_line' id='line_1_42' title="bbox 512 2719 3801 2795; baseline 0.001 -16"><span class='ocrx_word' id='word_1_356' title='bbox 512 2742 631 2779; x_wconf 88' lang='lat' dir='ltr'><strong>rum</strong></span> <span class='ocrx_word' id='word_1_357' title='bbox 682 2724 918 2789; x_wconf 87' lang='lat' dir='ltr'><strong>delectu,</strong></span> <span class='ocrx_word' id='word_1_358' title='bbox 949 2741 1046 2781; x_wconf 91' lang='lat' dir='ltr'><strong>seu</strong></span> <span class='ocrx_word' id='word_1_359' title='bbox 1075 2725 1143 2781; x_wconf 89' lang='lat' dir='ltr'><strong>de</strong></span> <span class='ocrx_word' id='word_1_360' title='bbox 1169 2724 1338 2780; x_wconf 89' lang='lat' dir='ltr'><strong>rebus</strong></span> <span class='ocrx_word' id='word_1_361' title='bbox 1372 2723 1694 2787; x_wconf 89' lang='lat' dir='ltr'><strong>immundis,</strong></span> <span class='ocrx_word' id='word_1_362' title='bbox 1726 2737 1823 2777; x_wconf 90' lang='lat' dir='ltr'><strong>seu</strong></span> <span class='ocrx_word' id='word_1_363' title='bbox 1900 2720 1973 2777; x_wconf 89' lang='lat' dir='ltr'><strong>de</strong></span> <span class='ocrx_word' id='word_1_364' title='bbox 2015 2719 2362 2790; x_wconf 87' lang='lat' dir='ltr'><strong>serpentibus</strong></span> <span class='ocrx_word' id='word_1_365' title='bbox 2419 2721 2612 2776; x_wconf 82' lang='lat' dir='ltr'><strong>aliisve</strong></span> <span class='ocrx_word' id='word_1_366' title='bbox 2673 2722 3047 2778; x_wconf 89' lang='lat' dir='ltr'><strong>animantibus</strong></span> <span class='ocrx_word' id='word_1_367' title='bbox 3108 2724 3444 2795; x_wconf 56' lang='lat' dir='ltr'><strong>praecipitur,</strong></span> <span class='ocrx_word' id='word_1_368' title='bbox 3481 2741 3548 2780; x_wconf 91' lang='lat' dir='ltr'><strong>eo</strong></span> <span class='ocrx_word' id='word_1_369' title='bbox 3576 2735 3801 2783; x_wconf 82' lang='lat' dir='ltr'><strong>tantum</strong></span> 
     </span>
    </p>
   </div>
   <div class='ocr_carea' id='block_1_43' title="bbox 510 2816 3789 2893">
    <p class='ocr_par' dir='ltr' id='par_1_43' title="bbox 510 2816 3789 2893">
     <span class='ocr_line' id='line_1_43' title="bbox 510 2816 3789 2893; baseline -0.001 -15"><span class='ocrx_word' id='word_1_370' title='bbox 510 2829 735 2890; x_wconf 72' lang='lat' dir='ltr'><strong>spectat,</strong></span> <span class='ocrx_word' id='word_1_371' title='bbox 774 2821 1495 2893; x_wconf 79' lang='lat' dir='ltr'><strong>utantiquissimislegibus</strong></span> <span class='ocrx_word' id='word_1_372' title='bbox 1514 2820 1794 2875; x_wconf 88' lang='lat' dir='ltr'><strong>hominum</strong></span> <span class='ocrx_word' id='word_1_373' title='bbox 1810 2819 1953 2873; x_wconf 90' lang='lat' dir='ltr'><strong>inter</strong></span> <span class='ocrx_word' id='word_1_374' title='bbox 1973 2833 2097 2874; x_wconf 84' lang='lat' dir='ltr'><strong>sese</strong></span> <span class='ocrx_word' id='word_1_375' title='bbox 2133 2818 2366 2873; x_wconf 88' lang='lat' dir='ltr'><strong>societas</strong></span> <span class='ocrx_word' id='word_1_376' title='bbox 2388 2817 2811 2888; x_wconf 83' lang='lat' dir='ltr'><strong>communioque</strong></span> <span class='ocrx_word' id='word_1_377' title='bbox 2832 2827 3101 2874; x_wconf 87' lang='lat' dir='ltr'><strong>teneatur.</strong></span> <span class='ocrx_word' id='word_1_378' title='bbox 3149 2816 3295 2875; x_wconf 85' lang='lat' dir='ltr'><strong>Sane</strong></span> <span class='ocrx_word' id='word_1_379' title='bbox 3349 2820 3569 2890; x_wconf 89' lang='lat' dir='ltr'><strong>quidem</strong></span> <span class='ocrx_word' id='word_1_380' title='bbox 3630 2820 3789 2877; x_wconf 83' lang='lat' dir='ltr'><strong>Elea-</strong></span> 
     </span>
    </p>
   </div>
   <div class='ocr_carea' id='block_1_44' title="bbox 509 2908 3787 2985">
    <p class='ocr_par' dir='ltr' id='par_1_44' title="bbox 509 2908 3787 2985">
     <span class='ocr_line' id='line_1_44' title="bbox 509 2908 3787 2985; baseline 0 -17"><span class='ocrx_word' id='word_1_381' title='bbox 509 2930 669 2970; x_wconf 68' lang='lat' dir='ltr'><strong>Larus</strong></span> <span class='ocrx_word' id='word_1_382' title='bbox 730 2916 1010 2985; x_wconf 86' lang='lat' dir='ltr'><strong>sapienter</strong></span> <span class='ocrx_word' id='word_1_383' title='bbox 1060 2914 1291 2971; x_wconf 87' lang='lat' dir='ltr'><strong>omnino</strong></span> <span class='ocrx_word' id='word_1_384' title='bbox 1318 2915 1589 2968; x_wconf 89' lang='lat' dir='ltr'><strong>rationem</strong></span> <span class='ocrx_word' id='word_1_385' title='bbox 1629 2912 1696 2967; x_wconf 90' lang='lat' dir='ltr'><strong>de</strong></span> <span class='ocrx_word' id='word_1_386' title='bbox 1728 2911 1964 2983; x_wconf 88' lang='lat' dir='ltr'><strong>singulis</strong></span> <span class='ocrx_word' id='word_1_387' title='bbox 2001 2909 2230 2965; x_wconf 83' lang='lat' dir='ltr'><strong>reddere</strong></span> <span class='ocrx_word' id='word_1_388' title='bbox 2297 2909 2603 2964; x_wconf 81' lang='lat' dir='ltr'><strong>videbatur.</strong></span> <span class='ocrx_word' id='word_1_389' title='bbox 2653 2908 2791 2965; x_wconf 86' lang='lat' dir='ltr'><strong>Nam</strong></span> <span class='ocrx_word' id='word_1_390' title='bbox 2855 2910 2924 2967; x_wconf 88' lang='lat' dir='ltr'><strong>de</strong></span> <span class='ocrx_word' id='word_1_391' title='bbox 2989 2911 3199 2979; x_wconf 86' lang='lat' dir='ltr'><strong>vitulis,</strong></span> <span class='ocrx_word' id='word_1_392' title='bbox 3261 2913 3548 2979; x_wconf 86' lang='lat' dir='ltr'><strong>arietibus,</strong></span> <span class='ocrx_word' id='word_1_393' title='bbox 3594 2914 3787 2978; x_wconf 82' lang='lat' dir='ltr'><strong>hircis,</strong></span> 
     </span>
    </p>
   </div>
   <div class='ocr_carea' id='block_1_45' title="bbox 507 3002 3789 3079">
    <p class='ocr_par' dir='ltr' id='par_1_45' title="bbox 507 3002 3789 3079">
     <span class='ocr_line' id='line_1_45' title="bbox 507 3002 3789 3079; baseline 0.001 -21"><span class='ocrx_word' id='word_1_394' title='bbox 507 3008 598 3075; x_wconf 92' lang='lat' dir='ltr'><strong>qui</strong></span> <span class='ocrx_word' id='word_1_395' title='bbox 654 3005 919 3062; x_wconf 82' lang='lat' dir='ltr'><strong>oﬂ&#39;erendi</strong></span> <span class='ocrx_word' id='word_1_396' title='bbox 978 3016 1187 3071; x_wconf 88' lang='lat' dir='ltr'><strong>essent,</strong></span> <span class='ocrx_word' id='word_1_397' title='bbox 1217 3005 1363 3061; x_wconf 88' lang='lat' dir='ltr'><strong>idem</strong></span> <span class='ocrx_word' id='word_1_398' title='bbox 1387 3006 1747 3079; x_wconf 73' lang='lat' dir='ltr'><strong>adiungebat,</strong></span> <span class='ocrx_word' id='word_1_399' title='bbox 1764 3002 2162 3076; x_wconf 88' lang='lat' dir='ltr'><strong>providendum</strong></span> <span class='ocrx_word' id='word_1_400' title='bbox 2201 3017 2324 3057; x_wconf 88' lang='lat' dir='ltr'><strong>esse</strong></span> <span class='ocrx_word' id='word_1_401' title='bbox 2346 3002 2651 3072; x_wconf 87' lang='lat' dir='ltr'><strong>diligenter,</strong></span> <span class='ocrx_word' id='word_1_402' title='bbox 2676 3012 2736 3058; x_wconf 90' lang='lat' dir='ltr'><strong>ut</strong></span> <span class='ocrx_word' id='word_1_403' title='bbox 2758 3018 2824 3058; x_wconf 91' lang='lat' dir='ltr'><strong>ex</strong></span> <span class='ocrx_word' id='word_1_404' title='bbox 2859 3002 3124 3058; x_wconf 89' lang='lat' dir='ltr'><strong>armentis</strong></span> <span class='ocrx_word' id='word_1_405' title='bbox 3151 3012 3207 3059; x_wconf 87' lang='lat' dir='ltr'><strong>et</strong></span> <span class='ocrx_word' id='word_1_406' title='bbox 3234 3005 3491 3076; x_wconf 87' lang='lat' dir='ltr'><strong>gregibus</strong></span> <span class='ocrx_word' id='word_1_407' title='bbox 3538 3022 3789 3062; x_wconf 84' lang='lat' dir='ltr'><strong>mansue-</strong></span> 
     </span>
    </p>
   </div>
   <div class='ocr_carea' id='block_1_46' title="bbox 506 3100 3790 3177">
    <p class='ocr_par' dir='ltr' id='par_1_46' title="bbox 506 3100 3790 3177">
     <span class='ocr_line' id='line_1_46' title="bbox 506 3100 3790 3177; baseline 0 -18"><span class='ocrx_word' id='word_1_408' title='bbox 506 3106 715 3161; x_wconf 87' lang='lat' dir='ltr'><strong>tissima</strong></span> <span class='ocrx_word' id='word_1_409' title='bbox 748 3120 981 3177; x_wconf 64' lang='lat' dir='ltr'><strong>qumque</strong></span> <span class='ocrx_word' id='word_1_410' title='bbox 1033 3107 1365 3177; x_wconf 78' lang='lat' dir='ltr'><strong>legerentur,</strong></span> <span class='ocrx_word' id='word_1_411' title='bbox 1416 3103 1708 3174; x_wconf 82' lang='lat' dir='ltr'><strong>ferumque</strong></span> <span class='ocrx_word' id='word_1_412' title='bbox 1740 3103 1874 3158; x_wconf 88' lang='lat' dir='ltr'><strong>nihil</strong></span> <span class='ocrx_word' id='word_1_413' title='bbox 1922 3111 1978 3158; x_wconf 90' lang='lat' dir='ltr'><strong>et</strong></span> <span class='ocrx_word' id='word_1_414' title='bbox 2015 3103 2257 3157; x_wconf 90' lang='lat' dir='ltr'><strong>immane</strong></span> <span class='ocrx_word' id='word_1_415' title='bbox 2321 3100 2781 3157; x_wconf 82' lang='lat' dir='ltr'><strong>sacriﬁcaretur:</strong></span> <span class='ocrx_word' id='word_1_416' title='bbox 2838 3116 2908 3156; x_wconf 91' lang='lat' dir='ltr'><strong>eo</strong></span> <span class='ocrx_word' id='word_1_417' title='bbox 2947 3102 3235 3170; x_wconf 88' lang='lat' dir='ltr'><strong>nimirum,</strong></span> <span class='ocrx_word' id='word_1_418' title='bbox 3270 3110 3353 3169; x_wconf 90' lang='lat' dir='ltr'><strong>ut,</strong></span> <span class='ocrx_word' id='word_1_419' title='bbox 3407 3105 3503 3174; x_wconf 92' lang='lat' dir='ltr'><strong>qui</strong></span> <span class='ocrx_word' id='word_1_420' title='bbox 3568 3104 3790 3159; x_wconf 81' lang='lat' dir='ltr'><strong>sacriﬁ-</strong></span> 
     </span>
    </p>
   </div>
   <div class='ocr_carea' id='block_1_47' title="bbox 505 3191 3793 3269">
    <p class='ocr_par' dir='ltr' id='par_1_47' title="bbox 505 3191 3793 3269">
     <span class='ocr_line' id='line_1_47' title="bbox 505 3191 3793 3269; baseline -0 -16"><span class='ocrx_word' id='word_1_421' title='bbox 505 3200 648 3253; x_wconf 88' lang='lat' dir='ltr'><strong>cium</strong></span> <span class='ocrx_word' id='word_1_422' title='bbox 692 3197 1013 3264; x_wconf 82' lang='lat' dir='ltr'><strong>oﬂ&#39;erebant,</strong></span> <span class='ocrx_word' id='word_1_423' title='bbox 1040 3198 1076 3253; x_wconf 95' lang='lat' dir='ltr'><strong>ii</strong></span> <span class='ocrx_word' id='word_1_424' title='bbox 1119 3197 1187 3253; x_wconf 89' lang='lat' dir='ltr'><strong>de</strong></span> <span class='ocrx_word' id='word_1_425' title='bbox 1218 3204 1489 3269; x_wconf 62' lang='lat' dir='ltr'><strong>praecepto</strong></span> <span class='ocrx_word' id='word_1_426' title='bbox 1537 3195 1725 3253; x_wconf 87' lang='lat' dir='ltr'><strong>divino</strong></span> <span class='ocrx_word' id='word_1_427' title='bbox 1755 3195 2081 3266; x_wconf 80' lang='lat' dir='ltr'><strong>cogitantes,</strong></span> <span class='ocrx_word' id='word_1_428' title='bbox 2120 3192 2326 3247; x_wconf 89' lang='lat' dir='ltr'><strong>nullius</strong></span> <span class='ocrx_word' id='word_1_429' title='bbox 2364 3192 2634 3261; x_wconf 68' lang='lat' dir='ltr'><strong>superbiae</strong></span> <span class='ocrx_word' id='word_1_430' title='bbox 2699 3191 3033 3248; x_wconf 89' lang='lat' dir='ltr'><strong>conscientia</strong></span> <span class='ocrx_word' id='word_1_431' title='bbox 3101 3200 3436 3248; x_wconf 87' lang='lat' dir='ltr'><strong>tenerentur.</strong></span> <span class='ocrx_word' id='word_1_432' title='bbox 3505 3193 3609 3261; x_wconf 86' lang='lat' dir='ltr'><strong>Qui</strong></span> <span class='ocrx_word' id='word_1_433' title='bbox 3637 3195 3793 3252; x_wconf 85' lang='lat' dir='ltr'><strong>enim.</strong></span> 
     </span>
    </p>
   </div>
   <div class='ocr_carea' id='block_1_48' title="bbox 504 3287 3789 3363">
    <p class='ocr_par' dir='ltr' id='par_1_48' title="bbox 504 3287 3789 3363">
     <span class='ocr_line' id='line_1_48' title="bbox 504 3287 3789 3363; baseline 0 -16"><span class='ocrx_word' id='word_1_434' title='bbox 504 3294 741 3349; x_wconf 80' lang='lat' dir='ltr'><strong>hostium</strong></span> <span class='ocrx_word' id='word_1_435' title='bbox 765 3294 1147 3350; x_wconf 84' lang='lat' dir='ltr'><strong>immoiaturus</strong></span> <span class='ocrx_word' id='word_1_436' title='bbox 1181 3301 1286 3361; x_wconf 89' lang='lat' dir='ltr'><strong>est,</strong></span> <span class='ocrx_word' id='word_1_437' title='bbox 1320 3294 1367 3350; x_wconf 92' lang='lat' dir='ltr'><strong>is</strong></span> <span class='ocrx_word' id='word_1_438' title='bbox 1398 3291 1623 3363; x_wconf 89' lang='lat' dir='ltr'><strong>aliquod</strong></span> <span class='ocrx_word' id='word_1_439' title='bbox 1646 3290 1813 3348; x_wconf 90' lang='lat' dir='ltr'><strong>simul</strong></span> <span class='ocrx_word' id='word_1_440' title='bbox 1837 3289 2175 3346; x_wconf 84' lang='lat' dir='ltr'><strong>oii‘erendum</strong></span> <span class='ocrx_word' id='word_1_441' title='bbox 2215 3288 2467 3345; x_wconf 91' lang='lat' dir='ltr'><strong>omnium</strong></span> <span class='ocrx_word' id='word_1_442' title='bbox 2518 3287 2689 3344; x_wconf 85' lang='lat' dir='ltr'><strong>animi</strong></span> <span class='ocrx_word' id='word_1_443' title='bbox 2748 3304 3013 3345; x_wconf 87' lang='lat' dir='ltr'><strong>sensuum</strong></span> <span class='ocrx_word' id='word_1_444' title='bbox 3076 3304 3280 3346; x_wconf 87' lang='lat' dir='ltr'><strong>munus</strong></span> <span class='ocrx_word' id='word_1_445' title='bbox 3309 3290 3565 3347; x_wconf 87' lang='lat' dir='ltr'><strong>instituit.</strong></span> <span class='ocrx_word' id='word_1_446' title='bbox 3607 3291 3789 3360; x_wconf 85' lang='lat' dir='ltr'><strong>Quam</strong></span> 
     </span>
    </p>
   </div>
   <div class='ocr_carea' id='block_1_49' title="bbox 505 3378 3787 3455">
    <p class='ocr_par' dir='ltr' id='par_1_49' title="bbox 505 3378 3787 3455">
     <span class='ocr_line' id='line_1_49' title="bbox 505 3378 3787 3455; baseline 0 -16"><span class='ocrx_word' id='word_1_447' title='bbox 505 3385 670 3452; x_wconf 79' lang='lat' dir='ltr'><strong>Illius,</strong></span> <span class='ocrx_word' id='word_1_448' title='bbox 703 3385 759 3439; x_wconf 90' lang='lat' dir='ltr'><strong>in</strong></span> <span class='ocrx_word' id='word_1_449' title='bbox 786 3395 978 3441; x_wconf 88' lang='lat' dir='ltr'><strong>mutuo</strong></span> <span class='ocrx_word' id='word_1_450' title='bbox 1024 3400 1324 3455; x_wconf 88' lang='lat' dir='ltr'><strong>congressu</strong></span> <span class='ocrx_word' id='word_1_451' title='bbox 1381 3393 1608 3452; x_wconf 89' lang='lat' dir='ltr'><strong>nostro,</strong></span> <span class='ocrx_word' id='word_1_452' title='bbox 1654 3394 1966 3452; x_wconf 88' lang='lat' dir='ltr'><strong>susceptam</strong></span> <span class='ocrx_word' id='word_1_453' title='bbox 2010 3381 2099 3436; x_wconf 88' lang='lat' dir='ltr'><strong>his</strong></span> <span class='ocrx_word' id='word_1_454' title='bbox 2137 3379 2205 3435; x_wconf 86' lang='lat' dir='ltr'><strong>de</strong></span> <span class='ocrx_word' id='word_1_455' title='bbox 2268 3378 2435 3434; x_wconf 87' lang='lat' dir='ltr'><strong>rebus</strong></span> <span class='ocrx_word' id='word_1_456' title='bbox 2503 3378 2933 3449; x_wconf 88' lang='lat' dir='ltr'><strong>disputationem</strong></span> <span class='ocrx_word' id='word_1_457' title='bbox 2988 3383 3510 3438; x_wconf 87' lang='lat' dir='ltr'><strong>commemoratione</strong></span> <span class='ocrx_word' id='word_1_458' title='bbox 3562 3381 3787 3453; x_wconf 87' lang='lat' dir='ltr'><strong>dignam</strong></span> 
     </span>
    </p>
   </div>
   <div class='ocr_carea' id='block_1_50' title="bbox 504 3471 3785 3550">
    <p class='ocr_par' dir='ltr' id='par_1_50' title="bbox 504 3471 3785 3550">
     <span class='ocr_line' id='line_1_50' title="bbox 504 3471 3785 3550; baseline 0.001 -17"><span class='ocrx_word' id='word_1_459' title='bbox 504 3480 727 3548; x_wconf 84' lang='lat' dir='ltr'><strong>putavi:</strong></span> <span class='ocrx_word' id='word_1_460' title='bbox 779 3492 843 3534; x_wconf 87' lang='lat' dir='ltr'><strong>ac</strong></span> <span class='ocrx_word' id='word_1_461' title='bbox 893 3488 1208 3550; x_wconf 86' lang='lat' dir='ltr'><strong>prepterea,</strong></span> <span class='ocrx_word' id='word_1_462' title='bbox 1242 3487 1304 3535; x_wconf 90' lang='lat' dir='ltr'><strong>ut</strong></span> <span class='ocrx_word' id='word_1_463' title='bbox 1369 3479 1556 3535; x_wconf 86' lang='lat' dir='ltr'><strong>ardori</strong></span> <span class='ocrx_word' id='word_1_464' title='bbox 1624 3493 1845 3549; x_wconf 90' lang='lat' dir='ltr'><strong>quoque</strong></span> <span class='ocrx_word' id='word_1_465' title='bbox 1900 3475 2149 3531; x_wconf 88' lang='lat' dir='ltr'><strong>discendi</strong></span> <span class='ocrx_word' id='word_1_466' title='bbox 2212 3483 2326 3542; x_wconf 89' lang='lat' dir='ltr'><strong>tuo,</strong></span> <span class='ocrx_word' id='word_1_467' title='bbox 2360 3475 2433 3529; x_wconf 90' lang='lat' dir='ltr'><strong>mi</strong></span> <span class='ocrx_word' id='word_1_468' title='bbox 2480 3471 2842 3542; x_wconf 83' lang='lat' dir='ltr'><strong>Philocrates,</strong></span> <span class='ocrx_word' id='word_1_469' title='bbox 2904 3474 3359 3543; x_wconf 87' lang='lat' dir='ltr'><strong>obsecundarem,</strong></span> <span class='ocrx_word' id='word_1_470' title='bbox 3408 3479 3785 3548; x_wconf 81' lang='lat' dir='ltr'><strong>augustiore&#39;u</strong></span> 
     </span>
    </p>
   </div>
   <div class='ocr_carea' id='block_1_51' title="bbox 504 3570 3789 3645">
    <p class='ocr_par' dir='ltr' id='par_1_51' title="bbox 504 3570 3789 3645">
     <span class='ocr_line' id='line_1_51' title="bbox 504 3570 3789 3645; baseline 0.001 -17"><span class='ocrx_word' id='word_1_471' title='bbox 504 3573 651 3629; x_wconf 90' lang='lat' dir='ltr'><strong>illam</strong></span> <span class='ocrx_word' id='word_1_472' title='bbox 673 3573 871 3631; x_wconf 64' lang='lat' dir='ltr'><strong>divinae</strong></span> <span class='ocrx_word' id='word_1_473' title='bbox 896 3574 1032 3645; x_wconf 87' lang='lat' dir='ltr'><strong>legis</strong></span> <span class='ocrx_word' id='word_1_474' title='bbox 1078 3576 1339 3645; x_wconf 88' lang='lat' dir='ltr'><strong>speciem,</strong></span> <span class='ocrx_word' id='word_1_475' title='bbox 1384 3574 1801 3645; x_wconf 81' lang='lat' dir='ltr'><strong>naturalemque</strong></span> <span class='ocrx_word' id='word_1_476' title='bbox 1845 3571 2173 3629; x_wconf 78' lang='lat' dir='ltr'><strong>sententiam</strong></span> <span class='ocrx_word' id='word_1_477' title='bbox 2237 3570 2334 3626; x_wconf 80' lang='lat' dir='ltr'><strong>tibi</strong></span> <span class='ocrx_word' id='word_1_478' title='bbox 2384 3570 2599 3640; x_wconf 88' lang='lat' dir='ltr'><strong>aperire</strong></span> <span class='ocrx_word' id='word_1_479' title='bbox 2657 3570 2898 3628; x_wconf 85' lang='lat' dir='ltr'><strong>decrevi.</strong></span> <span class='ocrx_word' id='word_1_480' title='bbox 2949 3590 2969 3625; x_wconf 74' lang='grc' dir='ltr'><strong>ι</strong></span> <span class='ocrx_word' id='word_1_481' title='bbox 3000 3570 3126 3628; x_wconf 72' lang='lat' dir='ltr'><strong>Haec</strong></span> <span class='ocrx_word' id='word_1_482' title='bbox 3164 3583 3315 3641; x_wconf 90' lang='lat' dir='ltr'><strong>sunt,</strong></span> <span class='ocrx_word' id='word_1_483' title='bbox 3382 3589 3505 3644; x_wconf 67' lang='lat' dir='ltr'><strong>quae</strong></span> <span class='ocrx_word' id='word_1_484' title='bbox 3568 3574 3789 3631; x_wconf 61' lang='lat' dir='ltr'><strong>Graecis</strong></span> 
     </span>
    </p>
   </div>
   <div class='ocr_carea' id='block_1_52' title="bbox 502 3664 3783 3743">
    <p class='ocr_par' dir='ltr' id='par_1_52' title="bbox 502 3664 3783 3743">
     <span class='ocr_line' id='line_1_52' title="bbox 502 3664 3783 3743; baseline 0.001 -21"><span class='ocrx_word' id='word_1_485' title='bbox 502 3668 567 3722; x_wconf 90' lang='lat' dir='ltr'><strong>ad</strong></span> <span class='ocrx_word' id='word_1_486' title='bbox 596 3683 657 3724; x_wconf 88' lang='lat' dir='ltr'><strong>se</strong></span> <span class='ocrx_word' id='word_1_487' title='bbox 710 3670 894 3726; x_wconf 88' lang='lat' dir='ltr'><strong>missis</strong></span> <span class='ocrx_word' id='word_1_488' title='bbox 922 3670 991 3725; x_wconf 90' lang='lat' dir='ltr'><strong>de</strong></span> <span class='ocrx_word' id='word_1_489' title='bbox 1017 3685 1181 3726; x_wconf 87' lang='lat' dir='ltr'><strong>sensu</strong></span> <span class='ocrx_word' id='word_1_490' title='bbox 1224 3669 1404 3740; x_wconf 84' lang='lat' dir='ltr'><strong>legum</strong></span> <span class='ocrx_word' id='word_1_491' title='bbox 1442 3684 1727 3727; x_wconf 88' lang='lat' dir='ltr'><strong>sacrarum</strong></span> <span class='ocrx_word' id='word_1_492' title='bbox 1779 3668 2072 3743; x_wconf 86' lang='lat' dir='ltr'><strong>allegorice</strong></span> <span class='ocrx_word' id='word_1_493' title='bbox 2132 3664 2379 3738; x_wconf 78' lang='lat' dir='ltr'><strong>pontifex</strong></span> <span class='ocrx_word' id='word_1_494' title='bbox 2446 3666 2771 3735; x_wconf 88' lang='lat' dir='ltr'><strong>enucleavit,</strong></span> <span class='ocrx_word' id='word_1_495' title='bbox 2819 3676 2900 3733; x_wconf 91' lang='lat' dir='ltr'><strong>ut,</strong></span> <span class='ocrx_word' id='word_1_496' title='bbox 2950 3668 3408 3739; x_wconf 86' lang='lat' dir='ltr'><strong>quemadmodum</strong></span> <span class='ocrx_word' id='word_1_497' title='bbox 3470 3678 3783 3741; x_wconf 84' lang='lat' dir='ltr'><strong>susceptam</strong></span> 
     </span>
    </p>
   </div>
   <div class='ocr_carea' id='block_1_53' title="bbox 501 3757 3794 3833">
    <p class='ocr_par' dir='ltr' id='par_1_53' title="bbox 501 3757 3794 3833">
     <span class='ocr_line' id='line_1_53' title="bbox 501 3757 3794 3833; baseline 0 -19"><span class='ocrx_word' id='word_1_498' title='bbox 501 3776 688 3815; x_wconf 80' lang='lat' dir='ltr'><strong>earum</strong></span> <span class='ocrx_word' id='word_1_499' title='bbox 738 3761 1241 3833; x_wconf 85' lang='lat' dir='ltr'><strong>interpretationem</strong></span> <span class='ocrx_word' id='word_1_500' title='bbox 1272 3764 1342 3818; x_wconf 89' lang='lat' dir='ltr'><strong>ab</strong></span> <span class='ocrx_word' id='word_1_501' title='bbox 1401 3778 1524 3818; x_wconf 88' lang='lat' dir='ltr'><strong>sese</strong></span> <span class='ocrx_word' id='word_1_502' title='bbox 1555 3762 1793 3821; x_wconf 82' lang='lat' dir='ltr'><strong>tractari</strong></span> <span class='ocrx_word' id='word_1_503' title='bbox 1840 3768 2138 3832; x_wconf 87' lang='lat' dir='ltr'><strong>oporteret,</strong></span> <span class='ocrx_word' id='word_1_504' title='bbox 2178 3759 2561 3829; x_wconf 90' lang='lat' dir='ltr'><strong>intelligerent.</strong></span> <span class='ocrx_word' id='word_1_505' title='bbox 2595 3757 2717 3816; x_wconf 72' lang='lat' dir='ltr'><strong>lam</strong></span> <span class='ocrx_word' id='word_1_506' title='bbox 2776 3775 2906 3817; x_wconf 89' lang='lat' dir='ltr'><strong>vero</strong></span> <span class='ocrx_word' id='word_1_507' title='bbox 2960 3770 3181 3832; x_wconf 88' lang='lat' dir='ltr'><strong>tempus</strong></span> <span class='ocrx_word' id='word_1_508' title='bbox 3239 3770 3357 3831; x_wconf 83' lang='lat' dir='ltr'><strong>est,</strong></span> <span class='ocrx_word' id='word_1_509' title='bbox 3383 3763 3463 3819; x_wconf 89' lang='lat' dir='ltr'><strong>uti</strong></span> <span class='ocrx_word' id='word_1_510' title='bbox 3499 3764 3794 3819; x_wconf 86' lang='lat' dir='ltr'><strong>Aristobu-</strong></span> 
     </span>
    </p>
   </div>
   <div class='ocr_carea' id='block_1_54' title="bbox 501 3853 3781 3927">
    <p class='ocr_par' dir='ltr' id='par_1_54' title="bbox 501 3853 3781 3927">
     <span class='ocr_line' id='line_1_54' title="bbox 501 3853 3781 3927; baseline 0.001 -17"><span class='ocrx_word' id='word_1_511' title='bbox 501 3855 636 3921; x_wconf 82' lang='lat' dir='ltr'><strong>lum,</strong></span> <span class='ocrx_word' id='word_1_512' title='bbox 666 3856 762 3925; x_wconf 92' lang='lat' dir='ltr'><strong>qui</strong></span> <span class='ocrx_word' id='word_1_513' title='bbox 809 3856 877 3911; x_wconf 87' lang='lat' dir='ltr'><strong>ad</strong></span> <span class='ocrx_word' id='word_1_514' title='bbox 932 3856 1291 3912; x_wconf 90' lang='lat' dir='ltr'><strong>domesticam</strong></span> <span class='ocrx_word' id='word_1_515' title='bbox 1339 3857 1666 3927; x_wconf 87' lang='lat' dir='ltr'><strong>sapientiam</strong></span> <span class='ocrx_word' id='word_1_516' title='bbox 1727 3855 2089 3912; x_wconf 69' lang='lat' dir='ltr'><strong>Aristotelian</strong></span> <span class='ocrx_word' id='word_1_517' title='bbox 2125 3853 2486 3925; x_wconf 64' lang='lat' dir='ltr'><strong>philosophiae:</strong></span> <span class='ocrx_word' id='word_1_518' title='bbox 2550 3853 2795 3909; x_wconf 87' lang='lat' dir='ltr'><strong>studium</strong></span> <span class='ocrx_word' id='word_1_519' title='bbox 2853 3854 3200 3925; x_wconf 75' lang='lat' dir='ltr'><strong>adiunxerat,</strong></span> <span class='ocrx_word' id='word_1_520' title='bbox 3242 3855 3309 3912; x_wconf 90' lang='lat' dir='ltr'><strong>de</strong></span> <span class='ocrx_word' id='word_1_521' title='bbox 3341 3856 3625 3921; x_wconf 87' lang='lat' dir='ltr'><strong>membris,</strong></span> <span class='ocrx_word' id='word_1_522' title='bbox 3655 3873 3781 3926; x_wconf 75' lang='lat' dir='ltr'><strong>qua:</strong></span> 
     </span>
    </p>
   </div>
   <div class='ocr_carea' id='block_1_55' title="bbox 500 3944 3780 4019">
    <p class='ocr_par' dir='ltr' id='par_1_55' title="bbox 500 3944 3780 4019">
     <span class='ocr_line' id='line_1_55' title="bbox 500 3944 3780 4019; baseline 0.001 -17"><span class='ocrx_word' id='word_1_523' title='bbox 500 3944 613 4002; x_wconf 79' lang='lat' dir='ltr'><strong>Deo</strong></span> <span class='ocrx_word' id='word_1_524' title='bbox 665 3948 872 4017; x_wconf 86' lang='lat' dir='ltr'><strong>passim</strong></span> <span class='ocrx_word' id='word_1_525' title='bbox 908 3947 965 4001; x_wconf 90' lang='lat' dir='ltr'><strong>in</strong></span> <span class='ocrx_word' id='word_1_526' title='bbox 998 3946 1282 4019; x_wconf 86' lang='lat' dir='ltr'><strong>Scriptura</strong></span> <span class='ocrx_word' id='word_1_527' title='bbox 1334 3948 1505 4003; x_wconf 89' lang='lat' dir='ltr'><strong>tribui</strong></span> <span class='ocrx_word' id='word_1_528' title='bbox 1544 3948 1854 4015; x_wconf 88' lang='lat' dir='ltr'><strong>videantur,</strong></span> <span class='ocrx_word' id='word_1_529' title='bbox 1904 3948 2271 4017; x_wconf 89' lang='lat' dir='ltr'><strong>disputantem</strong></span> <span class='ocrx_word' id='word_1_530' title='bbox 2328 3944 2641 4000; x_wconf 85' lang='lat' dir='ltr'><strong>audiamus.</strong></span> <span class='ocrx_word' id='word_1_531' title='bbox 2713 3946 2805 4000; x_wconf 91' lang='lat' dir='ltr'><strong>Ille</strong></span> <span class='ocrx_word' id='word_1_532' title='bbox 2866 3956 3049 4002; x_wconf 90' lang='lat' dir='ltr'><strong>autem</strong></span> <span class='ocrx_word' id='word_1_533' title='bbox 3106 3950 3220 4018; x_wconf 89' lang='lat' dir='ltr'><strong>ipse</strong></span> <span class='ocrx_word' id='word_1_534' title='bbox 3263 3956 3372 4011; x_wconf 88' lang='lat' dir='ltr'><strong>est,</strong></span> <span class='ocrx_word' id='word_1_535' title='bbox 3427 3948 3589 4018; x_wconf 87' lang='lat' dir='ltr'><strong>cujus</strong></span> <span class='ocrx_word' id='word_1_536' title='bbox 3637 3950 3780 4005; x_wconf 89' lang='lat' dir='ltr'><strong>liber</strong></span> 
     </span>
    </p>
   </div>
   <div class='ocr_carea' id='block_1_56' title="bbox 499 4033 3791 4109">
    <p class='ocr_par' dir='ltr' id='par_1_56' title="bbox 499 4033 3791 4109">
     <span class='ocr_line' id='line_1_56' title="bbox 499 4033 3791 4109; baseline 0.002 -18"><span class='ocrx_word' id='word_1_537' title='bbox 499 4036 940 4095; x_wconf 68' lang='lat' dir='ltr'><strong>Machabaaorum</strong></span> <span class='ocrx_word' id='word_1_538' title='bbox 1006 4040 1284 4098; x_wconf 90' lang='lat' dir='ltr'><strong>secundus</strong></span> <span class='ocrx_word' id='word_1_539' title='bbox 1341 4042 1446 4097; x_wconf 87' lang='lat' dir='ltr'><strong>sub</strong></span> <span class='ocrx_word' id='word_1_540' title='bbox 1488 4041 1706 4096; x_wconf 90' lang='lat' dir='ltr'><strong>initium</strong></span> <span class='ocrx_word' id='word_1_541' title='bbox 1748 4040 2081 4096; x_wconf 86' lang='lat' dir='ltr'><strong>mentionem</strong></span> <span class='ocrx_word' id='word_1_542' title='bbox 2159 4035 2313 4091; x_wconf 79' lang='lat' dir='ltr'><strong>facit.</strong></span> <span class='ocrx_word' id='word_1_543' title='bbox 2384 4033 2437 4092; x_wconf 80' lang='lat' dir='ltr'><strong>Is</strong></span> <span class='ocrx_word' id='word_1_544' title='bbox 2487 4036 2656 4106; x_wconf 85' lang='lat' dir='ltr'><strong>igitur</strong></span> <span class='ocrx_word' id='word_1_545' title='bbox 2690 4036 2746 4091; x_wconf 91' lang='lat' dir='ltr'><strong>in</strong></span> <span class='ocrx_word' id='word_1_546' title='bbox 2788 4053 2889 4105; x_wconf 90' lang='lat' dir='ltr'><strong>eo,</strong></span> <span class='ocrx_word' id='word_1_547' title='bbox 2943 4053 3108 4109; x_wconf 91' lang='lat' dir='ltr'><strong>quem</strong></span> <span class='ocrx_word' id='word_1_548' title='bbox 3163 4038 3231 4093; x_wconf 89' lang='lat' dir='ltr'><strong>ad</strong></span> <span class='ocrx_word' id='word_1_549' title='bbox 3281 4036 3635 4096; x_wconf 71' lang='lat' dir='ltr'><strong>Ptolemaeum</strong></span> <span class='ocrx_word' id='word_1_550' title='bbox 3687 4056 3791 4100; x_wconf 86' lang='lat' dir='ltr'><strong>re-</strong></span> 
     </span>
    </p>
   </div>
   <div class='ocr_carea' id='block_1_57' title="bbox 499 4129 2218 4206">
    <p class='ocr_par' dir='ltr' id='par_1_57' title="bbox 499 4129 2218 4206">
     <span class='ocr_line' id='line_1_57' title="bbox 499 4129 2218 4206; baseline -0.004 -18"><span class='ocrx_word' id='word_1_551' title='bbox 499 4148 619 4203; x_wconf 76' lang='lat' dir='ltr'><strong>gem</strong></span> <span class='ocrx_word' id='word_1_552' title='bbox 651 4134 888 4206; x_wconf 90' lang='lat' dir='ltr'><strong>scripsit,</strong></span> <span class='ocrx_word' id='word_1_553' title='bbox 911 4133 1113 4201; x_wconf 89' lang='lat' dir='ltr'><strong>libello,</strong></span> <span class='ocrx_word' id='word_1_554' title='bbox 1143 4136 1291 4190; x_wconf 89' lang='lat' dir='ltr'><strong>hunc</strong></span> <span class='ocrx_word' id='word_1_555' title='bbox 1334 4133 1391 4189; x_wconf 90' lang='lat' dir='ltr'><strong>in</strong></span> <span class='ocrx_word' id='word_1_556' title='bbox 1416 4134 1639 4191; x_wconf 90' lang='lat' dir='ltr'><strong>modum</strong></span> <span class='ocrx_word' id='word_1_557' title='bbox 1675 4149 1741 4190; x_wconf 90' lang='lat' dir='ltr'><strong>ea</strong></span> <span class='ocrx_word' id='word_1_558' title='bbox 1778 4134 1848 4190; x_wconf 89' lang='lat' dir='ltr'><strong>de</strong></span> <span class='ocrx_word' id='word_1_559' title='bbox 1889 4148 1949 4188; x_wconf 87' lang='lat' dir='ltr'><strong>re</strong></span> <span class='ocrx_word' id='word_1_560' title='bbox 1976 4129 2218 4187; x_wconf 89' lang='lat' dir='ltr'><strong>disserit.</strong></span> 
     </span>
    </p>
   </div>
   <div class='ocr_carea' id='block_1_58' title="bbox 1036 4245 2101 4325">
    <p class='ocr_par' dir='ltr' id='par_1_58' title="bbox 1036 4250 1575 4325">
     <span class='ocr_line' id='line_1_58' title="bbox 1036 4250 1575 4325; baseline -0.002 -16"><span class='ocrx_word' id='word_1_561' title='bbox 1036 4251 1203 4325; x_wconf 72' lang='lat'><strong>376</strong></span> <span class='ocrx_word' id='word_1_562' title='bbox 1238 4250 1469 4309; x_wconf 84' lang='lat' dir='ltr'><strong>CAPUT</strong></span> <span class='ocrx_word' id='word_1_563' title='bbox 1505 4250 1575 4308; x_wconf 87' lang='lat' dir='ltr'><strong>x.</strong></span> 
     </span>
    </p>
   </div>
   <div class='ocr_carea' id='block_1_59' title="bbox 2203 4245 3216 4325">
    <p class='ocr_par' dir='ltr' id='par_1_59' title="bbox 2732 4245 3216 4302">
     <span class='ocr_line' id='line_1_59' title="bbox 2732 4245 3216 4302; baseline 0.008 -4"><span class='ocrx_word' id='word_1_564' title='bbox 2732 4246 3131 4302; x_wconf 73' lang='grc' dir='ltr'><strong>ΚΕΦᾹΛΔΙΟΝ</strong></span> <span class='ocrx_word' id='word_1_565' title='bbox 3162 4245 3216 4302; x_wconf 84' lang='grc' dir='ltr'><strong>ι’.</strong></span> 
     </span>
    </p>
   </div>
   <div class='ocr_carea' id='block_1_60' title="bbox 495 4337 2101 4480">
    <p class='ocr_par' dir='ltr' id='par_1_60' title="bbox 495 4340 2085 4471">
     <span class='ocr_line' id='line_1_60' title="bbox 495 4340 2085 4416; baseline -0.001 -18"><span class='ocrx_word' id='word_1_566' title='bbox 495 4341 817 4412; x_wconf 74' lang='lat' dir='ltr'><strong>Aristobuli,</strong></span> <span class='ocrx_word' id='word_1_567' title='bbox 864 4343 931 4399; x_wconf 77' lang='lat' dir='ltr'><strong>de</strong></span> <span class='ocrx_word' id='word_1_568' title='bbox 968 4345 1237 4409; x_wconf 78' lang='lat' dir='ltr'><strong>membris,</strong></span> <span class='ocrx_word' id='word_1_569' title='bbox 1283 4360 1402 4416; x_wconf 70' lang='lat' dir='ltr'><strong>qua:</strong></span> <span class='ocrx_word' id='word_1_570' title='bbox 1449 4353 1724 4399; x_wconf 78' lang='lat' dir='ltr'><strong>vacetenua</strong></span> <span class='ocrx_word' id='word_1_571' title='bbox 1754 4342 1864 4398; x_wconf 81' lang='lat' dir='ltr'><strong>Deo</strong></span> <span class='ocrx_word' id='word_1_572' title='bbox 1915 4340 2085 4396; x_wconf 81' lang='lat' dir='ltr'><strong>tribu—</strong></span> 
     </span>
     <span class='ocr_line' id='line_1_61' title="bbox 1199 4426 1385 4471; baseline 0.005 -1"><span class='ocrx_word' id='word_1_573' title='bbox 1199 4426 1385 4471; x_wconf 79' lang='lat' dir='ltr'><strong>untur.</strong></span> 
     </span>
    </p>
   </div>
   <div class='ocr_carea' id='block_1_61' title="bbox 2203 4337 3781 4480">
    <p class='ocr_par' dir='ltr' id='par_1_61' title="bbox 2203 4337 3781 4480">
     <span class='ocr_line' id='line_1_62' title="bbox 2203 4337 3781 4464; baseline 0.004 -72"><span class='ocrx_word' id='word_1_574' title='bbox 2203 4337 2651 4408; x_wconf 70' lang='grc' dir='ltr'>Ἀριστοϐούλου</span> <span class='ocrx_word' id='word_1_575' title='bbox 2693 4339 2827 4408; x_wconf 74' lang='grc' dir='ltr'>περὶ</span> <span class='ocrx_word' id='word_1_576' title='bbox 2858 4337 3461 4464; x_wconf 49' lang='grc' dir='ltr'><strong>τᾶνλὸδζομαζομένων</strong></span> <span class='ocrx_word' id='word_1_577' title='bbox 3496 4343 3580 4410; x_wconf 85' lang='grc' dir='ltr'>ὡς</span> <span class='ocrx_word' id='word_1_578' title='bbox 3623 4342 3781 4399; x_wconf 77' lang='grc' dir='ltr'><strong>Θεοῦ</strong></span> 
     </span>
     <span class='ocr_line' id='line_1_63' title="bbox 2877 4427 3097 4480; baseline 0.005 -16"><span class='ocrx_word' id='word_1_579' title='bbox 2877 4427 2949 4480; x_wconf 84' lang='grc' dir='ltr'><strong>με</strong></span> <span class='ocrx_word' id='word_1_580' title='bbox 3082 4450 3097 4465; x_wconf 91' lang='grc'><strong>.</strong></span> 
     </span>
    </p>
   </div>
   <div class='ocr_carea' id='block_1_62' title="bbox 574 4501 2084 4575">
    <p class='ocr_par' dir='ltr' id='par_1_62' title="bbox 574 4501 2084 4575">
     <span class='ocr_line' id='line_1_64' title="bbox 574 4501 2084 4575; baseline 0 -20"><span class='ocrx_word' id='word_1_581' title='bbox 574 4522 593 4555; x_wconf 74' lang='grc' dir='ltr'><strong>ι</strong></span> <span class='ocrx_word' id='word_1_582' title='bbox 627 4501 734 4559; x_wconf 83' lang='lat' dir='ltr'><strong>Sed</strong></span> <span class='ocrx_word' id='word_1_583' title='bbox 777 4504 1062 4575; x_wconf 89' lang='lat' dir='ltr'><strong>quoniam,</strong></span> <span class='ocrx_word' id='word_1_584' title='bbox 1091 4505 1271 4574; x_wconf 88' lang='lat' dir='ltr'><strong>inquit</strong></span> <span class='ocrx_word' id='word_1_585' title='bbox 1295 4504 1408 4571; x_wconf 83' lang='lat' dir='ltr'><strong>ille,</strong></span> <span class='ocrx_word' id='word_1_586' title='bbox 1438 4518 1565 4561; x_wconf 90' lang='lat' dir='ltr'><strong>cum</strong></span> <span class='ocrx_word' id='word_1_587' title='bbox 1596 4502 1896 4573; x_wconf 87' lang='lat' dir='ltr'><strong>propositis</strong></span> <span class='ocrx_word' id='word_1_588' title='bbox 1934 4514 2084 4572; x_wconf 67' lang='lat' dir='ltr'><strong>quaa-</strong></span> 
     </span>
    </p>
   </div>
   <div class='ocr_carea' id='block_1_63' title="bbox 497 4594 2084 4663">
    <p class='ocr_par' dir='ltr' id='par_1_63' title="bbox 497 4594 2084 4663">
     <span class='ocr_line' id='line_1_65' title="bbox 497 4594 2084 4663; baseline -0.003 -11"><span class='ocrx_word' id='word_1_589' title='bbox 497 4596 768 4652; x_wconf 88' lang='lat' dir='ltr'><strong>stionibus</strong></span> <span class='ocrx_word' id='word_1_590' title='bbox 797 4598 932 4652; x_wconf 87' lang='lat' dir='ltr'><strong>satis</strong></span> <span class='ocrx_word' id='word_1_591' title='bbox 956 4613 987 4652; x_wconf 92' lang='lat' dir='ltr'><strong>a</strong></span> <span class='ocrx_word' id='word_1_592' title='bbox 1025 4597 1183 4652; x_wconf 87' lang='lat' dir='ltr'><strong>nobis</strong></span> <span class='ocrx_word' id='word_1_593' title='bbox 1209 4596 1415 4652; x_wconf 81' lang='lat' dir='ltr'><strong>factum</strong></span> <span class='ocrx_word' id='word_1_594' title='bbox 1444 4604 1613 4663; x_wconf 91' lang='lat' dir='ltr'><strong>esset,</strong></span> <span class='ocrx_word' id='word_1_595' title='bbox 1650 4594 2026 4658; x_wconf 88' lang='lat' dir='ltr'><strong>succiamasti,</strong></span> <span class='ocrx_word' id='word_1_596' title='bbox 2049 4607 2084 4648; x_wconf 88' lang='grc' dir='ltr'>ο</span> 
     </span>
    </p>
   </div>
   <div class='ocr_carea' id='block_1_64' title="bbox 496 4687 2083 4761">
    <p class='ocr_par' dir='ltr' id='par_1_64' title="bbox 496 4687 2083 4761">
     <span class='ocr_line' id='line_1_66' title="bbox 496 4687 2083 4761; baseline -0.002 -18"><span class='ocrx_word' id='word_1_597' title='bbox 496 4704 617 4755; x_wconf 91' lang='lat' dir='ltr'><strong>rex,</strong></span> <span class='ocrx_word' id='word_1_598' title='bbox 671 4689 930 4760; x_wconf 88' lang='lat' dir='ltr'><strong>deinceps</strong></span> <span class='ocrx_word' id='word_1_599' title='bbox 978 4691 1097 4760; x_wconf 90' lang='lat' dir='ltr'><strong>ipse</strong></span> <span class='ocrx_word' id='word_1_600' title='bbox 1148 4705 1409 4761; x_wconf 86' lang='lat' dir='ltr'><strong>quoque;</strong></span> <span class='ocrx_word' id='word_1_601' title='bbox 1445 4704 1711 4761; x_wconf 89' lang='lat' dir='ltr'><strong>quorsum</strong></span> <span class='ocrx_word' id='word_1_602' title='bbox 1746 4689 1963 4744; x_wconf 86' lang='lat' dir='ltr'><strong>tandem</strong></span> <span class='ocrx_word' id='word_1_603' title='bbox 1996 4687 2083 4743; x_wconf 88' lang='lat' dir='ltr'><strong>lex</strong></span> 
     </span>
    </p>
   </div>
   <div class='ocr_carea' id='block_1_65' title="bbox 494 4778 2084 4853">
    <p class='ocr_par' dir='ltr' id='par_1_65' title="bbox 494 4778 2084 4853">
     <span class='ocr_line' id='line_1_67' title="bbox 494 4778 2084 4853; baseline 0 -18"><span class='ocrx_word' id='word_1_604' title='bbox 494 4778 613 4850; x_wconf 83' lang='lat' dir='ltr'><strong>ipsa</strong></span> <span class='ocrx_word' id='word_1_605' title='bbox 636 4790 846 4847; x_wconf 84' lang='lat' dir='ltr'><strong>nostra,</strong></span> <span class='ocrx_word' id='word_1_606' title='bbox 879 4796 1098 4847; x_wconf 89' lang='lat' dir='ltr'><strong>manus,</strong></span> <span class='ocrx_word' id='word_1_607' title='bbox 1132 4782 1378 4850; x_wconf 89' lang='lat' dir='ltr'><strong>brachia,</strong></span> <span class='ocrx_word' id='word_1_608' title='bbox 1411 4782 1854 4853; x_wconf 81' lang='lat' dir='ltr'><strong>vultum,pedes,</strong></span> <span class='ocrx_word' id='word_1_609' title='bbox 1888 4780 2084 4835; x_wconf 82' lang='lat' dir='ltr'><strong>ambu-</strong></span> 
     </span>
    </p>
   </div>
   <div class='ocr_carea' id='block_1_66' title="bbox 480 4871 2083 4945">
    <p class='ocr_par' dir='ltr' id='par_1_66' title="bbox 480 4871 2083 4945">
     <span class='ocr_line' id='line_1_68' title="bbox 480 4871 2083 4945; baseline 0 -17"><span class='ocrx_word' id='word_1_610' title='bbox 480 4871 762 4928; x_wconf 67' lang='lat' dir='ltr'><strong>&#39;lationem</strong></span> <span class='ocrx_word' id='word_1_611' title='bbox 793 4871 1220 4929; x_wconf 83' lang='lat' dir='ltr'><strong>divinoNumini</strong></span> <span class='ocrx_word' id='word_1_612' title='bbox 1268 4875 1539 4930; x_wconf 88' lang='lat' dir='ltr'><strong>attribuat</strong></span> <span class='ocrx_word' id='word_1_613' title='bbox 1570 4894 1583 4929; x_wconf 90' lang='lat'><strong>:</strong></span> <span class='ocrx_word' id='word_1_614' title='bbox 1621 4875 1765 4930; x_wconf 90' lang='lat' dir='ltr'><strong>hanc</strong></span> <span class='ocrx_word' id='word_1_615' title='bbox 1820 4881 2083 4945; x_wconf 82' lang='lat' dir='ltr'><strong>praeterea</strong></span> 
     </span>
    </p>
   </div>
   <div class='ocr_carea' id='block_1_67' title="bbox 489 4964 2083 5039">
    <p class='ocr_par' dir='ltr' id='par_1_67' title="bbox 489 4964 2083 5039">
     <span class='ocr_line' id='line_1_69' title="bbox 489 4964 2083 5039; baseline 0.002 -20"><span class='ocrx_word' id='word_1_616' title='bbox 489 4964 693 5039; x_wconf 84' lang='lat' dir='ltr'><strong>juverit</strong></span> <span class='ocrx_word' id='word_1_617' title='bbox 723 4968 1100 5037; x_wconf 88' lang='lat' dir='ltr'><strong>superioribus</strong></span> <span class='ocrx_word' id='word_1_618' title='bbox 1131 4968 1558 5039; x_wconf 88' lang='lat' dir='ltr'><strong>disputationem</strong></span> <span class='ocrx_word' id='word_1_619' title='bbox 1596 4969 1918 5038; x_wconf 76' lang='lat' dir='ltr'><strong>adiungere,</strong></span> <span class='ocrx_word' id='word_1_620' title='bbox 1958 4982 2083 5036; x_wconf 85' lang='lat' dir='ltr'><strong>quae</strong></span> 
     </span>
    </p>
   </div>
   <div class='ocr_carea' id='block_1_68' title="bbox 493 5057 2079 5135">
    <p class='ocr_par' dir='ltr' id='par_1_68' title="bbox 493 5057 2079 5135">
     <span class='ocr_line' id='line_1_70' title="bbox 493 5057 2079 5135; baseline 0.002 -22"><span class='ocrx_word' id='word_1_621' title='bbox 493 5073 618 5113; x_wconf 92' lang='lat' dir='ltr'><strong>cum</strong></span> <span class='ocrx_word' id='word_1_622' title='bbox 647 5057 715 5115; x_wconf 93' lang='lat' dir='ltr'><strong>iis</strong></span> <span class='ocrx_word' id='word_1_623' title='bbox 735 5059 883 5114; x_wconf 85' lang='lat' dir='ltr'><strong>nullo</strong></span> <span class='ocrx_word' id='word_1_624' title='bbox 912 5060 1076 5115; x_wconf 91' lang='lat' dir='ltr'><strong>modo</strong></span> <span class='ocrx_word' id='word_1_625' title='bbox 1108 5070 1329 5135; x_wconf 88' lang='lat' dir='ltr'><strong>pugnet.</strong></span> <span class='ocrx_word' id='word_1_626' title='bbox 1373 5063 1493 5130; x_wconf 87' lang='lat' dir='ltr'><strong>Quo</strong></span> <span class='ocrx_word' id='word_1_627' title='bbox 1520 5062 1741 5133; x_wconf 89' lang='lat' dir='ltr'><strong>quidem</strong></span> <span class='ocrx_word' id='word_1_628' title='bbox 1767 5062 1821 5116; x_wconf 93' lang='lat' dir='ltr'><strong>in</strong></span> <span class='ocrx_word' id='word_1_629' title='bbox 1857 5075 2079 5133; x_wconf 88' lang='lat' dir='ltr'><strong>genere,</strong></span> 
     </span>
    </p>
   </div>
   <div class='ocr_carea' id='block_1_69' title="bbox 492 5138 2081 5223">
    <p class='ocr_par' dir='ltr' id='par_1_69' title="bbox 492 5138 2081 5223">
     <span class='ocr_line' id='line_1_71' title="bbox 492 5138 2081 5223; baseline 0.003 -17"><span class='ocrx_word' id='word_1_630' title='bbox 492 5151 598 5207; x_wconf 75' lang='lat' dir='ltr'><strong>hoc</strong></span> <span class='ocrx_word' id='word_1_631' title='bbox 630 5160 683 5207; x_wconf 90' lang='lat' dir='ltr'><strong>te</strong></span> <span class='ocrx_word' id='word_1_632' title='bbox 715 5154 769 5207; x_wconf 92' lang='lat' dir='ltr'><strong>in</strong></span> <span class='ocrx_word' id='word_1_633' title='bbox 801 5138 1311 5223; x_wconf 60' lang='lat' dir='ltr'><strong>primis’exoratum</strong></span> <span class='ocrx_word' id='word_1_634' title='bbox 1371 5154 1535 5211; x_wconf 85' lang='lat' dir='ltr'><strong>velim</strong></span> <span class='ocrx_word' id='word_1_635' title='bbox 1566 5194 1580 5219; x_wconf 93' lang='lat'><strong>,</strong></span> <span class='ocrx_word' id='word_1_636' title='bbox 1632 5156 1709 5210; x_wconf 92' lang='lat' dir='ltr'><strong>uti</strong></span> <span class='ocrx_word' id='word_1_637' title='bbox 1760 5154 2081 5210; x_wconf 86' lang='lat' dir='ltr'><strong>traditiones</strong></span> 
     </span>
    </p>
   </div>
   <div class='ocr_carea' id='block_1_70' title="bbox 494 5243 2077 5318">
    <p class='ocr_par' dir='ltr' id='par_1_70' title="bbox 494 5243 2077 5318">
     <span class='ocr_line' id='line_1_72' title="bbox 494 5243 2077 5318; baseline 0.001 -20"><span class='ocrx_word' id='word_1_638' title='bbox 494 5243 630 5301; x_wconf 88' lang='lat' dir='ltr'><strong>istas</strong></span> <span class='ocrx_word' id='word_1_639' title='bbox 676 5247 897 5318; x_wconf 85' lang='lat' dir='ltr'><strong>physice</strong></span> <span class='ocrx_word' id='word_1_640' title='bbox 944 5247 1185 5318; x_wconf 86' lang='lat' dir='ltr'><strong>accipias</strong></span> <span class='ocrx_word' id='word_1_641' title='bbox 1216 5288 1233 5314; x_wconf 97' lang='lat'><strong>,</strong></span> <span class='ocrx_word' id='word_1_642' title='bbox 1286 5247 1621 5318; x_wconf 87' lang='lat' dir='ltr'><strong>dignamque</strong></span> <span class='ocrx_word' id='word_1_643' title='bbox 1666 5246 1761 5302; x_wconf 89' lang='lat' dir='ltr'><strong>Dei</strong></span> <span class='ocrx_word' id='word_1_644' title='bbox 1796 5247 2077 5302; x_wconf 84' lang='lat' dir='ltr'><strong>notionem</strong></span> 
     </span>
    </p>
   </div>
   <div class='ocr_carea' id='block_1_71' title="bbox 492 5336 2081 5410">
    <p class='ocr_par' dir='ltr' id='par_1_71' title="bbox 492 5336 2081 5410">
     <span class='ocr_line' id='line_1_73' title="bbox 492 5336 2081 5410; baseline 0 -21"><span class='ocrx_word' id='word_1_645' title='bbox 492 5341 810 5391; x_wconf 76' lang='lat' dir='ltr'><strong>constanter</strong></span> <span class='ocrx_word' id='word_1_646' title='bbox 837 5336 1096 5404; x_wconf 88' lang='lat' dir='ltr'><strong>retineas,</strong></span> <span class='ocrx_word' id='word_1_647' title='bbox 1130 5353 1197 5394; x_wconf 87' lang='lat' dir='ltr'><strong>ne</strong></span> <span class='ocrx_word' id='word_1_648' title='bbox 1233 5339 1288 5393; x_wconf 91' lang='lat' dir='ltr'><strong>in</strong></span> <span class='ocrx_word' id='word_1_649' title='bbox 1314 5336 1623 5395; x_wconf 84' lang='lat' dir='ltr'><strong>fabulosam</strong></span> <span class='ocrx_word' id='word_1_650' title='bbox 1655 5339 1953 5410; x_wconf 88' lang='lat' dir='ltr'><strong>quamdam</strong></span> <span class='ocrx_word' id='word_1_651' title='bbox 1980 5336 2081 5390; x_wconf 88' lang='lat' dir='ltr'><strong>hu-</strong></span> 
     </span>
    </p>
   </div>
   <div class='ocr_carea' id='block_1_72' title="bbox 494 5471 2081 5549">
    <p class='ocr_par' dir='ltr' id='par_1_72' title="bbox 494 5471 2081 5549">
     <span class='ocr_line' id='line_1_74' title="bbox 494 5471 2081 5549; baseline 0.009 -31"><span class='ocrx_word' id='word_1_652' title='bbox 494 5483 685 5549; x_wconf 43' lang='lat' dir='ltr'><strong>geuvq</strong></span> <span class='ocrx_word' id='word_1_653' title='bbox 720 5478 862 5549; x_wconf 87' lang='lat' dir='ltr'><strong>et_c.,</strong></span> <span class='ocrx_word' id='word_1_654' title='bbox 905 5471 1067 5549; x_wconf 88' lang='lat' dir='ltr'><strong>ut_in</strong></span> <span class='ocrx_word' id='word_1_655' title='bbox 1096 5480 1354 5549; x_wconf 82' lang='lat' dir='ltr'><strong>_nostro._</strong></span> <span class='ocrx_word' id='word_1_656' title='bbox 1380 5471 1511 5530; x_wconf 86' lang='lat' dir='ltr'><strong>Mihi</strong></span> <span class='ocrx_word' id='word_1_657' title='bbox 1560 5475 1736 5549; x_wconf 90' lang='lat' dir='ltr'><strong>solum</strong></span> <span class='ocrx_word' id='word_1_658' title='bbox 1790 5477 1931 5533; x_wconf 77' lang='grc' dir='ltr'>κατὰ</span> <span class='ocrx_word' id='word_1_659' title='bbox 1976 5477 2081 5549; x_wconf 82' lang='grc' dir='ltr'>τῆς</span> 
     </span>
    </p>
   </div>
   <div class='ocr_carea' id='block_1_73' title="bbox 491 5538 2075 5615">
    <p class='ocr_par' dir='ltr' id='par_1_73' title="bbox 491 5538 2075 5615">
     <span class='ocr_line' id='line_1_75' title="bbox 491 5538 2075 5615; baseline 0.01 -27"><span class='ocrx_word' id='word_1_660' title='bbox 491 5538 707 5615; x_wconf 67' lang='grc' dir='ltr'>ομιλίας</span> <span class='ocrx_word' id='word_1_661' title='bbox 735 5541 815 5615; x_wconf 26' lang='lat' dir='ltr'><strong>‘in</strong></span> <span class='ocrx_word' id='word_1_662' title='bbox 863 5541 1005 5615; x_wconf 75' lang='grc' dir='ltr'>κατὰ</span> <span class='ocrx_word' id='word_1_663' title='bbox 1057 5541 1157 5615; x_wconf 79' lang='grc' dir='ltr'>τὴν</span> <span class='ocrx_word' id='word_1_664' title='bbox 1206 5543 1790 5615; x_wconf 40' lang='grc' dir='ltr'>ὁμιλίανμῐηιιιοηάυω</span> <span class='ocrx_word' id='word_1_665' title='bbox 1838 5538 2075 5614; x_wconf 68' lang='lat' dir='ltr'><strong>videtur,</strong></span> 
     </span>
    </p>
   </div>
   <div class='ocr_carea' id='block_1_74' title="bbox 496 5608 2074 5692">
    <p class='ocr_par' dir='ltr' id='par_1_74' title="bbox 496 5608 2074 5692">
     <span class='ocr_line' id='line_1_76' title="bbox 496 5608 2074 5692; baseline 0.008 -30"><span class='ocrx_word' id='word_1_666' title='bbox 496 5608 606 5692; x_wconf 47' lang='lat' dir='ltr'><strong>hoc‘</strong></span> <span class='ocrx_word' id='word_1_667' title='bbox 625 5611 825 5692; x_wconf 57' lang='lat' dir='ltr'><strong>plodo,</strong></span> <span class='ocrx_word' id='word_1_668' title='bbox 993 5608 1125 5685; x_wconf 66' lang='grc' dir='ltr'>περί</span> <span class='ocrx_word' id='word_1_669' title='bbox 1148 5608 1375 5692; x_wconf 71' lang='grc' dir='ltr'>τούτων,</span> <span class='ocrx_word' id='word_1_670' title='bbox 1405 5610 1497 5670; x_wconf 78' lang='grc' dir='ltr'>οὗν</span> <span class='ocrx_word' id='word_1_671' title='bbox 1510 5617 1769 5692; x_wconf 48' lang='grc' dir='ltr'>νομίζω,</span> <span class='ocrx_word' id='word_1_672' title='bbox 1803 5619 1942 5673; x_wconf 79' lang='grc' dir='ltr'>κατὰ</span> <span class='ocrx_word' id='word_1_673' title='bbox 1974 5608 2074 5692; x_wconf 73' lang='grc' dir='ltr'>τὴν</span> 
     </span>
    </p>
   </div>
   <div class='ocr_carea' id='block_1_75' title="bbox 493 5678 2072 5763">
    <p class='ocr_par' dir='ltr' id='par_1_75' title="bbox 493 5678 2072 5763">
     <span class='ocr_line' id='line_1_77' title="bbox 493 5678 2072 5763; baseline 0.01 -35"><span class='ocrx_word' id='word_1_674' title='bbox 493 5678 730 5763; x_wconf 72' lang='grc' dir='ltr'>ὁμιλίαν,</span> <span class='ocrx_word' id='word_1_675' title='bbox 761 5681 886 5763; x_wconf 73' lang='grc' dir='ltr'>ἄξια</span> <span class='ocrx_word' id='word_1_676' title='bbox 911 5678 1079 5763; x_wconf 57' lang='grc' dir='ltr'>λόγου</span> <span class='ocrx_word' id='word_1_677' title='bbox 1110 5678 1457 5763; x_wconf 71' lang='grc' dir='ltr'>καθεστάναι.</span> <span class='ocrx_word' id='word_1_678' title='bbox 1485 5678 1797 5763; x_wconf 75' lang='lat' dir='ltr'><strong>_Sequentia</strong></span> <span class='ocrx_word' id='word_1_679' title='bbox 1844 5678 2072 5763; x_wconf 71' lang='lat' dir='ltr'><strong>retineri</strong></span> 
     </span>
    </p>
   </div>
   <div class='ocr_carea' id='block_1_76' title="bbox 498 5753 2069 5832">
    <p class='ocr_par' dir='ltr' id='par_1_76' title="bbox 498 5753 2069 5832">
     <span class='ocr_line' id='line_1_78' title="bbox 498 5753 2069 5832; baseline 0.026 -39"><span class='ocrx_word' id='word_1_680' title='bbox 498 5757 729 5832; x_wconf 50' lang='lat' dir='ltr'><strong>possunt</strong></span> <span class='ocrx_word' id='word_1_681' title='bbox 758 5767 771 5803; x_wconf 90' lang='lat'>:</span> <span class='ocrx_word' id='word_1_682' title='bbox 804 5753 979 5832; x_wconf 78' lang='lat' dir='ltr'><strong>in__iis</strong></span> <span class='ocrx_word' id='word_1_683' title='bbox 1012 5762 1198 5832; x_wconf 79' lang='lat' dir='ltr'><strong>tamen</strong></span> <span class='ocrx_word' id='word_1_684' title='bbox 1240 5758 1371 5813; x_wconf 81' lang='lat' dir='ltr'><strong>haesi</strong></span> <span class='ocrx_word' id='word_1_685' title='bbox 1406 5753 1861 5832; x_wconf 14' lang='lat' dir='ltr'><strong>Arisi@.,apud</strong></span> <span class='ocrx_word' id='word_1_686' title='bbox 1909 5777 2069 5832; x_wconf 71' lang='grc' dir='ltr'>(ιιιθιη</span> 
     </span>
    </p>
   </div>
   <div class='ocr_carea' id='block_1_77' title="bbox 496 5818 1877 5894">
    <p class='ocr_par' dir='ltr' id='par_1_77' title="bbox 496 5818 1877 5894">
     <span class='ocr_line' id='line_1_79' title="bbox 496 5818 1877 5894; baseline 0.007 -20"><span class='ocrx_word' id='word_1_687' title='bbox 496 5818 769 5875; x_wconf 70' lang='lat' dir='ltr'><strong>illustrior</strong></span> <span class='ocrx_word' id='word_1_688' title='bbox 800 5822 932 5878; x_wconf 89' lang='lat' dir='ltr'><strong>mihi</strong></span> <span class='ocrx_word' id='word_1_689' title='bbox 969 5838 1033 5879; x_wconf 87' lang='lat' dir='ltr'><strong>ac</strong></span> <span class='ocrx_word' id='word_1_690' title='bbox 1059 5824 1269 5894; x_wconf 87' lang='lat' dir='ltr'><strong>plenior</strong></span> <span class='ocrx_word' id='word_1_691' title='bbox 1299 5842 1494 5884; x_wconf 86' lang='lat' dir='ltr'><strong>sensus</strong></span> <span class='ocrx_word' id='word_1_692' title='bbox 1524 5818 1877 5885; x_wconf 72' lang='lat' dir='ltr'><strong>offerebatur.</strong></span> 
     </span>
    </p>
   </div>
   <div class='ocr_carea' id='block_1_78' title="bbox 2263 4502 3776 4580">
    <p class='ocr_par' dir='ltr' id='par_1_78' title="bbox 2263 4502 3776 4580">
     <span class='ocr_line' id='line_1_80' title="bbox 2263 4502 3776 4580; baseline 0.007 -28"><span class='ocrx_word' id='word_1_693' title='bbox 2263 4519 2282 4552; x_wconf 74' lang='grc' dir='ltr'><strong>ι</strong></span> <span class='ocrx_word' id='word_1_694' title='bbox 2321 4502 2468 4574; x_wconf 80' lang='grc' dir='ltr'>Πλὴν</span> <span class='ocrx_word' id='word_1_695' title='bbox 2509 4502 2707 4568; x_wconf 78' lang='grc' dir='ltr'>ἱκανῶς</span> <span class='ocrx_word' id='word_1_696' title='bbox 2730 4502 3034 4575; x_wconf 76' lang='grc' dir='ltr'><strong>εἰρημένων</strong></span> <span class='ocrx_word' id='word_1_697' title='bbox 3059 4503 3194 4575; x_wconf 73' lang='grc' dir='ltr'>πρὸς</span> <span class='ocrx_word' id='word_1_698' title='bbox 3220 4504 3289 4560; x_wconf 71' lang='grc' dir='ltr'>τὰ</span> <span class='ocrx_word' id='word_1_699' title='bbox 3313 4506 3649 4579; x_wconf 82' lang='grc' dir='ltr'>προκείμενα</span> <span class='ocrx_word' id='word_1_700' title='bbox 3675 4506 3776 4580; x_wconf 77' lang='grc' dir='ltr'><strong>ζη-</strong></span> 
     </span>
    </p>
   </div>
   <div class='ocr_carea' id='block_1_79' title="bbox 2184 4594 3776 4671">
    <p class='ocr_par' dir='ltr' id='par_1_79' title="bbox 2184 4594 3776 4671">
     <span class='ocr_line' id='line_1_81' title="bbox 2184 4594 3776 4671; baseline 0.004 -23"><span class='ocrx_word' id='word_1_701' title='bbox 2184 4594 2423 4666; x_wconf 85' lang='grc' dir='ltr'>τήματα,</span> <span class='ocrx_word' id='word_1_702' title='bbox 2458 4594 2815 4667; x_wconf 79' lang='grc' dir='ltr'>ὲπεφὼνησας</span> <span class='ocrx_word' id='word_1_703' title='bbox 2848 4596 2942 4649; x_wconf 80' lang='grc' dir='ltr'>καὶ</span> <span class='ocrx_word' id='word_1_704' title='bbox 2969 4596 3055 4660; x_wconf 83' lang='grc' dir='ltr'><strong>σὺ,</strong></span> <span class='ocrx_word' id='word_1_705' title='bbox 3080 4595 3301 4667; x_wconf 82' lang='grc' dir='ltr'>βασιλεῦ</span> <span class='ocrx_word' id='word_1_706' title='bbox 3328 4637 3344 4662; x_wconf 90' lang='grc'><strong>,</strong></span> <span class='ocrx_word' id='word_1_707' title='bbox 3390 4597 3525 4652; x_wconf 84' lang='grc' dir='ltr'>διότι</span> <span class='ocrx_word' id='word_1_708' title='bbox 3572 4600 3776 4671; x_wconf 81' lang='grc' dir='ltr'>σημαί-</span> 
     </span>
    </p>
   </div>
   <div class='ocr_carea' id='block_1_80' title="bbox 2184 4685 3768 4764">
    <p class='ocr_par' dir='ltr' id='par_1_80' title="bbox 2184 4685 3768 4764">
     <span class='ocr_line' id='line_1_82' title="bbox 2184 4685 3768 4764; baseline 0.005 -26"><span class='ocrx_word' id='word_1_709' title='bbox 2184 4702 2335 4739; x_wconf 83' lang='grc' dir='ltr'>νεται</span> <span class='ocrx_word' id='word_1_710' title='bbox 2360 4685 2447 4740; x_wconf 83' lang='grc' dir='ltr'>διὰ</span> <span class='ocrx_word' id='word_1_711' title='bbox 2477 4686 2571 4741; x_wconf 85' lang='grc' dir='ltr'><strong>τοῦ</strong></span> <span class='ocrx_word' id='word_1_712' title='bbox 2609 4687 2775 4757; x_wconf 88' lang='grc' dir='ltr'>νόμου</span> <span class='ocrx_word' id='word_1_713' title='bbox 2813 4686 2909 4741; x_wconf 81' lang='grc' dir='ltr'>τοῦ</span> <span class='ocrx_word' id='word_1_714' title='bbox 2940 4691 3073 4760; x_wconf 79' lang='grc' dir='ltr'>παρ’</span> <span class='ocrx_word' id='word_1_715' title='bbox 3095 4691 3250 4761; x_wconf 74' lang='grc' dir='ltr'>ἡμῖν,</span> <span class='ocrx_word' id='word_1_716' title='bbox 3279 4691 3374 4744; x_wconf 78' lang='grc' dir='ltr'>καὶ</span> <span class='ocrx_word' id='word_1_717' title='bbox 3422 4693 3603 4764; x_wconf 77' lang='grc' dir='ltr'>χεῖρες</span> <span class='ocrx_word' id='word_1_718' title='bbox 3630 4691 3768 4763; x_wconf 84' lang='lat'><strong>(86).</strong></span> 
     </span>
    </p>
   </div>
   <div class='ocr_carea' id='block_1_81' title="bbox 2183 4776 3773 4855">
    <p class='ocr_par' dir='ltr' id='par_1_81' title="bbox 2183 4776 3773 4855">
     <span class='ocr_line' id='line_1_83' title="bbox 2183 4776 3773 4855; baseline 0.004 -24"><span class='ocrx_word' id='word_1_719' title='bbox 2183 4777 2274 4831; x_wconf 80' lang='grc' dir='ltr'>καὶ</span> <span class='ocrx_word' id='word_1_720' title='bbox 2304 4776 2561 4849; x_wconf 85' lang='grc' dir='ltr'><strong>βραχίων,</strong></span> <span class='ocrx_word' id='word_1_721' title='bbox 2581 4780 2674 4833; x_wconf 77' lang='grc' dir='ltr'>καὶ</span> <span class='ocrx_word' id='word_1_722' title='bbox 2689 4779 2998 4852; x_wconf 86' lang='grc' dir='ltr'>πρόσωπον,</span> <span class='ocrx_word' id='word_1_723' title='bbox 3017 4781 3112 4833; x_wconf 74' lang='grc' dir='ltr'>καὶ</span> <span class='ocrx_word' id='word_1_724' title='bbox 3137 4781 3314 4846; x_wconf 80' lang='grc' dir='ltr'>πόδες,</span> <span class='ocrx_word' id='word_1_725' title='bbox 3338 4784 3434 4836; x_wconf 70' lang='grc' dir='ltr'><strong>κα)⁸</strong></span> <span class='ocrx_word' id='word_1_726' title='bbox 3468 4783 3773 4855; x_wconf 83' lang='grc' dir='ltr'>περίπατος</span> 
     </span>
    </p>
   </div>
   <div class='ocr_carea' id='block_1_82' title="bbox 2182 4871 3771 4949">
    <p class='ocr_par' dir='ltr' id='par_1_82' title="bbox 2182 4871 3771 4949">
     <span class='ocr_line' id='line_1_84' title="bbox 2182 4871 3771 4949; baseline 0.004 -25"><span class='ocrx_word' id='word_1_727' title='bbox 2182 4871 2275 4925; x_wconf 72' lang='grc' dir='ltr'><strong>ἐπὶ</strong></span> <span class='ocrx_word' id='word_1_728' title='bbox 2304 4872 2403 4943; x_wconf 83' lang='grc' dir='ltr'>τῆς</span> <span class='ocrx_word' id='word_1_729' title='bbox 2427 4871 2577 4937; x_wconf 86' lang='grc' dir='ltr'>θείας</span> <span class='ocrx_word' id='word_1_730' title='bbox 2599 4872 2912 4945; x_wconf 84' lang='grc' dir='ltr'>δυνάμεως·</span> <span class='ocrx_word' id='word_1_731' title='bbox 2944 4873 2981 4929; x_wconf 77' lang='grc' dir='ltr'>ἃ</span> <span class='ocrx_word' id='word_1_732' title='bbox 3015 4874 3261 4943; x_wconf 77' lang='grc' dir='ltr'>τεύξεται</span> <span class='ocrx_word' id='word_1_733' title='bbox 3304 4875 3462 4946; x_wconf 82' lang='grc' dir='ltr'>λόγου</span> <span class='ocrx_word' id='word_1_734' title='bbox 3500 4877 3771 4949; x_wconf 83' lang='grc' dir='ltr'>καθήκον-</span> 
     </span>
    </p>
   </div>
   <div class='ocr_carea' id='block_1_83' title="bbox 2180 4961 3772 5040">
    <p class='ocr_par' dir='ltr' id='par_1_83' title="bbox 2180 4961 3772 5040">
     <span class='ocr_line' id='line_1_85' title="bbox 2180 4961 3772 5040; baseline 0.006 -27"><span class='ocrx_word' id='word_1_735' title='bbox 2180 4976 2290 5025; x_wconf 87' lang='grc' dir='ltr'>τος,</span> <span class='ocrx_word' id='word_1_736' title='bbox 2314 4961 2523 5016; x_wconf 82' lang='grc' dir='ltr'>καὶούκ</span> <span class='ocrx_word' id='word_1_737' title='bbox 2552 4963 2888 5037; x_wconf 79' lang='grc' dir='ltr'>ἀντιδοξήσει</span> <span class='ocrx_word' id='word_1_738' title='bbox 2911 4968 3023 5030; x_wconf 80' lang='grc' dir='ltr'>τοῖς</span> <span class='ocrx_word' id='word_1_739' title='bbox 3042 4967 3462 5040; x_wconf 75' lang='grc' dir='ltr'>προειρημένοις</span> <span class='ocrx_word' id='word_1_740' title='bbox 3485 4968 3576 5039; x_wconf 82' lang='grc' dir='ltr'><strong>ὐφ’</strong></span> <span class='ocrx_word' id='word_1_741' title='bbox 3607 4969 3772 5040; x_wconf 78' lang='grc' dir='ltr'>ἡμῶν</span> 
     </span>
    </p>
   </div>
   <div class='ocr_carea' id='block_1_84' title="bbox 2180 5050 3769 5130">
    <p class='ocr_par' dir='ltr' id='par_1_84' title="bbox 2180 5050 3769 5130">
     <span class='ocr_line' id='line_1_86' title="bbox 2180 5050 3769 5130; baseline 0.007 -27"><span class='ocrx_word' id='word_1_742' title='bbox 2180 5050 2352 5104; x_wconf 77' lang='grc' dir='ltr'>οὐδέν.</span> <span class='ocrx_word' id='word_1_743' title='bbox 2380 5051 2767 5125; x_wconf 84' lang='grc' dir='ltr'>Παρακαλέσαι</span> <span class='ocrx_word' id='word_1_744' title='bbox 2791 5054 2847 5108; x_wconf 80' lang='grc' dir='ltr'>δέ</span> <span class='ocrx_word' id='word_1_745' title='bbox 2875 5072 2935 5109; x_wconf 89' lang='grc' dir='ltr'><strong>σε</strong></span> <span class='ocrx_word' id='word_1_746' title='bbox 2966 5054 3227 5129; x_wconf 75' lang='grc' dir='ltr'>βούλομαι</span> <span class='ocrx_word' id='word_1_747' title='bbox 3257 5057 3396 5129; x_wconf 83' lang='grc' dir='ltr'>πρὸς</span> <span class='ocrx_word' id='word_1_748' title='bbox 3434 5058 3495 5113; x_wconf 85' lang='grc' dir='ltr'>τὸ</span> <span class='ocrx_word' id='word_1_749' title='bbox 3521 5060 3769 5130; x_wconf 78' lang='grc' dir='ltr'>φυσικῶς</span> 
     </span>
    </p>
   </div>
   <div class='ocr_carea' id='block_1_85' title="bbox 2181 5140 3768 5220">
    <p class='ocr_par' dir='ltr' id='par_1_85' title="bbox 2181 5140 3768 5220">
     <span class='ocr_line' id='line_1_87' title="bbox 2181 5140 3768 5220; baseline 0.007 -26"><span class='ocrx_word' id='word_1_750' title='bbox 2181 5140 2476 5213; x_wconf 76' lang='grc' dir='ltr'>λαμϐάνειν</span> <span class='ocrx_word' id='word_1_751' title='bbox 2506 5143 2619 5215; x_wconf 90' lang='lat'><strong>(87)</strong></span> <span class='ocrx_word' id='word_1_752' title='bbox 2654 5144 2751 5208; x_wconf 82' lang='grc' dir='ltr'>τὰς</span> <span class='ocrx_word' id='word_1_753' title='bbox 2773 5144 3022 5217; x_wconf 83' lang='grc' dir='ltr'>ὲκδοχὰς,</span> <span class='ocrx_word' id='word_1_754' title='bbox 3059 5147 3154 5200; x_wconf 72' lang='grc' dir='ltr'>καὶ</span> <span class='ocrx_word' id='word_1_755' title='bbox 3180 5147 3281 5220; x_wconf 81' lang='grc' dir='ltr'>τὴν</span> <span class='ocrx_word' id='word_1_756' title='bbox 3312 5148 3655 5220; x_wconf 76' lang='grc' dir='ltr'>ἁρμόζουσαν</span> <span class='ocrx_word' id='word_1_757' title='bbox 3681 5149 3768 5205; x_wconf 77' lang='grc' dir='ltr'><strong>ἐν-</strong></span> 
     </span>
    </p>
   </div>
   <div class='ocr_carea' id='block_1_86' title="bbox 2181 5236 3769 5312">
    <p class='ocr_par' dir='ltr' id='par_1_86' title="bbox 2181 5236 3769 5312">
     <span class='ocr_line' id='line_1_88' title="bbox 2181 5236 3769 5312; baseline 0.006 -24"><span class='ocrx_word' id='word_1_758' title='bbox 2181 5252 2330 5289; x_wconf 87' lang='grc' dir='ltr'>νοιαν</span> <span class='ocrx_word' id='word_1_759' title='bbox 2372 5237 2500 5306; x_wconf 76' lang='grc' dir='ltr'>περὶ</span> <span class='ocrx_word' id='word_1_760' title='bbox 2541 5236 2678 5291; x_wconf 79' lang='grc' dir='ltr'><strong>Θεοῦ</strong></span> <span class='ocrx_word' id='word_1_761' title='bbox 2719 5242 2974 5311; x_wconf 85' lang='grc' dir='ltr'>κρατεῖν,</span> <span class='ocrx_word' id='word_1_762' title='bbox 3006 5240 3099 5293; x_wconf 83' lang='grc' dir='ltr'>καὶ</span> <span class='ocrx_word' id='word_1_763' title='bbox 3133 5240 3209 5312; x_wconf 82' lang='grc' dir='ltr'>μὴ</span> <span class='ocrx_word' id='word_1_764' title='bbox 3260 5242 3550 5297; x_wconf 76' lang='grc' dir='ltr'>ἐκπίπτειν</span> <span class='ocrx_word' id='word_1_765' title='bbox 3594 5244 3675 5305; x_wconf 86' lang='grc' dir='ltr'><strong>είς</strong></span> <span class='ocrx_word' id='word_1_766' title='bbox 3704 5244 3769 5297; x_wconf 81' lang='grc' dir='ltr'>τὸ</span> 
     </span>
    </p>
   </div>
   <div class='ocr_carea' id='block_1_87' title="bbox 2185 5328 3767 5409">
    <p class='ocr_par' dir='ltr' id='par_1_87' title="bbox 2185 5328 3767 5409">
     <span class='ocr_line' id='line_1_89' title="bbox 2185 5328 3767 5409; baseline 0.004 -27"><span class='ocrx_word' id='word_1_767' title='bbox 2185 5328 2429 5398; x_wconf 81' lang='grc' dir='ltr'>μυθῶδες</span> <span class='ocrx_word' id='word_1_768' title='bbox 2448 5329 2544 5383; x_wconf 77' lang='grc' dir='ltr'>καὶ</span> <span class='ocrx_word' id='word_1_769' title='bbox 2568 5328 2907 5402; x_wconf 84' lang='grc' dir='ltr'>ἀνθρώπινον</span> <span class='ocrx_word' id='word_1_770' title='bbox 2940 5333 3287 5405; x_wconf 74' lang='grc' dir='ltr'>κατάστημα.</span> <span class='ocrx_word' id='word_1_771' title='bbox 3319 5334 3610 5407; x_wconf 86' lang='grc' dir='ltr'>Πολλαχῶς</span> <span class='ocrx_word' id='word_1_772' title='bbox 3654 5335 3767 5409; x_wconf 82' lang='grc' dir='ltr'><strong>γὰρ</strong></span> 
     </span>
    </p>
   </div>
   <div class='ocr_carea' id='block_1_88' title="bbox 2254 5478 3765 5557">
    <p class='ocr_par' dir='ltr' id='par_1_88' title="bbox 2254 5478 3765 5557">
     <span class='ocr_line' id='line_1_90' title="bbox 2254 5478 3765 5557; baseline 0.006 -23"><span class='ocrx_word' id='word_1_773' title='bbox 2254 5478 2365 5551; x_wconf 85' lang='grc'><strong>(86)</strong></span> <span class='ocrx_word' id='word_1_774' title='bbox 2406 5480 2627 5557; x_wconf 71' lang='grc' dir='ltr'>Χεῖρες.</span> <span class='ocrx_word' id='word_1_775' title='bbox 2662 5484 2797 5556; x_wconf 82' lang='grc' dir='ltr'>Χείρ</span> <span class='ocrx_word' id='word_1_776' title='bbox 2826 5485 3022 5542; x_wconf 90' lang='lat' dir='ltr'><strong>melius</strong></span> <span class='ocrx_word' id='word_1_777' title='bbox 3056 5486 3347 5557; x_wconf 88' lang='lat' dir='ltr'><strong>legeretur,</strong></span> <span class='ocrx_word' id='word_1_778' title='bbox 3382 5486 3491 5542; x_wconf 86' lang='lat' dir='ltr'><strong>nisi</strong></span> <span class='ocrx_word' id='word_1_779' title='bbox 3525 5495 3649 5542; x_wconf 90' lang='lat' dir='ltr'><strong>ante</strong></span> <span class='ocrx_word' id='word_1_780' title='bbox 3674 5503 3765 5543; x_wconf 84' lang='lat' dir='ltr'><strong>re-</strong></span> 
     </span>
    </p>
   </div>
   <div class='ocr_carea' id='block_1_89' title="bbox 2181 5554 2818 5623">
    <p class='ocr_par' dir='ltr' id='par_1_89' title="bbox 2181 5554 2818 5623">
     <span class='ocr_line' id='line_1_91' title="bbox 2181 5554 2818 5623; baseline 0.009 -20"><span class='ocrx_word' id='word_1_781' title='bbox 2181 5563 2415 5623; x_wconf 59' lang='lat' dir='ltr'><strong>ponatur</strong></span> <span class='ocrx_word' id='word_1_782' title='bbox 2440 5554 2818 5623; x_wconf 78' lang='grc' dir='ltr'>σημαίνονται.</span> 
     </span>
    </p>
   </div>
   <div class='ocr_carea' id='block_1_90' title="bbox 2257 5620 3801 5698">
    <p class='ocr_par' dir='ltr' id='par_1_90' title="bbox 2257 5620 3801 5698">
     <span class='ocr_line' id='line_1_92' title="bbox 2257 5620 3801 5698; baseline 0.004 -23"><span class='ocrx_word' id='word_1_783' title='bbox 2257 5620 2368 5692; x_wconf 88' lang='grc'><strong>(87)</strong></span> <span class='ocrx_word' id='word_1_784' title='bbox 2410 5620 2687 5698; x_wconf 68' lang='grc' dir='ltr'>Φυρνικῶς</span> <span class='ocrx_word' id='word_1_785' title='bbox 2716 5625 3060 5698; x_wconf 64' lang='grc' dir='ltr'><strong>λαμϐάνειν.</strong></span> <span class='ocrx_word' id='word_1_786' title='bbox 3115 5624 3215 5698; x_wconf 77' lang='lat' dir='ltr'><strong>Hic</strong></span> <span class='ocrx_word' id='word_1_787' title='bbox 3263 5626 3511 5698; x_wconf 83' lang='grc' dir='ltr'>φυσικῶς</span> <span class='ocrx_word' id='word_1_788' title='bbox 3548 5622 3801 5683; x_wconf 68' lang='grc' dir='ltr'><strong>νίᾶριιιτ’</strong></span> 
     </span>
    </p>
   </div>
   <div class='ocr_carea' id='block_1_91' title="bbox 2180 5692 3769 5773">
    <p class='ocr_par' dir='ltr' id='par_1_91' title="bbox 2180 5692 3769 5773">
     <span class='ocr_line' id='line_1_93' title="bbox 2180 5692 3769 5773; baseline 0.006 -29"><span class='ocrx_word' id='word_1_789' title='bbox 2180 5706 2302 5773; x_wconf 78' lang='lat' dir='ltr'><strong>esse</strong></span> <span class='ocrx_word' id='word_1_790' title='bbox 2336 5692 2749 5773; x_wconf 70' lang='grc' dir='ltr'>φυσιολργικῶς,</span> <span class='ocrx_word' id='word_1_791' title='bbox 2780 5692 2864 5751; x_wconf 77' lang='lat' dir='ltr'><strong>vel</strong></span> <span class='ocrx_word' id='word_1_792' title='bbox 2897 5696 3039 5773; x_wconf 77' lang='grc' dir='ltr'>κατὰ</span> <span class='ocrx_word' id='word_1_793' title='bbox 3084 5696 3183 5768; x_wconf 80' lang='grc' dir='ltr'>τὴν</span> <span class='ocrx_word' id='word_1_794' title='bbox 3231 5692 3610 5773; x_wconf 74' lang='grc' dir='ltr'>φυσιολογίαν,</span> <span class='ocrx_word' id='word_1_795' title='bbox 3660 5700 3769 5754; x_wconf 79' lang='lat' dir='ltr'><strong>hoc</strong></span> 
     </span>
    </p>
   </div>
   <div class='ocr_carea' id='block_1_92' title="bbox 2174 5763 3767 5885">
    <p class='ocr_par' dir='ltr' id='par_1_92' title="bbox 2174 5763 3767 5885">
     <span class='ocr_line' id='line_1_94' title="bbox 2174 5763 3767 5885; baseline 0.003 -65"><span class='ocrx_word' id='word_1_796' title='bbox 2288 5763 2706 5885; x_wconf 53' lang='lat' dir='ltr'><strong>ﬁxpliicationem</strong></span> <span class='ocrx_word' id='word_1_797' title='bbox 2742 5767 3033 5836; x_wconf 85' lang='lat' dir='ltr'><strong>quamdam</strong></span> <span class='ocrx_word' id='word_1_798' title='bbox 3081 5763 3291 5826; x_wconf 53' lang='lat' dir='ltr'><strong>naturae</strong></span> <span class='ocrx_word' id='word_1_799' title='bbox 3331 5763 3530 5826; x_wconf 64' lang='lat' dir='ltr'><strong>divina</strong></span> <span class='ocrx_word' id='word_1_800' title='bbox 3559 5784 3767 5826; x_wconf 78' lang='lat' dir='ltr'><strong>come-</strong></span> 
     </span>
     <span class='ocr_line' id='line_1_95' title="bbox 2180 5847 2442 5885; baseline 0 0"><span class='ocrx_word' id='word_1_801' title='bbox 2180 5848 2213 5885; x_wconf 88' lang='lat' dir='ltr'><strong>n</strong></span> <span class='ocrx_word' id='word_1_802' title='bbox 2273 5848 2286 5885; x_wconf 92' lang='grc' dir='ltr'><strong>Ι</strong></span> <span class='ocrx_word' id='word_1_803' title='bbox 2333 5847 2362 5885; x_wconf 76' lang='grc' dir='ltr'>Θ</span> <span class='ocrx_word' id='word_1_804' title='bbox 2426 5869 2442 5885; x_wconf 75' lang='grc' dir='ltr'>ο</span> 
     </span>
    </p>
   </div>
   <div class='ocr_carea' id='block_1_93' title="bbox 2180 5846 2442 5886">
    <p class='ocr_par' dir='ltr' id='par_1_93' title="bbox 2180 5846 2442 5886">
     <span class='ocr_line' id='line_1_96' title="bbox 2180 5846 2442 5886; baseline 0 -1"><span class='ocrx_word' id='word_1_805' title='bbox 2180 5846 2442 5886; x_wconf 86' lang='lat' dir='ltr'><strong>mentem.</strong></span> 
     </span>
    </p>
   </div>
  </div>
