  <div class='ocr_page' id='page_1' title='image "/cluster/home/n/w/nwhite01/storage/ocr_20150623/21:no.3/coo.31924054873017/334.png"; bbox 0 0 4166 6408; ppageno 0'>
   <div class='ocr_carea' id='block_1_1' title="bbox 337 358 1931 450">
    <p class='ocr_par' dir='ltr' id='par_1_1' title="bbox 337 374 1931 450">
     <span class='ocr_line' id='line_1_1' title="bbox 337 374 1931 450; baseline -0.014 -1"><span class='ocrx_word' id='word_1_1' title='bbox 337 394 444 450; x_wconf 73' lang='lat'><strong>637</strong></span> <span class='ocrx_word' id='word_1_2' title='bbox 1435 376 1763 432; x_wconf 60' lang='lat' dir='ltr'><strong>PRAIPAR.</strong></span> <span class='ocrx_word' id='word_1_3' title='bbox 1799 374 1931 428; x_wconf 81' lang='lat' dir='ltr'><strong>EVA</strong></span> 
     </span>
    </p>
   </div>
   <div class='ocr_carea' id='block_1_2' title="bbox 2031 358 3583 450">
    <p class='ocr_par' dir='ltr' id='par_1_2' title="bbox 2039 358 3583 427">
     <span class='ocr_line' id='line_1_2' title="bbox 2039 358 3583 427; baseline -0.01 0"><span class='ocrx_word' id='word_1_4' title='bbox 2039 413 2052 427; x_wconf 92' lang='lat'><strong>.</strong></span> <span class='ocrx_word' id='word_1_5' title='bbox 2096 368 2227 425; x_wconf 82' lang='lat' dir='ltr'><strong>LIB.</strong></span> <span class='ocrx_word' id='word_1_6' title='bbox 2268 364 2404 424; x_wconf 72' lang='grc' dir='ltr'>ιἰιι.</span> <span class='ocrx_word' id='word_1_7' title='bbox 3473 358 3583 413; x_wconf 80' lang='lat'><strong>658</strong></span> 
     </span>
    </p>
   </div>
   <div class='ocr_carea' id='block_1_3' title="bbox 337 473 1931 581">
    <p class='ocr_par' dir='ltr' id='par_1_3' title="bbox 337 497 1904 581">
     <span class='ocr_line' id='line_1_3' title="bbox 337 497 1904 581; baseline -0.009 -18"><span class='ocrx_word' id='word_1_8' title='bbox 337 510 368 564; x_wconf 77' lang='grc' dir='ltr'><strong>ὃ</strong></span> <span class='ocrx_word' id='word_1_9' title='bbox 399 508 646 581; x_wconf 78' lang='grc' dir='ltr'>βούλεται</span> <span class='ocrx_word' id='word_1_10' title='bbox 686 507 863 577; x_wconf 76' lang='grc' dir='ltr'>λέγειν</span> <span class='ocrx_word' id='word_1_11' title='bbox 916 505 947 558; x_wconf 84' lang='lat'><strong>6</strong></span> <span class='ocrx_word' id='word_1_12' title='bbox 989 501 1284 574; x_wconf 73' lang='grc' dir='ltr'><strong>νομοθέτης</strong></span> <span class='ocrx_word' id='word_1_13' title='bbox 1338 498 1493 569; x_wconf 82' lang='grc' dir='ltr'>ἡμῶν</span> <span class='ocrx_word' id='word_1_14' title='bbox 1544 497 1771 567; x_wconf 77' lang='grc' dir='ltr'>Μωσῆς,</span> <span class='ocrx_word' id='word_1_15' title='bbox 1820 497 1904 564; x_wconf 76' lang='grc' dir='ltr'><strong>ἐφ’</strong></span> 
     </span>
    </p>
   </div>
   <div class='ocr_carea' id='block_1_4' title="bbox 2031 473 3580 581">
    <p class='ocr_par' dir='ltr' id='par_1_4' title="bbox 2031 473 3580 557">
     <span class='ocr_line' id='line_1_4' title="bbox 2031 473 3580 557; baseline -0.009 -12"><span class='ocrx_word' id='word_1_16' title='bbox 2031 504 2291 557; x_wconf 67' lang='lat' dir='ltr'><strong>nanaaque</strong></span> <span class='ocrx_word' id='word_1_17' title='bbox 2317 486 2551 543; x_wconf 81' lang='lat' dir='ltr'><strong>similem</strong></span> <span class='ocrx_word' id='word_1_18' title='bbox 2577 481 2826 552; x_wconf 91' lang='lat' dir='ltr'><strong>corporis</strong></span> <span class='ocrx_word' id='word_1_19' title='bbox 2849 479 3083 550; x_wconf 86' lang='lat' dir='ltr'><strong>speciem</strong></span> <span class='ocrx_word' id='word_1_20' title='bbox 3109 476 3384 532; x_wconf 77' lang='lat' dir='ltr'><strong>delabare.</strong></span> <span class='ocrx_word' id='word_1_21' title='bbox 3428 473 3580 532; x_wconf 85' lang='lat' dir='ltr'><strong>Solet</strong></span> 
     </span>
    </p>
   </div>
   <div class='ocr_carea' id='block_1_5' title="bbox 339 566 1931 674">
    <p class='ocr_par' dir='ltr' id='par_1_5' title="bbox 339 566 1910 674">
     <span class='ocr_line' id='line_1_5' title="bbox 339 566 1910 674; baseline -0.01 -17"><span class='ocrx_word' id='word_1_22' title='bbox 339 566 540 674; x_wconf 67' lang='grc' dir='ltr'>ἑτέρων</span> <span class='ocrx_word' id='word_1_23' title='bbox 565 566 901 673; x_wconf 72' lang='grc' dir='ltr'>πραγμάτων</span> <span class='ocrx_word' id='word_1_24' title='bbox 926 566 1116 667; x_wconf 75' lang='grc' dir='ltr'>λόγους</span> <span class='ocrx_word' id='word_1_25' title='bbox 1146 566 1463 663; x_wconf 70' lang='grc' dir='ltr'>ποιοῦ</span> <span class='ocrx_word' id='word_1_26' title='bbox 1481 631 1495 655; x_wconf 93' lang='grc'><strong>,</strong></span> <span class='ocrx_word' id='word_1_27' title='bbox 1539 589 1681 657; x_wconf 87' lang='grc' dir='ltr'>λέγω</span> <span class='ocrx_word' id='word_1_28' title='bbox 1706 566 1774 641; x_wconf 81' lang='grc' dir='ltr'>δὲ</span> <span class='ocrx_word' id='word_1_29' title='bbox 1802 587 1910 642; x_wconf 84' lang='grc' dir='ltr'>τῶν</span> 
     </span>
    </p>
   </div>
   <div class='ocr_carea' id='block_1_6' title="bbox 2031 566 3585 674">
    <p class='ocr_par' dir='ltr' id='par_1_6' title="bbox 2031 566 3585 651">
     <span class='ocr_line' id='line_1_6' title="bbox 2031 566 3585 651; baseline -0.012 -14"><span class='ocrx_word' id='word_1_30' title='bbox 2031 583 2157 637; x_wconf 76' lang='lat' dir='ltr'><strong>:nim</strong></span> <span class='ocrx_word' id='word_1_31' title='bbox 2188 582 2404 651; x_wconf 84' lang='lat' dir='ltr'><strong>Moyses</strong></span> <span class='ocrx_word' id='word_1_32' title='bbox 2434 576 2712 648; x_wconf 83' lang='lat' dir='ltr'><strong>legislator</strong></span> <span class='ocrx_word' id='word_1_33' title='bbox 2758 580 2967 634; x_wconf 83' lang='lat' dir='ltr'><strong>noster,</strong></span> <span class='ocrx_word' id='word_1_34' title='bbox 3008 570 3175 623; x_wconf 88' lang='lat' dir='ltr'><strong>animi</strong></span> <span class='ocrx_word' id='word_1_35' title='bbox 3200 583 3357 623; x_wconf 82' lang='lat' dir='ltr'><strong>sensa</strong></span> <span class='ocrx_word' id='word_1_36' title='bbox 3392 566 3585 621; x_wconf 86' lang='lat' dir='ltr'><strong>multi-</strong></span> 
     </span>
    </p>
   </div>
   <div class='ocr_carea' id='block_1_7' title="bbox 340 662 1931 764">
    <p class='ocr_par' dir='ltr' id='par_1_7' title="bbox 340 662 1908 764">
     <span class='ocr_line' id='line_1_7' title="bbox 340 662 1908 764; baseline -0.012 -14"><span class='ocrx_word' id='word_1_37' title='bbox 340 662 484 750; x_wconf 73' lang='grc' dir='ltr'>κατὰ</span> <span class='ocrx_word' id='word_1_38' title='bbox 508 662 620 764; x_wconf 49' lang='grc' dir='ltr'>τὴν.</span> <span class='ocrx_word' id='word_1_39' title='bbox 638 662 983 762; x_wconf 71' lang='grc' dir='ltr'>ἐπίφάνειαν,</span> <span class='ocrx_word' id='word_1_40' title='bbox 1000 662 1242 758; x_wconf 65' lang='grc' dir='ltr'>ιρυσικὰς</span> <span class='ocrx_word' id='word_1_41' title='bbox 1261 662 1529 747; x_wconf 85' lang='grc' dir='ltr'>διαθέσεις</span> <span class='ocrx_word' id='word_1_42' title='bbox 1558 680 1908 749; x_wconf 81' lang='grc' dir='ltr'><strong>ἀπαγγέλλει,</strong></span> 
     </span>
    </p>
   </div>
   <div class='ocr_carea' id='block_1_8' title="bbox 2031 662 3578 764">
    <p class='ocr_par' dir='ltr' id='par_1_8' title="bbox 2031 662 3578 741">
     <span class='ocr_line' id='line_1_8' title="bbox 2031 662 3578 741; baseline -0.012 -13"><span class='ocrx_word' id='word_1_43' title='bbox 2031 674 2193 728; x_wconf 85' lang='lat' dir='ltr'><strong>nodis</strong></span> <span class='ocrx_word' id='word_1_44' title='bbox 2220 671 2549 741; x_wconf 81' lang='lat' dir='ltr'><strong>exprimere,</strong></span> <span class='ocrx_word' id='word_1_45' title='bbox 2571 669 2699 721; x_wconf 91' lang='lat' dir='ltr'><strong>dum</strong></span> <span class='ocrx_word' id='word_1_46' title='bbox 2729 678 2908 718; x_wconf 90' lang='lat' dir='ltr'><strong>rerum</strong></span> <span class='ocrx_word' id='word_1_47' title='bbox 2943 662 3195 719; x_wconf 90' lang='lat' dir='ltr'><strong>aliarum.</strong></span> <span class='ocrx_word' id='word_1_48' title='bbox 3228 667 3502 727; x_wconf 88' lang='lat' dir='ltr'><strong>quatenus</strong></span> <span class='ocrx_word' id='word_1_49' title='bbox 3524 666 3578 710; x_wconf 88' lang='lat' dir='ltr'><strong>tn</strong></span> 
     </span>
    </p>
   </div>
   <div class='ocr_carea' id='block_1_9' title="bbox 340 754 1931 857">
    <p class='ocr_par' dir='ltr' id='par_1_9' title="bbox 340 754 1912 857">
     <span class='ocr_line' id='line_1_9' title="bbox 340 754 1912 857; baseline -0.01 -17"><span class='ocrx_word' id='word_1_50' title='bbox 340 787 437 841; x_wconf 72' lang='grc' dir='ltr'>καὶ</span> <span class='ocrx_word' id='word_1_51' title='bbox 484 754 732 857; x_wconf 77' lang='grc' dir='ltr'>μεγάλων</span> <span class='ocrx_word' id='word_1_52' title='bbox 747 754 1105 855; x_wconf 44' lang='grc' dir='ltr'>’πραγμάτων</span> <span class='ocrx_word' id='word_1_53' title='bbox 1162 776 1521 839; x_wconf 84' lang='grc' dir='ltr'>κατασκευάς.</span> <span class='ocrx_word' id='word_1_54' title='bbox 1552 768 1648 836; x_wconf 74' lang='grc' dir='ltr'>Οἷς</span> <span class='ocrx_word' id='word_1_55' title='bbox 1683 773 1780 843; x_wconf 81' lang='grc' dir='ltr'>μὲν</span> <span class='ocrx_word' id='word_1_56' title='bbox 1818 767 1912 825; x_wconf 82' lang='grc' dir='ltr'>οὖν</span> 
     </span>
    </p>
   </div>
   <div class='ocr_carea' id='block_1_10' title="bbox 2031 754 3586 857">
    <p class='ocr_par' dir='ltr' id='par_1_10' title="bbox 2031 754 3586 825">
     <span class='ocr_line' id='line_1_10' title="bbox 2031 754 3586 825; baseline -0.012 -4"><span class='ocrx_word' id='word_1_57' title='bbox 2031 779 2236 821; x_wconf 65' lang='lat' dir='ltr'><strong>tensum</strong></span> <span class='ocrx_word' id='word_1_58' title='bbox 2265 763 2487 825; x_wconf 89' lang='lat' dir='ltr'><strong>cadunt,</strong></span> <span class='ocrx_word' id='word_1_59' title='bbox 2539 774 2701 813; x_wconf 80' lang='lat' dir='ltr'><strong>voces</strong></span> <span class='ocrx_word' id='word_1_60' title='bbox 2735 772 2798 811; x_wconf 89' lang='lat' dir='ltr'><strong>ac</strong></span> <span class='ocrx_word' id='word_1_61' title='bbox 2827 754 3048 809; x_wconf 90' lang='lat' dir='ltr'><strong>nomina</strong></span> <span class='ocrx_word' id='word_1_62' title='bbox 3085 759 3385 813; x_wconf 89' lang='lat' dir='ltr'><strong>mutuatus,</strong></span> <span class='ocrx_word' id='word_1_63' title='bbox 3421 756 3586 802; x_wconf 52' lang='lat' dir='ltr'><strong>natuc</strong></span> 
     </span>
    </p>
   </div>
   <div class='ocr_carea' id='block_1_11' title="bbox 342 863 1912 950">
    <p class='ocr_par' dir='ltr' id='par_1_11' title="bbox 342 863 1912 950">
     <span class='ocr_line' id='line_1_11' title="bbox 342 863 1912 950; baseline -0.01 -17"><span class='ocrx_word' id='word_1_64' title='bbox 342 879 573 950; x_wconf 81' lang='grc' dir='ltr'>πάρεστι</span> <span class='ocrx_word' id='word_1_65' title='bbox 609 877 671 930; x_wconf 81' lang='grc' dir='ltr'>τὸ</span> <span class='ocrx_word' id='word_1_66' title='bbox 706 875 887 937; x_wconf 85' lang='grc' dir='ltr'>καλῶς</span> <span class='ocrx_word' id='word_1_67' title='bbox 912 877 1072 935; x_wconf 84' lang='grc' dir='ltr'>νοεῖν,</span> <span class='ocrx_word' id='word_1_68' title='bbox 1106 869 1443 942; x_wconf 82' lang='grc' dir='ltr'>θαυμάζουσι</span> <span class='ocrx_word' id='word_1_69' title='bbox 1465 867 1565 939; x_wconf 84' lang='grc' dir='ltr'>τὴν</span> <span class='ocrx_word' id='word_1_70' title='bbox 1600 866 1727 937; x_wconf 77' lang='grc' dir='ltr'>περὶ</span> <span class='ocrx_word' id='word_1_71' title='bbox 1753 863 1912 917; x_wconf 79' lang='grc' dir='ltr'>αὐτὸν</span> 
     </span>
    </p>
   </div>
   <div class='ocr_carea' id='block_1_12' title="bbox 344 958 1915 1041">
    <p class='ocr_par' dir='ltr' id='par_1_12' title="bbox 344 958 1915 1041">
     <span class='ocr_line' id='line_1_12' title="bbox 344 958 1915 1041; baseline -0.011 -16"><span class='ocrx_word' id='word_1_72' title='bbox 344 971 565 1041; x_wconf 79' lang='grc' dir='ltr'><strong>σοφίαν,</strong></span> <span class='ocrx_word' id='word_1_73' title='bbox 614 969 708 1023; x_wconf 76' lang='grc' dir='ltr'><strong>καὶ</strong></span> <span class='ocrx_word' id='word_1_74' title='bbox 753 968 813 1022; x_wconf 79' lang='grc' dir='ltr'>τὸ</span> <span class='ocrx_word' id='word_1_75' title='bbox 841 967 982 1021; x_wconf 78' lang='grc' dir='ltr'>θεῖον</span> <span class='ocrx_word' id='word_1_76' title='bbox 1012 964 1256 1034; x_wconf 79' lang='grc' dir='ltr'><strong>Πνεῦμα,</strong></span> <span class='ocrx_word' id='word_1_77' title='bbox 1300 962 1422 1017; x_wconf 79' lang='grc' dir='ltr'>καθ’</span> <span class='ocrx_word' id='word_1_78' title='bbox 1448 960 1477 1014; x_wconf 85' lang='grc' dir='ltr'>ὃ</span> <span class='ocrx_word' id='word_1_79' title='bbox 1504 959 1599 1012; x_wconf 56' lang='grc' dir='ltr'><strong>καὶ⁵</strong></span> <span class='ocrx_word' id='word_1_80' title='bbox 1631 958 1915 1029; x_wconf 78' lang='grc' dir='ltr'><strong>προφήτης</strong></span> 
     </span>
    </p>
   </div>
   <div class='ocr_carea' id='block_1_13' title="bbox 344 1048 1915 1133">
    <p class='ocr_par' dir='ltr' id='par_1_13' title="bbox 344 1048 1915 1133">
     <span class='ocr_line' id='line_1_13' title="bbox 344 1048 1915 1133; baseline -0.012 -16"><span class='ocrx_word' id='word_1_81' title='bbox 344 1063 802 1133; x_wconf 80' lang='grc' dir='ltr'>ἀνακεκήρυκται.</span> <span class='ocrx_word' id='word_1_82' title='bbox 824 1053 923 1112; x_wconf 82' lang='grc' dir='ltr'>Ὧν</span> <span class='ocrx_word' id='word_1_83' title='bbox 946 1059 1082 1111; x_wconf 90' lang='grc' dir='ltr'>είσιν</span> <span class='ocrx_word' id='word_1_84' title='bbox 1108 1056 1158 1110; x_wconf 86' lang='grc' dir='ltr'><strong>οί</strong></span> <span class='ocrx_word' id='word_1_85' title='bbox 1193 1051 1576 1128; x_wconf 75' lang='grc' dir='ltr'><strong>προειρημένοι</strong></span> <span class='ocrx_word' id='word_1_86' title='bbox 1616 1048 1915 1120; x_wconf 81' lang='grc' dir='ltr'>φιλόσοφοι,</span> 
     </span>
    </p>
   </div>
   <div class='ocr_carea' id='block_1_14' title="bbox 345 1136 1917 1219">
    <p class='ocr_par' dir='ltr' id='par_1_14' title="bbox 345 1136 1917 1219">
     <span class='ocr_line' id='line_1_14' title="bbox 345 1136 1917 1219; baseline -0.01 -15"><span class='ocrx_word' id='word_1_87' title='bbox 345 1153 440 1205; x_wconf 79' lang='grc' dir='ltr'>καὶ</span> <span class='ocrx_word' id='word_1_88' title='bbox 468 1150 705 1213; x_wconf 88' lang='grc' dir='ltr'>πλείονες</span> <span class='ocrx_word' id='word_1_89' title='bbox 725 1149 901 1219; x_wconf 68' lang='grc' dir='ltr'>ἕτεροι</span> <span class='ocrx_word' id='word_1_90' title='bbox 929 1147 1022 1200; x_wconf 75' lang='grc' dir='ltr'>καὶ</span> <span class='ocrx_word' id='word_1_91' title='bbox 1045 1144 1265 1216; x_wconf 79' lang='grc' dir='ltr'>ποιηταὶ</span> <span class='ocrx_word' id='word_1_92' title='bbox 1294 1144 1424 1215; x_wconf 87' lang='grc' dir='ltr'>παρ’</span> <span class='ocrx_word' id='word_1_93' title='bbox 1467 1139 1631 1194; x_wconf 80' lang='grc' dir='ltr'>αὑτοῦ</span> <span class='ocrx_word' id='word_1_94' title='bbox 1677 1136 1917 1210; x_wconf 79' lang='grc' dir='ltr'><strong>μεγάλας</strong></span> 
     </span>
    </p>
   </div>
   <div class='ocr_carea' id='block_1_15' title="bbox 345 1224 1917 1312">
    <p class='ocr_par' dir='ltr' id='par_1_15' title="bbox 345 1224 1917 1312">
     <span class='ocr_line' id='line_1_15' title="bbox 345 1224 1917 1312; baseline -0.011 -16"><span class='ocrx_word' id='word_1_95' title='bbox 345 1239 597 1312; x_wconf 81' lang='grc' dir='ltr'>ἀφορμὰς</span> <span class='ocrx_word' id='word_1_96' title='bbox 622 1237 927 1310; x_wconf 72' lang='grc' dir='ltr'><strong>εἰληφότες,</strong></span> <span class='ocrx_word' id='word_1_97' title='bbox 955 1236 1089 1290; x_wconf 75' lang='grc' dir='ltr'>καθὸ</span> <span class='ocrx_word' id='word_1_98' title='bbox 1134 1235 1229 1289; x_wconf 79' lang='grc' dir='ltr'>καὶ</span> <span class='ocrx_word' id='word_1_99' title='bbox 1268 1230 1653 1303; x_wconf 76' lang='grc' dir='ltr'><strong>θαυμάζονται.</strong></span> <span class='ocrx_word' id='word_1_100' title='bbox 1698 1228 1822 1291; x_wconf 85' lang='grc' dir='ltr'>Τοῖς</span> <span class='ocrx_word' id='word_1_101' title='bbox 1859 1224 1917 1279; x_wconf 79' lang='grc' dir='ltr'>δὲ</span> 
     </span>
    </p>
   </div>
   <div class='ocr_carea' id='block_1_16' title="bbox 350 1319 1916 1403">
    <p class='ocr_par' dir='ltr' id='par_1_16' title="bbox 350 1319 1916 1403">
     <span class='ocr_line' id='line_1_16' title="bbox 350 1319 1916 1403; baseline -0.008 -18"><span class='ocrx_word' id='word_1_102' title='bbox 350 1332 424 1403; x_wconf 84' lang='grc' dir='ltr'>μὴ</span> <span class='ocrx_word' id='word_1_103' title='bbox 450 1331 731 1402; x_wconf 82' lang='grc' dir='ltr'><strong>μετέχουσι</strong></span> <span class='ocrx_word' id='word_1_104' title='bbox 762 1328 1041 1399; x_wconf 78' lang='grc' dir='ltr'>δυνάμεως</span> <span class='ocrx_word' id='word_1_105' title='bbox 1067 1327 1162 1382; x_wconf 77' lang='grc' dir='ltr'>καὶ</span> <span class='ocrx_word' id='word_1_106' title='bbox 1190 1325 1476 1388; x_wconf 84' lang='grc' dir='ltr'>συνέσεως,</span> <span class='ocrx_word' id='word_1_107' title='bbox 1505 1322 1640 1377; x_wconf 79' lang='grc' dir='ltr'>ἀλλὰ</span> <span class='ocrx_word' id='word_1_108' title='bbox 1675 1319 1752 1390; x_wconf 82' lang='grc' dir='ltr'>τῷ</span> <span class='ocrx_word' id='word_1_109' title='bbox 1779 1335 1916 1390; x_wconf 88' lang='grc' dir='ltr'>γρα-</span> 
     </span>
    </p>
   </div>
   <div class='ocr_carea' id='block_1_17' title="bbox 348 1414 1919 1494">
    <p class='ocr_par' dir='ltr' id='par_1_17' title="bbox 348 1414 1919 1494">
     <span class='ocr_line' id='line_1_17' title="bbox 348 1414 1919 1494; baseline -0.006 -18"><span class='ocrx_word' id='word_1_110' title='bbox 348 1422 466 1493; x_wconf 85' lang='grc' dir='ltr'><strong>πτῷ</strong></span> <span class='ocrx_word' id='word_1_111' title='bbox 504 1422 662 1494; x_wconf 89' lang='grc' dir='ltr'>μόνον</span> <span class='ocrx_word' id='word_1_112' title='bbox 692 1422 1125 1493; x_wconf 79' lang='grc' dir='ltr'><strong>προσκειμένοις,</strong></span> <span class='ocrx_word' id='word_1_113' title='bbox 1155 1420 1215 1473; x_wconf 82' lang='grc' dir='ltr'>οὐ</span> <span class='ocrx_word' id='word_1_114' title='bbox 1258 1419 1507 1490; x_wconf 75' lang='grc' dir='ltr'>φαίνεται</span> <span class='ocrx_word' id='word_1_115' title='bbox 1558 1414 1840 1489; x_wconf 74' lang='grc' dir='ltr'>μεγαλείόν</span> <span class='ocrx_word' id='word_1_116' title='bbox 1865 1430 1919 1466; x_wconf 90' lang='grc' dir='ltr'><strong>τι</strong></span> 
     </span>
    </p>
   </div>
   <div class='ocr_carea' id='block_1_18' title="bbox 347 1508 1921 1582">
    <p class='ocr_par' dir='ltr' id='par_1_18' title="bbox 347 1508 1921 1582">
     <span class='ocr_line' id='line_1_18' title="bbox 347 1508 1921 1582; baseline -0.005 -17"><span class='ocrx_word' id='word_1_117' title='bbox 347 1509 640 1580; x_wconf 79' lang='grc' dir='ltr'>διασαφῶν.</span> <span class='ocrx_word' id='word_1_118' title='bbox 674 1510 943 1582; x_wconf 77' lang='grc' dir='ltr'>Ἀρξομαι</span> <span class='ocrx_word' id='word_1_119' title='bbox 971 1510 1029 1564; x_wconf 82' lang='grc' dir='ltr'>δὲ</span> <span class='ocrx_word' id='word_1_120' title='bbox 1056 1508 1354 1581; x_wconf 74' lang='grc' dir='ltr'>λαμϐάνειν</span> <span class='ocrx_word' id='word_1_121' title='bbox 1395 1508 1518 1562; x_wconf 84' lang='grc' dir='ltr'>καθ’</span> <span class='ocrx_word' id='word_1_122' title='bbox 1552 1508 1779 1560; x_wconf 73' lang='grc' dir='ltr'>ἕκαστον</span> <span class='ocrx_word' id='word_1_123' title='bbox 1823 1521 1921 1576; x_wconf 79' lang='grc' dir='ltr'>ση-</span> 
     </span>
    </p>
   </div>
   <div class='ocr_carea' id='block_1_19' title="bbox 352 1595 1918 1675">
    <p class='ocr_par' dir='ltr' id='par_1_19' title="bbox 352 1595 1918 1675">
     <span class='ocr_line' id='line_1_19' title="bbox 352 1595 1918 1675; baseline -0.005 -19"><span class='ocrx_word' id='word_1_124' title='bbox 352 1603 694 1675; x_wconf 83' lang='grc' dir='ltr'>μαινόμενον,</span> <span class='ocrx_word' id='word_1_125' title='bbox 722 1602 951 1657; x_wconf 76' lang='grc' dir='ltr'><strong>καθόσον</strong></span> <span class='ocrx_word' id='word_1_126' title='bbox 980 1603 1049 1657; x_wconf 83' lang='grc' dir='ltr'>ἂν</span> <span class='ocrx_word' id='word_1_127' title='bbox 1073 1601 1381 1665; x_wconf 82' lang='grc' dir='ltr'>ὢδυνατός.</span> <span class='ocrx_word' id='word_1_128' title='bbox 1421 1602 1483 1653; x_wconf 79' lang='lat' dir='ltr'><strong>Et</strong></span> <span class='ocrx_word' id='word_1_129' title='bbox 1515 1600 1571 1653; x_wconf 83' lang='grc' dir='ltr'>δὲ</span> <span class='ocrx_word' id='word_1_130' title='bbox 1613 1598 1686 1670; x_wconf 81' lang='grc' dir='ltr'>μὴ</span> <span class='ocrx_word' id='word_1_131' title='bbox 1731 1595 1918 1662; x_wconf 74' lang='grc' dir='ltr'>τεύξο-</span> 
     </span>
    </p>
   </div>
   <div class='ocr_carea' id='block_1_20' title="bbox 353 1690 1923 1767">
    <p class='ocr_par' dir='ltr' id='par_1_20' title="bbox 353 1690 1923 1767">
     <span class='ocr_line' id='line_1_20' title="bbox 353 1690 1923 1767; baseline -0.006 -19"><span class='ocrx_word' id='word_1_132' title='bbox 353 1711 447 1765; x_wconf 85' lang='grc' dir='ltr'><strong>μαι</strong></span> <span class='ocrx_word' id='word_1_133' title='bbox 479 1692 764 1764; x_wconf 82' lang='grc' dir='ltr'>τάληθοῦς,</span> <span class='ocrx_word' id='word_1_134' title='bbox 797 1694 930 1767; x_wconf 80' lang='grc' dir='ltr'>μηδὲ</span> <span class='ocrx_word' id='word_1_135' title='bbox 956 1694 1149 1755; x_wconf 86' lang='grc' dir='ltr'>πείσω,</span> <span class='ocrx_word' id='word_1_136' title='bbox 1185 1694 1259 1764; x_wconf 83' lang='grc' dir='ltr'>μὴ</span> <span class='ocrx_word' id='word_1_137' title='bbox 1312 1691 1391 1762; x_wconf 85' lang='grc' dir='ltr'>τῷ</span> <span class='ocrx_word' id='word_1_138' title='bbox 1423 1690 1689 1762; x_wconf 83' lang='grc' dir='ltr'>νομοθέτῃ</span> <span class='ocrx_word' id='word_1_139' title='bbox 1755 1704 1923 1759; x_wconf 77' lang='grc' dir='ltr'>προσ-</span> 
     </span>
    </p>
   </div>
   <div class='ocr_carea' id='block_1_21' title="bbox 348 1780 1922 1857">
    <p class='ocr_par' dir='ltr' id='par_1_21' title="bbox 348 1780 1922 1857">
     <span class='ocr_line' id='line_1_21' title="bbox 348 1780 1922 1857; baseline -0.008 -14"><span class='ocrx_word' id='word_1_140' title='bbox 348 1785 491 1857; x_wconf 78' lang='grc' dir='ltr'>άψῃς</span> <span class='ocrx_word' id='word_1_141' title='bbox 517 1785 614 1857; x_wconf 82' lang='grc' dir='ltr'>τὴν</span> <span class='ocrx_word' id='word_1_142' title='bbox 636 1785 879 1854; x_wconf 85' lang='grc' dir='ltr'>ἀλογίαν,</span> <span class='ocrx_word' id='word_1_143' title='bbox 907 1784 1020 1839; x_wconf 80' lang='grc' dir='ltr'>ἀλλ’</span> <span class='ocrx_word' id='word_1_144' title='bbox 1044 1784 1167 1855; x_wconf 72' lang='grc' dir='ltr'>ἐμοὶ</span> <span class='ocrx_word' id='word_1_145' title='bbox 1191 1783 1268 1855; x_wconf 82' lang='grc' dir='ltr'>τῷ</span> <span class='ocrx_word' id='word_1_146' title='bbox 1286 1783 1361 1855; x_wconf 86' lang='grc' dir='ltr'>μὴ</span> <span class='ocrx_word' id='word_1_147' title='bbox 1383 1782 1665 1853; x_wconf 80' lang='grc' dir='ltr'>δυναμένῳ</span> <span class='ocrx_word' id='word_1_148' title='bbox 1695 1780 1922 1851; x_wconf 82' lang='grc' dir='ltr'>διαιρεῖ-</span> 
     </span>
    </p>
   </div>
   <div class='ocr_carea' id='block_1_22' title="bbox 352 1871 1923 1951">
    <p class='ocr_par' dir='ltr' id='par_1_22' title="bbox 352 1871 1923 1951">
     <span class='ocr_line' id='line_1_22' title="bbox 352 1871 1923 1951; baseline -0.005 -16"><span class='ocrx_word' id='word_1_149' title='bbox 352 1881 474 1935; x_wconf 89' lang='grc' dir='ltr'>σθαι</span> <span class='ocrx_word' id='word_1_150' title='bbox 495 1880 565 1934; x_wconf 80' lang='grc' dir='ltr'>τὰ</span> <span class='ocrx_word' id='word_1_151' title='bbox 584 1881 847 1935; x_wconf 75' lang='grc' dir='ltr'>ὲκείνωνι</span> <span class='ocrx_word' id='word_1_152' title='bbox 870 1897 1024 1951; x_wconf 86' lang='grc' dir='ltr'>νενοη</span> <span class='ocrx_word' id='word_1_153' title='bbox 1034 1880 1191 1950; x_wconf 82' lang='grc' dir='ltr'>μένα.</span> <span class='ocrx_word' id='word_1_154' title='bbox 1219 1879 1415 1949; x_wconf 82' lang='grc' dir='ltr'>Χεῖρες</span> <span class='ocrx_word' id='word_1_155' title='bbox 1440 1878 1536 1948; x_wconf 84' lang='grc' dir='ltr'>μὲν</span> <span class='ocrx_word' id='word_1_156' title='bbox 1567 1871 1658 1930; x_wconf 79' lang='grc' dir='ltr'>οὖν</span> <span class='ocrx_word' id='word_1_157' title='bbox 1680 1875 1923 1928; x_wconf 89' lang='grc' dir='ltr'>νοοῦνται</span> 
     </span>
    </p>
   </div>
   <div class='ocr_carea' id='block_1_23' title="bbox 351 1966 1924 2043">
    <p class='ocr_par' dir='ltr' id='par_1_23' title="bbox 351 1966 1924 2043">
     <span class='ocr_line' id='line_1_23' title="bbox 351 1966 1924 2043; baseline -0.004 -19"><span class='ocrx_word' id='word_1_158' title='bbox 351 1971 631 2043; x_wconf 82' lang='grc' dir='ltr'>προδήλως</span> <span class='ocrx_word' id='word_1_159' title='bbox 649 1971 744 2024; x_wconf 74' lang='grc' dir='ltr'>καὶ</span> <span class='ocrx_word' id='word_1_160' title='bbox 771 1970 856 2040; x_wconf 69' lang='grc' dir='ltr'><strong>ἐφ’</strong></span> <span class='ocrx_word' id='word_1_161' title='bbox 887 1970 1042 2041; x_wconf 83' lang='grc' dir='ltr'>ήμῶν</span> <span class='ocrx_word' id='word_1_162' title='bbox 1071 1968 1399 2040; x_wconf 81' lang='grc' dir='ltr'>κοινότερον.</span> <span class='ocrx_word' id='word_1_163' title='bbox 1436 1968 1601 2020; x_wconf 87' lang='grc' dir='ltr'>Ὅταν</span> <span class='ocrx_word' id='word_1_164' title='bbox 1626 1967 1735 2038; x_wconf 81' lang='grc' dir='ltr'><strong>γὰρ</strong></span> <span class='ocrx_word' id='word_1_165' title='bbox 1762 1966 1924 2019; x_wconf 70' lang='grc' dir='ltr'>δυνάο</span> 
     </span>
    </p>
   </div>
   <div class='ocr_carea' id='block_1_24' title="bbox 356 2055 1926 2131">
    <p class='ocr_par' dir='ltr' id='par_1_24' title="bbox 356 2055 1926 2131">
     <span class='ocr_line' id='line_1_24' title="bbox 356 2055 1926 2131; baseline -0.002 -19"><span class='ocrx_word' id='word_1_166' title='bbox 356 2076 476 2129; x_wconf 87' lang='grc' dir='ltr'>μεις</span> <span class='ocrx_word' id='word_1_167' title='bbox 516 2057 910 2131; x_wconf 80' lang='grc' dir='ltr'>ὲξαποστέλλῃς</span> <span class='ocrx_word' id='word_1_168' title='bbox 954 2059 1019 2111; x_wconf 83' lang='grc' dir='ltr'>σὺ</span> <span class='ocrx_word' id='word_1_169' title='bbox 1045 2097 1060 2122; x_wconf 93' lang='grc'><strong>,</strong></span> <span class='ocrx_word' id='word_1_170' title='bbox 1096 2056 1347 2128; x_wconf 82' lang='grc' dir='ltr'>βασιλεὺς</span> <span class='ocrx_word' id='word_1_171' title='bbox 1374 2055 1469 2122; x_wconf 79' lang='grc' dir='ltr'>ὢν,</span> <span class='ocrx_word' id='word_1_172' title='bbox 1522 2056 1844 2126; x_wconf 81' lang='grc' dir='ltr'>βουλόμενός</span> <span class='ocrx_word' id='word_1_173' title='bbox 1873 2073 1926 2109; x_wconf 89' lang='grc' dir='ltr'><strong>τι</strong></span> 
     </span>
    </p>
   </div>
   <div class='ocr_carea' id='block_1_25' title="bbox 352 2146 1926 2221">
    <p class='ocr_par' dir='ltr' id='par_1_25' title="bbox 352 2146 1926 2221">
     <span class='ocr_line' id='line_1_25' title="bbox 352 2146 1926 2221; baseline -0.001 -18"><span class='ocrx_word' id='word_1_174' title='bbox 352 2148 813 2221; x_wconf 81' lang='grc' dir='ltr'>κατεργάσασθαι,</span> <span class='ocrx_word' id='word_1_175' title='bbox 840 2146 1361 2220; x_wconf 79' lang='grc' dir='ltr'>λέγομεν,Μεγάλην</span> <span class='ocrx_word' id='word_1_176' title='bbox 1380 2151 1537 2220; x_wconf 82' lang='grc' dir='ltr'>χεῖρα</span> <span class='ocrx_word' id='word_1_177' title='bbox 1567 2147 1680 2219; x_wconf 71' lang='grc' dir='ltr'>ἔχει</span> <span class='ocrx_word' id='word_1_178' title='bbox 1711 2149 1740 2201; x_wconf 92' lang='lat'><strong>6</strong></span> <span class='ocrx_word' id='word_1_179' title='bbox 1774 2146 1926 2217; x_wconf 82' lang='grc' dir='ltr'>βασι-</span> 
     </span>
    </p>
   </div>
   <div class='ocr_carea' id='block_1_26' title="bbox 343 2239 1926 2314">
    <p class='ocr_par' dir='ltr' id='par_1_26' title="bbox 343 2239 1926 2314">
     <span class='ocr_line' id='line_1_26' title="bbox 343 2239 1926 2314; baseline -0.003 -18"><span class='ocrx_word' id='word_1_180' title='bbox 343 2242 498 2307; x_wconf 79' lang='grc' dir='ltr'>λεὺς,</span> <span class='ocrx_word' id='word_1_181' title='bbox 520 2242 835 2314; x_wconf 81' lang='grc' dir='ltr'>φερομένων</span> <span class='ocrx_word' id='word_1_182' title='bbox 856 2240 962 2295; x_wconf 83' lang='grc' dir='ltr'><strong>τῶν</strong></span> <span class='ocrx_word' id='word_1_183' title='bbox 995 2242 1297 2294; x_wconf 79' lang='grc' dir='ltr'>ἀκουόντων</span> <span class='ocrx_word' id='word_1_184' title='bbox 1320 2241 1413 2294; x_wconf 74' lang='grc' dir='ltr'><strong>ἐπὶ</strong></span> <span class='ocrx_word' id='word_1_185' title='bbox 1441 2240 1541 2310; x_wconf 82' lang='grc' dir='ltr'>τὴν</span> <span class='ocrx_word' id='word_1_186' title='bbox 1583 2240 1811 2309; x_wconf 78' lang='grc' dir='ltr'>δύναμιν</span> <span class='ocrx_word' id='word_1_187' title='bbox 1857 2239 1926 2310; x_wconf 77' lang='grc' dir='ltr'>ἢν</span> 
     </span>
    </p>
   </div>
   <div class='ocr_carea' id='block_1_27' title="bbox 353 2331 1927 2409">
    <p class='ocr_par' dir='ltr' id='par_1_27' title="bbox 353 2331 1927 2409">
     <span class='ocr_line' id='line_1_27' title="bbox 353 2331 1927 2409; baseline -0.004 -18"><span class='ocrx_word' id='word_1_188' title='bbox 353 2337 517 2408; x_wconf 74' lang='grc' dir='ltr'>ἔχεις.</span> <span class='ocrx_word' id='word_1_189' title='bbox 564 2336 1009 2409; x_wconf 86' lang='grc' dir='ltr'>Ἐπισημαίνεται</span> <span class='ocrx_word' id='word_1_190' title='bbox 1042 2335 1101 2388; x_wconf 84' lang='grc' dir='ltr'>δὲ</span> <span class='ocrx_word' id='word_1_191' title='bbox 1123 2334 1281 2388; x_wconf 89' lang='grc' dir='ltr'>τοῦτο</span> <span class='ocrx_word' id='word_1_192' title='bbox 1308 2335 1403 2388; x_wconf 68' lang='lat' dir='ltr'><strong>atat</strong></span> <span class='ocrx_word' id='word_1_193' title='bbox 1443 2334 1532 2387; x_wconf 87' lang='grc' dir='ltr'><strong>διὰ</strong></span> <span class='ocrx_word' id='word_1_194' title='bbox 1562 2336 1662 2404; x_wconf 80' lang='grc' dir='ltr'>τῆς</span> <span class='ocrx_word' id='word_1_195' title='bbox 1702 2331 1927 2404; x_wconf 83' lang='grc' dir='ltr'>νομοθε-</span> 
     </span>
    </p>
   </div>
   <div class='ocr_carea' id='block_1_28' title="bbox 357 2424 1929 2501">
    <p class='ocr_par' dir='ltr' id='par_1_28' title="bbox 357 2424 1929 2501">
     <span class='ocr_line' id='line_1_28' title="bbox 357 2424 1929 2501; baseline -0.007 -13"><span class='ocrx_word' id='word_1_196' title='bbox 357 2430 475 2494; x_wconf 84' lang='grc' dir='ltr'>σίας</span> <span class='ocrx_word' id='word_1_197' title='bbox 503 2431 661 2501; x_wconf 85' lang='grc' dir='ltr'><strong>ἠμῶν</strong></span> <span class='ocrx_word' id='word_1_198' title='bbox 690 2429 861 2499; x_wconf 86' lang='grc' dir='ltr'>λέγων</span> <span class='ocrx_word' id='word_1_199' title='bbox 892 2431 919 2481; x_wconf 98' lang='lat'><strong>6</strong></span> <span class='ocrx_word' id='word_1_200' title='bbox 943 2429 1147 2499; x_wconf 80' lang='grc' dir='ltr'>Μωσῆς</span> <span class='ocrx_word' id='word_1_201' title='bbox 1204 2425 1410 2490; x_wconf 74' lang='grc' dir='ltr'>οὕτως’</span> <span class='ocrx_word' id='word_1_202' title='bbox 1443 2444 1463 2476; x_wconf 87' lang='grc'><strong><em>‹</em></strong></span> <span class='ocrx_word' id='word_1_203' title='bbox 1506 2427 1595 2479; x_wconf 88' lang='grc' dir='ltr'><strong>Ἐν</strong></span> <span class='ocrx_word' id='word_1_204' title='bbox 1623 2424 1766 2497; x_wconf 83' lang='grc' dir='ltr'>χειρὶ</span> <span class='ocrx_word' id='word_1_205' title='bbox 1793 2441 1929 2495; x_wconf 80' lang='grc' dir='ltr'>κρα-</span> 
     </span>
    </p>
   </div>
   <div class='ocr_carea' id='block_1_29' title="bbox 353 2515 1922 2592">
    <p class='ocr_par' dir='ltr' id='par_1_29' title="bbox 353 2515 1922 2592">
     <span class='ocr_line' id='line_1_29' title="bbox 353 2515 1922 2592; baseline -0.004 -18"><span class='ocrx_word' id='word_1_206' title='bbox 353 2523 480 2591; x_wconf 80' lang='grc' dir='ltr'>ταιᾷ</span> <span class='ocrx_word' id='word_1_207' title='bbox 503 2522 770 2592; x_wconf 78' lang='grc' dir='ltr'>ἐξήγαγεν</span> <span class='ocrx_word' id='word_1_208' title='bbox 802 2522 831 2573; x_wconf 94' lang='lat'><strong>6</strong></span> <span class='ocrx_word' id='word_1_209' title='bbox 852 2519 983 2582; x_wconf 87' lang='grc' dir='ltr'>Θεός</span> <span class='ocrx_word' id='word_1_210' title='bbox 1013 2517 1167 2581; x_wconf 75' lang='grc' dir='ltr'>σεοὲξ</span> <span class='ocrx_word' id='word_1_211' title='bbox 1196 2515 1491 2585; x_wconf 81' lang='grc' dir='ltr'><strong>Αἰγύπτου.</strong></span> <span class='ocrx_word' id='word_1_212' title='bbox 1529 2535 1548 2567; x_wconf 76' lang='grc' dir='ltr'><strong>ι</strong></span> <span class='ocrx_word' id='word_1_213' title='bbox 1576 2517 1695 2569; x_wconf 72' lang='lat' dir='ltr'><strong>Kal.</strong></span> <span class='ocrx_word' id='word_1_214' title='bbox 1740 2515 1922 2570; x_wconf 88' lang='grc' dir='ltr'>πάλιν·</span> 
     </span>
    </p>
   </div>
   <div class='ocr_carea' id='block_1_30' title="bbox 360 2607 1929 2682">
    <p class='ocr_par' dir='ltr' id='par_1_30' title="bbox 360 2607 1929 2682">
     <span class='ocr_line' id='line_1_30' title="bbox 360 2607 1929 2682; baseline -0.003 -18"><span class='ocrx_word' id='word_1_215' title='bbox 360 2633 380 2664; x_wconf 73' lang='grc' dir='ltr'><strong>ι</strong></span> <span class='ocrx_word' id='word_1_216' title='bbox 422 2612 746 2674; x_wconf 78' lang='grc' dir='ltr'>’Δποστελῶ,</span> <span class='ocrx_word' id='word_1_217' title='bbox 798 2611 961 2682; x_wconf 76' lang='grc' dir='ltr'>φησὶν</span> <span class='ocrx_word' id='word_1_218' title='bbox 1029 2610 1059 2663; x_wconf 82' lang='lat'><strong>6</strong></span> <span class='ocrx_word' id='word_1_219' title='bbox 1084 2620 1089 2627; x_wconf 86' lang='lat'>’</span> <span class='ocrx_word' id='word_1_220' title='bbox 1112 2607 1264 2672; x_wconf 77' lang='grc' dir='ltr'>Θεὸς,</span> <span class='ocrx_word' id='word_1_221' title='bbox 1323 2607 1423 2678; x_wconf 78' lang='grc' dir='ltr'>τὴν</span> <span class='ocrx_word' id='word_1_222' title='bbox 1458 2607 1617 2679; x_wconf 81' lang='grc' dir='ltr'><strong>χεῖρά</strong></span> <span class='ocrx_word' id='word_1_223' title='bbox 1656 2624 1755 2677; x_wconf 90' lang='grc' dir='ltr'><strong>μου</strong></span> <span class='ocrx_word' id='word_1_224' title='bbox 1779 2647 1794 2671; x_wconf 94' lang='grc'><strong>,</strong></span> <span class='ocrx_word' id='word_1_225' title='bbox 1834 2607 1929 2659; x_wconf 80' lang='grc' dir='ltr'>καὶ</span> 
     </span>
    </p>
   </div>
   <div class='ocr_carea' id='block_1_31' title="bbox 356 2697 1926 2769">
    <p class='ocr_par' dir='ltr' id='par_1_31' title="bbox 356 2697 1926 2769">
     <span class='ocr_line' id='line_1_31' title="bbox 356 2697 1926 2769; baseline -0.003 -15"><span class='ocrx_word' id='word_1_226' title='bbox 356 2702 579 2769; x_wconf 81' lang='grc' dir='ltr'>πατάξω</span> <span class='ocrx_word' id='word_1_227' title='bbox 609 2703 732 2765; x_wconf 84' lang='grc' dir='ltr'>τοὺς</span> <span class='ocrx_word' id='word_1_228' title='bbox 763 2699 1110 2769; x_wconf 82' lang='grc' dir='ltr'>Αἰγυπτίους.</span> <span class='ocrx_word' id='word_1_229' title='bbox 1144 2717 1163 2749; x_wconf 70' lang='grc' dir='ltr'><strong>ι</strong></span> <span class='ocrx_word' id='word_1_230' title='bbox 1197 2699 1306 2752; x_wconf 80' lang='grc' dir='ltr'><strong>Καὶ</strong></span> <span class='ocrx_word' id='word_1_231' title='bbox 1330 2697 1424 2751; x_wconf 78' lang='grc' dir='ltr'><strong>ἐπὶ</strong></span> <span class='ocrx_word' id='word_1_232' title='bbox 1452 2697 1547 2751; x_wconf 91' lang='grc' dir='ltr'><strong>τοῦ</strong></span> <span class='ocrx_word' id='word_1_233' title='bbox 1577 2697 1685 2750; x_wconf 82' lang='grc' dir='ltr'><strong>τῶν</strong></span> <span class='ocrx_word' id='word_1_234' title='bbox 1714 2697 1926 2768; x_wconf 78' lang='grc' dir='ltr'>κτηνῶν</span> 
     </span>
    </p>
   </div>
   <div class='ocr_carea' id='block_1_32' title="bbox 357 2789 1929 2865">
    <p class='ocr_par' dir='ltr' id='par_1_32' title="bbox 357 2789 1929 2865">
     <span class='ocr_line' id='line_1_32' title="bbox 357 2789 1929 2865; baseline -0.003 -19"><span class='ocrx_word' id='word_1_235' title='bbox 357 2793 586 2848; x_wconf 83' lang='grc' dir='ltr'>θανάτου</span> <span class='ocrx_word' id='word_1_236' title='bbox 616 2793 748 2865; x_wconf 78' lang='grc' dir='ltr'>φησὶ</span> <span class='ocrx_word' id='word_1_237' title='bbox 775 2792 853 2864; x_wconf 80' lang='grc' dir='ltr'><strong>τῷ</strong></span> <span class='ocrx_word' id='word_1_238' title='bbox 873 2789 1068 2864; x_wconf 81' lang='grc' dir='ltr'>Φαραῷ</span> <span class='ocrx_word' id='word_1_239' title='bbox 1087 2792 1115 2843; x_wconf 91' lang='lat'><strong>6</strong></span> <span class='ocrx_word' id='word_1_240' title='bbox 1139 2791 1369 2860; x_wconf 81' lang='grc' dir='ltr'>Μωσῆς⁶</span> <span class='ocrx_word' id='word_1_241' title='bbox 1406 2807 1427 2840; x_wconf 74' lang='grc' dir='ltr'><strong>ι</strong></span> <span class='ocrx_word' id='word_1_242' title='bbox 1479 2789 1609 2842; x_wconf 77' lang='grc' dir='ltr'>Ἰδοὺ</span> <span class='ocrx_word' id='word_1_243' title='bbox 1643 2790 1765 2861; x_wconf 76' lang='grc' dir='ltr'>χεὶρ</span> <span class='ocrx_word' id='word_1_244' title='bbox 1813 2790 1929 2841; x_wconf 81' lang='grc' dir='ltr'><strong>Κυ-</strong></span> 
     </span>
    </p>
   </div>
   <div class='ocr_carea' id='block_1_33' title="bbox 360 2879 1931 2962">
    <p class='ocr_par' dir='ltr' id='par_1_33' title="bbox 360 2879 1931 2962">
     <span class='ocr_line' id='line_1_33' title="bbox 360 2879 1931 2962; baseline -0.008 -20"><span class='ocrx_word' id='word_1_245' title='bbox 360 2891 474 2962; x_wconf 91' lang='grc' dir='ltr'>ρίου</span> <span class='ocrx_word' id='word_1_246' title='bbox 509 2886 661 2940; x_wconf 72' lang='grc' dir='ltr'>ἔσται</span> <span class='ocrx_word' id='word_1_247' title='bbox 710 2886 769 2937; x_wconf 76' lang='grc' dir='ltr'>ὲν</span> <span class='ocrx_word' id='word_1_248' title='bbox 795 2886 906 2946; x_wconf 82' lang='grc' dir='ltr'>τοῖς</span> <span class='ocrx_word' id='word_1_249' title='bbox 944 2882 1166 2953; x_wconf 86' lang='grc' dir='ltr'>κτήνεσί</span> <span class='ocrx_word' id='word_1_250' title='bbox 1197 2898 1314 2947; x_wconf 89' lang='grc' dir='ltr'>σου,</span> <span class='ocrx_word' id='word_1_251' title='bbox 1343 2881 1437 2935; x_wconf 77' lang='grc' dir='ltr'>καὶ</span> <span class='ocrx_word' id='word_1_252' title='bbox 1463 2882 1521 2934; x_wconf 78' lang='grc' dir='ltr'>ὲν</span> <span class='ocrx_word' id='word_1_253' title='bbox 1554 2881 1688 2934; x_wconf 81' lang='grc' dir='ltr'>πᾶσι</span> <span class='ocrx_word' id='word_1_254' title='bbox 1734 2881 1846 2942; x_wconf 85' lang='grc' dir='ltr'>τοῖς</span> <span class='ocrx_word' id='word_1_255' title='bbox 1872 2879 1931 2930; x_wconf 83' lang='grc' dir='ltr'>ὲν</span> 
     </span>
    </p>
   </div>
   <div class='ocr_carea' id='block_1_34' title="bbox 357 2969 1932 3046">
    <p class='ocr_par' dir='ltr' id='par_1_34' title="bbox 357 2969 1932 3046">
     <span class='ocr_line' id='line_1_34' title="bbox 357 2969 1932 3046; baseline -0.009 -11"><span class='ocrx_word' id='word_1_256' title='bbox 357 2985 466 3046; x_wconf 87' lang='grc' dir='ltr'>τοῖς</span> <span class='ocrx_word' id='word_1_257' title='bbox 515 2978 719 3041; x_wconf 86' lang='grc' dir='ltr'>πεδίοις</span> <span class='ocrx_word' id='word_1_258' title='bbox 762 2976 987 3038; x_wconf 88' lang='grc' dir='ltr'>θάνατος</span> <span class='ocrx_word' id='word_1_259' title='bbox 1020 2974 1212 3045; x_wconf 85' lang='grc' dir='ltr'>μέγας.</span> <span class='ocrx_word' id='word_1_260' title='bbox 1257 2992 1275 3024; x_wconf 74' lang='grc' dir='ltr'><strong>ι</strong></span> <span class='ocrx_word' id='word_1_261' title='bbox 1311 2974 1474 3027; x_wconf 84' lang='grc' dir='ltr'>Ὥστε</span> <span class='ocrx_word' id='word_1_262' title='bbox 1512 2975 1567 3028; x_wconf 85' lang='grc' dir='ltr'>αἱ</span> <span class='ocrx_word' id='word_1_263' title='bbox 1607 2974 1788 3043; x_wconf 77' lang='grc' dir='ltr'>χεῖρες</span> <span class='ocrx_word' id='word_1_264' title='bbox 1837 2969 1932 3024; x_wconf 77' lang='grc' dir='ltr'><strong>ἐπὶ</strong></span> 
     </span>
    </p>
   </div>
   <div class='ocr_carea' id='block_1_35' title="bbox 357 3061 1932 3143">
    <p class='ocr_par' dir='ltr' id='par_1_35' title="bbox 357 3061 1932 3143">
     <span class='ocr_line' id='line_1_35' title="bbox 357 3061 1932 3143; baseline -0.009 -16"><span class='ocrx_word' id='word_1_265' title='bbox 357 3073 638 3143; x_wconf 85' lang='grc' dir='ltr'>δυνάμεως</span> <span class='ocrx_word' id='word_1_266' title='bbox 668 3067 913 3123; x_wconf 90' lang='grc' dir='ltr'>νοοῦνται</span> <span class='ocrx_word' id='word_1_267' title='bbox 931 3067 1087 3122; x_wconf 84' lang='grc' dir='ltr'>Θεοῦ.</span> <span class='ocrx_word' id='word_1_268' title='bbox 1112 3068 1221 3121; x_wconf 79' lang='grc' dir='ltr'><strong>Καὶ</strong></span> <span class='ocrx_word' id='word_1_269' title='bbox 1248 3062 1356 3136; x_wconf 81' lang='grc' dir='ltr'><strong>γὰρ</strong></span> <span class='ocrx_word' id='word_1_270' title='bbox 1404 3064 1518 3120; x_wconf 71' lang='grc' dir='ltr'>ἔστι</span> <span class='ocrx_word' id='word_1_271' title='bbox 1567 3061 1803 3117; x_wconf 79' lang='grc' dir='ltr'>νοεῖσθαι</span> <span class='ocrx_word' id='word_1_272' title='bbox 1833 3061 1932 3131; x_wconf 84' lang='grc' dir='ltr'>τὴν</span> 
     </span>
    </p>
   </div>
   <div class='ocr_carea' id='block_1_36' title="bbox 2013 849 3586 925">
    <p class='ocr_par' dir='ltr' id='par_1_36' title="bbox 2013 849 3586 925">
     <span class='ocr_line' id='line_1_36' title="bbox 2013 849 3586 925; baseline -0.014 -12"><span class='ocrx_word' id='word_1_273' title='bbox 2013 858 2157 913; x_wconf 87' lang='lat' dir='ltr'><strong>rales</strong></span> <span class='ocrx_word' id='word_1_274' title='bbox 2206 855 2471 925; x_wconf 83' lang='lat' dir='ltr'><strong>quasdam</strong></span> <span class='ocrx_word' id='word_1_275' title='bbox 2524 849 2872 908; x_wconf 78' lang='lat' dir='ltr'><strong>aﬂ‘cctiones.</strong></span> <span class='ocrx_word' id='word_1_276' title='bbox 2922 858 3348 914; x_wconf 79' lang='lat' dir='ltr'><strong>magnarumque</strong></span> <span class='ocrx_word' id='word_1_277' title='bbox 3398 852 3586 894; x_wconf 85' lang='lat' dir='ltr'><strong>rerum</strong></span> 
     </span>
    </p>
   </div>
   <div class='ocr_carea' id='block_1_37' title="bbox 2015 931 3591 1008">
    <p class='ocr_par' dir='ltr' id='par_1_37' title="bbox 2015 931 3591 1008">
     <span class='ocr_line' id='line_1_37' title="bbox 2015 931 3591 1008; baseline -0.012 -4"><span class='ocrx_word' id='word_1_278' title='bbox 2015 949 2326 1005; x_wconf 87' lang='lat' dir='ltr'><strong>molitiones</strong></span> <span class='ocrx_word' id='word_1_279' title='bbox 2346 949 2758 1000; x_wconf 83' lang='lat' dir='ltr'><strong>commemorat.</strong></span> <span class='ocrx_word' id='word_1_280' title='bbox 2782 939 2845 993; x_wconf 86' lang='lat' dir='ltr'><strong>Et</strong></span> <span class='ocrx_word' id='word_1_281' title='bbox 2869 937 3109 1008; x_wconf 85' lang='lat' dir='ltr'><strong>quidem,</strong></span> <span class='ocrx_word' id='word_1_282' title='bbox 3137 950 3368 988; x_wconf 78' lang='lat' dir='ltr'><strong>auorum</strong></span> <span class='ocrx_word' id='word_1_283' title='bbox 3407 931 3591 987; x_wconf 81' lang='lat' dir='ltr'><strong>acrior</strong></span> 
     </span>
    </p>
   </div>
   <div class='ocr_carea' id='block_1_38' title="bbox 2014 1024 3587 1112">
    <p class='ocr_par' dir='ltr' id='par_1_38' title="bbox 2014 1024 3587 1112">
     <span class='ocr_line' id='line_1_38' title="bbox 2014 1024 3587 1112; baseline -0.013 -14"><span class='ocrx_word' id='word_1_284' title='bbox 2014 1039 2347 1112; x_wconf 73' lang='lat' dir='ltr'><strong>intelligendi</strong></span> <span class='ocrx_word' id='word_1_285' title='bbox 2381 1038 2467 1092; x_wconf 92' lang='lat' dir='ltr'><strong>vis</strong></span> <span class='ocrx_word' id='word_1_286' title='bbox 2498 1044 2600 1100; x_wconf 89' lang='lat' dir='ltr'><strong>est,</strong></span> <span class='ocrx_word' id='word_1_287' title='bbox 2635 1034 2671 1088; x_wconf 89' lang='lat' dir='ltr'><strong>ii</strong></span> <span class='ocrx_word' id='word_1_288' title='bbox 2703 1047 2827 1087; x_wconf 89' lang='lat' dir='ltr'><strong>cum</strong></span> <span class='ocrx_word' id='word_1_289' title='bbox 2860 1032 3180 1100; x_wconf 74' lang='lat' dir='ltr'><strong>sapientiam</strong></span> <span class='ocrx_word' id='word_1_290' title='bbox 3204 1024 3444 1083; x_wconf 85' lang='lat' dir='ltr'><strong>hominis</strong></span> <span class='ocrx_word' id='word_1_291' title='bbox 3470 1025 3587 1080; x_wconf 88' lang='lat' dir='ltr'><strong>sin-</strong></span> 
     </span>
    </p>
   </div>
   <div class='ocr_carea' id='block_1_39' title="bbox 2017 1115 3588 1205">
    <p class='ocr_par' dir='ltr' id='par_1_39' title="bbox 2017 1115 3588 1205">
     <span class='ocr_line' id='line_1_39' title="bbox 2017 1115 3588 1205; baseline -0.013 -17"><span class='ocrx_word' id='word_1_292' title='bbox 2017 1133 2280 1205; x_wconf 87' lang='lat' dir='ltr'><strong>gularem,</strong></span> <span class='ocrx_word' id='word_1_293' title='bbox 2315 1139 2427 1185; x_wconf 90' lang='lat' dir='ltr'><strong>tum</strong></span> <span class='ocrx_word' id='word_1_294' title='bbox 2454 1128 2701 1182; x_wconf 83' lang='lat' dir='ltr'><strong>divinqu</strong></span> <span class='ocrx_word' id='word_1_295' title='bbox 2733 1124 2884 1177; x_wconf 87' lang='lat' dir='ltr'><strong>illum</strong></span> <span class='ocrx_word' id='word_1_296' title='bbox 2914 1122 3199 1191; x_wconf 85' lang='lat' dir='ltr'><strong>Spiritum,</strong></span> <span class='ocrx_word' id='word_1_297' title='bbox 3228 1118 3386 1187; x_wconf 88' lang='lat' dir='ltr'><strong>cujus</strong></span> <span class='ocrx_word' id='word_1_298' title='bbox 3405 1115 3588 1170; x_wconf 74' lang='lat' dir='ltr'><strong>alliam</strong></span> 
     </span>
    </p>
   </div>
   <div class='ocr_carea' id='block_1_40' title="bbox 2016 1217 3586 1298">
    <p class='ocr_par' dir='ltr' id='par_1_40' title="bbox 2016 1217 3586 1298">
     <span class='ocr_line' id='line_1_40' title="bbox 2016 1217 3586 1298; baseline -0.013 -17"><span class='ocrx_word' id='word_1_299' title='bbox 2016 1226 2292 1298; x_wconf 75' lang='lat' dir='ltr'><strong>propheta:</strong></span> <span class='ocrx_word' id='word_1_300' title='bbox 2341 1237 2543 1277; x_wconf 88' lang='lat' dir='ltr'><strong>nomen</strong></span> <span class='ocrx_word' id='word_1_301' title='bbox 2600 1228 2652 1274; x_wconf 86' lang='lat' dir='ltr'><strong>ct</strong></span> <span class='ocrx_word' id='word_1_302' title='bbox 2708 1217 2912 1273; x_wconf 81' lang='lat' dir='ltr'><strong>famam</strong></span> <span class='ocrx_word' id='word_1_303' title='bbox 2968 1223 3255 1269; x_wconf 72' lang='lat' dir='ltr'><strong>assecutus</strong></span> <span class='ocrx_word' id='word_1_304' title='bbox 3291 1220 3395 1273; x_wconf 90' lang='lat' dir='ltr'><strong>est,</strong></span> <span class='ocrx_word' id='word_1_305' title='bbox 3466 1222 3586 1262; x_wconf 84' lang='lat' dir='ltr'><strong>ma-</strong></span> 
     </span>
    </p>
   </div>
   <div class='ocr_carea' id='block_1_41' title="bbox 2018 1297 3595 1390">
    <p class='ocr_par' dir='ltr' id='par_1_41' title="bbox 2018 1297 3595 1390">
     <span class='ocr_line' id='line_1_41' title="bbox 2018 1297 3595 1390; baseline -0.014 -17"><span class='ocrx_word' id='word_1_306' title='bbox 2018 1332 2255 1390; x_wconf 91' lang='lat' dir='ltr'><strong>gnopere</strong></span> <span class='ocrx_word' id='word_1_307' title='bbox 2287 1315 2654 1370; x_wconf 82' lang='lat' dir='ltr'><strong>admirantur.</strong></span> <span class='ocrx_word' id='word_1_308' title='bbox 2702 1309 2947 1376; x_wconf 88' lang='lat' dir='ltr'><strong>Quorum</strong></span> <span class='ocrx_word' id='word_1_309' title='bbox 2975 1306 3030 1360; x_wconf 92' lang='lat' dir='ltr'><strong>in</strong></span> <span class='ocrx_word' id='word_1_310' title='bbox 3068 1317 3295 1359; x_wconf 89' lang='lat' dir='ltr'><strong>numero</strong></span> <span class='ocrx_word' id='word_1_311' title='bbox 3337 1314 3461 1355; x_wconf 89' lang='lat' dir='ltr'><strong>cum</strong></span> <span class='ocrx_word' id='word_1_312' title='bbox 3490 1297 3595 1352; x_wconf 81' lang='lat' dir='ltr'><strong>abs</strong></span> 
     </span>
    </p>
   </div>
   <div class='ocr_carea' id='block_1_42' title="bbox 2018 1389 3592 1479">
    <p class='ocr_par' dir='ltr' id='par_1_42' title="bbox 2018 1389 3592 1479">
     <span class='ocr_line' id='line_1_42' title="bbox 2018 1389 3592 1479; baseline -0.013 -13"><span class='ocrx_word' id='word_1_313' title='bbox 2018 1389 2108 1465; x_wconf 85' lang='lat' dir='ltr'><strong>me</strong></span> <span class='ocrx_word' id='word_1_314' title='bbox 2136 1411 2250 1479; x_wconf 88' lang='lat' dir='ltr'><strong>jam</strong></span> <span class='ocrx_word' id='word_1_315' title='bbox 2283 1403 2697 1462; x_wconf 89' lang='lat' dir='ltr'><strong>commemorati</strong></span> <span class='ocrx_word' id='word_1_316' title='bbox 2725 1398 3056 1472; x_wconf 89' lang='lat' dir='ltr'><strong>philosophi,</strong></span> <span class='ocrx_word' id='word_1_317' title='bbox 3086 1404 3199 1450; x_wconf 90' lang='lat' dir='ltr'><strong>tum</strong></span> <span class='ocrx_word' id='word_1_318' title='bbox 3224 1392 3314 1447; x_wconf 85' lang='lat' dir='ltr'><strong>alii</strong></span> <span class='ocrx_word' id='word_1_319' title='bbox 3348 1389 3592 1461; x_wconf 88' lang='lat' dir='ltr'><strong>plerique</strong></span> 
     </span>
    </p>
   </div>
   <div class='ocr_carea' id='block_1_43' title="bbox 2021 1483 3597 1569">
    <p class='ocr_par' dir='ltr' id='par_1_43' title="bbox 2021 1483 3597 1569">
     <span class='ocr_line' id='line_1_43' title="bbox 2021 1483 3597 1569; baseline -0.015 -8"><span class='ocrx_word' id='word_1_320' title='bbox 2021 1513 2169 1569; x_wconf 88' lang='lat' dir='ltr'><strong>sunt,</strong></span> <span class='ocrx_word' id='word_1_321' title='bbox 2196 1515 2405 1557; x_wconf 91' lang='lat' dir='ltr'><strong>necnon</strong></span> <span class='ocrx_word' id='word_1_322' title='bbox 2451 1505 2505 1552; x_wconf 86' lang='lat' dir='ltr'><strong>et</strong></span> <span class='ocrx_word' id='word_1_323' title='bbox 2550 1504 2760 1567; x_wconf 66' lang='lat' dir='ltr'><strong>poetae,</strong></span> <span class='ocrx_word' id='word_1_324' title='bbox 2786 1494 2879 1564; x_wconf 90' lang='lat' dir='ltr'><strong>qui</strong></span> <span class='ocrx_word' id='word_1_325' title='bbox 2913 1491 3124 1547; x_wconf 84' lang='lat' dir='ltr'><strong>haustis</strong></span> <span class='ocrx_word' id='word_1_326' title='bbox 3152 1489 3220 1543; x_wconf 89' lang='lat' dir='ltr'><strong>ab</strong></span> <span class='ocrx_word' id='word_1_327' title='bbox 3248 1501 3314 1542; x_wconf 86' lang='lat' dir='ltr'><strong>eo</strong></span> <span class='ocrx_word' id='word_1_328' title='bbox 3338 1483 3597 1539; x_wconf 77' lang='lat' dir='ltr'><strong>maximis</strong></span> 
     </span>
    </p>
   </div>
   <div class='ocr_carea' id='block_1_44' title="bbox 2021 1572 3595 1656">
    <p class='ocr_par' dir='ltr' id='par_1_44' title="bbox 2021 1572 3595 1656">
     <span class='ocr_line' id='line_1_44' title="bbox 2021 1572 3595 1656; baseline -0.015 -6"><span class='ocrx_word' id='word_1_329' title='bbox 2021 1589 2300 1651; x_wconf 88' lang='lat' dir='ltr'><strong>scribendi</strong></span> <span class='ocrx_word' id='word_1_330' title='bbox 2332 1585 2672 1656; x_wconf 87' lang='lat' dir='ltr'><strong>argumentis</strong></span> <span class='ocrx_word' id='word_1_331' title='bbox 2705 1624 2720 1648; x_wconf 93' lang='lat'><strong>,</strong></span> <span class='ocrx_word' id='word_1_332' title='bbox 2779 1586 2836 1638; x_wconf 93' lang='lat' dir='ltr'><strong>in</strong></span> <span class='ocrx_word' id='word_1_333' title='bbox 2893 1582 3174 1636; x_wconf 92' lang='lat' dir='ltr'><strong>hominum</strong></span> <span class='ocrx_word' id='word_1_334' title='bbox 3233 1572 3595 1631; x_wconf 79' lang='lat' dir='ltr'><strong>admiratione</strong></span> 
     </span>
    </p>
   </div>
   <div class='ocr_carea' id='block_1_45' title="bbox 2021 1668 3595 1749">
    <p class='ocr_par' dir='ltr' id='par_1_45' title="bbox 2021 1668 3595 1749">
     <span class='ocr_line' id='line_1_45' title="bbox 2021 1668 3595 1749; baseline -0.015 -9"><span class='ocrx_word' id='word_1_335' title='bbox 2021 1694 2333 1740; x_wconf 86' lang='lat' dir='ltr'><strong>versantur.</strong></span> <span class='ocrx_word' id='word_1_336' title='bbox 2375 1682 2443 1734; x_wconf 84' lang='lat' dir='ltr'><strong>At</strong></span> <span class='ocrx_word' id='word_1_337' title='bbox 2499 1678 2698 1749; x_wconf 88' lang='lat' dir='ltr'><strong>quibus</strong></span> <span class='ocrx_word' id='word_1_338' title='bbox 2741 1675 2970 1730; x_wconf 79' lang='lat' dir='ltr'><strong>facultas</strong></span> <span class='ocrx_word' id='word_1_339' title='bbox 3001 1683 3055 1726; x_wconf 91' lang='lat' dir='ltr'><strong>et</strong></span> <span class='ocrx_word' id='word_1_340' title='bbox 3084 1668 3357 1741; x_wconf 88' lang='lat' dir='ltr'><strong>ingenium</strong></span> <span class='ocrx_word' id='word_1_341' title='bbox 3421 1678 3595 1734; x_wconf 83' lang='lat' dir='ltr'><strong>angu-</strong></span> 
     </span>
    </p>
   </div>
   <div class='ocr_carea' id='block_1_46' title="bbox 2024 1755 3595 1835">
    <p class='ocr_par' dir='ltr' id='par_1_46' title="bbox 2024 1755 3595 1835">
     <span class='ocr_line' id='line_1_46' title="bbox 2024 1755 3595 1835; baseline -0.015 -2"><span class='ocrx_word' id='word_1_342' title='bbox 2024 1777 2161 1833; x_wconf 90' lang='lat' dir='ltr'><strong>stius</strong></span> <span class='ocrx_word' id='word_1_343' title='bbox 2196 1784 2299 1834; x_wconf 91' lang='lat' dir='ltr'><strong>est.</strong></span> <span class='ocrx_word' id='word_1_344' title='bbox 2327 1774 2367 1829; x_wconf 92' lang='lat' dir='ltr'><strong>ii</strong></span> <span class='ocrx_word' id='word_1_345' title='bbox 2394 1774 2523 1827; x_wconf 90' lang='lat' dir='ltr'><strong>dum</strong></span> <span class='ocrx_word' id='word_1_346' title='bbox 2556 1771 2622 1824; x_wconf 89' lang='lat' dir='ltr'><strong>ad</strong></span> <span class='ocrx_word' id='word_1_347' title='bbox 2649 1783 2818 1823; x_wconf 89' lang='lat' dir='ltr'><strong>unum</strong></span> <span class='ocrx_word' id='word_1_348' title='bbox 2851 1766 3146 1835; x_wconf 64' lang='lat' dir='ltr'><strong>Scriptura:</strong></span> <span class='ocrx_word' id='word_1_349' title='bbox 3198 1760 3457 1817; x_wconf 87' lang='lat' dir='ltr'><strong>corticem</strong></span> <span class='ocrx_word' id='word_1_350' title='bbox 3494 1755 3595 1810; x_wconf 87' lang='lat' dir='ltr'><strong>ad-</strong></span> 
     </span>
    </p>
   </div>
   <div class='ocr_carea' id='block_1_47' title="bbox 2026 1845 3596 1930">
    <p class='ocr_par' dir='ltr' id='par_1_47' title="bbox 2026 1845 3596 1930">
     <span class='ocr_line' id='line_1_47' title="bbox 2026 1845 3596 1930; baseline -0.015 -7"><span class='ocrx_word' id='word_1_351' title='bbox 2026 1870 2354 1930; x_wconf 65' lang='lat' dir='ltr'><strong>haerescunt,</strong></span> <span class='ocrx_word' id='word_1_352' title='bbox 2378 1863 2514 1917; x_wconf 88' lang='lat' dir='ltr'><strong>nihil</strong></span> <span class='ocrx_word' id='word_1_353' title='bbox 2542 1860 2760 1929; x_wconf 82' lang='lat' dir='ltr'><strong>augusti</strong></span> <span class='ocrx_word' id='word_1_354' title='bbox 2788 1857 3080 1912; x_wconf 89' lang='lat' dir='ltr'><strong>admodum</strong></span> <span class='ocrx_word' id='word_1_355' title='bbox 3109 1862 3165 1908; x_wconf 93' lang='lat' dir='ltr'><strong>et</strong></span> <span class='ocrx_word' id='word_1_356' title='bbox 3185 1848 3497 1906; x_wconf 78' lang='lat' dir='ltr'><strong>excellentis</strong></span> <span class='ocrx_word' id='word_1_357' title='bbox 3526 1845 3596 1901; x_wconf 77' lang='lat' dir='ltr'><strong>at.</strong></span> 
     </span>
    </p>
   </div>
   <div class='ocr_carea' id='block_1_48' title="bbox 2025 1937 3599 2019">
    <p class='ocr_par' dir='ltr' id='par_1_48' title="bbox 2025 1937 3599 2019">
     <span class='ocr_line' id='line_1_48' title="bbox 2025 1937 3599 2019; baseline -0.015 -6"><span class='ocrx_word' id='word_1_358' title='bbox 2025 1974 2092 2012; x_wconf 93' lang='lat' dir='ltr'><strong>eo</strong></span> <span class='ocrx_word' id='word_1_359' title='bbox 2122 1956 2335 2012; x_wconf 87' lang='lat' dir='ltr'><strong>narrari</strong></span> <span class='ocrx_word' id='word_1_360' title='bbox 2384 1954 2743 2009; x_wconf 83' lang='lat' dir='ltr'><strong>arbitrantur.</strong></span> <span class='ocrx_word' id='word_1_361' title='bbox 2775 1949 3129 2019; x_wconf 79' lang='lat' dir='ltr'><strong>Singulorum</strong></span> <span class='ocrx_word' id='word_1_362' title='bbox 3164 1958 3290 2014; x_wconf 87' lang='lat' dir='ltr'><strong>ergo</strong></span> <span class='ocrx_word' id='word_1_363' title='bbox 3323 1937 3599 2011; x_wconf 80' lang='lat' dir='ltr'><strong>signiﬁca—</strong></span> 
     </span>
    </p>
   </div>
   <div class='ocr_carea' id='block_1_49' title="bbox 2027 2034 3598 2119">
    <p class='ocr_par' dir='ltr' id='par_1_49' title="bbox 2027 2034 3598 2119">
     <span class='ocr_line' id='line_1_49' title="bbox 2027 2034 3598 2119; baseline -0.013 -14"><span class='ocrx_word' id='word_1_364' title='bbox 2027 2053 2228 2107; x_wconf 88' lang='lat' dir='ltr'><strong>tionem</strong></span> <span class='ocrx_word' id='word_1_365' title='bbox 2267 2048 2498 2119; x_wconf 80' lang='lat' dir='ltr'><strong>aperire,</strong></span> <span class='ocrx_word' id='word_1_366' title='bbox 2535 2052 2800 2115; x_wconf 91' lang='lat' dir='ltr'><strong>quantum</strong></span> <span class='ocrx_word' id='word_1_367' title='bbox 2832 2043 2887 2095; x_wconf 91' lang='lat' dir='ltr'><strong>in</strong></span> <span class='ocrx_word' id='word_1_368' title='bbox 2915 2056 3002 2095; x_wconf 88' lang='lat' dir='ltr'><strong>me</strong></span> <span class='ocrx_word' id='word_1_369' title='bbox 3047 2038 3213 2092; x_wconf 88' lang='lat' dir='ltr'><strong>situm</strong></span> <span class='ocrx_word' id='word_1_370' title='bbox 3246 2034 3374 2095; x_wconf 88' lang='lat' dir='ltr'><strong>erit,</strong></span> <span class='ocrx_word' id='word_1_371' title='bbox 3401 2045 3598 2101; x_wconf 80' lang='lat' dir='ltr'><strong>aggre-</strong></span> 
     </span>
    </p>
   </div>
   <div class='ocr_carea' id='block_1_50' title="bbox 2026 2122 3598 2205">
    <p class='ocr_par' dir='ltr' id='par_1_50' title="bbox 2026 2122 3598 2205">
     <span class='ocr_line' id='line_1_50' title="bbox 2026 2122 3598 2205; baseline -0.01 -12"><span class='ocrx_word' id='word_1_372' title='bbox 2026 2141 2168 2194; x_wconf 87' lang='lat' dir='ltr'><strong>diar.</strong></span> <span class='ocrx_word' id='word_1_373' title='bbox 2205 2138 2307 2205; x_wconf 84' lang='lat' dir='ltr'><strong>Qui</strong></span> <span class='ocrx_word' id='word_1_374' title='bbox 2343 2138 2387 2192; x_wconf 87' lang='lat' dir='ltr'><strong>si</strong></span> <span class='ocrx_word' id='word_1_375' title='bbox 2423 2138 2605 2190; x_wconf 89' lang='lat' dir='ltr'><strong>minus</strong></span> <span class='ocrx_word' id='word_1_376' title='bbox 2629 2143 2858 2189; x_wconf 82' lang='lat' dir='ltr'><strong>autrem</strong></span> <span class='ocrx_word' id='word_1_377' title='bbox 2887 2131 3133 2200; x_wconf 80' lang='lat' dir='ltr'><strong>tetigero,</strong></span> <span class='ocrx_word' id='word_1_378' title='bbox 3160 2137 3256 2182; x_wconf 87' lang='lat' dir='ltr'><strong>aut</strong></span> <span class='ocrx_word' id='word_1_379' title='bbox 3292 2125 3411 2178; x_wconf 84' lang='lat' dir='ltr'><strong>aliis</strong></span> <span class='ocrx_word' id='word_1_380' title='bbox 3439 2122 3598 2177; x_wconf 79' lang='lat' dir='ltr'><strong>[idem</strong></span> 
     </span>
    </p>
   </div>
   <div class='ocr_carea' id='block_1_51' title="bbox 2025 2217 3597 2297">
    <p class='ocr_par' dir='ltr' id='par_1_51' title="bbox 2025 2217 3597 2297">
     <span class='ocr_line' id='line_1_51' title="bbox 2025 2217 3597 2297; baseline -0.011 -10"><span class='ocrx_word' id='word_1_381' title='bbox 2025 2232 2208 2289; x_wconf 58' lang='lat' dir='ltr'><strong>fecero</strong></span> <span class='ocrx_word' id='word_1_382' title='bbox 2236 2249 2251 2297; x_wconf 88' lang='lat'><strong>;</strong></span> <span class='ocrx_word' id='word_1_383' title='bbox 2278 2231 2517 2286; x_wconf 81' lang='lat' dir='ltr'><strong>maxime</strong></span> <span class='ocrx_word' id='word_1_384' title='bbox 2538 2227 2724 2289; x_wconf 83' lang='lat' dir='ltr'><strong>velim,</strong></span> <span class='ocrx_word' id='word_1_385' title='bbox 2756 2225 2836 2279; x_wconf 88' lang='lat' dir='ltr'><strong>uti</strong></span> <span class='ocrx_word' id='word_1_386' title='bbox 2863 2240 2930 2277; x_wconf 83' lang='lat' dir='ltr'><strong>ne</strong></span> <span class='ocrx_word' id='word_1_387' title='bbox 2953 2223 3094 2276; x_wconf 89' lang='lat' dir='ltr'><strong>hanc</strong></span> <span class='ocrx_word' id='word_1_388' title='bbox 3131 2221 3184 2274; x_wconf 89' lang='lat' dir='ltr'><strong>in</strong></span> <span class='ocrx_word' id='word_1_389' title='bbox 3209 2217 3597 2288; x_wconf 84' lang='lat' dir='ltr'><strong>legislatorem,</strong></span> 
     </span>
    </p>
   </div>
   <div class='ocr_carea' id='block_1_52' title="bbox 2026 2307 3601 2389">
    <p class='ocr_par' dir='ltr' id='par_1_52' title="bbox 2026 2307 3601 2389">
     <span class='ocr_line' id='line_1_52' title="bbox 2026 2307 3601 2389; baseline -0.013 -6"><span class='ocrx_word' id='word_1_390' title='bbox 2026 2327 2120 2383; x_wconf 90' lang='lat' dir='ltr'><strong>sed</strong></span> <span class='ocrx_word' id='word_1_391' title='bbox 2154 2326 2206 2380; x_wconf 92' lang='lat' dir='ltr'><strong>in</strong></span> <span class='ocrx_word' id='word_1_392' title='bbox 2242 2341 2329 2379; x_wconf 91' lang='lat' dir='ltr'><strong>me</strong></span> <span class='ocrx_word' id='word_1_393' title='bbox 2352 2324 2619 2380; x_wconf 78' lang='lat' dir='ltr'><strong>duntaxat</strong></span> <span class='ocrx_word' id='word_1_394' title='bbox 2676 2316 2963 2389; x_wconf 63' lang='lat' dir='ltr'><strong>imperitiae</strong></span> <span class='ocrx_word' id='word_1_395' title='bbox 2987 2315 3200 2384; x_wconf 88' lang='lat' dir='ltr'><strong>culpam</strong></span> <span class='ocrx_word' id='word_1_396' title='bbox 3237 2311 3472 2376; x_wconf 88' lang='lat' dir='ltr'><strong>derives,</strong></span> <span class='ocrx_word' id='word_1_397' title='bbox 3503 2307 3601 2380; x_wconf 91' lang='lat' dir='ltr'><strong>qui</strong></span> 
     </span>
    </p>
   </div>
   <div class='ocr_carea' id='block_1_53' title="bbox 2025 2400 3600 2485">
    <p class='ocr_par' dir='ltr' id='par_1_53' title="bbox 2025 2400 3600 2485">
     <span class='ocr_line' id='line_1_53' title="bbox 2025 2400 3600 2485; baseline -0.014 -11"><span class='ocrx_word' id='word_1_398' title='bbox 2025 2435 2115 2474; x_wconf 89' lang='lat' dir='ltr'><strong>res</strong></span> <span class='ocrx_word' id='word_1_399' title='bbox 2146 2418 2215 2472; x_wconf 89' lang='lat' dir='ltr'><strong>ab</strong></span> <span class='ocrx_word' id='word_1_400' title='bbox 2255 2432 2319 2471; x_wconf 91' lang='lat' dir='ltr'><strong>eo</strong></span> <span class='ocrx_word' id='word_1_401' title='bbox 2349 2416 2624 2485; x_wconf 85' lang='lat' dir='ltr'><strong>sapienter</strong></span> <span class='ocrx_word' id='word_1_402' title='bbox 2661 2410 2996 2480; x_wconf 79' lang='lat' dir='ltr'><strong>excogitatas</strong></span> <span class='ocrx_word' id='word_1_403' title='bbox 3046 2418 3391 2475; x_wconf 86' lang='lat' dir='ltr'><strong>nequaquam</strong></span> <span class='ocrx_word' id='word_1_404' title='bbox 3425 2400 3600 2470; x_wconf 84' lang='lat' dir='ltr'><strong>expli-</strong></span> 
     </span>
    </p>
   </div>
   <div class='ocr_carea' id='block_1_54' title="bbox 2026 2492 3601 2579">
    <p class='ocr_par' dir='ltr' id='par_1_54' title="bbox 2026 2492 3601 2579">
     <span class='ocr_line' id='line_1_54' title="bbox 2026 2492 3601 2579; baseline -0.014 -13"><span class='ocrx_word' id='word_1_405' title='bbox 2026 2525 2153 2566; x_wconf 90' lang='lat' dir='ltr'><strong>care</strong></span> <span class='ocrx_word' id='word_1_406' title='bbox 2173 2517 2418 2579; x_wconf 89' lang='lat' dir='ltr'><strong>potuero.</strong></span> <span class='ocrx_word' id='word_1_407' title='bbox 2437 2507 2693 2562; x_wconf 76' lang='lat' dir='ltr'><strong>Mannum</strong></span> <span class='ocrx_word' id='word_1_408' title='bbox 2725 2504 2887 2573; x_wconf 85' lang='lat' dir='ltr'><strong>igitur</strong></span> <span class='ocrx_word' id='word_1_409' title='bbox 2926 2501 3088 2554; x_wconf 85' lang='lat' dir='ltr'><strong>etiam</strong></span> <span class='ocrx_word' id='word_1_410' title='bbox 3115 2497 3255 2566; x_wconf 82' lang='lat' dir='ltr'><strong>apud</strong></span> <span class='ocrx_word' id='word_1_411' title='bbox 3285 2510 3384 2549; x_wconf 93' lang='lat' dir='ltr'><strong>uos</strong></span> <span class='ocrx_word' id='word_1_412' title='bbox 3414 2492 3601 2557; x_wconf 87' lang='lat' dir='ltr'><strong>latius,</strong></span> 
     </span>
    </p>
   </div>
   <div class='ocr_carea' id='block_1_55' title="bbox 2027 2587 3606 2670">
    <p class='ocr_par' dir='ltr' id='par_1_55' title="bbox 2027 2587 3606 2670">
     <span class='ocr_line' id='line_1_55' title="bbox 2027 2587 3606 2670; baseline -0.013 -12"><span class='ocrx_word' id='word_1_413' title='bbox 2027 2611 2089 2658; x_wconf 86' lang='lat' dir='ltr'><strong>ut</strong></span> <span class='ocrx_word' id='word_1_414' title='bbox 2117 2610 2354 2665; x_wconf 83' lang='lat' dir='ltr'><strong>constat,</strong></span> <span class='ocrx_word' id='word_1_415' title='bbox 2408 2596 2736 2670; x_wconf 78' lang='lat' dir='ltr'><strong>signiﬁcatio</strong></span> <span class='ocrx_word' id='word_1_416' title='bbox 2770 2601 2936 2664; x_wconf 88' lang='lat' dir='ltr'><strong>patet.</strong></span> <span class='ocrx_word' id='word_1_417' title='bbox 2974 2590 3109 2646; x_wconf 84' lang='lat' dir='ltr'><strong>Nam</strong></span> <span class='ocrx_word' id='word_1_418' title='bbox 3143 2604 3267 2645; x_wconf 90' lang='lat' dir='ltr'><strong>cum</strong></span> <span class='ocrx_word' id='word_1_419' title='bbox 3304 2595 3364 2642; x_wconf 92' lang='lat' dir='ltr'><strong>tu</strong></span> <span class='ocrx_word' id='word_1_420' title='bbox 3398 2587 3534 2656; x_wconf 88' lang='lat' dir='ltr'><strong>ipse,</strong></span> <span class='ocrx_word' id='word_1_421' title='bbox 3566 2597 3606 2639; x_wconf 82' lang='grc' dir='ltr'><strong>ο</strong></span> 
     </span>
    </p>
   </div>
   <div class='ocr_carea' id='block_1_56' title="bbox 2026 2683 3601 2761">
    <p class='ocr_par' dir='ltr' id='par_1_56' title="bbox 2026 2683 3601 2761">
     <span class='ocr_line' id='line_1_56' title="bbox 2026 2683 3601 2761; baseline -0.013 -10"><span class='ocrx_word' id='word_1_422' title='bbox 2026 2712 2144 2761; x_wconf 78' lang='lat' dir='ltr'><strong>rex,</strong></span> <span class='ocrx_word' id='word_1_423' title='bbox 2175 2692 2527 2749; x_wconf 79' lang='lat' dir='ltr'><strong>conlecturus</strong></span> <span class='ocrx_word' id='word_1_424' title='bbox 2556 2688 2782 2758; x_wconf 87' lang='lat' dir='ltr'><strong>aliquid,</strong></span> <span class='ocrx_word' id='word_1_425' title='bbox 2818 2686 3004 2755; x_wconf 82' lang='lat' dir='ltr'><strong>copias</strong></span> <span class='ocrx_word' id='word_1_426' title='bbox 3034 2683 3203 2737; x_wconf 84' lang='lat' dir='ltr'><strong>mittis</strong></span> <span class='ocrx_word' id='word_1_427' title='bbox 3223 2723 3238 2747; x_wconf 94' lang='lat'><strong>,</strong></span> <span class='ocrx_word' id='word_1_428' title='bbox 3282 2695 3457 2750; x_wconf 82' lang='lat' dir='ltr'><strong>regem</strong></span> <span class='ocrx_word' id='word_1_429' title='bbox 3484 2687 3601 2732; x_wconf 87' lang='lat' dir='ltr'><strong>tum</strong></span> 
     </span>
    </p>
   </div>
   <div class='ocr_carea' id='block_1_57' title="bbox 2028 2767 3604 2857">
    <p class='ocr_par' dir='ltr' id='par_1_57' title="bbox 2028 2767 3604 2857">
     <span class='ocr_line' id='line_1_57' title="bbox 2028 2767 3604 2857; baseline -0.014 -14"><span class='ocrx_word' id='word_1_430' title='bbox 2028 2788 2300 2857; x_wconf 82' lang='lat' dir='ltr'><strong>ingentem</strong></span> <span class='ocrx_word' id='word_1_431' title='bbox 2334 2799 2555 2839; x_wconf 86' lang='lat' dir='ltr'><strong>manum</strong></span> <span class='ocrx_word' id='word_1_432' title='bbox 2588 2781 2789 2835; x_wconf 88' lang='lat' dir='ltr'><strong>habere</strong></span> <span class='ocrx_word' id='word_1_433' title='bbox 2810 2778 3252 2843; x_wconf 86' lang='lat' dir='ltr'><strong>dicimus,quam</strong></span> <span class='ocrx_word' id='word_1_434' title='bbox 3281 2767 3604 2839; x_wconf 87' lang='lat' dir='ltr'><strong>vocem,qui</strong></span> 
     </span>
    </p>
   </div>
   <div class='ocr_carea' id='block_1_58' title="bbox 2030 2860 3603 2942">
    <p class='ocr_par' dir='ltr' id='par_1_58' title="bbox 2030 2860 3603 2942">
     <span class='ocr_line' id='line_1_58' title="bbox 2030 2860 3603 2942; baseline -0.013 -9"><span class='ocrx_word' id='word_1_435' title='bbox 2030 2879 2281 2942; x_wconf 89' lang='lat' dir='ltr'><strong>audiunt,</strong></span> <span class='ocrx_word' id='word_1_436' title='bbox 2307 2877 2374 2931; x_wconf 90' lang='lat' dir='ltr'><strong>de</strong></span> <span class='ocrx_word' id='word_1_437' title='bbox 2401 2886 2495 2930; x_wconf 91' lang='lat' dir='ltr'><strong>tuo</strong></span> <span class='ocrx_word' id='word_1_438' title='bbox 2525 2873 2769 2928; x_wconf 82' lang='lat' dir='ltr'><strong>exercitu</strong></span> <span class='ocrx_word' id='word_1_439' title='bbox 2803 2883 2997 2925; x_wconf 90' lang='lat' dir='ltr'><strong>omnes</strong></span> <span class='ocrx_word' id='word_1_440' title='bbox 3021 2865 3315 2934; x_wconf 86' lang='lat' dir='ltr'><strong>accipiunt.</strong></span> <span class='ocrx_word' id='word_1_441' title='bbox 3341 2861 3513 2928; x_wconf 88' lang='lat' dir='ltr'><strong>Quem</strong></span> <span class='ocrx_word' id='word_1_442' title='bbox 3545 2860 3603 2914; x_wconf 89' lang='lat' dir='ltr'><strong>in</strong></span> 
     </span>
    </p>
   </div>
   <div class='ocr_carea' id='block_1_59' title="bbox 2031 2952 3607 3037">
    <p class='ocr_par' dir='ltr' id='par_1_59' title="bbox 2031 2952 3607 3037">
     <span class='ocr_line' id='line_1_59' title="bbox 2031 2952 3607 3037; baseline -0.012 -12"><span class='ocrx_word' id='word_1_443' title='bbox 2031 2986 2253 3026; x_wconf 87' lang='lat' dir='ltr'><strong>sensum</strong></span> <span class='ocrx_word' id='word_1_444' title='bbox 2278 2969 2468 3037; x_wconf 87' lang='lat' dir='ltr'><strong>utique</strong></span> <span class='ocrx_word' id='word_1_445' title='bbox 2495 2966 2708 3036; x_wconf 80' lang='lat' dir='ltr'><strong>Moyses</strong></span> <span class='ocrx_word' id='word_1_446' title='bbox 2738 2963 2791 3017; x_wconf 85' lang='lat' dir='ltr'><strong>in</strong></span> <span class='ocrx_word' id='word_1_447' title='bbox 2824 2965 2940 3034; x_wconf 87' lang='lat' dir='ltr'><strong>lege</strong></span> <span class='ocrx_word' id='word_1_448' title='bbox 2970 2969 3157 3015; x_wconf 91' lang='lat' dir='ltr'><strong>nostra</strong></span> <span class='ocrx_word' id='word_1_449' title='bbox 3171 2956 3398 3014; x_wconf 89' lang='lat' dir='ltr'><strong>subinde</strong></span> <span class='ocrx_word' id='word_1_450' title='bbox 3425 2952 3607 3023; x_wconf 88' lang='lat' dir='ltr'><strong>loqui-</strong></span> 
     </span>
    </p>
   </div>
   <div class='ocr_carea' id='block_1_60' title="bbox 2033 3044 3610 3126">
    <p class='ocr_par' dir='ltr' id='par_1_60' title="bbox 2033 3044 3610 3126">
     <span class='ocr_line' id='line_1_60' title="bbox 2033 3044 3610 3126; baseline -0.011 -10"><span class='ocrx_word' id='word_1_451' title='bbox 2033 3071 2142 3126; x_wconf 88' lang='lat' dir='ltr'><strong>tur,</strong></span> <span class='ocrx_word' id='word_1_452' title='bbox 2169 3069 2228 3115; x_wconf 92' lang='lat' dir='ltr'><strong>ut</strong></span> <span class='ocrx_word' id='word_1_453' title='bbox 2260 3076 2384 3116; x_wconf 90' lang='lat' dir='ltr'><strong>cum</strong></span> <span class='ocrx_word' id='word_1_454' title='bbox 2408 3060 2486 3113; x_wconf 90' lang='lat' dir='ltr'><strong>ait</strong></span> <span class='ocrx_word' id='word_1_455' title='bbox 2509 3099 2526 3124; x_wconf 89' lang='lat'><strong>,</strong></span> <span class='ocrx_word' id='word_1_456' title='bbox 2560 3076 2578 3107; x_wconf 75' lang='grc' dir='ltr'><strong>ι</strong></span> <span class='ocrx_word' id='word_1_457' title='bbox 2612 3057 2671 3111; x_wconf 89' lang='lat' dir='ltr'><strong>ln</strong></span> <span class='ocrx_word' id='word_1_458' title='bbox 2700 3070 2865 3110; x_wconf 87' lang='lat' dir='ltr'><strong>manu</strong></span> <span class='ocrx_word' id='word_1_459' title='bbox 2902 3053 3130 3108; x_wconf 89' lang='lat' dir='ltr'><strong>robusta</strong></span> <span class='ocrx_word' id='word_1_460' title='bbox 3163 3048 3349 3105; x_wconf 88' lang='lat' dir='ltr'><strong>eduxit</strong></span> <span class='ocrx_word' id='word_1_461' title='bbox 3374 3056 3426 3101; x_wconf 89' lang='lat' dir='ltr'><strong>te</strong></span> <span class='ocrx_word' id='word_1_462' title='bbox 3462 3044 3610 3098; x_wconf 79' lang='lat' dir='ltr'><strong>Deus</strong></span> 
     </span>
    </p>
   </div>
   <div class='ocr_carea' id='block_1_61' title="bbox 360 3139 1931 3250">
    <p class='ocr_par' dir='ltr' id='par_1_61' title="bbox 360 3139 1929 3232">
     <span class='ocr_line' id='line_1_61' title="bbox 360 3139 1929 3232; baseline -0.009 -14"><span class='ocrx_word' id='word_1_463' title='bbox 360 3139 540 3218; x_wconf 79' lang='grc' dir='ltr'>πᾶσαν</span> <span class='ocrx_word' id='word_1_464' title='bbox 597 3160 750 3232; x_wconf 79' lang='grc' dir='ltr'>ἰσχὺν</span> <span class='ocrx_word' id='word_1_465' title='bbox 788 3158 895 3214; x_wconf 83' lang='grc' dir='ltr'><strong>τῶν</strong></span> <span class='ocrx_word' id='word_1_466' title='bbox 920 3158 1223 3230; x_wconf 79' lang='grc' dir='ltr'>ἀνθρώπων</span> <span class='ocrx_word' id='word_1_467' title='bbox 1264 3158 1360 3211; x_wconf 70' lang='grc' dir='ltr'>καὶ</span> <span class='ocrx_word' id='word_1_468' title='bbox 1391 3155 1490 3218; x_wconf 85' lang='grc' dir='ltr'>τὰς</span> <span class='ocrx_word' id='word_1_469' title='bbox 1543 3153 1819 3227; x_wconf 72' lang='grc' dir='ltr'>ἐνεργείας</span> <span class='ocrx_word' id='word_1_470' title='bbox 1870 3152 1929 3205; x_wconf 84' lang='grc' dir='ltr'>ὲν</span> 
     </span>
    </p>
   </div>
   <div class='ocr_carea' id='block_1_62' title="bbox 2031 3139 3607 3250">
    <p class='ocr_par' dir='ltr' id='par_1_62' title="bbox 2032 3139 3607 3250">
     <span class='ocr_line' id='line_1_62' title="bbox 2032 3139 3607 3223; baseline -0.012 -16"><span class='ocrx_word' id='word_1_471' title='bbox 2032 3169 2095 3206; x_wconf 83' lang='lat' dir='ltr'><strong>ex</strong></span> <span class='ocrx_word' id='word_1_472' title='bbox 2121 3150 2386 3223; x_wconf 70' lang='lat' dir='ltr'><strong>Egypto;</strong></span> <span class='ocrx_word' id='word_1_473' title='bbox 2429 3169 2447 3201; x_wconf 73' lang='grc' dir='ltr'><strong>ι</strong></span> <span class='ocrx_word' id='word_1_474' title='bbox 2479 3150 2740 3217; x_wconf 88' lang='lat' dir='ltr'><strong>itemque,</strong></span> <span class='ocrx_word' id='word_1_475' title='bbox 2771 3165 2790 3199; x_wconf 76' lang='grc' dir='ltr'><strong>ι</strong></span> <span class='ocrx_word' id='word_1_476' title='bbox 2820 3146 3052 3208; x_wconf 84' lang='lat' dir='ltr'><strong>Mittam,</strong></span> <span class='ocrx_word' id='word_1_477' title='bbox 3079 3142 3256 3212; x_wconf 89' lang='lat' dir='ltr'><strong>inquit</strong></span> <span class='ocrx_word' id='word_1_478' title='bbox 3286 3139 3450 3200; x_wconf 90' lang='lat' dir='ltr'><strong>Deus,</strong></span> <span class='ocrx_word' id='word_1_479' title='bbox 3489 3150 3607 3189; x_wconf 79' lang='lat' dir='ltr'><strong>ma-</strong></span> 
     </span>
     <span class='ocr_line' id='line_1_63' title="bbox 2476 3224 3574 3250; baseline 0 0"><span class='ocrx_word' id='word_1_480' title='bbox 2476 3246 2484 3250; x_wconf 69' lang='lat'><strong>.</strong></span> <span class='ocrx_word' id='word_1_481' title='bbox 2704 3234 2736 3250; x_wconf 76' lang='grc' dir='ltr'>,ο</span> <span class='ocrx_word' id='word_1_482' title='bbox 2879 3233 2922 3250; x_wconf 68' lang='grc' dir='ltr'>επ</span> <span class='ocrx_word' id='word_1_483' title='bbox 3020 3233 3137 3250; x_wconf 56' lang='lat'><strong>,.,-,_</strong></span> <span class='ocrx_word' id='word_1_484' title='bbox 3189 3230 3283 3250; x_wconf 65' lang='lat' dir='ltr'><strong>an-</strong></span> <span class='ocrx_word' id='word_1_485' title='bbox 3335 3226 3396 3250; x_wconf 67' lang='grc' dir='ltr'><strong>υ.</strong></span> <span class='ocrx_word' id='word_1_486' title='bbox 3430 3224 3492 3250; x_wconf 64' lang='grc' dir='ltr'><strong>Δ..</strong></span> <span class='ocrx_word' id='word_1_487' title='bbox 3523 3224 3574 3250; x_wconf 70' lang='grc' dir='ltr'><strong>ζ..</strong></span> 
     </span>
    </p>
   </div>
   <div class='ocr_carea' id='block_1_63' title="bbox 357 3224 1931 3327">
    <p class='ocr_par' dir='ltr' id='par_1_63' title="bbox 357 3224 1928 3327">
     <span class='ocr_line' id='line_1_64' title="bbox 357 3224 1928 3327; baseline -0.01 -17"><span class='ocrx_word' id='word_1_488' title='bbox 357 3259 478 3319; x_wconf 79' lang='grc' dir='ltr'>ταῖς</span> <span class='ocrx_word' id='word_1_489' title='bbox 505 3224 692 3327; x_wconf 66' lang='grc' dir='ltr'>χερσίν</span> <span class='ocrx_word' id='word_1_490' title='bbox 727 3246 885 3306; x_wconf 75' lang='grc' dir='ltr'>εἷναι.</span> <span class='ocrx_word' id='word_1_491' title='bbox 911 3224 1108 3323; x_wconf 75' lang='grc' dir='ltr'>Διόπερ</span> <span class='ocrx_word' id='word_1_492' title='bbox 1136 3248 1313 3311; x_wconf 83' lang='grc' dir='ltr'>καλῶς</span> <span class='ocrx_word' id='word_1_493' title='bbox 1343 3250 1372 3302; x_wconf 93' lang='lat'><strong>6</strong></span> <span class='ocrx_word' id='word_1_494' title='bbox 1406 3224 1702 3316; x_wconf 73' lang='grc' dir='ltr'>νομοθέτης</span> <span class='ocrx_word' id='word_1_495' title='bbox 1744 3243 1836 3297; x_wconf 72' lang='grc' dir='ltr'><strong>ἐπὶ</strong></span> <span class='ocrx_word' id='word_1_496' title='bbox 1867 3242 1928 3295; x_wconf 84' lang='grc' dir='ltr'>τὸ</span> 
     </span>
    </p>
   </div>
   <div class='ocr_carea' id='block_1_64' title="bbox 2031 3224 3608 3327">
    <p class='ocr_par' dir='ltr' id='par_1_64' title="bbox 2033 3224 3608 3307">
     <span class='ocr_line' id='line_1_65' title="bbox 2033 3224 3608 3307; baseline -0.011 -13"><span class='ocrx_word' id='word_1_497' title='bbox 2033 3256 2162 3295; x_wconf 91' lang='lat' dir='ltr'><strong>num</strong></span> <span class='ocrx_word' id='word_1_498' title='bbox 2210 3254 2409 3304; x_wconf 89' lang='lat' dir='ltr'><strong>meam,</strong></span> <span class='ocrx_word' id='word_1_499' title='bbox 2438 3246 2492 3293; x_wconf 90' lang='lat' dir='ltr'><strong>et</strong></span> <span class='ocrx_word' id='word_1_500' title='bbox 2532 3234 2829 3307; x_wconf 87' lang='lat' dir='ltr'><strong>percutiam</strong></span> <span class='ocrx_word' id='word_1_501' title='bbox 2857 3233 3164 3305; x_wconf 67' lang='lat' dir='ltr'><strong>Egyptios.</strong></span> <span class='ocrx_word' id='word_1_502' title='bbox 3188 3230 3235 3262; x_wconf 76' lang='grc'><strong>⁸⁸</strong></span> <span class='ocrx_word' id='word_1_503' title='bbox 3270 3247 3289 3281; x_wconf 74' lang='grc' dir='ltr'><strong>ι</strong></span> <span class='ocrx_word' id='word_1_504' title='bbox 3335 3226 3400 3279; x_wconf 87' lang='grc' dir='ltr'>Ει</span> <span class='ocrx_word' id='word_1_505' title='bbox 3427 3224 3494 3279; x_wconf 91' lang='lat' dir='ltr'><strong>de</strong></span> <span class='ocrx_word' id='word_1_506' title='bbox 3516 3224 3608 3294; x_wconf 82' lang='lat' dir='ltr'><strong>ju-</strong></span> 
     </span>
    </p>
   </div>
   <div class='ocr_carea' id='block_1_65' title="bbox 364 3318 1931 3419">
    <p class='ocr_par' dir='ltr' id='par_1_65' title="bbox 364 3318 1930 3419">
     <span class='ocr_line' id='line_1_66' title="bbox 364 3318 1930 3419; baseline -0.01 -18"><span class='ocrx_word' id='word_1_507' title='bbox 364 3318 647 3419; x_wconf 71' lang='grc' dir='ltr'>μεγαλείον</span> <span class='ocrx_word' id='word_1_508' title='bbox 674 3344 1016 3415; x_wconf 87' lang='grc' dir='ltr'>μετενήνοχε,</span> <span class='ocrx_word' id='word_1_509' title='bbox 1062 3318 1236 3411; x_wconf 85' lang='grc' dir='ltr'>λέγων</span> <span class='ocrx_word' id='word_1_510' title='bbox 1256 3339 1355 3402; x_wconf 84' lang='grc' dir='ltr'><strong>τὰς</strong></span> <span class='ocrx_word' id='word_1_511' title='bbox 1398 3335 1703 3399; x_wconf 87' lang='grc' dir='ltr'>συντελείας</span> <span class='ocrx_word' id='word_1_512' title='bbox 1740 3336 1930 3406; x_wconf 85' lang='grc' dir='ltr'>χεῖρας</span> 
     </span>
    </p>
   </div>
   <div class='ocr_carea' id='block_1_66' title="bbox 2031 3318 3612 3419">
    <p class='ocr_par' dir='ltr' id='par_1_66' title="bbox 2035 3318 3612 3393">
     <span class='ocr_line' id='line_1_67' title="bbox 2035 3318 3612 3393; baseline -0.006 -8"><span class='ocrx_word' id='word_1_513' title='bbox 2035 3340 2340 3386; x_wconf 90' lang='lat' dir='ltr'><strong>mentorum</strong></span> <span class='ocrx_word' id='word_1_514' title='bbox 2371 3340 2548 3385; x_wconf 89' lang='lat' dir='ltr'><strong>morte</strong></span> <span class='ocrx_word' id='word_1_515' title='bbox 2591 3328 2670 3384; x_wconf 90' lang='lat' dir='ltr'><strong>sic</strong></span> <span class='ocrx_word' id='word_1_516' title='bbox 2702 3326 2883 3383; x_wconf 80' lang='lat' dir='ltr'><strong>Moses</strong></span> <span class='ocrx_word' id='word_1_517' title='bbox 2909 3324 3196 3390; x_wconf 88' lang='lat' dir='ltr'><strong>Pharaoni,</strong></span> <span class='ocrx_word' id='word_1_518' title='bbox 3220 3322 3381 3393; x_wconf 82' lang='lat'><strong><em>377</em></strong></span> <span class='ocrx_word' id='word_1_519' title='bbox 3410 3338 3429 3371; x_wconf 76' lang='grc' dir='ltr'><strong>ι</strong></span> <span class='ocrx_word' id='word_1_520' title='bbox 3469 3318 3612 3373; x_wconf 83' lang='lat' dir='ltr'><strong>Ecce</strong></span> 
     </span>
    </p>
   </div>
   <div class='ocr_carea' id='block_1_67' title="bbox 361 3419 1931 3493">
    <p class='ocr_par' dir='ltr' id='par_1_67' title="bbox 361 3436 682 3493">
     <span class='ocr_line' id='line_1_68' title="bbox 361 3436 682 3493; baseline -0.009 0"><span class='ocrx_word' id='word_1_521' title='bbox 361 3436 497 3493; x_wconf 74' lang='grc' dir='ltr'>εἶναι</span> <span class='ocrx_word' id='word_1_522' title='bbox 526 3436 682 3492; x_wconf 84' lang='grc' dir='ltr'>Θεοῦ.</span> 
     </span>
    </p>
   </div>
   <div class='ocr_carea' id='block_1_68' title="bbox 2031 3419 3612 3493">
    <p class='ocr_par' dir='ltr' id='par_1_68' title="bbox 2037 3419 3612 3493">
     <span class='ocr_line' id='line_1_69' title="bbox 2037 3419 3612 3493; baseline -0.007 -17"><span class='ocrx_word' id='word_1_523' title='bbox 2037 3438 2233 3478; x_wconf 90' lang='lat' dir='ltr'><strong>manus</strong></span> <span class='ocrx_word' id='word_1_524' title='bbox 2281 3421 2498 3477; x_wconf 87' lang='lat' dir='ltr'><strong>Domini</strong></span> <span class='ocrx_word' id='word_1_525' title='bbox 2550 3422 2655 3476; x_wconf 88' lang='lat' dir='ltr'><strong>erit</strong></span> <span class='ocrx_word' id='word_1_526' title='bbox 2688 3437 2853 3493; x_wconf 87' lang='lat' dir='ltr'><strong>super</strong></span> <span class='ocrx_word' id='word_1_527' title='bbox 2896 3419 3144 3489; x_wconf 83' lang='lat' dir='ltr'><strong>jumenta</strong></span> <span class='ocrx_word' id='word_1_528' title='bbox 3176 3425 3290 3479; x_wconf 89' lang='lat' dir='ltr'><strong>tua,</strong></span> <span class='ocrx_word' id='word_1_529' title='bbox 3344 3422 3397 3468; x_wconf 91' lang='lat' dir='ltr'><strong>et</strong></span> <span class='ocrx_word' id='word_1_530' title='bbox 3443 3426 3612 3482; x_wconf 85' lang='lat' dir='ltr'><strong>super</strong></span> 
     </span>
    </p>
   </div>
   <div class='ocr_carea' id='block_1_69' title="bbox 363 3510 3609 3603">
    <p class='ocr_par' dir='ltr' id='par_1_69' title="bbox 363 3510 3609 3603">
     <span class='ocr_line' id='line_1_70' title="bbox 363 3510 3609 3603; baseline -0.009 -12"><span class='ocrx_word' id='word_1_531' title='bbox 363 3536 567 3601; x_wconf 89' lang='lat' dir='ltr'><strong>omnia,</strong></span> <span class='ocrx_word' id='word_1_532' title='bbox 608 3548 730 3603; x_wconf 71' lang='lat' dir='ltr'><strong>quze</strong></span> <span class='ocrx_word' id='word_1_533' title='bbox 761 3540 886 3587; x_wconf 89' lang='lat' dir='ltr'><strong>sunt</strong></span> <span class='ocrx_word' id='word_1_534' title='bbox 934 3529 988 3584; x_wconf 91' lang='lat' dir='ltr'><strong>in</strong></span> <span class='ocrx_word' id='word_1_535' title='bbox 1024 3527 1193 3599; x_wconf 86' lang='lat' dir='ltr'><strong>agris,</strong></span> <span class='ocrx_word' id='word_1_536' title='bbox 1240 3526 1493 3582; x_wconf 91' lang='lat' dir='ltr'><strong>interitus</strong></span> <span class='ocrx_word' id='word_1_537' title='bbox 1537 3538 1790 3593; x_wconf 80' lang='lat' dir='ltr'><strong>magnus.</strong></span> <span class='ocrx_word' id='word_1_538' title='bbox 1821 3511 1869 3547; x_wconf 76' lang='grc'>⁸⁸</span> <span class='ocrx_word' id='word_1_539' title='bbox 1907 3539 1926 3571; x_wconf 75' lang='grc' dir='ltr'><strong>ι</strong></span> <span class='ocrx_word' id='word_1_540' title='bbox 1967 3518 2156 3589; x_wconf 89' lang='lat' dir='ltr'><strong>Itaque</strong></span> <span class='ocrx_word' id='word_1_541' title='bbox 2202 3535 2398 3575; x_wconf 85' lang='lat' dir='ltr'><strong>manus</strong></span> <span class='ocrx_word' id='word_1_542' title='bbox 2460 3518 2530 3575; x_wconf 88' lang='lat' dir='ltr'><strong>ad</strong></span> <span class='ocrx_word' id='word_1_543' title='bbox 2583 3519 2781 3574; x_wconf 84' lang='lat' dir='ltr'><strong>divinae</strong></span> <span class='ocrx_word' id='word_1_544' title='bbox 2828 3515 3108 3589; x_wconf 88' lang='lat' dir='ltr'><strong>potestatis</strong></span> <span class='ocrx_word' id='word_1_545' title='bbox 3160 3514 3267 3567; x_wconf 85' lang='lat' dir='ltr'><strong>vim</strong></span> <span class='ocrx_word' id='word_1_546' title='bbox 3315 3510 3609 3582; x_wconf 83' lang='lat' dir='ltr'><strong>pertinent,</strong></span> 
     </span>
    </p>
   </div>
   <div class='ocr_carea' id='block_1_70' title="bbox 363 3602 3615 3701">
    <p class='ocr_par' dir='ltr' id='par_1_70' title="bbox 363 3602 3615 3701">
     <span class='ocr_line' id='line_1_71' title="bbox 363 3602 3615 3701; baseline -0.01 -15"><span class='ocrx_word' id='word_1_547' title='bbox 363 3628 796 3701; x_wconf 80' lang='lat' dir='ltr'><strong>quandoquidem</strong></span> <span class='ocrx_word' id='word_1_548' title='bbox 827 3626 1142 3681; x_wconf 87' lang='lat' dir='ltr'><strong>universum</strong></span> <span class='ocrx_word' id='word_1_549' title='bbox 1181 3636 1399 3693; x_wconf 88' lang='lat' dir='ltr'><strong>quoque</strong></span> <span class='ocrx_word' id='word_1_550' title='bbox 1435 3620 1604 3675; x_wconf 90' lang='lat' dir='ltr'><strong>robur</strong></span> <span class='ocrx_word' id='word_1_551' title='bbox 1632 3617 1912 3673; x_wconf 87' lang='lat' dir='ltr'><strong>hominum</strong></span> <span class='ocrx_word' id='word_1_552' title='bbox 1951 3629 2016 3669; x_wconf 88' lang='lat' dir='ltr'><strong>ac</strong></span> <span class='ocrx_word' id='word_1_553' title='bbox 2068 3612 2153 3667; x_wconf 82' lang='lat' dir='ltr'><strong>vis</strong></span> <span class='ocrx_word' id='word_1_554' title='bbox 2182 3613 2372 3684; x_wconf 83' lang='lat' dir='ltr'><strong>agendi</strong></span> <span class='ocrx_word' id='word_1_555' title='bbox 2433 3620 2540 3668; x_wconf 89' lang='lat' dir='ltr'><strong>tota</strong></span> <span class='ocrx_word' id='word_1_556' title='bbox 2571 3613 2825 3667; x_wconf 88' lang='lat' dir='ltr'><strong>manibus</strong></span> <span class='ocrx_word' id='word_1_557' title='bbox 2867 3609 3196 3666; x_wconf 76' lang='lat' dir='ltr'><strong>continetur.</strong></span> <span class='ocrx_word' id='word_1_558' title='bbox 3238 3605 3401 3659; x_wconf 85' lang='lat' dir='ltr'><strong>Recte</strong></span> <span class='ocrx_word' id='word_1_559' title='bbox 3446 3602 3615 3672; x_wconf 78' lang='lat' dir='ltr'><strong>igitur</strong></span> 
     </span>
    </p>
   </div>
   <div class='ocr_carea' id='block_1_71' title="bbox 363 3696 3611 3791">
    <p class='ocr_par' dir='ltr' id='par_1_71' title="bbox 363 3696 3611 3791">
     <span class='ocr_line' id='line_1_72' title="bbox 363 3696 3611 3791; baseline -0.008 -12"><span class='ocrx_word' id='word_1_560' title='bbox 363 3723 583 3779; x_wconf 78' lang='lat' dir='ltr'><strong>omnino</strong></span> <span class='ocrx_word' id='word_1_561' title='bbox 612 3722 884 3791; x_wconf 84' lang='lat' dir='ltr'><strong>legislator</strong></span> <span class='ocrx_word' id='word_1_562' title='bbox 908 3719 1050 3774; x_wconf 89' lang='lat' dir='ltr'><strong>hanc</strong></span> <span class='ocrx_word' id='word_1_563' title='bbox 1076 3732 1264 3774; x_wconf 90' lang='lat' dir='ltr'><strong>vocem</strong></span> <span class='ocrx_word' id='word_1_564' title='bbox 1296 3715 1365 3772; x_wconf 89' lang='lat' dir='ltr'><strong>ad</strong></span> <span class='ocrx_word' id='word_1_565' title='bbox 1425 3715 1664 3786; x_wconf 89' lang='lat' dir='ltr'><strong>aliquam</strong></span> <span class='ocrx_word' id='word_1_566' title='bbox 1694 3708 1994 3783; x_wconf 87' lang='lat' dir='ltr'><strong>majestatis</strong></span> <span class='ocrx_word' id='word_1_567' title='bbox 2060 3708 2516 3779; x_wconf 85' lang='lat' dir='ltr'><strong>signiﬁcationem</strong></span> <span class='ocrx_word' id='word_1_568' title='bbox 2547 3708 2847 3774; x_wconf 90' lang='lat' dir='ltr'><strong>transtulit,</strong></span> <span class='ocrx_word' id='word_1_569' title='bbox 2893 3720 3019 3761; x_wconf 90' lang='lat' dir='ltr'><strong>cum</strong></span> <span class='ocrx_word' id='word_1_570' title='bbox 3074 3703 3272 3758; x_wconf 70' lang='lat' dir='ltr'><strong>divinae</strong></span> <span class='ocrx_word' id='word_1_571' title='bbox 3326 3696 3611 3769; x_wconf 79' lang='lat' dir='ltr'><strong>potestatis</strong></span> 
     </span>
    </p>
   </div>
   <div class='ocr_carea' id='block_1_72' title="bbox 364 3813 1058 3888">
    <p class='ocr_par' dir='ltr' id='par_1_72' title="bbox 364 3813 1058 3888">
     <span class='ocr_line' id='line_1_73' title="bbox 364 3813 1058 3888; baseline -0.01 -15"><span class='ocrx_word' id='word_1_572' title='bbox 364 3832 739 3888; x_wconf 82' lang='lat' dir='ltr'><strong>opera&#39;manus</strong></span> <span class='ocrx_word' id='word_1_573' title='bbox 752 3813 1058 3884; x_wconf 84' lang='lat' dir='ltr'><strong>appellavit.</strong></span> 
     </span>
    </p>
   </div>
   <div class='ocr_carea' id='block_1_73' title="bbox 440 3904 1933 3979">
    <p class='ocr_par' dir='ltr' id='par_1_73' title="bbox 440 3904 1933 3979">
     <span class='ocr_line' id='line_1_74' title="bbox 440 3904 1933 3979; baseline 0 -17"><span class='ocrx_word' id='word_1_574' title='bbox 440 3929 459 3962; x_wconf 77' lang='grc' dir='ltr'><strong>ι</strong></span> <span class='ocrx_word' id='word_1_575' title='bbox 490 3910 684 3973; x_wconf 84' lang='grc' dir='ltr'>Στάσις</span> <span class='ocrx_word' id='word_1_576' title='bbox 713 3909 768 3961; x_wconf 85' lang='grc' dir='ltr'>δὲ</span> <span class='ocrx_word' id='word_1_577' title='bbox 796 3908 915 3962; x_wconf 88' lang='grc' dir='ltr'>θεία</span> <span class='ocrx_word' id='word_1_578' title='bbox 952 3905 1130 3970; x_wconf 84' lang='grc' dir='ltr'>καλῶς</span> <span class='ocrx_word' id='word_1_579' title='bbox 1148 3904 1214 3961; x_wconf 81' lang='grc' dir='ltr'>ἂν</span> <span class='ocrx_word' id='word_1_580' title='bbox 1244 3905 1451 3976; x_wconf 85' lang='grc' dir='ltr'>λέγοιτο</span> <span class='ocrx_word' id='word_1_581' title='bbox 1469 3946 1484 3971; x_wconf 92' lang='grc'><strong>,</strong></span> <span class='ocrx_word' id='word_1_582' title='bbox 1501 3905 1643 3960; x_wconf 81' lang='grc' dir='ltr'>κατὰ</span> <span class='ocrx_word' id='word_1_583' title='bbox 1662 3906 1723 3960; x_wconf 80' lang='grc' dir='ltr'>τὸ</span> <span class='ocrx_word' id='word_1_584' title='bbox 1763 3924 1933 3979; x_wconf 85' lang='grc' dir='ltr'>μεγα-</span> 
     </span>
    </p>
   </div>
   <div class='ocr_carea' id='block_1_74' title="bbox 363 3996 1933 4073">
    <p class='ocr_par' dir='ltr' id='par_1_74' title="bbox 363 3996 1933 4073">
     <span class='ocr_line' id='line_1_75' title="bbox 363 3996 1933 4073; baseline -0.003 -16"><span class='ocrx_word' id='word_1_585' title='bbox 363 4002 503 4057; x_wconf 83' lang='grc' dir='ltr'>λεῖον</span> <span class='ocrx_word' id='word_1_586' title='bbox 524 4040 540 4066; x_wconf 88' lang='grc'><strong>,</strong></span> <span class='ocrx_word' id='word_1_587' title='bbox 583 4002 617 4073; x_wconf 81' lang='grc' dir='ltr'><strong>ἡ</strong></span> <span class='ocrx_word' id='word_1_588' title='bbox 660 3997 755 4053; x_wconf 87' lang='grc' dir='ltr'><strong>τοῦ</strong></span> <span class='ocrx_word' id='word_1_589' title='bbox 785 3999 989 4069; x_wconf 80' lang='grc' dir='ltr'>κόσμου</span> <span class='ocrx_word' id='word_1_590' title='bbox 1031 3999 1364 4067; x_wconf 84' lang='grc' dir='ltr'>κατασκευή.</span> <span class='ocrx_word' id='word_1_591' title='bbox 1398 3998 1509 4051; x_wconf 74' lang='grc' dir='ltr'>Καὶ</span> <span class='ocrx_word' id='word_1_592' title='bbox 1538 3996 1648 4070; x_wconf 82' lang='grc' dir='ltr'><strong>γάρ</strong></span> <span class='ocrx_word' id='word_1_593' title='bbox 1678 3998 1770 4051; x_wconf 78' lang='grc' dir='ltr'><strong>ἐπὶ</strong></span> <span class='ocrx_word' id='word_1_594' title='bbox 1793 3999 1933 4052; x_wconf 84' lang='grc' dir='ltr'>πάν-</span> 
     </span>
    </p>
   </div>
   <div class='ocr_carea' id='block_1_75' title="bbox 366 4088 1937 4161">
    <p class='ocr_par' dir='ltr' id='par_1_75' title="bbox 366 4088 1937 4161">
     <span class='ocr_line' id='line_1_76' title="bbox 366 4088 1937 4161; baseline -0.004 -12"><span class='ocrx_word' id='word_1_595' title='bbox 366 4112 471 4149; x_wconf 89' lang='grc' dir='ltr'><strong>των</strong></span> <span class='ocrx_word' id='word_1_596' title='bbox 495 4097 524 4148; x_wconf 92' lang='lat'><strong>6</strong></span> <span class='ocrx_word' id='word_1_597' title='bbox 553 4092 705 4156; x_wconf 78' lang='grc' dir='ltr'>Θεὸς,</span> <span class='ocrx_word' id='word_1_598' title='bbox 745 4091 839 4144; x_wconf 72' lang='grc' dir='ltr'>καὶ</span> <span class='ocrx_word' id='word_1_599' title='bbox 869 4088 1026 4143; x_wconf 86' lang='grc' dir='ltr'>πάνθ’</span> <span class='ocrx_word' id='word_1_600' title='bbox 1057 4088 1435 4153; x_wconf 79' lang='grc' dir='ltr'>ὑποτέτακται,</span> <span class='ocrx_word' id='word_1_601' title='bbox 1455 4089 1551 4142; x_wconf 69' lang='grc' dir='ltr'>καὶ</span> <span class='ocrx_word' id='word_1_602' title='bbox 1579 4089 1765 4143; x_wconf 83' lang='grc' dir='ltr'>στάσιν</span> <span class='ocrx_word' id='word_1_603' title='bbox 1796 4089 1937 4161; x_wconf 83' lang='grc' dir='ltr'>εἴλη-</span> 
     </span>
    </p>
   </div>
   <div class='ocr_carea' id='block_1_76' title="bbox 369 4178 1937 4258">
    <p class='ocr_par' dir='ltr' id='par_1_76' title="bbox 369 4178 1937 4258">
     <span class='ocr_line' id='line_1_77' title="bbox 369 4178 1937 4258; baseline -0.004 -19"><span class='ocrx_word' id='word_1_604' title='bbox 369 4203 499 4258; x_wconf 83' lang='grc' dir='ltr'>φεν·</span> <span class='ocrx_word' id='word_1_605' title='bbox 534 4184 674 4239; x_wconf 81' lang='grc' dir='ltr'>ὥστε</span> <span class='ocrx_word' id='word_1_606' title='bbox 702 4184 828 4246; x_wconf 83' lang='grc' dir='ltr'>τοὺς</span> <span class='ocrx_word' id='word_1_607' title='bbox 860 4179 1178 4253; x_wconf 84' lang='grc' dir='ltr'>ἀνθρώπους</span> <span class='ocrx_word' id='word_1_608' title='bbox 1219 4178 1657 4250; x_wconf 73' lang='grc' dir='ltr'>καταλαμϐάνειν</span> <span class='ocrx_word' id='word_1_609' title='bbox 1702 4179 1937 4252; x_wconf 84' lang='grc' dir='ltr'>ἀκίνητα</span> 
     </span>
    </p>
   </div>
   <div class='ocr_carea' id='block_1_77' title="bbox 367 4270 1935 4343">
    <p class='ocr_par' dir='ltr' id='par_1_77' title="bbox 367 4270 1935 4343">
     <span class='ocr_line' id='line_1_78' title="bbox 367 4270 1935 4343; baseline -0.005 -10"><span class='ocrx_word' id='word_1_610' title='bbox 367 4276 506 4333; x_wconf 73' lang='grc' dir='ltr'>εἶναι</span> <span class='ocrx_word' id='word_1_611' title='bbox 537 4276 729 4330; x_wconf 87' lang='grc' dir='ltr'>ταῦτα.</span> <span class='ocrx_word' id='word_1_612' title='bbox 754 4275 912 4343; x_wconf 86' lang='grc' dir='ltr'>Λέγω</span> <span class='ocrx_word' id='word_1_613' title='bbox 934 4274 989 4328; x_wconf 80' lang='grc' dir='ltr'>δὲ</span> <span class='ocrx_word' id='word_1_614' title='bbox 1016 4273 1076 4328; x_wconf 77' lang='grc' dir='ltr'>τὸ</span> <span class='ocrx_word' id='word_1_615' title='bbox 1107 4270 1366 4338; x_wconf 88' lang='grc' dir='ltr'>τοιοῦτον,</span> <span class='ocrx_word' id='word_1_616' title='bbox 1398 4271 1475 4334; x_wconf 83' lang='grc' dir='ltr'>ὡς</span> <span class='ocrx_word' id='word_1_617' title='bbox 1495 4270 1749 4325; x_wconf 81' lang='grc' dir='ltr'>οὐδέποτε</span> <span class='ocrx_word' id='word_1_618' title='bbox 1776 4272 1935 4341; x_wconf 85' lang='grc' dir='ltr'>γέγο-</span> 
     </span>
    </p>
   </div>
   <div class='ocr_carea' id='block_1_78' title="bbox 367 4362 1932 4440">
    <p class='ocr_par' dir='ltr' id='par_1_78' title="bbox 367 4362 1932 4440">
     <span class='ocr_line' id='line_1_79' title="bbox 367 4362 1932 4440; baseline -0.004 -17"><span class='ocrx_word' id='word_1_619' title='bbox 367 4387 457 4424; x_wconf 90' lang='grc' dir='ltr'><strong>νεν</strong></span> <span class='ocrx_word' id='word_1_620' title='bbox 505 4368 733 4440; x_wconf 79' lang='grc' dir='ltr'>οὐρανὸς</span> <span class='ocrx_word' id='word_1_621' title='bbox 779 4369 881 4439; x_wconf 78' lang='grc' dir='ltr'>γῆ,</span> <span class='ocrx_word' id='word_1_622' title='bbox 928 4369 997 4438; x_wconf 85' lang='grc' dir='ltr'>γῆ</span> <span class='ocrx_word' id='word_1_623' title='bbox 1023 4365 1067 4419; x_wconf 85' lang='grc' dir='ltr'>δ’</span> <span class='ocrx_word' id='word_1_624' title='bbox 1113 4364 1358 4437; x_wconf 79' lang='grc' dir='ltr'>οὐρανὸς,</span> <span class='ocrx_word' id='word_1_625' title='bbox 1403 4362 1510 4416; x_wconf 84' lang='grc' dir='ltr'>οὐδ’</span> <span class='ocrx_word' id='word_1_626' title='bbox 1556 4362 1704 4435; x_wconf 79' lang='grc' dir='ltr'>ἥλιος</span> <span class='ocrx_word' id='word_1_627' title='bbox 1738 4364 1932 4438; x_wconf 79' lang='grc' dir='ltr'>σελήνη</span> 
     </span>
    </p>
   </div>
   <div class='ocr_carea' id='block_1_79' title="bbox 367 4455 1938 4531">
    <p class='ocr_par' dir='ltr' id='par_1_79' title="bbox 367 4455 1938 4531">
     <span class='ocr_line' id='line_1_80' title="bbox 367 4455 1938 4531; baseline -0.003 -16"><span class='ocrx_word' id='word_1_628' title='bbox 367 4462 675 4531; x_wconf 86' lang='grc' dir='ltr'>λάμπουσα,</span> <span class='ocrx_word' id='word_1_629' title='bbox 721 4458 843 4512; x_wconf 80' lang='grc' dir='ltr'>οὐδὲ</span> <span class='ocrx_word' id='word_1_630' title='bbox 877 4457 1070 4530; x_wconf 85' lang='grc' dir='ltr'>σελήνη</span> <span class='ocrx_word' id='word_1_631' title='bbox 1129 4455 1290 4510; x_wconf 88' lang='grc' dir='ltr'>πάλιν</span> <span class='ocrx_word' id='word_1_632' title='bbox 1315 4455 1484 4526; x_wconf 79' lang='grc' dir='ltr'>ἦλιος,</span> <span class='ocrx_word' id='word_1_633' title='bbox 1540 4455 1661 4508; x_wconf 81' lang='grc' dir='ltr'>οὐδὲ</span> <span class='ocrx_word' id='word_1_634' title='bbox 1705 4457 1938 4527; x_wconf 70' lang='grc' dir='ltr'>ποταμοὶ</span> 
     </span>
    </p>
   </div>
   <div class='ocr_carea' id='block_1_80' title="bbox 370 4535 2014 4618">
    <p class='ocr_par' dir='ltr' id='par_1_80' title="bbox 370 4535 2014 4618">
     <span class='ocr_line' id='line_1_81' title="bbox 370 4535 2014 4618; baseline -0.002 -14"><span class='ocrx_word' id='word_1_635' title='bbox 370 4552 653 4615; x_wconf 88' lang='grc' dir='ltr'>θάλασσαι,</span> <span class='ocrx_word' id='word_1_636' title='bbox 676 4550 796 4604; x_wconf 76' lang='grc' dir='ltr'>οὐδὲ</span> <span class='ocrx_word' id='word_1_637' title='bbox 823 4549 1066 4603; x_wconf 83' lang='grc' dir='ltr'>θάλασσα</span> <span class='ocrx_word' id='word_1_638' title='bbox 1093 4546 1343 4618; x_wconf 90' lang='grc' dir='ltr'>ποταμοί.</span> <span class='ocrx_word' id='word_1_639' title='bbox 1369 4547 1477 4600; x_wconf 75' lang='lat' dir='ltr'><strong>Kal.</strong></span> <span class='ocrx_word' id='word_1_640' title='bbox 1519 4545 1679 4615; x_wconf 82' lang='grc' dir='ltr'>πάλιν</span> <span class='ocrx_word' id='word_1_641' title='bbox 1710 4547 1801 4600; x_wconf 73' lang='grc' dir='ltr'><strong>ἐπὶ</strong></span> <span class='ocrx_word' id='word_1_642' title='bbox 1830 4548 1937 4601; x_wconf 84' lang='grc' dir='ltr'><strong>τῶν</strong></span> <span class='ocrx_word' id='word_1_643' title='bbox 1968 4535 2014 4590; x_wconf 82' lang='grc' dir='ltr'>Ῑ)</span> 
     </span>
    </p>
   </div>
   <div class='ocr_carea' id='block_1_81' title="bbox 370 4637 1938 4711">
    <p class='ocr_par' dir='ltr' id='par_1_81' title="bbox 370 4637 1938 4711">
     <span class='ocr_line' id='line_1_82' title="bbox 370 4637 1938 4711; baseline -0.004 -13"><span class='ocrx_word' id='word_1_644' title='bbox 370 4642 520 4709; x_wconf 80' lang='grc' dir='ltr'>ζώων</span> <span class='ocrx_word' id='word_1_645' title='bbox 542 4644 570 4696; x_wconf 93' lang='lat'><strong>6</strong></span> <span class='ocrx_word' id='word_1_646' title='bbox 602 4641 763 4705; x_wconf 84' lang='grc' dir='ltr'>αὐτός</span> <span class='ocrx_word' id='word_1_647' title='bbox 791 4642 905 4694; x_wconf 80' lang='grc' dir='ltr'>ἐστι</span> <span class='ocrx_word' id='word_1_648' title='bbox 929 4640 1103 4708; x_wconf 89' lang='grc' dir='ltr'>λόγος,</span> <span class='ocrx_word' id='word_1_649' title='bbox 1139 4640 1212 4693; x_wconf 81' lang='grc' dir='ltr'><strong>Οὐ</strong></span> <span class='ocrx_word' id='word_1_650' title='bbox 1236 4639 1342 4711; x_wconf 84' lang='grc' dir='ltr'><strong>γὰρ</strong></span> <span class='ocrx_word' id='word_1_651' title='bbox 1366 4637 1646 4710; x_wconf 81' lang='grc' dir='ltr'>ἄνθρωπος</span> <span class='ocrx_word' id='word_1_652' title='bbox 1667 4637 1817 4692; x_wconf 75' lang='grc' dir='ltr'>ἔσται</span> <span class='ocrx_word' id='word_1_653' title='bbox 1842 4639 1938 4711; x_wconf 87' lang='grc' dir='ltr'>θη-</span> 
     </span>
    </p>
   </div>
   <div class='ocr_carea' id='block_1_82' title="bbox 375 4726 1941 4808">
    <p class='ocr_par' dir='ltr' id='par_1_82' title="bbox 375 4726 1941 4808">
     <span class='ocr_line' id='line_1_83' title="bbox 375 4726 1941 4808; baseline -0.002 -20"><span class='ocrx_word' id='word_1_654' title='bbox 375 4736 505 4808; x_wconf 86' lang='grc' dir='ltr'>ρίον,</span> <span class='ocrx_word' id='word_1_655' title='bbox 535 4734 655 4787; x_wconf 82' lang='grc' dir='ltr'>οὐδὲ</span> <span class='ocrx_word' id='word_1_656' title='bbox 682 4732 867 4804; x_wconf 84' lang='grc' dir='ltr'>θηρίον</span> <span class='ocrx_word' id='word_1_657' title='bbox 892 4731 1195 4802; x_wconf 75' lang='grc' dir='ltr'>ἅνθρωπος.</span> <span class='ocrx_word' id='word_1_658' title='bbox 1232 4731 1341 4784; x_wconf 81' lang='grc' dir='ltr'><strong>Καὶ</strong></span> <span class='ocrx_word' id='word_1_659' title='bbox 1363 4730 1456 4783; x_wconf 75' lang='grc' dir='ltr'><strong>ἐπὶ</strong></span> <span class='ocrx_word' id='word_1_660' title='bbox 1496 4729 1697 4784; x_wconf 86' lang='grc' dir='ltr'>λοιπῶν</span> <span class='ocrx_word' id='word_1_661' title='bbox 1729 4726 1941 4785; x_wconf 78' lang='grc' dir='ltr'>δὲ’ταὺ-</span> 
     </span>
    </p>
   </div>
   <div class='ocr_carea' id='block_1_83' title="bbox 368 4817 1938 4894">
    <p class='ocr_par' dir='ltr' id='par_1_83' title="bbox 368 4817 1938 4894">
     <span class='ocr_line' id='line_1_84' title="bbox 368 4817 1938 4894; baseline -0.003 -17"><span class='ocrx_word' id='word_1_662' title='bbox 368 4829 460 4879; x_wconf 85' lang='grc' dir='ltr'>τὸν</span> <span class='ocrx_word' id='word_1_663' title='bbox 487 4824 719 4894; x_wconf 83' lang='grc' dir='ltr'>ὑπάρχει</span> <span class='ocrx_word' id='word_1_664' title='bbox 743 4861 759 4887; x_wconf 92' lang='grc'><strong>,</strong></span> <span class='ocrx_word' id='word_1_665' title='bbox 806 4819 988 4890; x_wconf 81' lang='grc' dir='ltr'>φυτῶν</span> <span class='ocrx_word' id='word_1_666' title='bbox 1012 4836 1072 4872; x_wconf 91' lang='grc' dir='ltr'><strong>τε</strong></span> <span class='ocrx_word' id='word_1_667' title='bbox 1119 4819 1215 4873; x_wconf 77' lang='grc' dir='ltr'>καὶ</span> <span class='ocrx_word' id='word_1_668' title='bbox 1239 4817 1460 4871; x_wconf 76' lang='grc' dir='ltr'>ἐπὶτῶν</span> <span class='ocrx_word' id='word_1_669' title='bbox 1482 4818 1656 4873; x_wconf 79' lang='grc' dir='ltr'>ἄλλων</span> <span class='ocrx_word' id='word_1_670' title='bbox 1675 4836 1688 4848; x_wconf 82' lang='lat'><strong><em>°</em></strong></span> <span class='ocrx_word' id='word_1_671' title='bbox 1729 4819 1938 4889; x_wconf 82' lang='grc' dir='ltr'>ἀμετά-</span> 
     </span>
    </p>
   </div>
   <div class='ocr_carea' id='block_1_84' title="bbox 371 4908 1940 4986">
    <p class='ocr_par' dir='ltr' id='par_1_84' title="bbox 371 4908 1940 4986">
     <span class='ocr_line' id='line_1_85' title="bbox 371 4908 1940 4986; baseline -0.005 -18"><span class='ocrx_word' id='word_1_672' title='bbox 371 4914 541 4986; x_wconf 72' lang='grc' dir='ltr'>ϐλητα</span> <span class='ocrx_word' id='word_1_673' title='bbox 575 4913 673 4985; x_wconf 89' lang='grc' dir='ltr'><strong>μέν</strong></span> <span class='ocrx_word' id='word_1_674' title='bbox 702 4914 836 4976; x_wconf 74' lang='grc' dir='ltr'>ἐστι,</span> <span class='ocrx_word' id='word_1_675' title='bbox 864 4910 962 4973; x_wconf 82' lang='grc' dir='ltr'>τὰς</span> <span class='ocrx_word' id='word_1_676' title='bbox 988 4908 1155 4973; x_wconf 75' lang='grc' dir='ltr'>αὐτὰς</span> <span class='ocrx_word' id='word_1_677' title='bbox 1188 4908 1232 4961; x_wconf 87' lang='grc' dir='ltr'>δ’</span> <span class='ocrx_word' id='word_1_678' title='bbox 1267 4910 1324 4960; x_wconf 81' lang='grc' dir='ltr'>ὲν</span> <span class='ocrx_word' id='word_1_679' title='bbox 1352 4908 1534 4972; x_wconf 82' lang='grc' dir='ltr'>αὐτοῖς</span> <span class='ocrx_word' id='word_1_680' title='bbox 1569 4908 1776 4979; x_wconf 83' lang='grc' dir='ltr'>τροπὰς</span> <span class='ocrx_word' id='word_1_681' title='bbox 1802 4908 1940 4979; x_wconf 90' lang='grc' dir='ltr'>λαμ-</span> 
     </span>
    </p>
   </div>
   <div class='ocr_carea' id='block_1_85' title="bbox 370 4996 1938 5074">
    <p class='ocr_par' dir='ltr' id='par_1_85' title="bbox 370 4996 1938 5074">
     <span class='ocr_line' id='line_1_86' title="bbox 370 4996 1938 5074; baseline -0.005 -14"><span class='ocrx_word' id='word_1_682' title='bbox 370 5005 520 5062; x_wconf 71' lang='grc' dir='ltr'>ϐάνει</span> <span class='ocrx_word' id='word_1_683' title='bbox 560 5005 653 5058; x_wconf 78' lang='grc' dir='ltr'><strong>καὶ</strong></span> <span class='ocrx_word' id='word_1_684' title='bbox 696 5002 917 5074; x_wconf 84' lang='grc' dir='ltr'>φθοράς.</span> <span class='ocrx_word' id='word_1_685' title='bbox 955 5001 1019 5053; x_wconf 84' lang='grc' dir='ltr'><strong><em>Ἡ</em></strong></span> <span class='ocrx_word' id='word_1_686' title='bbox 1047 5000 1234 5065; x_wconf 82' lang='grc' dir='ltr'>στάσις</span> <span class='ocrx_word' id='word_1_687' title='bbox 1263 4996 1356 5054; x_wconf 82' lang='grc' dir='ltr'><strong>οῦν</strong></span> <span class='ocrx_word' id='word_1_688' title='bbox 1379 5001 1412 5070; x_wconf 86' lang='grc' dir='ltr'>ἡ</span> <span class='ocrx_word' id='word_1_689' title='bbox 1436 4999 1554 5053; x_wconf 88' lang='grc' dir='ltr'>θεία</span> <span class='ocrx_word' id='word_1_690' title='bbox 1593 4999 1734 5053; x_wconf 88' lang='grc' dir='ltr'>κατὰ</span> <span class='ocrx_word' id='word_1_691' title='bbox 1765 4998 1938 5053; x_wconf 89' lang='grc' dir='ltr'>ταῦτα</span> 
     </span>
    </p>
   </div>
   <div class='ocr_carea' id='block_1_86' title="bbox 370 5089 1937 5166">
    <p class='ocr_par' dir='ltr' id='par_1_86' title="bbox 370 5089 1937 5166">
     <span class='ocr_line' id='line_1_87' title="bbox 370 5089 1937 5166; baseline -0.006 -13"><span class='ocrx_word' id='word_1_692' title='bbox 370 5098 436 5153; x_wconf 78' lang='grc' dir='ltr'>ἂν</span> <span class='ocrx_word' id='word_1_693' title='bbox 455 5098 683 5166; x_wconf 81' lang='grc' dir='ltr'>λέγοιτο,</span> <span class='ocrx_word' id='word_1_694' title='bbox 715 5094 932 5148; x_wconf 82' lang='grc' dir='ltr'>πάντων</span> <span class='ocrx_word' id='word_1_695' title='bbox 960 5092 1332 5163; x_wconf 86' lang='grc' dir='ltr'>ὑποκειμένων</span> <span class='ocrx_word' id='word_1_696' title='bbox 1356 5089 1434 5161; x_wconf 82' lang='grc' dir='ltr'>τῷ</span> <span class='ocrx_word' id='word_1_697' title='bbox 1461 5089 1599 5161; x_wconf 81' lang='grc' dir='ltr'>Θεῷ.</span> <span class='ocrx_word' id='word_1_698' title='bbox 1633 5091 1862 5160; x_wconf 86' lang='grc' dir='ltr'>Λέγεται</span> <span class='ocrx_word' id='word_1_699' title='bbox 1880 5091 1937 5144; x_wconf 81' lang='grc' dir='ltr'>δὲ</span> 
     </span>
    </p>
   </div>
   <div class='ocr_carea' id='block_1_87' title="bbox 374 5181 1938 5258">
    <p class='ocr_par' dir='ltr' id='par_1_87' title="bbox 374 5181 1938 5258">
     <span class='ocr_line' id='line_1_88' title="bbox 374 5181 1938 5258; baseline 0.003 -15"><span class='ocrx_word' id='word_1_700' title='bbox 374 5189 670 5251; x_wconf 76' lang='grc' dir='ltr'>κατάϐασις</span> <span class='ocrx_word' id='word_1_701' title='bbox 694 5186 785 5239; x_wconf 74' lang='grc' dir='ltr'><strong>ἐπὶ</strong></span> <span class='ocrx_word' id='word_1_702' title='bbox 812 5185 871 5238; x_wconf 84' lang='grc' dir='ltr'>τὸ</span> <span class='ocrx_word' id='word_1_703' title='bbox 893 5184 1015 5255; x_wconf 78' lang='grc' dir='ltr'>ὅρος</span> <span class='ocrx_word' id='word_1_704' title='bbox 1033 5181 1152 5258; x_wconf 82' lang='grc' dir='ltr'>θείᾳ</span> <span class='ocrx_word' id='word_1_705' title='bbox 1176 5182 1453 5252; x_wconf 85' lang='grc' dir='ltr'>γεγονέναι</span> <span class='ocrx_word' id='word_1_706' title='bbox 1475 5181 1563 5236; x_wconf 77' lang='grc' dir='ltr'><strong>διὰ</strong></span> <span class='ocrx_word' id='word_1_707' title='bbox 1586 5185 1685 5254; x_wconf 83' lang='grc' dir='ltr'>τῆς</span> <span class='ocrx_word' id='word_1_708' title='bbox 1718 5184 1938 5254; x_wconf 84' lang='grc' dir='ltr'>Γραφῆς</span> 
     </span>
    </p>
   </div>
   <div class='ocr_carea' id='block_1_88' title="bbox 369 5275 1938 5351">
    <p class='ocr_par' dir='ltr' id='par_1_88' title="bbox 369 5275 1938 5351">
     <span class='ocr_line' id='line_1_89' title="bbox 369 5275 1938 5351; baseline -0.004 -16"><span class='ocrx_word' id='word_1_709' title='bbox 369 5281 463 5335; x_wconf 83' lang='grc' dir='ltr'><strong>τοῦ</strong></span> <span class='ocrx_word' id='word_1_710' title='bbox 516 5281 704 5351; x_wconf 86' lang='grc' dir='ltr'>νόμου,</span> <span class='ocrx_word' id='word_1_711' title='bbox 761 5278 883 5332; x_wconf 82' lang='grc' dir='ltr'>καθ’</span> <span class='ocrx_word' id='word_1_712' title='bbox 916 5279 975 5331; x_wconf 81' lang='grc' dir='ltr'>ὃν</span> <span class='ocrx_word' id='word_1_713' title='bbox 1009 5275 1313 5347; x_wconf 77' lang='grc' dir='ltr'>ἐνομοθέτει</span> <span class='ocrx_word' id='word_1_714' title='bbox 1350 5276 1571 5351; x_wconf 70' lang='grc' dir='ltr'>καιρὸν,</span> <span class='ocrx_word' id='word_1_715' title='bbox 1606 5276 1691 5330; x_wconf 82' lang='grc' dir='ltr'>ἵνα</span> <span class='ocrx_word' id='word_1_716' title='bbox 1739 5278 1938 5339; x_wconf 88' lang='grc' dir='ltr'>πάντες</span> 
     </span>
    </p>
   </div>
   <div class='ocr_carea' id='block_1_89' title="bbox 371 5366 1937 5442">
    <p class='ocr_par' dir='ltr' id='par_1_89' title="bbox 371 5366 1937 5442">
     <span class='ocr_line' id='line_1_90' title="bbox 371 5366 1937 5442; baseline -0.002 -17"><span class='ocrx_word' id='word_1_717' title='bbox 371 5372 686 5442; x_wconf 77' lang='grc' dir='ltr'>θεωρήσωσι</span> <span class='ocrx_word' id='word_1_718' title='bbox 730 5369 828 5440; x_wconf 77' lang='grc' dir='ltr'>τὴν</span> <span class='ocrx_word' id='word_1_719' title='bbox 875 5368 1154 5438; x_wconf 74' lang='grc' dir='ltr'>ἐνέργειαν</span> <span class='ocrx_word' id='word_1_720' title='bbox 1182 5366 1275 5419; x_wconf 83' lang='grc' dir='ltr'><strong>τοῦ</strong></span> <span class='ocrx_word' id='word_1_721' title='bbox 1299 5366 1432 5420; x_wconf 88' lang='grc' dir='ltr'>Θεοῦ</span> <span class='ocrx_word' id='word_1_722' title='bbox 1452 5384 1465 5397; x_wconf 91' lang='grc'><strong>·</strong></span> <span class='ocrx_word' id='word_1_723' title='bbox 1503 5367 1802 5432; x_wconf 80' lang='grc' dir='ltr'>κατάϐασις</span> <span class='ocrx_word' id='word_1_724' title='bbox 1829 5368 1937 5440; x_wconf 80' lang='grc' dir='ltr'><strong>γὰρ</strong></span> 
     </span>
    </p>
   </div>
   <div class='ocr_carea' id='block_1_90' title="bbox 371 5454 1963 5535">
    <p class='ocr_par' dir='ltr' id='par_1_90' title="bbox 371 5454 1963 5535">
     <span class='ocr_line' id='line_1_91' title="bbox 371 5454 1963 5535; baseline -0.004 -17"><span class='ocrx_word' id='word_1_725' title='bbox 371 5462 507 5535; x_wconf 77' lang='grc' dir='ltr'>αὓτη</span> <span class='ocrx_word' id='word_1_726' title='bbox 542 5463 717 5533; x_wconf 79' lang='grc' dir='ltr'>σαφής</span> <span class='ocrx_word' id='word_1_727' title='bbox 750 5463 883 5514; x_wconf 72' lang='grc' dir='ltr'>ἐστι.</span> <span class='ocrx_word' id='word_1_728' title='bbox 908 5460 1017 5513; x_wconf 73' lang='lat' dir='ltr'><strong>Kal</strong></span> <span class='ocrx_word' id='word_1_729' title='bbox 1039 5460 1166 5532; x_wconf 77' lang='grc' dir='ltr'>περὶ</span> <span class='ocrx_word' id='word_1_730' title='bbox 1194 5459 1398 5514; x_wconf 81' lang='grc' dir='ltr'>τούτων</span> <span class='ocrx_word' id='word_1_731' title='bbox 1432 5454 1525 5512; x_wconf 79' lang='grc' dir='ltr'><strong>οῦν</strong></span> <span class='ocrx_word' id='word_1_732' title='bbox 1563 5459 1734 5525; x_wconf 74' lang='grc' dir='ltr'>οὕτως</span> <span class='ocrx_word' id='word_1_733' title='bbox 1762 5458 1828 5513; x_wconf 84' lang='grc' dir='ltr'>ἄν</span> <span class='ocrx_word' id='word_1_734' title='bbox 1852 5477 1963 5530; x_wconf 26' lang='grc' dir='ltr'>τις,</span> 
     </span>
    </p>
   </div>
   <div class='ocr_carea' id='block_1_91' title="bbox 371 5550 1940 5624">
    <p class='ocr_par' dir='ltr' id='par_1_91' title="bbox 371 5550 1940 5624">
     <span class='ocr_line' id='line_1_92' title="bbox 371 5550 1940 5624; baseline -0.002 -17"><span class='ocrx_word' id='word_1_735' title='bbox 371 5553 718 5624; x_wconf 82' lang='grc' dir='ltr'>ὲξηγήσαιτο,</span> <span class='ocrx_word' id='word_1_736' title='bbox 748 5550 1064 5621; x_wconf 81' lang='grc' dir='ltr'>βουλόμενος</span> <span class='ocrx_word' id='word_1_737' title='bbox 1093 5554 1372 5622; x_wconf 81' lang='grc' dir='ltr'>συντηρεῖν</span> <span class='ocrx_word' id='word_1_738' title='bbox 1396 5551 1488 5603; x_wconf 83' lang='grc' dir='ltr'>τὸν</span> <span class='ocrx_word' id='word_1_739' title='bbox 1520 5551 1648 5623; x_wconf 80' lang='grc' dir='ltr'>περὶ</span> <span class='ocrx_word' id='word_1_740' title='bbox 1679 5550 1814 5606; x_wconf 84' lang='grc' dir='ltr'>Θεοῦ</span> <span class='ocrx_word' id='word_1_741' title='bbox 1852 5550 1940 5604; x_wconf 92' lang='grc' dir='ltr'>λό-</span> 
     </span>
    </p>
   </div>
   <div class='ocr_carea' id='block_1_92' title="bbox 367 5640 1938 5730">
    <p class='ocr_par' dir='ltr' id='par_1_92' title="bbox 367 5640 1938 5730">
     <span class='ocr_line' id='line_1_93' title="bbox 367 5640 1938 5730; baseline 0 -34"><span class='ocrx_word' id='word_1_742' title='bbox 367 5659 485 5730; x_wconf 69' lang='grc' dir='ltr'>γον.</span> <span class='ocrx_word' id='word_1_743' title='bbox 515 5641 776 5725; x_wconf 68' lang='grc' dir='ltr'>Δηλοῦται</span> <span class='ocrx_word' id='word_1_744' title='bbox 802 5641 930 5714; x_wconf 86' lang='grc' dir='ltr'>γὰρ,</span> <span class='ocrx_word' id='word_1_745' title='bbox 953 5640 1028 5707; x_wconf 82' lang='grc' dir='ltr'>ὡς</span> <span class='ocrx_word' id='word_1_746' title='bbox 1055 5640 1118 5694; x_wconf 84' lang='grc' dir='ltr'><strong>τὺ</strong></span> <span class='ocrx_word' id='word_1_747' title='bbox 1147 5640 1271 5712; x_wconf 83' lang='grc' dir='ltr'>ὅρος</span> <span class='ocrx_word' id='word_1_748' title='bbox 1297 5641 1510 5696; x_wconf 75' lang='grc' dir='ltr'>ἐκαίετο</span> <span class='ocrx_word' id='word_1_749' title='bbox 1544 5641 1676 5696; x_wconf 81' lang='grc' dir='ltr'>πολὺ</span> <span class='ocrx_word' id='word_1_750' title='bbox 1694 5681 1710 5709; x_wconf 86' lang='grc'><strong>,</strong></span> <span class='ocrx_word' id='word_1_751' title='bbox 1759 5640 1938 5707; x_wconf 83' lang='grc' dir='ltr'>καθώς</span> 
     </span>
    </p>
   </div>
   <div class='ocr_carea' id='block_1_93' title="bbox 445 5747 1516 5807">
    <p class='ocr_par' dir='ltr' id='par_1_93' title="bbox 445 5747 1516 5807">
     <span class='ocr_line' id='line_1_94' title="bbox 445 5747 1516 5807; baseline -0.003 -3"><span class='ocrx_word' id='word_1_752' title='bbox 445 5752 490 5783; x_wconf 76' lang='grc'><strong>⁸⁸</strong></span> <span class='ocrx_word' id='word_1_753' title='bbox 531 5750 704 5805; x_wconf 78' lang='lat' dir='ltr'><strong>Exod.</strong></span> <span class='ocrx_word' id='word_1_754' title='bbox 744 5766 824 5807; x_wconf 78' lang='grc' dir='ltr'>ιιι,</span> <span class='ocrx_word' id='word_1_755' title='bbox 861 5749 949 5804; x_wconf 72' lang='lat'><strong>€20.</strong></span> <span class='ocrx_word' id='word_1_756' title='bbox 1026 5749 1070 5781; x_wconf 83' lang='grc'>⁸⁹</span> <span class='ocrx_word' id='word_1_757' title='bbox 1112 5747 1283 5805; x_wconf 78' lang='lat' dir='ltr'><strong>Exod.</strong></span> <span class='ocrx_word' id='word_1_758' title='bbox 1325 5764 1402 5804; x_wconf 77' lang='lat' dir='ltr'><strong>lx.</strong></span> <span class='ocrx_word' id='word_1_759' title='bbox 1442 5748 1516 5802; x_wconf 68' lang='grc'><strong>22</strong></span> 
     </span>
    </p>
   </div>
   <div class='ocr_carea' id='block_1_94' title="bbox 446 5820 858 5889">
    <p class='ocr_par' dir='ltr' id='par_1_94' title="bbox 446 5820 858 5889">
     <span class='ocr_line' id='line_1_95' title="bbox 446 5820 858 5889; baseline -0.002 -13"><span class='ocrx_word' id='word_1_760' title='bbox 446 5834 473 5862; x_wconf 72' lang='grc' dir='ltr'>ι</span> <span class='ocrx_word' id='word_1_761' title='bbox 490 5820 606 5876; x_wconf 74' lang='lat' dir='ltr'><strong>&#39;la&#39;.</strong></span> <span class='ocrx_word' id='word_1_762' title='bbox 649 5820 858 5889; x_wconf 77' lang='grc' dir='ltr'>ἐκείνῳ.</span> 
     </span>
    </p>
   </div>
   <div class='ocr_carea' id='block_1_95' title="bbox 2121 3906 3613 3988">
    <p class='ocr_par' dir='ltr' id='par_1_95' title="bbox 2121 3906 3613 3988">
     <span class='ocr_line' id='line_1_96' title="bbox 2121 3906 3613 3988; baseline -0.005 -20"><span class='ocrx_word' id='word_1_763' title='bbox 2121 3935 2141 3968; x_wconf 74' lang='grc' dir='ltr'><strong>ι</strong></span> <span class='ocrx_word' id='word_1_764' title='bbox 2183 3915 2302 3971; x_wconf 86' lang='lat' dir='ltr'><strong>Jam</strong></span> <span class='ocrx_word' id='word_1_765' title='bbox 2352 3916 2500 3988; x_wconf 90' lang='lat' dir='ltr'><strong>quod</strong></span> <span class='ocrx_word' id='word_1_766' title='bbox 2548 3920 2694 3972; x_wconf 87' lang='lat' dir='ltr'><strong>stare</strong></span> <span class='ocrx_word' id='word_1_767' title='bbox 2746 3914 2961 3970; x_wconf 90' lang='lat' dir='ltr'><strong>dicatur</strong></span> <span class='ocrx_word' id='word_1_768' title='bbox 3007 3912 3170 3976; x_wconf 83' lang='lat' dir='ltr'><strong>Deus,</strong></span> <span class='ocrx_word' id='word_1_769' title='bbox 3209 3906 3263 3965; x_wconf 89' lang='lat' dir='ltr'><strong>id</strong></span> <span class='ocrx_word' id='word_1_770' title='bbox 3296 3907 3613 3978; x_wconf 81' lang='lat' dir='ltr'><strong>augustiore</strong></span> 
     </span>
    </p>
   </div>
   <div class='ocr_carea' id='block_1_96' title="bbox 2039 3999 3608 4077">
    <p class='ocr_par' dir='ltr' id='par_1_96' title="bbox 2039 3999 3608 4077">
     <span class='ocr_line' id='line_1_97' title="bbox 2039 3999 3608 4077; baseline -0.007 -16"><span class='ocrx_word' id='word_1_771' title='bbox 2039 4007 2277 4077; x_wconf 89' lang='lat' dir='ltr'><strong>quodam</strong></span> <span class='ocrx_word' id='word_1_772' title='bbox 2308 4022 2473 4062; x_wconf 90' lang='lat' dir='ltr'><strong>sensu</strong></span> <span class='ocrx_word' id='word_1_773' title='bbox 2496 4046 2511 4073; x_wconf 91' lang='lat'><strong>,</strong></span> <span class='ocrx_word' id='word_1_774' title='bbox 2556 4006 2624 4061; x_wconf 89' lang='lat' dir='ltr'><strong>de</strong></span> <span class='ocrx_word' id='word_1_775' title='bbox 2655 4004 2844 4060; x_wconf 88' lang='lat' dir='ltr'><strong>mundi</strong></span> <span class='ocrx_word' id='word_1_776' title='bbox 2878 4002 3159 4058; x_wconf 90' lang='lat' dir='ltr'><strong>molitione</strong></span> <span class='ocrx_word' id='word_1_777' title='bbox 3197 3999 3369 4069; x_wconf 88' lang='lat' dir='ltr'><strong>accipi</strong></span> <span class='ocrx_word' id='word_1_778' title='bbox 3420 4005 3608 4069; x_wconf 87' lang='lat' dir='ltr'><strong>queat.</strong></span> 
     </span>
    </p>
   </div>
   <div class='ocr_carea' id='block_1_97' title="bbox 2041 4088 3611 4165">
    <p class='ocr_par' dir='ltr' id='par_1_97' title="bbox 2041 4088 3611 4165">
     <span class='ocr_line' id='line_1_98' title="bbox 2041 4088 3611 4165; baseline -0.008 -14"><span class='ocrx_word' id='word_1_779' title='bbox 2041 4096 2176 4151; x_wconf 76' lang='lat' dir='ltr'><strong>Nam</strong></span> <span class='ocrx_word' id='word_1_780' title='bbox 2211 4107 2265 4152; x_wconf 90' lang='lat' dir='ltr'><strong>et</strong></span> <span class='ocrx_word' id='word_1_781' title='bbox 2291 4097 2545 4152; x_wconf 89' lang='lat' dir='ltr'><strong>omnibus</strong></span> <span class='ocrx_word' id='word_1_782' title='bbox 2598 4095 2742 4151; x_wconf 89' lang='lat' dir='ltr'><strong>Deus</strong></span> <span class='ocrx_word' id='word_1_783' title='bbox 2786 4095 2901 4165; x_wconf 85' lang='lat' dir='ltr'><strong>ipse</strong></span> <span class='ocrx_word' id='word_1_784' title='bbox 2925 4099 3139 4163; x_wconf 62' lang='lat' dir='ltr'><strong>praest,</strong></span> <span class='ocrx_word' id='word_1_785' title='bbox 3169 4097 3224 4145; x_wconf 89' lang='lat' dir='ltr'><strong>et</strong></span> <span class='ocrx_word' id='word_1_786' title='bbox 3251 4088 3432 4142; x_wconf 90' lang='lat' dir='ltr'><strong>omnia</strong></span> <span class='ocrx_word' id='word_1_787' title='bbox 3483 4101 3611 4142; x_wconf 87' lang='lat' dir='ltr'><strong>cum</strong></span> 
     </span>
    </p>
   </div>
   <div class='ocr_carea' id='block_1_98' title="bbox 2043 4179 3611 4253">
    <p class='ocr_par' dir='ltr' id='par_1_98' title="bbox 2043 4179 3611 4253">
     <span class='ocr_line' id='line_1_99' title="bbox 2043 4179 3611 4253; baseline -0.009 -13"><span class='ocrx_word' id='word_1_788' title='bbox 2043 4187 2153 4242; x_wconf 91' lang='lat' dir='ltr'><strong>Deo</strong></span> <span class='ocrx_word' id='word_1_789' title='bbox 2201 4187 2456 4250; x_wconf 88' lang='lat' dir='ltr'><strong>subsunt,</strong></span> <span class='ocrx_word' id='word_1_790' title='bbox 2516 4195 2627 4240; x_wconf 90' lang='lat' dir='ltr'><strong>tum</strong></span> <span class='ocrx_word' id='word_1_791' title='bbox 2662 4185 2732 4239; x_wconf 87' lang='lat' dir='ltr'><strong>ab</strong></span> <span class='ocrx_word' id='word_1_792' title='bbox 2796 4198 2862 4238; x_wconf 92' lang='lat' dir='ltr'><strong>eo</strong></span> <span class='ocrx_word' id='word_1_793' title='bbox 2900 4182 3150 4253; x_wconf 88' lang='lat' dir='ltr'><strong>gradum,</strong></span> <span class='ocrx_word' id='word_1_794' title='bbox 3223 4179 3277 4233; x_wconf 90' lang='lat' dir='ltr'><strong>in</strong></span> <span class='ocrx_word' id='word_1_795' title='bbox 3316 4191 3427 4247; x_wconf 91' lang='lat' dir='ltr'><strong>quo</strong></span> <span class='ocrx_word' id='word_1_796' title='bbox 3475 4189 3611 4231; x_wconf 91' lang='lat' dir='ltr'><strong>con-</strong></span> 
     </span>
    </p>
   </div>
   <div class='ocr_carea' id='block_1_99' title="bbox 2043 4267 3612 4346">
    <p class='ocr_par' dir='ltr' id='par_1_99' title="bbox 2043 4267 3612 4346">
     <span class='ocr_line' id='line_1_100' title="bbox 2043 4267 3612 4346; baseline -0.01 -12"><span class='ocrx_word' id='word_1_797' title='bbox 2043 4280 2320 4344; x_wconf 87' lang='lat' dir='ltr'><strong>sisterent,</strong></span> <span class='ocrx_word' id='word_1_798' title='bbox 2396 4283 2768 4346; x_wconf 88' lang='lat' dir='ltr'><strong>acccperunt:</strong></span> <span class='ocrx_word' id='word_1_799' title='bbox 2808 4282 2871 4328; x_wconf 92' lang='lat' dir='ltr'><strong>ut</strong></span> <span class='ocrx_word' id='word_1_800' title='bbox 2929 4272 3117 4328; x_wconf 88' lang='lat' dir='ltr'><strong>eadem</strong></span> <span class='ocrx_word' id='word_1_801' title='bbox 3162 4267 3411 4324; x_wconf 86' lang='lat' dir='ltr'><strong>homines</strong></span> <span class='ocrx_word' id='word_1_802' title='bbox 3481 4279 3612 4335; x_wconf 89' lang='lat' dir='ltr'><strong>pro-</strong></span> 
     </span>
    </p>
   </div>
   <div class='ocr_carea' id='block_1_100' title="bbox 2040 4355 3612 4441">
    <p class='ocr_par' dir='ltr' id='par_1_100' title="bbox 2040 4355 3612 4441">
     <span class='ocr_line' id='line_1_101' title="bbox 2040 4355 3612 4441; baseline -0.011 -16"><span class='ocrx_word' id='word_1_803' title='bbox 2040 4378 2224 4441; x_wconf 85' lang='lat' dir='ltr'><strong>pterea</strong></span> <span class='ocrx_word' id='word_1_804' title='bbox 2278 4369 2400 4424; x_wconf 91' lang='lat' dir='ltr'><strong>loco</strong></span> <span class='ocrx_word' id='word_1_805' title='bbox 2460 4375 2714 4436; x_wconf 89' lang='lat' dir='ltr'><strong>statuque</strong></span> <span class='ocrx_word' id='word_1_806' title='bbox 2752 4380 2852 4420; x_wconf 91' lang='lat' dir='ltr'><strong>suo</strong></span> <span class='ocrx_word' id='word_1_807' title='bbox 2916 4360 3120 4417; x_wconf 77' lang='lat' dir='ltr'><strong>moveri</strong></span> <span class='ocrx_word' id='word_1_808' title='bbox 3168 4374 3273 4414; x_wconf 90' lang='lat' dir='ltr'><strong>non</strong></span> <span class='ocrx_word' id='word_1_809' title='bbox 3309 4371 3471 4428; x_wconf 87' lang='lat' dir='ltr'><strong>posse</strong></span> <span class='ocrx_word' id='word_1_810' title='bbox 3524 4355 3612 4409; x_wconf 87' lang='lat' dir='ltr'><strong>in-</strong></span> 
     </span>
    </p>
   </div>
   <div class='ocr_carea' id='block_1_101' title="bbox 2044 4445 3610 4531">
    <p class='ocr_par' dir='ltr' id='par_1_101' title="bbox 2044 4445 3610 4531">
     <span class='ocr_line' id='line_1_102' title="bbox 2044 4445 3610 4531; baseline -0.01 -15"><span class='ocrx_word' id='word_1_811' title='bbox 2044 4461 2309 4531; x_wconf 86' lang='lat' dir='ltr'><strong>telligant.</strong></span> <span class='ocrx_word' id='word_1_812' title='bbox 2341 4458 2632 4513; x_wconf 80' lang='lat' dir='ltr'><strong>Enimvero</strong></span> <span class='ocrx_word' id='word_1_813' title='bbox 2660 4470 2837 4526; x_wconf 88' lang='lat' dir='ltr'><strong>neque</strong></span> <span class='ocrx_word' id='word_1_814' title='bbox 2857 4455 3053 4510; x_wconf 75' lang='lat' dir='ltr'><strong>coelum</strong></span> <span class='ocrx_word' id='word_1_815' title='bbox 3088 4453 3143 4506; x_wconf 91' lang='lat' dir='ltr'><strong>in</strong></span> <span class='ocrx_word' id='word_1_816' title='bbox 3180 4458 3402 4512; x_wconf 90' lang='lat' dir='ltr'><strong>terram,</strong></span> <span class='ocrx_word' id='word_1_817' title='bbox 3432 4461 3533 4502; x_wconf 92' lang='lat' dir='ltr'><strong>nec</strong></span> <span class='ocrx_word' id='word_1_818' title='bbox 3552 4445 3610 4501; x_wconf 91' lang='lat' dir='ltr'><strong>in</strong></span> 
     </span>
    </p>
   </div>
   <div class='ocr_carea' id='block_1_102' title="bbox 2042 4533 3731 4619">
    <p class='ocr_par' dir='ltr' id='par_1_102' title="bbox 2042 4533 3731 4619">
     <span class='ocr_line' id='line_1_103' title="bbox 2042 4533 3731 4619; baseline -0.012 -14"><span class='ocrx_word' id='word_1_819' title='bbox 2042 4551 2240 4606; x_wconf 78' lang='lat' dir='ltr'><strong>cwlum</strong></span> <span class='ocrx_word' id='word_1_820' title='bbox 2266 4564 2505 4619; x_wconf 92' lang='lat' dir='ltr'><strong>unquam</strong></span> <span class='ocrx_word' id='word_1_821' title='bbox 2531 4556 2675 4602; x_wconf 86' lang='lat' dir='ltr'><strong>terra</strong></span> <span class='ocrx_word' id='word_1_822' title='bbox 2706 4552 2913 4600; x_wconf 90' lang='lat' dir='ltr'><strong>mutata</strong></span> <span class='ocrx_word' id='word_1_823' title='bbox 2942 4552 3024 4598; x_wconf 87' lang='lat' dir='ltr'><strong>est</strong></span> <span class='ocrx_word' id='word_1_824' title='bbox 3054 4559 3067 4596; x_wconf 91' lang='lat'><strong>:</strong></span> <span class='ocrx_word' id='word_1_825' title='bbox 3093 4540 3337 4608; x_wconf 89' lang='lat' dir='ltr'><strong>adeoque</strong></span> <span class='ocrx_word' id='word_1_826' title='bbox 3360 4549 3460 4590; x_wconf 90' lang='lat' dir='ltr'><strong>nec</strong></span> <span class='ocrx_word' id='word_1_827' title='bbox 3477 4533 3614 4589; x_wconf 87' lang='lat' dir='ltr'><strong>solis</strong></span> <span class='ocrx_word' id='word_1_828' title='bbox 3721 4587 3731 4597; x_wconf 74' lang='grc'><strong>,</strong></span> 
     </span>
    </p>
   </div>
   <div class='ocr_carea' id='block_1_103' title="bbox 2045 4624 3609 4703">
    <p class='ocr_par' dir='ltr' id='par_1_103' title="bbox 2045 4624 3609 4703">
     <span class='ocr_line' id='line_1_104' title="bbox 2045 4624 3609 4703; baseline -0.012 -7"><span class='ocrx_word' id='word_1_829' title='bbox 2045 4644 2100 4698; x_wconf 89' lang='lat' dir='ltr'><strong>in</strong></span> <span class='ocrx_word' id='word_1_830' title='bbox 2148 4643 2332 4696; x_wconf 90' lang='lat' dir='ltr'><strong>lunam</strong></span> <span class='ocrx_word' id='word_1_831' title='bbox 2365 4648 2470 4703; x_wconf 91' lang='lat' dir='ltr'><strong>est,</strong></span> <span class='ocrx_word' id='word_1_832' title='bbox 2500 4653 2603 4693; x_wconf 92' lang='lat' dir='ltr'><strong>nec</strong></span> <span class='ocrx_word' id='word_1_833' title='bbox 2628 4637 2771 4691; x_wconf 65' lang='lat' dir='ltr'><strong>lunae</strong></span> <span class='ocrx_word' id='word_1_834' title='bbox 2792 4636 2846 4690; x_wconf 92' lang='lat' dir='ltr'><strong>in</strong></span> <span class='ocrx_word' id='word_1_835' title='bbox 2873 4634 3066 4699; x_wconf 90' lang='lat' dir='ltr'><strong>solem,</strong></span> <span class='ocrx_word' id='word_1_836' title='bbox 3101 4647 3203 4687; x_wconf 91' lang='lat' dir='ltr'><strong>nec</strong></span> <span class='ocrx_word' id='word_1_837' title='bbox 3237 4628 3525 4684; x_wconf 83' lang='lat' dir='ltr'><strong>ﬂuviorum</strong></span> <span class='ocrx_word' id='word_1_838' title='bbox 3553 4624 3609 4678; x_wconf 88' lang='lat' dir='ltr'><strong>in</strong></span> 
     </span>
    </p>
   </div>
   <div class='ocr_carea' id='block_1_104' title="bbox 2044 4716 3612 4798">
    <p class='ocr_par' dir='ltr' id='par_1_104' title="bbox 2044 4716 3612 4798">
     <span class='ocr_line' id='line_1_105' title="bbox 2044 4716 3612 4798; baseline -0.011 -10"><span class='ocrx_word' id='word_1_839' title='bbox 2044 4732 2238 4798; x_wconf 88' lang='lat' dir='ltr'><strong>maria,</strong></span> <span class='ocrx_word' id='word_1_840' title='bbox 2269 4747 2372 4788; x_wconf 91' lang='lat' dir='ltr'><strong>nec</strong></span> <span class='ocrx_word' id='word_1_841' title='bbox 2412 4731 2584 4786; x_wconf 89' lang='lat' dir='ltr'><strong>maris</strong></span> <span class='ocrx_word' id='word_1_842' title='bbox 2633 4729 2688 4784; x_wconf 87' lang='lat' dir='ltr'><strong>in</strong></span> <span class='ocrx_word' id='word_1_843' title='bbox 2729 4727 2928 4783; x_wconf 85' lang='lat' dir='ltr'><strong>ﬂuvios</strong></span> <span class='ocrx_word' id='word_1_844' title='bbox 2950 4725 3091 4782; x_wconf 81' lang='lat' dir='ltr'><strong>facta</strong></span> <span class='ocrx_word' id='word_1_845' title='bbox 3110 4721 3416 4779; x_wconf 89' lang='lat' dir='ltr'><strong>conversio.</strong></span> <span class='ocrx_word' id='word_1_846' title='bbox 3453 4716 3612 4784; x_wconf 85' lang='lat' dir='ltr'><strong>Quod</strong></span> 
     </span>
    </p>
   </div>
   <div class='ocr_carea' id='block_1_105' title="bbox 2043 4807 3613 4894">
    <p class='ocr_par' dir='ltr' id='par_1_105' title="bbox 2043 4807 3613 4894">
     <span class='ocr_line' id='line_1_106' title="bbox 2043 4807 3613 4894; baseline -0.011 -15"><span class='ocrx_word' id='word_1_847' title='bbox 2043 4825 2220 4894; x_wconf 87' lang='lat' dir='ltr'><strong>ipsum</strong></span> <span class='ocrx_word' id='word_1_848' title='bbox 2264 4824 2318 4878; x_wconf 92' lang='lat' dir='ltr'><strong>in</strong></span> <span class='ocrx_word' id='word_1_849' title='bbox 2370 4822 2741 4878; x_wconf 85' lang='lat' dir='ltr'><strong>animantibus</strong></span> <span class='ocrx_word' id='word_1_850' title='bbox 2791 4834 3013 4891; x_wconf 87' lang='lat' dir='ltr'><strong>quoque</strong></span> <span class='ocrx_word' id='word_1_851' title='bbox 3055 4818 3237 4872; x_wconf 91' lang='lat' dir='ltr'><strong>locum</strong></span> <span class='ocrx_word' id='word_1_852' title='bbox 3270 4812 3454 4867; x_wconf 85' lang='lat' dir='ltr'><strong>habet.</strong></span> <span class='ocrx_word' id='word_1_853' title='bbox 3499 4807 3613 4863; x_wconf 85' lang='lat' dir='ltr'><strong>Nec</strong></span> 
     </span>
    </p>
   </div>
   <div class='ocr_carea' id='block_1_106' title="bbox 2045 4901 3612 4979">
    <p class='ocr_par' dir='ltr' id='par_1_106' title="bbox 2045 4901 3612 4979">
     <span class='ocr_line' id='line_1_107' title="bbox 2045 4901 3612 4979; baseline -0.01 -10"><span class='ocrx_word' id='word_1_854' title='bbox 2045 4915 2191 4969; x_wconf 89' lang='lat' dir='ltr'><strong>enim</strong></span> <span class='ocrx_word' id='word_1_855' title='bbox 2241 4923 2338 4970; x_wconf 87' lang='lat' dir='ltr'><strong>aut</strong></span> <span class='ocrx_word' id='word_1_856' title='bbox 2392 4915 2557 4969; x_wconf 86' lang='lat' dir='ltr'><strong>homo</strong></span> <span class='ocrx_word' id='word_1_857' title='bbox 2603 4915 2806 4979; x_wconf 86' lang='lat' dir='ltr'><strong>bellua,</strong></span> <span class='ocrx_word' id='word_1_858' title='bbox 2854 4921 2952 4967; x_wconf 85' lang='lat' dir='ltr'><strong>aut</strong></span> <span class='ocrx_word' id='word_1_859' title='bbox 3011 4910 3195 4965; x_wconf 87' lang='lat' dir='ltr'><strong>bellua</strong></span> <span class='ocrx_word' id='word_1_860' title='bbox 3232 4906 3396 4960; x_wconf 89' lang='lat' dir='ltr'><strong>homo</strong></span> <span class='ocrx_word' id='word_1_861' title='bbox 3428 4901 3612 4956; x_wconf 83' lang='lat' dir='ltr'><strong>futura</strong></span> 
     </span>
    </p>
   </div>
   <div class='ocr_carea' id='block_1_107' title="bbox 2046 4993 3609 5074">
    <p class='ocr_par' dir='ltr' id='par_1_107' title="bbox 2046 4993 3609 5074">
     <span class='ocr_line' id='line_1_108' title="bbox 2046 4993 3609 5074; baseline -0.011 -11"><span class='ocrx_word' id='word_1_862' title='bbox 2046 5016 2148 5063; x_wconf 88' lang='lat' dir='ltr'><strong>est.</strong></span> <span class='ocrx_word' id='word_1_863' title='bbox 2190 5006 2309 5074; x_wconf 83' lang='lat' dir='ltr'><strong>Quo</strong></span> <span class='ocrx_word' id='word_1_864' title='bbox 2341 5007 2504 5062; x_wconf 90' lang='lat' dir='ltr'><strong>etiam</strong></span> <span class='ocrx_word' id='word_1_865' title='bbox 2540 5007 2703 5062; x_wconf 90' lang='lat' dir='ltr'><strong>modo</strong></span> <span class='ocrx_word' id='word_1_866' title='bbox 2729 5021 2853 5061; x_wconf 93' lang='lat' dir='ltr'><strong>cum</strong></span> <span class='ocrx_word' id='word_1_867' title='bbox 2884 5004 2951 5059; x_wconf 89' lang='lat' dir='ltr'><strong>de</strong></span> <span class='ocrx_word' id='word_1_868' title='bbox 2986 5000 3187 5072; x_wconf 89' lang='lat' dir='ltr'><strong>plantis</strong></span> <span class='ocrx_word' id='word_1_869' title='bbox 3219 5006 3272 5054; x_wconf 92' lang='lat' dir='ltr'><strong>et</strong></span> <span class='ocrx_word' id='word_1_870' title='bbox 3300 4993 3609 5056; x_wconf 87' lang='lat' dir='ltr'><strong>arboribus,</strong></span> 
     </span>
    </p>
   </div>
   <div class='ocr_carea' id='block_1_108' title="bbox 2044 5087 3612 5170">
    <p class='ocr_par' dir='ltr' id='par_1_108' title="bbox 2044 5087 3612 5170">
     <span class='ocr_line' id='line_1_109' title="bbox 2044 5087 3612 5170; baseline -0.011 -15"><span class='ocrx_word' id='word_1_871' title='bbox 2044 5109 2159 5155; x_wconf 88' lang='lat' dir='ltr'><strong>tum</strong></span> <span class='ocrx_word' id='word_1_872' title='bbox 2193 5100 2259 5155; x_wconf 91' lang='lat' dir='ltr'><strong>de</strong></span> <span class='ocrx_word' id='word_1_873' title='bbox 2287 5099 2515 5170; x_wconf 90' lang='lat' dir='ltr'><strong>reliquis</strong></span> <span class='ocrx_word' id='word_1_874' title='bbox 2547 5098 2801 5153; x_wconf 91' lang='lat' dir='ltr'><strong>omnibus</strong></span> <span class='ocrx_word' id='word_1_875' title='bbox 2853 5088 3226 5166; x_wconf 64' lang='lat' dir='ltr'><strong>philosopliri</strong></span> <span class='ocrx_word' id='word_1_876' title='bbox 3262 5087 3458 5150; x_wconf 88' lang='lat' dir='ltr'><strong>liceat,</strong></span> <span class='ocrx_word' id='word_1_877' title='bbox 3490 5097 3612 5154; x_wconf 74' lang='lat' dir='ltr'><strong>quae</strong></span> 
     </span>
    </p>
   </div>
   <div class='ocr_carea' id='block_1_109' title="bbox 2045 5176 3612 5256">
    <p class='ocr_par' dir='ltr' id='par_1_109' title="bbox 2045 5176 3612 5256">
     <span class='ocr_line' id='line_1_110' title="bbox 2045 5176 3612 5256; baseline -0.012 -11"><span class='ocrx_word' id='word_1_878' title='bbox 2045 5206 2169 5245; x_wconf 91' lang='lat' dir='ltr'><strong>cum</strong></span> <span class='ocrx_word' id='word_1_879' title='bbox 2202 5190 2254 5244; x_wconf 91' lang='lat' dir='ltr'><strong>in</strong></span> <span class='ocrx_word' id='word_1_880' title='bbox 2291 5189 2396 5244; x_wconf 88' lang='lat' dir='ltr'><strong>alia</strong></span> <span class='ocrx_word' id='word_1_881' title='bbox 2427 5189 2625 5243; x_wconf 80' lang='lat' dir='ltr'><strong>mutari</strong></span> <span class='ocrx_word' id='word_1_882' title='bbox 2651 5203 2759 5242; x_wconf 91' lang='lat' dir='ltr'><strong>non</strong></span> <span class='ocrx_word' id='word_1_883' title='bbox 2793 5185 3024 5256; x_wconf 90' lang='lat' dir='ltr'><strong>possint,</strong></span> <span class='ocrx_word' id='word_1_884' title='bbox 3055 5191 3169 5237; x_wconf 89' lang='lat' dir='ltr'><strong>tum</strong></span> <span class='ocrx_word' id='word_1_885' title='bbox 3218 5176 3434 5234; x_wconf 89' lang='lat' dir='ltr'><strong>easdem</strong></span> <span class='ocrx_word' id='word_1_886' title='bbox 3468 5189 3612 5229; x_wconf 88' lang='lat' dir='ltr'><strong>sem-</strong></span> 
     </span>
    </p>
   </div>
   <div class='ocr_carea' id='block_1_110' title="bbox 2045 5264 3613 5350">
    <p class='ocr_par' dir='ltr' id='par_1_110' title="bbox 2045 5264 3613 5350">
     <span class='ocr_line' id='line_1_111' title="bbox 2045 5264 3613 5350; baseline -0.011 -15"><span class='ocrx_word' id='word_1_887' title='bbox 2045 5296 2142 5350; x_wconf 90' lang='lat' dir='ltr'><strong>per</strong></span> <span class='ocrx_word' id='word_1_888' title='bbox 2161 5281 2215 5334; x_wconf 92' lang='lat' dir='ltr'><strong>in</strong></span> <span class='ocrx_word' id='word_1_889' title='bbox 2246 5280 2444 5349; x_wconf 88' lang='lat' dir='ltr'><strong>seipsis</strong></span> <span class='ocrx_word' id='word_1_890' title='bbox 2498 5277 2817 5333; x_wconf 89' lang='lat' dir='ltr'><strong>mutationis</strong></span> <span class='ocrx_word' id='word_1_891' title='bbox 2844 5284 2898 5329; x_wconf 92' lang='lat' dir='ltr'><strong>et</strong></span> <span class='ocrx_word' id='word_1_892' title='bbox 2934 5273 3186 5327; x_wconf 88' lang='lat' dir='ltr'><strong>interitus</strong></span> <span class='ocrx_word' id='word_1_893' title='bbox 3209 5264 3613 5322; x_wconf 84' lang='lat' dir='ltr'><strong>vicissitudines</strong></span> 
     </span>
    </p>
   </div>
   <div class='ocr_carea' id='block_1_111' title="bbox 2044 5353 3610 5438">
    <p class='ocr_par' dir='ltr' id='par_1_111' title="bbox 2044 5353 3610 5438">
     <span class='ocr_line' id='line_1_112' title="bbox 2044 5353 3610 5438; baseline -0.012 -11"><span class='ocrx_word' id='word_1_894' title='bbox 2044 5371 2487 5427; x_wconf 88' lang='lat' dir='ltr'><strong>constantissime</strong></span> <span class='ocrx_word' id='word_1_895' title='bbox 2516 5369 2818 5438; x_wconf 88' lang='lat' dir='ltr'><strong>patiuntur.</strong></span> <span class='ocrx_word' id='word_1_896' title='bbox 2850 5364 2963 5419; x_wconf 87' lang='lat' dir='ltr'><strong>Hac</strong></span> <span class='ocrx_word' id='word_1_897' title='bbox 2991 5377 3121 5433; x_wconf 88' lang='lat' dir='ltr'><strong>ergo</strong></span> <span class='ocrx_word' id='word_1_898' title='bbox 3145 5357 3435 5421; x_wconf 88' lang='lat' dir='ltr'><strong>sententia,</strong></span> <span class='ocrx_word' id='word_1_899' title='bbox 3461 5353 3610 5425; x_wconf 84' lang='lat' dir='ltr'><strong>quod</strong></span> 
     </span>
    </p>
   </div>
   <div class='ocr_carea' id='block_1_112' title="bbox 2044 5447 3612 5519">
    <p class='ocr_par' dir='ltr' id='par_1_112' title="bbox 2044 5447 3612 5519">
     <span class='ocr_line' id='line_1_113' title="bbox 2044 5447 3612 5519; baseline -0.011 -3"><span class='ocrx_word' id='word_1_900' title='bbox 2044 5461 2227 5517; x_wconf 78' lang='lat' dir='ltr'><strong>divino</strong></span> <span class='ocrx_word' id='word_1_901' title='bbox 2246 5459 2465 5514; x_wconf 87' lang='lat' dir='ltr'><strong>Numini</strong></span> <span class='ocrx_word' id='word_1_902' title='bbox 2498 5467 2694 5515; x_wconf 88' lang='lat' dir='ltr'><strong>cuncta</strong></span> <span class='ocrx_word' id='word_1_903' title='bbox 2725 5455 3116 5519; x_wconf 86' lang='lat' dir='ltr'><strong>obsecundent,</strong></span> <span class='ocrx_word' id='word_1_904' title='bbox 3146 5461 3292 5507; x_wconf 90' lang='lat' dir='ltr'><strong>stare</strong></span> <span class='ocrx_word' id='word_1_905' title='bbox 3334 5447 3474 5503; x_wconf 87' lang='lat' dir='ltr'><strong>Deus</strong></span> <span class='ocrx_word' id='word_1_906' title='bbox 3498 5448 3612 5516; x_wconf 87' lang='lat' dir='ltr'><strong>ipse</strong></span> 
     </span>
    </p>
   </div>
   <div class='ocr_carea' id='block_1_113' title="bbox 2043 5536 3613 5619">
    <p class='ocr_par' dir='ltr' id='par_1_113' title="bbox 2043 5536 3613 5619">
     <span class='ocr_line' id='line_1_114' title="bbox 2043 5536 3613 5619; baseline -0.011 -11"><span class='ocrx_word' id='word_1_907' title='bbox 2043 5568 2150 5608; x_wconf 89' lang='lat' dir='ltr'><strong>non</strong></span> <span class='ocrx_word' id='word_1_908' title='bbox 2212 5550 2489 5606; x_wconf 87' lang='lat' dir='ltr'><strong>immerito</strong></span> <span class='ocrx_word' id='word_1_909' title='bbox 2524 5549 2633 5605; x_wconf 90' lang='lat' dir='ltr'><strong>dici</strong></span> <span class='ocrx_word' id='word_1_910' title='bbox 2680 5547 2870 5619; x_wconf 91' lang='lat' dir='ltr'><strong>possit.</strong></span> <span class='ocrx_word' id='word_1_911' title='bbox 2905 5544 3050 5601; x_wconf 81' lang='lat' dir='ltr'><strong>Idem</strong></span> <span class='ocrx_word' id='word_1_912' title='bbox 3075 5585 3090 5607; x_wconf 93' lang='lat'><strong>,</strong></span> <span class='ocrx_word' id='word_1_913' title='bbox 3125 5555 3235 5614; x_wconf 90' lang='lat' dir='ltr'><strong>quo</strong></span> <span class='ocrx_word' id='word_1_914' title='bbox 3268 5549 3509 5608; x_wconf 82' lang='lat' dir='ltr'><strong>tempore</strong></span> <span class='ocrx_word' id='word_1_915' title='bbox 3532 5536 3613 5590; x_wconf 90' lang='lat' dir='ltr'><strong>le-</strong></span> 
     </span>
    </p>
   </div>
   <div class='ocr_carea' id='block_1_114' title="bbox 2044 5628 3610 5716">
    <p class='ocr_par' dir='ltr' id='par_1_114' title="bbox 2044 5628 3610 5716">
     <span class='ocr_line' id='line_1_115' title="bbox 2044 5628 3610 5716; baseline -0.01 -17"><span class='ocrx_word' id='word_1_916' title='bbox 2044 5659 2164 5716; x_wconf 87' lang='lat' dir='ltr'><strong>gem</strong></span> <span class='ocrx_word' id='word_1_917' title='bbox 2192 5642 2334 5698; x_wconf 87' lang='lat' dir='ltr'><strong>hanc</strong></span> <span class='ocrx_word' id='word_1_918' title='bbox 2358 5641 2658 5707; x_wconf 82' lang='lat' dir='ltr'><strong>sanciebat,</strong></span> <span class='ocrx_word' id='word_1_919' title='bbox 2677 5654 2743 5695; x_wconf 92' lang='lat' dir='ltr'><strong>eo</strong></span> <span class='ocrx_word' id='word_1_920' title='bbox 2766 5645 2884 5695; x_wconf 88' lang='lat' dir='ltr'><strong>tum</strong></span> <span class='ocrx_word' id='word_1_921' title='bbox 2913 5637 2968 5694; x_wconf 87' lang='lat' dir='ltr'><strong>in</strong></span> <span class='ocrx_word' id='word_1_922' title='bbox 2999 5642 3241 5692; x_wconf 88' lang='lat' dir='ltr'><strong>montem</strong></span> <span class='ocrx_word' id='word_1_923' title='bbox 3264 5630 3403 5704; x_wconf 78' lang='lat' dir='ltr'><strong>legis</strong></span> <span class='ocrx_word' id='word_1_924' title='bbox 3435 5628 3610 5699; x_wconf 85' lang='lat' dir='ltr'><strong>ipsius</strong></span> 
     </span>
    </p>
   </div>
  </div>
