4166 6404
378 318 475 374 ιιι
1503 325 1826 386 ΡΒΑΕΡΑΒ.
1864 329 1922 386 Ε¹

2024 330 2128 391 NG.
2169 331 2298 396 LIB.
2339 333 2476 397 Vill.
3508 362 3619 418 οη

375 446 537 506 atque
571 438 640 495 'ln
671 441 916 498 altiorem
963 442 1141 515 legum
1176 443 1501 500 sententiam
1553 450 1754 506 mentis
1802 451 1962 507 oculo
2000 465 2287 524 penetrare
2333 461 2520 516 voluit.
2571 462 2746 534 Atque
2773 465 2887 522 haec
2921 466 3024 524 fuit
3071 469 3382 531 Iudaeorum
3448 443 3652 550 philo—9

373 531 674 598 sophorum
697 537 1047 605 natio.cujus
1101 538 1226 593 vitae
1293 553 1618 610 morumque
1654 544 1894 600 rationes
1952 547 2194 605 inlinitos
2250 554 2412 607 etiam
2482 531 2811 628 alienigenas
2863 561 3218 620 admiratione
3257 531 3640 640 complerunt.i

371 623 440 676 At
474 627 752 690 gentilium
785 646 1007 685 suorum
1057 631 1347 686 clarissimi
1381 629 1650 702 Josephus
1671 646 1726 691 et
1758 636 1932 704 Philo,
1973 640 2174 710 aliique
2265 647 2611 716 complures,
2651 623 2880 704 eosdem
2947 658 3222 712 memoriae
3289 623 3645 730 posteritatis:

372 716 720 786 sempiternae
759 722 875 774 suis
910 722 1072 776 etiam
1115 723 1370 790 operibus
1452 729 1836 784 commendare
1899 729 2207 789 voluerunt.
2279 735 2392 806 Ego
2445 753 2598 805 vero,
2650 741 2924 813 plerisque
2975 749 3228 804 omnibus
3291 716 3645 820 praterinis-l

373 808 468 873 sis,
511 828 620 866 uno
651 815 914 871 duntaxat
966 818 1018 872 in
1049 823 1457 890 przesentiarum
1514 825 1756 881 Philonis
1823 828 2157 895 testimonio,
2224 831 2360 886 dicis
2427 848 2612 896 causa,
2653 808 2948 894 contentus
3008 857 3123 906 ero,
3175 808 3321 913 quod
3367 849 3482 904 suis
3532 850 3622 904 ille

371 904 578 972 passim
607 908 952 965 monimentis
987 911 1261 982 inspersit.
1297 913 1539 971 Primum
1565 932 1695 988 ergo
1731 917 1846 988 lege
1865 927 1928 973 tu
1965 919 2121 987 mihi,
2146 937 2269 992 qua:
2288 923 2354 978 de
2377 923 2489 980 illis
2513 925 2568 978 in
2594 941 2691 980 sua
2715 943 2814 996 pro
2833 927 3036 986 Judaeis
3089 904 3416 1003 Drfensione,
3474 939 3621 997 hunc

367 993 432 1050 in
481 997 702 1052 modum
730 998 845 1070 ipse
883 1014 1296 1061 commemorat.

906 1122 1302 1178 ΚΕΦΑΛΑΙΟΝ
1330 1126 1437 1182 ῙΑ’.

2559 1125 2723 1198 379
2743 1126 2969 1184 CAPUT
3005 1128 3100 1184 XI.

2039 1237 2365 1314 Diueterum
2393 1259 2534 1330 apud
2559 1259 2810 1344 Hebraeos
2830 1263 3252 1344 philosophorum
3277 1267 3383 1321 vita
3409 1285 3616 1328 summa

2502 1346 2620 1384 cum
2654 1342 2842 1386 virtute
2867 1342 3166 1403 conjuncta.

373 1249 513 1318 Περὶ
542 1249 830 1329 τῆςικατὰ
857 1252 964 1329 τὸν
987 1255 1132 1329 βίον
1175 1257 1390 1325 ἀρετῆς
1425 1258 1543 1312 τῶν
1583 1263 1742 1329 παρὰ
1797 1265 1937 1319 Ἰου-

583 1320 772 1388 δαίοις
811 1324 876 1376 τὸ
901 1326 1160 1380 παλαιὸν
1202 1320 1714 1398 ῲιλόόνοφούντωίῖς.

447 1470 467 1504 ι
501 1453 742 1526 Μυρίους
767 1455 824 1508 δὲ
853 1455 962 1510 τῶν
984 1459 1274 1530 γνωρίμων
1302 1463 1329 1514 ὀ
1351 1459 1616 1534 ἡμέτερος
1645 1465 1938 1538 νομοθέτης

359 1541 590 1614 τῆλειψεν
635 1547 726 1599 ἐπὶ
772 1549 1088 1612 κοινωνίαν,
1113 1549 1162 1603 οἳ
1195 1551 1483 1607 καλοῦνται
1526 1555 1624 1624 μὲν
1674 1557 1932 1622 Ἐσσαῖοι,

370 1635 523 1707 παρά
570 1638 668 1710 τὴν
712 1641 997 1712 ⁸ὀσιότητα,
1061 1643 1152 1712 μοι
1181 1643 1360 1708 δοκῶ,
1407 1646 1513 1716 τῆς
1571 1649 1939 1719 προσηγορίας

369 1724 707 1794 ἀξιωθέντες,
732 1730 936 1784 οίκοῦσι
963 1731 1019 1784 δὲ
1050 1733 1247 1797 πολλάς
1273 1734 1371 1805 μὲν
1421 1737 1602 1802 πόλεις
1649 1738 1750 1808 τῆς
1804 1740 1935 1792 Ἰου-

346 1819 541 1884 δαίας,
587 1821 785 1885 πολλὰς
805 1821 859 1876 δὲ
893 1821 1104 1893 κώμας,
1142 1827 1237 1879 καὶ
1281 1828 1546 1896 μεγάλους
1572 1831 1666 1882 καὶ
1708 1832 1938 1887 πολυαν-

368 1909 617 1983 θρώπους
658 1911 896 1984 ὁμίλους.
927 1915 1083 1968 Ἔστι
1111 1915 1155 1968 δ’
1196 1918 1378 1982 αὐτοῖς
1420 1921 1453 1990 ἡ
1499 1921 1820 1994 προαίρεσις
1874 1925 1934 1977 ού

347 2000 511 2070 ”γένει
555 2002 731 2072 (γένος
774 2002 881 2074 γὰρ
928 2005 1014 2073 ἐφ’
1041 2006 1306 2070 ἑκουσίοις
1331 2008 1393 2061 οὑ
1427 2011 1740 2080 γράφεται),
1771 2011 1857 2065 διά
1877 2014 1935 2068 δὲ

367 2089 526 2162 ζῆλον
565 2093 766 2163 ἀρετῆς
813 2095 905 2146 καὶ
943 2093 1350 2168 φιλανθρωπίας
1395 2099 1604 2172 ἵμερον.
1675 2103 1936 2158 Ἐσσαίων

346 2181 497 2250 ’γοῦν
535 2183 726 2255 κομιδῆ
772 2185 962 2255 νήπιος
982 2187 1171 2252 οὐδεὶς,
1205 2189 1316 2242 ἀλλ’
1333 2191 1452 2244 οὐδὲ
1473 2195 1863 2264 πρωτογένειος
1899 2196 1933 2266 ἢ

356 2273 648 2346 ,μειράκιον
667 2292 680 2304 °
721 2277 840 2329 ἐπεὶ
868 2278 932 2332 τά
962 2295 1025 2347 γε
1071 2279 1273 2334 τούτων
1313 2282 1543 2337 ἀϐέϐαια
1591 2285 1693 2356 ἢθη
1724 2285 1803 2356 τῷ
1834 2286 1935 2357 τῆς

353 2363 575 2435 ἡλικίας
599 2366 779 2420 ἀτελεῖ
819 2371 1354 2441 συννεωτερίζονταιτ
1391 2374 1582 2428 τέλειοι
1626 2376 1671 2428 δ’
1721 2378 1930 2450 ἄνδρες,

2110 1479 2134 1513 ι
2180 1460 2486 1526 Maximam,
2517 1462 2714 1532 inquit,
2738 1478 2929 1519 eorum
2979 1465 3404 1535 multitudinem,
3433 1470 3524 1540 qui
3557 1471 3613 1527 in

2038 1553 2158 1622 ejus
2181 1568 2301 1608 sese
2323 1554 2663 1622 disciplinam
2715 1556 3070 1623 tradiderunt,
3099 1557 3370 1627 legislator
3419 1569 3608 1616 noster

2039 1641 2104 1694 ad
2132 1651 2334 1696 mutua
2364 1643 2646 1697 societatis
2675 1646 3113 1699 communionem
3156 1646 3490 1714 informavit,
3518 1651 3612 1720 qui

2036 1731 2344 1786 Essmorum
2402 1730 2640 1798 nomine,
2693 1735 2844 1806 παρά
2875 1736 2974 1808 τὴν
3032 1737 3306 1808 ὁσιότητα,
3366 1749 3422 1793 ut
3477 1743 3611 1796 mihi

2037 1823 2255 1892 quidem
2301 1823 2533 1888 videtur,
2567 1826 2669 1880 hoc
2712 1835 2798 1879 est
2831 1841 2861 1880 a
2903 1828 3209 1892 sanctitate,
3252 1831 3609 1900 appellantur.

2035 1915 2305 1972 Plurimas
2357 1918 2430 1970 illi
2457 1916 2655 1972 Iudaeae
2701 1919 2967 1982 civitates,
3009 1936 3286 1992 pagosque
3314 1925 3612 1992 permultos

2035 2005 2299 2070 habitant,
2317 2007 2666 2078 ingentesque
2678 2010 2964 2064 admodum
2979 2021 3032 2065 et
3056 2015 3305 2082 cepiosas
3325 2014 3607 2070 hominum

2037 2095 2352 2150 sodalitates
2387 2096 2696 2151 instituunt.
2737 2098 2846 2152 Sua
2873 2099 2979 2154 illis
3012 2101 3134 2156 vitae
3162 2103 3322 2166 ratio,
3367 2120 3473 2158 non
3513 2122 3609 2172 ge-

2035 2200 2166 2239 nere
2197 2196 2410 2241 constat
2433 2188 2554 2257 (nec
2588 2189 2732 2242 enim
2764 2203 2976 2256 eorum,
3008 2191 3100 2260 qui
3132 2193 3436 2248 voluntarie
3476 2177 3612 2250 con-

2033 2279 2280 2345 veniunt,
2326 2295 2499 2349 genus
2537 2281 2754 2349 proprie
2803 2283 2986 2336 vocari
3017 2284 3197 2353 solet),
3245 2286 3336 2340 sed
3372 2288 3608 2356 quadam

2034 2369 2381 2422 aemulatione
2429 2369 2666 2431 virtutis,
2691 2379 2744 2425 et
2785 2371 3140 2428 humanitatis
3183 2375 3363 2429 studio
3391 2378 3606 2446 perlici-

349 2459 458 2512 -καὶ
490 2461 624 2532 πρὸς
654 2463 828 2533 γῆρας
853 2464 1237 2529 ἀποκλίναντες
1271 2467 1372 2537 ἤδη
1399 2508 1414 2532 ,
1449 2469 1638 2541 μηκέθ’
1691 2471 1796 2524 ὑπὸ
1829 2473 1922 2542 τῆς

2036 2466 2142 2512 tur.
2169 2457 2364 2514 Nullus
2398 2459 2538 2514 inter
2566 2475 2662 2514 eos
2706 2470 2799 2516 aut
2846 2477 2978 2531 puer
3019 2465 3311 2520 admodum
3346 2477 3450 2534 est,
3513 2478 3608 2525 aut

345 2551 455 2604 ’τοῦ
485 2551 731 2622 σώματος
759 2555 1018 2626 ἐπιρροῆς
1049 2558 1484 2630 ἐπικλυξόμενοι,
1523 2562 1651 2632 μήθ’
1687 2563 1794 2618 ὑπὸ
1815 2564 1923 2618 τῶν

348 2641 547 2695 ’παθῶν
593 2643 866 2716 ἀγόμενοι,
929 2647 1026 2718 τὴν
1076 2649 1278 2722 ἀψευδῆ
1316 2652 1372 2704 δὲ
1407 2653 1501 2705 καὶ
1539 2653 1704 2724 μόνην
1757 2655 1926 2720 ὅντως

359 2733 666 2806 ἐλευθερίαν
698 2737 1084 2809 καρπούμενοι.
1119 2741 1342 2812 Μάρτυς
1379 2743 1435 2796 δὲ
1475 2743 1574 2815 τῆς
1619 2745 1926 2817 ἐλευθερίας

359 2825 536 2880 αὐτῶν
568 2829 597 2880 ὁ
631 2828 762 2899 βίος.
797 2829 952 2884 Ἴδιον
986 2831 1158 2895 οὐδεὶς
1180 2833 1301 2885 οὐδὲ
1334 2833 1590 2904 ὑπομένει
1623 2835 1926 2906 κτήσασθαι

357 2914 420 2968 τὸ
450 2919 706 2988 παράπαν
738 2919 888 2973 οὐδὲν
908 2962 922 2985 ,
953 2922 1051 2974 οὐκ
1083 2922 1256 2976 οίκίαν
1281 2965 1294 2988 ,
1328 2925 1429 2976 οὐκ
1461 2925 1813 2996 ἀνδράποδον,
1859 2927 1924 2980 οὑ

349 3011 556 3081 ,χωρίον
579 3050 594 3075 ,
656 3011 716 3064 ού
753 3011 1092 3084 βοσκήματα,
1126 3015 1224 3084 οὐχ
1268 3017 1368 3068 ὅσα
1406 3016 1541 3071 ἄλλα
1587 3020 1927 3088 παρασκευαὶ

353 3102 453 3156 ικαὶ
484 3103 738 3174 χορηγίαι
772 3105 1020 3158 πλούτου.
1057 3107 1237 3160 Πάντα
1268 3108 1312 3160 δ’
1336 3109 1416 3172 είς
1441 3109 1601 3179 μέσον
1628 3109 1798 3180 ἀθρόα
1827 3127 1927 3164 κα-

343 3193 662 3259 ·τατιθέντες
683 3236 699 3261 ,
749 3197 930 3268 κοινὴν
962 3198 1296 3270 καρποῦνται
1351 3199 1448 3271 τὴν
1482 3201 1738 3254 ἁπάντων
1785 3200 1927 3269 ὠφέ-

345 3280 522 3340 ¹λειαν.
565 3288 786 3342 Οίκοῦσι
823 3289 867 3342 δ’
908 3289 966 3342 ἐν
1009 3289 1190 3361 ταύτῷ
1215 3331 1230 3355 ,
1265 3293 1405 3345 κατά
1437 3291 1654 3356 θιάσους
1687 3292 1926 3363 ἑταιρίας

354 3377 450 3430 καὶ
479 3379 728 3432 συσσίτια
761 3379 1093 3450 ποιούμενοι,
1120 3381 1214 3434 καὶ
1240 3382 1399 3435 πάνθ’
1431 3383 1569 3452 ὑπὲρ
1597 3382 1689 3435 τοῦ
1731 3399 1920 3435 κοινω-

337 3465 548 3536 -φελοῦς
593 3470 1098 3540 πραγματευόμενοι
1143 3469 1490 3524 διατελοῦσιν.
1549 3470 1686 3523 Ἀλλ’
1725 3471 1926 3542 ἐτέρων

353 3557 536 3629 ἕτεραι
569 3563 964 3630 πραγματεῖαι,
1014 3555 1100 3624 αἷς
1137 3560 1503 3624 ἐπαποδύντες
1552 3561 1761 3624 ἀόκνως
1809 3561 1925 3614 δια-

354 3649 586 3714 θλοῦσιν,
616 3652 676 3702 οὐ
701 3651 931 3723 κρυμὸν,
963 3652 1022 3706 οὐ
1055 3651 1278 3718 θάλπος,
1309 3653 1406 3722 οὐχ
1429 3653 1528 3705 ὅσα
1548 3653 1707 3723 ἀέρος
1729 3670 1924 3706 νεωτε-

357 3741 591 3812 ρίσματα
643 3742 1136 3813 προφασιζόμενον
1184 3743 1313 3814 πρὶν
1353 3743 1397 3797 δ’
1450 3743 1600 3815 ἥλιον
1649 3745 1922 3814 ἀνασχεῖν,

2027 2552 2083 2605 in
2159 2551 2334 2622 prima
2383 2551 2562 2606 adhuc
2601 2552 2683 2607 vel
2730 2553 3032 2623 pubertate,
3069 2557 3154 2611 vel
3208 2558 3370 2612 etiam
3428 2559 3609 2616 adole-

2027 2643 2240 2698 scentia
2270 2643 2600 2698 constitutus
2629 2662 2642 2698 :
2671 2645 2815 2711 quod
2865 2647 3124 2700 similium
3164 2646 3276 2703 fere
3326 2651 3607 2708 versatiles

2026 2735 2203 2789 adhuc
2255 2733 2628 2802 ﬂexibilesque
2656 2737 3174 2793 moresintirmioris
3223 2741 3398 2795 artatis
3430 2753 3608 2796 muta-

2025 2825 2285 2880 bilitatem
2311 2826 2590 2880 imitentur
2611 2841 2626 2878 :
2646 2834 2706 2879 at
2733 2826 2831 2880 viri
2854 2828 2966 2896 jam
2997 2828 3238 2898 perfecti,
3264 2831 3467 2900 quique
3493 2847 3604 2888 non

2026 2915 2163 2970 nihil
2195 2915 2248 2968 in
2301 2924 2574 2970 senectam
2619 2925 2921 2983 vergentes,
2955 2926 3014 2971 ut
3061 2935 3171 2972 non
3232 2921 3464 2990 amplius
3511 2930 3607 2976 aut

2027 3005 2272 3074 corporis
2299 3015 2433 3060 testu
2469 3020 2532 3059 ac
2555 3003 2809 3060 ﬂuctibus
2859 3007 3207 3067 hauriuntur.
3262 3019 3357 3066 aut
3391 3024 3604 3080 pertur-

2024 3096 2307 3153 bationum
2367 3098 2569 3164 impetu
2626 3098 2931 3168 rapiuntur,
2990 3101 3066 3154 ita
3119 3101 3282 3171 plane
3341 3119 3475 3158 vera
3513 3103 3602 3159 illa

2027 3192 2251 3260 solaque
2278 3191 2525 3246 libertate
2559 3193 2857 3262 potiuntur.
2889 3191 2966 3246 Ac
2985 3195 3139 3248 testis
3181 3196 3398 3264 quidem
3440 3197 3602 3265 hujus

2025 3283 2288 3338 libertatis
2335 3283 2450 3352 ipsa
2486 3283 2606 3338 vitae
2652 3285 2790 3338 ratio
2837 3294 2938 3340 est.
2963 3283 3245 3340 Peculiare
3272 3288 3601 3357 cujusquam

2028 3389 2091 3429 ac
2122 3375 2398 3444 preprium
2431 3376 2566 3429 nihil
2597 3385 2702 3442 est,
2733 3392 2842 3430 non
2877 3378 3095 3444 domus,
3125 3393 3232 3431 non
3252 3394 3461 3442 servus,
3492 3396 3600 3434 non

2029 3466 2314 3534 pra-dium,
2343 3482 2452 3519 non
2510 3482 2698 3536 pecus,
2730 3483 2838 3522 non
2864 3469 3008 3523 aliud
3045 3471 3342 3539 quidquam
3385 3485 3598 3537 eorum,

2025 3557 2170 3612 unde
2187 3573 2316 3626 opes
2337 3573 2400 3612 ac
2423 3558 2624 3614 divitia:
2647 3571 3054 3630 comparantur.
3086 3560 3156 3614 At
3186 3578 3250 3616 ex
3287 3564 3600 3632 promiscua

2026 3663 2210 3702 rerum
2259 3649 2400 3703 inter
2441 3665 2560 3704 sese
2612 3653 2856 3706 omnium
2892 3654 3302 3717 communione,
3355 3655 3598 3710 omnium

2025 3739 2187 3810 etiam
2225 3739 2280 3793 in
2330 3741 2573 3810 singulos
2597 3741 2808 3798 fructus
2855 3751 3019 3814 atque
3064 3744 3271 3800 utilitas
3312 3747 3598 3800 redundat.

351 3832 537 3887 ἐπὶτά
577 3833 780 3905 συνήθη
817 3834 1160 3904 τρεπόμενοι,
1190 3833 1635 3906 δυομένουμόλις
1668 3834 1919 3888 ἐπανίασι

2024 3829 2222 3886 Eodem
2253 3832 2306 3884 in
2336 3831 2455 3886 loco
2483 3833 2817 3888 domicilium
2842 3835 3046 3889 habent
3066 3851 3289 3890 suorum
3316 3835 3599 3891 hominum

336 3925 652 3996 ζχαίροντες,
687 3925 786 3995 οὐχ
816 3919 974 3996 ἧττον
1002 3923 1110 3976 τῶν
1141 3926 1200 3977 ἐν
1229 3927 1339 3988 τοῖς
1371 3929 1656 3996 γυμνικοῖς
1677 3925 1920 3991 ἐξεταζο-

354 4014 528 4084 μένων
557 4013 781 4083 ἀγῶσιν.
826 4013 1292 4084 Ὑπολαμϐἀνουσι
1320 4015 1430 4086 γάρ
1474 4015 1589 4069 ἃττ’
1632 4016 1697 4069 ἂν
1727 4018 1918 4086 ἐπιτη-

333 4104 628 4169 δεύσωσιν,
661 4101 798 4157 εἶναι
823 4103 1219 4175 βιωφελέστερα
1248 4104 1343 4156 καὶ⁸
1368 4104 1500 4175 ἡδίω
1516 4103 1662 4176 ψυχῇ
1687 4105 1781 4158 καὶ
1809 4103 1916 4158 σώ-

351 4211 483 4266 ματι
511 4197 581 4250 τά
635 4197 1001 4268 γυμνάσματα
1029 4236 1044 4259 ,
1084 4197 1179 4249 καὶ
1211 4194 1675 4267 πολυχρονιώτερα
1702 4195 1808 4249 τῶν
1859 4197 1918 4250 ἐν

350 4287 607 4360 ἀθλήσεσι
631 4328 646 4352 ,
686 4288 759 4360 μὴ
793 4287 1175 4360 συνεφηϐὦντα
1219 4290 1284 4358 τῇ
1327 4286 1418 4340 τοῦ
1459 4287 1708 4358 σώματος
1739 4289 1912 4359 ἀκμῇ.

347 4379 472 4433 Είσὶ
521 4382 628 4453 γὰρ
674 4380 852 4435 αὐτῶν
879 4383 927 4434 οἱ
958 4381 1056 4451 μὲν
1098 4379 1374 4450 γεηπόνοι,
1407 4379 1514 4432 τῶν
1546 4379 1674 4450 περὶ
1709 4379 1916 4452 σπορὰν

349 4472 444 4525 καὶ
475 4473 744 4544 γεωργίαν
769 4473 1148 4544 ἐπιστήμονες,
1175 4473 1223 4525 οἱ
1247 4472 1292 4525 δ’
1335 4472 1630 4544 ἀγελάρχαι
1649 4511 1664 4536 ,
1717 4489 1914 4526 παντο-

343 4561 532 4616 δαπῶν
564 4561 892 4633 θρεμμάτων
921 4561 1212 4632 ἡγεμόνες·
1243 4559 1374 4613 ἔνιοι
1414 4560 1472 4613 δὲ
1507 4562 1684 4644 σμήνη
1737 4561 1917 4632 μελιτ-

345 4652 456 4706 τῶν
501 4653 945 4726 ἐπιτροπεύουσιν
965 4671 980 4684 ο
1006 4652 1153 4708 ἄλλοι
1183 4653 1241 4706 δὲ
1268 4651 1587 4723 δημιουργοὶ
1624 4651 1732 4704 τῶν
1772 4652 1914 4705 κατά

341 4743 542 4814 τέχνας
603 4745 760 4809 εἰσὶν,
819 4745 959 4816 ὑπὲρ
989 4743 1082 4798 τοῦ
1119 4743 1307 4816 μηδὲν,
1367 4737 1442 4796 ὧν
1501 4744 1556 4796 αἱ
1618 4743 1914 4811 ἀναγκαῖαι

344 4835 525 4904 χρεῖαι
557 4832 851 4904 βιάζονται,
884 4833 1108 4887 παθεῖν’
1161 4832 1310 4885 οὐδὲν
1344 4829 1762 4900 ἀναϐαλλόμενοι
1805 4829 1914 4883 τῶν

343 4926 427 4989 είς
474 4926 740 4997 πορισμὸν
781 4925 1116 4980 ἀνυπαίτιον.
1163 4925 1257 4978 Ἐκ
1287 4923 1352 4995 δὴ
1383 4922 1489 4977 τῶν
1516 4921 1689 4986 οὕτως
1725 4921 1914 4991 διαφε-

347 5017 549 5089 ρόντων
581 5017 798 5071 ἕκαστοι
828 5018 918 5071 τὸν
942 5016 1129 5088 μισθὸν
1165 5015 1418 5079 λαϐόντες
1438 5056 1452 5080 ,
1488 5015 1568 5069 ἐνὶ
1603 5014 1804 5067 διδόασι
1834 5011 1914 5085 τῷ

345 5109 768 5181 χειροτονηθέντι
793 5109 966 5180 ταμίᾳ
984 5126 996 5139 ·
1031 5107 1212 5163 λαϐὼν
1239 5108 1283 5161 δ’
1301 5110 1505 5170 ἐκεῖνος
1529 5146 1544 5170 ,
1590 5106 1786 5160 αὐτίκα
1814 5106 1909 5159 τά-

343 5201 592 5238 «nar-‘82"!
615 5201 828 5238 ιῖιιιεῗφηι
875 5201 963 5238 νηὶ
995 5201 1218 5238 τνηηένεο
1252 5200 1458 5238 ῼΜρηῆρ
1500 5197 1778 5238 ἂωθᾶυηυθ.
1817 5196 1909 5238 val

298 5180 595 5304 Δξπιτήδειιέ
615 5201 854 5266 ὠνεῖται,
875 5201 969 5254 καὶ
995 5201 1222 5272 παρέχει
1252 5200 1469 5304 τροφάς
1499 5196 1913 5304 ἀφθόνους,.καὶ

339 5292 511 5346 τᾶλλα
560 5285 634 5346 ὧν
679 5294 708 5345 ὁ
740 5290 1074 5363 ἀνθρώπινος
1116 5291 1228 5361 βίος
1273 5289 1556 5361 χρειώδης.
1611 5290 1675 5342 Oi
1704 5288 1748 5341 δ’
1783 5290 1916 5359 δμο-

340 5384 534 5436 δίαιτοι
571 5383 665 5437 καὶ
704 5382 1068 5454 ὁμοτράπεζοι
1106 5381 1226 5435 καθ’
1261 5382 1496 5452 ἑκάστην
1538 5380 1752 5452 ἡμέραν
1785 5378 1914 5442 sict,

340 5477 455 5537 τοῖς
483 5473 666 5536 αὐτοῖς
709 5472 1116 5542 ἀσμενίζοντες,
1145 5471 1442 5540 ὀλιγοδείας
1468 5471 1714 5542 ἐρασταὶ,
1755 5469 1916 5521 πολυ-

342 5564 576 5628 τέλειαν,
601 5564 677 5627 ὡς
706 5561 884 5633 ψυχῆς
909 5562 1002 5614 καὶ
1024 5561 1271 5632 σώματος
1306 5561 1479 5626 νόσον,
1504 5562 1913 5632 ἐκτρεπόμενοι.

343 5653 515 5726 Κοινὴ
553 5655 597 5708 δ’
629 5655 689 5708 οὐ
741 5651 986 5722 τράπεζα
1039 5652 1219 5723 μόνον,
1272 5653 1406 5706 ἀλλά
1430 5653 1524 5706 καὶ
1545 5652 1708 5724 ἐσθὴς
1729 5653 1910 5716 αὐτοῖς

343 5749 482 5802 ἐστι.
513 5747 837 5819 Ηρόκεινται
867 5747 976 5816 γὰρ
999 5743 1226 5816 χειμῶνι
1251 5746 1356 5816 μὲν
1379 5744 1642 5816 στρυφναὶ
1673 5744 1908 5813 χλαῖναι,

2018 3930 2162 3978 ccetu
2183 3926 2234 3976 in
2259 3924 2478 3994 aliquot
2500 3926 2814 3981 sodalitates
2835 3937 2887 3981 et
2913 3928 3266 3982 contubernia
3285 3928 3598 3996 distributo,

2018 4014 2357 4085 consiliaque
2399 4031 2497 4069 sua
2525 4019 2709 4070 omnia
2742 4017 2797 4070 in
2831 4018 3105 4086 publicum
3149 4026 3204 4071 et
3254 4034 3597 4072 communem

2018 4119 2176 4160 usum
2212 4105 2432 4159 assidua
2481 4120 2646 4174 opera
2676 4114 2731 4160 et
2776 4107 2958 4160 studio
3001 4106 3309 4161 conterunt.
3345 4108 3594 4161 Aliorum

2018 4203 2198 4250 tamen
2227 4195 2332 4249 alia
2358 4195 2646 4263 occupatio
2666 4204 2770 4256 est.
2803 4196 2854 4248 in
2887 4211 3049 4266 quam
3087 4196 3376 4266 diligenter
3409 4208 3464 4252 et
3490 4198 3592 4251 im-

2017 4285 2170 4360 pigre
2193 4303 2355 4342 nemo
2385 4301 2492 4340 non
2525 4287 2809 4352 incumbit,
2843 4293 2903 4340 ut.
2950 4303 3058 4341 non
3094 4289 3256 4342 modo
3281 4303 3456 4357 neque
3483 4289 3594 4348 vim

2018 4381 2260 4453 frigoris,
2300 4396 2475 4449 neque
2507 4389 2720 4445 aestum,
2757 4395 2932 4450 neque
2953 4380 3090 4435 alias
3115 4380 3239 4435 caeli
3265 4381 3594 4436 mutationes

2018 4473 2358 4542 injuriasque
2391 4461 2704 4534 causentur,
2730 4470 2824 4525 sed
2861 4471 3036 4540 ipsum
3071 4485 3290 4540 quoque
3340 4472 3472 4526 solis
3503 4487 3590 4525 or-

2019 4573 2132 4617 tum
2200 4560 2380 4630 operis
2455 4560 2538 4614 sui
2591 4560 2912 4615 tractatione
2958 4569 3329 4628 antevertant,
3391 4562 3592 4630 vixque

2018 4660 2140 4722 post
2164 4666 2422 4706 occasum
2466 4666 2585 4706 sese
2612 4651 2828 4704 tandem
2858 4651 3141 4720 recipiant.
3183 4649 3304 4717 Quo
3351 4663 3594 4721 tempore

2017 4744 2216 4798 lzetitiae
2239 4757 2457 4797 sensum
2475 4757 2582 4812 prae
2605 4757 2663 4797 se
2700 4740 2902 4807 lerunt,
2929 4743 3100 4796 nihilo
3128 4745 3394 4797 minorem
3425 4761 3592 4813 quam

2017 4835 2110 4906 qui
2128 4834 2392 4905 gymnicis
2414 4835 2802 4890 certaminibus
2828 4836 3066 4890 exerceri
3095 4835 3289 4890 solent.
3322 4835 3413 4889 Sic
3445 4837 3591 4890 enim

2017 4925 2346 4996 intelligunt,
2375 4926 2534 4996 longe
2562 4940 2622 4980 se
2653 4941 2775 4980 cum
2807 4925 3058 4979 humanae
3087 4925 3212 4978 vitae
3258 4925 3590 4991 utilioribus,

2018 5026 2132 5072 tum
2154 5017 2342 5072 animo
2371 5018 2533 5073 simul
2570 5025 2624 5072 et
2648 5015 2860 5086 corpori
2893 5015 3309 5086 jucundioribus
3332 5018 3594 5072 exercita-

2024 5109 2263 5164 tionibus
2283 5123 2504 5178 operam
2527 5107 2678 5170 dare,
2711 5107 2821 5162 imo
2869 5107 3053 5171 etiam,
3083 5107 3240 5178 longe
3279 5107 3587 5162 diuturnio-

2014 5197 2186 5263 ribus,
2212 5212 2378 5267 quam
2406 5213 2529 5268 qua
2551 5197 2875 5251 athletarum
2901 5195 3131 5266 propria:
3158 5205 3305 5263 sunt,
3343 5212 3466 5250 cum
3487 5197 3592 5252 illa:

2017 5303 2128 5343 non
2150 5303 2256 5343 una
2279 5303 2402 5344 cum
2433 5288 2607 5358 ipsius
2629 5287 2878 5356 corporis
2899 5286 3032 5340 ﬂore
3063 5295 3422 5341 marcescant.
3453 5284 3590 5342 Nam

2017 5396 2085 5435 ex
2116 5380 2183 5434 iis
2206 5379 2300 5434 alii
2323 5379 2578 5450 agricolae
2615 5385 2764 5442 sunt,
2795 5392 2860 5431 ac
2896 5378 3156 5431 sementis
3200 5375 3484 5442 facienda,
3536 5387 3591 5433 et

2019 5470 2332 5540 subigendae
2353 5477 2509 5524 terrae
2525 5469 2713 5538 periti;
2737 5468 2902 5538 380
2919 5467 3010 5520 alii
3027 5467 3312 5536 pascendis
3337 5469 3591 5539 gregibus

2021 5565 2200 5618 omnis
2230 5563 2447 5632 generis
2470 5575 2688 5630 operam
2717 5560 3036 5628 impendunt
3055 5574 3244 5626 suam;
3273 5560 3395 5614 aliis
3425 5575 3587 5630 apum

2017 5653 2268 5708 examina
2299 5659 2355 5706 et
2381 5650 2616 5706 alvearia
2643 5665 2787 5705 cura:
2811 5659 2973 5711 sunt;
3005 5649 3098 5704 alii
3128 5651 3471 5720 quotidianas
3500 5666 3588 5708 ιι·-

2019 5752 2101 5800 tes
2128 5740 2400 5809 factitant,
2438 5749 2499 5797 ut
2522 5739 2788 5797 molestiis
2823 5741 3098 5809 omnibus,
3123 5757 3260 5811 quas
3273 5741 3468 5798 an‘erre
3487 5757 3587 5799 ne-
