  <div class='ocr_page' id='page_1' title='image "/cluster/home/n/w/nwhite01/storage/ocr_20150623/21:no.3/coo.31924054873017/337.png"; bbox 0 0 4166 6442; ppageno 0'>
   <div class='ocr_carea' id='block_1_1' title="bbox 548 328 3815 405">
    <p class='ocr_par' dir='ltr' id='par_1_1' title="bbox 548 328 3815 405">
     <span class='ocr_line' id='line_1_1' title="bbox 548 328 3815 405; baseline 0.005 -17"><span class='ocrx_word' id='word_1_1' title='bbox 548 331 662 389; x_wconf 57' lang='grc'><strong>683</strong></span> <span class='ocrx_word' id='word_1_2' title='bbox 1192 328 1467 386; x_wconf 79' lang='lat' dir='ltr'><strong>EUSEBII</strong></span> <span class='ocrx_word' id='word_1_3' title='bbox 1503 328 1986 388; x_wconf 59' lang='lat' dir='ltr'><strong>CESARIENSIS</strong></span> <span class='ocrx_word' id='word_1_4' title='bbox 2023 331 2176 388; x_wconf 86' lang='lat' dir='ltr'><strong>OPP.</strong></span> <span class='ocrx_word' id='word_1_5' title='bbox 2216 331 2401 391; x_wconf 74' lang='lat' dir='ltr'><strong>PARS</strong></span> <span class='ocrx_word' id='word_1_6' title='bbox 2437 331 2504 392; x_wconf 84' lang='grc' dir='ltr'><strong>ιι.</strong></span> <span class='ocrx_word' id='word_1_7' title='bbox 2542 364 2613 378; x_wconf 85' lang='lat'><strong>---</strong></span> <span class='ocrx_word' id='word_1_8' title='bbox 2647 336 3156 397; x_wconf 78' lang='lat' dir='ltr'><strong>APOLOGETICA.</strong></span> <span class='ocrx_word' id='word_1_9' title='bbox 3706 348 3815 405; x_wconf 73' lang='grc' dir='ltr'><strong>ιιι</strong></span> 
     </span>
    </p>
   </div>
   <div class='ocr_carea' id='block_1_2' title="bbox 553 450 2198 543">
    <p class='ocr_par' dir='ltr' id='par_1_2' title="bbox 553 450 2198 524">
     <span class='ocr_line' id='line_1_2' title="bbox 553 450 2198 524; baseline 0.002 -17"><span class='ocrx_word' id='word_1_10' title='bbox 553 455 783 508; x_wconf 82' lang='lat' dir='ltr'><strong>cessitas</strong></span> <span class='ocrx_word' id='word_1_11' title='bbox 806 460 860 507; x_wconf 89' lang='lat' dir='ltr'><strong>et</strong></span> <span class='ocrx_word' id='word_1_12' title='bbox 883 451 1062 521; x_wconf 82' lang='lat' dir='ltr'><strong>inopia</strong></span> <span class='ocrx_word' id='word_1_13' title='bbox 1090 450 1250 516; x_wconf 88' lang='lat' dir='ltr'><strong>so‘let,</strong></span> <span class='ocrx_word' id='word_1_14' title='bbox 1266 451 1505 521; x_wconf 81' lang='lat' dir='ltr'><strong>expediti</strong></span> <span class='ocrx_word' id='word_1_15' title='bbox 1522 452 1724 518; x_wconf 81' lang='lat' dir='ltr'><strong>vivant,</strong></span> <span class='ocrx_word' id='word_1_16' title='bbox 1752 452 1998 524; x_wconf 84' lang='lat' dir='ltr'><strong>adeoque</strong></span> <span class='ocrx_word' id='word_1_17' title='bbox 2014 455 2138 510; x_wconf 85' lang='lat' dir='ltr'><strong>nul-</strong></span> <span class='ocrx_word' id='word_1_18' title='bbox 2168 462 2198 517; x_wconf 72' lang='grc' dir='ltr'><strong><em>Α</em></strong></span> 
     </span>
    </p>
   </div>
   <div class='ocr_carea' id='block_1_3' title="bbox 2174 450 3819 543">
    <p class='ocr_par' dir='ltr' id='par_1_3' title="bbox 2174 456 3819 543">
     <span class='ocr_line' id='line_1_3' title="bbox 2174 456 3819 543; baseline 0.009 -34"><span class='ocrx_word' id='word_1_19' title='bbox 2174 462 2215 518; x_wconf 70' lang='grc' dir='ltr'>Α</span> <span class='ocrx_word' id='word_1_20' title='bbox 2242 456 2389 531; x_wconf 79' lang='grc' dir='ltr'>θέρει</span> <span class='ocrx_word' id='word_1_21' title='bbox 2418 458 2464 511; x_wconf 82' lang='grc' dir='ltr'>δ’</span> <span class='ocrx_word' id='word_1_22' title='bbox 2515 458 2778 529; x_wconf 68' lang='grc' dir='ltr'>ἄξωμίδες</span> <span class='ocrx_word' id='word_1_23' title='bbox 2818 462 3085 529; x_wconf 74' lang='grc' dir='ltr'><strong>εὐτελεῖς,</strong></span> <span class='ocrx_word' id='word_1_24' title='bbox 3129 465 3206 527; x_wconf 80' lang='grc' dir='ltr'><strong>ὡς</strong></span> <span class='ocrx_word' id='word_1_25' title='bbox 3229 465 3486 537; x_wconf 80' lang='grc' dir='ltr'>εὐμαρῶς</span> <span class='ocrx_word' id='word_1_26' title='bbox 3517 468 3717 533; x_wconf 74' lang='grc' dir='ltr'>ἐξεῖναι</span> <span class='ocrx_word' id='word_1_27' title='bbox 3741 471 3819 543; x_wconf 77' lang='grc' dir='ltr'>τῷ</span> 
     </span>
    </p>
   </div>
   <div class='ocr_carea' id='block_1_4' title="bbox 553 541 2198 628">
    <p class='ocr_par' dir='ltr' id='par_1_4' title="bbox 553 541 2140 616">
     <span class='ocr_line' id='line_1_4' title="bbox 553 541 2140 616; baseline 0.004 -20"><span class='ocrx_word' id='word_1_28' title='bbox 553 541 660 596; x_wconf 86' lang='lat' dir='ltr'><strong>lam</strong></span> <span class='ocrx_word' id='word_1_29' title='bbox 694 544 916 598; x_wconf 90' lang='lat' dir='ltr'><strong>omnino</strong></span> <span class='ocrx_word' id='word_1_30' title='bbox 943 541 1294 607; x_wconf 72' lang='lat' dir='ltr'><strong>iunctionem,</strong></span> <span class='ocrx_word' id='word_1_31' title='bbox 1325 543 1372 598; x_wconf 91' lang='lat' dir='ltr'><strong>si</strong></span> <span class='ocrx_word' id='word_1_32' title='bbox 1400 543 1561 598; x_wconf 92' lang='lat' dir='ltr'><strong>modo</strong></span> <span class='ocrx_word' id='word_1_33' title='bbox 1604 543 1762 613; x_wconf 92' lang='lat' dir='ltr'><strong>culpa</strong></span> <span class='ocrx_word' id='word_1_34' title='bbox 1816 553 1990 609; x_wconf 85' lang='lat' dir='ltr'><strong>vacet,</strong></span> <span class='ocrx_word' id='word_1_35' title='bbox 2017 562 2140 616; x_wconf 71' lang='lat' dir='ltr'><strong>quae</strong></span> 
     </span>
    </p>
   </div>
   <div class='ocr_carea' id='block_1_5' title="bbox 2173 541 3818 628">
    <p class='ocr_par' dir='ltr' id='par_1_5' title="bbox 2243 541 3818 628">
     <span class='ocr_line' id='line_1_5' title="bbox 2243 541 3818 628; baseline 0.009 -26"><span class='ocrx_word' id='word_1_36' title='bbox 2243 548 2569 622; x_wconf 82' lang='grc' dir='ltr'><strong>βουλομένῳ,</strong></span> <span class='ocrx_word' id='word_1_37' title='bbox 2628 551 2694 622; x_wconf 70' lang='grc' dir='ltr'>ἢν</span> <span class='ocrx_word' id='word_1_38' title='bbox 2751 551 2818 605; x_wconf 87' lang='grc' dir='ltr'>ἂν</span> <span class='ocrx_word' id='word_1_39' title='bbox 2852 552 3117 623; x_wconf 83' lang='grc' dir='ltr'>ὲθελὴσοι,</span> <span class='ocrx_word' id='word_1_40' title='bbox 3174 555 3380 618; x_wconf 72' lang='grc' dir='ltr'>λαϐεῖν,</span> <span class='ocrx_word' id='word_1_41' title='bbox 3413 557 3603 628; x_wconf 81' lang='grc' dir='ltr'>ἐπειδὴ</span> <span class='ocrx_word' id='word_1_42' title='bbox 3626 560 3722 612; x_wconf 78' lang='grc' dir='ltr'>καὶ</span> <span class='ocrx_word' id='word_1_43' title='bbox 3750 541 3818 616; x_wconf 78' lang='grc' dir='ltr'><strong>τά</strong></span> 
     </span>
    </p>
   </div>
   <div class='ocr_carea' id='block_1_6' title="bbox 552 633 2197 724">
    <p class='ocr_par' dir='ltr' id='par_1_6' title="bbox 552 633 2133 700">
     <span class='ocr_line' id='line_1_6' title="bbox 552 633 2133 700; baseline 0.004 -13"><span class='ocrx_word' id='word_1_44' title='bbox 552 633 620 687; x_wconf 91' lang='lat' dir='ltr'><strong>ad</strong></span> <span class='ocrx_word' id='word_1_45' title='bbox 653 634 903 688; x_wconf 79' lang='lat' dir='ltr'><strong>tuendam</strong></span> <span class='ocrx_word' id='word_1_46' title='bbox 958 634 1123 688; x_wconf 91' lang='lat' dir='ltr'><strong>vitam</strong></span> <span class='ocrx_word' id='word_1_47' title='bbox 1174 634 1462 689; x_wconf 89' lang='lat' dir='ltr'><strong>commoda</strong></span> <span class='ocrx_word' id='word_1_48' title='bbox 1492 634 1581 700; x_wconf 84' lang='lat' dir='ltr'><strong>sit,</strong></span> <span class='ocrx_word' id='word_1_49' title='bbox 1616 635 1770 691; x_wconf 90' lang='lat' dir='ltr'><strong>obire</strong></span> <span class='ocrx_word' id='word_1_50' title='bbox 1810 635 2133 694; x_wconf 69' lang='lat' dir='ltr'><strong>detrectant.</strong></span> 
     </span>
    </p>
   </div>
   <div class='ocr_carea' id='block_1_7' title="bbox 2170 633 3815 724">
    <p class='ocr_par' dir='ltr' id='par_1_7' title="bbox 2238 642 3815 724">
     <span class='ocr_line' id='line_1_7' title="bbox 2238 642 3815 724; baseline 0.006 -29"><span class='ocrx_word' id='word_1_51' title='bbox 2238 642 2356 706; x_wconf 74' lang='grc' dir='ltr'>ἐνὸς</span> <span class='ocrx_word' id='word_1_52' title='bbox 2387 642 2658 705; x_wconf 80' lang='grc' dir='ltr'>ἁπάντων,</span> <span class='ocrx_word' id='word_1_53' title='bbox 2689 643 2784 696; x_wconf 78' lang='grc' dir='ltr'>καὶ</span> <span class='ocrx_word' id='word_1_54' title='bbox 2817 644 2883 698; x_wconf 78' lang='grc' dir='ltr'><strong>τά</strong></span> <span class='ocrx_word' id='word_1_55' title='bbox 2904 646 3144 708; x_wconf 85' lang='grc' dir='ltr'>πάντων,</span> <span class='ocrx_word' id='word_1_56' title='bbox 3178 647 3412 717; x_wconf 78' lang='grc' dir='ltr'>ἔμπαλιν</span> <span class='ocrx_word' id='word_1_57' title='bbox 3438 649 3554 712; x_wconf 67' lang='grc' dir='ltr'>ἑνὸς</span> <span class='ocrx_word' id='word_1_58' title='bbox 3593 651 3815 724; x_wconf 87' lang='grc' dir='ltr'>ὑπείλη-</span> 
     </span>
    </p>
   </div>
   <div class='ocr_carea' id='block_1_8' title="bbox 549 721 2194 811">
    <p class='ocr_par' dir='ltr' id='par_1_8' title="bbox 549 721 2138 797">
     <span class='ocr_line' id='line_1_8' title="bbox 549 721 2138 797; baseline 0.004 -18"><span class='ocrx_word' id='word_1_59' title='bbox 549 721 670 779; x_wconf 77' lang='lat' dir='ltr'><strong>Iam</strong></span> <span class='ocrx_word' id='word_1_60' title='bbox 718 724 982 793; x_wconf 78' lang='lat' dir='ltr'><strong>quidquid</strong></span> <span class='ocrx_word' id='word_1_61' title='bbox 1016 726 1215 797; x_wconf 76' lang='lat' dir='ltr'><strong>singuli</strong></span> <span class='ocrx_word' id='word_1_62' title='bbox 1271 741 1336 779; x_wconf 79' lang='lat' dir='ltr'><strong>ex</strong></span> <span class='ocrx_word' id='word_1_63' title='bbox 1388 736 1537 780; x_wconf 90' lang='lat' dir='ltr'><strong>tanta</strong></span> <span class='ocrx_word' id='word_1_64' title='bbox 1587 742 1816 797; x_wconf 87' lang='lat' dir='ltr'><strong>operum</strong></span> <span class='ocrx_word' id='word_1_65' title='bbox 1877 730 2138 786; x_wconf 82' lang='lat' dir='ltr'><strong>varietate</strong></span> 
     </span>
    </p>
   </div>
   <div class='ocr_carea' id='block_1_9' title="bbox 2173 721 3818 811">
    <p class='ocr_par' dir='ltr' id='par_1_9' title="bbox 2236 735 3818 811">
     <span class='ocr_line' id='line_1_9' title="bbox 2236 735 3818 811; baseline 0.008 -24"><span class='ocrx_word' id='word_1_66' title='bbox 2236 751 2388 788; x_wconf 89' lang='grc' dir='ltr'>πται.</span> <span class='ocrx_word' id='word_1_67' title='bbox 2422 736 2533 791; x_wconf 76' lang='grc' dir='ltr'>Καὶ</span> <span class='ocrx_word' id='word_1_68' title='bbox 2562 736 2671 808; x_wconf 81' lang='grc' dir='ltr'>μὴν</span> <span class='ocrx_word' id='word_1_69' title='bbox 2697 735 2752 789; x_wconf 83' lang='grc' dir='ltr'>εἴ</span> <span class='ocrx_word' id='word_1_70' title='bbox 2775 754 2861 800; x_wconf 90' lang='grc' dir='ltr'><strong>τις</strong></span> <span class='ocrx_word' id='word_1_71' title='bbox 2879 738 3058 791; x_wconf 76' lang='grc' dir='ltr'>αὐτῶν</span> <span class='ocrx_word' id='word_1_72' title='bbox 3078 738 3451 811; x_wconf 79' lang='grc' dir='ltr'><strong>ἀσθενήσειεν,</strong></span> <span class='ocrx_word' id='word_1_73' title='bbox 3484 743 3548 796; x_wconf 83' lang='grc' dir='ltr'>ὲκ</span> <span class='ocrx_word' id='word_1_74' title='bbox 3579 743 3688 797; x_wconf 84' lang='grc' dir='ltr'><strong>τῶν</strong></span> <span class='ocrx_word' id='word_1_75' title='bbox 3712 762 3818 799; x_wconf 87' lang='grc' dir='ltr'>κοι-</span> 
     </span>
    </p>
   </div>
   <div class='ocr_carea' id='block_1_10' title="bbox 549 814 2194 900">
    <p class='ocr_par' dir='ltr' id='par_1_10' title="bbox 549 814 2136 889">
     <span class='ocr_line' id='line_1_10' title="bbox 549 814 2136 889; baseline 0.006 -23"><span class='ocrx_word' id='word_1_76' title='bbox 549 814 709 884; x_wconf 88' lang='lat' dir='ltr'><strong>pretii</strong></span> <span class='ocrx_word' id='word_1_77' title='bbox 753 815 1083 883; x_wconf 88' lang='lat' dir='ltr'><strong>acceperint,</strong></span> <span class='ocrx_word' id='word_1_78' title='bbox 1119 815 1168 869; x_wconf 90' lang='lat' dir='ltr'><strong>id</strong></span> <span class='ocrx_word' id='word_1_79' title='bbox 1202 824 1374 869; x_wconf 89' lang='lat' dir='ltr'><strong>totum</strong></span> <span class='ocrx_word' id='word_1_80' title='bbox 1422 816 1810 871; x_wconf 89' lang='lat' dir='ltr'><strong>communibus</strong></span> <span class='ocrx_word' id='word_1_81' title='bbox 1860 817 2136 889; x_wconf 76' lang='lat' dir='ltr'><strong>sttﬂ&#39;ragiis</strong></span> 
     </span>
    </p>
   </div>
   <div class='ocr_carea' id='block_1_11' title="bbox 2190 814 3835 900">
    <p class='ocr_par' dir='ltr' id='par_1_11' title="bbox 2235 825 3835 900">
     <span class='ocr_line' id='line_1_11' title="bbox 2235 825 3835 900; baseline 0.008 -22"><span class='ocrx_word' id='word_1_82' title='bbox 2235 825 2342 879; x_wconf 82' lang='grc' dir='ltr'><strong>νῶν</strong></span> <span class='ocrx_word' id='word_1_83' title='bbox 2364 827 2729 899; x_wconf 87' lang='grc' dir='ltr'>νοσηλεύεται,</span> <span class='ocrx_word' id='word_1_84' title='bbox 2761 828 3192 900; x_wconf 75' lang='grc' dir='ltr'><strong>θεραπευόμενος</strong></span> <span class='ocrx_word' id='word_1_85' title='bbox 3230 835 3349 897; x_wconf 87' lang='grc' dir='ltr'>ταῖς</span> <span class='ocrx_word' id='word_1_86' title='bbox 3390 834 3644 889; x_wconf 80' lang='grc' dir='ltr'>ἁπάντων</span> <span class='ocrx_word' id='word_1_87' title='bbox 3697 836 3835 890; x_wconf 69' lang='grc' dir='ltr'>ἐπι-³</span> 
     </span>
    </p>
   </div>
   <div class='ocr_carea' id='block_1_12' title="bbox 548 909 2193 994">
    <p class='ocr_par' dir='ltr' id='par_1_12' title="bbox 548 909 2133 978">
     <span class='ocr_line' id='line_1_12' title="bbox 548 909 2133 978; baseline 0.002 -13"><span class='ocrx_word' id='word_1_88' title='bbox 548 917 733 965; x_wconf 80' lang='lat' dir='ltr'><strong>creato</strong></span> <span class='ocrx_word' id='word_1_89' title='bbox 767 911 1020 978; x_wconf 70' lang='lat' dir='ltr'><strong>quaestori</strong></span> <span class='ocrx_word' id='word_1_90' title='bbox 1056 909 1279 964; x_wconf 87' lang='lat' dir='ltr'><strong>tradunt</strong></span> <span class='ocrx_word' id='word_1_91' title='bbox 1314 911 1368 964; x_wconf 93' lang='lat' dir='ltr'><strong>in</strong></span> <span class='ocrx_word' id='word_1_92' title='bbox 1400 926 1616 966; x_wconf 86' lang='lat' dir='ltr'><strong>manus.</strong></span> <span class='ocrx_word' id='word_1_93' title='bbox 1652 910 1815 978; x_wconf 83' lang='lat' dir='ltr'><strong>Quod</strong></span> <span class='ocrx_word' id='word_1_94' title='bbox 1864 913 1954 969; x_wconf 91' lang='lat' dir='ltr'><strong>ille</strong></span> <span class='ocrx_word' id='word_1_95' title='bbox 1995 929 2133 969; x_wconf 90' lang='lat' dir='ltr'><strong>con-</strong></span> 
     </span>
    </p>
   </div>
   <div class='ocr_carea' id='block_1_13' title="bbox 2168 909 3813 994">
    <p class='ocr_par' dir='ltr' id='par_1_13' title="bbox 2237 918 3813 994">
     <span class='ocr_line' id='line_1_13' title="bbox 2237 918 3813 994; baseline 0.006 -24"><span class='ocrx_word' id='word_1_96' title='bbox 2237 918 2477 989; x_wconf 86' lang='grc' dir='ltr'>μελείαις</span> <span class='ocrx_word' id='word_1_97' title='bbox 2506 920 2599 972; x_wconf 73' lang='lat' dir='ltr'><strong>xai.</strong></span> <span class='ocrx_word' id='word_1_98' title='bbox 2632 920 2926 990; x_wconf 83' lang='grc' dir='ltr'>φροντίσιν.</span> <span class='ocrx_word' id='word_1_99' title='bbox 2971 921 3031 973; x_wconf 84' lang='grc' dir='ltr'><strong>Οἱ</strong></span> <span class='ocrx_word' id='word_1_100' title='bbox 3068 920 3125 974; x_wconf 79' lang='grc' dir='ltr'>δὲ</span> <span class='ocrx_word' id='word_1_101' title='bbox 3163 922 3229 992; x_wconf 81' lang='grc' dir='ltr'>δὴ</span> <span class='ocrx_word' id='word_1_102' title='bbox 3271 923 3592 994; x_wconf 75' lang='grc' dir='ltr'>πρεσϐῦται,</span> <span class='ocrx_word' id='word_1_103' title='bbox 3627 925 3731 979; x_wconf 82' lang='grc' dir='ltr'>κᾶν</span> <span class='ocrx_word' id='word_1_104' title='bbox 3764 928 3813 981; x_wconf 75' lang='grc' dir='ltr'><strong>ει</strong></span> 
     </span>
    </p>
   </div>
   <div class='ocr_carea' id='block_1_14' title="bbox 546 999 2191 1085">
    <p class='ocr_par' dir='ltr' id='par_1_14' title="bbox 546 999 2133 1075">
     <span class='ocr_line' id='line_1_14' title="bbox 546 999 2133 1075; baseline 0.005 -23"><span class='ocrx_word' id='word_1_105' title='bbox 546 999 704 1053; x_wconf 85' lang='lat' dir='ltr'><strong>tinuo</strong></span> <span class='ocrx_word' id='word_1_106' title='bbox 738 1000 791 1053; x_wconf 93' lang='lat' dir='ltr'><strong>in</strong></span> <span class='ocrx_word' id='word_1_107' title='bbox 818 1004 1142 1056; x_wconf 81' lang='lat' dir='ltr'><strong>necessariis</strong></span> <span class='ocrx_word' id='word_1_108' title='bbox 1162 1003 1478 1057; x_wconf 83' lang='lat' dir='ltr'><strong>coemendis</strong></span> <span class='ocrx_word' id='word_1_109' title='bbox 1495 1004 1772 1072; x_wconf 82' lang='lat' dir='ltr'><strong>expendit,</strong></span> <span class='ocrx_word' id='word_1_110' title='bbox 1796 1020 2028 1075; x_wconf 67' lang='lat' dir='ltr'><strong>quaeque</strong></span> <span class='ocrx_word' id='word_1_111' title='bbox 2049 1004 2133 1060; x_wconf 86' lang='lat' dir='ltr'><strong>vel</strong></span> 
     </span>
    </p>
   </div>
   <div class='ocr_carea' id='block_1_15' title="bbox 2168 999 3813 1085">
    <p class='ocr_par' dir='ltr' id='par_1_15' title="bbox 2230 1009 3813 1085">
     <span class='ocr_line' id='line_1_15' title="bbox 2230 1009 3813 1085; baseline 0.005 -22"><span class='ocrx_word' id='word_1_112' title='bbox 2230 1009 2445 1079; x_wconf 82' lang='grc' dir='ltr'>τύχοιεν</span> <span class='ocrx_word' id='word_1_113' title='bbox 2476 1010 2710 1072; x_wconf 78' lang='grc' dir='ltr'>ἄτεκνοι,</span> <span class='ocrx_word' id='word_1_114' title='bbox 2746 1010 2995 1083; x_wconf 85' lang='grc' dir='ltr'>καθάπερ</span> <span class='ocrx_word' id='word_1_115' title='bbox 3013 1013 3074 1066; x_wconf 85' lang='grc' dir='ltr'><strong>οὑ</strong></span> <span class='ocrx_word' id='word_1_116' title='bbox 3103 1012 3427 1081; x_wconf 84' lang='grc' dir='ltr'>πολύπαιδες</span> <span class='ocrx_word' id='word_1_117' title='bbox 3461 1016 3642 1085; x_wconf 86' lang='grc' dir='ltr'>μόνον,</span> <span class='ocrx_word' id='word_1_118' title='bbox 3676 1018 3813 1072; x_wconf 86' lang='grc' dir='ltr'>άλλά</span> 
     </span>
    </p>
   </div>
   <div class='ocr_carea' id='block_1_16' title="bbox 542 1092 2187 1179">
    <p class='ocr_par' dir='ltr' id='par_1_16' title="bbox 542 1092 2133 1168">
     <span class='ocr_line' id='line_1_16' title="bbox 542 1092 2133 1168; baseline 0.005 -22"><span class='ocrx_word' id='word_1_119' title='bbox 542 1092 614 1146; x_wconf 83' lang='lat' dir='ltr'><strong>ad</strong></span> <span class='ocrx_word' id='word_1_120' title='bbox 646 1093 916 1163; x_wconf 86' lang='lat' dir='ltr'><strong>reliquum</strong></span> <span class='ocrx_word' id='word_1_121' title='bbox 950 1095 1203 1150; x_wconf 66' lang='lat' dir='ltr'><strong>humante</strong></span> <span class='ocrx_word' id='word_1_122' title='bbox 1236 1095 1360 1149; x_wconf 76' lang='lat' dir='ltr'><strong>vita:</strong></span> <span class='ocrx_word' id='word_1_123' title='bbox 1402 1106 1774 1151; x_wconf 81' lang='lat' dir='ltr'><strong>commeatum</strong></span> <span class='ocrx_word' id='word_1_124' title='bbox 1820 1113 1959 1168; x_wconf 92' lang='lat' dir='ltr'><strong>opus</strong></span> <span class='ocrx_word' id='word_1_125' title='bbox 2014 1097 2133 1154; x_wconf 79' lang='lat' dir='ltr'><strong>fue-</strong></span> 
     </span>
    </p>
   </div>
   <div class='ocr_carea' id='block_1_17' title="bbox 2167 1092 3812 1179">
    <p class='ocr_par' dir='ltr' id='par_1_17' title="bbox 2230 1100 3812 1179">
     <span class='ocr_line' id='line_1_17' title="bbox 2230 1100 3812 1179; baseline 0.006 -25"><span class='ocrx_word' id='word_1_126' title='bbox 2230 1100 2328 1154; x_wconf 72' lang='grc' dir='ltr'>καὶ</span> <span class='ocrx_word' id='word_1_127' title='bbox 2357 1101 2561 1171; x_wconf 83' lang='grc' dir='ltr'>σφόδρα</span> <span class='ocrx_word' id='word_1_128' title='bbox 2583 1100 2856 1164; x_wconf 78' lang='grc' dir='ltr'>εὖπαιδες,</span> <span class='ocrx_word' id='word_1_129' title='bbox 2878 1104 2936 1154; x_wconf 78' lang='grc' dir='ltr'>ἐν</span> <span class='ocrx_word' id='word_1_130' title='bbox 2961 1103 3341 1175; x_wconf 76' lang='grc' dir='ltr'><strong>εὐτυχεστάτῳ</strong></span> <span class='ocrx_word' id='word_1_131' title='bbox 3374 1107 3467 1159; x_wconf 83' lang='grc' dir='ltr'>καὶ</span> <span class='ocrx_word' id='word_1_132' title='bbox 3502 1107 3812 1179; x_wconf 87' lang='grc' dir='ltr'>λιπαρωτά-</span> 
     </span>
    </p>
   </div>
   <div class='ocr_carea' id='block_1_18' title="bbox 541 1183 2186 1264">
    <p class='ocr_par' dir='ltr' id='par_1_18' title="bbox 541 1183 2131 1261">
     <span class='ocr_line' id='line_1_18' title="bbox 541 1183 2131 1261; baseline 0.004 -22"><span class='ocrx_word' id='word_1_133' title='bbox 541 1183 677 1248; x_wconf 87' lang='lat' dir='ltr'><strong>rint,</strong></span> <span class='ocrx_word' id='word_1_134' title='bbox 726 1185 933 1255; x_wconf 74' lang='lat' dir='ltr'><strong>prolixe</strong></span> <span class='ocrx_word' id='word_1_135' title='bbox 970 1188 1297 1257; x_wconf 85' lang='lat' dir='ltr'><strong>suppeditat.</strong></span> <span class='ocrx_word' id='word_1_136' title='bbox 1348 1187 1527 1258; x_wconf 83' lang='lat' dir='ltr'><strong>Atque</strong></span> <span class='ocrx_word' id='word_1_137' title='bbox 1550 1188 1623 1243; x_wconf 91' lang='lat' dir='ltr'><strong>illi</strong></span> <span class='ocrx_word' id='word_1_138' title='bbox 1648 1191 1839 1244; x_wconf 87' lang='lat' dir='ltr'><strong>eodem</strong></span> <span class='ocrx_word' id='word_1_139' title='bbox 1884 1191 2131 1261; x_wconf 90' lang='lat' dir='ltr'><strong>quotidie</strong></span> 
     </span>
    </p>
   </div>
   <div class='ocr_carea' id='block_1_19' title="bbox 2165 1183 3810 1264">
    <p class='ocr_par' dir='ltr' id='par_1_19' title="bbox 2228 1192 3810 1264">
     <span class='ocr_line' id='line_1_19' title="bbox 2228 1192 3810 1264; baseline 0.005 -18"><span class='ocrx_word' id='word_1_140' title='bbox 2228 1209 2308 1263; x_wconf 80' lang='grc' dir='ltr'>τῳ</span> <span class='ocrx_word' id='word_1_141' title='bbox 2338 1194 2485 1264; x_wconf 72' lang='grc' dir='ltr'>γήρᾳ</span> <span class='ocrx_word' id='word_1_142' title='bbox 2515 1193 2606 1246; x_wconf 77' lang='grc' dir='ltr'><strong>τὸν</strong></span> <span class='ocrx_word' id='word_1_143' title='bbox 2647 1193 2759 1263; x_wconf 87' lang='grc' dir='ltr'>βίον</span> <span class='ocrx_word' id='word_1_144' title='bbox 2800 1192 3022 1247; x_wconf 82' lang='grc' dir='ltr'>εἰώθασι</span> <span class='ocrx_word' id='word_1_145' title='bbox 3050 1195 3358 1260; x_wconf 80' lang='grc' dir='ltr'><strong>καταλύειν,</strong></span> <span class='ocrx_word' id='word_1_146' title='bbox 3400 1197 3505 1251; x_wconf 81' lang='grc' dir='ltr'><strong>ὑπὸ</strong></span> <span class='ocrx_word' id='word_1_147' title='bbox 3540 1200 3810 1254; x_wconf 73' lang='grc' dir='ltr'>τοσούτων</span> 
     </span>
    </p>
   </div>
   <div class='ocr_carea' id='block_1_20' title="bbox 535 1273 2180 1364">
    <p class='ocr_par' dir='ltr' id='par_1_20' title="bbox 535 1273 2126 1349">
     <span class='ocr_line' id='line_1_20' title="bbox 535 1273 2126 1349; baseline 0.004 -17"><span class='ocrx_word' id='word_1_148' title='bbox 535 1276 668 1333; x_wconf 73' lang='lat' dir='ltr'><strong>cibo</strong></span> <span class='ocrx_word' id='word_1_149' title='bbox 701 1279 1089 1349; x_wconf 83' lang='lat' dir='ltr'><strong>communique</strong></span> <span class='ocrx_word' id='word_1_150' title='bbox 1106 1295 1291 1333; x_wconf 86' lang='lat' dir='ltr'><strong>mensa</strong></span> <span class='ocrx_word' id='word_1_151' title='bbox 1313 1289 1560 1344; x_wconf 88' lang='lat' dir='ltr'><strong>utttutur,</strong></span> <span class='ocrx_word' id='word_1_152' title='bbox 1590 1290 1645 1335; x_wconf 89' lang='lat' dir='ltr'><strong>et</strong></span> <span class='ocrx_word' id='word_1_153' title='bbox 1665 1273 1843 1337; x_wconf 81' lang='lat' dir='ltr'><strong>victus</strong></span> <span class='ocrx_word' id='word_1_154' title='bbox 1868 1283 2126 1338; x_wconf 84' lang='lat' dir='ltr'><strong>similitu-</strong></span> 
     </span>
    </p>
   </div>
   <div class='ocr_carea' id='block_1_21' title="bbox 2160 1273 3805 1364">
    <p class='ocr_par' dir='ltr' id='par_1_21' title="bbox 2229 1284 3805 1364">
     <span class='ocr_line' id='line_1_21' title="bbox 2229 1284 3805 1364; baseline 0.005 -28"><span class='ocrx_word' id='word_1_155' title='bbox 2229 1285 2534 1355; x_wconf 85' lang='grc' dir='ltr'>προνυμίας</span> <span class='ocrx_word' id='word_1_156' title='bbox 2566 1297 2593 1326; x_wconf 77' lang='grc' dir='ltr'>ι</span> <span class='ocrx_word' id='word_1_157' title='bbox 2625 1284 2932 1357; x_wconf 74' lang='grc' dir='ltr'>ἀξιούμενα</span> <span class='ocrx_word' id='word_1_158' title='bbox 2969 1287 3059 1341; x_wconf 79' lang='grc' dir='ltr'><strong>καὶ</strong></span> <span class='ocrx_word' id='word_1_159' title='bbox 3099 1288 3298 1359; x_wconf 79' lang='grc' dir='ltr'>τιμῆς,</span> <span class='ocrx_word' id='word_1_160' title='bbox 3341 1290 3572 1359; x_wconf 74' lang='grc' dir='ltr'>ἑκουσίῳ</span> <span class='ocrx_word' id='word_1_161' title='bbox 3615 1291 3805 1364; x_wconf 79' lang='grc' dir='ltr'>γνώμῃ</span> 
     </span>
    </p>
   </div>
   <div class='ocr_carea' id='block_1_22' title="bbox 540 1370 2185 1448">
    <p class='ocr_par' dir='ltr' id='par_1_22' title="bbox 540 1370 2122 1446">
     <span class='ocr_line' id='line_1_22' title="bbox 540 1370 2122 1446; baseline 0.004 -21"><span class='ocrx_word' id='word_1_162' title='bbox 540 1370 670 1426; x_wconf 89' lang='lat' dir='ltr'><strong>dine</strong></span> <span class='ocrx_word' id='word_1_163' title='bbox 693 1370 942 1426; x_wconf 80' lang='lat' dir='ltr'><strong>delectati</strong></span> <span class='ocrx_word' id='word_1_164' title='bbox 986 1371 1349 1443; x_wconf 81' lang='lat' dir='ltr'><strong>frugalitatem</strong></span> <span class='ocrx_word' id='word_1_165' title='bbox 1390 1382 1596 1437; x_wconf 89' lang='lat' dir='ltr'><strong>amant,</strong></span> <span class='ocrx_word' id='word_1_166' title='bbox 1634 1374 1824 1428; x_wconf 70' lang='lat' dir='ltr'><strong>luxum</strong></span> <span class='ocrx_word' id='word_1_167' title='bbox 1864 1386 2122 1446; x_wconf 79' lang='lat' dir='ltr'><strong>tanquam</strong></span> 
     </span>
    </p>
   </div>
   <div class='ocr_carea' id='block_1_23' title="bbox 2161 1370 3806 1448">
    <p class='ocr_par' dir='ltr' id='par_1_23' title="bbox 2230 1370 3806 1448">
     <span class='ocr_line' id='line_1_23' title="bbox 2230 1370 3806 1448; baseline 0.008 -27"><span class='ocrx_word' id='word_1_168' title='bbox 2230 1370 2430 1440; x_wconf 81' lang='grc' dir='ltr'>μᾶλλον</span> <span class='ocrx_word' id='word_1_169' title='bbox 2461 1371 2493 1442; x_wconf 82' lang='grc' dir='ltr'>ἦ</span> <span class='ocrx_word' id='word_1_170' title='bbox 2522 1372 2736 1440; x_wconf 79' lang='grc' dir='ltr'>φύσεως</span> <span class='ocrx_word' id='word_1_171' title='bbox 2760 1375 2973 1446; x_wconf 82' lang='grc' dir='ltr'>ἀνάγκῃ</span> <span class='ocrx_word' id='word_1_172' title='bbox 2997 1374 3320 1448; x_wconf 83' lang='grc' dir='ltr'>θεραπεύειν</span> <span class='ocrx_word' id='word_1_173' title='bbox 3343 1377 3656 1442; x_wconf 80' lang='grc' dir='ltr'>ἀξιούντων.</span> <span class='ocrx_word' id='word_1_174' title='bbox 3684 1382 3806 1434; x_wconf 82' lang='grc' dir='ltr'>Ἔτι</span> 
     </span>
    </p>
   </div>
   <div class='ocr_carea' id='block_1_24' title="bbox 540 1463 2185 1543">
    <p class='ocr_par' dir='ltr' id='par_1_24' title="bbox 540 1463 2123 1538">
     <span class='ocr_line' id='line_1_24' title="bbox 540 1463 2123 1538; baseline 0.002 -19"><span class='ocrx_word' id='word_1_175' title='bbox 540 1463 709 1519; x_wconf 81' lang='lat' dir='ltr'><strong>animi</strong></span> <span class='ocrx_word' id='word_1_176' title='bbox 726 1463 1081 1533; x_wconf 88' lang='lat' dir='ltr'><strong>corporisque</strong></span> <span class='ocrx_word' id='word_1_177' title='bbox 1097 1474 1301 1534; x_wconf 86' lang='lat' dir='ltr'><strong>pestem</strong></span> <span class='ocrx_word' id='word_1_178' title='bbox 1321 1465 1999 1538; x_wconf 87' lang='lat' dir='ltr'><strong>aversantur.Quanquam</strong></span> <span class='ocrx_word' id='word_1_179' title='bbox 2017 1483 2123 1523; x_wconf 88' lang='lat' dir='ltr'><strong>non</strong></span> 
     </span>
    </p>
   </div>
   <div class='ocr_carea' id='block_1_25' title="bbox 2159 1463 3804 1543">
    <p class='ocr_par' dir='ltr' id='par_1_25' title="bbox 2223 1463 3804 1543">
     <span class='ocr_line' id='line_1_25' title="bbox 2223 1463 3804 1543; baseline 0.008 -28"><span class='ocrx_word' id='word_1_180' title='bbox 2223 1463 2422 1529; x_wconf 79' lang='grc' dir='ltr'>τοίνυν,</span> <span class='ocrx_word' id='word_1_181' title='bbox 2445 1465 2583 1537; x_wconf 80' lang='grc' dir='ltr'>ὅπερ</span> <span class='ocrx_word' id='word_1_182' title='bbox 2605 1465 2638 1536; x_wconf 84' lang='grc' dir='ltr'>ἢ</span> <span class='ocrx_word' id='word_1_183' title='bbox 2674 1467 2833 1536; x_wconf 79' lang='grc' dir='ltr'>μόνον</span> <span class='ocrx_word' id='word_1_184' title='bbox 2860 1466 2893 1538; x_wconf 82' lang='grc' dir='ltr'>ἢ</span> <span class='ocrx_word' id='word_1_185' title='bbox 2922 1468 3157 1539; x_wconf 87' lang='grc' dir='ltr'>μάλιστα</span> <span class='ocrx_word' id='word_1_186' title='bbox 3176 1468 3274 1539; x_wconf 78' lang='grc' dir='ltr'>τὴν</span> <span class='ocrx_word' id='word_1_187' title='bbox 3305 1471 3589 1525; x_wconf 78' lang='grc' dir='ltr'>κοινωνίαν</span> <span class='ocrx_word' id='word_1_188' title='bbox 3613 1472 3804 1543; x_wconf 72' lang='grc' dir='ltr'>ἔμελλε</span> 
     </span>
    </p>
   </div>
   <div class='ocr_carea' id='block_1_26' title="bbox 538 1553 2183 1634">
    <p class='ocr_par' dir='ltr' id='par_1_26' title="bbox 538 1555 2125 1626">
     <span class='ocr_line' id='line_1_26' title="bbox 538 1555 2125 1626; baseline 0.004 -17"><span class='ocrx_word' id='word_1_189' title='bbox 538 1555 727 1610; x_wconf 84' lang='lat' dir='ltr'><strong>minus</strong></span> <span class='ocrx_word' id='word_1_190' title='bbox 755 1555 898 1624; x_wconf 88' lang='lat' dir='ltr'><strong>apud</strong></span> <span class='ocrx_word' id='word_1_191' title='bbox 930 1570 1027 1612; x_wconf 90' lang='lat' dir='ltr'><strong>eos</strong></span> <span class='ocrx_word' id='word_1_192' title='bbox 1057 1556 1288 1612; x_wconf 81' lang='lat' dir='ltr'><strong>vestium</strong></span> <span class='ocrx_word' id='word_1_193' title='bbox 1318 1566 1421 1620; x_wconf 88' lang='lat' dir='ltr'><strong>est,</strong></span> <span class='ocrx_word' id='word_1_194' title='bbox 1450 1573 1615 1626; x_wconf 86' lang='lat' dir='ltr'><strong>quam</strong></span> <span class='ocrx_word' id='word_1_195' title='bbox 1648 1574 1851 1614; x_wconf 72' lang='lat' dir='ltr'><strong>mensae</strong></span> <span class='ocrx_word' id='word_1_196' title='bbox 1875 1575 2125 1614; x_wconf 81' lang='lat' dir='ltr'><strong>commu-</strong></span> 
     </span>
    </p>
   </div>
   <div class='ocr_carea' id='block_1_27' title="bbox 2160 1553 3805 1634">
    <p class='ocr_par' dir='ltr' id='par_1_27' title="bbox 2221 1553 3805 1634">
     <span class='ocr_line' id='line_1_27' title="bbox 2221 1553 3805 1634; baseline 0.007 -26"><span class='ocrx_word' id='word_1_197' title='bbox 2221 1553 2934 1630; x_wconf 69' lang='grc' dir='ltr'>διαλύειννόξυδερκέστερον</span> <span class='ocrx_word' id='word_1_198' title='bbox 2962 1560 3180 1624; x_wconf 84' lang='grc' dir='ltr'>ἰδόντες,</span> <span class='ocrx_word' id='word_1_199' title='bbox 3208 1560 3385 1630; x_wconf 81' lang='grc' dir='ltr'>γάμον</span> <span class='ocrx_word' id='word_1_200' title='bbox 3414 1564 3805 1634; x_wconf 79' lang='grc' dir='ltr'>παρῃτήσαντο</span> 
     </span>
    </p>
   </div>
   <div class='ocr_carea' id='block_1_28' title="bbox 537 1642 2182 1724">
    <p class='ocr_par' dir='ltr' id='par_1_28' title="bbox 537 1646 2123 1707">
     <span class='ocr_line' id='line_1_28' title="bbox 537 1646 2123 1707; baseline 0.003 -5"><span class='ocrx_word' id='word_1_201' title='bbox 537 1648 654 1702; x_wconf 92' lang='lat' dir='ltr'><strong>nio.</strong></span> <span class='ocrx_word' id='word_1_202' title='bbox 678 1646 814 1703; x_wconf 83' lang='lat' dir='ltr'><strong>Nam</strong></span> <span class='ocrx_word' id='word_1_203' title='bbox 857 1650 1035 1704; x_wconf 86' lang='lat' dir='ltr'><strong>hieme</strong></span> <span class='ocrx_word' id='word_1_204' title='bbox 1056 1650 1282 1704; x_wconf 82' lang='lat' dir='ltr'><strong>hirsutis</strong></span> <span class='ocrx_word' id='word_1_205' title='bbox 1306 1666 1370 1705; x_wconf 91' lang='lat' dir='ltr'><strong>ac</strong></span> <span class='ocrx_word' id='word_1_206' title='bbox 1396 1651 1606 1706; x_wconf 85' lang='lat' dir='ltr'><strong>villosis</strong></span> <span class='ocrx_word' id='word_1_207' title='bbox 1632 1666 1825 1706; x_wconf 90' lang='lat' dir='ltr'><strong>omnes</strong></span> <span class='ocrx_word' id='word_1_208' title='bbox 1857 1653 2009 1707; x_wconf 69' lang='lat' dir='ltr'><strong>ltenis</strong></span> <span class='ocrx_word' id='word_1_209' title='bbox 2040 1654 2123 1707; x_wconf 92' lang='lat' dir='ltr'><strong>in-</strong></span> 
     </span>
    </p>
   </div>
   <div class='ocr_carea' id='block_1_29' title="bbox 2159 1642 3804 1724">
    <p class='ocr_par' dir='ltr' id='par_1_29' title="bbox 2188 1642 3804 1724">
     <span class='ocr_line' id='line_1_29' title="bbox 2188 1642 3804 1724; baseline 0.006 -24"><span class='ocrx_word' id='word_1_210' title='bbox 2188 1642 2195 1650; x_wconf 74' lang='grc'><strong>’</strong></span> <span class='ocrx_word' id='word_1_211' title='bbox 2224 1648 2362 1717; x_wconf 80' lang='grc' dir='ltr'>μετὰ</span> <span class='ocrx_word' id='word_1_212' title='bbox 2389 1648 2484 1702; x_wconf 83' lang='grc' dir='ltr'>τοῦ</span> <span class='ocrx_word' id='word_1_213' title='bbox 2518 1649 2883 1722; x_wconf 77' lang='grc' dir='ltr'>διαφερόντως</span> <span class='ocrx_word' id='word_1_214' title='bbox 2912 1652 3100 1704; x_wconf 85' lang='grc' dir='ltr'>άσκειν</span> <span class='ocrx_word' id='word_1_215' title='bbox 3135 1652 3481 1724; x_wconf 80' lang='grc' dir='ltr'>ἐγκράτειαν.</span> <span class='ocrx_word' id='word_1_216' title='bbox 3541 1655 3804 1712; x_wconf 84' lang='grc' dir='ltr'>Ἐσσαίων</span> 
     </span>
    </p>
   </div>
   <div class='ocr_carea' id='block_1_30' title="bbox 532 1737 2177 1821">
    <p class='ocr_par' dir='ltr' id='par_1_30' title="bbox 532 1737 2177 1821">
     <span class='ocr_line' id='line_1_30' title="bbox 532 1737 2177 1821; baseline 0.004 -28"><span class='ocrx_word' id='word_1_217' title='bbox 532 1737 1011 1805; x_wconf 68' lang='lat' dir='ltr'><strong>duuntur,a:state</strong></span> <span class='ocrx_word' id='word_1_218' title='bbox 1058 1757 1186 1796; x_wconf 82' lang='lat' dir='ltr'><strong>vero</strong></span> <span class='ocrx_word' id='word_1_219' title='bbox 1227 1741 1654 1812; x_wconf 79' lang='lat' dir='ltr'><strong>simplicioribus</strong></span> <span class='ocrx_word' id='word_1_220' title='bbox 1709 1757 1774 1797; x_wconf 87' lang='lat' dir='ltr'><strong>ac</strong></span> <span class='ocrx_word' id='word_1_221' title='bbox 1820 1742 2119 1800; x_wconf 83' lang='lat' dir='ltr'><strong>levioribus</strong></span> <span class='ocrx_word' id='word_1_222' title='bbox 2153 1804 2177 1821; x_wconf 45' lang='grc' dir='ltr'><strong><em>ν</em></strong></span> 
     </span>
    </p>
   </div>
   <div class='ocr_carea' id='block_1_31' title="bbox 2157 1737 3802 1821">
    <p class='ocr_par' dir='ltr' id='par_1_31' title="bbox 2157 1741 3802 1821">
     <span class='ocr_line' id='line_1_31' title="bbox 2157 1741 3802 1821; baseline 0.01 -33"><span class='ocrx_word' id='word_1_223' title='bbox 2157 1804 2191 1821; x_wconf 58' lang='lat' dir='ltr'><strong>n</strong></span> <span class='ocrx_word' id='word_1_224' title='bbox 2220 1741 2330 1811; x_wconf 85' lang='grc' dir='ltr'>γὰρ</span> <span class='ocrx_word' id='word_1_225' title='bbox 2369 1741 2544 1804; x_wconf 73' lang='grc' dir='ltr'>οὐδεὶς</span> <span class='ocrx_word' id='word_1_226' title='bbox 2587 1742 2774 1810; x_wconf 79' lang='grc' dir='ltr'>ἄγεται</span> <span class='ocrx_word' id='word_1_227' title='bbox 2807 1745 3039 1810; x_wconf 86' lang='grc' dir='ltr'>γυναῖκα</span> <span class='ocrx_word' id='word_1_228' title='bbox 3064 1783 3079 1806; x_wconf 92' lang='grc'><strong>,</strong></span> <span class='ocrx_word' id='word_1_229' title='bbox 3108 1743 3241 1797; x_wconf 86' lang='grc' dir='ltr'>διότι</span> <span class='ocrx_word' id='word_1_230' title='bbox 3272 1745 3529 1814; x_wconf 82' lang='grc' dir='ltr'>φίλαυτον</span> <span class='ocrx_word' id='word_1_231' title='bbox 3575 1749 3609 1818; x_wconf 82' lang='grc' dir='ltr'><strong>ἠ</strong></span> <span class='ocrx_word' id='word_1_232' title='bbox 3639 1751 3802 1821; x_wconf 78' lang='grc' dir='ltr'>γυνὴ,</span> 
     </span>
    </p>
   </div>
   <div class='ocr_carea' id='block_1_32' title="bbox 533 1804 2178 1913">
    <p class='ocr_par' dir='ltr' id='par_1_32' title="bbox 533 1804 2178 1907">
     <span class='ocr_line' id='line_1_32' title="bbox 533 1804 2178 1907; baseline 0.004 -22"><span class='ocrx_word' id='word_1_233' title='bbox 533 1831 805 1903; x_wconf 85' lang='lat' dir='ltr'><strong>palliolis;</strong></span> <span class='ocrx_word' id='word_1_234' title='bbox 838 1842 899 1887; x_wconf 82' lang='lat' dir='ltr'><strong>ut</strong></span> <span class='ocrx_word' id='word_1_235' title='bbox 922 1832 1081 1888; x_wconf 77' lang='lat' dir='ltr'><strong>facile</strong></span> <span class='ocrx_word' id='word_1_236' title='bbox 1110 1833 1284 1889; x_wconf 82' lang='lat' dir='ltr'><strong>cuivis</strong></span> <span class='ocrx_word' id='word_1_237' title='bbox 1315 1804 1587 1904; x_wconf 76' lang='lat' dir='ltr'><strong>integrum</strong></span> <span class='ocrx_word' id='word_1_238' title='bbox 1616 1835 1710 1897; x_wconf 90' lang='lat' dir='ltr'><strong>sit,</strong></span> <span class='ocrx_word' id='word_1_239' title='bbox 1731 1850 2119 1907; x_wconf 84' lang='lat' dir='ltr'><strong>quamcunque</strong></span> <span class='ocrx_word' id='word_1_240' title='bbox 2150 1804 2178 1859; x_wconf 66' lang='grc' dir='ltr'><strong><em>Ε</em></strong></span> 
     </span>
    </p>
   </div>
   <div class='ocr_carea' id='block_1_33' title="bbox 2155 1804 3800 1913">
    <p class='ocr_par' dir='ltr' id='par_1_33' title="bbox 2155 1804 3800 1913">
     <span class='ocr_line' id='line_1_33' title="bbox 2155 1804 3800 1913; baseline 0.024 -53"><span class='ocrx_word' id='word_1_241' title='bbox 2155 1804 2193 1859; x_wconf 90' lang='grc' dir='ltr'><strong><em>Β</em></strong></span> <span class='ocrx_word' id='word_1_242' title='bbox 2221 1804 2317 1887; x_wconf 42' lang='lat' dir='ltr'><strong>{cui</strong></span> <span class='ocrx_word' id='word_1_243' title='bbox 2346 1804 2645 1904; x_wconf 76' lang='grc' dir='ltr'>ζηλότυπον</span> <span class='ocrx_word' id='word_1_244' title='bbox 2685 1834 2746 1886; x_wconf 83' lang='grc' dir='ltr'><strong>οὐ</strong></span> <span class='ocrx_word' id='word_1_245' title='bbox 2810 1804 3073 1906; x_wconf 78' lang='grc' dir='ltr'>μετρίως,</span> <span class='ocrx_word' id='word_1_246' title='bbox 3111 1835 3205 1889; x_wconf 78' lang='grc' dir='ltr'><strong>καὶ</strong></span> <span class='ocrx_word' id='word_1_247' title='bbox 3251 1804 3423 1891; x_wconf 77' lang='grc' dir='ltr'>δεινὸν</span> <span class='ocrx_word' id='word_1_248' title='bbox 3469 1804 3664 1913; x_wconf 60' lang='grc' dir='ltr'>ἀνδρὸς</span> <span class='ocrx_word' id='word_1_249' title='bbox 3695 1804 3800 1912; x_wconf 68' lang='grc' dir='ltr'><strong>ιλθῆ</strong></span> 
     </span>
    </p>
   </div>
   <div class='ocr_carea' id='block_1_34' title="bbox 532 1923 2177 2000">
    <p class='ocr_par' dir='ltr' id='par_1_34' title="bbox 532 1923 2121 1997">
     <span class='ocr_line' id='line_1_34' title="bbox 532 1923 2121 1997; baseline 0.003 -19"><span class='ocrx_word' id='word_1_250' title='bbox 532 1923 755 1979; x_wconf 87' lang='lat' dir='ltr'><strong>libuerit</strong></span> <span class='ocrx_word' id='word_1_251' title='bbox 808 1925 1078 1994; x_wconf 89' lang='lat' dir='ltr'><strong>accipere,</strong></span> <span class='ocrx_word' id='word_1_252' title='bbox 1105 1941 1231 1981; x_wconf 91' lang='lat' dir='ltr'><strong>cum</strong></span> <span class='ocrx_word' id='word_1_253' title='bbox 1253 1933 1307 1980; x_wconf 84' lang='lat' dir='ltr'><strong>et</strong></span> <span class='ocrx_word' id='word_1_254' title='bbox 1328 1942 1671 1997; x_wconf 59' lang='lat' dir='ltr'><strong>quaecunque</strong></span> <span class='ocrx_word' id='word_1_255' title='bbox 1695 1928 1859 1983; x_wconf 89' lang='lat' dir='ltr'><strong>unius</strong></span> <span class='ocrx_word' id='word_1_256' title='bbox 1883 1937 2029 1990; x_wconf 90' lang='lat' dir='ltr'><strong>sunt,</strong></span> <span class='ocrx_word' id='word_1_257' title='bbox 2053 1929 2121 1983; x_wconf 89' lang='lat' dir='ltr'><strong>ad</strong></span> 
     </span>
    </p>
   </div>
   <div class='ocr_carea' id='block_1_35' title="bbox 2151 1923 3796 2000">
    <p class='ocr_par' dir='ltr' id='par_1_35' title="bbox 2222 1924 3796 2000">
     <span class='ocr_line' id='line_1_35' title="bbox 2222 1924 3796 2000; baseline 0.006 -22"><span class='ocrx_word' id='word_1_258' title='bbox 2222 1924 2653 1997; x_wconf 80' lang='grc' dir='ltr'>παρασαλεῦσαι,</span> <span class='ocrx_word' id='word_1_259' title='bbox 2704 1927 2798 1980; x_wconf 75' lang='grc' dir='ltr'>καὶ</span> <span class='ocrx_word' id='word_1_260' title='bbox 2850 1928 3099 1997; x_wconf 79' lang='grc' dir='ltr'>συνεχέσι</span> <span class='ocrx_word' id='word_1_261' title='bbox 3140 1929 3419 1998; x_wconf 82' lang='grc' dir='ltr'>γοητείαις</span> <span class='ocrx_word' id='word_1_262' title='bbox 3472 1931 3796 2000; x_wconf 78' lang='grc' dir='ltr'>ὑπάγεσθαι.</span> 
     </span>
    </p>
   </div>
   <div class='ocr_carea' id='block_1_36' title="bbox 533 2016 2178 2095">
    <p class='ocr_par' dir='ltr' id='par_1_36' title="bbox 533 2017 2117 2087">
     <span class='ocr_line' id='line_1_36' title="bbox 533 2017 2117 2087; baseline 0.001 -17"><span class='ocrx_word' id='word_1_263' title='bbox 533 2031 725 2071; x_wconf 82' lang='lat' dir='ltr'><strong>omnes</strong></span> <span class='ocrx_word' id='word_1_264' title='bbox 749 2030 903 2086; x_wconf 65' lang='lat' dir='ltr'><strong>aque</strong></span> <span class='ocrx_word' id='word_1_265' title='bbox 920 2017 1251 2087; x_wconf 78' lang='lat' dir='ltr'><strong>pertineant,</strong></span> <span class='ocrx_word' id='word_1_266' title='bbox 1302 2027 1357 2073; x_wconf 90' lang='lat' dir='ltr'><strong>et</strong></span> <span class='ocrx_word' id='word_1_267' title='bbox 1397 2033 1520 2087; x_wconf 72' lang='lat' dir='ltr'><strong>qua:</strong></span> <span class='ocrx_word' id='word_1_268' title='bbox 1570 2019 1813 2074; x_wconf 86' lang='lat' dir='ltr'><strong>vicissim</strong></span> <span class='ocrx_word' id='word_1_269' title='bbox 1844 2020 2117 2085; x_wconf 90' lang='lat' dir='ltr'><strong>omnium,</strong></span> 
     </span>
    </p>
   </div>
   <div class='ocr_carea' id='block_1_37' title="bbox 2156 2016 3801 2095">
    <p class='ocr_par' dir='ltr' id='par_1_37' title="bbox 2220 2016 3801 2095">
     <span class='ocr_line' id='line_1_37' title="bbox 2220 2016 3801 2095; baseline 0.007 -27"><span class='ocrx_word' id='word_1_270' title='bbox 2220 2016 2575 2085; x_wconf 58' lang='lat' dir='ltr'><strong>Malarﬁaaca</strong></span> <span class='ocrx_word' id='word_1_271' title='bbox 2607 2017 2716 2089; x_wconf 86' lang='grc' dir='ltr'><strong>γάρ</strong></span> <span class='ocrx_word' id='word_1_272' title='bbox 2744 2016 2933 2080; x_wconf 84' lang='grc' dir='ltr'>θῶπας</span> <span class='ocrx_word' id='word_1_273' title='bbox 2960 2017 3172 2086; x_wconf 84' lang='grc' dir='ltr'>λόγους,</span> <span class='ocrx_word' id='word_1_274' title='bbox 3203 2021 3297 2072; x_wconf 74' lang='grc' dir='ltr'>καὶ</span> <span class='ocrx_word' id='word_1_275' title='bbox 3322 2021 3418 2092; x_wconf 85' lang='grc' dir='ltr'><strong>τὴν</strong></span> <span class='ocrx_word' id='word_1_276' title='bbox 3462 2022 3628 2095; x_wconf 76' lang='grc' dir='ltr'>ᾇλλην</span> <span class='ocrx_word' id='word_1_277' title='bbox 3668 2025 3801 2078; x_wconf 79' lang='grc' dir='ltr'>ὑπό-</span> 
     </span>
    </p>
   </div>
   <div class='ocr_carea' id='block_1_38' title="bbox 530 2107 2175 2181">
    <p class='ocr_par' dir='ltr' id='par_1_38' title="bbox 530 2109 2117 2181">
     <span class='ocr_line' id='line_1_38' title="bbox 530 2109 2117 2181; baseline 0.001 -17"><span class='ocrx_word' id='word_1_278' title='bbox 530 2109 703 2165; x_wconf 82' lang='lat' dir='ltr'><strong>unius</strong></span> <span class='ocrx_word' id='word_1_279' title='bbox 751 2125 874 2165; x_wconf 86' lang='lat' dir='ltr'><strong>esse</strong></span> <span class='ocrx_word' id='word_1_280' title='bbox 920 2122 1270 2165; x_wconf 83' lang='lat' dir='ltr'><strong>censeantur.</strong></span> <span class='ocrx_word' id='word_1_281' title='bbox 1301 2109 1462 2177; x_wconf 83' lang='lat' dir='ltr'><strong>Quod</strong></span> <span class='ocrx_word' id='word_1_282' title='bbox 1487 2111 1532 2165; x_wconf 89' lang='lat' dir='ltr'><strong>si</strong></span> <span class='ocrx_word' id='word_1_283' title='bbox 1562 2111 1835 2181; x_wconf 81' lang='lat' dir='ltr'><strong>quispiam</strong></span> <span class='ocrx_word' id='word_1_284' title='bbox 1867 2112 1921 2166; x_wconf 93' lang='lat' dir='ltr'><strong>in</strong></span> <span class='ocrx_word' id='word_1_285' title='bbox 1968 2128 2117 2166; x_wconf 89' lang='lat' dir='ltr'><strong>mor-</strong></span> 
     </span>
    </p>
   </div>
   <div class='ocr_carea' id='block_1_39' title="bbox 2153 2107 3798 2181">
    <p class='ocr_par' dir='ltr' id='par_1_39' title="bbox 2219 2107 3798 2181">
     <span class='ocr_line' id='line_1_39' title="bbox 2219 2107 3798 2181; baseline 0.008 -21"><span class='ocrx_word' id='word_1_286' title='bbox 2219 2125 2423 2179; x_wconf 84' lang='grc' dir='ltr'>κρισιν,</span> <span class='ocrx_word' id='word_1_287' title='bbox 2475 2107 2664 2181; x_wconf 82' lang='grc' dir='ltr'>ὥσπερ</span> <span class='ocrx_word' id='word_1_288' title='bbox 2726 2109 2820 2162; x_wconf 73' lang='grc' dir='ltr'><strong>ἐπὶ</strong></span> <span class='ocrx_word' id='word_1_289' title='bbox 2865 2109 3101 2180; x_wconf 81' lang='grc' dir='ltr'>σκηνῆς,</span> <span class='ocrx_word' id='word_1_290' title='bbox 3134 2110 3285 2180; x_wconf 66' lang='grc' dir='ltr'>ὄψεις</span> <span class='ocrx_word' id='word_1_291' title='bbox 3331 2114 3425 2166; x_wconf 76' lang='grc' dir='ltr'>καὶ</span> <span class='ocrx_word' id='word_1_292' title='bbox 3466 2114 3637 2179; x_wconf 80' lang='grc' dir='ltr'>ἀκοὰς</span> <span class='ocrx_word' id='word_1_293' title='bbox 3668 2118 3798 2171; x_wconf 85' lang='grc' dir='ltr'>ὅταν</span> 
     </span>
    </p>
   </div>
   <div class='ocr_carea' id='block_1_40' title="bbox 530 2197 2175 2278">
    <p class='ocr_par' dir='ltr' id='par_1_40' title="bbox 530 2200 2115 2272">
     <span class='ocr_line' id='line_1_40' title="bbox 530 2200 2115 2272; baseline 0.001 -15"><span class='ocrx_word' id='word_1_294' title='bbox 530 2201 662 2257; x_wconf 86' lang='lat' dir='ltr'><strong>bum</strong></span> <span class='ocrx_word' id='word_1_295' title='bbox 696 2200 984 2268; x_wconf 83' lang='lat' dir='ltr'><strong>inciderit,</strong></span> <span class='ocrx_word' id='word_1_296' title='bbox 1031 2204 1079 2258; x_wconf 90' lang='lat' dir='ltr'><strong>is</strong></span> <span class='ocrx_word' id='word_1_297' title='bbox 1125 2203 1513 2258; x_wconf 87' lang='lat' dir='ltr'><strong>communibus</strong></span> <span class='ocrx_word' id='word_1_298' title='bbox 1563 2213 1790 2258; x_wconf 84' lang='lat' dir='ltr'><strong>curatur</strong></span> <span class='ocrx_word' id='word_1_299' title='bbox 1828 2204 2115 2272; x_wconf 87' lang='lat' dir='ltr'><strong>impensis,</strong></span> 
     </span>
    </p>
   </div>
   <div class='ocr_carea' id='block_1_41' title="bbox 2150 2197 3795 2278">
    <p class='ocr_par' dir='ltr' id='par_1_41' title="bbox 2216 2197 3795 2278">
     <span class='ocr_line' id='line_1_41' title="bbox 2216 2197 3795 2278; baseline 0.005 -24"><span class='ocrx_word' id='word_1_300' title='bbox 2216 2201 2461 2275; x_wconf 75' lang='grc' dir='ltr'>δελεάσῃ,</span> <span class='ocrx_word' id='word_1_301' title='bbox 2510 2203 2930 2273; x_wconf 73' lang='grc' dir='ltr'>διηπατημένων</span> <span class='ocrx_word' id='word_1_302' title='bbox 2966 2197 3053 2257; x_wconf 79' lang='grc' dir='ltr'><strong>οἷα</strong></span> <span class='ocrx_word' id='word_1_303' title='bbox 3107 2204 3383 2275; x_wconf 85' lang='grc' dir='ltr'>ὑπηκόων,</span> <span class='ocrx_word' id='word_1_304' title='bbox 3420 2205 3510 2259; x_wconf 79' lang='grc' dir='ltr'><strong>τὸν</strong></span> <span class='ocrx_word' id='word_1_305' title='bbox 3555 2209 3795 2278; x_wconf 79' lang='grc' dir='ltr'>ἡγεμόνα</span> 
     </span>
    </p>
   </div>
   <div class='ocr_carea' id='block_1_42' title="bbox 526 2292 2171 2368">
    <p class='ocr_par' dir='ltr' id='par_1_42' title="bbox 526 2294 2117 2365">
     <span class='ocr_line' id='line_1_42' title="bbox 526 2294 2117 2365; baseline 0.001 -14"><span class='ocrx_word' id='word_1_306' title='bbox 526 2305 693 2364; x_wconf 84' lang='lat' dir='ltr'><strong>atque</strong></span> <span class='ocrx_word' id='word_1_307' title='bbox 720 2294 964 2349; x_wconf 83' lang='lat' dir='ltr'><strong>omnium</strong></span> <span class='ocrx_word' id='word_1_308' title='bbox 994 2295 1189 2350; x_wconf 88' lang='lat' dir='ltr'><strong>studiis</strong></span> <span class='ocrx_word' id='word_1_309' title='bbox 1214 2294 1513 2365; x_wconf 71' lang='lat' dir='ltr'><strong>oliiciisque</strong></span> <span class='ocrx_word' id='word_1_310' title='bbox 1535 2303 1831 2350; x_wconf 85' lang='lat' dir='ltr'><strong>recreatur.</strong></span> <span class='ocrx_word' id='word_1_311' title='bbox 1860 2294 2117 2352; x_wconf 84' lang='lat' dir='ltr'><strong>Seniores</strong></span> 
     </span>
    </p>
   </div>
   <div class='ocr_carea' id='block_1_43' title="bbox 2150 2292 3795 2368">
    <p class='ocr_par' dir='ltr' id='par_1_43' title="bbox 2216 2292 3795 2368">
     <span class='ocr_line' id='line_1_43' title="bbox 2216 2292 3795 2368; baseline 0.004 -23"><span class='ocrx_word' id='word_1_312' title='bbox 2216 2292 2340 2345; x_wconf 72' lang='grc' dir='ltr'>νοῦν</span> <span class='ocrx_word' id='word_1_313' title='bbox 2388 2293 2687 2361; x_wconf 75' lang='grc' dir='ltr'>φενακίζει.</span> <span class='ocrx_word' id='word_1_314' title='bbox 2742 2293 2938 2357; x_wconf 85' lang='grc' dir='ltr'>Παῖδες</span> <span class='ocrx_word' id='word_1_315' title='bbox 2963 2293 3007 2346; x_wconf 78' lang='grc' dir='ltr'>δ’</span> <span class='ocrx_word' id='word_1_316' title='bbox 3034 2295 3082 2347; x_wconf 81' lang='grc' dir='ltr'>εἰ</span> <span class='ocrx_word' id='word_1_317' title='bbox 3117 2292 3358 2362; x_wconf 80' lang='grc' dir='ltr'>γένοιντο</span> <span class='ocrx_word' id='word_1_318' title='bbox 3383 2336 3399 2359; x_wconf 90' lang='grc'><strong>,</strong></span> <span class='ocrx_word' id='word_1_319' title='bbox 3448 2298 3795 2368; x_wconf 80' lang='grc' dir='ltr'>φρονήματος</span> 
     </span>
    </p>
   </div>
   <div class='ocr_carea' id='block_1_44' title="bbox 529 2385 2174 2461">
    <p class='ocr_par' dir='ltr' id='par_1_44' title="bbox 529 2385 2114 2456">
     <span class='ocr_line' id='line_1_44' title="bbox 529 2385 2114 2456; baseline -0.001 -15"><span class='ocrx_word' id='word_1_320' title='bbox 529 2386 674 2455; x_wconf 87' lang='lat' dir='ltr'><strong>quod</strong></span> <span class='ocrx_word' id='word_1_321' title='bbox 701 2387 914 2446; x_wconf 84' lang='lat' dir='ltr'><strong>attinet,</strong></span> <span class='ocrx_word' id='word_1_322' title='bbox 937 2395 996 2440; x_wconf 91' lang='lat' dir='ltr'><strong>ut</strong></span> <span class='ocrx_word' id='word_1_323' title='bbox 1026 2386 1214 2441; x_wconf 90' lang='lat' dir='ltr'><strong>liberis</strong></span> <span class='ocrx_word' id='word_1_324' title='bbox 1248 2385 1352 2456; x_wconf 90' lang='lat' dir='ltr'><strong>ipsi</strong></span> <span class='ocrx_word' id='word_1_325' title='bbox 1374 2396 1622 2453; x_wconf 87' lang='lat' dir='ltr'><strong>careant,</strong></span> <span class='ocrx_word' id='word_1_326' title='bbox 1653 2400 1764 2439; x_wconf 86' lang='lat' dir='ltr'><strong>non</strong></span> <span class='ocrx_word' id='word_1_327' title='bbox 1804 2385 1989 2439; x_wconf 81' lang='lat' dir='ltr'><strong>minus</strong></span> <span class='ocrx_word' id='word_1_328' title='bbox 2029 2393 2114 2440; x_wconf 86' lang='lat' dir='ltr'><strong>ta-</strong></span> 
     </span>
    </p>
   </div>
   <div class='ocr_carea' id='block_1_45' title="bbox 2149 2385 3794 2461">
    <p class='ocr_par' dir='ltr' id='par_1_45' title="bbox 2217 2386 3794 2461">
     <span class='ocr_line' id='line_1_45' title="bbox 2217 2386 3794 2461; baseline 0.003 -22"><span class='ocrx_word' id='word_1_329' title='bbox 2217 2386 2624 2458; x_wconf 86' lang='grc' dir='ltr'>ὑποπλησθεῖσα</span> <span class='ocrx_word' id='word_1_330' title='bbox 2672 2388 2767 2440; x_wconf 70' lang='grc' dir='ltr'>καὶ</span> <span class='ocrx_word' id='word_1_331' title='bbox 2802 2386 3134 2459; x_wconf 75' lang='grc' dir='ltr'>παρρησίας,</span> <span class='ocrx_word' id='word_1_332' title='bbox 3186 2389 3286 2441; x_wconf 83' lang='grc' dir='ltr'>ὅσα</span> <span class='ocrx_word' id='word_1_333' title='bbox 3335 2391 3458 2441; x_wconf 83' lang='grc' dir='ltr'>κατ’</span> <span class='ocrx_word' id='word_1_334' title='bbox 3510 2391 3794 2461; x_wconf 77' lang='grc' dir='ltr'>εἰρωνείαν</span> 
     </span>
    </p>
   </div>
   <div class='ocr_carea' id='block_1_46' title="bbox 525 2477 2170 2551">
    <p class='ocr_par' dir='ltr' id='par_1_46' title="bbox 525 2479 2111 2550">
     <span class='ocr_line' id='line_1_46' title="bbox 525 2479 2111 2550; baseline -0.002 -16"><span class='ocrx_word' id='word_1_335' title='bbox 525 2492 676 2542; x_wconf 79' lang='lat' dir='ltr'><strong>neu,</strong></span> <span class='ocrx_word' id='word_1_336' title='bbox 712 2494 876 2549; x_wconf 89' lang='lat' dir='ltr'><strong>quam</strong></span> <span class='ocrx_word' id='word_1_337' title='bbox 918 2480 1117 2550; x_wconf 86' lang='lat' dir='ltr'><strong>quibus</strong></span> <span class='ocrx_word' id='word_1_338' title='bbox 1154 2488 1208 2535; x_wconf 90' lang='lat' dir='ltr'><strong>et</strong></span> <span class='ocrx_word' id='word_1_339' title='bbox 1236 2479 1627 2536; x_wconf 75' lang='lat' dir='ltr'><strong>fecundissima</strong></span> <span class='ocrx_word' id='word_1_340' title='bbox 1676 2479 1894 2537; x_wconf 75' lang='lat' dir='ltr'><strong>soboles</strong></span> <span class='ocrx_word' id='word_1_341' title='bbox 1921 2489 1974 2532; x_wconf 92' lang='lat' dir='ltr'><strong>et</strong></span> <span class='ocrx_word' id='word_1_342' title='bbox 2010 2494 2111 2547; x_wconf 88' lang='lat' dir='ltr'><strong>op-</strong></span> 
     </span>
    </p>
   </div>
   <div class='ocr_carea' id='block_1_47' title="bbox 2152 2477 3797 2551">
    <p class='ocr_par' dir='ltr' id='par_1_47' title="bbox 2216 2477 3797 2551">
     <span class='ocr_line' id='line_1_47' title="bbox 2216 2477 3797 2551; baseline 0.003 -21"><span class='ocrx_word' id='word_1_343' title='bbox 2216 2478 2479 2551; x_wconf 86' lang='grc' dir='ltr'>πρότερον</span> <span class='ocrx_word' id='word_1_344' title='bbox 2506 2477 2755 2542; x_wconf 79' lang='grc' dir='ltr'>ὑπούλως</span> <span class='ocrx_word' id='word_1_345' title='bbox 2782 2478 3124 2548; x_wconf 68' lang='grc' dir='ltr'>ὑπῃνίττετο,</span> <span class='ocrx_word' id='word_1_346' title='bbox 3155 2478 3325 2532; x_wconf 78' lang='grc' dir='ltr'>ταῦτα</span> <span class='ocrx_word' id='word_1_347' title='bbox 3348 2479 3444 2531; x_wconf 81' lang='grc' dir='ltr'><strong>ἀπ’</strong></span> <span class='ocrx_word' id='word_1_348' title='bbox 3476 2480 3797 2551; x_wconf 80' lang='grc' dir='ltr'>εὐτολμοτὲ-</span> 
     </span>
    </p>
   </div>
   <div class='ocr_carea' id='block_1_48' title="bbox 524 2569 2169 2645">
    <p class='ocr_par' dir='ltr' id='par_1_48' title="bbox 524 2569 2112 2636">
     <span class='ocr_line' id='line_1_48' title="bbox 524 2569 2112 2636; baseline 0.001 -12"><span class='ocrx_word' id='word_1_349' title='bbox 524 2571 662 2625; x_wconf 83' lang='lat' dir='ltr'><strong>tima</strong></span> <span class='ocrx_word' id='word_1_350' title='bbox 691 2569 876 2636; x_wconf 81' lang='lat' dir='ltr'><strong>fuerit,</strong></span> <span class='ocrx_word' id='word_1_351' title='bbox 906 2572 964 2627; x_wconf 89' lang='lat' dir='ltr'><strong>in</strong></span> <span class='ocrx_word' id='word_1_352' title='bbox 992 2571 1312 2628; x_wconf 78' lang='lat' dir='ltr'><strong>felicissima</strong></span> <span class='ocrx_word' id='word_1_353' title='bbox 1343 2588 1409 2628; x_wconf 92' lang='lat' dir='ltr'><strong>ac</strong></span> <span class='ocrx_word' id='word_1_354' title='bbox 1451 2571 1780 2628; x_wconf 74' lang='lat' dir='ltr'><strong>suavissima</strong></span> <span class='ocrx_word' id='word_1_355' title='bbox 1830 2577 2112 2625; x_wconf 82' lang='lat' dir='ltr'><strong>senectute</strong></span> 
     </span>
    </p>
   </div>
   <div class='ocr_carea' id='block_1_49' title="bbox 2145 2569 3790 2645">
    <p class='ocr_par' dir='ltr' id='par_1_49' title="bbox 2219 2569 3790 2645">
     <span class='ocr_line' id='line_1_49' title="bbox 2219 2569 3790 2645; baseline 0.002 -20"><span class='ocrx_word' id='word_1_356' title='bbox 2219 2588 2311 2645; x_wconf 89' lang='grc' dir='ltr'><strong>ρου</strong></span> <span class='ocrx_word' id='word_1_357' title='bbox 2341 2571 2574 2643; x_wconf 80' lang='grc' dir='ltr'>θράσους</span> <span class='ocrx_word' id='word_1_358' title='bbox 2600 2571 2823 2625; x_wconf 74' lang='grc' dir='ltr'>ἐκκαλεῖ</span> <span class='ocrx_word' id='word_1_359' title='bbox 2849 2569 2983 2643; x_wconf 86' lang='grc'>(90),</span> <span class='ocrx_word' id='word_1_360' title='bbox 3015 2572 3110 2626; x_wconf 86' lang='grc' dir='ltr'>καὶ</span> <span class='ocrx_word' id='word_1_361' title='bbox 3152 2573 3582 2643; x_wconf 82' lang='grc' dir='ltr'>άναισχυντοῦσα</span> <span class='ocrx_word' id='word_1_362' title='bbox 3603 2614 3619 2639; x_wconf 97' lang='grc'><strong>,</strong></span> <span class='ocrx_word' id='word_1_363' title='bbox 3667 2573 3790 2645; x_wconf 78' lang='grc' dir='ltr'>βιά-</span> 
     </span>
    </p>
   </div>
   <div class='ocr_carea' id='block_1_50' title="bbox 525 2657 2170 2738">
    <p class='ocr_par' dir='ltr' id='par_1_50' title="bbox 525 2662 2113 2731">
     <span class='ocr_line' id='line_1_50' title="bbox 525 2662 2113 2731; baseline 0.001 -16"><span class='ocrx_word' id='word_1_364' title='bbox 525 2662 688 2717; x_wconf 78' lang='lat' dir='ltr'><strong>tinem</strong></span> <span class='ocrx_word' id='word_1_365' title='bbox 718 2662 936 2718; x_wconf 88' lang='lat' dir='ltr'><strong>vivendi</strong></span> <span class='ocrx_word' id='word_1_366' title='bbox 967 2663 1213 2719; x_wconf 80' lang='lat' dir='ltr'><strong>faciunt:</strong></span> <span class='ocrx_word' id='word_1_367' title='bbox 1244 2665 1375 2719; x_wconf 90' lang='lat' dir='ltr'><strong>dum</strong></span> <span class='ocrx_word' id='word_1_368' title='bbox 1405 2681 1502 2720; x_wconf 90' lang='lat' dir='ltr'><strong>eos</strong></span> <span class='ocrx_word' id='word_1_369' title='bbox 1531 2674 1642 2718; x_wconf 89' lang='lat' dir='ltr'><strong>tam</strong></span> <span class='ocrx_word' id='word_1_370' title='bbox 1682 2662 1837 2717; x_wconf 89' lang='lat' dir='ltr'><strong>multi</strong></span> <span class='ocrx_word' id='word_1_371' title='bbox 1874 2662 2113 2731; x_wconf 57' lang='lat' dir='ltr'><strong>praemiis</strong></span> 
     </span>
    </p>
   </div>
   <div class='ocr_carea' id='block_1_51' title="bbox 2145 2657 3790 2738">
    <p class='ocr_par' dir='ltr' id='par_1_51' title="bbox 2213 2657 3790 2738">
     <span class='ocr_line' id='line_1_51' title="bbox 2213 2657 3790 2738; baseline 0.003 -21"><span class='ocrx_word' id='word_1_372' title='bbox 2213 2664 2363 2730; x_wconf 82' lang='grc' dir='ltr'>ζεται</span> <span class='ocrx_word' id='word_1_373' title='bbox 2412 2663 2707 2735; x_wconf 85' lang='grc' dir='ltr'>πράττειν·</span> <span class='ocrx_word' id='word_1_374' title='bbox 2738 2657 2812 2718; x_wconf 82' lang='grc' dir='ltr'>ὧν</span> <span class='ocrx_word' id='word_1_375' title='bbox 2855 2665 3086 2719; x_wconf 73' lang='grc' dir='ltr'>ἕκαστον</span> <span class='ocrx_word' id='word_1_376' title='bbox 3145 2665 3426 2731; x_wconf 88' lang='grc' dir='ltr'>κοινωνίας</span> <span class='ocrx_word' id='word_1_377' title='bbox 3458 2666 3668 2738; x_wconf 79' lang='grc' dir='ltr'>ἐχθρόν.</span> <span class='ocrx_word' id='word_1_378' title='bbox 3731 2670 3790 2722; x_wconf 84' lang='grc'><strong>’0</strong></span> 
     </span>
    </p>
   </div>
   <div class='ocr_carea' id='block_1_52' title="bbox 523 2753 2168 2834">
    <p class='ocr_par' dir='ltr' id='par_1_52' title="bbox 523 2753 2110 2825">
     <span class='ocr_line' id='line_1_52' title="bbox 523 2753 2110 2825; baseline 0 -19"><span class='ocrx_word' id='word_1_379' title='bbox 523 2762 719 2807; x_wconf 83' lang='lat' dir='ltr'><strong>auctos</strong></span> <span class='ocrx_word' id='word_1_380' title='bbox 750 2753 1057 2823; x_wconf 87' lang='lat' dir='ltr'><strong>potioribus</strong></span> <span class='ocrx_word' id='word_1_381' title='bbox 1088 2755 1239 2810; x_wconf 89' lang='lat' dir='ltr'><strong>omni</strong></span> <span class='ocrx_word' id='word_1_382' title='bbox 1286 2755 1494 2810; x_wconf 90' lang='lat' dir='ltr'><strong>honore</strong></span> <span class='ocrx_word' id='word_1_383' title='bbox 1526 2762 1955 2825; x_wconf 88' lang='lat' dir='ltr'><strong>prosequuntur,</strong></span> <span class='ocrx_word' id='word_1_384' title='bbox 2014 2754 2110 2823; x_wconf 90' lang='lat' dir='ltr'><strong>qui</strong></span> 
     </span>
    </p>
   </div>
   <div class='ocr_carea' id='block_1_53' title="bbox 2142 2753 3787 2834">
    <p class='ocr_par' dir='ltr' id='par_1_53' title="bbox 2211 2756 3787 2834">
     <span class='ocr_line' id='line_1_53' title="bbox 2211 2756 3787 2834; baseline 0.004 -26"><span class='ocrx_word' id='word_1_385' title='bbox 2211 2756 2320 2828; x_wconf 82' lang='grc' dir='ltr'><strong>γὰρ</strong></span> <span class='ocrx_word' id='word_1_386' title='bbox 2346 2757 2378 2828; x_wconf 75' lang='grc' dir='ltr'>ἢ</span> <span class='ocrx_word' id='word_1_387' title='bbox 2413 2757 2669 2824; x_wconf 75' lang='grc' dir='ltr'>γυναικὸς</span> <span class='ocrx_word' id='word_1_388' title='bbox 2703 2757 2945 2830; x_wconf 81' lang='grc' dir='ltr'>φίλτροις</span> <span class='ocrx_word' id='word_1_389' title='bbox 2972 2757 3226 2822; x_wconf 74' lang='grc' dir='ltr'>ὲνδεθεὶς,</span> <span class='ocrx_word' id='word_1_390' title='bbox 3257 2758 3290 2829; x_wconf 83' lang='grc' dir='ltr'>ἢ</span> <span class='ocrx_word' id='word_1_391' title='bbox 3316 2759 3539 2823; x_wconf 82' lang='grc' dir='ltr'>τέκνων,</span> <span class='ocrx_word' id='word_1_392' title='bbox 3573 2761 3787 2834; x_wconf 79' lang='grc' dir='ltr'>ἀνάγκῃ</span> 
     </span>
    </p>
   </div>
   <div class='ocr_carea' id='block_1_54' title="bbox 522 2842 2167 2922">
    <p class='ocr_par' dir='ltr' id='par_1_54' title="bbox 522 2842 2109 2916">
     <span class='ocr_line' id='line_1_54' title="bbox 522 2842 2109 2916; baseline 0 -17"><span class='ocrx_word' id='word_1_393' title='bbox 522 2844 593 2899; x_wconf 78' lang='lat' dir='ltr'><strong>ad</strong></span> <span class='ocrx_word' id='word_1_394' title='bbox 619 2844 724 2900; x_wconf 90' lang='lat' dir='ltr'><strong>hoc</strong></span> <span class='ocrx_word' id='word_1_395' title='bbox 749 2842 911 2900; x_wconf 84' lang='lat' dir='ltr'><strong>ollicii</strong></span> <span class='ocrx_word' id='word_1_396' title='bbox 941 2860 1111 2915; x_wconf 79' lang='lat' dir='ltr'><strong>genus</strong></span> <span class='ocrx_word' id='word_1_397' title='bbox 1126 2846 1405 2901; x_wconf 84' lang='lat' dir='ltr'><strong>voluntate</strong></span> <span class='ocrx_word' id='word_1_398' title='bbox 1425 2846 1613 2916; x_wconf 83' lang='lat' dir='ltr'><strong>potius</strong></span> <span class='ocrx_word' id='word_1_399' title='bbox 1634 2854 1897 2916; x_wconf 88' lang='lat' dir='ltr'><strong>certoque</strong></span> <span class='ocrx_word' id='word_1_400' title='bbox 1924 2845 2109 2901; x_wconf 88' lang='lat' dir='ltr'><strong>consi-</strong></span> 
     </span>
    </p>
   </div>
   <div class='ocr_carea' id='block_1_55' title="bbox 2142 2842 3787 2922">
    <p class='ocr_par' dir='ltr' id='par_1_55' title="bbox 2210 2848 3787 2922">
     <span class='ocr_line' id='line_1_55' title="bbox 2210 2848 3787 2922; baseline 0.003 -20"><span class='ocrx_word' id='word_1_401' title='bbox 2210 2848 2444 2918; x_wconf 83' lang='grc' dir='ltr'>φύσεως,</span> <span class='ocrx_word' id='word_1_402' title='bbox 2473 2850 2899 2921; x_wconf 71' lang='grc' dir='ltr'>προκηδόμενος,</span> <span class='ocrx_word' id='word_1_403' title='bbox 2932 2850 3116 2905; x_wconf 79' lang='grc' dir='ltr'>οὐκέτι</span> <span class='ocrx_word' id='word_1_404' title='bbox 3150 2851 3286 2922; x_wconf 81' lang='grc' dir='ltr'>πρὸς</span> <span class='ocrx_word' id='word_1_405' title='bbox 3312 2852 3503 2916; x_wconf 80' lang='grc' dir='ltr'>ἄλλους</span> <span class='ocrx_word' id='word_1_406' title='bbox 3553 2854 3581 2905; x_wconf 81' lang='grc' dir='ltr'>ὁ</span> <span class='ocrx_word' id='word_1_407' title='bbox 3623 2854 3787 2916; x_wconf 83' lang='grc' dir='ltr'>αὐτός</span> 
     </span>
    </p>
   </div>
   <div class='ocr_carea' id='block_1_56' title="bbox 519 2935 2164 3014">
    <p class='ocr_par' dir='ltr' id='par_1_56' title="bbox 519 2935 2109 3007">
     <span class='ocr_line' id='line_1_56' title="bbox 519 2935 2109 3007; baseline 0 -17"><span class='ocrx_word' id='word_1_408' title='bbox 519 2935 618 3003; x_wconf 92' lang='lat' dir='ltr'><strong>lio,</strong></span> <span class='ocrx_word' id='word_1_409' title='bbox 646 2951 810 3007; x_wconf 85' lang='lat' dir='ltr'><strong>quam</strong></span> <span class='ocrx_word' id='word_1_410' title='bbox 838 2937 946 2991; x_wconf 83' lang='lat' dir='ltr'><strong>ulla</strong></span> <span class='ocrx_word' id='word_1_411' title='bbox 978 2946 1186 2991; x_wconf 66' lang='lat' dir='ltr'><strong>natura:</strong></span> <span class='ocrx_word' id='word_1_412' title='bbox 1204 2940 1528 2993; x_wconf 85' lang='lat' dir='ltr'><strong>necessitate</strong></span> <span class='ocrx_word' id='word_1_413' title='bbox 1542 2938 1835 2993; x_wconf 88' lang='lat' dir='ltr'><strong>ducantur.</strong></span> <span class='ocrx_word' id='word_1_414' title='bbox 1866 2936 2109 2993; x_wconf 64' lang='lat' dir='ltr'><strong>Praeter-</strong></span> 
     </span>
    </p>
   </div>
   <div class='ocr_carea' id='block_1_57' title="bbox 2140 2935 3785 3014">
    <p class='ocr_par' dir='ltr' id='par_1_57' title="bbox 2208 2939 3785 3014">
     <span class='ocr_line' id='line_1_57' title="bbox 2208 2939 3785 3014; baseline 0.003 -21"><span class='ocrx_word' id='word_1_415' title='bbox 2208 2941 2376 3005; x_wconf 73' lang='grc' dir='ltr'>ἐστιν,</span> <span class='ocrx_word' id='word_1_416' title='bbox 2419 2939 2533 2994; x_wconf 80' lang='grc' dir='ltr'>ἀλλ’</span> <span class='ocrx_word' id='word_1_417' title='bbox 2567 2940 2752 3011; x_wconf 76' lang='grc' dir='ltr'>ἕτερος</span> <span class='ocrx_word' id='word_1_418' title='bbox 2796 2942 2988 3009; x_wconf 81' lang='grc' dir='ltr'>γέγονε</span> <span class='ocrx_word' id='word_1_419' title='bbox 3038 2940 3276 3012; x_wconf 84' lang='grc' dir='ltr'>λεληθὼς</span> <span class='ocrx_word' id='word_1_420' title='bbox 3333 2943 3447 2996; x_wconf 84' lang='grc' dir='ltr'>ἀντ’</span> <span class='ocrx_word' id='word_1_421' title='bbox 3501 2942 3785 3014; x_wconf 70' lang='grc' dir='ltr'>ἐλευθέρου</span> 
     </span>
    </p>
   </div>
   <div class='ocr_carea' id='block_1_58' title="bbox 517 3024 2162 3105">
    <p class='ocr_par' dir='ltr' id='par_1_58' title="bbox 517 3028 2107 3099">
     <span class='ocr_line' id='line_1_58' title="bbox 517 3028 2107 3099; baseline -0.002 -14"><span class='ocrx_word' id='word_1_422' title='bbox 517 3042 607 3095; x_wconf 83' lang='lat' dir='ltr'><strong>ea,</strong></span> <span class='ocrx_word' id='word_1_423' title='bbox 659 3030 805 3099; x_wconf 91' lang='lat' dir='ltr'><strong>quod</strong></span> <span class='ocrx_word' id='word_1_424' title='bbox 824 3044 956 3084; x_wconf 88' lang='lat' dir='ltr'><strong>sane</strong></span> <span class='ocrx_word' id='word_1_425' title='bbox 982 3029 1066 3083; x_wconf 88' lang='lat' dir='ltr'><strong>vel</strong></span> <span class='ocrx_word' id='word_1_426' title='bbox 1088 3044 1281 3094; x_wconf 92' lang='lat' dir='ltr'><strong>unum,</strong></span> <span class='ocrx_word' id='word_1_427' title='bbox 1312 3028 1397 3082; x_wconf 84' lang='lat' dir='ltr'><strong>vel</strong></span> <span class='ocrx_word' id='word_1_428' title='bbox 1426 3028 1671 3082; x_wconf 90' lang='lat' dir='ltr'><strong>omnium</strong></span> <span class='ocrx_word' id='word_1_429' title='bbox 1691 3028 1926 3083; x_wconf 82' lang='lat' dir='ltr'><strong>maxime</strong></span> <span class='ocrx_word' id='word_1_430' title='bbox 1953 3043 2107 3083; x_wconf 83' lang='lat' dir='ltr'><strong>com-</strong></span> 
     </span>
    </p>
   </div>
   <div class='ocr_carea' id='block_1_59' title="bbox 2135 3024 3780 3105">
    <p class='ocr_par' dir='ltr' id='par_1_59' title="bbox 2204 3024 3780 3105">
     <span class='ocr_line' id='line_1_59' title="bbox 2204 3024 3780 3105; baseline 0.002 -21"><span class='ocrx_word' id='word_1_431' title='bbox 2204 3030 2410 3096; x_wconf 76' lang='grc' dir='ltr'>δοῦλος.</span> <span class='ocrx_word' id='word_1_432' title='bbox 2441 3024 2611 3096; x_wconf 73' lang='grc' dir='ltr'>Οὗτος</span> <span class='ocrx_word' id='word_1_433' title='bbox 2641 3031 2771 3099; x_wconf 75' lang='grc' dir='ltr'>γοῦν</span> <span class='ocrx_word' id='word_1_434' title='bbox 2799 3034 2830 3085; x_wconf 87' lang='grc' dir='ltr'>ὁ</span> <span class='ocrx_word' id='word_1_435' title='bbox 2861 3031 2974 3102; x_wconf 86' lang='grc' dir='ltr'>βίος</span> <span class='ocrx_word' id='word_1_436' title='bbox 3001 3032 3150 3084; x_wconf 69' lang='grc' dir='ltr'>ἐστὶν</span> <span class='ocrx_word' id='word_1_437' title='bbox 3177 3032 3358 3086; x_wconf 80' lang='grc' dir='ltr'>αὐτῶν</span> <span class='ocrx_word' id='word_1_438' title='bbox 3387 3034 3780 3105; x_wconf 85' lang='grc' dir='ltr'>περιμάχητος.</span> 
     </span>
    </p>
   </div>
   <div class='ocr_carea' id='block_1_60' title="bbox 518 3120 2163 3204">
    <p class='ocr_par' dir='ltr' id='par_1_60' title="bbox 518 3120 2163 3204">
     <span class='ocr_line' id='line_1_60' title="bbox 518 3120 2163 3204; baseline 0.001 -29"><span class='ocrx_word' id='word_1_439' title='bbox 518 3122 839 3176; x_wconf 84' lang='lat' dir='ltr'><strong>rnunionem</strong></span> <span class='ocrx_word' id='word_1_440' title='bbox 886 3121 1036 3175; x_wconf 86' lang='lat' dir='ltr'><strong>illam</strong></span> <span class='ocrx_word' id='word_1_441' title='bbox 1080 3120 1350 3190; x_wconf 87' lang='lat' dir='ltr'><strong>dissipare</strong></span> <span class='ocrx_word' id='word_1_442' title='bbox 1399 3122 1690 3190; x_wconf 88' lang='lat' dir='ltr'><strong>potuisset,</strong></span> <span class='ocrx_word' id='word_1_443' title='bbox 1750 3122 2105 3177; x_wconf 85' lang='lat' dir='ltr'><strong>solertissime</strong></span> <span class='ocrx_word' id='word_1_444' title='bbox 2132 3143 2163 3204; x_wconf 72' lang='grc' dir='ltr'><strong>ί</strong></span> 
     </span>
    </p>
   </div>
   <div class='ocr_carea' id='block_1_61' title="bbox 2136 3120 3781 3204">
    <p class='ocr_par' dir='ltr' id='par_1_61' title="bbox 2136 3123 3781 3204">
     <span class='ocr_line' id='line_1_61' title="bbox 2136 3123 3781 3204; baseline 0.001 -28"><span class='ocrx_word' id='word_1_445' title='bbox 2136 3143 2177 3204; x_wconf 75' lang='lat' dir='ltr'><strong>c</strong></span> <span class='ocrx_word' id='word_1_446' title='bbox 2210 3124 2359 3177; x_wconf 82' lang='grc' dir='ltr'>Ὤστ⁹</span> <span class='ocrx_word' id='word_1_447' title='bbox 2386 3124 2487 3177; x_wconf 87' lang='grc' dir='ltr'><strong>οὐκ</strong></span> <span class='ocrx_word' id='word_1_448' title='bbox 2514 3123 2723 3177; x_wconf 65' lang='grc' dir='ltr'>ἰδιῶται</span> <span class='ocrx_word' id='word_1_449' title='bbox 2757 3124 2935 3194; x_wconf 88' lang='grc' dir='ltr'>μόνον,</span> <span class='ocrx_word' id='word_1_450' title='bbox 2962 3123 3097 3177; x_wconf 81' lang='grc' dir='ltr'>ἀλλὰ</span> <span class='ocrx_word' id='word_1_451' title='bbox 3137 3125 3231 3178; x_wconf 78' lang='grc' dir='ltr'>καὶ</span> <span class='ocrx_word' id='word_1_452' title='bbox 3253 3124 3479 3195; x_wconf 79' lang='grc' dir='ltr'>μεγάλοι</span> <span class='ocrx_word' id='word_1_453' title='bbox 3523 3125 3781 3195; x_wconf 76' lang='grc' dir='ltr'>βασιλεῖς,</span> 
     </span>
    </p>
   </div>
   <div class='ocr_carea' id='block_1_62' title="bbox 517 3211 2162 3288">
    <p class='ocr_par' dir='ltr' id='par_1_62' title="bbox 517 3211 2106 3288">
     <span class='ocr_line' id='line_1_62' title="bbox 517 3211 2106 3288; baseline 0.003 -24"><span class='ocrx_word' id='word_1_454' title='bbox 517 3211 886 3281; x_wconf 85' lang='lat' dir='ltr'><strong>providentes,</strong></span> <span class='ocrx_word' id='word_1_455' title='bbox 918 3212 1243 3288; x_wconf 48' lang='lat' dir='ltr'><strong>ita.nuptias</strong></span> <span class='ocrx_word' id='word_1_456' title='bbox 1296 3212 1588 3282; x_wconf 89' lang='lat' dir='ltr'><strong>repudiare</strong></span> <span class='ocrx_word' id='word_1_457' title='bbox 1618 3213 1815 3277; x_wconf 81' lang='lat' dir='ltr'><strong>solent,</strong></span> <span class='ocrx_word' id='word_1_458' title='bbox 1859 3222 1921 3267; x_wconf 93' lang='lat' dir='ltr'><strong>ut</strong></span> <span class='ocrx_word' id='word_1_459' title='bbox 1965 3216 2106 3269; x_wconf 90' lang='lat' dir='ltr'><strong>inte-</strong></span> 
     </span>
    </p>
   </div>
   <div class='ocr_carea' id='block_1_63' title="bbox 2141 3211 3786 3288">
    <p class='ocr_par' dir='ltr' id='par_1_63' title="bbox 2207 3215 3786 3288">
     <span class='ocr_line' id='line_1_63' title="bbox 2207 3215 3786 3288; baseline 0.001 -20"><span class='ocrx_word' id='word_1_460' title='bbox 2207 3215 2476 3285; x_wconf 80' lang='grc' dir='ltr'>ἀγάμενοι</span> <span class='ocrx_word' id='word_1_461' title='bbox 2507 3217 2635 3280; x_wconf 81' lang='grc' dir='ltr'>τοὺς</span> <span class='ocrx_word' id='word_1_462' title='bbox 2658 3215 2857 3288; x_wconf 76' lang='grc' dir='ltr'>ἄνδρας</span> <span class='ocrx_word' id='word_1_463' title='bbox 2876 3256 2891 3281; x_wconf 90' lang='grc'><strong>,</strong></span> <span class='ocrx_word' id='word_1_464' title='bbox 2925 3216 3211 3287; x_wconf 81' lang='grc' dir='ltr'>τεθήπασι,</span> <span class='ocrx_word' id='word_1_465' title='bbox 3243 3219 3337 3272; x_wconf 74' lang='grc' dir='ltr'>καὶ</span> <span class='ocrx_word' id='word_1_466' title='bbox 3366 3218 3429 3272; x_wconf 81' lang='grc' dir='ltr'>τὸ</span> <span class='ocrx_word' id='word_1_467' title='bbox 3464 3217 3659 3288; x_wconf 80' lang='grc' dir='ltr'>σεμνὸν</span> <span class='ocrx_word' id='word_1_468' title='bbox 3685 3218 3786 3271; x_wconf 86' lang='grc' dir='ltr'>αὐ-</span> 
     </span>
    </p>
   </div>
   <div class='ocr_carea' id='block_1_64' title="bbox 518 3304 2163 3381">
    <p class='ocr_par' dir='ltr' id='par_1_64' title="bbox 518 3306 2106 3376">
     <span class='ocr_line' id='line_1_64' title="bbox 518 3306 2106 3376; baseline 0.003 -17"><span class='ocrx_word' id='word_1_469' title='bbox 518 3306 768 3376; x_wconf 73' lang='lat' dir='ltr'><strong>gerrimte</strong></span> <span class='ocrx_word' id='word_1_470' title='bbox 789 3306 1139 3362; x_wconf 71' lang='lat' dir='ltr'><strong>continentia:</strong></span> <span class='ocrx_word' id='word_1_471' title='bbox 1166 3307 1383 3362; x_wconf 87' lang='lat' dir='ltr'><strong>laudem</strong></span> <span class='ocrx_word' id='word_1_472' title='bbox 1411 3307 1516 3363; x_wconf 90' lang='lat' dir='ltr'><strong>sibi</strong></span> <span class='ocrx_word' id='word_1_473' title='bbox 1559 3306 1888 3376; x_wconf 63' lang='lat' dir='ltr'><strong>praecipuam</strong></span> <span class='ocrx_word' id='word_1_474' title='bbox 1918 3308 2106 3364; x_wconf 77' lang='lat' dir='ltr'><strong>defen-</strong></span> 
     </span>
    </p>
   </div>
   <div class='ocr_carea' id='block_1_65' title="bbox 2130 3304 3775 3381">
    <p class='ocr_par' dir='ltr' id='par_1_65' title="bbox 2206 3304 3775 3381">
     <span class='ocr_line' id='line_1_65' title="bbox 2206 3304 3775 3381; baseline 0.001 -21"><span class='ocrx_word' id='word_1_475' title='bbox 2206 3304 2313 3360; x_wconf 82' lang='grc' dir='ltr'>τῶν</span> <span class='ocrx_word' id='word_1_476' title='bbox 2337 3307 2628 3377; x_wconf 79' lang='grc' dir='ltr'>άποδοχαῖς</span> <span class='ocrx_word' id='word_1_477' title='bbox 2653 3311 2748 3360; x_wconf 65' lang='grc' dir='ltr'>καὶ</span> <span class='ocrx_word' id='word_1_478' title='bbox 2769 3310 2956 3379; x_wconf 81' lang='grc' dir='ltr'>τιμαῖς</span> <span class='ocrx_word' id='word_1_479' title='bbox 2979 3307 3058 3363; x_wconf 77' lang='grc' dir='ltr'>ἔτι</span> <span class='ocrx_word' id='word_1_480' title='bbox 3095 3308 3295 3379; x_wconf 76' lang='grc' dir='ltr'>μᾶλλον</span> <span class='ocrx_word' id='word_1_481' title='bbox 3326 3309 3725 3381; x_wconf 81' lang='grc' dir='ltr'>σεμνοποιοῦσι.</span> <span class='ocrx_word' id='word_1_482' title='bbox 3756 3330 3775 3361; x_wconf 77' lang='grc' dir='ltr'><strong>ι</strong></span> 
     </span>
    </p>
   </div>
   <div class='ocr_carea' id='block_1_66' title="bbox 516 3394 2161 3471">
    <p class='ocr_par' dir='ltr' id='par_1_66' title="bbox 516 3394 2100 3470">
     <span class='ocr_line' id='line_1_66' title="bbox 516 3394 2100 3470; baseline 0.005 -22"><span class='ocrx_word' id='word_1_483' title='bbox 516 3394 669 3449; x_wconf 89' lang='lat' dir='ltr'><strong>dant.</strong></span> <span class='ocrx_word' id='word_1_484' title='bbox 703 3394 778 3450; x_wconf 88' lang='lat' dir='ltr'><strong>Ita</strong></span> <span class='ocrx_word' id='word_1_485' title='bbox 807 3395 1116 3452; x_wconf 73' lang='lat' dir='ltr'><strong>Essteorum</strong></span> <span class='ocrx_word' id='word_1_486' title='bbox 1141 3411 1303 3451; x_wconf 90' lang='lat' dir='ltr'><strong>nemo</strong></span> <span class='ocrx_word' id='word_1_487' title='bbox 1331 3412 1557 3451; x_wconf 77' lang='lat' dir='ltr'><strong>uxorem</strong></span> <span class='ocrx_word' id='word_1_488' title='bbox 1581 3398 1752 3465; x_wconf 90' lang='lat' dir='ltr'><strong>ducit,</strong></span> <span class='ocrx_word' id='word_1_489' title='bbox 1790 3399 1947 3470; x_wconf 84' lang='lat' dir='ltr'><strong>quod</strong></span> <span class='ocrx_word' id='word_1_490' title='bbox 1972 3417 2100 3455; x_wconf 88' lang='lat' dir='ltr'><strong>mu-</strong></span> 
     </span>
    </p>
   </div>
   <div class='ocr_carea' id='block_1_67' title="bbox 2130 3394 3775 3471">
    <p class='ocr_par' dir='ltr' id='par_1_67' title="bbox 2204 3397 3775 3471">
     <span class='ocr_line' id='line_1_67' title="bbox 2204 3397 3775 3471; baseline 0.002 -21"><span class='ocrx_word' id='word_1_491' title='bbox 2204 3397 2389 3452; x_wconf 80' lang='grc' dir='ltr'>Ταῦτα</span> <span class='ocrx_word' id='word_1_492' title='bbox 2418 3400 2514 3470; x_wconf 79' lang='grc' dir='ltr'>μὲν</span> <span class='ocrx_word' id='word_1_493' title='bbox 2540 3399 2650 3452; x_wconf 84' lang='grc' dir='ltr'><strong>άπὸ</strong></span> <span class='ocrx_word' id='word_1_494' title='bbox 2662 3398 2757 3452; x_wconf 80' lang='grc' dir='ltr'>τοῦ</span> <span class='ocrx_word' id='word_1_495' title='bbox 2780 3400 3068 3471; x_wconf 77' lang='grc' dir='ltr'>εἰρημένου</span> <span class='ocrx_word' id='word_1_496' title='bbox 3099 3400 3298 3455; x_wconf 81' lang='grc' dir='ltr'>κείσθω</span> <span class='ocrx_word' id='word_1_497' title='bbox 3328 3402 3775 3471; x_wconf 84' lang='grc' dir='ltr'>συγγράμματος·</span> 
     </span>
    </p>
   </div>
   <div class='ocr_carea' id='block_1_68' title="bbox 515 3483 2160 3560">
    <p class='ocr_par' dir='ltr' id='par_1_68' title="bbox 515 3483 2101 3558">
     <span class='ocr_line' id='line_1_68' title="bbox 515 3483 2101 3558; baseline 0.006 -21"><span class='ocrx_word' id='word_1_498' title='bbox 515 3483 901 3555; x_wconf 85' lang='lat' dir='ltr'><strong>lierejusmodi</strong></span> <span class='ocrx_word' id='word_1_499' title='bbox 937 3487 1031 3550; x_wconf 85' lang='lat' dir='ltr'><strong>sit,</strong></span> <span class='ocrx_word' id='word_1_500' title='bbox 1091 3502 1215 3558; x_wconf 84' lang='lat' dir='ltr'><strong>quae</strong></span> <span class='ocrx_word' id='word_1_501' title='bbox 1255 3501 1381 3541; x_wconf 91' lang='lat' dir='ltr'><strong>cum</strong></span> <span class='ocrx_word' id='word_1_502' title='bbox 1429 3487 1665 3556; x_wconf 87' lang='lat' dir='ltr'><strong>seipsam</strong></span> <span class='ocrx_word' id='word_1_503' title='bbox 1718 3489 2101 3546; x_wconf 83' lang='lat' dir='ltr'><strong>vehementius</strong></span> 
     </span>
    </p>
   </div>
   <div class='ocr_carea' id='block_1_69' title="bbox 2134 3483 3779 3560">
    <p class='ocr_par' dir='ltr' id='par_1_69' title="bbox 2202 3489 3779 3560">
     <span class='ocr_line' id='line_1_69' title="bbox 2202 3489 3779 3560; baseline 0.003 -18"><span class='ocrx_word' id='word_1_504' title='bbox 2202 3489 2312 3543; x_wconf 77' lang='grc' dir='ltr'><strong>ἀπὸ</strong></span> <span class='ocrx_word' id='word_1_505' title='bbox 2332 3489 2390 3544; x_wconf 85' lang='grc' dir='ltr'>δὲ</span> <span class='ocrx_word' id='word_1_506' title='bbox 2418 3489 2514 3543; x_wconf 83' lang='grc' dir='ltr'>τοῦ</span> <span class='ocrx_word' id='word_1_507' title='bbox 2534 3529 2550 3554; x_wconf 91' lang='grc'><strong>,</strong></span> <span class='ocrx_word' id='word_1_508' title='bbox 2572 3491 2715 3560; x_wconf 75' lang='grc' dir='ltr'>Περὶ</span> <span class='ocrx_word' id='word_1_509' title='bbox 2752 3490 2859 3545; x_wconf 82' lang='grc' dir='ltr'>τοῦ</span> <span class='ocrx_word' id='word_1_510' title='bbox 2890 3491 3086 3546; x_wconf 80' lang='grc' dir='ltr'>πάντα</span> <span class='ocrx_word' id='word_1_511' title='bbox 3106 3492 3442 3547; x_wconf 77' lang='grc' dir='ltr'>σπουδαῖον</span> <span class='ocrx_word' id='word_1_512' title='bbox 3454 3491 3779 3560; x_wconf 70' lang='grc' dir='ltr'>ἐλεύθερον</span> 
     </span>
    </p>
   </div>
   <div class='ocr_carea' id='block_1_70' title="bbox 514 3574 2159 3655">
    <p class='ocr_par' dir='ltr' id='par_1_70' title="bbox 514 3576 2107 3648">
     <span class='ocr_line' id='line_1_70' title="bbox 514 3576 2107 3648; baseline 0.002 -19"><span class='ocrx_word' id='word_1_513' title='bbox 514 3586 682 3639; x_wconf 89' lang='lat' dir='ltr'><strong>amet,</strong></span> <span class='ocrx_word' id='word_1_514' title='bbox 739 3591 805 3631; x_wconf 85' lang='lat' dir='ltr'><strong>ac</strong></span> <span class='ocrx_word' id='word_1_515' title='bbox 855 3577 1120 3648; x_wconf 87' lang='lat' dir='ltr'><strong>zelotypia</strong></span> <span class='ocrx_word' id='word_1_516' title='bbox 1176 3578 1389 3633; x_wconf 84' lang='lat' dir='ltr'><strong>laboret</strong></span> <span class='ocrx_word' id='word_1_517' title='bbox 1445 3578 1737 3634; x_wconf 88' lang='lat' dir='ltr'><strong>immodica</strong></span> <span class='ocrx_word' id='word_1_518' title='bbox 1766 3595 1784 3632; x_wconf 86' lang='lat'><strong>:</strong></span> <span class='ocrx_word' id='word_1_519' title='bbox 1827 3590 1943 3635; x_wconf 89' lang='lat' dir='ltr'><strong>tum</strong></span> <span class='ocrx_word' id='word_1_520' title='bbox 1993 3576 2107 3634; x_wconf 63' lang='lat' dir='ltr'><strong>viri</strong></span> 
     </span>
    </p>
   </div>
   <div class='ocr_carea' id='block_1_71' title="bbox 1672 3574 3317 3655">
    <p class='ocr_par' dir='ltr' id='par_1_71' title="bbox 1674 3574 3317 3655">
     <span class='ocr_line' id='line_1_71' title="bbox 1674 3574 3317 3655; baseline 0.001 -21"><span class='ocrx_word' id='word_1_521' title='bbox 1674 3594 1737 3634; x_wconf 87' lang='lat' dir='ltr'><strong>ca</strong></span> <span class='ocrx_word' id='word_1_522' title='bbox 1766 3595 1784 3632; x_wconf 87' lang='lat'><strong>:</strong></span> <span class='ocrx_word' id='word_1_523' title='bbox 1827 3590 1943 3635; x_wconf 88' lang='lat' dir='ltr'><strong>tum</strong></span> <span class='ocrx_word' id='word_1_524' title='bbox 1993 3576 2107 3634; x_wconf 69' lang='lat' dir='ltr'><strong>viri</strong></span> <span class='ocrx_word' id='word_1_525' title='bbox 2196 3574 2371 3646; x_wconf 78' lang='grc' dir='ltr'>εἶναὶ,</span> <span class='ocrx_word' id='word_1_526' title='bbox 2404 3580 2475 3634; x_wconf 83' lang='grc' dir='ltr'>τὰ</span> <span class='ocrx_word' id='word_1_527' title='bbox 2498 3579 2672 3645; x_wconf 76' lang='grc' dir='ltr'>οὕτως</span> <span class='ocrx_word' id='word_1_528' title='bbox 2695 3579 2885 3652; x_wconf 74' lang='grc' dir='ltr'>ἔχοντα</span> <span class='ocrx_word' id='word_1_529' title='bbox 2913 3582 3317 3655; x_wconf 86' lang='grc' dir='ltr'>παραθήσομαι.</span> 
     </span>
    </p>
   </div>
   <div class='ocr_carea' id='block_1_72' title="bbox 515 3665 3774 3739">
    <p class='ocr_par' dir='ltr' id='par_1_72' title="bbox 515 3665 3774 3739">
     <span class='ocr_line' id='line_1_72' title="bbox 515 3665 3774 3739; baseline 0.003 -20"><span class='ocrx_word' id='word_1_530' title='bbox 515 3679 736 3736; x_wconf 90' lang='lat' dir='ltr'><strong>quoque</strong></span> <span class='ocrx_word' id='word_1_531' title='bbox 762 3681 941 3721; x_wconf 89' lang='lat' dir='ltr'><strong>mores</strong></span> <span class='ocrx_word' id='word_1_532' title='bbox 970 3675 1025 3720; x_wconf 90' lang='lat' dir='ltr'><strong>et</strong></span> <span class='ocrx_word' id='word_1_533' title='bbox 1045 3665 1204 3722; x_wconf 80' lang='lat' dir='ltr'><strong>facile</strong></span> <span class='ocrx_word' id='word_1_534' title='bbox 1240 3676 1584 3723; x_wconf 86' lang='lat' dir='ltr'><strong>transversos</strong></span> <span class='ocrx_word' id='word_1_535' title='bbox 1627 3677 1753 3739; x_wconf 80' lang='lat' dir='ltr'><strong>agat</strong></span> <span class='ocrx_word' id='word_1_536' title='bbox 1780 3677 1835 3723; x_wconf 91' lang='lat' dir='ltr'><strong>et</strong></span> <span class='ocrx_word' id='word_1_537' title='bbox 1856 3668 2201 3728; x_wconf 76' lang='lat' dir='ltr'><strong>assiduarum</strong></span> <span class='ocrx_word' id='word_1_538' title='bbox 2231 3670 2616 3725; x_wconf 88' lang='lat' dir='ltr'><strong>blanditiarum</strong></span> <span class='ocrx_word' id='word_1_539' title='bbox 2648 3671 2918 3728; x_wconf 83' lang='lat' dir='ltr'><strong>illecebris</strong></span> <span class='ocrx_word' id='word_1_540' title='bbox 2953 3688 3019 3728; x_wconf 91' lang='lat' dir='ltr'><strong>ac</strong></span> <span class='ocrx_word' id='word_1_541' title='bbox 3048 3674 3333 3729; x_wconf 88' lang='lat' dir='ltr'><strong>lenociniis</strong></span> <span class='ocrx_word' id='word_1_542' title='bbox 3353 3673 3614 3728; x_wconf 87' lang='lat' dir='ltr'><strong>emolliat.</strong></span> <span class='ocrx_word' id='word_1_543' title='bbox 3634 3671 3774 3729; x_wconf 82' lang='lat' dir='ltr'><strong>Nam</strong></span> 
     </span>
    </p>
   </div>
   <div class='ocr_carea' id='block_1_73' title="bbox 513 3757 3775 3835">
    <p class='ocr_par' dir='ltr' id='par_1_73' title="bbox 513 3757 3775 3835">
     <span class='ocr_line' id='line_1_73' title="bbox 513 3757 3775 3835; baseline 0.001 -24"><span class='ocrx_word' id='word_1_544' title='bbox 513 3758 607 3812; x_wconf 80' lang='lat' dir='ltr'><strong>ubi</strong></span> <span class='ocrx_word' id='word_1_545' title='bbox 630 3757 812 3812; x_wconf 85' lang='lat' dir='ltr'><strong>verbis</strong></span> <span class='ocrx_word' id='word_1_546' title='bbox 835 3758 903 3811; x_wconf 91' lang='lat' dir='ltr'><strong>ad</strong></span> <span class='ocrx_word' id='word_1_547' title='bbox 923 3758 1349 3813; x_wconf 86' lang='lat' dir='ltr'><strong>assentationem</strong></span> <span class='ocrx_word' id='word_1_548' title='bbox 1372 3759 1853 3829; x_wconf 88' lang='lat' dir='ltr'><strong>adulationemque</strong></span> <span class='ocrx_word' id='word_1_549' title='bbox 1872 3760 2212 3829; x_wconf 90' lang='lat' dir='ltr'><strong>compositis,</strong></span> <span class='ocrx_word' id='word_1_550' title='bbox 2230 3774 2295 3815; x_wconf 90' lang='lat' dir='ltr'><strong>ac</strong></span> <span class='ocrx_word' id='word_1_551' title='bbox 2322 3760 2536 3829; x_wconf 89' lang='lat' dir='ltr'><strong>reliquo</strong></span> <span class='ocrx_word' id='word_1_552' title='bbox 2566 3758 2934 3815; x_wconf 89' lang='lat' dir='ltr'><strong>simulationis</strong></span> <span class='ocrx_word' id='word_1_553' title='bbox 2957 3761 3210 3825; x_wconf 74' lang='lat' dir='ltr'><strong>artiﬁcio,</strong></span> <span class='ocrx_word' id='word_1_554' title='bbox 3228 3771 3486 3832; x_wconf 89' lang='lat' dir='ltr'><strong>tanquam</strong></span> <span class='ocrx_word' id='word_1_555' title='bbox 3506 3761 3562 3815; x_wconf 93' lang='lat' dir='ltr'><strong>in</strong></span> <span class='ocrx_word' id='word_1_556' title='bbox 3585 3777 3775 3835; x_wconf 76' lang='lat' dir='ltr'><strong>scena,</strong></span> 
     </span>
    </p>
   </div>
   <div class='ocr_carea' id='block_1_74' title="bbox 509 3844 3771 3925">
    <p class='ocr_par' dir='ltr' id='par_1_74' title="bbox 509 3844 3771 3925">
     <span class='ocr_line' id='line_1_74' title="bbox 509 3844 3771 3925; baseline 0.001 -19"><span class='ocrx_word' id='word_1_557' title='bbox 509 3849 701 3906; x_wconf 89' lang='lat' dir='ltr'><strong>oculos</strong></span> <span class='ocrx_word' id='word_1_558' title='bbox 724 3850 894 3905; x_wconf 88' lang='lat' dir='ltr'><strong>semel</strong></span> <span class='ocrx_word' id='word_1_559' title='bbox 925 3862 1197 3919; x_wconf 83' lang='lat' dir='ltr'><strong>auresque</strong></span> <span class='ocrx_word' id='word_1_560' title='bbox 1217 3849 1452 3914; x_wconf 89' lang='lat' dir='ltr'><strong>deliniit,</strong></span> <span class='ocrx_word' id='word_1_561' title='bbox 1485 3859 1599 3905; x_wconf 92' lang='lat' dir='ltr'><strong>tum</strong></span> <span class='ocrx_word' id='word_1_562' title='bbox 1632 3865 1765 3905; x_wconf 87' lang='lat' dir='ltr'><strong>vero</strong></span> <span class='ocrx_word' id='word_1_563' title='bbox 1792 3850 2017 3921; x_wconf 88' lang='lat' dir='ltr'><strong>perinde</strong></span> <span class='ocrx_word' id='word_1_564' title='bbox 2043 3866 2108 3907; x_wconf 86' lang='lat' dir='ltr'><strong>ac</strong></span> <span class='ocrx_word' id='word_1_565' title='bbox 2129 3851 2517 3908; x_wconf 89' lang='lat' dir='ltr'><strong>circumventis</strong></span> <span class='ocrx_word' id='word_1_566' title='bbox 2541 3852 2797 3918; x_wconf 86' lang='lat' dir='ltr'><strong>subditis,</strong></span> <span class='ocrx_word' id='word_1_567' title='bbox 2817 3844 3010 3911; x_wconf 77' lang='lat' dir='ltr'><strong>ducem</strong></span> <span class='ocrx_word' id='word_1_568' title='bbox 3036 3854 3216 3924; x_wconf 87' lang='lat' dir='ltr'><strong>ipsum</strong></span> <span class='ocrx_word' id='word_1_569' title='bbox 3230 3871 3293 3910; x_wconf 91' lang='lat' dir='ltr'><strong>ac</strong></span> <span class='ocrx_word' id='word_1_570' title='bbox 3317 3855 3621 3925; x_wconf 87' lang='lat' dir='ltr'><strong>principem</strong></span> <span class='ocrx_word' id='word_1_571' title='bbox 3647 3856 3771 3910; x_wconf 86' lang='lat' dir='ltr'><strong>ani-</strong></span> 
     </span>
    </p>
   </div>
   <div class='ocr_carea' id='block_1_75' title="bbox 510 3944 3769 4021">
    <p class='ocr_par' dir='ltr' id='par_1_75' title="bbox 510 3944 3769 4021">
     <span class='ocr_line' id='line_1_75' title="bbox 510 3944 3769 4021; baseline 0.002 -20"><span class='ocrx_word' id='word_1_572' title='bbox 510 3960 663 4001; x_wconf 87' lang='lat' dir='ltr'><strong>mum</strong></span> <span class='ocrx_word' id='word_1_573' title='bbox 699 3947 950 4000; x_wconf 74' lang='lat' dir='ltr'><strong>eumdem</strong></span> <span class='ocrx_word' id='word_1_574' title='bbox 984 3947 1039 4000; x_wconf 93' lang='lat' dir='ltr'><strong>in</strong></span> <span class='ocrx_word' id='word_1_575' title='bbox 1068 3960 1311 4001; x_wconf 89' lang='lat' dir='ltr'><strong>errorem</strong></span> <span class='ocrx_word' id='word_1_576' title='bbox 1337 3946 1563 4001; x_wconf 90' lang='lat' dir='ltr'><strong>inducit.</strong></span> <span class='ocrx_word' id='word_1_577' title='bbox 1594 3944 1728 4013; x_wconf 70' lang='lat' dir='ltr'><strong>Quae</strong></span> <span class='ocrx_word' id='word_1_578' title='bbox 1771 3947 1818 4003; x_wconf 89' lang='lat' dir='ltr'><strong>si</strong></span> <span class='ocrx_word' id='word_1_579' title='bbox 1848 3948 2051 4004; x_wconf 88' lang='lat' dir='ltr'><strong>liberos</strong></span> <span class='ocrx_word' id='word_1_580' title='bbox 2078 3963 2298 4019; x_wconf 85' lang='lat' dir='ltr'><strong>quoque</strong></span> <span class='ocrx_word' id='word_1_581' title='bbox 2313 3948 2635 4017; x_wconf 89' lang='lat' dir='ltr'><strong>susceperit,</strong></span> <span class='ocrx_word' id='word_1_582' title='bbox 2670 3964 2795 4004; x_wconf 78' lang='lat' dir='ltr'><strong>mox</strong></span> <span class='ocrx_word' id='word_1_583' title='bbox 2823 3950 3090 4020; x_wconf 62' lang='lat' dir='ltr'><strong>procacia</strong></span> <span class='ocrx_word' id='word_1_584' title='bbox 3124 3950 3574 4021; x_wconf 65' lang='lat' dir='ltr'><strong>conlidentieque</strong></span> <span class='ocrx_word' id='word_1_585' title='bbox 3590 3952 3769 4021; x_wconf 89' lang='lat' dir='ltr'><strong>plena,</strong></span> 
     </span>
    </p>
   </div>
   <div class='ocr_carea' id='block_1_76' title="bbox 510 4037 3771 4113">
    <p class='ocr_par' dir='ltr' id='par_1_76' title="bbox 510 4037 3771 4113">
     <span class='ocr_line' id='line_1_76' title="bbox 510 4037 3771 4113; baseline 0.001 -21"><span class='ocrx_word' id='word_1_586' title='bbox 510 4037 772 4108; x_wconf 90' lang='lat' dir='ltr'><strong>quidquid</strong></span> <span class='ocrx_word' id='word_1_587' title='bbox 797 4037 1052 4093; x_wconf 82' lang='lat' dir='ltr'><strong>simulate</strong></span> <span class='ocrx_word' id='word_1_588' title='bbox 1063 4039 1219 4108; x_wconf 88' lang='lat' dir='ltr'><strong>prius</strong></span> <span class='ocrx_word' id='word_1_589' title='bbox 1239 4053 1305 4094; x_wconf 87' lang='lat' dir='ltr'><strong>ac</strong></span> <span class='ocrx_word' id='word_1_590' title='bbox 1320 4039 1549 4094; x_wconf 88' lang='lat' dir='ltr'><strong>subdole</strong></span> <span class='ocrx_word' id='word_1_591' title='bbox 1570 4040 1884 4094; x_wconf 86' lang='lat' dir='ltr'><strong>insinuabat</strong></span> <span class='ocrx_word' id='word_1_592' title='bbox 1900 4040 2122 4111; x_wconf 71' lang='lat' dir='ltr'><strong>381M</strong></span> <span class='ocrx_word' id='word_1_593' title='bbox 2145 4042 2322 4110; x_wconf 87' lang='lat' dir='ltr'><strong>palam</strong></span> <span class='ocrx_word' id='word_1_594' title='bbox 2349 4050 2514 4109; x_wconf 89' lang='lat' dir='ltr'><strong>atque</strong></span> <span class='ocrx_word' id='word_1_595' title='bbox 2530 4041 2793 4096; x_wconf 89' lang='lat' dir='ltr'><strong>audacius</strong></span> <span class='ocrx_word' id='word_1_596' title='bbox 2809 4041 3072 4111; x_wconf 91' lang='lat' dir='ltr'><strong>loquitur,</strong></span> <span class='ocrx_word' id='word_1_597' title='bbox 3091 4052 3365 4113; x_wconf 77' lang='lat' dir='ltr'><strong>exutoque</strong></span> <span class='ocrx_word' id='word_1_598' title='bbox 3389 4044 3595 4112; x_wconf 89' lang='lat' dir='ltr'><strong>pudore</strong></span> <span class='ocrx_word' id='word_1_599' title='bbox 3617 4039 3771 4096; x_wconf 86' lang='lat' dir='ltr'><strong>omni</strong></span> 
     </span>
    </p>
   </div>
   <div class='ocr_carea' id='block_1_77' title="bbox 506 4127 3770 4200">
    <p class='ocr_par' dir='ltr' id='par_1_77' title="bbox 506 4127 3770 4200">
     <span class='ocr_line' id='line_1_77' title="bbox 506 4127 3770 4200; baseline 0 -17"><span class='ocrx_word' id='word_1_600' title='bbox 506 4142 607 4199; x_wconf 60' lang='lat' dir='ltr'><strong>per</strong></span> <span class='ocrx_word' id='word_1_601' title='bbox 631 4130 740 4184; x_wconf 86' lang='lat' dir='ltr'><strong>vim</strong></span> <span class='ocrx_word' id='word_1_602' title='bbox 768 4139 1091 4199; x_wconf 79' lang='lat' dir='ltr'><strong>extorquere</strong></span> <span class='ocrx_word' id='word_1_603' title='bbox 1119 4136 1369 4184; x_wconf 90' lang='lat' dir='ltr'><strong>conatur.</strong></span> <span class='ocrx_word' id='word_1_604' title='bbox 1390 4127 1523 4195; x_wconf 75' lang='lat' dir='ltr'><strong>Quae</strong></span> <span class='ocrx_word' id='word_1_605' title='bbox 1537 4128 1757 4199; x_wconf 89' lang='lat' dir='ltr'><strong>quidem</strong></span> <span class='ocrx_word' id='word_1_606' title='bbox 1781 4145 1813 4184; x_wconf 88' lang='lat' dir='ltr'><strong>a</strong></span> <span class='ocrx_word' id='word_1_607' title='bbox 1846 4132 2112 4185; x_wconf 88' lang='lat' dir='ltr'><strong>societate</strong></span> <span class='ocrx_word' id='word_1_608' title='bbox 2131 4130 2310 4185; x_wconf 91' lang='lat' dir='ltr'><strong>aliena</strong></span> <span class='ocrx_word' id='word_1_609' title='bbox 2341 4137 2471 4185; x_wconf 90' lang='lat' dir='ltr'><strong>sunt</strong></span> <span class='ocrx_word' id='word_1_610' title='bbox 2498 4130 2705 4184; x_wconf 91' lang='lat' dir='ltr'><strong>omnia.</strong></span> <span class='ocrx_word' id='word_1_611' title='bbox 2737 4128 3001 4200; x_wconf 84' lang='lat' dir='ltr'><strong>Quisquis</strong></span> <span class='ocrx_word' id='word_1_612' title='bbox 3023 4132 3168 4187; x_wconf 87' lang='lat' dir='ltr'><strong>enim</strong></span> <span class='ocrx_word' id='word_1_613' title='bbox 3192 4138 3287 4186; x_wconf 88' lang='lat' dir='ltr'><strong>aut</strong></span> <span class='ocrx_word' id='word_1_614' title='bbox 3317 4131 3507 4186; x_wconf 77' lang='lat' dir='ltr'><strong>uxoris</strong></span> <span class='ocrx_word' id='word_1_615' title='bbox 3525 4131 3770 4186; x_wconf 77' lang='lat' dir='ltr'><strong>irretitus</strong></span> 
     </span>
    </p>
   </div>
   <div class='ocr_carea' id='block_1_78' title="bbox 506 4221 3763 4295">
    <p class='ocr_par' dir='ltr' id='par_1_78' title="bbox 506 4221 3763 4295">
     <span class='ocr_line' id='line_1_78' title="bbox 506 4221 3763 4295; baseline 0.001 -18"><span class='ocrx_word' id='word_1_616' title='bbox 506 4221 798 4288; x_wconf 75' lang='lat' dir='ltr'><strong>illecebris,</strong></span> <span class='ocrx_word' id='word_1_617' title='bbox 819 4231 913 4278; x_wconf 84' lang='lat' dir='ltr'><strong>aut</strong></span> <span class='ocrx_word' id='word_1_618' title='bbox 936 4238 1066 4278; x_wconf 88' lang='lat' dir='ltr'><strong>cura</strong></span> <span class='ocrx_word' id='word_1_619' title='bbox 1090 4223 1410 4287; x_wconf 82' lang='lat' dir='ltr'><strong>liberorum,</strong></span> <span class='ocrx_word' id='word_1_620' title='bbox 1443 4224 1679 4292; x_wconf 84' lang='lat' dir='ltr'><strong>quadam</strong></span> <span class='ocrx_word' id='word_1_621' title='bbox 1711 4232 1919 4278; x_wconf 66' lang='lat' dir='ltr'><strong>natura:</strong></span> <span class='ocrx_word' id='word_1_622' title='bbox 1941 4224 2286 4288; x_wconf 87' lang='lat' dir='ltr'><strong>necessitate,</strong></span> <span class='ocrx_word' id='word_1_623' title='bbox 2309 4223 2616 4292; x_wconf 85' lang='lat' dir='ltr'><strong>implicatus</strong></span> <span class='ocrx_word' id='word_1_624' title='bbox 2640 4232 2744 4285; x_wconf 89' lang='lat' dir='ltr'><strong>est.</strong></span> <span class='ocrx_word' id='word_1_625' title='bbox 2772 4224 2819 4278; x_wconf 91' lang='lat' dir='ltr'><strong>is</strong></span> <span class='ocrx_word' id='word_1_626' title='bbox 2837 4225 3099 4280; x_wconf 84' lang='lat' dir='ltr'><strong>adversus</strong></span> <span class='ocrx_word' id='word_1_627' title='bbox 3117 4225 3256 4280; x_wconf 89' lang='lat' dir='ltr'><strong>alios</strong></span> <span class='ocrx_word' id='word_1_628' title='bbox 3277 4225 3421 4280; x_wconf 87' lang='lat' dir='ltr'><strong>idem</strong></span> <span class='ocrx_word' id='word_1_629' title='bbox 3471 4224 3568 4295; x_wconf 88' lang='lat' dir='ltr'><strong>qui</strong></span> <span class='ocrx_word' id='word_1_630' title='bbox 3607 4225 3763 4293; x_wconf 86' lang='lat' dir='ltr'><strong>prius</strong></span> 
     </span>
    </p>
   </div>
   <div class='ocr_carea' id='block_1_79' title="bbox 502 4315 3762 4386">
    <p class='ocr_par' dir='ltr' id='par_1_79' title="bbox 502 4315 3762 4386">
     <span class='ocr_line' id='line_1_79' title="bbox 502 4315 3762 4386; baseline -0.001 -14"><span class='ocrx_word' id='word_1_631' title='bbox 502 4331 629 4372; x_wconf 87' lang='lat' dir='ltr'><strong>esse</strong></span> <span class='ocrx_word' id='word_1_632' title='bbox 655 4332 765 4371; x_wconf 91' lang='lat' dir='ltr'><strong>non</strong></span> <span class='ocrx_word' id='word_1_633' title='bbox 786 4325 986 4386; x_wconf 85' lang='lat' dir='ltr'><strong>potest,</strong></span> <span class='ocrx_word' id='word_1_634' title='bbox 1014 4316 1109 4371; x_wconf 87' lang='lat' dir='ltr'><strong>sed</strong></span> <span class='ocrx_word' id='word_1_635' title='bbox 1139 4315 1298 4384; x_wconf 88' lang='lat' dir='ltr'><strong>plane</strong></span> <span class='ocrx_word' id='word_1_636' title='bbox 1328 4315 1496 4381; x_wconf 90' lang='lat' dir='ltr'><strong>aliud,</strong></span> <span class='ocrx_word' id='word_1_637' title='bbox 1532 4317 1635 4370; x_wconf 90' lang='lat' dir='ltr'><strong>hoc</strong></span> <span class='ocrx_word' id='word_1_638' title='bbox 1656 4323 1825 4371; x_wconf 79' lang='lat' dir='ltr'><strong>estex</strong></span> <span class='ocrx_word' id='word_1_639' title='bbox 1852 4316 2025 4371; x_wconf 91' lang='lat' dir='ltr'><strong>libero</strong></span> <span class='ocrx_word' id='word_1_640' title='bbox 2059 4331 2274 4380; x_wconf 87' lang='lat' dir='ltr'><strong>servus,</strong></span> <span class='ocrx_word' id='word_1_641' title='bbox 2318 4315 2521 4370; x_wconf 86' lang='lat' dir='ltr'><strong>sensim</strong></span> <span class='ocrx_word' id='word_1_642' title='bbox 2545 4329 2611 4370; x_wconf 90' lang='lat' dir='ltr'><strong>ac</strong></span> <span class='ocrx_word' id='word_1_643' title='bbox 2635 4315 2755 4370; x_wconf 89' lang='lat' dir='ltr'><strong>sine</strong></span> <span class='ocrx_word' id='word_1_644' title='bbox 2792 4331 2957 4371; x_wconf 82' lang='lat' dir='ltr'><strong>sensu</strong></span> <span class='ocrx_word' id='word_1_645' title='bbox 3004 4316 3234 4373; x_wconf 69' lang='lat' dir='ltr'><strong>edicitur</strong></span> <span class='ocrx_word' id='word_1_646' title='bbox 3252 4357 3270 4375; x_wconf 88' lang='lat'><strong>.</strong></span> <span class='ocrx_word' id='word_1_647' title='bbox 3293 4316 3471 4386; x_wconf 83' lang='lat' dir='ltr'><strong>Atque</strong></span> <span class='ocrx_word' id='word_1_648' title='bbox 3490 4316 3762 4386; x_wconf 85' lang='lat' dir='ltr'><strong>ejusmodi</strong></span> 
     </span>
    </p>
   </div>
   <div class='ocr_carea' id='block_1_80' title="bbox 501 4406 3760 4480">
    <p class='ocr_par' dir='ltr' id='par_1_80' title="bbox 501 4406 3760 4480">
     <span class='ocr_line' id='line_1_80' title="bbox 501 4406 3760 4480; baseline 0.001 -18"><span class='ocrx_word' id='word_1_649' title='bbox 501 4416 592 4463; x_wconf 86' lang='lat' dir='ltr'><strong>est</strong></span> <span class='ocrx_word' id='word_1_650' title='bbox 648 4408 865 4461; x_wconf 85' lang='lat' dir='ltr'><strong>illorum</strong></span> <span class='ocrx_word' id='word_1_651' title='bbox 906 4409 1028 4462; x_wconf 67' lang='lat' dir='ltr'><strong>vita:</strong></span> <span class='ocrx_word' id='word_1_652' title='bbox 1054 4408 1214 4472; x_wconf 88' lang='lat' dir='ltr'><strong>ratio,</strong></span> <span class='ocrx_word' id='word_1_653' title='bbox 1243 4408 1405 4471; x_wconf 70' lang='lat' dir='ltr'><strong>digna</strong></span> <span class='ocrx_word' id='word_1_654' title='bbox 1445 4406 1711 4476; x_wconf 77' lang='lat' dir='ltr'><strong>profecto,</strong></span> <span class='ocrx_word' id='word_1_655' title='bbox 1742 4422 1908 4478; x_wconf 92' lang='lat' dir='ltr'><strong>quam</strong></span> <span class='ocrx_word' id='word_1_656' title='bbox 1939 4409 2190 4462; x_wconf 89' lang='lat' dir='ltr'><strong>certatim</strong></span> <span class='ocrx_word' id='word_1_657' title='bbox 2256 4421 2449 4462; x_wconf 89' lang='lat' dir='ltr'><strong>omnes</strong></span> <span class='ocrx_word' id='word_1_658' title='bbox 2498 4409 2800 4464; x_wconf 87' lang='lat' dir='ltr'><strong>imitentur.</strong></span> <span class='ocrx_word' id='word_1_659' title='bbox 2844 4407 3025 4474; x_wconf 89' lang='lat' dir='ltr'><strong>Quare</strong></span> <span class='ocrx_word' id='word_1_660' title='bbox 3059 4424 3170 4464; x_wconf 92' lang='lat' dir='ltr'><strong>non</strong></span> <span class='ocrx_word' id='word_1_661' title='bbox 3210 4410 3409 4480; x_wconf 86' lang='lat' dir='ltr'><strong>privati</strong></span> <span class='ocrx_word' id='word_1_662' title='bbox 3447 4410 3632 4474; x_wconf 85' lang='lat' dir='ltr'><strong>modo.</strong></span> <span class='ocrx_word' id='word_1_663' title='bbox 3664 4411 3760 4466; x_wconf 86' lang='lat' dir='ltr'><strong>sed</strong></span> 
     </span>
    </p>
   </div>
   <div class='ocr_carea' id='block_1_81' title="bbox 504 4500 3759 4575">
    <p class='ocr_par' dir='ltr' id='par_1_81' title="bbox 504 4500 3759 4575">
     <span class='ocr_line' id='line_1_81' title="bbox 504 4500 3759 4575; baseline 0.001 -20"><span class='ocrx_word' id='word_1_664' title='bbox 504 4501 730 4555; x_wconf 78' lang='lat' dir='ltr'><strong>maximi</strong></span> <span class='ocrx_word' id='word_1_665' title='bbox 760 4514 977 4568; x_wconf 81' lang='lat' dir='ltr'><strong>quoque</strong></span> <span class='ocrx_word' id='word_1_666' title='bbox 990 4515 1144 4569; x_wconf 75' lang='lat' dir='ltr'><strong>reges</strong></span> <span class='ocrx_word' id='word_1_667' title='bbox 1171 4500 1223 4553; x_wconf 88' lang='lat' dir='ltr'><strong>id</strong></span> <span class='ocrx_word' id='word_1_668' title='bbox 1256 4500 1537 4554; x_wconf 90' lang='lat' dir='ltr'><strong>hominum</strong></span> <span class='ocrx_word' id='word_1_669' title='bbox 1572 4516 1745 4572; x_wconf 81' lang='lat' dir='ltr'><strong>genus</strong></span> <span class='ocrx_word' id='word_1_670' title='bbox 1793 4501 2147 4556; x_wconf 75' lang='lat' dir='ltr'><strong>vehementer</strong></span> <span class='ocrx_word' id='word_1_671' title='bbox 2169 4500 2443 4566; x_wconf 88' lang='lat' dir='ltr'><strong>admirati,</strong></span> <span class='ocrx_word' id='word_1_672' title='bbox 2500 4502 2569 4557; x_wconf 91' lang='lat' dir='ltr'><strong>ad</strong></span> <span class='ocrx_word' id='word_1_673' title='bbox 2596 4503 2874 4573; x_wconf 87' lang='lat' dir='ltr'><strong>prepriam</strong></span> <span class='ocrx_word' id='word_1_674' title='bbox 2907 4503 3142 4558; x_wconf 88' lang='lat' dir='ltr'><strong>instituti</strong></span> <span class='ocrx_word' id='word_1_675' title='bbox 3173 4503 3495 4575; x_wconf 76' lang='lat' dir='ltr'><strong>dignitatem</strong></span> <span class='ocrx_word' id='word_1_676' title='bbox 3517 4546 3532 4570; x_wconf 94' lang='lat'><strong>,</strong></span> <span class='ocrx_word' id='word_1_677' title='bbox 3558 4519 3759 4560; x_wconf 86' lang='lat' dir='ltr'><strong>novum</strong></span> 
     </span>
    </p>
   </div>
   <div class='ocr_carea' id='block_1_82' title="bbox 503 4593 3759 4670">
    <p class='ocr_par' dir='ltr' id='par_1_82' title="bbox 503 4593 3759 4670">
     <span class='ocr_line' id='line_1_82' title="bbox 503 4593 3759 4670; baseline 0.002 -22"><span class='ocrx_word' id='word_1_678' title='bbox 503 4593 806 4649; x_wconf 85' lang='lat' dir='ltr'><strong>honoribus</strong></span> <span class='ocrx_word' id='word_1_679' title='bbox 832 4595 946 4647; x_wconf 86' lang='lat' dir='ltr'><strong>suis</strong></span> <span class='ocrx_word' id='word_1_680' title='bbox 973 4604 1027 4646; x_wconf 88' lang='lat' dir='ltr'><strong>et</strong></span> <span class='ocrx_word' id='word_1_681' title='bbox 1072 4593 1279 4661; x_wconf 83' lang='lat' dir='ltr'><strong>prolixa</strong></span> <span class='ocrx_word' id='word_1_682' title='bbox 1330 4595 1801 4650; x_wconf 86' lang='lat' dir='ltr'><strong>commendatione</strong></span> <span class='ocrx_word' id='word_1_683' title='bbox 1837 4594 2005 4651; x_wconf 90' lang='lat' dir='ltr'><strong>decus</strong></span> <span class='ocrx_word' id='word_1_684' title='bbox 2065 4595 2411 4651; x_wconf 89' lang='lat' dir='ltr'><strong>addiderunt.</strong></span> <span class='ocrx_word' id='word_1_685' title='bbox 2456 4614 2477 4648; x_wconf 71' lang='grc' dir='ltr'><strong>ι</strong></span> <span class='ocrx_word' id='word_1_686' title='bbox 2511 4595 2638 4652; x_wconf 62' lang='lat' dir='ltr'><strong>Haec</strong></span> <span class='ocrx_word' id='word_1_687' title='bbox 2667 4596 2826 4652; x_wconf 83' lang='lat' dir='ltr'><strong>Philo</strong></span> <span class='ocrx_word' id='word_1_688' title='bbox 2854 4596 2910 4651; x_wconf 86' lang='lat' dir='ltr'><strong>in</strong></span> <span class='ocrx_word' id='word_1_689' title='bbox 2930 4598 3207 4669; x_wconf 72' lang='lat' dir='ltr'><strong>Apologia.</strong></span> <span class='ocrx_word' id='word_1_690' title='bbox 3224 4598 3398 4670; x_wconf 80' lang='lat' dir='ltr'><strong>Cujus</strong></span> <span class='ocrx_word' id='word_1_691' title='bbox 3425 4600 3577 4668; x_wconf 85' lang='lat' dir='ltr'><strong>item,</strong></span> <span class='ocrx_word' id='word_1_692' title='bbox 3602 4601 3660 4655; x_wconf 85' lang='lat' dir='ltr'><strong>in</strong></span> <span class='ocrx_word' id='word_1_693' title='bbox 3690 4617 3759 4655; x_wconf 85' lang='lat' dir='ltr'><strong>eo</strong></span> 
     </span>
    </p>
   </div>
   <div class='ocr_carea' id='block_1_83' title="bbox 500 4685 2439 4757">
    <p class='ocr_par' dir='ltr' id='par_1_83' title="bbox 500 4685 2439 4757">
     <span class='ocr_line' id='line_1_83' title="bbox 500 4685 2439 4757; baseline 0.002 -14"><span class='ocrx_word' id='word_1_694' title='bbox 500 4685 666 4751; x_wconf 81' lang='lat' dir='ltr'><strong>libro,</strong></span> <span class='ocrx_word' id='word_1_695' title='bbox 689 4701 799 4757; x_wconf 92' lang='lat' dir='ltr'><strong>quo</strong></span> <span class='ocrx_word' id='word_1_696' title='bbox 820 4687 1021 4756; x_wconf 86' lang='lat' dir='ltr'><strong>probos</strong></span> <span class='ocrx_word' id='word_1_697' title='bbox 1052 4702 1243 4742; x_wconf 90' lang='lat' dir='ltr'><strong>omnes</strong></span> <span class='ocrx_word' id='word_1_698' title='bbox 1271 4686 1472 4742; x_wconf 77' lang='lat' dir='ltr'><strong>liberos</strong></span> <span class='ocrx_word' id='word_1_699' title='bbox 1505 4704 1627 4744; x_wconf 80' lang='lat' dir='ltr'><strong>esse</strong></span> <span class='ocrx_word' id='word_1_700' title='bbox 1655 4688 1899 4745; x_wconf 78' lang='lat' dir='ltr'><strong>defendit</strong></span> <span class='ocrx_word' id='word_1_701' title='bbox 1956 4692 2071 4746; x_wconf 65' lang='lat' dir='ltr'><strong>haec</strong></span> <span class='ocrx_word' id='word_1_702' title='bbox 2099 4694 2259 4747; x_wconf 80' lang='lat' dir='ltr'><strong>verba</strong></span> <span class='ocrx_word' id='word_1_703' title='bbox 2290 4700 2439 4747; x_wconf 81' lang='lat' dir='ltr'><strong>sunt.</strong></span> 
     </span>
    </p>
   </div>
   <div class='ocr_carea' id='block_1_84' title="bbox 1086 4782 2731 4848">
    <p class='ocr_par' dir='ltr' id='par_1_84' title="bbox 1086 4782 2731 4848">
     <span class='ocr_line' id='line_1_84' title="bbox 1086 4782 2731 4848; baseline 0.003 -9"><span class='ocrx_word' id='word_1_704' title='bbox 1086 4782 1318 4839; x_wconf 81' lang='lat' dir='ltr'><strong>CAPUT</strong></span> <span class='ocrx_word' id='word_1_705' title='bbox 1364 4783 1485 4840; x_wconf 77' lang='lat' dir='ltr'><strong>Xll.</strong></span> <span class='ocrx_word' id='word_1_706' title='bbox 2109 4790 2156 4848; x_wconf 86' lang='lat' dir='ltr'><strong>D</strong></span> <span class='ocrx_word' id='word_1_707' title='bbox 2710 4791 2731 4844; x_wconf 84' lang='grc'><strong>1</strong></span> 
     </span>
    </p>
   </div>
   <div class='ocr_carea' id='block_1_85' title="bbox 1582 4782 3227 4848">
    <p class='ocr_par' dir='ltr' id='par_1_85' title="bbox 2109 4788 3227 4848">
     <span class='ocr_line' id='line_1_85' title="bbox 2109 4788 3227 4848; baseline -0.004 0"><span class='ocrx_word' id='word_1_708' title='bbox 2109 4790 2156 4848; x_wconf 83' lang='lat' dir='ltr'><strong>D</strong></span> <span class='ocrx_word' id='word_1_709' title='bbox 2710 4788 3106 4844; x_wconf 67' lang='grc' dir='ltr'><strong>ΚΕΦΑΔΔΙΟΝ</strong></span> <span class='ocrx_word' id='word_1_710' title='bbox 3130 4788 3227 4843; x_wconf 85' lang='lat' dir='ltr'><strong>lB’.</strong></span> 
     </span>
    </p>
   </div>
   <div class='ocr_carea' id='block_1_86' title="bbox 1001 4874 2646 4950">
    <p class='ocr_par' dir='ltr' id='par_1_86' title="bbox 1001 4874 1545 4933">
     <span class='ocr_line' id='line_1_86' title="bbox 1001 4874 1545 4933; baseline 0.006 -4"><span class='ocrx_word' id='word_1_711' title='bbox 1001 4874 1206 4930; x_wconf 81' lang='lat' dir='ltr'><strong>Iterum</strong></span> <span class='ocrx_word' id='word_1_712' title='bbox 1233 4879 1297 4931; x_wconf 81' lang='lat' dir='ltr'><strong>de</strong></span> <span class='ocrx_word' id='word_1_713' title='bbox 1336 4880 1545 4933; x_wconf 81' lang='lat' dir='ltr'><strong>iisdem.</strong></span> 
     </span>
    </p>
   </div>
   <div class='ocr_carea' id='block_1_87' title="bbox 1613 4874 3258 4950">
    <p class='ocr_par' dir='ltr' id='par_1_87' title="bbox 2681 4882 3258 4950">
     <span class='ocr_line' id='line_1_87' title="bbox 2681 4882 3258 4950; baseline 0.003 -17"><span class='ocrx_word' id='word_1_714' title='bbox 2681 4883 2805 4934; x_wconf 83' lang='grc' dir='ltr'>Ἔτι</span> <span class='ocrx_word' id='word_1_715' title='bbox 2853 4883 2988 4950; x_wconf 73' lang='grc' dir='ltr'>περὶ</span> <span class='ocrx_word' id='word_1_716' title='bbox 3042 4882 3258 4936; x_wconf 81' lang='grc' dir='ltr'>αὐτῶν.</span> 
     </span>
    </p>
   </div>
   <div class='ocr_carea' id='block_1_88' title="bbox 574 4963 2219 5047">
    <p class='ocr_par' dir='ltr' id='par_1_88' title="bbox 574 4963 2081 5041">
     <span class='ocr_line' id='line_1_88' title="bbox 574 4963 2081 5041; baseline 0.003 -22"><span class='ocrx_word' id='word_1_717' title='bbox 574 4983 595 5019; x_wconf 79' lang='grc' dir='ltr'><strong>ι</strong></span> <span class='ocrx_word' id='word_1_718' title='bbox 630 4963 745 5020; x_wconf 86' lang='lat' dir='ltr'><strong>Nec</strong></span> <span class='ocrx_word' id='word_1_719' title='bbox 771 4964 886 5035; x_wconf 90' lang='lat' dir='ltr'><strong>ipsa</strong></span> <span class='ocrx_word' id='word_1_720' title='bbox 920 4981 1139 5037; x_wconf 89' lang='lat' dir='ltr'><strong>quoque</strong></span> <span class='ocrx_word' id='word_1_721' title='bbox 1174 4965 1475 5023; x_wconf 75' lang='lat' dir='ltr'><strong>Palzestinze</strong></span> <span class='ocrx_word' id='word_1_722' title='bbox 1519 4966 1675 5041; x_wconf 84' lang='lat' dir='ltr'><strong>Syria</strong></span> <span class='ocrx_word' id='word_1_723' title='bbox 1717 4969 1820 5024; x_wconf 88' lang='lat' dir='ltr'><strong>hoc</strong></span> <span class='ocrx_word' id='word_1_724' title='bbox 1857 4969 2081 5040; x_wconf 74' lang='lat' dir='ltr'><strong>integri-</strong></span> 
     </span>
    </p>
   </div>
   <div class='ocr_carea' id='block_1_89' title="bbox 2111 4963 3756 5047">
    <p class='ocr_par' dir='ltr' id='par_1_89' title="bbox 2254 4972 3756 5047">
     <span class='ocr_line' id='line_1_89' title="bbox 2254 4972 3756 5047; baseline 0.002 -21"><span class='ocrx_word' id='word_1_725' title='bbox 2254 4992 2278 5026; x_wconf 84' lang='grc'><strong><em>‹</em></strong></span> <span class='ocrx_word' id='word_1_726' title='bbox 2322 4972 2477 5028; x_wconf 82' lang='grc' dir='ltr'>Ἔστι</span> <span class='ocrx_word' id='word_1_727' title='bbox 2523 4973 2582 5028; x_wconf 74' lang='grc' dir='ltr'>δὲ</span> <span class='ocrx_word' id='word_1_728' title='bbox 2625 4975 2721 5027; x_wconf 80' lang='grc' dir='ltr'>καὶ</span> <span class='ocrx_word' id='word_1_729' title='bbox 2752 4972 2862 5047; x_wconf 75' lang='grc'>(91)</span> <span class='ocrx_word' id='word_1_730' title='bbox 2894 4975 2928 5045; x_wconf 81' lang='grc' dir='ltr'><strong>ἡ</strong></span> <span class='ocrx_word' id='word_1_731' title='bbox 2953 4975 3010 5026; x_wconf 81' lang='grc' dir='ltr'>ὲν</span> <span class='ocrx_word' id='word_1_732' title='bbox 3042 4974 3376 5046; x_wconf 73' lang='grc' dir='ltr'>Παλαιστίνῃ</span> <span class='ocrx_word' id='word_1_733' title='bbox 3423 4974 3593 5047; x_wconf 84' lang='grc' dir='ltr'>Συρία</span> <span class='ocrx_word' id='word_1_734' title='bbox 3645 4976 3756 5046; x_wconf 66' lang='grc' dir='ltr'><strong>(9ῗ)</strong></span> 
     </span>
    </p>
   </div>
   <div class='ocr_carea' id='block_1_90' title="bbox 497 5057 2142 5137">
    <p class='ocr_par' dir='ltr' id='par_1_90' title="bbox 497 5057 2079 5130">
     <span class='ocr_line' id='line_1_90' title="bbox 497 5057 2079 5130; baseline 0.003 -19"><span class='ocrx_word' id='word_1_735' title='bbox 497 5057 627 5112; x_wconf 90' lang='lat' dir='ltr'><strong>tatis</strong></span> <span class='ocrx_word' id='word_1_736' title='bbox 645 5071 709 5111; x_wconf 86' lang='lat' dir='ltr'><strong>ac</strong></span> <span class='ocrx_word' id='word_1_737' title='bbox 732 5057 947 5113; x_wconf 87' lang='lat' dir='ltr'><strong>virtutis</strong></span> <span class='ocrx_word' id='word_1_738' title='bbox 965 5067 1229 5127; x_wconf 79' lang='lat' dir='ltr'><strong>proventu</strong></span> <span class='ocrx_word' id='word_1_739' title='bbox 1249 5070 1415 5127; x_wconf 87' lang='lat' dir='ltr'><strong>caret,</strong></span> <span class='ocrx_word' id='word_1_740' title='bbox 1439 5077 1602 5130; x_wconf 86' lang='lat' dir='ltr'><strong>quam</strong></span> <span class='ocrx_word' id='word_1_741' title='bbox 1626 5058 1938 5116; x_wconf 71' lang='lat' dir='ltr'><strong>Judaeorum</strong></span> <span class='ocrx_word' id='word_1_742' title='bbox 1960 5076 2079 5116; x_wconf 88' lang='lat' dir='ltr'><strong>am-</strong></span> 
     </span>
    </p>
   </div>
   <div class='ocr_carea' id='block_1_91' title="bbox 2111 5057 3756 5137">
    <p class='ocr_par' dir='ltr' id='par_1_91' title="bbox 2180 5065 3756 5137">
     <span class='ocr_line' id='line_1_91' title="bbox 2180 5065 3756 5137; baseline 0.001 -17"><span class='ocrx_word' id='word_1_743' title='bbox 2180 5065 2581 5135; x_wconf 87' lang='grc' dir='ltr'>καλοκάγαθίας</span> <span class='ocrx_word' id='word_1_744' title='bbox 2605 5066 2704 5120; x_wconf 83' lang='grc' dir='ltr'><strong>οὐκ</strong></span> <span class='ocrx_word' id='word_1_745' title='bbox 2729 5066 2921 5134; x_wconf 75' lang='grc' dir='ltr'>ἄγονος</span> <span class='ocrx_word' id='word_1_746' title='bbox 2941 5065 3072 5136; x_wconf 76' lang='lat'><strong>(93),</strong></span> <span class='ocrx_word' id='word_1_747' title='bbox 3104 5066 3170 5136; x_wconf 71' lang='grc' dir='ltr'>ἢν</span> <span class='ocrx_word' id='word_1_748' title='bbox 3199 5066 3756 5137; x_wconf 76' lang='grc' dir='ltr'>πολυανθρωποτάτου</span> 
     </span>
    </p>
   </div>
   <div class='ocr_carea' id='block_1_92' title="bbox 494 5138 2139 5229">
    <p class='ocr_par' dir='ltr' id='par_1_92' title="bbox 494 5138 2069 5223">
     <span class='ocr_line' id='line_1_92' title="bbox 494 5138 2069 5223; baseline 0.003 -19"><span class='ocrx_word' id='word_1_749' title='bbox 494 5149 755 5222; x_wconf 70' lang='lat' dir='ltr'><strong>piissimae</strong></span> <span class='ocrx_word' id='word_1_750' title='bbox 785 5138 1022 5206; x_wconf 66' lang='lat' dir='ltr'><strong>nationis</strong></span> <span class='ocrx_word' id='word_1_751' title='bbox 1058 5164 1187 5222; x_wconf 88' lang='lat' dir='ltr'><strong>pars</strong></span> <span class='ocrx_word' id='word_1_752' title='bbox 1221 5151 1410 5205; x_wconf 89' lang='lat' dir='ltr'><strong>incolit</strong></span> <span class='ocrx_word' id='word_1_753' title='bbox 1441 5162 1694 5223; x_wconf 87' lang='lat' dir='ltr'><strong>tenetque</strong></span> <span class='ocrx_word' id='word_1_754' title='bbox 1724 5168 1832 5208; x_wconf 92' lang='lat' dir='ltr'><strong>non</strong></span> <span class='ocrx_word' id='word_1_755' title='bbox 1852 5153 2069 5223; x_wconf 78' lang='lat' dir='ltr'><strong>exigua.</strong></span> 
     </span>
    </p>
   </div>
   <div class='ocr_carea' id='block_1_93' title="bbox 2113 5138 3758 5229">
    <p class='ocr_par' dir='ltr' id='par_1_93' title="bbox 2176 5155 3758 5229">
     <span class='ocr_line' id='line_1_93' title="bbox 2176 5155 3758 5229; baseline 0 -19"><span class='ocrx_word' id='word_1_756' title='bbox 2176 5157 2363 5224; x_wconf 78' lang='grc' dir='ltr'>ἔθνους</span> <span class='ocrx_word' id='word_1_757' title='bbox 2382 5159 2491 5212; x_wconf 83' lang='grc' dir='ltr'>τῶν</span> <span class='ocrx_word' id='word_1_758' title='bbox 2524 5158 2793 5213; x_wconf 86' lang='grc' dir='ltr'>Ἰουδαίων</span> <span class='ocrx_word' id='word_1_759' title='bbox 2823 5158 2923 5211; x_wconf 86' lang='grc' dir='ltr'><strong>οὐκ</strong></span> <span class='ocrx_word' id='word_1_760' title='bbox 2959 5156 3113 5227; x_wconf 83' lang='grc' dir='ltr'>ὀλίγη</span> <span class='ocrx_word' id='word_1_761' title='bbox 3149 5155 3314 5229; x_wconf 87' lang='grc' dir='ltr'>μοίρα</span> <span class='ocrx_word' id='word_1_762' title='bbox 3358 5157 3599 5228; x_wconf 80' lang='grc' dir='ltr'>νέμεται.</span> <span class='ocrx_word' id='word_1_763' title='bbox 3655 5162 3758 5212; x_wconf 78' lang='grc' dir='ltr'><strong>Λέ-</strong></span> 
     </span>
    </p>
   </div>
   <div class='ocr_carea' id='block_1_94' title="bbox 551 5305 1079 5381">
    <p class='ocr_par' dir='ltr' id='par_1_94' title="bbox 551 5305 1079 5381">
     <span class='ocr_line' id='line_1_94' title="bbox 551 5305 1079 5381; baseline 0.002 -17"><span class='ocrx_word' id='word_1_764' title='bbox 551 5316 579 5346; x_wconf 73' lang='grc' dir='ltr'>ι</span> <span class='ocrx_word' id='word_1_765' title='bbox 600 5305 713 5364; x_wconf 87' lang='grc' dir='ltr'>Ἵσ.</span> <span class='ocrx_word' id='word_1_766' title='bbox 755 5308 1079 5381; x_wconf 85' lang='grc' dir='ltr'>προνομίας.</span> 
     </span>
    </p>
   </div>
   <div class='ocr_carea' id='block_1_95' title="bbox 564 5455 2209 5537">
    <p class='ocr_par' dir='ltr' id='par_1_95' title="bbox 564 5461 2209 5537">
     <span class='ocr_line' id='line_1_95' title="bbox 564 5461 2209 5537; baseline 0 -18"><span class='ocrx_word' id='word_1_767' title='bbox 564 5464 674 5537; x_wconf 82' lang='grc'><strong>(90)</strong></span> <span class='ocrx_word' id='word_1_768' title='bbox 727 5464 1009 5537; x_wconf 71' lang='grc' dir='ltr'>Ἐκκαλεί</span> <span class='ocrx_word' id='word_1_769' title='bbox 1047 5462 1340 5537; x_wconf 34' lang='grc' dir='ltr'>Βεεθῂουηι</span> <span class='ocrx_word' id='word_1_770' title='bbox 1371 5465 1466 5537; x_wconf 78' lang='lat' dir='ltr'><strong>alt.</strong></span> <span class='ocrx_word' id='word_1_771' title='bbox 1508 5478 1784 5537; x_wconf 75' lang='lat' dir='ltr'><strong>manuscr.</strong></span> <span class='ocrx_word' id='word_1_772' title='bbox 1815 5461 2053 5517; x_wconf 76' lang='grc' dir='ltr'>ἐκλαλεῖ.</span> <span class='ocrx_word' id='word_1_773' title='bbox 2178 5484 2209 5519; x_wconf 89' lang='grc' dir='ltr'><strong>σ</strong></span> 
     </span>
    </p>
   </div>
   <div class='ocr_carea' id='block_1_96' title="bbox 2103 5455 3748 5537">
    <p class='ocr_par' dir='ltr' id='par_1_96' title="bbox 2178 5455 3748 5537">
     <span class='ocr_line' id='line_1_96' title="bbox 2178 5455 3748 5537; baseline -0.008 -17"><span class='ocrx_word' id='word_1_774' title='bbox 2178 5464 2329 5537; x_wconf 85' lang='grc' dir='ltr'>στίνη</span> <span class='ocrx_word' id='word_1_775' title='bbox 2358 5465 2452 5537; x_wconf 43' lang='grc' dir='ltr'>καὶ</span> <span class='ocrx_word' id='word_1_776' title='bbox 2479 5461 2667 5537; x_wconf 84' lang='grc' dir='ltr'>Συρία.</span> <span class='ocrx_word' id='word_1_777' title='bbox 2698 5460 2803 5537; x_wconf 76' lang='lat' dir='ltr'><strong>Alt.</strong></span> <span class='ocrx_word' id='word_1_778' title='bbox 2850 5474 3235 5537; x_wconf 69' lang='lat' dir='ltr'><strong>e_m_an_uscr._,</strong></span> <span class='ocrx_word' id='word_1_779' title='bbox 3268 5459 3301 5529; x_wconf 87' lang='grc' dir='ltr'><strong>ή</strong></span> <span class='ocrx_word' id='word_1_780' title='bbox 3327 5460 3385 5537; x_wconf 71' lang='lat' dir='ltr'><strong>é_v</strong></span> <span class='ocrx_word' id='word_1_781' title='bbox 3414 5455 3748 5537; x_wconf 62' lang='grc' dir='ltr'>Παλαιστίνῃ</span> 
     </span>
    </p>
   </div>
   <div class='ocr_carea' id='block_1_97' title="bbox 563 5526 2208 5607">
    <p class='ocr_par' dir='ltr' id='par_1_97' title="bbox 563 5526 2208 5607">
     <span class='ocr_line' id='line_1_97' title="bbox 563 5526 2208 5607; baseline -0.001 -17"><span class='ocrx_word' id='word_1_782' title='bbox 563 5526 676 5604; x_wconf 65' lang='grc' dir='ltr'><strong>ξω)</strong></span> <span class='ocrx_word' id='word_1_783' title='bbox 719 5538 891 5607; x_wconf 63' lang='grc' dir='ltr'>’Ἐστι</span> <span class='ocrx_word' id='word_1_784' title='bbox 922 5534 989 5607; x_wconf 54' lang='grc' dir='ltr'>δὲ</span> <span class='ocrx_word' id='word_1_785' title='bbox 1022 5526 1153 5588; x_wconf 53' lang='lat' dir='ltr'><strong>atat:</strong></span> <span class='ocrx_word' id='word_1_786' title='bbox 1183 5532 1500 5607; x_wconf 18' lang='lat' dir='ltr'><strong>Ejt¥stat_hic</strong></span> <span class='ocrx_word' id='word_1_787' title='bbox 1535 5536 1701 5607; x_wconf 71' lang='lat' dir='ltr'><strong>locus</strong></span> <span class='ocrx_word' id='word_1_788' title='bbox 1754 5533 2053 5607; x_wconf 69' lang='lat' dir='ltr'><strong>inexcuso</strong></span> <span class='ocrx_word' id='word_1_789' title='bbox 2164 5537 2208 5588; x_wconf 66' lang='lat'><strong>2‘.</strong></span> 
     </span>
    </p>
   </div>
   <div class='ocr_carea' id='block_1_98' title="bbox 2099 5526 3744 5607">
    <p class='ocr_par' dir='ltr' id='par_1_98' title="bbox 2164 5526 3744 5607">
     <span class='ocr_line' id='line_1_98' title="bbox 2164 5526 3744 5607; baseline -0.003 -19"><span class='ocrx_word' id='word_1_790' title='bbox 2164 5526 2380 5607; x_wconf 61' lang='grc' dir='ltr'>Συρίας.</span> <span class='ocrx_word' id='word_1_791' title='bbox 2414 5526 2573 5607; x_wconf 62' lang='lat' dir='ltr'><strong>Forte</strong></span> <span class='ocrx_word' id='word_1_792' title='bbox 2609 5530 2842 5607; x_wconf 78' lang='lat' dir='ltr'><strong>legend.,</strong></span> <span class='ocrx_word' id='word_1_793' title='bbox 2885 5532 2918 5600; x_wconf 89' lang='grc' dir='ltr'><strong>ή</strong></span> <span class='ocrx_word' id='word_1_794' title='bbox 2963 5526 3298 5600; x_wconf 79' lang='grc' dir='ltr'>Παλαιστίνη</span> <span class='ocrx_word' id='word_1_795' title='bbox 3335 5529 3533 5600; x_wconf 86' lang='grc' dir='ltr'>Συρίας</span> <span class='ocrx_word' id='word_1_796' title='bbox 3557 5569 3572 5595; x_wconf 95' lang='grc'><strong>,</strong></span> <span class='ocrx_word' id='word_1_797' title='bbox 3594 5526 3679 5583; x_wconf 87' lang='lat' dir='ltr'><strong>vel</strong></span> <span class='ocrx_word' id='word_1_798' title='bbox 3714 5526 3744 5598; x_wconf 68' lang='grc' dir='ltr'>ᾗ</span> 
     </span>
    </p>
   </div>
   <div class='ocr_carea' id='block_1_99' title="bbox 490 5602 2135 5696">
    <p class='ocr_par' dir='ltr' id='par_1_99' title="bbox 490 5602 2055 5696">
     <span class='ocr_line' id='line_1_99' title="bbox 490 5602 2055 5696; baseline 0 -38"><span class='ocrx_word' id='word_1_799' title='bbox 490 5602 715 5696; x_wconf 47' lang='grc' dir='ltr'><strong>ξὴίὲοὴε</strong></span> <span class='ocrx_word' id='word_1_800' title='bbox 739 5604 1106 5696; x_wconf 38' lang='lat' dir='ltr'><strong>Graio-Lirin,</strong></span> <span class='ocrx_word' id='word_1_801' title='bbox 1131 5621 1180 5674; x_wconf 88' lang='lat' dir='ltr'><strong>p.</strong></span> <span class='ocrx_word' id='word_1_802' title='bbox 1370 5602 1501 5696; x_wconf 57' lang='lat' dir='ltr'><strong>Yidc</strong></span> <span class='ocrx_word' id='word_1_803' title='bbox 1531 5604 1668 5696; x_wconf 54' lang='lat' dir='ltr'><strong>i‘nl&#39;ra</strong></span> <span class='ocrx_word' id='word_1_804' title='bbox 1693 5619 1751 5696; x_wconf 89' lang='lat' dir='ltr'><strong>lp.</strong></span> <span class='ocrx_word' id='word_1_805' title='bbox 1788 5604 2055 5674; x_wconf 48' lang='lat' dir='ltr'><strong>Alumna:</strong></span> 
     </span>
    </p>
   </div>
   <div class='ocr_carea' id='block_1_100' title="bbox 1157 5602 2802 5696">
    <p class='ocr_par' dir='ltr' id='par_1_100' title="bbox 1157 5602 2802 5696">
     <span class='ocr_line' id='line_1_100' title="bbox 1157 5602 2802 5696; baseline -0.001 -41"><span class='ocrx_word' id='word_1_806' title='bbox 1157 5626 1180 5656; x_wconf 69' lang='grc' dir='ltr'>ι.</span> <span class='ocrx_word' id='word_1_807' title='bbox 1370 5602 1501 5696; x_wconf 59' lang='grc' dir='ltr'><strong>Ῡὶόο</strong></span> <span class='ocrx_word' id='word_1_808' title='bbox 1531 5604 1668 5696; x_wconf 56' lang='grc' dir='ltr'>ξιιίτιι</span> <span class='ocrx_word' id='word_1_809' title='bbox 1693 5619 1751 5696; x_wconf 89' lang='lat' dir='ltr'><strong>lp.</strong></span> <span class='ocrx_word' id='word_1_810' title='bbox 1788 5604 2055 5674; x_wconf 47' lang='lat' dir='ltr'><strong>alumna:</strong></span> <span class='ocrx_word' id='word_1_811' title='bbox 2160 5602 2802 5696; x_wconf 47' lang='grc' dir='ltr'>ὲνξερίῇιῖαλαιστὲνη.</span> 
     </span>
    </p>
   </div>
   <div class='ocr_carea' id='block_1_101' title="bbox 490 5670 2135 5748">
    <p class='ocr_par' dir='ltr' id='par_1_101' title="bbox 490 5670 1966 5748">
     <span class='ocr_line' id='line_1_101' title="bbox 490 5670 1966 5748; baseline 0 -20"><span class='ocrx_word' id='word_1_812' title='bbox 490 5674 823 5748; x_wconf 66' lang='lat' dir='ltr'><strong>deEsstenis</strong></span> <span class='ocrx_word' id='word_1_813' title='bbox 846 5670 1181 5748; x_wconf 79' lang='lat' dir='ltr'><strong>Porphyrius</strong></span> <span class='ocrx_word' id='word_1_814' title='bbox 1213 5676 1497 5748; x_wconf 80' lang='lat' dir='ltr'><strong>habeatex</strong></span> <span class='ocrx_word' id='word_1_815' title='bbox 1525 5670 1805 5748; x_wconf 55' lang='grc' dir='ltr'><strong>εἶρεειηζιο.Δ</strong></span> <span class='ocrx_word' id='word_1_816' title='bbox 1852 5744 1897 5748; x_wconf 84' lang='lat'><strong>_</strong></span> <span class='ocrx_word' id='word_1_817' title='bbox 1935 5670 1966 5748; x_wconf 53' lang='lat'><strong>_&#39;</strong></span> 
     </span>
    </p>
   </div>
   <div class='ocr_carea' id='block_1_102' title="bbox 1535 5670 3180 5748">
    <p class='ocr_par' dir='ltr' id='par_1_102' title="bbox 1535 5670 3180 5748">
     <span class='ocr_line' id='line_1_102' title="bbox 1535 5670 3180 5748; baseline -0.003 -20"><span class='ocrx_word' id='word_1_818' title='bbox 1535 5670 1805 5748; x_wconf 19' lang='lat' dir='ltr'><strong>losepho.‘</strong></span> <span class='ocrx_word' id='word_1_819' title='bbox 1852 5744 1897 5748; x_wconf 85' lang='lat'>_</span> <span class='ocrx_word' id='word_1_820' title='bbox 1935 5670 1966 5748; x_wconf 62' lang='lat'><strong>_&#39;</strong></span> <span class='ocrx_word' id='word_1_821' title='bbox 2231 5670 2342 5748; x_wconf 66' lang='grc' dir='ltr'>(θεῖ</span> <span class='ocrx_word' id='word_1_822' title='bbox 2380 5670 2641 5743; x_wconf 71' lang='grc' dir='ltr'>Ἄγυνος.</span> <span class='ocrx_word' id='word_1_823' title='bbox 2672 5670 2900 5738; x_wconf 66' lang='lat' dir='ltr'><strong>Eacus.,</strong></span> <span class='ocrx_word' id='word_1_824' title='bbox 2933 5671 3180 5743; x_wconf 78' lang='grc' dir='ltr'>ἄμοιρος.</span> 
     </span>
    </p>
   </div>
   <div class='ocr_carea' id='block_1_103' title="bbox 572 5744 2051 5817">
    <p class='ocr_par' dir='ltr' id='par_1_103' title="bbox 572 5744 2051 5817">
     <span class='ocr_line' id='line_1_103' title="bbox 572 5744 2051 5817; baseline -0.001 -20"><span class='ocrx_word' id='word_1_825' title='bbox 572 5746 670 5817; x_wconf 56' lang='grc' dir='ltr'>με)</span> <span class='ocrx_word' id='word_1_826' title='bbox 716 5746 774 5802; x_wconf 81' lang='grc' dir='ltr'><em>Ἡ</em></span> <span class='ocrx_word' id='word_1_827' title='bbox 798 5745 853 5799; x_wconf 67' lang='grc' dir='ltr'><strong>ἐν</strong></span> <span class='ocrx_word' id='word_1_828' title='bbox 888 5745 1257 5815; x_wconf 73' lang='grc' dir='ltr'>Παλαιστίνῃ</span> <span class='ocrx_word' id='word_1_829' title='bbox 1292 5745 1491 5813; x_wconf 83' lang='grc' dir='ltr'>Συρία.</span> <span class='ocrx_word' id='word_1_830' title='bbox 1522 5744 1744 5813; x_wconf 75' lang='lat' dir='ltr'><strong>Excus.,</strong></span> <span class='ocrx_word' id='word_1_831' title='bbox 1785 5746 1819 5816; x_wconf 81' lang='grc' dir='ltr'><strong>ή</strong></span> <span class='ocrx_word' id='word_1_832' title='bbox 1851 5744 2051 5799; x_wconf 84' lang='grc' dir='ltr'>Παλαι-</span> 
     </span>
    </p>
   </div>
  </div>
