4166 6412
314 342 420 400 645

1452 324 1785 387 ΡΒᾸΕΡᾹΒ.
1822 320 2084 384 EVANG.
2122 322 2256 381 LIB.
2303 320 2434 382 Vlll.

3465 330 3573 387 ϐω

309 477 495 533 γονται
517 457 575 516 δέ
597 470 742 525 τινες
768 461 898 531 παρ’
928 456 1106 521 αὐτοῖς
1145 454 1319 526 ὄνομα
1366 455 1634 517 Ἐσσαῖοι,
1681 430 1886 521 πλῆθος

1996 448 2144 520 Apud
2167 464 2262 505 eos
2278 462 2449 519 genus
2464 446 2739 517 quoddam
2768 446 3053 504 hominum
3064 456 3168 513 est,
3185 447 3307 519 plus
3335 458 3575 520 quatuor

312 552 452 623 ὑπὲρ
487 548 949 623 τετρακισχιλίους
983 545 1137 618 (κατ’
1164 544 1303 616 ἐμὴν
1328 541 1509 608 δόξαν,
1544 542 1645 597 οὐκ
1670 539 1891 613 ἀκριϐεῖ

310 642 469 714 τύπῳ
496 642 774 696 διαλέκτου
811 637 1198 711 Ἑλληνικῆς),
1236 634 1558 708 παρώνυμοι
1590 631 1885 703 ὁσιότητοςο

311 736 500 806 ἐπειδὴ
532 735 635 788 κάν
659 736 773 796 τοῖς
806 732 1038 804 μάλιστα
1059 727 1388 802 θεραπευταὶ
1414 724 1549 780 Θεοῦ
1580 724 1889 793 γεγόνασιν,

311 829 373 885 ού
424 828 535 894 ζῶα
590 825 969 891 καταθύοντες,
1006 822 1122 878 ἀλλ’
1148 821 1496 893 ἱεροπρεπεῖς
1541 816 1639 881 τὰς
1685 813 1892 869 ἑαυτῶν

306 920 551 983 ’διανοίας
582 916 1005 981 κατασκευάζειν
1018 913 1320 982 ἀξιοῦντες,
1350 906 1506 966 Οὗτοι
1538 908 1598 962 τὸ
1631 908 1728 979 μὲν
1751 905 1894 980 πρῶ-

303 1024 405 1069 ’τον
437 1006 690 1082 κωμηδὸν
722 1008 965 1072 οἰκοῦσι,
998 1006 1098 1071 τὰς
1133 1004 1316 1068 πόλεις
1359 1000 1750 1073 ἐκτρεπόμενοι
1804 995 1895 1051 διὰ

304 1108 414 1171 ’τὰς
450 1104 558 1161 τῶν
615 1101 1041 1173 πολιτευομένων
1090 1096 1399 1172 χειροήθεις
1450 1094 1684 1166 ἀνομίας
1746 1091 1889 1162 (94)-

304 1198 516 1261 ιἐἰδότες
538 1198 603 1250 ἐκ
627 1194 735 1249 τῶν
760 1192 1045 1255 συνόντων,
1097 1188 1173 1253 ὡς
1211 1188 1319 1242 ἀπὸ
1362 1185 1524 1256 ἀέρος
1565 1179 1890 1255 φθοροποιοῦ

303 1292 467 1349 ’νόσον
508 1287 862 1360 ἐγγινομένην
908 1282 1216 1358 προσϐολὴν
1274 1280 1477 1352 ψυχαῖς
1517 1275 1753 1332 ἀνίατον.
1791 1267 1893 1327 Ὧν

304 1360 364 1437 οἰ
400 1381 497 1453 μὲν
528 1376 953 1450 γεηπονοῦντες,
982 1376 1032 1428 οἰ
1083 1372 1142 1426 δὲ
1172 1371 1369 1441 τέχνας
1416 1364 1691 1441 μετιόντες
1714 1404 1728 1428 ,
1770 1364 1893 1416 ὅσαι

315 1470 696 1545 συνεργάτιδες
739 1469 983 1540 εἰρήνης,
1028 1464 1255 1527 ἑαυτούς
1279 1479 1338 1516 τε
1374 1461 1469 1516 καὶ
1506 1460 1633 1523 τοὺς
1663 1455 1894 1527 πλησιά-

304 1562 506 1630 ζοντας
523 1561 853 1634 ὠφελοῦσιν·
889 1560 989 1613 ούκ
1038 1558 1278 1628 ἄργυρον
1315 1553 1410 1607 καὶ
1444 1550 1642 1624 χρυσὸν
1685 1549 1892 1620 θησαυ-

310 1655 763 1731 ροφυλακοῦντες,
795 1652 903 1706 οὐδ’
929 1648 1210 1721 ἀποτομὰς
1239 1646 1342 1717 γῆς
1391 1643 1632 1717 μεγάλας
1681 1642 1894 1711 κτώμε-

306 1765 412 1813 νοι,
439 1748 507 1802 δι’
524 1745 818 1817 ἐπιθυμίαν
849 1742 1144 1816 προσόδων,
1168 1736 1283 1791 ἀλλ’
1308 1739 1409 1791 ὅσα
1438 1734 1574 1806 πρὸς
1604 1732 1701 1797 τὰς
1728 1734 1894 1800 ἀναγ-

1989 540 2180 605 millia,
2214 537 2425 593 Essaeos
2456 545 2675 602 vocant,
2702 538 2810 591 ἀπὸ
2833 538 2933 610 τῆς
2966 539 3272 620 ίὸσιότητος.
3302 541 3406 596 hoc
3431 553 3515 596 est
3539 558 3572 599 a

1989 631 2271 687 sanctitate
2303 633 2435 698 (non
2481 631 2615 685 satis
2644 638 2848 692 tamen,
2890 639 2951 685 ut
2983 632 3119 685 mihi
3161 633 3383 702 quidem
3421 633 3571 687 vide-

1988 729 2100 788 tur,
2131 721 2197 775 ad
2234 719 2407 775 Graeci
2453 722 2699 776 vocabuli
2746 721 3012 775 rationem
3064 722 3364 793 accurate),
3424 723 3571 793 quod

1990 814 2263 884 praecipua
2307 813 2476 867 Deum
2507 815 2650 869 inter
2680 830 2871 870 omnes
2910 813 3171 882 religione
3222 824 3570 882 venerentur,

1987 922 2098 961 non
2120 906 2235 977 jam
2268 906 2514 961 victimas
2538 906 2893 970 immolando,
2928 906 3020 961 sed
3052 914 3260 959 mentes
3294 906 3396 975 ipsi
3419 921 3570 974 suas,

1990 995 2068 1048 uti
2098 994 2344 1049 homines
2377 995 2755 1050 sanctimoniae
2796 994 3137 1065 professores
3189 995 3365 1062 decet,
3405 1011 3571 1066 quam

1991 1086 2394 1141 studiosissime
2426 1086 2795 1142 inlormando.
2830 1089 2910 1142 Ac
2937 1087 3175 1157 primum
3225 1088 3447 1158 quidem
3493 1089 3571 1144 illi

1989 1175 2208 1228 vicatim
2241 1176 2567 1241 habitantes,
2611 1192 2732 1231 sese
2764 1176 2832 1230 ab
2875 1176 3104 1232 urbibus
3162 1188 3468 1249 segregant,
3500 1180 3574 1236 ob

1992 1263 2173 1319 facilia
2211 1266 2438 1320 nimium
2494 1276 2549 1321 et
2597 1266 2914 1337 quotidiana
2962 1267 3360 1338 oppidanorum
3413 1269 3565 1338 vitia,

1993 1373 2117 1414 cum
2151 1359 2321 1429 probe
2356 1358 2679 1429 intelligant,
2724 1375 2792 1414 ex
2826 1373 3015 1414 eorum
3066 1358 3395 1429 quibuscum
3448 1376 3573 1416 ver-

1993 1465 2178 1504 semur
2212 1466 2335 1515 usu,
2367 1450 2529 1504 veluti
2578 1466 2645 1506 ex
2688 1459 2948 1520 corrupto
3014 1448 3383 1522 pestiferoque
3431 1454 3572 1509 ccelo

1992 1542 2271 1604 morbum,
2301 1541 2371 1594 ita
2408 1541 2788 1611 contagionem
2820 1540 3179 1596 insanabilem
3231 1543 3285 1596 in
3321 1542 3567 1598 animum

1991 1630 2318 1687 redundare.
2353 1631 2457 1684 Alii
2491 1631 2736 1685 colendis
2792 1630 2960 1701 agris,
3006 1632 3098 1685 alii
3156 1633 3308 1702 pacis
3357 1642 3413 1689 et
3464 1635 3566 1689 otii

1993 1723 2158 1778 sociis
2187 1724 2395 1778 artibus
2437 1722 2743 1780 factitandis
2796 1725 3078 1794 occupati,
3134 1725 3210 1780 ita
3266 1741 3391 1782 cum
3431 1742 3566 1793 suae,

309 1795 489 1902 καίαέ
505 1795 970 1908 signiﬁed;
997 1795 1376 1905 ἐκπορίζονται
1400 1795 1531 1901 (θέ).
1555 1795 1733 1881 *Μόνοι
1782 1795 1891 1897 γάρ

1998 1822 2111 1867 tum
2172 1829 2364 1869 eorum
2392 1815 2579 1878 etiam,
2617 1815 2708 1883 qui
2741 1815 2809 1869 ad
2841 1830 2963 1871 sese
3006 1816 3292 1884 ventitant,
3350 1817 3570 1872 utilitati

311 1931 375 1996 ἐξ
399 1930 652 1984 ἀπάντων
685 1928 870 1998 σχεδὸν
892 1924 1195 1998 ἀνθρώπων
1238 1924 1547 1994 ἀχρήματοι
1592 1918 1687 1972 καὶ
1723 1918 1892 1988 ἀκτή-

320 2039 481 2094 ματοι
531 2022 682 2075 αὐτοὶ
708 2018 988 2089 γεγονότες
1023 2013 1396 2088 (ἐπιτηδεύσει
1438 2008 1547 2081 (96)
1592 2008 1654 2062 τὸ
1710 2008 1892 2061 πλεῖον

312 2114 349 2187 ἢ
401 2113 577 2185 ἐνδείᾳ
613 2113 930 2183 εὐτυχίας),
961 2107 1357 2163 πλουσιώτατοι
1409 2101 1741 2175 νομίζονται,
1792 2101 1892 2174 τὴν

301 2202 639 2272 ὐλιγοδέειαν
672 2200 768 2255 καὶ
808 2198 1085 2261 εὐκολίαν,
1117 2198 1253 2267 ὅπερ
1281 2194 1449 2257 ἐστὶν,
1485 2191 1763 2263 κρίνοντες
1800 2206 1894 2242 πε-

309 2292 581 2367 ριουσίαν.
606 2288 808 2353 Βελῶν,
847 2287 1169 2360 ἢάκόντων,
1204 2285 1237 2356 ἢ
1269 2282 1534 2352 ξιφιδίων,
1568 2281 1602 2352 ἢ
1638 2280 1890 2351 κράνους,

312 2384 347 2454 ἢ
387 2381 653 2454 θώρακος,
686 2378 997 2451 ἢάσπίδος,
1028 2376 1219 2431 οὐδένα
1246 2374 1374 2446 παρ’
1401 2374 1585 2436 αὐτοῖς
1617 2372 1684 2426 ἂν
1713 2370 1892 2443 εὕροις

302 2456 665 2545 δημιουργόν,
696 2472 818 2525 οὐδὲ
848 2469 1080 2533 συνόλως
1106 2464 1468 2535 όπλοποιὸν,ἢ
1504 2462 1889 2535 μηχανοποιὸν,

311 2566 348 2638 ἡ
376 2583 429 2619 τι
448 2566 558 2619 τῶν
587 2564 727 2618 κατὰ
757 2562 989 2633 πόλεμον
1025 2557 1415 2630 ἐπιτηδεύοντα
1444 2555 1576 2626 (97).
1620 2554 1757 2608 Ἀλλ’
1782 2553 1889 2607 οὐδ’

302 2644 414 2713 ’ὅσα
434 2659 554 2712 κατ’
580 2657 803 2728 εἰρήνην
832 2653 1083 2707 εὐόλισθα
1115 2654 1194 2715 είς
1215 2649 1444 2705 κακίαν
1470 2647 1740 2720 ἐμπορίας
1758 2645 1888 2719 γὰρ,

380 2749 702 2823 καπηλείας,
795 2746 1144 2817 ναυκληρίας,
1176 2743 1286 2797 οὐδ’
1331 2742 1463 2812 όναρ
1495 2739 1661 2805 ἴσασι,
1684 2738 1784 2803 τὰς
1813 2741 1892 2802 εἰς

314 2842 624 2908 πλεονεξίας
659 2839 911 2912 ἀφορμὰς
961 2834 1545 2906 ἀποδιοπεμπούμενοι.
1597 2831 1794 2896 Δοῦλός
1832 2848 1892 2885 τε

315 2936 446 3006 παρ’
487 2935 669 2998 αὐτοῖς
709 2932 831 2986 οὐδὲ
879 2926 958 2996 εἷς
990 2931 1136 2983 ἐστιν
1158 2968 1173 2993 ,
1210 2927 1330 2981 ἀλλ’
1362 2925 1635 2996 ἐλεύθεροι
1669 2924 1890 2989 πάντες,

314 3024 820 3098 ἀνθυπουργοῦντες
853 3022 1133 3092 ἀλλήλοις,
1174 3018 1649 3088 καταγινώσκουσί
1679 3036 1739 3071 τε
1783 3017 1891 3072 τῶν

308 3117 612 3181 δεσποτῶν,
645 3117 706 3170 ού
740 3114 896 3187 μόνον
922 3114 999 3178 ὡς
1024 3113 1247 3176 ἀδίκων,
1288 3112 1509 3183 ἰσότητα
1541 3111 1650 3182 (98)
1692 3110 1892 3182 λυμαι-
1917 3133 1962 3191 ο

314 3208 577 3281 νομένων,
600 3207 735 3263 ἀλλὰ
762 3208 856 3261 καὶ
877 3206 952 3270 ὡς
978 3204 1187 3259 ἀσεϐῶν
1208 3244 1223 3265 ,
1252 3203 1453 3275 θεσμὸν
1493 3202 1707 3274 φύσεως
1738 3204 1893 3256 ἀναι-

308 3301 575 3376 ρούντων,
607 3301 663 3371 ἢ,
686 3299 893 3363 πάντας
919 3297 1119 3369 ὁμοίως
1168 3295 1479 3367 γεννήσασα
1527 3295 1622 3348 καὶ
1649 3293 1897 3365 θρέψασα

320 3393 525 3466 μητρὸς
568 3391 803 3462 τρόπον,
844 3389 1109 3459 ἀδελφοὺς
1138 3387 1415 3462 γνησίους,
1444 3389 1504 3442 οὐ
1542 3388 1891 3460 λεγομένους,

306 3484 431 3539 ἀλλ’
465 3484 623 3549 ὄντας
646 3482 815 3546 ὅντως
849 3481 1251 3551 ἀπειργάσατο·
1281 3474 1357 3535 ὧν
1380 3481 1479 3551 τὴν
1511 3480 1829 3549 συγγένειαν
1858 3482 1892 3551 ή

310 3576 599 3641 ’ἐπίϐουλος
626 3573 905 3639 πλεονεξία
930 3573 1440 3644 παρευημερήσασα
1468 3570 1728 3625 διέσεισεν
1761 3570 1892 3639 (99),

308 3669 434 3725 ἀντ’
463 3668 792 3739 οἰκειότητος
807 3666 1213 3739 ἀλλοτριότητα,
1231 3664 1323 3718 καὶ
1345 3664 1467 3718 ἀντὶ
1495 3663 1674 3733 φιλίας
1697 3663 1896 3735 ἔχθραν

318 3760 691 3833 ἐργασαμένη.
746 3758 1065 3829 Φιλοσοφίας
1116 3775 1177 3811 τε
1211 3757 1289 3827 (l)
1321 3756 1380 3809 τὸ
1415 3756 1514 3829 μὲν
1541 3756 1755 3826 λογικὸν
1774 3798 1788 3822 ,
1821 3758 1897 3822 ὡς

308 3851 420 3907 ὀὐκ
446 3853 742 3921 ἀναγκαῖον
774 3853 855 3913 εἰς
889 3850 1082 3921 κτῆσιν
1110 3849 1310 3921 ἀρετῆς
1332 3848 1408 3920 (2)
1428 3865 1443 3879 ο
1476 3848 1539 3902 τὸ
1564 3849 1619 3902 δὲ
1646 3853 1892 3918 φυσικὸν,

319 3943 397 4008 ὡς
431 3945 612 4016 μεῖζον
637 3943 672 4015 ἢ
693 3942 836 3997 κατά
858 3941 1205 4015 ἀνθρωπίνην
1235 3941 1416 4012 φύσιν,
1437 3942 1897 4015 μετεωρολέσχαις

322 4040 680 4105 ἀπολιπόντες
700 4077 715 4104 ,
747 4039 886 4112 πλὴν
919 4041 1042 4094 ὅσον
1075 4039 1237 4094 αὐτοῦ
1273 4041 1403 4111 περὶ
1427 4037 1711 4111 ὑπάρξεως
1736 4033 1895 4100 Θεοῦ,

321 4135 418 4188 καὶ
443 4134 543 4203 τῆς
573 4131 668 4186 τοῦ
686 4132 888 4197 παντὸς
908 4133 1175 4202 γενέσεως
1192 4132 1556 4201 φιλοσοφεῖται
1574 4147 1588 4161 σ
1622 4129 1685 4182 τὸ
1712 4127 1898 4198 ήθικὸν

319 4220 381 4280 εὖ
411 4224 554 4296 μάλα
582 4223 954 4289 διαπονοῦσιν,
1004 4222 1287 4286 ἀλείπταις
1329 4221 1600 4294 χρώμενοι
1640 4221 1752 4282 τοῖς
1795 4235 1901 4271 πα-

320 4316 518 4392 τρῴοις
546 4316 749 4387 νόμοις,
783 4314 878 4379 οὓς
898 4303 1177 4386 ἀμήχανον
1221 4310 1568 4384 ἀνθρωπίνην
1613 4308 1898 4378 ἐπινοῆσαι

320 4409 500 4480 ψυχὴν
521 4407 651 4463 ἀνευ
678 4407 915 4478 κατοχῆς
935 4405 1141 4461 ἐνθέου.
1182 4403 1420 4467 Τούτους
1456 4400 1899 4457 ἀναδιδάσκονται

1993 1905 2256 1970 serviunt,
2290 1916 2348 1961 ut
2383 1922 2484 1961 nec
2532 1907 2742 1977 argenti
2791 1908 3020 1977 aurique
3053 1907 3341 1963 thesauros
3377 1924 3572 1965 recon—

1992 1996 2142 2062 dant,
2198 2014 2299 2052 nec
2362 1998 2626 2054 immensa
2680 1999 2884 2069 praedia
2930 1998 3205 2054 fructuum
3241 2000 3569 2070 ampliorum

1993 2090 2287 2158 cupiditate
2315 2091 2649 2160 possideant,
2685 2092 2779 2147 sed
2811 2107 2876 2147 ea
2904 2092 3068 2147 modo
3089 2100 3573 2163 comparent,quae

1993 2184 2294 2240 tolerandae
2342 2186 2464 2240 vita:
2490 2187 2793 2241 necessitas
2842 2186 3101 2256 postulat.
3155 2184 3269 2240 Soli
3313 2186 3459 2242 enim
3504 2201 3574 2241 ex

1992 2275 2247 2331 omnibus
2273 2292 2439 2347 prope
2470 2277 2809 2344 hominibus,
2840 2278 2960 2332 sine
3008 2277 3262 2347 pecunia,
3296 2278 3417 2335 sine
3447 2292 3576 2348 pos-

1994 2366 2337 2421 sessionibus
2390 2368 2613 2437 (quibus
2651 2376 2832 2423 tamen
2862 2383 2957 2424 eos
2985 2367 3236 2424 voluntas
3267 2383 3366 2423 sua
3396 2370 3576 2438 potius

1993 2469 2045 2515 et
2069 2460 2303 2515 instituti
2337 2460 2474 2514 ratio
2523 2476 2685 2530 quam
2729 2461 2972 2531 iniquior
3006 2459 3224 2516 fortuna
3260 2462 3574 2533 spoliavit),

1994 2550 2262 2606 habentur
2299 2551 2732 2621 locupletissimi,
2762 2553 2890 2606 dum
2924 2553 2978 2606 in
3019 2569 3119 2607 usu
3145 2569 3326 2608 rerum
3361 2554 3577 2608 modico

1994 2651 2157 2713 atque
2188 2645 2427 2713 parabili
2463 2646 2623 2699 sitam
2655 2660 2799 2706 esse,
2832 2645 2910 2698 uti
2938 2653 3043 2710 est,
3065 2660 3207 2699 verae
3229 2645 3579 2701 abundantia:

1993 2735 2260 2789 rationem
2288 2735 2619 2806 intelligunt.
2651 2736 2767 2789 Non
2797 2736 3027 2790 telorum
3051 2735 3194 2805 apud
3220 2751 3336 2800 eos,
3363 2750 3470 2790 non
3490 2736 3578 2806 ja-

1993 2826 2268 2890 culorum,
2308 2841 2415 2880 non
2453 2827 2748 2897 pugionum
2812 2836 2906 2881 aut
2947 2827 3245 2896 galearum,
3281 2841 3390 2881 non
3448 2826 3578 2879 lori-

1991 2933 2182 2973 carum
2220 2927 2652 2985 autscutorum,
2683 2919 2919 2987 denique
2955 2933 3061 2971 non
3098 2933 3377 2971 armorum
3413 2917 3577 2988 382

1993 3011 2238 3081 cujusvis
2256 3010 2877 3081 generis,autmachinaa
2894 3008 3223 3078 cujusquam
3257 3009 3465 3063 bellicas
3497 3007 3580 3064 fa-

1993 3104 2152 3158 brum
2188 3104 2359 3158 ullum
2413 3103 2676 3172 reperias.
2724 3102 2844 3155 lmo
2898 3116 2999 3154 nec
3045 3115 3235 3154 eorum
3275 3100 3578 3171 quidquam

1999 3196 2317 3259 moliuntur,
2357 3210 2615 3266 quorum,
2655 3202 2715 3247 ut
2747 3192 2897 3263 pacis
2921 3192 3097 3247 amica
3133 3192 3265 3259 sint,
3295 3191 3472 3247 facilis
3499 3201 3581 3246 ta-

1998 3299 2122 3339 men
2153 3285 2220 3339 ad
2249 3285 2648 3355 improbitatem
2700 3285 2886 3355 lapsus
2909 3299 3030 3339 esse
3071 3293 3254 3353 queat.
3297 3282 3481 3353 Itaque
3512 3283 3583 3339 de

1999 3385 2326 3439 mercatura,
2348 3376 2701 3445 cauponaria,
2734 3375 3068 3430 navicularia
3098 3392 3165 3430 ne
3183 3391 3276 3445 per
3306 3375 3581 3430 somnium

2000 3465 2218 3533 quidem
2273 3467 2534 3537 cogitant,
2571 3466 2766 3536 pabula
2808 3464 3127 3535 cupiditatis
3179 3464 3364 3519 omnia
3423 3463 3583 3535 longe

1999 3555 2216 3625 longius
2254 3557 2630 3610 amandantes.
2663 3554 2867 3610 Servus
2900 3556 3042 3625 apud
3080 3569 3174 3610 eos
3206 3553 3581 3620 nemo,liheri

1999 3662 2234 3702 omnes:
2274 3658 2517 3702 mutuam
2563 3648 2667 3702 sibi
2715 3657 2918 3703 navant
2966 3661 3187 3717 operam
3220 3665 3234 3700 :
3265 3646 3582 3700 dominatus

1999 3755 2169 3809 genus
2212 3754 2375 3794 omne
2416 3740 2697 3803 damnant,
2751 3755 2863 3794 non
2917 3738 3082 3793 modo
3124 3738 3270 3808 quod
3319 3736 3580 3807 injustus,

1999 3832 2309 3902 aequalitate
2336 3831 2593 3897 tollenda,
2624 3833 2717 3886 sed
2744 3834 2906 3887 etiam
2936 3830 3082 3900 quod
3115 3830 3316 3900 impius
3358 3829 3583 3884 convvl-

2000 3925 2159 3979 lenda
2191 3923 2538 3995 naturazlege
2576 3923 2848 3978 videatur.
2879 3920 2991 3978 Nos
3028 3921 3174 3976 enim
3224 3921 3294 3975 ab
3326 3936 3413 3985 ea,
3463 3928 3585 3973 tan-

2000 4032 2164 4087 quam
2191 4032 2220 4071 a
2237 4017 2515 4072 communi
2535 4026 2776 4087 parente,
2800 4022 3116 4087 procreatos
3143 4022 3306 4082 atque
3322 4014 3584 4072 educatos

2000 4096 2212 4176 omnes,
2274 4124 2565 4180 germanos
2610 4108 2838 4178 proinde
2891 4106 3110 4173 fratres,
3148 4120 3257 4160 non
3301 4104 3470 4160 verbo
3504 4113 3584 4158 te-

2002 4218 2127 4267 nus,
2163 4203 2254 4257 sed
2302 4201 2482 4271 reipsa
2516 4201 2846 4255 constitutos
2870 4214 2990 4254 esse
3022 4213 3036 4252 :
3067 4212 3230 4268 quam
3275 4205 3454 4251 tamen
3488 4211 3584 4250 co-

2004 4294 2312 4364 gnationem
2341 4291 2759 4349 insidiatrixilla
2784 4290 3073 4360 cupiditas,
3092 4290 3215 4343 laeto
3245 4304 3424 4344 rerum
3456 4303 3584 4342 suc-

2006 4400 2163 4441 cessu
2198 4383 2425 4448 felicior,
2450 4382 2835 4437 alienationem
2869 4396 2968 4451 pro
3002 4378 3428 4459 necessitudine,
3480 4390 3581 4448 pro

325 4468 541 4571 καί
574 4498 723 4573 παρά
744 4468 1020 4553 τὸνάλλον
1053 4496 1264 4569 χρόνον,
1298 4496 1357 4549 ἐν
1394 4493 1452 4547 δέ
1492 4494 1612 4555 ταῖς
1645 4489 1896 4561 ἑϐδόμαις

2001 4476 2376 4532 benevolentia
2409 4475 2595 4529 odium
2629 4474 2957 4533 invehendo.
3005 4472 3280 4527 distraxit.
3324 4468 3579 4525 Philoso-

322 4591 707 4664 διαφερόντως.
739 4591 1002 4663 Ἱεράγάρ
1022 4591 1056 4660 ή
1092 4587 1295 4659 ἑϐδόμη
1322 4585 1654 4656 νενόμισται,
1685 4580 1807 4635 καθ’
1833 4580 1901 4651 ἣν

400 4799 519 4871 (94),
546 4790 881 4871 arumnam
907 4791 1178 4863 ἀνομίας.
1203 4788 1409 4871 Novus,
1436 4786 1656 4869 Opinor,
1690 4784 1902 4871 sedata-

327 4853 452 4927 meu
468 4853 727 4938 lelegans,
741 4853 1038 4938 planeque:
1055 4853 1385 4938 σημαντικός
1396 4853 1559 4938 vocis
1596 4853 1903 4938 χειροήθεις

328 4926 507 5009 usus.
531 4926 628 4994 E'st
647 4926 790 4992 enim
809 4979 825 5002 ,
869 4926 1196 5009 ut'_videtu'r,
1227 4927 1549 4999 improbitas
1575 4926 1902 5009 χειροήθης,

330 5008 650 5083 quaalacile
679 5022 781 5062 usu
814 5004 1744 5083 quodamnmutuoque‘consortioz
1777 5004 1905 5049 Vitae

329 5065 615 5138 hominum
645 5092 707 5133 ac
731 5065 976 5131 moribus
1001 5065 1353 5128 adhaeresca’t.
1387 5067 1464 5122 Ita
1489 5065 1634 5138 quod
1660 5067 1905 5138 animan-

333 5153 427 5233 tis,
473 5158 569 5231 aut
618 5161 865 5219 persona:
901 5143 1182 5215 proprium
1214 5149 1327 5206 est,
1361 5139 1416 5194 id
1447 5137 1633 5193 virtuti
1660 5137 1904 5206 vitioque

334 5224 1022 5363 ῑῃῗθυῐίῖυῧξῗκποριζονται.
1072 5281 1300 5346 Excus.,
1348 5276 1764 5350 ἐκπορίζοντες,
1817 5292 1905 5332 re-

331 5363 494 5418 ctius.

302 5463 315 5503 ι
343 5415 519 5503 "(96)
553 5426 984 5503 Ἐπιτηδεύσει,
1013 5433 1118 5479 etc.
1142 5421 1279 5503 viae
1308 5434 1437 5503 num
1470 5415 1906 5503 Pantiniana;-

308 5487 458 5573 'pres
492 5487 894 5573 mentem‘ejus
934 5489 1485 5573 assequaturndum
1511 5489 1641 5573 haec
1672 5488 1744 5573 ita
1779 5487 1906 5539 red-

296 5570 301 5579 ’
334 5557 415 5626 ait
434 5612 449 5638 ,
479 5581 530 5625 et
558 5579 768 5639 prapter
793 5557 915 5625 ὖίιίε
948 5557 1250 5639 institutum
1287 5560 1483 5639 divites
1504 5557 1760 5639 habentur
1790 5571 1907 5607 man

333 5625 619 5713 ρἱξᾳιιάηι
640 5625 702 5713 ob
730 5653 903 5713 rerum
926 5635 1155 5713 copiam.
1189 5632 1273 5684 An
1299 5628 1552 5699 εὐτυχίας
1588 5625 1786 5693 ἔνδεια,
1820 5640 1905 5678 re-

336 5707 457 5765 rum
473 5707 812 5764 abundantia
832 5707 948 5761 est?

406 5761 616 5853 (9531
632 5761 696 5834 in
713 5777 829 5833 τῶν
856 5775 1004 5833 κατὰ
1019 5774 1285 5843 πόλεμον
1305 5767 1749 5837 ἐπιτηδεύοντα.
1767 5761 1907 5819 llinc

2002 4569 2146 4640 phiae
2170 4576 2378 4638 partem
2409 4580 2553 4631 eam,
2588 4580 2710 4637 qua:
2735 4565 2791 4619 in
2821 4564 3124 4620 disserendi
3158 4561 3368 4617 ratione
3398 4576 3585 4616 versa-

2003 4784 2358 4857 corrigendus
2382 4784 2835 4857 videtur_excus.,
2862 4778 3004 4857 apud
3031 4792 3195 4857 quem
3230 4776 3412 4857 minus
3435 4781 3584 4828 recte

2003 4858 2109 4927 legi
2140 4843 2514 4927 V‘éxistimo,iﬁ
2558 4852 2666 4927 τῷν
2697 4849 2838 4927 κατά
2872 4843 3106 4920 πόλεμον
3138 4843 3542 4917 ἐπιτηδεύματα
3561 4883 3579 4909 ,

2006 4923 2157 4999 quod
2173 4935 2362 4999 tamen
2389 4923 2714 4999 etiam_[ei:ri
2744 4930 2943 4992 potest.
3080 4995 3090 4999 Α
3130 4987 3142 4999 ο
3402 4998 3405 4999 ν
3447 4983 3489 4999 L
3537 4981 3549 4995 ι

2078 4996 2191 5068 (98)
2241 4996 2530 5068 Ἰσότητα.
2566 4983 2764 5048 Melius
2795 5006 2959 5062 quam
2988 5027 3006 5054 ,
3035 4995 3096 5042 ut
3130 4987 3183 5042 in
3214 4998 3419 5041 excuso
3447 4983 3583 5054 legi-

2007 5077 2118 5131 tur,
2149 5070 2415 5191 iatd‘nl'ra.
3004 5129 3015 5141 .
3157 5142 3167 5150 .

2077 5138 2191 5209 (99)
2231 5142 2293 5190 Δι
2327 5150 2566 5209 carcer.
2592 5133 2793 5209 Vocem
2823 5130 2969 5185 hanc
3002 5143 3057 5183 in
3080 5124 3310 5209 excuso
3344 5138 3576 5209 repotia;

2005 5193 2185 5279 quam,
2211 5207 2435 5279 tametsi
2463 5206 2663 5279 legisse
2712 5204 2981 5269 interpres
3021 5197 3289 5278 _videtur,
3334 5193 3580 5247 mutilam

2007 5269 2187 5334 tamen
2222 5277 2391 5333 edidit
2423 5269 2773 5343 hiantemque
2802 5269 3149 5343 sententiain.

2081 5348 2156 5418 (ί)
2189 5346 2559 5418 Φιλοσοφίας
2596 5335 2697 5418 τε]
2717 5343 2879 5418 Amat
2903 5335 3246 5418 Thucydides
3284 5335 3422 5418 hanc
3450 5347 3580 5418 par:

2081 5348 2156 5471 (11)
2189 5348 2559 5414 Φιλοσοφίας
2596 5360 2678 5397 τε.
2717 5348 2879 5394 Amat
2903 5348 3246 5415 Thucydides
3284 5348 3422 5413 hanc
3450 5348 3580 5402 par-

2011 5420 2122 5475 ticn
2149 5434 2259 5481 am,
2287 5433 2395 5486 qua
2424 5413 2721 5486 saepissime
2744 5411 2797 5464 in
2830 5407 3274 5486 diSthIICLi-Sb'iltl'ls
3304 5401 3582 5486 φαίη-δἐι

2009 5471 2345 5559 argumentis
2366 5528 2379 5551 ,
2408 5471 2772 5559 vel-partibus
2794 5471 3131 5559 populandis
3159 5476 3232 5530 uti
3263 5475 3420 5528 solet.
3472 5471 3582 5526 Ex-

2010 5548 2176 5615 cusits
2203 5548 2383 5611 tamen
2422 5548 2983 5625 ιβςξφιλοσοφίαςίδέ.
3067 5616 3079 5625 _
3191 5613 3217 5625 η
3353 5611 3368 5625 ἰ
3391 5609 3424 5625 1.

2082 5609 2172 5701 (9)
2208 5609 2580 5701 Ὧςίκτῆὸνινί
2608 5609 2866 5690 ἀρετῆς(
2891 5618 3019 5674 Post
3057 5613 3258 5688 ἀρετῆς
3303 5609 3456 5668 addit
3481 5628 3583 5669 es-

2011 5698 2477 5768 οιιεζλογοθήραις
2497 5733 2510 5758 ,
2537 5702 2592 5747 et
2619 5700 2783 5747 recte.
