4166 6414
559 346 672 399 ’ϐιῖ
1199 342 1472 398 EUSEBII
1506 337 1986 400 CESARIENSIS
2023 344 2176 401 OPP.
2216 345 2402 402 PARS
2427 341 2498 400 ΙΙ.
2539 377 2608 389 -
2646 341 3146 406 'APOLOGETICA.
3710 351 3817 413 348

562 475 679 526 tur,
707 463 859 530 quasi
890 463 1066 517 minus
1095 463 1348 532 parandae
1385 461 1570 516 virtuti
1603 465 1991 531 necessariam,
2020 482 2125 522 ver-

2241 465 2350 517 τῶν
2383 465 2556 518 ἀλλων
2585 466 2867 536 ἀνέχοντες
2893 466 3089 538 ἔργων,
3114 469 3193 530 εἰς
3227 459 3404 537 ἱεροὺς
3431 459 3818 540 ἀφικνοῦμενοι

568 556 760 608 borum
818 558 1688 626 argutiarumquecaptatoribus;
1745 576 1867 630 qua:
1915 576 2042 615 vero
2074 562 2125 616 dt

2241 555 2461 619 τόπους,
2483 557 2532 609 οἶ
2560 559 2849 610 καλοῦνται
2882 559 3214 627 συναγωγαὶ,
3240 559 3358 612 καθ’
3390 559 3608 628 ἡλικίας
3639 563 3694 614 ἐν
3721 563 3818 617 τά·

567 657 760 702 natura
810 657 1024 712 tractat,
1076 650 1231 716 quasi
1271 651 1522 704 humanze
1551 662 1756 706 natura:
1787 654 1996 708 viribus
2042 670 2140 708 su-

561 740 864 810 perierem,
892 751 1174 793 ventorum
1211 743 1544 812 nubiumque
1563 746 1924 800 sectatoribus
1975 747 2140 800 relin-

563 839 760 896 quunt,
793 830 894 882 nisi
927 840 1197 898 quatenus
1222 835 1288 889 de
1314 834 1498 888 divina
1529 836 1785 898 essentia,
1813 845 1864 890 et
1897 837 2137 892 universi

564 922 845 974 molitione
883 923 1300 991 philosophatur
1331 943 1344 978 :
1392 925 1444 978 in
1499 942 1640 990 eam,
1672 943 1792 997 qua:
1839 944 2016 984 mores
2049 929 2134 982 in-

557 1013 784 1077 format,
820 1032 983 1085 quam
1041 1017 1325 1085 diligenter
1354 1018 1696 1084 incumbunt,
1731 1022 2027 1089 patriarum
2057 1022 2136 1077 le-

561 1109 786 1176 gumusi
823 1109 1158 1178 magisterio,
1182 1128 1411 1180 quarum
1437 1114 1802 1182 intelligentia:
1837 1117 2132 1170 humanum

561 1198 864 1268 ingenium,
920 1201 1023 1254 nisi
1085 1203 1348 1258 divinitus
1397 1203 1658 1271 alllutum,
1717 1223 1815 1276 par
1860 1224 1980 1262 esse
2027 1226 2135 1263 non

555 1291 754 1360 possit.
792 1290 900 1346 Eas
946 1309 1129 1360 porro,
1180 1312 1303 1350 cum
1359 1298 1481 1351 aliis
1536 1315 1751 1369 quoque
1781 1302 2132 1370 temporibus,

561 1387 678 1431 tum
708 1386 1006 1449 praasertim
1053 1386 1282 1454 septimo
1331 1405 1549 1458 quoque
1597 1392 1683 1444 die
1713 1392 1893 1446 doceri
1936 1394 2130 1448 solént.

553 1468 791 1525 Sacrum
841 1475 1042 1543 quippe
1104 1478 1247 1531 diem
1301 1480 1450 1532 illum
1515 1482 1732 1545 habent,
1761 1500 1870 1552 quo
1913 1486 1981 1539 ab
2026 1487 2134 1540 alio

559 1561 800 1630 quolibet
844 1579 1003 1633 opere
1037 1564 1234 1630 feriati,
1285 1571 1647 1626 sanctioribus
1695 1574 1746 1625 in
1786 1574 1948 1639 locis,
1997 1591 2134 1644 quas

560 1668 866 1726 synagogas
899 1657 999 1725 ipsi
1023 1669 1240 1723 vocant,
1283 1661 1356 1715 ita
1391 1666 1743 1729 conveniunt,
1779 1679 1857 1732 ut,
1931 1670 2133 1723 deseri-

573 1747 682 1816 ptis
708 1758 971 1816 proaetate
991 1751 1292 1816 ordinibus,
1314 1754 1558 1823 juniores
1574 1759 1850 1813 seniorum
1878 1762 1943 1815 ad
1970 1765 2131 1832 pedes

558 1839 914 1906 consideant,
946 1857 1269 1912 summaque
1314 1861 1437 1900 cum
1501 1847 1784 1906 honestate
1827 1868 1895 1907 ac
1949 1855 2134 1909 mode-

559 1928 664 1982 stia
701 1929 959 1986 docentes
1011 1934 1254 1990 audiant.
1283 1933 1416 1990 Nam
1453 1939 1580 1992 dum
1631 1958 1773 1996 unus
1803 1946 2070 2014 quiSpiam
2103 1963 2134 2002 e

557 2020 731 2075 sacris
759 2021 962 2091 aliquid
999 2025 1372 2081 voluminibus
1424 2031 1633 2093 recitat,
1675 2035 1817 2088 alius
1854 2037 2074 2104 quidam
2102 2054 2132 2093 e

548 2112 928 2179 peritissimis,
960 2117 1224 2186 quidquid
1266 2119 1556 2176 obscurius
1617 2126 1796 2190 ruerit,
1842 2130 2126 2184 enncleat:

557 2202 816 2273 pleraque
837 2207 982 2258 enim
1025 2207 1100 2260 illi
1138 2207 1328 2277 ﬁguris
1359 2221 1413 2265 et
1442 2215 1653 2269 umbris
1697 2216 1960 2281 involuta,
1991 2223 2132 2276 anti-

556 2292 783 2362 quitatis
817 2297 999 2351 studio
1048 2301 1285 2368 quodam
1343 2311 1396 2356 et
1425 2304 1725 2363 imitatione
1771 2311 2126 2366 tradiderunt.

553 2384 824 2439 Caeterum
893 2389 1148 2456 pietatis,
1213 2396 1628 2465 sanctimoniae,
1701 2403 2000 2471 aequitatis,
2050 2407 2130 2460 rei

548 2485 671 2530 tum
734 2477 1016 2535 familiaris
1073 2492 1185 2536 tum
1234 2487 1462 2553 publica:
1509 2495 1790 2562 praceplis
1832 2495 2130 2550 informan-

549 2577 665 2634 tur,
721 2584 1020 2641 eorumque
1070 2575 1254 2642 simul,
1310 2593 1431 2646 qua:
1476 2597 1603 2636 vere
1671 2600 1767 2639 seu
1827 2586 1990 2651 bona,
2033 2604 2128 2643 seu

549 2659 739 2724 mala,
800 2675 895 2715 seu
949 2661 1182 2733 denique
1249 2667 1610 2725 indifferentia
1679 2682 1827 2736 sunt,
1860 2677 2130 2744 cOgnitio-

555 2762 678 2802 nem
712 2750 988 2817 hauriunt,
1025 2765 1083 2808 ut
1113 2760 1412 2826 expetenda
1450 2777 1870 2831 persequantur,
1895 2766 2129 2833 fugiant-

553 2855 660 2909 que
691 2846 985 2897 contraria.
1026 2846 1238 2912 Quibus
1270 2850 1323 2902 in
1355 2851 1516 2905 rebus
1545 2855 1715 2908 tribus
1741 2857 1896 2923 quasi
1929 2856 2128 2912 ﬁnibus

553 2947 618 2988 ac
643 2935 845 3004 regulis
876 2939 950 2991 uti
986 2941 1183 3004 solent,
1209 2959 1399 2998 amore
1428 2945 1632 3012 divino,
1675 2949 1855 3002 studio
1891 2950 2123 3016 virtutis,

551 3033 607 3078 et
638 3025 919 3082 hominum
944 3031 1228 3089 c‘haritate.
1259 3035 1337 3090 Ac
1369 3037 1586 3092 divinus
1618 3040 1833 3108 quidem
1866 3058 2018 3096 amor
2045 3043 2125 3096 in-

2241 645 2385 711 ξεσιν
2436 647 2540 698 ὑπὸ
2572 648 2958 718 πρεσϐυτέροις
2990 649 3097 700 νέοι
3145 648 3494 711 καθέζονται,
3545 649 3682 718 μετά
3724 651 3815 703 κόν

2243 747 2378 805 σμου
2413 737 2505 788 τοῦ
2529 739 2894 808 προσήκοντος
2922 739 3133 807 ἔχοντες
3163 740 3522 807 ἀκροατικῶς.
3569 737 3662 803 Εἷς
3715 742 3815 812 μέν

2238 844 2323 890 τις
2353 829 2452 891 τὰς
2496 829 2706 897 βίϐλους
2752 830 3111 898 ἀναγινώσκει
3149 829 3358 895 λαϐὼν,
3391 832 3578 901 ἔτερος
3621 832 3676 884 δὲ
3706 833 3814 886 τῶν

2239 919 2644 990 ἐμπειροτάτων
2661 922 2760 972 ὅσα
2792 920 2866 990 μὴ
2897 921 3144 991 γνώριμα
3160 921 3443 992 παρελθὼν
3467 925 3542 991 (5)
3562 925 3812 979 ἀναδιδά-

2239 1023 2358 1064 σκει
2379 1013 2453 1080 (4)
2477 1029 2490 1043 °
2526 1013 2593 1064 τὰ
2620 1013 2727 1082 γάρ
2760 1013 2983 1064 πλεῖστα
3004 1013 3090 1065 διὰ
3113 1013 3393 1082 συμϐόλων
3428 1016 3810 1086 ἀρχαιοτρόπῳ

2238 1099 2470 1174 ζηλώσει
2525 1109 2653 1175 παρ’
2691 1107 2873 1168 αὐτοῖς
2916 1106 3303 1174 φιλοσοφεῖται.
3358 1107 3708 1161 Παιδεύονται
3753 1109 3811 1162 δὲ

2236 1195 2534 1259 εὐσέϐειαν,
2565 1198 2838 1266 ὁσιότητα,
2880 1197 3242 1266 δικαιοσύνην,
3277 1198 3618 1268 οἰκονομίαν,
3657 1197 3806 1251 πολιδ

2235 1287 2406 1352 τείαν,
2453 1291 2546 1342 καὶ
2586 1291 2894 1359 ἐπιστήμην
2935 1289 3042 1341 τῶν
3093 1291 3227 1359 πρὸς
3261 1288 3517 1360 ἀληθειαν
3567 1289 3805 1358 ἀγαθῶν,

2236 1379 2330 1430 καὶ
2379 1381 2582 1443 κακῶν,
2631 1380 2726 1433 καὶ
2785 1380 3119 1449 ἀδιαφόρων·
3174 1379 3414 1450 αἱρέσεις
3440 1374 3515 1432 ὧν
3554 1381 3680 1453 χρὴ,
3713 1377 3808 1436 καὶ

2235 1472 2412 1542 φυγὰς
2453 1472 2560 1525 τῶν
2604 1473 2858 1526 ἐναντίων
2877 1490 2890 1503 ·
2932 1474 3114 1543 νόμοις
3138 1474 3231 1526 καὶ
3254 1475 3439 1526 κανόσι
3466 1474 3540 1540 (5)
3573 1478 3808 1545 τριττοῖς

2234 1564 2524 1636 χρώμενοι,
2569 1564 2646 1634 τῷ
2676 1582 2734 1617 τε
2765 1564 2993 1634 φιλοθέῳ
3017 1566 3110 1618 καὶ
3137 1566 3438 1636 φιλαρέτῳ,
3475 1567 3569 1619 καὶ
3618 1565 3805 1633 φιλαν-

2234 1654 2455 1729 θρώπῳ.
2475 1655 2581 1710 Τοῦ
2605 1657 2702 1726 μὲν
2726 1653 2817 1710 οὖν
2845 1657 3088 1725 φιλοθέου
3110 1657 3370 1727 δείγματα
3387 1659 3553 1728 μυρία
3577 1657 3649 1727 (6)
3672 1675 3807 1729 παρ-

2234 1749 2408 1819 έχειή
2453 1753 2583 1820 παρ’
2629 1749 2752 1802 ὅλον
2802 1749 2894 1801 τὸν
2940 1748 3051 1819 βίον
3095 1749 3321 1819 συνεχὴς
3369 1750 3462 1802 καὶ
3507 1749 3808 1820 ἐπάλληλος

2164 1815 2448 1907 Β’ἀγνείσμ
2506 1815 2567 1892 to
2613 1839 2910 1909 ἀνώμοτον,
2941 1815 3032 1892 ⁷τὸ
3086 1815 3334 1907 ἀψευδὲς,
3364 1839 3665 1892 τὸπάντων
3702 1815 3806 1910 μὲν

2233 1931 2451 2000 ἀγαθῶν
2484 1930 2657 1984 αἴτιον
2678 1974 2691 1995 ,
2736 1930 2908 1984 κακοῦ
2933 1929 2987 1982 δὲ
3025 1928 3249 2000 μηδενὸς
3280 1928 3519 1998 νομίζειν
3550 1924 3689 1982 εἶναι
3743 1930 3805 1982 τὸ

2232 2025 2384 2076 Θεῖον
2409 2040 2422 2054 °
2445 2023 2539 2076 τοῦ
2572 2023 2626 2076 δέ
2652 2022 2937 2092 φιλαρέτου
2965 2017 3026 2073 τὸ
3054 2020 3510 2091 ἀφιλοχρήματον,
3544 2021 3605 2072 τὸ
3628 2021 3805 2089 ἀφιλό-

2231 2113 2401 2178 δοξον,
2447 2113 2508 2166 τὸ
2555 2110 2976 2181 ἀφιλήδονον,τὸ
3003 2111 3303 2181 ἐγκρατὲς,
3350 2110 3412 2162 τὸ
3456 2113 3798 2182 καρτερικὸν,

2232 2206 2310 2258 ἔτι
2344 2205 2400 2258 δὲ
2425 2205 2772 2271 όλιγοδέειαν,
2800 2202 3076 2272 ἀφέλειαν,
3107 2200 3375 2262 εὐκολίαν,
3403 2200 3463 2252 τὸ
3491 2201 3710 2268 ἄτυφον,
3741 2200 3805 2254 τὺ

2232 2297 2479 2364 νόμιμον,
2511 2294 2571 2346 τὸ
2596 2293 2872 2356 εὐσταθὲς,
2917 2295 3011 2345 καὶ
3044 2293 3143 2344 ὅσα
3181 2291 3390 2353 τούτοις
3430 2291 3762 2361 ὁμοιότροπα
3784 2308 3798 2320 ·

2230 2387 2323 2440 τοῦ
2353 2387 2409 2439 δὲ
2441 2385 2818 2456 φιλανθρώπου
2842 2384 3128 2454 δείγματα,
3164 2383 3343 2436 εὖνοια
3370 2382 3480 2453 (7),
3526 2383 3725 2453 ίσότης,
3767 2384 3800 2452 ἡ

2231 2479 2430 2542 παντὸς
2460 2478 2617 2546 λόγου
2650 2478 2911 2548 κρείττων
2940 2476 3189 2529 κοινωνία
3215 2515 3230 2539 ,
3267 2476 3392 2546 περὶ
3417 2470 3483 2546 ἦς
3511 2475 3610 2526 οὐκ
3643 2474 3802 2528 ἀκαι-

2232 2588 2323 2642 ρον
2359 2570 2564 2641 βραχέα
2593 2572 2784 2622 εἰπεῖν.
2815 2568 3036 2639 Πρῶτον
3059 2557 3241 2620 ¹τοίνυν
3273 2567 3480 2628 οὐδενὸς
3504 2566 3623 2628 ἐνὸς
3653 2566 3800 2619 οίκία

2227 2665 2311 2727 τίς
2346 2666 2492 2716 ἐστιν
2530 2663 2648 2723 ἰδία,
2681 2665 2746 2734 ἦν
2779 2663 2898 2730 οὐχ).
2922 2661 3136 2714 πάντων
3162 2657 3296 2712 εἶναι
3331 2659 3507 2712 κοινὸν
3535 2670 3560 2699 ι
3596 2658 3800 2728 συμϐέο

2231 2757 2382 2827 ϐηκε.
2419 2755 2561 2826 Πρὸς
2583 2755 2690 2826 γὰρ
2728 2754 2806 2824 τῷ
2833 2753 2972 2806 κατά
3007 2753 3224 2815 θιάσους
3270 2754 3532 2805 συνοικεῖν
3552 2789 3568 2814 ,
3598 2753 3800 2806 ἀναπέ-

2230 2861 2427 2903 πταται
2456 2848 2683 2909 καὶτοῖς
2714 2844 2976 2916 ἑτέρωθεν
3009 2845 3422 2914 ἀφικνουμένοις
3455 2844 3562 2896 τῶν
3599 2844 3800 2915 ὁμοζήο

2229 2941 2356 2994 λων.
2390 2936 2500 2994 Εἶτ’
2537 2939 2651 2991 ἐστί
2681 2939 2902 3006 ταμεῖον
2931 2935 2988 2989 ἐν
3022 2935 3238 2988 πάντων
3266 2937 3359 2989 καὶ
3391 2936 3652 2989 δαπάναι·
3706 2937 3800 2991 καὶ

2229 3035 2403 3090 κοιναὶ
2443 3033 2544 3103 μὲν
2591 3031 2836 3102 ἐσθῆτες,
2880 3031 3057 3084 κοιναὶ
3086 3029 3142 3082 δὲ
3168 3030 3383 3101 τροφαὶ,
3418 3029 3666 3083 συσσίτια
3699 3046 3798 3084 πει

550 3114 719 3174 llnitis
776 3125 1109 3192 argumentis
1162 3129 1568 3197 comprobatur,
1603 3147 1724 3200 quae
1751 3134 1945 3202 partim
1997 3149 2125 3190 con-

2231 3126 2557 3196 ποιημένων.
2593 3122 2666 3175 Τὸ
2698 3121 2806 3193 γὰρ
2831 3122 3156 3192 ὁμωρόφιον,
3193 3121 3226 3191 ἢ
3254 3121 3574 3192 ὁμοδίαιτον,
3607 3122 3641 3194 ἢ
3671 3124 3800 3192 ὁμο-

553 3219 704 3267 stans
730 3227 795 3266 ac
816 3227 1072 3284 perpetua
1110 3220 1274 3274 totius
1297 3221 1418 3277 vitae
1443 3224 1787 3290 castimonia,
1820 3228 2015 3295 partim
2056 3229 2125 3283 ab

2229 3217 2517 3292 τράπεζον,
2547 3216 2645 3269 οὐκ
2665 3214 2730 3268 ἀν
2758 3231 2840 3277 τις
2873 3213 3022 3286 εὖροι
3043 3215 3168 3286 παρ’
3196 3214 3403 3286 ἐτέροις
3427 3214 3624 3285 μᾶλλον
3653 3215 3799 3286 ἔργῳ

549 3304 700 3355 ωηιιὶ
715 3304 1586 3381 jurejurando383abstinentia,
1612 3317 1803 3385 partim
1829 3316 1950 3387 luga
1970 3334 2122 3373 meu-

551 3392 716 3458 dacii,
746 3399 941 3464 partim
975 3401 1210 3472 denique
1242 3406 1500 3472 praclara
1539 3408 1708 3462 illade
1733 3408 1843 3466 Deo
1865 3419 2122 3479 tauquam

545 3485 794 3540 omnium
832 3489 1098 3546 bonorum
1155 3494 1304 3550 fonte
1361 3499 1599 3568 malique
1651 3501 1854 3556 nullius
1903 3511 2124 3556 auctore

551 3582 816 3634 sententia
840 3586 1167 3652 suppeditat.
1218 3587 1383 3642 lidem
1423 3591 1638 3645 virtutis
1686 3608 1848 3660 quam
1893 3593 2122 3646 studiosi

548 3671 682 3736 sint,
713 3686 775 3725 ex
799 3673 1134 3741 divitiarum,
1154 3678 1360 3746 gloriae,
1379 3681 1784 3750 voluptatisque
1809 3695 2121 3754 contemptu

552 3778 762 3816 necnon
795 3780 862 3820 ex
891 3773 1268 3837 temperantia,
1313 3773 1620 3838 tolerantia,
1647 3773 1972 3844 frugalitate,
1993 3779 2123 3833 sim-

549 3851 808 3918 plicitate,
843 3855 1130 3924 modestia,
1157 3859 1508 3927 demissione,
1535 3863 1712 3932 legum
1753 3865 2118 3933 observantia,

549 3953 764 3996 morum
796 3943 1030 4013 vitaeque
1057 3951 1389 4014 constantia,
1425 3967 1487 4005 ac
1516 3952 1787 4008 similibus
1815 3957 1981 4010 animi
2029 3959 2122 4012 do-

547 4033 696 4090 tibus
722 4037 1007 4108 intelligas.
1049 4037 1332 4096 Postremo
1354 4058 1507 4098 suam
1541 4059 1669 4117 erga
1705 4048 1958 4104 homines
1991 4051 2122 4105 cha-

549 4125 790 4192 ritalem,
824 4127 1221 4194 benevolentia,
1267 4133 1596 4200 :equalitate,
1655 4150 1883 4205 qumque
1915 4139 2120 4191 oratio-

546 4229 670 4268 nem
701 4231 914 4271 omnem
949 4231 1185 4288 superat,
1209 4225 1450 4276 omnium
1486 4225 1624 4280 inter
1657 4241 1716 4280 se
1766 4243 1945 4281 rerum
1977 4245 2121 4284 com-

547 4307 806 4362 munione
835 4310 1130 4366 declarant.
1182 4313 1256 4368 De
1308 4330 1416 4384 qua
1465 4331 1595 4371 sane
1642 4333 1814 4386 pauca
1866 4318 1971 4374 hoc
1993 4321 2116 4374 loco

546 4399 898 4471 subjungere,
924 4419 1028 4458 non
1058 4406 1154 4460 abs
1178 4422 1234 4460 re
1257 4406 1441 4463 fuerit.
1473 4407 1716 4464 Primum
1747 4425 1880 4481 ergo
1911 4413 2115 4466 nemini

2227 3313 2628 3385 βεϐαιούμενον,
2664 3313 2757 3367 καὶ
2792 3313 2927 3385 μήτε
2960 3311 2988 3350 ιι
3015 3309 3258 3372 εἰκότως.
3293 3309 3430 3361 Ὅσα
3451 3308 3557 3381 γὰρ
3583 3309 3649 3362 ἂν
3677 3308 3796 3379 μεθ’

2225 3407 2438 3477 ἡμέραν
2468 3407 2838 3479 ἐργασάμενοι
2893 3403 3128 3457 λάϐωσιν
3161 3403 3253 3455 ἐπ)⁸
3289 3401 3495 3471 μισθῷ,
3541 3400 3693 3454 ταῦτ’
3729 3402 3794 3454 οὐ

2224 3497 2675 3566 διαφυλάττουσιν
2707 3536 2720 3559 ,
2752 3495 2868 3547 ἀλλ’
2889 3496 2969 3556 είς
3004 3493 3166 3564 μέσον
3196 3492 3540 3564 προτιθέντες
3565 3533 3579 3556 ,
3607 3491 3796 3563 κοινὴν

2223 3593 2336 3653 τοῖς
2363 3589 2602 3642 ἐθέλουσι
2625 3587 2856 3658 χρῆσθαι
2885 3587 2984 3657 τὴν
3020 3587 3115 3640 ἀπ’
3148 3586 3322 3639 αὐτῶν
3350 3583 3797 3654 παρασκευάζου-

2225 3697 2308 3733 σιν
2331 3679 2615 3749 ώφέλειαν.
2637 3677 2704 3729 Οἵ
2725 3694 2782 3728 τε
2805 3676 3102 3740 νοσοῦντες,
3134 3677 3254 3746 οὐχ,
3284 3676 3364 3728 ὅτι
3401 3671 3639 3744 πορίζειν
3670 3672 3797 3726 ἀδυ-

2222 3771 2495 3835 νατοῦσιν,
2554 3767 2898 3839 ἀμελοῦνται,
2966 3768 3104 3837 πρὸς
3131 3768 3230 3830 τὰς
3259 3766 3539 3837 νοσηλείας
3582 3767 3647 3818 ἐκ
3682 3763 3795 3817 τῶν

2222 3863 2414 3917 κοινῶν
2438 3862 2650 3931 ἔχοντες
2673 3863 2730 3913 ἐν
2764 3859 2986 3929 ἑτοίμῳ,
3017 3858 3091 3918 ὡς
3124 3858 3263 3929 μετὰ
3301 3860 3478 3927 πάσης
3523 3854 3703 3920 ἀδείας
3733 3857 3794 3923 ἐξ

2221 3952 2609 4023 ἀφθονωτέρων
2636 3951 2966 4004 ἀναλίσκειν.
2993 3949 3163 4012 Αἰδὼς
3191 3950 3236 4002 δ’
3265 3951 3380 4002 ἐστὶ
3406 3949 3794 4022 πρεσϐυτέρων

2220 4043 2316 4095 καὶ
2348 4043 2585 4112 φροντὶς,
2616 4037 2702 4093 οἷα
2723 4041 2922 4107 γονέων
2945 4040 3049 4093 ὑπὸ
3075 4040 3310 4110 γνησίων
3354 4040 3558 4092 παίδων
3577 4081 3590 4100 ,
3635 4037 3793 4108 χερσὶ

2221 4133 2314 4187 καὶ
2337 4133 2592 4196 διανοίαις
2609 4135 2684 4202 (8)
2703 4136 2921 4205 μυρίαις
2957 4136 3015 4186 ἐν
3039 4132 3267 4203 ἀφθονία
3296 4131 3402 4185 τῶν
3422 4147 3790 4202 γηροτρόφου-

2224 4227 2420 4297 μένων.
2455 4227 2739 4290 Τοιούτους
2760 4229 2793 4298 ή
2817 4227 2940 4297 δίχα
2961 4227 3280 4297 περιεργίας
3321 4223 3646 4293 Ἑλληνικῶν
3672 4223 3792 4275 ὀνο-

2223 4319 2406 4389 μάτων
2432 4318 2669 4388 ἀθλητὰς
2693 4320 2894 4389 ἀρετῆς
2917 4318 3287 4388 ἀπεργάζεται
3329 4317 3614 4385 φιλοσοφία
3637 4356 3652 4380 ,
3687 4333 3789 4383 γυ-

2224 4411 2516 4480 μνάσματα
2549 4411 2859 4482 προτιθείσα
2887 4410 2985 4474 τὰς
3011 4409 3295 4472 ἐπαινετάς
3325 4410 3584 4478 πράξεις,
3620 4407 3680 4472 ἐξ
3710 4401 3789 4460 ὧν

545 4494 762 4560 propria
781 4493 863 4547 vel
887 4509 990 4548 una
1018 4497 1216 4551 domus
1240 4507 1346 4564 est,
1369 4514 1490 4568 qua:
1515 4517 1619 4555 non
1655 4503 1899 4556 omnium
1930 4505 2119 4557 simili-

2226 4504 2249 4571 ἡ
2285 4501 2582 4565 ἀδούλωτος
2615 4502 2894 4572 ἐλευθερία
2928 4501 3258 4572 βεϐαιοῦται.
3288 4503 3360 4570 Ση
3372 4503 3518 4570 μεῖον
3551 4501 3630 4562 δὲ,
3657 4499 3789 4552 πολ-

545 4593 626 4636 ter
658 4600 722 4640 ac
768 4589 1076 4655 promiscue
1129 4593 1217 4645 sit.
1269 4591 1403 4646 Nam
1444 4606 1801 4666 praeterquam
1863 4600 2007 4667 quod
2055 4587 2110 4652 in

545 4677 859 4734 sodalitates
888 4680 1184 4748 distributi,
1219 4683 1383 4737 simul
1413 4686 1679 4751 habitant,
1718 4689 1917 4756 eadem
1973 4707 2114 4760 pra:-

545 4776 692 4822 terea
717 4771 974 4825 omnibus
1009 4774 1171 4827 etiam
1197 4775 1415 4830 aliunde
1463 4779 1905 4835 convenientibus
1966 4782 2114 4850 ejus-

545 4859 666 4913 dem
689 4863 901 4917 aemulis
929 4864 1161 4918 instituti
1195 4877 1356 4935 patet.
1399 4866 1601 4924 Deinde
1657 4886 1946 4926 commune
1987 4888 2111 4928 om-

543 4966 644 5007 nes
711 4955 988 5021 aerarium,
1041 4955 1426 5028 impensasque
1498 4975 1817 5016 communes
1884 4961 2106 5025 habent,

543 5052 746 5098 vestem
775 5046 979 5114 pariter
1021 5048 1315 5118 cibumque
1363 5064 1731 5114 communem,
1785 5052 1916 5106 dum
1959 5067 2112 5107 com-

598 5160 625 5189 ⁸
650 5152 768 5212 Ἵσ.
803 5161 1010 5232 κοινήν.
1085 5160 1240 5218 εἰσ.
1279 5163 1443 5235 μάλα.

728 5272 1066 5359 ζζαρεέςών.
1095 5275 1311 5359 Quidnsi
1329 5277 1602 5359 ,διελθὼνῖ

613 5338 688 5410 (4)
731 5338 1156 5421 ᾍναδιᾷάσκὲῖ.
1219 5346 1464 5418 Optime,
1505 5364 1630 5402 nam
1680 5363 1866 5403 excus.
1915 5365 2108 5421 perpe-

541 5422 680 5481 ram,
720 5412 1105 5481 ἀναγικώσκει.

612 5478 688 5548 (5)
728 5478 943 5553 Νόμοις
977 5487 1076 5538 καί
1109 5504 1242 5541 καν.
1285 5487 1465 5544 Malim
1510 5490 1653 5558 ὅροις
1685 5491 1778 5543 καὶ
1802 5507 1947 5556 καν.,
1977 5507 2104 5546 cum

539 5561 761 5605 excuso.

611 5619 686 5695 (θ)
725 5624 1012 5693 Δείγματα
1041 5629 1254 5695 μυρία,
1301 5639 1406 5686 etc.
1454 5629 1701 5683 Excusus
1733 5633 1911 5686 locum
1958 5633 2106 5688 hunc

539 5687 612 5774 i‘ta
639 5687 786 5774 legit,
805 5687 900 5766 τῆν
925 5687 1056 5774 πριρῖ
1079 5687 1198 5774 ὅλον
1223 5687 1314 5752 τὸν
1347 5700 1460 5770 βίον
1483 5701 1682 5774 συνεχῆ
1698 5705 1791 5758 καὶ
1805 5703 2104 5774 ἐπάλληλον

536 5760 779 5830 ἁγνείαν,
807 5760 911 5820 etc.
947 5760 1119 5832 Quam
1160 5760 1446 5826 lectionem
1483 5760 1797 5827 Euse'bi'ame
1841 5760 2097 5844 praetule-

2220 4592 2326 4644 λῶν
2354 4591 2493 4645 κατὰ
2523 4592 2744 4661 καιροὺς
2775 4592 3190 4644 ἐπαναστάντων
3209 4594 3273 4660 τῇ
3301 4591 3453 4662 χώρᾳ
3485 4589 3785 4650 δυναστῶν,

2217 4684 2312 4739 καὶ⁸
2363 4685 2555 4752 φύσεσι
2587 4685 2678 4736 καὶ
2729 4684 3077 4755 προαιρέσεσι
3106 4683 3464 4755 χρησαμένων
3503 4681 3787 4751 διαφερού-

2216 4793 2354 4840 σαις.
2385 4777 2448 4828 0i
2472 4775 2569 4845 μὲν
2602 4775 2730 4844 γὰρ,
2763 4777 2842 4838 εἰς
2868 4774 2928 4827 τὸ
2948 4775 3230 4828 ἀτίθασσον
3261 4773 3559 4844 ἀγριότητα
3580 4772 3785 4845 θηρίων

2213 4869 2496 4938 ἐκνικῆσαι
2534 4867 2948 4931 σπουδάσαντες,
2981 4866 3134 4920 οὐδὲν
3155 4866 3551 4937 παραλιπόντες
3571 4867 3676 4920 τῶν
3703 4870 3786 4931 είς

2211 4959 2488 5029 ὠμότητα,
2513 4960 2636 5021 τους
2675 4958 2945 5028 ὑπηκόους
2973 4957 3234 5029 ἀγεληδὸν
3275 4959 3598 5028 ίερεύοντες,
3629 4959 3661 5029 ἦ
3689 4962 3784 5012 καί⁵

2212 5046 2421 5112 ζῶντας
2450 5047 2551 5110 ἔτι,
2584 5047 2860 5117 μαγείρων
2891 5047 3092 5118 τρόπον
3119 5087 3134 5112 ,
3179 5046 3320 5101 κατά
3350 5048 3489 5119 μέρη
3522 5050 3614 5103 καὶ
3643 5050 3782 5120 μέλη

2210 5290 2338 5372 rim‘.
2364 5291 2599 5372 maxime
2622 5303 2745 5372 cum
2789 5302 2992 5372 seq..p.
3031 5290 3135 5344 385
3177 5290 3386 5372 legatur
3418 5290 3777 5372 ὀλιγοδέειαν,

2208 5361 2484 5431 ἀφέλειαν,
2534 5358 2803 5421 εὐκολίαν,
2841 5358 3274 5429 (ιυίίποιιδυιίῆ
3331 5377 3454 5415 cum
3505 5358 3772 5416 nominat.

2211 5431 2402 5502 ἀγνεία
2434 5433 2724 5502 convenire
2753 5444 2858 5502 non
2890 5440 3138 5499 possunt.

2279 5501 2355 5571 (7)
2396 5501 2704 5569 Δείγματα,
2730 5501 2962 5582 εὔνοια,
2991 5510 3095 5554 etc.
3141 5500 3343 5582 Excus.
3361 5499 3504 5556 delet
3550 5499 3779 5582 tamen.

2215 5589 2254 5639 γ
2292 5570 2430 5633 (ιτα,
2457 5581 2569 5625 ιυιη
2606 5570 2888 5641 sequentia
2921 5572 3345 5637 peraccusandi
3375 5588 3558 5625 casum
3587 5571 3773 5632 cili-rt,

2215 5589 2449 5702 adimat,
2477 5642 2697 5708 ἰσότητα
2717 5682 2730 5703 ,
2778 5653 2880 5695 etc.
2908 5641 2963 5694 In
2989 5657 3098 5708 quo
3121 5642 3222 5694 sibi
3250 5644 3502 5708 praeclare
3532 5650 3773 5697 constat.

2207 5657 2449 5702 ευνοιαν,
2477 5657 2697 5712 ισοτητα
2717 5682 2730 5703 ,
2778 5657 2880 5695 etc.
2909 5657 2963 5694 In
2989 5657 3098 5708 quo
3121 5657 3222 5694 sun
3250 5657 3305 5708 pr

2279 5711 2355 5782 (8)
2393 5714 2706 5781 Διανοιάις.
2733 5711 2872 5781 Quid
2900 5714 2946 5767 si
2967 5710 3305 5779 διακονίαιςῖ
