4166 6442
402 354 508 410 649

1521 358 1842 415 ΡΠᾹΞΡΑΒ.
1884 363 2134 421 EVANG.
2176 367 2301 421 LIB.
2346 369 2477 425 VIII.

3546 386 3651 442 650

402 471 858 547 κρεουργοῦντες,
905 474 1029 544 ἄχρι
1059 473 1154 527 τοῦ
1179 475 1278 539 τὰς
1302 474 1473 539 αυτὰς
1510 478 1796 548 ὑπομεῖναι
1832 495 1959 549 capt-

2078 486 2335 542 munibus
2368 496 2594 541 utuntur
2649 490 3039 550 contuberniis.
3083 493 3391 562 Enimvero,
3463 501 3656 558 lauda-

402 563 573 636 φορὰς
619 564 723 617 ὑπὸ
764 565 860 635 τῆς
902 566 969 617 τὰ
999 563 1312 635 ἀνθρώπεια
1337 566 1621 639 ἐφορώσης
1641 569 1796 639 δίκης
1820 611 1833 634 ,
1873 573 1973 626 οὑκ

399 657 737 711 ἐπαύσαντο·
772 661 820 711 οἱ
843 658 920 720 δὲ,
950 661 1009 712 τὸ
1044 660 1551 731 παρακεκινημένον
1590 662 1684 714 καὶ
1724 662 1977 736 λελυττη-

398 750 492 813 κὸς
524 752 604 813 εἰς
629 751 823 821 ἑτέρας
851 748 986 814 εἶδος
1006 752 1205 816 κακίας
1226 752 1719 825 μεθαρμοσάμενοι,
1751 758 1974 827 πικρίαν

396 847 619 902 ἄλεκτον
658 848 1135 917 ἐπιτηδεύσαντες,
1195 847 1369 919 ἡσυχῆ
1400 848 1774 913 διαλαλοῦντες
1796 892 1810 914 ,
1845 853 1977 923 ἠρε-

400 939 693 1010 μαιοτέρας
727 940 907 1009 φωνῆς
941 940 1228 1011 ὑποκρίσει
1253 939 1562 1011 βαρύμηνον
1588 936 1718 1012 ἦθος
1744 944 1975 1014 ὑποκρι-

395 1030 630 1103 νόμενοι,
666 1031 843 1084 κυνῶν
884 1030 1104 1083 ἰοϐόλων
1149 1032 1346 1102 τρόπον
1387 1034 1789 1103 προσήναντες,
1825 1035 1978 1088 ἀνιά-

394 1138 503 1175 των
553 1120 831 1191 γενόμενοι
863 1121 1049 1174 κακῶν
1104 1122 1289 1186 αἴτιοι,
1337 1122 1484 1176 κατὰ
1520 1123 1703 1185 πόλεις
1736 1126 1977 1195 μνημεῖα

392 1212 491 1283 τῆς
514 1211 722 1265 ἑαυτῶν
747 1211 999 1275 ἀσεϐείας
1021 1214 1114 1266 καὶ
1132 1213 1543 1287 μισανθρωπίας
1568 1214 1850 1281 ἀπέλιπον,
1877 1215 1976 1279 τὰς

392 1301 502 1356 τῶν
535 1301 878 1356 πεπονθότων
903 1302 1168 1374 ἅλήστους
1197 1305 1513 1375 συμφοράς·
1543 1304 1679 1359 ἀλλὰ
1732 1307 1842 1377 γὰρ
1881 1307 1974 1359 οὑ-

392 1394 501 1458 δεὶς
526 1392 649 1447 οὔτε
670 1394 777 1447 τῶν
802 1394 1009 1464 σφόδρα
1042 1393 1372 1467 ὼμοθύμων,
1398 1394 1522 1450 οὗτε
1553 1397 1663 1451 τῶν
1692 1396 1858 1451 πάλαι
1890 1396 1978 1450 δο-

391 1485 564 1559 λερῶν
614 1486 710 1541 καὶ
753 1486 1021 1551 ὑπούλων,
1064 1486 1249 1558 ἴσχυσε
1290 1488 1381 1541 τὸν
1406 1487 1667 1559 λεχθέντα
1710 1488 1817 1541 τῶν
1852 1489 1975 1541 Ἐσ-

393 1579 613 1650 σαίωνῆ
650 1579 843 1633 Ὁσίων
866 1578 1054 1649 ὅμιλον
1080 1579 1452 1634 αἰτιάσασθαι.
1507 1580 1714 1643 Πάντες
1743 1579 1787 1632 δ’
1815 1578 1974 1632 ἀσθε-

387 1672 542 1727 νέστε
550 1688 632 1744 ροι
649 1671 745 1744 τῆς
757 1671 866 1726 τῶν
881 1670 1088 1743 ἀνδρῶν
1103 1670 1500 1741 καλοκάγαθίας
1518 1670 1818 1741 γενόμενοι,
1839 1669 1973 1723 καθ-

387 1765 530 1835 άπερ
569 1763 889 1833 αὐτονόμοις
935 1763 1031 1816 καὶ
1076 1762 1382 1834 ἐλευθέροις
1425 1758 1574 1816 οὖσιν
1617 1761 1684 1813 ὲκ
1728 1763 1965 1831 φύσεως,

2080 583 2191 628 tam
2226 576 2371 630 illam
2403 576 2647 646 ejusdem
2689 581 2816 635 tecti
2845 621 2862 644 ,
2911 570 3109 649 victus,
3163 601 3477 659 mensaeque
3499 606 3656 647 com-

2078 668 2413 735 munionem,
2438 670 2565 724 alibi
2616 685 2886 741 nusquam
2918 690 2978 731 re
3014 675 3132 745 ipsa
3169 685 3281 732 tam
3336 689 3654 740 constanter

2078 769 2393 830 usurpatam
2428 763 2692 820 invenias.
2753 765 2862 822 Nec
2922 784 3055 825 sane
3104 771 3328 827 mirum.
3373 775 3650 848 Quidquid

2074 854 2219 910 enim
2257 855 2454 924 singuli
2478 855 2677 912 diurno
2702 873 2766 914 ex
2790 861 2975 917 labore
2994 863 3133 918 lucri
3155 864 3401 931 fecerint,
3455 870 3508 924 id
3540 887 3652 927 non

2072 936 2184 1006 jam
2213 945 2493 1011 proprium
2519 961 2583 1000 ac
2605 948 2904 1018 sepositum
2940 951 3160 1018 habent,
3192 955 3287 1010 sed
3315 956 3369 1010 in
3410 958 3652 1015 medium

2075 1031 2364 1088 conferunt
2396 1036 2733 1106 universum,
2765 1039 2895 1096 dum
2949 1058 3127 1113 operte
3159 1060 3275 1101 suae
3323 1047 3561 1105 fructum
3583 1051 3654 1109 ad

2075 1133 2266 1176 omnes
2283 1127 2567 1193 pervenire
2594 1128 2804 1184 volunt.
2822 1128 2963 1202 Ergo
2980 1133 3071 1203 qui
3093 1137 3284 1193 morbo
3308 1138 3576 1206 laborant,
3590 1148 3653 1196 ut

2075 1212 2194 1276 eius
2228 1230 2325 1285 per
2352 1233 2412 1272 se
2449 1221 2759 1290 sumptibus
2782 1223 3019 1294 impares
3057 1226 3134 1283 illi
3168 1230 3298 1299 sint,
3332 1246 3440 1286 non
3465 1241 3648 1289 tamen

2070 1302 2415 1375 deseruntur,
2446 1325 2568 1364 cum
2587 1312 2641 1366 in
2672 1324 2928 1386 promptu
2958 1317 3194 1377 habeant
3222 1336 3252 1377 a
3280 1338 3338 1378 re
3369 1328 3649 1382 communi

2076 1396 2401 1463 subsidium,
2431 1399 2707 1472 libereque
2735 1406 2962 1463 omnino
2984 1423 3050 1464 ac
3065 1424 3258 1468 secure
3285 1428 3353 1469 ex
3388 1418 3652 1489 ampliore

2076 1482 2168 1537 illa
2196 1488 2351 1556 copia
2371 1504 2621 1558 promere
2645 1493 2975 1568 haurireque
2992 1500 3222 1570 possint.
3242 1482 3498 1563 Seniores
3519 1523 3548 1561 a
3564 1506 3647 1578 ju-

2076 1574 2345 1643 nioribus,
2373 1582 2599 1650 perinde
2628 1583 2960 1656 utparentes
2982 1604 3014 1646 a
3040 1590 3250 1662 liberis,
3273 1609 3491 1653 summa
3520 1574 3645 1653 cum

2075 1669 2374 1724 reverentia
2390 1679 2444 1726 et
2459 1673 2822 1734 sollicitudine
2842 1680 3222 1752 observantur,
3241 1685 3496 1759 milleque
3512 1688 3645 1745 adeo

2076 1768 2338 1814 manuum
2366 1763 2569 1831 pariter
2612 1781 2674 1823 ac
2709 1770 2973 1827 mentium
3005 1787 3192 1845 opera,
3221 1787 3557 1836 senectutem
3588 1780 3648 1837 in

386 1854 854 1928 προσηνέχθησαν,
881 1854 1098 1927 ᾄδοντες
1123 1854 1303 1909 αὐτῶν
1335 1854 1404 1909 τὰ
1434 1853 1684 1908 συσσίτια
1702 1893 1716 1916 ,
1746 1854 1842 1908 καὶ
1868 1855 1959 1927 τὴν

2072 1861 2253 1902 rerum
2270 1852 2512 1907 omnium
2531 1854 2863 1913 abundantia
2874 1838 3261 1929 degunt.'l‘ales
3278 1865 3420 1936 apud
3436 1882 3532 1924 eos
3545 1884 3646 1925 sua

386 1947 588 2011 παντὸς
608 1946 765 2014 λόγου
796 1947 1081 2017 κρείττονα
1100 1946 1400 2009 κοινωνίαν,
1426 1945 1459 2017 ἦ
1486 1944 1601 2015 βίου
1639 1944 1845 1998 τελείου
1861 1945 1969 1999 ’καὶ

386 2031 592 2111 σφόδρα
619 2038 930 2109 εὐδαίμονός
963 2041 1078 2093 ἐστι
1105 2039 1439 2109 σαφέστατον
1461 2037 1675 2109 δεῖγμα.
1709 2057 1727 2089 ι
1757 2038 1837 2091 Τὰ
1870 2038 1968 2109 μὲν

383 2129 477 2190 οὖν
503 2133 604 2204 τῆς
638 2131 925 2202 φιλοσόφου
956 2132 1108 2205 παρὰ
1152 2130 1423 2194 Ἰουδαίοις
1453 2128 1740 2201 ἀσκήσεώς
1768 2147 1827 2183 τε
1874 2130 1968 2184 καὶ

384 2225 661 2288 πολιτείας
705 2223 794 2277 διὰ
828 2223 996 2277 τῶνδε
1032 2222 1376 2294 προκείσθω·
1412 2221 1482 2276 τὰ
1525 2222 1582 2275 δὲ
1620 2222 1718 2276 τοῦ
1776 2223 1963 2278 λοιποῦ

385 2316 524 2389 βίου,
558 2316 618 2369 ὃν
661 2316 727 2387 δὴ
777 2314 856 2387 τῷ
890 2314 1083 2386 πλήθει
1114 2313 1209 2367 τοῦ
1244 2314 1449 2378 παντὸς
1502 2312 1689 2378 ἔθνους
1732 2316 1781 2367 οἱ
1833 2315 1965 2369 θεῖοι

381 2409 697 2481 διηγόρευον
725 2408 899 2480 νόμοι,
923 2407 1159 2461 τέθειται
1187 2404 1472 2476 προλαϐὼν
1488 2408 1517 2458 ό
1540 2404 1714 2474 λόγος.
1744 2406 1807 2459 Τί
1829 2406 1964 2477 δῆτα

381 2500 626 2554 λείπεται
650 2500 743 2553 ἐπὶ
775 2498 984 2562 τούτοις
1013 2499 1045 2569 ἢ
1078 2498 1171 2551 καὶ
1208 2497 1276 2550 τὰ
1315 2496 1417 2567 τῆς
1453 2495 1563 2550 τῶν
1612 2497 1747 2550 νέων
1781 2496 1962 2552 θεολο-

378 2593 506 2664 γίας
528 2594 791 2664 σύμφωνα
837 2593 955 2654 ταῖς
992 2590 1101 2643 τῶν
1128 2587 1491 2662 προπατόρων
1528 2588 1831 2653 εὐσεϐείαις
1858 2607 1963 2644 πα-

382 2686 772 2761 ραστήσασθαι,
803 2685 879 2748 ὡς
909 2683 975 2737 ἂν
1001 2681 1096 2736 καὶ
1134 2680 1297 2752 τῆσδε
1338 2682 1438 2753 τῆς
1468 2680 1777 2745 ὑποθέσεως
1806 2682 1959 2735 ἐντε-

376 2779 473 2852 λὴς
500 2781 631 2851 ἡμῖν
660 2780 688 2833 ό
717 2778 875 2852 λόγος
907 2772 1297 2844 ἀποδεδομένος
1324 2771 1437 2842 εἴης
1488 2771 1641 2825 Ἐπεὶ
1686 2771 1864 2825 τοίνυν
1889 2771 1959 2827 τὰ

373 2850 474 2944 τῆς
496 2850 679 2926 ἐνθέου
707 2850 932 2941 Ῠραφῆς
963 2865 1118 2933 λόγια
1140 2865 1426 2935 πρόκειται
1448 2864 1537 2919 διὰ
1566 2864 1659 2919 τοῦ
1691 2864 1798 2936 πρὸ
1834 2860 1957 2916 τού⁴

372 2980 468 3017 του
492 2962 940 3034 συγγράμματος,
976 2957 1096 3028 φέρ’
1119 2952 1209 3011 οὖν
1236 2957 1327 3012 ἐπὶ
1349 2957 1441 3011 τοῦ
1472 2957 1740 3028 παρόντος
1767 2955 1835 3009 τὰ
1858 2956 1957 3026 τῆς

370 3054 613 3118 διανοίας
656 3054 763 3106 τῶν
795 3049 945 3123 παρὰ
999 3049 1271 3112 Ἰουδαίοις
1318 3047 1495 3116 σοφῶν
1529 3045 1954 3118 ἑπαθρήσωμεν,

2073 1938 2182 2000 illa,
2218 1938 2530 1998 Graecorum
2578 1946 2861 2002 nominum
2907 1963 3104 2021 pompa
3131 1961 3187 2008 et
3214 1953 3513 2011 ambitione
3552 1972 3645 2012 ca-

2069 2046 2215 2096 rens,
2231 2033 2573 2105 philosophia
2587 2037 2802 2094 virtutis
2819 2041 3047 2097 athletas
3064 2043 3244 2110 efficit,
3265 2061 3387 2116 quas
3403 2060 3513 2102 non
3536 2049 3642 2105 alia

2068 2136 2231 2189 quam
2259 2138 2440 2177 rerum
2477 2125 2827 2183 laudabilium
2853 2132 3115 2188 exercitia
3139 2135 3412 2205 proponit,
3442 2138 3640 2207 quibus

2066 2211 2287 2269 libertas
2312 2214 2403 2269 illa
2433 2217 2712 2273 servitutis
2736 2220 2914 2276 omnis
2934 2223 3221 2293 impatiens
3247 2228 3485 2284 maxime
3510 2244 3644 2286 eon-

2065 2303 2332 2360 firmatur.
2366 2305 2521 2372 Quod
2560 2309 2781 2379 quidem
2812 2311 2896 2365 vel
2939 2328 3007 2368 ex
3041 2327 3107 2369 eo
3135 2317 3314 2386 quivis
3353 2318 3638 2392 intelligat,

2064 2395 2207 2465 quod
2241 2396 2408 2451 variis
2426 2398 2908 2470 variitemporibus
2924 2418 3043 2457 eam
3063 2404 3115 2458 in
3141 2406 3413 2477 regionem
3435 2409 3641 2478 princi-

2063 2502 2159 2557 pes
2182 2487 2547 2552 incubuerint,
2567 2502 2678 2545 tam
2696 2493 2946 2549 instituto
2972 2509 3136 2565 quam
3156 2496 3372 2568 ingenio
3399 2500 3640 2556 dissimi-

2063 2580 2162 2633 les.
2193 2579 2330 2635 Cum
2356 2582 2501 2636 enim
2532 2583 2624 2637 alii
2656 2583 2959 2641 belluarum
2986 2603 3204 2659 quoque
3223 2588 3490 2646 feritatem
3531 2591 3639 2646 im-

2063 2671 2320 2726 manitate
2341 2688 2595 2743 superare
2607 2687 2960 2743 conarentur,
2981 2688 3143 2750 atque
3165 2689 3225 2736 ut
3251 2681 3388 2737 nihil
3415 2695 3638 2754 prseter-

2062 2763 2359 2829 mitterent,
2380 2766 2524 2834 quod
2547 2783 2759 2824 summa
2773 2770 3068 2827 crudelitas
3089 2772 3350 2842 exigeret.
3379 2790 3489 2829 non
3509 2786 3636 2831 ante

2062 2856 2310 2911 subditos
2322 2857 2485 2912 modo
2497 2860 2759 2929 gregatim
2787 2862 3072 2916 immolare
3109 2861 3272 2917 modo
3286 2864 3441 2920 vivos
3455 2865 3635 2923 adhuc

2058 2953 2112 3001 et
2131 2947 2400 3015 spirantes
2422 2949 2765 3003 membratim
2793 2959 2958 3020 atque
2982 2950 3255 3006 frustatim
3277 2954 3549 3010 laniorum
3574 2956 3632 3012 in

2059 3051 2263 3093 morem
2280 3038 2567 3095 concidere
2587 3039 2915 3107 desinerent,
2938 3057 3098 3112 quam
3115 3044 3167 3097 in
3185 3045 3389 3100 similes
3405 3047 3506 3116 ipsi
3521 3064 3635 3118 po:-

370 3148 450 3210 ὡς
479 3145 546 3201 ἂν
605 3144 892 3216 μάθοιμεν,
952 3140 1124 3197 όποῖοί
1151 3157 1294 3202 τινες
1326 3138 1422 3192 ml.
1452 3139 1509 3191 ὲν
1563 3139 1628 3209 τῇ
1681 3136 1953 3236 θεολογίᾳ,

2066 3139 2181 3190 nas,
2211 3134 2403 3195 agente
2432 3126 2523 3181 illa
2546 3143 2726 3182 rerum
2751 3130 3112 3187 humanarum
3153 3135 3516 3193 moderatrice
3540 3139 3632 3208 ju—

2070 3215 2197 3236 _.,.._
2260 3216 2574 3236 .__,,.__u_.
2653 3219 2804 3236 ...υ
3393 3227 3405 3236 -

370 3236 556 3306 κάντῇ
579 3215 710 3304 περὶ
737 3232 927 3301 λόγους
955 3232 1144 3304 ἀρετῇ,
1166 3229 1349 3291 παῖδες
1381 3226 1648 3299 Ἐϐραίων
1675 3226 1953 3296 γεγόνασι.

2066 3215 2226 3278 stitia,
2260 3216 2614 3285 incidissent;
2650 3219 2817 3293 384
2843 3223 2932 3276 alii
2969 3238 3099 3280 vero
3123 3239 3286 3295 quam
3317 3227 3511 3285 animo
3542 3244 3634 3283 ra-

369 3326 539 3381 Πόιλιν
565 3322 657 3381 οὖν
681 3327 772 3380 τὸν
794 3325 1006 3380 Φίλωνα
1035 3323 1294 3397 παριτέον
1323 3321 1431 3376 ἀπὸ
1459 3319 1552 3374 τοῦ
1591 3319 1810 3391 πρώτου
1847 3317 1956 3371 τῶν

2066 3308 2198 3362 biem
2225 3305 2578 3377 furoremque
2599 3322 2978 3380 conceperant,
3005 3314 3060 3369 in
3081 3317 3246 3370 alium
3266 3317 3633 3388 improbitatis

370 3420 451 3485 εἰς
478 3420 568 3474 τὸν
592 3421 776 3492 νόμον.

2066 3401 2260 3455 vultum
2312 3401 2659 3473 speciemque
2716 3413 3027 3474 vertentes,
3087 3411 3396 3480 excogitato
3477 3427 3631 3468 novas

368 3505 682 3560 acerbitatis
725 3519 942 3574 genere,
983 3502 1212 3558 comiter
1253 3513 1442 3555 omnes
1467 3512 1533 3554 ac
1587 3497 1830 3553 suaviter
1877 3492 2229 3565 appellarent,
2271 3492 2454 3562 itaque
2506 3492 3175 3568 barbaramatrocemque
3206 3509 3455 3557 naturam
3495 3516 3633 3559 voce

366 3599 603 3656 molliori
633 3599 1060 3664 dissimulantes,
1091 3599 1219 3652 dum
1268 3595 1444 3649 instar
1472 3608 1671 3649 canum
1718 3605 1909 3646 morsu
1962 3600 2228 3642 venenato
2294 3587 2631 3643 saevientium
2680 3589 3076 3655 blandirentur,
3109 3592 3380 3662 ejusmodi
3414 3604 3621 3660 tamen,

366 3692 760 3747 insanabilibus
790 3691 973 3746 exitiis
995 3690 1197 3761 passim
1221 3685 1546 3755 importatis,
1574 3685 1898 3740 miserorum
1919 3679 2276 3743 calamitates,
2312 3694 2435 3750 quae
2477 3680 2627 3734 nulla
2674 3697 2917 3752 unquam
2971 3683 3246 3740 oblivione
3278 3686 3628 3756 delehuntur,

366 3787 623 3841 omnibus
649 3782 704 3839 in
731 3784 959 3841 urbibus
983 3796 1243 3853 tanquam
1271 3790 1527 3851 perpetua
1568 3794 1695 3834 cum
1732 3776 2023 3848 impietatis
2046 3790 2179 3839 suae,
2216 3783 2331 3829 tum
2362 3776 2642 3831 horribilis
2672 3777 2728 3832 in
2762 3779 3061 3833 humanum
3091 3794 3263 3850 genus
3312 3781 3422 3839 odii
3451 3783 3618 3838 moni-

364 3889 547 3935 menta
584 3879 933 3950 reliquissent
962 3897 974 3932 :
1008 3893 1172 3933 nemo
1204 3885 1383 3930 tamen
1408 3874 1490 3930 vel
1512 3873 1862 3930 elleratorum
1888 3872 2132 3938 illorum,
2163 3871 2245 3926 vel
2275 3868 2751 3927 fraudulentorum
2796 3882 2961 3943 atque
3007 3876 3316 3945 pellacium,
3350 3878 3477 3934 huic
3518 3878 3626 3934 Es-

363 3972 723 4037 saeorunnvel
749 3970 1040 4026 Hosiorum
1073 3969 1199 4038 (hoc
1222 3977 1306 4022 est
1327 3966 1665 4036 sanctorum)
1683 3964 1963 4031 sodalitio,
1999 3965 2209 4019 crimen
2240 3963 2414 4017 ullum
2451 3965 2535 4018 vel
2560 3963 2817 4034 aliingere
2852 3967 3030 4035 potuit
3064 3985 3077 4023 :
3127 3969 3220 4025 sed
3255 3986 3448 4028 omnes
3501 3987 3625 4030 om-

363 4062 496 4118 nino
518 4063 587 4118 ab
606 4063 825 4117 illorum
849 4059 1120 4132 probitate
1144 4058 1293 4121 victi,
1322 4057 1387 4111 iis
1424 4065 1683 4126 tanquam
1709 4071 1741 4110 a
1769 4063 1966 4109 natura
2000 4054 2187 4107 liberis
2211 4052 2464 4123 iurisque
2491 4055 2578 4110 sui
2606 4054 2765 4111 factis
2805 4058 2887 4112 usi
2917 4067 3068 4126 sunt,
3130 4073 3432 4131 eorumque
3485 4077 3625 4117 con-

360 4153 635 4221 tubernia,
668 4152 1111 4224 singularemque
1147 4161 1335 4201 rerum
1367 4144 1611 4199 omnium
1644 4143 2111 4209 communionem,
2142 4141 2288 4212 quod
2318 4150 2698 4211 argumentum
2749 4153 2834 4198 est
2866 4144 3329 4214 integerrimas-ac
3367 4148 3622 4204 beatissi-

359 4260 466 4303 ma:
490 4244 1020 4306 vitaecertissimum,
1055 4256 1157 4295 suo
1188 4239 1351 4293 etiam
1384 4252 1481 4293 ore
1518 4236 1887 4293 celebrarunt.
1925 4254 1945 4286 ι

430 4340 510 4395 Ac
540 4340 608 4395 de
634 4338 976 4409 castigatiorc
996 4345 1161 4405 atque
1177 4343 1451 4388 sanctiore
1474 4329 1787 4387 Judaeorum
1835 4328 2124 4399 disciplina
2177 4328 2463 4383 hactenus.
2516 4325 2652 4382 Nam
2715 4328 2785 4383 de
2819 4338 3014 4385 caetero
3069 4330 3194 4386 vitat
3224 4345 3441 4402 genere,
3464 4334 3616 4403 quod

359 4434 540 4509 gentis
563 4434 831 4488 universae
859 4428 1190 4485 multitudini
1219 4425 1641 4496 divinislegibus
1673 4424 1996 4493 imperatur,
2028 4421 2192 4491 paulo
2215 4430 2341 4475 ante
2365 4421 2792 4519 disputavimus.
2826 4420 2967 4519 Quid
3004 4438 3134 4494 ergo
3195 4433 3469 4519 superest,
3504 4426 3616 4483 nisi
3709 4434 3715 4438 '

359 4535 424 4584 ut
447 4535 789 4596 posterorum
817 4536 1038 4593 quoque
1065 4519 1394 4590 theologiam
1414 4533 1540 4572 cum
1576 4515 1849 4585 majorum
1877 4529 2104 4595 suorum
2132 4513 2486 4583 religionibus
2509 4513 2821 4568 consentire
2849 4516 3165 4580 doceamus,
3204 4526 3267 4573 ut
3312 4518 3414 4574 bac
3444 4519 3610 4574 etiam

357 4620 428 4677 de
454 4635 511 4674 re
540 4618 655 4675 suis
685 4617 934 4672 absoluta
955 4613 1200 4669 numeris
1236 4612 1489 4667 tractatio
1514 4609 1779 4665 habeatur
1807 4607 1831 4661 ἲ
1878 4607 1944 4663 Et
1989 4606 2251 4677 quoniam
2284 4605 2564 4674 superiore
2596 4605 2738 4660 libro
2791 4607 2990 4663 divina:
3032 4606 3328 4678 Scriptura:
3385 4611 3611 4667 oracula

354 4709 742 4783 produximus,
773 4721 872 4776 age
899 4705 1035 4775 jam,
1058 4718 1247 4760 eorum
1274 4701 1553 4771 deinceps,
1586 4700 1681 4771 qui
1705 4699 1849 4769 apud
1885 4697 2105 4754 Judaeos
2127 4699 2392 4768 sapientia
2419 4699 2742 4768 praestitere.
2790 4708 3025 4756 mentem
3059 4716 3393 4774 sensumque
3423 4705 3611 4761 videa-

357 4820 503 4869 mus,
532 4810 593 4858 ut
623 4816 786 4872 quam
818 4812 928 4852 non
957 4797 1013 4851 in
1042 4795 1313 4863 theologia
1345 4793 1528 4858 modo,
1552 4807 1742 4847 verum
1773 4792 1937 4847 etiam
1969 4791 2025 4845 iu
2051 4791 2263 4846 caeteris
2321 4791 2530 4846 artibus
2578 4800 2743 4861 atque
2784 4792 3053 4849 doctrinis
3109 4792 3466 4852 Hebratorum
3520 4814 3612 4855 nc-

355 4906 511 4969 potes
538 4896 806 4951 rationem
838 4888 1131 4949 tenuerint,
1170 4902 1236 4942 ex
1261 4887 1478 4940 illorum
1507 4884 1666 4941 nobis
1693 4885 2022 4941 auctoritate
2063 4892 2294 4941 constet.
2332 4885 2510 4956 Atque
2537 4885 2591 4940 in
2619 4884 2812 4955 primis
2865 4887 3118 4943 eumdem
3176 4904 3371 4945 rursus
3425 4889 3612 4947 Philo-

352 5004 505 5053 nem,
533 4990 587 5044 in
615 5000 807 5043 eorum
832 4984 1028 5053 primo.
1053 4994 1194 5051 quos
1214 4980 1283 5033 de
1312 4980 1430 5051 lege
1452 4979 1805 5050 conscripsit,
1831 4980 1936 5034 hac
1965 4978 2033 5034 de
2048 4993 2110 5035 re
2126 4978 2484 5035 disserentem
2522 4981 2836 5035 audiamus.

863 5073 1256 5128 ΚΕΦΑΛΑΙΟΝ
1284 5072 1390 5124 K1"
1395 5112 1409 5124 .

354 5153 624 5215 Φίλωνος
652 5147 784 5217 περὶ
809 5145 978 5206 Θεοῦ,
1002 5144 1105 5217 *καὶ
1134 5143 1267 5217 περὶ
1297 5141 1405 5196 τοῦ
1430 5139 1727 5211 γεννητὸν
1775 5135 1928 5194 εἶναι

957 5214 1061 5268 τὸν
1082 5214 1332 5282 κόσμον.

428 5331 449 5366 ι
475 5310 630 5373 Τινὲς
676 5306 786 5379 γὰρ
829 5304 924 5358 τὸν
963 5302 1167 5375 κόσμον
1216 5302 1295 5375 '(9)
1346 5300 1546 5373 μᾶλλον
1605 5301 1640 5372 ἢ
1674 5315 1767 5355 τον
1828 5319 1920 5355 κο-

352 5401 613 5474 σμοποιόν
686 5398 1063 5469 θαυμάσαντες
1085 5434 1100 5459 ,
1170 5393 1259 5447 τὸν
1341 5394 1438 5464 μὲν
1494 5392 1786 5463 ἀγέννητον
1863 5410 1924 5446 τε

349 5491 446 5544 καὶ
522 5489 696 5545 ἀΐδιον
762 5487 1111 5556 ἀπεφήναντο
1141 5523 1156 5550 ,
1233 5483 1327 5539 τοῦ
1404 5482 1541 5538 Θεοῦ
1611 5482 1724 5554 (l0)
1791 5483 1923 5536 πολ-

445 5607 499 5671 9)
517 5606 684 5671 Τινὲς
713 5643 751 5656 ..
764 5600 873 5656 τόν
890 5599 1141 5671 κόσμοτ,
1160 5604 1263 5671 etc.
1283 5593 1477 5671 Elstat
1491 5593 1581 5671 hic
1596 5594 1752 5671 locus
1775 5593 1919 5671 apud

348 5660 632 5735 Philonem
659 5660 879 5735 orcus"
920 5660 1054 5746 pag.
1084 5660 1288 5746 2;lib._
1319 5665 1458 5746 Περὶ
1510 5661 1619 5746 ζῇς
1662 5660 1922 5743 Μωοξέως

347 5746 744 5819 κοσμοποιίᾳς
765 5736 972 5819 ,μυοίη
997 5736 1093 5819 hic
1127 5736 1328 5819 Euseb.
1372 5736 1623 5815 inscribit
1643 5773 1661 5819 ,
1677 5736 1921 5819 Δπρῶτον

343 5801 592 5881 ὦνέὶς
626 5801 738 5870 τ’ὸῦ
771 5801 992 5883 Nom.
1033 5809 1353 5871 Secundus,
1399 5806 1615 5875 opinor,
1643 5809 1698 5856 et
1725 5801 1919 5855 tertius

669 5913 857 5971 PATR.
903 5908 1022 5968 Gn.
1083 5906 1255 5968 XXI.

2620 5068 2851 5126 CAPUT
2885 5068 3024 5125 XIII.

2038 5143 2125 5196 Ea:
2162 5139 2384 5196 Philone
2433 5139 2499 5195 de
2548 5139 2680 5205 Deo,
2729 5142 2969 5211 quodque
3010 5141 3237 5197 mundus
3286 5152 3463 5201 ortum
3506 5148 3609 5204 Ita-

2774 5214 2929 5266 uerit.

2112 5319 2133 5353 ι
2169 5301 2453 5365 Mundum,
2498 5300 2676 5372 inquit
2731 5301 2842 5367 ille,
2889 5301 3145 5371 permulti
3197 5304 3379 5374 potius
3437 5322 3605 5377 quam

2034 5394 2222 5449 mundi
2253 5395 2587 5449 conditorem
2641 5392 2916 5459 admirati,
2945 5409 3068 5447 eum
3114 5404 3240 5451 ortu
3289 5412 3477 5455 carere
3539 5413 3610 5456 ac

2031 5486 2419 5557 sempiternum
2438 5499 2561 5540 esse
2581 5484 2892 5542 voluerunt.
2951 5484 3010 5540 In
3042 5500 3156 5555 quo
3202 5502 3335 5545 sane
3385 5499 3603 5560 turpem

2020 5596 2244 5668 fuerint,
2277 5597 2368 5668 qui
2393 5603 2742 5668 _seq_uuntur._
2764 5595 2916 5668 Legi:
2956 5596 3336 5668 alfagoriarum
3362 5602 3491 5658 duo.

2093 5665 2206 5736 (10)
2237 5664 2346 5736 Ίξοῦ
2376 5664 2545 5736 Θεοῦ,
2574 5676 2681 5736 etc.
2712 5664 2889 5731 Philo,
2922 5664 3142 5736 melius,
3168 5669 3265 5725 τοῦ
3292 5672 3427 5727 Θεοῦ
3452 5672 3512 5731 δὲ
3535 5691 3607 5735 π.

2022 5737 2079 5790 ὰ.
2106 5733 2322 5805 ’ἐναγῶς
2352 5733 2778 5802 κατεψεύσαντο.

3143 5896 3211 5959 21
