4166 6426
549 353 654 407 651

1190 356 1463 413 EUS‘EBII
1502 356 1871 414 CAESARIEN
1882 357 1989 414 SlS
2028 359 2114 414 ΟΡ

2222 360 2403 415 PARS
2441 360 2506 416 ll.
2547 391 2616 403 -
2654 361 3156 419 APOLOGETICA.

3709 370 3825 428 652

551 469 848 526 admodum
872 470 1262 542 indignumque
1282 472 1394 527 Deo
1420 483 1701 529 veternum
1761 475 2085 532 aflinxerunt
2113 496 2120 531 :

2234 477 2332 549 λὴν
2417 480 2690 551 ἀπραξίαν
2776 482 3026 551 ἀνάγνως
3109 483 3612 555 καταψευσάμενον
3698 487 3827 544 δέον

550 561 715 633 385
749 579 872 617 cum
920 562 1075 632 longe
1112 562 1294 619 verius
1322 562 1536 628 fuisset,
1569 567 1732 636 hujus
1758 569 1976 638 quidem
2011 579 2125 623 tau-

551 670 717 724 quam
783 654 1019 709 auctoris
1078 657 1429 725 parentisque
1483 658 1627 713 vires
1677 675 1742 713 ac
1802 670 2127 730 potestatem

550 747 935 814 obstupescere
967 784 983 809 .
1041 747 1191 801 illum
1226 764 1357 803 vero
1391 766 1732 820 nequaquam
1789 766 1953 821 supra
2010 752 2130 821 ejus

548 837 917 892 conditionem
942 838 1233 894 celebrare.
1261 843 1331 894 At
1369 840 1568 907 Moses,
1603 843 1694 912 qui
1748 851 1804 896 et
1852 859 2127 896 summum

547 928 906 999 philoSOpliire
945 930 1158 984 culmen
1216 933 1490 1000 attigerat,
1527 943 1581 987 et
1614 934 1883 1002 prwcipua
1921 944 2131 989 natura:

548 1022 762 1078 occulta
793 1038 856 1078 ex
890 1023 1090 1078 divinis
1140 1026 1415 1094 responsis
1456 1036 1815 1095 cognoverat,
1866 1028 1918 1081 id
1965 1028 2127 1082 etiam

548 1116 787 1170 maxime
829 1117 1199 1171 necessarium
1251 1134 1376 1174 esse
1408 1120 1705 1184 intellexit,
1757 1131 1818 1174 ut
1851 1122 1901 1174 in
1947 1137 2127 1175 rerum

549 1220 744 1264 natura
780 1209 891 1264 duo
926 1210 1226 1279 prmserlim
1271 1224 1455 1266 essent
1479 1257 1493 1275 ,
1550 1212 1787 1268 efficiens
1851 1214 2080 1268 alterum
2111 1255 2127 1279 ,

548 1316 671 1371 qua:
701 1316 854 1356 mens
882 1310 967 1356 est
1000 1302 1236 1356 universi
1290 1304 1584 1373 purissima
1643 1314 1807 1374 atque
1866 1305 2128 1359 sinceris-

549 1393 730 1457 sima,
777 1392 1078 1463 eademque
1134 1408 1258 1447 cum
1309 1396 1557 1461 scientia,
1592 1403 1703 1448 tum
1739 1395 1858 1463 ipso
1912 1411 2130 1465 quoque

547 1486 694 1541 bono
719 1495 881 1556 atque
915 1487 1144 1541 honesto
1176 1487 1410 1541 melior:
1451 1490 1678 1542 alterum
1712 1490 1941 1557 patiens,
1980 1488 2127 1558 quod

547 1579 729 1631 anima
756 1577 917 1632 simul
948 1589 1111 1647 atque
1148 1589 1296 1634 motu
1330 1594 1453 1634 cum
1486 1594 1581 1648 per
1606 1594 1724 1634 sese
1754 1588 1965 1642 careat,
2012 1589 2125 1634 tum

548 1671 616 1723 ab
647 1669 760 1739 ipsa
786 1679 965 1725 mente
995 1670 1314 1741 impulsum,
1341 1680 1612 1727 mutatum
1636 1712 1650 1736 ,
1705 1679 1870 1742 atque
1916 1673 2128 1726 anima-

549 1774 686 1828 tum,
734 1764 996 1819 mundum
1032 1765 1180 1847 hunc
1221 1765 1604 1836 aspectabilem
1660 1765 1713 1819 in
1742 1764 2124 1836 perfectissimi

546 1857 729 1925 aperis
765 1856 994 1912 formam
1036 1858 1410 1928 rationemque
1452 1857 1738 1913 convertit.
1790 1856 1961 1923 Quem
1994 1873 2124 1927 pro-

546 1946 689 2003 fecto
721 1949 815 2018 qui
844 1959 964 2004 ortu
995 1950 1239 2005 caruisse
1265 1949 1588 2013 defendunt,
1634 1949 1668 2002 ii
1698 1947 2123 2017 Providentiam,

544 2057 667 2109 quae
698 2056 787 2096 res
820 2057 929 2097 una
958 2042 1203 2096 omnium
1249 2042 1316 2096 ad
1358 2043 1694 2097 retinendam
1729 2042 2126 2111 fovendamque

548 2133 859 2201 religionem
908 2134 1198 2189 uti!issima
1249 2141 1334 2188 est
1369 2133 1717 2201 maximeque
1772 2133 2077 2186 necessaria
2106 2170 2123 2193 ,

545 2225 779 2279 rescindi
813 2224 910 2279 abs
958 2239 1077 2279 sese
1108 2224 1333 2293 tollique
1364 2239 1472 2278 non
1516 2223 1777 2279 sentiunt.
1812 2220 1945 2276 Rem
1976 2223 2122 2276 enim

542 2317 753 2371 auctori
780 2331 1059 2387 quamque
1086 2316 1403 2385 parentique
1444 2331 1545 2371 suo
1583 2329 1729 2370 cura:
1777 2329 1899 2369 esse
1923 2355 1939 2379 ,
1997 2329 2122 2369 vera

541 2423 646 2463 nos
676 2409 813 2462 ratio
841 2408 998 2462 docet
1027 2424 1041 2460 :
1073 2423 1196 2462 cum
1234 2415 1288 2461 et
1319 2407 1612 2461 liberorum
1643 2417 1795 2475 pater
1825 2446 1840 2471 ,
1887 2415 1943 2460 et
1992 2421 2122 2473 ope-

542 2514 665 2552 rum
695 2513 920 2551 suorum
953 2497 1351 2551 conservationi
1395 2496 1589 2551 artifex
1641 2498 1885 2551 studiose
1911 2497 2123 2566 praepi-

539 2590 670 2652 ciat,
691 2598 744 2644 et
771 2588 1032 2658 quidquid
1068 2588 1327 2642 infestum
1380 2588 1485 2643 illis
1540 2596 1704 2657 atque
1755 2587 2119 2656 perniciosum

538 2692 646 2743 est,
674 2681 823 2735 omni
849 2680 1197 2735 contentione
1232 2679 1523 2748 depellere,
1575 2677 1837 2750 quidquid
1877 2678 2122 2732 fructuo-

540 2788 663 2828 sum
703 2781 756 2827 et
784 2773 1132 2828 commodum
1178 2787 1299 2827 esse
1350 2780 1577 2843 potest,
1627 2773 1884 2826 omnibus
1926 2772 2121 2841 opibus

538 2879 859 2934 comparare
886 2879 952 2919 ac
984 2864 1330 2933 suppeditare
1379 2874 1625 2920 conetur.
1658 2864 1812 2931 Quod
1859 2879 1987 2917 vero
2019 2879 2121 2917 na—

540 2968 655 3013 tum
686 2958 981 3028 aliquando
1016 2972 1123 3011 non
1154 2956 1343 3021 fuerit,
1365 2956 1484 3025 ejus
1512 2973 1645 3013 sane
1685 2973 1815 3012 cura
1868 2957 1933 3011 ad
1967 2957 2116 3009 illum

539 3064 570 3104 a
602 3066 707 3121 quo
737 3050 986 3105 cﬂ‘ectum
1023 3064 1131 3103 non
1167 3049 1257 3112 sit,
1295 3049 1525 3119 pertinet
1553 3048 1778 3103 omnino
1803 3048 1957 3102 nihil.
1983 3046 2115 3100 Tam

2232 569 2467 640 ἔμπαλιν
2496 611 2511 635 ,
2569 572 2758 625 τούτου
2825 573 2926 637 τὰς
2972 573 3229 645 δυνάμεις
3296 575 3373 639 ὡς
3435 579 3656 645 ποιητοῦ
3726 583 3830 635 καὶ

2233 663 2439 733 πατρὸς
2474 664 2914 734 καταπλαγῆναι·
2947 665 3039 719 τὸν
3059 666 3115 719 δὲ
3145 666 3219 737 μὴ
3254 667 3415 721 πλέον
3448 669 3826 741 ἀποσεμνῦναι

2231 753 2323 807 τοῦ
2363 756 2606 825 μετρίου.
2642 757 2850 827 Μωσῆς
2897 756 2976 820 δὲ,
3030 759 3125 811 καὶ
3155 758 3473 827 φιλοσοφίας
3528 762 3615 815 ἐπ’
3645 764 3825 835 αὐτὴν

2232 846 2441 915 φθάσας
2470 848 2769 919 ἀκρότητα,
2804 850 2897 902 καὶ
2930 853 3196 920 χρησμοῖς
3229 851 3296 904 τὰ
3341 852 3511 907 πολλὰ
3568 855 3664 907 καὶ
3697 873 3828 911 συνο

2232 942 2572 994 εκτικὼτατα
2635 941 2744 992 τῶν
2794 942 2893 1011 τῆς
2939 942 3154 1009 φύσεως
3208 945 3599 1015 ἀναδιδαχθεὶς,
3655 948 3822 1016 ἔγνω,

2230 1032 2365 1085 διότι
2404 1033 2831 1100 ἀναγκαιότατον
2853 1036 3019 1097 ἐστιν,
3048 1038 3107 1089 ὲν
3139 1039 3252 1100 τοῖς
3274 1034 3412 1099 οὖσι,
3442 1039 3503 1091 τὸ
3535 1041 3633 1109 μὲν
3680 1039 3823 1095 εἶναι

2230 1122 2576 1195 δραστήριον.
2609 1124 2637 1175 ὃ
2665 1125 2772 1177 τῶν
2806 1125 2944 1178 ὅλων
2981 1126 3106 1189 νοῦς
3158 1129 3304 1180 ἐστιν
3361 1130 3823 1202 εἰλικρινέστατος

2232 1215 2326 1266 καὶ
2370 1215 2870 1286 ἀκραιφνέστατος,
2933 1218 3197 1288 κρείττων
3258 1219 3290 1289 ἢ
3357 1221 3658 1293 ἐπιστήμη,
3722 1224 3820 1277 καὶ

2233 1308 2495 1378 κρείττων
2525 1308 2557 1379 ἢ
2592 1310 2722 1361 αὐτὸ
2749 1309 2810 1361 τὸ
2840 1309 3040 1377 ἀγαθὸν
3072 1312 3167 1363 καὶ
3221 1312 3354 1364 αὐτὸ
3375 1312 3435 1365 τὸ
3457 1313 3641 1367 καλόν·
3674 1314 3735 1368 τδ
3760 1316 3821 1370 δὲ

2232 1399 2551 1469 παθητικὸν,
2577 1400 2803 1470 ἄψυχον,
2836 1402 2930 1454 καὶ
2957 1402 3212 1473 ἀκίνητον
3269 1402 3329 1467 ἐξ
3376 1404 3565 1465 αὑτοῦ,
3596 1407 3817 1476 κινηθὲν

2229 1492 2305 1554 δὲ,
2337 1494 2429 1547 καὶ
2461 1494 2993 1563 μετασχηματισθὲν,
3023 1497 3119 1548 καὶ
3145 1495 3395 1565 ψυχωθὲν
3428 1497 3533 1550 ὑπὸ
3569 1499 3662 1552 τοῦ
3691 1500 3811 1565 νοῦ,

2233 1584 2528 1655 μετέϐαλεν
2563 1588 2641 1649 είς
2669 1586 2730 1638 τὸ
2760 1586 3093 1641 τελειότατον
3112 1587 3272 1658 ἔργον
3301 1589 3447 1643 τόνδε
3478 1590 3567 1645 τὸν
3587 1593 3813 1662 κόσμονο

2229 1676 2288 1727 ὃν
2325 1676 2375 1729 οἱ
2414 1677 2713 1745 φάσκοντες
2734 1677 3047 1748 ἀγέννητον,
3080 1677 3336 1749 λελήθασι
3369 1680 3428 1732 τό
3456 1680 3818 1752 ὠφελιμώτα-

2229 1784 2321 1822 τον
2353 1769 2444 1822 καὶ
2476 1769 2902 1836 ἀναγκαιότατον
2933 1770 3041 1822 τῶν
3072 1773 3151 1832 είς
3206 1772 3488 1826 εὐσέϐειαν
3513 1774 3814 1846 ὑποτεμνόο

2158 1824 2199 1879 Β
2233 1876 2403 1930 μενοι,
2435 1860 2532 1930 τὴν
2564 1824 2846 1930 ρόνοιαν.
2873 1861 2979 1914 Τοῦ
3031 1824 3274 1934 μὲνγὰρ
3307 1824 3815 1936 γεγρνάέοςέξτῖρἒ

2228 1951 2435 2005 λεῖσθαι
2456 1952 2548 2005 τὸν
2570 1952 2782 2022 πατέρα
2809 1954 2902 2006 καὶ
2930 1953 3178 2025 ποιητὴν,
3202 1957 3346 2025 αἱρεῖ
3364 1955 3541 2024 λόγος.
3568 1959 3677 2011 Καὶ
3703 1960 3813 2032 γὰρ

2226 2042 2410 2114 πατὴρ
2435 2044 2694 2112 ἐκγόνων,
2744 2045 2837 2097 καὶ
2869 2044 3197 2115 δημιουργὸς
3231 2046 3342 2098 τῶν
3383 2047 3814 2119 δημιουργηθέν·

2226 2151 2334 2187 των
2358 2135 2680 2205 στοχάζεται
2731 2136 2829 2204 τῆς
2872 2134 3157 2206 διαμονῆς,
3206 2139 3298 2191 καὶ
3331 2139 3431 2193 ὅσα
3465 2140 3562 2209 μὲν
3596 2143 3688 2195 ἐπὶ
3713 2142 3811 2213 ζη-

2229 2223 2348 2293 μία,
2385 2226 2598 2294 μηχανῇ
2635 2225 2785 2296 πάσῃ
2815 2223 3109 2286 διωθεῖται,
3158 2226 3259 2278 ὅσα
3315 2227 3372 2279 δὲ
3433 2228 3685 2299 ὠφέλιμα
3713 2233 3809 2284 καὶ⁵

2224 2316 2500 2383 λυσιτελῆ,
2534 2318 2710 2370 πάντα
2755 2318 2957 2385 τρόπον
3019 2317 3332 2388 ἐκπορίζειν
3365 2320 3638 2374 ἐπιποθεῖ.
3670 2323 3810 2394 Πρὸς

2222 2408 2281 2462 δὲ
2311 2409 2372 2461 τὸ
2413 2408 2485 2479 μὴ
2521 2408 2740 2476 γεγονὸς
2778 2408 3050 2471 οἰκείωσις
3094 2409 3319 2479 οὐδεμία
3360 2410 3437 2482 τῷ
3471 2413 3545 2483 μὴ
3578 2432 3812 2487 πεποιη-

2223 2501 2362 2554 κότι.
2429 2501 2810 2570 Περιμάχητον
2853 2500 2909 2554 δὲ
2951 2500 3129 2572 δόγμα
3171 2504 3265 2555 καὶ
3320 2504 3610 2574 ἀνωφελὲς,
3648 2508 3810 2580 ἀναρ-

2222 2592 2343 2661 χίαν
2369 2591 2444 2654 ὼς
2506 2592 2563 2643 ἐν
2611 2591 2765 2643 πόλει
2826 2591 3277 2657 κατασκευάζειν,
3312 2594 3449 2665 τῷδε
3479 2596 3556 2667 τῷ
3597 2597 3809 2669 κόσμῳ,

2221 2684 2312 2736 τόν
2345 2683 2509 2751 φόϐον
2540 2682 2728 2753 (ΙΙ),ἢ
2785 2682 3089 2755 βραϐευτὴν
3120 2684 3151 2754 ἢ
3188 2685 3446 2757 δικαστὴν
3483 2689 3583 2740 οὐκ
3611 2688 3808 2759 ἔχοντι,

2221 2775 2312 2843 ὑφ’
2345 2770 2405 2828 οὗ
2439 2774 2619 2827 πάντα
2645 2775 3042 2844 οἰκονομεῖσθαι
3101 2777 3194 2830 καὶ
3249 2778 3680 2848 πρυτανεύεσθαι
3719 2781 3809 2835 θέο

2225 2883 2337 2934 μις.
2384 2864 2523 2917 Ἀλλ’
2577 2864 2607 2917 ὃ
2644 2880 2708 2932 γε
2756 2864 2928 2934 μέγας
2965 2867 3190 2936 Μωσῆς,
3248 2867 3675 2939 ἀλλοτριώτατόν
3714 2871 3809 2925 τοῦ

2218 2956 2413 3028 ὁρατοῦ
2447 2958 2676 3027 νομίσας
2708 2954 2845 3009 εἶναι
2876 2956 2936 3009 τὸ
2989 2957 3285 3028 ἀγέννητον
3310 2961 3452 3028 (πᾶν
3487 2961 3597 3033 γὰρ
3628 2962 3689 3015 τὸ
3725 2965 3808 3016 αὶ-

2223 3048 2436 3119 σθητόν,
2464 3051 2522 3103 ὲν
2549 3049 2762 3118 γενέσει
2816 3050 2910 3101 καὶ
2968 3049 3311 3118 μεταϐολαῖς,
3353 3052 3611 3107 οὐδέποτε
3670 3054 3810 3108 κατὰ

539 3156 670 3196 vero
695 3143 1044 3198 contentione
1067 3141 1285 3212 plenum
1304 3149 1406 3205 est,
1425 3156 1591 3211 quam
1619 3140 2114 3205 utilitatevacuum,

2222 3142 2411 3195 ταυτὸν
2438 3142 2541 3211 ὃν),
2575 3140 2653 3211 τῷ
2707 3141 2808 3212 μὲν
2834 3142 3051 3213 ἀοράτῳ
3087 3143 3179 3195 καὶ
3208 3144 3384 3215 νοητῷ
3431 3146 3805 3218 προσένειμεν,

535 3247 754 3287 omnem
784 3248 848 3288 ex
883 3234 989 3287 hoc
1015 3232 1238 3296 mundo,
1269 3240 1527 3301 tanquam
1584 3248 1649 3287 ex
1680 3234 1859 3303 aliqua
1893 3233 2115 3287 civitate

535 3326 898 3396 principatum
925 3325 1132 3387 tollere,
1162 3325 1253 3379 ubi
1283 3325 1465 3380 nullus
1504 3335 1595 3380 aut
1636 3325 1839 3386 timori.
1876 3333 1969 3379 aut
1996 3340 2115 3379 mo-

535 3422 805 3487 deratori,
858 3430 953 3476 aut
990 3422 1197 3491 judici,
1253 3436 1282 3476 a
1321 3437 1431 3491 quo
1486 3423 1599 3492 regi
1633 3422 2116 3489 administrarique

535 3514 722 3568 omnia
778 3512 1005 3577 deceat,
1052 3514 1205 3569 locus
1234 3512 1593 3584 relinquatur.
1625 3515 1693 3567 At
1739 3529 1969 3583 magnus
2026 3514 2115 3567 ille

535 3604 736 3673 Moses,
769 3622 894 3662 cum
926 3607 1380 3662 absurdissimum
1410 3621 1535 3661 esse
1568 3615 1853 3671 statueret,
1880 3617 1939 3659 ut
1972 3606 2110 3659 idem

532 3702 714 3757 etsub
743 3710 1022 3771 aspectum
1066 3702 1312 3766 caderet,
1365 3709 1420 3756 et
1474 3708 1595 3755 ortu
1637 3700 1785 3753 omni
1846 3698 2113 3753 caruisset

535 3794 822 3864 (quidquid
859 3793 1004 3847 enim
1048 3793 1303 3848 sensibus
1349 3798 1683 3860 usurpatur,
1713 3790 1763 3843 id
1816 3791 1931 3845 sive
1980 3789 2111 3842 dum

534 3882 750 3949 oritur,
786 3882 902 3936 sive
929 3881 1058 3936 dum
1093 3881 1323 3936 subinde
1370 3888 1612 3936 mutatur
1639 3923 1654 3946 ,
1700 3880 1784 3935 sui
1832 3894 2109 3949 nunquam

531 3973 711 4027 simile
740 3972 966 4045 manet),
1001 3981 1060 4027 ut
1091 3975 1139 4028 ei
1178 3973 1275 4037 rei,
1310 3987 1434 4043 quae
1469 3987 1578 4026 non
1611 3972 1804 4035 oculis,
1828 3973 1920 4026 sed
1953 3971 2111 4025 intel-

529 4065 747 4136 ligentia
784 4067 900 4122 sola
930 4074 1245 4122 cerneretur
1273 4105 1290 4130 ,
1348 4065 1709 4119 aeternitatem
1754 4063 1912 4134 quasi
1946 4063 2112 4133 gemi-

530 4172 659 4212 num
682 4158 880 4227 aliquid
908 4166 959 4211 et
976 4163 1265 4228 cognatum
1287 4154 1564 4216 attribuit";
1588 4155 1667 4209 sic
1688 4153 1759 4218 ei,
1791 4169 1913 4225 qua:
1942 4169 2105 4209 sensu

526 4251 915 4324 perciperetur,
935 4251 1214 4321 proprium
1249 4250 1527 4320 quoddam
1578 4256 1632 4302 et
1682 4246 1956 4318 singulare
2004 4261 2106 4300 no-

529 4360 652 4397 tuen
680 4344 954 4413 imposuit.
987 4341 1256 4408 Quoniam
1295 4341 1458 4413 igitur
1486 4341 1576 4396 hic
1595 4339 1853 4399 mundus,
1888 4345 1950 4393 ut
1974 4353 2103 4406 spe-

2221 3233 2297 3296 ὼς
2327 3232 2552 3303 ἀδελφὺν
2573 3236 2667 3289 καὶ
2685 3234 2942 3304 συγγενῆ,
2960 3235 3257 3303 άῖδιότητα,
3279 3237 3415 3307 τῷδ’
3436 3239 3677 3311 αἰσθητῷ
3695 3243 3807 3311 (12)

2219 3327 2416 3378 οἰκεῖον
2448 3325 2616 3397 ὄνομα
2644 3328 3007 3397 ὲπεφήμισεν.
3055 3328 3208 3381 Ἐπεὶ
3258 3325 3351 3383 οὖν
3384 3332 3581 3401 ὁρατός
3618 3351 3677 3386 τε
3710 3335 3808 3388 καὶ

2220 3416 2473 3488 αἰσθητὸς
2500 3418 2585 3471 ὅδε
2607 3420 2635 3471 ό
2660 3419 2887 3489 κόσμος,
2922 3420 3238 3488 ἀναγκαίως
3264 3421 3330 3474 ἂν
3359 3422 3442 3493 εἴη
3488 3425 3579 3476 καὶ
3612 3442 3807 3497 γεννηο

2219 3509 2325 3573 τός’
2361 3510 2483 3563 ὅθεν
2515 3512 2615 3563 οὐκ
2648 3512 2755 3565 ἀπὸ
2783 3511 2988 3565 σκοποῦ
3021 3514 3114 3566 καὶ
3168 3513 3264 3586 τὴν
3310 3514 3523 3582 γένεσιν
3568 3517 3804 3589 ἀνέγρα-

2218 3598 2319 3667 ψεν
2352 3598 2539 3662 αὐτοῦ,
2579 3599 2722 3670 μάλα
2758 3601 2969 3669 σεμνῶς
3026 3599 3403 3672 θεολογήσας.»
3469 3602 3654 3655 Ταῦτα
3700 3604 3803 3673 μὲν

2215 3685 2309 3741 οὖν
2337 3690 2466 3760 περὶ
2488 3691 2582 3743 τοῦ
2608 3691 2864 3763 γεννητὸν
2897 3689 3035 3745 εἶναι
3062 3693 3154 3745 τὸν
3187 3693 3407 3763 κόσμον.
3451 3693 3509 3743 '0
3543 3692 3599 3746 δὲ
3638 3693 3801 3755 abte:

2216 3782 2357 3852 ἀνὴρ
2374 3782 2467 3835 καὶ
2487 3783 2611 3854 περὶ
2641 3782 2735 3836 τοῦ
2776 3785 3002 3857 προνοίᾳ
3025 3784 3342 3838 διοικεῖσθαι
3372 3784 3481 3856 (15)
3501 3785 3562 3838 τὸ
3591 3789 3718 3848 πᾶν,
3741 3789 3802 3840 ὲν

2216 3875 2293 3946 τῷ
2325 3862 2795 3943 Περίπρονῖῡίας,
2843 3877 3212 3931 νεανικώτατα
3269 3877 3511 3941 διέξεισι,
3552 3878 3651 3942 τὰς
3691 3879 3801 3933 τῶν

2215 3968 2393 4022 ἀθέων
2422 3968 2724 4033 ἀντιθέσεις
2774 3971 3070 4042 προτάξας,
3113 3972 3208 4024 καὶ
3268 3971 3405 4043 πρὸς
3461 3972 3632 4035 αὐτὰς
3674 3972 3802 4043 ἑξῆς

2217 4061 2669 4133 ἀποκρινάμενος.
2705 4062 2815 4117 Καὶ
2869 4062 3075 4116 τούτων
3133 4063 3210 4128 δὲ,
3268 4064 3317 4116 εί
3362 4064 3456 4116 καὶ
3484 4064 3798 4134 μακρότερα

2213 4153 2433 4219 δόξειεν,
2474 4155 2588 4209 ἀλλ’
2622 4155 2698 4218 ὠς
2737 4157 3025 4224 ἀναγκαῖα,
3083 4155 3154 4210 τὰ
3202 4156 3427 4210 πλεῖστα
3485 4156 3797 4228 συντεμὼν,

2212 4246 2536 4318 ἐκθήσομαι.
2565 4248 2984 4312 Κατασκευάζει
3044 4248 3101 4302 δὲ
3146 4247 3237 4301 τὸν
3281 4246 3438 4317 λόγον
3463 4247 3653 4301 τοῦτον
3705 4248 3799 4301 τὸν

2209 4335 2429 4406 τρόπον.

527 4438 662 4492 etari
692 4437 991 4507 sentirique
1016 4444 1224 4509 potest,
1271 4437 1344 4491 ita
1390 4434 1701 4492 necessario
1760 4434 1843 4488 sui
1888 4446 2107 4503 quoque
2143 4441 2299 4486 ortus
2328 4431 2656 4501 principium
2715 4432 2927 4499 habuit,
2957 4433 3128 4503 ipsius
3158 4432 3321 4486 etiam
3348 4438 3529 4485 ortum
3599 4447 3794 4501 magna

524 4541 650 4595 cum
683 4529 928 4592 ratione,
994 4522 1318 4596 summoque
1346 4525 1511 4596 digna
1563 4524 1831 4594 theologia
1879 4524 2142 4593 gravitate
2178 4523 2524 4591 conscripsit.
2561 4542 2581 4576 ι
2634 4525 2714 4579 Ac
2781 4524 2848 4579 de
2884 4524 3072 4579 mundi
3129 4532 3250 4578 ortu
3302 4524 3565 4578 hactenus
3617 4520 3797 4577 Philo.

524 4621 629 4686 Qui
664 4637 857 4679 rursus
882 4622 936 4676 in
968 4636 1057 4687 eo,
1116 4637 1280 4692 quem
1308 4619 1385 4674 lie
1424 4616 1770 4673 Providentia
1833 4618 2024 4683 edidit,
2093 4616 2409 4671 universum
2440 4615 2800 4673 Providentia
2865 4619 2977 4689 regi
3004 4658 3019 4683 ,
3075 4618 3510 4674 luculentissima
3562 4628 3616 4672 et
3647 4633 3799 4672 acer-

524 4718 665 4773 rima
729 4716 1094 4787 disputatione
1123 4715 1421 4779 contendit,
1449 4729 1681 4785 quaeque
1726 4713 1797 4768 ab
1829 4712 2013 4784 impiis
2043 4712 2401 4783 objiciuntur,
2474 4715 2546 4769 ita
2585 4713 2857 4783 proponit,
2893 4721 2952 4767 ut
2991 4728 3055 4768 ea
3117 4712 3374 4783 deinceps
3416 4714 3601 4768 omnia
3663 4728 3799 4766 cou-

524 4812 683 4871 futet.
731 4810 905 4878 Quam
945 4827 1045 4881 ego
1109 4811 1554 4880 disputationem,
1582 4818 1644 4863 ut
1690 4809 1902 4879 longior
1928 4823 1992 4862 ea
2055 4808 2292 4878 cuipiam
2358 4809 2531 4864 videri
2598 4808 2830 4864 fortasse
2860 4808 3065 4878 possit,
3107 4811 3238 4877 quia
3290 4818 3471 4862 tamen
3527 4807 3634 4861 hoc
3672 4805 3795 4860 loco

523 4907 887 4963 necessariam
914 4907 1187 4969 existimo,
1219 4915 1424 4975 partem
1470 4903 1765 4958 maximam
1792 4901 2103 4958 describere
2138 4901 2327 4967 statui,
2388 4902 2738 4972 paucioribus
2806 4901 2988 4955 verbis
3034 4900 3505 4970 comprehensam.
3566 4898 3655 4953 Sic
3699 4896 3797 4967 ig“:-

522 5007 612 5057 wr
639 5013 798 5053 suum
833 5013 1140 5054 sermonem
1178 4997 1326 5051 illum
1362 4996 1615 5051 instituit.

1014 5089 1181 5161 336
1208 5084 1437 5143 CAPUT
1477 5085 1612 5140 xw.
2130 5090 2175 5147 ι)

660 5184 856 5241 Divina
890 5182 1234 5237 Providentia
1273 5178 1527 5232 mundum
1557 5177 1950 5261 administrari.

2739 5078 3136 5133 ΚΕΦΑΛΑΙΟΝ
3159 5077 3252 5130 1Δ’.

2210 5173 2319 5228 Τοῦ
2351 5171 2538 5227 αὑτοῦ
2568 5171 2703 5242 περὶ
2725 5173 2831 5226 τοῦ
2848 5172 3098 5257 aper-oin
3131 5170 3276 5225 Θεοῦ
3305 5167 3657 5225 διοικεῖσθαι
3681 5167 3794 5222 τὸν

2862 5258 3112 5312 κοσμον.

594 5360 615 5394 ε
653 5340 808 5397 Tune
830 5338 1269 5406 Providentiam,
1321 5337 1515 5410 inquit,
1545 5344 1694 5391 tanta
1724 5350 1849 5389 cum
1884 5343 2097 5405 pet-tuto

2279 5354 2299 5387 ι
2328 5334 2588 5407 Πρόνοιαν
2618 5329 2757 5387 εἶναι
2788 5334 2965 5402 λέγεις
3018 5336 3077 5387 ἐν
3123 5333 3359 5404 τοσαύτῃ
3376 5331 3494 5385 ’τῶν
3524 5330 3786 5402 πραγμά-

589 5518 701 5585 (ll)
738 5517 850 5573 Τὸν
875 5520 1080 5588 φόϐον.
1115 5516 1270 5571 Philo
1291 5558 1305 5582 ,
1336 5517 1430 5571 τὸν
1480 5516 1707 5586 ἔφορον,
1738 5515 2096 5583 “spectarem

2222 5515 2484 5588 irodiitin
2520 5514 2695 5588 lucem
2724 5530 2861 5582 opus
2892 5515 3021 5568 illud
3054 5513 3300 5588 Philonis
3324 5511 3399 5565 De
3429 5511 3783 5588 prouidentia,

515 5605 579 5643 ac
606 5582 949 5661 pravitatem,
972 5589 1382 5661 longejnelius.
1451 5657 1462 5661 Α
1524 5582 1534 5585 ’
1583 5582 1594 5586 ⁷
1755 5654 1767 5661 ⁸
1839 5582 1843 5583 ⁷
2202 5582 2368 5661 cujus
2390 5587 2489 5661 ‘hic
2521 5586 3020 5661 luculentumsaue
3048 5583 3409 5650 fragmentum
3440 5583 3519 5636 ah
3543 5582 3784 5661 Eusebio

588 5653 698 5730 ('12)
728 5659 1020 5727 Δισθητῷ.
1047 5653 1203 5730 βῃιιο
1251 5658 1375 5712 add.
1400 5657 1635 5727 γένεσιν,
1660 5654 1880 5726 optimc,
1910 5669 2099 5724 quem-
2208 5653 2497 5730 subjicitur
2517 5695 2542 5730 ,ἓ
2582 5666 2732 5730 lauto
2773 5656 2955 5730 tl'ltls
2981 5656 3258 5730 lutut'ttm,
3286 5662 3496 5730 quanto
3543 5653 3779 5720 longius,

515 5724 808 5784 admodum
841 5724 1015 5798 νοητῷ
1040 5728 1320 5795 άῖδιότητα
1355 5724 1638 5782 tribuerat.
1695 5724 1711 5726 “
1848 5795 1859 5798 _
1959 5796 1966 5798 _
2208 5730 2313 5778 nisi
2353 5727 2647 5779 uiinutiora
2678 5725 2870 5779 divina:
2902 5727 3064 5795 hujus
3105 5724 3459 5798 Providentiae
3487 5738 3622 5778 cura
3654 5736 3773 5791 spo-

586 5797 696 5870 ίίὸ)
731 5794 997 5871 Πρω-οἴμ’
1017 5794 1379 5855 διοικεῖσθαι.
1420 5798 1694 5860 Nondum,
1720 5795 1862 5865 quod
1893 5796 2085 5859 “iam.

2222 5799 2376 5851 iuret.
2976 5794 2983 5795 ί
3296 5794 3317 5814 ⁸
