4166 6410
552 327 662 385 655

1208 329 1479 387 EUSEBll
1520 327 2003 388 CIESARIENSIS
2043 330 2194 388 OPP.
2232 331 2414 387 PARS
2451 331 2517 391 ll.
2560 361 2627 372 -
2667 327 3177 388 APOLOGETICA.

3711 333 3820 387 διο

551 444 875 512 exciderint,
904 446 1070 502 rebus
1096 446 1202 502 illis
1230 447 1488 503 omnibus
1516 450 1843 507 necessariis
1868 465 1991 507 esse
2042 468 2104 507 ca

2206 452 2384 517 ⁵θεῖον
2439 453 2745 525 περιπολεῖν
2802 452 3001 523 κόσμον
3033 450 3169 521 (16).
3229 449 3365 503 Ἕνα
3413 449 3513 520 μὲν
3567 447 3631 520 δὴ
3662 448 3822 518 λόγον

552 538 780 593 rendum
808 556 823 592 :
855 538 935 593 sic
962 537 1187 594 omnino
1231 537 1394 604 Deus,
1431 538 1573 609 ejus,
1604 556 1728 611 quae
1754 558 1878 597 cum
1916 544 2129 599 ratione

550 631 841 699 conjuncta
872 638 977 693 est,
1016 630 1386 701 intelligentiae
1415 648 1634 701 parens,
1664 648 1789 688 cum
1818 649 1914 690 eos
1936 651 2128 693 omnes

547 736 694 776 cura:
739 721 917 788 habet,
946 723 1042 793 qui
1076 725 1285 780 ratione
1326 725 1539 796 praediti
1566 725 1696 781 sunt
1718 765 1734 791 ,
1769 736 1883 782 tum
1920 728 2126 798 impro-

547 812 648 867 bos
698 815 864 869 etiam
918 830 1313 887 perversosque
1361 816 1561 872 fovet:
1622 817 1679 873 in
1742 834 1853 889 quo
1908 829 1963 874 et
2020 821 2129 878 illis

542 904 707 977 387
742 906 1053 978 corrigendi
1091 910 1177 963 sui
1208 918 1423 979 tempus
1467 909 1892 981 facultatemque
1933 928 2129 969 conce-

543 994 643 1061 dit,
675 1002 729 1049 et
776 1003 987 1051 natura:
1015 997 1353 1052 obseeundat
1392 1013 1507 1054 suae
1530 1038 1545 1063 ,
1591 999 1681 1055 cui
1712 999 1781 1054 ad
1812 1003 2126 1070 praeclaram

544 1081 713 1138 divini
747 1085 911 1154 hujus
947 1084 1136 1140 mundi
1165 1085 1696 1141 administrationem
1744 1087 1954 1149 virtus,
1986 1098 2040 1144 et
2071 1089 2126 1143 in

542 1174 792 1233 homines
826 1175 1196 1231 benevolentia
1226 1176 1539 1232 comitatur.
1585 1174 1739 1232 Hane
1764 1185 1846 1244 tu,
1910 1179 2125 1234 interim
2154 1224 2172 1249 ,

2233 547 2444 610 τοῦτον,
2476 540 2521 599 ὦ
2552 546 2719 617 ψυχὴ,
2744 545 2896 610 δέξαι
2945 546 3083 609 τέως
3109 543 3274 597 αὑτοῦ
3332 542 3833 615 παρακαταθήκην,

2234 635 2420 706 ἕτερον
2446 635 2504 687 δὲ
2532 636 2762 706 συνῳδὸν
2785 635 2877 689 καὶ
2908 635 3232 706 ἐναρμόνιον
3279 633 3427 704 αὐτῷ
3483 634 3698 687 ¹ξοιόνδε.
3728 635 3823 704 Μὴ

2232 726 2485 781 τοσοῦτόν
2515 746 2643 781 ποτε
2689 727 2986 800 ψευσθείσῃ
3014 740 3040 768 ⁸
3092 728 3193 797 τῆς
3243 726 3521 797 ἀληθείας,
3545 726 3621 790 ὡς
3645 726 3821 778 εὐδαί-

2238 820 2375 889 μονά
2396 838 2516 873 τινα
2543 820 2649 874 τῶν
2676 820 2893 890 φαύλων
2928 818 3068 875 εἶναι
3123 818 3366 889 νομίσαι,
3401 816 3502 872 κᾶν
3554 816 3822 871 πλουσιώ-

2232 929 2389 984 τερος
2417 914 2516 983 μὲν
2619 914 2879 985 Κροίσου,
2910 913 3173 982 Λυγκέως
3199 912 3243 964 δ’
3271 911 3700 982 ὀξυωπέστερος,
3728 918 3815 964 ἀνα

2233 1002 2540 1074 δρειότερος
2571 1004 2627 1058 δὲ
2649 1005 2743 1058 τοῦ
2770 1005 3151 1079 Κροτωνιάτου
3180 1002 3448 1066 Μίλωνος,
3501 1002 3733 1056 καλλίων
3764 1001 3823 1056 δὲ

2236 1094 2607 1167 Γανυμήδους,

2210 1199 2245 1238 o
2284 1187 2464 1242 anime
2491 1227 2507 1253 ,
2572 1196 2836 1259 tanquam
2886 1187 3106 1258 aliquod
3137 1187 3309 1258 ipsius
3338 1187 3667 1257 depositum,
3728 1200 3817 1241 ra-

545 1267 747 1323 tionem
811 1269 1015 1339 accipe,
1050 1266 1121 1323 ad
1177 1283 1410 1338 eamque
1455 1271 1614 1329 simul
1688 1271 1945 1336 alteram,
1991 1288 2113 1342 quae
2145 1278 2413 1347 sequitur,
2444 1295 2569 1335 eum
2618 1282 2705 1335 illa
2775 1291 3159 1349 congruentem
3212 1291 3267 1337 et
3314 1283 3674 1336 cohaerentem
3724 1282 3813 1340 ad,

537 1359 721 1431 iunge.
745 1359 1224 1429 Absitenimvero,
1254 1369 1315 1416 ut
1353 1377 1383 1415 a
1436 1360 1684 1417 veritatis
1711 1376 1875 1416 sensu
1905 1370 2117 1419 tantum
2156 1367 2395 1435 aberres,
2429 1379 2488 1424 ut
2530 1371 2854 1426 sceleratum
2898 1371 3210 1440 quempiam
3267 1372 3485 1426 beatum
3537 1372 3817 1427 existimes

539 1452 667 1508 licet
722 1452 918 1523 opibus
980 1452 1253 1519 Crtesum,
1309 1452 1585 1525 Lynceum
1622 1453 1908 1510 oculorum
1969 1456 2109 1525 acie,
2172 1459 2371 1518 robore
2411 1460 2671 1520 Milonem
2720 1462 3093 1519 Crotoniatem
3123 1504 3140 1531 ,
3206 1464 3386 1535 specie
3443 1461 3815 1537 Ganymedem

571 1552 759 1610 meret
775 1586 792 1610 ,

539 1562 792 1617 smeret,

539 1641 706 1711 Quem
733 1638 924 1711 Superi
948 1658 1168 1712 rapuere
1187 1682 1204 1709 ,
1246 1640 1367 1695 Iovi
1395 1639 1486 1710 qui
1509 1642 1633 1696 vina
1654 1651 1904 1706 coronet,

539 1734 819 1809 Egregiam
841 1748 1051 1805 propter
1077 1736 1322 1805 speciem.

535 1849 669 1907 Nam
702 1851 794 1923 qui
838 1866 997 1907 suum
1048 1851 1165 1923 ipse
1192 1852 1532 1919 daemonem,
1592 1867 1695 1912 nec
1754 1863 1837 1910 est
1881 1862 2117 1910 mentem

534 1957 715 2007 suam,
744 1942 893 1998 mille
921 1943 1290 2011 dominorum,
1326 1947 1567 2013 amoris,
1614 1946 1874 2016 inquam,
1908 1946 2121 2018 cupidi-

533 2034 682 2098 tatis,
706 2035 1017 2105 voluptatis,
1047 2044 1249 2101 metus,
1281 2038 1537 2093 maeroris
1560 2079 1577 2104 ,
1640 2038 1918 2103 stultitim,
1964 2046 2121 2107 petu-

532 2125 734 2191 lantias,
782 2125 1129 2193 formidinis,
1171 2126 1452 2197 injustitite
1484 2129 1754 2199 tyrannidi
1791 2129 2115 2199 subiecerit,

533 2217 583 2273 is
609 2217 879 2289 εὐδαίμων
914 2218 1040 2289 (hoc
1088 2228 1173 2276 est
1203 2220 1415 2293 beatus)
1449 2236 1732 2292 nunquam
1763 2238 1885 2279 esse
1910 2232 2112 2294 queat:

532 2310 747 2366 tametsi
777 2310 970 2380 vulgus
1002 2310 1312 2376 hominum,
1343 2318 1401 2367 ut
1439 2311 1577 2368 falso
1604 2313 1671 2368 de
1703 2314 1867 2369 rebus
1893 2330 1956 2370 ae
1979 2330 2119 2385 prte-

530 2410 746 2470 postcre
781 2400 1011 2471 judieat,
1046 2402 1375 2474 geminoque
1405 2403 1499 2459 tllo
1532 2403 1725 2459 morbo
1751 2445 1766 2469 ,
1822 2404 1965 2460 l‘astu
1998 2446 2014 2472 ,
2063 2416 2118 2461 et

532 2492 682 2548 inani
715 2492 884 2563 gloria
916 2493 1074 2549 facile
1105 2496 1477 2565 corrumpitur
1500 2536 1516 2561 ,
1569 2495 1832 2552 leviculos
1876 2498 2113 2561 animos,

529 2587 596 2643 ad
625 2603 688 2644 ea
710 2587 1071 2645 deﬂectendos
1096 2604 1217 2645 esse
1246 2605 1310 2645 ac
1356 2598 1699 2647 transversos
1731 2592 1967 2661 agendos
1995 2592 2112 2646 exi-

526 2677 730 2742 stimet,
760 2693 995 2749 quorum
1025 2680 1081 2734 in
1116 2679 1412 2749 cupiditate
1444 2695 1572 2750 pars
1611 2679 1897 2735 hominum
1935 2683 2113 2736 maxi-

526 2782 612 2822 ma
662 2766 1035 2839 latoquodam
1087 2769 1387 2824 miserabili
1430 2769 1785 2825 contabescit.
1853 2767 2008 2837 Quod
2065 2771 2111 2825 si

524 2861 720 2918 erectis
769 2871 823 2916 et
862 2861 1085 2917 intentis
1112 2861 1280 2916 animi
1310 2861 1507 2924 oculis,
1533 2862 1774 2917 divinam
1813 2861 1960 2917 illam
1991 2878 2113 2933 pro-

523 2952 836 3019 videntiam,
869 2961 1129 3023 quantam
1163 2952 1416 3008 humanm
1469 2953 1553 3008 l'as
1583 2961 1669 3009 est
1699 2953 2069 3023 intelligentiae
2090 2994 2104 3017 ,

2231 1644 2340 1697 Ὃν
2370 1641 2471 1696 καὶ
2500 1642 2907 1727 ἀνηρείψαντο
2930 1641 3072 1707 θεοί,
3099 1641 3183 1697 Διί
3208 1642 3599 1711 οἰνοχοεύειν,

2154 1757 2200 1817 Β
2227 1734 2501 1801 Κάλλεος
2524 1736 2727 1789 εἵνεκα
2752 1730 2863 1790 οἷο.

2221 1848 2326 1903 Τὸν
2383 1848 2514 1917 γοῦν
2583 1847 2712 1902 ίδιον
2743 1848 2993 1921 δαίμονα,
3033 1846 3260 1919 λέγωδὲ
3303 1848 3395 1902 τὸν
3423 1850 3617 1905 ἑαυτοῦ
3662 1851 3810 1913 νοῦν,

2224 1940 2432 2013 μυρίων
2476 1941 2616 1994 ὅσων
2662 1940 2935 1996 δεσποτῶν
2963 1941 3148 1995 δοῦλον
3194 1943 3498 2013 ἀποφήνας,
3548 1944 3726 2018 ἔρωτα
3756 1948 3809 2012 δ,

2219 2035 2534 2107 ἐπιθυμίας,
2565 2035 2780 2107 ἡδονῆς,
2815 2035 3003 2105 φόϐου,
3042 2035 3240 2107 λύπης,
3287 2037 3622 2110 ἀφροσύνης,
3673 2041 3805 2096 ἀκο-

2219 2127 2438 2195 λασίας,
2473 2128 2698 2193 δειλίας,
2746 2129 2981 2194 ἀδικίας,
3016 2129 3116 2182 οὐκ
3150 2129 3216 2182 ἂν
3259 2124 3400 2184 εἷναί
3433 2147 3562 2184 ποτε
3590 2131 3804 2188 δύναιτο

2219 2221 2511 2292 εὐδαίμων,
2543 2220 2647 2274 κᾶν
2680 2221 2731 2273 oi
2760 2220 2965 2284 πολλοὶ,
3018 2221 3379 2293 σφαλλόμενοι
3409 2224 3643 2294 κρίσεως
3677 2225 3784 2300 ἀλη

2219 2310 2368 2378 θοῦς,
2404 2312 2690 2383 νομίζωσι,
2722 2312 3077 2376 δεκασθέντες
3105 2312 3213 2365 ὑπὸ
3239 2313 3411 2368 κακοῦ
3434 2315 3682 2386 διδύμου,
3711 2317 3786 2372 τό

2218 2420 2322 2473 φου
2350 2404 2447 2457 καὶ
2482 2404 2644 2476 κενῆς
2681 2402 2861 2476 δόξης,
2908 2404 3015 2457 δεῖν
3045 2404 3457 2475 παρασαλεῦσαι
3511 2407 3605 2461 καὶ
3634 2426 3791 2481 παρα.

2216 2499 2407 2567 γαγεῖν
2445 2496 2877 2570 ἀνερματίστους
2905 2497 3101 2568 ψυχὰς,
3128 2498 3257 2570 περὶ
3307 2498 3343 2552 ἀ
3373 2501 3623 2572 κηραίνει
3647 2502 3800 2571 γένος

2213 2589 2277 2641 τὸ
2318 2588 2569 2642 πλεῖστον
2622 2589 2946 2661 ἀνθρώπων.
2999 2592 3061 2643 El
3107 2590 3315 2661 μέντοι,
3368 2591 3430 2645 τὸ
3474 2593 3573 2664 τῆς
3621 2594 3799 2665 ψυχῆς

2213 2678 2368 2750 ὄμμα
2393 2680 2591 2745 τείνας,
2618 2679 2937 2752 βουληθείης
2965 2682 3330 2755 περιαθρῆσαι
3358 2682 3493 2737 Θεοῦ
3521 2686 3797 2757 πρόνοιαν,

2212 2775 2289 2838 ὡς
2310 2774 2513 2828 ἔνεστιν
2546 2774 2871 2849 ἀνθρωπίνῳ
2897 2775 3161 2847 λογισμῷ,
3213 2779 3558 2850 τρανωτέραν
3578 2780 3675 2852 τὴν
3703 2782 3798 2835 τοῦ

2214 2866 2350 2935 πρὸς
2375 2865 2632 2937 ἀλήθειαν
2660 2867 2867 2935 ἀγαθοῦ
2907 2867 3087 2922 λαϐὼν
3136 2869 3459 2938 φαντασίαν,
3496 2870 3703 2945 γελάσῃ
3730 2872 3798 2924 τὰ

2211 2958 2343 3028 παρ’
2372 2959 2523 3028 ἡμῖν,
2554 2958 2590 3014 ἃ
2620 2959 2756 3023 τέως
2791 2958 3121 3030 ἐθαύμαζες.
3162 2961 3275 3014 Ἀεὶ
3307 2960 3416 3034 γὰρ
3438 2961 3797 3034 ἀπουσίᾳτῶν

523 3045 942 3115 circumspicere
986 3044 1249 3112 volueris,
1274 3054 1392 3101 tum
1427 3046 1647 3116 quidem
1700 3045 1984 3101 illustriori
2042 3062 2104 3102 ac

2216 3051 2537 3119 κρειττόνων
2562 3054 2791 3121 τιμᾶται
2819 3050 2886 3103 τά
2915 3051 3151 3123 χείρονα,
3204 3053 3303 3124 τὴν
3336 3053 3560 3108 ἐκείνων
3606 3054 3795 3127 κληρσ

521 3138 809 3195 sinceriori
851 3139 991 3210 ejus,
1027 3139 1174 3211 quod
1214 3153 1343 3194 vere
1380 3139 1585 3194 bonum
1630 3148 1746 3202 est,
1811 3138 2098 3195 informata

2206 3140 2472 3212 νομοῦντα
2506 3142 2677 3208 τάξιν
2705 3144 3037 3213 ἐπιφανέντα
3061 3155 3084 3182 ί·
3112 3144 3190 3210 δὲ,
3240 3146 3588 3213 ὐποστέλλει,
3620 3148 3776 3204 δευτε

522 3230 761 3298 ratione,
787 3245 927 3303 quas
961 3240 1020 3286 tu
1058 3246 1149 3287 res
1175 3240 1393 3287 nostras
1432 3239 1591 3286 antea
1621 3231 1947 3298 mirabaris,
2006 3248 2102 3288 eas

520 3321 782 3379 continuo
813 3321 1014 3378 ridebis
1041 3335 1251 3377 omnes.
1282 3321 1512 3393 Semper
1543 3322 1690 3377 enim
1715 3324 1941 3379 meliora
1969 3323 2097 3378 dum

520 3416 741 3478 absunt,
769 3428 892 3483 quze
920 3414 973 3468 iu
1007 3427 1199 3467 eorum
1233 3412 1415 3468 locum
1454 3412 1729 3468 deteriora
1780 3414 2099 3479 succedunt,

521 3504 791 3559 habentur
819 3504 871 3559 iu
902 3506 1077 3574 pretio
1105 3522 1122 3561 :
1162 3504 1351 3559 eadem
1378 3542 1395 3568 ,
1417 3504 1511 3559 ubi
1565 3504 1828 3560 exsistere
1873 3505 2100 3561 meliora

519 3596 804 3666 cmperint,
837 3595 1171 3666 dejiciuntur
1220 3595 1395 3661 illico,
1429 3609 1534 3650 nec
1584 3594 1693 3650 nisi
1728 3597 1996 3652 secundas
2023 3605 2101 3651 te-

517 3699 650 3742 nera
676 3695 923 3755 possunt.
957 3687 1146 3756 Itaque
1177 3686 1418 3755 speciem
1468 3685 1617 3740 illam
1670 3687 1797 3741 boni
1855 3688 2099 3743 honesti-

517 3789 626 3847 que
674 3776 913 3832 divinant
955 3777 1369 3847 obstupescens,
1402 3791 1630 3848 prorsus
1659 3777 1963 3847 intelliges,
2002 3794 2099 3834 eo-

514 3883 637 3923 rum
661 3883 756 3939 per
775 3882 895 3924 sese
926 3869 1085 3934 nihil,
1117 3883 1240 3939 quae
1273 3870 1436 3940 paulo
1481 3877 1609 3923 ante
1645 3869 2099 3925 commemoravi-

515 3973 661 4026 mus,
692 3959 746 4013 in
774 3959 933 4015 bonis
958 3959 1144 4015 divino
1169 3959 1380 4030 judicio
1407 3959 1709 4015 numerari.
1755 3959 1968 4032 Quippe
2006 3961 2095 4015 illa

511 4048 659 4109 enim
687 4052 896 4122 argenti
931 4051 1159 4122 aurique
1206 4050 1423 4106 metalla
1485 4065 1553 4107 ex
1621 4061 1779 4108 terra:
1806 4062 1960 4124 parte
2001 4053 2097 4108 de-

508 4144 736 4203 terrima
766 4144 1040 4212 oriuntur,
1060 4159 1291 4215 quaeque
1321 4144 1390 4199 ab
1415 4158 1501 4209 ea,
1530 4159 1695 4214 quam
1727 4144 2093 4215 producendis

510 4235 759 4309 frugibus
792 4244 988 4292 natura
1020 4236 1337 4301 destinavit,
1364 4235 1487 4292 sine
1512 4235 1622 4291 ulla
1654 4236 1972 4306 exceptione
1994 4251 2092 4291 su-

509 4338 749 4400 peratur.
775 4327 912 4385 Nam
937 4329 1234 4401 plurimum
1269 4343 1401 4386 sane
1426 4328 1570 4383 inter
1606 4328 1950 4393 alimentum,
1974 4329 2093 4384 sine

2205 3234 2370 3307 ρείοις
2400 3234 2577 3290 ἄθλων
2603 3236 2935 3310 ἀρκούμενα.
2992 3238 3378 3308 Καταπλαγεὶς
3409 3236 3503 3295 οῦν
3530 3242 3593 3294 τὸ
3625 3241 3782 3297 θεοει·

2201 3328 2290 3392 δὲς
2316 3330 2492 3382 ἐκεῖνο
2514 3330 2717 3398 ἀγαθόν
2748 3348 2808 3384 τε
2840 3330 2933 3385 καὶ
2990 3332 3177 3400 καλὸν,
3228 3334 3448 3399 πάντως
3493 3336 3791 3408 ἐννοήσεις,

2201 3421 2282 3473 ὅτι
2313 3422 2463 3494 παρά
2490 3422 2611 3494 Θεῷ
2649 3423 2759 3476 τῶν
2811 3424 3119 3496 εἰρημένων
3178 3427 3440 3499 πρότερον
3482 3428 3635 3481 οὐδὲν
3664 3430 3790 3483 καθ’

2201 3513 2361 3566 ἑαυτὸ
2381 3513 2482 3584 τῆς
2511 3514 2722 3585 ἀγαθῆς
2754 3514 2864 3588 (Π)
2898 3516 3090 3589 μοίρας
3132 3515 3375 3589 ἠξίωται.
3412 3519 3554 3572 Διότι
3591 3520 3660 3574 τά
3686 3521 3786 3589 μὲν

2200 3605 2441 3678 ἀργύρου
2472 3606 2710 3678 μέταλλα
2731 3609 2824 3662 καὶ
2869 3609 3072 3681 χρυσοῦ
3102 3612 3204 3681 γῆς
3229 3612 3376 3664 ἐστιν
3409 3612 3444 3681 ἡ
3475 3611 3783 3684 φαυλοτάτη

2203 3700 2386 3769 μοῖρα,
2416 3698 2517 3767 τῆς
2539 3698 2676 3771 πρὸς
2703 3701 2932 3773 καρπῶν
2984 3702 3278 3774 ἀνειμένης
3318 3702 3531 3772 γένεσιν
3556 3703 3663 3774 ὅλῳ
3692 3706 3782 3756 vati

2198 3789 2275 3860 τῷ
2304 3791 2466 3843 παντὶ
2494 3790 2809 3864 λειπομένη.
2844 3792 2918 3846 Οὐ
2951 3792 3060 3865 γάρ
3098 3793 3209 3848 ἐσθ’
3237 3794 3422 3865 ὅμοιον
3448 3795 3673 3866 τροφῆς,
3717 3791 3785 3865 ἦς

2198 3882 2326 3935 ἄνευ
2368 3882 2466 3953 ζῇν
2504 3882 2787 3948 ἀδύνατον,
2819 3885 3047 3957 εὐπορία
3080 3885 3399 3957 χρημάτων.
3445 3886 3559 3939 Μία
3581 3885 3784 3939 τούτων

2196 3974 2313 4026 ἐστὶ
2345 3972 2576 4043 βάσανος
2598 3976 2986 4047 ὲναργεστάτη,
3009 3976 3186 4048 λιμὸς,
3209 3970 3252 4044 ᾧ
3277 3976 3339 4030 τὸ
3365 3976 3502 4049 πρὸς
3529 3976 3783 4049 ἀλήθειαν

2196 4069 2489 4137 ἀναγκαῖον
2517 4067 2610 4121 καὶ
2634 4070 2904 4140 χρήσιμον
2927 4068 3297 4140 δοκιμάζεται.
3330 4068 3648 4141 Θησαυροὺς
3674 4070 3784 4145 γὰρ

2194 4159 2319 4222 τοὺς
2340 4157 2615 4230 πανταχοῦ
2651 4158 2857 4225 πάντας
2885 4159 3387 4224 ἀντικαταλλάξαιτ’
3425 4160 3491 4214 ἀν
3524 4176 3608 4223 τις
3656 4160 3786 4232 βραι

2195 4249 2345 4319 χείας
2382 4251 2512 4303 ποτὲ
2544 4252 2748 4323 τροφῆς
2781 4252 3034 4322 ἄσμενος.
3094 4252 3263 4306 Ὅταν
3311 4251 3369 4304 δὲ
3407 4252 3441 4323 ﬂ
3473 4250 3580 4305 τῶν
3609 4254 3780 4322 ἀναγ⁴

2194 4338 2363 4391 καίων
2388 4338 2638 4406 ἀφθονία,
2669 4341 2849 4412 μυρίῳ
2877 4339 3080 4412 φθορᾶς
3101 4338 3212 4412 (l8)
3266 4340 3621 4412 ἀκατασχέτῳ
3648 4341 3780 4413 πλή‹

509 4435 619 4492 quo
652 4422 757 4477 vita
791 4422 1091 4480 consistere
1121 4430 1395 4493 nequeat,
1434 4428 1490 4474 et
1515 4420 1827 4475 divitiarum
1874 4421 2087 4491 copiam

2206 4430 2280 4483 Βει
2314 4432 2524 4502 ῥυεῖσα,
2554 4431 2696 4486 κατὰ
2723 4432 2908 4495 πόλεις
2937 4431 3256 4503 ἀνακέηται,
3289 4433 3402 4496 τοῖς
3428 4432 3526 4503 τῆς
3562 4432 3778 4501 φύσεως

509 4513 753 4569 interest.
788 4512 961 4585 Cujus
988 4514 1277 4586 utriusque
1300 4528 1406 4569 una
1434 4512 1591 4583 quasi
1635 4511 1889 4577 obrussa,
1916 4526 2089 4581 eaque

507 4606 838 4671 certissima,
868 4605 1040 4662 fames
1072 4617 1177 4672 est,
1210 4622 1320 4677 qua
1371 4608 1502 4677 quid
1534 4620 1662 4662 vere
1718 4604 2086 4660 necessarium

504 4705 672 4765 atque
696 4695 828 4749 utile
866 4694 974 4761 sit,
1024 4697 1359 4766 exploratur.
1415 4695 1555 4752 Tum
1609 4695 1755 4751 enim
1805 4692 2082 4764 profecto,

504 4788 770 4860 quidquid
795 4788 998 4857 ubique
1036 4789 1416 4844 thesaurorum
1442 4796 1547 4855 est,
1578 4802 1741 4843 nemo
1766 4802 1875 4842 non
1905 4786 2079 4840 liben-

504 4892 587 4936 ter
618 4897 740 4937 cum
791 4881 989 4951 exiguo
1041 4880 1163 4936 cibo
1212 4889 1593 4937 commutaret.
1633 4880 1705 4934 At
1749 4879 1842 4935 ubi
1895 4891 2079 4933 rerum

499 4974 938 5033 necessariarum
970 4973 1326 5038 abundantia,
1358 4972 1627 5031 immenso
1649 4971 1886 5042 quodam
1913 4978 1969 5024 et
1993 4969 2080 5022 in-

569 5139 597 5168 ι
632 5127 717 5181 ἷσ.
748 5122 1040 5195 ψευσθείης
1113 5121 1244 5177 bla'.
1274 5120 1496 5194 ἔρωτος.

569 5267 681 5395 (tog
714 5267 974 5336 Κόσμον.
1004 5264 1108 5318 Alt.
1136 5278 1203 5317 ex
1239 5258 1620 5342 manuscript.,
1640 5253 1820 5339 οἷκον,
1846 5257 2070 5339 rectius,

591 5354 643 5393 νι
682 5345 822 5395 etur.
855 5351 980 5391 eum
1006 5335 1075 5391 de
1110 5334 1315 5388 mundo
1353 5347 1512 5395 quast
1557 5330 1625 5385 de
1660 5343 1834 5395 tpsms
1863 5327 1958 5383 Det
1990 5327 2070 5383 fa—

497 5327 980 5401 ut‘wdeturfeum
1006 5335 1075 5391 de
1110 5334 1315 5388 mundo
1353 5327 1625 5402 qttasfde
1660 5327 1834 5397 ipsius
1863 5327 1958 5383 Dei
1990 5327 2072 5383 fa-

495 5409 647 5464 milia
674 5407 933 5477 disputet.

594 5477 679 5547 l7)
723 5468 997 5547 κάγαθῆς.
1025 5473 1209 5530 Malim
1245 5471 1474 5541 ἀγαθοῦ,
1500 5485 1624 5547 eunt
1659 5468 1755 5547 ait.
1787 5482 2066 5547 manuscr.

561 5540 679 5616 ’(18)
705 5540 966 5616 Φθορᾶςίξ
983 5547 1093 5601 Alt.
1118 5561 1149 5599 e
1181 5540 1489 5604 manuscr.,
1527 5540 1954 5616 cpeopaic,_quod
1983 5540 2071 5593 ni-

493 5610 609 5675 sub
638 5610 834 5674 melius
860 5610 1088 5672 videtur.
1121 5616 1271 5670 Alter
1299 5627 1503 5671 veram.
1535 5610 1751 5681 opinor,
1780 5610 2069 5665 lectionem

492 5696 867 5763 terit-reseruat,
889 5689 1062 5763 φορᾷς
1081 5726 1096 5749 ,
1126 5700 1290 5763 qua_m
1318 5682 1601 5763 autetiam.
1646 5691 1867 5763 secutus
1894 5695 2066 5734 eram.

565 5752 678 5832 '(19)
713 5752 1181 5832 ⁸ἰῑπιιπέοδύνςεςῖ,
1211 5755 1417 5832 ἅπασι.
1450 5752 1524 5807 Ita
1550 5753 1922 5812 distinximus,
1951 5764 2074 5832 qua:

491 5824 885 5906 prius'absque
909 5828 1019 5883 ulla
1051 5824 1420 5889 distinctione,
1450 5837 1667 5879 summa
1704 5836 1827 5877 cum
1857 5830 2071 5891 pertur-

2194 4521 2419 4591 ἀγαθοῖς
2442 4523 2834 4595 ἐντρυφῶντες,
2871 4524 2960 4577 ἐπ’
2985 4522 3164 4576 αὐτῶν
3194 4522 3369 4593 μόνων
3396 4523 3495 4576 οὐκ
3517 4522 3777 4594 ἀξιοῦμεν

2193 4613 2465 4679 ἵστασθαι,
2502 4615 2663 4686 κόρον
2689 4613 2948 4686 ὑϐριστὴν
2974 4614 3219 4685 ἡγεμόνα
3261 4613 3355 4667 τοῦ
3391 4613 3506 4684 βίου
3545 4613 3780 4686 ποιησά-

2194 4721 2367 4775 μενοι,
2392 4706 2633 4779 ἀργύρου
2661 4723 2723 4759 τε
2749 4706 2845 4761 καὶ
2868 4705 3070 4777 χρυσοῦ
3100 4706 3355 4776 κτήσεσιν
3384 4704 3773 4773 ὲπαποδύντες,

2190 4796 2362 4852 ἅπασι
2395 4795 2528 4871 (19),
2560 4800 2688 4868 παρ’
2718 4792 2793 4851 ὧν
2845 4798 2911 4851 ἀν
2957 4815 3011 4852 τι
3044 4797 3319 4869 κερδανεῖν
3368 4792 3775 4867 ἐπελπίσωμεν,

2187 4886 2495 4959 κοινώμεθα
2528 4888 2665 4961 (20),
2701 4888 2951 4961 καθάπερ
2975 4889 3186 4959 τυφλοὶ,
3217 4889 3517 4961 μηκέτιοτῇ
3563 4887 3776 4961 διανοίᾳ

2186 4978 2473 5051 βλέποντες
2498 4982 2605 5036 ὑπὸ
2629 4981 3008 5053 φιλαργυρίας,
3042 4983 3122 5037 ὅτι
3156 4982 3260 5054 γῆς
3282 4985 3419 5037 εἰσιν
3450 4981 3602 5051 όγκοι
3640 4982 3766 5052 περὶ

1574 5131 1597 5157 ε
1632 5139 1747 5191 πρυ
1780 5116 2176 5186 ἐπιφανέντων.

2178 5254 2399 5325 batione
2436 5252 2760 5325 legebantur-
2785 5320 2829 5325 _
3201 5318 3217 5325 _
3290 5320 3293 5325 .

2254 5324 2366 5396 (20)
2396 5317 2755 5396 Κοῑνώμεθα.
2785 5320 3071 5396 Romilius
3104 5318 3334 5396 verbum
3386 5318 3495 5373 hoc
3521 5317 3762 5396 videtur,

2182 5389 2358 5478 quam
2384 5395 2521 5478 utei
2564 5389 2688 5449 cum
2723 5393 3017 5478 participio
3055 5389 3423 5478 ὲπαττοδύχτες
3460 5390 3598 5478 satis
3625 5402 3767 5478 con-

2174 5460 2378 5521 veniat.
2409 5465 2519 5519 Alt.
2549 5480 2580 5518 e
2605 5460 2882 5519 man—uscr.
2927 5460 3033 5533 leg.
3068 5461 3360 5532 κονιόμεθα
3381 5502 3394 5523 ,
3420 5460 3563 5529 quod
3608 5460 3764 5526 ejus~

2174 5538 2297 5593 dem
2327 5534 2658 5605 metaphora:
2687 5533 2913 5605 verbum
2934 5542 3041 5605 “est
3060 5576 3075 5599 ,
3109 5532 3383 5605 simulque
3418 5529 3757 5605 properandi

2174 5599 2639 5687 signiﬁcationem
2654 5603 2903 5659 includit.
2924 5603 3087 5687 Esset
3110 5599 3608 5687 ᾶπασικονίεσθαι,
3627 5608 3761 5687 etc.,

2175 5672 2329 5731 rebus
2367 5675 2435 5729 iis
2472 5675 2737 5740 omnibus,
2781 5674 2936 5745 quasi
2975 5676 3043 5725 ad
3095 5672 3440 5743 pugnandum
3481 5672 3677 5724 instrui
3704 5679 3761 5724 et

2175 5747 2497 5816 accingi,“
2534 5746 2720 5816 quibus
2756 5745 2893 5798 lucri
2919 5743 3129 5816 aliquid
3155 5741 3489 5816 _spe_rabitur.
3528 5739 3669 5816 Quid
3707 5740 3756 5795 si

2176 5810 2493 5889 κινούμεθα,
2525 5810 2868 5886 impellimur,
2905 5815 2989 5869 vel
3014 5810 3337 5883 κονούμεθα,
3364 5810 3652 5883 urgentur!
