4166 6458
531 388 638 446 659

1195 387 1465 444 EUSEBll
1506 388 1989 446 CAESARIENSlS
2027 388 2174 445 OPP.
2217 387 2397 442 PARS
2434 386 2496 442 Il.
2539 419 2605 433 --
2644 381 3136 442 APOLOGETICA.

3669 383 3774 438 660

529 501 886 561 excoluerint,
911 499 1067 569 cujus
1098 500 1380 569 utriusque
1409 516 1604 571 parens
1630 511 1684 556 et
1721 501 1916 556 artifex
1960 502 2062 572 legi

2198 519 2286 555 ται
2317 500 2534 574 χειρῶν,
2559 503 2650 554 καὶ
2692 499 2792 563 τὰς
2837 499 3041 568 φλέϐας
3092 496 3565 571 προσ-πιεζοῦντες,
3619 502 3776 574 ἀκρι-

529 592 661 646 tima
690 591 1029 662 philosophia
1077 601 1179 645 est.
1228 591 1297 644 At
1343 593 1435 662 qui
1473 592 1735 648 doctrina:
1767 608 1937 664 genus
1968 608 2096 666 spu-

527 684 669 739 rium
729 684 1202 754 adulteriuumque
1232 694 1526 749 sectantur,
1562 702 1629 739 ne
1676 686 1824 755 ipsos
1881 686 2097 758 quidem

524 775 770 832 medicos
795 776 989 830 animae
1027 773 1263 831 [amulos
1296 777 1512 846 corpori
1562 779 1899 833 curationem
1941 778 2097 833 adbi-

523 867 1036 930 benteslmitemur,
1067 881 1189 921 cum
1241 876 1422 920 tamen
1460 869 1733 924 sanandos
1795 870 1966 939 ipsius
1996 871 2097 924 do-

522 959 683 1014 mina:
713 960 933 1014 morbos
961 961 1318 1028 susceperint.
1365 960 1448 1012 llli
1491 960 1664 1024 enim,
1699 962 1743 1016 si
1777 977 1842 1016 ex
1867 962 2096 1018 beatulis

520 1049 790 1120 quispiam
815 1051 1041 1105 adversa
1073 1050 1378 1105 valetudine
1401 1050 1748 1116 laboraverit,
1773 1062 1834 1108 ut
1869 1071 1961 1108 rex
1981 1041 2094 1126 ipse

519 1143 793 1196 maxinws
847 1141 1041 1204 fuerit,
1077 1143 1317 1210 porticus
1373 1152 1552 1197 tamen
1597 1153 1652 1198 et
1698 1145 2094 1201 ambulationes

518 1245 730 1295 omnes,
765 1233 948 1285 omnia
982 1235 1220 1286 virorum
1259 1233 1658 1304 mulierumque
1699 1245 1848 1304 septa
1871 1245 2093 1304 praeter-

517 1323 726 1392 gressi;
773 1323 1028 1392 picturis,
1061 1335 1312 1394 argento,
1346 1342 1589 1396 auroque
1619 1327 1784 1398 389
1811 1339 1918 1382 tam
1952 1327 2093 1383 facto

514 1428 678 1482 quam
740 1413 961 1476 infecto,
1021 1415 1343 1484 poculorum
1380 1417 1620 1486 textique
1673 1417 1854 1486 operis
1901 1416 2088 1484 conia,

513 1512 815 1575 caeteroque
869 1507 1164 1578 perinsigni
1219 1523 1406 1576 regum
1476 1519 1735 1578 apparatu
1806 1509 2088 1578 neglecto;

512 1595 642 1665 quin
673 1597 836 1651 etiam
883 1607 1082 1653 cuncto
1135 1599 1413 1665 satellitio,
1441 1610 1493 1656 et
1525 1601 1823 1658 amicorum
1854 1603 2086 1671 pariter,

512 1695 608 1741 aut
628 1688 892 1758 sanguine
917 1690 1356 1758 coniunctorum,
1374 1701 1466 1746 aut
1483 1691 1723 1746 virorum
1751 1693 1916 1746 etiam
1936 1693 2089 1761 prin~

508 1782 714 1852 cipum,
744 1799 806 1836 ae
835 1782 1295 1854 prmsidiariorum
1324 1800 1543 1856 quoque
1568 1786 1802 1839 militum
1821 1786 2080 1840 comitatu

2198 595 2353 648 6οῦσι
2396 597 2522 660 τοὺς
2567 594 2834 667 παλμοὺς,
2889 597 2936 647 εί
2996 596 3271 667 σωτήριοι·
3300 593 3556 658 πολλάκις
3583 595 3640 648 δὲ
3681 599 3774 648 καὶ

2195 689 2323 752 τοὺς
2347 687 2584 758 χιτῶνας
2625 687 3056 751 ἀναστείλαντες,
3109 689 3157 740 εί
3207 686 3552 757 περιπληθὴς
3607 686 3770 760 ἐσθ’ὴ

2195 776 2405 848 γαστὴρ
2459 775 2820 841 ἐξετάζουσιν,
2873 778 2922 828 εἰ
2982 777 3373 849 πεπυρωμένος
3419 778 3448 830 ὁ
3493 773 3694 846 θώραξ,
3723 776 3772 828 εί

2194 868 2404 922 ἄτακτα
2431 868 2462 937 ἡ
2487 867 2684 938 καρδία
2713 867 2875 938 πηδῷ
2908 868 3142 922 κᾶπειτα
3166 867 3262 937 τὴν
3287 866 3495 920 οἰκείαν
3533 867 3774 938 προσφέ-

2197 976 2346 1030 ρουσι
2380 959 2693 1030 θεραπείαν.
2734 961 2963 1014 Ἔδειδέ
3020 962 3114 1014 καὶ
3159 962 3283 1022 τοὺς
3311 959 3650 1028 φιλοσόφους,
3691 961 3773 1012 ία-

2192 1051 2385 1124 τρικὴν
2411 1051 2804 1122 ὁμολογοῦντας
2829 1053 3162 1123 ἐπιτηδεύειν
3189 1056 3288 1116 τῆς
3318 1051 3476 1121 φύσει
3503 1052 3770 1122 βασιλίδος

2191 1143 2390 1214 ψυχῆς,
2416 1147 2772 1216 καταφρονεῖν
2818 1144 2917 1214 μεν
2939 1145 3210 1208 ἁπάντων,
3238 1145 3336 1197 ὅσα
3374 1147 3428 1198 αἱ
3453 1146 3604 1198 κεναὶ
3623 1145 3770 1212 δόξαι

2193 1232 2657 1302 τυφοπλαστοῦσιν
2690 1233 2821 1302 (20)·
2861 1232 2990 1286 εἵσω
3036 1232 3091 1286 δὲ
3141 1233 3463 1301 προσιόντας
3505 1232 3768 1290 ἅπτεσθαι

2191 1322 2431 1385 διανοίας
2448 1323 2636 1393 αὐτῆς,
2667 1324 2714 1375 εἰ
2750 1323 2841 1375 ὑπ’
2896 1323 3064 1394 ὀργῆς
3111 1324 3446 1393 ἀνισοταχεῖς
3491 1325 3585 1376 καὶ
3620 1324 3768 1396 παρά

2193 1412 2354 1484 φύσιν
2374 1414 2720 1484 κεκινημένοι
2774 1413 2998 1483 παλμοίο
3038 1413 3304 1467 ἅπτεσθαι
3362 1415 3454 1467 καὶ
3499 1413 3764 1484 γλώττης,

2189 1505 2238 1556 εί
2259 1505 2486 1576 τραχεῖα
2511 1504 2604 1556 καὶ⁸
2637 1504 2966 1575 κακήγορος,
3003 1504 3050 1555 εἰ
3084 1507 3486 1574 πεπορνευκυῖα
3513 1505 3604 1558 καὶ
3635 1505 3770 1559 ἀταοσ

2193 1593 2428 1662 μίευτος’
2454 1593 2718 1648 ἅπτεσθαι
2750 1595 2843 1648 καὶ
2871 1594 3126 1665 γαστρὸς,
3151 1594 3198 1646 εἰ
3230 1594 3488 1666 ἀπλήστῳ
3523 1597 3762 1667 σχήματι

2189 1685 2484 1756 ἐπιθυμίας
2509 1685 2758 1756 διιξλδηκςν
2795 1686 2888 1739 καὶ
2923 1686 3153 1748 συνόλως
3178 1687 3362 1740 παθῶν
3394 1687 3489 1740 καὶ
3519 1689 3762 1759 νοσημά-

2187 1796 2296 1833 των
2327 1779 2419 1832 καὶ
2473 1779 2944 1850 ἀρρωστημάτων,
3009 1780 3056 1832 εί
3111 1779 3409 1849 κεκρᾶσθαι
3464 1780 3628 1846 δοκεῖ,
3680 1783 3763 1836 δι-

507 1884 785 1944 perrupto,
806 1875 872 1931 ad
901 1877 1076 1946 ipsum
1104 1893 1277 1947 usque
1303 1877 1504 1932 lectum
1531 1877 1808 1946 aspirant;
1841 1876 2068 1946 adeoque

2188 1873 2412 1942 ερευνᾷν
2449 1871 2698 1935 ἕκαστον,
2727 1871 2812 1924 ἵνα
2845 1871 2918 1942 μὴ
2947 1871 3356 1942 διαμαρτάνωσι
3386 1872 3494 1925 τῶν
3525 1873 3766 1944 προσφό-

507 1967 656 2023 nulla
685 1984 864 2024 rerum
899 1971 1135 2037 illarum,
1167 1987 1289 2043 qua:
1333 1971 1606 2042 adjuncta:
1662 1971 1878 2040 corpori
1915 1979 2080 2038 sunt,

505 2059 718 2114 ratione
744 2061 947 2127 habita,
968 2063 1212 2134 nihilque
1242 2064 1325 2120 vel
1355 2064 1554 2120 cubilis
1580 2064 1730 2119 aurei
1761 2081 1826 2119 ac
1852 2065 2083 2134 gemmis

503 2151 910 2223 unionibusque
945 2155 1208 2220 distincti,
1241 2155 1323 2210 vel
1359 2156 1731 2227 stragulorum
1762 2165 1853 2210 aut
1884 2157 2078 2227 partim

501 2241 859 2299 subtilissime
917 2259 1240 2300 aranearum
1295 2261 1448 2302 more
1512 2254 1826 2312 textorum,
1883 2247 2078 2316 partim

500 2329 646 2388 lineo
675 2336 1016 2406 subtegmine
1068 2338 1374 2408 pictorum,
1426 2340 1510 2394 vel
1564 2339 1799 2410 denique
1848 2340 2078 2394 vestium

500 2441 700 2482 cruoris
755 2428 1045 2499 ligurzeque
1101 2431 1416 2500 multiplicis
1483 2443 1705 2502 aspectu
1782 2432 2075 2499 commoti,

497 2519 758 2576 detractis
782 2521 944 2578 etiam
979 2523 1274 2594 aliquando
1323 2525 1492 2591 laenis,
1525 2541 1721 2582 manus
1773 2525 1921 2597 ipsas
1965 2534 2076 2580 tra-

499 2617 672 2676 ctant,
699 2613 1014 2684 pressisque
1036 2615 1209 2680 venis,
1231 2613 1490 2688 pulsusne
1529 2620 1670 2674 ratio
1693 2620 1944 2677 salutaris
1972 2619 2071 2684 sit,

495 2699 779 2770 diligenter
805 2703 1110 2772 explorant.
1151 2705 1260 2759 lmo
1293 2707 1530 2763 reductis
1555 2723 1944 2778 nonnunquam
1985 2709 2072 2764 in-

494 2792 706 2857 terulis,
741 2793 969 2849 alvusne
1013 2794 1230 2865 gravior
1263 2797 1372 2864 sit,
1421 2813 1492 2852 an
1541 2797 1935 2855 inﬂammatum
1979 2817 2072 2871 pe-
2113 2863 2118 2870 ,

491 2890 635 2949 ctus,
671 2899 738 2938 an
789 2899 882 2940 cor
916 2896 1246 2964 praepostero
1273 2905 1339 2945 ac
1363 2891 1679 2960 perturbato
1709 2900 1857 2946 motu
1889 2892 2070 2948 subsi-

491 2972 627 3027 liat:
672 2983 784 3028 tum
819 2990 974 3030 suam
1008 2976 1270 3033 adhibent
1302 2981 1688 3051 propriamque
1728 2983 1920 3036 morbo
1968 2999 2066 3037 cu-

488 3067 780 3122 rationem.
807 3067 898 3124 Sic
928 3069 1086 3139 plane
1110 3070 1467 3142 philosophos
1495 3083 1796 3143 oporteret,
1819 3076 1913 3146 qui
1947 3091 2068 3130 sese

484 3153 686 3210 animae
711 3166 904 3227 suapte
945 3166 1140 3213 natura
1194 3160 1396 3231 reginae
1429 3163 1668 3218 medicos
1707 3165 2062 3232 proﬁtentur,

485 3249 811 3319 contemptis
845 3264 908 3306 ac
939 3250 1206 3321 despectis
1230 3253 1507 3319 omnibus,
1537 3271 1658 3325 qua:
1703 3259 1910 3314 stolida:
1962 3261 2063 3314 bo-

443 3346 454 3357 '
487 3338 696 3394 minum
725 3341 1030 3411 opiniones,
1047 3357 1317 3398 czeeorum
1353 3361 1504 3401 more
1526 3348 1844 3420 conﬁngunt
1865 3393 1881 3419 ,
1927 3352 2065 3411 inte-

485 3431 604 3486 rius
651 3431 936 3487 subeundo
966 3445 1198 3490 mentem
1247 3435 1419 3505 ipsam
1473 3446 1776 3506 attentare,
1813 3459 1943 3497 nun]
1997 3457 2065 3500 ea

481 3519 626 3583 forte
652 3523 893 3580 motibus
922 3524 1218 3581 iracundice
1249 3527 1499 3598 inaequali
1533 3531 1808 3588 celeritate
1838 3535 2057 3590 vibran-

484 3613 652 3678 tibus,
676 3629 740 3670 ac
765 3624 958 3685 praeter
984 3624 1233 3672 naturam
1277 3619 1514 3678 incitatis
1554 3634 1848 3694 ageretur:
1884 3635 2058 3683 atten-

481 3715 600 3762 tare
627 3707 890 3777 linguam,
924 3725 1054 3764 num
1083 3712 1350 3782 asperior,
1377 3723 1432 3769 et
1458 3715 1511 3768 in
1539 3716 1828 3773 maledicta
1858 3721 2060 3791 procli—

479 3800 618 3862 vior,
654 3817 782 3861 num
808 3818 928 3858 sese
958 3805 1252 3874 profundat
1297 3807 1766 3878 intemperantius,
1799 3814 2058 3871 custodiae

478 3891 792 3962 silentiique
820 3909 1050 3964 prorsus
1095 3897 1386 3968 impatiens
1415 3917 1428 3954 :
1463 3908 1729 3957 attentare
1771 3914 2054 3974 ventrem,

475 3996 608 4036 num
643 3984 983 4044 insaturabili
1014 3989 1310 4058 cupiditate
1335 3989 1541 4047 [tadum
1577 3992 1630 4046 in
1668 3994 1889 4049 modum
1918 3996 2057 4050 intu-

476 4075 675 4129 muerit
703 4093 718 4130 :
765 4077 1009 4146 singulas
1038 4080 1272 4150 denique
1302 4083 1762 4152 perturbationes,
1795 4087 2050 4154 morbos,

474 4167 932 4238 aegritudinesque
985 4171 1262 4242 singulas,
1316 4172 1364 4228 si
1417 4173 1616 4244 quibus
1647 4175 1835 4231 atl‘ecta
1872 4179 2054 4233 videa-

474 4265 585 4323 tur,
616 4259 1271 4333 solertius'attrntiusque
1315 4267 1570 4330 scrutari,
1603 4282 1670 4321 ne
1724 4268 1924 4338 quibus
1967 4285 2053 4326 re-

473 4349 625 4403 stitui
656 4351 804 4406 salus
843 4353 1033 4422 possit,
1064 4356 1302 4410 remedia
1334 4355 1679 4426 ignoratione
1705 4370 2047 4429 praetereant.

470 4438 630 4496 Nunc
654 4458 780 4497 vero
807 4460 986 4499 rerum
1013 4446 1346 4501 exteriorum
1387 4448 1508 4504 luce
1534 4452 1804 4519 perstricti
1829 4495 1844 4516 ,
1899 4455 2049 4524 quod

2186 1983 2295 2036 ρων
2326 1967 2406 2028 είς
2434 1965 2496 2018 τὸ
2553 1964 2763 2029 σώζειν.
2817 1964 2952 2017 Νυνὶ
2995 1963 3050 2017 δὲ
3099 1964 3203 2016 ὑπὸ
3234 1965 3332 2035 τῆς
3373 1964 3480 2017 τῶν
3515 1965 3618 2031 ἔξω
3668 1984 3766 2020 πε·-

2185 2056 2604 2128 ριαυγασθέντες
2655 2056 3058 2126 λαμπρότητος,
3105 2055 3200 2110 ἇτε
3254 2056 3443 2127 νοητὸν
3486 2057 3598 2126 φῶς
3635 2057 3762 2112 ἰδεῖν

2181 2145 2585 2209 ἀδυνατοῦντες,
2611 2144 2934 2214 πλαζόμενοι
2957 2143 3255 2196 διετέλεσαν
3279 2144 3369 2196 τὸν
3405 2143 3598 2205 αἰῶνα,
3623 2141 3764 2214 πρὸς

2185 2239 2281 2310 μὲν
2309 2239 2399 2292 τὸν
2455 2237 2677 2307 βασιλέα
2735 2235 2992 2307 λογισμὸν
3042 2235 3243 2305 φθάσαι
3300 2234 3373 2306 μὴ
3419 2234 3760 2305 δυνηθέντες,

2179 2332 2306 2400 ἄχρι
2334 2331 2390 2383 δὲ
2411 2329 2516 2382 τῶν
2538 2327 2889 2400 προπυλαίων
2913 2327 3062 2399 μόλις
3091 2329 3496 2396 ἀφικνούμενοι,
3513 2328 3607 2380 καὶ
3632 2328 3760 2391 τοὺς

2179 2421 2272 2474 ἐπὶ
2303 2420 2494 2491 θύραις
2521 2419 2721 2492 ἀρετῆς
2752 2419 2979 2472 πλοῦτόν
3010 2436 3068 2472 τε
3097 2419 3190 2472 καὶ
3245 2418 3401 2483 δόξαν
3427 2419 3520 2472 καὶ
3544 2418 3757 2486 ὑγείαν,

2178 2514 2272 2566 καὶ
2300 2511 2368 2565 τά
2403 2512 2636 2582 συγγενῆ
2693 2510 3121 2582 τεθαυμακότες,
3162 2510 3548 2580 προσεκύνουν.
3597 2508 3762 2563 Ἀ).λά

2175 2604 2304 2676 γάρ,
2338 2603 2412 2668 ὡς
2443 2603 2714 2676 ὑπερϐολὴ
2772 2603 2967 2674 μανίας
3028 2603 3331 2674 χρωμάτων
3377 2604 3590 2673 κριταῖς
3616 2601 3756 2674 χρῆ-

2177 2695 2300 2749 σθαι
2327 2695 2616 2767 τυφλοῖς,ἢ
2649 2698 2852 2763 κωφοῖς
2881 2694 2986 2747 τῶν
3015 2695 3156 2748 κατὰ
3181 2694 3442 2765 μουσικὴν
3479 2693 3728 2762 φθόγγων

2173 2786 2314 2842 οὕτω
2338 2788 2432 2841 καὶ⁸
2462 2787 2684 2856 φαύλοις
2717 2787 2940 2861 ἀνδράσι
2976 2787 3086 2840 τῶν
3133 2787 3268 2858 πρὸς
3317 2787 3572 2857 ἀληθειαν
3617 2787 3754 2854 ἀγα-

2173 2871 2302 2934 θῶν·
2329 2879 2423 2933 καὶ
2446 2879 2555 2952 γάρ
2587 2873 2731 2934 οὗτοι
2779 2880 2838 2932 τό
2895 2877 3228 2950 κυριώτατον
3281 2878 3388 2931 τῶν
3436 2881 3494 2930 ἐν
3546 2879 3752 2944 αὑτοῖς,

2169 2974 2406 3028 διάνοιαν
2429 2974 2804 3044 πεπήρωνται,
2837 2967 2904 3043 ἧς
2931 2971 3066 3042 βαθὺ
3096 2971 3284 3035 σκότος
3314 2971 3590 3043 ἀφροσύνη
3621 2989 3754 3025 κατ-

2169 3065 2342 3135 έχεεν.
2377 3061 2510 3118 Εἶτα
2555 3063 2650 3117 νῦν
2693 3062 3064 3134 θαυμάζομεν,
3103 3065 3153 3116 εἰ
3206 3064 3524 3134 Σωκράτης,
3573 3064 3666 3116 καὶ
3722 3065 3756 3118 6

2167 3156 2335 3220 δεῖνα,
2369 3155 2402 3228 ἢ
2441 3159 2469 3210 ό
2523 3157 2669 3208 δεῖνα
2721 3155 2829 3208 τῶν
2869 3153 3168 3208 σπουδαίων
3203 3156 3260 3206 ἐν
3311 3155 3469 3226 πενίᾳ
3522 3153 3753 3207 διετέλε-

2171 3266 2268 3303 σαν
2303 3251 2434 3320 (27),
2476 3249 2750 3322 ἄνθρωποι
2803 3248 2966 3320 μηδὲν
2999 3247 3219 3301 πώποτε
3246 3248 3354 3300 τῶν
3379 3251 3458 3312 είς
3485 3247 3755 3318 πορισμὸν

2166 3341 2634 3413 ἐπιτηδεύσαντες,
2673 3340 2808 3394 ἀλλά
2834 3340 2956 3412 μηδ’
3000 3340 3159 3412 ὅσ·αῆ
3205 3341 3356 3412 παρά
3389 3341 3556 3408 φίλων
3589 3340 3753 3394 πολυ-

2163 3435 2480 3506 χρημάτων,
2514 3434 2547 3506 ἢ
2579 3432 2726 3505 παρά
2777 3432 3041 3502 βασιλέων
3091 3432 3298 3502 δωρεὰς
3340 3431 3580 3504 μεγάλας
3611 3448 3751 3502 προ-

2161 3527 2463 3589 τεινόντων,
2500 3526 2702 3598 παρῆν,
2743 3524 2931 3578 λαϐεῖν
2958 3524 3310 3590 ἀξιώσαντες,
3349 3525 3509 3577 ἕνεκα
3537 3524 3628 3577 τοῦ
3655 3524 3746 3594 μόο

2161 3635 2250 3672 νον
2279 3618 2479 3688 ἀγαθὸν
2506 3622 2598 3673 καὶ
2650 3620 2812 3674 καλὸν
2862 3618 2959 3689 τὴν
3005 3620 3104 3689 τῆς
3135 3618 3336 3688 ἀρετῆς
3369 3617 3558 3686 κτῆσιν
3593 3615 3746 3686 ἡγεῖ-

2162 3705 2306 3771 σθαι,
2330 3709 2457 3778 περὶ
2481 3710 2546 3781 ἢν
2581 3710 2920 3780 πονούμενοι,
2975 3708 3086 3762 τῶν
3135 3707 3310 3762 ἀλλων
3357 3706 3573 3776 ἀγαθῶν
3606 3708 3746 3761 πάν-

2157 3815 2265 3856 των
2286 3799 2536 3869 ηλόγουν.
2590 3801 2686 3866 Τίς
2735 3802 2779 3855 δ’
2815 3803 2912 3856 οὑκ
2943 3801 3009 3856 ἂν
3042 3801 3308 3871 ἁλογήσαι
3368 3798 3536 3853 νόθων
3581 3799 3746 3852 ἕνεκα

2157 3893 2413 3963 προνοίας
2443 3892 2552 3946 τῶν
2582 3893 2854 3964 γνησίωνς
2881 3895 2942 3946 Εἰ
2966 3894 3022 3946 δὲ
3055 3892 3306 3962 σώματος
3350 3891 3546 3964 θνητοῦ
3579 3907 3745 3963 μετα-

2155 3982 2431 4062 λαχόντες,
2461 3986 2552 4037 καὶ
2579 3987 2764 4058 κηρῶν
2795 3986 3054 4056 γέμοντες
3076 3985 3454 4056 ἀνθρωπίνων,
3491 3985 3585 4038 καὶ
3605 3984 3746 4054 μετά

2154 4074 2412 4138 τοσούτου
2460 4075 2696 4146 πλήθους
2744 4077 2944 4129 ἀδίκων
2978 4077 3200 4140 ζῶντες,
3238 4068 3314 4128 ὧν
3369 4075 3478 4129 οὐδ’
3507 4075 3740 4147 ἀριθμὸν

2155 4168 2334 4238 εὑρεῖν
2364 4166 2614 4238 εὔπορον,
2643 4166 3129 4238 ἐπεϐουλεύθησαν,
3159 4168 3212 4220 τί
3231 4167 3330 4236 τὴν
3361 4167 3523 4236 φύσιν
3556 4161 3742 4221 αίτιώ-

2159 4239 2320 4330 μεθα,
2355 4260 2472 4326 δέον
2499 4261 2599 4332 τὴν
2629 4261 2736 4316 τῶν
2783 4258 3120 4332 ἐπιθεμένων
3171 4259 3418 4324 κακίζειν
3449 4260 3737 4332 ὠμότητας

2155 4352 2266 4405 Καὶ
2286 4352 2395 4425 γάρ
2428 4355 2476 4406 εἰ
2509 4354 2566 4405 ἐν
2597 4353 2719 4425 ἀέρι
2752 4352 3046 4424 γεγένηντο
3066 4351 3319 4423 λοιμικῷ,
3340 4352 3557 4416 πάντως
3581 4351 3744 4422 ὠφει-

2153 4443 2243 4496 λον
2300 4447 2559 4516 νοσῆσαικ
2606 4445 2991 4508 καταπόσεως
3047 4445 3104 4498 δὲ
3156 4443 3410 4515 λοιμικῆς
3441 4443 3663 4514 μᾶλλον,
3700 4439 3740 4516 ἢ

469 4533 714 4604 Spiritale
745 4535 927 4590 lumen
955 4537 1094 4592 ferre
1125 4553 1232 4592 non
1261 4551 1505 4610 possent,
1528 4553 1788 4614 perpetuo
1809 4549 2046 4616 quodam

2170 4536 2271 4606 ›ὑχ’
2303 4531 2846 4609 ἦττονκφθοροποιός
2901 4539 3052 4591 ἐστιν
3105 4539 3137 4608 ἡ
3187 4529 3373 4592 κακία.
3434 4535 3741 4600 Ὠςδ’όπόο

467 4639 652 4679 errore
685 4625 898 4695 jactati,
928 4643 1206 4699 nunquam
1250 4631 1318 4686 ad
1360 4635 1601 4700 reginam
1651 4651 1825 4706 usque
1873 4641 2046 4695 ratio-

469 4729 592 4770 nem
617 4717 949 4786 aspirarunt,
991 4719 1085 4774 sed
1109 4721 1199 4776 ubi
1221 4739 1362 4792 aegre
1393 4728 1686 4782 admodum
1714 4732 2044 4787 vestibulum

466 4808 793 4877 attigissent,
817 4825 940 4881 qua!
979 4827 1078 4881 pro
1119 4815 1337 4871 virtutis
1395 4816 1605 4874 foribus
1641 4835 1998 4878 occurrerunt
2028 4864 2043 4889 ,

465 4912 618 4969 opes,
645 4900 892 4971 gloriam,
919 4904 1229 4971 sanitatem,
1255 4921 1318 4960 ac
1346 4917 1540 4966 cretera
1583 4911 1636 4966 id
1662 4928 1834 4982 genus
1863 4915 2046 4969 mirati

463 4993 781 5048 adorarunt.
839 4994 909 5050 At
955 4998 1234 5052 enimvero
1291 5013 1521 5057 summa:
1549 5011 1633 5058 est
1681 5014 2048 5075 extremasque

463 5082 770 5146 dementiae,
797 5085 872 5138 uti
897 5085 979 5140 vel
1009 5087 1252 5144 colorum
1283 5107 1482 5158 caecos,
1519 5093 1601 5148 vel
1635 5108 1898 5148 sonorum
1927 5111 2048 5150 mo-

463 5171 772 5229 dulatorum
822 5177 1037 5242 surdos,
1073 5179 1153 5234 sic
1175 5183 1338 5238 etiam
1371 5183 1646 5252 improbos
1676 5185 1928 5240 homines
1954 5202 2046 5241 ve-

463 5275 648 5316 rorum
707 5266 973 5320 bonorum
1023 5269 1240 5337 judices
1287 5273 1584 5341 adbibere;
1633 5289 1756 5330 cum
1801 5277 2045 5346 principe

461 5353 547 5408 sui
575 5364 748 5423 parte,
783 5356 1002 5424 hoo_est
1043 5369 1245 5429 mente,
1279 5363 1422 5432 capti
1481 5364 1630 5428 sint,
1679 5365 1768 5420 cui
1812 5367 2043 5422 stultitia

533 5507 644 5588 (g6)
711 5515 1274 5591 Τυφοπλαστοῦσιν,
1337 5517 1707 5587 Conjieiebam
1764 5522 2042 5591 τυφοπλα-

463 5595 699 5661 στουσιν,
729 5598 891 5661 quam
920 5600 1106 5661 vorem
1133 5589 1190 5661 in
1221 5589 1318 5661 alt.
1347 5604 1593 5661 manusc.
1628 5599 1813 5659 postea
1844 5589 2038 5661 reperi.

459 5650 618 5731 perte
660 5652 1089 5731 ,ημςξοπλαστεῖν-
1131 5659 1496 5731 lrxicographi
1557 5650 1664 5712 non
1715 5650 2039 5731 agnoscunt,

457 5720 672 5774 tametsi
704 5721 951 5775 Philonis
972 5726 1189 5789 genium
1209 5720 1341 5780 satis
1367 5720 1469 5784 hoc
1493 5731 1718 5783 verbum
1751 5720 1990 5789 redoleat
2023 5720 2038 5789 ξ

458 5789 565 5845 erit
595 5801 801 5856 autem,
828 5789 1018 5847 stolide
1047 5794 1426 5852 urizbitioseauc
1458 5799 1771 5862 confingere.

2151 4643 2274 4690 ταν,
2316 4625 2472 4680 ὑετοῦ
2502 4627 2598 4698 μὲν
2624 4627 2793 4690 ὄντος,
2821 4627 3036 4697 ἀνάγκη
3069 4627 3160 4680 τὸν
3200 4627 3381 4696 σοφὸν,
3411 4629 3460 4680 εἰ
3493 4627 3550 4678 ἐν
3576 4623 3742 4678 ὑπαί-

2151 4717 2267 4790 θρῳ
2298 4718 2494 4786 διάγοι,
2539 4717 2994 4790 καταόρέχεσθαι“
3038 4718 3226 4789 βορέου
3284 4719 3341 4773 δὲ
3389 4716 3598 4790 ψυχροῦ
3639 4735 3739 4771 κα-

2148 4809 2506 4877 ταπνέοντος,
2568 4809 2711 4880 ῥίγει
2754 4809 3042 4881 πιεσθῆναι
3095 4812 3191 4863 καὶ
3241 4809 3424 4882 ψύχει·
3483 4809 3735 4880 θέρουςᾶ

2151 4901 2494 4973 ἀκμάζοντος
2543 4901 2907 4958 ἀλεαίνεσθαιο
2941 4907 3062 4966 ταῖς
3118 4903 3226 4974 γὰρ
3253 4903 3486 4972 ἐτησὺις
3509 4907 3738 4975 τροπαῖς

2145 4994 2216 5047 τὰ
2251 4992 2482 5066 σώματα
2529 4997 2874 5066 συμπάσχειν
2930 4995 3093 5066 νόμος
3151 5000 3385 5064 φύσεως
3448 4995 3540 5049 τὸν
3573 4994 3736 5046 αὑτὸν

2145 5087 2366 5157 τρόπον,
2395 5087 2484 5140 τὸν
2518 5089 2576 5140 ἐν
2601 5091 2712 5150 τοῖς
2732 5088 2990 5151 τοιούτοις
3011 5087 3229 5160 χωρίοις
3261 5086 3590 5149 ἐνοικοῦντα,
3608 5085 3737 5139 ἔνθα

2150 5178 2300 5247 φόνοι
2322 5194 2382 5230 τε
2403 5177 2553 5250 λιμοί
2595 5195 2675 5243 τε,
2720 5180 2814 5238 καὶ
2847 5178 3020 5232 ἀλλων
3047 5161 3221 5236 ’ἔθνεα
3256 5177 3461 5249 κηρῶν,
3485 5175 3738 5230 ἐναλλάτ-

2145 5270 2334 5324 τεσθαι
2386 5271 2486 5334 τὰς
2541 5272 2650 5326 ἀπὸ
2699 5271 2808 5326 τῶν
2861 5270 3119 5326 τοιούτων
3189 5270 3355 5341 τιμὰς
3414 5270 3735 5337 ἀναγκαῖον.

2158 5362 2312 5416 Ἐπεὶ
2333 5361 2670 5434 Πολυκράτει
2695 5379 2760 5432 γε
2787 5362 2922 5434 (28),
2953 5363 3038 5430 ἐφ’
3065 5356 3147 5425 οἷς
3167 5361 3359 5425 δεινοῖς
3387 5359 3614 5432 ἠδίκησε
3642 5357 3736 5411 καὶ

2219 5525 2331 5594 (27)
2360 5525 2738 5600 Διετέλεᾳαν.
2771 5525 2876 5577 Alt.
2909 5539 2939 5600 ς
2969 5538 3246 5600 manuscr.
3279 5521 3462 5600 διῆγον
3495 5521 3548 5600 in
3586 5534 3735 5600 mar:

2145 5595 2291 5662 giue,
2316 5592 2462 5663 quod
2497 5597 2700 5658 malim,
2740 5611 2862 5648 nam
2907 5593 3216 5652 διετέλεσαν
3255 5592 3604 5662 participium
3637 5595 3734 5643 aut

2149 5681 2346 5718 nomen
2381 5665 2599 5734 aliquod
2635 5665 2952 5734 postularet.

2215 5735 2329 5808 (‘28)
2376 5732 2536 5808 Ἐπεί
2568 5732 2936 5804 Πολυκράτει
2970 5750 3056 5806 γε.
3103 5732 3344 5790 Historia
3375 5741 3505 5786 nota
3547 5735 3630 5784 est
3659 5739 3732 5782 ex

2145 5801 2437 5863 Herodoto.
2478 5806 2566 5860 lib.
2596 5819 2676 5860 ιιι.
