4166 6408
377 303 478 360 661

1518 304 1835 360 ΡΒᾹΣΡΑΒ.
1878 302 2128 360 EVANG.
2169 303 2295 360 LIB.
2334 304 2464 361 Vlll.

3522 306 3626 363 662

374 424 635 496 ἠσέϐησε,
667 424 899 498 χορηγὸς
940 425 1219 496 ἀπήντησε
1279 426 1477 495 χείρων
1528 428 1626 495 μὲν
1650 428 1682 497 ἡ
1706 426 1800 480 τοῦ
1837 426 1938 495 βίοι

2055 427 2411 484 densissimas
2446 426 2695 482 tenebras
2728 426 2998 482 oﬂ‘uderit.
3052 426 3115 483 Et
3164 427 3427 482 miramur
3475 426 3633 483 dein-

375 518 792 590 βαρυδαιμονία⁶
844 518 1078 589 πρόσθες
1144 516 1190 571 δ’
1236 517 1313 581 ὠς
1363 519 1467 572 ὑπὸ
1512 518 1745 590 μεγάλου
1803 519 1954 587 βασι·

370 608 509 673 λέως
540 609 650 679 (‘29)
674 606 981 674 ἐκολάζετο,
1012 609 1104 662 καὶ
1158 610 1513 681 προσηλοῦτο,
1580 608 1827 680 χρησμὸν
1869 610 1952 662 ἐκ·

371 701 644 773 πιμπλάςο
672 698 803 755 Οἶδα
834 702 1163 772 (30),ὲφῆκα
1186 702 1420 772 ἐμαυτόν
1456 712 1481 741 ⁸
1498 740 1513 764 ,
1548 703 1609 754 ού
1629 702 1733 773 πρὸ
1755 701 1949 754 πολλοῦ

371 788 647 859 θεωρῆσαι
674 788 920 856 δόξαντα,
945 790 1048 843 ὑπὸ
1079 788 1177 860 μὲν
1222 790 1372 861 ἡλίου
1440 790 1774 859 ἀλείφεσθαι,
1840 791 1952 843 λού-

371 878 523 933 εσθαι
552 879 597 931 δ’
619 878 724 932 ὑπὸ
751 879 892 943 Διός.
940 882 1005 933 Αἱ
1057 881 1165 953 γὰρ
1191 882 1279 935 διὰ
1310 881 1589 951 συμϐόλων
1621 881 1952 952 αίνιγματὼο

368 971 480 1035 δεις
505 962 666 1024 αὗται
724 972 936 1041 φάσεις,
984 973 1347 1044 ἀδηλούμεναι
1381 974 1441 1026 τὸ
1492 973 1680 1035 πάλαι,
1740 973 1950 1043 τὴνδιά

370 1063 478 1117 τῶν
512 1062 687 1135 ἔργων
724 1065 1112 1138 ἁριδηλοτάτην
1160 1066 1460 1136 ἐλάμϐανον
1488 1066 1688 1119 πίστιν.
1716 1067 1827 1119 Οὐκ
1857 1066 1950 1119 ἐπὶ

369 1154 514 1206 τέλει
547 1154 605 1206 δὲ
641 1155 819 1226 μόνον,
849 1157 984 1210 άλλά
1014 1157 1164 1230 παρά
1206 1157 1380 1210 πάντα
1416 1158 1506 1209 τὸν
1531 1158 1591 1221 ἐξ
1634 1159 1806 1227 ἀρχῆς
1837 1156 1949 1226 βίον

371 1245 612 1319 ἐλελήθει
643 1248 749 1319 πρὸ
777 1249 871 1303 τοῦ
899 1248 1149 1321 σώματος
1201 1250 1301 1321 τὴν
1345 1250 1524 1322 ψυχὴν
1579 1249 1945 1319 κρεμάμενος.

369 1338 489 1391 Alei.
519 1339 626 1411 γὰρ
670 1341 1003 1412 φοϐούμενος
1065 1344 1158 1396 καὶ
1211 1343 1427 1414 τρέμων
1478 1342 1538 1396 τὺ
1587 1341 1788 1412 πλῆθος
1842 1341 1948 1393 τῶν

370 1431 761 1503 ὲπ.τιθεμένων
792 1435 1043 1505 ἐπτόητο,
1088 1435 1276 1505 σαφῶς
1298 1434 1739 1506 ἐξεπιστάμενος,
1757 1435 1838 1487 ὅτι
1861 1433 1949 1487 εὗ-

369 1541 495 1586 νους
524 1524 625 1595 μὲν
657 1522 724 1595 ἦν
746 1526 937 1589 οὐδεὶς.
961 1527 1145 1599 ἐχθροὶ
1173 1527 1229 1581 δὲ
1249 1528 1447 1590 πάντες
1465 1527 1772 1599 δυσπραξίᾳ
1799 1527 1951 1583 ἀμεί-

369 1613 560 1667 λικτοι.
580 1616 690 1685 Τῆς
705 1616 760 1668 δὲ
778 1616 1038 1687 ἁνηνύτου
1062 1617 1156 1670 καὶ
1175 1618 1432 1688 συνεχοῦς
1447 1618 1728 1683 εὐλαϐείας
1750 1617 1950 1689 μάρτυ-

374 1725 464 1776 ρες
502 1709 550 1759 οἱ
574 1707 641 1760 τὰ
673 1707 931 1762 Σ;κελικά
971 1710 1403 1781 συγγράψαντες,
1441 1713 1494 1765 οἴ
1515 1729 1697 1780 φασιν,
1744 1712 1824 1764 ὅτι
1852 1710 1945 1763 καὶ

2053 536 2203 590 ceps,
2235 530 2327 575 aut
2359 520 2673 585 Socratem,
2709 529 2802 574 aut
2854 522 3020 575 alium
3072 520 3366 591 quemlibet
3412 535 3628 575 morum

2053 611 2379 682 integritatis
2405 613 2705 667 studiosum
2744 610 2905 682 390
2950 610 3251 666 continenti
3289 611 3514 681 penuria
3547 610 3630 664 la-

2054 705 2317 760 borasse:
2353 704 2623 769 homines,
2659 704 2748 773 qui
2786 704 2919 757 nihil
2952 718 3193 773 unquam
3242 703 3308 757 ad
3358 703 3478 757 vitae
3510 702 3634 757 lau-

2051 798 2198 853 titias
2221 812 2463 867 qumrere
2493 798 2801 859 voluerunt,
2832 811 2894 850 ac
2922 796 3098 850 ncilla
3129 796 3370 866 quidem,
3391 809 3625 864 quorum

2051 890 2155 945 sibi
2188 889 2272 943 vel
2306 889 2375 943 ab
2406 890 2596 944 amicis
2625 888 3073 958 locupletioribus
3098 929 3111 953 ,
3151 888 3234 941 vel
3273 887 3340 941 ab
3368 888 3498 957 ipsis
3527 886 3630 942 ali-

2051 980 2267 1051 quando
2314 981 2567 1049 regibus,
2600 995 2849 1050 magnam
2885 979 3027 1034 ultro
3057 978 3162 1032 vim
3218 993 3503 1032 munerum
3541 979 3629 1033 in-

2051 1072 2381 1143 gerentibus,
2408 1074 2562 1140 copia
2593 1073 2772 1136 lieret,
2826 1070 3070 1140 accipere
3122 1069 3412 1123 vol-uerunt
3450 1085 3462 1119 :
3496 1085 3623 1125 cum

2048 1164 2193 1218 enim
2231 1180 2392 1219 unam
2424 1165 2568 1219 illam
2605 1165 2823 1219 virtutis
2859 1163 3259 1234 possessionem
3297 1163 3424 1217 boni
3456 1162 3624 1218 hone—

2049 1258 2225 1325 suque
2268 1257 2485 1311 nomine
2513 1257 2730 1325 dignam
2757 1270 2878 1310 esse
2924 1262 3255 1319 statuerent,
3308 1254 3484 1323 deque
3512 1270 3629 1310 una-

2048 1348 2767 1419 comparandalaborarent,
2810 1347 3071 1417 reliquam
3110 1347 3377 1401 bonorum
3403 1347 3627 1403 turbam

2047 1441 2547 1509 valerejusserunt.
2601 1441 2669 1495 Et
2700 1455 2853 1505 sane,
2886 1441 3010 1510 quis
3042 1454 3150 1493 non
3174 1480 3190 1507 ,
3235 1449 3307 1494 ur
3339 1455 3464 1494 vera
3495 1455 3622 1510 ger-

2049 1549 2319 1604 manaque
2350 1542 2756 1603 consequatur,
2803 1535 2989 1603 spuria
3022 1531 3178 1587 facile
3209 1531 3623 1601 adulterinaquo

2047 1626 2479 1695 contempserit?
2500 1623 2618 1681 Jam
2650 1640 2780 1680 vero
2804 1666 2818 1691 ,
2851 1625 2897 1679 si
2929 1634 2984 1679 et
3008 1624 3234 1679 mortale
3262 1637 3460 1692 corpus
3497 1638 3619 1678 sor-

2049 1719 2153 1784 titi,
2179 1727 2232 1773 et
2258 1717 2523 1771 humanis—
2550 1717 2768 1772 casibus
2805 1716 3033 1771 involuti
3062 1730 3187 1771 cum
3228 1725 3442 1782 essent,
3472 1716 3615 1770 etin

364 1795 466 1866 τὴν
507 1799 924 1871 θυμηρεστάτην
952 1800 1191 1856 ὕποπτον
1214 1799 1326 1873 εἶχε
1339 1807 1591 1872 γυναῖκα.
1616 1806 1845 1874 Σημεῖον
1863 1802 1938 1855 δέ·

2049 1820 2194 1865 tanta
2219 1809 2605 1865 sceleratorum
2648 1807 2994 1863 multitudine
3020 1807 3298 1871 viverent,
3348 1815 3407 1861 ut
3460 1805 3619 1861 facile

369 1889 479 1961 Τὴν
505 1892 586 1953 εἰς
607 1891 666 1944 τὸ
705 1892 973 1962 δωμάτιον
999 1894 1224 1958 εἴσοδον,
1249 1894 1314 1947 δι’
1333 1890 1400 1966 ἧς
1428 1897 1701 1965 φοιτήσειν
1722 1893 1944 1965 ἔμελλεν

366 1981 443 2045 ὡς
466 1983 649 2045 αὐτὸν,
677 1984 929 2038 ἐκέλευσε
957 1986 1308 2058 στορεσθῆναι
1338 1987 1567 2051 σανίσιν,
1598 1988 1682 2041 ἵνα
1710 1988 1783 2058 μὴ
1803 1986 1941 2060 λάθῃ

365 2075 500 2128 ποτὲ
531 2081 1043 2147 παρεισερπύσασα·
1080 2076 1237 2149 ψόφῳ
1268 2079 1324 2131 δὲ
1352 2082 1446 2133 καὶ
1476 2080 1666 2150 κτύπῳ
1689 2081 1791 2150 τῆς
1818 2082 1939 2132 ἐπι-

365 2165 579 2232 ϐάσεως
607 2169 897 2241 προμηνύῃ
916 2172 1012 2243 τὴν
1046 2172 1245 2241 ἄφιξιν.
1277 2167 1388 2225 Εἶτ’
1418 2172 1517 2225 ούκ
1544 2173 1801 2243 ἀνείμονα
1842 2172 1944 2242 μό-

363 2279 477 2325 νον,
520 2263 657 2316 ἀλλά
696 2266 789 2319 καὶ
816 2267 948 2319 πᾶσι
986 2268 1098 2329 τοῖς
1128 2267 1317 2339 μέρεσι
1345 2266 1582 2336 γυμνὴν,
1614 2264 1648 2318 ἃ
1680 2265 1752 2336 μὴ
1783 2264 1941 2336 θέμις

365 2355 458 2410 ὑπ’
483 2358 692 2428 ἀνδρῶν
719 2359 968 2430 ὁρᾶσθαι,
990 2360 1380 2431 παρέρχεσθαι.
1409 2361 1552 2431 Πρὸς
1575 2361 1631 2413 δὲ
1651 2361 1860 2425 τούτοις
1879 2362 1938 2415 τὸ

366 2449 588 2517 συνεχὲς
610 2448 706 2501 τοῦ
732 2450 874 2502 κατά
896 2451 992 2520 τὴν
1015 2450 1132 2503 ὁδὸν
1164 2450 1394 2519 ἐδάφους
1420 2452 1499 2514 είς
1526 2451 1732 2520 τάφρου
1763 2469 1940 2523 γεωρ-

361 2540 526 2609 γικῆς
563 2537 721 2611 εὖρος
749 2541 843 2594 καὶ
871 2541 1033 2611 βάθος
1059 2542 1399 2613 διακοπῆναι,
1437 2543 1576 2597 κατά
1618 2544 1737 2607 δέος
1784 2546 1854 2615 μή
1885 2562 1937 2596 τι

360 2631 496 2700 πρὸς
520 2631 823 2704 ἐπιϐουλὴν
840 2633 1060 2701 ἀφανῶς
1086 2634 1511 2705 ὲπικρύπτηται,
1539 2638 1675 2705 ὅπερ
1700 2637 1732 2707 ἢ
1766 2637 1940 2707 ἅλμα-

361 2738 443 2775 σιν
468 2720 500 2792 ἦ
530 2726 764 2793 μακραῖς
785 2724 1096 2777 διαϐάσεσιν
1121 2724 1311 2794 ἔμελλε
1334 2712 1723 2797 διελέγχεσθαι.
1749 2728 1937 2783 Πόσων

357 2808 466 2883 ἄρα
496 2814 680 2867 κακῶν
706 2817 734 2868 ὁ
756 2814 930 2868 ταῦτα
956 2816 1293 2887 παρατηρῶν
1311 2818 1406 2870 καὶ
1426 2818 1698 2889 τεχνάζων
1731 2821 1823 2873 ἐπὶ
1847 2837 1940 2887 γυ-

358 2899 628 2977 ναικὸς,ᾖ
665 2906 771 2977 πρὸ
810 2906 917 2959 τῶν
960 2905 1133 2960 ἄλλων
1174 2906 1370 2975 ὤφειλε
1412 2911 1705 2974 πιστεύειν,
1743 2912 1939 2981 μεστὸς

356 2990 457 3067 ἦνς
500 2995 661 3049 Ἀλλά
682 2998 791 3068 γὰρ
828 2997 987 3068 ἐῴκει
1024 3001 1136 3061 τοῖς
1174 2998 1239 3050 δι’
1277 3000 1599 3071 ἀπορῤῶγος
1625 3002 1805 3073 ὅρους,
1836 3004 1930 3056 ἐπὶ

2046 1918 2308 1958 numerus
2356 1901 2481 1955 iniri
2538 1917 2645 1956 non
2699 1913 2920 1970 posset,
2978 1899 3365 1955 nonnullorum
3401 1898 3618 1955 insidiis

2044 1995 2293 2063 odiisque
2314 2001 2537 2062 patuere
2563 2008 2577 2057 ;
2611 1990 2738 2060 quid
2772 2005 2950 2046 causae
2974 1999 3077 2055 est,
3100 1989 3457 2059 quamobrem
3484 2003 3609 2043 eum

2042 2098 2254 2145 eorum,
2288 2097 2318 2135 a
2352 2081 2553 2151 quibus
2580 2080 2824 2150 Oppressi
2870 2088 3019 2142 sunt,
3046 2078 3417 2134 crudelitatem
3447 2094 3614 2134 accu-

2042 2190 2175 2229 sare‘
2217 2180 2480 2241 oporteat,
2511 2180 2760 2226 naturam
2820 2171 2992 2241 ipsam
3040 2170 3303 2241 injuriose
3356 2170 3628 2225 crimine.

2042 2265 2207 2319 mur?
2233 2264 2442 2333 Quippe
2471 2264 2516 2319 si
2550 2263 2823 2333 pestilenti
2851 2262 2991 2317 cmlo
3020 2271 3319 2326 uterentur,
3350 2261 3514 2331 hujus
3548 2261 3632 2315 ilo~

2040 2359 2107 2413 lis
2144 2358 2299 2427 plane
2327 2357 2455 2411 forel
2490 2355 2771 2411 subeunda
2803 2354 3076 2425 contagio.
3102 2354 3265 2424 Atqui
3294 2354 3377 2407 vel
3412 2354 3611 2422 magis,

2039 2451 2123 2504 vel
2177 2450 2346 2504 nihilo
2396 2457 2543 2504 certe
2577 2448 2797 2512 minus,
2854 2463 3017 2517 quam
3056 2446 3309 2517 pestifera
3359 2448 3608 2517 quadarn

2039 2543 2177 2607 lues,
2210 2541 2445 2596 exitialis
2496 2540 2813 2611 improbitas
2845 2549 2947 2594 est.
2994 2539 3058 2594 Et
3110 2539 3567 2610 quemadmodum
3592 2578 3611 2605 ,

2039 2634 2215 2688 imbre
2243 2632 2524 2688 decidente
2555 2632 2763 2702 perplui
2785 2671 2800 2696 ,
2838 2631 2883 2687 si
2914 2632 3017 2687 sub
3044 2632 3136 2686 dio
3167 2632 3503 2695 versabitur,
3535 2632 3614 2684 vi-

2038 2740 2160 2779 rum
2184 2723 2479 2793 sapientem
2504 2723 2791 2792 oportebit,
2824 2724 3183 2792 eumdetnque
3211 2724 3291 2777 vel
3336 2721 3614 2793 frigidiora

2038 2815 2208 2869 Borea
2238 2815 2499 2885 spirante,
2532 2814 2748 2883 frigoris
2781 2814 2888 2867 vim
2921 2814 3105 2869 subire
3130 2856 3146 2880 ,
3188 2816 3267 2869 vel
3303 2824 3489 2870 aestate
3523 2830 3615 2869 ar-

2039 2906 2271 2962 dentiori
2314 2913 2547 2960 aestuare
2592 2906 2674 2973 (ut
2701 2904 2846 2957 enim
2878 2903 3449 2959 annuas-mutationes
3486 2919 3613 2958 eor-

2041 3014 2175 3069 pora
2220 2997 2473 3057 sentiant,
2502 2995 2585 3049 lex
2637 3003 2844 3048 naturae
2881 2993 3127 3063 quaedam
3158 2997 3293 3061 est);
3342 2995 3415 3049 ita
3448 2994 3609 3064 quis-

356 3090 432 3161 τῶ
457 3089 556 3153 τὰς
584 3091 640 3142 ὲν
680 3090 893 3161 οὐρανῷ
936 3090 1126 3161 φύσεις
1165 3093 1551 3165 ἀριδηλοτέρας
1583 3096 1935 3164 κατανοῆσαι,

2041 3091 2165 3161 quis
2199 3091 2252 3143 in
2284 3088 2554 3157 ejusmodi
2583 3087 2717 3141 locis
2750 3087 2979 3149 habitat,
3018 3088 3108 3141 ubi
3160 3088 3356 3153 caades,
3387 3089 3477 3147 ubi
3502 3120 3507 3129 ι
3533 3088 3626 3143 τιο-

356 3180 851 3252 κρημνοϐατοῦσιν,
883 3180 931 3234 οἳ
974 3181 1124 3252 μόλις
1157 3183 1449 3253 φθάνοντες
1489 3186 1616 3257 ἄχρι
1647 3203 1934 3258 προνενευ-

355 3272 514 3336 κότος
538 3274 785 3343 αὐχένος,
814 3274 924 3326 οὐτ’
946 3275 1249 3346 ἀναχωρεῖν
1268 3277 1297 3315 ιι
1322 3276 1401 3328 ἔτι
1419 3276 1692 3339 δύνανται,
1723 3278 1858 3349 πρὸς
1875 3278 1935 3331 τὸ

355 3363 675 3434 λειπόμενον
704 3362 836 3433 ὕψος
864 3365 1246 3436 ἀπειρηκότες,
1272 3364 1394 3418 οὔτε
1430 3366 1776 3419 καταϐαίνειν
1806 3366 1936 3440 θαρ-

358 3456 531 3528 ροῦσι,
580 3457 716 3528 πρὸς
762 3458 862 3529 τὴν
912 3456 1033 3523 ὄψιν
1074 3459 1182 3511 τῶν
1231 3460 1527 3530 χασμάτων
1576 3460 1930 3528 ἰλιγγιῶντες.

371 3544 650 3617 Ἐρασθεὶς
681 3546 809 3618 γὰρ,
840 3546 915 3611 ὡς
961 3547 1104 3600 θείου
1142 3550 1465 3619 πράγματος
1507 3549 1601 3602 καὶ
1627 3552 1933 3622 περιμαχή-

356 3651 471 3700 του,
526 3637 861 3707 τυραννίδος,
915 3636 1039 3690 οὔτε
1096 3639 1295 3709 μένειν,
1343 3640 1466 3694 οὔτε
1518 3640 1933 3711 ἀποδιδράσκειν

356 3724 595 3793 ἀσφαλὲς
618 3722 755 3779 εἶναι
780 3727 1145 3797 ὑπελάμϐανε·
1181 3730 1393 3800 μένοντι
1416 3730 1513 3801 μὲν
1539 3731 1647 3802 γὰρ
1669 3732 1934 3786 ἀλλεπάλ-

355 3814 492 3885 ληλα
515 3816 737 3889 ἐπέρρει
768 3818 913 3870 κακὰ
942 3818 1214 3890 ἀμύθητα·
1242 3820 1548 3893 βουλομένῳ
1572 3824 1615 3875 δ’
1642 3824 1932 3895 ἀποδιδρά-

359 3924 530 3971 σκειν,
552 3910 580 3961 ὁ
607 3911 734 3980 περὶ
761 3910 853 3962 τοῦ
884 3909 981 3981 ζῇν
1006 3912 1349 3983 ἐπεκρέματο
1376 3914 1636 3978 κίνδυνος,
1666 3916 1934 3988 ὡπλισμέ-

356 4016 484 4063 νων,
517 4002 565 4053 εί
606 4002 699 4054 καί
732 4001 804 4071 μὴ
838 4004 947 4064 τοῖς
971 4000 1235 4072 σώμασιν,
1266 4005 1402 4059 ἀλλά
1428 4024 1519 4059 τοι.
1537 4011 1654 4071 ταῖς
1676 4007 1933 4074 διανοίαις

357 4094 479 4145 κατ’
503 4091 687 4145 αὑτοῦ.
728 4092 887 4163 Δηλοῖ
911 4092 968 4145 δὲ
997 4096 1089 4147 καὶ
1117 4094 1176 4147 τὸ
1205 4095 1383 4166 ἔργον,
1414 4089 1458 4164 ᾧ
1480 4098 1614 4168 πρὸς
1637 4099 1727 4151 τὸν
1751 4117 1926 4169 μακα-

359 4186 577 4258 ρίζοντα
606 4187 698 4239 τὸν
726 4187 832 4240 τῶν
860 4190 1137 4258 τυράννων
1166 4189 1278 4258 βίον
1308 4190 1451 4257 φασὶ·
1476 4191 1781 4262 χρήσασθαι
1813 4195 1931 4246 Διο-

356 4278 555 4331 νύσιον.
593 4279 843 4342 Καλέσας
870 4279 977 4352 γάρ
1006 4280 1167 4334 αὐτὸν
1193 4282 1287 4333 ἐπὶ
1315 4282 1696 4354 λαμπροτάτου
1724 4286 1817 4337 καὶ
1838 4301 1932 4336 πο-

355 4369 740 4425 λυτελεστάτου
764 4371 980 4425 δείπνου
1006 4372 1380 4444 παρασκευὴν,
1411 4376 1471 4425 ἐκ
1497 4374 1759 4447 μηρίνθου
1787 4376 1927 4447 πάνυ

355 4461 559 4534 λεπτῆς
585 4464 916 4535 προσέταξεν
949 4465 1286 4536 ἠκονημένον
1324 4444 1804 4540 ὑπεραιωρηθῆναι
1833 4444 1929 4522 «rei
1964 4492 2005 4545 ῃ

355 4552 538 4607 λεκυν.
576 4554 727 4607 Ἑπεὶ
747 4555 804 4607 δὲ
828 4554 1175 4619 κατακλιθεὶς
1210 4552 1351 4610 εἶδεν
1378 4559 1661 4627 αἰφνίδιον,
1692 4559 1803 4614 οὔτ’
1840 4562 1927 4627 ἑξ·-

356 4647 656 4717 αναστῆναι
689 4645 904 4716 θαρρῶν
937 4645 1022 4699 διὰ
1052 4646 1141 4700 τὸν
1168 4646 1450 4719 τύραννον,
1493 4648 1604 4701 οὔτ’
1628 4649 1929 4708 ἀπολαῦσαί

355 4753 497 4799 τινος
538 4735 648 4788 τῶν
698 4738 1231 4809 παρεσκευασμένων
1278 4738 1365 4792 διὰ
1411 4739 1528 4803 δέος
1575 4736 1686 4805 οἶός
1731 4758 1789 4794 τε
1829 4741 1925 4805 ὢν,

354 4825 603 4896 ἀφθόνων
635 4827 730 4899 κα).
761 4826 1028 4880 πλουσίων
1069 4826 1338 4899 ἀλογήσας
1383 4828 1605 4897 ἡδονῶν,
1646 4830 1929 4892 ἀνατείνας

352 4919 446 4971 te;
480 4892 809 4989 αὐχένα.καὶ
856 4919 956 4982 τὰς
1003 4919 1173 4987 ὄψεις,
1225 4920 1548 4990 ἐκαραδόκει
1594 4920 1684 4974 τὸν
1729 4923 1928 4976 οἰκεῖον

352 5005 596 5080 ὄλεθρον.
634 5009 820 5072 Συνεὶς
854 5009 899 5062 δ’
936 5010 964 5061 ό
1002 5010 1293 5073 Διονύσιος,
1329 5006 1452 5082 Ἆρ’
1484 5012 1582 5082 ἤδη
1625 5017 1926 5077 κατανοεῖς,

353 5097 481 5169 ἔφη,
508 5099 599 5152 τὸν
624 5101 864 5171 ἀοίδιμον
898 5101 993 5154 καὶ
1022 5102 1391 5171 περιμάχητον
1412 5102 1567 5172 ἡμῶν
1591 5102 1736 5172 βίον;
1771 5105 1927 5158 Ἐστι

352 5190 462 5263 γάρ
502 5192 765 5257 τοιοῦτος,
808 5196 856 5247 εί
899 5195 971 5266 μὴ
1002 5194 1239 5264 βούλοιτό
1266 5212 1350 5258 τις
1379 5197 1567 5249 ἑαυτὸν
1597 5195 1924 5267 φενακίζειν

424 5315 451 5344 ι
488 5304 573 5359 ῑσ.
609 5304 1053 5378 ἔφη,κάμαυτόν.
1127 5306 1153 5347 δ
1185 5307 1270 5362 la.
1300 5309 1412 5363 ἄνω
1448 5283 1664 5381 χωρεῖν.

426 5420 555 5495 (29)-
571 5420 850 5495 Μεγάλου
871 5419 1196 5489 βασιλέως.
1221 5423 1545 5495 Catnbysem
1572 5424 1695 5495 Cyri
1728 5423 1927 5495 lilium,

353 5490 652 5564 secundum
708 5490 995 5564 Persarum
1036 5506 1265 5564 regem,
1317 5490 1582 5564 intelligit.
1618 5490 1738 5547 'Sed
1784 5495 1930 5549 haud

352 5560 515 5632 dubie
556 5560 906 5632 pvqpovm’ju
942 5560 1169 5630 σφάλμα
1217 5562 1459 5618 Philonis
1491 5560 1612 5618 Ἰιοο
1654 5570 1738 5618 est
1780 5581 1793 5616 :
1826 5580 1931 5618 nec

351 5630 496 5702 enim
545 5645 574 5682 a
629 5630 784 5698 rege,
817 5631 910 5685 sed
963 5635 1031 5685 ab
1080 5633 1295 5695 Ormte,
1343 5632 1608 5702 Sardibus
1656 5634 1928 5702 praefecto,

352 5698 665 5771 Polycrates
696 5702 748 5752 in
783 5714 998 5755 crucem
1035 5714 1190 5756 aetus
1223 5712 1326 5760 est.
1354 5702 1525 5769 Quem
1556 5698 1793 5757 Ortiatem
1830 5706 1931 5757 Da-

351 5771 466 5825 rius
496 5772 778 5841 Hystaspis
809 5772 970 5837 lil'rus,
1005 5774 1098 5843 qui
1134 5771 1387 5842 Cambysx
1424 5771 1745 5843 Smerdique
1774 5771 1931 5841 Mago

2040 3198 2178 3246 nes,
2211 3181 2301 3235 ubi
2343 3188 2422 3234 tot
2447 3194 2671 3233 casuum
2695 3193 2761 3233 ac
2786 3179 3128 3232 miseriarum
3187 3179 3475 3244 esamiuaa,
3514 3195 3614 3232 va-

2043 3274 2153 3327 rias
2197 3273 2343 3325 illum
2393 3287 2458 3325 ac
2490 3271 2816 3339 multiplices
2862 3286 3069 3324 earum-
3099 3271 3329 3327 subinde
3356 3273 3612 3327 omulctas

2041 3364 2226 3420 subire
2260 3379 2482 3419 necesse
2504 3373 2606 3418 est.
2640 3362 2868 3432 Quippe,
2899 3361 3209 3433 Polycrates
3236 3364 3381 3417 enim
3412 3363 3519 3427 ille,
3539 3363 3611 3419 ad

2039 3472 2102 3511 ea
2133 3457 2356 3521 scelera,
2389 3471 2511 3526 qua:
2564 3471 2687 3510 cum
2737 3455 3034 3523 injuriose,
3072 3464 3181 3509 tum
3222 3456 3383 3524 impie
3417 3471 3609 3526 perpe-

2041 3547 2222 3609 travit,
2251 3546 2572 3601 deteriorem
2604 3544 2805 3615 iniqua:
2845 3544 3075 3601 fortuna:
3109 3561 3329 3601 manum
3361 3562 3614 3616 operam-

2039 3652 2144 3706 que
2176 3637 2402 3691 sortitus
2437 3645 2518 3692 est
2552 3655 2564 3691 :
2602 3638 2697 3692 sed
2732 3638 2869 3691 adde
2913 3646 2969 3690 tu
3017 3652 3200 3706 porro,
3231 3637 3444 3707 qualem
3496 3637 3640 3707 ipse,

2040 3728 2180 3798 regis
2214 3729 2435 3788 maximi
2478 3729 2637 3799 jussu
2681 3744 2897 3811 Damam
2949 3729 3303 3793 sustinuerit,
3356 3744 3477 3783 cum
3540 3729 3610 3784 ad

2038 3822 2275 3889 stipitem
2307 3822 2475 3875 clavis
2501 3821 2845 3892 afﬁgebatur,
2872 3822 3194 3891 expletoque
3221 3823 3442 3877 oraculo
3461 3862 3475 3885 ,
3504 3819 3613 3874 Me-

2038 3912 2192 3974 mini,
2223 3912 2518 3982 inquiebat,
2551 3912 2679 3965 mihi
2730 3912 2893 3965 etiam
2916 3927 3012 3965 ,me
3046 3912 3207 3980 paulo
3252 3922 3377 3966 ante
3407 3912 3606 3975 visum,

2036 4001 2224 4069 inungi
2266 4016 2297 4055 a
2341 4001 2472 4065 sole,
2498 4015 2527 4054 a
2557 3997 2912 4054 Jove-lavari.
2968 3998 3410 4055 Denuntiatioues
3463 4000 3607 4054 enim

2039 4092 2154 4145 istae
2183 4092 2462 4163 symbolis,
2492 4092 2849 4160 aenigmatum
2895 4091 2948 4144 in
3002 4107 3207 4144 morem
3237 4091 3606 4150 adumbratae.

2037 4194 2097 4238 ut
2123 4193 2246 4237 ante
2277 4184 2556 4237 hominum
2597 4182 3005 4251 intelligentiam
3053 4181 3341 4248 fugerant,
3388 4197 3448 4235 re
3493 4182 3609 4250 ipsa

2038 4285 2217 4330 tamen
2245 4276 2501 4343 exituque
2534 4273 2690 4328 fidem
2740 4274 2824 4328 sui
2873 4273 3119 4327 fecerunt
3155 4273 3311 4342 longe
3362 4273 3612 4327 certissi-

2038 4383 2204 4422 mam.
2249 4365 2570 4434 Quanquam
2602 4379 2715 4417 non
2742 4365 2846 4421 sub
2873 4365 3078 4418 exitum
3111 4365 3292 4430 modo,
3326 4365 3419 4419 sed
3443 4365 3610 4419 etiam

2037 4469 2148 4513 toto
2174 4458 2287 4521 illo,
2315 4472 2423 4526 quo
2447 4455 2749 4525 imperavit,
2771 4463 3033 4524 tempore,
3060 4455 3197 4510 clam
3220 4456 3335 4525 ipse
3360 4456 3605 4533 quidem,

2033 4566 2155 4604 vere
2187 4559 2360 4603 tamen
2389 4547 2752 4616 animoprius
2774 4588 2789 4612 ,
2836 4562 2999 4616 quam
3030 4563 3277 4616 corpore,
3308 4563 3608 4617 suspensus

2030 4642 2204 4697 haesit.
2255 4640 2494 4694 Assiduo
2540 4641 2684 4694 enim
2747 4643 3157 4709 coniuratorum
3215 4641 3381 4694 densa
3440 4654 3635 4693 manu.

2032 4729 2353 4783 irruentium
2390 4740 2593 4784 terrore
2627 4712 3039 4799 percellebatitr,
3092 4746 3215 4786 eum
3247 4731 3418 4800 probe
3448 4731 3633 4784 intelw

2029 4821 2238 4891 ligeret,
2268 4820 2360 4890 qui
2387 4820 2529 4875 bene
2570 4821 2671 4876 sibi
2727 4823 2885 4876 vellet
2916 4823 3210 4885 neminem,
3240 4818 3467 4875 infestos
3500 4815 3636 4874 sibli

2029 4928 2219 4968 omnes
2276 4931 2436 4978 esse,
2507 4927 2572 4968 ac
2635 4913 2783 4967 nulla
2846 4928 3085 4983 unquam
3146 4927 3245 4966 sua
3297 4910 3606 4966 calamitate

2031 5004 2345 5073 placandos.
2407 5004 2472 5061 Et
2526 5019 2654 5059 vero
2683 5045 2698 5069 ,
2746 5019 2911 5073 quam
2956 5005 3060 5059 sibi
3114 5003 3274 5057 anxie
3315 5008 3604 5071 perpetuo-

2031 5112 2137 5166 que
2192 5087 2494 5163 meﬁteret,
2546 5114 2611 5153 ex
2661 5113 2841 5152 rerum
2882 5096 3188 5151 Sicularum
3242 5095 3605 5164 scriptoribus

2032 5193 2211 5262 quivis
2270 5194 2485 5249 auferre
2533 5195 2731 5263 possit,
2775 5195 2867 5263 qui
2936 5192 3020 5247 vel
3076 5192 3248 5261 ipsam
3288 5191 3339 5246 ei
3386 5207 3607 5262 quoque

2034 5425 2403 5476 successerat,
2449 5413 2518 5465 ob
2556 5412 2690 5466 alias
2726 5410 3015 5465 Persarum
3053 5410 3261 5475 caedes,
3288 5411 3390 5465 sub
3420 5411 3611 5480 ipsum.

2031 5486 2203 5556 regni,
2236 5485 2589 5553 primordium
2639 5482 2868 5535 interﬁci
2896 5484 3081 5551 jussu,
3119 5490 3178 5534 ut
3224 5483 3413 5535 scribit
3455 5484 3596 5535 idem

2032 5555 2430 5695 ι,ῆιέὥωᾷἷιςιμ
2486 5629 2587 5677 etc.
2634 5617 2821 5695 Neque
2869 5619 2922 5675 id
2965 5619 3264 5695 Polycratis
3298 5621 3479 5695 ipsum
3506 5628 3604 5675 aut

2031 5686 2208 5749 visum
2250 5692 2371 5756 fuit,
2418 5700 2512 5747 aut
2552 5686 2855 5760 somnium;
2890 5692 2984 5748 sed
3020 5686 3139 5763 ejus
3167 5686 3395 5759 filiam—si
3436 5686 3607 5745 Hero-

2033 5766 2160 5821 doto
2176 5764 2323 5842 _tldes
2358 5771 2460 5820 est.
