4166 6480
472 351 578 410 663

1110 352 1382 409 EUSEBll
1418 354 1899 411 CESARIENSIS
1935 355 2085 410 OPP.
2127 355 2310 411 PARS
2342 355 2407 412 ll.
2445 385 2516 397 —
2549 350 3048 411 APOLOGETICA.

3619 353 3724 410 664

470 471 631 543 391
663 470 1202 527 observantissimam
1250 481 1376 527 ncet
1404 487 1467 528 ac
1494 473 1878 528 suavissimam
1918 487 2047 528 con-

2151 474 2333 545 ὲπειδὴ
2372 474 2612 545 περιέχει
2650 472 2996 543 παμπληθεῖς
3038 471 3136 542 μὲν
3172 471 3455 542 χορηγίας,
3486 472 3725 529 ἀπόλαυ-

466 565 653 637 jugem
676 574 981 634 suspectam
1008 561 1176 618 fuisse
1208 563 1449 619 tradunt.
1485 562 1622 618 Nam
1651 566 1924 622 interioris
1952 581 2048 622 cu-

469 655 639 713 biculi
698 656 1066 720 vestibulum,
1115 670 1227 726 quo
1268 656 1371 726 ipsi
1418 658 1596 713 aditus
1625 658 1693 713 ad
1732 675 1852 715 sese
1885 659 2044 726 foret,

469 750 715 807 tabulato
747 749 917 805 sterni
962 748 1147 819 jussit,
1193 764 1263 802 ne
1294 750 1512 818 quando
1541 750 1729 806 furtim
1762 754 2046 823 irreperet,

468 842 566 898 sed
592 842 739 896 illius
771 841 1035 896 adventus
1057 840 1176 912 ipso
1203 840 1487 897 subeuntis
1506 844 1686 899 sonitu
1713 847 2050 918 strepituque

413 920 422 929 ’
474 936 823 1008 proderetur.
887 934 1020 989 Eam
1048 936 1263 1001 deinde,
1294 953 1403 994 non
1433 938 1597 993 modo
1625 939 1744 995 sine
1771 940 2040 1008 vestibus,

469 1031 571 1086 sed
613 1030 872 1087 omnibus
901 1030 1065 1086 etiam
1091 1072 1105 1097 ,
1139 1047 1277 1101 quas
1308 1048 1337 1085 a
1371 1032 1506 1087 viris
1539 1034 1710 1089 videri
1761 1035 1914 1092 nefas
1965 1047 2048 1093 est

467 1122 721 1192 partibus
752 1123 954 1178 nudam
981 1124 1185 1179 intrare
1225 1125 1415 1180 voluit.
1473 1125 1737 1183 Praeterea
1765 1130 2050 1186 continens

471 1213 627 1280 illud,
657 1215 803 1284 quod
830 1215 930 1270 viae
960 1214 1262 1284 objacebat,
1287 1218 1416 1288 regii
1440 1218 1641 1275 liminis
1669 1220 1844 1274 solum
1873 1222 1926 1275 in
1958 1238 2051 1276 ru-

471 1306 624 1362 sticze
652 1304 813 1361 fossae
841 1307 1180 1363 latitudinem
1210 1310 1663 1381 altitudinemque
1686 1311 1937 1381 deprimi,
1980 1327 2052 1367 ne

471 1398 603 1469 quid
625 1398 914 1455 moliendis
932 1400 1070 1454 clam
1100 1401 1312 1456 insidiis
1340 1410 1711 1471 comparatum
1734 1403 1900 1458 latere
1927 1419 2053 1473 pos-

473 1501 577 1553 set.
629 1508 754 1549 cum
788 1500 883 1547 aut
925 1495 1179 1561 saltibus,
1228 1505 1322 1549 aut
1366 1496 1702 1567 longioribus
1747 1497 2049 1565 trajiciendi

472 1584 645 1638 moris
696 1583 853 1639 facile
904 1584 1263 1656 detegeretur.
1302 1585 1469 1653 Quot,
1520 1588 1769 1655 obsecro,
1808 1589 2053 1644 scatebat

472 1673 564 1730 ille
595 1675 852 1739 miseriis,
891 1677 983 1748 qui
1006 1677 1269 1733 adversus
1295 1694 1552 1745 uxorem,
1583 1682 1669 1735 cui
1700 1695 1810 1749 pne
1841 1682 2051 1738 caneris

472 1765 731 1821 omnibus
760 1765 920 1819 ﬁdem
966 1766 1165 1822 habere
1204 1766 1512 1833 debuisset,
1544 1778 1653 1825 tam
1693 1771 1861 1825 multa
1892 1786 2040 1826 com-

472 1866 692 1925 pararet
722 1865 886 1927 atque
911 1858 1230 1913 moliretur?
1260 1856 1330 1914 lis
1367 1861 1552 1930 utique
1585 1860 1878 1930 persimilis
1911 1871 2049 1929 erat,

472 1951 567 2019 qui
597 1958 821 2006 naturas
864 1950 1021 2017 illas,
1051 1966 1175 2021 quae
1215 1950 1271 2005 in
1322 1951 1480 2028 ccelo.
1506 1963 1824 2021 versantur,
1853 1953 2055 2011 clarius

472 2036 636 2099 nesse
658 2044 962 2113 cupientes,
990 2062 1085 2115 per
1106 2045 1395 2116 abruptum
1430 2047 1869 2118 praecipitemque
1895 2064 2054 2103 mon-

472 2148 581 2191 tem
607 2137 861 2207 ingressi,
887 2139 977 2194 ubi
1002 2140 1090 2193 vix
1114 2142 1332 2194 demum
1363 2140 1431 2195 ad
1454 2140 1849 2211 prominentem
1880 2159 2056 2212 usque

472 2231 740 2286 cervicem
789 2241 1112 2297 evaserunt,
1150 2248 1251 2288 nec
1295 2235 1434 2288 ultra
1485 2235 1767 2305 progredi,
1800 2252 1898 2301 ea,
1933 2252 2055 2307 quae

472 2329 757 2388 superest,
800 2320 918 2391 jugi
950 2321 1235 2377 altitudine
1268 2321 1428 2378 fracti
1463 2323 1870 2394 debilitatique,
1922 2341 2053 2395 pos—

472 2419 624 2477 sunt,
655 2426 755 2466 nec
782 2411 1113 2467 descendere
1137 2413 1373 2481 audent,
1404 2414 1533 2468 dum
1578 2416 1643 2470 ad
1673 2425 1837 2471 tantae
1868 2418 2053 2488 subje-

470 2516 683 2557 rtarum
715 2504 921 2559 labium
957 2505 1317 2575 hiatunmque
1362 2507 1632 2563 vastitatis
1660 2519 1941 2579 aspectum
1971 2519 2056 2565 at-

471 2597 633 2651 toniti
677 2597 1091 2666 obstupescunt.
1151 2596 1284 2652 Nam
1330 2599 1422 2669 qui
1471 2600 1637 2654 semel
1688 2602 2049 2671 tyrannidem,

469 2688 696 2757 perinde
724 2703 791 2744 ac
810 2689 1055 2744 divinum
1091 2690 1316 2759 aliquid,
1344 2699 1506 2760 atque
1538 2690 1684 2745 omni
1708 2691 2053 2746 contentione

469 2780 695 2850 dignum
726 2779 1037 2836 affectasset
1058 2821 1075 2846 ,
1107 2796 1206 2835 nec
1233 2781 1287 2834 in
1317 2796 1380 2835 ea
1409 2796 1470 2836 se
1499 2789 1620 2836 tuto
1660 2781 1868 2835 haerere
1890 2821 1905 2843 ,
1952 2797 2052 2838 nec

469 2886 531 2924 se
557 2870 631 2924 illi
659 2870 965 2927 subducere
997 2884 1189 2926 secure
1214 2885 1375 2939 posse
1397 2870 1672 2925 statuebat
1718 2890 1732 2926 :
1775 2871 1975 2941 quippe
2003 2872 2050 2927 si

469 2963 721 3025 haereret.
756 2961 1031 3019 confertas
1059 2970 1113 3017 et
1136 2962 1546 3033 inexplicabiles
1574 2964 1627 3017 in
1660 2979 1781 3019 sese
1806 2965 2050 3034 quotidie

468 3054 807 3109 calamitates
828 3053 1136 3121 conﬂuere;
1167 3055 1251 3111 sin
1280 3055 1543 3126 aufugere
1572 3065 1890 3123 conaretur,
1928 3073 2049 3112 cer-

2152 582 2234 617 σιν
2282 565 2328 618 δ’
2355 565 2566 628 οὐδενὶς
2608 564 2867 636 χρηστοῦ·
2904 563 3103 633 φόϐους
3149 563 3194 616 δ’
3229 564 3585 637 ἐπαλλήλους,
3628 572 3726 621 καὶ

2150 656 2426 719 κινδύνους
2445 656 2797 725 ἀνηκέστους,
2824 658 2917 709 καὶ
2948 656 3101 709 νόσον
3127 656 3476 727 ὲρπηνώδους
3500 658 3607 729 (51)
3630 662 3725 715 καὶ

2151 747 2446 815 φθινώδους
2475 748 2880 817 χαλεπωτέραν,
2924 748 3296 820 ἀθεράπευτον
3330 750 3418 803 ἀεὶ
3455 752 3723 824 φέρουσαν

2149 838 2388 908 ὄλεθρον.
2438 842 2501 891 Ol.
2543 840 2599 892 δὲ
2642 840 2826 893 πολλοὶ
2875 840 2981 894 τῶν
3023 841 3412 905 άνεξετάστων,
3467 844 3572 897 ὑπὸ
3622 845 3725 917 τῆς

2150 927 2405 1000 λαμπρᾶς
2435 931 2795 1001 φανερότητος
2817 926 3184 1002 ἀπατώμενοι,
3210 934 3403 986 ταύτὸν
3426 935 3724 990 πεπόνθασι

2151 1025 2264 1085 τοῖς
2294 1022 2808 1093 ἀγκιστρευομένοις
2842 1023 2947 1076 ὑπὸ
2972 1023 3084 1077 τῶν
3110 1025 3366 1095 εἰδεχθῶν
3397 1027 3721 1097 ἑταιριδίων,

2151 1111 2188 1166 ἃ
2212 1115 2310 1184 τὴν
2341 1114 2679 1185 δυσμορφίαν
2726 1114 2913 1185 ἐσθῆτι
2959 1116 3053 1169 καὶ
3086 1117 3294 1189 χρυσῷ,
3335 1119 3431 1171 καὶ
3464 1122 3587 1182 ταῖς
3625 1119 3727 1189 τῆς

2150 1204 2327 1273 ὅψεως
2379 1207 2722 1276 ὺπογραφαῖς
2776 1207 3180 1273 ἐπισκιάζοντα,
3231 1210 3455 1279 γνησίου
3497 1209 3726 1274 κάλλους

2151 1294 2377 1365 ἀπορία,
2414 1296 2565 1347 νόθον
2595 1297 2679 1348 ἐπ’
2711 1296 2903 1367 ἐνέδρᾳ
2931 1296 3041 1351 τῶν
3069 1297 3355 1368 θεωμένων
3383 1300 3722 1372 δημιουργεῖ.

2150 1385 2417 1455 Τοιαύτης
2440 1387 2669 1456 γέμουσι
2696 1387 3115 1459 βαρυδαιμονίας
3144 1390 3194 1440 οἱ
3217 1388 3335 1442 λίαν
3368 1389 3630 1460 εὐτυχεῖς,
3657 1386 3729 1462 ἧς

2150 1475 2250 1539 τὰς
2284 1477 2384 1529 ὐπε
2397 1477 2591 1548 ρὸολάς
2617 1478 2769 1530 αὐτοὶ
2794 1478 3116 1542 δικάσαντες
3137 1480 3247 1549 (52)
3273 1481 3403 1552 παρ’
3428 1484 3641 1546 ἑαυτοῖς
3664 1484 3726 1536 οὗ

2155 1565 2454 1635 στέγουσιν.
2517 1569 2654 1622 Ἀλλ’
2685 1568 2874 1641 ὥσπερ
2914 1572 2963 1623 οἱ
3003 1569 3072 1623 τὰ
3108 1570 3321 1643 ἄρρητα
3364 1575 3456 1627 ὑπ’
3483 1574 3729 1645 ἀνάγκης

2152 1661 2525 1727 ὲκλαλοῦντες,
2573 1663 2766 1731 ἀφιᾶσι
2813 1662 2914 1727 τὰς
2958 1666 3024 1717 ὲκ
3071 1665 3277 1730 πάθους
3328 1666 3731 1736 ἀψευδέα-τάτας

2153 1758 2357 1827 φωνὰς,
2404 1760 2497 1812 ἐπὶ
2544 1754 2800 1833 συνουσίᾳ
2849 1763 3129 1834 τιμωριῶν
3168 1763 3264 1818 καὶ
3304 1767 3592 1836 παρουσῶν
3633 1768 3731 1821 καὶ

2156 1852 2623 1924 προσδοκωμένων
2642 1852 2861 1919 ζῶντες,
2892 1854 3143 1927 καθάπερ
3170 1857 3281 1910 τῶν
3312 1857 3644 1930 θρεμμάτων
3660 1861 3730 1915 τὰ

2156 1944 2293 2015 πρὸς
2344 1944 2651 2016 ἱερουργίαν
2704 1947 3047 2017 πιαινόμενα.
3100 1949 3209 2005 Καὶ
3258 1951 3366 2023 γὰρ
3410 1950 3582 2005 ταῦτα
3629 1953 3732 2023 τῆς

2156 2036 2414 2107 πλείστης
2444 2036 2758 2108 ἐπιμελείας
2786 2040 2878 2091 ἐπὶ
2905 2039 2983 2109 τῷ
3030 2042 3303 2111 σφαγῆναι
3342 2043 3598 2113 τυγχάνει
3640 2044 3731 2099 διὰ

2155 2128 2470 2198 πολύκρεων
2502 2129 2754 2199 εὐωχίαν.
2808 2132 2930 2185 Εἰσὶ
2971 2132 3017 2185 δ’
3053 2133 3103 2185 οἳ
3137 2135 3230 2187 καὶ
3263 2135 3391 2206 περὶ
3432 2138 3732 2207 χρημάτων

2155 2218 2366 2271 ἀσεϐῶν
2389 2220 2489 2273 οὐκ
2516 2220 2763 2290 ἀδήλους,
2794 2222 2929 2275 ἀλλά
2960 2223 3200 2295 φανεράς
3233 2224 3420 2278 ἔδοσαν
3450 2226 3626 2291 δίκας,
3654 2220 3731 2281 ὧν

2154 2312 2221 2365 τὰ
2247 2312 2423 2384 πλήθη
2455 2313 2848 2382 καταλέγεσθαι
2882 2317 3131 2387 περιττὸς
3160 2318 3340 2382 πόνος·
3362 2320 3574 2391 ἀπόχρη
3600 2320 3646 2373 δ’
3672 2320 3732 2375 ἓν

2155 2404 2314 2474 ἔργον
2359 2405 2708 2477 παράδειγμα
2744 2407 2960 2460 πάντων
3003 2408 3242 2464 ἑστάναι.
3276 2411 3506 2479 Λέγεται
3550 2411 3731 2468 τοίνυν

2156 2496 2259 2548 ὑπὸ
2316 2495 2424 2549 τῶν
2474 2497 2931 2566 ἀναγεγραφότων
2991 2499 3084 2552 τὸν
3149 2501 3293 2573 ἱερὸν
3351 2502 3584 2573 πόλεμον
3638 2502 3731 2558 τδν

2155 2590 2212 2639 ὲν
2246 2588 2466 2651 Φωκίδι,
2510 2589 2673 2661 νόμου
2702 2592 2977 2661 κειμένου,
3017 2592 3109 2644 τὸν
3143 2592 3417 2665 ἱερόσυλον
3443 2612 3727 2666 κατακρη-

2157 2679 2457 2748 μνίζεσθαι,
2514 2681 2547 2751 ἢ
2597 2682 3087 2748 καταποντοῦσθαι,
3136 2685 3169 2755 ἢ
3212 2686 3726 2757 καταπίμπρασθαι·

2151 2776 2299 2843 τρεῖς
2331 2772 2665 2844 συλήσαντας
2686 2773 2747 2827 τὸ
2774 2774 3071 2844 ἐν’Δελιροῖς
3099 2777 3263 2847 ἱερὸν,
3288 2778 3609 2849 Φιλόμηλον,
3635 2781 3733 2834 καὶ

2164 2865 2513 2936 Ὀνόμαρχον,
2536 2868 2630 2921 καὶ
2646 2867 2904 2933 Φάῦλλον,
2926 2868 3303 2938 διανείμασθαι
3323 2870 3419 2933 τὰς
3437 2871 3733 2942 τιμωρίας·

2150 2956 2242 3009 τὸν
2286 2959 2384 3028 μὲν
2418 2957 2529 3030 γὰρ
2571 2958 2660 3012 διὰ
2695 2958 2858 3027 λόφου
2913 2961 3159 3032 τραχέως
3203 2962 3297 3014 καὶ
3343 2961 3598 3027 λιθὼδους
3631 2966 3729 3035 ρα-

2150 3050 2344 3121 γείσης
2384 3050 2591 3122 πέτρας
2631 3052 3197 3123 κατακρημνησθῆναί
3234 3070 3295 3105 τε
3331 3055 3428 3108 καὶ
3473 3055 3722 3108 καταλευ·

468 3144 740 3201 tissimum
790 3144 913 3200 vitae
963 3145 1067 3200 sibi
1115 3145 1417 3215 periculum
1466 3145 1769 3209 imminere,
1806 3163 1929 3202 cum
1971 3156 2047 3201 tot

2153 3141 2375 3210 σθῆναι·
2401 3143 2492 3195 τὸν
2521 3143 2598 3205 δὲ,
2629 3144 3027 3214 ἀφηνιάσαντος
3060 3143 3156 3197 τοῦ
3192 3145 3507 3214 κομίζοντος
3542 3148 3732 3210 ἵππου,

467 3253 627 3294 suum
658 3238 712 3292 in
737 3246 920 3308 caput,
953 3236 997 3292 si
1026 3238 1209 3291 minus
1231 3237 1576 3308 corporibus,
1596 3247 1651 3292 at
1671 3238 1870 3293 animis
1898 3247 2045 3295 certe

466 3329 684 3401 quidem
717 3338 961 3384 armatos
983 3344 1104 3385 esse
1129 3328 1467 3398 intelligeret.
1506 3329 1685 3399 Atque
1714 3329 1767 3384 id
1799 3345 1867 3384 ex
1896 3331 2042 3399 ipso-

467 3430 579 3477 net
600 3420 840 3493 Dionysii
862 3422 1004 3477 facto
1025 3422 1162 3477 satis
1181 3437 1453 3492 superque
1479 3431 1714 3490 constat,
1727 3438 1836 3492 quo
1866 3423 2045 3492 ipsum

465 3516 533 3569 ad
562 3530 687 3570 eum
713 3513 1094 3578 refellendum,
1139 3514 1232 3584 qui
1263 3513 1473 3569 felicem
1502 3522 1853 3584 tyrannorum
1876 3515 2043 3570 vitam

464 3620 589 3662 esse
616 3605 919 3673 dictitabat,
951 3621 1108 3660 usum
1133 3620 1255 3660 esse
1283 3603 1795 3663 ferunt.‘llominem
1825 3622 1949 3662 cum
1978 3608 2045 3663 ad

467 3696 677 3751 lautum
726 3696 880 3750 valde
924 3696 1319 3767 opiparumque
1373 3697 1682 3751 convivium
1739 3698 2044 3764 invitasset,

466 3794 783 3855 peracutam
823 3786 1083 3852 securim,
1137 3803 1259 3857 quae
1304 3787 1535 3842 summis
1583 3788 1703 3857 ejus
1743 3790 2047 3846 cervicibus

467 3875 807 3943 immineret,
860 3876 1189 3931 tenuissimo
1242 3875 1489 3932 funiculo
1549 3879 1807 3948 suspendi
1859 3880 2042 3950 jussit.

466 3966 643 4034 Quam
670 3966 781 4033 ille,
812 3967 904 4022 ubi
935 3968 1541 4037 accubuisset,repente
1571 3970 1892 4037 suspiciens,
1919 3986 2042 4025 cum

467 4072 571 4113 nec
591 4072 818 4130 surgere
843 4070 1111 4129 praesente
1139 4068 1373 4130 tyranno
1412 4063 1655 4125 auderet,
1688 4075 1792 4116 nec
1822 4062 1928 4115 cibi
1965 4063 2045 4115 ul-

463 4148 575 4207 lius
601 4150 923 4207 suavitatem
950 4150 1239 4223 degustare
1280 4166 1391 4221 pra;
1420 4152 1592 4207 nimio
1619 4153 1816 4207 timore
1839 4164 2043 4223 posset,

461 4241 576 4298 vim
608 4251 818 4299 tantam
846 4244 1403 4314 exquisitissimarum
1438 4246 1757 4301 deliciarum
1784 4261 2044 4316 asperna-

464 4341 577 4402 tus,
603 4334 799 4405 supina
827 4335 1042 4391 cervice
1073 4335 1392 4405 intentoque
1416 4337 1591 4401 vultu,
1622 4339 1911 4393 momentis
1931 4340 2047 4394 sin-

464 4424 611 4496 gulis
650 4426 930 4483 interitum
976 4428 1327 4497 exspectabat
1371 4445 1554 4484 suum.
1623 4428 1724 4486 llic
1755 4428 2046 4503 Dionysius

2152 3236 2245 3288 ml.
2263 3235 2423 3307 μέχρι
2440 3235 2715 3306 θαλάσσης
2735 3236 3093 3301 καταϐάντος,
3121 3238 3510 3310 ἐπιδραμόντος
3530 3242 3623 3295 τοῦ
3646 3259 3720 3296 πε

2150 3329 2366 3396 λάγους,
2389 3331 2468 3391 είς
2486 3330 2657 3400 ἀχανῆ
2682 3330 2838 3398 βυθὸν
2854 3330 3001 3400 αὐτῷ
3021 3329 3144 3401 (diu)
3166 3333 3478 3387 καταδῦναι·
3497 3335 3736 3390 Φάῦλλον

2151 3421 2209 3473 δὲ
2233 3418 2484 3488 φθινώδει
2504 3421 2645 3492 νόσῳ
2672 3421 2864 3489 (διττὸς
2881 3421 2992 3492 γὰρ
3017 3424 3046 3474 ὀ
3076 3424 3206 3493 περὶ
3223 3424 3385 3476 αὐτοῦ
3417 3425 3591 3495 λόγος)
3610 3444 3735 3481 συν-

2151 3513 2401 3583 τακῆναι,
2423 3514 2455 3582 ἢ
2482 3515 2538 3565 ὲν
2553 3513 2629 3584 τῷ
2650 3515 2707 3566 ἐν
2733 3513 2926 3577 ’Ἄϐαις
2952 3513 3082 3585 ἱερῷ
3105 3515 3584 3586 συνεμπρησθέντα
3604 3519 3734 3572 ἀπο-

2152 3604 2357 3658 λέσθαι.
2413 3604 2599 3659 Ταῦτα
2643 3604 2750 3677 γὰρ
2797 3606 3224 3675 φιλονεικότατον
3254 3606 3429 3675 λέγειν
3460 3610 3729 3680 ἀποϐῆναι

2155 3696 2295 3749 κατὰ
2307 3695 2497 3766 τύχην.
2517 3696 2579 3749 Εἰ
2601 3695 2698 3765 μὲν
2714 3696 2823 3766 γάρ
2843 3712 3005 3759 τινες,
3026 3696 3055 3767 ἢ
3082 3699 3139 3749 ὲν
3160 3697 3470 3769 διαφέρουσι
3495 3703 3730 3771 καιροῖς,

2153 3789 2185 3859 ἢ
2207 3788 2420 3858 ἑτέραις
2434 3787 2802 3857 ἐκολάσθησαν
2817 3790 3124 3859 τιμωρίαις,
3148 3789 3295 3855 εἰκὸς
3319 3786 3386 3861 ἦν
3414 3790 3474 3844 τὸ
3502 3791 3735 3847 ἄστατον

2151 3881 2253 3949 τῆς
2265 3881 2433 3951 τύχης
2450 3878 2903 3951 προφασίζεσθαι·
2921 3880 3140 3935 πάντων
3154 3881 3275 3935 δ’άθ
3283 3884 3542 3952 ρόως,κα“ι
3555 3885 3625 3954 ὑφ
3637 3884 3735 3939 ἕνα

2153 3974 2461 4044 κοιιρὺν,καλ⁸
2480 3974 2551 4045 μὴ
2570 3973 2782 4045 ἑτέραις
2797 3975 3110 4045 τιμωρίαις,
3130 3974 3267 4027 ἀλλὰ
3280 3977 3399 4038 ταῖς
3414 3977 3734 4047 περιεχομέ-

2152 4083 2269 4126 ναις
2290 4067 2348 4118 ὲν
2371 4068 2481 4129 τοῖς
2493 4066 2678 4135 νόμοις
2698 4064 3087 4129 κολασθέντων,
3120 4065 3338 4134 εὔλογον
3368 4068 3621 4137 φάσκειν,
3649 4068 3733 4121 δτι

2151 4156 2287 4210 Θεοῦ
2299 4157 2615 4221 δικάσαντος
2627 4156 2941 4229 eiciam/(53)
2952 4159 3031 4212 ,Εἰ
3047 4158 3101 4211 δέ
3119 4176 3260 4223 τινες
3270 4159 3376 4212 τῶν
3394 4160 3737 4228 ὑπολειφθέν-

2151 4266 2261 4302 των
2281 4248 2489 4318 βιαίων,
2511 4249 2729 4313 καὶτοῖς
2759 4249 3017 4321 πλήθεσιν
3043 4251 3483 4315 ἐπαναστάντων,
3508 4252 3602 4304 καὶ
3623 4251 3737 4312 δου-

2152 4341 2299 4395 λωσα
2306 4340 2480 4411 μένων
2492 4341 2552 4393 οὐ
2574 4342 2731 4411 μόνον
2745 4340 2808 4412 δή
2818 4358 2950 4411 μους
2961 4342 3047 4394 ἑτέ
3057 4359 3199 4413 ρους,
3214 4341 3346 4396 ἀλλὰ
3361 4341 3454 4395 καὶ
3466 4360 3575 4395 πατ
3584 4343 3733 4413 ρίδας

2153 4432 2251 4501 τέις
2273 4432 2501 4498 ἑαυτῶν,
2529 4432 2863 4505 ἀτιμώρητοι
2880 4434 3206 4499 διετέλεσαν,
3225 4435 3537 4506 θαυμαστὸν
3556 4435 3728 4488 οὐδέν.

465 4532 690 4576 sensum
719 4520 963 4577 hominis
985 4522 1339 4592 animumque
1362 4523 1672 4592 pervidens,
1719 4521 1911 4580 Jamnc
1942 4540 2042 4579 no-

2151 4524 2370 4595 Πρῶτον
2388 4523 2484 4595 μὲν
2498 4524 2608 4595 γὰρ
2621 4526 2720 4595 οὐχ
2738 4526 2939 4595 ὁμοίως
2954 4525 3048 4578 ἄνθ
3056 4542 3236 4596 ρωπος
3250 4526 3455 4590 δικάζει
3472 4527 3566 4579 καὶ
3576 4524 3747 4589 Θεόςον

466 4611 560 4676 sti,
596 4611 812 4682 inquit,
856 4614 980 4668 vitm
1008 4615 1171 4683 hujus
1200 4624 1402 4672 nostrae
1424 4625 1555 4691 itam
1585 4617 1877 4687 splendidae
1904 4626 2011 4672 tam
2030 4645 2045 4658 -

465 4720 575 4776 que
607 4707 857 4777 expetitae
883 4708 1291 4765 conditionem?
1323 4709 1472 4767 Talis
1506 4712 1651 4767 enim
1685 4712 1928 4782 profecto
1955 4712 2045 4768 illa

463 4808 585 4865 est,
632 4798 740 4854 nisi
787 4798 834 4854 si
878 4799 1004 4869 quis
1053 4798 1236 4855 fucum
1272 4802 1390 4872 ipse
1434 4803 1538 4859 sibi
1569 4802 1745 4858 facere
1791 4804 2042 4860 voluerit.

464 4889 725 4946 Abundat
770 4891 967 4961 opibus
1001 4892 1090 4946 illa
1124 4892 1365 4964 quidem,
1413 4895 1560 4949 bono
1607 4906 1786 4952 tamen
1831 4898 2048 4967 penitus

416 4989 433 5034 '5
461 5002 1135 5131 νώἓῒέἶὲ.Ἐἰκτιηνώιτῖους.,
1177 5005 1573 5078 Corrigendum
1629 5007 1844 5063 videtur
1887 5007 2045 5080 ἑρπι-

536 5093 1091 5231 ἒέῧιὼκάαηαντες.
1122 5146 1267 5231 idem
1301 5148 1515 5203 videtur
1544 5164 1697 5231 esse,
1730 5148 1874 5231 quod
1904 5150 2049 5231 eligo..-

464 5217 824 5301 νομῄσαντες.
873 5217 999 5301 διέξει
1047 5221 1201 5301 enim.
1243 5218 1479 5301 fortuna:
1522 5217 1769 5301 artifices
1820 5227 1869 5300 et
1904 5220 2044 5301 fabri

464 5289 687 5356 quidam
719 5287 892 5343 fuere.
919 5289 1038 5345 Huc
1066 5290 1300 5360 pertinet
1327 5289 1609 5371 Eustatbii.
1637 5299 1763 5344 nota
1781 5329 1795 5353 ,
1832 5290 1886 5343 in
1916 5291 2044 5345 illud

466 5355 689 5413 Homer.
733 5358 928 5414 Ἰλιάδ.
962 5360 1038 5425 Μ,
1085 5361 1174 5416 ubi
1224 5357 1368 5413 Juno
1404 5375 1564 5415 suum
1596 5376 1649 5414 tn
1673 5359 1857 5414 Jovem
1882 5362 2046 5430 paulo

465 5430 810 5494 commotior,
845 5432 990 5500 quod
1023 5400 1091 5513 se
1132 5431 1189 5486 in
1219 5446 1400 5486 rerum
1434 5439 1488 5485 et
1513 5432 1867 5486 consiliorum
1882 5398 2047 5487 Psuo-

465 5513 586 5552 rum
611 5509 820 5569 partem
855 5516 920 5554 ac
952 5509 1267 5556 societatem
1298 5517 1406 5555 non
1440 5512 1685 5556 vocaret:

550 5569 669 5625 Ἀεί
706 5586 762 5626 τι
800 5572 987 5641 φίλον
1023 5572 1237 5636 ἐστιν,
1268 5571 1478 5641 inquit,
1503 5571 1647 5642 ἐμεῦ
1679 5570 1799 5655 ἀεξρ
1824 5572 2049 5655 νόσφιν

537 5709 885 5845 Κέἒιπτάδια
910 5691 1240 5789 sapor-eorm
1262 5710 1585 5774 δικαζέμεν.
1749 5641 1973 5792 [εόντῆ

537 5799 566 5837 tt
639 5799 721 5833 ειν
752 5781 918 5845 λέγει,
954 5794 1027 5835 ait
1068 5783 1340 5845 EttStatl|.,
1368 5784 1429 5835 τὸ
1474 5782 1683 5845 σεμνῶς
1713 5784 1803 5837 καὶ
1844 5782 1973 5845 βασι

468 5781 721 5864 Δεκάζειν
752 5781 918 5864 λέγε-ι,
954 5783 1340 5864 ait‘l‘éustatllu
1368 5782 1803 5864 tenoeuvﬁigaa‘t
1844 5781 2046 5864 βασιλιη

469 5851 579 5918 κῶς
612 5854 938 5919 οἰκονομεῖν,
967 5851 1062 5908 καὶ
1094 5853 1415 5909 ἐπικρίνειν.
1440 5851 1588 5908 Vetti
1632 5858 1793 5909 etiam
1824 5851 1930 5908 non
1965 5856 2045 5910 in-

2148 4613 2281 4666 διὸτι
2311 4612 2379 4666 τά
2414 4614 2511 4684 μὲν
2539 4613 2750 4685 φανερὰ
2778 4610 2939 4685 ἡμεῖς
2968 4615 3298 4686 ὲρευνῶμεν,
3326 4618 3354 4667 ὁ
3375 4614 3453 4677 δὲ,
3479 4616 3606 4687 ἄχρι
3633 4633 3733 4686 μυ-

2147 4705 2259 4775 χῶν
2302 4705 2482 4777 ψυχῆς
2524 4706 2867 4777 είσδυόμενος
2896 4706 3159 4779 ἀψοφητὶ,
3192 4706 3444 4779 καθάπερ
3483 4708 3541 4759 ἐν
3571 4705 3729 4778 ἡλίῳ,

2145 4797 2407 4872 λαμπρὰν
2444 4799 2681 4854 διάνοιαν
2707 4798 2957 4868 αὑγάζει,
2996 4798 3367 4869 ἀπαμπίσχων
3408 4799 3507 4869 μὲν
3534 4798 3606 4852 τὰ
3633 4816 3732 4854 πε-

2148 4891 2355 4961 ρίαπτα
2387 4891 2521 4962 (54),
2546 4886 2628 4957 οἷς
2656 4892 3077 4961 ὲγκεκάλυπται,
3111 4891 3294 4962 γυμνὰ
3324 4891 3383 4945 δὲ
3418 4890 3733 4964 περιαθρῶν

2145 5004 2435 5059 commode
2474 5006 2686 5075 possit,
2720 5023 2872 5059 sensu
2909 5005 3219 5075 jndicioque
3244 5021 3339 5059 suo
3370 5008 3730 5071 azstimarunt,

2145 5077 2251 5136 vel,
2286 5091 2381 5127 suo
2414 5077 2517 5144 ipsi
2546 5094 2701 5131 sensu
2728 5093 2790 5129 ac
2814 5077 3021 5145 judicio
3052 5076 3479 5143 comprobarunt.

2220 5145 2334 5213 (53)
2369 5145 2657 5202 ⁹Ε.1ἀσαν.
2697 5144 2850 5202 llaud
2881 5147 3111 5201 dubium
3150 5147 3283 5216 quin
3334 5147 3623 5217 legendum
3660 5144 3734 5200 sit

2147 5216 2411 5271 ἑάλωσαν.
2447 5218 2602 5272 Eutr.

2221 5287 2334 5359 (54)
2376 5288 2811 5359 Ἀπαμπίσχων
2834 5286 2953 5356 μὲν
2991 5288 3395 5359 τὰνπερίαπτα
3418 5325 3432 5350 ,
3476 5295 3583 5341 etc.
3618 5284 3733 5340 Hoc

2148 5358 2328 5428 ipsum
2382 5366 2468 5413 est
2513 5360 2659 5425 quod
2712 5358 2916 5413 Paulus
2961 5361 3026 5413 ad
3073 5358 3411 5428 llebr.__eap.
3472 5373 3522 5410 tv
3574 5358 3730 5428 longe

2147 5426 2388 5485 divinius
2409 5447 2440 5500 _:
2471 5428 2590 5482 Ζῶν
2620 5429 2728 5500 γὰρ
2756 5431 2784 5482 ὀ
2830 5429 2988 5497 λόγος
3021 5428 3117 5482 τοῦ
3151 5426 3445 5500 Θεοῦηκαὶ
3478 5427 3727 5500 ἐνεργὴς,

2147 5499 2241 5553 καὶ
2282 5496 2589 5571 τομώτερος
2634 5496 2774 5571 ὖπὲρ
2792 5496 2973 5571 πᾶσαν
3006 5501 3290 5571 ,μάχαιραν
3317 5496 3590 5571 δίστομον,
3635 5497 3730 5549 καὶ

2145 5567 2518 5643 διικνούμενος
2543 5570 2671 5643 ἄχρι
2689 5567 2959 5643 ρισμοῧ
2988 5567 3165 5643 ιζυχῆς
3187 5567 3371 5643 ’τε-καί
3398 5567 3726 5643 πνεύματος,

2145 5638 2870 5712 ἁρμῶναελκαΐμυελῶν,
2922 5638 3016 5694 καί
3065 5638 3311 5712 κριτικὸς
3356 5638 3727 5712 ξνθυμῄσεων,

2149 5705 2241 5764 χάι
2291 5710 2509 5764 ἐννοιῶν
2537 5705 2806 5782 νκαρδίας.
2845 5712 2954 5765 Καὶ
3007 5705 3118 5782 οὐχ’
3150 5710 3264 5763 ἔστι
3299 5709 3475 5773 κτίσις
3490 5705 3728 5782 ’-ἀφανὴς

2147 5781 2376 5838 ἐνώπιον
2397 5780 2583 5836 αὑτοῦ·
2623 5777 2797 5838 πάντα
2822 5782 2877 5835 δὲ
2909 5781 3110 5852 γυμνὰ,
3141 5782 3235 5837 καὶ
3261 5777 3730 5851 τετραχηλισμένα

2148 5856 2256 5915 τοῖς
2283 5852 2578 5915 ὀφθαλμοῖς
2611 5853 2794 5908 αὑτοῦ.
