4166 6418
374 339 479 394 665

1554 336 1875 393 PRIEPAR.
1915 338 2172 397 EVANG.
2212 340 2345 397 LIB.
2380 341 2517 397 Vlll.

3509 349 3614 406 665

374 456 444 511 τά
477 454 812 527 βουλήματα,
856 458 951 511 καὶ
979 456 1349 525 διαγινώσκειν
1390 454 1551 519 εὐθὺς
1576 456 1649 515 τά
1673 473 1733 508 τε
1766 456 1946 527 παρά-

2050 456 2153 512 frui
2198 459 2348 515 nullo
2374 469 2552 530 potest
2584 480 2598 515 :
2630 461 2792 533 392
2826 463 2918 518 sed
2961 464 3195 521 assiduis
3235 466 3618 538 continuisque

377 565 527 620 σημα
556 548 650 600 καὶ
677 547 894 618 δόκιμα.
940 549 1213 621 Μηδέποτ’
1238 544 1351 612 οὖν,
1385 547 1446 601 τὸ
1468 547 1666 602 οἰκεῖον
1692 547 1947 619 δικαστὴ-

377 657 492 714 ριον
528 639 623 693 τοῦ
647 640 801 695 Θείου
834 641 1246 712 προκρίναντες,
1280 639 1673 711 ἀψευδέστερον
1700 640 1832 692 αὑτὸ
1857 641 1949 693 καὶ

374 730 753 802 εὐϐουλότερον
779 728 917 786 εἶναι
943 732 1152 803 φῶμεν·
1199 734 1259 786 οὑ
1293 733 1402 802 γὰρ
1448 733 1616 785 ὅσιον.
1661 733 1747 786 Ἐν
1851 732 1949 803 μὲν

375 823 485 895 γὰρ
514 823 683 877 πολλά
717 823 786 877 τὰ
813 824 1131 893 σφάλλοντα,
1162 825 1440 895 ἀπατηλαὶ
1473 824 1772 894 αἰσθήσεις,
1801 824 1947 894 πάθη

377 913 654 980 ἐπίϐουλα,
702 916 909 969 κακιῶν
941 917 968 967 6
999 916 1298 987 βαρύτατος
1332 916 1720 985 ἐπιτειχισμός⁸
1752 917 1809 968 ἐν
1830 908 1952 982 ᾧδὲ

375 1006 528 1060 οὐδὲν
555 1006 654 1077 μὲν
675 1005 783 1060 τῶν
808 1009 896 1060 ἐπ’
920 1006 1184 1081 ἐξαπάτῃ,
1210 1008 1486 1077 δικαιότης
1506 1008 1563 1061 δὲ
1585 1007 1677 1061 καὶ
1702 1006 1949 1078 ἀλήθεια,

376 1095 464 1164 αἷς
491 1100 715 1154 ἕκαστον
742 1099 1139 1171 βραϐευόμενον
1163 1099 1458 1164 ὲπαινετῶς
1483 1098 1832 1171 ἐξορθοῦσθαι
1863 1101 1953 1154 πέ-

378 1208 563 1261 φυκεν.
603 1193 837 1257 Ἔπειτ’,
879 1187 923 1245 ὦ
967 1195 1203 1261 γενναῖε,
1253 1193 1326 1265 μὴ
1375 1193 1604 1264 νομίσῃς
1642 1192 1951 1257 ἀλυσιτελὲς

376 1284 659 1355 ἐπίκαιρον
685 1283 793 1354 (55)
824 1280 960 1338 εἶναι
1007 1284 1327 1357 τυραννίδα.
1369 1284 1503 1339 Οὑδέ
1526 1284 1633 1355 γὰρ
1660 1286 1694 1355 ἠ
1732 1284 1953 1348 κόλασις

376 1375 686 1441 ἀλυσιτελές
712 1393 724 1406 ’
781 1375 917 1429 ἀλλά
959 1377 1231 1448 τιμωρίας
1262 1376 1460 1431 διδόναι
1504 1378 1618 1440 τοῖς
1656 1376 1879 1445 ἀγαθοῖς
1915 1377 1948 1447 ἢ

375 1466 811 1540 ὠφελιμώτερον,
840 1468 873 1539 ἢ
905 1467 1004 1521 οὑκ
1032 1467 1279 1521 ἀποδέον*
1310 1462 1370 1522 οὗ
1397 1469 1556 1539 χάριν
1581 1471 1637 1522 ἐν
1660 1469 1830 1524 ἀπασι
1854 1469 1953 1540 μὲν

374 1561 488 1623 τοῖς
519 1558 697 1632 ὀρθῶς
722 1561 980 1630 γραφεῖσι
1008 1558 1378 1630 παρείληπται
1408 1558 1620 1629 νόμοις·
1659 1560 1708 1611 οἱ
1739 1558 1795 1611 δὲ
1827 1559 1955 1630 γρά-

374 1648 571 1720 ψαντες
602 1650 707 1703 ὑπὸ
736 1650 954 1703 πάντων
984 1648 1351 1704 ἐπαινοῦνται.
1383 1650 1559 1722 Ὅπερ
1582 1649 1692 1723 γάρ
1720 1652 1778 1704 ἐν
1799 1651 1954 1722 δήμῳ

374 1740 655 1813 τύραννος,
695 1739 840 1794 τοῦτ’
865 1743 921 1794 ἐν
941 1740 1089 1812 νόμῳ
1109 1741 1352 1804 κόλασις.
1385 1740 1635 1794 Ἐπειδὰν
1661 1737 1753 1796 οὖν
1776 1741 1952 1795 ἔνδεια

2048 551 2382 617 terroribus,
2416 552 2884 608 inextricabilibus
2917 555 3204 624 periculis,
3229 557 3422 611 morbo
3456 559 3614 614 deui-

2049 656 2155 710 que
2183 642 2436 712 agitatur,
2470 644 2561 713 qui
2590 659 2791 698 cancro
2822 645 3052 713 tabeque
3078 645 3230 699 omni
3259 645 3451 713 dirior,
3486 664 3615 718 per-

2049 741 2267 802 petuum
2299 743 2353 789 et
2379 735 2680 790 insanabile
2710 737 2962 805 importat
2990 736 3235 791 exitium.
3279 736 3349 790 At
3379 737 3615 808 imperiti

2047 821 2291 891 plerique
2319 838 2385 877 ac
2409 823 2616 888 stolidi,
2678 823 2870 877 illustri
2899 825 3082 879 nescio
3107 838 3214 893 qua
3249 823 3428 892 specie
3460 838 3617 893 pom-

2049 927 2226 981 paque
2253 912 2494 983 decepti,
2523 915 2830 984 persimiles
2856 914 2923 969 iis
2956 924 3115 979 sunt,
3148 915 3239 985 qui
3273 930 3332 970 se
3360 931 3391 969 a
3414 914 3617 984 putidis

2051 1006 2407 1062 meretriculis
2437 1007 2667 1063 inescari
2694 1008 3006 1078 patiuntur,
3054 1023 3175 1078 quae
3216 1006 3616 1063 deformitatem

2049 1101 2293 1168 corporis
2324 1101 2495 1165 cultu,
2525 1116 2683 1166 aure,
2714 1102 3008 1171 multisque
3028 1100 3435 1156 medicamentis
3460 1099 3616 1155 obte-

2051 1202 2258 1262 gentes,
2284 1193 2409 1247 dum
2445 1194 2576 1248 nihil
2608 1194 2806 1249 habent
2830 1209 2970 1249 verae
2995 1194 3434 1263 pulchritudinis,
3463 1190 3618 1247 adul-

2053 1284 2282 1338 terinam
2333 1300 2398 1339 ac
2436 1285 2675 1354 spuriam
2723 1284 3031 1341 irretiendis
3076 1284 3467 1354 spectatoribus
3493 1298 3616 1338 mo-

2051 1376 2276 1433 liuntur.
2331 1375 2532 1431 Eadem
2566 1377 2815 1433 homines
2842 1377 3074 1431 nimium
3100 1377 3240 1432 beati
3273 1376 3505 1430 fortunae
3532 1361 3623 1450 ιιι-ξ

2052 1468 2247 1523 borant
2269 1468 2570 1537 iniquitate,
2615 1468 2773 1537 cujus
2811 1469 2914 1538 ipsi
2943 1468 3052 1523 vim
3081 1477 3136 1524 et
3162 1460 3621 1538 magnitudinem,”

2052 1572 2213 1625 quam
2246 1566 2437 1626 suopte
2466 1558 2568 1613 sibi
2597 1559 2825 1614 arbitrio
2856 1573 3132 1629 sensuque
3164 1560 3454 1624 tinxerunt,
3492 1573 3617 1627 pre-

2052 1664 2199 1702 mere
2223 1649 2372 1704 taciti
2400 1664 2464 1704 ac
2489 1649 2834 1705 dissimulare
2862 1664 2970 1706 non
3000 1660 3253 1721 possunt;
3283 1649 3398 1712 sed,
3429 1663 3618 1719 quem-

2054 1738 2343 1794 admodum
2374 1755 2572 1795 arcana
2600 1743 2836 1811 pandere
2863 1741 3108 1797 nonnulli
3134 1741 3327 1807 solent,
3381 1738 3622 1794 necessi-

376 1806 478 1901 μὲν
505 1832 598 1885 καὶ
628 1832 825 1896 σπάνις
852 1806 1016 1904 δεινὴ-
1043 1806 1323 1906 καταλάϐῃ
1367 1832 1466 1897 τὰς
1509 1834 1689 1897 πόλεις
1730 1834 1949 1905 ἀρετῆς,

2056 1838 2162 1884 tate
2203 1831 2504 1900 compulsi,
2556 1806 2719 1887 voces
2767 1832 2842 1885 illi
2893 1832 3154 1902 quasdam
3183 1806 3620 1901 emittuntlouge

372 1922 603 1991 ἀφθονία
633 1925 678 1978 δ’
709 1923 1021 1996 ἀφροσύνης
1053 1924 1377 1996 ἐπιπολάτῃ,
1415 1924 1714 1997 τηνικαῦτα
1742 1927 1770 1977 6
1797 1924 1949 1987 Θεὸς,

372 2013 561 2086 ῶσπερ
592 2015 769 2087 ῥεῦμα
804 2017 1126 2089 χειμάρρου,
1152 2016 1249 2087 τὴν
1279 2015 1449 2087 φοράν
1487 2018 1585 2087 τῆς
1620 2018 1813 2080 κακίας
1847 2018 1955 2069 ἀπα

371 2104 657 2174 οχετεῦσαι
682 2105 1022 2176 γλιχόμενος,
1080 2107 1166 2159 ἵνα
1207 2106 1423 2178 καθὰρῃ
1471 2104 1531 2158 τὺ
1573 2105 1727 2175 γένος
1770 2105 1949 2178 ἡμῶν,

375 2196 529 2267 ἰσχὺν
567 2198 661 2250 καὶ
699 2198 899 2268 κράτος
936 2199 1120 2252 δίδωσι
1163 2199 1276 2260 τοῖς
1315 2197 1415 2261 τὰς
1456 2196 1645 2266 φύσεις
1683 2199 1948 2269 ἀρχικοῖς.

386 2287 554 2358 Ὠμῆς
582 2287 689 2360 γὰρ
720 2289 843 2359 δίχα
865 2289 1044 2359 ψυχῆς
1066 2289 1127 2341 οὑ
1157 2286 1474 2360 καθαίρεται
1504 2288 1691 2342 κακία.
1725 2290 1835 2342 Kal.
1861 2290 1949 2341 ὃν-

373 2394 480 2449 περ
508 2378 707 2450 τρόπον
736 2382 790 2432 αἱ
814 2378 996 2442 πόλεις
1021 2381 1110 2431 ἐπ’
1130 2378 1494 2451 ἀνδροφόνοις,
1521 2380 1616 2433 καὶ
1639 2379 1947 2449 προδόταις,

373 2467 467 2520 καὶ
499 2467 770 2531 θεοσύλοις
798 2468 1027 2539 δημίους
1055 2467 1469 2539 ἀνατρέφουσιν,
1501 2468 1563 2521 οὑ
1595 2467 1693 2539 τὴν
1725 2467 1951 2539 γνώμην

371 2559 763 2630 ἀποδεχόμεναι
804 2560 914 2612 τῶν
962 2560 1192 2631 ἀνδρῶν,
1236 2560 1371 2614 ἀλλά
1411 2561 1473 2614 τὸ
1510 2562 1610 2632 τῆς
1647 2562 1949 2633 ὑπηρεσίας

371 2649 641 2719 χρήσιμον
684 2648 1065 2714 ἐξετάζουσαν
1109 2650 1201 2703 τὸν
1235 2650 1396 2705 αὑτὸν
1427 2651 1624 2723 τρόπον
1660 2650 1769 2724 (56)
1801 2653 1893 2705 καὶ
1920 2655 1949 2707 6

370 2739 472 2809 τῆς
502 2741 914 2812 μεγαλοπόλεως
940 2741 1095 2795 τοῦδε
1122 2742 1217 2795 τοῦ
1241 2743 1447 2814 κόσμου
1475 2743 1725 2815 κηδεμὼν
1751 2742 1841 2799 οἷα
1865 2745 1951 2817 6g—

374 2828 529 2898 μίους
556 2831 769 2892 κοινοὺς
791 2830 1045 2902 ἐφίστησι
1076 2832 1204 2895 τοὺς
1229 2832 1524 2903 τυράννους
1556 2836 1676 2897 ταῖς
1707 2833 1945 2899 πόλεσιν,

371 2923 429 2974 ἐν
459 2914 547 2985 αἷς
577 2922 643 2975 ἂν
676 2921 930 2992 αἴσθηται
971 2922 1111 2992 βίαν,
1145 2923 1378 2987 ἀδικίαν,
1411 2925 1685 2990 ἀσέϐειαν,
1711 2926 1780 2979 τὰ
1815 2926 1949 2980 ἄλλα

371 3011 518 3066 κακά
548 3012 969 3083 πλημμύροντα,
1001 3014 1147 3077 ὅπως
1175 3013 1274 3084 ’ήδη
1304 3016 1433 3068 ποτὲ
1469 3016 1668 3069 στάντα
1696 3016 1941 3097 λωφήσῃ.

372 3103 681 3176 Τηνικαῦτα
711 3104 805 3156 καὶ
838 3104 966 3168 τοὺς
1000 3104 1227 3169 αίτίους,
1253 3105 1329 3168 ὡς
1364 3106 1429 3159 ἐκ
1457 3105 1828 3177 δυσκαθάρτου
1851 3109 1945 3162 καὶ
1972 3137 2015 3194 C

369 3193 630 3268 ἀνηλεοῦς
656 3195 834 3266 ψυχῆς
858 3196 1329 3267 ὑπηρετήσαντας,
1371 3199 1456 3267 ἐφ’
1494 3198 1714 3264 ἅπασιν,
1760 3199 1948 3273 ὥσπερ

368 3285 522 3349 τινὰς
549 3287 894 3357 κορυφαίους.
913 3286 1054 3350 ἀξιοῖ
1080 3287 1455 3358 μετέρχεσθαι,
1484 3290 1749 3362 Καθάπερ
1776 3294 1884 3363 γὰρ
1912 3297 1943 3365 ἡ

369 3376 463 3432 τοῦ
491 3378 661 3447 πυρὸς
691 3377 938 3447 δύναμις,
962 3378 1090 3431 ὃταν
1116 3379 1560 3452 παραϐληθεῖσαν
1583 3381 1713 3454 ὓλην
1739 3382 1947 3437 ἀναλώ-

373 3485 461 3543 σῃ,
492 3469 797 3523 τελευταῖον
831 3469 1001 3540 αὑτὴν
1035 3471 1375 3541 ἐπινέμεται’
1410 3471 1599 3526 τοῦτον
1627 3474 1718 3527 τὸν
1748 3476 1947 3547 τρόπον

370 3561 463 3615 καὶ
495 3562 545 3614 oi
576 3561 668 3615 ἐπὶ
696 3563 811 3624 τοῖς
844 3561 1076 3632 πλήθεσι
1109 3561 1427 3626 δυναστείας
1460 3564 1762 3635 εἰληφότες,
1797 3567 1945 3632 ὅταν,

369 3651 776 3723 δαπανήσαντες
805 3652 907 3717 τὰς
931 3651 1133 3716 πόλεις,
1159 3654 1321 3716 κενὰς
1348 3654 1556 3726 ἀνδρῶν
1586 3656 1945 3726 ἐργάσωνται,

370 3741 467 3807 τὰς
494 3740 633 3814 ὑπὲρ
664 3743 920 3797 ἁπάντων
950 3744 1193 3808 τίνοντες
1232 3745 1387 3810 δίκας
1429 3748 1944 3822 ἐπιδιαφθείρονται.

369 3833 480 3887 Καὶ
520 3833 573 3886 τί
614 3832 967 3904 θαυμάζομεν
1004 3834 1053 3887 εί
1085 3834 1173 3887 διὰ
1209 3836 1487 3906 τυράννων
1523 3841 1550 3891 6
1584 3838 1716 3902 Θεὸς
1752 3842 1948 3894 κακίαν

370 3924 725 3995 ἀναχυοεῖσαν
759 3926 816 3977 ἐν
843 3924 1051 3987 πόλεσι,
1078 3927 1172 3978 καὶ
1198 3926 1427 3996 χώραις,
1455 3929 1549 3982 καὶ
1572 3929 1778 3985 ἔθνεσιν
1809 3933 1946 3986 ἀπο-

368 4016 783 4088 διοπομπεῖται;
814 4014 1073 4079 πολλάκις
1104 4016 1210 4087 γὰρ
1248 4018 1320 4089 μὴ
1347 4019 1624 4090 χρώμενος
1645 4022 1950 4094 ὑπηρέταις

369 4109 569 4173 ἄλλοις,
604 4109 766 4172 αὑτὸς
798 4109 865 4162 δι’
897 4108 1090 4163 ἑαυτοῦ
1136 4108 1276 4162 τοῦτ’
1321 4111 1628 4182 ἐργάζεται,
1662 4114 1820 4186 λιμὸν
1853 4118 1950 4169 ἐπ-

375 4206 540 4275 ἄγων,
570 4205 604 4276 ἢ
632 4205 840 4276 λοιμὸν,
868 4206 901 4276 ἢ
929 4204 1171 4275 σεισμὸν,
1202 4205 1295 4259 καὶ
1311 4207 1415 4260 ὅσα
1431 4205 1565 4261 ἄλλα
1589 4207 1842 4281 θεήλατα,
1865 4205 1947 4275 οἷς

368 4295 544 4367 ὃμιλοι
574 4295 797 4366 μεγάλοι
829 4297 920 4349 καὶ
952 4293 1294 4366 πολυάνθρωτ
1315 4313 1366 4350 οι
1403 4296 1524 4350 καθ’
1554 4299 1788 4370 ἑκάστην
1812 4301 1948 4371 ἡμέ-

372 4405 472 4462 ραν
513 4388 861 4453 ἀπόλλυνται,
911 4391 1005 4443 καὶ
1058 4388 1226 4460 πολλὴ
1280 4392 1442 4460 μοῖρα
1482 4390 1582 4461 τῆς
1624 4391 1947 4462 οἰκουμένης

2053 1918 2396 1985 verissimas,
2451 1928 2613 1990 atque
2655 1921 2947 1976 acerbitate
2975 1922 3300 1977 calamitatis
3324 1930 3565 1977 extortas
3600 1939 3616 1976 :

2052 2008 2180 2063 dum
2231 2010 2288 2064 in
2336 2012 2723 2081 suppliciorum
2754 2013 2948 2080 partim
2984 2014 3365 2082 praesentium,
3418 2013 3617 2083 partim

2054 2102 2479 2172 impendentium
2520 2105 2795 2160 consortio
2835 2104 3043 2169 vivunt,
3080 2106 3308 2160 altilium
3349 2106 3617 2173 pecudum

2052 2194 2334 2259 simillimi,
2370 2211 2492 2264 quae
2517 2195 2581 2249 ad
2608 2196 2933 2251 sacrificium
2960 2198 3296 2267 saginantur.
3328 2196 3438 2251 Illis
3472 2199 3617 2251 enim

2050 2285 2120 2337 ad
2171 2285 2438 2340 lanienam
2489 2301 2635 2341 cura:
2661 2287 2954 2357 plurimum
3004 2304 3069 2343 ac
3108 2288 3489 2344 sollicitudinis
3518 2289 3623 2344 im-

2050 2371 2327 2438 penditur,
2356 2389 2466 2443 quo
2490 2375 2709 2443 epulum
2740 2392 2803 2430 ex
2838 2392 2958 2431 sese
2989 2377 3193 2433 lautius
3224 2378 3463 2446 praebere
3489 2394 3618 2449 pos-

2050 2463 2179 2517 sint.
2208 2461 2351 2530 Quin
2381 2464 2542 2519 etiam
2569 2480 2759 2535 poenas
2789 2484 2818 2522 a
2855 2469 3180 2537 quihusdam
3211 2470 3619 2542 sacrilegiorum

2050 2568 2275 2608 suorum
2320 2555 2495 2624 palam
2533 2570 2597 2611 ac
2623 2555 2908 2613 manileste
2951 2560 3255 2629 persolutas
3291 2561 3459 2617 fuisse
3488 2579 3621 2620 con-

2050 2652 2177 2699 stat.
2241 2643 2484 2711 Quorum
2511 2654 2565 2700 et
2590 2646 2694 2701 hoc
2729 2648 2849 2703 loco
2879 2651 3077 2705 seriem
3107 2660 3310 2718 texere,
3343 2652 3469 2723 quia
3498 2655 3621 2708 inu-

2051 2734 2159 2789 tilis
2183 2750 2359 2804 opera:
2381 2735 2563 2799 fuerit,
2581 2738 2885 2806 exemplum
2906 2755 3074 2793 unum
3092 2741 3355 2795 duntaxat
3375 2744 3620 2799 omnium

2048 2825 2219 2879 instar
2246 2825 2492 2894 proferre
2538 2836 2828 2883 contentus
2857 2843 2971 2884 ero.
3001 2830 3169 2899 Igitur
3198 2831 3340 2886 sacri
3371 2830 3620 2887 Phocen-

2049 2916 2124 2971 sis
2153 2916 2278 2971 belli
2305 2918 2600 2988 scriptores
2630 2912 2907 2976 memoriae
2939 2923 3327 2991 prodiderunt,
3378 2940 3503 2979 eum
3534 2926 3623 2981 lex

2049 3008 2373 3078 saerllegum
2420 3019 2514 3064 aut
2562 3011 2678 3065 dari
2726 3012 3091 3082 praecipitem,
3136 3015 3315 3070 autin
3347 3032 3496 3072 mare
3525 3021 3621 3072 de-

2049 3101 2241 3171 mergi,
2272 3109 2365 3156 aut
2395 3102 2519 3172 igne
2544 3105 2776 3158 cremari
2803 3104 3038 3174 iuberet,
3078 3115 3185 3161 tres
3214 3108 3353 3173 illos,
3379 3108 3472 3178 qui
3500 3108 3624 3164 Del-

2052 3192 2270 3262 phicum
2303 3194 2561 3263 templum
2598 3197 2999 3267 spoliaverant,
3041 3199 3433 3264 Philomelum,
3470 3201 3620 3257 0no~

2054 3285 2356 3350 marchum,
2405 3295 2460 3341 et
2488 3284 2769 3358 Phayllum
2791 3330 2806 3354 ,
2832 3289 2972 3343 inter
2998 3306 3056 3345 se
3082 3291 3182 3345 tria
3216 3292 3306 3345 illa
3331 3293 3624 3363 supplicio-

2052 3390 2174 3429 rum
2210 3391 2406 3446 genera
2436 3378 2710 3434 divisisse.
2767 3379 2976 3451 Quippe
3005 3398 3171 3436 unum
3203 3383 3346 3437 enim
3382 3384 3620 3451 illorum,

2054 3481 2177 3520 cum
2226 3483 2322 3537 per
2371 3468 2639 3525 difﬁcilem
2672 3487 2734 3526 ac
2767 3473 3099 3529 salebrosum
3136 3484 3372 3530 montem
3405 3476 3622 3534 incede-

2054 3568 2154 3626 ret,
2185 3561 2432 3631 disrupto
2465 3578 2596 3619 saxo
2628 3566 2957 3634 praecipitem
2990 3575 3193 3634 aetum,
3225 3567 3453 3638 ejusque
3482 3569 3625 3625 mole

2053 3653 2309 3708 obrutum
2356 3656 2618 3724 periisse;
2679 3658 2933 3722 alterum,
2973 3675 3134 3730 equo,
3165 3661 3250 3714 cui
3277 3669 3387 3714 tum
3418 3660 3624 3716 inside-

2053 3745 2176 3812 bat,
2224 3748 2451 3802 habenis
2498 3750 2775 3812 excussis,
2825 3750 2880 3804 in
2926 3766 3075 3805 mare
3105 3751 3282 3822 ipsum
3317 3752 3623 3818 desiliente,

2054 3837 2370 3894 inundantis
2418 3852 2584 3895 aestus
2636 3841 2837 3910 impetu
2886 3841 3201 3912 abreptum,
3249 3854 3304 3897 et
3357 3843 3626 3900 immenso

2053 3930 2263 4000 gurgite
2297 3947 2402 3985 una
2427 3947 2551 3985 cum
2588 3933 2706 4001 ipso
2737 3934 3086 4004 quadrupede
3120 3934 3374 3988 haustum
3411 3932 3620 3995 fuisse;

2053 4019 2332 4092 Phayllum
2364 4022 2595 4093 denique
2617 4032 2711 4077 aut
2744 4022 2884 4078 foeda
2913 4024 3037 4077 tabe
3061 4035 3443 4095 consumptum
3481 4042 3622 4089 esse.

2053 4123 2147 4168 aut
2175 4113 2336 4167 simul
2364 4131 2488 4168 cum
2521 4115 2726 4170 Abensi
2758 4116 2958 4183 templo
2989 4116 3356 4183 conﬂagrasse
3383 4134 3395 4169 :
3425 4118 3623 4187 duplex

2052 4207 2196 4261 enim
2227 4206 2345 4276 ejus
2372 4207 2437 4260 de
2476 4215 2649 4261 morte
2676 4205 2818 4260 fama
2843 4206 3241 4262 circumfertur.
3287 4208 3442 4262 Enim
3469 4224 3622 4272 vero.

2052 4313 2180 4353 casu
2220 4299 2322 4351 ista
2354 4298 2677 4367 contigisse,
2726 4313 2886 4352 nemo
2917 4312 3156 4367 unquam
3185 4299 3292 4353 nisi
3324 4301 3624 4356 contentio-

2053 4388 2305 4443 sissimu‘s
2329 4389 2545 4443 dixerit.
2609 4392 2742 4442 Nam
2771 4389 2815 4444 si
2842 4405 2985 4444 unus
3010 4399 3105 4445 aut
3131 4391 3287 4456 alter,
3320 4394 3365 4447 si
3393 4392 3626 4450 diversis

369 4479 690 4552 ἐρημοῦται,
724 4480 812 4534 διὰ
845 4480 1183 4553 προμήθειαν
1212 4482 1434 4553 ἀρετῆς.
1480 4481 1699 4545 Ἰκανώς
1735 4484 1830 4553 μὲν
1855 4479 1946 4537 οὖν

2054 4480 2409 4548 temporibus,
2458 4480 2502 4536 si
2560 4482 2665 4535 alia
2719 4497 3003 4552 poenarum
3055 4498 3254 4550 genera
3305 4486 3624 4551 subiissent,

369 4572 449 4636 εἷς
476 4590 539 4641 γε
569 4572 639 4626 τὰ
670 4574 913 4645 παρόντα
940 4575 1070 4645 περὶ
1096 4573 1190 4627 τοῦ
1224 4575 1298 4646 μή
1331 4590 1451 4628 τινα
1476 4576 1585 4628 τῶν
1614 4576 1830 4645 φαύλων
1860 4577 1950 4629 5'3-

367 4663 665 4736 ὃαιμονεῖν,
699 4665 774 4729 ὡς
799 4661 973 4737 οἶμαι,
1004 4666 1274 4721 λέλεκταιο
1317 4666 1385 4720 δι’
1419 4660 1494 4721 ὧν
1548 4668 1780 4738 μάλιστα
1810 4685 1950 4739 παρ-

373 4756 583 4810 ίσταται
607 4757 667 4809 τὸ
706 4752 842 4810 εἶναι
882 4756 1164 4829 Πρόνοιαν.
1206 4760 1269 4813 El
1307 4760 1364 4813 δὲ
1409 4758 1631 4830 μηδέπω
1667 4760 1945 4824 πέπεισαι,

368 4843 458 4899 τὸν
488 4845 564 4900 ἔθ’
587 4846 1019 4918 ὑποικουροῦντα
1058 4847 1377 4919 ἐνδοιασμὸν
1414 4849 1532 4901 είπὲ
1569 4848 1804 4921 θαρρῶν·
1837 4849 1946 4920 ἀμ-

371 4936 585 5010 φότεροι
617 4938 727 5008 γὰρ
823 4936 1056 5009 τάληθὲς
1094 4938 1208 5009 ἔχει
1250 4939 1771 5012 συνδιαπονήσαντες
1804 4942 1947 4995 εἰσό-

374 5026 530 5095 μεθα.
563 5048 582 5080 ι
615 5030 723 5082 Καὶ
756 5029 872 5099 μεθ’
900 5031 1063 5101 ἕτερα
1092 5032 1255 5086 πάλιν
1286 5032 1470 5103 φησίν·
1513 5053 1531 5084 ι
1584 5034 1825 5104 ’Λνέμων
1855 5034 1947 5088 καὶ

371 5115 542 5169 ὑετῶν
562 5117 733 5189 φορὰς
752 5120 852 5172 οὐκ
870 5120 962 5173 ἐπὶ
979 5119 1041 5172 λὺ
1051 5136 1126 5194 μῃ
1143 5121 1250 5174 τῶν
1266 5122 1556 5187 πλεόντων,
1578 5122 1653 5187 ὡς
1674 5123 1945 5195 ἐνόμιζες,

443 5335 554 5413 (35)
599 5337 959 5406 Ἐπίκαιρον.
1004 5339 1113 5395 Alt.
1156 5354 1187 5397 e
1216 5356 1494 5398 manuscr.
1531 5341 1816 5413 distinguit
1851 5342 1945 5395 ἐπὶ

373 5406 701 5560 Τόγ
730 5478 917 5560 αὐτόν
943 5480 1182 5560 τρόπον.
1219 5478 1417 5560 Eadem
1454 5498 1484 5534 e
1513 5481 1724 5535 czeteris
1750 5481 1943 5560 divina:

372 5547 1160 5619 Providemitedefensoribus
1192 5552 1425 5618 graviter
1468 5568 1531 5605 ac
1578 5568 1702 5605 vere
1751 5550 1942 5619 dispu-

373 5625 579 5671 tantur.
614 5616 843 5691 Gemina
874 5618 1025 5691 dabit
1067 5616 1343 5691 inprimis
1372 5621 1634 5691 _Synesius
1664 5616 1940 5691 epistf57,

373 5702 537 5778 reae
567 5687 1341 5778 ῐςῑίξιξεεξηεὶτξιξεξεξῑ,ἀίξεείες
1371 5687 1556 5778 tam.
1575 5687 1935 5778 “reicere;

407 5757 527 5822 Άρα
576 5756 873 5822 τολμητέον
907 5757 1125 5822 ἔρεσθαι
1175 5756 1340 5821 Θεόν;
1374 5763 1472 5818 Διὰ
1506 5761 1556 5813 τί
1594 5761 1659 5813 σὺ
1694 5761 1793 5828 μὲν
1824 5756 1939 5813 ἀνί-

2053 4571 2285 4627 fortuna:
2306 4573 2639 4629 mutabilitas
2666 4584 2720 4629 et
2747 4574 3109 4629 inconstantia
3136 4579 3354 4647 praetexi
3388 4577 3626 4635 fortasse

2048 4668 2250 4729 posset.
2321 4659 2477 4717 Nune
2525 4679 2673 4730 vero,
2718 4678 2839 4718 cum
2886 4676 2940 4720 et
2985 4667 3147 4721 simul
3194 4683 3406 4731 omnes.
3440 4677 3492 4724 et
3521 4671 3626 4725 sub

2050 4752 2192 4806 idem
2240 4762 2488 4823 tempus,
2530 4769 2631 4810 nec
2659 4754 2781 4811 aliis
2827 4772 2990 4826 quam
3025 4758 3140 4828 lege
3171 4760 3395 4815 sancitis
3444 4759 3626 4817 affecti

2048 4844 2224 4913 plenis
2272 4844 2505 4911 fuerint,
2554 4848 2743 4919 utique
2786 4848 3060 4904 fatendum
3111 4859 3195 4905 est
3238 4866 3360 4906 reos
3388 4852 3506 4906 illos
3540 4852 3624 4905 di-

2048 4934 2175 4986 vino
2197 4934 2403 5002 judicio
2451 4946 2695 5005 peractos
2740 4938 3136 5009 damnatosque
3183 4940 3429 5010 periisse.
3459 4940 3622 5013 393

2048 5021 2202 5089 Quod
2230 5026 2276 5079 si
2311 5042 2377 5080 ex
2413 5029 2663 5097 tyrannis
2694 5030 2941 5100 reliquis,
2998 5032 3245 5085 nonnulli
3279 5047 3402 5087 eum
3434 5033 3621 5089 multi-

2050 5116 2294 5172 tudinem
2345 5121 2779 5189 oppressissent,
2826 5139 2925 5177 nec
2956 5123 3094 5177 alios
3140 5132 3345 5178 tantum
3373 5124 3619 5194 populos,

2048 5356 2178 5410 στης
2215 5338 2413 5410 ἄνδρας
2455 5339 2548 5393 ἐπὶ
2597 5340 2719 5403 τοὺς
2765 5338 3153 5461 ἡδιαρτὲκότας
3197 5358 3279 5394 σοι
3321 5342 3620 5461 τιμωὲοὑς,

2048 5410 2169 5461 ὅταν
2193 5409 2251 5461 δὲ
2285 5411 2664 5461 ὑπηρετήσωσι
2692 5409 2766 5461 τῶ
2827 5409 2921 5461 είω
2988 5410 3272 5461 ουλήιιατι.
3302 5413 3396 5461 καὶ
3422 5428 3457 5461 γ
3489 5430 3620 5461 νων-

2048 5357 2178 5410 στης
2215 5357 2413 5410 ανορας
2455 5357 2548 5393 επι
2597 5357 2947 5461 τουςηηδιαρτ
2988 5357 3153 5404 κοτας
3197 5358 3279 5394 σοι
3321 5357 3620 5466 τιμωῖους,

2045 5409 2251 5481 ὅταν-δὲ
2285 5411 2664 5481 ὑπηρετήσωσι
2692 5427 2793 5481 τῳΑ
2827 5409 2921 5479 είῳ
2952 5357 3272 5481 ἒουλήματι,
3302 5413 3396 5464 καὶ
3422 5428 3457 5480 γ
3489 5430 3622 5466 νων-

2043 5496 2134 5531 ται
2160 5479 2343 5549 δήμιοι
2369 5478 2595 5542 τούτοις,
2631 5480 2714 5548 ἐφ’
2740 5478 2836 5542 οὓς
2860 5478 3303 5548 καταπέμπονται
3328 5521 3343 5544 ,
3382 5478 3499 5536 δέον
3529 5484 3621 5536 ἐκ·

2044 5549 2189 5621 τίσαι
2220 5550 2391 5621 χάρινΔ
2409 5550 2509 5619 τῆς
2535 5549 2865 5621 ὑπουργίας,
2892 5550 3013 5621 τότε
3049 5549 3112 5621 δὴ
3144 5551 3374 5621 μάλιστα
3400 5553 3493 5606 καὶ
3522 5569 3618 5606 κο-

2044 5618 2343 5692 regemq
2356 5619 2570 5692 Quibus
2604 5618 2922 5692 responsum
2942 5618 3343 5692 idem's'ubjicit
3359 5663 3374 5688 ,
3398 5622 3624 5679 homine

2044 5697 2160 5765 tum
2205 5700 2262 5767 et
2296 5689 2617 5746 Christiano
2661 5698 2714 5745 et
2752 5689 3192 5748 Christianorum
3225 5689 3499 5764 episcopo
3535 5694 3620 5752 dir

2045 5774 2390 5829 gmssumum.
