4166 6416
531 308 638 366 6C7

1182 303 1457 362 ECSEBH
1495 301 1985 360 (ῖΑεδΑιιιΕλδιδ
2023 299 2170 356 CPP.
2213 297 2396 353 PARS
2435 297 2496 352 ll.
2527 330 2596 340 —
2622 297 3120 357 Al’OLOGETICA.

3689 301 3796 360 668

521 432 616 489 sed
662 431 891 502 patriam
941 442 1160 498 quoque
1211 444 1364 482 suam
1421 427 1474 481 in
1507 428 1826 481 servitutem
1865 424 2083 493 redegis

2208 421 2240 492 ἦ
2271 421 2684 494 γεωργούντων,
2730 421 2844 476 ἀλλ’
2875 424 2962 475 ἐπ’
2990 421 3231 494 ὠφελείᾳ
3271 421 3365 475 τοῦ
3401 423 3600 488 παντὸς
3637 425 3796 497 ἡμῶν

519 536 636 580 sent
661 565 675 590 ,
727 523 905 576 nullas
935 530 1112 574 tamen
1165 535 1355 588 poenas
1388 519 1607 573 subiere
1628 561 1644 582 ,
1696 519 1830 572 nihil
1862 515 2103 586 profecto

517 618 738 672 mirun.
792 613 1034 666 Primum
1076 613 1245 673 enim,
1297 611 1454 678 longe
1505 611 1650 664 aliud
1717 611 1956 664 hominis
1999 619 2100 674 est,

516 707 660 761 aliud
700 705 792 758 vei
820 705 1087 774 judicium
1125 723 1136 757 :
1176 719 1300 758 cum
1357 703 1516 756 obvia
1567 703 1740 757 solum
1775 718 1840 757 ac
1875 703 2104 756 manife-

516 809 600 854 sta
654 814 885 867 qumque
939 797 1124 851 rimari
1161 807 1214 850 et
1259 797 1542 866 explorare
1589 796 1898 860 soleamus,
1959 794 2101 849 Deus

513 900 698 946 autem
737 891 789 942 in
822 890 1043 944 intimas
1092 904 1264 956 usque
1309 889 1614 942 animorum
1667 887 1902 941 latebras
1939 897 2102 955 atque

514 998 765 1038 recessus
795 984 1002 1050 absque
1037 982 1148 1034 ullo
1184 982 1410 1050 strepitu
1443 981 1668 1034 subiens
1695 995 1758 1033 ac
1788 987 2098 1048 penetrans,

513 1085 749 1127 mentem
779 1076 950 1143 ipsam
990 1074 1210 1141 perimlc
1246 1073 1386 1126 utin
1429 1073 1544 1126 sole
1595 1073 1945 1140 conspicuam
1977 1073 2099 1124 illii-

512 1174 790 1238 stri-mque
825 1165 1097 1234 pervident
1119 1207 1132 1230 ,
1183 1181 1245 1218 ac
1279 1163 1595 1226 subductis,
1653 1165 1854 1233 quibus
1885 1163 2100 1230 tegeba-

511 1266 620 1318 tur,
655 1257 952 1312 involucris
985 1257 1242 1310 omnibus
1263 1297 1279 1320 ,
1327 1256 1553 1310 consilia
1585 1271 1890 1324 sensusque
1921 1254 2096 1309 nudos

509 1351 928 1418 contempletur,
964 1361 1013 1404 et
1039 1349 1304 1418 quidquid
1340 1348 1580 1403 fucatum
1623 1350 2097 1418 adulterinumque

510 1440 674 1495 fuerit
731 1456 761 1494 a
820 1441 988 1509 probo
1047 1441 1406 1511 legitimoque
1457 1451 1724 1494 secernat.
1791 1439 2096 1494 Careamus

507 1547 658 1600 ergo,
714 1548 780 1584 ne
823 1531 1089 1600 judicium
1145 1531 1244 1601 ipsi
1293 1541 1567 1595 nostrum,
1604 1531 1790 1584 divino
1841 1532 1940 1594 illi,
1973 1543 2095 1586 tau-

507 1640 671 1694 quam
705 1625 888 1678 verius
930 1639 993 1678 ac
1040 1623 1342 1692 sapientius
1391 1622 1660 1676 anteferre
1697 1639 1933 1691 unquam
1963 1624 2094 1677 veli-

507 1734 651 1773 mus.
689 1717 852 1772 Nefas
881 1719 1024 1771 enim
1051 1717 1099 1770 id
1132 1733 1376 1786 prorsus.
1413 1717 1466 1770 In
1493 1726 1683 1770 nostro
1711 1717 1913 1786 quippe
1943 1717 2093 1771 frau-

2212 515 2401 584 γένους
2446 516 2475 568 ὁ
2517 515 2651 579 Θεὸς
2689 514 2998 587 ἐργάζεται.
3046 515 3241 569 ’Υδασι
3289 515 3386 586 μὲν
3423 515 3532 590 γὰρ
3559 517 3658 588 τὴν
3689 516 3797 589 γῆν

2211 609 2486 682 καθαίρει,
2513 611 2604 662 τὸν
2627 610 2671 664 δ’
2692 610 2797 664 ὑπὸ
2817 610 3043 684 σελήνην
3066 610 3178 681 (57)
3201 610 3416 664 ᾶπαντα
3437 611 3613 684 χῶρον
3635 611 3796 666 πνεύ-

2213 718 2396 770 μασιν·
2429 703 2761 772 ἀμφοτέροις
2790 701 2846 754 δὲ
2881 700 2995 765 ζῶα
3031 702 3128 754 καὶ
3161 701 3304 771 φυτά
3329 702 3540 773 τρέφει,
3578 704 3671 756 καὶ
3697 701 3793 758 αὕ-

2210 801 2310 867 ξει,
2335 805 2427 857 καὶ
2449 803 2658 856 τελειοῖ.
2691 804 2753 856 Εἰ
2781 803 2838 856 δὲ
2869 804 2998 867 τοὺς
3027 803 3100 875 μὴ
3135 806 3193 857 ὲν
3219 803 3396 876 καιρῷ
3430 804 3723 876 πλωτῆρας
3755 805 3793 878 ἢ

2207 897 2516 962 γεωπὸνους
2545 895 2692 947 ἔστιν
2723 896 2809 948 ὅτε
2831 894 3192 963 βλάπτει,θαυ
3202 897 3405 965 μαστὸν
3423 897 3594 950 οὐδέν’
3618 897 3789 970 βραχὺ

2205 986 2314 1058 γὰρ
2337 984 2480 1042 οὗτοι
2511 987 2695 1058 μέρος,
2717 989 2750 1058 ἡ
2776 987 2819 1039 δ’
2848 986 3134 1057 ἐπιμέλεια
3152 986 3246 1039 τοῦ
3269 987 3468 1050 παντὸς
3489 989 3790 1060 ἀνθρώπων

2205 1081 2415 1149 γένους.
2443 1081 2650 1151 Ὥσπερ
2666 1075 2758 1132 οὖν
2775 1079 2836 1132 τὸ
2852 1080 2908 1132 ὲν
2923 1079 3001 1149 τῷ
3020 1079 3308 1150 γυμνασίῳ
3320 1080 3562 1152 ἄλειμμα
3581 1081 3788 1138 τίθεται

2207 1173 2305 1244 μὲν
2342 1175 2429 1224 ἐπ’
2458 1172 2716 1242 ὠφελείᾳ,
2753 1170 3013 1232 πολλάκις
3038 1171 3083 1222 δ’
3113 1172 3141 1223 ὁ
3179 1173 3588 1243 γυμνασίαρχος
3621 1173 3786 1229 ἕνεκα

2205 1263 2496 1320 πολιτικῶν
2531 1262 2730 1335 χρειῶν
2760 1262 2909 1333 ὥρας
2937 1263 3035 1334 τῆς
3060 1264 3116 1316 ἐν
3139 1263 3247 1316 ἔθει
3277 1264 3541 1334 μετέθηκε
3567 1266 3666 1336 τὴν
3692 1265 3785 1320 τά·

2203 1357 2306 1422 ξιν,
2327 1357 2394 1410 δι’
2411 1352 2478 1426 ἧς
2499 1355 2804 1426 ὑστέρησαν
2831 1355 2959 1409 ἔνιοι
2985 1355 3092 1408 τῶν
3115 1355 3505 1426 ἀλειφομένων·
3527 1356 3670 1410 οὓτω
3690 1359 3785 1413 καὶ

2201 1451 2230 1503 ὁ
2257 1449 2411 1513 Θεὸς,
2445 1444 2533 1501 οἷα
2579 1449 2824 1520 πόλεωςη
2847 1448 2940 1502 τοῦ
2990 1449 3191 1512 παντὸς
3233 1449 3662 1521 ἐπιμελούμενος
3693 1452 3784 1504 κὸ-

2205 1557 2362 1612 σμου,
2409 1539 2541 1614 θέρη
2580 1539 2952 1610 χειμαίνοντα,
3010 1541 3104 1593 καὶ
3155 1541 3431 1610 χειμῶνας
3463 1540 3784 1612 ὲαρίζοντας

2200 1632 2358 1686 εἴωθε
2377 1636 2548 1686 ποιεῖν
2569 1633 2660 1684 ἐπὶ
2675 1635 2739 1703 τῇ
2759 1631 2851 1684 τοῦ
2876 1632 3076 1696 παντος
3089 1631 3342 1704 ὠφελείᾳ,
3368 1633 3469 1686 κᾶν
3487 1635 3534 1686 εί
3556 1633 3784 1706 ναύκλη-

2202 1725 2284 1798 pol
2309 1743 2454 1788 τινες
2485 1724 2517 1794 ἢ
2545 1725 2646 1794 γῆς
2668 1713 2898 1796 ἐργάται
2923 1723 3166 1794 μέλλοιεν
3186 1729 3306 1788 ταῖς
3332 1727 3534 1780 τούτων
3557 1727 3783 1798 ἀνωμα-

505 1810 592 1864 dis
626 1809 779 1862 multi
805 1817 930 1861 sunt
955 1808 1271 1877 errorisque
1305 1806 1504 1872 fontes,
1542 1823 1802 1862 sensuum
1841 1805 2083 1872 fallaciae,

2191 1795 2331 1880 λίαις
2360 1795 2708 1886 ζημιοῦσθαι,
2735 1816 2847 1878 Τὰς
2882 1811 2972 1868 οὖν
3017 1816 3122 1868 τῶν
3169 1816 3450 1886 στοιχείων
3479 1819 3558 1880 είς
3579 1795 3782 1888 ἄλληλα

503 1901 972 1971 perturbationum
999 1901 1232 1962 insidie,
1249 1900 1476 1969 OlleCliD
1495 1900 1760 1955 scelerum
1783 1899 1952 1953 moles
1975 1916 2093 1969 gra-

502 1994 762 2048 vissima}.
829 1991 882 2045 ln
919 1993 1106 2045 divino
1145 2001 1349 2057 autem,
1396 1990 1540 2062 quod
1571 1991 1826 2060 decipiat,
1866 1992 2090 2045 omnino

503 2085 640 2140 nihil
677 2103 688 2138 :
723 2087 951 2154 aequitas
1001 2097 1192 2140 contra
1250 2086 1561 2155 veritasque
1591 2093 1854 2156 regnant,
1889 2087 2088 2156 quibus

500 2193 741 2247 expensa
795 2179 1201 2248 constitutaque
1250 2177 1482 2247 singula,
1521 2177 1864 2230 laudabiliter
1913 2177 2104 2231 solent

501 2268 840 2338 feliciterque
876 2269 1189 2324 succedere.
1260 2266 1464 2320 Deinde
1515 2281 1663 2330 vero,
1713 2267 1940 2328 cavesis,
2014 2267 2096 2320 mi-

500 2360 666 2414 liomo
691 2399 704 2423 ,
737 2360 980 2414 inutilem
1008 2400 1023 2424 ,
1054 2361 1107 2412 in
1141 2369 1353 2427 tempus
1381 2357 1572 2412 saltem
1611 2357 1864 2426 aliquod,
1901 2366 2086 2429 tyran-

497 2453 680 2508 nidem
732 2454 996 2507 arbitrere
1053 2471 1066 2505 :
1118 2466 1295 2520 neque
1333 2451 1477 2503 enim
1518 2450 1728 2518 punitio
1757 2466 2087 2518 supervaca-

496 2559 660 2598 neum
701 2543 960 2612 quiddam
995 2551 1110 2606 est,
1141 2543 1232 2598 sed
1261 2541 1443 2610 potius
1475 2542 1650 2610 expeti
1683 2541 1935 2610 exigique
1967 2557 2085 2610 pte-

497 2650 621 2700 nas,
659 2647 755 2689 aut
803 2636 937 2690 viris
981 2635 1146 2688 etiam
1201 2635 1388 2702 probis
1439 2635 1626 2687 utilius
1655 2644 1756 2697 est,
1803 2647 1894 2686 aut
1921 2634 1990 2686 ab
2021 2633 2086 2685 iis

495 2739 642 2784 certe
685 2744 792 2782 non
831 2728 1092 2781 alienum.
1147 2725 1334 2795 Itaque
1361 2742 1485 2781 cum
1521 2726 1570 2778 id
1604 2726 1822 2794 optimis
1855 2725 2085 2793 quibus-

493 2835 602 2890 que
637 2819 846 2890 legibus
879 2819 1337 2888 comprehensum
1371 2833 1510 2873 esse.
1544 2829 1656 2869 tum
1692 2818 1838 2884 ipsos
1867 2832 2085 2886 quoque

495 2913 712 2967 illarum
738 2922 992 2966 auctores
1014 2913 1082 2966 ab
1104 2912 1360 2965 omnibus
1389 2913 1594 2965 laudari
1615 2911 1881 2964 videmus.
1903 2909 2086 2963 Enim-

491 3021 623 3059 vero
669 3006 816 3076 quod
867 3013 1129 3075 tyrannus
1172 3004 1224 3058 in
1280 3005 1498 3074 populo,
1535 3005 1639 3058 hoc
1670 3003 1844 3072 ipsum
1883 3002 1936 3056 in
1969 3001 2084 3072 lege

489 3099 704 3167 punitio
730 3107 830 3167 est.
871 3095 973 3150 Ubi
1007 3112 1137 3168 ergo
1171 3098 1364 3166 ingens
1394 3097 1642 3167 quredam
1676 3096 1839 3150 urbes
1869 3097 2082 3150 virtutis
2110 3137 2152 3193 ε

490 3191 718 3260 penuria
767 3189 1116 3258 solitudoque
1166 3189 1443 3259 pervadit,
1493 3191 1581 3242 ubi
1623 3189 1838 3244 exsistit
1873 3189 2075 3258 passim

491 3283 846 3350 abundatque
883 3282 1138 3335 vecordia
1191 3299 1204 3334 :
1263 3291 1374 3335 tum
1410 3280 1553 3336 Deus
1587 3283 1724 3335 lianc
1755 3281 2076 3350 improbita-

493 3374 561 3427 tis
587 3373 896 3435 colluviem,
951 3387 1058 3425 non
1098 3387 1260 3426 secus
1293 3387 1356 3426 ac
1386 3387 1604 3425 cursum
1632 3372 1869 3440 aliquem
1905 3371 2077 3440 impec

489 3472 717 3532 tumque
749 3465 1025 3529 torrentis,
1061 3464 1310 3518 derivare
1346 3463 1595 3532 cupiens,
1649 3480 1867 3517 onmem
1903 3474 1962 3518 ut
1988 3480 2080 3534 ge-

490 3553 606 3608 neri
638 3563 828 3606 nostro
862 3553 1036 3606 labem
1065 3553 1289 3616 eximat,
1329 3553 1577 3606 homines
1612 3563 1805 3606 natura
1836 3569 1934 3606 sua
1971 3555 2076 3606 im-

488 3647 736 3716 periosus
783 3647 834 3698 vi
885 3661 947 3700 ac
979 3653 1242 3714 potestate
1275 3652 1470 3697 armat.
1540 3642 1650 3696 Nec
1676 3645 1820 3699 enim
1859 3647 2075 3714 purgari

491 3741 670 3795 scelus
707 3739 808 3793 nisi
840 3739 908 3792 ab
934 3739 1120 3792 animo
1147 3736 1424 3790 acerbiore
1453 3745 1644 3804 potest.
1711 3735 1776 3788 Et
1815 3736 2079 3804 quemad-

490 3833 714 3886 modum
745 3830 1069 3899 respublieaa
1099 3829 1362 3882 adversus
1393 3827 1716 3888 homicidas,
1745 3826 2073 3896 proditores,

485 3930 542 3978 et
569 3922 898 3992 sacrilegos,
929 3919 1212 3974 carnifices
1244 3919 1431 3981 alunt,
1485 3933 1590 3971 non
1619 3919 1763 3988 quod
1801 3935 1920 3973 eam
1954 3920 2077 3974 vita:

485 4014 753 4068 rationem
791 4014 1212 4082 institutmnque
1274 4012 1514 4075 laudent,
1553 4011 1644 4065 sed
1679 4011 1822 4081 quod
1885 4012 2073 4066 utilem

482 4120 676 4164 corum
703 4121 922 4175 Operam
947 4105 1421 4174 esseintelligant;
1460 4105 1533 4157 ita
1565 4119 1816 4158 summus
1844 4103 1932 4157 ille
1958 4119 2076 4158 ma-

483 4214 606 4271 gnae
635 4199 822 4253 mundi
868 4197 1032 4267 hujus
1081 4197 1392 4268 reipublicae
1436 4197 1777 4261 moderator,
1817 4205 2076 4268 tyrannos

482 4292 553 4348 iis
607 4307 1002 4362 nonnunquam
1055 4290 1390 4352 civitatibus,
1450 4289 1674 4360 perinde
1720 4304 1785 4344 ac
1838 4299 2075 4344 tortores

481 4381 731 4452 publicos
771 4382 994 4451 praeficit
1015 4425 1029 4444 ,
1075 4398 1214 4450 quas
1238 4381 1326 4442 vi,
1382 4381 1599 4450 injuriis
1619 4422 1634 4445 ,
1663 4380 1978 4449 impietate,
2012 4397 2076 4436 ac

2197 1906 2524 1978 μεταϐολὰς,
2567 1906 2626 1971 ἐξ
2658 1900 2732 1960 ὧν
2769 1909 2798 1960 ὁ
2841 1907 3047 1977 κόσμος
3089 1907 3268 1977 ἐπάγη
3302 1907 3396 1960 καὶ
3432 1907 3778 1980 συνέστηκεν,

2190 1998 2346 2062 εἰδὼς
2377 1999 2807 2066 ἀναγκαιότατον
2849 1997 3029 2070 ἔργον,
3086 1997 3398 2062 ἀκωλύτους
3441 2000 3776 2071 παρέχεται·

2194 2091 2397 2161 πάχναι
2439 2088 2496 2142 δὲ
2529 2091 2622 2142 καὶ
2652 2089 2852 2160 χιόνες,
2893 2091 2987 2142 καὶ
3033 2090 3133 2142 ὅσα
3193 2090 3559 2161 ὁμοιότροπα,
3617 2091 3779 2163 ἀέρος

2191 2180 2549 2234 ἐπακολουθεῖ
2574 2179 2908 2250 καταψύξει,
2951 2179 3045 2232 καὶ¹
3096 2179 3260 2233 πάλιν
3311 2181 3645 2255 προσαράξει
3683 2180 3778 2233 καὶ

2191 2273 2524 2346 παρατρίψει
2573 2271 2750 2342 νεφῶν
2825 2271 3100 2344 ἀστραπαί
3153 2288 3214 2324 τε
3259 2271 3352 2324 καὶ
3399 2269 3635 2343 βρονταί.
3675 2267 3780 2328 ’Ὧν

2189 2366 2338 2418 οὐδὲν
2367 2364 2496 2428 ἴσως
2535 2365 2676 2418 κατᾶ
2711 2364 2990 2434 πρόνοιαν,
3027 2363 3139 2416 ἀλλ’
3169 2364 3314 2417 ὑετοὶ
3341 2365 3437 2418 καὶ
3467 2364 3774 2434 πνεύματα,

2191 2456 2336 2528 ζωῆς
2358 2457 2451 2510 καὶ
2481 2458 2688 2528 τροφῆς
2721 2458 2814 2509 καὶ
2843 2454 3119 2526 αὐξήσεως
3145 2459 3257 2520 τοῖς
3291 2457 3419 2528 περὶ
3459 2458 3563 2528 γῆν
3605 2456 3772 2522 αἴτια,

2190 2545 2264 2603 ὧν
2289 2549 2462 2604 ταῦτα
2481 2548 2992 2620 ὲπακολουθήματα.
3028 2543 3150 2612 Οἷα,
3179 2549 3588 2620 γυμνασιάρχου
3622 2548 3771 2618 φιλο·

2186 2642 2400 2713 τιμίαις
2465 2641 2726 2704 πολλάκις
2776 2641 3066 2710 ἀνειμένας
3119 2640 3443 2710 ποιουμένου
3491 2639 3770 2708 δαπάνας,

2187 2733 2302 2787 ἀνθ’
2334 2732 2522 2792 ὓδατος
2546 2731 2710 2800 ἐλαίῳ
2739 2730 3008 2784 καταιονὼ
3017 2731 3166 2801 μενοί
3188 2730 3295 2800 (58)
3319 2746 3462 2806 τινες
3486 2729 3594 2783 τῶν
3616 2730 3770 2783 ἀπειο

2190 2823 2468 2898 ροκάλων,
2527 2824 2608 2887 είς
2655 2821 2920 2889 τούδαφος
2983 2821 3202 2892 ῥανίδας
3262 2820 3693 2885 ἀποστάζουσινο
3743 2817 3776 2876 6

2185 2918 2230 2971 δ’
2259 2915 2677 2990 ὀλισθηρότατος
2711 2915 2906 2968 αὐτίκα
2939 2915 3146 2982 γίνεται
3186 2913 3388 2984 πηλόςο
3423 2912 3536 2967 ἀλλ’
3573 2914 3673 2966 οὐκ
3708 2911 3773 2966 ἄν

2185 3028 2271 3074 τις
2304 3006 2361 3064 εὖ
2396 3007 2609 3080 φρονῶν
2643 3009 2808 3070 εἴποι,
2839 3006 2932 3060 τὸν
2963 3006 3134 3077 πηλὸν
3161 3005 3253 3059 καὶ
3280 3005 3370 3058 τὸν
3402 3003 3612 3058 ὄλισθον
3639 3021 3772 3074 προ-

2190 3103 2388 3176 μηθείᾳ
2427 3102 2519 3156 τοῦ
2551 3099 2962 3173 γυμνασιάρχου
2998 3099 3312 3168 γεγονέναι,
3363 3096 3751 3170 παρηκολουθη

2185 3197 2338 3250 κέναι
2376 3195 2433 3248 δὲ
2481 3195 2655 3257 ἄλλως
2697 3195 2764 3264 τῇ
2819 3190 3051 3262 ἀφθονία
3095 3190 3204 3243 τῶν
3251 3187 3526 3261 χορηγιῶν
3571 3188 3769 3241 ταῦτα.

2179 3281 2323 3357 Ἶρις
2354 3285 2410 3338 δὲ
2466 3284 2559 3337 καὶ
2610 3283 2773 3345 ἄλως,
2809 3281 2904 3334 καὶ
2927 3282 3026 3334 ὃσα
3055 3280 3408 3350 ὁμοιότροπα,
3433 3277 3594 3331 πάλιν
3625 3277 3774 3331 ἐστὶν

2179 3375 2358 3428 αὐτῶν
2395 3373 2806 3444 ὲγκιρναμένων
2845 3371 2954 3441 (59)
2983 3374 3099 3434 τοῖς
3137 3371 3359 3436 νέφεσιν
3405 3365 3769 3436 ἐπακολουθή-

2183 3480 2348 3534 ματα,
2390 3464 2491 3516 οὐκ
2537 3462 2674 3534 ἔργα
2725 3461 2941 3530 φύσεως
2988 3457 3404 3530 προηγούμενα,
3442 3458 3694 3524 φυσικοῖς
3721 3453 3767 3509 δ’

2179 3553 2644 3625 ὲπισυμδαίνοντα
2677 3553 2890 3625 ἔργοις·
2933 3551 2994 3603 οὐ
3037 3551 3141 3621 μὴν
3187 3548 3322 3601 ἀλλὰ
3365 3549 3598 3620 παρέχει
3646 3548 3765 3604 τινὰ

2177 3645 2479 3700 καὶταῦτα
2529 3646 2716 3716 χρείαν
2772 3645 3079 3712 ἀναγκαίαν
3129 3645 3242 3706 τοῖς
3299 3642 3763 3714 φρονιμωτέροις⁸

2176 3739 2439 3811 νηνεμίας
2468 3739 2576 3810 γὰρ
2609 3739 2704 3792 καὶ
2727 3737 3038 3808 πνεύματα,
3077 3735 3256 3798 εὐδίας
3284 3751 3344 3788 τε
3374 3736 3468 3789 καὶ
3495 3735 3766 3807 χειμῶνας

2177 3831 2288 3884 ἀπὸ
2333 3829 2538 3884 τούτων
2587 3827 3013 3900 τεκμαιρόμενοι
3065 3826 3410 3898 προλέγουσι.
3467 3826 3578 3888 Τὰς
3625 3827 3768 3880 κατά

2177 3923 2330 3975 πόλιν
2367 3921 2526 3986 στοὰς
2555 3921 2654 3992 οὐχ
2689 3921 2858 3992 ὁρᾷς;
2893 3919 3098 3973 τούτων
3139 3919 3193 3971 αἱ
3242 3917 3458 3981 πλείους
3497 3917 3632 3989 πρὸς
3672 3934 3767 3988 μεο

2178 4014 2454 4084 σημόρίαν
2475 4013 2814 4076 νενεύκασιν,
2854 4012 2996 4084 ὑπὲρ
3021 4009 3116 4064 τοῦ
3156 4012 3284 4073 τοὺς
3322 4011 3762 4081 ἐμπεριπατοῦν-

2175 4125 2274 4170 τας
2304 4107 2577 4177 χειμῶνος
2613 4107 2711 4176 μὲν
2747 4104 3115 4168 ἀλεαίνεσθαι,
3144 4103 3337 4176 θέρους
3375 4102 3432 4156 δὲ
3471 4105 3764 4156 καταπνεῖ-

2177 4199 2322 4252 σθαι.
2359 4197 2767 4267 Παρακολουθεῖ
2792 4197 2849 4250 δέ
2875 4214 2927 4250 τι
2963 4197 3058 4250 καὶ
3080 4196 3288 4267 ἕτερον,
3320 4193 3348 4245 ὃ
3376 4193 3448 4264 μὴ
3473 4197 3541 4264 τῇ
3568 4195 3764 4268 γνώμη

2173 4291 2268 4346 τοῦ
2312 4289 2779 4353 κατεσκευακότος
2809 4290 3129 4358 ἐπιγίνεται.
3183 4289 3225 4340 Τ
3233 4288 3247 4340 ί
3286 4287 3342 4340 δὲ
3383 4286 3528 4340 τοῦτ’
3563 4287 3754 4352 ἕστινς

2175 4384 2234 4436 αί
2276 4383 2384 4436 ἀπὸ
2415 4381 2524 4436 τῶν
2559 4381 2734 4436 ποδῶν
2771 4383 3138 4435 ἐκπίπτουσαι
3195 4380 3375 4443 σκιαὶ,
3417 4381 3480 4450 τῇ
3517 4379 3764 4452 ἡμετέρα

479 4475 695 4534 caeteris
746 4474 1068 4528 Criminibus
1124 4476 1432 4530 redundare
1481 4477 1779 4548 intelligat,
1816 4486 1877 4531 ut
1923 4490 2074 4531 com—

2187 4475 2348 4547 πείρᾳ
2377 4472 2798 4544 διασημαίνουσι
2841 4470 2939 4534 τὰς
2972 4473 3140 4543 ὥρας.
3175 4471 3284 4523 Καὶ
3327 4471 3422 4540 μὲν
3459 4469 3518 4522 δὲ
3550 4472 3609 4523 τὸ
3651 4469 3763 4542 πῦρ

480 4581 668 4636 pressa
715 4566 844 4620 mali
897 4567 1153 4638 contagio
1203 4569 1420 4624 tandem
1471 4571 1771 4640 aliquando
1800 4570 2068 4639 sopiatur.

481 4655 621 4712 Tum
656 4659 937 4712 enimvero
963 4659 1083 4714 illos
1115 4660 1263 4730 ipsos
1289 4677 1576 4731 pmuarum
1609 4672 1884 4728 auctores,
1925 4661 2073 4732 quod

553 4857 666 4927 (37)
700 4857 813 4912 Τὸν
843 4859 896 4912 δ’
927 4859 1047 4914 ὑπὸ
1091 4857 1387 4926 σελήνην,
1435 4867 1540 4914 etc.
1589 4857 1726 4912 Vide
1775 4859 1827 4912 in
1880 4857 2074 4929 primis

481 4927 780 4989 Senecam,
821 4929 1074 4983 Natural.
1119 4941 1306 4997 qutvst.
1357 4931 1449 4982 lib.
1492 4946 1558 4994 ν,
1603 4945 1720 4998 cap.
1766 4931 1830 4982 18
1873 4927 1895 4983 Ξ
1924 4929 2074 4982 Inter

476 5009 672 5053 tartara
694 5041 708 5062 ,
747 5000 954 5069 inquzt,
984 4999 1338 5054 I’roridentite
1381 5017 1571 5069 opera,
1603 5001 1699 5052 hac
1729 5017 1931 5069 quoque
1969 5000 2072 5053 ali-

478 5072 596 5140 quis
644 5082 698 5123 ut
735 5071 954 5139 dignum
999 5071 1358 5124 mlmirntione
1412 5073 1725 5140 suspexerit.
1776 5069 1898 5123 Non
1931 5072 2070 5124 enim

476 5155 544 5194 ex
579 5157 684 5193 una
733 5157 895 5194 causa
930 5152 1136 5205 ventos,
1175 5152 1266 5194 aut
1312 5143 1528 5206 invenit,
1580 5150 1672 5192 aut
1726 5158 1819 5210 per
1863 5143 2070 5195 dit-crsu

481 5211 742 5278 disposuit
779 5213 912 5265 :sed
939 5229 1191 5281 primum,
1225 5223 1280 5265 ut
1315 5229 1441 5264 aera
1477 5229 1580 5264 non
1614 5214 1842 5264 sinerent
1867 5213 2069 5281 pigres-

482 5296 616 5340 cere,
653 5283 742 5333 sed
792 5285 1012 5336 assidua
1060 5283 1334 5336 vexatione
1375 5282 1558 5335 utilem
1602 5283 1896 5346 redderent,
1931 5283 2062 5336 rita-

482 5352 684 5420 Iemque
709 5356 980 5408 tracturis.
1015 5352 1080 5406 Et
1115 5353 1276 5422 paulo
1325 5365 1446 5422 post
1484 5369 1495 5404 :
1537 5351 1640 5406 Sed
1671 5370 1771 5405 non
1805 5354 1919 5406 ideo
1965 5369 2068 5404 non

479 5435 600 5474 sunt
641 5423 742 5474 ista
793 5435 984 5477 natura
1035 5441 1132 5476 sua
1179 5425 1334 5487 bona,
1387 5424 1431 5476 si
1472 5425 1594 5475 ritio
1626 5424 1763 5477 nnile
1807 5424 2068 5476 utentium

480 5504 687 5544 nocent.
729 5491 999 5547 Nimirum
1033 5497 1085 5547 in
1118 5495 1214 5547 hoc
1259 5493 1640 5556 Providentia,
1680 5511 1742 5546 ac
1781 5494 2070 5561 dispositor

479 5561 519 5615 il
544 5578 573 5615 ι
624 5564 808 5616 nundi
843 5564 982 5617 Deus
1004 5607 1016 5629 ,
1053 5583 1084 5618 α
1121 5582 1180 5618 ra
1210 5567 1372 5618 ventis
1419 5564 1766 5618 exercendum
1797 5565 1980 5622 dedit,
2017 5571 2068 5616 et

480 5632 700 5707 δίζω-αὐ
746 5637 886 5687 tmmi
926 5647 1108 5707 parte,
1145 5653 1206 5691 ne
1249 5636 1376 5707 quid
1412 5647 1561 5707 esset;
1594 5637 1703 5687 situ
1736 5636 2065 5703 squalidum,

477 5702 668 5774 effudit
717 5721 734 5757 :
780 5721 882 5756 non
928 5702 993 5758 ut
1041 5702 1483 5771 classes—partem
1534 5705 1658 5774 freti
1713 5702 2066 5758 eoi-cenaturus

481 5773 859 5830 compleremus
894 5777 1055 5830 milite
1091 5788 1330 5844 armato,
1366 5786 1412 5830 et
1463 5773 1657 5830 hostem
1693 5777 1745 5829 in
1778 5777 1940 5839 mari,
1973 5783 2068 5828 aut

2178 4566 2395 4636 φύσεως
2457 4565 2886 4634 ἀναγκαιότατον
2950 4562 3110 4636 ἔργον
3142 4579 3156 4592 ·
3218 4561 3640 4632 ἐπακολούθημα
3702 4560 3760 4614 δὲ

2175 4658 2364 4713 τούτου
2393 4657 2626 4722 καπνός
2663 4655 2780 4710 ἀλλ’
2823 4655 2972 4726 ὅμως
3006 4653 3306 4725 παρέχεταί
3336 4669 3460 4708 τινα
3489 4652 3761 4722 ὠφέλειαν

2174 4871 2290 4930 post
2341 4875 2486 4912 mare
2540 4858 2956 4930 inquireremus,
2986 4865 3107 4930 etc.
3156 4853 3221 4908 R.
3377 4853 3757 4930 Granatensis,

2175 4925 2563 4985 sanctissimus
2609 4925 2666 4982 et
2722 4927 3208 4996 eloquentissimus
3259 4925 3588 4996 Christiame
3638 4925 3756 4996 viae

2175 5002 2476 5070 magister,
2523 5009 2674 5067 parte
2727 5014 2764 5060 ι,
2805 4992 2929 5070 cap.
2975 4994 3090 5066 7,§
3139 4997 3361 5070 μεως
3403 4995 3472 5070 ad
3519 4992 3754 5063 Symbol.

2175 5067 2389 5140 Ιδαζιοσ.
2412 5109 2434 5134 ,,
2475 5069 2702 5132 scribit,
2749 5069 3039 5140 teterrima:
3082 5067 3400 5134 pestilentia:
3436 5067 3601 5126 luem,
3637 5080 3757 5132 qua

2173 5139 2515 5195 Lusitaniam
2548 5141 2736 5208 perdiu
2773 5139 3118 5207 graviterque
3149 5147 3462 5197 \exaverat,
3501 5151 3604 5188 non
3633 5144 3755 5188 ante

2173 5213 2427 5272 desiisse,
2463 5226 2627 5278 quam
2663 5209 3038 5261 Vehementior
3069 5209 3292 5276 quidam
3319 5218 3512 5261 ventus
3538 5220 3752 5259 omnem

2173 5284 2415 5349 corrupti
2455 5281 2598 5333 actis
2627 5280 2802 5349 labi-tn
2842 5279 3176 5332 abstulisset.

2246 5345 2356 5422 (58}
2409 5347 2900 5418 Καταιωιώμενοι.
2971 5349 3278 5419 Καταιονᾷν
3357 5345 3610 5401 usitatius
3672 5353 3788 5412 est

2171 5438 2334 5492 quam
2371 5423 2695 5492 καταιονείν.

2244 5492 2354 5562 (59)
2401 5490 2610 5545 Αὐτῶν
2651 5487 3566 5562 ἐγκιρναμέῖωντηΜιιιὶι-ιε-(ιιιθῖιι
3617 5484 3754 5538 alter

2169 5557 2428 5616 manuscr
2457 5602 2472 5626 ,
2501 5557 2926 5632 ἐγκρινομένων.
2950 5560 3068 5632 Sed
3103 5559 3226 5632 illud
3259 5557 3458 5632 αύτῶν,
3491 5572 3599 5623 quo
3627 5571 3753 5624 spe-

2170 5643 2300 5696 ctet,
2335 5649 2441 5686 non
2475 5628 2652 5686 video.
2679 5628 2816 5695 QniJ
2867 5632 2910 5682 si
2945 5631 3154 5696 legatur
3193 5628 3451 5691 ἀκτίνων,
3485 5636 3577 5680 aut
3609 5633 3754 5680 certe

2167 5703 2278 5757 τῶν
2304 5719 2408 5772 pro
2441 5701 2652 5768 αὑτῶν;
2687 5703 2796 5772 ligo
2829 5701 3062 5756 ἀκτίνων
3090 5702 3293 5754 malim.
