  <div class='ocr_page' id='page_1' title='image "/cluster/home/n/w/nwhite01/storage/ocr_20150623/21:no.3/coo.31924054873017/350.png"; bbox 0 0 4166 6426; ppageno 0'>
   <div class='ocr_carea' id='block_1_1' title="bbox 413 386 520 445">
    <p class='ocr_par' dir='ltr' id='par_1_1' title="bbox 413 386 520 445">
     <span class='ocr_line' id='line_1_1' title="bbox 413 386 520 445; baseline -0.009 0"><span class='ocrx_word' id='word_1_1' title='bbox 413 386 520 445; x_wconf 75' lang='lat'><strong>639</strong></span> 
     </span>
    </p>
   </div>
   <div class='ocr_carea' id='block_1_2' title="bbox 1587 369 2548 444">
    <p class='ocr_par' dir='ltr' id='par_1_2' title="bbox 1587 369 2548 444">
     <span class='ocr_line' id='line_1_2' title="bbox 1587 369 2548 444; baseline 0.003 -5"><span class='ocrx_word' id='word_1_2' title='bbox 1587 383 1914 440; x_wconf 56' lang='lat' dir='ltr'><strong>rizagran.</strong></span> <span class='ocrx_word' id='word_1_3' title='bbox 1959 385 2212 442; x_wconf 63' lang='lat' dir='ltr'><strong>masc.</strong></span> <span class='ocrx_word' id='word_1_4' title='bbox 2249 369 2376 442; x_wconf 67' lang='lat' dir='ltr'><strong>Lib.</strong></span> <span class='ocrx_word' id='word_1_5' title='bbox 2415 388 2548 444; x_wconf 85' lang='lat' dir='ltr'><strong>vui.</strong></span> 
     </span>
    </p>
   </div>
   <div class='ocr_carea' id='block_1_3' title="bbox 3575 400 3680 460">
    <p class='ocr_par' dir='ltr' id='par_1_3' title="bbox 3575 400 3680 460">
     <span class='ocr_line' id='line_1_3' title="bbox 3575 400 3680 460; baseline 0.048 -6"><span class='ocrx_word' id='word_1_6' title='bbox 3575 400 3680 460; x_wconf 80' lang='lat'><strong>670</strong></span> 
     </span>
    </p>
   </div>
   <div class='ocr_carea' id='block_1_4' title="bbox 415 505 1984 589">
    <p class='ocr_par' dir='ltr' id='par_1_4' title="bbox 415 505 1984 577">
     <span class='ocr_line' id='line_1_4' title="bbox 415 505 1984 577; baseline -0.004 -12"><span class='ocrx_word' id='word_1_7' title='bbox 415 510 564 566; x_wconf 73' lang='grc' dir='ltr'>εστιν</span> <span class='ocrx_word' id='word_1_8' title='bbox 611 507 701 562; x_wconf 77' lang='grc' dir='ltr'><strong>ὅτε</strong></span> <span class='ocrx_word' id='word_1_9' title='bbox 749 508 844 561; x_wconf 73' lang='grc' dir='ltr'><strong>καὶ</strong></span> <span class='ocrx_word' id='word_1_10' title='bbox 892 507 1077 570; x_wconf 72' lang='grc' dir='ltr'>αὐτός·</span> <span class='ocrx_word' id='word_1_11' title='bbox 1146 507 1202 559; x_wconf 81' lang='grc' dir='ltr'>ὲν</span> <span class='ocrx_word' id='word_1_12' title='bbox 1253 505 1382 574; x_wconf 85' lang='grc' dir='ltr'>γοῦν</span> <span class='ocrx_word' id='word_1_13' title='bbox 1434 507 1555 569; x_wconf 84' lang='grc' dir='ltr'>ταῖς</span> <span class='ocrx_word' id='word_1_14' title='bbox 1607 506 1984 577; x_wconf 74' lang='grc' dir='ltr'>μεθημεριναίς</span> 
     </span>
    </p>
   </div>
   <div class='ocr_carea' id='block_1_5' title="bbox 2084 505 3678 589">
    <p class='ocr_par' dir='ltr' id='par_1_5' title="bbox 2101 508 3678 589">
     <span class='ocr_line' id='line_1_5' title="bbox 2101 508 3678 589; baseline 0.009 -29"><span class='ocrx_word' id='word_1_15' title='bbox 2101 508 2152 560; x_wconf 92' lang='lat' dir='ltr'><strong>in</strong></span> <span class='ocrx_word' id='word_1_16' title='bbox 2204 509 2268 562; x_wconf 85' lang='lat' dir='ltr'><strong>iis</strong></span> <span class='ocrx_word' id='word_1_17' title='bbox 2309 509 2615 580; x_wconf 81' lang='lat' dir='ltr'><strong>inlligendis</strong></span> <span class='ocrx_word' id='word_1_18' title='bbox 2665 511 3071 580; x_wconf 71' lang='lat' dir='ltr'><strong>improbitatem</strong></span> <span class='ocrx_word' id='word_1_19' title='bbox 3103 513 3206 583; x_wconf 82' lang='lat' dir='ltr'><strong>ipSI</strong></span> <span class='ocrx_word' id='word_1_20' title='bbox 3231 529 3420 582; x_wconf 86' lang='lat' dir='ltr'><strong>suam,</strong></span> <span class='ocrx_word' id='word_1_21' title='bbox 3469 527 3521 572; x_wconf 90' lang='lat' dir='ltr'><strong>et</strong></span> <span class='ocrx_word' id='word_1_22' title='bbox 3552 535 3678 589; x_wconf 81' lang='lat' dir='ltr'><strong>pro-</strong></span> 
     </span>
    </p>
   </div>
   <div class='ocr_carea' id='block_1_6' title="bbox 418 597 1994 675">
    <p class='ocr_par' dir='ltr' id='par_1_6' title="bbox 418 597 1994 675">
     <span class='ocr_line' id='line_1_6' title="bbox 418 597 1994 675; baseline -0.003 -18"><span class='ocrx_word' id='word_1_23' title='bbox 418 601 706 675; x_wconf 84' lang='grc' dir='ltr'>πυρσείαις</span> <span class='ocrx_word' id='word_1_24' title='bbox 739 599 875 669; x_wconf 70' lang='grc'>(40),</span> <span class='ocrx_word' id='word_1_25' title='bbox 903 599 1067 670; x_wconf 73' lang='grc' dir='ltr'>ἡνίκα</span> <span class='ocrx_word' id='word_1_26' title='bbox 1098 599 1160 652; x_wconf 88' lang='grc' dir='ltr'><strong>τὸ</strong></span> <span class='ocrx_word' id='word_1_27' title='bbox 1201 599 1310 670; x_wconf 86' lang='grc' dir='ltr'><strong>πῦρ</strong></span> <span class='ocrx_word' id='word_1_28' title='bbox 1341 599 1444 652; x_wconf 76' lang='grc' dir='ltr'>ὑπὸ</span> <span class='ocrx_word' id='word_1_29' title='bbox 1468 597 1574 653; x_wconf 86' lang='grc' dir='ltr'><strong>τῶν</strong></span> <span class='ocrx_word' id='word_1_30' title='bbox 1619 598 1854 670; x_wconf 77' lang='grc' dir='ltr'><strong>ἡλιακῶν</strong></span> <span class='ocrx_word' id='word_1_31' title='bbox 1895 617 1994 652; x_wconf 83' lang='grc' dir='ltr'>κα-</span> 
     </span>
    </p>
   </div>
   <div class='ocr_carea' id='block_1_7' title="bbox 415 689 1996 765">
    <p class='ocr_par' dir='ltr' id='par_1_7' title="bbox 415 689 1996 765">
     <span class='ocr_line' id='line_1_7' title="bbox 415 689 1996 765; baseline -0.003 -17"><span class='ocrx_word' id='word_1_32' title='bbox 415 691 834 765; x_wconf 78' lang='grc' dir='ltr'>ταλαμπόμενον</span> <span class='ocrx_word' id='word_1_33' title='bbox 872 690 1056 760; x_wconf 74' lang='grc' dir='ltr'>αὐγῶν</span> <span class='ocrx_word' id='word_1_34' title='bbox 1097 689 1519 762; x_wconf 76' lang='grc' dir='ltr'>ἐξαμαυροῦται,</span> <span class='ocrx_word' id='word_1_35' title='bbox 1567 690 1760 761; x_wconf 86' lang='grc' dir='ltr'>καπνῷ</span> <span class='ocrx_word' id='word_1_36' title='bbox 1796 691 1996 762; x_wconf 78' lang='grc' dir='ltr'>μηνύε-</span> 
     </span>
    </p>
   </div>
   <div class='ocr_carea' id='block_1_8' title="bbox 417 778 1994 855">
    <p class='ocr_par' dir='ltr' id='par_1_8' title="bbox 417 778 1994 855">
     <span class='ocr_line' id='line_1_8' title="bbox 417 778 1994 855; baseline -0.004 -15"><span class='ocrx_word' id='word_1_37' title='bbox 417 804 506 840; x_wconf 90' lang='grc' dir='ltr'><strong>ται</strong></span> <span class='ocrx_word' id='word_1_38' title='bbox 551 784 820 854; x_wconf 77' lang='grc' dir='ltr'>πολεμίων</span> <span class='ocrx_word' id='word_1_39' title='bbox 895 783 1101 852; x_wconf 71' lang='grc' dir='ltr'>ἔφοδος.</span> <span class='ocrx_word' id='word_1_40' title='bbox 1145 778 1268 846; x_wconf 72' lang='grc' dir='ltr'>Οἷός</span> <span class='ocrx_word' id='word_1_41' title='bbox 1297 783 1348 852; x_wconf 90' lang='grc' dir='ltr'>γ’</span> <span class='ocrx_word' id='word_1_42' title='bbox 1393 781 1484 836; x_wconf 79' lang='grc' dir='ltr'><strong>οὖν</strong></span> <span class='ocrx_word' id='word_1_43' title='bbox 1539 784 1630 836; x_wconf 76' lang='grc' dir='ltr'>ἐπὶ</span> <span class='ocrx_word' id='word_1_44' title='bbox 1669 784 1768 853; x_wconf 73' lang='grc' dir='ltr'>τῆς</span> <span class='ocrx_word' id='word_1_45' title='bbox 1809 783 1994 855; x_wconf 81' lang='grc' dir='ltr'>ἴριδος,</span> 
     </span>
    </p>
   </div>
   <div class='ocr_carea' id='block_1_9' title="bbox 416 871 1996 942">
    <p class='ocr_par' dir='ltr' id='par_1_9' title="bbox 416 871 1996 942">
     <span class='ocr_line' id='line_1_9' title="bbox 416 871 1996 942; baseline -0.003 -14"><span class='ocrx_word' id='word_1_46' title='bbox 416 874 656 937; x_wconf 85' lang='grc' dir='ltr'>τοιοῦτος</span> <span class='ocrx_word' id='word_1_47' title='bbox 689 874 783 926; x_wconf 80' lang='grc' dir='ltr'><strong>καὶ</strong></span> <span class='ocrx_word' id='word_1_48' title='bbox 817 871 910 924; x_wconf 71' lang='grc' dir='ltr'>ἐπὶ</span> <span class='ocrx_word' id='word_1_49' title='bbox 945 871 1056 924; x_wconf 85' lang='grc' dir='ltr'><strong>τῶν</strong></span> <span class='ocrx_word' id='word_1_50' title='bbox 1085 872 1376 940; x_wconf 63' lang='grc' dir='ltr'>ἐκλείψεων</span> <span class='ocrx_word' id='word_1_51' title='bbox 1403 875 1430 927; x_wconf 89' lang='grc' dir='ltr'>ὁ</span> <span class='ocrx_word' id='word_1_52' title='bbox 1458 873 1632 942; x_wconf 80' lang='grc' dir='ltr'>λόγος.</span> <span class='ocrx_word' id='word_1_53' title='bbox 1664 873 1846 936; x_wconf 82' lang='grc' dir='ltr'>Θείαις</span> <span class='ocrx_word' id='word_1_54' title='bbox 1887 873 1996 942; x_wconf 70' lang='grc' dir='ltr'><strong>γὰρ</strong></span> 
     </span>
    </p>
   </div>
   <div class='ocr_carea' id='block_1_10' title="bbox 418 964 1991 1035">
    <p class='ocr_par' dir='ltr' id='par_1_10' title="bbox 418 964 1991 1035">
     <span class='ocr_line' id='line_1_10' title="bbox 418 964 1991 1035; baseline -0.002 -17"><span class='ocrx_word' id='word_1_55' title='bbox 418 965 642 1035; x_wconf 79' lang='grc' dir='ltr'>φύσεσιν</span> <span class='ocrx_word' id='word_1_56' title='bbox 663 965 816 1035; x_wconf 77' lang='grc' dir='ltr'>ἡλίου</span> <span class='ocrx_word' id='word_1_57' title='bbox 839 966 930 1018; x_wconf 72' lang='grc' dir='ltr'><strong>καὶ</strong></span> <span class='ocrx_word' id='word_1_58' title='bbox 954 964 1184 1035; x_wconf 78' lang='grc' dir='ltr'>σελήνης</span> <span class='ocrx_word' id='word_1_59' title='bbox 1203 964 1658 1018; x_wconf 75' lang='grc' dir='ltr'>ἐπακολουθοῦσιν</span> <span class='ocrx_word' id='word_1_60' title='bbox 1688 965 1958 1032; x_wconf 62' lang='grc' dir='ltr'>ἐκλείψεις</span> <span class='ocrx_word' id='word_1_61' title='bbox 1976 979 1991 994; x_wconf 86' lang='grc'>·</span> 
     </span>
    </p>
   </div>
   <div class='ocr_carea' id='block_1_11' title="bbox 415 1041 1993 1130">
    <p class='ocr_par' dir='ltr' id='par_1_11' title="bbox 415 1056 1993 1130">
     <span class='ocr_line' id='line_1_11' title="bbox 415 1056 1993 1130; baseline -0.001 -17"><span class='ocrx_word' id='word_1_62' title='bbox 415 1058 548 1114; x_wconf 82' lang='grc' dir='ltr'>αἰδὲ</span> <span class='ocrx_word' id='word_1_63' title='bbox 583 1057 877 1130; x_wconf 78' lang='grc' dir='ltr'>μηνύματα</span> <span class='ocrx_word' id='word_1_64' title='bbox 905 1056 1098 1125; x_wconf 87' lang='grc' dir='ltr'>εἰσινῆ</span> <span class='ocrx_word' id='word_1_65' title='bbox 1131 1057 1395 1127; x_wconf 81' lang='grc' dir='ltr'>βασιλέων</span> <span class='ocrx_word' id='word_1_66' title='bbox 1415 1058 1688 1129; x_wconf 82' lang='grc' dir='ltr'>τελευτῆς,</span> <span class='ocrx_word' id='word_1_67' title='bbox 1721 1057 1752 1128; x_wconf 86' lang='grc' dir='ltr'>ἦ</span> <span class='ocrx_word' id='word_1_68' title='bbox 1787 1057 1993 1111; x_wconf 67' lang='grc' dir='ltr'>πόλεων</span> 
     </span>
    </p>
   </div>
   <div class='ocr_carea' id='block_1_12' title="bbox 417 1151 1987 1226">
    <p class='ocr_par' dir='ltr' id='par_1_12' title="bbox 417 1151 1987 1226">
     <span class='ocr_line' id='line_1_12' title="bbox 417 1151 1987 1226; baseline -0.003 -20"><span class='ocrx_word' id='word_1_69' title='bbox 417 1152 624 1226; x_wconf 81' lang='grc' dir='ltr'>φθορᾶς</span> <span class='ocrx_word' id='word_1_70' title='bbox 642 1171 655 1182; x_wconf 90' lang='grc'><strong>·</strong></span> <span class='ocrx_word' id='word_1_71' title='bbox 675 1153 702 1206; x_wconf 88' lang='grc' dir='ltr'>ὃ</span> <span class='ocrx_word' id='word_1_72' title='bbox 717 1152 811 1205; x_wconf 70' lang='grc' dir='ltr'><strong>καὶ</strong></span> <span class='ocrx_word' id='word_1_73' title='bbox 827 1151 1091 1224; x_wconf 87' lang='grc' dir='ltr'>Πίνδαρος</span> <span class='ocrx_word' id='word_1_74' title='bbox 1120 1152 1338 1223; x_wconf 75' lang='grc' dir='ltr'>ᾐνίξατο</span> <span class='ocrx_word' id='word_1_75' title='bbox 1354 1151 1656 1223; x_wconf 79' lang='grc' dir='ltr'>γενομένης</span> <span class='ocrx_word' id='word_1_76' title='bbox 1673 1151 1987 1220; x_wconf 61' lang='grc' dir='ltr'>ἐκλείψεως,</span> 
     </span>
    </p>
   </div>
   <div class='ocr_carea' id='block_1_13' title="bbox 417 1243 1991 1318">
    <p class='ocr_par' dir='ltr' id='par_1_13' title="bbox 417 1243 1991 1318">
     <span class='ocr_line' id='line_1_13' title="bbox 417 1243 1991 1318; baseline -0.002 -18"><span class='ocrx_word' id='word_1_77' title='bbox 417 1246 505 1300; x_wconf 75' lang='grc' dir='ltr'>διὰ</span> <span class='ocrx_word' id='word_1_78' title='bbox 540 1245 651 1298; x_wconf 87' lang='grc' dir='ltr'><strong>τῶν</strong></span> <span class='ocrx_word' id='word_1_79' title='bbox 680 1243 1276 1318; x_wconf 78' lang='grc' dir='ltr'>πρόσθενέῑρημένων.</span> <span class='ocrx_word' id='word_1_80' title='bbox 1323 1245 1381 1296; x_wconf 88' lang='lat'><strong>&#39;0</strong></span> <span class='ocrx_word' id='word_1_81' title='bbox 1413 1244 1469 1298; x_wconf 84' lang='grc' dir='ltr'><strong>δὲ</strong></span> <span class='ocrx_word' id='word_1_82' title='bbox 1501 1243 1562 1316; x_wconf 81' lang='grc' dir='ltr'><strong>δὴ</strong></span> <span class='ocrx_word' id='word_1_83' title='bbox 1595 1243 1690 1296; x_wconf 87' lang='grc' dir='ltr'><strong>τοῦ</strong></span> <span class='ocrx_word' id='word_1_84' title='bbox 1721 1243 1991 1313; x_wconf 81' lang='grc' dir='ltr'>γάλακτος</span> 
     </span>
    </p>
   </div>
   <div class='ocr_carea' id='block_1_14' title="bbox 417 1335 1992 1408">
    <p class='ocr_par' dir='ltr' id='par_1_14' title="bbox 417 1335 1992 1408">
     <span class='ocr_line' id='line_1_14' title="bbox 417 1335 1992 1408; baseline -0.001 -19"><span class='ocrx_word' id='word_1_85' title='bbox 417 1335 632 1399; x_wconf 78' lang='grc' dir='ltr'>κύκλος,</span> <span class='ocrx_word' id='word_1_86' title='bbox 663 1335 762 1406; x_wconf 81' lang='grc' dir='ltr'>τῆς</span> <span class='ocrx_word' id='word_1_87' title='bbox 807 1336 903 1406; x_wconf 82' lang='grc' dir='ltr'><strong>μὲν</strong></span> <span class='ocrx_word' id='word_1_88' title='bbox 943 1335 1116 1406; x_wconf 76' lang='grc' dir='ltr'>αὐτῆς</span> <span class='ocrx_word' id='word_1_89' title='bbox 1161 1335 1347 1397; x_wconf 73' lang='grc' dir='ltr'>οὐσίας</span> <span class='ocrx_word' id='word_1_90' title='bbox 1387 1339 1501 1398; x_wconf 85' lang='grc' dir='ltr'>τοῖς</span> <span class='ocrx_word' id='word_1_91' title='bbox 1549 1335 1726 1400; x_wconf 84' lang='grc' dir='ltr'>ἄλλοις</span> <span class='ocrx_word' id='word_1_92' title='bbox 1773 1337 1992 1408; x_wconf 79' lang='grc' dir='ltr'>ἄστροις</span> 
     </span>
    </p>
   </div>
   <div class='ocr_carea' id='block_1_15' title="bbox 421 1427 1992 1501">
    <p class='ocr_par' dir='ltr' id='par_1_15' title="bbox 421 1427 1992 1501">
     <span class='ocr_line' id='line_1_15' title="bbox 421 1427 1992 1501; baseline 0.001 -19"><span class='ocrx_word' id='word_1_93' title='bbox 421 1428 744 1500; x_wconf 79' lang='grc' dir='ltr'>μετέσχηκε,</span> <span class='ocrx_word' id='word_1_94' title='bbox 783 1427 1248 1500; x_wconf 83' lang='grc' dir='ltr'>δυσαιτιολόγητος</span> <span class='ocrx_word' id='word_1_95' title='bbox 1275 1428 1319 1481; x_wconf 80' lang='grc' dir='ltr'>δ’</span> <span class='ocrx_word' id='word_1_96' title='bbox 1345 1429 1505 1501; x_wconf 75' lang='grc' dir='ltr'>εἴπερ</span> <span class='ocrx_word' id='word_1_97' title='bbox 1537 1428 1649 1481; x_wconf 83' lang='grc' dir='ltr'>ἔστι</span> <span class='ocrx_word' id='word_1_98' title='bbox 1671 1468 1684 1491; x_wconf 92' lang='grc'><strong>,</strong></span> <span class='ocrx_word' id='word_1_99' title='bbox 1733 1428 1805 1500; x_wconf 87' lang='grc' dir='ltr'>μὴ</span> <span class='ocrx_word' id='word_1_100' title='bbox 1857 1430 1992 1484; x_wconf 82' lang='grc' dir='ltr'>ἀπο-</span> 
     </span>
    </p>
   </div>
   <div class='ocr_carea' id='block_1_16' title="bbox 415 1517 1989 1590">
    <p class='ocr_par' dir='ltr' id='par_1_16' title="bbox 415 1517 1989 1590">
     <span class='ocr_line' id='line_1_16' title="bbox 415 1517 1989 1590; baseline 0 -18"><span class='ocrx_word' id='word_1_101' title='bbox 415 1519 714 1572; x_wconf 79' lang='grc' dir='ltr'>κνείτωσαν</span> <span class='ocrx_word' id='word_1_102' title='bbox 772 1518 821 1570; x_wconf 84' lang='grc' dir='ltr'><strong>οἰ</strong></span> <span class='ocrx_word' id='word_1_103' title='bbox 866 1518 934 1572; x_wconf 79' lang='grc' dir='ltr'>τὰ</span> <span class='ocrx_word' id='word_1_104' title='bbox 979 1517 1192 1587; x_wconf 82' lang='grc' dir='ltr'>φύσεως</span> <span class='ocrx_word' id='word_1_105' title='bbox 1243 1520 1469 1590; x_wconf 78' lang='grc' dir='ltr'>ἐρευνᾷν</span> <span class='ocrx_word' id='word_1_106' title='bbox 1523 1519 1791 1582; x_wconf 72' lang='grc' dir='ltr'>εἰωθότες.</span> <span class='ocrx_word' id='word_1_107' title='bbox 1833 1521 1989 1588; x_wconf 63' lang='grc' dir='ltr'>Ὠφε-</span> 
     </span>
    </p>
   </div>
   <div class='ocr_carea' id='block_1_17' title="bbox 415 1609 1989 1682">
    <p class='ocr_par' dir='ltr' id='par_1_17' title="bbox 415 1609 1989 1682">
     <span class='ocr_line' id='line_1_17' title="bbox 415 1609 1989 1682; baseline 0.001 -18"><span class='ocrx_word' id='word_1_108' title='bbox 415 1610 721 1682; x_wconf 83' lang='grc' dir='ltr'>λιμώτατον·</span> <span class='ocrx_word' id='word_1_109' title='bbox 747 1609 856 1682; x_wconf 73' lang='grc' dir='ltr'><strong>γὰρ</strong></span> <span class='ocrx_word' id='word_1_110' title='bbox 885 1613 918 1682; x_wconf 80' lang='grc' dir='ltr'><strong>ἡ</strong></span> <span class='ocrx_word' id='word_1_111' title='bbox 962 1611 1196 1682; x_wconf 74' lang='grc' dir='ltr'>εὕρεσις,</span> <span class='ocrx_word' id='word_1_112' title='bbox 1223 1611 1438 1681; x_wconf 75' lang='grc' dir='ltr'>ἥδιστον</span> <span class='ocrx_word' id='word_1_113' title='bbox 1465 1611 1520 1664; x_wconf 84' lang='grc' dir='ltr'><strong>δὲ</strong></span> <span class='ocrx_word' id='word_1_114' title='bbox 1555 1613 1647 1665; x_wconf 75' lang='grc' dir='ltr'><strong>καὶ</strong></span> <span class='ocrx_word' id='word_1_115' title='bbox 1691 1611 1812 1665; x_wconf 72' lang='grc' dir='ltr'>καθ’</span> <span class='ocrx_word' id='word_1_116' title='bbox 1857 1613 1989 1666; x_wconf 76' lang='grc' dir='ltr'>αὐτὸ</span> 
     </span>
    </p>
   </div>
   <div class='ocr_carea' id='block_1_18' title="bbox 413 1699 1988 1775">
    <p class='ocr_par' dir='ltr' id='par_1_18' title="bbox 413 1699 1988 1775">
     <span class='ocr_line' id='line_1_18' title="bbox 413 1699 1988 1775; baseline 0.001 -19"><span class='ocrx_word' id='word_1_117' title='bbox 413 1706 526 1766; x_wconf 89' lang='grc' dir='ltr'>τοῖς</span> <span class='ocrx_word' id='word_1_118' title='bbox 581 1703 931 1773; x_wconf 80' lang='grc' dir='ltr'>φιλομαθέσιν</span> <span class='ocrx_word' id='word_1_119' title='bbox 957 1706 990 1773; x_wconf 84' lang='grc' dir='ltr'>ὴ</span> <span class='ocrx_word' id='word_1_120' title='bbox 1020 1702 1266 1775; x_wconf 78' lang='grc' dir='ltr'>ζήτησις.</span> <span class='ocrx_word' id='word_1_121' title='bbox 1309 1705 1520 1775; x_wconf 85' lang='grc' dir='ltr'>’Ὠσπερ</span> <span class='ocrx_word' id='word_1_122' title='bbox 1569 1699 1661 1757; x_wconf 78' lang='grc' dir='ltr'><strong>οῦν</strong></span> <span class='ocrx_word' id='word_1_123' title='bbox 1692 1703 1843 1772; x_wconf 69' lang='grc' dir='ltr'>ἥλιος</span> <span class='ocrx_word' id='word_1_124' title='bbox 1893 1706 1988 1758; x_wconf 73' lang='grc' dir='ltr'>καὶ</span> 
     </span>
    </p>
   </div>
   <div class='ocr_carea' id='block_1_19' title="bbox 416 1791 1987 1865">
    <p class='ocr_par' dir='ltr' id='par_1_19' title="bbox 416 1791 1987 1865">
     <span class='ocr_line' id='line_1_19' title="bbox 416 1791 1987 1865; baseline 0 -21"><span class='ocrx_word' id='word_1_125' title='bbox 416 1793 610 1864; x_wconf 73' lang='grc' dir='ltr'>σελήνη</span> <span class='ocrx_word' id='word_1_126' title='bbox 641 1793 866 1864; x_wconf 77' lang='grc' dir='ltr'>προνοίᾳ</span> <span class='ocrx_word' id='word_1_127' title='bbox 909 1793 1227 1862; x_wconf 79' lang='grc' dir='ltr'>γεγόνασιν,</span> <span class='ocrx_word' id='word_1_128' title='bbox 1263 1791 1405 1846; x_wconf 76' lang='grc' dir='ltr'>οὕτω</span> <span class='ocrx_word' id='word_1_129' title='bbox 1441 1793 1536 1846; x_wconf 73' lang='grc' dir='ltr'><strong>καὶ</strong></span> <span class='ocrx_word' id='word_1_130' title='bbox 1576 1793 1645 1846; x_wconf 79' lang='grc' dir='ltr'>τὰ</span> <span class='ocrx_word' id='word_1_131' title='bbox 1676 1795 1732 1846; x_wconf 87' lang='grc' dir='ltr'>ὲν</span> <span class='ocrx_word' id='word_1_132' title='bbox 1775 1792 1987 1865; x_wconf 78' lang='grc' dir='ltr'>οὐρανῷ</span> 
     </span>
    </p>
   </div>
   <div class='ocr_carea' id='block_1_20' title="bbox 2101 600 3678 680">
    <p class='ocr_par' dir='ltr' id='par_1_20' title="bbox 2101 600 3678 680">
     <span class='ocr_line' id='line_1_20' title="bbox 2101 600 3678 680; baseline 0.009 -27"><span class='ocrx_word' id='word_1_133' title='bbox 2101 601 2273 668; x_wconf 87' lang='lat' dir='ltr'><strong>priam</strong></span> <span class='ocrx_word' id='word_1_134' title='bbox 2306 602 2470 654; x_wconf 89' lang='lat' dir='ltr'><strong>animi</strong></span> <span class='ocrx_word' id='word_1_135' title='bbox 2505 600 2671 672; x_wconf 58' lang='lat'><strong>395.</strong></span> <span class='ocrx_word' id='word_1_136' title='bbox 2703 601 3080 657; x_wconf 75' lang='lat' dir='ltr'><strong>crudelitatem</strong></span> <span class='ocrx_word' id='word_1_137' title='bbox 3112 605 3282 658; x_wconf 87' lang='lat' dir='ltr'><strong>secuti</strong></span> <span class='ocrx_word' id='word_1_138' title='bbox 3312 605 3533 674; x_wconf 79' lang='lat' dir='ltr'><strong>fuerint,</strong></span> <span class='ocrx_word' id='word_1_139' title='bbox 3569 627 3678 680; x_wconf 62' lang='lat' dir='ltr'><strong>prae</strong></span> 
     </span>
    </p>
   </div>
   <div class='ocr_carea' id='block_1_21' title="bbox 2097 692 3676 772">
    <p class='ocr_par' dir='ltr' id='par_1_21' title="bbox 2097 692 3676 772">
     <span class='ocr_line' id='line_1_21' title="bbox 2097 692 3676 772; baseline 0.009 -29"><span class='ocrx_word' id='word_1_140' title='bbox 2097 692 2309 746; x_wconf 70' lang='lat' dir='ltr'><strong>cmteris</strong></span> <span class='ocrx_word' id='word_1_141' title='bbox 2339 693 2594 746; x_wconf 88' lang='lat' dir='ltr'><strong>omnibus</strong></span> <span class='ocrx_word' id='word_1_142' title='bbox 2627 701 2884 762; x_wconf 79' lang='lat' dir='ltr'><strong>tanquam</strong></span> <span class='ocrx_word' id='word_1_143' title='bbox 2921 695 3142 754; x_wconf 82' lang='lat' dir='ltr'><strong>sceleris</strong></span> <span class='ocrx_word' id='word_1_144' title='bbox 3170 711 3234 751; x_wconf 89' lang='lat' dir='ltr'><strong>ac</strong></span> <span class='ocrx_word' id='word_1_145' title='bbox 3256 699 3511 769; x_wconf 68' lang='lat' dir='ltr'><strong>nequitim</strong></span> <span class='ocrx_word' id='word_1_146' title='bbox 3534 697 3676 772; x_wconf 84' lang='lat' dir='ltr'><strong>prin-</strong></span> 
     </span>
    </p>
   </div>
   <div class='ocr_carea' id='block_1_22' title="bbox 2097 779 3676 852">
    <p class='ocr_par' dir='ltr' id='par_1_22' title="bbox 2097 779 3676 852">
     <span class='ocr_line' id='line_1_22' title="bbox 2097 779 3676 852; baseline 0.011 -20"><span class='ocrx_word' id='word_1_147' title='bbox 2097 779 2244 848; x_wconf 81' lang='lat' dir='ltr'><strong>cipes</strong></span> <span class='ocrx_word' id='word_1_148' title='bbox 2264 796 2450 834; x_wconf 88' lang='lat' dir='ltr'><strong>severe</strong></span> <span class='ocrx_word' id='word_1_149' title='bbox 2465 782 2808 852; x_wconf 88' lang='lat' dir='ltr'><strong>graviterque</strong></span> <span class='ocrx_word' id='word_1_150' title='bbox 2835 784 3008 852; x_wconf 84' lang='lat' dir='ltr'><strong>punit.</strong></span> <span class='ocrx_word' id='word_1_151' title='bbox 3031 782 3498 850; x_wconf 86' lang='lat' dir='ltr'><strong>Quemadmodum</strong></span> <span class='ocrx_word' id='word_1_152' title='bbox 3527 795 3676 849; x_wconf 82' lang='lat' dir='ltr'><strong>enim</strong></span> 
     </span>
    </p>
   </div>
   <div class='ocr_carea' id='block_1_23' title="bbox 2097 874 3676 952">
    <p class='ocr_par' dir='ltr' id='par_1_23' title="bbox 2097 874 3676 952">
     <span class='ocr_line' id='line_1_23' title="bbox 2097 874 3676 952; baseline 0.01 -28"><span class='ocrx_word' id='word_1_153' title='bbox 2097 874 2177 928; x_wconf 92' lang='lat' dir='ltr'><strong>vis</strong></span> <span class='ocrx_word' id='word_1_154' title='bbox 2213 875 2352 945; x_wconf 90' lang='lat' dir='ltr'><strong>ignis</strong></span> <span class='ocrx_word' id='word_1_155' title='bbox 2377 875 2642 946; x_wconf 76' lang='lat' dir='ltr'><strong>ejusmodi</strong></span> <span class='ocrx_word' id='word_1_156' title='bbox 2691 887 2794 940; x_wconf 91' lang='lat' dir='ltr'><strong>est,</strong></span> <span class='ocrx_word' id='word_1_157' title='bbox 2829 894 2952 947; x_wconf 68' lang='lat' dir='ltr'><strong>qua:</strong></span> <span class='ocrx_word' id='word_1_158' title='bbox 2985 879 3254 948; x_wconf 89' lang='lat' dir='ltr'><strong>objectam</strong></span> <span class='ocrx_word' id='word_1_159' title='bbox 3305 882 3526 952; x_wconf 86' lang='lat' dir='ltr'><strong>depasta</strong></span> <span class='ocrx_word' id='word_1_160' title='bbox 3559 903 3676 940; x_wconf 88' lang='lat' dir='ltr'><strong>ma-</strong></span> 
     </span>
    </p>
   </div>
   <div class='ocr_carea' id='block_1_24' title="bbox 2097 969 3672 1044">
    <p class='ocr_par' dir='ltr' id='par_1_24' title="bbox 2097 969 3672 1044">
     <span class='ocr_line' id='line_1_24' title="bbox 2097 969 3672 1044; baseline 0.006 -21"><span class='ocrx_word' id='word_1_161' title='bbox 2097 969 2310 1029; x_wconf 82' lang='lat' dir='ltr'><strong>teriam.</strong></span> <span class='ocrx_word' id='word_1_162' title='bbox 2341 985 2460 1024; x_wconf 81' lang='lat' dir='ltr'><strong>sese</strong></span> <span class='ocrx_word' id='word_1_163' title='bbox 2486 970 2700 1024; x_wconf 85' lang='lat' dir='ltr'><strong>tandem</strong></span> <span class='ocrx_word' id='word_1_164' title='bbox 2737 971 2850 1038; x_wconf 89' lang='lat' dir='ltr'><strong>ipsa</strong></span> <span class='ocrx_word' id='word_1_165' title='bbox 2883 969 3138 1025; x_wconf 81' lang='lat' dir='ltr'><strong>conﬁciat</strong></span> <span class='ocrx_word' id='word_1_166' title='bbox 3174 983 3340 1042; x_wconf 90' lang='lat' dir='ltr'><strong>atque</strong></span> <span class='ocrx_word' id='word_1_167' title='bbox 3361 987 3672 1044; x_wconf 82' lang='lat' dir='ltr'><strong>consumat,</strong></span> 
     </span>
    </p>
   </div>
   <div class='ocr_carea' id='block_1_25' title="bbox 2095 1061 3674 1139">
    <p class='ocr_par' dir='ltr' id='par_1_25' title="bbox 2095 1061 3674 1139">
     <span class='ocr_line' id='line_1_25' title="bbox 2095 1061 3674 1139; baseline 0.006 -23"><span class='ocrx_word' id='word_1_168' title='bbox 2095 1061 2168 1116; x_wconf 91' lang='lat' dir='ltr'><strong>ita</strong></span> <span class='ocrx_word' id='word_1_169' title='bbox 2209 1063 2302 1131; x_wconf 83' lang='lat' dir='ltr'><strong>qui</strong></span> <span class='ocrx_word' id='word_1_170' title='bbox 2348 1063 2452 1117; x_wconf 87' lang='lat' dir='ltr'><strong>sibi</strong></span> <span class='ocrx_word' id='word_1_171' title='bbox 2501 1064 2878 1117; x_wconf 80' lang='lat' dir='ltr'><strong>auctoritatem</strong></span> <span class='ocrx_word' id='word_1_172' title='bbox 2912 1065 2965 1118; x_wconf 92' lang='lat' dir='ltr'><strong>in</strong></span> <span class='ocrx_word' id='word_1_173' title='bbox 2996 1067 3227 1135; x_wconf 90' lang='lat' dir='ltr'><strong>populos</strong></span> <span class='ocrx_word' id='word_1_174' title='bbox 3275 1067 3674 1139; x_wconf 81' lang='lat' dir='ltr'><strong>imperiumque</strong></span> 
     </span>
    </p>
   </div>
   <div class='ocr_carea' id='block_1_26' title="bbox 2095 1155 3674 1223">
    <p class='ocr_par' dir='ltr' id='par_1_26' title="bbox 2095 1155 3674 1223">
     <span class='ocr_line' id='line_1_26' title="bbox 2095 1155 3674 1223; baseline 0.006 -15"><span class='ocrx_word' id='word_1_175' title='bbox 2095 1169 2376 1222; x_wconf 76' lang='lat' dir='ltr'><strong>sumpsere</strong></span> <span class='ocrx_word' id='word_1_176' title='bbox 2401 1192 2414 1217; x_wconf 91' lang='lat'><strong>,</strong></span> <span class='ocrx_word' id='word_1_177' title='bbox 2465 1155 2532 1208; x_wconf 92' lang='lat' dir='ltr'><strong>iis</strong></span> <span class='ocrx_word' id='word_1_178' title='bbox 2559 1155 2825 1223; x_wconf 81' lang='lat' dir='ltr'><strong>spoliatis,</strong></span> <span class='ocrx_word' id='word_1_179' title='bbox 2863 1166 2915 1209; x_wconf 88' lang='lat' dir='ltr'><strong>et</strong></span> <span class='ocrx_word' id='word_1_180' title='bbox 2939 1155 3252 1214; x_wconf 88' lang='lat' dir='ltr'><strong>hominibus</strong></span> <span class='ocrx_word' id='word_1_181' title='bbox 3285 1161 3566 1216; x_wconf 79' lang='lat' dir='ltr'><strong>exhaustis</strong></span> <span class='ocrx_word' id='word_1_182' title='bbox 3593 1160 3674 1217; x_wconf 85' lang='lat' dir='ltr'><strong>ci-</strong></span> 
     </span>
    </p>
   </div>
   <div class='ocr_carea' id='block_1_27' title="bbox 2091 1245 3668 1320">
    <p class='ocr_par' dir='ltr' id='par_1_27' title="bbox 2091 1245 3668 1320">
     <span class='ocr_line' id='line_1_27' title="bbox 2091 1245 3668 1320; baseline 0.005 -22"><span class='ocrx_word' id='word_1_183' title='bbox 2091 1245 2374 1308; x_wconf 83' lang='lat' dir='ltr'><strong>vitatibus,</strong></span> <span class='ocrx_word' id='word_1_184' title='bbox 2417 1261 2608 1314; x_wconf 66' lang='lat' dir='ltr'><strong>pinnas</strong></span> <span class='ocrx_word' id='word_1_185' title='bbox 2637 1246 2737 1314; x_wconf 90' lang='lat' dir='ltr'><strong>ipsi</strong></span> <span class='ocrx_word' id='word_1_186' title='bbox 2772 1247 3006 1316; x_wconf 89' lang='lat' dir='ltr'><strong>denique</strong></span> <span class='ocrx_word' id='word_1_187' title='bbox 3031 1249 3241 1303; x_wconf 77' lang='lat' dir='ltr'><strong>luentes</strong></span> <span class='ocrx_word' id='word_1_188' title='bbox 3266 1251 3668 1320; x_wconf 87' lang='lat' dir='ltr'><strong>universorum,</strong></span> 
     </span>
    </p>
   </div>
   <div class='ocr_carea' id='block_1_28' title="bbox 2091 1337 3672 1416">
    <p class='ocr_par' dir='ltr' id='par_1_28' title="bbox 2091 1337 3672 1416">
     <span class='ocr_line' id='line_1_28' title="bbox 2091 1337 3672 1416; baseline 0.007 -26"><span class='ocrx_word' id='word_1_189' title='bbox 2091 1337 2258 1408; x_wconf 90' lang='lat' dir='ltr'><strong>digno</strong></span> <span class='ocrx_word' id='word_1_190' title='bbox 2288 1338 2512 1407; x_wconf 83' lang='lat' dir='ltr'><strong>insuper</strong></span> <span class='ocrx_word' id='word_1_191' title='bbox 2537 1339 2802 1392; x_wconf 89' lang='lat' dir='ltr'><strong>tolluntur</strong></span> <span class='ocrx_word' id='word_1_192' title='bbox 2831 1340 3018 1393; x_wconf 79' lang='lat' dir='ltr'><strong>exitio.</strong></span> <span class='ocrx_word' id='word_1_193' title='bbox 3065 1340 3203 1406; x_wconf 87' lang='lat' dir='ltr'><strong>Quid</strong></span> <span class='ocrx_word' id='word_1_194' title='bbox 3232 1343 3428 1396; x_wconf 86' lang='lat' dir='ltr'><strong>mirum</strong></span> <span class='ocrx_word' id='word_1_195' title='bbox 3465 1355 3672 1416; x_wconf 81' lang='lat' dir='ltr'><strong>autem,</strong></span> 
     </span>
    </p>
   </div>
   <div class='ocr_carea' id='block_1_29' title="bbox 2091 1428 3671 1502">
    <p class='ocr_par' dir='ltr' id='par_1_29' title="bbox 2091 1428 3671 1502">
     <span class='ocr_line' id='line_1_29' title="bbox 2091 1428 3671 1502; baseline 0.007 -20"><span class='ocrx_word' id='word_1_196' title='bbox 2091 1429 2135 1482; x_wconf 89' lang='lat' dir='ltr'><strong>si</strong></span> <span class='ocrx_word' id='word_1_197' title='bbox 2172 1428 2453 1482; x_wconf 87' lang='lat' dir='ltr'><strong>hominum</strong></span> <span class='ocrx_word' id='word_1_198' title='bbox 2491 1429 2892 1498; x_wconf 86' lang='lat' dir='ltr'><strong>improbitatem</strong></span> <span class='ocrx_word' id='word_1_199' title='bbox 2937 1431 2990 1484; x_wconf 93' lang='lat' dir='ltr'><strong>in</strong></span> <span class='ocrx_word' id='word_1_200' title='bbox 3042 1431 3269 1486; x_wconf 86' lang='lat' dir='ltr'><strong>urbibus</strong></span> <span class='ocrx_word' id='word_1_201' title='bbox 3303 1435 3541 1502; x_wconf 88' lang='lat' dir='ltr'><strong>passim,</strong></span> <span class='ocrx_word' id='word_1_202' title='bbox 3583 1454 3671 1493; x_wconf 82' lang='lat' dir='ltr'><strong>re-</strong></span> 
     </span>
    </p>
   </div>
   <div class='ocr_carea' id='block_1_30' title="bbox 2090 1519 3670 1592">
    <p class='ocr_par' dir='ltr' id='par_1_30' title="bbox 2090 1519 3670 1592">
     <span class='ocr_line' id='line_1_30' title="bbox 2090 1519 3670 1592; baseline 0.008 -22"><span class='ocrx_word' id='word_1_203' title='bbox 2090 1519 2363 1587; x_wconf 80' lang='lat' dir='ltr'><strong>gionibus,</strong></span> <span class='ocrx_word' id='word_1_204' title='bbox 2380 1519 2707 1588; x_wconf 87' lang='lat' dir='ltr'><strong>populisque</strong></span> <span class='ocrx_word' id='word_1_205' title='bbox 2733 1529 3098 1592; x_wconf 82' lang='lat' dir='ltr'><strong>grassantem,</strong></span> <span class='ocrx_word' id='word_1_206' title='bbox 3127 1531 3481 1592; x_wconf 81' lang='lat' dir='ltr'><strong>tyrannorum</strong></span> <span class='ocrx_word' id='word_1_207' title='bbox 3503 1543 3670 1585; x_wconf 89' lang='lat' dir='ltr'><strong>manu</strong></span> 
     </span>
    </p>
   </div>
   <div class='ocr_carea' id='block_1_31' title="bbox 2089 1610 3667 1688">
    <p class='ocr_par' dir='ltr' id='par_1_31' title="bbox 2089 1610 3667 1688">
     <span class='ocr_line' id='line_1_31' title="bbox 2089 1610 3667 1688; baseline 0.007 -25"><span class='ocrx_word' id='word_1_208' title='bbox 2089 1610 2234 1666; x_wconf 91' lang='lat' dir='ltr'><strong>Deus</strong></span> <span class='ocrx_word' id='word_1_209' title='bbox 2285 1613 2638 1673; x_wconf 80' lang='lat' dir='ltr'><strong>exterminet.</strong></span> <span class='ocrx_word' id='word_1_210' title='bbox 2691 1630 2812 1668; x_wconf 90' lang='lat' dir='ltr'><strong>cum</strong></span> <span class='ocrx_word' id='word_1_211' title='bbox 2869 1615 3096 1682; x_wconf 77' lang='lat' dir='ltr'><strong>ipsemet</strong></span> <span class='ocrx_word' id='word_1_212' title='bbox 3144 1619 3290 1672; x_wconf 89' lang='lat' dir='ltr'><strong>nulla</strong></span> <span class='ocrx_word' id='word_1_213' title='bbox 3341 1619 3667 1688; x_wconf 84' lang='lat' dir='ltr'><strong>cujusquam</strong></span> 
     </span>
    </p>
   </div>
   <div class='ocr_carea' id='block_1_32' title="bbox 2090 1701 3666 1779">
    <p class='ocr_par' dir='ltr' id='par_1_32' title="bbox 2090 1701 3666 1779">
     <span class='ocr_line' id='line_1_32' title="bbox 2090 1701 3666 1779; baseline 0.005 -27"><span class='ocrx_word' id='word_1_214' title='bbox 2090 1716 2224 1754; x_wconf 85' lang='lat' dir='ltr'><strong>usus</strong></span> <span class='ocrx_word' id='word_1_215' title='bbox 2250 1715 2411 1770; x_wconf 86' lang='lat' dir='ltr'><strong>opera</strong></span> <span class='ocrx_word' id='word_1_216' title='bbox 2432 1743 2448 1766; x_wconf 91' lang='lat'><strong>,</strong></span> <span class='ocrx_word' id='word_1_217' title='bbox 2478 1701 2527 1754; x_wconf 90' lang='lat' dir='ltr'><strong>id</strong></span> <span class='ocrx_word' id='word_1_218' title='bbox 2557 1703 2732 1770; x_wconf 86' lang='lat' dir='ltr'><strong>ipsum</strong></span> <span class='ocrx_word' id='word_1_219' title='bbox 2767 1719 2861 1772; x_wconf 88' lang='lat' dir='ltr'><strong>per</strong></span> <span class='ocrx_word' id='word_1_220' title='bbox 2886 1720 3006 1760; x_wconf 86' lang='lat' dir='ltr'><strong>sese</strong></span> <span class='ocrx_word' id='word_1_221' title='bbox 3033 1723 3422 1778; x_wconf 83' lang='lat' dir='ltr'><strong>nonnunquam</strong></span> <span class='ocrx_word' id='word_1_222' title='bbox 3451 1710 3666 1779; x_wconf 77' lang='lat' dir='ltr'><strong>ellieiat,</strong></span> 
     </span>
    </p>
   </div>
   <div class='ocr_carea' id='block_1_33' title="bbox 2091 1789 3667 1859">
    <p class='ocr_par' dir='ltr' id='par_1_33' title="bbox 2091 1789 3667 1859">
     <span class='ocr_line' id='line_1_33' title="bbox 2091 1789 3667 1859; baseline 0.008 -17"><span class='ocrx_word' id='word_1_223' title='bbox 2091 1789 2312 1854; x_wconf 78' lang='lat' dir='ltr'><strong>famem,</strong></span> <span class='ocrx_word' id='word_1_224' title='bbox 2365 1791 2752 1859; x_wconf 79' lang='lat' dir='ltr'><strong>pestilentiam,</strong></span> <span class='ocrx_word' id='word_1_225' title='bbox 2806 1801 2962 1848; x_wconf 68' lang='lat' dir='ltr'><strong>teri-te</strong></span> <span class='ocrx_word' id='word_1_226' title='bbox 3009 1807 3212 1859; x_wconf 89' lang='lat' dir='ltr'><strong>motus,</strong></span> <span class='ocrx_word' id='word_1_227' title='bbox 3261 1813 3325 1852; x_wconf 92' lang='lat' dir='ltr'><strong>ac</strong></span> <span class='ocrx_word' id='word_1_228' title='bbox 3363 1807 3585 1853; x_wconf 71' lang='lat' dir='ltr'><strong>caeteras</strong></span> <span class='ocrx_word' id='word_1_229' title='bbox 3614 1801 3667 1854; x_wconf 93' lang='lat' dir='ltr'><strong>id</strong></span> 
     </span>
    </p>
   </div>
   <div class='ocr_carea' id='block_1_34' title="bbox 414 1860 1984 1958">
    <p class='ocr_par' dir='ltr' id='par_1_34' title="bbox 414 1884 1984 1956">
     <span class='ocr_line' id='line_1_34' title="bbox 414 1884 1984 1956; baseline 0 -18"><span class='ocrx_word' id='word_1_230' title='bbox 414 1885 611 1949; x_wconf 82' lang='grc' dir='ltr'>πάντα,</span> <span class='ocrx_word' id='word_1_231' title='bbox 642 1886 746 1939; x_wconf 73' lang='grc' dir='ltr'>κᾶν</span> <span class='ocrx_word' id='word_1_232' title='bbox 778 1888 956 1956; x_wconf 78' lang='grc' dir='ltr'>ἡμεῖς,</span> <span class='ocrx_word' id='word_1_233' title='bbox 989 1884 1087 1949; x_wconf 77' lang='grc' dir='ltr'>τὰς</span> <span class='ocrx_word' id='word_1_234' title='bbox 1115 1886 1360 1938; x_wconf 76' lang='grc' dir='ltr'>ἑκάστων</span> <span class='ocrx_word' id='word_1_235' title='bbox 1394 1885 1582 1954; x_wconf 65' lang='grc' dir='ltr'>φύσεις</span> <span class='ocrx_word' id='word_1_236' title='bbox 1613 1903 1671 1939; x_wconf 86' lang='grc' dir='ltr'><strong>τε</strong></span> <span class='ocrx_word' id='word_1_237' title='bbox 1705 1887 1797 1938; x_wconf 70' lang='grc' dir='ltr'><strong>καὶ</strong></span> <span class='ocrx_word' id='word_1_238' title='bbox 1825 1885 1984 1940; x_wconf 81' lang='grc' dir='ltr'>δυνά-</span> 
     </span>
    </p>
   </div>
   <div class='ocr_carea' id='block_1_35' title="bbox 2084 1860 3666 1958">
    <p class='ocr_par' dir='ltr' id='par_1_35' title="bbox 2089 1883 3666 1958">
     <span class='ocr_line' id='line_1_35' title="bbox 2089 1883 3666 1958; baseline 0.006 -23"><span class='ocrx_word' id='word_1_239' title='bbox 2089 1897 2260 1950; x_wconf 83' lang='lat' dir='ltr'><strong>genus</strong></span> <span class='ocrx_word' id='word_1_240' title='bbox 2312 1883 2652 1936; x_wconf 88' lang='lat' dir='ltr'><strong>calamitates</strong></span> <span class='ocrx_word' id='word_1_241' title='bbox 2697 1884 2912 1939; x_wconf 69' lang='lat' dir='ltr'><strong>cmlitus</strong></span> <span class='ocrx_word' id='word_1_242' title='bbox 2943 1884 3319 1950; x_wconf 86' lang='lat' dir='ltr'><strong>immittendo,</strong></span> <span class='ocrx_word' id='word_1_243' title='bbox 3355 1885 3554 1958; x_wconf 84' lang='lat' dir='ltr'><strong>quibus</strong></span> <span class='ocrx_word' id='word_1_244' title='bbox 3585 1889 3666 1944; x_wconf 87' lang='lat' dir='ltr'><strong>vis</strong></span> 
     </span>
    </p>
   </div>
   <div class='ocr_carea' id='block_1_36' title="bbox 417 1977 1984 2052">
    <p class='ocr_par' dir='ltr' id='par_1_36' title="bbox 417 1977 1984 2052">
     <span class='ocr_line' id='line_1_36' title="bbox 417 1977 1984 2052; baseline -0.001 -20"><span class='ocrx_word' id='word_1_245' title='bbox 417 1997 538 2052; x_wconf 83' lang='grc' dir='ltr'>μεις</span> <span class='ocrx_word' id='word_1_246' title='bbox 567 1979 869 2050; x_wconf 84' lang='grc' dir='ltr'>ίχνηλατεῖν</span> <span class='ocrx_word' id='word_1_247' title='bbox 904 1978 1320 2042; x_wconf 79' lang='grc' dir='ltr'>ἀδυνατοῦντες,</span> <span class='ocrx_word' id='word_1_248' title='bbox 1355 1977 1734 2049; x_wconf 75' lang='grc' dir='ltr'>ἡσυχάζωμεν.</span> <span class='ocrx_word' id='word_1_249' title='bbox 1765 1977 1984 2048; x_wconf 82' lang='grc' dir='ltr'>Σεισμοί</span> 
     </span>
    </p>
   </div>
   <div class='ocr_carea' id='block_1_37' title="bbox 409 2067 1980 2140">
    <p class='ocr_par' dir='ltr' id='par_1_37' title="bbox 409 2067 1980 2140">
     <span class='ocr_line' id='line_1_37' title="bbox 409 2067 1980 2140; baseline -0.002 -17"><span class='ocrx_word' id='word_1_250' title='bbox 409 2088 496 2134; x_wconf 86' lang='grc' dir='ltr'><strong>τε,</strong></span> <span class='ocrx_word' id='word_1_251' title='bbox 529 2072 623 2124; x_wconf 72' lang='grc' dir='ltr'><strong>καὶ</strong></span> <span class='ocrx_word' id='word_1_252' title='bbox 648 2070 843 2139; x_wconf 78' lang='grc' dir='ltr'>λοιμοὶ,</span> <span class='ocrx_word' id='word_1_253' title='bbox 872 2070 966 2122; x_wconf 72' lang='grc' dir='ltr'><strong>καὶ</strong></span> <span class='ocrx_word' id='word_1_254' title='bbox 999 2069 1277 2140; x_wconf 79' lang='grc' dir='ltr'>κεραυνῶν</span> <span class='ocrx_word' id='word_1_255' title='bbox 1302 2069 1470 2140; x_wconf 73' lang='grc' dir='ltr'>βολαὶ,</span> <span class='ocrx_word' id='word_1_256' title='bbox 1499 2069 1590 2122; x_wconf 70' lang='grc' dir='ltr'><strong>καὶ</strong></span> <span class='ocrx_word' id='word_1_257' title='bbox 1614 2069 1714 2122; x_wconf 83' lang='grc' dir='ltr'><strong>ὅσα</strong></span> <span class='ocrx_word' id='word_1_258' title='bbox 1737 2067 1980 2132; x_wconf 84' lang='grc' dir='ltr'>τοιαῦτα,</span> 
     </span>
    </p>
   </div>
   <div class='ocr_carea' id='block_1_38' title="bbox 409 2159 1984 2234">
    <p class='ocr_par' dir='ltr' id='par_1_38' title="bbox 409 2159 1984 2234">
     <span class='ocr_line' id='line_1_38' title="bbox 409 2159 1984 2234; baseline -0.001 -20"><span class='ocrx_word' id='word_1_259' title='bbox 409 2162 630 2232; x_wconf 82' lang='grc' dir='ltr'>λέγεται</span> <span class='ocrx_word' id='word_1_260' title='bbox 677 2163 775 2233; x_wconf 83' lang='grc' dir='ltr'><strong>μὲν</strong></span> <span class='ocrx_word' id='word_1_261' title='bbox 819 2159 956 2215; x_wconf 80' lang='grc' dir='ltr'>εἶναι</span> <span class='ocrx_word' id='word_1_262' title='bbox 1002 2161 1258 2234; x_wconf 79' lang='grc' dir='ltr'>θεήλατα,</span> <span class='ocrx_word' id='word_1_263' title='bbox 1302 2162 1438 2232; x_wconf 80' lang='grc' dir='ltr'>πρὸς</span> <span class='ocrx_word' id='word_1_264' title='bbox 1491 2161 1535 2213; x_wconf 87' lang='grc' dir='ltr'>δ’</span> <span class='ocrx_word' id='word_1_265' title='bbox 1582 2160 1837 2232; x_wconf 77' lang='grc' dir='ltr'>ἀλήθειαν</span> <span class='ocrx_word' id='word_1_266' title='bbox 1883 2161 1984 2213; x_wconf 71' lang='grc' dir='ltr'><strong>οὐκ</strong></span> 
     </span>
    </p>
   </div>
   <div class='ocr_carea' id='block_1_39' title="bbox 409 2251 1980 2324">
    <p class='ocr_par' dir='ltr' id='par_1_39' title="bbox 409 2251 1980 2324">
     <span class='ocr_line' id='line_1_39' title="bbox 409 2251 1980 2324; baseline -0.001 -19"><span class='ocrx_word' id='word_1_267' title='bbox 409 2251 558 2306; x_wconf 78' lang='grc' dir='ltr'><strong>ἔστι⁸</strong></span> <span class='ocrx_word' id='word_1_268' title='bbox 595 2251 729 2316; x_wconf 78' lang='grc' dir='ltr'>Θεὸς</span> <span class='ocrx_word' id='word_1_269' title='bbox 771 2253 878 2324; x_wconf 78' lang='grc' dir='ltr'>γὰρ</span> <span class='ocrx_word' id='word_1_270' title='bbox 922 2252 1134 2316; x_wconf 82' lang='grc' dir='ltr'>οὐδενὸς</span> <span class='ocrx_word' id='word_1_271' title='bbox 1188 2253 1358 2316; x_wconf 71' lang='grc' dir='ltr'>αἴτιος</span> <span class='ocrx_word' id='word_1_272' title='bbox 1407 2251 1577 2306; x_wconf 83' lang='grc' dir='ltr'>κακοῦ</span> <span class='ocrx_word' id='word_1_273' title='bbox 1621 2251 1980 2321; x_wconf 75' lang='grc' dir='ltr'>τοπαράπαν,</span> 
     </span>
    </p>
   </div>
   <div class='ocr_carea' id='block_1_40' title="bbox 409 2343 1979 2417">
    <p class='ocr_par' dir='ltr' id='par_1_40' title="bbox 409 2343 1979 2417">
     <span class='ocr_line' id='line_1_40' title="bbox 409 2343 1979 2417; baseline -0.002 -18"><span class='ocrx_word' id='word_1_274' title='bbox 409 2343 525 2399; x_wconf 81' lang='grc' dir='ltr'>ἀλλ’</span> <span class='ocrx_word' id='word_1_275' title='bbox 555 2347 622 2398; x_wconf 84' lang='grc' dir='ltr'>αἰ·</span> <span class='ocrx_word' id='word_1_276' title='bbox 643 2345 750 2399; x_wconf 85' lang='grc' dir='ltr'><strong>τῶν</strong></span> <span class='ocrx_word' id='word_1_277' title='bbox 786 2344 1062 2415; x_wconf 76' lang='grc' dir='ltr'>στοιχείων</span> <span class='ocrx_word' id='word_1_278' title='bbox 1093 2344 1386 2417; x_wconf 74' lang='grc' dir='ltr'>μεταϐολαὶ</span> <span class='ocrx_word' id='word_1_279' title='bbox 1416 2343 1588 2396; x_wconf 83' lang='grc' dir='ltr'>ταῦτα</span> <span class='ocrx_word' id='word_1_280' title='bbox 1615 2343 1894 2412; x_wconf 77' lang='grc' dir='ltr'>γεννῶσιν,</span> <span class='ocrx_word' id='word_1_281' title='bbox 1919 2343 1979 2396; x_wconf 79' lang='grc' dir='ltr'>οὔ</span> 
     </span>
    </p>
   </div>
   <div class='ocr_carea' id='block_1_41' title="bbox 409 2432 1981 2506">
    <p class='ocr_par' dir='ltr' id='par_1_41' title="bbox 409 2432 1981 2506">
     <span class='ocr_line' id='line_1_41' title="bbox 409 2432 1981 2506; baseline -0.003 -19"><span class='ocrx_word' id='word_1_282' title='bbox 409 2433 793 2506; x_wconf 74' lang='grc' dir='ltr'>προηγούμενα</span> <span class='ocrx_word' id='word_1_283' title='bbox 817 2433 954 2506; x_wconf 77' lang='grc' dir='ltr'>ἔργα</span> <span class='ocrx_word' id='word_1_284' title='bbox 985 2436 1216 2502; x_wconf 79' lang='grc' dir='ltr'>φύσεως,</span> <span class='ocrx_word' id='word_1_285' title='bbox 1257 2432 1368 2486; x_wconf 81' lang='grc' dir='ltr'>ἀλλ’</span> <span class='ocrx_word' id='word_1_286' title='bbox 1399 2432 1637 2503; x_wconf 77' lang='grc' dir='ltr'>ἑπόμενα</span> <span class='ocrx_word' id='word_1_287' title='bbox 1659 2435 1772 2494; x_wconf 85' lang='grc' dir='ltr'>τοῖς</span> <span class='ocrx_word' id='word_1_288' title='bbox 1812 2433 1981 2500; x_wconf 81' lang='grc' dir='ltr'>ἀναγ-</span> 
     </span>
    </p>
   </div>
   <div class='ocr_carea' id='block_1_42' title="bbox 409 2525 1980 2598">
    <p class='ocr_par' dir='ltr' id='par_1_42' title="bbox 409 2525 1980 2598">
     <span class='ocr_line' id='line_1_42' title="bbox 409 2525 1980 2598; baseline -0.001 -18"><span class='ocrx_word' id='word_1_289' title='bbox 409 2527 606 2590; x_wconf 81' lang='grc' dir='ltr'>καίοις,</span> <span class='ocrx_word' id='word_1_290' title='bbox 656 2527 749 2580; x_wconf 68' lang='grc' dir='ltr'><strong>καὶ</strong></span> <span class='ocrx_word' id='word_1_291' title='bbox 779 2531 891 2590; x_wconf 83' lang='grc' dir='ltr'>τοῖς</span> <span class='ocrx_word' id='word_1_292' title='bbox 924 2527 1357 2598; x_wconf 79' lang='grc' dir='ltr'>προηγουμένοις</span> <span class='ocrx_word' id='word_1_293' title='bbox 1400 2525 1880 2579; x_wconf 74' lang='grc' dir='ltr'>ἐπακολουθοῦντα.</span> <span class='ocrx_word' id='word_1_294' title='bbox 1916 2527 1980 2579; x_wconf 89' lang='grc' dir='ltr'>Εἰ</span> 
     </span>
    </p>
   </div>
   <div class='ocr_carea' id='block_1_43' title="bbox 408 2616 1982 2690">
    <p class='ocr_par' dir='ltr' id='par_1_43' title="bbox 408 2616 1982 2690">
     <span class='ocr_line' id='line_1_43' title="bbox 408 2616 1982 2690; baseline 0 -20"><span class='ocrx_word' id='word_1_295' title='bbox 408 2617 465 2671; x_wconf 79' lang='grc' dir='ltr'>δέ</span> <span class='ocrx_word' id='word_1_296' title='bbox 507 2635 652 2682; x_wconf 89' lang='grc' dir='ltr'>τινες</span> <span class='ocrx_word' id='word_1_297' title='bbox 696 2618 803 2672; x_wconf 85' lang='grc' dir='ltr'><strong>τῶν</strong></span> <span class='ocrx_word' id='word_1_298' title='bbox 846 2618 1214 2690; x_wconf 79' lang='grc' dir='ltr'>χαριεστέρων</span> <span class='ocrx_word' id='word_1_299' title='bbox 1261 2617 1688 2671; x_wconf 78' lang='grc' dir='ltr'>συναπολαύουσι</span> <span class='ocrx_word' id='word_1_300' title='bbox 1741 2617 1842 2686; x_wconf 77' lang='grc' dir='ltr'>τῆς</span> <span class='ocrx_word' id='word_1_301' title='bbox 1873 2616 1982 2670; x_wconf 80' lang='grc' dir='ltr'>ἀπὸ</span> 
     </span>
    </p>
   </div>
   <div class='ocr_carea' id='block_1_44' title="bbox 406 2709 1980 2782">
    <p class='ocr_par' dir='ltr' id='par_1_44' title="bbox 406 2709 1980 2782">
     <span class='ocr_line' id='line_1_44' title="bbox 406 2709 1980 2782; baseline 0.001 -22"><span class='ocrx_word' id='word_1_302' title='bbox 406 2709 610 2762; x_wconf 77' lang='grc' dir='ltr'>τούτων</span> <span class='ocrx_word' id='word_1_303' title='bbox 645 2709 866 2782; x_wconf 76' lang='grc' dir='ltr'>βλάϐης,</span> <span class='ocrx_word' id='word_1_304' title='bbox 898 2711 998 2764; x_wconf 79' lang='grc' dir='ltr'><strong>οὐκ</strong></span> <span class='ocrx_word' id='word_1_305' title='bbox 1031 2710 1301 2764; x_wconf 77' lang='grc' dir='ltr'>αἰτιατέον</span> <span class='ocrx_word' id='word_1_306' title='bbox 1329 2711 1426 2782; x_wconf 86' lang='grc' dir='ltr'>τὴν</span> <span class='ocrx_word' id='word_1_307' title='bbox 1452 2710 1734 2781; x_wconf 79' lang='grc' dir='ltr'>διοίκησιν.</span> <span class='ocrx_word' id='word_1_308' title='bbox 1759 2709 1980 2780; x_wconf 84' lang='grc' dir='ltr'>Πρῶτον</span> 
     </span>
    </p>
   </div>
   <div class='ocr_carea' id='block_1_45' title="bbox 415 2799 1976 2872">
    <p class='ocr_par' dir='ltr' id='par_1_45' title="bbox 415 2799 1976 2872">
     <span class='ocr_line' id='line_1_45' title="bbox 415 2799 1976 2872; baseline 0 -20"><span class='ocrx_word' id='word_1_309' title='bbox 415 2802 510 2853; x_wconf 72' lang='grc' dir='ltr'><strong>μὲν</strong></span> <span class='ocrx_word' id='word_1_310' title='bbox 541 2800 650 2872; x_wconf 76' lang='grc' dir='ltr'>γὰρ</span> <span class='ocrx_word' id='word_1_311' title='bbox 683 2801 803 2862; x_wconf 79' lang='grc' dir='ltr'>οὐκ,</span> <span class='ocrx_word' id='word_1_312' title='bbox 838 2799 892 2852; x_wconf 73' lang='grc' dir='ltr'>εἴ</span> <span class='ocrx_word' id='word_1_313' title='bbox 917 2818 1056 2863; x_wconf 87' lang='grc' dir='ltr'>τινες</span> <span class='ocrx_word' id='word_1_314' title='bbox 1089 2799 1282 2868; x_wconf 85' lang='grc' dir='ltr'>ἁγαθοὶ</span> <span class='ocrx_word' id='word_1_315' title='bbox 1323 2804 1452 2872; x_wconf 83' lang='grc' dir='ltr'>παρ’</span> <span class='ocrx_word' id='word_1_316' title='bbox 1486 2804 1615 2872; x_wconf 79' lang='grc' dir='ltr'>ἡμῖν</span> <span class='ocrx_word' id='word_1_317' title='bbox 1648 2801 1976 2872; x_wconf 76' lang='grc' dir='ltr'>νομίζονται,</span> 
     </span>
    </p>
   </div>
   <div class='ocr_carea' id='block_1_46' title="bbox 405 2892 1978 2964">
    <p class='ocr_par' dir='ltr' id='par_1_46' title="bbox 405 2892 1978 2964">
     <span class='ocr_line' id='line_1_46' title="bbox 405 2892 1978 2964; baseline -0.001 -19"><span class='ocrx_word' id='word_1_318' title='bbox 405 2893 502 2946; x_wconf 80' lang='grc' dir='ltr'><strong>καὶ</strong></span> <span class='ocrx_word' id='word_1_319' title='bbox 541 2893 678 2964; x_wconf 82' lang='grc' dir='ltr'>πρὸς</span> <span class='ocrx_word' id='word_1_320' title='bbox 710 2892 966 2962; x_wconf 77' lang='grc' dir='ltr'>ἀλήθειάν</span> <span class='ocrx_word' id='word_1_321' title='bbox 1001 2894 1135 2946; x_wconf 73' lang='grc' dir='ltr'>εἰσιν</span> <span class='ocrx_word' id='word_1_322' title='bbox 1159 2934 1172 2956; x_wconf 90' lang='grc'><strong>,</strong></span> <span class='ocrx_word' id='word_1_323' title='bbox 1209 2893 1391 2962; x_wconf 76' lang='grc' dir='ltr'>ἐπειδὴ</span> <span class='ocrx_word' id='word_1_324' title='bbox 1423 2893 1492 2945; x_wconf 76' lang='grc' dir='ltr'>τὰ</span> <span class='ocrx_word' id='word_1_325' title='bbox 1537 2892 1668 2944; x_wconf 84' lang='grc' dir='ltr'>Θεοῦ</span> <span class='ocrx_word' id='word_1_326' title='bbox 1723 2893 1978 2964; x_wconf 76' lang='grc' dir='ltr'>κριτήρια</span> 
     </span>
    </p>
   </div>
   <div class='ocr_carea' id='block_1_47' title="bbox 403 2982 1980 3056">
    <p class='ocr_par' dir='ltr' id='par_1_47' title="bbox 403 2982 1980 3056">
     <span class='ocr_line' id='line_1_47' title="bbox 403 2982 1980 3056; baseline 0.002 -21"><span class='ocrx_word' id='word_1_327' title='bbox 403 2983 520 3036; x_wconf 84' lang='grc' dir='ltr'><strong>τῶν</strong></span> <span class='ocrx_word' id='word_1_328' title='bbox 545 2983 688 3037; x_wconf 76' lang='grc' dir='ltr'>κατὰ</span> <span class='ocrx_word' id='word_1_329' title='bbox 713 2984 806 3036; x_wconf 86' lang='grc' dir='ltr'><strong>τὸν</strong></span> <span class='ocrx_word' id='word_1_330' title='bbox 837 2983 1175 3055; x_wconf 81' lang='grc' dir='ltr'>ἀνθρώπινον</span> <span class='ocrx_word' id='word_1_331' title='bbox 1197 2982 1320 3037; x_wconf 86' lang='grc' dir='ltr'>νοῦν</span> <span class='ocrx_word' id='word_1_332' title='bbox 1341 2985 1554 3037; x_wconf 78' lang='grc' dir='ltr'>πάντων</span> <span class='ocrx_word' id='word_1_333' title='bbox 1577 2983 1943 3056; x_wconf 80' lang='grc' dir='ltr'>ἀκριϐέστερα</span> <span class='ocrx_word' id='word_1_334' title='bbox 1961 3001 1980 3014; x_wconf 85' lang='grc'><strong>·</strong></span> 
     </span>
    </p>
   </div>
   <div class='ocr_carea' id='block_1_48' title="bbox 400 3072 1978 3144">
    <p class='ocr_par' dir='ltr' id='par_1_48' title="bbox 400 3072 1978 3144">
     <span class='ocr_line' id='line_1_48' title="bbox 400 3072 1978 3144; baseline 0.001 -18"><span class='ocrx_word' id='word_1_335' title='bbox 400 3072 656 3144; x_wconf 82' lang='grc' dir='ltr'>δεύτερον</span> <span class='ocrx_word' id='word_1_336' title='bbox 681 3073 736 3126; x_wconf 77' lang='grc' dir='ltr'><strong>δὲ</strong></span> <span class='ocrx_word' id='word_1_337' title='bbox 765 3073 825 3127; x_wconf 75' lang='grc' dir='ltr'>τὸ</span> <span class='ocrx_word' id='word_1_338' title='bbox 853 3073 1132 3144; x_wconf 74' lang='grc' dir='ltr'>προμηθὲς</span> <span class='ocrx_word' id='word_1_339' title='bbox 1163 3073 1254 3126; x_wconf 79' lang='grc' dir='ltr'>ἐπὶ</span> <span class='ocrx_word' id='word_1_340' title='bbox 1283 3073 1351 3126; x_wconf 74' lang='grc' dir='ltr'>τὰ</span> <span class='ocrx_word' id='word_1_341' title='bbox 1389 3073 1495 3126; x_wconf 86' lang='grc' dir='ltr'><strong>τῶν</strong></span> <span class='ocrx_word' id='word_1_342' title='bbox 1536 3075 1593 3126; x_wconf 80' lang='grc' dir='ltr'><strong>ἐν</strong></span> <span class='ocrx_word' id='word_1_343' title='bbox 1619 3073 1806 3144; x_wconf 71' lang='grc' dir='ltr'>κόσμῳ</span> <span class='ocrx_word' id='word_1_344' title='bbox 1853 3091 1978 3127; x_wconf 87' lang='grc' dir='ltr'>συν-</span> 
     </span>
    </p>
   </div>
   <div class='ocr_carea' id='block_1_49' title="bbox 403 3163 2047 3251">
    <p class='ocr_par' dir='ltr' id='par_1_49' title="bbox 403 3163 2047 3251">
     <span class='ocr_line' id='line_1_49' title="bbox 403 3163 2047 3251; baseline -0.001 -32"><span class='ocrx_word' id='word_1_345' title='bbox 403 3165 744 3224; x_wconf 84' lang='grc' dir='ltr'>εκτικώτατα</span> <span class='ocrx_word' id='word_1_346' title='bbox 783 3166 982 3236; x_wconf 76' lang='grc' dir='ltr'>ἐφορᾷν</span> <span class='ocrx_word' id='word_1_347' title='bbox 1009 3166 1228 3236; x_wconf 48' lang='lat' dir='ltr'><strong>anxir</strong></span> <span class='ocrx_word' id='word_1_348' title='bbox 1273 3163 1526 3236; x_wconf 82' lang='grc' dir='ltr'>καθάπερ</span> <span class='ocrx_word' id='word_1_349' title='bbox 1570 3166 1626 3218; x_wconf 78' lang='grc' dir='ltr'><strong>ἐν</strong></span> <span class='ocrx_word' id='word_1_350' title='bbox 1665 3169 1782 3228; x_wconf 87' lang='grc' dir='ltr'>ταῖς</span> <span class='ocrx_word' id='word_1_351' title='bbox 1826 3165 1977 3236; x_wconf 83' lang='grc' dir='ltr'>βασι·</span> <span class='ocrx_word' id='word_1_352' title='bbox 2005 3195 2047 3251; x_wconf 73' lang='lat' dir='ltr'><strong><em>C</em></strong></span> 
     </span>
    </p>
   </div>
   <div class='ocr_carea' id='block_1_50' title="bbox 399 3257 1978 3330">
    <p class='ocr_par' dir='ltr' id='par_1_50' title="bbox 399 3257 1978 3330">
     <span class='ocr_line' id='line_1_50' title="bbox 399 3257 1978 3330; baseline 0 -18"><span class='ocrx_word' id='word_1_353' title='bbox 399 3259 574 3321; x_wconf 79' lang='grc' dir='ltr'>λείαις</span> <span class='ocrx_word' id='word_1_354' title='bbox 603 3259 695 3311; x_wconf 73' lang='grc' dir='ltr'><strong>καὶ</strong></span> <span class='ocrx_word' id='word_1_355' title='bbox 722 3257 1129 3328; x_wconf 83' lang='grc' dir='ltr'>στραταρχίαις,</span> <span class='ocrx_word' id='word_1_356' title='bbox 1159 3258 1250 3310; x_wconf 76' lang='grc' dir='ltr'><strong>ἐπὶ</strong></span> <span class='ocrx_word' id='word_1_357' title='bbox 1270 3257 1369 3321; x_wconf 81' lang='grc' dir='ltr'>τὰς</span> <span class='ocrx_word' id='word_1_358' title='bbox 1392 3258 1574 3320; x_wconf 71' lang='grc' dir='ltr'>πόλεις</span> <span class='ocrx_word' id='word_1_359' title='bbox 1604 3259 1696 3310; x_wconf 72' lang='grc' dir='ltr'><strong>καὶ</strong></span> <span class='ocrx_word' id='word_1_360' title='bbox 1723 3258 1789 3312; x_wconf 75' lang='grc' dir='ltr'>τὰ</span> <span class='ocrx_word' id='word_1_361' title='bbox 1817 3275 1978 3330; x_wconf 85' lang='grc' dir='ltr'>στρα-</span> 
     </span>
    </p>
   </div>
   <div class='ocr_carea' id='block_1_51' title="bbox 399 3348 1980 3419">
    <p class='ocr_par' dir='ltr' id='par_1_51' title="bbox 399 3348 1980 3419">
     <span class='ocr_line' id='line_1_51' title="bbox 399 3348 1980 3419; baseline 0.003 -20"><span class='ocrx_word' id='word_1_362' title='bbox 399 3348 622 3410; x_wconf 77' lang='grc' dir='ltr'>τόπεδα,</span> <span class='ocrx_word' id='word_1_363' title='bbox 655 3350 752 3401; x_wconf 78' lang='grc' dir='ltr'><strong>οὐκ</strong></span> <span class='ocrx_word' id='word_1_364' title='bbox 785 3350 876 3402; x_wconf 78' lang='grc' dir='ltr'><strong>ἐπί</strong></span> <span class='ocrx_word' id='word_1_365' title='bbox 918 3365 1037 3402; x_wconf 87' lang='grc' dir='ltr'>τινα</span> <span class='ocrx_word' id='word_1_366' title='bbox 1069 3348 1178 3401; x_wconf 87' lang='grc' dir='ltr'><strong>τῶν</strong></span> <span class='ocrx_word' id='word_1_367' title='bbox 1227 3349 1589 3419; x_wconf 71' lang='grc' dir='ltr'>ἠμελημένων</span> <span class='ocrx_word' id='word_1_368' title='bbox 1631 3351 1724 3402; x_wconf 75' lang='grc' dir='ltr'><strong>καὶ</strong></span> <span class='ocrx_word' id='word_1_369' title='bbox 1759 3351 1980 3419; x_wconf 67' lang='grc' dir='ltr'>ἀφανῶν</span> 
     </span>
    </p>
   </div>
   <div class='ocr_carea' id='block_1_52' title="bbox 402 3439 1980 3513">
    <p class='ocr_par' dir='ltr' id='par_1_52' title="bbox 402 3439 1980 3513">
     <span class='ocr_line' id='line_1_52' title="bbox 402 3439 1980 3513; baseline 0.002 -21"><span class='ocrx_word' id='word_1_370' title='bbox 402 3439 498 3496; x_wconf 80' lang='grc' dir='ltr'><strong>ἕνα</strong></span> <span class='ocrx_word' id='word_1_371' title='bbox 526 3441 616 3492; x_wconf 78' lang='grc' dir='ltr'><strong>τὸν</strong></span> <span class='ocrx_word' id='word_1_372' title='bbox 651 3440 1040 3510; x_wconf 73' lang='grc' dir='ltr'>προστυχόντα.</span> <span class='ocrx_word' id='word_1_373' title='bbox 1083 3440 1313 3508; x_wconf 82' lang='grc' dir='ltr'>Λέγουσι</span> <span class='ocrx_word' id='word_1_374' title='bbox 1355 3440 1416 3493; x_wconf 78' lang='grc' dir='ltr'>δέ</span> <span class='ocrx_word' id='word_1_375' title='bbox 1439 3458 1605 3504; x_wconf 83' lang='grc' dir='ltr'>τινες,</span> <span class='ocrx_word' id='word_1_376' title='bbox 1647 3441 1892 3513; x_wconf 82' lang='grc' dir='ltr'>καθάπερ</span> <span class='ocrx_word' id='word_1_377' title='bbox 1923 3443 1980 3496; x_wconf 82' lang='grc' dir='ltr'>ὲν</span> 
     </span>
    </p>
   </div>
   <div class='ocr_carea' id='block_1_53' title="bbox 399 3531 1980 3604">
    <p class='ocr_par' dir='ltr' id='par_1_53' title="bbox 399 3531 1980 3604">
     <span class='ocr_line' id='line_1_53' title="bbox 399 3531 1980 3604; baseline 0.003 -20"><span class='ocrx_word' id='word_1_378' title='bbox 399 3535 520 3596; x_wconf 83' lang='grc' dir='ltr'>ταῖς</span> <span class='ocrx_word' id='word_1_379' title='bbox 547 3531 1012 3604; x_wconf 85' lang='grc' dir='ltr'>τυραννοκτονίαις</span> <span class='ocrx_word' id='word_1_380' title='bbox 1039 3533 1130 3584; x_wconf 76' lang='grc' dir='ltr'><strong>καὶ</strong></span> <span class='ocrx_word' id='word_1_381' title='bbox 1168 3532 1294 3595; x_wconf 77' lang='grc' dir='ltr'>τοὺς</span> <span class='ocrx_word' id='word_1_382' title='bbox 1334 3535 1612 3600; x_wconf 86' lang='grc' dir='ltr'>συγγενεῖς</span> <span class='ocrx_word' id='word_1_383' title='bbox 1639 3533 1980 3604; x_wconf 83' lang='grc' dir='ltr'>ἀναιρεῖσθαι</span> 
     </span>
    </p>
   </div>
   <div class='ocr_carea' id='block_1_54' title="bbox 401 3617 1979 3695">
    <p class='ocr_par' dir='ltr' id='par_1_54' title="bbox 401 3617 1979 3695">
     <span class='ocr_line' id='line_1_54' title="bbox 401 3617 1979 3695; baseline -0.001 -18"><span class='ocrx_word' id='word_1_384' title='bbox 401 3617 628 3694; x_wconf 66' lang='grc' dir='ltr'>νόμιμόν</span> <span class='ocrx_word' id='word_1_385' title='bbox 664 3625 800 3686; x_wconf 78' lang='grc' dir='ltr'>ἐστι,</span> <span class='ocrx_word' id='word_1_386' title='bbox 837 3623 978 3694; x_wconf 79' lang='grc' dir='ltr'>ὑπὲρ</span> <span class='ocrx_word' id='word_1_387' title='bbox 1022 3623 1118 3676; x_wconf 85' lang='grc' dir='ltr'><strong>τοῦ</strong></span> <span class='ocrx_word' id='word_1_388' title='bbox 1149 3624 1366 3695; x_wconf 80' lang='grc' dir='ltr'>μεγέθει</span> <span class='ocrx_word' id='word_1_389' title='bbox 1401 3623 1503 3694; x_wconf 82' lang='grc' dir='ltr'>τῆς</span> <span class='ocrx_word' id='word_1_390' title='bbox 1543 3625 1812 3695; x_wconf 86' lang='grc' dir='ltr'>τιμωρίας</span> <span class='ocrx_word' id='word_1_391' title='bbox 1857 3626 1979 3677; x_wconf 79' lang='grc' dir='ltr'>ἐπι-</span> 
     </span>
    </p>
   </div>
   <div class='ocr_carea' id='block_1_55' title="bbox 403 3715 1992 3788">
    <p class='ocr_par' dir='ltr' id='par_1_55' title="bbox 403 3715 1992 3788">
     <span class='ocr_line' id='line_1_55' title="bbox 403 3715 1992 3788; baseline 0.001 -19"><span class='ocrx_word' id='word_1_392' title='bbox 403 3715 656 3786; x_wconf 81' lang='grc' dir='ltr'>σχεθῆναι</span> <span class='ocrx_word' id='word_1_393' title='bbox 683 3715 751 3768; x_wconf 78' lang='grc' dir='ltr'>τὰ</span> <span class='ocrx_word' id='word_1_394' title='bbox 783 3715 1123 3786; x_wconf 80' lang='grc' dir='ltr'>ἀδικήματα·</span> <span class='ocrx_word' id='word_1_395' title='bbox 1163 3717 1254 3770; x_wconf 73' lang='grc' dir='ltr'><strong>τὸν</strong></span> <span class='ocrx_word' id='word_1_396' title='bbox 1287 3717 1448 3770; x_wconf 72' lang='grc' dir='ltr'>αὑτὸν</span> <span class='ocrx_word' id='word_1_397' title='bbox 1483 3716 1685 3788; x_wconf 75' lang='grc' dir='ltr'>τρόπον</span> <span class='ocrx_word' id='word_1_398' title='bbox 1717 3717 1818 3770; x_wconf 87' lang='grc' dir='ltr'>κάν</span> <span class='ocrx_word' id='word_1_399' title='bbox 1857 3721 1992 3782; x_wconf 86' lang='grc' dir='ltr'>ταῖς·</span> 
     </span>
    </p>
   </div>
   <div class='ocr_carea' id='block_1_56' title="bbox 399 3805 1980 3880">
    <p class='ocr_par' dir='ltr' id='par_1_56' title="bbox 399 3805 1980 3880">
     <span class='ocr_line' id='line_1_56' title="bbox 399 3805 1980 3880; baseline 0.001 -20"><span class='ocrx_word' id='word_1_400' title='bbox 399 3805 686 3878; x_wconf 79' lang='grc' dir='ltr'>λοιμῶδεσι</span> <span class='ocrx_word' id='word_1_401' title='bbox 729 3809 904 3870; x_wconf 80' lang='grc' dir='ltr'>νόσοις</span> <span class='ocrx_word' id='word_1_402' title='bbox 934 3807 1379 3879; x_wconf 84' lang='grc' dir='ltr'>παραπόλλυσθαί</span> <span class='ocrx_word' id='word_1_403' title='bbox 1407 3824 1560 3872; x_wconf 87' lang='grc' dir='ltr'>τινας</span> <span class='ocrx_word' id='word_1_404' title='bbox 1583 3807 1689 3862; x_wconf 85' lang='grc' dir='ltr'><strong>τῶν</strong></span> <span class='ocrx_word' id='word_1_405' title='bbox 1717 3809 1790 3880; x_wconf 82' lang='grc' dir='ltr'>μὴ</span> <span class='ocrx_word' id='word_1_406' title='bbox 1815 3810 1980 3862; x_wconf 84' lang='grc' dir='ltr'>ὑπαι-</span> 
     </span>
    </p>
   </div>
   <div class='ocr_carea' id='block_1_57' title="bbox 400 3897 1980 3973">
    <p class='ocr_par' dir='ltr' id='par_1_57' title="bbox 400 3897 1980 3973">
     <span class='ocr_line' id='line_1_57' title="bbox 400 3897 1980 3973; baseline 0.003 -21"><span class='ocrx_word' id='word_1_407' title='bbox 400 3897 550 3962; x_wconf 83' lang='grc' dir='ltr'>τίων,</span> <span class='ocrx_word' id='word_1_408' title='bbox 582 3899 668 3952; x_wconf 76' lang='grc' dir='ltr'>ἴνα</span> <span class='ocrx_word' id='word_1_409' title='bbox 706 3898 986 3970; x_wconf 66' lang='grc' dir='ltr'>πόρρωθεν</span> <span class='ocrx_word' id='word_1_410' title='bbox 1039 3900 1088 3952; x_wconf 82' lang='grc' dir='ltr'>οι</span> <span class='ocrx_word' id='word_1_411' title='bbox 1137 3899 1285 3954; x_wconf 82' lang='grc' dir='ltr'>ἄλλοι</span> <span class='ocrx_word' id='word_1_412' title='bbox 1337 3901 1804 3972; x_wconf 69' lang='grc' dir='ltr'>σωφρονίζωνται·</span> <span class='ocrx_word' id='word_1_413' title='bbox 1857 3903 1980 3973; x_wconf 87' lang='grc' dir='ltr'>δίχα</span> 
     </span>
    </p>
   </div>
   <div class='ocr_carea' id='block_1_58' title="bbox 399 3987 1979 4064">
    <p class='ocr_par' dir='ltr' id='par_1_58' title="bbox 399 3987 1979 4064">
     <span class='ocr_line' id='line_1_58' title="bbox 399 3987 1979 4064; baseline 0.002 -20"><span class='ocrx_word' id='word_1_414' title='bbox 399 3988 496 4044; x_wconf 76' lang='grc' dir='ltr'><strong>τοῦ</strong></span> <span class='ocrx_word' id='word_1_415' title='bbox 524 3991 822 4058; x_wconf 79' lang='grc' dir='ltr'>ἀναγκαῖον</span> <span class='ocrx_word' id='word_1_416' title='bbox 843 3987 1128 4053; x_wconf 77' lang='grc' dir='ltr'>εἶναιτοὺς</span> <span class='ocrx_word' id='word_1_417' title='bbox 1157 3991 1566 4062; x_wconf 80' lang='grc' dir='ltr'>ἐμφερομένους</span> <span class='ocrx_word' id='word_1_418' title='bbox 1612 3993 1732 4064; x_wconf 80' lang='grc' dir='ltr'>ἀέρι</span> <span class='ocrx_word' id='word_1_419' title='bbox 1760 3993 1979 4047; x_wconf 72' lang='grc' dir='ltr'>νοσώδει</span> 
     </span>
    </p>
   </div>
   <div class='ocr_carea' id='block_1_59' title="bbox 399 4081 1986 4154">
    <p class='ocr_par' dir='ltr' id='par_1_59' title="bbox 399 4081 1986 4154">
     <span class='ocr_line' id='line_1_59' title="bbox 399 4081 1986 4154; baseline 0.004 -20"><span class='ocrx_word' id='word_1_420' title='bbox 399 4084 596 4146; x_wconf 83' lang='grc' dir='ltr'>νοσεῖν,</span> <span class='ocrx_word' id='word_1_421' title='bbox 631 4081 818 4153; x_wconf 84' lang='grc' dir='ltr'>ὥσπερ</span> <span class='ocrx_word' id='word_1_422' title='bbox 850 4083 942 4136; x_wconf 71' lang='grc' dir='ltr'>καὶ</span> <span class='ocrx_word' id='word_1_423' title='bbox 985 4082 1112 4146; x_wconf 76' lang='grc' dir='ltr'>τοὺς</span> <span class='ocrx_word' id='word_1_424' title='bbox 1166 4084 1223 4136; x_wconf 84' lang='grc' dir='ltr'>ὲν</span> <span class='ocrx_word' id='word_1_425' title='bbox 1267 4082 1356 4152; x_wconf 74' lang='grc' dir='ltr'><strong>νηῒ</strong></span> <span class='ocrx_word' id='word_1_426' title='bbox 1389 4084 1819 4154; x_wconf 74' lang='grc' dir='ltr'>χειμαζομένους</span> <span class='ocrx_word' id='word_1_427' title='bbox 1865 4104 1986 4140; x_wconf 86' lang='grc' dir='ltr'>κιν-</span> 
     </span>
    </p>
   </div>
   <div class='ocr_carea' id='block_1_60' title="bbox 397 4173 1984 4246">
    <p class='ocr_par' dir='ltr' id='par_1_60' title="bbox 397 4173 1984 4246">
     <span class='ocr_line' id='line_1_60' title="bbox 397 4173 1984 4246; baseline 0.004 -20"><span class='ocrx_word' id='word_1_428' title='bbox 397 4173 642 4228; x_wconf 81' lang='grc' dir='ltr'>δυνεύειν</span> <span class='ocrx_word' id='word_1_429' title='bbox 693 4175 894 4239; x_wconf 78' lang='grc' dir='ltr'>ὲξίσου.</span> <span class='ocrx_word' id='word_1_430' title='bbox 927 4174 1008 4228; x_wconf 78' lang='grc' dir='ltr'><strong>Τὰ</strong></span> <span class='ocrx_word' id='word_1_431' title='bbox 1031 4174 1077 4228; x_wconf 79' lang='grc' dir='ltr'>δ’</span> <span class='ocrx_word' id='word_1_432' title='bbox 1116 4173 1323 4245; x_wconf 75' lang='grc' dir='ltr'>ἄλκιμα</span> <span class='ocrx_word' id='word_1_433' title='bbox 1355 4175 1464 4228; x_wconf 87' lang='grc' dir='ltr'><strong>τῶν</strong></span> <span class='ocrx_word' id='word_1_434' title='bbox 1504 4175 1706 4246; x_wconf 74' lang='grc' dir='ltr'>θηρίων</span> <span class='ocrx_word' id='word_1_435' title='bbox 1759 4178 1984 4246; x_wconf 67' lang='grc' dir='ltr'>γέγονεν</span> 
     </span>
    </p>
   </div>
   <div class='ocr_carea' id='block_1_61' title="bbox 401 4265 1982 4339">
    <p class='ocr_par' dir='ltr' id='par_1_61' title="bbox 401 4265 1982 4339">
     <span class='ocr_line' id='line_1_61' title="bbox 401 4265 1982 4339; baseline 0.002 -20"><span class='ocrx_word' id='word_1_436' title='bbox 401 4265 499 4336; x_wconf 80' lang='grc' dir='ltr'>(οὐ</span> <span class='ocrx_word' id='word_1_437' title='bbox 525 4267 635 4339; x_wconf 83' lang='grc' dir='ltr'>γὰρ</span> <span class='ocrx_word' id='word_1_438' title='bbox 673 4267 1102 4336; x_wconf 80' lang='grc' dir='ltr'>ὑποσιωπητέον,</span> <span class='ocrx_word' id='word_1_439' title='bbox 1132 4265 1207 4330; x_wconf 80' lang='grc' dir='ltr'>ὡς</span> <span class='ocrx_word' id='word_1_440' title='bbox 1233 4265 1298 4320; x_wconf 81' lang='grc' dir='ltr'>ἂν</span> <span class='ocrx_word' id='word_1_441' title='bbox 1328 4269 1391 4320; x_wconf 86' lang='grc' dir='ltr'>εἰ·</span> <span class='ocrx_word' id='word_1_442' title='bbox 1411 4266 1520 4336; x_wconf 74' lang='grc'><strong>(41)</strong></span> <span class='ocrx_word' id='word_1_443' title='bbox 1555 4269 1648 4321; x_wconf 77' lang='grc' dir='ltr'>καὶ</span> <span class='ocrx_word' id='word_1_444' title='bbox 1683 4268 1762 4339; x_wconf 84' lang='grc' dir='ltr'>τῷ</span> <span class='ocrx_word' id='word_1_445' title='bbox 1793 4269 1982 4334; x_wconf 82' lang='grc' dir='ltr'>δεινῶς</span> 
     </span>
    </p>
   </div>
   <div class='ocr_carea' id='block_1_62' title="bbox 399 4356 1976 4430">
    <p class='ocr_par' dir='ltr' id='par_1_62' title="bbox 399 4356 1976 4430">
     <span class='ocr_line' id='line_1_62' title="bbox 399 4356 1976 4430; baseline 0.001 -18"><span class='ocrx_word' id='word_1_446' title='bbox 399 4358 575 4412; x_wconf 78' lang='grc' dir='ltr'>εῖπεῖν</span> <span class='ocrx_word' id='word_1_447' title='bbox 621 4358 852 4430; x_wconf 79' lang='grc' dir='ltr'>οἰομένῳ</span> <span class='ocrx_word' id='word_1_448' title='bbox 916 4356 1206 4430; x_wconf 80' lang='grc' dir='ltr'>προλαϐὼν</span> <span class='ocrx_word' id='word_1_449' title='bbox 1285 4359 1384 4430; x_wconf 76' lang='grc' dir='ltr'><strong>τὴν</strong></span> <span class='ocrx_word' id='word_1_450' title='bbox 1423 4359 1719 4428; x_wconf 73' lang='grc' dir='ltr'>ἀπολογίαν</span> <span class='ocrx_word' id='word_1_451' title='bbox 1794 4361 1976 4413; x_wconf 79' lang='grc' dir='ltr'>διέσυ-</span> 
     </span>
    </p>
   </div>
   <div class='ocr_carea' id='block_1_63' title="bbox 401 4449 1980 4523">
    <p class='ocr_par' dir='ltr' id='par_1_63' title="bbox 401 4449 1980 4523">
     <span class='ocr_line' id='line_1_63' title="bbox 401 4449 1980 4523; baseline 0.002 -22"><span class='ocrx_word' id='word_1_452' title='bbox 401 4449 516 4523; x_wconf 81' lang='grc' dir='ltr'>ρες)</span> <span class='ocrx_word' id='word_1_453' title='bbox 580 4450 864 4520; x_wconf 80' lang='grc' dir='ltr'>ἀσκήσεως</span> <span class='ocrx_word' id='word_1_454' title='bbox 927 4449 1088 4502; x_wconf 80' lang='grc' dir='ltr'>ἓνεκα</span> <span class='ocrx_word' id='word_1_455' title='bbox 1135 4449 1233 4520; x_wconf 79' lang='grc' dir='ltr'><strong>τῆς</strong></span> <span class='ocrx_word' id='word_1_456' title='bbox 1297 4451 1434 4519; x_wconf 77' lang='grc' dir='ltr'>πρὸς</span> <span class='ocrx_word' id='word_1_457' title='bbox 1486 4451 1608 4514; x_wconf 80' lang='grc' dir='ltr'>τοὺς</span> <span class='ocrx_word' id='word_1_458' title='bbox 1649 4451 1980 4522; x_wconf 78' lang='grc' dir='ltr'>πολεμικοὺς</span> 
     </span>
    </p>
   </div>
   <div class='ocr_carea' id='block_1_64' title="bbox 2089 1970 3664 2051">
    <p class='ocr_par' dir='ltr' id='par_1_64' title="bbox 2089 1970 3664 2051">
     <span class='ocr_line' id='line_1_64' title="bbox 2089 1970 3664 2051; baseline 0.005 -23"><span class='ocrx_word' id='word_1_459' title='bbox 2089 1975 2368 2029; x_wconf 89' lang='lat' dir='ltr'><strong>hominum</strong></span> <span class='ocrx_word' id='word_1_460' title='bbox 2403 1976 2596 2046; x_wconf 84' lang='lat' dir='ltr'><strong>ingens</strong></span> <span class='ocrx_word' id='word_1_461' title='bbox 2635 1970 2878 2046; x_wconf 83' lang='lat' dir='ltr'><strong>quotidie</strong></span> <span class='ocrx_word' id='word_1_462' title='bbox 2909 1979 3116 2033; x_wconf 89' lang='lat' dir='ltr'><strong>tollitur</strong></span> <span class='ocrx_word' id='word_1_463' title='bbox 3138 2019 3153 2044; x_wconf 93' lang='lat'><strong>,</strong></span> <span class='ocrx_word' id='word_1_464' title='bbox 3205 1995 3440 2050; x_wconf 89' lang='lat' dir='ltr'><strong>parsque</strong></span> <span class='ocrx_word' id='word_1_465' title='bbox 3471 1997 3664 2051; x_wconf 82' lang='lat' dir='ltr'><strong>magna</strong></span> 
     </span>
    </p>
   </div>
   <div class='ocr_carea' id='block_1_65' title="bbox 2086 2069 3665 2138">
    <p class='ocr_par' dir='ltr' id='par_1_65' title="bbox 2086 2069 3665 2138">
     <span class='ocr_line' id='line_1_65' title="bbox 2086 2069 3665 2138; baseline 0.006 -20"><span class='ocrx_word' id='word_1_466' title='bbox 2086 2073 2377 2131; x_wconf 86' lang='lat' dir='ltr'><strong>terrarum,</strong></span> <span class='ocrx_word' id='word_1_467' title='bbox 2427 2069 2556 2122; x_wconf 87' lang='lat' dir='ltr'><strong>dum</strong></span> <span class='ocrx_word' id='word_1_468' title='bbox 2591 2069 2777 2122; x_wconf 88' lang='lat' dir='ltr'><strong>virtuti</strong></span> <span class='ocrx_word' id='word_1_469' title='bbox 2817 2072 3126 2124; x_wconf 90' lang='lat' dir='ltr'><strong>consultum</strong></span> <span class='ocrx_word' id='word_1_470' title='bbox 3157 2086 3279 2126; x_wconf 84' lang='lat' dir='ltr'><strong>esse</strong></span> <span class='ocrx_word' id='word_1_471' title='bbox 3301 2073 3434 2138; x_wconf 84' lang='lat' dir='ltr'><strong>vult,</strong></span> <span class='ocrx_word' id='word_1_472' title='bbox 3472 2072 3665 2127; x_wconf 79' lang='lat' dir='ltr'><strong>incolis</strong></span> 
     </span>
    </p>
   </div>
   <div class='ocr_carea' id='block_1_66' title="bbox 2083 2155 3662 2230">
    <p class='ocr_par' dir='ltr' id='par_1_66' title="bbox 2083 2155 3662 2230">
     <span class='ocr_line' id='line_1_66' title="bbox 2083 2155 3662 2230; baseline 0.003 -20"><span class='ocrx_word' id='word_1_473' title='bbox 2083 2156 2445 2210; x_wconf 84' lang='lat' dir='ltr'><strong>exhauritur?</strong></span> <span class='ocrx_word' id='word_1_474' title='bbox 2478 2155 2678 2211; x_wconf 84' lang='lat' dir='ltr'><strong>Verum</strong></span> <span class='ocrx_word' id='word_1_475' title='bbox 2714 2159 2871 2223; x_wconf 86' lang='lat' dir='ltr'><strong>satis,</strong></span> <span class='ocrx_word' id='word_1_476' title='bbox 2917 2161 3132 2230; x_wconf 85' lang='lat' dir='ltr'><strong>opinor,</strong></span> <span class='ocrx_word' id='word_1_477' title='bbox 3169 2171 3432 2230; x_wconf 88' lang='lat' dir='ltr'><strong>quantum</strong></span> <span class='ocrx_word' id='word_1_478' title='bbox 3471 2163 3662 2216; x_wconf 83' lang='lat' dir='ltr'><strong>saltem</strong></span> 
     </span>
    </p>
   </div>
   <div class='ocr_carea' id='block_1_67' title="bbox 2083 2249 3665 2320">
    <p class='ocr_par' dir='ltr' id='par_1_67' title="bbox 2083 2249 3665 2320">
     <span class='ocr_line' id='line_1_67' title="bbox 2083 2249 3665 2320; baseline 0.004 -18"><span class='ocrx_word' id='word_1_479' title='bbox 2083 2249 2394 2319; x_wconf 87' lang='lat' dir='ltr'><strong>postulabat.</strong></span> <span class='ocrx_word' id='word_1_480' title='bbox 2422 2250 2509 2303; x_wconf 88' lang='lat' dir='ltr'><strong>hic</strong></span> <span class='ocrx_word' id='word_1_481' title='bbox 2543 2250 2716 2314; x_wconf 88' lang='lat' dir='ltr'><strong>locus,</strong></span> <span class='ocrx_word' id='word_1_482' title='bbox 2750 2251 3060 2320; x_wconf 91' lang='lat' dir='ltr'><strong>improbum</strong></span> <span class='ocrx_word' id='word_1_483' title='bbox 3086 2254 3356 2308; x_wconf 87' lang='lat' dir='ltr'><strong>neminem</strong></span> <span class='ocrx_word' id='word_1_484' title='bbox 3385 2269 3508 2307; x_wconf 85' lang='lat' dir='ltr'><strong>vere</strong></span> <span class='ocrx_word' id='word_1_485' title='bbox 3537 2254 3665 2308; x_wconf 88' lang='lat' dir='ltr'><strong>bea-</strong></span> 
     </span>
    </p>
   </div>
   <div class='ocr_carea' id='block_1_68' title="bbox 2085 2331 3670 2416">
    <p class='ocr_par' dir='ltr' id='par_1_68' title="bbox 2085 2331 3670 2416">
     <span class='ocr_line' id='line_1_68' title="bbox 2085 2331 3670 2416; baseline 0.003 -22"><span class='ocrx_word' id='word_1_486' title='bbox 2085 2347 2196 2394; x_wconf 92' lang='lat' dir='ltr'><strong>tum</strong></span> <span class='ocrx_word' id='word_1_487' title='bbox 2223 2343 2694 2409; x_wconf 35' lang='lat' dir='ltr'><strong>essciostendimus</strong></span> <span class='ocrx_word' id='word_1_488' title='bbox 2723 2362 2735 2396; x_wconf 89' lang='lat'><strong>:</strong></span> <span class='ocrx_word' id='word_1_489' title='bbox 2759 2359 2866 2413; x_wconf 91' lang='lat' dir='ltr'><strong>quo</strong></span> <span class='ocrx_word' id='word_1_490' title='bbox 2885 2344 3227 2413; x_wconf 88' lang='lat' dir='ltr'><strong>potissimum</strong></span> <span class='ocrx_word' id='word_1_491' title='bbox 3247 2346 3551 2416; x_wconf 81' lang='lat' dir='ltr'><strong>argumenti</strong></span> <span class='ocrx_word' id='word_1_492' title='bbox 3571 2331 3670 2415; x_wconf 39' lang='lat' dir='ltr'><strong>ge;</strong></span> 
     </span>
    </p>
   </div>
   <div class='ocr_carea' id='block_1_69' title="bbox 2085 2433 3662 2492">
    <p class='ocr_par' dir='ltr' id='par_1_69' title="bbox 2085 2433 3662 2492">
     <span class='ocr_line' id='line_1_69' title="bbox 2085 2433 3662 2492; baseline 0.004 -7"><span class='ocrx_word' id='word_1_493' title='bbox 2085 2448 2212 2486; x_wconf 88' lang='lat' dir='ltr'><strong>nere</strong></span> <span class='ocrx_word' id='word_1_494' title='bbox 2238 2433 2636 2488; x_wconf 80' lang='lat' dir='ltr'><strong>Providentiam</strong></span> <span class='ocrx_word' id='word_1_495' title='bbox 2658 2451 2778 2492; x_wconf 89' lang='lat' dir='ltr'><strong>esse</strong></span> <span class='ocrx_word' id='word_1_496' title='bbox 2803 2437 3106 2490; x_wconf 83' lang='lat' dir='ltr'><strong>coniicitur.</strong></span> <span class='ocrx_word' id='word_1_497' title='bbox 3142 2436 3196 2491; x_wconf 86' lang='lat' dir='ltr'><strong>Si</strong></span> <span class='ocrx_word' id='word_1_498' title='bbox 3227 2446 3406 2490; x_wconf 84' lang='lat' dir='ltr'><strong>tamen</strong></span> <span class='ocrx_word' id='word_1_499' title='bbox 3432 2438 3662 2492; x_wconf 80' lang='lat' dir='ltr'><strong>necdum</strong></span> 
     </span>
    </p>
   </div>
   <div class='ocr_carea' id='block_1_70' title="bbox 2082 2525 3664 2598">
    <p class='ocr_par' dir='ltr' id='par_1_70' title="bbox 2082 2525 3664 2598">
     <span class='ocr_line' id='line_1_70' title="bbox 2082 2525 3664 2598; baseline 0.004 -22"><span class='ocrx_word' id='word_1_500' title='bbox 2082 2525 2304 2578; x_wconf 87' lang='lat' dir='ltr'><strong>omnino</strong></span> <span class='ocrx_word' id='word_1_501' title='bbox 2333 2525 2470 2579; x_wconf 76' lang='lat' dir='ltr'><strong>farta</strong></span> <span class='ocrx_word' id='word_1_502' title='bbox 2503 2526 2596 2579; x_wconf 89' lang='lat' dir='ltr'><strong>tibi</strong></span> <span class='ocrx_word' id='word_1_503' title='bbox 2630 2528 2760 2582; x_wconf 88' lang='lat' dir='ltr'><strong>tides</strong></span> <span class='ocrx_word' id='word_1_504' title='bbox 2783 2537 2884 2589; x_wconf 88' lang='lat' dir='ltr'><strong>est,</strong></span> <span class='ocrx_word' id='word_1_505' title='bbox 2905 2544 3024 2598; x_wconf 85' lang='lat' dir='ltr'><strong>age,</strong></span> <span class='ocrx_word' id='word_1_506' title='bbox 3056 2529 3321 2598; x_wconf 89' lang='lat' dir='ltr'><strong>quidquid</strong></span> <span class='ocrx_word' id='word_1_507' title='bbox 3349 2528 3527 2582; x_wconf 82' lang='lat' dir='ltr'><strong>adhuc</strong></span> <span class='ocrx_word' id='word_1_508' title='bbox 3553 2528 3664 2582; x_wconf 73' lang='lat' dir='ltr'><strong>ha:-</strong></span> 
     </span>
    </p>
   </div>
   <div class='ocr_carea' id='block_1_71' title="bbox 2081 2615 3661 2688">
    <p class='ocr_par' dir='ltr' id='par_1_71' title="bbox 2081 2615 3661 2688">
     <span class='ocr_line' id='line_1_71' title="bbox 2081 2615 3661 2688; baseline 0.004 -24"><span class='ocrx_word' id='word_1_509' title='bbox 2081 2621 2164 2665; x_wconf 87' lang='lat' dir='ltr'><strong>rct</strong></span> <span class='ocrx_word' id='word_1_510' title='bbox 2197 2615 2460 2682; x_wconf 85' lang='lat' dir='ltr'><strong>scrupuli,</strong></span> <span class='ocrx_word' id='word_1_511' title='bbox 2519 2615 2746 2670; x_wconf 86' lang='lat' dir='ltr'><strong>lidenter</strong></span> <span class='ocrx_word' id='word_1_512' title='bbox 2787 2617 3041 2688; x_wconf 87' lang='lat' dir='ltr'><strong>eloquere</strong></span> <span class='ocrx_word' id='word_1_513' title='bbox 3091 2636 3104 2671; x_wconf 95' lang='lat'><strong>:</strong></span> <span class='ocrx_word' id='word_1_514' title='bbox 3155 2618 3318 2671; x_wconf 87' lang='lat' dir='ltr'><strong>ambo</strong></span> <span class='ocrx_word' id='word_1_515' title='bbox 3353 2618 3498 2671; x_wconf 91' lang='lat' dir='ltr'><strong>enim</strong></span> <span class='ocrx_word' id='word_1_516' title='bbox 3527 2632 3661 2671; x_wconf 80' lang='lat' dir='ltr'><strong>con-</strong></span> 
     </span>
    </p>
   </div>
   <div class='ocr_carea' id='block_1_72' title="bbox 2076 2704 3662 2780">
    <p class='ocr_par' dir='ltr' id='par_1_72' title="bbox 2076 2704 3662 2780">
     <span class='ocr_line' id='line_1_72' title="bbox 2076 2704 3662 2780; baseline 0.006 -24"><span class='ocrx_word' id='word_1_517' title='bbox 2076 2704 2263 2772; x_wconf 87' lang='lat' dir='ltr'><strong>juncta</strong></span> <span class='ocrx_word' id='word_1_518' title='bbox 2299 2721 2462 2775; x_wconf 84' lang='lat' dir='ltr'><strong>opera</strong></span> <span class='ocrx_word' id='word_1_519' title='bbox 2506 2709 2814 2777; x_wconf 52' lang='lat' dir='ltr'><strong>studioviue,</strong></span> <span class='ocrx_word' id='word_1_520' title='bbox 2852 2709 3084 2772; x_wconf 75' lang='lat' dir='ltr'><strong>facilius,</strong></span> <span class='ocrx_word' id='word_1_521' title='bbox 3123 2720 3243 2766; x_wconf 92' lang='lat' dir='ltr'><strong>utra</strong></span> <span class='ocrx_word' id='word_1_522' title='bbox 3270 2726 3334 2766; x_wconf 82' lang='lat' dir='ltr'><strong>ex</strong></span> <span class='ocrx_word' id='word_1_523' title='bbox 3372 2719 3524 2780; x_wconf 88' lang='lat' dir='ltr'><strong>parte</strong></span> <span class='ocrx_word' id='word_1_524' title='bbox 3557 2719 3662 2766; x_wconf 84' lang='lat' dir='ltr'><strong>stet</strong></span> 
     </span>
    </p>
   </div>
   <div class='ocr_carea' id='block_1_73' title="bbox 2081 2794 3655 2870">
    <p class='ocr_par' dir='ltr' id='par_1_73' title="bbox 2081 2794 3655 2870">
     <span class='ocr_line' id='line_1_73' title="bbox 2081 2794 3655 2870; baseline 0.007 -26"><span class='ocrx_word' id='word_1_525' title='bbox 2081 2794 2306 2860; x_wconf 85' lang='lat' dir='ltr'><strong>veritas,</strong></span> <span class='ocrx_word' id='word_1_526' title='bbox 2337 2811 2752 2866; x_wconf 78' lang='lat' dir='ltr'><strong>cognoscemus.</strong></span> <span class='ocrx_word' id='word_1_527' title='bbox 2791 2819 2810 2850; x_wconf 75' lang='grc' dir='ltr'><strong>ι</strong></span> <span class='ocrx_word' id='word_1_528' title='bbox 2862 2799 3000 2853; x_wconf 87' lang='lat' dir='ltr'><strong>Tum</strong></span> <span class='ocrx_word' id='word_1_529' title='bbox 3049 2801 3258 2870; x_wconf 86' lang='lat' dir='ltr'><strong>aliquot</strong></span> <span class='ocrx_word' id='word_1_530' title='bbox 3303 2801 3608 2870; x_wconf 88' lang='lat' dir='ltr'><strong>interjectis</strong></span> <span class='ocrx_word' id='word_1_531' title='bbox 3641 2819 3655 2855; x_wconf 90' lang='lat'>:</span> 
     </span>
    </p>
   </div>
   <div class='ocr_carea' id='block_1_74' title="bbox 2086 2884 3661 2962">
    <p class='ocr_par' dir='ltr' id='par_1_74' title="bbox 2086 2884 3661 2962">
     <span class='ocr_line' id='line_1_74' title="bbox 2086 2884 3661 2962; baseline 0.006 -26"><span class='ocrx_word' id='word_1_532' title='bbox 2086 2903 2103 2935; x_wconf 76' lang='grc' dir='ltr'><strong>ε</strong></span> <span class='ocrx_word' id='word_1_533' title='bbox 2146 2884 2262 2939; x_wconf 76' lang='lat' dir='ltr'><strong>Vim</strong></span> <span class='ocrx_word' id='word_1_534' title='bbox 2285 2927 2300 2951; x_wconf 94' lang='lat'><strong>,</strong></span> <span class='ocrx_word' id='word_1_535' title='bbox 2333 2889 2526 2957; x_wconf 89' lang='lat' dir='ltr'><strong>inquit.</strong></span> <span class='ocrx_word' id='word_1_536' title='bbox 2565 2891 2712 2944; x_wconf 86' lang='lat' dir='ltr'><strong>illam</strong></span> <span class='ocrx_word' id='word_1_537' title='bbox 2757 2891 3131 2962; x_wconf 82' lang='lat' dir='ltr'><strong>impetumque</strong></span> <span class='ocrx_word' id='word_1_538' title='bbox 3160 2905 3442 2947; x_wconf 91' lang='lat' dir='ltr'><strong>ventorum</strong></span> <span class='ocrx_word' id='word_1_539' title='bbox 3479 2901 3532 2947; x_wconf 88' lang='lat' dir='ltr'><strong>et</strong></span> <span class='ocrx_word' id='word_1_540' title='bbox 3559 2892 3661 2946; x_wconf 92' lang='lat' dir='ltr'><strong>im-</strong></span> 
     </span>
    </p>
   </div>
   <div class='ocr_carea' id='block_1_75' title="bbox 2082 2976 3661 3052">
    <p class='ocr_par' dir='ltr' id='par_1_75' title="bbox 2082 2976 3661 3052">
     <span class='ocr_line' id='line_1_75' title="bbox 2082 2976 3661 3052; baseline 0.004 -22"><span class='ocrx_word' id='word_1_541' title='bbox 2082 2976 2284 3042; x_wconf 84' lang='lat' dir='ltr'><strong>britt&#39;n,</strong></span> <span class='ocrx_word' id='word_1_542' title='bbox 2312 2993 2419 3030; x_wconf 89' lang='lat' dir='ltr'><strong>non</strong></span> <span class='ocrx_word' id='word_1_543' title='bbox 2447 2979 2557 3047; x_wconf 81' lang='lat' dir='ltr'><strong>ja‘m</strong></span> <span class='ocrx_word' id='word_1_544' title='bbox 2593 2981 2647 3032; x_wconf 95' lang='lat' dir='ltr'><strong>in</strong></span> <span class='ocrx_word' id='word_1_545' title='bbox 2679 2991 2992 3044; x_wconf 86' lang='lat' dir='ltr'><strong>nautarum,</strong></span> <span class='ocrx_word' id='word_1_546' title='bbox 3030 2990 3090 3034; x_wconf 92' lang='lat' dir='ltr'><strong>ut</strong></span> <span class='ocrx_word' id='word_1_547' title='bbox 3114 2983 3367 3050; x_wconf 88' lang='lat' dir='ltr'><strong>putabas,</strong></span> <span class='ocrx_word' id='word_1_548' title='bbox 3395 2983 3661 3052; x_wconf 83' lang='lat' dir='ltr'><strong>agricola-</strong></span> 
     </span>
    </p>
   </div>
   <div class='ocr_carea' id='block_1_76' title="bbox 2080 3070 3659 3142">
    <p class='ocr_par' dir='ltr' id='par_1_76' title="bbox 2080 3070 3659 3142">
     <span class='ocr_line' id='line_1_76' title="bbox 2080 3070 3659 3142; baseline 0.004 -22"><span class='ocrx_word' id='word_1_549' title='bbox 2080 3083 2313 3136; x_wconf 90' lang='lat' dir='ltr'><strong>rumque</strong></span> <span class='ocrx_word' id='word_1_550' title='bbox 2361 3070 2676 3138; x_wconf 85' lang='lat' dir='ltr'><strong>perniciem,</strong></span> <span class='ocrx_word' id='word_1_551' title='bbox 2719 3073 2810 3126; x_wconf 85' lang='lat' dir='ltr'><strong>sed</strong></span> <span class='ocrx_word' id='word_1_552' title='bbox 2859 3071 2912 3124; x_wconf 93' lang='lat' dir='ltr'><strong>in</strong></span> <span class='ocrx_word' id='word_1_553' title='bbox 2958 3073 3172 3142; x_wconf 81' lang='lat' dir='ltr'><strong>generis</strong></span> <span class='ocrx_word' id='word_1_554' title='bbox 3207 3073 3490 3128; x_wconf 87' lang='lat' dir='ltr'><strong>hominum</strong></span> <span class='ocrx_word' id='word_1_555' title='bbox 3539 3075 3659 3127; x_wconf 90' lang='lat' dir='ltr'><strong>uni-</strong></span> 
     </span>
    </p>
   </div>
   <div class='ocr_carea' id='block_1_77' title="bbox 2081 3161 3656 3218">
    <p class='ocr_par' dir='ltr' id='par_1_77' title="bbox 2081 3161 3656 3218">
     <span class='ocr_line' id='line_1_77' title="bbox 2081 3161 3656 3218; baseline 0.005 -8"><span class='ocrx_word' id='word_1_556' title='bbox 2081 3161 2228 3214; x_wconf 80' lang='lat' dir='ltr'><strong>versi</strong></span> <span class='ocrx_word' id='word_1_557' title='bbox 2281 3162 2566 3214; x_wconf 88' lang='lat' dir='ltr'><strong>utilitatem</strong></span> <span class='ocrx_word' id='word_1_558' title='bbox 2623 3177 2686 3217; x_wconf 90' lang='lat' dir='ltr'><strong>ac</strong></span> <span class='ocrx_word' id='word_1_559' title='bbox 2731 3162 2964 3217; x_wconf 75' lang='lat' dir='ltr'><strong>fructum</strong></span> <span class='ocrx_word' id='word_1_560' title='bbox 3014 3162 3157 3218; x_wconf 85' lang='lat' dir='ltr'><strong>Deus</strong></span> <span class='ocrx_word' id='word_1_561' title='bbox 3209 3166 3448 3218; x_wconf 80' lang='lat' dir='ltr'><strong>excitare</strong></span> <span class='ocrx_word' id='word_1_562' title='bbox 3497 3166 3656 3218; x_wconf 83' lang='lat' dir='ltr'><strong>solet.</strong></span> 
     </span>
    </p>
   </div>
   <div class='ocr_carea' id='block_1_78' title="bbox 2080 3253 3657 3322">
    <p class='ocr_par' dir='ltr' id='par_1_78' title="bbox 2080 3253 3657 3322">
     <span class='ocr_line' id='line_1_78' title="bbox 2080 3253 3657 3322; baseline 0.003 -16"><span class='ocrx_word' id='word_1_563' title='bbox 2080 3253 2250 3322; x_wconf 81' lang='lat' dir='ltr'><strong>Aquis</strong></span> <span class='ocrx_word' id='word_1_564' title='bbox 2306 3253 2452 3306; x_wconf 89' lang='lat' dir='ltr'><strong>enim</strong></span> <span class='ocrx_word' id='word_1_565' title='bbox 2501 3263 2694 3318; x_wconf 86' lang='lat' dir='ltr'><strong>terras,</strong></span> <span class='ocrx_word' id='word_1_566' title='bbox 2745 3255 2921 3308; x_wconf 85' lang='lat' dir='ltr'><strong>ventis</strong></span> <span class='ocrx_word' id='word_1_567' title='bbox 2959 3262 3125 3308; x_wconf 84' lang='lat' dir='ltr'><strong>totam</strong></span> <span class='ocrx_word' id='word_1_568' title='bbox 3157 3255 3328 3318; x_wconf 89' lang='lat' dir='ltr'><strong>illam,</strong></span> <span class='ocrx_word' id='word_1_569' title='bbox 3365 3269 3486 3322; x_wconf 77' lang='lat' dir='ltr'><strong>qua:</strong></span> <span class='ocrx_word' id='word_1_570' title='bbox 3515 3253 3657 3310; x_wconf 81' lang='lat' dir='ltr'><strong>infra</strong></span> 
     </span>
    </p>
   </div>
   <div class='ocr_carea' id='block_1_79' title="bbox 2081 3345 3659 3417">
    <p class='ocr_par' dir='ltr' id='par_1_79' title="bbox 2081 3345 3659 3417">
     <span class='ocr_line' id='line_1_79' title="bbox 2081 3345 3659 3417; baseline 0.002 -19"><span class='ocrx_word' id='word_1_571' title='bbox 2081 3345 2264 3398; x_wconf 91' lang='lat' dir='ltr'><strong>lunam</strong></span> <span class='ocrx_word' id='word_1_572' title='bbox 2291 3354 2393 3410; x_wconf 90' lang='lat' dir='ltr'><strong>est,</strong></span> <span class='ocrx_word' id='word_1_573' title='bbox 2426 3347 2702 3416; x_wconf 84' lang='lat' dir='ltr'><strong>regionem</strong></span> <span class='ocrx_word' id='word_1_574' title='bbox 2733 3357 2925 3417; x_wconf 86' lang='lat' dir='ltr'><strong>purgat</strong></span> <span class='ocrx_word' id='word_1_575' title='bbox 2957 3366 2969 3400; x_wconf 93' lang='lat'>:</span> <span class='ocrx_word' id='word_1_576' title='bbox 3004 3357 3236 3416; x_wconf 89' lang='lat' dir='ltr'><strong>utroque</strong></span> <span class='ocrx_word' id='word_1_577' title='bbox 3265 3363 3392 3401; x_wconf 85' lang='lat' dir='ltr'><strong>vero</strong></span> <span class='ocrx_word' id='word_1_578' title='bbox 3412 3348 3659 3401; x_wconf 86' lang='lat' dir='ltr'><strong>animan-</strong></span> 
     </span>
    </p>
   </div>
   <div class='ocr_carea' id='block_1_80' title="bbox 2083 3436 3655 3508">
    <p class='ocr_par' dir='ltr' id='par_1_80' title="bbox 2083 3436 3655 3508">
     <span class='ocr_line' id='line_1_80' title="bbox 2083 3436 3655 3508; baseline -0.001 -17"><span class='ocrx_word' id='word_1_579' title='bbox 2083 3446 2162 3492; x_wconf 88' lang='lat' dir='ltr'><strong>tes</strong></span> <span class='ocrx_word' id='word_1_580' title='bbox 2191 3453 2255 3491; x_wconf 89' lang='lat' dir='ltr'><strong>ac</strong></span> <span class='ocrx_word' id='word_1_581' title='bbox 2281 3438 2494 3506; x_wconf 87' lang='lat' dir='ltr'><strong>plantas</strong></span> <span class='ocrx_word' id='word_1_582' title='bbox 2521 3439 2639 3502; x_wconf 88' lang='lat' dir='ltr'><strong>alit,</strong></span> <span class='ocrx_word' id='word_1_583' title='bbox 2671 3449 2850 3508; x_wconf 85' lang='lat' dir='ltr'><strong>auget,</strong></span> <span class='ocrx_word' id='word_1_584' title='bbox 2883 3455 2948 3493; x_wconf 88' lang='lat' dir='ltr'><strong>ac</strong></span> <span class='ocrx_word' id='word_1_585' title='bbox 2975 3438 3204 3508; x_wconf 80' lang='lat' dir='ltr'><strong>perﬁcit.</strong></span> <span class='ocrx_word' id='word_1_586' title='bbox 3261 3436 3416 3504; x_wconf 88' lang='lat' dir='ltr'><strong>Quod</strong></span> <span class='ocrx_word' id='word_1_587' title='bbox 3454 3448 3655 3505; x_wconf 84' lang='lat' dir='ltr'><strong>autem,</strong></span> 
     </span>
    </p>
   </div>
   <div class='ocr_carea' id='block_1_81' title="bbox 2081 3529 3656 3600">
    <p class='ocr_par' dir='ltr' id='par_1_81' title="bbox 2081 3529 3656 3600">
     <span class='ocr_line' id='line_1_81' title="bbox 2081 3529 3656 3600; baseline 0.001 -18"><span class='ocrx_word' id='word_1_588' title='bbox 2081 3529 2174 3598; x_wconf 88' lang='lat' dir='ltr'><strong>qui</strong></span> <span class='ocrx_word' id='word_1_589' title='bbox 2204 3531 2382 3584; x_wconf 78' lang='lat' dir='ltr'><strong>alieno</strong></span> <span class='ocrx_word' id='word_1_590' title='bbox 2412 3540 2672 3599; x_wconf 84' lang='lat' dir='ltr'><strong>tempore,</strong></span> <span class='ocrx_word' id='word_1_591' title='bbox 2725 3531 2837 3584; x_wconf 82' lang='lat' dir='ltr'><strong>sive</strong></span> <span class='ocrx_word' id='word_1_592' title='bbox 2866 3531 3144 3600; x_wconf 85' lang='lat' dir='ltr'><strong>navigant.</strong></span> <span class='ocrx_word' id='word_1_593' title='bbox 3190 3529 3304 3584; x_wconf 82' lang='lat' dir='ltr'><strong>sive</strong></span> <span class='ocrx_word' id='word_1_594' title='bbox 3331 3539 3528 3584; x_wconf 91' lang='lat' dir='ltr'><strong>terram</strong></span> <span class='ocrx_word' id='word_1_595' title='bbox 3561 3545 3656 3584; x_wconf 85' lang='lat' dir='ltr'><strong>co-</strong></span> 
     </span>
    </p>
   </div>
   <div class='ocr_carea' id='block_1_82' title="bbox 2081 3620 3656 3690">
    <p class='ocr_par' dir='ltr' id='par_1_82' title="bbox 2081 3620 3656 3690">
     <span class='ocr_line' id='line_1_82' title="bbox 2081 3620 3656 3690; baseline 0 -16"><span class='ocrx_word' id='word_1_596' title='bbox 2081 3621 2220 3680; x_wconf 87' lang='lat' dir='ltr'><strong>lunt.</strong></span> <span class='ocrx_word' id='word_1_597' title='bbox 2251 3621 2454 3690; x_wconf 88' lang='lat' dir='ltr'><strong>aliquid</strong></span> <span class='ocrx_word' id='word_1_598' title='bbox 2482 3621 2609 3676; x_wconf 89' lang='lat' dir='ltr'><strong>inde</strong></span> <span class='ocrx_word' id='word_1_599' title='bbox 2640 3636 3030 3690; x_wconf 89' lang='lat' dir='ltr'><strong>nonnunquam</strong></span> <span class='ocrx_word' id='word_1_600' title='bbox 3061 3620 3371 3680; x_wconf 84' lang='lat' dir='ltr'><strong>detrimenti</strong></span> <span class='ocrx_word' id='word_1_601' title='bbox 3419 3623 3656 3690; x_wconf 87' lang='lat' dir='ltr'><strong>capiant,</strong></span> 
     </span>
    </p>
   </div>
   <div class='ocr_carea' id='block_1_83' title="bbox 2081 3712 3656 3782">
    <p class='ocr_par' dir='ltr' id='par_1_83' title="bbox 2081 3712 3656 3782">
     <span class='ocr_line' id='line_1_83' title="bbox 2081 3712 3656 3782; baseline 0.001 -16"><span class='ocrx_word' id='word_1_602' title='bbox 2081 3713 2278 3766; x_wconf 87' lang='lat' dir='ltr'><strong>mirum</strong></span> <span class='ocrx_word' id='word_1_603' title='bbox 2313 3713 2446 3766; x_wconf 90' lang='lat' dir='ltr'><strong>nihil</strong></span> <span class='ocrx_word' id='word_1_604' title='bbox 2491 3731 2504 3766; x_wconf 91' lang='lat'><strong>:</strong></span> <span class='ocrx_word' id='word_1_605' title='bbox 2542 3729 2670 3782; x_wconf 89' lang='lat' dir='ltr'><strong>pars</strong></span> <span class='ocrx_word' id='word_1_606' title='bbox 2703 3713 2847 3766; x_wconf 89' lang='lat' dir='ltr'><strong>enim</strong></span> <span class='ocrx_word' id='word_1_607' title='bbox 2879 3713 3158 3766; x_wconf 88' lang='lat' dir='ltr'><strong>hominum</strong></span> <span class='ocrx_word' id='word_1_608' title='bbox 3190 3712 3480 3782; x_wconf 81' lang='lat' dir='ltr'><strong>perexigua</strong></span> <span class='ocrx_word' id='word_1_609' title='bbox 3509 3725 3656 3779; x_wconf 89' lang='lat' dir='ltr'><strong>sunt,</strong></span> 
     </span>
    </p>
   </div>
   <div class='ocr_carea' id='block_1_84' title="bbox 2081 3803 3661 3873">
    <p class='ocr_par' dir='ltr' id='par_1_84' title="bbox 2081 3803 3661 3873">
     <span class='ocr_line' id='line_1_84' title="bbox 2081 3803 3661 3873; baseline 0.001 -16"><span class='ocrx_word' id='word_1_610' title='bbox 2081 3818 2209 3857; x_wconf 89' lang='lat' dir='ltr'><strong>cura</strong></span> <span class='ocrx_word' id='word_1_611' title='bbox 2233 3817 2365 3857; x_wconf 84' lang='lat' dir='ltr'><strong>vero</strong></span> <span class='ocrx_word' id='word_1_612' title='bbox 2391 3819 2454 3857; x_wconf 91' lang='lat' dir='ltr'><strong>ac</strong></span> <span class='ocrx_word' id='word_1_613' title='bbox 2482 3803 2817 3872; x_wconf 85' lang='lat' dir='ltr'><strong>providentia</strong></span> <span class='ocrx_word' id='word_1_614' title='bbox 2845 3805 3057 3873; x_wconf 83' lang='lat' dir='ltr'><strong>generis</strong></span> <span class='ocrx_word' id='word_1_615' title='bbox 3078 3813 3161 3859; x_wconf 89' lang='lat' dir='ltr'><strong>est</strong></span> <span class='ocrx_word' id='word_1_616' title='bbox 3185 3805 3441 3860; x_wconf 87' lang='lat' dir='ltr'><strong>universi.</strong></span> <span class='ocrx_word' id='word_1_617' title='bbox 3463 3803 3661 3872; x_wconf 80' lang='lat' dir='ltr'><strong>Queru-</strong></span> 
     </span>
    </p>
   </div>
   <div class='ocr_carea' id='block_1_85' title="bbox 2081 3895 3658 3967">
    <p class='ocr_par' dir='ltr' id='par_1_85' title="bbox 2081 3895 3658 3967">
     <span class='ocr_line' id='line_1_85' title="bbox 2081 3895 3658 3967; baseline 0.001 -17"><span class='ocrx_word' id='word_1_618' title='bbox 2081 3912 2110 3950; x_wconf 86' lang='lat' dir='ltr'><strong>a</strong></span> <span class='ocrx_word' id='word_1_619' title='bbox 2133 3897 2374 3950; x_wconf 83' lang='lat' dir='ltr'><strong>lmodum</strong></span> <span class='ocrx_word' id='word_1_620' title='bbox 2405 3897 2567 3966; x_wconf 79' lang='lat' dir='ltr'><strong>igitur</strong></span> <span class='ocrx_word' id='word_1_621' title='bbox 2595 3896 2814 3950; x_wconf 86' lang='lat' dir='ltr'><strong>athletis</strong></span> <span class='ocrx_word' id='word_1_622' title='bbox 2849 3897 3171 3967; x_wconf 79' lang='lat' dir='ltr'><strong>inungendis</strong></span> <span class='ocrx_word' id='word_1_623' title='bbox 3201 3896 3348 3950; x_wconf 90' lang='lat' dir='ltr'><strong>utilis</strong></span> <span class='ocrx_word' id='word_1_624' title='bbox 3373 3897 3475 3950; x_wconf 70' lang='lat' dir='ltr'><strong>olei</strong></span> <span class='ocrx_word' id='word_1_625' title='bbox 3503 3895 3658 3966; x_wconf 70' lang='lat' dir='ltr'><strong>copia</strong></span> 
     </span>
    </p>
   </div>
   <div class='ocr_carea' id='block_1_86' title="bbox 2081 3989 3658 4064">
    <p class='ocr_par' dir='ltr' id='par_1_86' title="bbox 2081 3989 3658 4064">
     <span class='ocr_line' id='line_1_86' title="bbox 2081 3989 3658 4064; baseline -0.003 -18"><span class='ocrx_word' id='word_1_626' title='bbox 2081 3992 2134 4046; x_wconf 91' lang='lat' dir='ltr'><strong>in</strong></span> <span class='ocrx_word' id='word_1_627' title='bbox 2164 3991 2448 4064; x_wconf 74' lang='lat' dir='ltr'><strong>gymnasio</strong></span> <span class='ocrx_word' id='word_1_628' title='bbox 2473 4000 2574 4054; x_wconf 87' lang='lat' dir='ltr'><strong>est,</strong></span> <span class='ocrx_word' id='word_1_629' title='bbox 2609 4006 2730 4044; x_wconf 90' lang='lat' dir='ltr'><strong>cum</strong></span> <span class='ocrx_word' id='word_1_630' title='bbox 2767 3999 2945 4044; x_wconf 86' lang='lat' dir='ltr'><strong>tamen</strong></span> <span class='ocrx_word' id='word_1_631' title='bbox 2992 3989 3335 4058; x_wconf 77' lang='lat' dir='ltr'><strong>exigentibus</strong></span> <span class='ocrx_word' id='word_1_632' title='bbox 3365 3991 3658 4060; x_wconf 85' lang='lat' dir='ltr'><strong>aliquando</strong></span> 
     </span>
    </p>
   </div>
   <div class='ocr_carea' id='block_1_87' title="bbox 2086 4080 3657 4154">
    <p class='ocr_par' dir='ltr' id='par_1_87' title="bbox 2086 4080 3657 4154">
     <span class='ocr_line' id='line_1_87' title="bbox 2086 4080 3657 4154; baseline -0.001 -16"><span class='ocrx_word' id='word_1_633' title='bbox 2086 4083 2392 4154; x_wconf 66' lang='lat' dir='ltr'><strong>reipublicae</strong></span> <span class='ocrx_word' id='word_1_634' title='bbox 2423 4082 2778 4152; x_wconf 86' lang='lat' dir='ltr'><strong>temporibus,</strong></span> <span class='ocrx_word' id='word_1_635' title='bbox 2808 4080 3121 4133; x_wconf 87' lang='lat' dir='ltr'><strong>certaminis</strong></span> <span class='ocrx_word' id='word_1_636' title='bbox 3152 4081 3394 4135; x_wconf 89' lang='lat' dir='ltr'><strong>solemne</strong></span> <span class='ocrx_word' id='word_1_637' title='bbox 3441 4089 3657 4150; x_wconf 87' lang='lat' dir='ltr'><strong>tempus</strong></span> 
     </span>
    </p>
   </div>
   <div class='ocr_carea' id='block_1_88' title="bbox 2082 4169 3658 4244">
    <p class='ocr_par' dir='ltr' id='par_1_88' title="bbox 2082 4169 3658 4244">
     <span class='ocr_line' id='line_1_88' title="bbox 2082 4169 3658 4244; baseline -0.002 -19"><span class='ocrx_word' id='word_1_638' title='bbox 2082 4173 2348 4244; x_wconf 82' lang='lat' dir='ltr'><strong>gymnasii</strong></span> <span class='ocrx_word' id='word_1_639' title='bbox 2380 4173 2688 4224; x_wconf 85' lang='lat' dir='ltr'><strong>moderator</strong></span> <span class='ocrx_word' id='word_1_640' title='bbox 2709 4171 2975 4232; x_wconf 75' lang='lat' dir='ltr'><strong>immittet,</strong></span> <span class='ocrx_word' id='word_1_641' title='bbox 3001 4185 3110 4238; x_wconf 89' lang='lat' dir='ltr'><strong>quo</strong></span> <span class='ocrx_word' id='word_1_642' title='bbox 3137 4169 3212 4232; x_wconf 78' lang='lat' dir='ltr'><strong>fit,</strong></span> <span class='ocrx_word' id='word_1_643' title='bbox 3245 4181 3303 4222; x_wconf 90' lang='lat' dir='ltr'><strong>ut</strong></span> <span class='ocrx_word' id='word_1_644' title='bbox 3329 4169 3507 4223; x_wconf 90' lang='lat' dir='ltr'><strong>serius</strong></span> <span class='ocrx_word' id='word_1_645' title='bbox 3533 4171 3658 4222; x_wconf 90' lang='lat' dir='ltr'><strong>ath-</strong></span> 
     </span>
    </p>
   </div>
   <div class='ocr_carea' id='block_1_89' title="bbox 2081 4257 3658 4322">
    <p class='ocr_par' dir='ltr' id='par_1_89' title="bbox 2081 4257 3658 4322">
     <span class='ocr_line' id='line_1_89' title="bbox 2081 4257 3658 4322; baseline -0.001 -7"><span class='ocrx_word' id='word_1_646' title='bbox 2081 4263 2200 4316; x_wconf 82' lang='lat' dir='ltr'><strong>let:e</strong></span> <span class='ocrx_word' id='word_1_647' title='bbox 2231 4261 2475 4315; x_wconf 89' lang='lat' dir='ltr'><strong>nonnulli</strong></span> <span class='ocrx_word' id='word_1_648' title='bbox 2502 4259 2831 4314; x_wconf 87' lang='lat' dir='ltr'><strong>conveniant</strong></span> <span class='ocrx_word' id='word_1_649' title='bbox 2875 4275 2891 4310; x_wconf 83' lang='lat'><strong>:</strong></span> <span class='ocrx_word' id='word_1_650' title='bbox 2927 4257 3006 4312; x_wconf 87' lang='lat' dir='ltr'><strong>sic</strong></span> <span class='ocrx_word' id='word_1_651' title='bbox 3032 4257 3193 4322; x_wconf 90' lang='lat' dir='ltr'><strong>Deus,</strong></span> <span class='ocrx_word' id='word_1_652' title='bbox 3224 4259 3484 4312; x_wconf 90' lang='lat' dir='ltr'><strong>mundum</strong></span> <span class='ocrx_word' id='word_1_653' title='bbox 3510 4259 3658 4313; x_wconf 88' lang='lat' dir='ltr'><strong>hunc</strong></span> 
     </span>
    </p>
   </div>
   <div class='ocr_carea' id='block_1_90' title="bbox 2083 4349 3654 4420">
    <p class='ocr_par' dir='ltr' id='par_1_90' title="bbox 2083 4349 3654 4420">
     <span class='ocr_line' id='line_1_90' title="bbox 2083 4349 3654 4420; baseline -0.001 -14"><span class='ocrx_word' id='word_1_654' title='bbox 2083 4360 2277 4412; x_wconf 89' lang='lat' dir='ltr'><strong>totum,</strong></span> <span class='ocrx_word' id='word_1_655' title='bbox 2326 4349 2550 4420; x_wconf 87' lang='lat' dir='ltr'><strong>perinde</strong></span> <span class='ocrx_word' id='word_1_656' title='bbox 2600 4357 2656 4402; x_wconf 88' lang='lat' dir='ltr'><strong>ut</strong></span> <span class='ocrx_word' id='word_1_657' title='bbox 2703 4349 2974 4404; x_wconf 82' lang='lat' dir='ltr'><strong>civitatem</strong></span> <span class='ocrx_word' id='word_1_658' title='bbox 3027 4349 3264 4417; x_wconf 87' lang='lat' dir='ltr'><strong>aliquam</strong></span> <span class='ocrx_word' id='word_1_659' title='bbox 3321 4349 3654 4418; x_wconf 83' lang='lat' dir='ltr'><strong>gubernans,</strong></span> 
     </span>
    </p>
   </div>
   <div class='ocr_carea' id='block_1_91' title="bbox 2078 4439 3656 4510">
    <p class='ocr_par' dir='ltr' id='par_1_91' title="bbox 2078 4439 3656 4510">
     <span class='ocr_line' id='line_1_91' title="bbox 2078 4439 3656 4510; baseline -0.001 -11"><span class='ocrx_word' id='word_1_660' title='bbox 2078 4453 2292 4499; x_wconf 64' lang='lat' dir='ltr'><strong>testates</strong></span> <span class='ocrx_word' id='word_1_661' title='bbox 2314 4441 2582 4496; x_wconf 87' lang='lat' dir='ltr'><strong>interdum</strong></span> <span class='ocrx_word' id='word_1_662' title='bbox 2625 4441 2789 4494; x_wconf 84' lang='lat' dir='ltr'><strong>hiemi</strong></span> <span class='ocrx_word' id='word_1_663' title='bbox 2826 4442 3147 4510; x_wconf 86' lang='lat' dir='ltr'><strong>persimiles,</strong></span> <span class='ocrx_word' id='word_1_664' title='bbox 3168 4439 3388 4510; x_wconf 88' lang='lat' dir='ltr'><strong>verique</strong></span> <span class='ocrx_word' id='word_1_665' title='bbox 3410 4441 3656 4510; x_wconf 79' lang='lat' dir='ltr'><strong>geminas</strong></span> 
     </span>
    </p>
   </div>
   <div class='ocr_carea' id='block_1_92' title="bbox 400 4531 1984 4614">
    <p class='ocr_par' dir='ltr' id='par_1_92' title="bbox 400 4540 1974 4614">
     <span class='ocr_line' id='line_1_92' title="bbox 400 4540 1974 4614; baseline 0.001 -20"><span class='ocrx_word' id='word_1_666' title='bbox 400 4540 639 4609; x_wconf 82' lang='grc' dir='ltr'>ἀγῶνας.</span> <span class='ocrx_word' id='word_1_667' title='bbox 704 4541 785 4594; x_wconf 86' lang='grc' dir='ltr'>Τὰ</span> <span class='ocrx_word' id='word_1_668' title='bbox 825 4540 934 4614; x_wconf 78' lang='grc' dir='ltr'>γὰρ</span> <span class='ocrx_word' id='word_1_669' title='bbox 965 4541 1244 4613; x_wconf 85' lang='grc' dir='ltr'>γυμνάσια</span> <span class='ocrx_word' id='word_1_670' title='bbox 1269 4542 1356 4595; x_wconf 77' lang='grc' dir='ltr'>καὶ</span> <span class='ocrx_word' id='word_1_671' title='bbox 1421 4543 1476 4596; x_wconf 86' lang='grc' dir='ltr'><strong>αἰ</strong></span> <span class='ocrx_word' id='word_1_672' title='bbox 1543 4546 1784 4614; x_wconf 84' lang='grc' dir='ltr'>συνεχεῖς</span> <span class='ocrx_word' id='word_1_673' title='bbox 1814 4542 1974 4614; x_wconf 78' lang='grc' dir='ltr'>θῆραι</span> 
     </span>
    </p>
   </div>
   <div class='ocr_carea' id='block_1_93' title="bbox 2084 4531 3656 4614">
    <p class='ocr_par' dir='ltr' id='par_1_93' title="bbox 2084 4531 3656 4596">
     <span class='ocr_line' id='line_1_93' title="bbox 2084 4531 3656 4596; baseline 0.001 -10"><span class='ocrx_word' id='word_1_674' title='bbox 2084 4534 2285 4586; x_wconf 88' lang='lat' dir='ltr'><strong>hiemes</strong></span> <span class='ocrx_word' id='word_1_675' title='bbox 2300 4531 2536 4586; x_wconf 77' lang='lat' dir='ltr'><strong>universi</strong></span> <span class='ocrx_word' id='word_1_676' title='bbox 2555 4531 2842 4586; x_wconf 84' lang='lat' dir='ltr'><strong>commodo</strong></span> <span class='ocrx_word' id='word_1_677' title='bbox 2866 4531 3111 4586; x_wconf 82' lang='lat' dir='ltr'><strong>invehere</strong></span> <span class='ocrx_word' id='word_1_678' title='bbox 3123 4533 3424 4596; x_wconf 88' lang='lat' dir='ltr'><strong>consuevit,</strong></span> <span class='ocrx_word' id='word_1_679' title='bbox 3440 4533 3656 4588; x_wconf 88' lang='lat' dir='ltr'><strong>tametsi</strong></span> 
     </span>
    </p>
   </div>
   <div class='ocr_carea' id='block_1_94' title="bbox 402 4631 1980 4706">
    <p class='ocr_par' dir='ltr' id='par_1_94' title="bbox 402 4631 1980 4706">
     <span class='ocr_line' id='line_1_94' title="bbox 402 4631 1980 4706; baseline 0.001 -18"><span class='ocrx_word' id='word_1_680' title='bbox 402 4632 762 4704; x_wconf 81' lang='grc' dir='ltr'>συγκροτοῦσι</span> <span class='ocrx_word' id='word_1_681' title='bbox 819 4635 921 4688; x_wconf 54' lang='grc' dir='ltr'>καὶ</span> <span class='ocrx_word' id='word_1_682' title='bbox 990 4633 1269 4706; x_wconf 86' lang='grc' dir='ltr'>νευροῦσιν</span> <span class='ocrx_word' id='word_1_683' title='bbox 1327 4631 1386 4688; x_wconf 79' lang='grc' dir='ltr'>εὗ</span> <span class='ocrx_word' id='word_1_684' title='bbox 1449 4635 1594 4706; x_wconf 83' lang='grc' dir='ltr'>μάλα</span> <span class='ocrx_word' id='word_1_685' title='bbox 1658 4634 1729 4688; x_wconf 73' lang='grc' dir='ltr'>τὰ</span> <span class='ocrx_word' id='word_1_686' title='bbox 1792 4633 1980 4706; x_wconf 83' lang='grc' dir='ltr'>σώμα-</span> 
     </span>
    </p>
   </div>
   <div class='ocr_carea' id='block_1_95' title="bbox 397 4723 1984 4798">
    <p class='ocr_par' dir='ltr' id='par_1_95' title="bbox 397 4723 1984 4798">
     <span class='ocr_line' id='line_1_95' title="bbox 397 4723 1984 4798; baseline 0.003 -22"><span class='ocrx_word' id='word_1_687' title='bbox 397 4741 490 4790; x_wconf 84' lang='grc' dir='ltr'><strong>τα,</strong></span> <span class='ocrx_word' id='word_1_688' title='bbox 525 4725 622 4778; x_wconf 72' lang='grc' dir='ltr'>καὶ</span> <span class='ocrx_word' id='word_1_689' title='bbox 665 4724 772 4796; x_wconf 86' lang='grc' dir='ltr'><strong>πρὸ</strong></span> <span class='ocrx_word' id='word_1_690' title='bbox 844 4723 954 4778; x_wconf 85' lang='grc' dir='ltr'><strong>τῶν</strong></span> <span class='ocrx_word' id='word_1_691' title='bbox 1015 4725 1282 4796; x_wconf 86' lang='grc' dir='ltr'>σωμάτων</span> <span class='ocrx_word' id='word_1_692' title='bbox 1327 4726 1428 4790; x_wconf 84' lang='grc' dir='ltr'>τὰς</span> <span class='ocrx_word' id='word_1_693' title='bbox 1476 4725 1653 4798; x_wconf 70' lang='grc' dir='ltr'>ψυχὰς</span> <span class='ocrx_word' id='word_1_694' title='bbox 1714 4726 1984 4793; x_wconf 75' lang='grc' dir='ltr'>ἐθίζουσιν</span> 
     </span>
    </p>
   </div>
   <div class='ocr_carea' id='block_1_96' title="bbox 400 4813 1980 4890">
    <p class='ocr_par' dir='ltr' id='par_1_96' title="bbox 400 4813 1980 4890">
     <span class='ocr_line' id='line_1_96' title="bbox 400 4813 1980 4890; baseline 0.002 -24"><span class='ocrx_word' id='word_1_695' title='bbox 400 4813 612 4887; x_wconf 67' lang='grc' dir='ltr'>ἐχθρῶν</span> <span class='ocrx_word' id='word_1_696' title='bbox 641 4815 960 4878; x_wconf 83' lang='grc' dir='ltr'>ὲξαπιναίας</span> <span class='ocrx_word' id='word_1_697' title='bbox 990 4817 1211 4884; x_wconf 78' lang='grc' dir='ltr'>ἐφόδους</span> <span class='ocrx_word' id='word_1_698' title='bbox 1252 4815 1329 4887; x_wconf 78' lang='grc' dir='ltr'>τῷ</span> <span class='ocrx_word' id='word_1_699' title='bbox 1371 4816 1622 4889; x_wconf 85' lang='grc' dir='ltr'>καρτερῷ</span> <span class='ocrx_word' id='word_1_700' title='bbox 1663 4818 1762 4888; x_wconf 85' lang='grc' dir='ltr'><strong>τῆς</strong></span> <span class='ocrx_word' id='word_1_701' title='bbox 1790 4817 1980 4890; x_wconf 78' lang='grc' dir='ltr'>ῥώμης</span> 
     </span>
    </p>
   </div>
   <div class='ocr_carea' id='block_1_97' title="bbox 399 4903 1977 4978">
    <p class='ocr_par' dir='ltr' id='par_1_97' title="bbox 399 4903 1977 4978">
     <span class='ocr_line' id='line_1_97' title="bbox 399 4903 1977 4978; baseline 0.001 -20"><span class='ocrx_word' id='word_1_702' title='bbox 399 4903 635 4972; x_wconf 83' lang='grc' dir='ltr'>ἀλογεῖν.</span> <span class='ocrx_word' id='word_1_703' title='bbox 677 4905 802 4968; x_wconf 85' lang='grc' dir='ltr'>Τοῖς</span> <span class='ocrx_word' id='word_1_704' title='bbox 839 4903 896 4957; x_wconf 80' lang='grc' dir='ltr'>δὲ</span> <span class='ocrx_word' id='word_1_705' title='bbox 938 4904 1039 4968; x_wconf 79' lang='grc' dir='ltr'>τὰς</span> <span class='ocrx_word' id='word_1_706' title='bbox 1089 4903 1280 4974; x_wconf 76' lang='grc' dir='ltr'>φύσεις</span> <span class='ocrx_word' id='word_1_707' title='bbox 1335 4907 1628 4978; x_wconf 85' lang='grc' dir='ltr'>εἰρηνικοῖς</span> <span class='ocrx_word' id='word_1_708' title='bbox 1664 4905 1870 4970; x_wconf 78' lang='grc' dir='ltr'>ἔξεστιν</span> <span class='ocrx_word' id='word_1_709' title='bbox 1917 4908 1977 4960; x_wconf 78' lang='grc' dir='ltr'><strong>οὐ</strong></span> 
     </span>
    </p>
   </div>
   <div class='ocr_carea' id='block_1_98' title="bbox 402 4993 1980 5066">
    <p class='ocr_par' dir='ltr' id='par_1_98' title="bbox 402 4993 1980 5066">
     <span class='ocr_line' id='line_1_98' title="bbox 402 4993 1980 5066; baseline 0.001 -19"><span class='ocrx_word' id='word_1_710' title='bbox 402 4997 563 5065; x_wconf 81' lang='grc' dir='ltr'>μόνον</span> <span class='ocrx_word' id='word_1_711' title='bbox 593 4993 789 5064; x_wconf 86' lang='grc' dir='ltr'>τειχῶν</span> <span class='ocrx_word' id='word_1_712' title='bbox 824 4995 1007 5058; x_wconf 67' lang='grc' dir='ltr'>ἐντὸς,</span> <span class='ocrx_word' id='word_1_713' title='bbox 1029 4993 1163 5048; x_wconf 82' lang='grc' dir='ltr'>ἀλλὰ</span> <span class='ocrx_word' id='word_1_714' title='bbox 1207 4995 1302 5048; x_wconf 74' lang='grc' dir='ltr'>καὶ</span> <span class='ocrx_word' id='word_1_715' title='bbox 1333 4995 1658 5049; x_wconf 62' lang='grc' dir='ltr'>κλεισιάδωνι</span> <span class='ocrx_word' id='word_1_716' title='bbox 1681 4995 1980 5066; x_wconf 86' lang='grc' dir='ltr'>θαλαμευο-</span> 
     </span>
    </p>
   </div>
   <div class='ocr_carea' id='block_1_99' title="bbox 402 5075 1978 5158">
    <p class='ocr_par' dir='ltr' id='par_1_99' title="bbox 402 5075 1978 5158">
     <span class='ocr_line' id='line_1_99' title="bbox 402 5075 1978 5158; baseline 0.001 -18"><span class='ocrx_word' id='word_1_717' title='bbox 402 5085 586 5157; x_wconf 82' lang='grc' dir='ltr'>μένοις</span> <span class='ocrx_word' id='word_1_718' title='bbox 615 5075 824 5158; x_wconf 77' lang='grc' dir='ltr'>ἁποζῇν</span> <span class='ocrx_word' id='word_1_719' title='bbox 846 5086 1328 5152; x_wconf 75' lang='grc' dir='ltr'>ἀνεπιϐουλεύτως,</span> <span class='ocrx_word' id='word_1_720' title='bbox 1348 5087 1562 5158; x_wconf 77' lang='grc' dir='ltr'>ἔχουσιν</span> <span class='ocrx_word' id='word_1_721' title='bbox 1581 5091 1660 5153; x_wconf 87' lang='grc' dir='ltr'><strong>εἰς</strong></span> <span class='ocrx_word' id='word_1_722' title='bbox 1679 5089 1978 5142; x_wconf 83' lang='grc' dir='ltr'>ἀπόλαυσιν</span> 
     </span>
    </p>
   </div>
   <div class='ocr_carea' id='block_1_100' title="bbox 473 5257 1976 5336">
    <p class='ocr_par' dir='ltr' id='par_1_100' title="bbox 473 5257 1976 5336">
     <span class='ocr_line' id='line_1_100' title="bbox 473 5257 1976 5336; baseline 0.003 -23"><span class='ocrx_word' id='word_1_723' title='bbox 473 5257 586 5331; x_wconf 76' lang='grc'><strong>(40)</strong></span> <span class='ocrx_word' id='word_1_724' title='bbox 633 5261 1066 5336; x_wconf 62' lang='grc' dir='ltr'>Μεθημεριναῖς</span> <span class='ocrx_word' id='word_1_725' title='bbox 1086 5264 1442 5336; x_wconf 33' lang='grc' dir='ltr'>λπυρσσίαις.</span> <span class='ocrx_word' id='word_1_726' title='bbox 1469 5262 1778 5336; x_wconf 26' lang='grc' dir='ltr'>μΦρυκτούς</span> <span class='ocrx_word' id='word_1_727' title='bbox 1799 5278 1976 5336; x_wconf 17' lang='grc' dir='ltr'>,νηεθυ</span> 
     </span>
    </p>
   </div>
   <div class='ocr_carea' id='block_1_101' title="bbox 398 5331 1974 5457">
    <p class='ocr_par' dir='ltr' id='par_1_101' title="bbox 398 5331 1974 5457">
     <span class='ocr_line' id='line_1_101' title="bbox 398 5331 1974 5406; baseline 0.003 -24"><span class='ocrx_word' id='word_1_728' title='bbox 398 5331 751 5402; x_wconf 83' lang='grc' dir='ltr'>φρυκτωρίας</span> <span class='ocrx_word' id='word_1_729' title='bbox 786 5333 1054 5402; x_wconf 83' lang='lat' dir='ltr'><strong>intelligit.</strong></span> <span class='ocrx_word' id='word_1_730' title='bbox 1083 5332 1156 5388; x_wconf 85' lang='lat' dir='ltr'><strong>De</strong></span> <span class='ocrx_word' id='word_1_731' title='bbox 1180 5331 1381 5402; x_wconf 86' lang='lat' dir='ltr'><strong>quibus</strong></span> <span class='ocrx_word' id='word_1_732' title='bbox 1414 5333 1500 5388; x_wconf 89' lang='lat' dir='ltr'><strong>adi</strong></span> <span class='ocrx_word' id='word_1_733' title='bbox 1535 5331 1790 5406; x_wconf 82' lang='lat' dir='ltr'><strong>magnum</strong></span> <span class='ocrx_word' id='word_1_734' title='bbox 1823 5334 1974 5398; x_wconf 83' lang='lat' dir='ltr'><strong>illum</strong></span> 
     </span>
     <span class='ocr_line' id='line_1_102' title="bbox 399 5400 1974 5457; baseline 0.001 -1"><span class='ocrx_word' id='word_1_735' title='bbox 399 5400 745 5456; x_wconf 89' lang='lat' dir='ltr'><strong>humanioris</strong></span> <span class='ocrx_word' id='word_1_736' title='bbox 789 5403 1108 5456; x_wconf 65' lang='lat' dir='ltr'><strong>litteraturae</strong></span> <span class='ocrx_word' id='word_1_737' title='bbox 1159 5404 1415 5457; x_wconf 70' lang='lat' dir='ltr'><strong>aenium.</strong></span> <span class='ocrx_word' id='word_1_738' title='bbox 1461 5402 1676 5457; x_wconf 82' lang='lat' dir='ltr'><strong>Justum</strong></span> <span class='ocrx_word' id='word_1_739' title='bbox 1708 5403 1974 5457; x_wconf 82' lang='lat' dir='ltr'><strong>Liosium.</strong></span> 
     </span>
    </p>
   </div>
   <div class='ocr_carea' id='block_1_102' title="bbox 398 5410 1976 5535">
    <p class='ocr_par' dir='ltr' id='par_1_102' title="bbox 398 5410 1976 5535">
     <span class='ocr_line' id='line_1_103' title="bbox 400 5410 1974 5470; baseline -0.001 -14"><span class='ocrx_word' id='word_1_740' title='bbox 400 5410 745 5456; x_wconf 81' lang='lat' dir='ltr'><strong>humanioris</strong></span> <span class='ocrx_word' id='word_1_741' title='bbox 789 5410 1108 5456; x_wconf 65' lang='lat' dir='ltr'><strong>litteraturae</strong></span> <span class='ocrx_word' id='word_1_742' title='bbox 1159 5410 1415 5468; x_wconf 75' lang='lat' dir='ltr'><strong>genium.</strong></span> <span class='ocrx_word' id='word_1_743' title='bbox 1461 5410 1676 5458; x_wconf 78' lang='lat' dir='ltr'><strong>Justum</strong></span> <span class='ocrx_word' id='word_1_744' title='bbox 1708 5410 1974 5470; x_wconf 82' lang='lat' dir='ltr'><strong>Lipsium,</strong></span> 
     </span>
     <span class='ocr_line' id='line_1_104' title="bbox 398 5469 1976 5535; baseline 0.003 -13"><span class='ocrx_word' id='word_1_745' title='bbox 398 5469 495 5524; x_wconf 87' lang='lat' dir='ltr'><strong>lib.</strong></span> <span class='ocrx_word' id='word_1_746' title='bbox 527 5485 558 5522; x_wconf 76' lang='grc' dir='ltr'><strong>ν</strong></span> <span class='ocrx_word' id='word_1_747' title='bbox 589 5469 666 5524; x_wconf 85' lang='lat' dir='ltr'><strong>De</strong></span> <span class='ocrx_word' id='word_1_748' title='bbox 693 5471 850 5526; x_wconf 78' lang='lat' dir='ltr'><strong>milit.</strong></span> <span class='ocrx_word' id='word_1_749' title='bbox 879 5471 1056 5534; x_wconf 88' lang='lat' dir='ltr'><strong>Rom.,</strong></span> <span class='ocrx_word' id='word_1_750' title='bbox 1080 5473 1207 5528; x_wconf 84' lang='lat' dir='ltr'><strong>dial.</strong></span> <span class='ocrx_word' id='word_1_751' title='bbox 1239 5473 1292 5535; x_wconf 87' lang='lat'><strong>9,</strong></span> <span class='ocrx_word' id='word_1_752' title='bbox 1317 5483 1370 5527; x_wconf 90' lang='lat' dir='ltr'><strong>et</strong></span> <span class='ocrx_word' id='word_1_753' title='bbox 1400 5472 1694 5528; x_wconf 86' lang='lat' dir='ltr'><strong>Lacerdam</strong></span> <span class='ocrx_word' id='word_1_754' title='bbox 1729 5484 1976 5528; x_wconf 81' lang='lat' dir='ltr'><strong>nostrum</strong></span> 
     </span>
    </p>
   </div>
   <div class='ocr_carea' id='block_1_103' title="bbox 396 5540 1982 5663">
    <p class='ocr_par' dir='ltr' id='par_1_103' title="bbox 396 5540 1982 5663">
     <span class='ocr_line' id='line_1_105' title="bbox 396 5540 1982 5663; baseline 0.003 -72"><span class='ocrx_word' id='word_1_755' title='bbox 396 5540 790 5663; x_wconf 48' lang='lat' dir='ltr'><strong>cgudiﬂssimis</strong></span> <span class='ocrx_word' id='word_1_756' title='bbox 814 5543 872 5595; x_wconf 79' lang='lat' dir='ltr'><strong>in</strong></span> <span class='ocrx_word' id='word_1_757' title='bbox 907 5541 1188 5612; x_wconf 75' lang='lat' dir='ltr'><strong>Virgilium</strong></span> <span class='ocrx_word' id='word_1_758' title='bbox 1215 5542 1646 5608; x_wconf 72' lang='lat' dir='ltr'><strong>Commentariis,</strong></span> <span class='ocrx_word' id='word_1_759' title='bbox 1670 5543 1738 5598; x_wconf 86' lang='lat' dir='ltr'><strong>ad</strong></span> <span class='ocrx_word' id='word_1_760' title='bbox 1767 5543 1912 5597; x_wconf 88' lang='lat' dir='ltr'><strong>illud-</strong></span> <span class='ocrx_word' id='word_1_761' title='bbox 1935 5558 1982 5596; x_wconf 74' lang='lat' dir='ltr'><strong>it</strong></span> 
     </span>
     <span class='ocr_line' id='line_1_106' title="bbox 479 5627 619 5663; baseline 0 0"><span class='ocrx_word' id='word_1_762' title='bbox 479 5627 560 5663; x_wconf 71' lang='lat' dir='ltr'><strong>ne:</strong></span> <span class='ocrx_word' id='word_1_763' title='bbox 602 5649 619 5663; x_wconf 90' lang='lat'><strong>.</strong></span> 
     </span>
    </p>
   </div>
   <div class='ocr_carea' id='block_1_104' title="bbox 479 5627 1669 5754">
    <p class='ocr_par' dir='ltr' id='par_1_104' title="bbox 479 5627 1669 5754">
     <span class='ocr_line' id='line_1_107' title="bbox 479 5627 1669 5754; baseline 0.004 -19"><span class='ocrx_word' id='word_1_764' title='bbox 479 5627 686 5754; x_wconf 38' lang='lat' dir='ltr'><strong>mmor</strong></span> <span class='ocrx_word' id='word_1_765' title='bbox 728 5721 744 5736; x_wconf 92' lang='lat'><strong>.</strong></span> <span class='ocrx_word' id='word_1_766' title='bbox 772 5723 804 5754; x_wconf 25' lang='grc' dir='ltr'><strong>Α.</strong></span> <span class='ocrx_word' id='word_1_767' title='bbox 849 5679 1128 5738; x_wconf 74' lang='lat' dir='ltr'><strong>Flammas</strong></span> <span class='ocrx_word' id='word_1_768' title='bbox 1157 5698 1276 5736; x_wconf 82' lang='lat' dir='ltr'><strong>cum</strong></span> <span class='ocrx_word' id='word_1_769' title='bbox 1306 5682 1452 5754; x_wconf 66' lang='lat' dir='ltr'><strong>regia</strong></span> <span class='ocrx_word' id='word_1_770' title='bbox 1484 5683 1669 5754; x_wconf 74' lang='lat' dir='ltr'><strong>puppis</strong></span> 
     </span>
    </p>
   </div>
   <div class='ocr_carea' id='block_1_105' title="bbox 659 5751 927 5814">
    <p class='ocr_par' dir='ltr' id='par_1_105' title="bbox 659 5751 927 5814">
     <span class='ocr_line' id='line_1_108' title="bbox 659 5751 927 5814; baseline 0 -10"><span class='ocrx_word' id='word_1_771' title='bbox 659 5751 896 5805; x_wconf 58' lang='lat' dir='ltr'><strong>intulerat</strong></span> <span class='ocrx_word' id='word_1_772' title='bbox 909 5767 927 5814; x_wconf 88' lang='lat'><em>;</em></span> 
     </span>
    </p>
   </div>
   <div class='ocr_carea' id='block_1_106' title="bbox 397 5814 1062 5891">
    <p class='ocr_par' dir='ltr' id='par_1_106' title="bbox 397 5814 1062 5891">
     <span class='ocr_line' id='line_1_109' title="bbox 397 5814 1062 5891; baseline 0.006 -18"><span class='ocrx_word' id='word_1_773' title='bbox 397 5814 468 5874; x_wconf 76' lang='lat' dir='ltr'><strong>Et</strong></span> <span class='ocrx_word' id='word_1_774' title='bbox 493 5819 625 5877; x_wconf 88' lang='lat' dir='ltr'><strong>illud</strong></span> <span class='ocrx_word' id='word_1_775' title='bbox 655 5837 705 5877; x_wconf 82' lang='lat' dir='ltr'><strong>Vl</strong></span> <span class='ocrx_word' id='word_1_776' title='bbox 740 5823 806 5878; x_wconf 82' lang='lat' dir='ltr'><strong>de</strong></span> <span class='ocrx_word' id='word_1_777' title='bbox 839 5819 1062 5891; x_wconf 82' lang='lat' dir='ltr'><strong>Helena,</strong></span> 
     </span>
    </p>
   </div>
   <div class='ocr_carea' id='block_1_107' title="bbox 2081 4623 3655 4697">
    <p class='ocr_par' dir='ltr' id='par_1_107' title="bbox 2081 4623 3655 4697">
     <span class='ocr_line' id='line_1_110' title="bbox 2081 4623 3655 4697; baseline 0.001 -19"><span class='ocrx_word' id='word_1_778' title='bbox 2081 4625 2262 4678; x_wconf 89' lang='lat' dir='ltr'><strong>nautis</strong></span> <span class='ocrx_word' id='word_1_779' title='bbox 2286 4623 2561 4678; x_wconf 87' lang='lat' dir='ltr'><strong>colonisve</strong></span> <span class='ocrx_word' id='word_1_780' title='bbox 2581 4624 2904 4692; x_wconf 86' lang='lat' dir='ltr'><strong>quibusdam</strong></span> <span class='ocrx_word' id='word_1_781' title='bbox 2925 4623 3174 4679; x_wconf 74' lang='lat' dir='ltr'><strong>inl&#39;eSIior</strong></span> <span class='ocrx_word' id='word_1_782' title='bbox 3191 4640 3253 4678; x_wconf 86' lang='lat' dir='ltr'><strong>ea</strong></span> <span class='ocrx_word' id='word_1_783' title='bbox 3271 4633 3655 4697; x_wconf 82' lang='lat' dir='ltr'><strong>tempestatum</strong></span> 
     </span>
    </p>
   </div>
   <div class='ocr_carea' id='block_1_108' title="bbox 2079 4713 3654 4786">
    <p class='ocr_par' dir='ltr' id='par_1_108' title="bbox 2079 4713 3654 4786">
     <span class='ocr_line' id='line_1_111' title="bbox 2079 4713 3654 4786; baseline 0.001 -18"><span class='ocrx_word' id='word_1_784' title='bbox 2079 4714 2420 4784; x_wconf 63' lang='lat' dir='ltr'><strong>inaequalitas</strong></span> <span class='ocrx_word' id='word_1_785' title='bbox 2467 4715 2538 4770; x_wconf 89' lang='lat' dir='ltr'><strong>sit</strong></span> <span class='ocrx_word' id='word_1_786' title='bbox 2583 4713 2784 4769; x_wconf 77' lang='lat' dir='ltr'><strong>futura.</strong></span> <span class='ocrx_word' id='word_1_787' title='bbox 2835 4713 2971 4768; x_wconf 82' lang='lat' dir='ltr'><strong>Nam</strong></span> <span class='ocrx_word' id='word_1_788' title='bbox 3019 4725 3238 4772; x_wconf 87' lang='lat' dir='ltr'><strong>mutuas</strong></span> <span class='ocrx_word' id='word_1_789' title='bbox 3285 4715 3405 4772; x_wconf 89' lang='lat' dir='ltr'><strong>illas</strong></span> <span class='ocrx_word' id='word_1_790' title='bbox 3434 4717 3654 4786; x_wconf 85' lang='lat' dir='ltr'><strong>quidem</strong></span> 
     </span>
    </p>
   </div>
   <div class='ocr_carea' id='block_1_109' title="bbox 2078 4805 3658 4876">
    <p class='ocr_par' dir='ltr' id='par_1_109' title="bbox 2078 4805 3658 4876">
     <span class='ocr_line' id='line_1_112' title="bbox 2078 4805 3658 4876; baseline 0.004 -19"><span class='ocrx_word' id='word_1_791' title='bbox 2078 4805 2470 4860; x_wconf 89' lang='lat' dir='ltr'><strong>elementorum</strong></span> <span class='ocrx_word' id='word_1_792' title='bbox 2495 4805 2845 4869; x_wconf 86' lang='lat' dir='ltr'><strong>mutationes,</strong></span> <span class='ocrx_word' id='word_1_793' title='bbox 2863 4807 3143 4876; x_wconf 78' lang='lat' dir='ltr'><strong>exquibus</strong></span> <span class='ocrx_word' id='word_1_794' title='bbox 3159 4809 3394 4863; x_wconf 89' lang='lat' dir='ltr'><strong>mundus</strong></span> <span class='ocrx_word' id='word_1_795' title='bbox 3413 4807 3514 4862; x_wconf 90' lang='lat' dir='ltr'><strong>iste</strong></span> <span class='ocrx_word' id='word_1_796' title='bbox 3530 4823 3658 4864; x_wconf 79' lang='lat' dir='ltr'><strong>coa-</strong></span> 
     </span>
    </p>
   </div>
   <div class='ocr_carea' id='block_1_110' title="bbox 2081 4897 3656 4970">
    <p class='ocr_par' dir='ltr' id='par_1_110' title="bbox 2081 4897 3656 4970">
     <span class='ocr_line' id='line_1_113' title="bbox 2081 4897 3656 4970; baseline 0.004 -20"><span class='ocrx_word' id='word_1_797' title='bbox 2081 4897 2198 4961; x_wconf 90' lang='lat' dir='ltr'><strong>luit,</strong></span> <span class='ocrx_word' id='word_1_798' title='bbox 2231 4897 2504 4967; x_wconf 87' lang='lat' dir='ltr'><strong>etiamque</strong></span> <span class='ocrx_word' id='word_1_799' title='bbox 2526 4898 2778 4953; x_wconf 87' lang='lat' dir='ltr'><strong>consistit</strong></span> <span class='ocrx_word' id='word_1_800' title='bbox 2810 4915 2875 4952; x_wconf 89' lang='lat' dir='ltr'><strong>ac</strong></span> <span class='ocrx_word' id='word_1_801' title='bbox 2902 4901 3064 4969; x_wconf 82' lang='lat' dir='ltr'><strong>viget,</strong></span> <span class='ocrx_word' id='word_1_802' title='bbox 3093 4899 3235 4970; x_wconf 89' lang='lat' dir='ltr'><strong>quod</strong></span> <span class='ocrx_word' id='word_1_803' title='bbox 3270 4915 3539 4954; x_wconf 88' lang='lat' dir='ltr'><strong>summam</strong></span> <span class='ocrx_word' id='word_1_804' title='bbox 3562 4917 3656 4956; x_wconf 82' lang='lat' dir='ltr'><strong>ea-</strong></span> 
     </span>
    </p>
   </div>
   <div class='ocr_carea' id='block_1_111' title="bbox 2081 4989 3650 5060">
    <p class='ocr_par' dir='ltr' id='par_1_111' title="bbox 2081 4989 3650 5060">
     <span class='ocr_line' id='line_1_114' title="bbox 2081 4989 3650 5060; baseline 0.004 -18"><span class='ocrx_word' id='word_1_805' title='bbox 2081 5005 2200 5042; x_wconf 90' lang='lat' dir='ltr'><strong>rum</strong></span> <span class='ocrx_word' id='word_1_806' title='bbox 2227 4989 2601 5044; x_wconf 85' lang='lat' dir='ltr'><strong>necessitatem</strong></span> <span class='ocrx_word' id='word_1_807' title='bbox 2627 4991 3217 5060; x_wconf 54' lang='lat' dir='ltr'><strong>pervideatﬂmnquam</strong></span> <span class='ocrx_word' id='word_1_808' title='bbox 3236 4991 3352 5044; x_wconf 83' lang='lat' dir='ltr'><strong>lieri</strong></span> <span class='ocrx_word' id='word_1_809' title='bbox 3371 4991 3614 5060; x_wconf 80' lang='lat' dir='ltr'><strong>prohibet</strong></span> <span class='ocrx_word' id='word_1_810' title='bbox 3636 5011 3650 5048; x_wconf 91' lang='lat'><strong>:</strong></span> 
     </span>
    </p>
   </div>
   <div class='ocr_carea' id='block_1_112' title="bbox 2078 5081 3656 5155">
    <p class='ocr_par' dir='ltr' id='par_1_112' title="bbox 2078 5081 3656 5155">
     <span class='ocr_line' id='line_1_115' title="bbox 2078 5081 3656 5155; baseline 0.002 -19"><span class='ocrx_word' id='word_1_811' title='bbox 2264 5091 2319 5136; x_wconf 87' lang='lat' dir='ltr'><strong>at</strong></span> <span class='ocrx_word' id='word_1_812' title='bbox 2355 5098 2486 5138; x_wconf 79' lang='lat' dir='ltr'><strong>vero</strong></span> <span class='ocrx_word' id='word_1_813' title='bbox 2529 5085 2758 5153; x_wconf 72' lang='lat' dir='ltr'><strong>pruinae,</strong></span> <span class='ocrx_word' id='word_1_814' title='bbox 2805 5085 2976 5149; x_wconf 87' lang='lat' dir='ltr'><strong>nives,</strong></span> <span class='ocrx_word' id='word_1_815' title='bbox 3007 5093 3168 5153; x_wconf 84' lang='lat' dir='ltr'><strong>atque</strong></span> <span class='ocrx_word' id='word_1_816' title='bbox 3211 5084 3265 5138; x_wconf 84' lang='lat' dir='ltr'><strong>id</strong></span> <span class='ocrx_word' id='word_1_817' title='bbox 3303 5097 3474 5155; x_wconf 79' lang='lat' dir='ltr'><strong>genus</strong></span> <span class='ocrx_word' id='word_1_818' title='bbox 3527 5085 3656 5139; x_wconf 83' lang='lat' dir='ltr'><strong>reli-</strong></span> 
     </span>
    </p>
   </div>
   <div class='ocr_carea' id='block_1_113' title="bbox 2294 5259 3203 5326">
    <p class='ocr_par' dir='ltr' id='par_1_113' title="bbox 2294 5259 3203 5326">
     <span class='ocr_line' id='line_1_116' title="bbox 2294 5259 3203 5326; baseline -0.001 -13"><span class='ocrx_word' id='word_1_819' title='bbox 2294 5259 2600 5314; x_wconf 83' lang='lat' dir='ltr'><strong>Flammam</strong></span> <span class='ocrx_word' id='word_1_820' title='bbox 2629 5261 2800 5313; x_wconf 75' lang='lat' dir='ltr'><strong>media</strong></span> <span class='ocrx_word' id='word_1_821' title='bbox 2834 5259 2950 5326; x_wconf 83' lang='lat' dir='ltr'><strong>ipsa</strong></span> <span class='ocrx_word' id='word_1_822' title='bbox 2982 5261 3203 5312; x_wconf 76' lang='lat' dir='ltr'><strong>tenebat.</strong></span> 
     </span>
    </p>
   </div>
   <div class='ocr_carea' id='block_1_114' title="bbox 2151 5327 3654 5402">
    <p class='ocr_par' dir='ltr' id='par_1_114' title="bbox 2151 5327 3654 5402">
     <span class='ocr_line' id='line_1_117' title="bbox 2151 5327 3654 5402; baseline 0.003 -20"><span class='ocrx_word' id='word_1_823' title='bbox 2151 5331 2264 5400; x_wconf 73' lang='grc' dir='ltr'><strong>(Μ)</strong></span> <span class='ocrx_word' id='word_1_824' title='bbox 2310 5333 2402 5396; x_wconf 83' lang='grc' dir='ltr'>Ὡς</span> <span class='ocrx_word' id='word_1_825' title='bbox 2431 5329 2508 5382; x_wconf 70' lang='grc' dir='ltr'><strong>ἂν</strong></span> <span class='ocrx_word' id='word_1_826' title='bbox 2533 5333 2618 5392; x_wconf 81' lang='grc' dir='ltr'>εὶ,</span> <span class='ocrx_word' id='word_1_827' title='bbox 2645 5340 2747 5384; x_wconf 83' lang='lat' dir='ltr'><strong>etc.</strong></span> <span class='ocrx_word' id='word_1_828' title='bbox 2783 5327 2911 5382; x_wconf 88' lang='lat' dir='ltr'><strong>Loci</strong></span> <span class='ocrx_word' id='word_1_829' title='bbox 2965 5329 3124 5402; x_wconf 84' lang='lat' dir='ltr'><strong>hujus</strong></span> <span class='ocrx_word' id='word_1_830' title='bbox 3171 5329 3378 5402; x_wconf 21' lang='lat' dir='ltr'><strong>vitiumd</strong></span> <span class='ocrx_word' id='word_1_831' title='bbox 3407 5330 3520 5386; x_wconf 92' lang='lat' dir='ltr'><strong>tolli</strong></span> <span class='ocrx_word' id='word_1_832' title='bbox 3555 5347 3654 5402; x_wconf 88' lang='lat' dir='ltr'><strong>po-</strong></span> 
     </span>
    </p>
   </div>
   <div class='ocr_carea' id='block_1_115' title="bbox 2079 5399 3689 5470">
    <p class='ocr_par' dir='ltr' id='par_1_115' title="bbox 2079 5399 3689 5470">
     <span class='ocr_line' id='line_1_118' title="bbox 2079 5399 3689 5470; baseline -0.001 -15"><span class='ocrx_word' id='word_1_833' title='bbox 2079 5399 2206 5462; x_wconf 78' lang='lat' dir='ltr'><strong>test,</strong></span> <span class='ocrx_word' id='word_1_834' title='bbox 2235 5405 2277 5452; x_wconf 86' lang='lat' dir='ltr'><strong>si</strong></span> <span class='ocrx_word' id='word_1_835' title='bbox 2310 5417 2432 5453; x_wconf 80' lang='lat' dir='ltr'><strong>eum</strong></span> <span class='ocrx_word' id='word_1_836' title='bbox 2461 5403 2630 5453; x_wconf 86' lang='lat' dir='ltr'><strong>altero</strong></span> <span class='ocrx_word' id='word_1_837' title='bbox 2666 5413 2942 5470; x_wconf 82' lang='lat' dir='ltr'><strong>niauuscr.</strong></span> <span class='ocrx_word' id='word_1_838' title='bbox 2977 5401 3214 5470; x_wconf 83' lang='lat' dir='ltr'><strong>primum</strong></span> <span class='ocrx_word' id='word_1_839' title='bbox 3249 5399 3324 5462; x_wconf 79' lang='grc' dir='ltr'>ὡς</span> <span class='ocrx_word' id='word_1_840' title='bbox 3349 5399 3414 5454; x_wconf 82' lang='grc' dir='ltr'>ἄν</span> <span class='ocrx_word' id='word_1_841' title='bbox 3445 5399 3653 5470; x_wconf 77' lang='lat' dir='ltr'><strong>t-xpnii-</strong></span> <span class='ocrx_word' id='word_1_842' title='bbox 3684 5449 3689 5454; x_wconf 93' lang='lat'><strong>.</strong></span> 
     </span>
    </p>
   </div>
   <div class='ocr_carea' id='block_1_116' title="bbox 2081 5468 3651 5537">
    <p class='ocr_par' dir='ltr' id='par_1_116' title="bbox 2081 5468 3651 5537">
     <span class='ocr_line' id='line_1_119' title="bbox 2081 5468 3651 5537; baseline -0.003 -20"><span class='ocrx_word' id='word_1_843' title='bbox 2081 5476 2247 5533; x_wconf 66' lang='lat' dir='ltr'><strong>xeris,</strong></span> <span class='ocrx_word' id='word_1_844' title='bbox 2288 5473 2380 5537; x_wconf 13' lang='lat' dir='ltr'><strong>vel,</strong></span> <span class='ocrx_word' id='word_1_845' title='bbox 2403 5471 2590 5522; x_wconf 71' lang='lat' dir='ltr'><strong>saltem</strong></span> <span class='ocrx_word' id='word_1_846' title='bbox 2634 5469 2924 5537; x_wconf 55' lang='lat' dir='ltr'><strong>legeris,ai</strong></span> <span class='ocrx_word' id='word_1_847' title='bbox 2951 5471 3047 5521; x_wconf 65' lang='grc' dir='ltr'><strong>καί</strong></span> <span class='ocrx_word' id='word_1_848' title='bbox 3083 5468 3154 5530; x_wconf 79' lang='grc' dir='ltr'>ὣς</span> <span class='ocrx_word' id='word_1_849' title='bbox 3186 5468 3282 5526; x_wconf 82' lang='grc' dir='ltr'>ἄν,</span> <span class='ocrx_word' id='word_1_850' title='bbox 3319 5468 3651 5524; x_wconf 66' lang='grc' dir='ltr'><strong>όρίηείοοὶο-</strong></span> 
     </span>
    </p>
   </div>
   <div class='ocr_carea' id='block_1_117' title="bbox 2082 5535 3652 5610">
    <p class='ocr_par' dir='ltr' id='par_1_117' title="bbox 2082 5535 3652 5610">
     <span class='ocr_line' id='line_1_120' title="bbox 2082 5535 3652 5610; baseline 0.001 -17"><span class='ocrx_word' id='word_1_851' title='bbox 2082 5541 2228 5610; x_wconf 79' lang='grc' dir='ltr'>μένῳ</span> <span class='ocrx_word' id='word_1_852' title='bbox 2264 5541 2316 5592; x_wconf 89' lang='lat' dir='ltr'><strong>in</strong></span> <span class='ocrx_word' id='word_1_853' title='bbox 2344 5536 2480 5592; x_wconf 76' lang='grc' dir='ltr'>εἶναι</span> <span class='ocrx_word' id='word_1_854' title='bbox 2505 5535 2820 5610; x_wconf 77' lang='lat' dir='ltr'><strong>mutaveris.</strong></span> <span class='ocrx_word' id='word_1_855' title='bbox 2849 5535 3109 5591; x_wconf 70' lang='lat' dir='ltr'><strong>Praeterea</strong></span> <span class='ocrx_word' id='word_1_856' title='bbox 3139 5537 3310 5602; x_wconf 85' lang='grc' dir='ltr'>δεινός</span> <span class='ocrx_word' id='word_1_857' title='bbox 3344 5555 3441 5607; x_wconf 90' lang='lat' dir='ltr'><strong>pro</strong></span> <span class='ocrx_word' id='word_1_858' title='bbox 3464 5540 3652 5604; x_wconf 81' lang='grc' dir='ltr'>δεινῶς</span> 
     </span>
    </p>
   </div>
   <div class='ocr_carea' id='block_1_118' title="bbox 2081 5608 3650 5681">
    <p class='ocr_par' dir='ltr' id='par_1_118' title="bbox 2081 5608 3650 5681">
     <span class='ocr_line' id='line_1_121' title="bbox 2081 5608 3650 5681; baseline 0 -17"><span class='ocrx_word' id='word_1_859' title='bbox 2081 5608 2448 5681; x_wconf 78' lang='lat' dir='ltr'><strong>reponendum</strong></span> <span class='ocrx_word' id='word_1_860' title='bbox 2479 5610 2731 5681; x_wconf 80' lang='lat' dir='ltr'><strong>_vi_detur._</strong></span> <span class='ocrx_word' id='word_1_861' title='bbox 2783 5608 2991 5681; x_wconf 71' lang='lat' dir='ltr'><strong>Integer</strong></span> <span class='ocrx_word' id='word_1_862' title='bbox 3027 5624 3162 5681; x_wconf 60' lang='lat' dir='ltr'><strong>ergo</strong></span> <span class='ocrx_word' id='word_1_863' title='bbox 3200 5610 3394 5681; x_wconf 49' lang='grc' dir='ltr'><strong>ίοςειεξ⁸</strong></span> <span class='ocrx_word' id='word_1_864' title='bbox 3422 5611 3501 5664; x_wconf 81' lang='lat' dir='ltr'><strong>sie</strong></span> <span class='ocrx_word' id='word_1_865' title='bbox 3548 5613 3650 5678; x_wconf 79' lang='lat' dir='ltr'><strong>legi</strong></span> 
     </span>
    </p>
   </div>
   <div class='ocr_carea' id='block_1_119' title="bbox 2081 5675 3654 5749">
    <p class='ocr_par' dir='ltr' id='par_1_119' title="bbox 2081 5675 3654 5749">
     <span class='ocr_line' id='line_1_122' title="bbox 2081 5675 3654 5749; baseline 0.004 -18"><span class='ocrx_word' id='word_1_866' title='bbox 2081 5675 2268 5749; x_wconf 68' lang='lat' dir='ltr'><strong>possit,</strong></span> <span class='ocrx_word' id='word_1_867' title='bbox 2314 5678 2512 5749; x_wconf 53' lang='lat' dir='ltr'><strong>aiatait</strong></span> <span class='ocrx_word' id='word_1_868' title='bbox 2542 5678 2646 5749; x_wconf 67' lang='lat' dir='ltr'><strong>(vel</strong></span> <span class='ocrx_word' id='word_1_869' title='bbox 2687 5679 2735 5730; x_wconf 84' lang='grc' dir='ltr'><strong>εἰ</strong></span> <span class='ocrx_word' id='word_1_870' title='bbox 2779 5677 2870 5733; x_wconf 76' lang='grc' dir='ltr'><strong>καὶ</strong></span> <span class='ocrx_word' id='word_1_871' title='bbox 2915 5677 2997 5742; x_wconf 83' lang='grc' dir='ltr'>ὡς</span> <span class='ocrx_word' id='word_1_872' title='bbox 3023 5675 3113 5747; x_wconf 63' lang='grc' dir='ltr'><strong>ἂν)</strong></span> <span class='ocrx_word' id='word_1_873' title='bbox 3155 5677 3234 5748; x_wconf 82' lang='grc' dir='ltr'>τῷ</span> <span class='ocrx_word' id='word_1_874' title='bbox 3271 5675 3442 5744; x_wconf 65' lang='grc' dir='ltr'>δεινὸς</span> <span class='ocrx_word' id='word_1_875' title='bbox 3479 5675 3654 5736; x_wconf 75' lang='grc' dir='ltr'>εἰπεῖν</span> 
     </span>
    </p>
   </div>
   <div class='ocr_carea' id='block_1_120' title="bbox 2080 5747 2716 5820">
    <p class='ocr_par' dir='ltr' id='par_1_120' title="bbox 2080 5747 2716 5820">
     <span class='ocr_line' id='line_1_123' title="bbox 2080 5747 2716 5820; baseline 0.003 -18"><span class='ocrx_word' id='word_1_876' title='bbox 2080 5747 2242 5808; x_wconf 76' lang='grc' dir='ltr'>εἶναι,</span> <span class='ocrx_word' id='word_1_877' title='bbox 2271 5747 2578 5820; x_wconf 59' lang='grc' dir='ltr'>προλαϐών,</span> <span class='ocrx_word' id='word_1_878' title='bbox 2609 5755 2716 5804; x_wconf 81' lang='lat' dir='ltr'><strong>etc.</strong></span> 
     </span>
    </p>
   </div>
  </div>
