4166 6434
508 362 609 419 δτι

1143 356 1415 414 EUSEBII
1454 354 1936 411 CESARIENSIS
1972 356 2121 412 OPP.
2164 354 2346 410 PARS
2383 353 2446 410 ll.
2505 385 2547 394 -
2583 350 3084 409 APOLOGETICA.

3656 351 3766 408 0'!

3714 376 3720 383 .

3714 376 3720 383 ι

510 501 639 554 qua,
685 483 810 540 cmli
856 480 1342 552 refrigerationem,
1380 478 1839 549 quemadmodum
1887 487 1942 533 et
1984 495 2076 533 nu-

2194 477 2580 547 ἀφθονωτάτας
2608 474 2830 546 ήμέρων
2857 473 3075 542 ἀγέλας.
3102 471 3317 543 Ἐπειδὴ
3353 472 3469 535 σῦς,
3501 472 3593 525 καὶ
3622 471 3771 525 λέον-

511 578 659 631 bium
707 574 1046 630 collisionem
1094 572 1451 639 attritumque
1488 568 1704 639 fulgura
1746 578 1910 639 atque
1943 569 2087 623 toni-

511 677 632 721 trUa
664 672 1095 733 consequuntur.
1126 662 1192 730 (‘)
1239 662 1483 727 Quorum
1523 661 1681 722 adeo.
1726 658 2088 713 Providentia

521 757 755 814 consilio
793 755 1007 810 exsistit
1053 753 1287 809 fortasse
1319 752 1486 819 nihil;
1539 752 1633 807 sed
1664 752 1859 821 pluviae
1907 752 2085 806 solum

508 861 671 917 atque
700 846 880 911 venti,
911 846 1112 913 quibus
1142 859 1231 910 ea,
1276 858 1399 913 quae
1436 852 1597 897 terrae
1646 844 1768 896 sinu
1803 844 2090 898 continen-

506 950 615 1003 tur,
647 940 858 1002 vivunt,
893 937 1134 1002 aluntur,
1166 944 1218 990 et
1245 943 1534 1000 crescunt,
1579 935 1891 1004 quibusque
1931 945 2088 987 ante-

504 1032 710 1105 gressis
755 1041 952 1092 caetera
996 1030 1084 1083 illa
1135 1028 1299 1098 vulgo
1346 1028 1774 1096 subsequuntur.
1827 1027 1894 1081 Ut
1938 1029 2085 1082 enim

503 1140 659 1190 vero,
704 1124 749 1178 si
787 1122 881 1193 qui
931 1121 1070 1176 forte
1114 1121 1296 1174 minus
1328 1119 1605 1188 elegantes
1646 1136 1709 1173 ac
1749 1120 1923 1188 politi,
1960 1135 2082 1173 cum

505 1214 772 1286 gymnasii
825 1212 1136 1266 moderator
1182 1209 1537 1277 voluntarios,
1594 1220 1650 1261 ut
1690 1224 1832 1277 saepe
1865 1208 2082 1274 accidit,

504 1306 921 1376 magnificentia:
977 1302 1181 1367 studio,
1241 1310 1492 1370 sumptus
1532 1300 1739 1363 fecerit,
1795 1303 2085 1370 unguentis

503 1415 603 1468 pro
636 1414 777 1468 aqua
810 1396 1040 1466 perfusi,
1088 1395 1401 1449 labentibus
1446 1396 1614 1465 guttis
1646 1394 1951 1463 subjectum
1994 1410 2082 1448 so-

505 1488 617 1540 lum
672 1488 981 1555 irrigarint,
1038 1486 1181 1539 unde
1240 1484 1415 1536 lutum
1464 1484 1756 1536 admodum
1808 1483 2081 1537 lubricum

503 1578 935 1633 oriaturznemo
964 1576 1205 1645 quidem,
1236 1575 1280 1629 si
1315 1574 1489 1642 sapiat
1524 1574 1707 1638 modo,
1742 1575 2085 1645 gymnasiar—

504 1671 620 1724 chae
678 1669 910 1723 consilio
958 1668 1133 1720 lutum
1186 1667 1329 1720 istud
1394 1665 1732 1720 lubricumve
1789 1666 2084 1736 contigisse

503 1760 721 1821 dixerit,
758 1758 855 1813 sed
904 1767 1199 1825 utrumque
1234 1772 1364 1810 casu
1400 1756 1637 1826 quodam
1683 1770 1749 1809 ex
1796 1766 1942 1811 tanta
1978 1773 2081 1811 un-

2189 588 2301 633 τες,
2337 569 2432 623 καὶ
2466 569 2567 621 ὅσα
2613 567 2973 639 ὁμοιότροπα,
3016 563 3240 633 ἑκουσίᾳ
3280 561 3440 631 φύσει
3470 561 3767 634 χρώμενα,

2193 659 2410 730 μακρὰν
2447 658 2640 720 ἄστεος
2686 657 3056 728 ἀπελήλαται,
3084 655 3145 707 τὸ
3197 654 3364 725 μηδὲν
3404 653 3593 709 παθεῖν
3626 655 3769 723 ἀγα-

2190 753 2374 804 πῶντα
2417 750 2515 821 τῆς
2568 748 2872 821 ἀνθρώπων
2926 746 3239 817 ἐπιϐουλῆς.
3287 747 3349 799 Εἰ
3380 746 3437 800 δέ.
3478 764 3623 811 τινες
3661 746 3766 801 ὑπὸ

2190 842 2460 914 ῥᾳθυμίας
2493 840 2682 895 ἄοπλοι
2732 840 2827 892 καὶ
2870 838 3246 909 ἀπαράσκευοι
3277 841 3396 902 ταῖς
3440 837 3764 894 καταδύσεσι

2186 936 2294 988 τῶν
2324 934 2526 1005 θηρίων
2570 931 2740 995 ἀδεῶς
2788 930 3182 995 ἐνδιαιτῶνται,
3213 930 3322 983 τῶν
3362 928 3763 1000 συμϐαινόντων

2187 1025 2447 1087 ἑαυτοὺς,
2496 1022 2631 1077 ἀλλά
2675 1021 2749 1094 μὴ
2799 1021 2899 1091 τὴν
2930 1021 3093 1090 φύσιν
3143 1021 3541 1087 αἰτιάσθωσαν,
3590 1021 3761 1091 διότι,

2187 1115 2522 1184 φυλάξασθαι
2569 1114 2765 1185 παρὸν,
2807 1113 3185 1185 ὠλιγώρησαν.
3224 1114 3363 1183 Ἤδη
3410 1112 3539 1181 γοῦν
3579 1114 3675 1167 καὶ
3704 1114 3765 1170 ὲν

2190 1208 2576 1278 ἱπποδρομίαις
2606 1201 2747 1259 εἶδόν
2769 1223 2921 1269 τινας
2949 1205 3199 1269 εἴξαντας
3220 1205 3520 1277 ἀλογιστία,
3549 1205 3621 1270 οἳ,
3646 1206 3762 1260 δέον

2187 1287 2602 1368 ἐγκαθέζεσθαι,
2658 1299 2753 1352 καὶ
2812 1300 2906 1351 σὺν
2947 1298 3137 1370 κόσμῳ
3191 1297 3445 1370 θεωρεῖν,
3498 1300 3557 1351 ὲν
3614 1298 3762 1370 μέσῳ

2187 1392 2429 1455 στάντες,
2456 1392 2562 1445 ὑπὸ
2590 1391 2690 1461 τῆς
2722 1392 2901 1462 ῥύμης
2931 1390 3040 1444 τῶν
3066 1390 3378 1464 τεθρίππων
3410 1389 3758 1458 ἀνωσθέντες,

2186 1484 2313 1539 ποσὶ
2357 1485 2452 1537 καὶ
2493 1487 2707 1554 τροχοῖς
2754 1482 3198 1554 κατηλοήθησαν,
3253 1480 3440 1547 ἀνοίας
3469 1483 3761 1555 τάπίχειρα

2184 1575 2242 1627 εύ
2253 1576 2317 1645 ρά
2326 1590 2494 1644 μενοι.
2517 1574 2651 1644 Περὶ
2676 1574 2773 1644 μὲν
2804 1568 2896 1626 οὖν
2920 1572 3126 1627 τούτων
3147 1573 3361 1643 ἀπόχρη
3381 1572 3451 1626 τά
3476 1572 3756 1644 λεχθέντα.

2185 1667 2304 1721 Τῶν
2333 1668 2376 1721 δ’
2405 1666 2649 1737 ἑρπετῶν
2673 1665 2743 1719 τὰ
2771 1665 2946 1718 ίοϐόλα
2975 1665 3198 1733 γέγονεν
3224 1665 3286 1718 οὐ
3315 1662 3458 1718 κατὰ
3483 1665 3758 1736 πρόνοιαν,

2184 1759 2316 1813 ἀλλὰ
2359 1760 2477 1810 κατ’
2519 1751 2976 1827 ἐπακολούθησιν,
3027 1756 3103 1819 ὡς
3144 1757 3239 1810 καὶ
3272 1756 3538 1828 πρότερον
3585 1755 3757 1814 εἷπον.

502 1861 830 1922 guentorum
866 1851 1023 1921 copia
1074 1860 1475 1919 consequutum
1511 1848 1713 1913 fuisse;
1764 1849 1858 1903 iris
1888 1850 2076 1903 simili-

2187 1854 2539 1918 Ζωογονείται
2577 1852 2706 1923 γάρ,
2734 1851 2923 1922 ὃτανὴ
2968 1851 3348 1920 ἐνυπάρχουσα
3395 1850 3564 1921 ίκμάς
3598 1868 3761 1922 μετα-

502 1953 606 2009 ter,
636 1958 860 2009 corona,
893 1951 948 1996 et
980 1951 1174 1996 caetera
1208 1942 1259 1995 id
1288 1956 1481 2010 genus,
1515 1955 1580 1994 ex
1614 1938 1779 1993 radiis
1811 1954 1931 1994 sese
1962 1955 2077 1993 me-

501 2037 620 2091 dias
657 2036 712 2094 in
742 2035 916 2089 nubes
957 2034 1396 2088 immiscentibus
1430 2044 1867 2102 consequuntur,
1899 2047 2075 2101 eoque

499 2144 611 2183 non
659 2126 983 2198 principalia
1031 2126 1281 2195 quaedam
1329 2134 1536 2179 natura:
1583 2140 1747 2193 Opera
1788 2133 1935 2189 sunt,
1982 2125 2077 2178 sed

499 2217 682 2287 potius
727 2218 793 2271 ad
849 2232 937 2271 res
988 2215 1269 2278 naturales
1318 2216 1607 2270 accedunt.
1645 2214 1972 2284 Quanquam
2025 2225 2080 2269 ct

500 2309 884 2363 solertioribns
916 2308 1031 2377 ipsa
1065 2322 1306 2376 quoque,
1348 2306 1656 2361 necessario
1687 2307 1902 2360 cuidam
1952 2306 2078 2360 usui

497 2413 622 2452 esse
653 2398 849 2462 solent,
886 2397 979 2467 qui
1007 2411 1074 2451 ex
1104 2397 1320 2450 illorum
1352 2406 1596 2463 aspectu,
1622 2404 1717 2448 aut
1740 2394 1936 2450 sudum
1964 2395 2078 2449 fore

497 2504 865 2560 serenumque
898 2491 1121 2554 caelum,
1155 2498 1248 2543 aut
1277 2497 1468 2542 ventos
1497 2504 1561 2541 ac
1594 2496 1943 2556 tempestates
1973 2488 2078 2541 im-

498 2580 705 2635 minere
747 2581 1128 2651 praesentiunt,
1183 2588 1347 2648 atque
1398 2579 1787 2649 praenuntiant.
1832 2578 1971 2633 Num
2019 2589 2073 2633 tu

498 2673 741 2742 porticus
788 2672 910 2728 illas
977 2670 1087 2728 tota
1136 2672 1273 2727 urbe
1324 2671 1515 2727 vides?
1572 2678 1821 2741 spectant
1883 2671 2074 2741 plene-

495 2779 603 2833 que
649 2764 972 2831 meridiem,
1015 2773 1076 2819 ut
1140 2763 1544 2819 inambulantes
1612 2762 1790 2816 hieme
1853 2762 2075 2832 quidem

495 2855 851 2922 incalescant,
899 2865 1090 2912 aestate
1135 2872 1289 2923 vero,
1326 2871 1458 2909 aura
1501 2854 1905 2910 vehementiore
1951 2871 2075 2925 per-

495 2950 714 3003 llentur.
758 2948 1026 3003 Caeterum
1064 2948 1210 3002 aliud
1238 2946 1496 3017 quiddam
1525 2960 1591 2999 eo
1627 2958 1695 2999 ex
1730 2945 1837 2999 situ
1878 2960 2072 2999 conse-

492 3041 702 3110 quitur,
755 3040 903 3110 quod
952 3039 1181 3095 omnino
1232 3042 1427 3107 pra-ter
1474 3035 1614 3105 ejus,
1663 3034 1757 3104 qui
1801 3034 2072 3104 porticum

492 3133 716 3187 molitus
764 3141 868 3194 est,
917 3131 1162 3185 animum
1197 3137 1545 3195 mentemque
1595 3126 1880 3196 contingit.
1927 3124 2069 3190 Quid

492 3225 709 3278 tandem
740 3221 908 3276 illud?
940 3221 1097 3287 Quod
1128 3221 1382 3290 projectaa
1402 3221 1628 3288 pedibus
1654 3220 1880 3283 umbrae,
1907 3218 2071 3273 horas

492 3315 655 3370 nobis
681 3312 1002 3383 quotidiana
1042 3312 1278 3382 quadam
1308 3310 1643 3381 experientia
1677 3308 1955 3363 denotent.
1983 3308 2075 3364 Sic

493 3404 634 3474 ignis
663 3420 801 3475 Opus
831 3413 915 3459 est
951 3412 1163 3457 natura:
1192 3417 1289 3471 per
1316 3402 1717 3466 necessarium;
1762 3399 1947 3455 fumus
1977 3415 2075 3453 au-

491 3505 623 3560 tem,
655 3504 715 3548 ut
756 3495 876 3564 ejus
915 3494 1167 3564 quaedam
1204 3493 1362 3561 quasi
1391 3491 1634 3546 accessio
1675 3491 1765 3554 sit,
1802 3490 1962 3543 habet
1995 3498 2075 3542 ta-

496 3599 620 3637 men
658 3583 928 3637 interdum
975 3581 1379 3636 commoditatis
1420 3580 1625 3648 aliquid
1657 3579 1771 3647 ipse
1811 3592 2073 3646 quoque:

491 3690 617 3730 cum
656 3673 803 3727 enim
838 3672 986 3727 faces
1014 3671 1251 3726 interdiu
1279 3672 1545 3725 tolluntur
1571 3685 1602 3722 e
1632 3668 1891 3737 speculis,
1917 3668 2076 3722 solis-

492 3780 601 3835 que
639 3765 777 3818 radii
828 3764 1171 3834 splendorem
1212 3764 1353 3834 ignis
1388 3762 1762 3832 exstinguunt,
1794 3760 1944 3813 fumo
1968 3760 2083 3813 sal-

493 3865 601 3908 tem
642 3854 877 3909 indidem
913 3863 1303 3925 prorumpente
1343 3852 1583 3908 hostium
1631 3851 1896 3906 adventus
1932 3850 2071 3904 indi-

494 3952 669 3997 catur.
708 3944 875 3999 Porro
906 3947 1048 4015 quod
1085 3945 1151 4013 de
1191 3946 1335 3999 iride
1366 3945 1683 4007 statuimus,
1737 3944 1879 3997 idem
1908 3944 2074 3997 etiam

492 4034 561 4087 de
584 4033 718 4088 solis
743 4050 805 4089 ac
831 4035 975 4089 lunae
1002 4034 1405 4089 defectionibus
1440 4034 1782 4089 sentiendum
1812 4041 1915 4088 est.
1945 4032 2079 4099 Quae

493 4124 714 4193 quidem
745 4124 817 4179 ita
849 4125 1214 4181 divinioribus
1249 4127 1537 4196 utriusque
1583 4126 1714 4180 astri
1745 4125 1957 4179 naturis
1984 4140 2075 4179 ac-

493 4216 703 4280 cidunt,
748 4226 810 4272 ut
853 4219 1015 4273 simul
1065 4218 1440 4273 imminentem
1495 4226 1590 4272 aut
1635 4218 1852 4288 regibus
1887 4217 2075 4272 interi-

494 4317 633 4373 tum,
675 4317 771 4362 aut
812 4310 1126 4365 civitatibus
1178 4320 1385 4380 pestem
1439 4309 1780 4364 denuntient.
1814 4310 1873 4363 Id
1928 4308 2075 4377 quod

492 4401 656 4455 etiam
709 4399 1000 4468 Pindarus,
1039 4418 1161 4456 cum
1218 4402 1414 4457 similis
1464 4400 1697 4457 defectio
1738 4401 2071 4471 contigisset,

492 4491 730 4547 laudatis
770 4509 935 4563 supra
988 4494 1328 4549 carminibus
1358 4493 1638 4547 iudicavit.
1676 4492 1908 4548 Lacteus
1943 4494 2069 4546 item

492 4585 753 4647 circulus,
789 4600 915 4639 cum
949 4585 1196 4653 ejusdem
1243 4585 1424 4655 plane,
1477 4586 1635 4652 cujus
1688 4594 1837 4639 astra
1877 4595 2070 4639 caetera

494 4686 703 4729 naturze
731 4675 821 4738 sit,
854 4682 915 4728 ut
937 4688 1131 4727 causas
1160 4674 1357 4727 habeat
1377 4675 1647 4745 eXplicatu
1681 4675 1944 4739 diﬂieiles,
1975 4676 2073 4729 ab-

494 4768 565 4822 sit
605 4777 785 4819 tamen
822 4773 881 4818 ut.
926 4765 1169 4817 animum
1209 4764 1311 4819 hoc
1349 4767 1402 4819 in
1447 4782 1643 4836 genere
1678 4766 2070 4836 despondeant,

492 4861 585 4928 qui
642 4876 828 4915 rerum
888 4861 1219 4915 naturalium
1266 4858 1505 4911 rationes
1566 4858 1821 4927 indagare
1849 4857 2065 4911 solent:

490 4951 658 5023 396
684 4966 806 5005 cum
862 4952 1007 5007 enim
1058 4966 1278 5029 causam
1326 4948 1592 5017 ejusmodi
1636 4948 1875 5016 aliquam
1924 4948 2074 5001 inve-

448 5044 644 5098 'nisse
693 5043 1049 5097 utilissimum
1101 5052 1203 5108 est,
1254 5050 1367 5095 tum
1421 5040 1507 5095 vel
1549 5054 1669 5094 eam
1719 5038 2066 5108 investigare,

450 5139 461 5153 μ

448 5182 459 5197 ζ

426 5200 468 5285 1?

493 5133 808 5191 hominibus
856 5135 1063 5191 sciendi
1117 5135 1352 5205 cupidis,
1407 5149 1503 5204 per
1561 5149 1684 5189 sese
1731 5132 2072 5202 jucundissi-

564 5261 592 5292 ⁸
632 5253 716 5306 ῖσ.
760 5252 927 5325 ἐνίδρ.

566 5381 677 5452 (42)
707 5386 1114 5454 Βοστρύχους.
1156 5383 1271 5438 Non
1313 5384 1472 5439 video
1503 5381 1633 5453 quid
1676 5380 1932 5454 supplicii
1964 5396 2073 5435 vox

494 5449 602 5526 ista
630 5449 1188 5526 signiticétr'l'lter'que
1211 5449 1568 5526 manuscript.
1599 5449 1767 5526 habet
1784 5453 2069 5526 ὕστριχας2

493 5522 699 5597 optime
715 5542 728 5587 ;
768 5524 955 5597 ὖστριξ
985 5522 1153 5597 enim,
1180 5526 1295 5581 sive
1325 5524 1538 5597 ὒσθριξ,
1570 5524 1683 5579 sive
1713 5522 1979 5597 ὑστριχὶς,
2011 5522 2072 5586 ἐξ

495 5590 657 5665 θείων
691 5590 891 5665 τριχῶν
928 5590 1152 5665 μάστιξ,
1196 5590 1593 5651 ιιουιιιιηέαηο
1639 5590 1832 5663 ﬂagelli
1874 5590 2065 5664 genus.

494 5660 893 5732 Aristophanes
916 5660 967 5716 ln
1005 5664 1246 5718 Nubibus
1276 5682 1294 5718 :

568 5768 581 5780 .
625 5768 641 5785 .
685 5772 698 5786 .
742 5735 849 5787 Kal
885 5732 1009 5799 πῶς
1030 5734 1336 5798 ﬂuam-le
1363 5735 1609 5805 κλίμακι

2187 1944 2325 2015 ϐάλῃ
2362 1943 2496 2012 πρὸς
2522 1942 2582 1995 τὸ
2626 1940 2974 2013 θερμότερον.
3018 1942 3177 1995 Ἔνια
3203 1941 3261 1995 δὲ
3296 1941 3391 1995 καὶ
3426 1942 3589 2013 σῆψις
3631 1942 3760 2013 ὲψύο

2184 2050 2377 2102 χτοσεν,
2430 2033 2506 2095 ὼς
2538 2030 2796 2101 ἕλμινθας
2842 2031 2941 2101 μὲν
2988 2032 3022 2102 ή
3076 2031 3202 2101 περὶ
3227 2029 3432 2101 τροφὴν
3460 2071 3476 2095 ,
3534 2031 3759 2105 φθεῖρας

2181 2124 2224 2177 δ’
2257 2126 2289 2195 ἡ
2318 2126 2425 2178 ἀπὸ
2454 2124 2563 2177 τῶν
2592 2122 2851 2195 ἱδρώτων.
2880 2125 3020 2176 Ὅσα
3056 2123 3100 2176 δ’
3126 2121 3184 2189 ἐξ
3218 2125 3423 2187 οἰκείας
3448 2122 3581 2196 ὕλης
3617 2127 3758 2180 κατά

2183 2218 2341 2285 φύσιν
2372 2216 2750 2288 σπερματικὴν
2791 2218 2886 2271 καὶ
2925 2217 3345 2287 προηγουμένην
3378 2215 3494 2286 ἔχει
3523 2216 3757 2285 γένεσιν,

2180 2308 2402 2371 εἰκότως
2450 2308 2852 2381 ἐπιγέγραπται
2905 2307 3191 2378 Πρόνοιαν.
3241 2307 3490 2361 Ἤκουσα
3542 2307 3601 2361 δὲ
3665 2308 3759 2362 καὶ

2180 2400 2307 2469 περὶ
2339 2399 2562 2454 ἐκείνων
2622 2400 2833 2461 διττοὺς
2864 2398 3087 2466 λόγους,
3138 2399 3214 2462 ὼς
3255 2401 3341 2452 ἐπ’
3381 2398 3617 2471 ὠφελείᾳ
3665 2398 3758 2452 τοῦ

2178 2488 2465 2560 ἀνθρώπου
2497 2490 2822 2559 γεγονότων,
2857 2488 2950 2553 οὓς
2974 2490 3075 2542 οὐκ
3096 2489 3163 2543 ἂν
3199 2489 3630 2562 ἐπικρυψαίμην.
3649 2485 3759 2543 Ἦν

2176 2581 2223 2633 δ’
2254 2582 2282 2633 ό
2335 2582 2432 2652 μὲν
2481 2580 2669 2653 ἕτερος
2711 2580 2948 2633 τοιόσδεο
2989 2581 3133 2651 Πρὸς
3182 2580 3351 2634 πολλά
3396 2580 3506 2635 τῶν
3560 2581 3759 2654 ίατρῶν

2177 2671 2387 2740 ἔφασάν
2432 2687 2577 2733 τινες
2611 2669 2680 2724 τὰ
2718 2669 2901 2724 ἰοϐόλα
2943 2673 3262 2741 συνεργεῖν,
3311 2672 3406 2724 καὶ
3457 2672 3585 2735 τοὺς
3630 2670 3758 2743 μεθ-

2175 2762 2466 2825 οδεύοντας
2499 2760 2598 2832 τὴν
2637 2762 2833 2833 τέχνην
2854 2803 2868 2825 ,
2903 2764 2983 2825 είς
3013 2760 3048 2815 ἃ
3069 2763 3149 2815 δεῖ
3176 2763 3632 2834 καταχρωμένους
3662 2761 3757 2817 αὖ·

2176 2859 2289 2918 τοῖς
2319 2854 2721 2924 ἐπιστημόνως,
2757 2851 3218 2925 ἀλεξιφαρμάκων
3257 2855 3530 2926 εὐπορεῖν,
3562 2856 3663 2908 ἐπὶ·
3684 2856 3753 2931 τῇ

2174 2944 2282 2998 τῶν
2313 2944 2544 3015 μάλιστα
2584 2942 2899 3013 ἐπισφαλῶς
2946 2943 3177 3014 ἐχόντων
3212 2945 3603 3018 ἀπροσδοκήτῳ
3646 2963 3755 3001 σω·-

2173 3037 2358 3108 τηρίᾳ..
2392 3036 2501 3089 Καὶ
2531 3036 2692 3108 μέχρι
2722 3037 2816 3089 νῦν
2847 3035 2994 3088 ἔστιν
3048 3037 3176 3090 ἰδεῖν
3201 3038 3329 3101 τοὺς
3374 3037 3448 3110 μὴ
3498 3037 3756 3111 ῥᾳθύμως

2177 3130 2271 3187 καλ¹
2302 3128 2519 3200 ἀμελῶς
2571 3129 2840 3200 ἰατρεύειν
2879 3128 3291 3201 ἐπιχειροῦντας
3330 3132 3390 3185 ἐν
3424 3134 3544 3196 ταῖς
3571 3131 3758 3186 συνθέ-

2175 3238 2291 3275 σεσι
2315 3221 2420 3275 τῶν
2450 3222 2754 3293 φαρμάκων
2784 3221 3240 3292 καταχρωμένους
3255 3220 3505 3285 ἑκάστοις
3529 3223 3590 3276 οὐ
3616 3238 3757 3293 παρ-

2174 3316 2369 3388 έργως.
2403 3316 2461 3368 '0
2498 3314 2541 3366 δ’
2572 3313 2758 3383 ἕτερος
2804 3311 2962 3380 λόγος
3011 3312 3111 3381 οὐκ
3142 3312 3403 3381 ίατρικὸς,
3443 3311 3576 3364 ἀλλά
3604 3310 3757 3380 φιλό-

2176 3424 2338 3476 σοφος
2368 3402 2464 3477 ἦν,
2509 3405 2584 3468 ὼς
2635 3403 2797 3456 ἔοικε.
2846 3402 2936 3472 Τῷ
2984 3402 3093 3473 γὰρ
3150 3401 3270 3471 Θεῷ
3312 3401 3462 3454 ταῦτ’
3521 3402 3755 3472 ἔφασκεν

2173 3495 2535 3568 ηὑτρεπίσθαι
2586 3493 2727 3546 κατά
2772 3492 2880 3545 τῶν
2935 3492 3354 3563 ἁμαρτανόντων
3401 3491 3753 3565 κολαστήρια,

2175 3587 2251 3649 ὡς
2286 3587 2611 3656 στρατηγοῖς
2639 3584 2733 3635 καὶ
2759 3583 2990 3652 ἡγεμόσι
3018 3581 3350 3652 βοστρύχους
3380 3583 3490 3654 (ἁῖ)
3529 3584 3563 3656 ἦ
3603 3584 3754 3655 σίδη-

2181 3695 2298 3751 ρον’
2335 3673 2396 3730 οὗ
2437 3678 2617 3748 χάριν,
2647 3675 2959 3746 ἠρεμοῦντα
2993 3674 3084 3727 τὸν
3123 3674 3280 3728 ἄλλον
3324 3677 3534 3746 χρόνον,
3569 3676 3754 3747 ἀνερε-

2178 3769 2418 3833 θίζεσθαι
2452 3769 2589 3840 πρὸς
2627 3766 2798 3838 ἀλκὴν
2843 3768 2935 3820 ἐπὶ
2982 3770 3095 3830 τοῖς
3134 3768 3574 3838 κατακριθεῖσιν,
3617 3762 3753 3840 ὧνή

2176 3860 2338 3929 φύσις
2369 3862 2425 3913 ὲν
2456 3858 2535 3929 τῷ
2566 3858 2955 3929 ἀδωροδοκήτῳ
2997 3858 3329 3930 δικαστηρίῳ
3376 3859 3576 3929 ἑαυτῆς
3624 3877 3754 3914 κατ-

2179 3958 2319 4020 ἐγνω
2358 3951 2603 4005 θάνατον.
2644 3951 2721 4003 Ίὸ
2771 3950 2815 4003 δ’
2862 3954 2920 4004 ἐν
2956 3953 3074 4014 ταῖς
3104 3951 3303 4015 οίκίαις
3347 3951 3755 4021 πεφωλευκέναι

2180 4042 2375 4113 μᾶλλόν
2425 4045 2539 4097 ἐστι
2586 4043 2684 4114 μὲν
2707 4042 2901 4112 ψεῦδος
2922 4060 2935 4073 ·
2971 4043 3077 4107 ἔξω
3107 4042 3218 4114 γάρ
3267 4042 3479 4108 ἄστεος,
3514 4045 3572 4096 ἐν
3600 4042 3756 4118 ἀγρῷ

2176 4131 2270 4186 καὶ
2299 4131 2553 4202 ἐρημίαις
2605 4131 2889 4203 θεωρεῖται
2928 4133 3197 4202 φεύγοντα
3243 4134 3319 4197 ὡς
3353 4134 3617 4207 δεσπότην
3662 4135 3756 4191 τὸν

2176 4224 2482 4297 ἄνθρωπον.
2515 4227 2590 4279 Οὐ
2625 4225 2729 4297 μὴν
2759 4225 2873 4278 ἀλλ’
2921 4228 2968 4278 εί
3015 4227 3109 4280 καὶ
3155 4225 3353 4296 ἀληθές
3405 4226 3586 4290 ἐστιν,
3639 4227 3753 4298 ἔχει

2175 4317 2299 4371 τινὰ
2327 4318 2505 4387 λόγον.
2545 4319 2633 4371 Ἐν
2664 4318 2774 4389 γὰρ
2801 4321 2987 4391 μυχοῖς
3019 4316 3351 4388 σεσώρευται
3377 4317 3627 4387 φορυτὸς,
3661 4318 3756 4372 καὶ

2180 4409 2466 4464 σκυϐἀλων
2496 4409 2719 4481 πλῆθος,
2749 4406 2830 4474 οἷς
2864 4409 3170 4463 είσδύεσθαι
3197 4409 3356 4478 φιλεῖ,
3382 4409 3503 4479 δίχα
3535 4408 3629 4462 τοῦ
3660 4410 3756 4463 καὶ⁵

2179 4501 2277 4571 τὴν
2301 4501 2529 4555 κνίσσαν
2564 4500 2786 4572 ὀλκικὴν
2816 4500 2960 4570 ἔχειν
2982 4500 3229 4571 δύναμιν.
3272 4500 3333 4552 El
3372 4498 3427 4551 δὲ
3475 4498 3569 4552 καὶ
3614 4498 3756 4569 χελι·

2176 4594 2325 4653 δόνες
2356 4595 2487 4663 ἡμῖν
2518 4592 2941 4657 συνδιαιτῶνται,
2970 4591 3279 4662 θαυμαστὸν
3311 4590 3462 4643 οὐδέν
3481 4608 3494 4621 ·
3525 4593 3624 4662 τῆς
3646 4589 3756 4665 γὰρ

2182 4685 2382 4739 τούτων
2411 4685 2584 4756 θήρας
2612 4685 2948 4754 ἀπεχόμεθα.
2977 4684 3258 4754 Σωτηρίας
3283 4683 3339 4735 δὲ
3368 4683 3531 4747 πόθος
3552 4686 3608 4738 ἐν
3635 4685 3756 4751 ταῖς

2175 4776 2375 4847 ψυχαῖς
2408 4777 2468 4829 ού
2496 4776 2743 4845 λογικαῖς
2774 4775 2953 4845 μόνον,
2978 4773 3115 4828 ἀλλὰ
3160 4774 3254 4827 καὶ
3290 4773 3503 4842 ἀλόγοις
3537 4775 3755 4848 ἀνίδρυ-

2176 4888 2263 4923 ται
2290 4882 2335 4921 ι.
2372 4869 2491 4921 Τῶν
2515 4868 2570 4920 δὲ
2608 4866 2743 4937 πρὸς
2777 4866 3072 4920 ἀπόλαυσιν
3104 4864 3253 4918 οὐδὲν
3292 4865 3624 4935 ὁμοδίαιτον,
3666 4866 3755 4921 διὰ

2177 4959 2274 5022 τὰς
2305 4957 2363 5024 ἐξ
2391 4959 2549 5029 ἡμῶν
2578 4956 2888 5020 ἐπιϐουλὰς,
2919 4955 3057 5026 πλὴν
3092 4958 3222 5026 παρ’
3259 4951 3341 5019 οἷς
3367 4959 3399 5027 ἡ
3433 4956 3542 5010 τῶν
3580 4956 3756 5011 τοιού-

2174 5064 2281 5100 των
2325 5049 2519 5118 χρῆσις
2554 5047 2928 5118 ἀπηγόρευται
2958 5047 3127 5115 νόμῳ.
3169 5047 3278 5117 Τῆς
3310 5046 3509 5116 Συρίας
3542 5047 3635 5101 ἐπὶ
3660 5046 3756 5101 θα-

2176 5140 2355 5213 λόιττῃ⁸
2376 5139 2528 5203 πόλις
2568 5139 2738 5202 ἐστὶν,
2796 5139 3071 5192 Ἀσκάλων
3112 5139 3313 5210 ὄνομα·
3361 5139 3647 5211 γενόμενος
3693 5140 3755 5195 ἐν

2242 5384 2462 5454 Arione,
2496 5387 2820 5457 κρεμάσας,
2856 5388 3151 5456 ὑστριχίδι
3173 5387 3501 5457 μαστιγῶν,
3529 5387 3750 5457 δέρων

2244 5458 2553 5539 Στρεϐλῶπν
2581 5459 2683 5512 ἐπί
2713 5476 2776 5512 τε
2802 5461 2909 5525 τὰς
2931 5460 3109 5525 ῥίνας
3137 5460 3284 5583 ὄξοξ
3302 5459 3547 5540 ἐγχέων,
3575 5471 3678 5513 etc.

2245 5546 2290 5581 ia
2327 5539 2549 5583 tor-tura:
2583 5545 2777 5583 mulera
2822 5540 3214 5582 commemorat
3274 5532 3509 5583 ‘vnesuts
3540 5545 3626 5583 en.
3659 5529 3678 5581 ἔ

2174 5529 2290 5600 Alia
2327 5539 2549 5600 tor-tura:
2582 5545 2777 5600 genera
2822 5540 3214 5600 commemorat
3246 5528 3509 5600 Synesius
3540 5528 3750 5600 ιιῃκᾷθ,

2175 5597 2548 5671 δακτυλήθραν
2569 5597 3017 5671 ξποδοστράϐην,
3051 5597 3397 5671 πιεστήριον,
3427 5598 3749 5671 ροςνολασίδιι,

2177 5668 2461 5739 ὠτάγραν,
2486 5668 2905 5743 χειλοστρόφιον.

556 5817 619 5881 (‘i
660 5821 807 5873 t‘aute
839 5826 1046 5884 legenda
1070 5828 1346 5885 sequentia,
1388 5828 1449 5878 de
1474 5841 1681 5889 operum
1703 5830 1890 5877 natura
1914 5825 2259 5887 prtmariorum
2286 5838 2335 5876 ac
2362 5824 2780 5887 secundat-iurum,
2806 5832 3067 5887 eivocant,
3097 5824 3396 5877 discrimine.
