4166 6422
387 365 496 426 675

1523 363 1842 420 PBASPAR.
1893 363 2144 424 EVA‘NG.
2187 366 2315 423 LIB.
2361 366 2493 422 VIII.

3565 372 3668 432 ϐ’Ῑῆ

385 481 580 557 ταύτῃ,
613 483 734 537 καθ’
761 484 821 538 ὃν
845 484 1036 557 χρόνον
1070 486 1150 550 είς
1181 485 1241 539 τὸ
1274 485 1526 558 πατρῷον
1558 486 1699 559 ἱερὸν
1732 488 1970 541 ὲστελλὸ-

2081 505 2252 546 mum.
2306 487 2776 556 Quemadmodum
2824 488 2996 559 igitur
3036 489 3118 545 sol
3178 498 3346 560 atque
3394 490 3546 561 luna,
3585 495 3666 550 sic

390 594 518 648 μην,
550 575 839 647 εὐξόμενός
864 595 923 630 τε
952 579 1047 631 καὶ¹
1067 577 1270 641 θύσων,
1298 580 1579 650 ἀμήχανόν
1599 598 1652 633 τι
1682 581 1978 635 πελειάδων

384 666 594 736 πλῆθος
640 667 734 719 ἐπὶ
781 665 890 721 τῶν
942 667 1167 742 τριόδων
1213 670 1308 722 καὶ
1355 671 1473 722 κατ’
1510 670 1688 724 οὶκίαν
1740 673 1978 742 ἑκάστην

384 758 720 829 ἐθεασάμην.
767 740 1166 830 Πυνθανομένῲ
1194 760 1252 812 δέ
1288 778 1378 831 μοι
1420 761 1519 833 τὴν
1562 762 1740 816 αἰτίαν
1771 740 1977 832 ἔφασαν

384 848 447 905 οὐ
479 849 700 921 θεμιτὸν
729 846 868 905 εἶναι
908 851 1300 924 συλλαμὸάνειν
1321 870 1333 883 '
1389 855 1721 927 ἀπειρῆσθαι
1756 857 1864 930 γὰρ
1914 861 1978 912 ἐκ

385 942 620 1001 παλαιοῦ
646 946 759 1008 τοῖς
784 947 1063 1016 οἰκήτορσι
1093 947 1193 1017 τὴν
1218 947 1430 1019 χρῆσιν.
1466 948 1656 1014 Οὕτως
1689 951 1976 1024 ἡμέρωται

385 1036 448 1090 τὸ
480 1034 620 1100 ζῶον
654 1038 744 1089 ὑπ’
775 1038 979 1103 ἀδείας,
1009 1039 1140 1093 ὥστ’
1175 1042 1235 1093 ού
1274 1042 1435 1112 μόνον
1475 1043 1807 1115 ὑπωρόφιον,
1842 1044 1977 1099 ἀλλὰ

385 1125 482 1180 καὶ
515 1126 887 1198 ὁμοτράπεζον
930 1128 1015 1180 ἀεὶ
1041 1127 1304 1196 γίνεσθαι,
1340 1131 1436 1183 καὶ
1474 1134 1595 1195 ταῖς
1650 1133 1975 1204 ὲκεχειρίαις

386 1221 682 1293 ἔντρυφᾷν.
726 1222 813 1276 Ἐν
846 1222 1106 1294 Αἰγύπτῳ
1137 1223 1193 1277 δὲ
1233 1226 1328 1279 καὶ
1368 1224 1815 1295 θαυμασιώτερον
1847 1225 1975 1281 ἰδεῖν

388 1316 556 1370 ἔστιν.
584 1315 658 1369 Τὸ
684 1315 794 1388 γὰρ
829 1317 1267 1389 ὰνθρωποϐόρον,
1309 1320 1404 1373 καὶ
1445 1319 1649 1391 θηρίων
1694 1320 1975 1391 ἀργαλεώ-

384 1425 544 1462 τατον
566 1408 924 1481 κροκόδειλος,
950 1409 1289 1481 γεννώμενος
1317 1412 1411 1465 καὶ
1435 1414 1771 1484 τρεφόμενος
1808 1416 1865 1467 ὲν
1895 1413 1974 1485 τῷ

388 1502 665 1573 ίερωτάτῳ
694 1500 893 1572 Νείλῳ,
928 1502 1026 1573 τῆς
1064 1502 1335 1571 ὠφελείας
1358 1544 1373 1568 ,
1418 1503 1598 1557 καίτοι
1649 1503 1833 1576 βύθιος
1873 1506 1970 1571 ὣν,

385 1594 790 1655 ἐπαισθάνεται.
827 1595 967 1666 Παρ’
1009 1593 1094 1659 οἷς
1125 1595 1222 1666 μὲν
1271 1595 1661 1668 γὰρτιμᾶται,
1708 1597 1971 1670 πληθύνει

387 1686 653 1758 μάλισταο
687 1684 841 1757 παρὰ
866 1685 921 1739 δὲ
948 1688 1062 1750 τοῖς
1091 1686 1507 1758 λυμαινομένοις
1533 1689 1642 1741 οὐδ’
1677 1688 1812 1761 ὄναρ
1843 1689 1971 1760 φαί-

2081 582 2243 635 etiam
2273 581 2536 651 quidquid
2569 580 2624 634 in
2668 582 2806 636 caelo
2839 592 2944 647 est,
2980 591 3041 637 ut
3089 598 3120 637 a
3163 583 3431 641 rimandis
3469 586 3665 658 singu-

2080 670 2257 724 lorum
2290 670 2503 724 naturis
2531 685 2593 723 ac
2622 671 2853 737 viribus,
2897 673 3225 741 assequendi
3259 674 3664 745 desperatione,

2080 760 2467 815 abstinendum
2498 767 2831 828 statuamus,
2873 762 3058 817 divina
3100 761 3451 827 Providentia
3480 769 3664 837 perfe—

2079 865 2227 908 ctum
2266 862 2368 908 est.
2407 853 2478 908 At
2506 869 2635 908 vero
2665 867 2823 909 terrm
2862 864 3066 922 motus,
3102 857 3444 927 pestilentiae,
3475 860 3663 914 fulmi-

2079 960 2211 998 num
2245 959 2428 1008 casus,
2460 944 2675 1014 aliaque
2707 945 2759 998 id
2793 961 2986 1015 genus,
3026 946 3249 1003 immitti
3272 950 3536 1008 divinitus
3569 954 3662 1008 illa

2078 1034 2322 1106 quidem,
2364 1036 2459 1090 sed
2502 1037 2687 1091 minus
2730 1052 2875 1104 vere,
2928 1039 3219 1108 dicuntur;
3277 1044 3481 1100 nullius
3514 1046 3661 1100 enim

2079 1129 2306 1182 omnino
2332 1128 2461 1182 mali
2494 1144 2656 1183 causa
2701 1128 2846 1183 Deus
2885 1138 3004 1197 est;
3036 1132 3130 1186 sed
3164 1149 3230 1188 ex
3258 1134 3657 1191 elementorum

2077 1221 2474 1277 mutationibus
2519 1222 2590 1276 ita
2643 1222 2963 1293 gignuntur,
2998 1233 3059 1279 ut
3099 1227 3373 1297 praecipua
3411 1230 3659 1299 quaedam

2079 1328 2144 1368 ac
2169 1312 2429 1382 primaria
2475 1324 2686 1368 naturae
2713 1329 2879 1383 opera
2924 1330 3032 1370 non
3070 1317 3201 1384 sint,
3231 1334 3419 1374 verum
3458 1337 3525 1376 ex
3559 1337 3660 1377 ne-

2076 1403 2331 1460 cessariis
2367 1415 2531 1475 atque
2564 1407 2844 1476 primariis
2895 1411 3275 1466 tantummodo
3316 1428 3661 1484 consequan—

2073 1506 2184 1549 tur.
2218 1494 2375 1562 Quod
2405 1497 2473 1561 si,
2506 1512 2695 1551 eorum
2726 1499 2889 1553 etiam
2930 1502 3203 1568 nonnulli,
3252 1505 3344 1574 qui
3377 1506 3532 1573 probi
3569 1507 3657 1561 vi-

2074 1587 2367 1656 debantur,
2397 1589 2465 1643 iis
2507 1589 2780 1644 interdum
2829 1592 3235 1650 calamitatibus
3271 1605 3325 1650 et
3357 1599 3538 1654 exitiis
3573 1601 3660 1654 in-

2071 1681 2385 1748 volvantur,
2418 1697 2599 1737 causaz
2632 1690 2812 1738 tamen
2852 1685 2988 1739 nihil
3033 1695 3135 1753 est,
3187 1691 3543 1757 quamobrem
3574 1693 3659 1748 di-

383 1796 564 1832 νεταιο
612 1779 690 1842 ὡς
721 1779 830 1832 τῶν
865 1778 1139 1834 πλεόντων
1185 1780 1321 1833 ὅπου
1372 1781 1471 1852 μὲν
1519 1786 1613 1835 καὶ
1662 1783 1791 1848 τοὺς
1826 1783 1970 1838 πάνυ

2073 1773 2214 1828 vinas
2243 1774 2656 1844 gubernationis
2683 1774 2824 1830 ratio
2854 1786 3164 1832 accusetur.
3199 1777 3656 1849 Primum'enim,

383 1871 604 1943 θρασεῖς
644 1870 767 1942 μηδ’
800 1870 969 1942 ἄκρον
1019 1870 1321 1942 ὲπιτολμᾷν
1372 1870 1622 1926 καθιέναι
1676 1872 1966 1939 δάκτυλον,

2073 1864 2231 1933 probi
2257 1865 2521 1919 continuo
2554 1881 2612 1920 re
2651 1865 2768 1935 ipsa
2799 1881 2905 1921 non
2943 1877 3092 1934 sunt,
3122 1879 3393 1941 quotquot
3419 1888 3540 1929 esse
3569 1889 3658 1927 ar-

381 1962 642 2035 ἀγεληδὸν
687 1961 1103 2033 ὲπιφοιτῶντας,
1134 1964 1269 2017 ὅπου
1299 1962 1356 2015 δὲ
1393 1964 1487 2017 καὶ
1518 1967 1646 2029 τοὺς
1694 1965 1833 2033 ἄγαν
1865 1966 1971 2019 δει-

379 2053 506 2119 λοὺς
530 2053 916 2126 ἐξαλλομένους
943 2055 1202 2127 νήχεσθαι
1238 2055 1378 2127 μετὰ
1398 2055 1638 2120 παιδιᾶς.
1662 2056 1828 2129 Χώρα
1858 2058 1970 2128 (45)

379 2146 428 2202 δ’
450 2149 484 2219 ἠ
513 2146 834 2202 Κυκλώπων
865 2147 1073 2219 (ἐπειδὴ
1107 2148 1167 2202 τὸ
1199 2148 1357 2218 γένος
1386 2148 1568 2201 αὐτῶν
1605 2151 1721 2203 ἐστι
1747 2151 1971 2221 πλάσμα

384 2236 593 2310 μύθου)
628 2238 749 2309 δίχα
795 2240 1005 2310 σπορᾶς
1053 2240 1148 2293 καὶ
1183 2241 1478 2309 γεωπόνων
1518 2241 1727 2314 ἀνδρῶν
1764 2242 1971 2315 ἥμερος

380 2331 595 2403 καρπὸς
622 2331 685 2382 ού
718 2328 932 2400 φύεται,
959 2330 1212 2404 καθάπερ
1240 2332 1348 2385 οὐδ’
1382 2334 1447 2386 ἐκ
1489 2332 1584 2386 τοῦ
1622 2333 1695 2405 μὴ
1728 2333 1879 2398 ὄντος
1918 2352 1970 2388 τι

379 2426 655 2493 γεννᾶται.
701 2425 811 2496 Τῆς
857 2425 905 2479 δ’
968 2426 1219 2490 Ἑλλάδος
1272 2427 1333 2480 οὐ
1399 2428 1842 2499 κατηγορητέον,
1893 2428 1970 2492 ὡς

379 2516 592 2588 λυπρᾶς
620 2516 715 2569 καὶ
759 2516 954 2584 ἀγόνου
976 2534 990 2548 ·
1032 2516 1167 2572 πολὺ
1214 2517 1325 2589 γὰρ
1353 2518 1458 2571 κάν
1499 2517 1672 2590 ταύτῃ
1710 2519 1771 2571 τὸ
1807 2517 1971 2589 βαθύο

379 2622 545 2674 γειον.
580 2606 643 2660 Et
687 2607 788 2677 δ’ἡ
830 2606 1103 2679 βάρϐαρος
1147 2607 1391 2679 διαφέρει
1436 2612 1557 2673 ταῖς
1597 2609 1966 2681 εύκαρπίαις,

382 2697 693 2753 πλεονεκτεῖ
726 2699 825 2770 μὲν
864 2702 1115 2772 τροφαῖς,
1161 2700 1479 2754 ἐλαττοῦται
1522 2700 1579 2754 δὲ
1616 2704 1731 2766 τοῖς
1769 2719 1967 2775 τρεφο-

384 2790 583 2863 μένοις,
608 2784 682 2845 ὧν
705 2791 867 2863 χάριν
894 2792 950 2844 αί
978 2792 1362 2864 τροφαί.Μόνη
1393 2793 1502 2865 γὰρ
1525 2795 1559 2865 ἡ
1589 2793 1777 2858 Ἑλλὰς
1796 2795 1967 2865 ἀψευ-

377 2878 484 2944 δῶς
525 2879 961 2952 ἀνθρωπογονεῖ,
1011 2881 1176 2950 φυτὸν
1217 2882 1468 2954 οὐράνιον
1488 2923 1503 2948 ,
1544 2884 1639 2938 καὶ
1676 2882 1968 2957 βλάστημα

378 2968 520 3026 Θεῖον
556 2972 957 3045 ὴκριὸωμένον.
1010 2973 1271 3043 λογισμὸν
1317 2974 1692 3029 ἁποτίκτουσα
1724 2976 1963 3030 οίκειού-

381 3078 542 3133 μενον
586 3065 886 3136 ἐπιστήμῃ.
936 3064 1009 3118 Τὸ
1059 3064 1103 3117 δ’
1134 3063 1341 3120 αἴτιονο
1397 3066 1687 3138 λεπτότητι
1735 3067 1895 3140 ἀέρος
1931 3071 1964 3141 ἡ

375 3153 589 3209 διάνοια
622 3157 867 3226 πέφυκεν
896 3156 1216 3210 άκονᾶσθαι.
1245 3157 1339 3210 Διὸ
1368 3158 1462 3211 καὶ
1490 3158 1839 3229 Ἡράκλειτος
1864 3160 1965 3213 οὐκ

376 3248 490 3304 ἀπὸ
534 3247 740 3302 σκοποῦ
791 3263 956 3319 φησιν
979 3265 993 3278 ⁸
1046 3243 1122 3303 Oi)
1168 3249 1238 3320 γῆ
1286 3248 1459 3322 ξηρὴ,
1493 3249 1640 3321 ψυχὴ
1675 3253 1961 3323 σοφωτάτη

374 3342 472 3395 καὶ
510 3341 728 3413 ἀρίστη.
773 3340 1231 3414 Τεκμηριώσαιτο
1286 3341 1333 3395 δ’
1367 3342 1433 3397 άν
1476 3359 1562 3406 τις
1605 3343 1699 3396 καὶ
1760 3345 1824 3397 ὲκ
1867 3345 1961 3398 τοῦ

375 3434 504 3497 τοὺς
563 3432 661 3504 μὲν
711 3433 983 3502 νήφοντας
1032 3432 1123 3487 καὶ
1195 3432 1486 3503 ὀλιγοδεεῖς
1563 3435 1963 3505 συνετωτέρους

377 3519 546 3587 εἶναι,
586 3522 713 3585 τοὺς
743 3521 800 3576 δὲ
833 3522 1014 3577 ποτῶν
1054 3523 1143 3575 ἀεὶ
1179 3523 1275 3577 καὶ
1303 3522 1486 3576 σιτίων
1517 3524 1962 3595 ἐμπιπλαμένους

374 3614 577 3686 ἥκιστα
624 3613 948 3686 φρονίμους,
1000 3613 1097 3668 ἆτε
1144 3613 1540 3685 βαπτιζομένου
1586 3618 1699 3679 τοῖς
1746 3616 1960 3671 ἐπιοῦσι

375 3707 471 3760 τοῦ
496 3708 778 3779 λογισμοῦ.
808 3708 899 3761 Διὸ
931 3707 1073 3762 κατὰ
1102 3708 1203 3777 τὴν
1239 3707 1513 3781 βάρϐαρον
1546 3707 1677 3781 ἔρνη
1709 3709 1806 3779 μὲν
1839 3713 1961 3774 ταῖς

376 3799 691 3871 εύτροφίαις
742 3801 837 3853 καὶ¹
894 3799 1123 3870 στελέχη
1180 3802 1591 3874 περιμήκιστα,
1655 3802 1749 3856 καὶ⁸
1805 3801 1960 3866 ζώων

377 3891 585 3960 ἀλόγων
616 3891 819 3963 σφόδρα
848 3890 918 3946 τὰ
948 3891 1314 3962 γονιμώτατα,
1353 3892 1477 3956 νοῦς
1507 3893 1552 3946 δ’
1581 3892 1664 3955 οὗ,
1699 3892 1732 3964 ἢ
1759 3894 1959 3965 ἣκιστα

376 3984 663 4051 γεννᾶται’
715 3983 851 4037 διότι
895 3982 959 4036 τδ
1002 3982 1282 4055 ὑψωθῆναι
1330 3983 1390 4051 ἐξ
1430 3985 1592 4057 ἀέρος
1635 3985 1750 4056 (44)
1790 3986 1957 4040 αὑτοῦ

375 4074 432 4127 αἱ
475 4073 579 4144 γῆς
624 4074 717 4127 καὶ
765 4071 957 4138 ὕδατος
999 4074 1287 4146 ἐπάλληλοι
1332 4076 1425 4129 καὶ
1470 4080 1714 4147 συνεχεῖς
1761 4078 1959 4132 ἀναθυε

378 4163 595 4234 μιάσεις
620 4163 1039 4235 κατεκράτησαν
1071 4202 1085 4216 .
1128 4164 1349 4235 Ἰχθύων
1375 4165 1432 4219 δὲ
1466 4167 1562 4220 καὶ
1593 4166 1824 4237 ὀρνίθων
1863 4170 1957 4223 καὶ

374 4254 646 4326 χερσαίων
691 4255 825 4327 γένη
860 4253 1015 4320 ζώων
1048 4256 1148 4310 οὐκ
1188 4255 1335 4309 ἔστιν
1380 4257 1703 4329 ἐγκλήματα
1743 4259 1956 4327 φύσεως

374 4346 461 4416 ἐφ’
487 4346 682 4419 ἡδονὴν
732 4346 1190 4419 παρακαλούσης,
1241 4346 1379 4402 ἀλλὰ
1425 4348 1599 4412 δεινὸς
1637 4348 1805 4419 ψόγος
1854 4350 1957 4421 τῆς

373 4437 537 4511 ἡμῶν
583 4439 764 4494 αὐτῶν
805 4438 1095 4512 ἀκρασίας.
1139 4441 1456 4510 Ἀναγκαῖον
1500 4443 1598 4512 μὲν
1636 4441 1745 4513 γὰρ
1780 4438 1851 4514 ἦν
1877 4445 1957 4506 εἰς

372 4530 473 4603 τὴν
511 4530 606 4588 τοῦ
642 4532 766 4586 ὅλου
813 4532 1224 4605 συμπλήρωσιν,
1265 4533 1353 4587 ἵνα
1400 4533 1627 4606 γένηται
1653 4535 1855 4606 κόσμος
1897 4538 1954 4590 ὲν

371 4623 591 4696 ἑκάστῳ
639 4624 828 4697 μέρει,
881 4624 1044 4695 φῦναι
1103 4624 1259 4691 ζώων
1310 4628 1454 4691 ἰδέας
1510 4628 1794 4684 ἁπάντων·
1857 4631 1959 4684 οὐκ

372 4717 669 4787 ἀναγκαῖον
700 4717 758 4771 δὲ
783 4719 876 4772 ἐπὶ
904 4717 1005 4790 τὴν
1052 4717 1259 4774 τούτων
1291 4718 1590 4774 ἀπόλαυσιν
1622 4719 1863 4791 ὁρμῆσαι
1895 4720 1958 4774 τὸ

376 4812 567 4882 σοφίας
587 4813 1015 4882 συγγενέστατον
1056 4814 1244 4885 χρῆμα
1264 4813 1357 4867 τὸν
1379 4811 1686 4886 ἄνθρωπον,
1710 4813 1952 4885 μεταϐα-

372 4903 534 4958 λόντα
574 4906 655 4969 είς
689 4905 992 4978 ἀγριότητα
1028 4905 1251 4978 θηρίων.
1284 4905 1376 4960 Διὸ
1407 4906 1504 4960 καὶ
1532 4906 1696 4978 μέχρι
1726 4904 1843 4971 νῦν,
1869 4899 1951 4969 οἷς

371 4995 531 5065 λόγος
575 4997 903 5069 ἐγκρατείας
921 5037 936 5062 ,
994 4997 1143 5063 ἅπαξ
1182 4997 1441 5053 ἁπάντων
1491 4998 1809 5070 ἀπέχονται,
1857 4997 1954 5052 λα-

372 5088 596 5159 χανώδει
620 5090 759 5163 χλόῃ
798 5091 892 5145 καὶ
924 5093 1156 5162 καρποῖς
1199 5088 1454 5162 δένδρων,
1502 5089 1950 5163 προσοψήμασιν,

369 5180 563 5255 ὴδίστῃ
614 5181 933 5247 ἀπολαύσει,
977 5182 1288 5255 χρώμενοι·
1341 5184 1456 5247 τοῖς
1491 5181 1552 5235 δὲ
1594 5182 1694 5254 τὴν
1729 5182 1839 5236 τῶν
1877 5183 1956 5235 εί-

374 5274 626 5346 ρημένων
657 5275 841 5346 θοίνην
880 5275 1206 5348 ἡγουμένοις
1248 5270 1387 5329 εἶναι
1431 5273 1575 5329 κατὰ
1625 5273 1786 5343 φύσιν
1822 5273 1955 5327 επέ-

371 5381 576 5437 στησαν
622 5365 966 5431 διδάσκαλοι,
1028 5365 1419 5437 σωφρονισταὶ,
1487 5363 1773 5436 νομοθέται
1810 5364 1954 5419 κατὰ

370 5456 576 5522 πόλεις,
619 5454 702 5522 οἷς
746 5457 993 5529 ἐμέλησεν
1044 5456 1142 5527 τὴν
1174 5455 1443 5528 ἀμετρίαν
1474 5454 1585 5508 τῶν
1647 5453 1952 5526 ἐπιθυμιῶν

370 5547 598 5611 στεῖλαι,
633 5548 707 5618 μὴ
745 5547 1072 5619 ὲπιτρέψασι
1100 5545 1199 5618 τὴν
1231 5546 1429 5618 χρῆσιν
1471 5544 1608 5600 ἀδεᾶ
1643 5545 1778 5597 πᾶσι
1816 5543 1953 5598 πάν-

367 5652 495 5693 των.
527 5639 593 5692 Εί
624 5637 681 5691 δὲ
706 5637 801 5692 καὶ
833 5638 980 5710 ῥόδα,
1025 5637 1120 5692 καὶ
1156 5636 1388 5709 κρόκος,
1437 5637 1534 5691 καὶ
1574 5637 1609 5706 ἡ
1658 5634 1792 5705 ἄλλη
1837 5632 1947 5686 τῶν

461 5753 549 5809 43)
578 5756 629 5809 Χ

461 5755 551 5892 ιη
578 5755 765 5890 Χέὲκι.
808 5755 1118 5825 Legendum
1157 5755 1404 5817 videtur,

461 5824 529 5879 Η
591 5825 647 5877 ‘E
710 5823 905 5891 ἀέρος.
932 5824 1111 5879 Maltm
1138 5823 1204 5878 δι’
1232 5822 1413 5892 ἀέρος.

2071 1957 2362 2023 bitramur,
2400 1974 2526 2014 cum
2560 1958 2815 2014 humana:
2841 1962 3204 2030 cogitationes
3230 1975 3396 2034 atque
3427 1966 3653 2020 consilia

2071 2046 2383 2104 divinorum
2421 2051 2760 2120 judiciorum
2807 2055 3136 2110 certitudine
3176 2057 3337 2126 longe
3392 2058 3657 2112 multum-

2071 2156 2179 2210 que
2225 2151 2571 2212 superentur.
2626 2142 2833 2199 Deinde
2877 2147 2961 2200 vis
3014 2147 3104 2200 illa
3153 2146 3520 2204 Providentia:
3567 2165 3655 2204 res

2070 2233 2592 2304 mtmdipartesque
2646 2236 2954 2305 pracipuas
3008 2238 3247 2292 maxime
3291 2248 3538 2309 spectare
3591 2258 3656 2295 ac

2069 2322 2344 2379 moderari
2391 2325 2552 2389 solet,
2582 2328 3043 2397 quemadmodum
3093 2329 3148 2382 in
3182 2330 3366 2399 regnis
3412 2332 3547 2400 ipsis
3590 2347 3656 2388 ac

2068 2417 2402 2473 militaribus
2446 2418 2690 2489 imperiis
2722 2420 2837 2475 ﬁeri
2872 2420 3140 2487 videmus,
3188 2429 3249 2476 ut
3278 2423 3558 2478 civitatum
3601 2432 3656 2479 et‘.

2069 2510 2410 2565 exercituum
2453 2510 2815 2583 integrorum,
2862 2528 2972 2567 non
3004 2513 3201 2584 abjecti
3236 2515 3530 2585 cujuslibet
3556 2516 3655 2570 ob-

2070 2602 2329 2672 scurique
2376 2604 2572 2673 capitis
2621 2604 2851 2659 salutem
2903 2620 3091 2677 regum
3147 2616 3202 2662 et
3258 2607 3652 2677 imperatorum

2068 2709 2201 2749 cura
2229 2694 2645 2765 complectatur.
2692 2696 2917 2751 Addunt
2944 2712 3166 2767 quoque
3195 2699 3303 2753 hoc
3350 2699 3469 2754 loco
3502 2715 3653 2754 non-

2068 2786 2226 2853 nulli,
2254 2786 2399 2841 sicut
2418 2786 2471 2840 in
2500 2795 2857 2858 tyrannorum
2880 2789 3142 2853 caedibus,
3168 2791 3462 2862 propinqui
3482 2793 3650 2846 etiam

2067 2886 2232 2947 atque
2266 2877 2485 2948 cognati
2523 2879 2702 2950 legum
2738 2880 3067 2934 auctoritate
3118 2881 3405 2947 tolluntur,
3456 2892 3516 2936 ut
3547 2897 3653 2939 caa-

2068 2970 2169 3025 tcri
2203 2986 2231 3025 a
2266 2970 2540 3025 similibus
2586 2970 2805 3041 injuriis
2835 2980 3001 3041 atque
3045 2972 3347 3029 sceleribus
3397 2974 3651 3044 supplicii

2067 3065 2438 3136 magnitudine
2470 3073 2838 3119 revocentur:
2869 3065 2950 3120 sic
2988 3064 3305 3120 morborum
3346 3066 3651 3122 exitialium

2069 3152 2394 3222 contagione
2448 3152 2768 3206 innocentes
2820 3152 3030 3223 aliquot
3073 3154 3287 3224 perire,
3341 3162 3402 3210 ut
3450 3156 3648 3227 reliqui

2071 3251 2227 3299 tanto
2261 3251 2389 3299 ante
2424 3244 2510 3298 his
2551 3244 2817 3314 exemplis
2867 3245 3065 3299 eruditi
3112 3244 3389 3301 moderari
3433 3262 3555 3303 sese
3585 3264 3651 3304 ac

2070 3334 2351 3389 continere
2379 3334 2593 3389 discant
2627 3355 2638 3388 :
2674 3344 2731 3390 ut
2765 3335 2900 3390 illttd
2927 3337 3199 3403 omittam,
3232 3340 3527 3409 quamdam
3557 3341 3647 3410 iis,

2069 3428 2163 3497 qui
2192 3425 2440 3482 morbido
2467 3427 2607 3481 coelo
2644 3427 3014 3496 involvantur,
3050 3431 3407 3487 coutrahendi
3447 3432 3648 3498 morbi,

2070 3533 2179 3571 non
2224 3533 2384 3572 secus
2419 3528 2583 3588 atque
2622 3518 2749 3585 illis,
2800 3519 2894 3589 qui
2942 3521 3068 3574 navi
3121 3524 3534 3592 tempestatibus
3568 3525 3651 3594 ja-

2068 3620 2212 3666 ctata
2241 3613 2533 3679 vehuntur,
2561 3611 2825 3667 subeundi
2852 3612 3136 3682 aequaliter
3159 3614 3381 3682 periculi
3410 3616 3652 3672 necessi-

2072 3712 2236 3758 tatem
2285 3704 2516 3774 imponi.
2550 3701 2670 3758 Jam
2707 3702 2917 3759 feroces
2948 3704 3055 3759 illa:
3083 3704 3435 3776 valentesque
3463 3706 3650 3761 bestia:

2069 3798 2191 3863 (nec
2214 3795 2359 3849 enim
2393 3795 2829 3864 praetereundum
2864 3795 2997 3850 illud
3028 3804 3133 3862 est,
3159 3797 3376 3852 tametsi
3403 3806 3647 3853 nostram

2067 3885 2229 3955 hanc,
2260 3902 2367 3957 qua
2399 3898 2455 3942 tu
2505 3886 2559 3940 in
2597 3887 2830 3942 dicendo
2858 3887 3117 3943 facultate
3158 3905 3237 3954 es,
3274 3889 3646 3945 defensionem

2066 3980 2386 4051 occupando
2417 3979 2748 4051 traduxeris)
2784 3980 3101 4037 hominibus
3144 3982 3211 4036 ad
3246 3982 3437 4037 bellica
3471 3992 3648 4039 certa-

2065 4077 2211 4127 mina
2269 4071 2590 4127 exercendis
2634 4081 2934 4142 procreatae
2999 4080 3147 4127 sunt.
3210 4072 3445 4128 Assidua
3499 4064 3645 4129 enim

2063 4172 2118 4219 et
2160 4164 2537 4235 gymnicorum
2585 4162 2834 4217 ludorum
2885 4169 2940 4217 et
2980 4162 3330 4217 venatiouum
3374 4164 3645 4219 exercita-

2066 4256 2164 4321 tio,
2204 4255 2468 4324 majorem
2510 4256 2565 4307 in
2643 4254 2863 4308 modum
2919 4255 3168 4323 corporis
3207 4254 3517 4309 ﬁrmitatem
3579 4270 3645 4312 ac

2065 4348 2234 4402 robur
2292 4354 2474 4417 auget,
2526 4348 2783 4416 quodque
2831 4359 3060 4415 corpore
3100 4347 3257 4417 longe
3301 4348 3483 4418 potius
3535 4357 3641 4415 est,

2062 4437 2304 4492 animum
2362 4436 2540 4504 ipsum
2591 4437 2658 4491 ad
2712 4436 3026 4506 repentinas
3071 4435 3310 4491 hostium
3370 4437 3643 4494 incursio-

2062 4544 2161 4583 nes
2218 4527 2402 4582 invicti
2457 4527 2695 4599 pectoris
2760 4529 3068 4583 constantia
3123 4528 3451 4584 deridendus
3513 4545 3634 4586 con-

2064 4621 2315 4677 suefacit.
2367 4619 2506 4675 Nam
2565 4620 2659 4692 qui
2708 4620 2948 4675 mitioris
3001 4620 3205 4691 ingenii
3249 4632 3397 4689 sunt,
3427 4620 3464 4675 ii
3515 4637 3641 4676 cum

2062 4714 2283 4768 urbium
2321 4713 2638 4781 moenibus,
2698 4722 2810 4768 tum
2862 4712 3029 4770 etiam
3075 4713 3395 4770 domesticis
3443 4713 3641 4770 inclusi

2061 4805 2308 4875 septique
2355 4804 2565 4862 foribus
2624 4821 2816 4862 secure
2884 4804 3080 4877 degere
3130 4815 3397 4876 possunt,
3457 4806 3639 4861 maxi—

2058 4898 2166 4952 mis
2197 4898 2439 4953 cicurum
2471 4898 2831 4953 animantium
2869 4898 3123 4970 gregibus
3154 4899 3221 4953 ad
3259 4898 3635 4969 quotidianum

2054 4988 2219 5060 397
2249 5005 2411 5045 usum
2442 4989 2802 5045 abundantes.
2821 4987 3054 5059 Quippe,
3084 5003 3213 5044 sues
3235 4988 3405 5053 enim,
3426 4989 3634 5056 leones,

2056 5095 2122 5136 ac
2144 5081 2359 5153 generis
2390 5079 2634 5151 ejusdem
2663 5089 2912 5143 caeteras,
2942 5094 3066 5150 quae
3092 5088 3303 5134 naturae
3331 5079 3635 5135 libertatem

2057 5175 2315 5240 retinent,
2348 5189 2419 5229 ne
2446 5173 2729 5228 hominum
2763 5171 2978 5228 insidiis
3014 5172 3236 5242 gravius
3279 5171 3484 5241 aliquid
3534 5186 3634 5227 su-

2056 5265 2239 5330 beant,
2277 5264 2466 5335 procul
2502 5264 2571 5319 ab
2590 5264 2818 5319 urbibus
2850 5263 3133 5318 su'bmotas
3170 5263 3442 5318 videmus.
3484 5260 3636 5328 Qua-

2059 5372 2182 5411 rum
2234 5356 2425 5412 lustris
2454 5356 2498 5410 si
2528 5355 2621 5426 qui
2670 5353 2811 5410 forte
2843 5354 3205 5424 negligentius
3233 5353 3404 5409 armis
3441 5355 3634 5424 praesi-

2057 5447 2258 5518 dioque
2284 5447 2414 5502 nudi
2438 5461 2558 5502 sese
2578 5445 2974 5510 commiserint,
3016 5442 3282 5515 quidquid
3312 5445 3508 5499 deinde
3536 5458 3635 5516 pa-

2057 5542 2099 5596 ti
2153 5540 2473 5611 contigerit,
2502 5554 2622 5595 sese
2650 5538 2732 5594 illi
2763 5538 2947 5608 potius
2976 5552 3142 5609 quam
3178 5546 3435 5594 naturam
3463 5554 3630 5594 accu-

2056 5640 2198 5695 sent,
2214 5632 2315 5702 qui
2340 5630 2485 5687 auod
2504 5628 2807 5701 periculum
2829 5628 3069 5700 eﬂ'ugere
3111 5630 3419 5699 potuissent
3434 5673 3453 5702 ,
3474 5630 3634 5701 inab

751 5794 778 5825 ._
808 5753 1118 5825 Legendum
1145 5753 1404 5825 videtur,
1447 5753 1505 5805 ἓν
1544 5748 1699 5821 χώρᾳ
1745 5748 1802 5803 δὲ
1833 5746 1941 5802 τῶν
1977 5736 2344 5803 Κυκλώπων(
