4166 6420
572 310 643 366 75
1187 308 1458 365 El'SEBll
1493 307 1984 365 CAESARIENSIS
2016 306 2167 363 OPP.
2208 305 2391 363 PARS
2419 305 2484 363 ll.
2516 338 2591 353 7-—
2621 308 3127 370 APOLOGETICA.

535 434 614 490 ria
657 433 1009 507 neglexerint.
1047 430 1281 488 Prorsus
1319 440 1379 486 ut
1409 432 1462 486 in
1506 431 1747 502 equestri
1807 430 2107 486 certamine

533 526 828 582 nonnullos
854 524 1148 593 aliquando
1180 523 1421 593 vidi,qui
1443 523 1750 578 temeritate
1781 522 2109 591 przecipites,

532 634 659 675 cum
690 616 985 671 sedendum
1022 623 1077 668 et
1110 615 1291 683 quiete
1319 613 1673 684 spectandum
1709 625 1873 679 esset,
1907 615 1960 667 in
1992 629 2108 667 me-

531 710 623 764 dio
660 707 1043 769 consisterent,
1085 715 1140 760 et
1198 705 1399 774 impetu
1435 704 1828 775 quadrigarum
1869 703 2109 773 impulsi,

530 815 797 871 equorum
839 798 1078 867 ungulis,
1112 797 1360 867 rotisque
1405 812 1669 851 curruum
1710 798 2109 859 obtererentur,

528 894 721 962 dignas
774 891 1017 945 stultitim
1058 904 1252 959 prunas
1292 889 1536 943 luentes.
1569 889 1648 943 Ac
1674 888 1741 944 de
1773 889 1857 944 his
1889 889 2107 958 quidem

527 986 817 1041 hactenus.
848 981 985 1036 Nam
1022 997 1089 1036 ex
1135 980 1439 1050 repentium
1477 981 1699 1050 quidem
1740 980 2108 1034 animantium

527 1094 748 1149 genere,
779 1076 873 1147 qui
893 1091 1103 1131 veneno
1136 1074 1361 1135 feriunt,
1397 1074 1433 1127 ii
1454 1091 1559 1128 non
1588 1074 1951 1129 Providentia:
1975 1089 2107 1127 con-

528 1174 675 1235 silio,
702 1172 795 1227 sed
824 1187 954 1226 casu
973 1170 1212 1241 quodam
1242 1185 1308 1224 ex
1342 1170 1502 1223 rebus
1530 1168 1654 1223 aliis
1674 1209 1688 1231 ,
1718 1168 1793 1221 uti
1833 1168 1948 1236 jam
1988 1169 2106 1221 dic-

526 1275 643 1321 tum
668 1273 770 1329 est,
806 1272 1177 1333 consequente
1206 1271 1531 1317 nascuntur.
1559 1258 1698 1315 Tum
1721 1261 1866 1315 enim
1896 1259 2108 1313 anima-

523 1358 571 1412 ri
608 1357 802 1423 solent,
823 1372 945 1410 cum
979 1356 1197 1410 innatus
1237 1355 1435 1409 humor
1463 1353 1837 1407 vehementius
1860 1352 2104 1405 incaluit.

526 1450 666 1504 Sunt
692 1450 854 1503 etiam
891 1447 1163 1512 nonnulli,
1200 1449 1294 1518 qui
1322 1464 1387 1501 ex
1419 1447 1534 1516 ipsa
1561 1446 1912 1515 corruptione
1939 1445 2105 1497 vitam

522 1542 804 1603 hauriunt,
838 1551 896 1596 ut
924 1541 1202 1604 lumbrici,
1230 1540 1321 1609 qui
1353 1555 1416 1593 ex
1447 1538 1710 1600 alimenti,
1745 1535 1977 1605 pediculi
2011 1536 2105 1605 qui

521 1650 587 1689 ex
621 1633 837 1688 sudoris
870 1632 1001 1685 vitio
1026 1629 1466 1697 oriuntur.Quos
1494 1644 1623 1683 vero
1654 1629 1870 1697 propria
1896 1643 1959 1680 ex
1996 1641 2108 1679 ma-

521 1724 659 1777 teria
693 1722 986 1791 infusoque
1013 1722 1241 1785 semine,
1274 1719 1645 1790 principaliter
1669 1733 1733 1772 ac
1767 1718 1984 1785 proprie
2008 1732 2104 1770 na-

3704 320 3813 379 676

2207 429 2385 483 ἀνθῶν
2428 430 2671 485 ποικιλία
2714 432 2852 504 πρὸς
2907 433 3151 501 ὑγίειαν,
3201 432 3261 487 οὐ
3303 433 3443 507 πρὸς
3482 435 3675 508 ἡδονὴν
3721 439 3817 508 γέ-

2219 539 2396 590 γονεν.
2448 522 2705 578 Ἀπλετοι
2756 522 2865 593 γὰρ
2892 524 3096 577 τούτων
3144 525 3200 577 αἱ
3242 524 3523 596 δυνάμεις,
3558 526 3653 580 καὶ
3688 532 3813 585 καθ’

2217 614 2385 677 αὑτὰς
2430 614 2519 667 διὰ
2559 614 2666 667 τῶν
2713 614 2901 685 ὀσμῶν
2950 616 3275 684 ὠφελοῦσιν,
3323 618 3556 682 εὐωδίας
3600 618 3810 684 πάντας

2216 704 2668 776 ἁναπιμπλᾶσαι,
2712 705 2807 758 καὶ
2855 706 2987 761 πολὺ
3034 707 3238 777 μᾶλλον
3280 710 3337 761 ἐν
3378 712 3500 772 ταῖς
3537 712 3809 781 ἰατρικαῖς

2217 797 2496 851 συνθέσεσι
2547 798 2653 851 τῶν
2701 798 3025 870 φαρμάκων.
3086 801 3244 853 Ἔνια
3283 800 3393 871 γὰρ
3438 802 3810 872 ἀναμιχθέντα

2213 889 2312 953 τὰς
2349 890 2556 944 ἑαυτῶν
2586 890 2845 960 δυνάμεις
2878 891 3267 963 ἀριδηλοτέρας
3307 893 3630 963 παρέχεται,
3663 894 3805 948 καθ-

2212 982 2357 1055 άπερ
2392 986 2471 1047 εἰς
2513 982 2651 1048 (dies
2682 985 2897 1053 γένεσιν
2950 986 2982 1055 ἡ
3035 985 3263 1056 ἄρρενος
3294 987 3385 1039 καὶ
3417 986 3607 1056 θήλεος
3637 988 3801 1059 μίξις,

2215 1074 2322 1147 ἰδίᾳ
2380 1075 2641 1146 ἐκατέρου
2700 1077 2775 1147 μὴ
2827 1076 3133 1145 πεφυκότος
3185 1081 3394 1145 ποιεῖν,
3446 1079 3589 1152 ἅπερ
3630 1081 3799 1152 ἄμφω

2215 1166 2559 1221 συνελθόντα.
2630 1167 2792 1221 Ταῦτ’
2852 1169 3169 1237 ἀναγκαίως
3229 1171 3479 1225 λέλεκται
3537 1173 3674 1245 πρὸς
3732 1173 3801 1227 τὰ

2204 1257 2373 1311 λοιπᾶ
2418 1258 2525 1310 τῶν
2573 1258 2677 1311 ὑπὸ
2724 1257 2816 1311 σοῦ
2870 1258 3331 1331 διαπορηθέντων,
3370 1262 3570 1332 ἱκανὴν
3616 1263 3798 1319 πίστιν

2211 1350 2546 1421 ἐργάσασθαι
2604 1351 2879 1419 δυνάμενα
2948 1355 3061 1414 τοῖς
3117 1352 3191 1423 μὴ
3252 1352 3566 1421 φιλονείκως
3614 1355 3795 1425 ἔχουσι

2211 1442 2340 1513 περὶ
2396 1442 2489 1495 τοῦ
2536 1440 2626 1495 τὸν
2673 1443 2803 1495 Θεὸν
2851 1443 2957 1496 τῶν
3008 1444 3363 1515 ἀνθρωπίνων
3418 1447 3796 1517 ἐπιμελεῖσθαι

2206 1534 2567 1605 πραγμάτων.
2586 1553 2604 1585 ι
2641 1534 2823 1588 Ταῦτα
2853 1536 2949 1607 μὲν
2981 1533 3074 1590 οὖν
3099 1539 3161 1589 ἐκ
3190 1536 3285 1590 τοῦ
3313 1537 3649 1609 δηλωθέντος
3699 1543 3798 1593 ἐπ-

2208 1627 2483 1698 ετεμόμην
2513 1628 2724 1699 ἀνδρὸς,
2752 1628 2886 1699 ὁμοῦ
2935 1620 3035 1699 μὲν
3078 1628 3322 1693 δεικνὺς,
3378 1625 3480 1683 οἷοι
3515 1631 3608 1684 καὶ
3653 1631 3796 1685 κατὰ

2205 1719 2331 1780 τοὺς
2362 1719 2514 1778 νέους
2545 1719 2831 1788 γεγόνασιν
2868 1720 3135 1791 Ἐϐραίων
3182 1720 3404 1784 παῖδες,
3436 1721 3571 1791 ὁμοῦ
3607 1722 3664 1775 δὲ
3699 1722 3795 1776 καὶ

519 1823 644 1869 tura
696 1814 966 1884 producit,
993 1814 1027 1866 ii
1056 1811 1424 1866 Providentia:
1464 1826 1564 1864 suo
1604 1808 1730 1878 jure
1761 1808 2096 1860 tribuuntur.

2211 1808 2271 1860 τὰ
2317 1808 2416 1877 τῆς
2462 1808 2721 1872 εὐσεϐοῦς
2770 1809 2950 1863 αὐτῶν
3002 1810 3130 1881 περὶ
3174 1809 3309 1862 θεοῦ
3357 1810 3682 1881 ὃιαλήψεως,
3724 1811 3795 1865 τά

523 1906 848 1975 Quanquam
882 1906 947 1960 de
971 1905 1245 1975 prioribus
1272 1903 1435 1956 etiam
1457 1902 1582 1963 illis,
1633 1898 1788 1969 quasi
1820 1898 1884 1950 ad
1922 1897 2100 1950 homi—

518 2002 607 2054 nis
637 2000 921 2053 utilitatem
958 2007 1312 2067 procreantur
1334 1996 1433 2065 ipsi
1458 2008 1693 2063 quoque,
1712 1992 1820 2044 duo
1844 2005 1930 2043 me
1952 2006 2099 2059 qute-

516 2093 642 2147 dam
682 2092 868 2145 audire
901 2091 1144 2153 memini,
1174 2107 1294 2159 qua:
1317 2090 1420 2143 hoc
1460 2088 1579 2141 loco
1616 2085 1963 2140 dissimulare
1989 2100 2097 2137 non

2204 1916 2261 1951 τε
2299 1900 2400 1968 τῆς
2446 1901 2580 1971 πρὸς
2632 1904 2760 1966 τοὺς
2809 1903 3161 1973 προπάτορας
3216 1902 3527 1971 ὁμοφωνίας
3575 1901 3789 1971 ἐμφανῆ

2207 1991 2502 2056 καθιστάς·
2561 1993 2661 2065 ἤδη
2717 1994 2763 2047 δ’
2797 1994 3046 2047 ἐντεῦθεν
3099 1993 3399 2064 μεταϐῆναι
3454 1982 3642 2065 καιρὸς
3698 1995 3790 2047 καὶ

2206 2085 2299 2136 ἐπὶ
2332 2085 2430 2147 τὰς
2457 2084 2565 2138 τῶν
2599 2086 2795 2153 ἔξωθεν
2824 2087 2953 2158 περὶ
2978 2086 3085 2140 τῶν
3114 2087 3295 2140 αὐτῶν
3325 2087 3646 2156 μαρτυρίας.

525 2189 726 2257 placet.
794 2188 1037 2243 Alterum
1103 2196 1207 2253 est,
1235 2202 1265 2241 a
1297 2185 1523 2241 medicis
1589 2183 1918 2253 quihusdam
1958 2183 2376 2235 commemorari
2409 2183 2631 2237 solitum
2669 2201 2682 2237 :
2723 2184 2778 2238 in
2840 2185 3089 2253 pluribus
3145 2195 3441 2238 venenatos
3502 2191 3780 2253 serpentes

515 2278 644 2332 usui
684 2293 916 2342 esse,ac
955 2278 1142 2349 peritis
1177 2278 1340 2346 hujus
1402 2274 1557 2338 artis,
1585 2273 1631 2329 si
1698 2273 1859 2327 modo
1922 2272 2049 2336 ilhs,
2089 2272 2179 2326 ubi
2219 2287 2357 2339 opus
2424 2274 2572 2341 erit,
2625 2275 2859 2330 scienter
2911 2277 3230 2341 abutemur,
3276 2277 3384 2330 vim
3439 2278 3786 2345 prtesentium

514 2374 881 2428 amuletorum
913 2374 1207 2427 maximam
1266 2378 1572 2439 suppetere,
1628 2366 1830 2437 quibus
1886 2375 2078 2435 praeter
2129 2366 2412 2419 hominum
2443 2367 2778 2437 opinionem,
2810 2370 3018 2440 integra
3043 2370 3506 2440 periculosissime
3534 2371 3790 2427 laboran-

514 2468 664 2523 tibus
697 2468 946 2522 valetudo
977 2467 1234 2537 salusque
1271 2468 1547 2521 reddatur.
1579 2463 1764 2533 Itaque
1798 2463 1984 2517 videas
2012 2462 2313 2517 etiamnum
2347 2479 2443 2518 eos
2474 2466 2568 2534 qui
2612 2466 2937 2521 medicinam
3001 2469 3142 2522 haud
3170 2470 3469 2523 oscitanter
3540 2485 3605 2523 ac
3667 2483 3790 2537 per-

511 2561 786 2619 functorie
814 2573 1069 2626 tractant,
1114 2561 1467 2617 conﬁciendis
1506 2558 1752 2630 quotidie
1814 2557 2105 2624 remediis,
2134 2573 2202 2612 ex
2237 2557 2482 2627 quolibet
2554 2574 2753 2630 genere
2818 2561 3044 2630 aliquid,
3090 2576 3191 2617 nec
3219 2562 3398 2615 obiter
3427 2562 3496 2630 _id
3545 2561 3786 2630 quidem,

510 2660 1094 2716 admiscere.Alterum
1129 2675 1193 2713 ex
1219 2658 1668 2730 philosophorum
1705 2657 2094 2726 potius.quam
2134 2670 2200 2709 ex
2231 2655 2567 2709 medicorum
2600 2655 2843 2711 fontibus
2910 2628 3175 2710 haustum
3246 2628 3661 2710 vitlcbatur.—Ea
3715 2656 3789 2709 si-

510 2756 732 2827 quidem
780 2763 1096 2824 comparata
1148 2752 1413 2808 divinitus
1462 2751 1755 2805 adversum
1815 2748 2093 2816 improbos
2156 2762 2438 2815 poanarum
2487 2748 2850 2801 instrutncnta
2897 2763 3019 2803 esse
3082 2746 3374 2811 statuebat,
3434 2749 3789 2817 quemadmo-

510 2852 639 2904 dum
678 2865 708 2902 a
756 2847 995 2903 ducibus
1024 2855 1077 2900 et
1148 2843 1572 2914 imperatoribus
1624 2841 1835 2913 ﬂagella
1884 2854 2283 2909 nonnunquam
2352 2841 2651 2910 asperiora,
2727 2840 3043 2911 ferrumque
3104 2841 3281 2911 ipsum
3332 2842 3577 2896 adhiberi
3629 2842 3786 2897 solet.

508 2937 695 3006 Itaque
720 2952 843 2991 cum
879 2937 1017 2991 alias
1066 2934 1350 3005 quiescere
1381 2948 1448 2987 ac
1479 2932 1664 2986 mitius
1714 2945 1875 3000 agere
1907 2931 2314 2991 consueverint,
2347 2942 2460 2985 tum
2497 2935 2653 2989 novis
2696 2933 2856 3004 quasi
2924 2934 3132 2988 viribus
3198 2933 3462 2989 adversus
3500 2935 3788 2989 damnatos

508 3032 881 3096 stimulantur,
913 3030 964 3082 in
989 3043 1130 3098 quos
1154 3036 1346 3081 natura
1369 3026 1484 3095 ipsa
1506 3025 1559 3078 in
1591 3025 1687 3078 illo
1721 3039 1823 3079 suo
1896 3023 2248 3093 integerrimo
2278 3024 2698 3096 castissimoque
2743 3025 2884 3095 foro,
2946 3027 3232 3099 capitalem
3302 3030 3626 3083 sententiam
3697 3039 3788 3083 tu-

504 3121 649 3175 lerit.
676 3121 809 3175 Nam
835 3121 887 3173 in
921 3121 1126 3175 aedibus
1161 3118 1365 3173 nostris
1443 3126 1502 3172 ut
1574 3116 1876 3185 plurimum
1952 3116 2057 3171 hoc
2119 3116 2481 3171 animantium
2535 3137 2707 3189 genus
2746 3121 3084 3185 delitescere,
3140 3121 3338 3177 falsum
3385 3126 3787 3181 omninoest:

503 3213 672 3287 398
698 3229 823 3268 cum
856 3214 985 3267 illud
1014 3222 1167 3266 extra
1203 3216 1389 3276 urbes,
1422 3210 1475 3264 in
1506 3211 1740 3279 campis,
1813 3225 1878 3265 ac
1952 3210 2361 3277 solitudinibus,
2401 3214 2547 3281 quod
2611 3213 2887 3269 hominem
2954 3217 3140 3285 utique
3206 3224 3462 3286 tauquam
3503 3216 3787 3271 dominum

503 3308 698 3378 fugiat,
725 3307 886 3377 vulgo
921 3305 1117 3375 degere
1154 3304 1458 3357 videamus.
1494 3300 1650 3368 Quod
1714 3312 1898 3356 tamen
1939 3302 2069 3355 dum
2108 3317 2269 3357 secus
2332 3304 2607 3358 interdum
2674 3306 2962 3375 contingit,
2994 3322 3063 3361 ne
3111 3315 3223 3359 tum
3289 3308 3508 3375 quidem
3560 3322 3658 3362 sua
3706 3321 3788 3359 ra-

502 3401 651 3455 tione
677 3408 825 3454 caret
870 3410 994 3452 cum
1028 3397 1081 3451 in
1109 3396 1242 3450 locis
1268 3395 1594 3466 quibusdam
1624 3393 2067 3463 profundioribus
2106 3393 2298 3464 ingens
2329 3397 2483 3464 copia
2510 3397 2768 3452 stercoris
2792 3412 2857 3452 ac
2915 3398 3161 3452 sordium
3221 3408 3530 3468 aggeratur,
3584 3397 3786 3465 quibus

503 3509 625 3548 sese
654 3493 985 3559 immergunt
1031 3489 1136 3543 illm
1177 3489 1458 3557 cupidius,
1505 3496 1864 3556 praeterquam
1913 3488 2057 3555 quod
2110 3487 2225 3555 ipse
2278 3501 2495 3555 quoque
2561 3488 2718 3541 nidor
2766 3489 3041 3557 propriam
3107 3488 3362 3542 illiciendi
3415 3491 3523 3540 vim
3600 3487 3781 3540 habet.

502 3585 622 3641 Jam
654 3585 971 3640 hirundines
995 3583 1281 3637 nobiscum
1316 3579 1524 3634 versari
1573 3581 1773 3633 mirum
1807 3578 2049 3649 profecto
2105 3579 2262 3643 nihil,
2316 3593 2442 3632 cum
2476 3578 2545 3632 ab
2571 3579 2639 3633 iis
2677 3578 3031 3647 insequendis
3091 3580 3489 3642 abstineamus,
3559 3578 3784 3633 salutis-

503 3698 611 3753 que
637 3679 850 3734 tuendre
879 3676 1169 3746 cupiditas,
1205 3690 1313 3728 non
1376 3682 1586 3727 tantum
1619 3674 1673 3725 in
1748 3673 1959 3726 ratione
2002 3672 2245 3741 pra-ditis
2293 3672 2687 3732 animantibus.
2727 3673 2821 3727 sed
2855 3672 3020 3726 etiam
3091 3675 3146 3727 in
3191 3689 3255 3728 ea
3323 3675 3642 3730 carentibus
3693 3676 3783 3728 in-

504 3779 609 3832 sita
643 3775 714 3829 sit
740 3782 901 3841 atque
966 3769 1165 3824 delixa.
1230 3767 1298 3821 At
1357 3765 1559 3835 quibus
1611 3765 1689 3820 uti
1755 3764 2005 3818 homines
2042 3768 2295 3833 vescique
2329 3774 2592 3833 possunt,
2641 3780 2831 3819 earum
2896 3783 3024 3824 vero
3073 3769 3359 3825 nobiscum
3414 3771 3561 3824 nulla
3609 3771 3777 3841 degit,

503 3869 648 3941 quod
682 3866 751 3921 ab
778 3862 989 3919 insidiis
1022 3859 1128 3916 Sibi
1157 3858 1360 3916 nostris
1407 3865 1671 3921 metuant,
1726 3856 1833 3911 nisi
1890 3857 2062 3912 sicubi
2103 3856 2219 3925 lege
2288 3857 2593 3924 prohibitus
2640 3872 2831 3913 earum
2904 3875 3037 3916 usus
3112 3860 3296 3917 fuerit.
3349 3860 3489 3917 Urbs
3528 3865 3779 3932 quaedam

502 3972 588 4017 est
639 3957 809 4028 Syriae
893 3953 1216 4015 maritima,
1280 3950 1606 4004 Ascalonem
1669 3957 1904 4013 vocant,
1972 3947 2062 4001 ubi
2125 3962 2251 4001 cum
2324 3948 2619 4017 aliquando
2682 3965 2973 4013 versarer,
3029 3969 3141 4024 quo
3225 3963 3470 4023 tempore
3544 3960 3781 4024 patrium

501 4057 559 4110 in
627 4052 886 4121 templum
942 4045 1272 4118 precationis
1316 4054 1372 4099 et
1420 4043 1675 4099 sacrificii
1740 4058 1907 4097 causa
1982 4042 2390 4113 proﬁciscebar,
2447 4045 2553 4097 vim
2612 4045 2991 4101 columbarum
3048 4047 3315 4101 inﬁnitam
3392 4064 3515 4103 cum
3555 4051 3635 4103 .in
3681 4052 3780 4104 tri-

498 4150 608 4206 viis
651 4144 875 4216 passim,
922 4151 1035 4196 tum
1086 4141 1141 4195 in
1189 4140 1419 4210 singulis
1451 4139 1615 4194 etiam
1658 4138 1867 4192 antibus
1908 4141 2180 4194 videbam.
2239 4139 2473 4192 Causam
2543 4142 2807 4208 quaerenti
2878 4142 3034 4208 mihi,
3098 4157 3191 4196 eas
3214 4157 3412 4212 capere
3468 4143 3621 4198 nefas
3659 4157 3783 4199 esse

500 4239 925 4309 responderunt,
973 4235 1118 4307 quod
1161 4234 1274 4305 jam
1325 4233 1454 4286 olim
1500 4231 1710 4285 civibus
1774 4245 1965 4286 earum
2022 4246 2123 4286 usu
2165 4228 2515 4283 interdictum
2557 4240 2721 4286 esset.
2769 4232 2953 4303 lisque
2978 4234 3115 4288 adeo
3149 4248 3323 4305 genus
3385 4235 3490 4289 hoc
3530 4238 3782 4291 animan-

502 4336 573 4393 tis
600 4333 892 4391 securitate
921 4330 1217 4392 cicuratur,
1248 4335 1445 4382 utnon
1480 4332 1692 4377 tantum
1724 4324 1829 4378 sub
1877 4322 2068 4377 eodem
2108 4331 2276 4387 tecto,
2310 4322 2401 4375 sed
2438 4322 2601 4377 etiam
2631 4324 2685 4376 in
2709 4325 2900 4378 eadem
2926 4340 3113 4379 mensa
3165 4326 3447 4380 aSsiduum
3514 4327 3605 4389 sit,
3655 4342 3781 4383 con-

500 4442 764 4497 cessoque
813 4439 944 4495 pace
995 4422 1062 4476 ad
1110 4421 1333 4477 delicias
1363 4420 1638 4474 abutatur.
1667 4415 1765 4471 Est
1832 4425 2011 4472 tamen
2081 4416 2134 4470 in
2176 4414 2432 4486 Egypto,
2466 4415 2610 4486 quod
2641 4416 3015 4473 vehementius
3060 4421 3349 4474 admirere.
3419 4419 3554 4473 Nam
3591 4437 3762 4476 croco

499 4521 641 4573 dilus
676 4518 763 4571 ille
826 4516 1108 4571 hominum
1184 4515 1493 4576 devorator,
1564 4527 1629 4567 ac
1697 4510 1999 4567 bestiarum
2059 4509 2516 4575 immanissimus,
2552 4512 2696 4581 quod
2730 4510 2781 4563 in
2809 4511 3158 4565 sanctissimo
3186 4510 3290 4565 Nili
3333 4514 3557 4570 lluinine
3586 4530 3749 4570 uase:

503 4621 588 4666 tur
620 4611 922 4680 alaturque,
953 4623 1173 4663 sensum
1198 4606 1456 4676 aliquem,
1494 4615 1555 4659 ut
1603 4603 1715 4658 fere
1767 4605 1870 4659 sub
1900 4604 2063 4673 aquis
2100 4603 2403 4667 delitescat,
2432 4605 2719 4673 praesentis
2786 4605 3191 4660 commoditatis
3252 4607 3434 4662 habet.
3496 4609 3543 4661 Α
3577 4612 3778 4678 quibus

496 4707 642 4761 enim
710 4704 825 4772 ipse
880 4700 1096 4760 colitur,
1145 4700 1287 4767 apud
1330 4714 1425 4752 eos
1486 4700 1690 4750 multus
1738 4712 1861 4751 esse
1926 4698 2112 4763 solet;
2153 4711 2293 4766 quos
2323 4706 2504 4750 autem
2569 4696 2795 4751 infestos
2842 4706 3139 4767 pateretur,
3190 4701 3333 4769 apud
3382 4700 3505 4755 illos
3563 4719 3631 4757 ne
3681 4719 3780 4773 per

496 4798 772 4853 somnium
798 4795 1015 4865 quidem
1035 4794 1265 4847 videtur.
1292 4790 1435 4862 Ergo
1467 4792 1559 4862 qui
1580 4790 1759 4845 Nilum
1784 4792 2059 4861 navigant,
2103 4790 2401 4852 interdum,
2438 4796 2498 4844 ut
2570 4789 2920 4844 audacissimi
2977 4789 3197 4855 fuerint,
3260 4807 3323 4846 ac
3393 4798 3673 4849 turmatim
3710 4811 3779 4852 eo

494 4890 792 4952 conﬂuant,
822 4888 874 4941 in
897 4902 1095 4957 aquam
1130 4901 1197 4941 ne
1222 4901 1498 4942 summum
1564 4883 1783 4955 quidem
1841 4885 2132 4938 immittere
2170 4883 2398 4953 digitum
2433 4882 2671 4937 audeant
2738 4903 2751 4938 :
2788 4885 3084 4951 interdum,
3118 4886 3368 4942 homines
3420 4890 3583 4942 etiam
3639 4892 3782 4943 timi-

493 4980 705 5039 dissimi
734 4980 879 5034 ultro
931 4978 1224 5049 prosiliunt
1290 4985 1587 5046 natamque
1650 4975 1954 5030 ludibundi.
2004 4975 2300 5046 Cyclopum
2338 4976 2390 5028 in
2437 4984 2614 5030 tractu
2661 4975 2855 5045 (genus
2894 4977 3039 5032 enim
3120 4979 3172 5034 id
3221 4980 3502 5036 hominum
3582 4981 3780 5038 fabula:

495 5086 866 5131 commentum
906 5090 970 5131 ac
1017 5074 1159 5131 fetus
1185 5073 1405 5145 quidam
1442 5074 1547 5143 est)
1584 5072 1728 5142 quod
1769 5072 1916 5125 nulla
1959 5072 2030 5126 ibi
2073 5070 2353 5134 sementis,
2387 5070 2641 5140 agricola:
2662 5070 2819 5135 nulli,
2885 5072 3166 5126 mitiortnn
3246 5073 3465 5145 frugum
3533 5078 3779 5133 nascitur

494 5169 720 5223 omnino
785 5168 941 5232 nihil,
1009 5176 1070 5222 ut
1117 5182 1292 5237 neque
1355 5182 1422 5221 ex
1461 5165 1630 5219 nihilo
1670 5163 1971 5235 quidquam
2019 5162 2168 5235 gigni
2206 5172 2402 5233 potest.
2443 5162 2650 5219 Graecia
2682 5178 2812 5218 vero
2865 5167 3173 5220 accusanda
3215 5166 3459 5236 profecto
3510 5184 3623 5223 non
3672 5179 3775 5234 est,

493 5273 755 5329 tanquam
817 5261 967 5315 arida
996 5261 1227 5315 nimium
1277 5270 1332 5315 et
1364 5258 1697 5323 infecunda;
1770 5260 1934 5314 habet
1982 5258 2127 5312 enim
2168 5258 2379 5313 altioris
2448 5256 2827 5326 molliorisque
2869 5258 2974 5312 soli
3019 5258 3309 5329 plerosque
3347 5270 3579 5317 tractus.
3620 5262 3776 5329 Quod

494 5352 544 5406 si
579 5361 733 5409 terra:
754 5357 1001 5425 quaedam
1035 5356 1281 5411 barbara:
1307 5352 1524 5425 frugum
1546 5353 2085 5422 ubertateprtestant,
2125 5360 2186 5405 ut
2212 5351 2491 5406 abundent
2522 5349 2817 5415 alimentis,
2876 5365 3066 5404 eorum
3098 5360 3279 5409 tamen
3302 5394 3317 5417 ,
3385 5356 3479 5425 qui
3536 5357 3773 5428 alantur,

492 5463 840 5522 quorumque
889 5464 1053 5505 causa
1122 5447 1502 5503 tantummodo
1542 5446 1800 5500 alimenta
1869 5443 2199 5514 proveniunt
2267 5445 2540 5513 paucitate
2607 5445 2878 5500 laborant.
2912 5446 3039 5501 Sola
3067 5448 3267 5517 quippe
3294 5445 3523 5516 Graecia,
3564 5451 3610 5504 si
3650 5464 3778 5504 vere

494 5540 641 5607 loqui
680 5538 929 5603 velimus,
962 5540 1244 5595 hominum
1306 5536 1640 5609 procreatrix
1708 5543 1812 5601 est,
1868 5543 2055 5604 utpote
2091 5548 2214 5603 quae
2265 5534 2544 5590 coalestem
2590 5536 2816 5591 omnino
2876 5538 3141 5606 plantam,
3206 5541 3373 5612 399
3415 5542 3775 5611 divinumque

494 5644 738 5695 germen,
771 5639 827 5686 et
896 5632 1044 5687 omni
1088 5646 1155 5686 es
1179 5639 1333 5700 parte
1394 5627 1693 5699 perfectum
1719 5667 1734 5691 ,
1770 5627 1874 5682 hoc
1912 5632 1997 5680 est
2042 5623 2453 5696 intelligentiam
2524 5624 2696 5695 ipsam
2730 5627 2922 5697 pariat,
2953 5644 3078 5685 cum
3143 5633 3371 5688 scientia
3398 5633 3578 5690 nativa
3640 5649 3777 5706 qua-

489 5723 620 5779 dam
649 5723 968 5795 cognatione
1001 5723 1370 5788 coniunctam.
1402 5722 1575 5793 Cujus
1622 5724 1702 5781 rei
1742 5735 1909 5778 causa
1964 5720 2080 5776 haec
2115 5725 2219 5784 est,
2258 5716 2404 5787 quod
2451 5718 2597 5774 aeris
2679 5721 2940 5778 tenuitate
3011 5739 3167 5781 mens
3210 5726 3451 5783 hominis
3492 5738 3767 5795 leuatur;
