4194 6454
411 353 512 407 681

1539 353 1862 410 ΡΒΑΞΡΑΒ.
1904 354 2154 413 EVANG.
2201 357 2327 412 LIB.
2371 357 2461 414 IX.

3567 363 3670 417 682

408 471 490 522 ὅτι
530 467 606 538 μὴ
653 467 809 530 ἐκτὸς
856 467 1129 540 σώφρονος
1178 468 1438 541 λογισμοῦ
1492 470 1592 542 τὴν
1648 471 1757 525 τῶν
1801 474 1962 545 δηλου

2092 491 2215 545 qua:
2241 491 2414 547 usque
2443 491 2474 531 a
2502 477 2685 547 prisco
2707 478 2976 548 majorum
3014 492 3240 533 suorum
3279 495 3394 534 aevo
3423 480 3665 549 ducitur,

411 561 587 631 μένων
645 559 960 629 φιλοσοφίαν
1003 561 1114 615 τῶν
1186 561 1450 631 Ἑλλήνων
1486 567 1987 636 προτετιμήκαμεν.

420 646 713 700 Ἀκόλουθα
756 647 887 715 γοῦν
940 652 1056 713 τοῖς
1111 650 1611 723 προεξητασμένοις
1641 656 1714 708 ’ὲν
1758 654 1834 725 τῷ
1883 656 1989 725 πρὸ

405 738 596 793 τούτου
656 741 1050 812 συγγράμματι
1109 744 1205 796 καὶ
1263 744 1332 798 τὰ
1396 744 1497 814 τῆς
1546 745 1744 817 ἠθικῆς
1807 747 1991 812 αὐτοῖς

405 832 772 885 ἐπιτελεῖσθαι
817 834 1202 904 συνασκήσεως
1241 837 1302 888 οὐ
1344 836 1504 906 μόνον
1543 838 1600 890 αἱ
1634 839 1770 910 παρ’
1801 840 1989 902 αὐτοῖς

407 923 551 994 ἱεραὶ
577 923 771 993 βίϐλοι,
807 923 942 976 ἀλλὰ
971 925 1063 978 καὶ
1100 926 1208 980 τῶν
1255 928 1385 997 παρ’
1413 928 1639 1000 Ἕλλησι
1680 930 1986 1000 φιλοσόφων

401 1016 453 1068 οἱ
512 1015 746 1086 μάλιστα
800 1015 1076 1085 διαφανεῖς
1136 1017 1230 1069 καὶ
1305 1018 1424 1071 καθ’
1457 1022 1604 1090 ἡμᾶς
1668 1019 1986 1093 βεϐοημὲνοι

407 1107 765 1178 μαρτυροῦσι.
797 1108 907 1160 Καὶ
929 1108 993 1180 δὴ
1023 1107 1204 1162 λαϐὼν
1228 1111 1502 1180 ἀνάγνωθι
1522 1113 1590 1166 τὰ
1615 1113 1985 1185 Θεοφράστου,

403 1201 460 1250 ἐν
498 1202 610 1262 τοῖς
643 1199 936 1271 Πορφυρίῳ
971 1204 1230 1271 γραφεῖσι
1253 1204 1392 1271 Περὶ
1411 1204 1521 1273 τῆς
1546 1204 1668 1258 τῶν
1694 1205 1986 1276 ἐμψύχων

399 1283 660 1357 ἀποχῆς,
679 1290 906 1362 κείμενα
928 1289 1115 1344 τοῦτον
1146 1289 1238 1344 τὸν
1271 1293 1492 1365 τρόπον.

2095 568 2338 623 historiae
2364 570 2730 624 meminerint.
2777 570 3067 625 Ordiemur
3097 581 3276 626 autem
3306 573 3374 628 ab
3398 575 3530 644 ipsis
3570 592 3668 646 po-

2094 658 2207 727 puli
2235 659 2519 726 moribus,
2557 669 2616 714 ut
2665 661 2933 731 intelligas
2965 662 3218 729 prudenti
3272 678 3372 718 nos
3423 681 3667 735 sanoque

2093 750 2324 805 consilio
2353 766 2544 805 eorum
2570 751 2914 821 disciplinam
2958 751 3271 807 Graecorum
3307 754 3667 827 philosophia:

2091 844 2415 912 praetulisse.
2442 843 2634 900 Testes
2677 845 2956 901 enimvero
3005 856 3136 903 sunt
3184 863 3294 903 non
3325 865 3497 905 sacra:
3519 852 3664 906 dun-

2093 943 2243 990 taxat
2269 935 2623 991 Hebraeorum
2655 936 2868 1002 litterae,
2905 941 3000 993 sed
3034 941 3200 995 etiam
3243 941 3281 995 ii
3314 943 3408 1013 qui
3441 951 3496 998 et
3516 943 3667 1000 Grae-

2089 1041 2184 1081 cos
2212 1026 2353 1081 inter
2377 1042 2723 1096 summopere
2755 1026 3080 1095 ﬂoruerunt,
3118 1032 3389 1104 hodieque
3427 1037 3666 1092 maxime

2087 1118 2436 1173 celebrantur
2461 1119 2798 1189 philosophi,
2825 1132 3252 1178 consentaneam
3278 1125 3375 1192 iis,
3410 1143 3533 1197 qua
3571 1145 3666 1185 su-

2089 1209 2302 1278 periore
2329 1210 2468 1264 libro
2498 1211 2783 1282 diligenter
2811 1215 3188 1284 expendimus,
3243 1232 3338 1274 eos
3376 1220 3505 1275 vitae
3544 1237 3665 1274 mo-

2086 1316 2321 1372 rumque
2347 1303 2612 1358 rationem
2653 1315 2859 1361 tenere.
2894 1305 3007 1376 Age
3031 1308 3216 1378 igitur,
3259 1324 3322 1365 ea
3377 1310 3515 1366 mihi
3547 1329 3663 1383 per-

401 1379 536 1449 lege,
563 1396 687 1450 qua:
709 1379 1046 1454 Porphyrius
1070 1384 1124 1439 in
1147 1400 1278 1441 suos
1305 1387 1382 1440 De
1405 1404 1582 1442 rerum
1615 1392 1980 1447 auimatarum
2018 1392 2340 1449 abstinentia
2380 1396 2552 1452 libros
2599 1398 2746 1454 hunc
2800 1399 2856 1453 in
2902 1399 3125 1455 modum
3155 1416 3248 1472 ¹(ει
3281 1379 3662 1474 Theophrasto

399 1477 602 1531 retulit.

929 1595 1330 1651 ΚΕΦΑΛΑῘΟΝ
1365 1597 1440 1649 B'.

398 1704 779 1772 Θεοφράστου
842 1708 974 1775 περὶ
1046 1709 1368 1776 Ἰουδαίων,
1429 1712 1546 1766 ἀπὸ
1599 1713 1707 1767 τοῦ
1766 1714 1819 1770 α’
1859 1717 1978 1773 τῶν·

464 1777 804 1844 Πορφιφίου
841 1778 982 1845 Περὶ
1025 1779 1136 1848 τῆς
1173 1779 1292 1834 τῶν
1317 1782 1608 1852 ἐμψύχων
1646 1785 1903 1855 ἀποχῆς.

2711 1599 2941 1656 CAPUT
2975 1601 3041 1656 Il.

2080 1712 2244 1786 404
2266 1711 2345 1786 De
2368 1711 2578 1786 Iudaeis
2599 1728 2663 1766 ea:
2688 1712 3063 1780 Theophrasto,
3107 1731 3260 1784 quem
3301 1715 3491 1771 laudat
3517 1717 3658 1774 Por-

2119 1785 2338 1855 phyrius
2370 1785 2540 1853 primo
2577 1785 2650 1836 De
2685 1801 2861 1837 rerum
2885 1787 3247 1839 animatarum
3277 1787 3618 1844 abstinentia.

469 1905 489 1940 ι
523 1889 634 1942 Καί
662 1907 744 1943 τοι
773 1890 907 1943 διότι
949 1888 1060 1962 (45)
1095 1891 1284 1965 Σύρων
1325 1894 1424 1964 μὲν
1469 1896 1712 1950 Ἰουδαῖοι
1752 1898 1840 1953 διὰ
1877 1901 1964 1972 τὴι

2154 1893 2252 1948 «Et
2267 1909 2420 1959 sane,
2447 1894 2647 1964 inquit,
2679 1893 2724 1949 si
2751 1909 2816 1948 ex
2847 1893 3001 1965 Syris
3033 1893 3227 1961 Judaei,
3253 1897 3368 1968 qui,
3398 1900 3543 1969 quod
3569 1901 3656 1954 in-

392 1977 452 2045 ὲξ
484 1981 658 2052 ἀρχῆς
699 1981 890 2035 θυσίαν
935 1983 1016 2036 ἔτι
1061 1987 1155 2039 καὶ
1200 1985 1315 2050 νῦν,
1357 1989 1521 2059 φησιν
1555 1989 1584 2042 ὁ
1611 1989 1972 2062 Θεόφραστος,

391 2073 750 2136 ζωοθυτοῦσιν
792 2075 944 2147 (46),
1013 2080 1062 2131 εί
1108 2078 1201 2133 τὸν
1245 2079 1406 2133 αὑτὸν
1449 2082 1598 2152 ἡμᾶς
1647 2083 1848 2154 τρόπον
1890 2101 1975 2147 τις

389 2163 602 2218 κελεύοι
639 2164 751 2236 (47)
783 2165 950 2232 θύειν,
979 2167 1356 2240 ἀποσταίημεν
1381 2169 1446 2224 ἂν
1470 2172 1570 2242 τῆς
1596 2170 1867 2242 πράξεως.
1898 2174 1974 2226 Ού

388 2259 500 2330 γὰρ
526 2257 844 2329 ἑστιώμενοι
887 2259 997 2329 (48)
1047 2260 1156 2314 τῶν
1201 2260 1490 2326 τυθέντων,
1551 2262 1975 2326 ὁλοκαυτοῦντες

385 2351 444 2404 δὲ
471 2350 643 2405 ταῦτα
665 2352 878 2418 νυκτὸς,
912 2353 1008 2405 καὶ
1035 2355 1157 2405 κατ’
1177 2353 1358 2406 αὐτῶν
1387 2354 1521 2407 πολὺ
1557 2353 1678 2424 μέλι
1702 2355 1799 2408 καὶ
1830 2352 1973 2410 οἶνον

386 2441 684 2507 λείϐοντες,
737 2443 1028 2513 ἀνήλισκον
1075 2442 1176 2514 τὴν
1228 2444 1421 2498 θυσίαν
1475 2444 1690 2509 θᾶττον,
1739 2446 1826 2498 ἵνα
1875 2444 1972 2499 τοῦ

384 2535 558 2588 δεινοῦ
585 2535 698 2608 (49)
728 2535 849 2607 μηδ’
879 2537 907 2588 ὁ
940 2536 1052 2607 (50)
1079 2537 1360 2608 πανόπτης
1371 2537 1583 2606 γένοιτο
1611 2539 1831 2610 θεατής.
1855 2540 1973 2593 Καὶ

385 2626 543 2680 τοῦτο
577 2627 765 2698 δρῶσι,
797 2629 1148 2698 νηστεύοντες
1176 2629 1276 2693 τὰς
1303 2629 1408 2684 ἀνὰ
1441 2627 1604 2701 μέσον
1622 2629 1830 2686 τούτων
1857 2630 1972 2702 (51)

386 2718 626 2791 ἡμέρας·
663 2717 805 2772 κατὰ
830 2718 886 2772 δὲ
914 2719 1094 2774 πάντα
1121 2719 1309 2773 τοῦτον
1334 2719 1427 2774 τὸν
1457 2719 1671 2792 χρόνον,
1701 2719 1796 2774 ἆτε
1821 2720 1972 2789 φιλό-

385 2825 539 2878 σοφοι
581 2810 642 2863 τὸ
667 2809 824 2878 γένος
861 2810 1034 2875 ὄντες,
1075 2812 1204 2883 περὶ
1243 2809 1339 2864 τοῦ
1378 2810 1535 2864 Θείου
1580 2812 1678 2883 μὲν
1721 2811 1972 2884 ἀλλήλοις

383 2898 627 2964 λαλοῦσι,
668 2901 767 2971 τῆς
807 2899 864 2953 δὲ
903 2901 1096 2964 νυκτὸς
1124 2900 1235 2954 τῶν
1284 2899 1502 2970 ἄστρων
1549 2901 1825 2955 ποιοῦνται
1869 2901 1971 2974 τὴν

382 2991 634 3065 θεωρίαν,
682 2992 972 3062 βλέποντες
1021 2995 1102 3056 είς
1152 2993 1320 3058 αὐτὰ,
1369 2994 1465 3046 καὶ
1509 2993 1599 3047 διὰ
1641 2993 1750 3046 τῶν
1795 2993 1970 3065 εὐχῶν

379 3080 812 3145 θεοκλυτοῦντες.
845 3081 1200 3155 Κατήρξαντο
1220 3083 1330 3154 γὰρ
1354 3076 1500 3135 οὗτοι
1529 3082 1736 3152 πρῶτοι
1771 3082 1880 3135 τῶν
1907 3098 1969 3135 τε

2076 1986 2327 2042 stitutum
2361 1985 2500 2055 apud
2527 2000 2621 2041 eos
2658 1984 2773 2055 jam
2814 1985 2938 2040 inde
2977 1987 3046 2040 ab
3079 1987 3236 2043 initio
3264 1989 3371 2044 hoc
3399 1992 3656 2048 sacriﬁcii

2073 2093 2246 2148 genus
2275 2077 2460 2144 fuerit,
2489 2077 2811 2144 etiamnum,
2839 2077 3016 2148 inquit
3061 2079 3496 2150 Theophrastus,
3536 2086 3657 2139 ani-

2073 2175 2287 2223 mantes
2308 2166 2613 2230 immolant,
2644 2167 2856 2229 eodem,
2881 2183 2992 2238 quo
3013 2167 3138 2236 ipsi,
3171 2169 3281 2224 ritu
3303 2185 3459 2225 sacra
3477 2169 3656 2226 facere

2073 2272 2179 2312 nos
2199 2257 2474 2327 juberent,
2513 2273 2794 2326 nunquam
2842 2273 2906 2313 eo
2938 2273 3038 2313 nos
3081 2259 3279 2314 adduci
3317 2269 3650 2330 pateremur.

2072 2347 2184 2404 Nec
2206 2348 2354 2404 enim
2385 2349 2543 2404 casis
2564 2349 2802 2404 victimis
2834 2349 2902 2404 ad
2956 2349 3140 2404 cibum
3170 2350 3250 2405 uti
3301 2351 3498 2420 solent,
3556 2354 3654 2408 sed

2073 2439 2314 2508 integras
2341 2455 2407 2494 ac
2438 2439 2660 2503 solidas,
2707 2447 2760 2494 et
2786 2440 2959 2495 multo
2999 2441 3160 2496 melle
3192 2441 3432 2513 vinoque
3469 2445 3655 2513 perfu-

2074 2546 2168 2586 sas
2194 2538 2357 2587 noctu
2398 2531 2634 2586 ﬂammis
2663 2531 2976 2598 absumere,
3015 2547 3081 2587 ac
3111 2541 3285 2588 totum
3316 2535 3652 2592 sacriﬁcium

2072 2623 2264 2693 paucis
2289 2623 2497 2693 aliquot
2527 2623 2679 2680 horis
2712 2639 2992 2695 peragere,
3019 2625 3208 2694 utique
3235 2641 3304 2680 ne
3341 2627 3535 2682 oculus
3562 2627 3654 2682 ille

2072 2715 2258 2770 omnia
2281 2714 2570 2784 pervidens
2598 2715 2886 2785 indignum
2917 2715 3131 2773 facinus
3159 2717 3410 2787 aspiciat.
3444 2717 3653 2774 Deinde

2071 2819 2224 2872 vero,
2246 2805 2442 2862 diebus
2466 2807 2545 2862 illi
2570 2807 2826 2878 singulis,
2857 2808 2988 2862 dum
3017 2809 3287 2878 ejusmodi
3319 2811 3492 2865 sacris
3520 2826 3655 2880 ope-

2069 2913 2190 2952 ram
2218 2899 2370 2965 dant,
2392 2912 2516 2954 cum
2540 2897 2752 2968 jejunio
2776 2913 2900 2954 sese
2936 2898 3162 2964 dedunt,
3203 2908 3317 2953 tum
3368 2900 3434 2955 de
3462 2901 3650 2956 divino

2072 2987 2328 3056 Numine,
2361 2991 2444 3044 uti
2475 2990 2728 3045 homines
2792 2990 2909 3060 ipso
2939 3006 3136 3062 genere
3165 2991 3524 3063 philosophos
3546 2994 3649 3048 de-

2070 3088 2176 3144 cet,
2212 3085 2328 3132 toto
2358 3077 2452 3132 illo
2478 3086 2722 3148 tempore
2765 3093 3048 3134 sermones
3098 3079 3241 3134 inter
3278 3094 3338 3134 se
3367 3081 3600 3146 miscent
3629 3101 3646 3139 :

377 3174 585 3227 λοιπῶν
633 3171 821 3239 ζώων,
876 3176 972 3228 καὶ
1030 3174 1184 3245 σφῶν
1222 3174 1422 3240 αὐτῶν,
1469 3175 1688 3246 ἀνάγκῃ
1733 3175 1829 3229 καὶ
1863 3175 1964 3228 οὐκ

2070 3177 2234 3222 noctu
2271 3176 2452 3223 autem
2494 3169 2673 3224 sidera
2701 3169 2895 3225 deﬁxis
2941 3170 2996 3223 in
3047 3170 3248 3225 coelum
3291 3171 3466 3226 oculis
3514 3188 3648 3228 con-

375 3266 645 3338 ὲπιθυμίᾳ
675 3267 832 3320 τοῦτο
865 3267 1192 3339 πράξαντες.
1238 3289 1256 3322 ι

1989 3248 2034 3310 C
2068 3260 2420 3330 templantur,
2488 3275 2616 3317 suas
2663 3262 2870 3316 interea
2911 3277 3098 3332 preces
3147 3271 3310 3333 atque
3363 3273 3488 3318 vota
3534 3263 3646 3319 Deo

377 3367 776 3429 nuncupantes.
816 3359 882 3414 lii
937 3360 1082 3415 enim
1135 3374 1244 3414 non
1298 3368 1523 3415 caeteras
1586 3365 1797 3413 tantum
1861 3356 2204 3418 animantes,
2243 3353 2340 3409 sed
2382 3352 2545 3408 etiam
2607 3355 2932 3426 semetipsos
2980 3355 3144 3426 primi
3188 3356 3431 3412 omnium
3451 3358 3649 3413 offerre

375 3464 697 3527 coeperunt,
756 3455 1082 3512 necessitate
1131 3454 1379 3526 profecto
1410 3496 1426 3522 ,
1477 3469 1590 3510 non
1652 3452 1953 3522 cupiditate
1988 3449 2158 3506 ducti.
2196 3468 2214 3500 ι

918 3573 1316 3626 ΚΕΦΑΛΑῙΟΝ
1348 3569 1422 3625 Γ¹.

378 3683 716 3753 Πορφυρίου
765 3683 900 3755 περὶ
951 3682 1060 3751 τῆς
1105 3683 1172 3736 τὸ
1223 3683 1482 3738 παλαιὸν
1525 3682 1956 3755 διαλαμψάσης

702 3755 863 3822 παρὰ
903 3755 1206 3821 Ἰουδαίοις
1237 3755 1622 3823 φιλοσοφίας.

441 3867 552 3921 Kal.
579 3854 652 3920 ’ἐν
712 3865 790 3937 τῷ
837 3867 1085 3939 τετάρτῳ
1153 3866 1212 3920 δὲ
1263 3867 1362 3938 τῆς
1411 3867 1584 3938 αὐτῆς
1642 3867 1957 3932 ὑποθέσεως

371 3959 596 4014 τοιαῦτα
623 3959 753 4031 περὶ
785 3957 893 4011 τῶν
923 3958 1100 4012 αὐτῶν
1133 3961 1336 4029 ἱστορεῖ
1375 3960 1404 4013 ὁ
1425 3959 1758 4032 Πορφύριοςο
1793 3979 1812 4012 ι
1835 3960 1957 4014 Εἰσὶ

370 4049 548 4104 τοίνυν
579 4050 692 4123 (52)
725 4051 776 4103 οἱ
810 4050 1067 4115 Ἐσσαῖοι,
1112 4049 1355 4102 Ἰουδαῖοι
1387 4050 1486 4121 μὲν
1521 4049 1582 4103 τὸ
1615 4049 1792 4120 γένος,
1833 4050 1957 4121 φιλ-

369 4141 588 4214 άλληλοι
633 4141 690 4195 δὲ
736 4141 832 4195 καὶ
876 4139 987 4194 τῶν
1045 4139 1220 4194 ἄλλων
1272 4140 1452 4195 πλέον.
1522 4134 1682 4196 Οῦτοι
1713 4141 1813 4205 τὰς
1856 4142 1955 4213 μὲν

367 4232 562 4305 ἡδονὰς
589 4232 664 4296 ὡς
685 4231 881 4286 κακίαν
901 4231 1334 4302 ἀποστρέφονται
1353 4247 1368 4261 ο
1399 4230 1500 4301 τὴν
1521 4231 1579 4283 δὲ
1603 4231 1950 4302 ἐγκράτειαν,

368 4326 462 4379 καὶ
493 4326 554 4378 τὸ
588 4324 662 4396 μὴ
694 4327 807 4389 τοῖς
838 4322 1067 4378 πάθεσιν
1099 4323 1451 4388 ὑποπίπτειν,
1481 4322 1682 4394 ἀρετὴν
1707 4323 1952 4394 ὑπολαμ-

2691 3566 2924 3623 CAPUT
2955 3553 3044 3624 ιἰι.

2066 3681 2152 3737 Ea:
2198 3683 2513 3754 Porphyrio,
2545 3683 2608 3737 de
2657 3683 2832 3752 prisca
2889 3692 2939 3737 et
2967 3683 3165 3753 insigni
3223 3683 3367 3752 apud
3421 3683 3642 3739 Juda'os

2508 3753 2920 3824 philosophandi
2952 3755 3178 3808 ratione.

2162 3863 2281 3920 Jam
2345 3881 2474 3922 vero
2505 3907 2521 3931 ,
2583 3880 2706 3936 qua:
2749 3874 3076 3934 sequuntur,
3104 3865 3158 3919 in
3198 3874 3397 3936 quarto
3435 3865 3642 3920 laudati

2065 3958 2246 4028 operis
2274 3957 2438 4023 libro,
2469 3958 2536 4012 de
2564 3957 2758 4012 iisdem
2787 3955 3128 4027 Porphyrius
3154 3956 3273 4026 ipse
3297 3971 3636 4012 commemo-

2063 4058 2170 4104 rat.
2197 4048 2422 4114 cEssazi,
2447 4049 2624 4117 inquit
2645 4049 2754 4115 ille,
2781 4056 2938 4118 gente
2963 4047 3183 4117 quidem
3215 4047 3389 4104 Judaei
3404 4059 3551 4116 sunt,
3583 4060 3642 4105 at

2065 4143 2259 4191 mutuo
2290 4150 2412 4190 sese
2442 4151 2629 4190 amore
2685 4150 2796 4204 pra:
2855 4135 3068 4190 caeteris
3097 4135 3358 4191 omnibus
3400 4138 3640 4207 comple-

2060 4236 2304 4283 ctuntur.
2336 4227 2383 4282 Α
2411 4226 2786 4296 voluptatibus
2826 4226 3126 4281 abhorrent
3175 4236 3435 4298 tanquam
3461 4244 3492 4283 a
3518 4244 3638 4284 sce-

2060 4321 2204 4386 lere;
2242 4319 2630 4374 continentiam
2687 4328 2740 4374 et
2800 4318 3158 4387 cupiditatum
3191 4319 3480 4375 victoriam
3523 4321 3639 4374 vir-

367 4415 610 4469 ϐάνουσι.
642 4413 753 4467 Kal.
793 4413 971 4484 γάμου
1013 4412 1113 4483 μὲν
1152 4412 1337 4475 αὐτοῖς
1374 4413 1645 4483 ὑπεροψία
1669 4429 1682 4442 ·
1730 4413 1856 4478 τοὺς
1901 4413 1948 4466 δ’

2068 4412 2188 4466 tutis
2218 4412 2338 4466 loco
2359 4411 2584 4466 ducunt.
2611 4409 2830 4481 Nuptiis
2855 4411 3131 4466 abstinent
3154 4410 3232 4465 illi
3261 4411 3634 4484 quidem,_sed

366 4507 676 4578 ἀλλοτρίους
709 4507 906 4570 παῖδας
936 4504 1390 4576 ἐκλαμϐάνοντες,
1421 4505 1664 4569 ἁπαλοὺς
1695 4505 1773 4558 ἔτι
1811 4506 1949 4578 πρὸς

2068 4504 2262 4559 ιιίοηοε
2313 4504 2536 4569 liberos,
2582 4503 2712 4557 dum
2761 4503 2828 4558 ad
2885 4503 3254 4573 capessendas
3312 4503 3631 4574 disciplinas

363 4599 434 4654 τὰ
477 4599 794 4671 μαθήματα,
840 4600 1123 4667 συγγενεῖς
1165 4594 1445 4668 ἡγοῦνται,
1490 4597 1586 4651 καὶ
1619 4599 1730 4660 τοῖς
1759 4596 1948 4668 ἤθεσιν

366 4693 572 4747 ἑαυτῶν
601 4691 890 4746 ἐντυποῦσι
909 4708 923 4722 ⁶
957 4691 1051 4745 τόν
1078 4707 1144 4760 γε
1165 4691 1342 4762 γάμον
1370 4689 1482 4762 (55)
1509 4690 1604 4744 καὶ
1635 4690 1734 4761 τὴν
1765 4689 1824 4758 ἐξ
1849 4691 1946 4744 αὐ-

434 4866 546 4938 (45)
572 4865 686 4938 Καί
710 4882 803 4938 τοι
844 4865 1017 4920 διότι.
1063 4862 1308 4919 Habetur
1331 4864 1422 4938 hic
1452 4863 1606 4919 locus
1633 4864 1945 4938 apudPor-

362 4935 536 5008 phyr.
557 4935 893 5008 Graeco-Lat:
931 4949 1108 5008 nuper
1139 4951 1328 5008 circus.
1355 4935 1488 5008 Ahoc_
1508 4943 1592 4989 est
1621 4950 1748 4990 ann.
1780 4937 1946 5008 1620,

362 5003 580 5073 lib'..u,
625 5022 749 5075 pag.
792 5005 926 5076 167;
956 5003 1106 5076 (alter
1143 5004 1400 5059 editionis
1449 5003 1650 5060 Graecae
1687 5021 1810 5076 pag.
1849 5007 1940 5062 27.

361 5075 562 5133 Vocem
613 5077 750 5130 διότι
810 5075 1075 5147 Porphyr.
1131 5082 1187 5130 et
1250 5089 1530 5130 manuscr.
1589 5075 1950 5148 expungunt,

360 5157 506 5202 recte
513 5189 526 5202 .

390 5163 542 5289 «(34%)
575 5219 1007 5274 Ζωοθυτοῦσιν.
1027 5214 1336 5289 _Porpl_i_yr.,
1364 5213 1698 5289 ζωοθυτοῦν,
1725 5225 1941 5289 utrum-

359 5284 465 5356 que
497 5284 659 5356 male,
693 5291 786 5346 sed
822 5291 924 5343 hoc
955 5287 1130 5358 pejus.
1154 5284 1579 5358 'Ni'hilo_melius
1604 5286 1940 5351 ξωοθυτούν-

357 5352 487 5424 των,
521 5352 666 5430 quod
704 5361 866 5414 habet
897 5352 990 5413 ali.
1020 5352 1320 5411 'manuscr.
1347 5352 1583 5425 Legend.
1619 5373 1749 5429 ergo
1776 5367 1940 5427 puta-

357 5430 528 5482 verim
563 5429 974 5482 ζωοθυτοῦντες.

357 5430 528 5484 verim
542 5429 551 5430 ί
563 5429 974 5494 ζωοθυτοῦντες.

422 5499 540 5572 (47)
564 5503 673 5572 -Τις
704 5501 960 5555 κελεύοι.
986 5497 1299 5572 _Porphy_r.,
1329 5495 1639 5572 κελεύοιεν,
1685 5496 1803 5572 sine
1849 5515 1936 5572 τις

359 5566 534 5625 recte.
563 5566 746 5625 Possit
777 5582 955 5624 tamen
983 5566 1207 5624 Eusebii
1223 5566 1382 5622 lectio
1412 5566 1658 5630 retineri,
1691 5568 1737 5621 si
1770 5569 1937 5622 modo

357 5638 490 5711 διότι
523 5641 667 5711 quod
695 5641 924 5695 habetur
945 5654 1107 5711 super
1127 5645 1368 5711 mutetur
1401 5637 1456 5691 in
1483 5635 1932 5711 ὡς,-νο1-ῶσπερ.

431 5705 560 5784 (48)
573 5713 655 5764 Οὐ
687 5711 799 5780 γὰρ
819 5705 1183 5778 ἑστιώμενοι.
1215 5707 1399 5778 Ignota
1435 5717 1488 5762 et
1519 5705 1654 5762 falsa
1691 5705 1936 5784 loquitur

359 5776 788 5851 Theophrastus.

671 5875 864 5935 Pun.
900 5872 1019 5934 (in.
1073 5869 1250 5931 XXI.

2049 4597 2243 4652 molles
2270 4595 2453 4650 adhuc
2478 4603 2532 4651 et
2564 4594 2830 4652 ﬂexibiles
2862 4595 2900 4650 ii
2933 4603 3083 4662 sunt,
3107 4595 3420 4653 educandos
3445 4610 3628 4651 suscr-

2047 4689 2224 4760 piunt,
2255 4703 2394 4758 quos
2420 4688 2644 4758 perinde
2670 4697 2729 4744 ut
2755 4689 3092 4759 propinquos
3117 4697 3172 4744 et
3199 4687 3386 4744 amnes
3403 4687 3624 4755 habent,

2118 4866 2228 4936 (49)
2262 4865 2372 4944 Τοῦ
2401 4865 2632 4944 δειιςοῦ,
2661 4875 2768 4921 etc.
2809 4861 2944 4922 Vide
2977 4881 3110 4944 num
3132 4862 3420 4944 Porphyrii
3456 4863 3624 4944 inter-

2045 4950 2194 5004 pres,
2229 4937 2364 4992 satis
2388 4952 2450 4990 ex
2478 4937 2596 5006 ejus
2629 4946 2809 4993 mente
2836 4938 3078 5002 verterit,
3107 4952 3170 4989 ne
3196 4937 3311 5006 quis
3340 4937 3622 5004 gravitatis

2046 5009 2284 5077 mysterii
2315 5007 2385 5060 sit
2419 5016 2703 5077 spectator.

2117 5072 2230 5148 (50)
2262 5077 2414 5144 Μηδ’
2440 5072 2493 5133 ὃ.
2524 5076 2816 5148 Porphyr.,
2850 5077 3002 5148 pho,
3034 5074 3179 5146 quod
3211 5072 3419 5128 malim.

2139 5147 2227 5214 5|)
2260 5149 2508 5201 Τούτων.
2535 5146 3060 5218 Ροιοριιγικητούτου.

2137 5211 2228 5284 52)
2270 5219 2405 5272 Εἰσὶ
2439 5211 2667 5282 τοίνυν,
2695 5211 3181 5284 εῖο.“Ρονρὴ)ἰ·ἰιιεί
3212 5213 3302 5284 lib.
3337 5227 3411 5274 IV.
3438 5227 3494 5282 p.
3526 5211 3617 5277 55,

2115 5234 2228 5288 (ὒῖ)
2270 5234 2405 5272 Εισι
2439 5234 2667 5282 τοίνυν,
2695 5234 2800 5271 etc.
2835 5234 3169 5338 rorgnvrtus
3213 5234 3302 5268 Ill).
3337 5234 3411 5274 Iv,
3440 5234 3494 5282 p.
3526 5234 3617 5277 at),

2041 5289 2170 5344 edit.
2198 5285 2418 5354 Graecae,
2442 5286 2846 5342 atGraeco-Lat.
2873 5287 2940 5340 58
2983 5275 3130 5338 .ﬂaec
3152 5283 3223 5354 de
3247 5283 3444 5338 Essaais
3469 5297 3620 5354 corn-

2042 5367 2308 5414 memorat
2335 5351 2412 5414 ex'
2442 5355 2713 5426 Josepho,
2744 5355 2884 5410 Belli
2915 5354 3136 5426 Iudaici
3171 5353 3266 5407 lib.
3305 5367 3344 5407 ιι
3363 5393 3381 5426 ε
3411 5367 3528 5426 cap.
3557 5351 3615 5426 _7,

2043 5429 2178 5485 alias
2212 5429 2302 5493 12,
2336 5429 2404 5484 de
2431 5421 2833 5497 quibuslonge
2865 5425 3083 5478 brevius
3113 5430 3315 5497 egerat,
3348 5421 3613 5492 Αηιίιιηέι.

2039 5501 2327 5621 (illinunt,
2357 5492 2476 5567 cap.
2505 5496 2560 5551 2.
2594 5493 2729 5551 Vide
2770 5492 2936 5565 supra
2977 5508 3100 5563 pag.
3146 5492 3250 5548 379
3302 5502 3356 5547 et
3401 5508 3516 5562 seq.
3547 5507 3616 5546 ex

2125 5584 2286 5621 none.

2085 5570 2286 5623 hilone.

2111 5639 2223 5709 (53)
2257 5637 2368 5691 Τόν
2413 5653 2480 5706 τε
2525 5633 2662 5706 τάμ.
2707 5632 2971 5706 Porphyr.
3009 5641 3066 5689 et
3105 5631 3354 5704 Joseph.,
3386 5630 3479 5686 τὸν
3513 5629 3616 5702 μὲν

2039 5709 2154 5777 γά.,
2189 5717 2353 5764 recte.

3120 5857 3198 5915 22
