4194 6424
525 285 629 343 685

1157 281 1430 339 EUSEBII
1474 280 1588 337 CAE‘.
1605 278 1973 336 SARIENSIS
2013 279 2168 335 OPP.
2208 279 2389 338 PARS
2426 279 2492 336 ll.
2533 309 2603 321 —
2639 277 3143 335 APOLOGETICA.

3689 279 3795 337 6&4

525 402 752 470 suisque
783 396 1028 453 moribus
1050 393 1368 450 instituunt.
1407 393 1587 463 Atque
1612 394 1717 449 hoc
1739 408 1846 448 non
1872 407 1938 447 eo
1965 407 2092 447 con-

2201 390 2296 444 τοῦ
2345 391 2593 465 διαδοχὴν
2642 391 2743 444 οῦκ
2785 389 3163 462 ἀναιροῦντες,
3204 389 3304 454 τὰς
3354 390 3410 444 δὲ
3449 391 3559 445 τῶν
3604 410 3796 462 γυναι-

525 495 652 549 silio
700 491 929 557 faciunt,
953 486 1113 560 quasi
1167 485 1604 550 matrimonium,
1661 501 1893 555 quaeque
1926 485 2100 553 ipsius

524 584 792 642 beneﬁcio
814 587 1163 652 pmpagatur,
1202 574 1446 630 sobolem
1509 590 1573 630 ac
1607 575 1982 647 posteritatem
2009 589 2103 628 ex-

525 677 868 734 terminatam
893 672 1083 736 velint,
1115 669 1210 725 sed
1253 676 1313 722 ut
1342 682 1627 738 procacem
1681 668 1972 723 mulierum
2004 681 2100 737 pe-

523 769 808 824 tulantiam
838 764 1118 833 effugiant.
1159 761 1387 817 Divitias
1447 752 1831 831 aspernantur,
1862 761 2104 815 admira-

522 861 617 918 bili
649 858 892 913 omnium
942 856 1086 910 inter
1137 870 1257 911 sese
1291 869 1475 910 rerum
1523 851 1685 924 405
1717 851 2103 907 communione

522 948 825 1019 conjuncti,
860 961 1035 1017 usque
1091 946 1249 1012 adeo,
1314 952 1376 999 ut
1422 943 1718 1009 neminem,
1751 942 1844 1011 qui
1867 940 2100 996 alterum

523 1041 800 1114 opulentia
839 1046 1078 1110 superet,
1116 1037 1363 1094 invenire
1389 1037 1588 1107 possis.
1621 1035 1730 1090 Lex
1767 1035 1914 1090 enim
1959 1035 2101 1105 apud

521 1136 644 1190 illos
676 1142 779 1199 est,
813 1142 873 1186 ut
894 1132 986 1201 qui
1010 1131 1116 1186 hoc
1131 1131 1256 1185 vita:
1291 1129 1600 1184 institutum
1635 1127 1877 1197 proﬁteri
1910 1127 2098 1192 velint,

521 1241 651 1282 suas
678 1224 715 1278 ii
748 1222 1035 1278 facultates
1064 1219 1132 1276 ad
1159 1235 1479 1276 communes
1502 1218 1807 1274 sodalitatis
1833 1218 2102 1272 universae

519 1316 765 1371 rationes
790 1313 1099 1381 conferant,
1125 1321 1288 1382 atque
1336 1313 1412 1366 ita
1453 1325 1552 1365 nec
1585 1309 1640 1363 in
1673 1323 1952 1378 quoquam
1985 1322 2102 1379 ege-

518 1408 679 1463 statis
706 1401 1010 1469 humilitas,
1036 1419 1140 1460 nec
1161 1403 1452 1459 immodica
1485 1403 1570 1457 vis
1617 1417 1780 1472 opum
1809 1417 1874 1457 ac
1927 1399 2099 1456 fortu-

518 1515 719 1555 narum
745 1506 1008 1569 appareat
1033 1514 1046 1549 :
1075 1495 1170 1552 sed
1198 1497 1386 1566 potius
1412 1493 1661 1552 confusis
1702 1510 1767 1551 ac
1811 1495 2100 1564 permixtis

519 1592 1018 1664 singuloruminter
1034 1605 1092 1646 se
1107 1589 1294 1656 rebus,
1320 1603 1428 1644 una
1470 1587 1715 1643 omnium
1741 1587 1811 1641 sit
1840 1597 2099 1655 tanquam

518 1684 753 1739 fratrum
794 1683 1097 1752 eademque
1151 1681 1451 1751 possessio.
1504 1677 1667 1733 Labis
1718 1677 1890 1732 instar
1915 1677 2100 1731 oleum

2203 479 2316 537 κῶν
2345 477 2457 556 (521)
2490 483 2779 552 ἀσελγείας
2826 478 3248 553 φυλαττόμενον
3288 485 3695 554 καταφρονηταὶ¹
3736 486 3793 539 δὲ

2205 570 2458 637 πλούτου,
2500 573 2598 626 καὶ
2639 569 2940 643 θαυμάσιον
2973 572 3103 644 παρ’
3146 573 3331 636 αὐτοῖς
3368 572 3429 625 τὸ
3454 575 3792 640 κοινωνικὸν,

2202 663 2311 716 οὐδ’
2340 663 2487 716 ἐστιν
2511 659 2690 735 εῦρεῖν
2713 664 2904 733 κτήσει
2921 663 3042 718 τινὰ
3069 666 3201 734 παρ’
3223 657 3405 728 αὐτοῖς
3435 666 3789 737 ὑπερέχοντα.

2202 754 2386 825 Νόμος
2424 753 2533 824 γὰρ
2564 755 2690 818 τοὺς
2729 756 2807 816 είς
2835 752 2934 824 τὴν
2967 753 3176 824 αἵρεσιν
3221 755 3486 819 εἰσιόντας
3533 757 3793 827 δημεύειν

2201 845 2281 918 τῷ
2313 847 2554 918 τάγματι
2583 848 2682 920 τὴν
2713 847 2924 913 οὐσίαν,
2955 847 3097 901 ὥστε
3131 850 3188 902 ἐν
3223 847 3396 901 ἅπασι
3430 850 3568 920 μήτε
3602 851 3791 915 πενίας

2201 940 2564 1012 ταπεινότητα
2592 941 2900 1009 φαίνεσθαι,
2931 942 3056 1013 μήθ’
3081 942 3352 1014 ὑπεροχὴν
3387 941 3619 996 πλούτου
3641 961 3655 976 ’
3681 945 3790 1001 τῶν

2201 1032 2259 1085 δὲ
2287 1031 2518 1084 ἑκάστου
2558 1031 2854 1102 κτημάτων
2899 1031 3386 1103 ἀναμεμιγμένων,
3438 1033 3568 1103 μίαν
3601 1033 3790 1108 ὥσπερ

2203 1123 2450 1192 ἀδελφοῖς
2481 1122 2685 1176 ἅπασιν
2711 1124 2900 1176 οὐσίαν
2939 1119 3098 1180 εἶναι.
3131 1124 3342 1196 Κηλίδα
3381 1125 3438 1180 δὲ
3472 1127 3790 1198 ὑπολαμϐά-

2202 1229 2354 1266 νουσι
2387 1211 2655 1276 τοῦλαιον,
2692 1212 2794 1266 κᾶν
2825 1213 3050 1286 ἀλειφθῇ
3101 1233 3182 1279 τις
3224 1216 3394 1280 ἄκων,
3428 1219 3697 1290 σμήχεται
3725 1220 3790 1274 τὸ

2204 1304 2380 1374 σῶμα.
2419 1302 2494 1354 Τὸ
2517 1301 2628 1374 γὰρ
2660 1304 2889 1374 αὐχμεῖν
2935 1307 2992 1357 ἑν
3024 1304 3174 1376 καλῷ
3205 1306 3465 1372 τίθενται,
3502 1307 3786 1382 λευχειμο-

2202 1399 2312 1449 νεῖν
2343 1413 2404 1449 τε
2431 1395 2518 1449 διὰ
2547 1397 2745 1461 παντός
2775 1397 2910 1469 (55).
2942 1396 3322 1470 Χειροτονητο).
3369 1401 3429 1453 δὲ
3456 1403 3564 1456 τῶν
3592 1405 3787 1460 κοινῶν

2201 1491 2251 1542 οἱ
2283 1489 2631 1560 ἐπιμεληταὶ,
2663 1489 2757 1542 καὶ
2789 1490 3085 1562 ἀδιαίρετοι
3117 1491 3254 1563 πρὸς
3426 1495 3678 1549 ἁπάντων
3704 1500 3788 1563 είς

2200 1581 2298 1644 τὰς
2327 1581 2514 1654 χρείας
2545 1583 2786 1636 ἕκαστοι.
2834 1583 2946 1637 Μία
2987 1584 3032 1636 δ’
3081 1586 3179 1637 οὐκ
3211 1586 3360 1640 ἑστιν
3403 1588 3582 1642 αὐτῶν
3609 1591 3783 1657 πόλις,

2201 1672 2315 1726 ἀλλ’
2346 1675 2403 1726 ἑν
2438 1673 2645 1747 ἑκάστῃ
2674 1675 2983 1745 μετοικοῦσι
3018 1675 3224 1739 πολλοὶ,
3256 1678 3485 1741 καὶτοῖς
3519 1680 3788 1751 ἑτέρωθεν

519 1774 742 1840 habent,
771 1788 881 1843 quo
908 1772 955 1827 si
978 1779 1176 1825 unctus
1207 1769 1349 1825 forte
1374 1769 1644 1839 quispiam
1673 1766 1878 1822 invitus
1903 1765 2092 1832 fuerit,

2197 1765 2423 1834 ἥκουσιν
2459 1767 2791 1836 αἱρετισταῖς
2823 1767 2934 1837 (57)
2967 1768 3343 1822 ἀναπέπταται
3365 1770 3434 1824 τὰ
3463 1773 3593 1841 παρ’
3625 1771 3788 1844 ἀλλή-

518 1881 722 1935 corpus
752 1863 803 1918 ei
829 1863 1116 1933 diligenter
1171 1859 1502 1929 abstergitur
1534 1876 1549 1913 :
1582 1858 1892 1928 squalorem
1949 1857 2095 1911 enim

518 1968 632 2006 non
663 1965 822 2006 secus
854 1965 920 2005 ac
953 1958 1277 2020 perpetuum
1309 1948 1556 2003 candida:
1589 1947 1759 2003 vestis
1809 1961 1969 2001 usum
1993 1947 2096 2001 ho-

519 2043 879 2098 noriducunt.
907 2041 1309 2098 Communihus
1337 2040 1612 2111 suffragiis
1641 2040 1951 2096 communis
1979 2056 2100 2110 pro-

519 2145 802 2192 curatores
858 2142 1067 2201 creant,
1133 2133 1396 2202 nulloque
1455 2132 1701 2186 omnium
1756 2131 2094 2200 discrimine,

518 2230 667 2300 quod
698 2229 893 2300 cuique
946 2243 1085 2298 opus
1113 2235 1219 2289 est,
1251 2225 1532 2297 aequaliter
1577 2226 1835 2295 suppetit.
1863 2223 1981 2280 Non
2040 2226 2096 2280 in

519 2322 783 2394 singulari
809 2320 1050 2392 quadam
1087 2320 1306 2375 civitate
1335 2317 1610 2382 universi,
1633 2317 1729 2373 sed
1778 2317 1833 2371 in
1867 2317 2098 2387 singulis

517 2413 740 2485 plurimi
774 2411 1112 2467 domicilium
1143 2410 1434 2476 collocant,
1472 2424 1536 2463 ac
1569 2407 1763 2478 procul
1809 2408 2100 2462 advenien-

517 2507 669 2561 tibus
701 2503 944 2576 ejusdem
969 2512 1131 2560 sectae
1165 2503 1331 2558 sociis
1362 2501 1594 2556 invicem
1642 2516 1707 2558 ac
1765 2509 1958 2556 mutuo
2001 2515 2098 2570 pa-

516 2605 637 2652 tent
660 2596 864 2659 omnia,
900 2605 1064 2665 atque
1089 2603 1150 2650 ut
1174 2595 1408 2665 quisque
1422 2593 1634 2664 primus
1658 2607 1754 2648 eos
1795 2592 2094 2662 aspexerit,

516 2687 627 2743 illis
656 2689 871 2742 obviam
920 2687 1181 2742 continuo
1205 2686 1431 2756 perinde
1481 2699 1546 2740 ac
1592 2684 1737 2739 notis
1767 2693 1824 2738 et
1862 2681 2096 2738 familia-

516 2784 673 2838 ribus
703 2783 1024 2854 procedunt.
1055 2780 1236 2849 Quare
1280 2781 1411 2836 dum
1442 2779 1546 2835 iter
1600 2793 1666 2834 ac
1701 2777 2093 2850 profectionem

517 2877 758 2947 aliquam
782 2875 1109 2947 suscipiunt,
1129 2874 1264 2928 nihil
1301 2888 1488 2929 secum
1533 2886 1898 2942 expensarum
1928 2886 2094 2927 causa

515 2967 729 3023 deferre
761 2967 958 3023 solent.
989 2965 1103 3020 lmo
1133 2980 1236 3020 nec
1269 2971 1478 3020 vestem
1531 2963 1813 3018 calceosve
1856 2971 2091 3027 mutant,

515 3059 690 3114 donec
732 3058 916 3129 priora
945 3057 1032 3112 vel
1061 3056 1291 3112 discissa
1326 3054 1551 3109 omnino
1594 3051 1821 3121 fuerint,
1858 3053 1942 3108 vel
1974 3053 2091 3123 ipsa

513 3160 785 3206 vetustate
834 3150 1062 3206 detrita:
1099 3155 1406 3202 necemunt
1456 3146 1598 3200 inter
1651 3160 1732 3213 se,
1783 3146 2093 3201 venduntve

514 3245 850 3314 quidquam,
881 3242 975 3297 sed
1012 3241 1148 3296 alter
1196 3255 1322 3295 cum
1370 3237 1544 3293 altero
1595 3238 1717 3296 suis
1767 3237 1836 3294 de
1905 3237 2091 3302 rebus,

512 3343 677 3408 prout
699 3351 837 3404 opus
866 3335 1050 3401 habet,
1095 3332 1496 3398 accommodat,
1537 3329 1891 3400 vicissimque
1913 3329 1982 3384 ab
2002 3344 2091 3394 eo,

513 3429 660 3499 quod
693 3429 797 3484 sibi
825 3426 948 3483 usui
971 3427 1065 3492 sit,
1089 3425 1289 3496 accipit
1324 3443 1339 3481 :
1371 3423 1465 3494 qui
1498 3421 1716 3477 tametsi
1738 3421 1874 3476 nihil
1901 3430 2094 3477 mutuo

513 3519 836 3590 rependant,
863 3533 960 3574 eos
992 3525 1198 3584 tamen,
1230 3532 1262 3571 a
1287 3515 1712 3585 quibuscunque
1736 3513 1925 3580 velint,
1945 3514 2092 3568 acci-

511 3626 642 3680 pere
670 3609 808 3664 nihil
843 3616 1008 3664 vetat.
1049 3607 1170 3663 Jam
1200 3625 1329 3663 vero
1361 3606 1639 3678 'singulari
1697 3620 1825 3676 erga
1875 3603 2090 3660 Numen

512 3702 716 3772 pietate
751 3714 816 3755 ac
834 3699 1098 3771 religione
1131 3707 1279 3755 sunt.
1334 3696 1481 3753 Nihil
1508 3698 1655 3753 enim
1707 3697 1923 3770 profani
1959 3707 2091 3754 ante

585 3849 696 3920 (54)
729 3849 840 3916 Τὰς
865 3849 934 3903 δὲ
962 3849 1082 3904 τῶν⁹
1103 3866 1261 3921 γυνη
1285 3857 1388 3904 etc.
1422 3849 1620 3921 lnterp.
1648 3847 1912 3921 Porphyr.
1945 3848 2090 3915 Quo-

510 3919 689 3987 circa,
739 3921 953 3991 inquit,
1011 3930 1070 3973 ut
1114 3919 1790 3991 'alienarumjeminarum
1837 3919 2089 3975 libidines

507 3988 1101 4062 concentu—excubias
1139 3999 1334 4060 agunt,
1365 3988 1516 4043 οὐδὲν
1538 3991 1695 4062 πρὸς
1731 3989 1881 4062 ἔπος.
1927 3991 2092 4046 Addit

510 4060 730 4130 Ioseph.
762 4062 829 4133 ad
854 4061 1112 4133 vituperii
1130 4062 1432 4133 cumulum,
1466 4061 1560 4112 καὶ
1597 4060 1871 4132 μηδεμίαν
1903 4065 2090 4133 τηρεῖν

509 4132 862 4203 πεπεισμένοι
890 4130 989 4202 τὴν
1023 4130 1158 4203 πρὸς
1185 4130 1282 4184 ἕνα
1299 4130 1507 4203 πίστιν.

583 4199 1144 4273 (55)’ᾼευχειλιονέῖν
1181 4217 1246 4254 τε
1287 4200 1385 4255 διὰ
1416 4202 1661 4267 παντός,
1708 4199 1881 4256 Velim
1919 4202 2088 4257 inter-

508 4271 1058 4397 pretemdPorphyrii,
1091 4286 1223 4326 num
1263 4273 1508 4328 auctoris
1550 4281 1786 4326 mentem
1828 4288 2090 4344 assequa-

509 4352 620 4397 tur.
647 4359 700 4396 νι
741 4358 850 4397 ere.

509 4352 620 4397 tur.
647 4343 850 4397 videre.

571 4383 1162 4537 ὲᾷ6)’ἳόιῖ’ἀδιαίρετοι
1188 4411 1357 4495 πρὸς,
1382 4422 1487 4468 etc.
1509 4411 1582 4465 Ita
1607 4427 1825 4477 omnes;
1854 4415 1946 4468 sed
1967 4430 2087 4471 meo

608 4498 736 4537 lCtO.
768 4483 830 4536 τὸ
875 4484 954 4537 είς
985 4483 1129 4537 quod
1179 4495 1446 4537 sequitur.
1492 4486 1908 4537 exuunnendum
1951 4495 2080 4537 est:

503 4481 736 4552 judicio,
768 4483 830 4536 τὸ
875 4484 954 4546 είς
985 4483 1129 4552 quod
1179 4487 1446 4552 sequitur,
1492 4486 1908 4552 expungendum
1951 4495 2080 4540 est:

508 4551 698 4625 Sicque
738 4551 1030 4625 ἀδιαίρετοι
1051 4593 1065 4616 ,
1101 4553 1186 4625 vel
1217 4551 1340 4625 eum
1380 4551 1711 4625 ἐπιμεληταί
1759 4554 2082 4625 praecedenti

507 4623 989 4694 conjungendu‘m,
1030 4623 1190 4692 quasi
1233 4623 1381 4679 dicat
1415 4641 1427 4676 :
1470 4623 1934 4694 Praesidesﬁillos
1991 4635 2086 4681 aut

507 4702 890 4763 procuratores
917 4694 1183 4764 singulos,
1219 4694 1366 4747 nullo
1393 4693 1716 4764 cujusquam
1744 4693 2081 4764 discrimine,

506 4762 752 4817 onmium
798 4762 1104 4833 necessitati
1153 4764 1463 4833 prospicere
1509 4779 1522 4813 :
1559 4762 1678 4824 vel,
1711 4762 1862 4833 quod
1892 4762 2081 4831 malui,

505 4835 574 4886 ad
605 4833 825 4886 ἕκαστοι
858 4832 1203 4888 referendum
1240 4852 1254 4887 :
1286 4832 1378 4888 est
1412 4840 1594 4886 autem
1627 4832 1885 4897 ἑκάστους
1911 4834 2084 4889 ἀδιαι-

507 4903 696 4975 ρέτους
742 4898 877 4956 εἶναι
908 4903 1063 4975 πρὸς
1112 4903 1368 4957 ἁπάντων
1398 4902 1610 4974 χρείας,
1645 4903 1896 4973 singulis,
1933 4906 2083 4961 nullo

506 4974 834 5043 eujusquam
890 4974 1236 5036 discrimine,
1296 4980 1444 5043 quod
1503 4975 1701 5041 cuique
1761 4988 1900 5043 opus
1963 4986 2079 5040 est,

505 5042 786 5112 aequaliter
820 5045 1172 5113 suppeditari.
1209 5042 1470 5108 Consule,
1508 5043 1556 5098 si
1601 5043 1808 5112 placet,
1857 5042 2082 5115 Iosephi

506 5124 560 5168 et
590 5114 869 5168 Pornhvrii
901 5116 1240 5168 interpretes.

506 5130 560 5168 Cl.
590 5130 869 5169 l’Ol‘DﬂVl‘ll
901 5130 1240 5169 interpretes.

590 5131 869 5184 rorpnyru
901 5131 1240 5183 interpretes.

577 5187 686 5256 (57)
722 5185 1109 5256 Αίρετισταῖς.
1142 5183 1364 5254 Joseph.
1394 5185 1635 5256 αἱρεταῖς
1655 5224 1668 5247 ,
1694 5183 1878 5256 minus
1911 5195 2080 5240 recte.

503 5254 766 5326 Porphyr.
796 5255 1161 5327 αἱρεσιώταις,
1189 5259 1334 5325 quod
1367 5254 1584 5327 probari
1614 5265 1812 5327 potest.
1846 5254 1952 5310 Sed
1983 5273 2078 5310 co—

503 5327 636 5397 gitet
665 5325 886 5394 interpr.
923 5327 1380 5394 quemadmodum
1415 5326 1517 5397 ista
1549 5325 1862 5397 reddiderit.

575 5397 685 5466 (58)
726 5396 1157 5450 Ἀνίιπέπταται
1192 5397 1266 5450 τὰ
1303 5396 1438 5463 παρ’
1471 5395 1783 5461 ἀλλήλοις.
1813 5397 1888 5466 Ita
1917 5397 2079 5451 etiam

500 5465 766 5537 Porphyr.
816 5469 881 5520 At
921 5466 1167 5536 Joseplt.,
1207 5468 1582 5522 ἀναπέπταται
1613 5467 1681 5518 τὰ
1726 5465 1855 5536 παρ’
1896 5466 2080 5530 αὐτοῖς

501 5536 699 5605 ὁμοίως
729 5536 915 5608 ὥσπερ
951 5538 1074 5608 ἴδια.

578 5607 686 5674 (59)
705 5608 832 5678 ΚαὶΔ
849 5605 900 5661 οἱ
925 5607 1160 5674 πρῶτον
1183 5607 1432 5678 ίδόιζτες.
1461 5606 1679 5677 Joscph.
1713 5605 1873 5678 longe
1899 5607 2074 5671 aliter,

503 5677 757 5748 καὶπρὸς
782 5675 874 5748 οὓς
899 5679 961 5728 ού
993 5679 1254 5748 πρότερον
1278 5675 1435 5731 εἶδον.

535 5822 539 5825 λ
575 5747 683 5808 (60)
715 5747 994 5802 Είσίιισιν
1025 5747 1105 5813 ὠς
1134 5750 1282 5813 πρὸς
1323 5747 1626 5818 συνήθεις.
1660 5748 1922 5820 Porphyr.
1959 5747 2074 5803 ίσα-

2201 1854 2312 1920 λοις
2353 1856 2487 1928 (58),
2522 1859 2615 1911 καὶ
2659 1860 2707 1911 οἱ
2760 1859 2975 1930 πρῶτον
3024 1860 3220 1924 ἰδόντες
3265 1861 3377 1932 (59)
3433 1864 3665 1918 είσίασιν
3709 1865 3787 1928 ὡς

2200 1948 2337 2020 πρὸς
2382 1949 2634 2020 συνήθεις
2678 1949 2814 2020 (60).
2857 1951 2949 2004 Διὺ
2993 1951 3145 2004 οὐδὲν
3177 1954 3620 2026 ἐπικομιζόμενοι
3669 1956 3784 2027 (61)

2198 2040 2570 2112 ἀποδημοῦσιν
2593 2042 2965 2114 ἀναλωμάτων
2987 2045 3168 2099 ἓνεκα.
3191 2045 3328 2099 Οῦτε
3356 2047 3412 2100 δὲ
3438 2049 3641 2118 ἐσθῆτα
3661 2049 3784 2105 οὔτε

2200 2132 2520 2204 ὑποδήματα
2569 2134 2880 2206 ἀμείϐουσι,
2936 2138 3066 2208 πρὶν
3112 2138 3474 2210 διαρραγῆναι
3519 2141 3784 2212 πρότερον

2198 2225 2568 2290 παντάπασιν,
2616 2227 2649 2299 ἢ
2701 2227 3080 2301 δαπανηθῆναι
3120 2231 3200 2302 τῷ
3241 2232 3420 2303 χρόνῳ
3469 2233 3619 2304 (62)·
3672 2235 3782 2288 οὐδ’

2198 2318 2532 2390 ἀγοράζουσι
2575 2319 2688 2390 (65)
2722 2339 2797 2386 τι,
2841 2323 2960 2376 οὐδὲ
3006 2323 3297 2389 πωλοῦσιν,
3333 2325 3468 2380 ἀλλὰ
3518 2327 3595 2398 τῷ
3646 2328 3782 2400 χρῄ-

2199 2409 2342 2475 ξοντι
2375 2411 2552 2474 διδοὺς
2581 2411 2812 2476 ἕκαστος
2859 2413 2928 2467 τὰ
2973 2417 3105 2486 παρ’
3147 2416 3342 2488 ἑαυτῷ,
3373 2417 3434 2470 τὸ
3472 2421 3601 2491 παρ’
3641 2421 3784 2473 ὲκεί-

2197 2519 2288 2555 νου
2324 2504 2595 2574 χρήσιμον
2637 2503 3075 2573 ἀντικομίζεταιο
3117 2507 3211 2560 καὶ
3259 2509 3428 2580 χωρὶς
3461 2514 3560 2577 τῆς
3613 2529 3783 2582 μετα-

2195 2591 2415 2656 δόσεως,
2449 2591 2745 2656 ἀκωλύτως
2772 2594 2882 2664 (64)
2926 2595 2959 2664 ἡ
2997 2596 3300 2666 μετάληψις
3333 2599 3516 2662 αὐτοῖς
3546 2603 3674 2673 παρ’
3705 2595 3783 2655 ὧν

2195 2682 2261 2736 ἂν
2292 2683 2536 2738 ἐθέλωσι.
2589 2685 2734 2754 Πρός
2769 2703 2832 2754 γε
2879 2687 2987 2756 μὴν
3022 2686 3084 2739 τὸ
3123 2688 3273 2742 Θεῖον
3325 2690 3468 2753 ἰδίως
3514 2691 3776 2757 εὐσεϐεῖς.

2195 2777 2334 2848 Πρὶν
2361 2777 2471 2850 γὰρ
2499 2780 2755 2849 ἀνασχεῖν
2785 2779 2877 2832 τὸν
2904 2779 3074 2850 ἥλιον,
3110 2780 3266 2832 οὐδὲν
3299 2780 3636 2851 φθέγγονται
3670 2785 3780 2837 τῶν

2197 2869 2460 2940 βεϐήλων,
2500 2871 2763 2943 πατρίους
2795 2871 2852 2925 δέ
2898 2889 3051 2936 τινας
3097 2874 3178 2937 είς
3222 2873 3383 2928 αὐτὸν
3431 2875 3594 2947 εὐχὰς
3642 2877 3779 2948 (65),

2194 2959 2384 3034 ὥσπερ
2432 2965 2766 3029 ἱκετεύοντες
2809 2965 3104 3020 ἀνατεῖλαι.
3139 2966 3296 3020 Μετά
3327 2967 3501 3022 ταῦτα
3535 2970 3670 3042 πρὸς
3713 2969 3781 3034 ἃς

2194 3055 2417 3110 ἕκαστοι
2450 3057 2646 3128 τέχνας
2690 3057 2889 3124 ἴσασιν,
2922 3059 3028 3112 ὑπὸ
3063 3058 3174 3113 τῶν
3217 3061 3559 3132 ἐπιμελητῶν
3598 3065 3784 3134 ἀφεῖν-

2193 3166 2304 3213 ται,
2334 3151 2430 3204 καὶ
2458 3151 2620 3223 μέχρι
2649 3150 2909 3223 πέμπτης
2930 3151 3076 3224 ὧρας
3100 3153 3469 3224 ἐργασάμενοι
3495 3156 3778 3220 συντόνως,

2195 3240 2388 3297 ἔπειτα
2415 3243 2576 3298 πάλιν
2601 3245 2682 3308 είς
2722 3243 2781 3298 ἓν
2826 3243 3169 3315 ἀθροίζονται
3223 3247 3442 3318 χωρίον,
3478 3247 3782 3321 ζωσάμενοί

2194 3349 2253 3386 τε
2281 3333 2683 3405 σκεπάσμασιν,
2710 3334 2883 3399 οὕτως
2905 3336 3259 3390 ἀπολούονται
3284 3339 3346 3390 τὸ
3375 3339 3532 3408 σῶμα
3555 3342 3781 3412 ψυχροῖς

2195 3420 2380 3476 Macr
2427 3426 2523 3478 καὶ
2569 3425 2706 3496 μετά
2748 3425 2953 3496 ταύτην
2997 3428 3096 3498 τὴν
3140 3429 3386 3494 ἀγνείαν,
3417 3433 3496 3493 είς
3530 3430 3662 3484 ἷδιον
3702 3431 3782 3484 οἴ-

2194 3533 2349 3587 κημα
2380 3519 2645 3582 συνίασιν,
2680 3521 2736 3572 ἑν
2776 3513 2820 3587 ᾧ
2863 3519 3054 3589 μηδενὶ
3088 3522 3198 3574 τῶν
3236 3521 3556 3592 ἑτεροδόξων
3595 3523 3777 3576 ἑπιτέ-

2191 3625 2432 3680 τραπται
2476 3609 2785 3681 παρελθεῖν.
2823 3611 2987 3662 Αὐτοὶ
3027 3610 3083 3663 δὲ
3117 3611 3370 3684 καθαροὶ,
3405 3612 3656 3687 καθάπερ
3697 3618 3778 3679 είς

2194 3699 2347 3769 ἂγιόν
2363 3700 2675 3772 τιτέμενος,
2702 3700 3098 3773 παραγίνονται
3121 3703 3182 3756 τὸ
3207 3703 3607 3776 δειπνητήριον.
3634 3707 3779 3761 Καθ-

2195 3871 2294 3927 σιν
2327 3853 2518 3927 ὥσπερ
2565 3854 2817 3927 συνήθεις
2846 3874 2860 3910 :
2892 3855 3037 3926 quod
3084 3855 3269 3912 minus
3310 3856 3504 3925 placet.
3551 3854 3773 3927 Joseph.

2192 3926 2424 4004 είσίασιν
2605 3925 3078 4004 συνηθεστάτουςρ
3115 3943 3236 3996 qua:
3285 3943 3408 4004 cum
3452 3925 3776 4004 praecedenti

2192 3997 2312 4066 ejus
2343 3995 2575 4066 lectio'ne
2601 3995 2802 4065 optime
2829 3995 3191 4062 conveniunt,
3226 4013 3291 4052 ac
3317 3998 3382 4052 de
3413 3998 3636 4052 advenis
3664 4016 3772 4052 non

2190 4065 2258 4120 de
2317 4065 2713 4136 excipientibus
2776 4067 3053 4122 dicuntur.
3105 4067 3417 4136 Eusebiana
3457 4067 3616 4122 lectio
3663 4085 3772 4123 non

2190 4134 2463 4218 displicet,
2494 4135 2540 4190 si
2571 4137 2734 4191 modo
2753 4137 2984 4192 εἰσίασιν
3018 4146 3257 4194 mutetur
3284 4138 3338 4191 in
3372 4134 3596 4202 ἐξίασιν,
3624 4138 3775 4193 claro

2190 4221 2589 4276 perspicuoque
2617 4222 2804 4261 sensu.

2226 4345 2240 4358 _
2262 4276 2372 4358 (61)
2405 4276 2712 4358 Διὸ-οιὺδὲνις
2743 4278 3232 4358 ἐπικρμιζόμεξνοι,
3273 4287 3374 4358 et_c.
3401 4274 3622 4358 Ioseph.
3657 4277 3773 4358 hare

2189 4345 2436 4417 pluribus
2463 4347 2588 4400 :Atb
2620 4347 2714 4401 καὶ
2757 4345 3164 4410 ποιοῦνταιῖτὰς
3199 4345 3545 4417 ἀποδημίας,
3574 4348 3770 4417 inquit,

2189 4416 2341 4489 οὐδὲν
2373 4415 2472 4487 μὲν
2502 4418 3134 4489 ὄλωςλὲπικομιζόμενοι,
3163 4417 3250 4489 διά
3281 4416 3337 4469 δὲ
3360 4415 3510 4479 τοὺς
3541 4415 3770 4489 λῃστὰς,

2120 4469 2164 4525 D
2189 4469 2420 4570 ένοπλόι·
2455 4469 2889 4570 κηδεμῲῇ
3161 4469 3314 4538 πόλει
3347 4469 3470 4570 sou"

2187 4555 2460 4629 ἐξαίρετος
2489 4547 2606 4611 τῶν
2631 4557 2796 4624 ξένων
2821 4547 3221 4629 ἀποδείκνύται,
3259 4557 3533 4629 ταμιεύων
3569 4547 3771 4629 ἑσθῆτά

2186 4629 2280 4680 καὶ
2314 4626 2399 4712 κτὰ
2445 4629 2746 4712 ἑπιτήδεια.
2778 4628 3099 4712 Ιςαταστολὴ
3141 4627 3199 4712 δὲ
3231 4626 3340 4679 καί
3367 4628 3551 4712 σχῆμα
3582 4626 3769 4698 σώμα-

2185 4714 2294 4769 τος,
2330 4698 2514 4769 ὅμοιον
2543 4697 2655 4769 τοῖς
2687 4698 2826 4769 μετὰ
2872 4699 3036 4767 φόϐου
3070 4697 3606 4768 παιδαγωγουμένοις
3648 4697 3772 4751 παι-

2187 4768 2291 4820 σίν.
2318 4768 2454 4838 φύτε
2483 4768 2540 4838 δὲ
2567 4768 2823 4838 ἐσθῆτας,
2854 4779 2958 4822 etc.

2257 4836 2371 4908 (62)
2391 4839 2470 4893 "H
2493 4832 2914 4906 ὃαπανῖηθῆναι
2949 4832 3030 4900 τῷ
3057 4839 3274 4905 χρόνῳ.
3301 4835 3504 4908 lnterp.
3539 4836 3768 4908 Porph.,

2184 4908 2263 4961 vel
2291 4918 2526 4977 tempore
2553 4921 2822 4977 sumptum
2859 4909 3096 4977 fecerint.

2256 4975 2368 5044 (63)
2389 4975 2524 5029 Οὐδ’
2540 4975 2916 5046 ἀγοράζουσι,
2935 4986 3040 5031 etc.
3056 4976 3324 5046 Josephus
3348 4979 3460 5030 haec
3476 4977 3548 5030 ita
3567 4978 3770 5032 clarius

2183 5047 2423 5118 οὐδὲν-ἑν
2452 5045 2701 5117 ἀλλήλοις
2732 5046 2856 5118 οὔτε
2902 5045 3283 5118 ἀγοράζουσιν,
3318 5045 3442 5100 οὕτε
3474 5047 3764 5100 πωλοῦσιν.

2196 5188 2208 5199 ·
2256 5116 2370 5202 (ﬁll)
2408 5116 2764 5202 Ἀκωλιξτως.
2810 5116 3056 5188 Ιοδοριιη
3098 5117 3365 5188 Porphyr.
3400 5127 3455 5172 et
3491 5134 3766 5174 manuscr.

2185 5197 2478 5249 ἀκώλυτος,
2516 5197 2681 5242 recte.

2255 5257 2367 5327 (65)
2393 5259 2498 5322 Εἰς
2519 5258 2706 5310 αὐτὸν
2734 5256 2938 5327 εὐχάς.
2968 5257 3023 5311 Si
3052 5257 3387 5329 Porphyrius
3411 5257 3499 5312 hic
3527 5273 3622 5326 per
3648 5272 3769 5329 sese

2183 5327 2518 5396 loqueretur,
2552 5329 2687 5381 nihil
2722 5329 2777 5380 in
2810 5338 2999 5382 nostra
3036 5327 3286 5383 versione
3323 5339 3591 5381 mutarem
3625 5343 3638 5378 :
3674 5328 3769 5382 sed

2182 5395 2442 5466 quoniam
2470 5395 2692 5466 Josephi
2721 5398 2884 5452 verba
2915 5407 3062 5463 sunt,
3112 5399 3366 5453 credibile
3410 5413 3516 5450 non
3548 5407 3630 5451 est
3667 5398 3769 5451 hoc

2181 5482 2305 5539 cum
2353 5467 2468 5522 suis
2519 5468 2623 5522 illis
2675 5467 2938 5532 Essenis,
2987 5478 3248 5539 tanquam
3297 5467 3769 5539 egregium_vera:

2182 5537 2400 5609 pietatis
2457 5548 2874 5609 argumentum,
2935 5537 3614 5609 Iaudi’tribuereLquod
3661 5539 3766 5609 soli

2183 5608 2343 5679 paulo
2374 5618 2501 5662 ante
2530 5607 2712 5662 ortum
2739 5622 2927 5678 preces
2956 5618 3355 5679 nuncuparent.
3372 5607 3568 5679 _Malim
3589 5607 3768 5679 igitur

2180 5677 2344 5748 εὐχάς
2368 5680 2446 5740 είς
2469 5679 2558 5731 τὸν
2582 5677 2769 5732 ’Ἥλιον
2796 5681 3061 5748 accipere,
3093 5677 3199 5732 non
3228 5695 3350 5748 qua;
3367 5677 3499 5741 Soli,
3520 5677 3600 5730 vel
3624 5677 3768 5734 Solis

2181 5749 2237 5804 in
2269 5753 2553 5818 honorem,
2586 5750 2680 5807 sed
2705 5766 2825 5821 quae
2858 5749 3002 5810 Solis
3033 5765 3204 5808 causa
3233 5758 3637 5822 nuncupentur.
