4194 6416
397 329 504 388 ϐίξό

1603 319 1927 376 PRASPAR.
1971 316 2220 374 EVANG.
2265 317 2393 371 LIB.
2433 314 2523 371 IX.

3555 313 3657 368 685

399 444 664 501 εσθέντων
703 441 762 494 δὲ
804 440 923 510 μεθ’
955 440 1205 511 ἡσυχίας,
1233 441 1262 492 ό
1307 438 1403 510 μὲν
1439 436 1706 498 σιτοποιὸς
1735 437 1795 486 ὲν
1832 433 1980 497 τάξει

2090 429 2218 484 solis
2240 435 2422 483 ortum
2459 395 2778 495 loquuntur,
2820 422 2913 478 sed
2943 418 3431 493 patrias'quasdam
3456 424 3505 479 ei
3532 441 3656 494 pre-

400 541 764 612 παρατίθησιν
792 538 1012 610 ἄρτους,
1036 540 1064 591 ό
1083 538 1138 591 δέ
1169 536 1429 607 μάγειρος
1460 532 1517 585 ἓν
1540 533 1759 600 ἀγγεῖον
1782 530 1840 596 ἐξ
1864 530 1983 592 ἐνὸς

400 632 692 701 ἐδέσματος
719 631 934 701 ἐκάστῳ
955 647 969 660 ο
1014 628 1456 700 προκατάρχεται
1498 625 1555 678 δέ
1583 624 1718 693 (65‘)
1741 625 1768 675 ὁ
1805 623 1982 694 ἱερεὺς

397 721 497 792 τῆς
523 721 728 793 τροφῆς
758 721 928 790 ἁγνῆς
951 705 1116 789 οὔσης
1141 719 1234 772 καὶ
1259 716 1505 788 καθαρᾶς
1541 715 1656 784 (καὶ
1678 712 1979 782 γεύσασθαί

398 831 520 868 τινα
567 812 696 884 πρὶν
737 812 834 883 τῆς
873 813 1037 883 εὐχῆς
1076 811 1356 882 ἀθέμιτον)
1379 826 1390 838 ·
1421 806 1983 879 ἀριστοποιησάμενος

398 905 456 958 δέ
492 905 779 976 ἐπεύχεται
823 906 1040 976 μᾶλλον,
1092 903 1382 976 ἀρχόμενοί
1429 921 1488 955 τε
1547 902 1640 956 καὶ
1689 900 1982 970 παυόμενοι

401 996 716 1068 γεραίρουσι
748 996 840 1050 τὸν
885 997 1038 1051 Θεόν.
1072 996 1283 1050 Ἔπειθ’
1315 996 1390 1059 ὡς
1427 994 1580 1066 ἱεράς
1622 991 1982 1062 καταθέμενοι

400 1088 498 1151 τάς
529 1089 782 1159 ἐσθῆτας,
814 1090 972 1144 πάλιν
999 1091 1082 1142 ἐπ’
1112 1089 1247 1159 ἔργα
1271 1088 1562 1158 τρέπονται
1591 1086 1750 1158 μέχρι
1782 1085 1980 1156 δείλης.

401 1180 686 1233 Δειπνοῦσι
733 1181 779 1234 δ’
821 1179 1258 1251 ὑποστρέψαντες
1301 1179 1523 1249 ὁμοίως,
1573 1175 1982 1246 συγκαθεζομέ-

401 1287 506 1322 νων
535 1270 645 1322 τῶν
679 1269 862 1335 ξένων,
901 1271 951 1323 οἳ
976 1269 1186 1340 τύχοιεν
1220 1271 1402 1332 αὐτοῖς
1433 1268 1717 1340 παρόντες.
1755 1267 1892 1321 Οῦτε
1917 1268 1975 1320 δὲ

403 1363 614 1434 κραυγή
648 1380 779 1416 ποτε
807 1363 898 1416 τὸν
926 1358 1072 1416 οἷκον
1116 1360 1240 1415 οὔτε
1276 1360 1502 1432 θόρυϐος
1529 1359 1763 1430 μιαίνει·
1793 1359 1891 1421 τὰς
1923 1360 1980 1412 δὲ

402 1455 592 1518 λαλιὰς
637 1457 694 1508 ἐν
742 1455 894 1520 τάξει
947 1454 1366 1526 παραχωροῦσιν
1405 1453 1682 1524 ἀλλήλοις,
1733 1452 1826 1506 καὶ
1866 1455 1979 1516 τοῖς

404 1547 597 1612 ἔξωθεν
629 1547 704 1610 ὡς
739 1549 1033 1619 μυστήριόν
1063 1565 1115 1600 τι
1145 1547 1370 1619 φρικτὸν
1408 1547 1442 1616 ή
1471 1545 1579 1598 τῶν
1611 1545 1759 1598 ἔνδον
1801 1544 1978 1614 σιωπὴ

401 1639 812 1707 καταφαίνεται.
858 1639 1056 1692 Τούτου
1103 1640 1160 1692 δὲ
1202 1639 1370 1691 αἴτιον
1415 1639 1449 1707 ἡ
1501 1635 1752 1706 διηνεκὴς
1795 1635 1977 1706 νῆψις,

402 1735 495 1786 καὶ
521 1734 580 1785 τὸ
611 1732 921 1804 μετρεῖσθαι
951 1734 1080 1803 παρ’
1113 1732 1294 1793 αὐτοῖς
1323 1728 1527 1801 τροφὴν
1559 1729 1654 1781 καὶ
1687 1726 1851 1780 ποτὸν
1884 1726 1978 1796 μέ-

402 1842 492 1895 χρι
525 1825 688 1895 κόρου
725 1824 856 1893 (66).
883 1826 1008 1889 Τοῖς
1036 1824 1093 1876 δὲ
1127 1822 1350 1894 ζηλοῦσι
1375 1822 1472 1894 τὴν
1498 1821 1709 1891 αἵρεσιν
1739 1820 1841 1872 οῦκ
1886 1819 1977 1871 εύ-

403 1914 498 1978 05;
529 1918 562 1986 ἡ
598 1915 849 1986 πάροδος,
894 1916 1008 1968 ἀλλ’
1055 1918 1141 1968 ἐπ’
1178 1915 1421 1968 ἐνιαυτὸν
1453 1913 1572 1977 ἔξω
1618 1912 1832 1983 μένοντι
1881 1913 1979 1983 τὴν

403 2007 574 2077 αὐτὴν
618 2005 960 2060 ὑποτίθενται
1004 2007 1233 2070 δίαιταν,
1270 2005 1546 2077 ἀξινάριόν
1590 2022 1649 2057 τε
1692 2005 1786 2058 καὶ
1829 2003 1982 2075 περί-

403 2099 560 2170 ζωμα
609 2099 816 2164 δόντες,
865 2099 960 2152 καὶ
1004 2099 1203 2170 λευκὴν
1250 2099 1472 2162 ἐσθῆτα.
1526 2095 1776 2150 Ἐπειδὰν
1820 2095 1876 2148 δέ
1923 2097 1981 2148 ὲν

402 2192 577 2263 τούτῳ
700 2193 875 2262 χρόνῳ
906 2195 1097 2263 πεῖραν
1133 2191 1458 2262 ἐγκρατείας
1479 2189 1576 2260 δῷ,
1605 2189 1852 2261 πρόσεισι
1885 2188 1982 2257 μὲν

404 2285 586 2354 ἔγγιον
610 2288 675 2357 τῇ
703 2285 904 2358 διαίτῃ,
939 2285 1032 2338 καὶ
1052 2283 1434 2355 καθαρώτερον
1463 2282 1570 2336 τῶν
1593 2282 1730 2353 πρὸς
1759 2279 1982 2348 ἁγνείαν

406 2379 608 2432 ὑδάτων
652 2377 1092 2449 μεταλαμϐάνει·
1130 2374 1614 2447 παραλαμϐάνεται
1665 2372 1722 2426 δὲ
1762 2374 1843 2435 είς
1884 2371 1983 2435 τὰς

407 2467 738 2539 συμϐιώσεις
781 2470 1030 2522 οὐδέπω·
1078 2467 1215 2540 μετά
1265 2467 1374 2538 γάρ
1412 2466 1512 2538 τήν
1543 2466 1642 2536 τῆς
1687 2462 1983 2534 καρτερίας

405 2565 662 2632 ἐπίδειξιν
705 2566 856 2619 δυσὶν
901 2565 1079 2628 ἄλλοις
1123 2563 1268 2616 ἔτεσι
1319 2562 1381 2616 τὸ
1426 2557 1558 2632 ἦθος
1605 2557 1981 2629 δοκιμάζεται,

407 2656 500 2708 καὶ
543 2655 729 2723 φανεὶς
760 2656 927 2722 ἄξιος,
963 2655 1135 2718 οὕτως
1179 2657 1258 2717 είς
1299 2653 1391 2706 τὸν
1436 2650 1622 2723 ὅμιλον
1648 2649 1979 2721 ἐγκρίνεται.

408 2749 542 2818 Πρὶν
575 2748 629 2801 δὲ
657 2749 754 2818 τῆς
792 2749 978 2818 κοινῆς
1019 2747 1256 2816 ἅψασθαι
1300 2745 1529 2818 τροφῆς,
1574 2745 1768 2816 ὅρκους
1803 2744 1986 2806 αὐτοῖς

405 2840 598 2908 ὄμνυσι
629 2838 919 2911 φρικώδεις
942 2857 955 2871 ο
985 2837 1201 2910 πρῶτον
1249 2839 1345 2908 μὲν
1378 2837 1694 2907 εὐσεϐήσειν
1725 2835 1785 2888 τὸ
1810 2835 1982 2899 Θεῖον,

405 2932 595 2985 ἔπειτα
617 2931 685 2983 τά
715 2931 849 3000 πρὸς
874 2930 1194 3001 ἀνθρώπους
1213 2929 1398 2982 δίκαια
1425 2929 1701 2998 φυλάξειν,
1729 2929 1823 2980 καὶ
1849 2928 1985 2997 μήτε

403 3031 546 3083 κατά
592 3029 816 3098 γνώμην
860 3025 1080 3097 βλάψειν
1122 3026 1264 3089 τινὰ,
1317 3027 1438 3096 μήτ’
1478 3022 1538 3086 ἐξ
1586 3023 1981 3090 ἐπιτάγματος,

2085 537 2176 576 ces
2207 527 2546 588 nuncupant,
2571 516 2728 587 quasi
2747 527 2806 569 ut
2830 514 3111 571 illucescat
3133 516 3487 571 obsecrando.
3516 515 3653 570 Tum

2085 615 2152 667 ad
2181 628 2323 678 eam,
2347 627 2510 682 quam
2534 610 2767 680 quisque
2796 609 2965 675 novit,
3000 617 3176 662 artem
3207 608 3497 676 prasidum
3535 625 3655 664 sese

2078 707 2236 777 jussu
2273 704 2584 769 con-ferunt,
2622 703 2678 756 in
2734 715 2842 770 qua
2889 711 3150 772 perpetuo
3177 711 3231 756 et
3259 702 3557 756 continenti
3586 702 3651 755 ad

2084 797 2328 865 quintam
2359 796 2551 850 horam
2601 793 2788 849 labore
2837 794 3060 859 versati,
3113 793 3364 848 eumdem
3401 793 3564 847 simul
3598 794 3655 846 in

2083 887 2265 940 locum
2297 886 2476 940 denuo
2501 885 2856 950 conveniunt,
2888 901 2954 939 ac
2980 884 3139 938 lineis
3164 883 3438 952 praecincti
3462 881 3655 952 frigida

2084 995 2282 1048 corpus
2301 979 2547 1042 abluunt,
2573 993 2812 1046 moxque
2836 978 2904 1031 ab
2921 993 2982 1031 ea
3003 975 3343 1042 lustratione,
3370 976 3652 1044 proprium

2086 1072 2140 1125 in
2171 1072 2530 1135 domicilium,
2563 1086 2672 1140 quo
2728 1071 2958 1124 alterius
3011 1076 3172 1123 sectae.
3216 1067 3420 1123 nemini
3458 1068 3654 1136 pedem

2084 1162 2284 1219 inferre
2310 1165 2457 1229 licet,
2499 1179 2607 1217 una
2642 1177 2833 1217 omnes
2858 1161 3157 1224 conﬂuunt,
3189 1170 3353 1229 atque
3408 1161 3476 1214 ab
3503 1162 3653 1214 omni
3715 1147 3729 1158 ’

2083 1255 2204 1310 labe
2235 1255 2380 1324 puri,
2413 1271 2522 1310 non
2557 1255 2712 1309 aliter
2757 1253 2810 1307 in
2843 1252 3126 1308 ccenaculo
3155 1267 3318 1320 quam
3348 1252 3402 1305 in
3425 1250 3655 1305 delubro

2085 1347 2355 1401 sanctiore
2387 1355 2695 1400 versantur.
2731 1343 2829 1398 His
2860 1358 2990 1414 ergo
3016 1343 3224 1412 placide
3245 1359 3308 1398 ac
3341 1343 3524 1411 quiete
3560 1357 3652 1397 se-

2083 1436 2352 1500 dentibus,
2380 1452 2548 1506 panes
2603 1451 2634 1489 a
2682 1437 2909 1504 pistore,
2963 1447 3242 1502 unumque
3304 1433 3533 1502 singulis
3585 1448 3650 1487 ex

2083 1528 2270 1581 eodem
2315 1527 2436 1582 cibo
2481 1526 2747 1582 ferculum
2783 1542 2813 1580 a
2849 1539 3026 1594 coquo
3081 1539 3189 1578 non
3231 1523 3350 1578 sine
3379 1524 3576 1580 decore
3601 1533 3656 1579 et

2084 1620 2272 1674 ordine
2298 1621 2606 1690 apponitur.
2629 1619 2796 1674 Cibos
2823 1629 3004 1673 autem
3032 1629 3201 1686 puros
3226 1615 3353 1672 licet
3393 1633 3459 1672 ac
3488 1634 3654 1673 mun-

2083 1711 2202 1776 dos,
2253 1712 2420 1765 certis
2445 1711 2698 1780 precibus
2753 1713 3007 1767 sacerdos
3060 1721 3185 1766 ante
3214 1719 3500 1766 consecrat
3530 1714 3655 1780 (nec

2084 1802 2178 1854 ulli
2210 1801 2319 1857 nisi
2379 1802 2662 1871 praemissa
2713 1802 3025 1870 precatione
3084 1802 3381 1871 quidquam
3434 1808 3655 1871 gustare

2084 1893 2165 1947 fas
2185 1893 2310 1963 est),
2342 1892 2594 1963 idemque
2624 1895 2870 1948 confecto
2910 1893 3141 1963 prandio
3188 1893 3402 1948 cunctis
3450 1893 3651 1946 iterum

2083 1987 2219 2042 bene
2235 1996 2505 2057 precatur,
2529 1988 2715 2057 sicque
2744 1996 2854 2041 tam
2882 1989 2984 2042 sub
3025 1987 3188 2041 ﬁnem
3221 2001 3383 2056 quam
3408 1985 3510 2040 sub
3545 1984 3653 2038 ini-

2082 2079 2240 2144 tium,
2278 2077 2390 2133 Deo
2416 2079 2620 2133 cultum
2673 2078 2838 2150 406
2881 2079 3257 2148 honoremque
3313 2075 3652 2146 persolvunt.

2082 2170 2231 2235 Inde,
2267 2171 2617 2241 sacrisquasi
2667 2172 2912 2226 vestibus
2967 2169 3180 2239 positis,
3239 2183 3461 2223 rursum
3516 2179 3656 2235 opus

2084 2266 2318 2334 quisque
2347 2279 2507 2319 suum
2535 2263 2605 2318 ad
2638 2277 2919 2332 vesperam
2951 2276 3125 2330 usque
3141 2260 3355 2329 repetit,
3377 2273 3488 2329 quo
3518 2268 3658 2313 tem-

2085 2372 2219 2426 pore
2247 2371 2460 2412 coenam
2491 2354 2709 2417 eodem,
2765 2368 2875 2423 quo
2918 2351 3228 2421 prandium,
3256 2351 3366 2405 ritu
3407 2359 3654 2414 sumunt,

2085 2447 2496 2504 considentibus
2529 2445 2693 2500 simul
2735 2443 3060 2514 hospitibus,
3093 2441 3140 2496 si
3176 2440 3270 2510 qui
3303 2439 3442 2494 forte
3494 2439 3660 2494 adve-

2087 2542 2287 2596 nerint.
2309 2539 2579 2595 Caeterum
2610 2537 2759 2592 nullo
2803 2551 3044 2606 unquam
3090 2535 3233 2591 :edes
3278 2542 3374 2588 aut
3417 2533 3660 2589 clamore

2088 2643 2182 2689 aut
2203 2633 2433 2702 strepitu
2455 2631 2796 2701 poli-nuntur,
2825 2629 2919 2684 sed
2949 2628 3073 2682 aliis
3101 2627 3195 2681 alii
3219 2626 3462 2681 modeste
3494 2634 3659 2693 atque

2088 2725 2280 2780 ordine
2315 2725 2573 2794 loquendi
2608 2723 2790 2776 locum
2840 2719 3061 2784 cedunt,
3102 2719 3348 2787 adeoque
3379 2717 3657 2779 omnibus,

2089 2822 2182 2888 qui
2215 2815 2348 2871 foris
2382 2816 2512 2870 illuc
2560 2813 2876 2877 adveniunt,
2917 2810 3176 2865 horrendi
3211 2809 3386 2864 instar
3415 2806 3662 2878 mysterii

2088 2924 2300 2968 eorum,
2333 2907 2424 2977 qui
2458 2906 2653 2960 domus
2705 2904 2866 2959 istius
2901 2901 3070 2970 septis
3099 2900 3469 2964 continentur,
3502 2898 3662 2952 silen-

2092 3001 2224 3052 tium
2249 3005 2333 3053 est
2358 3015 2371 3050 :
2396 2995 2552 3065 cujus
2586 3009 2718 3049 sane
2755 3007 2921 3048 causa
2949 2998 3029 3045 est
3056 2996 3312 3058 perpetua
3343 2986 3659 3041 continens-

407 3123 661 3194 μισήσειν
684 3121 726 3173 δ’
762 3119 848 3172 ἀεὶ
875 3119 1001 3181 τοὺς
1043 3118 1279 3179 ἀδίκους,
1314 3117 1407 3168 καὶ
1442 3113 1840 3166 συναδικεῖσθαι
1871 3114 1983 3175 τοῖς

2091 3105 2198 3160 que
2259 3088 2563 3158 frugalitas,
2615 3100 2722 3156 qua
2764 3086 2863 3149 tit,
2920 3092 2980 3137 ttt
3030 3081 3212 3136 cibum
3261 3089 3422 3148 atque
3470 3086 3663 3147 potum

2091 3183 2103 3194 .
2184 3189 2194 3194 -
2485 3181 2519 3194 .-
2669 3177 2711 3194 ιν
2767 3191 2779 3194 -
2822 3175 3112 3194 suum.“
3193 3170 3362 3194 ηλ-,λ
3412 3169 3572 3194 ι,,,ε,,,,
3604 3169 3658 3194 ι..

401 3213 663 3276 δικαίοις·
697 3212 758 3264 τὸ
789 3211 980 3263 πιστὸν
1022 3211 1156 3263 πᾶσι
1211 3209 1308 3279 μὲν
1349 3205 1626 3277 παρέξειν,
1666 3203 1897 3274 μάλιστα
1928 3202 1985 3255 δέ

402 3309 517 3368 τοῖς
551 3301 870 3375 κρατοῦσιν·
901 3304 961 3355 ού
993 3302 1101 3372 γὰρ
1126 3301 1246 3371 δίχα
1278 3298 1413 3352 Θεοῦ
1446 3295 1855 3368 περιγίγνεσθαί
1878 3311 1984 3348 τινι

403 3398 467 3450 τδ
509 3397 715 3466 ἄρχειν.
754 3395 872 3448 Κᾶν
908 3395 1069 3456 αὐτὸς
1101 3393 1263 3464 ἄρχῃ,
1303 3388 1658 3462 μηδεπώποτε
1705 3387 1985 3460 ἐξυϐρίσαι

407 3489 488 3549 εἰς
520 3486 616 3556 τὴν
650 3483 918 3550 ἐξουσίαν,
953 3483 1087 3554 μηδέ
1121 3481 1328 3552 ἐσθῆτι,
1370 3480 1404 3550 ἦ
1433 3496 1540 3532 τινι
1571 3477 1754 3531 πλέονι
1797 3477 1986 3547 κόσμῳ

406 3581 534 3642 τοὺς
565 3577 1034 3648 ὑποτεταγμένους
1081 3572 1653 3645 ὑπερλαμπρύνεσθαι.
1713 3571 1824 3642 Τὴν
1857 3570 1988 3641 ἀλή-

409 3671 558 3725 θειαν
600 3672 818 3741 ἀγαπᾷν
857 3670 965 3733 ἀεὶ,
1000 3669 1094 3722 καὶ
1130 3667 1257 3730 τοὺς
1295 3665 1659 3736 ψευδομένους
1689 3662 1988 3717 ἀποϐάλλε-

412 3763 566 3815 σθαι·
603 3765 792 3834 χεῖρας
821 3759 1027 3829 κλοπῆς
1059 3758 1155 3812 καὶ
1183 3757 1362 3828 ψυχὴν
1392 3756 1605 3810 ἀνοσίου
1639 3755 1865 3826 κέρδους
1899 3771 1990 3807 κα-

409 3853 581 3925 θαρὰν
625 3851 902 3921 φυλάξειν,
955 3851 1050 3904 καὶ
1090 3851 1225 3922 μήτε
1260 3849 1490 3922 κρύψειν
1528 3865 1581 3900 τι
1622 3848 1748 3910 τοὺς
1794 3849 1992 3918 αίρετι-

413 3944 562 4006 στὰς,
601 3941 726 4012 μήθ’
776 3941 983 4010 ἑτέροις
1029 3937 1206 3991 αὐτῶν
1244 3955 1298 3990 τι
1345 3936 1625 4008 μηνύσειν,
1672 3933 1777 3987 κᾶν
1823 3931 1989 4003 μέχρι

410 4036 639 4088 θανάτου
668 4051 750 4096 τις
776 4031 1048 4103 βιάζηται.
1074 4031 1218 4102 Πρὸς
1250 4028 1307 4080 δέ
1333 4027 1544 4090 τούτοις
1575 4025 1769 4097 ὄμνυσι
1801 4022 1990 4094 μηδενὶ

415 4127 512 4196 μὲν
549 4123 870 4196 μεταδοῦναι
901 4122 1010 4176 τῶν
1048 4121 1336 4192 δογμάτων
1378 4117 1604 4190 ἑτέρως,
1644 4115 1679 4186 ἢ
1712 4115 1788 4178 ὡς
1828 4113 1990 4177 αὐτὸς

413 4215 741 4286 παρέλαϐεν,
782 4213 1076 4284 ἀφέξεσθαι
1113 4212 1174 4265 δέ
1202 4209 1478 4282 λῃστείας,
1509 4209 1605 4262 καὶ
1635 4205 1992 4277 συντηρήσειν

411 4307 611 4378 ὁμοίως
639 4306 708 4360 τά
731 4324 790 4359 τε
821 4307 920 4378 τῆς
943 4304 1206 4376 αἱρέσεως
1239 4299 1418 4355 αὐτῶν
1449 4298 1648 4370 βιϐλία,
1679 4297 1774 4350 καὶ
1798 4296 1865 4350 τὰ
1882 4295 1991 4349 τῶν

2086 3183 2249 3252 justae
2288 3176 2632 3234 necessitatis
2668 3177 2788 3246 lege
2820 3175 3133 3229 metiantur.
3193 3170 3366 3225 Porro
3412 3169 3575 3239 hujus
3604 3169 3664 3223 iu

2090 3283 2248 3330 sectae
2277 3282 2440 3343 atque
2471 3270 2705 3327 instituti
2731 3268 3044 3323 societatem
3072 3264 3259 3319 venire
3286 3261 3525 3331 cupienti
3548 3273 3664 3314 non

2089 3365 2348 3422 continuo
2370 3372 2516 3435 patet
2544 3365 2846 3434 ingressus,
2885 3359 2976 3414 sed
3022 3359 3072 3412 ei
3108 3355 3242 3412 foris
3283 3369 3488 3408 annum
3520 3352 3663 3405 inte-

2091 3473 2249 3531 grum
2279 3457 2518 3512 manenti
2543 3469 2712 3525 genus
2732 3453 2876 3507 idem
2898 3451 3024 3504 vitae
3046 3448 3427 3519 praescribunt,
3463 3461 3530 3500 ac
3558 3445 3662 3499 do-

2088 3551 2363 3613 labellam,
2387 3546 2686 3616 cingulum,
2715 3533 3034 3613 vestemque
3081 3538 3367 3596 candidam
3418 3537 3660 3591 tradunt.

2090 3644 2195 3712 Qui
2222 3652 2511 3713 postquam
2556 3641 2663 3694 hoc
2707 3636 2968 3706 temporis
3005 3632 3289 3688 intervallo
3317 3629 3666 3685 abstinentiae

2090 3735 2570 3806 temperantiaeque
2598 3747 2710 3786 suae
2738 3730 3065 3784 documenta
3095 3726 3262 3792 dedit,
3291 3724 3516 3795 propius
3540 3723 3666 3792 qui-

2093 3830 2213 3883 dem
2247 3827 2313 3881 ad
2337 3824 2572 3880 instituti
2600 3820 3042 3878 communionem
3067 3815 3298 3882 accedit,
3324 3831 3388 3871 ac
3419 3813 3666 3885 puriori-

2092 3920 2196 3974 bus
2217 3917 2374 3987 aquis
2405 3931 2514 3971 una
2541 3928 2666 3968 cum
2689 3909 2902 3967 caeteris
2950 3907 3171 3964 lustrari
3199 3905 3409 3976 incipit,
3430 3903 3666 3958 necdum

2092 4023 2273 4067 tamen
2305 4010 2374 4064 ad
2400 4007 2710 4064 convictum
2755 4004 3078 4059 admittitur.
3107 3999 3244 4054 Nam
3272 4005 3396 4067 post
3424 3996 3667 4050 toleran-

2091 4103 2182 4158 tiae
2247 4099 2643 4171 probatione-it,
2680 4095 2802 4150 aliis
2834 4093 3048 4148 duobus
3100 4088 3258 4144 annis
3319 4100 3502 4140 mores
3542 4082 3665 4152 ejus

2091 4195 2406 4265 explorant;
2439 4189 2639 4260 quibus
2692 4186 2919 4248 exactis,
2951 4183 2999 4238 si
3027 4182 3223 4250 dignus
3281 4177 3572 4237 habeatur,
3605 4174 3666 4227 in

2094 4286 2432 4344 consortium
2482 4280 2700 4336 tandem
2761 4276 3054 4345 accipiunt.
3104 4271 3434 4339 Priusquam
3480 4276 3665 4323 tamen

413 4356 1220 4469 ἀγγέλωνηδνόματά.Τοιοῦτόι
1244 4393 1342 4464 μὲν
1383 4356 1647 4462 οίιόρκοιι
1676 4391 1738 4442 Οἱ
1767 4388 1822 4441 δὲ
1845 4387 1985 4441 άλὸν-

2096 4390 2442 4434 communem
2468 4373 2650 4428 cibum
2684 4369 2935 4438 attingat,
2989 4363 3244 4420 horrendi
3296 4375 3415 4416 sese
3437 4358 3544 4413 illis
3569 4356 3664 4427 ju-

413 4451 524 4552 τὲέ,
557 4451 652 4542 καί
677 4451 1052 4559 ἐκϐληθέντες,
1096 4451 1256 4553 κακῷ
1304 4481 1454 4552 μόρῳ
1501 4451 1832 4548 φθείρονται.
1867 4475 1985 4538 Τοῖς

2100 4469 2394 4542 risjurandi
2447 4465 2682 4522 formula
2734 4460 3026 4531 obstringit
3061 4477 3074 4512 :
3111 4457 3166 4510 in
3197 4455 3389 4526 primis
3443 4451 3668 4523 quidem

414 4583 523 4654 γὰρ
559 4584 742 4655 ὅρκοις
790 4582 884 4634 καὶ
942 4583 1055 4642 τοῖς
1106 4577 1281 4630 ἔθεσιν
1325 4571 1677 4643 ἐνδεδεμένοι,
1734 4568 1854 4621 οὐδὲ
1895 4565 1996 4636 τῆς

417 4676 568 4748 παρὰ
604 4678 716 4739 τοῖς
770 4673 949 4736 ἄλλοις
989 4670 1195 4741 τροφῆς
1242 4667 1490 4721 δύνανται
1539 4659 1993 4735 μεταλαμϐάνειν,

419 4767 827 4840 ποηφαγοῦντες
867 4767 944 4829 δὲ,
977 4765 1071 4819 καὶ
1099 4761 1243 4834 λιμῷ
1275 4757 1706 4830 διαφθειρόμενοι
1733 4751 1996 4807 ἀπόλλυν-

417 4882 526 4918 ται.
572 4862 664 4915 Διὸ
706 4860 769 4932 δὴ
813 4857 1042 4920 πολλοὺς
1090 4855 1431 4924 ἐλεήσαντες,
1483 4850 1540 4902 ἐν
1577 4852 1696 4910 ταῖς
1739 4844 1996 4915 ἐσχάταις

418 4958 684 5025 ἀνάγκαις
726 4950 1007 5013 ἀνέλαϐον,
1057 4945 1247 5017 ἱκανὴν
1276 4943 1546 5015 τιμωρίαν
1593 4937 1878 4992 δεδωκέναι
1907 4953 1998 4989 νο-

425 5046 669 5118 μίζοντες
711 5044 805 5097 ἐπὶ
849 5045 962 5106 τοῖς
1008 5040 1365 5111 ἁμαρτήμασι
1415 5033 1511 5105 τὴν
1561 5031 1722 5104 μέχρι
1769 5027 1998 5083 θανάτου

423 5139 672 5210 βάσανον.
712 5135 824 5207 Τὴν
851 5134 908 5187 δὲ
953 5133 1175 5186 σκαλίδα
1205 5130 1407 5184 διδόασι
1453 5127 1565 5188 τοῖς
1597 5123 1878 5193 μέλλουσιν
1910 5123 2002 5174 αἱ-

427 5232 714 5301 ρετισταῖς,
742 5227 862 5282 ἐπεὶ
898 5226 992 5280 καὶ
1014 5224 1166 5278 αὐτοὶ
1191 5221 1364 5284 άλλως
1394 5218 1454 5271 οὐ
1487 5214 1808 5270 θακεύουσιν
1840 5213 1873 5284 ἢ
1908 5213 1997 5283 βό-

423 5324 550 5394 θρον
587 5321 876 5393 ὀρύξαντες
924 5320 1003 5382 εἰς
1030 5315 1190 5386 βάθος
1234 5312 1497 5372 ποδιαῖον,
1532 5305 2000 5378 περικαλύψαντες

424 5393 735 5486 θοιματίων,
768 5413 843 5476 ὡς
884 5412 958 5483 μὴ
999 5411 1120 5472 ταῖς
1144 5408 1336 5474 αὐγαῖς
1374 5401 1676 5472 ἐνυϐρίζειν
1714 5398 1808 5451 τοῦ
1839 5393 1995 5451 Θεοῦ.

425 5507 671 5578 Τοσαύτη
696 5507 741 5560 δ’
787 5506 932 5558 ἐστὶν
955 5501 1134 5557 αὐτῶν
1167 5501 1200 5571 ἡ
1242 5497 1456 5566 λιτότης
1491 5496 1525 5564 ή
1574 5490 1704 5563 περὶ
1731 5490 1828 5560 τὴν
1857 5489 1998 5541 δίαι-

497 5623 632 5694 (65’)
647 5617 1306 5694 Προκατάρχεται.Εονιθ
1328 5613 1608 5684 legendum
1623 5601 1996 5676 προγατεύχε-

427 5687 536 5752 ται.
555 5687 625 5747 ρι’
649 5687 774 5748 mox
800 5687 1304 5761 ἐπεύχεταιγπάλιν.

499 5747 606 5825 (ϐὃ)
635 5747 820 5825 mm
858 5747 1058 5824 κόόου.
1093 5760 1222 5814 Post
1260 5758 1373 5810 haec
1405 5752 1597 5818 verba,
1644 5757 1767 5804 ante
1797 5750 1909 5812 τοῖς
1939 5747 1996 5801 δὲ

2097 4565 2246 4636 pium
2279 4578 2340 4617 se
2394 4575 2460 4615 ac
2502 4557 2817 4628 religiosum
2845 4557 3109 4608 adversus
3137 4547 3346 4602 Numen
3377 4544 3620 4599 futurum
3647 4556 3666 4606 ;

2099 4655 2294 4713 deinde
2321 4653 2526 4708 illibata
2552 4651 2806 4703 humanm
2829 4644 3102 4701 societatis
3154 4641 3278 4711 jura
3301 4647 3668 4695 servaturum,

2099 4749 2343 4817 adeoque
2370 4759 2470 4799 nec
2494 4753 2706 4812 sponte,
2739 4753 2838 4794 nec
2860 4735 3247 4804 alteriusjussu
3269 4731 3324 4784 in
3345 4727 3672 4797 cujusquam

2103 4839 2362 4908 injuriam
2404 4835 2699 4888 adductum
2757 4829 2860 4893 iri;
2907 4827 3000 4882 sed
3048 4825 3231 4894 potius
3286 4831 3340 4875 et
3372 4817 3672 4888 injuriosos

2101 4946 2293 4988 omnes
2324 4929 2448 4983 odio
2497 4925 2830 4986 habiturum,
2887 4930 2941 4976 et
2989 4917 3168 4972 illatas
3215 4912 3399 4983 probis
3443 4910 3673 4978 injurias

2102 5025 2393 5094 conjuncta
2438 5020 2716 5074 voluntate
2769 5014 3097 5070 subiturum.
3170 5005 3672 5073 Addit'przetcrea,

2103 5113 2405 5172 constantis
2443 5119 2497 5164 et
2519 5110 2740 5177 integra:
2765 5119 2886 5158 cum
2906 5116 3032 5170 erga
3070 5109 3293 5152 cieteros
3319 5106 3530 5150 omnes,
3559 5100 3677 5142 tum

2104 5206 2400 5278 praisertim
2417 5217 2542 5271 erga
2575 5196 2832 5269 praesides
2855 5208 2914 5249 se
2927 5192 3048 5246 lidei
3073 5189 3212 5253 fore,
3231 5184 3378 5255 quod
3403 5181 3680 5236 nullisine

2107 5274 2436 5355 beinumine
2467 5290 2769 5363 imperandi
2811 5288 2903 5358 jus
2933 5282 3206 5339 obveniat.
3239 5277 3394 5344 Quod
3428 5277 3475 5332 si
3532 5274 3677 5332 fonte

2108 5392 2213 5448 sibi
2246 5385 2541 5458 aliquando
2574 5382 2868 5443 deferetur,
2923 5376 3176 5430 daturum
3230 5387 3290 5425 se
3331 5382 3576 5439 operam,
3607 5380 3676 5418 ne

2108 5483 2362 5556 potestati
2394 5493 2508 5535 sum
2538 5475 2714 5529 labem
2748 5472 2950 5534 inurat,
2991 5464 3162 5518 necin
3191 5471 3342 5517 veste
3360 5458 3678 5530 corporisve

2103 5603 2343 5677 ζηλοῦσι,
2368 5611 2560 5677 versus
2601 5595 2814 5677 aliquot
2850 5588 3120 5658 Josephus
3152 5581 3376 5648 intexit,
3409 5579 3504 5636 sed
3534 5592 3678 5649 quos

2101 5671 2406 5732 exscribere
2429 5671 2566 5722 tanti
2597 5681 2705 5719 non
2738 5671 2842 5718 est.
