4194 6432
480 454 584 511 639

1643 450 1971 509 PREPAR.
2007 449 2257 507 EVANG.
2295 449 2427 505 LIB.
2466 448 2556 503 IX.

3621 451 3727 508 690

479 573 574 627 καὶ
605 572 732 644 περὶ
758 570 857 636 τὰς
885 572 1112 645 πράξεις
1158 571 1510 639 ἱκανώτατος,
1549 572 1685 625 ἰδίαν
1719 569 1896 641 βίϐλον
1924 570 2040 623 ἁνα-

2163 568 2387 638 sophus,
2428 568 2521 623 sed
2568 564 2731 621 etiam
2774 565 2938 622 rebus
2968 567 3216 637 gerendis
3263 567 3600 638 aptissimus,
3639 567 3725 623 Ju-

480 663 593 727 θεὶς
618 666 685 735 τῇ
721 665 849 735 περὶ
894 663 1158 719 Ἰουδαίων
1192 665 1424 737 ἱστορίᾳ,
1453 663 1681 716 πλεῖστα
1722 663 1851 735 περὶ
1877 660 2056 716 αὐτῶν

476 756 747 823 διέξεισιν,
779 757 871 826 ἀφ’
908 750 983 810 ὧν
1016 756 1110 810 ἐπὶ
1139 757 1233 811 τοῦ
1272 756 1537 827 παρόντος
1566 755 1787 828 ἀρκέσει
1817 771 2057 825 παρατε-

477 843 636 898 θέντα
662 844 834 899 ταῦτα
858 864 872 877 ·
921 864 940 898 ι
980 846 1135 899 Ἐστι
1168 845 1277 918 γὰρ
1301 846 1410 899 τῶν
1459 844 1726 899 Ἰουδαίων
1761 845 1829 898 τά
1887 842 2056 898 πολλά

474 934 802 1007 ὀχυρώματα
834 936 975 990 κατά
1018 937 1117 1009 τὴν
1149 936 1350 1009 χώραν,
1397 936 1492 990 καὶ
1525 936 1739 1007 κῶμαι·
1777 936 1874 1008 μία
1919 935 1976 989 δὲ
2017 936 2052 1006 ἡ

487 1027 840 1099 Ἰερουσαλὴμ
871 1028 980 1099 (69)
1014 1029 1167 1093 πόλις
1194 1029 1387 1102 ὀχυρά,
1421 1030 1756 1101 πεντήκοντα
1791 1027 1902 1100 (70)
1947 1029 2053 1100 μά-

473 1120 631 1173 λιστα
676 1119 905 1173 σταδίων
940 1120 1035 1192 τὴν
1072 1122 1434 1194 περίμετρονο
1468 1121 1534 1193 ἢν
1573 1122 1783 1175 οἰκοῦσι
1822 1123 1922 1193 μὲν
1962 1123 2055 1177 ἀν-

474 1210 707 1284 θρώπων
738 1213 869 1285 περὶ
901 1211 1107 1267 δώδεκα
1142 1214 1403 1286 μυριάδες
1449 1213 1581 1284 (7i),
1616 1213 1838 1268 καλοῦσι
1874 1213 1921 1267 δ’
1955 1214 2054 1268 αὐ-

469 1306 570 1377 τὴν
604 1306 968 1378 Ἱεροσόλυμα.
1008 1306 1276 1362 Ἐνταῦθα
1319 1308 1376 1362 δέ
1422 1309 1538 1362 ἐστι
1570 1307 1710 1363 κατά
1747 1309 1909 1379 μέσον
1945 1308 2052 1379 μά-

470 1398 627 1452 λιστα
668 1400 768 1471 τῆς
808 1399 1015 1464 πόλεως
1054 1400 1339 1471 περίϐολος
1368 1399 1566 1463 λίθινος
1608 1400 1741 1472 (72),
1780 1400 1952 1471 μῆκος
1975 1399 2051 1463 ὡς

472 1491 895 1563 πεντάπλεθρος,
925 1487 1084 1562 εὖρος
1106 1491 1163 1545 δὲ
1196 1491 1415 1562 πηχέων
1441 1490 1655 1554 ἑκατὸν,
1689 1489 1827 1562 ἔχων
1858 1489 2051 1552 διπλᾶς

472 1580 665 1646 πύλας,
705 1583 764 1635 ὲν
798 1576 843 1650 ᾧ
887 1582 1068 1653 βωμός
1097 1583 1214 1635 ἐστι
1252 1587 1610 1654 τετράγωνος
1647 1582 1903 1652 ἀτμήτων
1936 1579 2048 1650 (75)

470 1672 773 1727 συλλέκτων
801 1673 986 1744 ἀργῶν
1016 1674 1179 1727 λίθων
1209 1674 1351 1727 οῦτω
1384 1672 1737 1744 συγκείμενος
1755 1689 1769 1703 ’
1809 1671 2049 1741 πλευρὰν

466 1762 524 1815 δὲ
562 1763 799 1836 ἑκάστην
844 1764 1015 1817 εἴκοσι
1054 1764 1292 1836 πηχέων,
1330 1762 1464 1834 ὕψος
1508 1763 1884 1833 δωδεκάπηχυ.
1940 1762 2049 1815 Καὶ

467 1853 596 1925 παρ’
631 1854 792 1911 αὐτὸν
821 1853 1025 1926 οἴκημα
1056 1854 1197 1925 μέγα
1239 1845 1299 1906 οὗ
1337 1853 1517 1926 βωμός
1549 1854 1785 1908 ἐστικαὶ
1812 1852 2045 1924 λυχνίον,

2157 661 2398 715 decorum
2450 659 2692 715 historia
2739 660 3017 730 singulare
3047 675 3112 715 ac
3150 660 3430 731 proprium
3473 660 3726 715 volumen

2157 752 2514 816 consecravit,
2563 751 2656 805 ubi
2704 766 2828 806 cum
2859 752 2926 808 de
2955 753 3065 808 illis
3109 753 3280 807 multa
3311 761 3724 817 commemoret,

2158 850 2271 897 tum
2301 844 2416 899 haec
2450 844 2504 901 in
2537 844 2950 913 praesentiarum
2981 861 3050 901 ex
3082 860 3148 923 eo
3189 844 3442 912 retulisse
3473 842 3724 899 sutIiciet.

2160 933 2389 991 iMultae
2426 937 2668 1006 quidem,
2718 938 2861 1008 apud
2904 937 3143 1006 Iudaeos,
3194 938 3390 1008 inquit,
3425 951 3581 993 arces
3628 951 3726 1006 pa-

2156 1026 2318 1096 gique
2348 1027 2505 1081 multi
2541 1035 2648 1083 tota
2678 1029 2884 1099 passim
2944 1031 3167 1102 regione
3220 1037 3379 1087 sunt:
3430 1044 3536 1083 una
3582 1043 3717 1085 vero

2154 1118 2368 1172 munita
2404 1117 2459 1172 in
2497 1119 2691 1189 primis
2731 1120 2949 1186 civitas,
2987 1120 3310 1186 Jerusalem,
3357 1120 3517 1191 cujus
3546 1121 3723 1176 ambi-

2154 1217 2243 1263 tus
2274 1223 2383 1263 non
2420 1210 2739 1278 pauciorum
2771 1226 2935 1281 quam
2966 1212 3364 1284 quinquaginta
3415 1214 3719 1270 stadiorum

2152 1309 2256 1358 est.
2297 1299 2450 1357 Hanc
2497 1302 2716 1359 circiter
2740 1304 2931 1375 viginti
2985 1321 3150 1377 supra
3204 1314 3421 1362 centum
3478 1307 3725 1362 incolunt

2152 1391 2439 1449 hominum
2474 1394 2686 1461 millia;
2735 1393 3172 1469 Hierosolymam
3207 1397 3370 1467 vulgo
3412 1396 3718 1451 nominant.

2151 1484 2324 1556 Cujus
2363 1487 2418 1541 in
2455 1486 2758 1543 meditullio
2783 1501 2992 1558 septum
3022 1488 3155 1545 aedis
3193 1489 3420 1559 lapidea:
3454 1490 3721 1554 cernitur,

2149 1578 2394 1648 quinque
2464 1576 2580 1634 fere
2654 1578 2908 1651 jugerum
2964 1580 3355 1650 longitudinis,
3419 1580 3724 1637 latitudinis

2150 1669 2457 1725 cubitorum
2513 1678 2753 1725 centum.
2816 1669 2994 1727 Porta:
3056 1686 3247 1728 omnes
3289 1671 3519 1742 geminae
3572 1683 3719 1728 sunt.

2152 1760 2353 1816 Ibidem
2392 1762 2564 1818 altare
2591 1763 2916 1833 quadratum
2957 1779 3025 1818 ex
3061 1764 3396 1835 integrorum
3424 1774 3479 1820 et
3513 1764 3725 1835 impoli-

2152 1862 2335 1908 torum
2375 1853 2616 1924 lapidum
2664 1856 3135 1925 coagmentatione
3183 1854 3502 1920 conﬂatum,
3560 1858 3719 1926 cujus

466 1920 753 2016 ἀμφότερα
784 1920 978 2017 χρυσέ,
1003 1920 1097 1999 δύο
1127 1920 1363 2000 τάλαντα
1388 1920 1487 2018 την
1513 1946 1706 2018 ὁλκήν·
1732 1946 1826 2000 ἐπὶ
1850 1920 1912 2000 δέ
1928 1920 2040 1999 τού-

2152 1942 2323 1998 latera
2384 1920 2601 2015 singula
2667 1920 2861 2014 viginti
2914 1945 3227 2000 cubitorum
3284 1955 3432 2012 sunt,
3495 1920 3724 2004 altitudo

464 2051 572 2088 των
604 2035 719 2106 φῶς
742 2037 889 2090 ἐστιν
912 2036 1315 2092 ἀναπάσ6εστον
1348 2038 1442 2093 καὶ
1468 2037 1569 2102 τὰς
1596 2038 1797 2101 νύκτας
1830 2038 1924 2091 καὶ
1946 2038 2044 2101 τὰς

465 2127 696 2199 ἡμέρας.
738 2127 990 2200 Ἀγαλμα
1021 2129 1065 2182 δ’
1087 2130 1187 2183 οὐκ
1213 2130 1361 2183 ἔστιν
1392 2130 1501 2183 οὐδ’
1537 2130 1793 2202 ἀνάθημα
1817 2130 1878 2185 τὸ
1903 2147 2045 2202 παρ-

465 2216 628 2282 άπαν,
660 2218 781 2272 οὐδὲ
816 2218 1068 2292 φύτευμα
1101 2220 1210 2293 (74)
1247 2221 1545 2286 παντελῶς,
1579 2222 1700 2275 οὐδὲ
1728 2217 1839 2276 οἷον
1867 2220 2043 2275 ἀλσῶ-

461 2306 627 2379 δες,ή
672 2325 724 2361 τι
765 2308 1025 2365 τοιοῦτον.
1060 2310 1406 2383 Διατρίϐουσι
1445 2310 1490 2364 δ’
1535 2312 1594 2365 ὲν
1633 2310 1784 2380 αὐτῷ
1817 2312 1912 2366 καὶ
1941 2311 2041 2376 τὰς

463 2397 663 2464 νύκτας
686 2400 778 2454 καὶ
808 2401 908 2465 τὰς
939 2402 1148 2475 ἡμέρας
1180 2404 1364 2476 ἱερεῖς,
1398 2402 1622 2473 ἁγνείας
1659 2403 1814 2468 τινάς
1843 2404 2040 2472 ἁγνεύ-

459 2507 630 2557 οντες,
667 2494 760 2547 καὶ
796 2493 857 2547 τὸ
887 2495 1143 2567 παράπαν
1174 2491 1317 2550 οἶνον
1348 2498 1407 2551 ού
1438 2497 1683 2561 πίνοντες
1729 2496 1840 2569 (75)
1873 2498 1931 2550 ὲν
1962 2495 2040 2567 τῷ

462 2583 644 2657 ἱερῷ.»
677 2586 860 2641 Ταῦτα
888 2588 1076 2653 εἰπὼν,
1113 2589 1340 2655 ύποὸἀς,
1369 2592 1453 2645 ὃτι
1483 2591 1577 2644 καὶ
1612 2590 1942 2663 Ἀλεξάνδρῳ
1962 2589 2039 2662 τῷ

461 2677 671 2748 βασιλεῖ
701 2681 1248 2753 συνεστρατεύσαντο,
1282 2684 1377 2737 καὶ
1412 2682 1551 2755 μετὰ
1578 2682 1751 2737 ταῦτα
1781 2686 1893 2747 τοῖς
1924 2683 2039 2737 δια-

457 2769 630 2840 δόχοις
675 2769 860 2839 αὐτοῦ,
904 2774 1346 2846 μεμαρτύρηκεν.
1376 2769 1472 2839 Οἷς
1509 2774 1553 2828 δ’
1600 2776 1763 2841 αὐτὸς
1795 2793 2040 2849 παρατυ-

457 2862 571 2931 χεῖν
605 2879 790 2933 φησιν,
824 2863 913 2916 ὑπ’
936 2864 1127 2935 ἀνδρὸς
1157 2863 1409 2917 Ἰουδαίου
1444 2865 1586 2918 κατὰ
1615 2865 1713 2937 τὴν
1748 2867 2038 2939 στρατείαν

455 2950 787 3022 γενομένοις,
834 2951 991 3006 τοῦτο
1041 2952 1453 3026 παραθήσομαι.
1504 2954 1666 3022 Λέγει
1723 2955 1780 3008 δὲ
1827 2955 2031 3020 οὕτως*

460 3058 480 3091 ι
532 3039 696 3111 Ἐμοῦ
734 3040 864 3109 γοῦν
899 3042 992 3097 ἐπὶ
1032 3042 1133 3115 τὴν
1177 3042 1447 3114 Ἐρυθρὰν
1480 3042 1754 3097 θάλασσαν
1794 3043 2036 3116 βαδίζον-

452 3148 566 3196 τος,
604 3132 984 3203 συνηκολούθει
1020 3151 1106 3197 τις
1155 3133 1294 3205 μετὰ
1330 3133 1436 3187 τῶν
1479 3134 1652 3189 ἄλλων
1702 3136 1812 3191 τῶν
1857 3154 2037 3211 παρα-

2148 2048 2281 2088 vero
2310 2033 2620 2089 duodecim.
2673 2033 2879 2090 Praeter
2919 2036 3029 2092 hoc
3074 2038 3270 2106 altare,
3304 2037 3499 2111 ingens
3538 2041 3721 2096 taber-

2148 2125 2402 2179 naculum
2438 2133 2542 2192 est,
2576 2140 2687 2195 quo
2714 2135 2768 2180 et
2795 2142 2887 2181 ara
2949 2135 3004 2181 et
3052 2128 3441 2184 candelabrum
3471 2132 3724 2187 contine-

2147 2223 2259 2282 tur,
2290 2223 2582 2286 utrumque
2611 2232 2863 2281 aureum,
2891 2216 3149 2287 ponderis
3174 2220 3504 2276 talentorum
3528 2220 3719 2285 duum,

2148 2306 2239 2361 ubi
2273 2306 2456 2362 lumen
2485 2308 2874 2363 inexstinctum
2899 2310 3019 2364 dies
3044 2318 3349 2381 noctesque
3381 2311 3725 2368 continenter

2146 2400 2319 2456 ardet.
2380 2399 2601 2456 Nullum
2637 2401 2712 2457 ibi
2747 2401 3128 2471 simulacrum,
3161 2404 3455 2459 donarium
3490 2404 3721 2460 omnino

2144 2493 2380 2560 nullum,
2416 2494 2661 2565 adeoque
2699 2509 2803 2551 nec
2846 2494 3056 2567 planta,
3090 2512 3192 2553 nec
3232 2497 3414 2566 lucus,
3443 2512 3544 2553 nec
3575 2497 3723 2553 aliud

2144 2585 2441 2656 quidquam
2470 2586 2763 2657 ejusmodi.
2800 2584 3130 2643 Sacerdotes
3163 2588 3219 2642 in
3266 2603 3332 2644 eo
3376 2597 3541 2644 noctu
3576 2589 3724 2659 pari-

2142 2684 2226 2732 ter
2251 2686 2416 2747 atque
2443 2677 2682 2734 interdiu
2715 2677 2942 2745 assidui,
2977 2679 3143 2734 certis
3174 2678 3505 2749 quibusdam
3533 2681 3723 2750 expia-

2138 2768 2384 2827 tionibus
2413 2769 2546 2825 dant
2573 2785 2832 2841 operam;
2875 2786 3014 2842 quos
3053 2772 3111 2827 in
3160 2772 3363 2842 templo
3387 2773 3575 2827 vinum
3609 2790 3713 2844 gu—

2141 2871 2286 2917 stare
2314 2861 2490 2917 nelas.
2534 2882 2553 2915 ι
2572 2860 2711 2917 Tum
2740 2876 3072 2933 progressus
3095 2862 3347 2927 ulterius,
3372 2863 3593 2919 eosdem
3616 2864 3722 2920 sub

2138 2952 2451 3008 Alexandro
2482 2952 2714 3024 ejusque
2754 2953 3172 3009 successoribus
3223 2953 3492 3010 militasse
3544 2963 3713 3009 testa-

2141 3050 2247 3098 tur.
2306 3042 2441 3098 Mihi
2487 3059 2638 3110 vero,
2675 3043 2821 3115 quod
2874 3044 2931 3099 in
2983 3044 3088 3099 ista
3138 3045 3500 3115 expeditione,
3542 3047 3720 3101 hami--

2138 3134 2225 3191 nis
2252 3150 2374 3191 sese
2395 3133 2568 3191 Judaei
2599 3135 2806 3192 factum
2848 3137 3023 3193 oculis
3058 3138 3341 3208 aspexisse
3383 3153 3718 3195 commemo-

456 3224 782 3295 πεμπόντων
827 3227 977 3297 ἡμᾶς
1006 3225 1216 3280 ἱππέων
1261 3226 1545 3291 Ἰουδαίων,
1576 3228 1747 3299 ὄνομα
1777 3228 2036 3300 Μοσόμα-

2137 3233 2243 3292 rat,
2278 3226 2529 3296 ipsismet
2575 3226 2724 3282 illius
2754 3228 2939 3284 verbis
2985 3227 3190 3283 referre
3211 3229 3346 3284 satis
3375 3230 3504 3287 erit.
3532 3247 3552 3280 ι
3581 3227 3713 3285 Pcr-

456 3334 557 3389 μος
593 3316 725 3390 (76),
775 3318 1061 3391 ἄνθρωπος
1107 3317 1289 3382 ἱκανὸς
1328 3315 1440 3388 (77)
1486 3316 1629 3373 κατὰ
1681 3320 1781 3390 τὴν
1834 3317 2033 3392 ψυχὴν,

453 3409 745 3483 εὔρωστος,
780 3411 872 3465 καὶ
901 3411 1123 3483 τοξότης
1155 3410 1262 3464 ὑπὸ
1306 3409 1370 3482 δὴ
1418 3411 1635 3466 πάντων
1664 3411 2037 3485 ὁμολογούμεο

452 3505 543 3568 νος
574 3503 668 3558 καὶ
711 3502 820 3556 τῶν
854 3501 1123 3576 Ἑλλήνων
1167 3504 1262 3557 καὶ
1304 3503 1415 3556 τῶν
1459 3501 1748 3575 βαρϐάρων
1792 3505 2033 3577 ἀριστος.

453 3586 622 3660 Οὗτος
665 3591 757 3649 οὖν
808 3597 837 3650 ὁ
884 3593 1190 3667 ἅνθρωπος,
1235 3593 1560 3663 βαδιζόντων
1620 3596 1831 3652 πολλῶν
1894 3597 2038 3652 κατά

452 3687 551 3759 τὴν
600 3687 740 3752 ὁδὸν,
795 3689 888 3741 καὶ
948 3686 1195 3760 μάντεώς
1249 3706 1395 3753 τινος
1446 3688 1879 3762 ὀρνιθευομένου,
1943 3692 2037 3746 καὶ

453 3778 659 3842 πάντας
717 3780 961 3848 ἐπισχεῖν
1010 3777 1308 3843 ἀξιοῦντος,
1342 3776 1596 3850 ἠρώτησε
1640 3779 1728 3834 διά
1769 3781 1823 3833 τί
1868 3798 2037 3853 προσ-

456 3872 693 3944 μένουσι.
744 3870 1027 3937 Δείξαντος
1078 3869 1135 3923 se
1180 3870 1273 3924 τοῦ
1328 3870 1573 3941 μάντεως
1624 3870 1773 3943 αύτῷ
1819 3871 1911 3927 τὸν
1943 3872 2036 3944 ὅρ-

451 3962 592 4027 νιθα,
614 3963 708 4017 καὶ
739 3963 1028 4033 φήσαντος,
1062 3961 1158 4015 ἐὰν
1195 3961 1294 4032 μὲν
1325 3961 1489 4016 αὐτοῦ
1525 3963 1683 4036 μένῃ,
1706 3964 2033 4037 προσμένειν

452 4052 721 4124 συμφέρει
763 4053 962 4105 πᾶσιν*
1011 4050 1107 4105 ὲάν
1155 4050 1213 4104 δὲ
1246 4051 1485 4115 ἀναστὰς
1528 4054 1610 4116 είς
1652 4051 2032 4126 τοῦμπροσθεν

451 4144 703 4217 πέτηται,
736 4145 998 4216 προάγειν
1014 4160 1030 4175 ·
1063 4141 1159 4197 ἐὰν
1182 4143 1240 4197 δὲ
1264 4145 1345 4208 είς
1369 4143 1430 4197 τὸ
1461 4143 1704 4211 ὄπισθεν,
1728 4147 2032 4220 ἀναχωρεῖν

447 4317 561 4367 ⁴τος,
605 4298 939 4370 Ἀλεξάνδρῳ
967 4296 1047 4370 τῷ
1080 4295 1289 4367 βασιλεῖ
1313 4296 1670 4370 συνακμάσας
1701 4296 1776 4366 (id
1808 4305 1911 4370 est,
1939 4299 2033 4369 qui

322 4364 330 4377 ³
448 4352 872 4426 sub'Aleaandro'
887 4352 1090 4439 floruit;
1115 4383 1248 4439 non,
1279 4376 1340 4439 ut
1369 4352 1615 4439 int_et"pr.,
1650 4352 1770 4420 cum
1794 4352 2031 4422 Aleia'né

447 4442 547 4495 ὀνο
576 4441 832 4512 nutritus)
884 4436 979 4512 καὶ
1020 4436 1342 4512 Πτολεμαίῳ
1390 4436 1471 4512 τῷ
1534 4437 1716 4512 ᾼάγου
1761 4439 2028 4512 Δ(ξυγγενόη

452 4527 611 4582 μενος
632 4552 647 4576 ,
680 4511 742 4563 οὐ
790 4506 1084 4582 παρέργως
1101 4547 1118 4572 ,
1166 4506 1323 4582 ἀλλά
1352 4506 1480 4579 περὶ
1509 4506 1706 4582 αυτ-ῶν
1760 4507 2028 4582 Ἰουδαίων

2138 3319 2305 3389 genti,
2338 3318 2540 3390 inquit,
2563 3318 2698 3373 mihi
2727 3318 2795 3374 ad
2825 3335 2977 3375 mare
3024 3318 3295 3387 Rubrum,
3330 3335 3455 3376 cum
3503 3323 3717 3377 caeteris

2137 3410 2414 3482 equitibus
2437 3410 2659 3478 Iudaeis,
2705 3427 2846 3484 quos
2891 3412 3101 3469 itineris
3152 3414 3323 3469 duces
3354 3414 3712 3480 habebamus,

2137 3518 2282 3559 unus
2308 3518 2500 3559 eorum
2550 3504 2753 3575 aliquis
2783 3505 3169 3573 comitabatur,
3216 3504 3593 3561 Mosomamus
3616 3521 3725 3561 no-.

2136 3596 2305 3663 mine,
2355 3595 2440 3651 vir
2471 3611 2596 3651 cum
2632 3597 2801 3651 animi
2825 3598 3202 3668 magnitudine
3230 3613 3294 3655 ac
3323 3598 3564 3666 solertia,
3599 3608 3716 3653 tum

2137 3686 2387 3757 corporis
2427 3687 2627 3743 robore
2674 3703 2785 3743 non
2831 3688 3066 3759 vulgari,
3117 3688 3369 3759 idemque
3400 3689 3717 3761 sagittarius

2134 3780 2381 3835 omnium
2412 3787 2521 3835 tam
2553 3779 2870 3837 Graecorum
2904 3795 3067 3851 quam
3097 3779 3465 3836 Barbarorum
3500 3780 3716 3836 confes-

2133 3872 2289 3927 sione
2310 3872 2698 3943 peritissimus.
2732 3872 2803 3941 ls,
2837 3888 2963 3929 cum
2996 3872 3064 3927 ad
3098 3872 3240 3930 vatis
3280 3861 3567 3945 cujusdam
3617 3888 3714 3927 au-

2133 3964 2290 4035 guria
2324 3965 2594 4035 captantis
2629 3981 2839 4032 vocem,
2870 3965 3151 4043 universa
3200 3976 3415 4031 eorum,
3469 3965 3563 4037 qui
3597 3975 3712 4020 tum

2132 4056 2236 4112 iter
2268 4057 2400 4114 illud
2454 4058 2708 4130 agebant,
2756 4059 3050 4115 multitudo
3093 4068 3316 4130 repente
3368 4059 3710 4126 subsisteret,

2132 4157 2308 4221 rogat,
2343 4165 2611 4221 quorsum
2671 4150 2725 4206 id
2772 4150 2946 4206 ﬁeret.
3001 4151 3250 4207 Ostendit
3289 4157 3472 4205 autem
3514 4165 3710 4220 augur,

2131 4319 2275 4365 Sum.
2297 4303 2453 4376 infra
2487 4320 2611 4376 pag.
2635 4305 2743 4359 447
2760 4312 2816 4359 et
2856 4320 2978 4376 seq.
3024 4307 3335 4363 necessaria
3355 4307 3705 4364 videbuntur.

2204 4373 2315 4457 (75)
2361 4373 2694 4457 ’.ᾼτμῄὶωινςι
2715 4385 2818 4431 etc.
2846 4373 3067 4457 Joseph.
3095 4377 3196 4431 οὐκ
3322 4379 3565 4449 τμητῶν,
3595 4380 3708 4433 ἀλλ’

2130 4444 2352 4517 exeam
2383 4444 2569 4517 ἀργῶν
2613 4444 2812 4517 λίθων,
2850 4444 3052 4503 rectius
3085 4457 3147 4503 ut
3188 4444 3402 4503 videtur
3423 4444 3444 4503 “;
3484 4444 3607 4504 nam
3657 4461 3710 4504 et

2131 4516 2516 4590 [)euteronOm.
2550 4531 2720 4590 xrvn,
2762 4516 2816 4581 5,
2837 4516 3112 4590 habetur:
3149 4517 3225 4590 De
3257 4518 3545 4588 lapidibus,
3579 4537 3708 4590 quos

450 4577 798 4659 συγγέγραφε
829 4577 1031 4659 βίσξεον
1051 4617 1065 4644 ,
1096 4586 1202 4634 etc.
1242 4577 1380 4659 Tum
1501 4578 1641 4633 {049
1670 4578 1847 4659 locum
1879 4578 2026 4659 hunc

2137 4585 2337 4659 {errant
2363 4602 2468 4639 non
2502 4577 2779 4659 tetigitllet
2803 4577 2875 4659 de
2903 4589 3050 4659 saxis
3081 4577 3422 4659 informibus,
3450 4599 3501 4644 et
3532 4577 3707 4659 impo-

448 4624 798 4721 ξέἐιὶὧξῖιὲιῖἑ
821 4624 1474 4721 ἴόῧὶἰὲιῇι⁷τέἶιῖεεὲβ“ιὶἱὲιζὶ
1509 4624 1635 4721 iis?
1655 4624 2029 4714 ᾱῖιῦῑυηῖἔὲὶζ
2056 4624 2105 4683 υ

448 4721 581 4790 quin
612 4717 881 4777 Eusebius
906 4735 973 4775 ex
1001 4717 1239 4789 Iosepho
1260 4718 1609 4788 descripserit
1633 4733 1649 4770 :
1678 4730 1739 4790 ut
1770 4727 1918 4790 patet
1957 4735 2024 4790 ex

449 4787 640 4862 paucis
674 4791 938 4862 versibus
985 4791 1087 4862 qui
1114 4787 1297 4862 paulo
1333 4787 1473 4862 post,
1519 4803 1639 4858 cap.
1685 4787 2023 4862 9.__i_l_ecata:i

448 4856 614 4917 verba
667 4856 1020 4917 intercidunt:
1062 4856 1218 4915 Alius
1273 4856 1378 4913 fuit
1430 4856 1713 4914 Hecataaus
1757 4857 2023 4925 Milesius,

448 4930 705 4987 Abderita
734 4931 1019 5000 vetustior,
1051 4930 1119 5000 de
1150 4945 1264 5000 quo,
1284 4927 1454 4991 infra,
1489 4943 1543 4998 p.
1579 4928 1703 4983 466.

519 5000 629 5074 (69)
662 4999 1066 5071 Ἰερουσαλήμ.
1091 4998 1310 5074 Ioseph.
1344 5000 1484 5054 hanc
1506 5014 1694 5054 vocem
1720 5012 1829 5074 non
1856 5013 2027 5070 agno-

449 5068 571 5198 sgi't,
604 5068 849 5195 ettr'ecte
875 5089 889 5127 :
916 5068 1044 5126 nam
1087 5068 1250 5142 paulo
1300 5077 1446 5141 post,
1489 5084 1690 5124 nomen
1740 5068 2024 5128 Hecataeus

449 5157 478 5195 a
520 5159 668 5198 iunm
700 5182 714 5195 .

447 5142 714 5197 adiungit.

515 5159 1069 5283 ίξὸῗιῆεντήκοντα.
1114 5209 1470 5283 Timochares
1493 5208 1694 5283 infra,
1742 5209 2020 5283 pag._452,

489 5278 809 5363 uadraginta
850 5278 1040 5363 solum
1085 5282 1148 5363 ei
1201 5281 1392 5363 tribuit
1433 5296 1446 5332 :
1490 5278 2025 5363 ibidemque'Syriae

449 5349 688 5421 Mcnsor,
717 5362 925 5409 tantum
955 5351 1044 5406 2'7.
1083 5349 1307 5406 Diverso
1348 5360 1592 5432 tempore
1619 5349 2025 5432 .diversus'am-

448 5423 748 5502 hitus_esse
764 5423 970 5502 potuit.
996 5421 1325 5502 Quanquam
1357 5431 1730 5502 testimonium
1745 5420 1828 5502 ab
1851 5420 2023 5502 licca-

448 5502 553 5549 tteo
596 5491 867 5564 Josephus
897 5504 963 5564 et
992 5491 1295 5564 Eusebius,
1331 5506 1440 5545 non
1481 5491 1780 5546 testimonii
1819 5492 1934 5547 reb.
1964 5493 2021 5548 in

448 5565 654 5635 omnib.
684 5562 746 5635 τδ
766 5562 1000 5635 ,ἀκριϐές
1022 5562 1327 5635 exigebant.

518 5634 630 5707 (71)
664 5630 897 5707 autem
918 5630 1223 5702 μυριάδες.
1265 5631 1495 5707 Centum
1526 5641 1588 5707 et_
1622 5632 1814 5704 viginti
1841 5633 2023 5707 homi-

450 5719 579 5757 num
605 5703 801 5774 millia,
830 5719 937 5757 non
967 5709 1192 5774 centum
1217 5710 1272 5756 et
1294 5703 1710 5774 quinquaginta,
1747 5713 1808 5759 ut
1851 5705 2020 5760 inter-

447 5787 572 5842 pres
592 5772 813 5843 Iosephi
841 5773 1020 5828 vertit.

520 5842 631 5913 (72)
659 5840 982 5915 Πέρίὸολος
1014 5843 1262 5915 λίθινος.
1294 5841 1373 5895 Ad
1406 5840 1687 5913 Templum
1719 5844 1819 5899 ista
1850 5846 2019 5915 perti-

450 5922 581 5969 nent
603 5956 617 5982 ,
658 5930 768 5985 quo
800 5914 868 5969 de
896 5954 912 5981 ,
948 5929 1067 5984 quae
1114 5914 1180 5969 ad
1219 5912 1450 5970 Hecattei
1496 5912 1557 5969 et
1592 5912 1871 5987 Eupolemi
1895 5933 2018 5972 see.-

2129 4656 2277 4729 l‘itis;
2309 4654 2479 4712 Josue
2527 4654 2650 4729 vui,
2680 4657 2741 4729 31
2774 4677 2787 4712 :
2840 4657 2913 4712 De
2941 4654 3206 4728 lapidibus
3252 4660 3543 4729 impolitis,
3576 4654 3707 4729 quos

2128 4726 2329 4801 ferrum
2357 4743 2459 4801 non
2492 4728 2684 4801 tetigit.
2710 4725 3103 4801 Josephus'lib.
3132 4746 3175 4801 ιι
3201 4749 3214 4785 :
3253 4725 3348 4784 Ἐκ
3377 4730 3538 4784 λίθων
3567 4725 3707 4801 συμ-

2129 4795 2356 4873 pingiu,
2401 4797 2462 4851 ού
2500 4795 2955 4873 λελατομημένων
2999 4803 3064 4854 ὲκ
3106 4800 3347 4873 σιδήρου,
3392 4808 3449 4873 et
3482 4801 3575 4855 lib.
3607 4795 3658 4855 tv
3689 4821 3703 4857 :

2139 4866 2235 4919 Ἐκ
2260 4865 2421 4943 λίθων
2453 4867 2528 4940 μὴ
2576 4865 3082 4941 κατειργασμένων,
3130 4865 3265 4926 ἀλλὰ
3296 4865 3529 4943 λογάδην
3577 4888 3709 4941 συγ-

2127 4952 2189 4989 κε
2198 4953 2212 4989 ι
2221 4952 2412 4991 μενων.

2198 5007 2495 5080 (Ἰηοῦδὲ
2541 5009 2831 5080 φύτευμα.
2864 5008 3252 5067 Deuteronom.
3280 5026 3402 5075 xvr,
3431 5012 3495 5066 2|
3531 5028 3545 5065 :
3582 5011 3704 5065 Non

2126 5076 2407 5153 plantabis
2441 5076 2641 5153 lucum,
2684 5076 2743 5135 cl
2779 5095 2983 5135 onmem
3015 5081 3280 5148 arborem,
3322 5083 3485 5153 justo
3533 5083 3706 5138 altare

2125 5145 2343 5201 Domini
2378 5149 2471 5203 Dei
2503 5150 2604 5204 tui.

2198 5216 2308 5291 (75)
2339 5216 2517 5273 Οἶνον
2541 5222 2613 5291 οὐ
2640 5222 2936 5285 πίνοντες.
2971 5221 3195 5278 Levitici
3224 5240 3278 5285 κ,
3301 5226 3334 5282 9
3361 5242 3374 5278 :
3413 5222 3624 5286 Vinum,
3655 5233 3704 5277 et
3735 5228 3771 5285 ⁸η

2125 5290 2442 5362 οηιηιηιιοᾴ
2492 5290 2755 5362 inebriare
2797 5299 2988 5362 potest,
3039 5309 3141 5347 non
3191 5293 3375 5349 bibatis
3407 5302 3486 5359 tu,
3520 5304 3569 5347 et
3602 5294 3705 5362 ﬁlii

2127 5358 2226 5421 tui,
2262 5358 2475 5429 quando
2501 5358 2869 5429 intrabitiajin
2923 5358 3347 5418 Tabernaculum
3392 5358 3700 5425 testimonii,

2123 5443 2191 5481 ns
2227 5428 2536 5485 moriemini
2558 5472 2573 5498 ,
2606 5440 2715 5486 etc.
2764 5428 3014 5486 Ezechiel
3065 5448 3224 5498 xuv,
3257 5433 3330 5489 20
3362 5453 3376 5488 :
3425 5433 3495 5487 Et
3525 5436 3704 5489 vinum

2123 5513 2230 5576 non
2261 5498 2398 5577 bibet
2447 5503 2619 5577 omnis
2667 5499 2947 5566 sacerdos,
2979 5503 3189 5572 quando
3240 5505 3573 5577 ingressurus
3622 5515 3702 5559 est

2123 5572 2324 5623 atrium
2347 5572 2590 5624 interius.

2195 5638 2307 5710 (76)
2338 5643 2718 5710 Μοσόμαμος.
2745 5638 2965 5711 Joseph.
3005 5642 3362 5715 Μοσόλλαμος
3380 5687 3397 5715 ,
3428 5656 3482 5703 et
3510 5662 3701 5703 rursus

2124 5706 2250 5764 infr.
2282 5725 2404 5765 uae.
2437 5711 2563 5765 409.

2123 5723 2250 5764 In".
2282 5725 2404 5765 032.
2437 5723 2563 5765 409.

2195 5725 2589 5860 i97iaikzggé,
2615 5788 2728 5860 etc._
2756 5781 2996 5860 Rectius,
3012 5784 3238 5860 _opinor,
3274 5802 3437 5856 quam
3475 5797 3532 5843 ut
3557 5786 3701 5860 apud

2121 5847 2339 5921 JoScph.
2378 5850 2577 5915 ἱκανῶς
2604 5852 2742 5907 κατά
2772 5851 2949 5924 ψυχὴν
2980 5847 3270 5926 εὔρωστος.
