4194 6462
453 430 559 486 69⁸5

1631 429 1951 488 ΡΒᾸΞΡᾹΒ.
1994 431 2245 489 EVANG.
2274 433 2401 489 LIB.
2433 432 2527 488 ιχ.

3609 427 3712 485 694

454 551 815 624 συνῳκείωτο,
871 552 1158 626 παρεδίδου
1189 571 1252 607 τι
1289 552 1488 624 μᾶλλον
1519 548 1593 608 ὧν
1628 550 1759 624 εἶχε.
1800 574 1819 607 ι
1854 553 2017 608 Ταῦτα

2143 556 2472 626 quihusdam
2537 554 2898 627 philosophia
2952 552 3218 611 studiosis
3270 560 3598 619 versaretur,
3657 561 3712 608 et

455 645 548 699 καὶ
580 648 608 698 6
641 645 942 715 Κλέαρχος.

2143 660 2336 700 eorum
2372 645 2428 700 in
2462 644 2742 714 sapientia:
2789 649 2999 713 partem
3042 657 3108 697 ac
3141 639 3452 696 societatem
3479 639 3707 695 veniret.

452 742 648 808 Atque,
677 748 743 793 ut
762 754 886 794 cum
921 738 1172 806 plurimis
1211 737 1460 793 doctrina
1515 739 1904 808 praestantibus
1973 737 2315 794 familiariter
2379 739 2611 806 vixerat,
2657 739 2780 810 plus
2828 738 3129 808 aliquanto,
3197 751 3361 807 quam
3417 733 3704 804 acciperet,

452 834 740 889 nobiscum
768 833 858 890 ille
884 832 1338 889 communicabat.
1374 851 1393 885 ι
1430 833 1507 888 Ita
1531 832 1846 890 Clearchus.

973 928 1366 981 ΚΕΦΑΛΑῙΟΝ
1405 930 1494 995 ς’.

451 1039 795 1109 Κλήμεντος
825 1041 958 1110 περὶ
997 1039 1118 1094 τῶν
1155 1041 1706 1109 μνημονευσάντων
1733 1043 1838 1097 τοῦ
1877 1045 2027 1098 Ἰου-

619 1111 803 1164 δαίων
832 1112 1066 1177 ἔθνους,
1096 1110 1214 1165 ἀπὸ
1246 1111 1353 1165 τοῦ
1375 1118 1425 1164 α’
1451 1112 1856 1182 Στρωματέως.

519 1221 722 1276 Τούτου
775 1224 832 1277 δὲ
893 1222 1217 1295 μνημονεύει
1261 1224 1355 1277 καὶ
1409 1225 1438 1278 6
1485 1225 1751 1297 ἡμέτερος
1799 1227 2030 1299 Κλήμης

449 1313 506 1366 ὲν
540 1311 616 1384 τῷ
649 1312 849 1384 πρώτῳ
863 1314 1216 1384 Στξρωματεῐ,
1233 1314 1298 1366 δι’
1321 1307 1394 1368 ὧν
1416 1315 1590 1369 ταῦτά
1617 1317 2030 1390 φησι-«Ἐλέφ-

447 1419 541 1472 χος
573 1402 684 1470 (85)
717 1401 761 1454 δ’
804 1405 832 1456 6
885 1403 1312 1474 περιπατητικὸς
1345 1405 1540 1458 εἰδέναι
1579 1405 1689 1476 (86)
1724 1406 1855 1476 φησί
1903 1424 2026 1460 τινα

460 1492 800 1558 Ἰουδο,ἰον,δς
832 1495 1187 1565 Ἀριστοτέλει
1215 1495 1696 1563 συνεγένετο.›Καὶ
1722 1495 1839 1567 μεθ’
1863 1479 2043 1570 ἓτεραν

445 1585 706 1652 ἐπιλέγει·
726 1604 744 1636 t
768 1586 991 1656 Νουμᾶς
1016 1587 1076 1640 δὲ
1107 1587 1135 1639 6
1169 1587 1455 1657 Ῥωμαίων
1490 1587 1741 1660 βασιλεὺς
1781 1588 2022 1658 πυθαγό-

446 1693 590 1747 ρειος
621 1677 718 1747 μὲν
764 1673 832 1747 ἦν
867 1676 999 1747 (87),
1035 1679 1098 1730 ὲκ
1136 1678 1189 1732 δὲ
1219 1678 1328 1731 τῶν
1379 1680 1658 1743 Μωῦσέως
1699 1668 2041 1752 ὠφεληθεὶς,

441 1768 769 1823 διεκώλυσεν
803 1769 1172 1842 ἀνθρωποειδῆ
1209 1772 1301 1824 καὶ
1330 1770 1646 1844 ζωόμορφον
1678 1773 1860 1827 εἰκόνα
1886 1774 2021 1827 Θεοῦ

2757 915 2985 972 CAPUT
3022 915 3108 970 Vl.

2139 1039 2218 1094 De
2238 1039 2305 1092 iis
2339 1036 2430 1107 qui
2456 1031 2700 1088 Iudaica:
2728 1031 3288 1107 gentishmemine'runt,
3319 1044 3384 1082 ex
3417 1027 3704 1093 Clemente,

2676 1099 2847 1171 primo
2879 1099 3166 1157 Stromate.

2204 1221 2386 1290 Atque
2442 1217 2601 1274 istius
2637 1216 2804 1274 etiam
2830 1213 3094 1268 Clemens.
3128 1221 3313 1268 noster
3354 1213 3494 1268 libro
3527 1213 3708 1282 primo

2134 1313 2488 1369 Stromatum.
2508 1311 2594 1366 his
2629 1307 2810 1364 verbis
2852 1304 3138 1361 meminit:
3165 1303 3513 1360 «Clearchus
3556 1303 3707 1374 peri-

2129 1404 2416 1476 pateticus,
2447 1401 2646 1471 inquit,
2677 1397 2927 1456 Judaeum
2962 1396 3275 1469 quemdam,
3301 1397 3395 1467 qui
3420 1412 3546 1457 cum
3582 1396 3708 1450 Ari-

2128 1495 2321 1561 stotele
2348 1503 2600 1551 versatus
2629 1500 2734 1557 est,
2766 1492 2864 1548 abs
2909 1505 3030 1546 sese
3073 1491 3252 1546 visum
3304 1504 3425 1545 esse
3466 1504 3706 1545 comme-

2129 1595 2325 1643 morat.
2365 1585 2669 1654 tldemqne
2720 1582 2994 1653 pluribus,
3051 1581 3329 1637 nonnullis
3378 1581 3702 1651 interjectis,

2133 1678 2380 1744 «.Numa,
2428 1676 2630 1747 inquit,
2674 1674 3050 1730 Romanorum
3078 1689 3197 1738 rex,
3229 1682 3288 1728 ut
3323 1673 3708 1744 pythagoraeus

2129 1768 2314 1834 fuerit,
2344 1769 2489 1826 hunc
2515 1766 2706 1822 saltem
2739 1765 2988 1836 Moysise
3012 1764 3232 1834 scriptis
3269 1763 3506 1819 fructum
3537 1765 3703 1834 cepit,

453 1859 756 1930 Ῥωμαίους
806 1861 1030 1926 κτίζειν.
1083 1863 1168 1915 Ἐν
1214 1862 1344 1932 γοῦν
1401 1863 1594 1917 ἑκατὸν
1643 1865 1736 1918 καὶ
1789 1865 2017 1937 ἐϐδομή-

2125 1859 2510 1919 utiRomanos
2559 1873 2591 1912 a
2627 1857 2722 1912 Dei
2760 1855 3058 1912 simulacro
3093 1856 3174 1910 vel
3216 1855 3272 1908 in
3304 1854 3566 1920 hominis,
3618 1855 3704 1910 vel

441 1968 606 2004 κοντα
655 1954 769 2015 τοῖς
822 1952 1058 2025 πρώτοις
1107 1955 1286 2020 ἔτεσι,
1345 1958 1504 2020 ναοὺς
1564 1957 2021 2029 οἰκοδομούμενοι,

439 2041 660 2113 ἄγαλμα
682 2043 832 2098 οὐδὲν
858 2045 984 2098 οὕτε
1012 2046 1265 2112 πλαστὸν,
1295 2045 1419 2100 οὔτε
1454 2049 1558 2120 μὴν
1580 2050 2027 2120 γραπτὸνςὲποιή-

441 2150 621 2188 σαντο.
671 2134 1046 2188 Ἐπεδείκνυτο
1075 2136 1184 2209 γὰρ
1237 2138 1418 2200 αὐτοῖς
1451 2140 1479 2191 6
1526 2139 1748 2209 Νουμᾶς
1795 2138 1860 2192 δι’
1888 2139 2023 2192 ἀπο-

440 2224 715 2296 κρύψεως,
747 2227 823 2291 ώς
853 2229 954 2281 οὐκ
997 2228 1309 2299 ἐφάψασθαι
1346 2229 1441 2282 τοῦ
1487 2229 1764 2300 βελτίστου
1797 2231 2021 2285 δυνατὸν

435 2315 670 2388 γλώττῃ,
695 2317 841 2389 μόνῳ
861 2318 920 2372 δὲ
948 2319 1026 2391 τῷ
1054 2319 1149 2390 νῷ.
1179 2321 1328 2373 »Ἔτι
1352 2320 1488 2392 πρὸς
1506 2320 1716 2385 τούτοις
1735 2321 1861 2392 έξῆς
1889 2321 2021 2375 ὑπο-

436 2407 556 2473 ϐὰς,
589 2409 715 2462 τάδε
751 2409 911 2481 φησί’
949 2429 968 2461 ‹
991 2410 1352 2482 Φανερώτατα
1384 2411 1440 2465 δὲ
1462 2412 1820 2484 Μεγασθένης
1841 2415 1872 2466 6
1893 2431 2023 2482 συγ-

434 2503 701 2572 γραφεὺς,
728 2504 756 2556 6
786 2501 1034 2573 Σελεύκῳ
1059 2503 1136 2574 τῷ
1166 2504 1428 2576 Νικάνορι
1442 2505 1849 2577 συμϐεϐιωκὼς,
1869 2507 1926 2559 ὲν
1953 2509 2018 2578 τῇ

432 2592 591 2664 τρίτῃ
642 2593 751 2646 τῶν
800 2593 1058 2649 Ἰνδικῶν
1113 2589 1215 2650 ὦδε
1263 2597 1500 2668 γράφει·
1540 2599 1790 2652 Ἂπαντα
1838 2599 2020 2669 μέντοι

434 2683 502 2738 τὰ
523 2686 649 2757 περὶ
679 2686 893 2756 φύσεως
920 2689 1186 2759 εἰρημένα
1213 2690 1366 2761 παρὰ
1391 2692 1502 2754 τοῖς
1529 2691 1775 2763 ἀρχαίοις
1801 2690 2023 2760 λέγεται

433 2775 528 2829 καὶ
580 2777 731 2848 παρὰ
776 2781 890 2841 τοῖς
922 2778 1026 2842 ἔξω
1069 2781 1176 2850 τῆς
1228 2781 1474 2844 Ἑλλάδος
1531 2780 1912 2851 φιλοσοφοῦσι·
1948 2781 2019 2835 τὰ

434 2866 535 2937 μὲν
560 2869 712 2940 παρὰ
743 2872 856 2931 τοῖς
901 2871 1083 2934 Ἰνδοῖς
1115 2871 1221 2925 ὑπὸ
1252 2873 1361 2925 τῶν
1393 2874 1754 2945 Βραχμάνων,
1785 2872 1852 2926 τὰ
1876 2872 1933 2925 δὲ
1961 2875 2018 2926 ὲν

430 2955 601 3028 Συρίᾳ
661 2958 764 3012 ὑπὸ
809 2959 916 3012 τῶν
950 2960 1298 3032 καλουμένων
1328 2963 1616 3018 Ἰουδαίων.
1653 2983 1672 3016 ι
1707 2965 1828 3016 Ἔτι
1881 2963 2019 3033 πρὸς

427 3044 637 3109 τούτοις
669 3047 972 3118 ὁΚλήμηςι
1003 3047 1414 3118 Ἀριστοϐούλου
1444 3050 1538 3103 τοῦ
1581 3050 2015 3122 περιπατητικοῦ

429 3137 525 3189 καὶ
553 3138 869 3208 Νουμηνίου,
896 3139 990 3192 τοῦ
1031 3139 1396 3214 πυθαγορείου
1428 3142 1775 3213 μνημονεύει,
1807 3143 2011 3212 λέγων·

2126 1953 2182 2013 in
2218 1952 2552 2027 cujusquam
2587 1950 2883 2005 animantis
2936 1950 3173 2019 speciem
3208 1947 3460 2017 ﬁngendo
3490 1956 3704 2001 averte-

2123 2045 2215 2102 rit.
2248 2044 2509 2114 Adeoque
2536 2044 2668 2104 totis
2706 2043 2899 2098 saltem
2936 2040 3134 2112 primis
3156 2039 3504 2110 septuaginta
3533 2053 3702 2108 supra

2123 2143 2342 2196 centum
2409 2135 2609 2204 annis,
2643 2117 2844 2208 templa
2884 2131 3106 2202 quidem
3186 2128 3545 2194 aediﬁcarunt,
3597 2129 3694 2184 sed

2123 2227 2334 2286 nullam
2409 2227 2656 2282 omnino.
2723 2238 2902 2295 neque
2977 2223 3202 2289 ﬁctam,
3259 2237 3437 2291 neque
3495 2221 3701 2291 pictam

2127 2320 2424 2391 imaginem
2495 2306 2854 2374 intulerunt.
2902 2314 3019 2372 Hoc
3076 2315 3221 2371 enim
3273 2315 3422 2384 ipsos
3485 2313 3704 2369 occulte

2120 2411 2297 2467 Numa
2353 2411 2562 2478 docuit,
2619 2426 2726 2465 non
2793 2409 3003 2479 lingua,
3085 2409 3181 2464 sed
3229 2415 3412 2462 mente
3461 2407 3576 2463 sola
3619 2406 3700 2471 id,

2121 2503 2269 2573 quod
2307 2503 2573 2572 optimum
2628 2507 2736 2568 est,
2771 2499 2964 2570 attingi
3022 2514 3207 2570 posse.
3274 2496 3527 2564 rQuibus
3582 2497 3702 2552 haec

2120 2594 2284 2649 etiam
2313 2594 2568 2663 deinceps
2618 2581 2862 2663 adjungit
2887 2608 2900 2645 :
2933 2607 2952 2641 ι
2980 2589 3346 2662 Megasthenis
3374 2599 3576 2655 autem,
3609 2589 3699 2643 in-

2119 2688 2260 2758 quit,
2313 2687 2579 2750 historici,
2616 2685 2712 2756 qui
2765 2699 2891 2740 cum
2949 2682 3180 2739 Seleuco
3227 2681 3502 2738 Nicanore
3537 2681 3694 2745 vixit,

2118 2780 2260 2835 libro
2304 2778 2382 2834 De
2409 2779 2563 2833 rebus
2603 2776 2808 2832 Indicis
2844 2776 3024 2841 tertio,
3053 2775 3395 2830 clarissimus
3427 2775 3514 2828 hic
3547 2776 3700 2830 locus

2118 2879 2204 2926 est
2235 2864 2552 2942 :Quidquid
2598 2868 2667 2922 ab
2730 2865 2974 2937 antiquis
3025 2867 3092 2921 de
3125 2875 3322 2920 natura
3349 2866 3556 2920 dictum
3591 2875 3697 2932 est,

2116 2975 2310 3016 eorum
2341 2963 2504 3014 etiam
2531 2959 2626 3028 qui
2656 2966 2810 3012 extra
2838 2956 3102 3011 Graeciam
3130 2955 3613 3025 philOSOphantur,
3638 2966 3700 3012 ut

2116 3052 2522 3108 Brachmanum
2568 3049 2712 3121 apud
2749 3048 2936 3112 Indos,
2967 3058 3020 3101 et
3071 3045 3392 3100 Judaaorum
3420 3045 3475 3099 in
3509 3045 3692 3124 Syria,

2117 3159 2373 3201 sermone
2416 3127 2808 3198 celebratura'
2854 3137 2934 3192 Ac
2987 3151 3183 3192 rursus
3245 3135 3389 3190 idem
3440 3135 3696 3192 Clemens

432 3246 454 3279 ε
465 3227 879 3300 ,Ἀριστόϐουλος
893 3230 950 3283 δὲ
965 3231 1021 3283 ὲν
1041 3230 1120 3301 τῷ
1135 3231 1336 3303 πρώτῳ
1351 3233 1458 3285 τῶν
1475 3234 1632 3301 Πρὸς
1646 3234 1755 3286 τὸν
1765 3237 1952 3303 Φιλομ
1960 3233 2015 3302 ή-

2117 3236 2491 3293 Aristobulum
2538 3231 2948 3308 peripateticum
2995 3239 3050 3284 et
3111 3227 3442 3283 Numenium
3498 3229 3696 3299 pytha-

427 3322 763 3388 τορα,’κατὰ
793 3321 937 3387 λέξιν
968 3323 1171 3394 γράφει
1196 3340 1208 3353 ·
1239 3323 1698 3397 Κατηκολούθηκε
1722 3326 1780 3379 δὲ
1811 3327 1840 3378 ὁ
1871 3328 2014 3383 Πλά-

427 3429 534 3469 των
559 3413 625 3482 τῇ
653 3411 774 3464 καθ’
793 3415 941 3484 ἡμᾶς
972 3413 1388 3486 νομοθεσίᾳ,καὶ
1409 3417 1640 3487 φανερός
1654 3418 1768 3470 ἐστι
1785 3435 2010 3485 περιερο

426 3504 696 3574 γασμένος
722 3503 928 3559 ἕκαστα
946 3506 1052 3559 τῶν
1068 3507 1126 3560 ὲν
1155 3507 1292 3578 αύτῇ
1317 3507 1642 3577 λεγομένων.
1668 3509 2011 3581 Διηρμήνευ-

425 3614 516 3649 ται
541 3597 598 3651 δὲ
611 3598 717 3670 πρὸ
727 3601 1037 3672 Δημητρίου
1051 3601 1139 3670 ὑφ’
1161 3601 1247 3654 ἑτέ
1255 3619 1383 3672 ρων,
1400 3603 1506 3673 πρὸ
1526 3602 1626 3671 τῆς
1661 3601 2012 3673 Ἀλεξάνδρου

427 3692 523 3745 καὶ
538 3690 761 3763 Περσῶν
774 3691 1044 3764 ὲπικρατή
1053 3692 1286 3755 σεως,τά
1305 3709 1365 3744 τε
1392 3691 1532 3745 κατὰ
1545 3692 1642 3764 τὴν
1661 3692 1718 3758 ἐξ
1734 3693 2014 3761 Αἰγύπτου

427 3783 706 3856 ἐξαγωγὴν
731 3783 840 3837 τῶν
882 3783 1146 3856 Ἐϐραίων
1182 3783 1291 3837 τῶν
1322 3783 1605 3856 ἡμετέρων
1633 3783 1886 3851 πολιτῶν,
1917 3787 2013 3841 καὶ

426 3875 459 3944 ή
494 3873 602 3926 τῶν
651 3873 952 3942 γεγονότων
1010 3871 1268 3925 ἁπάντων
1311 3872 1495 3934 αὐτοῖς
1541 3871 1868 3940 ἐπιφάνεια,
1918 3873 2012 3933 καὶ

428 3965 691 4035 κράτησις
722 3965 821 4033 τῆς
847 3961 1047 4033 χώρας,
1080 3962 1174 4016 καὶ
1194 3961 1293 4032 τῆς
1319 3961 1448 4032 ὅλης
1476 3961 1796 4032 νομοθεσίας
1821 3963 2013 4034 ἐπεξή-

426 4070 607 4125 γησις.
640 4055 801 4107 Ὥστε
848 4053 1069 4125 εὔδηλον
1100 4048 1241 4104 εἶναι
1285 4051 1377 4104 τὸν
1417 4052 1812 4124 προειρημένον
1862 4053 2012 4122 φιλό-

429 4163 588 4215 σοφον
614 4145 891 4216 εἰληφέναι
916 4143 1109 4208 πολλὰ,
1130 4143 1325 4211 γέγονε
1344 4142 1454 4214 γὰρ
1477 4142 1814 4215 πολυμαθὴς,
1828 4143 2011 4207 καθὼς

425 4237 521 4294 καὶ
548 4236 872 4307 Πυθαγόρας
904 4233 1076 4289 πολλὰ
1095 4233 1204 4287 τῶν
1235 4235 1366 4304 παρ’
1401 4235 1532 4305 ἡμῖν
1562 4233 1901 4305 μετενεγκὼν
1930 4235 2010 4298 εἰς

425 4332 522 4403 τὴν
568 4332 761 4385 ἑαυτοῦ
801 4329 1244 4402 δογματοποιίαν.
1278 4329 1585 4400 Νουμήνιος
1614 4327 1670 4380 δὲ
1707 4328 1738 4380 6
1769 4328 2010 4398 πυθαγο-

426 4421 579 4492 ρικδς
611 4421 895 4492 φιλόσοφος
933 4423 1191 4492 ἄντικρυς
1221 4419 1450 4491 γράφει·
1487 4418 1552 4471 Τί
1583 4419 1691 4490 γάρ
1724 4420 1838 4473 ἐστι
1864 4420 2009 4475 Πλά-

425 4527 532 4565 των
558 4509 592 4581 ἢ
653 4512 892 4583 Μωῦσῆς
919 4511 1244 4577 ἁττικίςων;
1285 4529 1304 4564 ι
1342 4509 1528 4563 Ταῦτα
1558 4510 1586 4562 6
1611 4509 1865 4582 Κλήμης.

2115 3344 2359 3400 gormum
2403 3325 2589 3381 laudat
2614 3324 2700 3379 his
2725 3323 2907 3379 verbis
2934 3341 2949 3377 :
2977 3322 3354 3377 «Aristobulus
3385 3319 3463 3373 ‘in
3515 3321 3695 3388 primo

2113 3435 2329 3485 eorum,
2365 3433 2506 3488 quos
2537 3418 2607 3472 ad
2647 3416 3010 3470 Philomelam
3040 3413 3266 3485 scripsit
3303 3414 3455 3468 hunc
3488 3412 3544 3468 in
3575 3429 3696 3467 mo-

2113 3511 2244 3566 dum
2273 3509 2553 3587 loquitur:
2605 3507 2762 3570 Plato
2793 3497 2922 3586 ‘iv'puse
2953 3523 3174 3578 quoque
3219 3507 3436 3576 reipub.
3483 3519 3693 3563 nostra:

2114 3603 2261 3674 leges
2291 3612 2346 3658 et
2386 3602 2636 3657 instituta
2667 3609 2905 3656 sectatus
2933 3610 3038 3668 est,
3079 3615 3110 3655 a
3141 3615 3251 3672 quo
3281 3609 3465 3670 partes
3497 3615 3692 3656 eorum

2114 3695 2360 3766 singulas
2410 3693 2631 3749 curiose
2645 3707 2709 3748 ac
2736 3692 3024 3764 diligenter
3052 3694 3326 3764 inspectas
3347 3702 3402 3748 et
3431 3708 3693 3749 excussas

2112 3801 2234 3842 esse
2258 3793 2498 3841 constat.
2519 3783 2656 3838 Nam
2689 3785 2758 3840 ab
2775 3785 2890 3839 alio
2912 3785 3146 3856 quodam
3176 3795 3302 3839 ante
3332 3783 3690 3845 Demetrium,

2114 3879 2361 3948 adeoque
2422 3885 2548 3934 ante
2593 3876 2890 3932 Alexandri
2939 3891 3005 3932 ac
3053 3875 3346 3932 Persarum
3396 3875 3692 3946 imperium

2113 3983 2377 4025 conversa
2411 3967 2598 4024 Graece
2643 3968 2880 4035 fuerant,
2925 3983 3036 4023 non
3065 3982 3128 4022 ea
3168 3969 3356 4031 modo,
3397 3982 3522 4037 quae
3561 3967 3692 4022 dum

2112 4055 2273 4132 411
2307 4071 2374 4110 ex
2401 4054 2636 4128 Egypto
2666 4055 2878 4112 Hebraei
2929 4057 3073 4112 cives
3101 4057 3276 4112 nostri
3304 4056 3688 4125 educerentur,

2112 4147 2207 4200 sed
2265 4146 2429 4200 etiam
2486 4160 2828 4216 quaecunque
2859 4146 2967 4200 illis
2999 4147 3332 4218 singularem
3384 4148 3450 4203 ad
3482 4148 3691 4203 famam

2111 4235 2346 4307 insignia
2371 4237 2739 4308 contigerunt,
2751 4245 2868 4291 tum
2891 4237 3350 4307 quemadmodum
3377 4253 3442 4293 ea
3465 4239 3692 4309 regione

2109 4329 2268 4399 potiti
2338 4329 2470 4394 sint,
2537 4327 2783 4396 adeoque
2836 4327 2998 4398 laesis
3059 4328 3315 4383 universa
3359 4329 3686 4398 complexio.

2112 4419 2293 4487 Quare
2319 4419 2526 4475 nemini
2557 4418 2785 4474 dubium
2813 4434 2936 4476 esse
2969 4427 3151 4490 potest
3179 4420 3313 4490 quin
3356 4420 3530 4476 multa
3564 4421 3690 4476 inde

2110 4511 2366 4568 laudatus
2385 4511 2744 4582 philosophus
2763 4511 3094 4582 excerpserit
3117 4528 3130 4565 :
3157 4509 3518 4582 plurimarum
3541 4512 3689 4566 enim

425 4619 606 4660 rerum
637 4603 867 4661 scientia
913 4603 1118 4667 ﬂoruit,
1169 4601 1630 4672 quemadmodum
1680 4611 1736 4657 et
1793 4602 2153 4674 Pythagoras,
2212 4604 2307 4673 qui
2365 4611 2421 4658 et
2454 4603 2570 4674 ipse
2601 4603 2870 4673 permulta
2912 4603 3116 4658 nostris
3148 4618 3180 4658 e
3208 4603 3419 4674 legibus
3444 4603 3690 4666 insecta

424 4713 538 4755 suae
591 4708 858 4771 praecepta
912 4699 1177 4755 traduxit.
1226 4696 1384 4764 Quod
1426 4706 1608 4752 autem
1661 4695 1995 4753 Numenium
2061 4699 2452 4769 philosophum
2497 4699 2910 4770 pythagoricum
2974 4699 3185 4766 attinet,
3233 4697 3512 4768 ipsissima
3572 4697 3690 4754 hac

423 4791 587 4846 verba
617 4792 780 4848 habet
804 4810 818 4846 :
847 4789 989 4857 Quid
1018 4793 1164 4847 enim
1188 4791 1336 4845 aliud
1356 4789 1612 4846 Platovest
1641 4807 1806 4862 quam
1830 4791 2046 4864 Moyses
2081 4793 2261 4852 Attica
2290 4794 2475 4865 lingua
2501 4793 2772 4864 loquens?
2807 4812 2839 4847 ι.
2862 4792 3039 4863 Atque
3071 4793 3176 4848 ista
3205 4791 3476 4848 Clemens.

960 4902 1362 4957 ΚΕΦΑΛΑΙΟΝ
1401 4904 1473 4956 Z'.

2703 4905 2933 4962 CAPUT
2973 4905 3086 4961 VII.

453 5018 793 5091 Νουμηνζου
843 5015 950 5091 τοῦ
997 5013 1398 5091 πυθαγορικρῦ
1420 5017 1788 5091 *φιλοσόφου
1807 5015 1991 5091 ῌπερι,

2117 5017 2185 5072 De
2212 5016 2441 5086 Iudaeis,
2474 5035 2540 5073 ea:
2570 5016 2837 5091 Numenii
2849 5019 3153 5091 philosophi
3177 5021 3504 5091 pythagorici
3549 5020 3685 5076 libro

575 5084 888 5152 Ἰουδαίων,
918 5085 1038 5141 ἀπὸ
1065 5086 1173 5139 τοῦ
1195 5084 1246 5139 α)
1269 5084 1390 5138 τῶν
1411 5084 1552 5154 Περὶ
1577 5085 1857 5155 τάγαθοῦ.
1915 5084 1923 5085 ί

2428 5084 2434 5086 ἡ
2630 5090 2803 5156 primo
2835 5084 2914 5144 De
2955 5084 3109 5145 bono.

492 5199 603 5252 Καὶ
650 5199 815 5253 αὐτοῦ
866 5200 924 5253 δὲ
975 5198 1070 5252 τοῦ
1115 5199 1484 5272 πυθαγορικοῦ
1546 5200 1856 5270 φιλοσόφου,
1904 5199 2016 5255 τοῦς

390 5291 730 5362 ,Νουμηνίου
778 5291 942 5360 λέγω,
997 5291 1106 5344 ἀπὸ
1157 5291 1255 5344 τοῦ
1297 5291 1512 5368 πρώτου
1553 5291 1695 5360 Περί
1745 5293 2003 5362 τάγαθοῦ

427 5383 549 5436 τάδε
579 5383 1000 5456 παραθήσομαιο
1024 5403 1042 5434 ι
1067 5385 1161 5447 Εἰς
1176 5384 1234 5438 δὲ
1260 5385 1417 5438 τοῦτο
1431 5384 1633 5456 δεήσει,
1659 5385 1881 5438 εἰπόντα
1908 5385 2001 5438 καὶ

427 5473 804 5546 σημηνάμενον
833 5476 952 5538 ταῖς
1002 5475 1326 5546 μαρτυρίαις
1366 5473 1461 5528 τοῦ
1513 5475 1818 5540 Πλάτωνος,
1866 5476 1998 5528 ἀνα-

494 5649 958 5725 ς85λΚλέιιρχος.
1006 5649 1258 5708 Clemens
1311 5653 1429 5710 haec
1475 5654 1638 5710 habet
1684 5670 1806 5725 pag.
1867 5655 1993 5720 29.3,

426 5717 554 5773 edit.
587 5717 930 5775 CrwcoéL‘at.

493 5790 604 5861 (86)
633 5789 887 5844 Εὶδέναι.
936 5789 1171 5844 Dubium
1218 5801 1320 5859 est,
1389 5809 1587 5850 eumne
1661 5794 1762 5850 sibi
1815 5795 1991 5850 visum

422 5856 594 5916 fuisse
620 5861 784 5929 dicat,
817 5871 912 5916 aut
943 5872 1218 5933 utcunque
1243 5856 1542 5935 cognitum.

2179 5202 2337 5258 Libet
2356 5211 2536 5258 autem
2558 5219 2626 5258 ex
2659 5204 2837 5274 primo
2863 5203 3108 5274 ejusdem
3144 5202 3397 5259 Numenii
3418 5203 3497 5260 De
3526 5206 3679 5272 bona,
3723 5225 3730 5231 ·

2105 5295 2255 5352 hunc
2283 5307 2544 5366 praeterea
2575 5296 2758 5351 locum
2787 5296 3060 5366 subjicere
3090 5313 3105 5350 :
3145 5315 3164 5349 ι
3219 5296 3326 5363 Qui
3384 5297 3548 5362 hanc,
3599 5299 3685 5352 in-

2107 5389 2248 5459 quit,
2273 5389 2329 5442 in
2356 5389 2781 5459 disputationem
2824 5389 3107 5457 ingressus
3155 5387 3403 5444 Platonis
3445 5405 3565 5444 eam
3604 5400 3683 5446 te-

2105 5479 2382 5535 stimoniis
2409 5479 2732 5548 obsignarit,
2765 5477 3013 5532 eamdem
3044 5478 3115 5532 ab
3147 5477 3268 5548 ipso
3321 5494 3543 5550 quoque
3588 5498 3682 5535 sn-

2175 5656 2288 5726 (87)
2319 5656 2716 5731 Πυθαγόρειος
2740 5655 2855 5725 μὲν
2877 5653 2974 5731 ἦν.
2998 5654 3258 5714 Immanis
3283 5660 3349 5714 de
3374 5658 3682 5731 Pythagora

2107 5725 2542 5800 προχρονισμός-,
2592 5728 2646 5800 in
2703 5741 2812 5794 quo
2847 5725 3062 5800 mirum
3108 5738 3192 5782 est
3235 5725 3682 5787 etiam'haes'isse

2103 5793 2456 5853 Clementem.
2496 5793 2570 5852 De
2604 5798 2706 5852 hoc
2720 5793 2792 5851 iet
2814 5797 3085 5853 similibus
3115 5800 3208 5854 lib.
3243 5817 3285 5854 χ.
3313 5802 3676 5865 commodius.
