4194 6412
544 391 650 450 695
1216 385 1487 442 EUSEBIl
1527 384 2014 441 casamsnsns
2050 384 2200 441 ore.
2244 385 2423 444 rans
2457 387 2521 443 ll.
2559 387 3125 445 —-APOLOGETICA.
3667 389 3771 446 eos

541 516 809 585 perierem
831 511 899 566 ad
919 517 1128 565 aetatem
1156 510 1438 574 redeunte,
1467 525 1593 564 cum
1619 510 1792 579 ipsius
1824 507 2096 580 Pythago-

2213 511 2566 585 χωρήσασθαι
2587 513 2681 567 καὶ
2702 511 3189 583 ξυνδήσασθαιτοῖς
3217 509 3398 579 λόγοις
3419 508 3516 562 τοῦ
3539 510 3794 578 Πυθαγό-

543 623 617 662 rae
648 606 828 660 verbis
864 603 1256 674 praeceptisque
1289 603 1535 672 copulari
1583 602 1872 672 Oportebit.
1910 601 2096 656 Gentes

2215 621 2308 676 pou
2333 622 2347 636 ·
2368 605 2790 659 ἐπικαλέσασθαι
2811 605 2868 658 δὲ
2878 605 2946 658 τά
2970 603 3096 674 ἔθνη
3114 602 3182 656 τὰ
3194 601 3604 673 εὐδοκιμοῦντα,
3627 620 3797 674 προσ-

540 701 592 755 ei
619 705 880 769 praeterea
909 692 1279 750 celeberrima:
1327 693 1662 762 appellandae
1693 702 1875 760 erunt,
1921 693 2096 764 singu-

2213 697 2511 768 φερόμενον
2560 696 2736 751 αὐτῶν
2769 696 2867 762 τὰς
2896 697 3138 760 τελετάς,
3170 697 3264 750 καὶ
3302 696 3372 750 τὰ
3399 695 3664 768 δόγματα,
3694 698 3795 765 τάς

539 790 829 858 larumque
868 785 1160 850 sacriticia,
1186 785 1347 850 ritus,
1378 783 1647 848 instituta,
1679 800 1802 854 quae
1836 800 1965 839 cum
1991 786 2096 854 pla‘

2209 807 2268 844 τε
2306 789 2540 862 ἱδρύσεις
2574 789 2995 859 συντελουμένας
3038 770 3288 843 Πλάτωνι
3324 789 3792 862 ὁμολογουμένως,

539 879 739 934 tonicis
770 878 996 933 omnino
1034 875 1406 941 consentiunt,
1448 875 1794 945 proferenda,
1838 886 2096 948 quotquot

2209 881 2413 944 ὁπόσας
2439 882 2760 952 Βραχμᾶνες
2785 882 2880 935 καί¹
2921 882 3184 947 Ἰουδαῖοι,
3218 884 3313 935 καὶ
3333 884 3534 951 Μάγοι,
3565 885 3660 938 καὶ
3700 887 3794 939 Αί-

536 990 566 1026 a
615 970 995 1034 Brachmanis,
1047 967 1273 1029 ludatis,
1323 967 1519 1039 Magis,
1574 967 1846 1041 Egyptiis
1899 969 2108 1026 sancita

536 1075 684 1121 sunt.
724 1082 744 1116 ι
779 1061 907 1118 Haec
932 1061 1042 1116 ille.

1112 1173 1342 1230 CAPUT
1383 1173 1520 1228 VIII.

533 1261 616 1347 De
643 1290 824 1362 Moyse
847 1287 1010 1343 simul
1047 1303 1110 1342 ac
1140 1286 1464 1375 Iudicia-ex
1494 1286 1631 1340 libro
1658 1286 1892 1355 ejusdem
1925 1289 2102 1342 tertio.

603 1401 707 1468 Qui
733 1415 926 1456 rursus
948 1399 1089 1453 libro
1117 1397 1279 1454 tertio
1303 1397 1504 1468 Moysis
1529 1398 1859 1453 mentionem
1885 1398 1970 1454 bis
1992 1415 2107 1454 ver-

531 1495 616 1550 bis
648 1493 816 1549 facit:
844 1509 862 1542 c
893 1491 1159 1561 Deinceps
1200 1505 1348 1557 vero,
1395 1491 1595 1560 inquit,
1624 1489 1826 1548 Jannes
1868 1500 1923 1547 et
1951 1490 2102 1546 Jam-

531 1586 678 1650 bres,
704 1585 899 1640 scribae
923 1598 1106 1639 rerum
1135 1598 1418 1638 sacrarum
1445 1581 1707 1653 Egyptii,
1729 1598 1838 1653 quo
1862 1593 2104 1654 tempore

530 1675 753 1747 Egypti
801 1675 1001 1731 ﬁnibus
1053 1674 1212 1744 ejecti
1267 1672 1438 1728 Judaei
1489 1683 1638 1739 sunt,
1686 1675 1951 1742 claruere,
1998 1675 2102 1730 viri

530 1767 777 1820 omnium
801 1764 1014 1836 judicio
1042 1779 1228 1819 rerum
1253 1763 1589 1834 magicarum
1622 1763 1852 1819 scientia
1894 1764 2102 1820 nemini

2208 973 2431 1041 γύπτιοι
2458 973 2713 1027 διέθεντο.
2753 993 2773 1026 ι
2805 973 2990 1027 Ταῦτα
3026 975 3125 1045 μὲν
3153 970 3245 1028 οὖν
3275 976 3405 1045 περὶ
3429 974 3617 1031 τῶνδε.

2744 1159 3141 1214 ΚΕΦΑΛΑΙΟΝ
3181 1160 3264 1212 H'.

2213 1271 2321 1326 Τοῦ
2336 1272 2521 1325 αὑτοῦ
2551 1273 2682 1340 περὶ
2710 1272 3007 1342 Μωῡσέως
3029 1273 3178 1341 ὁμοῦ
3207 1274 3303 1327 καὶ
3327 1274 3460 1342 περὶ
3475 1273 3790 1340 Ἰουδαίων,

2442 1343 2562 1396 ἀπὸ
2591 1343 2698 1397 τοῦ
2726 1349 2775 1413 γ’
2803 1341 2915 1411 τῆς
2947 1343 3138 1412 αὐτῆς
3165 1341 3530 1410 ὑποθέσεως.

2276 1456 2387 1509 Καὶ
2431 1457 2489 1509 ἐν
2534 1459 2601 1526 τῇ
2669 1457 2830 1530 τρίτῃ
2898 1458 2955 1512 δὲ
3003 1457 3168 1528 βίϐλῳ
3219 1459 3497 1522 Μωῦσέως
3559 1462 3588 1513 ὁ
3628 1460 3790 1525 αὐτὸς

2204 1547 2330 1601 τάδε
2381 1549 2556 1617 λέγων
2609 1550 2959 1622 μνημονεύειο
2994 1570 3012 1603 ι
3049 1551 3129 1604 Τὰ
3170 1551 3214 1604 δ’
3265 1550 3392 1621 ἑξῆς
3439 1553 3643 1622 Ἰαννῆς
3695 1555 3790 1608 καὶ

2217 1641 2492 1714 Ἰαμϐρῆς,
2526 1643 2814 1712 Αἰγύπτιοι
2844 1646 3328 1717 ἱερογραμματεῖς,
3353 1645 3546 1716 ἄνδρες
3577 1646 3791 1710 οὐδενὸς

2203 1736 2397 1805 ἥττους
2433 1736 2702 1806 μαγεῦσαι
2748 1737 3026 1809 κριθέντες
3051 1733 3208 1802 εἶναι,
3245 1739 3337 1791 ἐπὶ
3376 1738 3642 1792 Ἰουδαίων
3669 1740 3788 1804 ἐξε-

529 1826 912 1913 concedenles.
946 1855 1158 1926 Quippe
1181 1826 1590 1930 ambovquidem
1619 1857 1902 1911 communi
1931 1855 2096 1929 ngy-

2204 1826 2550 1897 λαυνομένων
2578 1827 2636 1895 ἐξ
2659 1828 2952 1897 Αἰγύπτου.
2977 1830 3234 1901 Μουσαίῳ
3255 1829 3384 1899 γοῦν
3410 1830 3489 1901 τῷ
3523 1831 3790 1886 Ἰουδαίων

526 1949 766 2017 ptiorum
802 1963 1073 2004 consensu
1105 1947 1298 2002 delecti
1342 1957 1491 2015 sunt,
1521 1949 1616 2019 qui
1639 1948 1842 2004 Musaeo
1864 1949 1989 2004 duci
2011 1948 2101 2003 Ju-

525 2041 792 2106 daeorum,
825 2041 986 2110 cujus
1035 2039 1178 2110 apud
1221 2038 1393 2093 Deum
1455 2042 1851 2111 potentissima:
1909 2057 2100 2112 preces

523 2139 701 2200 erant,
726 2147 845 2188 sese
888 2141 1242 2202 opponerent,
1271 2134 1518 2202 adeoque
1551 2133 1908 2202 gravissimas
1929 2148 2098 2204 quas-

522 2239 632 2295 que
684 2224 1025 2279 calamitates
1076 2240 1107 2279 a
1149 2225 1349 2280 Musaeo
1403 2226 1458 2280 in
1507 2223 1805 2297 Egyptum
1855 2226 2100 2282 invectas

521 2315 771 2371 omnium
805 2316 859 2370 in
891 2315 1067 2370 oculis
1107 2316 1406 2372 dissolvere
1458 2333 1523 2372 ac
1573 2317 1841 2386 dissipare
1892 2325 2091 2387 potue-

521 2418 670 2464 runt.
706 2425 726 2460 ι
771 2406 934 2482 412
980 2405 1192 2474 Quibus
1225 2424 1355 2466 sane
1384 2409 1565 2464 verbis
1615 2407 1940 2473 Numenius,
1971 2425 2096 2463 cum

519 2497 795 2555 editorum
827 2512 859 2551 a
879 2495 1064 2569 Moyse
1091 2498 1508 2564 miraculorum,
1533 2509 1648 2554 tum
1670 2499 1838 2553 divini
1867 2514 1995 2570 erga
2014 2501 2098 2569 ip-

519 2605 642 2646 sum
697 2589 902 2647 amoris
933 2591 1311 2662 consignatum
1348 2591 1508 2648 ﬁdem
1559 2607 1623 2648 ac
1677 2599 1934 2648 testatam
1968 2591 2097 2647 reli-

517 2681 659 2753 quit.

1118 2795 1355 2854 CAPUT
1393 2796 1486 2851 IX.

839 2911 927 2966 Ea:
961 2912 1190 2968 Cltmrilo
1223 2921 1400 2981 poeta,
1427 2914 1492 2967 de
1518 2912 1751 2968 Iudicis.

585 3047 704 3104 Jam
735 3064 866 3104 vero
895 3049 1170 3108 Choerilus
1219 3052 1407 3118 etiam,
1454 3060 1608 3121 poeta
1661 3051 2091 3115 vetustissimus,

514 3139 757 3196 Judaicae
790 3142 967 3212 gentis
999 3143 1271 3210 meminit,
1310 3158 1376 3198 ex
1409 3159 1515 3213 qua
1566 3144 1868 3214 permultos
1897 3158 2088 3198 susce-

512 3243 619 3302 pta:
657 3249 689 3286 a
737 3231 919 3288 Xerxe
967 3248 1094 3304 rege
1138 3235 1426 3289 adversum
1460 3234 1679 3291 Graecos
1728 3235 2089 3306 expeditionis
2117 3198 2161 3258 δ

513 3324 696 3379 socios
718 3322 888 3379 fuisse
913 3333 1146 3380 testatur
1170 3325 1258 3380 bis
1287 3325 1466 3380 verbis
1495 3345 1508 3380 :

495 3429 742 3503 .Trajicit
769 3432 892 3485 inde
925 3432 1196 3503 hominum
1221 3451 1380 3503 genus
1412 3435 1727 3490 admirabile
1759 3439 1891 3492 visu.

513 3501 825 3554 Phaenicum
858 3502 1051 3555 similis
1091 3501 1282 3572 grandi
1309 3515 1463 3556 sonat
1489 3520 1577 3557 ore
1610 3506 1840 3576 loquela,

514 3638 788 3714 Montibus
819 3641 872 3693 in
900 3638 1130 3708 Solymis
1169 3642 1435 3714 nabilaul,
1481 3643 1734 3713 iuxtaque
1767 3646 2016 3714 paludem

513 3709 838 3764 Immensum
861 3725 878 3762 .'
904 3719 1170 3764 attonsum
1196 3711 1461 3781 squallens
1487 3709 1864 3782 caput-obsidet
1879 3715 2083 3770 horror.

512 3846 623 3902 Pro
649 3849 838 3918 galeis,
863 3849 1078 3919 derepta
1099 3851 1164 3904 ab
1187 3853 1352 3921 equis,
1373 3851 1668 3922 durataque
1692 3853 1838 3923 fumo

516 3987 626 4044 Ora
653 3989 848 4058 ferunt.

507 4082 588 4137 Ac
620 4081 839 4137 Judaaos
876 4082 1097 4152 quidem
1147 4083 1234 4138 bis
1292 4083 1362 4138 ab
1391 4097 1459 4138 co
1488 4082 1670 4140 verbis
1694 4099 1985 4154 expressos
2020 4100 2086 4141 ac

507 4175 820 4246 designatos
853 4189 977 4230 esse
1003 4175 1086 4230 vel
1141 4174 1268 4230 inde
1295 4184 1531 4243 constat,
1570 4178 1714 4248 quod
1747 4188 1799 4233 et
1832 4177 2085 4238 Hieroso-

509 4267 653 4338 lyma
684 4267 739 4320 in
768 4265 1049 4322 montibus
1073 4267 1140 4322 iis
1173 4282 1315 4337 quos
1349 4265 1601 4338 Solymos
1653 4268 1828 4325 Graeci
1859 4284 2078 4340 vocant,

506 4360 612 4413 sita
645 4358 756 4426 ,sit,
807 4369 862 4412 et
921 4373 1029 4413 non
1063 4357 1224 4430 longe
1257 4359 1326 4414 ab
1358 4359 1662 4430 Aspbaltile
1695 4363 1887 4432 palude
1917 4366 2080 4432 absit,

505 4465 648 4518 quae,
689 4458 750 4503 ut
776 4458 937 4518 poeta
981 4449 1244 4520 loquitur,
1283 4451 1552 4508 latissima
1580 4461 1685 4521 est,
1716 4455 2079 4528 omniumque

507 4539 680 4610 Syriae
710 4540 971 4610 paludum
1002 4542 1262 4595 maxima.

1125 4653 1356 4709 CAPUT
1395 4655 1464 4711 Χ.

505 4764 773 4834 Apollinis
798 4765 862 4818 de
892 4763 1132 4818 Hebraeis
1168 4765 1408 4888 orac‘ula,
1437 4781 1500 4820 ea:
1536 4765 1858 4837 Porphyrio,
1884 4769 2077 4838 aequali

1189 4852 1280 4888 nos
1309 4852 1390 4888 ro.

1189 4852 1390 4890 nostra.

574 4942 914 5014 Porphyrius
955 4953 1159 5007 autem,
1188 4943 1328 4998 libro
1373 4945 1553 5014 primo
1605 4944 1679 4999 De
1733 4948 2072 5000 oraculorum

500 5034 856 5104 philosophia,
908 5049 1072 5091 suum
1123 5035 1295 5105 ipsius
1356 5035 1542 5100 deum,
1603 5035 1837 5092 Hebraeae
1874 5039 2073 5107 gentis,

503 5142 612 5182 una
642 5142 766 5182 cum
795 5128 1005 5184 czeteris
1032 5127 1335 5199 prudentia:
1382 5127 1526 5184 fama
1559 5131 1835 5186 nobilibus
1889 5131 2074 5186 claris-

500 5237 608 5290 que
649 5222 884 5290 populis,
921 5223 1244 5293 sapientiam
1288 5224 1601 5279 testimonio
1633 5239 1734 5291 suo
1758 5224 2070 5278 laudantem

500 5311 730 5367 inducit.
778 5313 1046 5382 Apollinis
1077 5324 1260 5370 autem
1311 5331 1633 5386 responsum
1666 5317 1797 5372 illud
1833 5325 1940 5384 est,
1975 5319 2070 5388 qui

501 5405 568 5458 ad
598 5405 752 5474 prius
787 5408 930 5463 edita
961 5407 1029 5463 de
1053 5409 1339 5465 sacriﬁciis
1370 5412 1614 5477 oracula,
1660 5414 1776 5468 haec
1811 5415 2070 5484 deinceps

501 5498 769 5569 adjungit,
803 5501 1004 5569 quibus
1033 5512 1292 5572 tanquam
1341 5504 1520 5559 omnis
1566 5505 1764 5559 divina:
1793 5507 2073 5576 sapientia:

500 5591 675 5660 plenis
704 5593 1014 5663 diligentius
1042 5596 1428 5652 attendendum
1455 5612 1576 5653 esse
1609 5599 1870 5669 praecipit.

572 5734 778 5803 (88-89)
821 5737 1110 5802 Χοίριλος.
1165 5735 1362 5791 Eadem
1399 5734 1667 5804 Josephus
1715 5738 1806 5794 lib.
1857 5754 1873 5795 ι
1926 5746 2062 5794 cont.

501 5806 772 5876 Apionem,
802 5821 924 5876 pag.
946 5806 1114 5884 ⁴1047.
1142 5809 1271 5862 edit.
1299 5807 1577 5863 Graeco-1..
2045 5865 2049 5869 ,

2205 1919 2615 1992 ὲξηγησαμένῳ,
2650 1922 2803 1994 ἀνδρὶ
2848 1923 3124 1993 γενομένῳ
3163 1922 3282 1994 Θεῷ
3325 1922 3585 1990 εὔξασθαι
3631 1925 3790 1979 δυναρ

2202 2013 2445 2082 τωτάτῳ,
2476 2015 2525 2066 oi
2553 2015 2896 2086 παραστῆναι
2930 2015 3252 2082 ἀξιωθέντες
3284 2017 3390 2071 ὑπὸ
3426 2016 3520 2070 τοῦ
3552 2017 3789 2088 πλήθους

2201 2102 2296 2156 τοῦ
2326 2103 2433 2157 τῶν
2480 2106 2813 2175 Αἰγυπτίων,
2841 2103 2985 2161 οὗτοι
3015 2103 3175 2179 ἦσαν,
3218 2109 3326 2163 τῶν
3362 2126 3422 2162 τε
3468 2108 3784 2180 συμφορῶν,

2200 2196 2268 2261 ἃς
2293 2199 2320 2250 ὁ
2350 2200 2620 2261 Μουσαῖος
2648 2200 2823 2269 ἐπῆγε
2853 2203 2920 2271 τῇ
2954 2199 3234 2270 Αἰγύπτῳ,
3260 2200 3360 2265 τὰς
3387 2202 3788 2265 νεανικωτάτας

2201 2288 2379 2342 αὐτῶν
2412 2289 2731 2343 ἐπιλύεσθαι
2755 2289 3014 2361 ὤφθησαν
3043 2292 3278 2345 δυνατοί.
3315 2313 3334 2345 »
3362 2293 3462 2346 Διὰ
3485 2293 3549 2364 δὴ
3578 2293 3786 2347 τούτων

2198 2383 2228 2435 ὁ
2276 2382 2586 2453 Νουμήνιος
2629 2385 2724 2436 καὶ
2771 2387 2885 2447 τοῖς
2912 2384 3023 2437 ,ὑπὸ
3063 2385 3342 2448 Μωῦσέως
3392 2385 3785 2440 ὲπιτελεσθεῖσι

2199 2472 2522 2546 παραδόξοις
2556 2476 2818 2547 θαύμασι,
2844 2478 2938 2530 καὶ
2979 2477 3127 2549 αὐτῷ
3158 2479 3216 2531 δὲ
3255 2479 3331 2542 ῶς
3371 2478 3610 2548 θεοφιλεῖ
3634 2495 3788 2547 γενο-

2203 2565 2349 2638 μένῳ
2383 2571 2670 2639 μαρτυρεῖ.

2733 2775 3127 2828 ΚΕΦΑΛΑΙΟΝ
3167 2775 3244 2830 8’.

2439 2887 2713 2955 Χοιρίλον
2742 2889 3011 2958 ποιητοῦ,
3042 2890 3176 2959 περὶ
3218 2889 3540 2945 Ἰουδαίων.

2267 3023 2374 3077 Τοῦ
2400 3023 2458 3077 δὲ
2476 3025 2742 3080 Ἰουδαίων
2763 3025 2946 3090 ἔθνους
2964 3028 3055 3081 καὶ
3071 3026 3320 3099 Χοίριλος
3347 3027 3784 3100 (88-89)άρχαίος

2195 3115 2483 3187 γενόμενος
2514 3119 2742 3189 ποιητὴς
2766 3120 3058 3190 μέμνηται,
3080 3121 3175 3174 καὶ
3201 3121 3278 3184 ὡς
3314 3121 3781 3192 συνεστράτευσαν

2192 3207 2273 3280 τῷ
2307 3207 2517 3278 βασιλεί
2558 3210 2734 3283 Ξέρξῃ
2763 3213 2856 3265 ἐπὶ
2879 3211 2978 3282 τὴν
3011 3212 3256 3267 Ἑλλάδα.
3291 3213 3453 3281 Λέγει
3496 3214 3552 3266 δὲ
3581 3211 3776 3274 οὕτως’

2197 3432 2319 3502 Τῶν
2342 3431 2394 3485 δ’
2429 3433 2637 3487 ὄπιθεν
2659 3433 2914 3487 διέϐαινε
2939 3434 3113 3502 γένος
3141 3430 3490 3502 θαυμαστὸν
3522 3431 3772 3502 ἰδέσθαι,

2191 3501 2498 3556 Γλῶσσαν
2528 3503 2647 3570 μὲν
2683 3499 3019 3556 Φοίνισσαν
3064 3503 3181 3554 ἀπὸ
3223 3500 3537 3568 στομάτων
3574 3499 3776 3570 ἀφιέν-

3652 3586 3772 3635 τες,

2194 3642 2416 3709 ’ᾨκουν
2442 3640 2495 3693 δ’
2517 3641 2587 3694 ἐν
2608 3641 2901 3709 Σολύμοις
2924 3641 3108 3708 ὄρεσι,
3135 3637 3364 3709 πλατέῃ
3388 3640 3546 3705 παρὰ
3565 3637 3772 3706 λιξιινῃ,

2187 3708 2529 3779 Αὐχμαλέοι
2564 3708 2855 3779 κεφαλὰς,
2908 3708 3377 3779 τροχοκουράδες
3422 3709 3774 3794 (δυ’)-Δαύτὰρ

2191 3849 2415 3902 Ἵππων
2461 3849 2649 3918 δαρτὰ
2696 3851 2962 3918 πρόσωπ’
3003 3850 3265 3919 ἐφόρουν
3297 3778 3774 3970 ἐσκλάιῖκὲτξιξθεῗέλ

3619 3933 3768 3970 πνω.

3619 3933 3768 3984 πνῳ.

2179 4079 2346 4151 Δῆλον
2379 4079 2426 4133 δ’
2450 4079 2618 4142 ἐστὶν,
2653 4078 2735 4132 ὅτι
2772 4079 2902 4150 περὶ
2935 4078 3204 4131 Ἰουδαίων
3236 4077 3385 4145 αύτῴ
3426 4073 3583 4130 ταῦτ’
3621 4075 3766 4148 εἴρη-

2179 4187 2288 4234 ται,
2319 4173 2383 4225 ἐκ
2408 4171 2503 4224 τοῦ
2534 4171 2626 4224 καὶ
2657 4169 2727 4222 τά
2766 4170 3109 4241 Ἰεροσόλυμα
3135 4171 3194 4223 ὲν
3236 4172 3346 4233 τοῖς
3378 4170 3506 4241 παρ’
3538 4168 3764 4237 Ἕλλησι

2181 4261 2438 4333 Σολύμοις
2485 4261 2902 4333 ὀνομαζομένοις
2951 4263 3102 4333 ὄρεσι
3149 4261 3382 4324 κεῖσθαι,
3429 4261 3652 4332 πλησίον
3704 4261 3762 4313 δὲ

2180 4349 2315 4408 εἶναι
2339 4355 2439 4426 τὴν
2467 4355 2807 4424 Ἀσφαλτῖτιν
2831 4352 3048 4424 λίμνην,
3070 4353 3414 4423 πλατυτάτην
3436 4349 3597 4406 οὖσαν
3619 4351 3762 4405 κατὰ

2181 4445 2271 4498 τὸν
2337 4446 2584 4516 ποιητὴν,
2645 4445 2740 4497 καὶ
2799 4443 3019 4514 μείζονα
3086 4443 3275 4496 πασῶν
3324 4443 3432 4494 τῶν
3479 4445 3535 4495 ἐν
3589 4443 3762 4515 Συρίᾳ.

2111 4531 2156 4585 Ι)
2181 4536 2403 4608 λιμνῶν.
2428 4536 2611 4589 Ταῦτα
2645 4535 2745 4606 μὲν
2767 4531 2858 4588 οὖν
2891 4535 2983 4588 καὶ
3013 4529 3188 4596 οὗτος.

2732 4651 3125 4705 ΚΕΦΑΛΛΙΟΝ
3166 4649 3221 4702 I’.

2197 4772 2299 4824 Ἐκ
2331 4768 2438 4823 τοῦ
2467 4767 2804 4836 Πορφυρίου
2837 4767 2942 4819 τοῦ
2973 4766 3098 4818 καθ’
3139 4763 3315 4836 ἡμᾶς,
3349 4763 3608 4833 χρησμοί
3653 4762 3761 4817 τοῦ

2536 4835 2916 4902 Ἀπόλλωνος
2942 4837 3076 4904 περὶ
3119 4835 3420 4902 Ἐϐραίων.

2233 4938 2236 4940 Ὺ
2265 4958 2322 5012 '0
2337 4957 2393 5010 δὲ
2417 4954 2724 5027 Πορφύριος
2740 4956 2796 5006 ἐν
2814 4951 2889 5023 τῷ
2909 4951 3108 5023 πρώτῳ
3134 4949 3246 5019 Τῆς
3263 4951 3331 5003 ἐκ
3359 4951 3577 5019 λογίων
3592 4955 3733 5019 φιλο
3754 4978 3762 4986 -

2182 5050 2423 5119 σοφίας,
2457 5047 2618 5100 αὑτὸν
2647 5046 2857 5113 εἰσάγει
2881 5045 2970 5098 τὸν
2997 5043 3188 5097 ἑαυτοῦ
3230 5041 3350 5095 θεὸν
3382 5040 3460 5112 τῷ
3493 5040 3758 5112 Ἑϐραίων

2179 5143 2348 5212 γένει,
2404 5140 2541 5212 μετὰ
2581 5139 2689 5193 τῶν
2733 5138 2909 5192 ἄλλων
2955 5137 3063 5190 τῶν
3091 5137 3184 5188 ἐπὶ
3215 5136 3425 5188 συνέσει
3471 5133 3756 5204 βοωμένων

2178 5235 2368 5298 ἐθνῶν,
2395 5233 2584 5303 σοφίαν
2613 5230 3106 5303 ὲπιμαρτυροῦντα.
3132 5230 3292 5298 Λέγει
3316 5228 3372 5280 δὲ
3397 5230 3425 5281 ὁ
3457 5227 3584 5298 παρ’
3609 5223 3756 5293 αύτῷ

2193 5329 2461 5382 Ἀπόλλων
2491 5328 2556 5380 δι’
2584 5322 2645 5380 οὗ
2676 5326 2946 5380 ἐκτίθεται
2977 5323 3246 5396 χρησμοῦ,
3273 5322 3420 5376 τάδε.
3468 5319 3752 5389 Ἐκκειμέ-

2178 5439 2286 5476 νων
2331 5422 2388 5474 δὲ
2427 5419 2506 5472 ἔτι
2538 5420 2665 5489 περὶ
2710 5417 2820 5472 τῶν
2861 5417 3060 5471 θυσιῶν
3094 5417 3310 5484 ἐπάγει,
3352 5409 3434 5479 οἷς
3469 5411 3754 5486 προσέχειν

2134 5487 2152 5504 ⁸
2179 5513 2278 5576 δεῖ,
2308 5513 2402 5566 άτε
2431 5487 2644 5584 μεστοῖς
2673 5506 2791 5563 οὖσι
2824 5511 3003 5580 πάσης
3037 5509 3341 5578 θεοσοφίας.

2249 5741 2359 5811 (90)
2393 5740 2878 5812 Τροχοκουράδες.
2909 5739 3128 5812 Joseplt.
3166 5735 3590 5811 τροχοκουρίδες.
