4194 6414
427 413 530 468 697

1551 413 1878 468 PllASPAR.
1922 414 2173 471 EVANG.
2217 416 2349 473 LIB.
2389 416 2485 474 ιχ.

3576 421 3680 474 698

426 528 803 607 tinetripfap
835 527 978 607 ὁδὸς
1013 528 1323 607 μακάρων,
1361 529 1605 607 τρηχεῖα
1635 547 1720 607 Δτε
1748 532 1988 586 πολλὸν

2115 535 2324 607 Ardua,
2359 546 2408 589 et
2435 537 2725 607 innumeris
2757 536 2935 588 divum
2957 544 3035 588 est
3063 534 3377 607 via-consita
3409 537 3573 591 saxis.

425 599 816 664 Χαλκοδέτοις
839 601 911 653 τὰ
933 599 1133 666 πρῶτα
1167 599 1500 666 διοιγομένιη
1526 601 1856 656 πυλεῶσιν.

435 599 816 664 Χαλκοδέτοις
839 601 911 653 τὰ
933 599 1133 666 πρῶτα
1167 599 1500 669 διοιγομένιη
1526 601 1837 654 πυλεῶσιν

435 669 761 740 Ἀτραπιτοὶ
792 668 860 722 δὲ
890 669 1111 740 ἕασσιν
1133 669 1457 738 ἀθέσφατοι
1484 671 1839 740 ἐγγεγαυῖαι,

424 738 532 806 ’Ἀςέ
551 738 771 810 πρῶτοι
781 740 1062 807 μερόπων
1084 739 1176 810 ea:
1202 741 1491 807 ἀπείρονα
1507 738 1732 808 πρῆξιν
1745 742 1998 810 ἔφηναν,

427 817 490 867 Ol
511 812 577 868 τὸ
593 808 788 864 καλὸν
808 810 1089 874 πίνοντες
1111 808 1269 878 ὕδωρ
1298 809 1649 876 Νειλώτιδος
1675 808 1813 876 αἵηξ
1841 829 1854 840 ·

421 880 663 945 Πολλὰς
693 877 791 932 καὶ
844 879 1115 944 Φοίνικες
1153 879 1331 944 ὀδοὺς
1368 878 1653 948 μακάρων
1695 881 2000 947 ἐδάησαν,

434 950 752 1018 Ἀσσύριοι,
791 948 975 1003 Λυδοί
999 965 1084 1013 τε,
1125 949 1225 1002 καὶ
1258 951 1530 1018 Ἐϐραίων
1545 950 1718 1021 γένος
1741 951 1998 1019 ἀνδρῶν.

421 1060 530 1113 Καὶ
553 1059 622 1113 τὰ
659 1058 870 1123 τούτοις
891 1059 1179 1125 ἀκόλουθα,
1221 1055 1304 1125 οἷς
1339 1063 1689 1131 συγγραφεὺς
1721 1063 1997 1132 ἐπιλέγει·

425 1170 442 1200 ι
473 1148 806 1213 Χαλκόδετος
837 1148 947 1220 γὰρ
979 1151 1012 1221 ὴ
1044 1148 1180 1221 πρὸς
1219 1148 1372 1214 θεοὺς
1389 1150 1527 1214 ὁδὸς,
1549 1153 1766 1223 αἰπεινή
1792 1169 1851 1204 τε
1906 1155 2001 1207 καὶ

418 1243 664 1325 τραχεῖα,
690 1235 760 1312 ἦς
789 1240 988 1304 πολλὰς
1012 1241 1289 1312 ἀτραποὺς
1327 1241 1592 1313 βάρϐαροι
1623 1243 1724 1315 μὲν
1756 1244 1997 1316 ἐξεῦρον,

422 1331 680 1402 Ἕλληνες
707 1332 764 1385 δὲ
807 1332 1205 1404 ἐπλανήθησαν,
1243 1334 1292 1385 οἱ
1332 1333 1388 1385 δὲ
1420 1333 1749 1405 κρατοῦντες
1783 1336 1883 1407 ἤδη
1906 1338 2000 1390 καὶ

417 1423 744 1496 διέφθειραν.
781 1423 891 1495 Τὴν
916 1423 975 1477 δὲ
1007 1423 1225 1494 εὕρεσιν
1252 1424 1572 1492 Αἰγυπτίοις
1603 1426 1632 1478 ὁ
1671 1425 1792 1490 θεὸς
1825 1428 1999 1500 ἐμαρ-

416 1516 642 1589 τύρησε,
681 1517 885 1582 Φοίνιξί
932 1533 992 1570 τε
1051 1517 1146 1568 καὶ
1198 1515 1518 1580 Χαλδαίοις·
1565 1518 1837 1590 Ἀσσύριοι
1890 1519 2000 1592 γὰρ

416 1599 560 1659 οὗτοι
584 1623 600 1636 °
641 1605 832 1670 Λυδοῖς
876 1623 936 1658 τε
976 1606 1072 1658 καὶ
1125 1605 1415 1676 Ἑϐραίοις.
1459 1608 1580 1660 Ἔτι
1618 1607 1755 1678 πρὸς
1788 1608 2000 1672 τούτοις

417 1698 511 1752 καὶ
538 1699 596 1752 ὲν
629 1697 800 1768 ἑτέρῳ
831 1697 994 1768 φησὶν
1031 1699 1061 1751 6
1099 1695 1369 1750 Ἀπόλλων
1388 1713 1405 1725 ο

411 2022 639 2078 Μοῦνοι
658 2023 939 2078 Χαλδαῖοι
967 2025 1193 2093 σοφίαν
1225 2023 1442 2092 λάχον,
1473 2024 1567 2093 rid"
1593 2025 1686 2095 ἄρ’
1726 2024 1994 2093 Ἑϐραῖοι,

411 2115 857 2184 Αὐτογένεθλον
897 2116 1126 2169 ἄνακτα
1167 2114 1545 2184 σεϐαζόμενοι
1591 2116 1739 2171 Θεὸν
1778 2117 1990 2187 ἁγνῶς.

411 2207 523 2261 Καὶ
560 2207 726 2261 πάλιν
764 2207 1082 2278 ἐρωτηθεὶς,
1142 2208 1246 2262 τίνι
1276 2208 1421 2280 λόγῳ
1466 2207 1699 2272 πολλοὺς
1749 2212 1996 2278 Λέγουσιν

409 2299 694 2370 οὐρανοὺς,
717 2298 916 2371 ἔχρησε
937 2301 1064 2354 τάδε
1083 2318 1098 2331 ·

409 2386 518 2458 Εἷς
554 2392 624 2446 ἐν
675 2393 855 2447 παντὶ
896 2393 1065 2447 πέλει
1117 2394 1351 2463 κόσμου
1394 2395 1640 2459 κύκλος,
1673 2392 1835 2534 ἀὲέὰ
1851 2389 1998 2517 ὰσὺν

1771 2479 1848 2516 πτ

1771 2479 1848 2516 πτ

409 2529 708 2586 Ζὼναισιν
737 2533 1068 2601 πεφόρηται
1100 2535 1187 2599 εἰς
1215 2533 1578 2600 ἀστερόεντα
1606 2529 1885 2598 κέλευθα,

416 2604 513 2667 Ἃς
539 2601 614 2669 δὴ
654 2601 938 2656 Χαλδαῖοι
957 2602 1056 2657 καὶ
1083 2601 1424 2671 ἀριζήλητοι
1464 2603 1712 2670 Ἑϐραῖοι

413 2672 709 2740 Οὐρανίας
732 2674 1060 2743 ὀνόμηναν,
1075 2672 1143 2741 ἐς
1154 2672 1483 2744 ἐϐδόματον
1491 2672 1716 2744 δρόμον
1727 2673 1954 2745 ἕρπειν.
1968 2695 1992 2729 ›

479 2783 617 2856 Περὶ
646 2784 745 2855 μὲν
781 2783 885 2854 τῆς
943 2783 1212 2838 Ἰουδαίων
1240 2801 1327 2837 τε.
1349 2785 1444 2838 καὶ
1481 2783 1748 2856 Ἐϐραίων
1781 2801 1992 2854 προση-

405 2873 620 2944 γορίας,
641 2875 743 2946 τῆς
779 2891 839 2928 τε
863 2876 996 2946 παρ’
1028 2876 1211 2939 αὐτοῖς
1239 2875 1408 2928 πάλαι
1455 2874 1865 2946 διαπρεπούσης
1899 2876 1992 2928 εὑ-

409 2963 626 3028 σεσείας
643 2982 704 3018 τε
741 2965 838 3018 καὶ
879 2965 1216 3034 φιλοσοφίας,
1246 2965 1515 3020 ἐκκείσθω
1553 2964 1746 3020 ταῦτα.
1779 2967 1994 3038 Περὶδὲ

403 3055 505 3125 τῆς
533 3055 766 3127 πατρίου
788 3057 970 3110 αὐτῶν
1001 3057 1241 3128 ἱστορίας
1260 3057 1358 3110 θέα
1379 3058 1565 3111 ὁπόσοι
1582 3057 1987 3128 συνεφώνησαν.

403 3143 684 3208 Μωῡσέως
710 3146 766 3197 ὲν
799 3147 920 3208 ταῖς
955 3145 1050 3198 τοῦ
1081 3147 1282 3210 παντὸς
1303 3146 1706 3218 ἀρχαιολογίαις
1724 3147 1993 3201 κατακλυ·

2111 605 2191 675 ᾼε
2219 607 2450 672 primum
2475 623 2502 660 e
2529 606 2693 660 valvis
2722 607 2891 675 rigido
2914 605 3256 658 stridentibus
3286 622 3388 658 tere

2109 673 2270 746 413
2297 675 2564 728 Panditur
2587 693 2604 729 :
2628 677 2746 728 hinc
2771 673 2892 729 ἑαιεὶ
2918 675 3158 744 ambiguo
3177 675 3677 742 discriminecalles,

2112 745 2253 814 Quos
2279 747 2457 814 fructu
2491 748 2739 799 immenso
2761 746 2920 813 primi
2943 746 3164 798 docuere
3197 755 3426 812 nepotes,

2110 813 2328 885 {vrum
2359 817 2618 870 undantes
2643 826 2826 884 potant
2861 816 2950 885 qui
2983 817 3186 884 gurgite
3213 815 3450 882 lymphas
3482 833 3502 868 :

2110 884 2356 954 Plurima
2379 887 2507 954 quin
2537 891 2699 940 etiam
2733 885 2800 937 ad
2828 902 3044 954 superas
3081 887 3165 938 via
3192 887 3402 954 cognita
3427 887 3570 942 sedes

2104 953 2363 1020 Plitenici,
2390 953 2633 1024 Assyrio,
2658 955 2826 1024 Lydo,
2859 953 3182 1024 llebrwoque
3211 953 3430 1010 calonis.

2101 1066 2170 1121 Et
2196 1084 2318 1137 qua:
2361 1078 2684 1138 sequuntur,
2737 1069 2936 1138 quibus
2967 1069 3302 1138 explicandis
3352 1077 3542 1124 auctor
3600 1071 3674 1126 ita

2106 1160 2292 1215 subdit
2327 1179 2339 1214 :
2379 1178 2398 1211 ι
2443 1158 2578 1214 Nam
2618 1175 2739 1229 qua:
2787 1159 2854 1214 ad
2897 1161 3029 1216 deos
3075 1160 3163 1213 via
3188 1159 3358 1222 ducit,
3389 1159 3547 1214 aereis
3574 1161 3676 1215 ob—

2106 1259 2312 1306 structa
2347 1252 2605 1318 vinculis,
2639 1251 2920 1320 arduaque
2951 1249 3114 1304 simul
3141 1259 3194 1304 et
3222 1267 3413 1320 aspera
3442 1258 3546 1314 est,
3583 1267 3679 1307 cu-

2098 1343 2192 1414 jus
2216 1359 2339 1398 cum
2366 1345 2586 1398 barbari
2614 1343 2780 1399 calles
2811 1344 3145 1413 semitasque
3168 1343 3428 1411 plurimas
3456 1345 3679 1399 invene-

2099 1437 2235 1500 rint,
2268 1435 2440 1490 Graeci
2490 1445 2671 1490 tamen
2705 1435 2902 1505 partim
2954 1436 3023 1489 ab
3073 1451 3135 1489 ea
3183 1450 3408 1504 prorsus
3459 1436 3679 1490 aberra-

2103 1534 2254 1590 runt,
2278 1525 2472 1595 partim
2500 1542 2619 1580 eam
2649 1541 2772 1579 cum
2810 1527 2924 1595 jam
2958 1534 3224 1590 tenerent,
3266 1526 3427 1580 etiam
3477 1527 3676 1596 depra-

2098 1624 2318 1670 varunt.
2344 1617 2614 1670 Cmterum
2640 1616 2788 1670 illius
2814 1617 3182 1670 inventionem
3199 1616 3488 1688 Egyptiis,
3515 1617 3678 1673 Phae-

2099 1708 2336 1774 nicibus,
2363 1708 2631 1762 Chaldaeis
2660 1707 2892 1778 (Assyrii
2919 1709 3062 1762 enim
3095 1709 3169 1762 illi
3206 1715 3381 1775 sunt),
3413 1707 3598 1780 Lydis,
3623 1718 3678 1765 et

2101 1801 2345 1858 Hebraeis
2383 1805 2518 1860 deus
2551 1804 2936 1873 assignandam
2972 1818 3094 1858 esse
3129 1813 3380 1860 testatur.
3408 1802 3677 1859 Praeterea

2023 1895 2069 1954 Β
2099 1896 2152 1949 in
2181 1896 2352 1950 altero
2381 1895 2618 1965 quodam
2644 1895 2868 1951 oraculo
2898 1895 3038 1950 idem
3055 1897 3250 1966 Apollo
3271 1897 3353 1952 sic
3381 1895 3528 1951 fatur
3552 1914 3567 1951 :

2101 2031 2356 2087 Cliatdteo
2380 2029 2707 2101 Ilebrreoque
2733 2032 2852 2085 unis
2890 2032 3151 2100 sapientia
3175 2033 3352 2095 cessit,

2099 2121 2204 2185 Qui
2231 2129 2378 2174 casto
2408 2129 2663 2173 (eternum
2702 2130 3016 2173 venerantur
3045 2137 3234 2173 numen
3267 2121 3478 2174 honore.

2096 2211 2355 2280 idemque
2378 2211 2685 2277 consultus,
2719 2228 2828 2280 quo
2858 2227 3021 2266 sensu
3047 2213 3297 2268 caelestes
3337 2213 3499 2268 orbes
3535 2210 3676 2268 mul-

2097 2312 2184 2358 tos
2213 2317 2336 2357 esse
2357 2302 2622 2368 dicerent,
2653 2303 2726 2356 ita
2760 2304 3041 2371 reSpondit
3074 2321 3088 2358 :

2103 2393 2302 2448 Unicus
2325 2393 2380 2446 in
2407 2403 2515 2447 toto
2539 2402 2792 2447 curvatur
2823 2395 3055 2449 circulus
3079 2395 3222 2460 orbe,

2099 2530 2171 2582 At
2201 2534 2395 2597 septem
2425 2527 2572 2580 zonis
2597 2534 2866 2579 astrorum
2897 2525 3118 2597 eductus
3138 2524 3194 2597 in
3214 2541 3358 2597 oras.

2099 2597 2217 2651 Has
2246 2595 2531 2652 Clialda’us
2567 2598 2668 2660 ait,
2694 2597 2939 2665 famaque
2969 2595 3197 2649 illustris
3229 2595 3502 2662 llebrams,

2102 2667 2334 2722 Nomine
2367 2667 2619 2731 ctelestes,
2645 2677 2853 2735 septeno
2884 2681 3087 2734 serpere
3115 2682 3293 2718 cursu.
3332 2683 3350 2715 ι

2092 2781 2172 2837 Ac
2205 2781 2270 2836 de
2294 2778 2608 2835 Iudaeorum
2652 2778 2874 2849 quidem
2911 2776 3377 2846 Hebraeorumque
3429 2777 3670 2842 nomine,

2092 2873 2270 2943 deque
2299 2887 2537 2938 summa,
2561 2887 2668 2941 qua
2690 2871 2805 2939 jam
2859 2871 2988 2923 olim
3033 2870 3424 2948 praestiterunt,
3456 2871 3674 2938 pietatis

2091 2977 2157 3017 ac
2181 2961 2544 3032 philosophia:
2569 2959 2752 3024 laude,
2782 2958 2945 3012 modo
2975 2959 3130 3014 satis.
3156 2955 3313 3012 Nunc
3328 2973 3458 3011 vero
3482 2959 3672 3028 patria:

2092 3054 2336 3123 ipsorum
2372 3052 2614 3106 historia:
2649 3049 2862 3104 veritati
2895 3065 3059 3118 quam
3091 3049 3248 3104 multi
3282 3048 3668 3118 suﬂ‘ragentur,

2074 3143 2332 3198 attende.
2361 3141 2438 3197 Ac
2469 3141 2733 3211 primum,
2787 3141 2942 3204 illud,
2975 3140 3126 3210 quod
3179 3141 3236 3194 in
3288 3140 3669 3209 antiquissima

406 3234 544 3305 σμὸν
571 3237 976 3307 ίστορήσαντος,
1015 3238 1108 3290 καὶ
1154 3237 1230 3301 ὡς
1256 3240 1286 3292 6
1315 3237 1445 3310 παρ’
1493 3238 1767 3310 Ἑϐραίοις
1793 3239 1992 3310 ὀνομα-

2095 3234 2337 3290 universi
2363 3233 2516 3290 orbis
2547 3232 2776 3308 historia
2788 3233 3053 3288 diluvium
3087 3232 3302 3305 Moyses
3335 3248 3672 3288 commemo-

405 3325 632 3398 ζόμενος
659 3328 806 3394 Νῶε,
837 3330 894 3382 ὲν
923 3328 1154 3400 λάρνακι
1176 3329 1334 3394 ξύλου
1367 3331 1712 3404 πεποιημένῃ
1733 3329 1870 3402 μετὰ
1882 3331 1991 3384 τῶν

404 3417 623 3470 οἰκείων
677 3418 1072 3473 διασέσωσται·
1133 3420 1428 3491 Βηρωσσὸς
1472 3423 1502 3475 6
1542 3421 1804 3487 Χαλδαῖος
1827 3461 1841 3485 ,
1896 3424 1991 3476 καὶ⁵

415 3507 735 3580 Ἱερώνυμος
763 3512 794 3564 6
822 3511 1420 3580 Αἰγύπτιος,Νικόλαός
1448 3529 1510 3565 τε
1537 3515 1566 3566 6
1603 3512 1990 3585 Δαμασκηνὸς,

409 3599 669 3670 ἱστορικοὶ
723 3603 1082 3674 συγγραφεῖς,
1114 3603 1264 3666 ὅπως
1305 3603 1414 3656 τῶν
1440 3604 1620 3657 αὐτῶν
1650 3605 1990 3677 ἐμνημόνευ-

407 3707 526 3755 σαν,
563 3690 825 3762 Ἰώσηπος
854 3694 912 3746 ὲν
941 3696 1006 3765 τῇ
1033 3693 1233 3769 πρώτῃ
1253 3695 1353 3766 τῆς
1392 3696 1844 3768 Ἀρχαιολοτίας
1865 3697 1995 3752 τοῦ·

405 3789 496 3836 τον
527 3782 887 3853 παρατίθεται
918 3783 1010 3836 τὸν
1033 3783 1254 3856 τρόπον.

901 3894 1306 3950 ΚΕΦΑΛΔΙΟΝ
1351 3898 1454 3950 IA'.

416 4005 971 4075 Ἀπὸ’τῆς’1ωσήπου
1008 4006 1465 4076 Ἀρχαιολογίας,
1485 4011 1697 4063 ὀπόσοι
1717 4008 1991 4076 τῶνὲξως-

476 4082 580 4148 θεν
613 4077 1035 4148 συγγραφέων-γ
1051 4075 1449 4145 ἐμνήσθησαν
1489 4079 1595 4133 τοῦ
1633 4086 1799 4148 παρὰ
1826 4075 1993 4136 MOD-

473 4146 577 4201 σεῖ
609 4145 1061 4215 κατακλυσμοῦ.

478 4279 498 4312 ι
524 4259 632 4314 Τοῦ
669 4261 727 4314 δὲ
777 4258 1162 4331 κατακλυσμοῦ
1214 4261 1404 4314 τούτου
1444 4263 1540 4316 καὶ
1579 4263 1680 4334 τῆς
1719 4261 1989 4333 λάρνακος

405 4351 708 4424 μέμνηνται
742 4354 942 4416 πάντες
979 4354 1030 4406 oi
1067 4352 1166 4416 τὰς
1212 4353 1565 4425 Βαρϐαρικὰς
1593 4355 1831 4426 ἱστορίας
1865 4357 1988 4410 ἁνα-

402 4443 762 4516 γεγραφότες,
790 4437 864 4496 ὦν
891 4446 1006 4496 ἐστι
1043 4446 1138 4498 καὶ
1163 4444 1453 4516 Βηρωσσὸς
1483 4445 1512 4496 6
1536 4445 1821 4508 Χαλδαῖος.
1854 4449 1986 4520 Διη-

399 4535 666 4607 γούμενος
696 4536 805 4608 γὰρ
838 4535 907 4589 τὰ
965 4536 1093 4608 περὶ
1150 4536 1243 4589 τὸν
1282 4536 1666 4607 κατακλυσμὸν
1695 4537 1839 4590 οὕτω
1881 4557 1987 4592 που

401 4627 654 4693 διέξεισι·
679 4628 909 4696 Λέγεται
942 4628 999 4680 δὲ
1040 4629 1134 4682 καὶ⁵
1165 4627 1260 4681 τοῦ
1307 4628 1492 4682 πλοίου
1525 4628 1634 4699 (91)
1671 4630 1728 4681 ὲν
1753 4632 1818 4700 τῇ
1860 4632 1986 4702 Ἀρ-

405 4719 566 4790 μενίᾳ.
622 4720 760 4792 πρὸς
789 4719 869 4790 τῷ
923 4720 1039 4790 ὄρει
1083 4720 1193 4772 τῶν
1227 4719 1542 4790 Κορδυαίων
1599 4719 1680 4772 ἔτι
1728 4720 1894 4792 μέρος
1932 4740 1986 4776 τι

401 4806 569 4878 εἶναι,
602 4813 698 4865 καὶ
725 4811 972 4883 κομίζειν
987 4811 1141 4875 τινὰς
1156 4812 1258 4882 τῆς
1287 4813 1563 4881 ἀσφάλτου
1597 4813 1984 4884 ἀφαιροῦντας.

401 4905 657 4976 Χρῶνται
720 4905 778 4959 δὲ
810 4905 1045 4976 μάλιστα
1089 4905 1139 4958 οἱ
1192 4904 1468 4976 ἄνθρωποι
1520 4904 1598 4975 τῷ
1639 4904 1986 4978 κομιζομένῳ

402 4995 539 5066 πρὸς
569 4997 696 5059 τοὺς
723 4996 1224 5069 ἀποτροπιασμούς.
1251 4996 1542 5068 Μέμνηται
1569 4996 1627 5049 δὲ
1657 4997 1860 5050 τούτων
1892 4999 1986 5051 καὶ

414 5085 736 5157 Ἱερώνυμος
759 5087 869 5159 (92)
892 5089 920 5139 ὁ
947 5087 1261 5156 Αἰγύπτιος,
1295 5090 1324 5140 6
1355 5089 1454 5159 τὴν
1483 5088 1865 5160 ἀρχαιολογίαν
1886 5089 1986 5160 τὴν

401 5178 712 5251 Φοινικικὴν
749 5182 1225 5253 συγγραψάμενος,
1265 5183 1360 5235 καὶ
1413 5183 1668 5247 Μνασέας
1697 5183 1774 5247 δὲ,
1815 5184 1983 5237 κοιὶοί

2092 3335 2200 3395 rat,
2233 3343 2264 3381 a
2293 3343 2403 3397 quo
2425 3327 2495 3392 is,
2523 3341 2686 3396 quem
2729 3323 2943 3380 Hebraei
2974 3325 3242 3380 Noemum
3279 3333 3497 3391 vocant,
3531 3340 3674 3380 areae

2091 3419 2282 3489 lignea
2316 3418 2581 3473 beneﬂcio
2604 3433 2730 3472 cum
2765 3415 2977 3486 reliqua
3025 3415 3232 3470 familia
3279 3425 3527 3471 servatus
3553 3415 3672 3470 fue-

2089 3509 2183 3572 rit,
2213 3525 2244 3563 a
2278 3507 2482 3563 Beroso
2504 3507 2784 3570 Chaldaeo,
2819 3505 3154 3578 Hieronymo
3181 3505 3461 3576 Egyptio,
3489 3516 3544 3561 et
3577 3505 3672 3560 Ni-

2091 3600 2246 3655 colao
2273 3599 2613 3654 Damasceno
2635 3599 2910 3653 historicis
2946 3597 3161 3662 referri,
3213 3596 3486 3667 Josephus
3531 3597 3672 3654 libro

2089 3693 2271 3763 primo
2307 3692 2707 3762 Antiquitatum
2739 3692 2886 3748 hunc
2909 3690 2964 3744 in
2994 3690 3218 3746 modum
3253 3689 3514 3760 prodidit.

2598 3906 2765 3980 414
2795 3905 3025 3962 CAPUT
3065 3906 3159 3962 x1.

2091 4023 2177 4078 Ex
2206 4023 2425 4093 Iosephi
2451 4023 2907 4093 Antiquitatibus,
2931 4037 3114 4093 quam
3152 4020 3309 4093 multi
3351 4027 3670 4089 scriptorum

2304 4091 2581 4165 gentilium
2620 4091 2847 4145 Μοεαὶεὰ
2885 4091 3075 4144 diluvii
3104 4092 3454 4144 meminerint.

2168 4288 2188 4321 ι
2230 4268 2428 4340 Hujus,
2454 4268 2656 4338 inquit,
2685 4275 2798 4320 tum
2826 4264 3042 4326 diluvii,
3088 4273 3203 4318 tum
3236 4280 3376 4318 arcae
3401 4265 3668 4320 memine-

2089 4369 2238 4423 runt,
2286 4366 2557 4428 quotquot
2600 4355 2959 4410 barbarorum
3009 4351 3268 4407 historias
3326 4354 3669 4421 conscripse-

2088 4459 2240 4507 runt.
2273 4449 2421 4516 Quos
2451 4449 2611 4514 inter,
2662 4445 2901 4500 Berosus
2944 4443 3254 4516 Chaldaeus,
3285 4443 3341 4497 in
3380 4459 3467 4509 ea,
3500 4460 3666 4514 quam

2092 4542 2278 4606 habet,
2300 4515 2504 4594 idiluvii
2533 4537 2847 4592 narratione
2889 4537 2965 4589 ita
3010 4515 3201 4590 scribit
3243 4535 3465 4604 :Atque
3501 4535 3667 4604 hujus

2089 4632 2290 4702 navigii
2313 4639 2522 4702 partem
2551 4629 2854 4684 etiamnum
2879 4627 3116 4696 aliquam
3142 4627 3196 4682 in
3217 4626 3494 4692 Armenia,
3519 4626 3665 4680 circa

2088 4733 2329 4779 montem
2364 4721 2753 4792 Cordyzeorum
2783 4719 2990 4775 servari
3017 4719 3220 4782 ferunt,
3255 4733 3323 4772 ex
3354 4733 3461 4787 qua
3486 4717 3665 4771 derasi

2087 4815 2379 4872 bituminis
2407 4813 2631 4884 aliquid,
2661 4813 2766 4866 loci
2800 4813 2920 4883 ejus
2954 4813 3224 4883 indigena:
3259 4809 3326 4864 ad
3358 4825 3663 4878 procuran—

2087 4907 2212 4966 dam
2242 4911 2481 4964 maxime
2524 4917 2580 4962 et
2625 4907 3095 4962 averruncandam
3123 4904 3375 4960 Numinis
3404 4903 3542 4956 iram
3574 4918 3665 4970 ge-

2087 5012 2233 5060 stare
2259 5003 2667 5060 consueverint.
2700 5001 2956 5074 Ejusdem
2988 5003 3063 5057 rei
3089 5001 3419 5056 mentionem
3446 5011 3665 5068 quoque

2085 5091 2219 5148 facit
2265 5092 2627 5164 Hieronymus
2668 5091 2977 5165 Egyptius,
3012 5092 3106 5162 qui
3142 5093 3383 5160 priscam
3439 5089 3663 5144 Pituani-

2089 5200 2213 5240 cum
2250 5185 2536 5241 historiam
2571 5187 2923 5255 conscripsit,
2958 5185 3200 5253 itemque
3237 5181 3510 5246 Mnaseas,
3543 5181 3660 5234 aliiv-

401 5270 549 5325 ἄλλοι
577 5271 816 5336 πλείους.
852 5273 962 5326 Καὶ
984 5273 1252 5338 Νικόλαος
1287 5275 1348 5328 δὲ
1376 5277 1404 5327 6
1436 5274 1797 5344 Δαμασκηνὸς
1821 5276 1880 5327 ὲν
1912 5276 1984 5346 τῇ

2091 5291 2194 5347 que
2217 5278 2545 5347 complures.
2575 5275 2787 5343 Quibus
2825 5273 3110 5330 Nicolaum
3142 5273 3537 5328 Damascenum
3565 5273 3658 5328 ad-

2083 5450 2171 5490 ses
2201 5435 2306 5490 sub
2330 5434 2603 5504 Antigono
2636 5447 2984 5504 regc;rquem
3028 5431 3108 5504 de
3139 5429 3450 5504 Judzeorum
3494 5427 3658 5484 rebus

2083 5507 2418 5560 mentionem
2460 5498 2665 5558 nullam
2700 5498 2908 5556 leuis-se
2956 5501 3222 5570 queritur.
3269 5498 3423 5566 Quod
3474 5508 3654 5553 autem

2081 5575 2416 5645 legebamus,
2442 5589 2566 5645 eum
2598 5572 2726 5645 περὶ
2739 5572 3010 5645 Δδιοιδρχων
3035 5570 3569 5645 scripsisse,_v_ereor
3594 5586 3657 5623 ne

473 5430 583 5500 (9|)
611 5431 854 5502 Λέγεται
900 5431 969 5486 δὲ
1024 5433 1126 5486 καὶ
1173 5433 1280 5487 τοῦ
1317 5434 1552 5488 πλοίου.
1601 5431 1728 5488 Haec
1756 5430 1978 5497 Ioseph.

403 5515 420 5554 ι
453 5502 889 5573 Antiquit.,cap.
915 5505 970 5567 4,
1001 5519 1122 5573 pag.
1158 5504 1239 5566 I0,
1275 5505 1403 5558 edit.
1440 5502 1722 5573 GraecofL.
1785 5572 1794 5573 ί
1864 5558 1866 5561 .

473 5572 582 5643 (92)
625 5572 960 5642 Ἱερώνυμος
982 5572 1131 5637 [διο.
1174 5573 1239 5626 Hi
1285 5590 1352 5628 ex
1401 5574 1590 5628 eodem
1617 5572 1840 5642 Josepb.
1882 5572 1975 5628 lib.

401 5640 859 5714 contiApionem'
899 5644 1201 5708 notissimi;
1264 5644 1355 5700 sed
1419 5640 1845 5714 Hieronymus,
1885 5644 1979 5713 qui
2080 5640 2339 5714 διαδοχῶν
2373 5640 2683 5709 legendum'
2707 5641 3018 5714 δία-ρο]οὲ
3058 5640 3371 5714 argumenti
3397 5640 3653 5714 lib.__t_'.ll:ll

400 5707 723 5784 thnicum
772 5714 1072 5784 historiam
1094 5707 1419 5784 scripsisse
1443 5714 1537 5784 hic
1570 5707 1799 5784 dicitur,
1835 5707 1928 5768 lib'.
1962 5730 1978 5768 ι
2082 5707 2375 5770 Athenaeus
2406 5707 2500 5768 lib.
2530 5729 2606 5780 vi,
2638 5728 2760 5784 pag.
2801 5707 3146 5775 275,'Nicize'
3170 5710 3455 5780 cujusdam
3483 5707 3654 5766 Nicae-

402 5791 542 5852 cont.
570 5783 826 5851 Apionem
855 5798 978 5852 pag.
1020 5781 1471 5851 1050,Περτ“τῶν
1510 5782 1806 5850 διαδόχων
1833 5799 1973 5851 opus
2080 5785 2244 5841 ensis.

402 5851 637 5908 edidisse
671 5851 1026 5923 memoratur,
1061 5855 1286 5924 aequalis
1323 5853 1586 5921 Ilecatzei,
1620 5852 1789 5923 Syria:
1838 5868 1974 5921 prac-
