4194 6414
367 325 473 383 705

879 436 1281 517 KnoAAAtoN
1315 436 1433 503 ις’.

368 533 505 603 Περὶ
538 531 648 593 τοῦ
672 531 791 585 τῶν
824 530 1099 652 Ἐ’ϐραὲεέἔ
1122 525 1497 651 ἓῗῖῗέτορος
1533 525 1807 594 Ἀϐραὰμ,
1835 523 1954 578 ἀπὸ

458 693 629 749 Πάλιν
684 692 963 754 Μωῦσέως
1019 690 1140 762 τὴνΔ
1176 689 1320 744 κατὰ
1372 688 1464 744 τὸν
1507 685 1771 758 Ἐϐραίων
1826 701 1960 757 προ-

371 790 586 858 πάτορα
649 785 899 856 Ἀϐραὰμ
948 756 1188 854 ἱστορίαν
1240 785 1320 846 είς
1366 781 1566 844 πλάτος
1608 756 1959 850 ἐπιθεμένου,

376 881 672 954 μαρτυρεῖν
713 875 863 947 αὐτῷ
897 876 994 930 καὶ
1031 875 1157 938 τοὺς
1203 874 1403 941 ἔξωθεν
1450 872 1758 945 ἱστορικοὺς
1785 873 1819 925 ὁ
1852 871 1964 925 Ἰώ-

377 990 551 1043 σηπος
576 971 723 1039 λέγει
760 970 849 1025 διὰ
895 968 1099 1022 τούτων
1119 983 1131 999 ’
1170 986 1189 1018 ι
1227 965 1572 1038 Μνημονεύει
1601 965 1713 1036 (24)
1746 965 1803 1017 δὲ
1833 967 1964 1036 ἡμῖν

373 1065 468 1119 τοῦ
518 1063 724 1134 πατρὸς
763 1061 1079 1133 Ἀδραάμου
1128 1061 1455 1133 Βηρωσσὸς,
1505 1060 1605 1112 οὐκ
1659 1057 1962 1130 ὀνομάζων,

376 1157 550 1226 λέγων
585 1155 644 1209 δὲ
669 1152 841 1217 οὕτως
864 1168 879 1183 ·
910 1153 1067 1209 Μετὰ
1114 1153 1207 1207 τὸν
1250 1151 1631 1223 κατακλυσμὸν
1652 1152 1852 1224 δεκάτῃ
1876 1169 1968 1222 γε-

377 1248 474 1318 νεᾷ
503 1244 654 1318 παρὰ
679 1243 970 1309 Χαλδαίοις
994 1262 1078 1309 τις
1115 1241 1183 1317 ἦν
1215 1244 1421 1307 δίκαιος
1451 1245 1611 1316 ἀνὴρ.
1642 1244 1736 1298 καὶ
1771 1244 1964 1315 μέγας,

380 1343 474 1393 καὶ
505 1337 574 1392 τὰ
601 1336 831 1407 οὐράνια
869 1336 1156 1408 ἔμπειρος.
1207 1336 1492 1400 Ἑκαταῖος
1526 1337 1584 1388 δὲ
1600 1335 1805 1390 καὶτοῦ
1837 1352 1971 1407 μνη-

380 1429 572 1500 σθῆναι
620 1427 804 1481 πλεῖόν
835 1445 890 1481 τι
938 1427 1228 1499 πεποίηκε.
1261 1427 1471 1481 Βιϐλίαν
1505 1428 1613 1501 γὰρ
1640 1429 1770 1500 περὶ
1804 1427 1970 1482 αὑτοῦ

382 1520 786 1593 συνταξάμενος
827 1519 1106 1575 κατέλιπε.
1155 1519 1421 1583 Νικόλαος
1462 1520 1519 1573 δὲ
1555 1522 1583 1573 ὀ
1613 1521 1971 1592 Δαμασκηνὸς

381 1614 439 1667 ὲν
461 1615 528 1684 τῇ
562 1612 795 1684 τετάρτῃ
818 1612 927 1666 τῶν
962 1609 1259 1679 Ἰστοριῶν
1292 1610 1441 1679 λέγει
1483 1611 1656 1677 οὓτως
1675 1630 1689 1644 ·
1740 1613 1972 1684 Ἀϐραά-

386 1722 494 1778 μης
526 1702 844 1757 ἐϐασίλευσε
878 1701 1194 1773 Δαμασκοῦ,
1230 1701 1436 1773 ἔπηλυς
1468 1704 1565 1758 σὺν
1599 1703 1813 1775 στρατῷ
1844 1705 1972 1774 ἀφι-

1499 311 1822 368 Ρῐὶι-ΕΡΑΒ.
1866 309 2121 366 EVANG.
2176 307 2305 364 LIB.
2352 306 2441 362 IX.

3541 300 3645 358 766

2641 424 2872 482 CAPUT
2911 422 3056 479 XVI.

2163 518 2241 573 De
2254 517 2602 573 Ilebrazorum
2621 518 2855 639 omnim;
2879 525 3095 585 parente
3110 514 3433 580 Abrahamo,
3447 529 3513 568 ex

2759 603 2818 639 eo
2858 603 2961 639 em.

2759 603 2961 641 eoaem.

2130 682 2373 753 Moysem
2396 688 2682 751 praeterea,
2714 679 2769 733 in
2800 693 2865 733 ea
2893 693 3061 749 quam
3092 677 3214 733 fuse
3238 676 3307 732 de
3332 675 3646 731 Abrahamo

2061 772 2416 828 Hebraeorum
2445 778 2672 841 parente
2702 768 2915 832 scribit,
2943 768 3200 831 historia,
3235 766 3646 823 consentientes

2063 866 2267 922 habere
2297 865 2527 936 gentiles
2559 863 2856 919 historicos
2884 861 3156 931 Josephus
3198 871 3389 916 auctor
3418 868 3521 915 est.
3553 858 3648 914 Sic

2064 958 2209 1013 enim
2236 958 2519 1028 loquitur:
2552 972 2571 1006 ι
2595 956 2674 1010 Ac
2699 954 2937 1010 Berosus
2967 954 3188 1025 quidem
3211 952 3511 1008 Abrahami
3553 967 3650 1021 pa-

2066 1051 2238 1107 rentis
2288 1049 2485 1116 nostri,
2529 1061 2824 1119 suppresso
2856 1047 2983 1102 licet
3034 1047 3279 1112 nomine,
3330 1044 3418 1101 his
3463 1056 3649 1100 tamen

2076 1142 2260 1199 verbis
2316 1141 2571 1197 meminit
2633 1158 2647 1194 :
2696 1138 2855 1194 Circa
2890 1138 3161 1193 decimam
3211 1144 3338 1208 post
3380 1136 3650 1191 diluvium

2068 1244 2306 1299 aetatem,
2342 1233 2427 1288 vir
2453 1232 2679 1304 quidam
2723 1230 2870 1301 apud
2916 1228 3204 1285 Chaldaeos
3239 1229 3398 1290 vixit.
3435 1243 3653 1284 summa

2069 1344 2194 1383 cum
2241 1326 2550 1397 integritate
2594 1340 2836 1392 morum,
2893 1332 3010 1378 tum
3054 1322 3220 1377 etiam
3260 1321 3524 1394 dignitate
3566 1336 3654 1376 re-

2071 1436 2304 1491 rumque
2330 1419 2634 1476 coelcstium
2680 1417 2996 1489 cognitione
3037 1415 3318 1487 praeditus.
3362 1413 3655 1470 Hecataeus

2072 1530 2201 1569 veru
2234 1528 2344 1568 non
2381 1512 2503 1582 ejus
2550 1518 2768 1566 tantum
2823 1510 3001 1566 obiter
3034 1508 3305 1571 meminit.
3349 1508 3445 1564 sed
3488 1507 3654 1563 etiam

2068 1607 2280 1678 justum
2307 1604 2375 1659 de
2406 1604 2527 1675 ipso
2546 1603 2803 1659 volumen
2834 1603 3099 1672 scriptum
3125 1600 3364 1670 reliquit.
3394 1598 3657 1655 Nicola'zs

2076 1706 2257 1751 autem
2289 1692 2667 1750 Damascenus
2701 1702 2900 1765 quarto
2935 1691 3299 1746 Historiarum
3330 1689 3474 1746 libro
3511 1690 3660 1746 hunc

383 1796 583 1868 γμένος
611 1798 677 1850 ἐκ
702 1796 932 1867 τῆς’γῆς
955 1796 1055 1867 τῆς
1081 1796 1223 1867 ὑπὲρ
1250 1795 1546 1850 Βαϐυλῶνα
1571 1796 1855 1850 Χαλδαίων
1888 1796 1976 1850 λε-

2090 1805 2132 1843 n
2152 1787 2373 1843 modum
2388 1786 2633 1858 loquitur
2683 1804 2698 1840 :
2738 1785 3083 1841 Abrahames
3104 1782 3352 1839 Damasci
3382 1781 3655 1853 regnavit.

384 1887 643 1958 γομένης.
682 1888 817 1942 Μετ’
864 1888 926 1941 ού
974 1887 1143 1941 πολὺν
1187 1888 1379 1959 χρόνον
1424 1886 1723 1953 ἐξαναστὰς
1747 1889 1841 1942 καὶ
1866 1888 1979 1941 ἀπὸ

385 1981 588 2053 ταύτης
612 1980 712 2051 τῆς
743 1980 949 2053 χώρας,
972 1982 1069 2035 σὺν
1095 1980 1177 2051 τῷ
1204 1980 1450 2053 σφετέρῳ
1478 1980 1596 2051 λαῷ
1624 1982 1706 2044 είς
1728 1981 1826 2052 τὴν
1855 1982 1980 2034 τότε

391 2073 491 2142 μὲν
538 2072 849 2126 Χαναναίαν
898 2072 1218 2142 λεγομένην,
1262 2071 1358 2125 νῦν
1399 2072 1459 2125 δὲ
1495 2074 1752 2127 Ἰουδαίαν
1802 2073 1980 2145 μετῴ-

388 2177 547 2231 κησε,
583 2161 676 2215 καὶ
720 2162 769 2214 oi
819 2161 914 2214 ἀπ’
954 2160 1164 2214 ἐκείνου
1217 2161 1609 2232 πληθύσαντες,
1642 2165 1771 2236 περὶ
1816 2159 1891 2218 ὧν
1921 2167 1981 2219 ὲν

390 2253 563 2325 ἑτέρῳ
590 2253 734 2324 λόγῳ
763 2253 991 2324 διέξειμι
1013 2252 1082 2307 τὰ
1120 2254 1497 2327 ἱστορούμενα.
1525 2258 1632 2315 Τοῦ
1657 2274 1718 2310 τε
1747 2257 1991 2330 Ἀϐραά-

396 2364 497 2419 μου
531 2346 611 2401 ἔτι
639 2348 733 2400 καὶ
759 2345 854 2401 νῦν
887 2349 947 2401 ὲν
987 2350 1054 2419 τῇ
1095 2350 1429 2420 Δαμασκηνῇ
1467 2348 1531 2403 τὸ
1565 2349 1739 2420 ὄνομα
1761 2349 1983 2417 δοξάζε-

391 2456 501 2503 ται,
535 2440 630 2492 καὶ
665 2436 826 2510 κώμη
869 2440 964 2494 ἀπ’
1007 2438 1172 2493 αὐτοῦ
1218 2439 1514 2504 δείκνυται,
1563 2440 1875 2513 Ἀϐραάμου
1902 2443 1983 2496 of-

395 2548 465 2602 κη
474 2548 555 2595 σις
565 2530 852 2602 λεγομένη.
868 2529 1111 2602 Λιμοῦδὲ
1130 2530 1266 2602 (24')
1286 2531 1497 2602 χρόνοις
1514 2530 1741 2604 ὕστερον
1754 2532 1854 2604 τὴν
1869 2535 1984 2586 Χα-

395 2624 618 2677 ναναίαν
662 2623 1080 2688 καταλαϐόντος,
1129 2622 1471 2696 Ἀϐραάμης,
1521 2626 1854 2694 Αἰγυπτίους
1894 2626 1984 2678 εύ-

398 2715 668 2786 δαιμονεῖν
701 2714 1023 2786 πυθόμενος,
1057 2714 1288 2786 διαίρειν
1328 2714 1465 2787 πρὸς
1497 2716 1696 2782 αὐτοὺς
1737 2713 1807 2786 ἦν
1851 2715 1988 2786 πρό-

400 2806 588 2877 θυμος,
617 2807 717 2879 τῆς
742 2824 800 2860 τε
825 2805 1084 2876 ἀφθονίας
1103 2807 1202 2878 τῆς
1220 2808 1442 2861 ἐκείνων
1473 2807 1734 2878 μεθέξων,
1762 2811 1855 2864 καὶ
1879 2809 1988 2863 τῶν

402 2898 590 2969 ἱερέων
640 2899 915 2970 ἀκροατὴς
953 2898 1228 2969 ἐσόμενος,
1276 2892 1353 2953 ὧν
1392 2898 1600 2968 λέγοιεν
1647 2902 1776 2971 περὶ
1826 2900 1985 2967 θεῶν,

400 2990 437 3061 ἢ
498 2989 607 3061 γὰρ
664 2989 974 3061 κρείσσοσιν
1040 2988 1312 3061 εὑρεθεῖσι
1376 2991 1901 3063 κατακολουθήσειν,
1953 2993 1987 3064 ἦ

404 3082 841 3153 μετακοσμήσειν
869 3080 1068 3143 αὐτοὺς
1095 3080 1188 3133 ἐπὶ
1224 3081 1285 3134 τὸ
1315 3080 1554 3152 βέλτιον,
1587 3081 1748 3146 αὐτὸς
1780 3083 1995 3154 ἀμείνω

2079 1895 2206 1935 cum
2240 1895 2309 1934 ex
2333 1879 2560 1950 regione
2594 1877 2982 1933 Chaldaeorum
3016 1876 3157 1931 ultra
3187 1875 3524 1947 Babylonem
3555 1875 3662 1930 sita

2079 1988 2206 2028 cum
2257 1971 2506 2027 exercitu
2559 1969 2879 2041 profectus,
2925 1983 2990 2025 eo
3034 1968 3483 2039 commigrasset:
3536 1966 3664 2021 inde

2081 2075 2211 2115 vero
2245 2059 2391 2114 haud
2423 2059 2588 2129 longo
2621 2066 2745 2129 post
2788 2067 3054 2127 tempore,
3094 2057 3321 2111 mutatis
3366 2056 3549 2111 denuo
3578 2070 3665 2111 se-

2080 2155 2263 2218 dibus,
2289 2169 2434 2219 eam,
2466 2168 2589 2223 quae
2624 2162 2740 2207 tum
2774 2149 3107 2212 Chananaaa,
3160 2162 3310 2203 nunc
3347 2154 3531 2202 autem
3561 2144 3664 2201 Ju-

2082 2249 2197 2304 drea
2227 2254 2599 2316 nuncupatur,
2634 2259 2761 2299 cum
2789 2243 2906 2297 suis
2939 2241 3195 2307 incoluit,
3236 2253 3450 2297 necnon
3514 2238 3665 2293 illius

2082 2340 2288 2412 posteri
2338 2352 2573 2392 numero
2615 2350 2679 2391 ac
2708 2333 3059 2389 multitudine
3103 2331 3274 2393 aucti,
3318 2344 3556 2402 quorum
3600 2328 3671 2384 de

2083 2434 2250 2489 rebus
2281 2430 2451 2486 alium
2480 2428 2617 2483 mihi
2661 2441 2869 2497 sepono
2913 2424 3128 2481 dicendi
3169 2423 3373 2477 locum.
3410 2419 3479 2475 Et
3506 2434 3667 2486 vero,

2087 2522 2315 2580 illustris
2345 2522 2649 2576 etiamnum
2682 2518 3011 2573 Abraham
3036 2515 3276 2571 nominis
3316 2521 3431 2570 tnta
3461 2511 3672 2583 passim

2089 2620 2425 2674 Damascena
2452 2617 2679 2688 regione
2706 2613 2973 2667 memoria
3004 2619 3110 2674 est,
3140 2624 3205 2663 ac
3236 2614 3420 2664 certus
3445 2604 3670 2675 quidam

2088 2711 2246 2765 vicus
2273 2709 2602 2773 ostenditur,
2645 2704 2792 2775 quod
2836 2702 3158 2757 Abrahamae
3190 2696 3532 2753 domicilium
3571 2708 3678 2749 no-

2090 2804 2321 2858 minant.
2367 2803 2590 2866 Verum,
2618 2799 2713 2854 ubi
2744 2796 2929 2868 gravis
2950 2802 3142 2864 postea
3171 2790 3347 2846 fames
3375 2789 3430 2843 in
3460 2787 3677 2843 Chana-

2090 2908 2264 2949 naeam
2294 2891 2655 2958 incubuisset,
2694 2890 2743 2945 is
2769 2887 2917 2959 quod
2947 2900 3181 2941 annonae
3205 2883 3361 2953 copia
3385 2879 3676 2953 Egyptios

2094 2984 2375 3040 abundare
2405 2983 2754 3055 intelligeret,
2787 2979 3026 3034 libenter
3058 2977 3285 3029 omnino
3318 2988 3439 3029 sese
3471 2973 3538 3026 ad
3575 2986 3675 3027 eos

2094 3075 2356 3139 contulit,
2400 3074 2600 3145 partim
2653 3080 2715 3127 ut
2765 3071 3013 3141 ipsorum
3074 3067 3326 3121 ubertate
3377 3062 3673 3130 frueretur,

401 3173 635 3245 φρονῶν.
666 3169 780 3227 Εἶθ’
815 3172 943 3243 ἑξῆς
1003 3172 1246 3241 ἐπιλέγει
1267 3190 1280 3202 ·
1320 3174 1430 3226 Καὶ
1486 3173 1653 3245 συνῆν
1677 3153 1985 3243 Αἰγυπτίων

2096 3166 2293 3237 partim
2325 3174 2387 3220 ut
2419 3164 2802 3237 Egyptiorum
2832 3160 3178 3217 sacerdotum
3217 3156 3287 3212 de
3315 3155 3421 3211 diis
3460 3153 3678 3225 opinio-

399 3267 518 3327 τοῖς
545 3263 915 3332 λογιωτάτοις,
956 3264 1057 3335 τήν
1090 3280 1150 3318 τε
1183 3264 1385 3337 ἀρετὴν
1412 3263 1603 3329 αὐτοῦ,
1640 3264 1735 3319 καὶ
1769 3264 1867 3337 τὴν
1901 3266 1988 3318 ἐπ’

404 3358 555 3430 αὐτῷ
579 3358 737 3426 δόξαν
756 3357 1004 3435 ἐντεῦθεν
1026 3358 1460 3431 ἐπιφανεστέραν
1492 3357 1690 3431 συνέϐη
1714 3358 1987 3428 γενέσθαι.

406 3452 532 3505 Τῶν
569 3451 679 3523 γὰρ
723 3451 1036 3520 Αἰγυπτίων
1078 3450 1359 3522 διαφόροις
1396 3450 1781 3522 ἀρεσκομένων
1825 3450 1990 3516 ἔθεσι,

408 3547 503 3601 καὶ
526 3544 596 3598 τὰ
622 3546 752 3617 παρ’
777 3543 1027 3615 ἀλλήλοις
1065 3543 1499 3614 ἐκφαυλιζόντων
1526 3543 1753 3614 νόμιμα,
1784 3542 1878 3597 καὶ
1906 3541 1996 3596 διὰ

407 3639 567 3692 τοῦτο
608 3636 886 3708 δυσμενῶς
932 3637 1166 3708 ἐχόντων
1208 3637 1346 3707 πρὸς
1386 3635 1670 3707 ἀλλήλους,
1703 3634 1997 3707 συμϐαλὼν

410 3729 591 3785 αὐτῶν
619 3730 890 3794 ἑκάστοις,
914 3730 1009 3784 καὶ
1039 3728 1315 3783 διαπτύων
1337 3729 1464 3792 τοὺς
1484 3727 1699 3797 λόγους,
1729 3726 1823 3791 οὓς
1846 3730 1998 3781 εποι-

410 3823 568 3878 οὖντο
617 3823 746 3894 περὶ
787 3821 899 3876 τῶν
949 3820 1126 3889 ἰδίων,
1175 3822 1365 3885 κενοὺς
1423 3821 1518 3874 καὶ
1576 3820 1740 3892 μηδὲν
1800 3818 1999 3889 ἀληθὲς

413 3916 633 3986 ἔχοντας
660 3915 947 3983 ἀπέφαινε.
975 3912 1321 3985 Θαυμασθεὶς
1351 3908 1443 3966 οὖν
1468 3913 1559 3966 ὑπ’
1587 3911 1768 3965 αὐτῶν
1794 3912 1853 3964 ὲν
1877 3914 2000 3975 ταῖς

416 4004 721 4068 συνουσίαις
750 4003 827 4068 ὡς
867 4001 1256 4067 συνετώτατος,
1287 4003 1382 4056 καὶ
1410 4002 1583 4066 δεινὸς
1610 4002 1748 4075 ἀνὴρ
1779 4002 1841 4056 ού
1873 4001 2001 4072 νοῆ-

418 4096 511 4152 σαί
549 4098 729 4169 μόνον,
758 4095 897 4150 ἀλλὰ
934 4097 1028 4150 καὶ
1070 4099 1255 4149 πεῖσαι
1302 4094 1474 4163 λέγων
1510 4094 1639 4166 περὶ
1681 4088 1756 4147 ὦν
1786 4093 1853 4148 ἂν
1881 4095 2001 4146 ὲπι-

415 4189 691 4261 χειρήσειε
720 4188 1014 4250 διδάσκειν,
1042 4189 1140 4259 τήν
1159 4204 1219 4239 τε
1245 4186 1613 4257 ἀριθμητικὴν
1635 4186 1818 4249 αὐτοῖς
1845 4183 2000 4256 χαρι-

418 4281 589 4345 ζεται,
620 4281 715 4334 καὶ
741 4279 810 4333 τὰ
836 4280 965 4352 περὶ
992 4278 1344 4350 ἀστρολογίαν
1374 4276 1727 4348 παραδίδωσι.
1756 4276 1870 4347 Πρὸ
1892 4276 2001 4347 γὰρ

416 4373 521 4444 τῆς
563 4372 876 4445 Ἀϐραάμου
923 4375 1245 4443 παρουσίας,
1293 4367 1581 4438 Αἰγύπτιοι
1625 4370 1828 4423 τούτων
1858 4365 2002 4439 εἶχον

418 4462 668 4535 ἀμαθῶς.
706 4464 802 4518 Ἐκ
835 4462 1117 4516 Χαλδαίων
1144 4453 1252 4534 γὰρ
1290 4460 1443 4515 ταῦτ’
1485 4459 1770 4531 ἐφοίτησεν
1794 4461 1873 4523 εἰς
1904 4461 2000 4513 Αἶ-

419 4572 647 4624 γυπτον,
675 4554 797 4610 ὅθεν
817 4550 949 4628 ἦλθε
987 4555 1082 4609 καὶ
1127 4555 1208 4618 εἰς
1251 4554 1377 4617 τοὺς
1401 4551 1685 4622 Ἕλληνας.
1718 4570 1738 4604 ι
1767 4550 1951 4605 Ταῦτα
1976 4552 2006 4603 ὁ

433 4647 717 4717 Ἰώσηπος,

2098 3273 2221 3312 nem
2251 3257 2553 3329 acciperet:
2586 3256 2693 3310 hoc
2723 3254 2914 3325 utique
2954 3249 3208 3313 consilio,
3236 3247 3313 3303 uti
3348 3246 3397 3304 si
3447 3244 3678 3300 meliora

2103 3352 2402 3418 traderent,
2458 3366 2525 3406 ea
2579 3356 2919 3415 sectaretur;
2969 3344 3055 3401 sin
3097 3350 3278 3397 autem
3328 3338 3513 3395 verius
3557 3337 3679 3407 ipse

2101 3445 2352 3510 sentiret,
2387 3458 2482 3498 eos
2523 3450 2724 3499 contra
2748 3438 3026 3495 saniorem
3079 3434 3145 3489 ad
3177 3439 3415 3488 mentem
3456 3436 3679 3487 senten-

2103 3536 2344 3605 tiamque
2389 3532 2717 3589 traduceret.
2777 3528 2856 3586 Ac
2913 3527 3169 3595 deinceps
3227 3524 3301 3578 ita
3360 3519 3675 3592 subjungit:

2102 3627 2240 3684 Cum
2300 3625 2703 3697 Egyptiorum,
2742 3620 2941 3692 inquit,
2990 3614 3381 3674 eruditissimis
3440 3611 3682 3668 familia-

2107 3720 2241 3773 riter
2273 3724 2538 3779 uteretur,
2571 3727 2772 3769 novum
2803 3711 2922 3780 ipse
2955 3724 3066 3763 non
3107 3706 3177 3762 ad
3219 3706 3473 3761 virtutem
3517 3703 3685 3759 modo

2106 3826 2285 3875 suam,
2315 3822 2504 3864 verum
2537 3806 2704 3861 etiam
2735 3801 2804 3858 ad
2836 3800 3073 3856 nominis
3098 3796 3559 3853 existimationem
3586 3793 3686 3848 de-

2106 3919 2207 3960 cus
2254 3917 2319 3957 ae
2355 3898 2696 3970 splendorem
2744 3891 3016 3964 adjunxit.
3069 3888 3204 3944 Nam
3258 3887 3406 3959 quod
3440 3884 3685 3958 Egyptii

2108 3992 2546 4064 discrepantibus
2572 3987 2820 4043 moribus
2841 3981 3115 4046 delectati,
3150 3995 3279 4035 suos
3307 3978 3524 4050 ipsimet
3548 3976 3688 4032 alio-

2108 4101 2232 4142 rum
2261 4084 2353 4138 alii
2380 4082 2521 4136 ritus
2548 4078 2732 4134 verbis
2751 4075 3050 4140 elevarent,
3073 4081 3377 4140 mutuoque
3398 4075 3691 4138 propterea

2106 4177 2276 4250 418
2300 4174 2429 4230 odio
2456 4176 2790 4233 tenerentur,
2822 4166 2913 4222 ille
2941 4162 3327 4233 cum-singulis
3352 4162 3426 4215 ita
3453 4158 3688 4216 seorsim

2109 4271 2323 4340 agebat,
2356 4275 2414 4319 ut
2443 4260 2709 4333 quidquid
2742 4258 2860 4314 suis
2900 4258 3104 4327 quique
3141 4255 3211 4310 de
3235 4253 3400 4309 rebus
3434 4266 3502 4307 ac
3519 4250 3690 4321 placi-

2110 4339 2182 4416 tis
2215 4358 2558 4427 disputarem
2596 4352 2650 4407 id
2678 4358 2851 4405 totum
2882 4348 2999 4418 ipse
3024 4354 3328 4416 respueret,
3359 4350 3414 4398 et
3438 4342 3506 4397 ab
3536 4339 3689 4396 omni

2111 4451 2338 4508 veritate
2385 4457 2619 4501 vacuum
2664 4455 2788 4497 esse
2839 4439 3263 4495 demonstraret.
3327 4434 3447 4502 Quo
3480 4432 3688 4488 factum

2111 4555 2216 4613 est,
2268 4549 2331 4596 ut
2368 4539 2424 4593 in
2467 4531 2805 4607 quotidianis
2832 4544 2959 4586 eum
3015 4527 3335 4596 mutuisque
3373 4520 3688 4593 congressi-

2109 4639 2235 4701 bus,
2263 4642 2526 4701 tanquam
2551 4622 3043 4696 sapientissimum,
3066 4633 3168 4675 nec
3187 4614 3452 4687 singulari
3475 4619 3691 4668 tantum

424 4708 758 4810 intelligendi
820 4738 873 4793 vi
919 4737 1229 4809 prmditum,
1292 4738 1386 4794 sed
1432 4739 1595 4794 etiam
1637 4735 1703 4791 ad
1749 4733 2192 4805 persuadendum
2255 4724 2397 4791 aliis,
2428 4717 2692 4793 quidquid
2716 4712 3061 4810 probandum
3117 4708 3473 4810 suscepisset,

423 4833 700 4889 tissimum
760 4793 1188 4887 admirarentur.
1252 4832 1445 4901 Itaque
1495 4793 1899 4885 arithmeticam
1949 4828 2059 4881 eos
2119 4831 2283 4892 atque
2368 4811 2722 4885 astrologiam
2773 4807 2997 4901 prolixe
3024 4820 3088 4860 ac
3119 4801 3437 4901 liberaliter
3478 4793 3685 4901 docuit,

425 4928 628 4998 quibus
684 4927 741 4983 in
799 4927 1034 4993 artibus,
1076 4936 1201 4983 ante
1260 4889 1433 4997 ipsius
1467 4925 1784 4990 adventum,
1831 4920 2078 4994 Egyptii
2117 4889 2365 4987 hospites
2403 4910 2632 4968 omnino
2683 4921 2750 4962 ac
2791 4900 3062 4998 peregrini
3111 4897 3350 4998 fuerant.
3396 4889 3609 4962 Quippe
3654 4900 3688 4940 a

424 4990 697 5083 Chaldaeis
724 5024 779 5078 in
810 4990 1127 5096 Egyptiim,
1170 4990 1405 5092 indeque
1454 5021 1521 5077 ad
1543 5019 1762 5076 Graecos
1819 4990 2109 5086 utriusque
2155 5020 2423 5086 praecepta
2457 4994 3093 5096 ινιξισιῐιειιξι·ιιξιξῙ--⁸
3122 4990 3416 5062 Iosephus-

952 5118 1348 5174 ΚΕΦΔΛΔΙΟΝ
1387 5117 1484 5170 ῙΖ’.

426 5213 785 5284 Εὐπολέμου
814 5212 951 5281 περὶ
990 5209 1257 5284 Ἀϐραὰμ,
1294 5208 1411 5284 dare
1426 5207 1564 5284 ’τῆς
1607 5206 2005 5284 Ἀλεξᾴνῢρου

553 5277 1097 5353 τοῦΠολυΐοτοροέ·
1131 5277 1265 5350 περὶ
1304 5279 1601 5334 Ἰουδαίων⁹
1626 5277 1882 5349 γραφῆς.

500 5401 722 5475 Συνᾴδει
772 5400 830 5455 δὲ
859 5398 1068 5463 τούτοις
1103 5397 1198 5452 καὶ
1219 5397 1247 5449 ὁ
1273 5394 1590 5466 Πολυΐστωρ
1626 5389 2002 5462 Ἀλέξανδρος,

433 5494 691 5558 nomine:
715 5495 799 5549 ῶν
816 5495 911 5549 καὶ
942 5490 1258 5563 πολυμαθὴς
1290 5488 1448 5561 ἀνὴρ,
1470 5490 1584 5551 τοῖς
1607 5502 1670 5539 τε
1702 5485 1777 5555 μὴ
1807 5482 2014 5554 πάρερ-

432 5602 529 5656 γον
558 5585 651 5639 τὸν
682 5583 790 5639 ἀπὸ
831 5582 1078 5645 παιδείας
1120 5577 1329 5649 καρπὸν
1376 5574 1767 5647 πεποιημένοις
1788 5568 2010 5639 Ἕλλησι

508 5706 1031 5815 (ΞΗΜνημονεύει
1051 5777 1064 5800 ,
1095 5745 1222 5815 ἐξω.
1270 5731 1371 5790 Hic
1411 5732 1564 5789 locus
1595 5736 1774 5786 exstat
1806 5741 1928 5797 cap.
1949 5723 2005 5788 8,

436 5806 537 5873 lib.
565 5830 581 5867 ι
605 5806 898 5882 Antiqua”
929 5825 1048 5880 pag.
1088 5806 1170 5861 16.

2691 5090 2920 5150 CAPUT
2948 5088 3113 5144 XVII.

2112 5197 2190 5254 De
2224 5194 2547 5252 Abrahamo,
2574 5204 2640 5243 ex
2678 5181 2996 5254 Eupolemo.
3031 5194 3185 5254 quem
3208 5171 3685 5254 laudqtﬁlezan-

2308 5244 2781 5331 ἀξῖΡοιξιΙιίεῑοτί
2810 5251 2902 5306 ubi
2946 5251 3009 5303 de
3040 5244 3246 5302 Judwis
3282 5244 3489 5301 scribit.

2215 5378 2427 5447 Quibus
2476 5371 2788 5445 Polyhistor
2825 5361 3135 5420 Alexander
3161 5359 3319 5447 plane
3342 5354 3687 5447 suﬂragatur,

2117 5473 2203 5527 vir
2238 5445 2444 5526 summi
2477 5461 2682 5533 ingenii
2712 5448 3005 5524 multaeque
3035 5446 3390 5513 eruditionis,
3439 5445 3692 5513 idemque

2120 5562 2322 5620 Grmcis
2355 5554 2696 5617 honiinihus,
2726 5549 2820 5621 qui
2856 5561 2965 5601 non
2997 5542 3187 5598 leviter
3228 5555 3293 5595 ac
3321 5536 3695 5610 perfunctorie

2191 5715 2324 5780 (an
2365 5708 2552 5780 Λιμοῦ
2577 5706 2664 5761 δέ.
2711 5703 2849 5780 Hinc
2880 5713 3081 5780 novum
3101 5692 3574 5780 caput__.loseplius
3602 5706 3694 5748 or-

2129 5767 2565 5857 ditur,'suisquc,
2597 5793 2703 5834 non
2744 5773 2973 5838 Nicolai,
3004 5767 3184 5826 verbis
3219 5768 3408 5822 utitur.
