4194 6428
516 299 617 353 707

1185 300 1456 360 EUSEBH
1495 301 1976 361 CIESARIENSlS
2000 304 2153 359 OP'P.
2196 303 2376 359 PARS
2405 305 2472 360 ll.
2515 337 2583 348 —
2620 305 3121 364 APOLOGETICA.

3664 313 3767 369 "‘08

513 410 776 467 doctrina
824 407 1061 466 fructum
1115 411 1498 481 degustarunt,
1543 413 1702 486 longe
1740 417 2080 471 notissimus.

2190 421 2626 488 γνωριμώτατος,
2663 420 2722 482 ὃς
2747 422 2806 473 ἐν
2848 425 2913 492 τῇ
2944 423 3072 492 περὶ
3109 421 3376 475 Ἰουδαίων
3415 425 3664 492 συντάξει
3701 439 3771 480 τά

513 501 563 556 Is
599 503 765 572 igitur
791 502 845 556 in
873 518 960 569 ea,
989 517 1152 572 quam
1189 505 1256 558 de
1280 503 1484 561 Judaeis
1510 507 1666 572 texit,
1703 507 1958 573 historia,
1999 525 2086 563 res

513 593 810 648 Abrahami
867 595 947 648 sic
999 596 1065 648 ad
1113 597 1341 650 verbum
1378 599 1732 667 exsequitur:
1785 619 1804 651 ι
1857 600 2090 670 Eupole-

512 701 657 752 mus,
685 685 882 754 inquit,
909 687 964 739 in
997 702 1082 751 ea,
1117 703 1280 758 quam
1311 689 1378 743 de
1404 688 1608 746 Judaeis
1637 692 1874 762 Assyriis
1902 692 2086 756 habet,

511 777 905 846 disputatione,
941 787 1137 834 auctor
1178 788 1282 845 est,
1324 781 1560 849 primum
1603 782 1824 851 quidem
1859 781 2090 853 Babylo-

511 884 634 923 nem
669 869 882 934 urbem,
919 884 983 923 ac
1013 872 1364 939 postmodum
1399 875 1591 928 turrim
1626 874 1774 926 illam
1800 874 2089 929 historico-

510 970 631 1014 rum
663 964 910 1016 omnium
943 977 1038 1017 ore
1060 964 1345 1032 jactatam,
1381 965 1450 1018 ab
1486 966 1554 1021 iis
1587 966 1680 1034 qui
1706 966 1971 1020 diluvium
2002 963 2082 1019 ef-

510 1054 780 1126 fugissent.
825 1054 1120 1125 (Gigantes
1175 1057 1253 1110 illi
1303 1056 1498 1128 erant)
1554 1059 1868 1122 excitatam,
1915 1071 2088 1126 eaque

509 1147 704 1201 deinde
730 1162 944 1202 summa
965 1144 1219 1202 Numinis
1248 1157 1514 1217 potestate
1540 1148 1789 1217 disiecta,
1822 1156 1938 1202 toto
1961 1162 2089 1217 pas-

510 1238 613 1290 sim
651 1236 783 1292 orbe
831 1236 1124 1291 distractos
1163 1252 1227 1291 ae
1255 1237 1554 1306 dissipatos
1595 1236 1856 1308 Gigantes
1891 1237 2082 1292 fuisse.

509 1326 653 1380 ldem
695 1336 852 1381 aetate
883 1326 1120 1392 decima,
1156 1326 1488 1393 Camarina,
1521 1344 1642 1397 qum
1669 1328 1981 1399 Babyloniae
2009 1329 2088 1384 ci-

508 1421 651 1474 vitas
681 1429 790 1482 est,
838 1434 1119 1488 quamque
1143 1417 1315 1474 Urien
1366 1420 1614 1474 nonnulli
1656 1430 1871 1487 vocant,
1912 1420 2087 1476 Graeci

508 1511 918 1581 Chaldreopolin
967 1512 1423 1581 interpretantur,
1474 1510 1847 1566 Abrahamum
1893 1519 2086 1566 natum

501 1607 632 1658 esse
663 1604 850 1670 tradit,
893 1603 990 1673 qui
1025 1619 1147 1658 cum
1185 1603 1468 1656 nobilitate
1509 1619 1574 1658 ac
1606 1603 1870 1672 sapientia
1909 1601 2088 1656 omni-

510 1697 614 1751 bus
663 1696 989 1760 anteiverit,
1050 1703 1166 1748 tum
1210 1709 1342 1748 vero
1395 1695 1746 1766 astrologiam
1783 1693 1988 1763 pariter
2033 1703 2090 1746 et

507 1788 860 1844 Chaldaicam
892 1788 1186 1852 invenerit,
1220 1796 1275 1842 et
1325 1788 1594 1858 singulari
1644 1787 1826 1842 studio
1870 1786 2086 1856 pietatis

508 1882 750 1936 divinam
791 1880 896 1936 sibi
939 1880 1169 1950 gratiam
1215 1879 1549 1934 conciliarit.
1595 1877 1753 1933 Hunc
1793 1893 1960 1948 porro
2000 1877 2086 1932 di-

507 1975 637 2028 vino
687 1973 870 2043 jussu,
919 1972 1188 2027 collocato
1237 1987 1422 2026 rerum
1478 1986 1705 2027 suarum
1763 1971 1819 2025 in
1864 1968 2086 2025 Pituani-

508 2067 594 2122 cia
611 2065 915 2135 domicilio,
963 2065 1097 2120 solis
1129 2065 1378 2133 lunaeque
1419 2063 1810 2118 conversiones
1857 2077 1922 2117 ae
1957 2063 2089 2118 reli-

508 2172 618 2230 qua
681 2156 735 2210 id
791 2170 962 2224 genus
1015 2155 1202 2210 omnia
1263 2153 1552 2210 Phoenices
1608 2155 1903 2221 docuisse,
1965 2170 2088 2225 quae

508 2263 598 2304 res
661 2262 876 2302 summe
939 2247 1240 2316 gratiosum
1302 2261 1426 2301 eum
1495 2246 1640 2315 apud
1702 2261 1884 2316 regem
1958 2245 2088 2300 effe-

509 2340 667 2396 cerit.
715 2338 913 2394 Postea
958 2353 1110 2406 vero,
1163 2353 1292 2394 eum
1344 2337 1614 2408 appetitos
1664 2337 1806 2391 bello
1861 2335 2088 2391 Phaeni-

508 2447 599 2487 ees
670 2429 919 2485 Armenii
993 2437 1378 2498 superassent,
1444 2429 1734 2499 ipsumque
1787 2427 2087 2482 Abrahami

511 2531 758 2592 nepotem
788 2521 1062 2591 captivum
1097 2520 1453 2587 abducerent,
1485 2520 1860 2574 Abrahamum
1903 2534 2088 2574 servo-

510 2633 630 2671 rum
662 2616 830 2689 419
858 2631 1022 2669 manu
1073 2613 1332 2684 stipatum
1370 2613 1638 2666 auxilium
1666 2612 1714 2666 ei
1765 2598 1977 2675 tulisse,
2005 2611 2088 2662 vi-

509 2719 687 2762 ctores
711 2722 868 2762 suam
897 2707 951 2760 in
979 2713 1304 2775 potestatem
1351 2703 1654 2772 redegisse,
1687 2717 1990 2771 eorumque
2017 2701 2085 2754 li-

507 2800 672 2854 beros
712 2807 767 2853 et
793 2812 992 2853 uxores
1035 2797 1160 2851 belli
1189 2796 1314 2866 jure
1346 2806 1536 2865 captos
1583 2796 1851 2866 abegisse.
1881 2793 2085 2848 Verum

511 2891 698 2960 legatis
728 2889 794 2944 ad
823 2890 1002 2959 ipsum
1037 2889 1106 2942 ab
1131 2890 1287 2942 hoste
1320 2888 1530 2952 missis,
1563 2889 1660 2958 qui
1703 2887 1948 2957 captivos
1993 2905 2087 2957 pe-

508 2985 672 3040 cunia
707 2983 1058 3046 redimerem,
1095 2982 1252 3036 victis
1276 2996 1401 3036 eum
1431 2980 1695 3036 insultare
1724 2979 1962 3036 ferocius
1987 2995 2089 3034 no-

2191 506 2329 558 κατὰ
2372 508 2464 560 τὸν
2506 508 2752 579 Ἀϐραάμ
2789 510 2976 563 τοῦτον
3037 513 3238 583 ἱστορεί
3291 514 3432 566 κατὰ
3482 514 3626 578 λέξιν
3677 517 3769 570 τὸν

2189 599 2406 670 τρόπον·
2431 618 2449 650 ι
2472 599 2785 670 Εὐπόλεμος
2815 600 2995 672 (⁸25)δὲ
3019 605 3078 656 ὲν
3107 603 3184 674 τῷ
3218 604 3345 675 περὶ
3374 603 3638 658 Ἰουδαίων
3667 607 3769 675 τῆς

2202 693 2488 764 Ἀσσυρίας
2514 693 2684 762 φησὶ,
2721 694 2874 747 πόλιν
2931 695 3224 768 Βαϐυλῶνα
3269 697 3486 767 πρῶτον
3521 697 3619 768 μὲν
3657 715 3771 752 κτι-

2191 783 2380 855 σθῆναι
2415 784 2518 836 ὑπὸ
2546 785 2654 839 τῶν
2681 785 3053 840 διασωθέντων
3085 789 3150 841 ὲκ
3206 788 3301 842 τοῦ
3342 789 3765 862 κατακλυσμοῦο

2189 870 2325 941 εἶναι
2355 875 2412 927 δὲ
2444 875 2638 939 αὐτοὺς
2667 877 2948 944 γίγαντας.
2980 880 3292 950 Οἰκοδομεῖν
3325 882 3382 935 δὲ
3405 883 3496 936 τὸν
3527 885 3773 955 ἱστορού-

2193 979 2350 1032 μενον
2384 963 2610 1035 πύργον.
2645 967 2911 1030 Πεσὸντος
2945 968 3002 1020 δὲ
3033 967 3221 1022 τούτου
3257 970 3362 1024 ὑπὸ
3393 973 3491 1043 τῆς
3518 974 3610 1028 τοῦ
3637 975 3770 1030 Θεοῦ

2191 1054 2488 1124 ἐνεργείας,
2519 1056 2645 1119 τοὺς
2675 1057 2934 1125 γίγαντας
2965 1059 3332 1132 διασπαρῆναι
3362 1065 3483 1118 καθ’
3515 1065 3644 1138 ὃλην
3672 1069 3772 1140 τὴν

2187 1147 2308 1217 γῆν.
2348 1149 2562 1220 Δεκάτῃ
2597 1149 2653 1202 δὲ
2684 1154 2865 1222 γενεᾷ,
2893 1154 3077 1222 φησὶν,
3111 1156 3169 1207 ὲν
3206 1157 3357 1209 πόλει
3390 1158 3490 1228 τῆς
3519 1159 3773 1212 Βαϐυλω-

2188 1236 2304 1298 νίας
2333 1237 2650 1310 Καμαρίνῃ,
2683 1241 2750 1310 ἦν
2795 1258 2947 1304 τινας
2993 1241 3169 1311 λέγειν
3208 1245 3359 1298 πόλιν
3387 1249 3590 1318 Οὐρίην
3624 1232 3732 1318 (9.6)
3753 1267 3768 1280 ·

2189 1323 2327 1380 εἶναι
2352 1327 2409 1379 δὲ
2441 1328 2986 1403 μεθερμηνευομένην
3013 1335 3296 1388 Χαλδαίων
3321 1337 3473 1390 πόλιν
3497 1357 3509 1369 ·
3541 1342 3598 1392 ὲν
3623 1357 3774 1411 τρισ-

2190 1420 2484 1493 καιδεκάτῃ
2535 1423 2786 1490 γενέσθαι
2832 1424 3082 1496 Ἀϐραὰμ
3137 1429 3320 1498 γενεᾷ,
3377 1430 3625 1501 εὐγενείᾳ
3676 1433 3772 1484 καὶ

2191 1511 2353 1582 σοφίᾳ
2381 1513 2589 1575 πάντας
2635 1513 3071 1586 ὑπερϐεϐηκότα,
3109 1516 3167 1569 ὃν
3199 1517 3262 1590 δὴ
3295 1519 3392 1572 καὶ
3435 1522 3537 1591 τὴν
3573 1524 3771 1595 ἀστρο-
3871 1527 3882 1542 ⁸

2188 1600 2374 1671 λογίαν
2403 1606 2495 1658 καὶ
2525 1605 2832 1678 Χαλδαῖκὴν
2879 1609 3081 1678 εὑρεῖν,
3116 1611 3206 1662 ἐπί
3253 1627 3310 1663 τε
3343 1610 3442 1682 τὴν
3489 1613 3772 1667 εὐσέϐειαν

2187 1697 2526 1768 ὁρμήσαντα,
2561 1699 2920 1770 εὐαρεστῆσαι
2963 1701 3043 1772 τῷ
3075 1701 3212 1773 Θεῷ.
3248 1703 3448 1757 Τοῦτον
3483 1704 3538 1756 δὲ
3577 1705 3668 1759 διὰ
3704 1707 3772 1761 τὰ

2194 1789 2588 1860 προστάγματα
2635 1791 2729 1844 τοῦ
2771 1792 2907 1846 Θεοῦ
2934 1834 2948 1858 ,
2998 1797 3077 1858 εἰς
3121 1794 3370 1867 Φοινίκην
3406 1795 3518 1867 (‘27)
3551 1798 3772 1851 ἐλθόντα

2193 1879 2534 1948 κατοικῆσαι,
2560 1880 2654 1934 καὶ
2697 1881 2905 1951 τροπάς
2951 1883 3104 1954 ἡλίου
3151 1884 3247 1937 καὶ
3287 1885 3535 1956 σελήνης,
3580 1886 3773 1939 καὶτὰ

2193 1971 2327 2026 ἄλλα
2373 1972 2549 2026 πάντα
2579 1971 2865 2036 διδάξαντα
2897 1974 3025 2038 τοῦς
3070 1975 3352 2039 Φοίνικας,
3407 1977 3771 2047 εὐαρεστῆσαι

2193 2063 2272 2134 τῷ
2333 2063 2541 2134 βασιλεῖ
2604 2065 2803 2118 αὐτῶν.
2853 2066 3118 2138 Ὕστερον
3178 2066 3236 2120 δὲ
3288 2068 3598 2138 Ἀρμενίους
3655 2073 3772 2122 ἐπι-

2195 2154 2522 2226 στρατεῦσαι
2553 2158 2664 2218 τοῖς
2701 2155 2931 2220 Φοίνιξι·
2972 2156 3308 2226 νικησάντων
3352 2157 3410 2210 δὲ
3455 2159 3549 2210 καὶ
3576 2159 3775 2232 αἰχμα-

2195 2244 2576 2314 λωτισαμένων
2621 2246 2712 2299 τὸν
2762 2246 3076 2316 ἀδελφιδοῦν
3126 2247 3325 2312 αὑτοῦ,
3382 2247 3475 2300 τὸν
3526 2247 3770 2319 Ἀϐραὰμ.

2198 2335 2338 2406 μετὰ
2389 2336 2612 2390 οἰκετῶν
2656 2337 2995 2409 βοηθήσαντα
3020 2377 3036 2404 ,
3097 2339 3340 2410 ἐγκρατῆ
3372 2339 3623 2408 γενέσθαι
3664 2339 3772 2391 τῶν

2195 2427 2750 2498 αἰχμαλωτισαμένων
2775 2471 2790 2495 ,
2858 2429 2954 2482 καὶ
3006 2429 3114 2482 τῶν
3166 2430 3439 2500 πολεμίων
3491 2430 3770 2500 αἰχμαλω-

2195 2517 2340 2570 τίσαι
2397 2519 2563 2572 τέκνα
2625 2519 2718 2571 καὶ
2771 2523 3052 2587 γυναῖκας.
3103 2520 3389 2592 Πρέσϐεων
3438 2521 3494 2572 δὲ
3532 2537 3772 2591 παραγε-

2194 2607 2433 2678 νομένων
2470 2609 2604 2679 πρὸς
2635 2609 2816 2674 αὑτὸν,
2862 2611 3010 2674 ὅπως
3049 2612 3302 2681 χρήματα
3349 2610 3528 2664 λαϐὼν
3572 2611 3773 2665 ἀπολυ-

2193 2701 2379 2776 τρώσῃ
2407 2703 2598 2767 ταῦτα,
2634 2704 2706 2774 μὴ
2730 2704 3050 2776 προελέσθαι
3080 2707 3191 2766 τοῖς
3221 2703 3570 2776 δυστυχοῦσιν
3601 2708 3773 2777 ἐπεμ-

2195 2794 2419 2859 ϐαίνειν,
2468 2795 2602 2849 ἀλλὰ
2642 2796 2744 2859 τὰς
2795 2796 3000 2868 τροφὰς
3043 2796 3274 2849 λαϐόντα
3309 2797 3418 2849 τῶν
3455 2798 3769 2858 νεανίσκων,

2195 2887 2485 2941 ἀποδοῦναι
2516 2887 2584 2940 τὰ
2613 2888 2951 2959 αἰχμάλωτα,
3000 2889 3304 2958 ξενισθῆναί
3358 2907 3418 2942 τε
3465 2891 3628 2942 αὐτὸν
3669 2889 3777 2943 ὑπὸ

2195 2979 2400 3042 πόλεως
2428 2979 2591 3049 ἰερὸν,
2637 2981 2948 3052 Ἀργάριζιν
2978 2981 3111 3050 (28),
3145 2981 3173 3034 ὃ
3203 2976 3336 3033 εἶναι
3373 2981 3771 3052 μεθερμηνευο-

508 3077 698 3138 luisse,
739 3074 833 3128 sed
888 3073 1122 3127 militum
1168 3087 1393 3126 suorum
1427 3071 1698 3142 stipendio
1745 3082 2084 3139 contentum,

2198 3089 2354 3142 μενον
2386 3071 2510 3142 ὅρος
2539 3073 2813 3142 Ὑψίστου.
2844 3073 3000 3145 Παρὰ
3022 3074 3079 3126 δὲ
3105 3072 3199 3126 τοῦ
3230 3073 3560 3144 Μελχισεδὲκ
3585 3074 3772 3144 ἱερέως

507 3168 753 3238 captivos
782 3166 1080 3219 liberaliter
1121 3163 1446 3219 reddidisse.
1496 3164 1661 3217 Addit
1709 3163 1932 3235 insuper
1958 3179 2086 3218 eum

508 3274 563 3314 ιιι
599 3273 758 3313 sacro
803 3259 956 3312 urbis
1003 3255 1311 3325 Argarizin,
1346 3257 1450 3310 hoc
1487 3265 1570 3309 est
1604 3256 1870 3311 Altissimi
1906 3255 2088 3310 Monte

509 3358 823 3417 susceptum
857 3349 1115 3417 hospitio,
1143 3346 1287 3400 dona
1313 3346 1478 3402 simul
1513 3361 1542 3400 a
1567 3345 1963 3402 Melchisedeco
1989 3347 2087 3402 Dei

508 3441 812 3506 sacerdote,
843 3440 937 3508 qui
973 3438 1174 3493 ibidem
1200 3439 1486 3509 regnabat,
1516 3441 1811 3507 accepisse.
1838 3438 2090 3493 Postmo-

506 3531 636 3585 dum
666 3538 892 3599 urgente
949 3527 1092 3582 fame
1134 3529 1507 3582 Abrahamum
1555 3528 1610 3580 in
1641 3527 1933 3598 [Egyptum
1961 3543 2087 3582 cum

507 3625 764 3678 universa
795 3619 997 3674 familia
1030 3620 1348 3682 secessisse,
1403 3620 1590 3689 ibique
1635 3619 1743 3674 fixa
1778 3622 1924 3686 sede,
1961 3637 2087 3674 cum

507 3713 628 3782 ejus
647 3726 836 3774 uxore,
874 3724 1040 3778 quam
1072 3723 1318 3763 sororem
1351 3710 1438 3764 ille
1467 3725 1622 3764 suam
1654 3720 1894 3777 voearet,
1926 3711 2090 3782 IEgy-

508 3804 748 3874 ptiorum
795 3817 978 3872 regem
1018 3801 1435 3855 matrimonium
1470 3801 1682 3857 iniisse.
1710 3800 1810 3857 Hic
1836 3819 1967 3857 vero
2002 3804 2088 3857 fu-

509 3896 626 3949 sius
648 3893 987 3963 exsequitur,
1014 3893 1476 3962 quemadmodum
1497 3907 1596 3946 nec
1621 3892 1766 3948 illius
1785 3908 2086 3962 congressu

509 3987 618 4041 frui
649 4003 746 4040 rex
796 3985 1054 4057 potuerit,
1099 3992 1155 4038 et
1189 3984 1449 4054 populum
1491 3983 1612 4052 ejus
1650 3984 1965 4038 universum
1997 4000 2085 4038 re-

509 4079 760 4148 giamque
812 4076 952 4132 adeo
999 4074 1264 4130 familiam
1313 4073 1636 4145 gravissima
1667 4075 1835 4144 pestis
1867 4074 2088 4129 invase-

510 4169 582 4224 rit
613 4188 626 4223 :
664 4169 992 4238 tandemque
1018 4182 1137 4233 rex,
1169 4167 1438 4222 consultis
1465 4166 1704 4232 vatibus,
1751 4181 1816 4221 ac
1861 4167 2087 4221 minime

509 4261 730 4316 viduam
779 4259 1071 4315 mulierem
1117 4273 1241 4314 esse
1286 4258 1768 4329 respondentibus,
1817 4258 1912 4313 ubi
1965 4274 2087 4314 eam

581 4506 696 4577 (25)
755 4505 1126 4573 Εὐπόλεμος.
1186 4505 1344 4561 Hunc
1395 4504 1537 4559 infra
1588 4520 1730 4574 saepe
1775 4506 2084 4577 loquentem

511 4576 798 4632 audiemus
831 4591 842 4625 :
880 4590 1041 4643 quem
1069 4593 1191 4629 cum
1229 4578 1349 4630 aliis
1383 4577 1596 4630 duobus
1625 4591 1896 4630 excusans
1921 4576 2078 4630 Jose—

510 4651 652 4718 pltus
684 4646 776 4700 lib.
808 4663 828 4718 ι
856 4655 1024 4718 contr.
1061 4645 1251 4718 Apion.
1280 4665 1297 4702 :
1335 4647 1394 4718 Ὁ
1429 4647 1622 4718 μέντοι-
1655 4645 1933 4716 Φαληρεὺς
1973 4651 2082 4716 Δη-

512 4715 742 4789 μήτριος
761 4755 779 4781 ,
806 4716 983 4784 inquit
1001 4754 1015 4776 ,
1045 4717 1140 4796 xu}
1169 4716 1340 4769 Φίλων
1365 4717 1394 4768 ὀ
1419 4715 1823 4788 πρεσϐύτερος,
1857 4719 1950 4769 καὶ
1981 4715 2086 4770 Εὐ-

512 4788 782 4857 πόλεμος,
816 4783 1044 4857 οῦᾼπολὺ
1073 4797 1170 4856 της
1196 4786 1455 4857 ἀληθείας
1477 4785 1773 4857 διήμαρτον
1792 4803 1805 4816 ·
1831 4780 1915 4857 οἷς
1954 4804 2085 4857 συγ-

512 4805 782 4858 ποΑεμος,
816 4805 876 4838 ου
910 4805 1044 4838 ποΑυ
1073 4805 1170 4856 της
1196 4805 1455 4857 αΛηυειας
1477 4805 1773 4856 οιημαρτον
1792 4805 1805 4816 ·
1835 4805 1915 4850 οις
1954 4805 2085 4857 συγ-

511 4858 798 4929 γινώσκειν
841 4855 1021 4929 ᾶξιονο
1068 4857 1141 4929 οὑ-
1170 4859 1278 4926 γὰρ
1315 4856 1442 4929 ἐνῆν
1489 4856 1668 4918 αὐτοῖς
1719 4855 1866 4929 μετὰ.
1907 4857 2086 4929 πάσης

510 4925 940 5000 ἅκριϐείαςτοῖς
974 4925 1262 5000 ἡμετέροις
1303 4925 2080 5000 γράμμσιῄπαρακρλουθεῖν.

584 4995 698 5068 (26)
741 4995 1205 5078 (gemuit-{Forte
1234 4995 1517 5078 legendum
1553 4995 1754 5078 υρρην.
1807 4996 1898 5078 Sic
1937 4999 2080 5051 enim

514 5066 655 5123 hanc
699 5069 888 5123 urbem
917 5106 932 5132 ,
965 5067 1227 5136 Antiquit.
1271 5066 1362 5122 lib.
1403 5083 1485 5137 ι,
1508 5081 1559 5122 c.
1592 5066 1652 5132 7,
1685 5066 1956 5136 Josephus
1985 5083 2082 5137 ap-

511 5140 694 5210 pellat.
743 5137 888 5210 Ura,
940 5137 1093 5210 locus
1137 5138 1299 5210 etiam
1352 5136 1569 5210 Plinio_,_
1616 5137 1676 5210 in.
1719 5152 1783 5191 ea
1829 5136 2082 5207 regione,

515 5206 607 5264 lib.
636 5209 868 5274 v,c.2J;
888 5209 989 5277 sub
1018 5207 1110 5261 lin.
1134 5206 1408 5262 Geneseos
1439 5222 1475 5261 ιι
1527 5206 1602 5262 Ur
1628 5207 1770 5262 dicta
1799 5206 2085 5277 est,’quam

514 5279 866 5350 Septuaginta
893 5276 1075 5350 χώραν
1097 5277 1206 5331 τῶν
1221 5277 1503 5350 Χαλδαίων
1523 5289 1732 5350 vertere
1752 5275 2086 5350 maluerunt.

514 5297 866 5403 beptuagltnta
893 5297 1075 5350 χωραν
1097 5297 1206 5331 των
1222 5297 1503 5331 ΛαΛοαιων
1523 5297 1732 5331 νεῐιετθ
1752 5297 2086 5332 maluerunt.

511 5356 611 5411 τίκ
643 5361 696 5404 et
773 5349 1016 5418 halttaice
1065 5357 1238 5411 min.
1283 5349 1458 5403 lucem
1479 5389 1495 5413 ,
1531 5348 1708 5417 ignem
1732 5389 1750 5413 ,
1780 5347 2087 5418 vallemque

513 5415 986 5490 Significat.lline
1019 5419 1172 5490 urbis
1207 5419 1372 5490 hujus
1433 5415 1662 5490 nomen,
1709 5418 1795 5472 vel
1843 5415 2088 5488 quod'in

513 5488 745 5544 vallibus
789 5489 925 5559 sita,
964 5489 1047 5542 vel
1087 5489 1233 5556 quod
1269 5489 1409 5558 ignis
1449 5488 1524 5542 ibi
1569 5491 1840 5559 praecipue
1883 5489 2082 5559 cultus.

513 5559 703 5630 Laque
753 5560 798 5614 si
849 5557 1064 5629 Οὔρην,
1110 5561 1226 5630 sige
1277 5559 1511 5630 Οὐρίην,
1569 5557 1755 5630 Grece
1802 5558 2086 5612 Χαλδαίων

514 5627 667 5682 πόλιν
688 5669 702 5692 ,
752 5627 1136 5697 interpretatur
1159 5627 1498 5697 Eupolemus
1517 5671 1531 5692 ,
1565 5629 1724 5684 tidem
1773 5645 1882 5683 non
1907 5646 2087 5683 mere-

515 5709 622 5756 tur.
681 5699 785 5754 Sed
831 5699 1179 5767 credibilius,
1225 5701 1456 5781 alterum
1488 5699 1608 5769 ejus
1639 5715 1838 5755 nomen
1890 5701 2086 5768 Καμα-

2193 3163 2341 3227 6ντος
2369 3164 2460 3218 τοῦ
2488 3164 2644 3228 Θεοῦ,
2677 3167 2770 3218 καὶ
2792 3165 3165 3236 βασιλεύοντος
3191 3166 3374 3219 λαϐεῖν
3405 3167 3570 3238 δῶρα.
3598 3166 3773 3236 Λιμοῦ

2190 3256 2247 3310 δὲ
2293 3257 2606 3325 γενομένου,
2653 3258 2743 3309 τὸν
2794 3257 3042 3328 Ἀϐραὰμ
3088 3256 3462 3326 ἀπαλλαγῆναι
3497 3259 3576 3318 εἰς
3606 3256 3774 3323 Αἴγυ-

2190 3365 2322 3400 πτον
2356 3349 2630 3418 πανοικίᾳ,
2663 3349 2824 3400 κάκεῖ
2863 3351 3156 3412 κατοικεῖν,
3191 3351 3289 3418 τήν
3327 3365 3384 3399 τε
3421 3351 3650 3416 γυναῖκα
3676 3347 3772 3398 αὐ-

2188 3439 2282 3492 τοῦ
2309 3440 2399 3492 τὸν
2431 3439 2650 3509 βασιλέα
2674 3439 2781 3492 τῶν
2816 3440 3124 3504 Αἰγυπτίων
3154 3441 3349 3507 γῆμαι,
3381 3439 3577 3505 φάντος
3606 3435 3769 3488 αὐτοῦ

2189 3529 2419 3601 ἀδελφὴν
2467 3527 2625 3581 εἶναι.
2674 3528 3067 3598 Περισσὸτερον
3111 3526 3153 3577 δ’
3204 3527 3508 3595 ἱστόρησεν,
3546 3526 3626 3577 ὅτι
3671 3526 3772 3576 οὐκ

2189 3619 2423 3689 ἠδύνατο
2466 3620 2601 3688 αὐτῇ
2639 3617 3015 3685 συγγενέσθαι,
3051 3616 3146 3668 καὶ
3197 3617 3278 3667 ὄτι
3325 3615 3520 3685 συνέϐη
3558 3615 3772 3686 φθείρε-

2192 3710 2314 3763 σθαι
2341 3709 2506 3764 αὑτοῦ
2533 3709 2623 3762 τὸν
2654 3710 2778 3762 λαὸν
2802 3710 2896 3763 καὶ
2923 3709 3012 3761 τὸν
3039 3703 3206 3761 οἶκον.
3239 3710 3474 3771 Μάντεις
3495 3709 3572 3773 δὲ,
3604 3707 3770 3762 αὐτοῦ

2189 3803 2535 3866 καλέσαντος,
2583 3802 2742 3855 τοῦτο
2783 3801 2970 3869 φάναι,
3021 3801 3094 3871 μὴ
3142 3797 3278 3853 εἶναι
3325 3801 3499 3870 χήραν
3537 3801 3636 3870 τὴν
3675 3817 3771 3867 γυ-

2189 3897 2381 3948 ναῖκαο
2427 3893 2517 3946 τὸν
2559 3893 2615 3946 δὲ
2657 3891 2878 3963 βασιλέα
2925 3892 3032 3944 τῶν
3081 3889 3393 3958 Αἰγυπτίων
3438 3889 3607 3953 οὕτως
3651 3892 3772 3943 ἐπι-

2189 3981 2409 4051 γνῶναι,
2436 3983 2518 4035 ὃτι
2549 3983 2684 4054 γυνὴ
2708 3978 2776 4052 ἦν
2803 3981 2897 4035 τοῦ
2932 3980 3200 4051 Ἁϐραάμ,
3233 3981 3326 4034 καὶ
3357 3980 3644 4033 ἀποδοῦναι
3675 3982 3771 4034 αῦ-

2189 4076 2289 4146 τὴν
2311 4075 2389 4146 τῷ
2415 4075 2587 4146 ἀνδρί.
2621 4077 2935 4146 Συζήσαντα
2963 4075 3019 4128 δὲ
3047 4074 3139 4127 τὸν
3182 4073 3429 4145 Ἀϐραὰμ
3461 4074 3517 4126 ἐν
3564 4073 3770 4126 Ἠλιουο

2191 4167 2342 4220 πόλει
2374 4171 2484 4232 τοῖς
2509 4167 2822 4235 Αἰγυπτίων
2854 4167 3078 4238 ἱερεῦσι,
3109 4166 3278 4219 πολλὰ
3306 4163 3648 4236 μεταδιδάξαι
3678 4167 3769 4218 αὑ-

2190 4262 2336 4325 τοὺς,
2371 4262 2466 4315 καὶ
2492 4261 2591 4331 τὴν
2622 4259 2994 4333 ἀστρολογίαν,
3024 4260 3118 4313 καὶ
3150 4259 3218 4313 τὰ
3249 4258 3411 4312 λοιπὰ
3443 4258 3630 4311 τοῦτον
3666 4258 3766 4312 αῦ-

2201 4499 2350 4570 ρὶνην
2370 4539 2384 4561 ,
2440 4498 2508 4570 ab
2539 4512 2604 4550 eo
2635 4498 2714 4552 sic
2745 4496 3004 4564 explicari
3032 4507 3133 4570 :rut
3161 4513 3256 4565 per
3298 4498 3613 4559 Chaldaeos.
3656 4516 3763 4554 non

2198 4569 2306 4624 tam
2343 4569 2636 4638 populum,
2673 4569 3221 4639 _t_|uantsaeerdotes,
3266 4583 3362 4621 seu
3417 4570 3766 4639 philosophos

2192 4637 2471 4707 intelligat,
2502 4653 2641 4708 quos
2668 4637 2879 4691 ﬂebrmi
2909 4645 3129 4702 civ-1m,
3156 4639 3392 4692 Chaldmi
3426 4637 3643 4698 Dawn-13'
3667 4655 3765 4694 νο..

2191 4712 2419 4774 cabant,
2473 4709 2672 4774 quibus
2727 4709 2842 4760 hmo
2898 4708 3031 4776 urbs
3077 4709 3294 4776 proprie
3344 4710 3605 4763 attributa
3659 4712 3764 4766 sit.

2191 4783 2420 4850 ideoque
2445 4777 2736 4832 Camarine
2765 4778 2931 4830 dicta.
2970 4775 3096 4831 Haec
3145 4776 3423 4849 Scaligero
3455 4780 3766 4848 conjectura

2188 4852 2433 4906 debetur.

2261 4921 2372 4992 (27)
2411 4923 2514 4986 Εἰς
2555 4920 2860 4992 Φοινίκην,
2901 4926 3003 4972 etc.
3050 4915 3167 4970 Non
3212 4927 3366 4992 est_a
3407 4917 3767 4992 scriptoribus

2191 4989 2311 5046 istis
2340 4991 2691 5058 exigendum,
2741 4999 2802 5042 ut
2826 4990 2893 5042 iis
2921 5003 3046 5043 eum
3085 4989 3256 5044 sacris
3284 4990 3483 5044 litteris
3516 4993 3770 5046 adamas-

2188 5063 2292 5118 sim
2323 5061 2627 5114 conveniat.

2261 5131 2374 5201 (28)
2411 5127 2740 5200 Ἀργαριζῖν.
2775 5128 2938 5184 Forte
2977 5129 3327 5201 Ἀργαριζίμ,
3356 5144 3462 5184 vox
3492 5143 3522 5201 e
3553 5129 3766 5201 duabus

2190 5199 2457 5264 conﬂata,
2504 5199 2668 5262 ειη-ιι
2702 5211 2778 5259 'ln
2827 5215 2985 5254 mons
3023 5199 3298 5268 Garizim,
3356 5199 3512 5268 quasi
3541 5199 3766 5254 divisio-

2191 5289 2344 5339 num,
2375 5281 2469 5325 aut
2498 5272 2707 5326 divisus
2736 5287 2748 5322 :
2782 5271 2968 5338 biceps
3001 5271 3146 5323 enim
3182 5286 3212 5324 a
3243 5271 3519 5339 plerisque
3543 5270 3762 5324 dicitur.

2187 5343 2377 5410 Itaque
2427 5342 2624 5396 falsum
2697 5350 2813 5404 est,
2869 5339 3047 5410 quodd
3079 5342 3155 5394 ait
3218 5339 3549 5408 Eupolemus
3601 5341 3765 5410 Ὄρος

2202 5407 2455 5480 Ὑψίστου
2491 5413 2595 5466 hoc
2628 5412 2849 5466 nomine
2877 5407 3172 5480 signiﬁcari
3213 5407 3372 5471 licet,
3403 5411 3546 5478 quod
3593 5410 3650 5480 in
3676 5407 3764 5463 ἐυ

2230 5477 2460 5553 rteeipue
2495 5482 2664 5537 Deum
2716 5477 3043 5553 Samaritani
3077 5481 3377 5553 coluerint,
3413 5477 3482 5553 fut
3512 5481 3571 5553 _i_n_
3600 5477 3766 5553 Sione

2225 5549 2402 5619 udaei',
2435 5568 2562 5607 vere
2595 5567 2754 5607 mons
2783 5552 3050 5605 Altissimi
3079 5552 3185 5607 diei
3213 5552 3470 5621 potuerit.
3501 5549 3585 5604 Cf.
3623 5549 3764 5621 Deu-

2151 5681 2165 5695 ,
2190 5615 2556 5682 teronoinium
2583 5664 2598 5688 ,
2646 5637 2712 5695 τι
2733 5621 3002 5695 n,_v._‘29,
3049 5631 3103 5676 et
3131 5637 3181 5676 e.
3213 5615 3374 5695 'xxv_n
3406 5662 3421 5686 ,
3456 5636 3506 5674 ι’.
3546 5622 3645 5685 i2;
3678 5615 3768 5672 Jo-

2192 5713 2309 5762 sue,
2340 5711 2388 5750 c.
2427 5710 2544 5760 vnt,
2576 5710 2629 5747 ν.
2664 5693 2771 5761 35;
2805 5689 3007 5758 Judie.,
3036 5707 3086 5746 c.
3127 5708 3203 5760 tx,
3236 5708 3287 5745 ν.
3324 5691 3375 5744 7.
