4194 6410
395 283 497 337 709

1552 282 1876 338 ΡΒᾹΞΡᾹΒ.
1919 276 2174 335 EVANG.
2216 276 2346 333 LIB.
2388 277 2484 334 1X.

3564 279 3670 333 710

393 403 504 465 τοῖς
535 400 954 472 εἰσηγήσασθαι,
986 403 1227 474 φάμενον
1272 401 1648 465 Βαϐυλωνίους
1679 399 1853 456 ταῦτα
1885 400 1975 454 καὶ

2083 398 2381 453 Abrahami
2411 412 2638 452 uxorem
2671 412 2793 453 esse
2822 397 3206 468 comperisset,
3241 396 3357 452 viro
3387 411 3489 452 suo
3541 398 3670 452 red-

392 494 552 547 αὑτὸν
599 493 911 564 εὑρηκέναι,
945 495 1044 564 τὴν
1094 495 1152 546 δὲ
1190 493 1406 566 εὕρεσιν
1458 494 1637 548 αὐτῶν
1687 497 1766 557 εἰς
1805 493 1977 566 Ἑνὼχ

391 585 770 656 ἀναπέμπειν,
839 587 931 638 καὶ
995 585 1184 638 τοῦτον
1247 585 1538 657 εὑρηκέναι
1606 584 1821 655 πρῶτον
1878 585 1978 654 τὴν

390 675 746 747 ἀστρολογίαν
784 676 918 743 (29),
947 678 1046 730 οὐκ
1072 678 1425 745 Αἰγυπτίους.
1458 676 1832 740 Βαϐυλωνίους
1869 675 1979 747 γὰρ

390 765 568 834 λέγειν
610 765 827 836 πρῶτον
855 767 1107 834 γενέσθαι
1130 767 1321 837 Βῆλον,
1369 768 1428 820 ὃν
1454 764 1592 820 εἶναι
1643 767 1882 840 Κρόνον·
1915 768 1978 818 ἐκ

389 857 580 911 τούτου
611 858 666 911 δὲ
690 859 941 926 γενέσθαι
969 859 1138 929 Βῆλον
1171 859 1264 910 καὶ
1302 857 1543 922 Χαναὰν,
1575 857 1762 910 τοῦτον
1796 857 1852 908 δὲ
1885 855 1976 909 τὸν

391 951 610 1004 Χαναὰν
637 949 895 1019 γεννῆσαι
939 950 1031 1002 τὸν
1069 948 1278 1019 πατέρα
1318 948 1426 1000 τῶν
1453 947 1734 1002 Φοινίκων.
1771 946 1975 999 Τούτου

389 1044 448 1097 δὲ
481 1043 637 1112 Χοὺμ
670 1042 782 1094 υἱὸν
823 1041 1098 1108 γενέσθαι,
1147 1043 1206 1095 ὃν
1243 1043 1348 1095 ὑπὸ
1389 1040 1496 1094 τῶν
1531 1039 1796 1111 Ἑλλήνων
1820 1038 1976 1107 λέγε-

394 1132 516 1187 σθαι
551 1132 836 1194 Ἄσϐολον,
862 1134 1072 1204 πατέρα
1111 1133 1167 1186 δὲ
1213 1132 1508 1194 Αἰθιόπων,
1544 1130 1772 1201 ἀδελφὸν
1795 1131 1853 1184 δέ
1881 1128 1974 1182 τοῦ

389 1228 731 1299 Μεστραεὶμ,
763 1227 975 1300 πατέρα
1026 1227 1357 1296 Αἰγυπτίων.
1394 1226 1659 1296 ’Έλληνας
1693 1223 1748 1277 δὲ
1797 1223 1977 1291 λέγειν

389 1320 482 1372 τὸν
518 1317 787 1372 Ἄτλαντα
822 1319 1113 1390 εὑρηκέναι
1161 1317 1544 1388 ἀστρολογίαν·
1596 1312 1736 1368 εἶναι
1775 1315 1832 1368 δὲ
1887 1315 1978 1367 τὸν

396 1408 665 1462 Ἄτλαντα
705 1408 794 1462 τὸν
843 1409 1004 1462 αὑτὸν
1055 1409 1150 1462 καὶ
1189 1408 1378 1478 Ἑνώχ.
1410 1407 1516 1460 Τοῦ
1539 1406 1594 1461 δέ
1629 1405 1796 1476 Ἑνὼχ
1833 1406 1981 1474 γενέ-

394 1505 516 1558 σθαι
569 1503 683 1557 υἱὸν
725 1503 1106 1567 Μαθουσάλαν,
1146 1502 1205 1556 ὃν
1256 1501 1434 1555 πάντα
1465 1502 1531 1554 δι’
1571 1500 1817 1570 ἀγγέλων
1843 1498 1979 1553 Θεοῦ

390 1598 615 1665 γνῶναι,
647 1597 742 1651 καὶ
769 1598 930 1668 ἡμεῖς
954 1595 1127 1659 οὕτως
1156 1594 1471 1664 ἐπιγνῶναι.
1501 1614 1519 1645 ›

2083 490 2300 544 diderit.
2333 490 2626 552 Caeterum,
2676 505 2800 544 cum
2854 491 2997 559 apud
3055 487 3376 559 Heliopolim
3413 488 3667 543 Abraha-

2083 597 2208 636 mus
2250 581 2632 652 Egyptiorum
2693 583 3040 637 sacerdotum
3070 582 3466 637 consuetudine
3497 582 3672 652 pluri-

2084 689 2235 727 mum
2266 682 2532 740 uteretur,
2582 674 2754 728 multa
2803 673 2975 743 ipsos,
3024 688 3239 728 necnon
3289 673 3667 743 astrologiam,

2086 783 2314 838 quaeque
2347 768 2415 822 ad
2446 783 2566 822 eam
2600 768 2880 836 pertinent
2907 769 3115 833 omnia,
3150 767 3242 820 illo
3272 767 3500 821 docente
3527 767 3669 822 didi-

2087 859 2230 913 cisse
2262 860 2446 922 tradit,
2485 859 2565 913 sic
2598 868 2782 912 tamen
2822 873 3011 913 eorum
3045 859 3413 913 inventionem
3447 857 3670 928 Babylo-

2084 949 2193 1003 niis
2227 959 2389 1018 atque
2416 948 2732 1003 Abraliamo
2766 949 2871 1016 ipsi
2903 949 3230 1015 attribuens,
3277 957 3338 1002 ut
3365 948 3666 1018 principem

2085 1040 2302 1095 illorum
2337 1049 2618 1095 auctorem
2650 1039 2937 1094 Enochum
2989 1039 3160 1095 fuisse
3198 1047 3423 1106 statuat,
3468 1041 3669 1109 quippe

2083 1131 2178 1200 qui
2203 1130 2414 1200 primus
2441 1130 2691 1184 omnium
2721 1130 3080 1200 astrologiam
3106 1130 3390 1196 invenerit,
3426 1145 3535 1184 non
3562 1146 3665 1186 au-

2083 1231 2191 1276 tem
2231 1220 2496 1294 Egyptii.
2532 1221 2825 1278 Enimvero
2870 1222 3203 1294 Babylonios
3234 1223 3418 1277 dicere
3452 1223 3668 1290 solitos,

2082 1313 2323 1383 primum
2353 1316 2630 1371 exstitisse
2661 1314 2875 1382 Belum,
2927 1316 3022 1386 qui
3074 1313 3346 1369 Saturnus
3375 1313 3538 1384 vulgo
3568 1329 3670 1369 no-

2085 1407 2346 1475 minetur,
2375 1407 2580 1477 quique
2607 1405 2802 1462 Belum
2835 1407 3068 1462 alterum
3093 1421 3218 1462 cum
3249 1404 3546 1460 Chanaane
3575 1422 3670 1462 su-

2089 1498 2324 1567 sceperit
2371 1517 2386 1553 :
2435 1499 2583 1555 hunc
2630 1516 2763 1556 vero
2798 1499 3173 1568 Chanaanem,
3206 1497 3533 1553 Phoenicum
3567 1513 3668 1570 pa-

2085 1599 2292 1645 rentem
2343 1593 2622 1661 genuisse,
2676 1593 2836 1664 cujus
2884 1593 3032 1648 lilius
3078 1591 3329 1648 Chumus
3369 1594 3661 1658 exstiterit,
3722 1614 3730 1628 ο

390 1709 554 1763 quem
582 1691 847 1747 Asbolum
902 1690 1077 1746 Grzeci
1135 1690 1468 1744 nominant:
1527 1704 1653 1744 eum
1721 1685 2016 1742 Mestraimi
2055 1684 2302 1752 fratrem,
2351 1686 2789 1758 Ethiopumque
2835 1689 3001 1744 simul
3041 1697 3098 1744 et
3143 1687 3527 1760 Egyptiorum
3575 1704 3671 1760 pa-

390 1796 602 1841 rentem
657 1784 827 1841 fuisse
885 1804 898 1840 :

953 1785 1174 1840 tametsi
1209 1785 1481 1839 Atlantem
1512 1783 1686 1839 Graeci
1735 1782 2044 1852 astrologiae
2081 1781 2424 1837 inventorem
2473 1797 2596 1838 esse
2652 1783 2854 1847 velint;
2921 1785 3017 1840 sed
3074 1785 3336 1838 nimirum
3387 1784 3666 1839 Atlantem

389 1879 641 1934 eumdem
673 1895 795 1935 esse
833 1894 996 1950 quem
1054 1877 1360 1946 Enocbum,
1389 1879 1511 1949 'qui
1563 1877 2020 1932 Mathusalamum
2089 1877 2263 1932 lilium
2305 1877 2599 1947 habuerit;
2661 1879 2920 1951 huncque
2963 1880 3034 1936 ab
3083 1881 3292 1951 angelis
3343 1877 3438 1936 Dei
3484 1880 3671 1936 omnia

389 1975 668 2042 didicisse,
698 1991 820 2045 quae
858 1975 1076 2030 tandem
1117 1975 1184 2029 ad
1207 1989 1308 2030 nos
1335 1975 1814 2045 cognitionemque
1842 1983 2084 2030 nostram
2121 1973 2514 2036 permanarint.
2564 1992 2584 2026 ι

902 2089 1303 2143 ΚΕΦΛΛΑΙΟΝ
1353 2091 1461 2142 IH'.

403 2205 796 2275 Ἀρταπάνου,
823 2206 954 2288 περὶ
983 2205 1090 2286 τοᾷ
1119 2203 1325 2288 αὐτοιξ,
1359 2204 1474 2258 ἀπὸ
1502 2203 1612 2272 τῆς
1635 2205 1825 2275 αὐτῆς
1849 2223 1982 2276 τρα-

830 2276 952 2346 φῆς
974 2276 1081 2329 τοῦ
1108 2276 1538 2341 Πολυΐστορος.

465 2411 483 2443 ι
508 2391 845 2463 Ἀρτάπανος
859 2391 916 2446 δέ
938 2404 1101 2458 φησιν
1122 2388 1178 2439 ἐν
1206 2385 1329 2452 τοῖς
1344 2385 1686 2452 Ἰουδαϊκοῖς
1716 2384 1842 2450 τους
1879 2387 1976 2458 μὲν

401 2477 686 2542 Ἰουδαίους
720 2479 1084 2550 ὀνομάζεσθαι
1131 2477 1387 2550 Ἐρμιοὺθ
1443 2477 1576 2548 (50),
1614 2478 1642 2531 ὃ
1671 2474 1809 2531 εἶναι
1843 2479 1976 2550 μεθ-

391 2569 754 2639 ερμηνευθὲν,
796 2571 936 2623 κατὰ
996 2571 1096 2640 τὴν
1157 2568 1380 2622 Ἐλλάδα
1435 2568 1636 2639 φωνὴν,
1676 2569 1973 2625 Ἰουδαῖοι·

391 2658 671 2713 καλεῖσθαι
695 2659 751 2712 δὲ
786 2660 982 2723 αὐτοὺς
1021 2659 1297 2730 Ἐϐραίους
1328 2657 1436 2712 ἀπὸ
1477 2660 1809 2732 Ἀϐραάμου.
1840 2661 1976 2714 Τοῦ-

390 2770 482 2806 τον
506 2752 560 2805 δέ
588 2769 720 2822 φησι
762 2754 1016 2824 πανοικίᾳ
1062 2754 1234 2808 ἐλθεῖν
1274 2759 1354 2820 εἰς
1390 2756 1664 2825 Αἴγυπτον
1715 2756 1853 2825 πρὸς
1883 2756 1975 2808 τὸν

389 2847 499 2898 τῶν
523 2847 835 2914 Αἰγυπτίων
862 2845 1083 2916 βασιλέα
1111 2847 1455 2921 Φαρεθώνην,
1480 2847 1574 2901 καὶ
1598 2847 1697 2919 τὴν
1720 2847 1975 2920 ἀστρολο-

389 2940 513 3008 γίαν
540 2941 702 2994 αὑτὸν
726 2940 961 3007 διδάξαι·
998 2939 1255 3010 μείναντα
1285 2941 1341 2993 δὲ
1372 2941 1465 3010 ἔτη
1497 2942 1614 2993 ἐκεῖ
1646 2939 1838 3004 εἴκοσι,
1867 2941 1978 2993 πά-

388 3031 472 3084 λιν
496 3034 574 3094 είς
596 3034 724 3094 τοὺς
746 3031 886 3085 κατά
905 3032 1104 3103 Συρίαν
1128 3032 1505 3102 ἀπαλλαγῆναι
1533 3033 1733 3094 τόπους
1749 3049 1764 3063 ο
1790 3032 1898 3086 τῶν
1917 3032 1974 3085 δὲ

385 3124 565 3193 τούτῳ
594 3122 951 3177 συνελθόντων
973 3122 1201 3188 πολλοὺς
1230 3126 1287 3176 ἐν
1328 3125 1612 3194 Αἰγυπτίῳ
1645 3127 1971 3195 καταμεῖναι

385 3215 476 3268 διὰ
516 3215 614 3287 τὴν
651 3215 994 3286 εὐδαιμονίαν
1030 3219 1129 3288 τῆς
1174 3216 1374 3288 χώρας.
1423 3217 1511 3270 Ἐν
1543 3217 1599 3270 δὲ
1632 3217 1968 3282 ἀδεσπότοις,

387 3307 624 3379 εὕρομεν
661 3308 912 3380 Ἀϐραὰμ
941 3310 1278 3382 ἀναφέροντα
1316 3311 1396 3373 είς
1434 3310 1561 3373 τοὺς
1588 3310 1870 3379 γίγαντας,
1895 3311 1973 3362 ol-

387 3399 618 3462 κοῦντας
639 3401 695 3452 ἐν
723 3401 788 3470 τῇ
810 3399 1146 3472 Βαϐυλωνίᾳ,
1167 3400 1254 3453 διὰ
1275 3401 1372 3472 τὴν
1398 3401 1653 3454 ἀσέϐειαν
1673 3401 1894 3463 τούτους
1914 3399 1972 3452 δέ

2538 2089 2704 2162 420
2743 2088 2972 2145 CAPUT
3010 2088 3207 2146 XVIII.

2256 2203 2334 2259 De
2352 2206 2552 2269 eodem,
2577 2221 2642 2259 ex
2668 2207 2958 2272 Artapuno,
2981 2221 3132 2274 quem
3168 2205 3469 2275 citatﬁ'dem

2716 2275 3047 2345 Polyhistor.

2163 2411 2183 2444 ι
2207 2390 2329 2446 Iam
2352 2405 2482 2447 vero
2505 2390 2817 2460 Artapanus
2852 2390 2906 2443 in
2940 2389 3136 2443 Rerum
3174 2388 3535 2445 Judaicarum
3584 2390 3670 2444 hi-

2082 2481 2274 2542 storia,
2319 2479 2540 2537 Judmos
2595 2483 2790 2537 scribit
2840 2481 3129 2537 Hermiuth
3179 2485 3496 2552 nominari;
3548 2501 3672 2557 quae

2083 2584 2213 2638 vox,
2251 2571 2298 2626 si
2329 2571 2503 2627 Graeci
2535 2572 2687 2643 loqui
2735 2573 2895 2636 velis,
2944 2571 3162 2627 Judwos
3220 2585 3411 2641 sonet;
3448 2577 3670 2630 eosdem

2081 2676 2214 2715 vero
2270 2663 2566 2718 Abraliami
2622 2680 2689 2719 ex
2750 2665 2973 2720 nomine
3031 2664 3290 2720 Hebraeos
3340 2667 3666 2737 nuncupari.

2081 2750 2456 2808 Abraliamum
2485 2765 2666 2808 autem
2696 2756 2750 2809 in
2784 2755 3080 2826 [Egyptum
3112 2772 3236 2810 cum
3268 2757 3529 2812 universa
3587 2755 3671 2810 fa-

2082 2844 2236 2897 milia
2265 2845 2330 2900 ad
2353 2845 2720 2900 Parethonem
2750 2845 3133 2918 Egyptiorum
3161 2863 3339 2916 regem
3377 2863 3499 2902 sese
3533 2863 3669 2901 con-

2081 2933 2295 2998 tulisse,
2347 2949 2510 3002 quem
2562 2951 2687 2990 cum
2734 2937 3042 3007 astrologia:
3073 2937 3361 3005 praeceptis
3395 2937 3669 2993 instituis-

2081 3032 2186 3089 set,
2215 3037 2281 3078 ac
2300 3024 2495 3094 viginti
2531 3025 2877 3081 continentes
2909 3042 3087 3082 annos
3122 3028 3323 3081 ibidem
3351 3028 3570 3096 egisset,
3607 3029 3668 3084 in

2083 3113 2297 3185 Syriam
2324 3114 2504 3169 denuo
2536 3116 2886 3186 remigrasse,
2920 3117 3196 3186 plerisque
3223 3132 3449 3172 suorum
3483 3120 3556 3173 ob
3578 3135 3668 3173 re-

2080 3205 2257 3275 gionis
2303 3206 2605 3262 ubertatem
2657 3209 2710 3262 in
2755 3206 2993 3279 JEgy'pto
3039 3209 3428 3266 residentibus.
3483 3210 3670 3277 Quan-

2080 3313 2246 3368 quam
2275 3296 2330 3351 in
2363 3297 2519 3354 libris
2545 3299 3152 3370 quibusdam,quorum
3180 3311 3433 3358 auctores
3475 3303 3668 3359 incerti

2081 3397 2233 3454 sunt,
2269 3388 2645 3444 Abrahamum
2687 3390 2999 3445 invenimus
3025 3391 3091 3446 ad
3127 3393 3376 3462 gigantes
3427 3394 3665 3450 venisse.

389 3490 496 3544 ὑπὸ
527 3489 634 3543 τῶν
670 3490 807 3544 Θεῶν
855 3491 1229 3562 ἀναιρεθῆναι,
1270 3487 1344 3546 ῶν
1388 3493 1484 3546 ἕνα
1526 3493 1729 3564 Βῆλον,
1776 3492 1974 3561 ἐκφεύ-

2083 3477 2194 3532 llos
2223 3493 2389 3548 porro
2423 3495 2564 3559 cum.
2588 3479 2944 3552 Babyloniam
2974 3481 3300 3547 incolerent,
3330 3498 3361 3537 a
3401 3483 3506 3539 diis
3535 3499 3667 3556 pro-

388 3598 554 3650 γοντα
581 3581 671 3635 τὸν
701 3581 948 3648 θάνατον,
979 3586 1036 3638 ἐν
1063 3583 1340 3637 Βαϐυλῶνι
1381 3588 1726 3656 κατοικῆσαι,
1763 3585 1972 3656 πύργον

386 3688 448 3725 τε
473 3672 974 3739 κατασκευάσαντα,
998 3675 1054 3726 ἐν
1077 3674 1224 3745 αὐτῷ
1237 3675 1566 3740 διαιτᾶσθαι,
1583 3676 1641 3728 ὃν
1660 3675 1726 3747 δὴ
1752 3676 1860 3728 ἀπὸ
1876 3674 1971 3729 τοῦ

388 3767 895 3831 κατασκευάσαντος
934 3767 1129 3839 Βήλου,
1156 3767 1326 3838 Βῆλον
1362 3769 1751 3840 ὀνομασθῆναι.
1772 3770 1875 3823 Τὸν
1915 3767 1973 3822 δὲ

401 3858 730 3930 Ἀϐρὰαμον,
767 3861 866 3932 τὴν
894 3859 1284 3932 ἀστρολογικὴν
1311 3863 1620 3934 ἐπιστήμην
1657 3860 1971 3914 παιδευθέν-

385 3967 476 4012 τα,
512 3949 728 4023 πρῶτον
761 3951 861 4022 μὲν
892 3950 1066 4004 ἐλθεῖν
1109 3951 1189 4015 εἰς
1221 3953 1498 4024 Φοινίκην,
1532 3952 1624 4006 καὶ
1651 3952 1778 4016 τοὺς
1808 3953 1974 4005 Φοίνι-

387 4059 490 4105 κσς
531 4042 884 4114 ἀστρολογίαν
930 4042 1160 4110 διδάξαι,
1208 4041 1431 4115 ὕστερον
1475 4045 1531 4097 δὲ
1568 4047 1648 4107 είς
1695 4045 1970 4114 Αἴγυπτον

387 4133 813 4206 παραγενέσθαι.
859 4154 879 4187 ›

909 4301 1305 4356 ΚΕΦΑΛΑῘΟΝ
1347 4301 1444 4354 ΙΘ’.

387 4413 681 4481 Μιμωνος
712 4413 844 4481 περὶ
875 4413 983 4468 τοῦ
1008 4414 1457 4496 αὐτοῦκόμοίως
1486 4413 1604 4467 ἀπὸ
1641 4413 1752 4482 τῆς
1780 4415 1970 4486 αὐτῆς

1049 4502 1301 4554 71309119-

467 4617 486 4650 ε
525 4600 584 4653 '0
612 4599 667 4653 δὲ
701 4599 798 4672 τὴν
826 4600 1094 4672 συσκευὴν
1127 4599 1223 4671 τὴν
1245 4598 1384 4654 κατὰ
1445 4598 1714 4653 Ἰουδαίων
1751 4599 1970 4671 γράψας
2002 4622 2046 4678 ί)

389 4692 588 4746 Μίλων
620 4691 760 4746 κατὰ
782 4692 872 4746 τὸν
898 4691 1280 4763 κατακλυσμόν
1337 4709 1500 4764 φησιν
1527 4691 1634 4745 ἀπὸ
1647 4693 1746 4762 τῆς
1762 4692 1964 4763 Ἀρμε-

390 4781 508 4845 νίας
533 4781 788 4836 ἀπελθεῖν
817 4784 908 4836 τὸν
934 4782 1347 4855 περιλειφθέντα
1371 4782 1654 4855 ἄνθρωπον
1692 4781 1829 4853 μετὰ
1857 4781 1966 4836 τῶν

389 4871 541 4937 υἱῶν,
573 4873 637 4926 ἐκ
661 4871 769 4926 τῶν
802 4873 944 4926 ἰδίων
967 4873 1378 4946 ἐξελαυνόμενον
1400 4873 1504 4927 ὑπὸ
1529 4873 1636 4927 τῶν
1661 4874 1960 4946 ἐγχωρίωνο

462 5002 573 5073 (‘29)
618 5004 738 5074 Τὴν
768 5005 1190 5074 ἀστρολογίαν.
1233 5004 1454 5075 Joseph.
1493 5005 1754 5074 Antiquit.
1787 5003 1882 5057 lib.
1921 5019 1961 5070 ι,

466 5075 500 5127 9
530 5093 543 5126 :
575 5076 686 5128 Τήν
713 5093 773 5127 τε
805 5076 1172 5128 ἀριθμητικὴν
1198 5077 1379 5128 αὐτοῖς
1417 5075 1700 5128 γαοίζεται
1719 5115 1733 5128 .
1768 5075 1863 5126 καὶ
1893 5076 1962 5128 τὰ

389 5087 439 5126 c.
466 5076 500 5127 9
530 5093 543 5126 :
575 5076 686 5146 Τήν
713 5093 773 5127 τε
805 5076 1172 5162 ἀριθμητικὴν
1198 5077 1379 5138 αὐτοῖς
1417 5076 1700 5156 χαρίζεται
1719 5115 1733 5139 ,
1768 5076 1863 5126 καὶ
1893 5076 1962 5128 τὰ

390 5145 515 5230 περὶ
544 5146 1306 5230 ἀστροντὲμίαν.πα.ρειδιδωσι·
1340 5145 1582 5230 τὶρδχδφ
1607 5161 1705 5215 της
1740 5144 1964 5229 Ἀδραά-

392 5229 494 5283 μου
545 5218 847 5287 παρουσίας
879 5218 959 5279 είς
994 5218 1299 5284 Αἴγυπτον,
1343 5219 1391 5268 οἱ
1431 5218 1716 5284 Αἰγύπτιοι
1757 5218 1963 5268 τούτων

392 5281 532 5354 εἶχον
577 5286 823 5355 ἀμαθῶς.
875 5286 1074 5340 Parum
1125 5302 1257 5341 sane
1306 5288 1682 5355 probabiliter;
1731 5300 1854 5338 cum
1908 5294 1962 5338 et

389 5301 532 5354 ειχον
577 5301 823 5358 αμαυως.
877 5301 1074 5340 rarum
1125 5302 1257 5341 sane
1306 5301 1682 5355 pronamnter;
1731 5301 1854 5338 cum
1908 5301 1961 5338 et

391 5357 667 5428 perbrevis
696 5359 814 5428 ejus
859 5359 912 5410 in
943 5357 1178 5428 {Egypto
1208 5372 1357 5409 mora
1390 5358 1551 5410 fuerit
1572 5367 1668 5428 ,et
1702 5356 1961 5423 gravissi-

392 5427 495 5496 inis
525 5442 629 5480 non
663 5427 828 5481 modo
859 5430 1030 5488 curis,
1058 5427 1157 5481 ’sed
1187 5431 1346 5481 etiam
1380 5427 1638 5496 periculis
1673 5435 1956 5493 occupata.

393 5492 522 5573 Nam
551 5498 696 5573 quod
724 5499 1305 5573 adju|_igit_Artapan_us
1325 5537 1340 5560 ,
1365 5492 1741 5573 Abrahammn
1785 5492 1961 5573 annos

339 5593 342 5596 ~
394 5566 578 5632 viginti
616 5569 834 5640 haesisse
950 5567 1204 5640 Egypto,
1234 5568 1567 5622 luculentum
1603 5577 1686 5622 est
1710 5566 1960 5621 cumula-

393 5642 617 5704 tumque
648 5637 1012 5691 mendacium.

461 5706 570 5779 (50)
622 5706 906 5777 'Epmow.
959 5710 1065 5764 Pro
1119 5707 1412 5780 Ἐρμιούδ,
1463 5717 1524 5764 ut
1567 5707 1814 5776 videtur;
1854 5705 1959 5761 nisi

2075 3579 2196 3639 pter
2225 3570 2559 3640 impietatem
2612 3573 2883 3628 extinctos
2930 3588 2996 3628 ac
3041 3575 3290 3630 sublatos
3321 3574 3514 3642 fuisse,
3556 3591 3668 3633 uno

2077 3671 2291 3717 tantum
2323 3662 2458 3719 Belo
2482 3667 2801 3736 superstite,
2828 3667 2923 3738 qui
2949 3669 3118 3723 exitio
3148 3669 3456 3724 subductus
3486 3669 3666 3743 Baby-

2075 3753 2256 3809 lonem
2290 3757 2549 3823 tenuerit,
2603 3757 2899 3830 sedemque
2951 3759 3055 3815 sibi
3103 3759 3162 3814 in
3205 3775 3268 3815 ea
3303 3761 3470 3826 turri,
3497 3777 3665 3831 quam

2079 3845 2311 3915 ipsemet
2333 3850 2692 3916 excitaverat,
2720 3867 2998 3922 quamque
3028 3851 3218 3907 Belum
3257 3853 3564 3909 conditoris
3593 3870 3663 3910 ex

2079 3937 2305 3993 nomine
2350 3940 2714 4010 appellarunt,
2758 3942 3041 4014 delegerit.
3073 3941 3450 3998 Abrahamum
3479 3957 3662 3998 autem

2079 4031 2428 4101 astrologiam
2458 4033 2705 4102 apprime
2737 4035 3048 4100 callentem,
3076 4036 3316 4105 primum
3349 4037 3402 4090 in
3435 4035 3662 4092 Phaeni-

2079 4119 2246 4187 ciam,
2295 4121 2387 4175 ubi
2425 4121 2716 4181 Phoenices
2759 4127 2951 4182 eadem
2997 4126 3226 4182 scientia
3275 4127 3557 4191 imbuerit,
3597 4142 3662 4182 ac

2080 4208 2359 4264 deindein
2382 4210 2678 4284 Egyptum
2713 4215 3002 4284 migrasse.
3055 4235 3073 4268 ι

2665 4308 2896 4366 CAPUT
2935 4309 3077 4366 XIX.

2182 4421 2260 4476 De
2293 4422 2494 4490 eodem,
2521 4438 2587 4478 ea:
2629 4422 2856 4493 Helene,
2887 4433 2946 4478 ut
2979 4425 3138 4495 refert
3169 4425 3308 4479 idem
3344 4434 3553 4481 auctor.

2158 4621 2178 4656 ι
2216 4601 2287 4657 At
2309 4601 2475 4672 Melo,
2523 4603 2572 4660 is
2605 4603 2700 4675 qui
2747 4604 3012 4661 adversus
3056 4603 3275 4661 Judaeos
3315 4619 3456 4675 opus
3519 4605 3659 4661 inte-

2072 4711 2226 4768 grum
2248 4697 2438 4762 edidit,
2483 4697 2662 4752 virum
2716 4699 3033 4769 quemdam,
3080 4698 3174 4769 qui
3205 4712 3330 4753 cum
3364 4697 3491 4753 ﬁliis
3511 4695 3658 4753 dilu-

2074 4790 2220 4844 vium
2246 4788 2526 4861 eﬂ'ugerat,
2587 4791 2658 4846 ab
2680 4789 2952 4862 indigenis
2981 4790 3235 4845 Armenia
3263 4791 3504 4861 pulsum,
3525 4791 3658 4845 aedi-

2073 4880 2286 4950 busque
2317 4895 2381 4936 ac
2403 4879 2851 4951 possessionibus
2879 4880 3114 4948 ejectum
3158 4881 3297 4948 suis,
3330 4879 3654 4936 intermedia

2067 5015 2233 5071 etiam
2269 5015 2344 5069 ita
2376 5015 2662 5087 legendum
2713 5023 2819 5071 est.
2851 5015 2987 5070 Nam
3020 5014 3163 5069 hanc
3191 5027 3650 5087 quoque,vo_eem,

2066 5101 2134 5157 ex
2158 5087 2377 5157 duabus
2401 5083 2672 5157 coaluisse
2703 5087 2810 5141 dici
2841 5095 3040 5157 potest,
3061 5093 3146 5144 ἠ’
3168 5083 3292 5145 ΠἿΝ
3312 5085 3466 5157 quasi
3487 5083 3651 5157 {Syro-

2066 5155 2286 5211 Judaaus
2308 5197 2322 5219 ,
2366 5173 2502 5222 non,
2532 5154 2756 5211 Judceus
2785 5154 3016 5210 tantum.
3066 5157 3136 5208 At
3164 5154 3440 5208 communi
3482 5154 3649 5225 sym-

2067 5242 2190 5280 rum
2224 5227 2445 5280 nomine
2467 5267 2483 5291 ,
2515 5226 2729 5295 profani
2780 5229 3097 5294 scriptores,
3129 5225 3344 5295 linteos
3373 5240 3516 5294 saepe
3551 5225 3648 5295 ded

2068 5298 2303 5365 signant.
2339 5292 2589 5351 Herodot.
2632 5297 2724 5351 lib.
2763 5311 2822 5360 ll,
2850 5292 2953 5366 iac—al
2983 5295 3197 5366 Σύροισι
3230 5292 3649 5366 πεζῇ-[Νεκῶς

2067 5364 2356 5436 συμϐαλὼν
2391 5367 2746 5436 ἐννΜαγδόλῳ
2777 5365 3016 5436 ἐνίκησε.
3051 5364 3212 5436 Atqui
3237 5380 3303 5436 ex
3339 5364 3404 5436 ιν
3439 5364 3648 5436 Regum

2063 5403 2378 5506 25rconstat
2423 5403 2640 5490 Nechao
2668 5419 2845 5506 regem
2880 5403 3303 5505 Al’gypti,llosia
3339 5403 3647 5506 interfebrto,

2065 5509 2328 5560 tributum
2353 5504 2556 5560 Judzeis
2589 5503 2849 5559 indixisse
2880 5521 2894 5555 :
2928 5503 3142 5558 tametsi
3173 5507 3349 5557 locum
3386 5503 3649 5574 Mageddu

2075 5577 2354 5644 Scriptura
2385 5585 2560 5638 vocet,
2587 5592 2697 5629 non
2734 5575 3061 5644 Magdolum.
3097 5575 3241 5627 Infra
3271 5577 3519 5630 eamdem
3546 5591 3648 5630 vo-

2073 5663 2188 5703 cem
2220 5648 2414 5701 iterum
2447 5646 2514 5701 de
2541 5644 2742 5702 Judaeis
2775 5647 3082 5716 Artapanus
3114 5654 3359 5716 usurpat.
