4194 6422
429 380 527 433 713

1583 372 1910 430 PR/EPAB.
1954 367 2207 425 EVANG.
2250 366 2379 420 LIB.
2422 364 2516 419 IX.

3573 351 3674 411 7η

423 496 515 550 κα).
537 492 606 547 τὰ
626 492 836 557 τούτοις
862 493 1120 565 ἑπόμενα.
1146 494 1330 548 Ταῦτα
1356 493 1450 565 μὲν
1475 492 1540 565 δὴ
1571 494 1679 546 ἀπὸ
1700 493 1797 563 τῆς
1820 507 1998 563 προει-

2102 485 2265 557 422
2320 484 2498 552 Atque
2544 479 2659 535 haec
2709 493 2776 534 ex
2832 470 3055 531 laudato
3099 470 3459 545 Polyhistoris
3494 484 3674 539 opere.

425 593 668 657 ρημενης
708 585 804 638 τοῦ
852 586 1210 656 Πολυΐστορος
1253 586 1491 657 γραφῆς.
1516 585 1627 637 Καὶ
1665 585 1695 636 ὁ
1744 582 2003 653 Ἰώσηπος

419 676 496 739 δὲ,
527 677 582 727 ἐν
615 678 681 747 τῇ
711 674 901 749 πρώτῃ
928 675 1021 745 τῆς
1052 676 1515 745 Ἀρχαιολογίας,
1548 673 1643 727 τοῦ
1674 674 1836 727 αὐτού
1872 691 2006 745 μνη-

424 766 636 838 μονεύει
682 768 771 821 διὰ
820 767 1046 821 τούτων’
1081 785 1099 819 ι
1128 768 1361 836 Λέγεται
1416 767 1474 820 δὲ
1525 767 1658 838 (55),
1687 767 1762 830 ὡς
1798 759 1953 828 οὗτος
1976 766 2005 817 ὁ

434 859 637 930 Ἀφρὴν
663 858 772 930 ('56)
803 858 1134 929 στρατεύσας
1178 860 1272 912 ἐπὶ
1313 857 1411 928 τὴν
1462 858 1689 928 Λιϐύην,
1742 858 2004 927 κατέσχεν

425 942 614 1014 αὐτὴν,
644 942 739 996 καὶ
784 942 836 994 οἱ
877 942 1055 994 υἱωνοὶ
1114 941 1276 995 αὐτοῦ
1327 943 1748 1013 κατοικήσαντες
1799 942 1856 993 ὲν
1908 941 2004 992 αὐ-

420 1038 509 1106 τῇ,
533 1033 630 1104 τὴν
662 1033 768 1103 γῆν
807 1033 914 1086 ἀπὸ
945 1033 1038 1087 τοῦ
1078 1033 1285 1086 ἐκείνου
1313 1033 1571 1102 ὀνόματος
1612 1029 1849 1103 Ἀφρικὰ
1890 1031 1999 1103 (57)

420 1124 887 1197 προσηγόρευσαν.
904 1125 1188 1195 Μαρτυρεῖ
1209 1123 1265 1177 δέ
1291 1141 1393 1195 μου
1409 1123 1485 1194 τῷ
1498 1124 1640 1195 λόγῳ
1656 1123 2003 1195 Ἀλέξανδρος

420 1230 448 1281 ὁ
482 1217 816 1287 Πολυΐστωρ,
853 1215 1025 1284 λέγων
1068 1214 1271 1279 οὕτως·
1317 1215 1627 1286 Κλεόδημος
1672 1216 1728 1268 δέ
1770 1233 1934 1287 φησιν
1973 1218 2001 1269 ὁ

422 1310 729 1380 προφήτης,
753 1310 781 1361 ὁ
809 1308 903 1362 καὶ
932 1307 1158 1378 Μαλχᾶς
1194 1306 1325 1378 (58),
1362 1306 1590 1379 ἱστορῶν
1614 1308 1682 1362 τὰ
1709 1310 1837 1380 περὶ
1872 1310 2003 1362 Ἰου-

416 1398 597 1461 δαίων,
628 1394 812 1460 καθὼς
846 1398 939 1450 καὶ
973 1396 1177 1466 Μωσῆς
1214 1395 1500 1466 ἱστόρηκεν
1522 1396 1549 1447 ὁ
1575 1394 1875 1465 νομοθέτης
1899 1394 2002 1447 αύ-

417 1489 544 1551 τῶν,
584 1489 667 1542 ὅτι
715 1490 778 1541 ὲκ
822 1486 1130 1558 Χεττούρας
1176 1485 1469 1557 Ἀϐραάμῳ
1519 1485 1766 1553 ἐγένοντο
1811 1486 2003 1549 παῖδες

420 1576 626 1632 lxavol'
682 1576 827 1644 λέγει
881 1576 938 1629 δὲ
995 1574 1174 1629 αὐτῶν
1210 1577 1303 1628 καὶ
1337 1575 1407 1629 τὰ
1441 1573 1700 1644 ὀνόματα,
1723 1571 2002 1643 ὀνομάζων

417 1670 582 1739 τρεῖς,
620 1667 805 1737 Ἀφὲρ,
853 1666 1070 1737 Ἀσὼρ,
1108 1665 1477 1737 Ἀφράνβθ).
1511 1666 1621 1718 Καὶ
1651 1664 1758 1717 ἀπὸ
1805 1664 2001 1735 Ἀσοὺρ

420 1753 518 1823 μὲν
562 1752 663 1823 τὴν
709 1751 1018 1822 Ἀσσυρίαν,
1054 1750 1159 1803 ἀπὸ
1187 1750 1244 1802 δὲ
1284 1750 1394 1804 τῶν
1438 1749 1551 1814 δύο,
1590 1750 1764 1821 Ἀφρά
1805 1765 1865 1802 τε
1908 1749 2002 1801 καὶ

2107 574 2444 643 Cujusetiam
2469 570 2756 640 Josephus,
2785 567 2927 621 libro
2953 564 3346 633 Antiquitatitm
3365 561 3565 631 primo,
3591 559 3677 613 his

2107 670 2288 724 verbis
2332 665 2662 721 mentionem
2686 662 2852 717 facit:
2894 678 2913 711 ι
2950 657 3206 711 Afrenem
3255 654 3433 722 illum,
3476 652 3676 722 inquit,

2107 760 2358 831 Libyam,
2375 755 2715 826 expeditione
2756 752 2807 805 in
2823 765 2942 805 eam
2966 755 3236 817 suscepta,
3257 759 3555 813 occupasse
3572 758 3681 798 me-

2109 856 2344 914 morant,
2370 862 2533 917 quam
2564 844 2686 913 ejus
2712 841 2939 912 posteri,
2961 838 3240 893 collocatis
3269 837 3324 890 in
3347 851 3411 892 ea
3434 834 3675 894 sedibus.

2108 940 2254 993 illius
2301 953 2369 993 ex
2411 936 2631 992 nomine
2658 933 2895 987 Africam
2949 928 3342 998 nuncuparint.
3376 926 3549 998 Cujus
3576 939 3679 998 ego

2107 1027 2184 1080 rei
2231 1035 2419 1079 testem
2471 1022 2838 1077 Alexandrum
2879 1016 3278 1088 Polyhistorem
3313 1015 3507 1080 habeo,
3546 1014 3678 1069 dum

2109 1117 2188 1172 sic
2208 1115 2446 1183 loquitur
2474 1112 2825 1168 :Cleodenius
2845 1118 3018 1178 vates,
3042 1123 3203 1180 quem
3220 1116 3273 1163 et
3296 1105 3543 1162 Malchan
3562 1105 3680 1176 ple-

2109 1208 2266 1277 rique
2312 1213 2531 1271 vocant,
2585 1202 2791 1274 quique
2841 1216 3024 1256 rerum
3068 1198 3420 1255 Judaicarum
3457 1198 3680 1268 scripsit

2108 1295 2420 1361 historiam,
2454 1295 2505 1349 id
2533 1294 2736 1364 ipsum,
2769 1291 2915 1362 quod
2963 1306 2995 1346 a
3038 1289 3224 1362 Moyse
3262 1287 3577 1344 Judazorum
3609 1288 3682 1342 le-

2108 1389 2366 1460 gislatore
2398 1395 2674 1451 narratur,
2708 1384 2775 1438 de
2799 1383 3111 1438 Abrahamo
3139 1388 3553 1445 commemorat,
3581 1393 3681 1435 na-

2110 1488 2193 1532 tos
2214 1478 2260 1531 ei
2289 1476 2475 1545 plures
2515 1489 2583 1529 ex
2610 1473 2873 1528 Chettura
2926 1471 3130 1527 liberos
3179 1470 3371 1536 fuisse,
3413 1484 3445 1526 e
3476 1469 3681 1541 quibus

2107 1576 2219 1622 tres
2247 1568 2412 1621 etiam
2441 1567 2708 1630 nominat,
2734 1564 2975 1633 Afcrem,
3004 1566 3259 1630 Asurem,
3289 1562 3576 1618 Afranem.
3609 1561 3678 1617 Et

2107 1660 2176 1713 ab
2200 1658 2375 1713 Asure
2407 1658 2627 1728 quidem
2655 1657 2960 1728 Assyriam,
2987 1655 3055 1711 ab
3084 1654 3246 1710 Afere
3292 1662 3477 1710 autem
3512 1662 3680 1727 atque

2107 1747 2311 1803 Afrane
2340 1764 2463 1804 cum
2499 1747 2666 1802 Afran
2716 1745 2942 1812 Urbem,
2996 1755 3111 1801 tum
3159 1744 3403 1801 Africam
3456 1746 3679 1800 univer-

428 1844 613 1915 ’Δφὲρ,
669 1843 815 1898 πόλιν
855 1861 914 1896 τε
972 1845 1206 1915 Ἀφραν,
1242 1844 1338 1896 καὶ
1387 1842 1488 1913 τὴν
1536 1842 1718 1914 χώραν
1772 1842 1998 1913 Ἀφρικὰ

2107 1856 2222 1895 sam
2258 1841 2458 1895 nomen
2490 1840 2787 1909 accepisse.
2823 1837 2934 1894 Hos
2981 1852 3148 1908 porro
3201 1835 3453 1894 Herculis
3496 1837 3554 1892 in
3586 1834 3681 1891 Li-

414 1934 804 2006 ὀνομασθῆναι.
836 1931 1072 1996 Τούτους
1096 1932 1155 1986 δὲ
1189 1931 1448 2004 Ἠρακλεῖ
1482 1931 1876 2004 συστρατεῦσαι
1902 1933 1996 1984 ἐπὶ

415 2024 641 2097 Λιϐύην,
670 2025 763 2078 καὶ
796 2025 1038 2077 ’Δνταῖον
1058 2041 1071 2054 ⁸
1108 2024 1360 2094 γήμαντα
1389 2023 1447 2076 δὲ
1480 2023 1581 2095 τὴν
1623 2023 1797 2093 Ἀφρὰ
1831 2022 1998 2091 θυγα-

416 2117 551 2190 τέρα
591 2115 884 2189 Ἡρακλέα,
919 2115 1175 2185 γεννῆσαι
1219 2114 1335 2167 υἱὸν
1382 2112 1441 2178 ἐξ
1484 2113 1653 2183 αὐτῆς
1709 2111 1992 2183 Διόδωρον.

416 2209 619 2265 Τούτου
644 2210 700 2263 δὲ
725 2207 976 2277 γενέσθαι
1012 2208 1287 2277 Σοφωνᾶν,
1322 2207 1414 2275 ἀφ’
1440 2200 1501 2260 οὗ
1533 2206 1660 2268 τοὺς
1690 2203 1996 2276 βαρϐάρους

417 2302 596 2373 Σοφὰς
620 2300 894 2369 λέγεσθαι.
920 2319 938 2352 ›
968 2299 1047 2353 Τὰ
1073 2299 1170 2371 μὲν
1195 2294 1287 2352 οὖν
1315 2298 1443 2370 περὶ
1472 2297 1567 2350 τοῦ
1613 2295 1884 2367 Ἀϐραὰμ,
1921 2296 1998 2359 ὡς

419 2394 478 2447 ὲν
502 2392 701 2460 ὀλίγοις
730 2390 966 2444 τοσαῦτα
999 2388 1372 2461 παρακείσθω.

922 2473 1322 2526 ΚΕΦΑΛΑΙΟΝ
1369 2471 1503 2526 KA'.

731 2563 1084 2633 Δημητρίου,
1119 2560 1254 2630 περὶ
1294 2561 1400 2616 τοῦ
1448 2559 1673 2616 Ἰακώϐ.

504 2649 776 2720 ’Δπίωμεν
812 2647 869 2700 δὲ
917 2646 1078 2701 πάλιν
1107 2646 1200 2700 ἐπὶ
1239 2645 1331 2699 τὸν
1370 2644 1728 2716 Πολυΐστορα.
1762 2663 1781 2695 ε
1807 2643 1997 2715 Δημή-

373 2722 382 2729 ’
420 2741 567 2814 τριός
602 2742 711 2813 (40)
748 2756 880 2811 φησι
915 2737 1007 2791 τὸν
1053 2735 1244 2790 Ἰακὼϐ
1271 2735 1561 2807 γενόμενον
1594 2735 1731 2788 ἐτῶν
1765 2735 2000 2807 ἐϐδομή-

420 2848 585 2887 κοντα
618 2831 779 2886 πέντε
810 2829 943 2902 (41),
972 2830 1163 2898 φυγεῖν
1202 2828 1282 2891 είς
1308 2825 1530 2900 Χαρρὰν
1556 2825 1656 2897 τῆς
1678 2826 1997 2880 Μεσοποτα-

424 2922 575 2995 μίας,
603 2921 974 2977 ἀποσταλέντα
1014 2917 1118 2972 ὑπὸ
1148 2917 1254 2971 τῶν
1277 2916 1480 2985 γονέων
1505 2914 1594 2969 διὰ
1622 2914 1722 2986 τὴν
1751 2915 1885 2987 πρὸς
1905 2914 1999 2969 τὸν

421 3015 648 3085 ἀδελφὺν
701 3014 939 3085 κρυφίαν
991 3010 1188 3083 ἔχθραν
1239 3008 1431 3074 Ἠσαῦ,
1466 3008 1554 3063 διὰ
1601 3007 1664 3061 τὺ
1707 3007 1999 3079 εὐλογῆσαι

420 3105 586 3161 αὐτὸν
639 3104 867 3176 πατέρα,
911 3101 1171 3156 δοκοῦντα
1213 3096 1349 3153 εἶναι
1385 3099 1476 3152 τὸν
1508 3096 1701 3162 Ἠσαῦ,
1729 3098 1825 3151 καὶ
1849 3098 1999 3161 ὅπως

2096 1933 2254 2002 hyam
2277 1932 2634 2002 Aiitaeumque
2656 1931 2924 1986 moventis
2947 1930 3129 1985 socios
3160 1928 3353 1994 fuisse,
3386 1929 3679 2000 ipsumque

2103 2021 2391 2077 Herculem
2416 2037 2481 2078 ex
2508 2021 2730 2079 Afranis
2770 2022 2903 2088 filia,
2955 2035 3119 2091 quam
3156 2035 3383 2075 uxorem
3426 2020 3677 2087 duxerat,

2098 2113 2396 2168 Diodorum
2425 2113 2596 2168 filium
2627 2113 2958 2183 suscepisse,
2981 2112 3074 2182 qui
3105 2110 3401 2181 Soplionan
3421 2110 3680 2182 deinceps

2101 2206 2376 2276 genuerit,
2402 2220 2433 2260 a
2457 2219 2568 2275 quo
2590 2204 2814 2259 Barbari
2852 2203 3051 2274 Sopha:
3074 2203 3329 2275 appellati
3381 2202 3606 2260 fuerint.
3652 2222 3671 2255 ι
3744 2218 3753 2235 ·

2098 2294 2302 2352 Verum
2328 2298 2395 2352 de
2424 2297 2740 2351 Abraliamo
2768 2294 2995 2366 quidem
3024 2295 3262 2351 breviter
3308 2295 3426 2351 haec
3460 2308 3562 2350 nos
3589 2310 3678 2350 re-

2100 2389 2289 2444 tulisse
2320 2389 2573 2448 suﬁiciat.

2685 2477 2920 2536 CAPUT
2953 2476 3100 2534 XXI.

2513 2564 2587 2620 De
2613 2566 2837 2630 Jacobo,
2878 2582 2944 2622 ea:
2969 2565 3260 2621 Demetrio.

2169 2653 2433 2727 Deinceps
2479 2656 2549 2712 ad
2596 2655 2995 2730 Polyhistorem
3032 2660 3340 2714 redeamus.
3405 2677 3427 2711 ι
3485 2657 3679 2715 Deme-

2099 2745 2260 2809 trius,
2290 2745 2487 2816 inquit,
2525 2756 2715 2802 auctor
2741 2755 2826 2804 est
2852 2747 3118 2803 Jacobum
3147 2764 3322 2805 annos
3345 2749 3588 2820 quinque
3613 2765 3680 2806 ac

2101 2836 2447 2907 septuaginta
2482 2847 2692 2903 natum,
2725 2837 2990 2893 Charram
3026 2838 3433 2909 Mesopotamiae
3482 2840 3705 2896 civita—'

2099 2934 2209 2981 tem
2238 2925 2575 2997 confugisse,
2620 2927 2787 2996 idque
2819 2936 3107 2999 parentum
3148 2944 3377 2984 suorum
3425 2931 3678 2985 volunta-

2101 3024 2210 3071 tem
2256 3026 2531 3082 secutuni,
2565 3018 2764 3087 partim
2796 3028 2858 3074 ut
2888 3020 3107 3075 occulto
3161 3036 3283 3077 sese
3310 3019 3457 3078 Esau
3485 3022 3676 3080 fratris

2100 3107 2229 3163 odio
2280 3108 2628 3175 subduceret,
2686 3117 2927 3181 paternae
2978 3112 3195 3183 jactura
3250 3114 3674 3182 benedictionis,

420 3197 563 3271 λάϐῃ
608 3194 816 3248 ἐκεῖθεν
870 3196 1119 3262 γυναῖκα.
1170 3191 1511 3262 Ἀφορμῆσαι
1541 3186 1635 3242 οὖν
1677 3187 1869 3242 Ἰακὼϐ
1916 3189 1997 3253 είς

2099 3214 2266 3269 quam
2297 3200 2402 3255 sibi
2427 3200 2543 3271 ipse
2568 3200 2783 3267 furtim,
2818 3203 3074 3259 simulata
3101 3203 3244 3259 Esau
3280 3206 3480 3275 specie,
3516 3205 3680 3263 Jaco-

419 3288 645 3359 Χαρρὰν
677 3288 775 3357 τῆς
812 3284 1255 3355 Μεσοποταμίας,
1283 3283 1374 3337 τὸν
1417 3282 1511 3354 μὲν
1537 3281 1748 3353 πατέρα
1773 3280 1995 3335 καταλιε-

421 3378 591 3432 πόντα
635 3377 839 3441 Ἰσαὰκ,
867 3376 1002 3429 ὲτῶν
1035 3375 1229 3429 ἑκατὸν
1251 3375 1545 3447 τριάκοντα
1578 3373 1919 3437 ἐπτὰ,αὐτὺν
1938 3372 1999 3426 δὲ

417 3470 547 3523 ὄντα
570 3468 704 3522 ὲτῶν
737 3468 1095 3539 Ξϐδομήνοντα
1120 3466 1278 3520 ἑπτά.
1318 3464 1684 3537 Διατρίψαντα
1716 3460 1809 3517 οὖν
1838 3463 1999 3547 αὐτον

419 3564 537 3615 ἐκεῖ
560 3561 697 3616 ἑπτὰ
719 3560 813 3631 ἔτη
839 3560 1025 3615 Λάϐαν
1044 3559 1138 3612 τοῦ
1167 3557 1418 3631 μητρῴου
1451 3557 1545 3611 δύο
1565 3556 1868 3629 θυγατέρας
1893 3556 1997 3626 γῆ-

424 3671 519 3723 μαι
554 3652 686 3724 (42),
716 3650 879 3706 Λείαν
920 3651 1013 3705 καὶ
1044 3650 1264 3722 Ῥαχὴλ,
1309 3648 1437 3702 ὄντα
1485 3647 1624 3701 ἐτῶν
1669 3646 1998 3718 ὀγδοήκοντα

418 3744 699 3814 τεσσάρων
724 3742 860 3815 (45)⁶
890 3742 985 3796 καὶ
1014 3742 1264 3812 γενέσθαι
1309 3743 1368 3794 ὲν
1413 3740 1554 3795 ἑπτὰ
1594 3740 1772 3795 ἔτεσιν
1818 3740 1998 3806 ἄλλοις

419 3834 570 3907 αὐτῷ
595 3835 781 3888 παιδία
814 3834 882 3888 ιϐ’
902 3851 916 3865 ·
954 3835 1125 3907 ὀγδόῳ
1161 3836 1258 3907 μὲν
1285 3834 1415 3903 ἔτει,
1460 3835 1591 3907 μηνὶ
1620 3834 1833 3905 δεκάτῳ
1859 3834 1993 3905 (Μ),

491 3993 604 4065 (55)
643 3993 888 4063 Λέγεται
915 3993 1016 4060 δέ,
1045 4002 1152 4049 etc.
1174 3993 1447 4064 Josephus
1480 3994 1597 4051 haec
1634 3995 1801 4051 habet
1842 3995 1938 4050 lib.
1976 4009 1994 4049 ι

421 4067 707 4136 Antiquit.,
740 4081 861 4136 cap.
897 4066 984 4136 16.

491 4131 603 4206 (56)
654 4136 706 4186 '0
751 4131 984 4206 Ἇέρρήνῖ-
1015 4131 1262 4206 Ioseph;
1291 4136 1319 4186 ὁ
1357 4133 1579 4204 Ὠφρής.

491 4203 600 4275 (57)
652 4203 915 4275 Ἀφρικὰ.
947 4203 1194 4275 μετρίῃ,
1237 4204 1520 4275 Ἀφρικάν.

492 4273 602 4345 (58)
639 4273 913 4344 Μαλχᾶς.
940 4273 1185 4342 Ioseph,
1225 4273 1466 4344 Μαλχός.

492 4359 602 4433 (59)
654 4359 842 4433 Ἀερὲρ,
882 4359 1118 4433 ΔἈσοὺρ,
1167 4356 1399 4433 Ἀφράν.
1439 4356 1695 4433 Josepli._,
1738 4360 1992 4433 Ἀφερὰν,

419 4428 675 4501 Σουρεὶμ,
712 4429 954 4500 Ἰαφράν,
979 4444 1102 4501 quae
1127 4430 1289 4501 paulo
1318 4438 1441 4497 post
1469 4444 1594 4482 cum
1620 4428 1992 4496 aliqua'et'iam

2099 3292 2203 3347 bus
2231 3302 2592 3362 expresserat,
2619 3295 2897 3351 concitato
2919 3336 2935 3360 ,
2968 3297 3168 3367 partim
3204 3306 3265 3353 ut
3290 3298 3416 3354 inde
3445 3313 3672 3356 uxorem

2098 3383 2340 3439 duceret.
2380 3382 2473 3439 Sic
2510 3384 2678 3455 igitur
2702 3400 2849 3454 eum,
2895 3387 3089 3443 relicto
3121 3388 3310 3444 lsaaco
3339 3399 3564 3460 parente
3585 3406 3677 3446 ss-

2100 3476 2330 3545 ptimum
2371 3490 2436 3531 ac
2468 3476 2807 3545 trigesimum
2853 3494 3018 3549 supra
3074 3481 3435 3537 centesimum
3469 3497 3677 3537 annum

2100 3574 2316 3636 agente,
2354 3564 2497 3619 hanc
2544 3566 2599 3619 in
2647 3566 2839 3622 urbem
2867 3569 3203 3638 pervenisse,
3255 3572 3348 3627 ubi
3392 3572 3509 3643 jam
3559 3575 3679 3645 ipse

2099 3673 2304 3713 annum
2374 3662 2669 3730 septimum
2734 3675 2800 3716 ac
2861 3666 3325 3735 septuagesimum
3385 3668 3673 3738 attigisset.

2099 3746 2362 3803 Eumdem
2421 3757 2547 3819 post
2592 3758 2800 3820 septem
2850 3766 3050 3819 annos,
3094 3768 3261 3824 quam
3311 3755 3383 3811 ibi
3431 3767 3677 3815 versatus

2099 3846 2240 3904 erat,
2275 3839 2417 3895 tilias
2465 3839 2630 3912 423
2687 3840 2896 3897 Labaui
2943 3848 3177 3900 materni
3223 3848 3480 3904 avunculi
3516 3850 3676 3919 duas,

2095 4004 2149 4072 et
2188 3996 2324 4072 hanc
2360 4013 2561 4072 quoque
2600 3996 2740 4072 dabo
2784 3998 2900 4053 tibi.
2949 3996 3015 4053 Et
3044 4014 3207 4072 versu
3246 4000 3324 4072 29
3360 4019 3373 4056 :
3404 4001 3677 4072 Acquiem't

2094 4067 2326 4136 placito,
2355 4076 2404 4122 et
2436 4067 2767 4121 hebdomada
2802 4080 3076 4136 transacta
3120 4069 3315 4124 Rachel
3347 4067 3504 4125 duxit
3532 4089 3672 4128 uxo-

2096 4135 2228 4213 rem.
2272 4137 2727 4213 Nonaudiendus
2768 4135 3355 4213 ergo_5l_oseplius,qui
3406 4141 3673 4213 Antiquit.

2094 4207 2190 4260 lib.
2218 4221 2236 4259 ι
2260 4248 2275 4272 ,
2308 4220 2358 4261 c.
2396 4206 2490 4271 19,
2538 4206 2873 4261 Iiebdomada
2919 4207 3008 4261 illa
3038 4206 3289 4273 dierum,
3314 4210 3371 4263 in
3402 4206 3674 4269 annorum

2096 4275 2499 4355 hebdomadam
2560 4285 2793 4355 minata,
2842 4275 3191 4355 διελθούσης,
3230 4279 3453 4355 inquit,
3505 4282 3677 4355 ἄλλης

2097 4345 2386 4408 ἑπταετίας
2405 4386 2421 4411 ,
2448 4343 2547 4415 τὴν
2585 4345 2848 4416 Ῥαχήλαν
2869 4343 3193 4416 παρέλαϐεν.
3221 4343 3376 4414 Quod
3409 4343 3457 4404 si
3483 4343 3675 4408 verum

2097 4424 2264 4481 esset,
2294 4416 2567 4485 quomodo
2596 4417 2970 4486 tandem_post
2998 4416 3028 4468 7
3058 4417 3269 4486 priores
3297 4432 3504 4485 annos,
3540 4436 3607 4477 ex
3640 4423 3678 4477 4

419 4483 724 4580 mutatione
758 4483 1029 4583 leguntur.
1065 4483 1262 4583 Delliis
1290 4483 1418 4554 vera
1445 4507 1499 4554 et
1528 4507 1677 4556 certa
1698 4483 1993 4567 inibitis:

2099 4483 3671 4583 ξὶηῖιέὲέέξεῑίξλυξ,ιὶεκῖῑοξλειιξοίῑηξιίεεερῐεεθινιευίξεάθε

421 4570 568 4625 nesis
598 4586 723 4636 xxv,
757 4572 778 4622 l
815 4577 870 4622 et
900 4570 1278 4639 sequentibus.

488 4654 605 4722 μυ)
664 4652 1013 4722 Δημήτριος.
1082 4653 1199 4708 Hoc
1230 4653 1514 4724 Demetrii
1573 4651 1988 4724 fragmentum,

417 4724 635 4778 tametsi
664 4726 1097 4796 subindeuutet,
1132 4723 1306 4796 multo
1346 4732 1526 4778 tamen
1558 4723 1802 4796 propius,
1825 4741 1989 4796 quam

418 4803 759 4853 ceterorum.
786 4794 852 4847 ad
894 4794 1138 4848 historiae
1170 4795 1451 4848 veritatem
1480 4793 1709 4849 accedit.

512 4876 603 4948 41)
652 4878 1084 4952 Ἑϐδομήκοντα
1114 4878 1312 4952 πέντε.
1362 4879 1477 4935 lmo
1524 4882 1866 4952 septuaginta
1902 4899 1990 4939 se-

414 4957 562 5019 ptem
583 4989 598 5012 ,
627 4960 822 5004 octavo
870 4952 1010 5003 forte
1042 4950 1153 5019 jam
1205 4951 1478 5005 inchoato.
1524 4950 1807 5008 Annorum
1841 4956 1987 5008 enim

416 5018 535 5071 erat
569 5021 862 5091 nonaginta
895 5018 1095 5085 unius,
1142 5036 1265 5074 cum
1299 5018 1603 5091 Joseplium
1651 5039 1720 5077 ex
1756 5023 1991 5079 Racliele

417 5090 677 5162 suscepit,
705 5099 827 5162 post
856 5105 1029 5144 annos
1061 5090 1494 5159 quatuordecim,
1522 5093 1723 5162 quibus
1767 5093 1991 5149 Labano

418 5160 739 5233 servierat_:_
759 5160 1013 5233 si_auteiu
1044 5162 1201 5233 ex_9l
1252 5160 1582 5216 subduxeris
1613 5163 1713 5226 14,
1747 5166 1988 5233 reliquos

419 5227 646 5301 habebis
673 5229 759 5301 77.
794 5228 1087 5301 Sederror
1123 5231 1341 5301 irrepsit
1374 5232 1428 5285 in
1463 5247 1753 5289 numerum
1785 5250 1800 5286 :
1840 5227 1989 5290 ideo-

417 5313 524 5367 que
552 5299 693 5352 ἑπτά
717 5316 814 5369 pro
853 5300 1012 5354 πέντε
1044 5299 1439 5370 reponendum.

491 5381 600 5453 (42)
644 5384 759 5437 Δύο
797 5383 1123 5453 θυγατέρας
1150 5382 1351 5454 γῆμαι.
1385 5384 1551 5441 Recte
1586 5407 1599 5441 :
1640 5403 1766 5442 nam
1795 5398 1988 5444 exacto

416 5453 595 5519 primo
625 5454 717 5508 illo
757 5456 1038 5527 servitutis
1066 5453 1383 5510 voluntaria:
1413 5458 1695 5527 septennia
1714 5498 1729 5522 ,
1761 5474 1986 5514 uxorem

421 5534 708 5594 utramque
757 5525 952 5589 duxit:
984 5540 1049 5579 ac
1094 5527 1271 5594 primo
1309 5525 1526 5594 quidem
1590 5526 1775 5593 Liam,
1812 5531 1987 5584 soceri

417 5588 1017 5669 [raude'calumniaque
1059 5588 1276 5669 vietus:
1309 5588 1596 5669 Racheleiii
1646 5588 1801 5660 inde,
1863 5612 1989 5669 post

421 5658 452 5710 7
494 5663 611 5739 dies
658 5658 722 5717 in'
750 5658 977 5739 sororis_
1006 5667 1318 5739 nuptiarum
1353 5666 1721 5739 celebritatem
1771 5658 1987 5739 impen-

420 5744 513 5786 sos
547 5748 558 5784 :
589 5733 746 5802 juxta
774 5734 904 5788 illud
939 5733 1167 5790 Genesis
1200 5751 1348 5799 uix,
1377 5737 1468 5792 27.
1500 5734 1670 5802 Imple
1699 5733 1987 5794 hebdoma-

419 5807 545 5856 dam
571 5804 778 5858 dierum
812 5804 968 5871 hujus
1000 5805 1221 5873 copula,
1262 5807 1378 5875 (tui
1424 5822 1550 5864 cum
1580 5804 1676 5864 Lia
1701 5811 1985 5884 videlicet)

697 5897 967 5961 Pnnon.
1012 5900 1129 5960 Gn.
1167 5899 1338 5963 XXI.

2100 4555 2158 4628 in
2183 4556 2718 4628 errorem_inductus
2745 4564 2830 4628 est
2859 4555 2920 4628 Β,
2955 4554 3335 4628 Chrysostom.
3368 4559 3562 4628 homil.
3601 4561 3672 4617 56

2093 4624 2151 4678 in
2185 4624 2371 4680 Cenes.
2412 4624 2558 4680 Fons
2586 4626 2791 4681 erroris
2824 4624 3086 4694 videtur,
3105 4628 3249 4696 quod
3278 4629 3331 4683 in
3362 4627 3526 4684 Hebr.
3560 4639 3677 4685 tano

2092 4703 2208 4772 tum
2236 4696 2575 4772 legatiiunm
2602 4704 2731 4761 νινε
2751 4736 2765 4761 ,
2790 4705 2862 4772 et__
2895 4698 3049 4772 apud
3079 4699 3334 4772 Septuag.
3366 4699 3435 4753 τὰ
3463 4699 3671 4772 ἓϐδομα

2093 4764 2314 4836 ταύτης.
2364 4766 2536 4836 Cujus
2572 4768 2864 4835 septenarii
2906 4764 3315 4835 ambiguitatem
3364 4779 3424 4825 ut
3459 4764 3673 4826 tolleret

2092 4832 2480 4908 Hieronymus.
2506 4832 2891 4891 hebdomadam
2921 4832 3150 4903 dierum,
3178 4841 3383 4908 optime
3410 4840 3667 4895 reddidit.

2095 4903 2177 4958 Illi
2208 4905 2244 4978 77
2269 4903 2443 4978 annos
2476 4919 2805 4976 acceperunt
2832 4947 2846 4968 .
2877 4923 3040 4978 quam
3073 4903 3264 4964 iisdem
3297 4911 3667 4978 suspicionem

2095 4924 2177 4958 iiii
2221 4924 2238 4958 ι
2269 4924 2443 4961 annos
2476 4924 2805 4976 acceperunt
2832 4947 2846 4968 .
2877 4924 3040 5030 qsi‘iam
3073 4924 3264 4964 iisuem
3297 4924 3667 4978 suspicionem

2094 4977 2263 5046 auxit,
2290 4977 2435 5046 quod
2465 4981 2729 5046 sequitur,
2766 4979 2859 5031 καὶ
2942 4977 3051 5031 bam
3084 4994 3167 5046 σοι
3197 4978 3292 5031 καὶ
3319 4980 3525 5046 ταύτην
3557 4981 3668 5035 ἀπὸ

2091 5045 2672 5121 (Οιιςγεοειοηιίᾷντὶ)
2699 5047 2800 5121 τῆς
2830 5048 3110 5121 εργασίας,
3134 5045 3203 5119 ἧς
3229 5050 3398 5121 ὲργᾷ,
3430 5045 3662 5120 (Chrys.

2092 5116 2345 5189 magn.)
2381 5119 2511 5188 παρ’
2542 5116 2665 5188 ἐμοὶ
2705 5116 2798 5189 ἔτη
2834 5116 2973 5171 ἑπτὰ
3004 5116 3187 5188 ἔτερα.
3220 5116 3288 5174 At
3316 5116 3508 5175 horum
3537 5116 3664 5175 ver—

2092 5186 2297 5257 bor_uni
2322 5186 2516 5242 sensus
2544 5186 2646 5251 εει,
2682 5203 2746 5241 ea
2783 5186 2898 5254 lege
2928 5197 3049 5256 post
3069 5186 3273 5257 septem
3299 5190 3419 5244 illos
3447 5190 3585 5251 dies.
3608 5191 3662 5244 ei

2091 5270 2152 5309 se
2182 5254 2471 5311 Raclielem
2505 5272 2726 5313 uxorem
2752 5257 2906 5322 dare,
2930 5254 3020 5319 ut,
3062 5254 3198 5315 inito
3226 5259 3339 5326 jam
3370 5261 3661 5315 niatrimo.

2092 5326 2185 5398 nio
2206 5367 2222 5392 ,
2268 5336 2472 5395 septem
2504 5328 2640 5381 alios
2672 5327 2899 5381 serviret
2923 5342 3098 5381 annos
3126 5345 3139 5380 :
3174 5344 3305 5390 non,
3337 5329 3476 5398 quod
3506 5327 3663 5385 Jose~

2090 5396 2233 5467 phus
2272 5399 2513 5464 putavit,
2563 5405 2844 5465 postquam
2880 5398 2989 5450 alio
3033 5399 3316 5466 septennia
3354 5396 3658 5467 serviisset,

2091 5463 2333 5519 futurum
2368 5477 2426 5520 ut
2453 5463 2574 5520 eain
2605 5481 2828 5519 uxorem
2860 5463 3100 5522 duceret.

2163 5534 2275 5603 (45)
2326 5534 2717 5604 Ὀγδοήκοντα
2747 5533 3077 5603 τεσσάρων.
3111 5534 3178 5589 Et
3204 5545 3417 5591 constat
3441 5539 3529 5594 hic
3558 5555 3659 5594 nu-

2091 5619 2276 5675 merus
2308 5609 2646 5675 septennium
2696 5606 2964 5675 integrum
3016 5606 3203 5673 prima:
3245 5609 3526 5664 servitutis
3578 5612 3662 5662 iii-

2091 5624 2276 5659 merus
2308 5624 2646 5675 septennlum
2696 5624 2964 5725 Illlcil'lllﬂ
3016 5624 3203 5673 prima:
3245 5624 3526 5664 εθννιιιιιιε
3578 5626 3662 5662 ΙΙΙ·-

2089 5674 2336 5728 cludens.
2384 5674 2542 5728 Falso
2590 5690 2719 5742 ergo
2766 5674 2806 5728 C
2849 5675 3120 5742 ronicum,
3164 5690 3310 5730 anno
3353 5675 3545 5734 Jacobi
3590 5679 3662 5734 80

2090 5754 2277 5814 natum
2306 5759 2427 5799 esse
2454 5744 2740 5814 Rubenum
2770 5745 2970 5814 posuit.

2116 5884 2120 5889 ρ
2160 5813 2271 5886 (44)
2310 5814 2469 5883 Μηνὶ
2505 5813 2749 5882 δεκάτῳ.
2790 5813 2947 5879 Quod
2981 5813 3047 5870 de
3079 5816 3364 5871 mensibus
3410 5830 3523 5874 tam
3568 5834 3663 5876 ac-

3273 5907 3351 5967 23
