4194 6410
505 356 610 410 ἨΞ

1180 351 1452 410 ευεεθιι
1490 344 1974 406 (LESARIENSIS
2011 342 2162 400 OPP.
2203 340 2384 397 PARS
2422 340 2484 394 11.
2529 338 3028 397 Αροωοετιαᾼ.

3657 342 3762 398 716

505 471 661 526 Liam
710 478 764 525 et
819 467 1109 525 Racbclem
1167 467 1411 532 duxisse,
1458 467 1602 521 circa
1649 479 1854 519 annum
1901 460 2076 517 artatis

2189 457 2415 528 Ῥουϐήν
2434 474 2447 486 ·
2480 457 2570 510 καὶ
2594 456 2670 526 τῷ
2699 456 2810 511 ἔτει
2843 458 2901 511 δὲ
2927 456 3007 529 τῷ
3030 457 3254 528 ὲννάτῳ,
3273 459 3402 530 μηνὶ
3431 457 3622 531 ὀγδόῳ,
3660 461 3764 513 Συ-

502 568 760 633 quartum
813 569 866 615 et
898 559 1317 629 octogesimum,
1350 558 1693 627 aliorumque
1733 564 1942 625 septem
1973 568 2071 607 an-

502 668 700 709 norum
728 652 905 723 spatio
927 652 1128 705 liberos
1157 649 1466 718 suscepisse
1497 648 1723 702 omnino
1761 646 2071 702 duodecim.

501 743 715 815 Quippe
772 742 949 798 octavi
996 742 1123 797 anni
1174 756 1366 796 mense
1412 740 1625 795 decimo
1657 739 1947 794 Rubenum
1981 754 2075 807 ge-

503 836 715 897 nuisse,
748 835 879 890 noni
915 845 1110 890 octavo
1149 834 1503 905 Symeonem,
1534 832 1731 887 decimi
1767 839 1921 886 sexto
1973 829 2078 884 Le-

501 931 717 993 vinum,
755 928 1028 983 undecimi
1078 935 1276 997 quarto
1316 925 1537 981 ludam.
1575 924 1713 980 Tum
1742 938 1875 979 vero
1903 939 1933 978 a
1963 921 2075 977 Ra-

502 1021 677 1085 chele,
709 1020 857 1091 quod
885 1020 1087 1074 sterilis
1129 1028 1294 1084 esset,
1330 1018 1583 1073 muliebri
1626 1019 1892 1071 adversus
1923 1029 2078 1071 soro-

502 1126 617 1166 rem
651 1110 854 1165 invidia
887 1110 1173 1181 flagrante,
1206 1109 1467 1179 Zelpham
1490 1108 1745 1164 ancillam
1798 1108 1852 1161 in
1886 1104 2077 1161 Jacobi

500 1201 702 1258 lectum
719 1202 912 1258 eodem
935 1212 1178 1273 tempore
1204 1202 1534 1257 submissam
1562 1201 1753 1266 fuisse,
1776 1214 1887 1270 quo
1910 1200 2077 1255 etiam

500 1291 651 1347 Balla
694 1289 1137 1362 Nephthalimum
1191 1292 1526 1362 conceperit,
1573 1292 1704 1346 anni
1736 1290 1948 1346 scilicet
1976 1305 2080 1343 un-

501 1384 700 1439 decimi
731 1399 921 1439 mense
947 1385 1162 1454 quinto,
1193 1399 1258 1439 ac
1291 1367 1600 1439 duodecimi
1631 1383 1874 1438 secundo
1902 1383 2076 1437 ﬁlium

501 1478 797 1548 peperisse,
852 1491 1014 1546 quem
1047 1475 1286 1531 Gathum
1317 1476 1415 1531 Lia
1452 1475 1784 1543 nominarit;
1820 1476 2081 1531 alterum-

498 1584 608 1639 que
640 1568 898 1638 deinceps
927 1568 1174 1638 ejusdem
1208 1569 1336 1622 anni
1376 1583 1567 1622 mense
1611 1567 1956 1634 duodecimo,
1991 1567 2077 1621 cui

497 1660 687 1716 Aseris
747 1676 951 1715 nomen
999 1661 1189 1715 eadem
1241 1658 1337 1714 Lia
1392 1658 1621 1713 dederit.
1668 1658 1914 1713 Rursum
1949 1673 2080 1713 vero

498 1751 651 1807 Liam
682 1766 782 1820 pro
813 1752 1189 1822 mandi-agone
1215 1751 1413 1823 pomis,
1438 1766 1561 1821 quae
1591 1748 1855 1806 Rubenus
1878 1751 1944 1805 ad
1966 1749 2077 1805 Ra-

2179 551 2323 622 μεών
2342 568 2355 580 ·
2388 549 2581 621 καὶτῷ
2608 550 2717 603 ἔτει
2745 550 2803 603 δὲ
2828 549 2907 621 τῷ
2939 550 3172 622 δεκάτῳ,
3199 551 3331 622 μηνὶ
3361 551 3529 624 ἕκτῳ,
3562 554 3725 606 Λευῖν
3746 573 3761 585 ο

2174 641 2254 713 τῷ
2279 641 2337 696 δὲ
2371 641 2639 712 ἑνδεκάτῳ
2684 641 2818 707 ἔτει,
2872 642 3004 713 μηνὶ
3046 642 3311 714 τετάρτῳ,
3353 644 3586 697 Ἰούδαν·
3633 645 3764 700 Ῥα-

2175 736 2279 807 χήλ
2305 752 2364 788 τε
2400 733 2474 805 μὴ
2511 734 2798 788 τίκτουσαν
2827 735 3067 805 ζηλῶσαι
3107 735 3206 806 τὴν
3236 734 3492 806 ἀδελφὴν,
3524 737 3619 791 καὶ
3653 755 3764 792 πα-

2181 827 2493 899 ρακοιμίσαι
2536 827 2613 898 τῷ
2656 826 2849 880 Ἰακὼϐ
2898 828 2998 899 τὴν
3044 828 3243 897 ἑαυτῆς
3289 828 3580 899 παιδίσκην
3632 830 3768 884 Ζελ-

2176 918 2283 986 φὰν
2314 918 2448 989 (45),
2489 917 2567 989 τῷ
2601 918 2750 989 αὐτῷ
2797 918 2993 990 χρόνῳ,
3027 912 3072 987 ᾧ
3104 920 3199 973 καὶ
3236 919 3449 973 Βάλλαν
3483 921 3767 977 συλλαϐεῖν

2174 1010 2267 1064 τὸν
2310 1010 2627 1080 Νεφθαλείμ
2652 1010 2785 1081 (46),
2822 1010 2900 1080 τῷ
2953 1010 3223 1083 ἑνδεκάτῳ
3268 1010 3398 1075 ἔτει,
3439 1014 3570 1086 μηνὶ
3622 1015 3766 1087 πέμ-

2176 1115 2316 1171 πτῳ,
2334 1101 2428 1154 καὶ
2450 1103 2629 1154 τεκεῖν
2658 1099 2736 1170 τῷ
2759 1100 3044 1171 δωδεκάτῳ
3065 1100 3196 1166 ἔτει,
3210 1100 3447 1174 δευτέρῳ
3475 1106 3607 1176 μηνὶ
3624 1106 3764 1172 υἱὸν,

2175 1190 2236 1245 δν
2279 1193 2384 1245 ὑπὸ
2416 1192 2580 1256 Λείας
2611 1191 2720 1247 Γὰθ
2750 1192 3138 1265 ὀνομασθῆναι.
3178 1195 3289 1247 Kal.
3333 1195 3399 1249 ὲκ
3443 1196 3544 1267 τῆς
3571 1199 3765 1270 αὐτῆς,

2176 1281 2271 1336 τοῦ
2294 1282 2460 1336 αὑτοῦ
2483 1283 2657 1348 ἔτους,
2682 1283 2778 1337 καὶ
2809 1283 2978 1354 μηνὸς
3003 1284 3329 1351 δωδεκάτου,
3345 1286 3532 1358 ἓτερον
3559 1293 3764 1357 τεκεῖν,

2176 1375 2236 1429 ὃν
2268 1376 2360 1428 καὶ
2391 1376 2552 1430 αὐτὸν
2584 1376 3090 1448 προσαγορευθῆναι
3116 1377 3221 1430 ὑπὸ
3242 1380 3406 1444 Λείας
3444 1381 3766 1454 ’Λσήρ.Καὶ

2179 1467 2343 1522 Λείαν
2394 1468 2556 1523 πάλιν
2607 1469 2728 1522 ἀντὶ
2772 1468 2883 1523 τῶν
2932 1468 3115 1540 μήλων
3145 1469 3255 1523 τῶν
3290 1472 3687 1545 μανδραγόρου,
3729 1473 3769 1529 ἃ.

2191 1559 2419 1632 Ῥουϐὴν
2467 1562 2803 1629 εἰσενεγκεῖν
2837 1560 2990 1632 παρὰ
3044 1560 3279 1632 Ῥαχήλο
3322 1563 3604 1618 συλλαϐεῖν
3653 1564 3767 1637 (47)

2180 1651 2277 1704 καὶ
2300 1652 2401 1723 τὴν
2447 1652 2741 1723 παιδίσκην
2776 1652 2986 1722 Ζελφὰν
3018 1649 3097 1721 τῷ
3126 1651 3272 1723 αὐτῷ
3296 1655 3493 1727 χρόνῳ,
3515 1655 3593 1728 τῷ
3614 1656 3772 1711 δωδε-

2180 1745 2331 1815 κάτῳ
2367 1744 2500 1811 ἔτει,
2542 1746 2672 1817 μηνὶ
2711 1742 2899 1817 τρίτῳ,
2925 1745 3021 1799 καὶ⁵
3052 1751 3231 1801 τεκεῖν
3261 1748 3358 1802 τοῦ
3394 1750 3561 1803 αὐτοῦ
3589 1750 3768 1816 ἔτους,

499 1846 708 1901 chelem
745 1845 1027 1913 attulerat,
1057 1845 1361 1915 eodemque
1392 1853 1633 1915 tempore
1669 1842 1930 1915 Zelpham
1969 1857 2070 1897 an-

2179 1838 2348 1908 μηνὸς
2373 1838 2700 1907 δωδεκάτου,
2717 1840 2853 1904 υίὸν,
2880 1842 2975 1911 καὶ
3005 1841 3174 1915 ὄνομα
3208 1842 3358 1915 αὐτῷ
3383 1843 3574 1898 θέσθαι
3603 1845 3772 1902 Ἰσσά-

500 1935 703 2003 cillam,
734 1935 841 1990 boc
877 1944 963 1990 est
985 1934 1116 1990 anni
1147 1934 1458 1990 duodecimi
1492 1948 1682 1988 mense
1715 1933 1875 1988 tertio
1902 1931 2074 1987 ﬁlium

499 2029 838 2099 concepisse,
871 2029 1229 2098 ejusdemque
1272 2022 1401 2081 anni
1432 2024 1757 2080 duodecimo
1800 2023 2075 2095 genuisse,

496 2136 659 2193 quem
708 2119 1046 2176 lssaeharem
1086 2118 1441 2189 nuncuparit.
1477 2118 1657 2188 Atque
1686 2116 1885 2171 iterum
1920 2115 2076 2171 Liam

497 2214 695 2271 decimi
720 2214 865 2269 tertii
896 2213 1114 2269 decimo
1138 2213 1372 2268 alterum
1402 2210 1714 2281 suscepisse
1738 2209 1959 2265 nomine
1977 2211 2079 2265 Za-

497 2306 790 2375 bulonem;
822 2307 1133 2376 iterumque
1154 2303 1353 2359 decimi
1397 2304 1576 2375 quarti
1618 2311 1815 2359 octavo
1861 2301 2077 2359 Danum

504 2399 804 2471 peperisse.
838 2397 1132 2453 Rachelem
1164 2411 1319 2464 vero,
1347 2411 1519 2467 quum
1548 2397 1740 2452 eodem
1776 2394 1892 2450 fere
1937 2408 2078 2451 tem-

498 2506 651 2563 pore,
683 2505 795 2562 quo
823 2489 920 2544 Lia
961 2488 1153 2543 Dinam
1182 2487 1351 2543 filiam
1377 2495 1714 2558 susceperat,
1744 2496 1960 2542 uterum
1984 2502 2079 2559 ge-

498 2594 649 2640 stare
676 2583 954 2655 cmpisset,
979 2581 1110 2636 anni
1137 2579 1335 2641 decimi
1357 2580 1538 2650 quarti
1567 2594 1757 2634 mense
1789 2588 1984 2635 octavo
2010 2578 2076 2634 li-

497 2676 632 2731 lium
666 2658 1005 2746 procreasse,
1032 2688 1195 2744 quem
1227 2670 1525 2742 Josephum
1558 2671 1883 2742 appellarit;
1912 2680 2079 2741 atque

498 2769 574 2824 ita
608 2769 824 2825 liberos‘
841 2769 1067 2823 omnino
1096 2766 1383 2823 duodecim
1411 2763 1639 2832 Jacobo,
1685 2774 1891 2835 septem
1919 2763 2079 2818 annis

497 2861 701 2933 quibus
730 2860 877 2931 apud
917 2857 1200 2914 Labanum
1236 2859 1463 2922 vixerat,
1510 2864 1669 2911 natos
1714 2855 1903 2911 fuisse.
1937 2853 2076 2909 Tum

497 2968 630 3009 vero
664 2952 730 3008 ad
759 2962 970 3023 patrem
1002 2950 1129 3006 licet
1168 2950 1226 3004 in
1262 2956 1463 3003 terram
1497 2947 1864 3003 Chananzeam
1902 2945 2081 3001 redire

498 3054 829 3116 cupientem,
855 3042 1066 3099 Labani
1095 3051 1277 3098 tamen
1307 3041 1562 3112 precibus
1584 3040 1791 3095 victum
1821 3037 1959 3094 alios
1981 3052 2079 3093 sex

498 3152 675 3193 annos
721 3136 925 3191 ibidem
966 3143 1370 3190 commoratum
1424 3148 1568 3199 esse,
1618 3132 1804 3202 itaque
1853 3129 2079 3185 Cbarra:
2103 3167 2147 3226 ε

499 3229 641 3299 apud
665 3226 951 3282 La’banum
990 3235 1142 3283 totos
1189 3236 1243 3281 et
1297 3225 1639 3282 continentes
1667 3224 1861 3295 viginti
1899 3235 2075 3276 annos

497 3320 694 3391 egisse.
727 3318 940 3385 Quibus
980 3318 1211 3384 exactis,
1253 3317 1487 3388 patriam
1542 3314 1809 3385 repetenti
1850 3313 2076 3369 obvium

497 3410 595 3466 Dei
625 3410 901 3482 angelum,
934 3418 1226 3480 postquam
1275 3408 1593 3478 aliquandiu
1628 3422 1757 3462 cum
1799 3420 1866 3461 eo
1903 3405 2078 3461 lucta-

498 3518 586 3558 tus
612 3510 781 3567 esset,
813 3499 993 3556 femur
1019 3500 1137 3569 ejus
1166 3514 1274 3569 qua
1326 3507 1482 3569 parte
1538 3498 1706 3553 latius
1730 3506 1816 3552 est
1849 3511 2078 3567 percus-

497 3595 661 3658 sisse,
686 3591 1064 3661 Jacobumque
1101 3591 1265 3646 simul
1309 3604 1377 3645 eo
1400 3589 1649 3645 membro
1676 3576 2076 3660 torpescentem

497 3683 811 3741 claudicare
839 3684 1074 3753 cmpisse
1094 3684 1229 3753 (quo
1256 3680 1462 3738 factum
1493 3681 1774 3753 deinceps,
1803 3689 1865 3737 ut
1894 3696 1962 3737 ex
1990 3694 2079 3752 pe-

565 3805 598 3838 α
634 3795 721 3851 τσ.
757 3795 859 3848 οὐκ
896 3792 1191 3847 ἐσθίεσθαι.

495 3915 688 3964 curate
731 3904 925 3961 scribit
962 3902 1307 3969 Demetrius,
1342 3910 1402 3958 ut
1431 3914 1628 3957 novem
1659 3900 1879 3958 circiter
1908 3902 2079 3957 inter-

497 3977 643 4034 v'allo
676 3976 901 4039 Ruben,
936 3974 1246 4042 fratresque
1288 3982 1681 4039 nascerentur;
1716 3971 1865 4042 quod
1910 3972 2077 4028 etiam

498 4051 554 4104 in
588 4048 800 4104 caeteris
829 4046 1084 4100 omnibus
1119 4042 1304 4100 liberis
1330 4044 1640 4100 observavit
1670 4062 1684 4098 :
1716 4043 1851 4099 fides
1884 4042 1958 4098 sit
1982 4058 2077 4112 pe-

499 4136 595 4175 nes
619 4129 921 4173 auctorem.
946 4115 1212 4171 Miuutam
1241 4116 1385 4170 hanc
1420 4114 1757 4184 diligentiam
1792 4112 2077 4185 Scriptura

498 4191 724 4245 missam
756 4187 904 4243 fecit.

570 4257 1033 4331 (45)”at6lmmr
1057 4255 1318 4331 Ζελφάν.
1340 4253 1807 4331 Nominumfacta
1843 4254 2076 4331 ni_utatio

494 4323 600 4388 est.
635 4323 766 4384 Bala
799 4330 945 4383 enim
981 4323 1243 4383 ‘Raebelis
1275 4328 1472 4382 ancilla
1505 4328 1825 4392 vocabatur,
1873 4323 2073 4380 Genes.

502 4417 636 4466 xxx,
701 4401 755 4455 5.
808 4397 931 4453 Liae
993 4413 1144 4464 vero,
1204 4396 1626 4468 Zelplia;ibid.,
1676 4397 1731 4450 9.
1763 4394 1920 4468 Hunc
1945 4397 2072 4468 item

498 4465 1840 4559 Renes“-leue__9¥.9“;it.ﬁ°§£et399925.:
1868 4466 2069 4559 Α’ξτξιξισ
2103 4503 2149 4559 1)

500 4551 634 4597 tom.
662 4540 716 4606 l,
752 4551 910 4593 anno
941 4539 1130 4593 mundi
1162 4537 1334 4605 2285,
1365 4553 1431 4593 ac
1459 4538 1757 4607 praesertim
1789 4539 1844 4592 in
1871 4536 2070 4603 schol.,

498 4622 553 4666 et
577 4610 833 4666 Petavius
861 4610 988 4661 item
1020 4618 1205 4663 noster
1233 4609 1327 4662 lib.
1362 4623 1438 4674 Ix,
1465 4623 1587 4678 cap.
1613 4607 1701 4673 19,
1735 4607 1917 4677 magni
1946 4621 2074 4662 vere

495 4683 678 4752 operis
694 4680 786 4733 ‘De
815 4678 1059 4752 doctrina
1089 4689 1402 4752 temporum,

566 4752 681 4821 (46)
718 4748 1055 4804 Συλλαϐεῐν
1097 4747 1207 4802 τὸν
1247 4747 1607 4821 Νεφθαλείμ.
1658 4746 1854 4801 Veram
1901 4747 2072 4804 habes

496 4817 932 4892 patriarcbarum
982 4821 1213 4892 istorum
1248 4834 1443 4892 seriem
1475 4819 1528 4872 in
1555 4817 1754 4872 Genes.
1788 4832 1909 4892 cap.
1939 4835 2072 4892 xxix

495 4887 553 4947 et
577 4908 709 4947 xxx.
741 4890 873 4945 Bala
906 4890 1127 4960 quidem
1155 4887 1599 4960 Nephtbalimum
1637 4890 1843 4960 genuit,
1875 4898 1934 4942 ut
1970 4890 2069 4941 ha-

494 4963 676 5029 betur,
696 4960 902 5016 Genes.
928 4958 1073 5025 xxx,
1098 4959 1151 5013 8.
1186 4959 1290 5013 Sed
1328 4958 1634 5013 Demetrius
1664 4959 1747 5012 bis
1777 4960 2021 5027 peccavit
2050 4977 2067 5012 :

497 5034 687 5101 semel,
716 5033 863 5103 quod
893 5029 1224 5103 Lia:_Balam
1258 5030 1783 5103 attribuat;giter_um
1814 5030 1961 5103 quod
1995 5031 2067 5094 ei,

495 5099 824 5229 ἓὲἓωξιίᾷἰω
871 5101 1127 5157 ancillam
1167 5099 1402 5169 fecerat,
1437 5099 1880 5172 Nepbthalimum
1923 5100 2071 5155 hunc

602 5189 678 5228 ert
709 5215 723 5228 .

496 5176 723 5228 dederit.

567 5243 683 5317 (47)
734 5242 905 5317 [Ιαρὰ
957 5241 1203 5317 ξΡαχῄῴ
1240 5241 1591 5317 συλλαϐεῖν.
1638 5234 1717 5317 Et
1741 5240 1848 5317 _hic
1897 5240 2069 5317 multa

497 5311 689 5387 peccat
733 5311 1067 5368 Demetrius.
1085 5311 1343 5387 Primum
1392 5314 1635 5387 indicare
1661 5311 2065 5387 _videtur_Liam

497 5381 837 5455 ixoncepisse,
886 5399 987 5439 nec
1018 5393 1200 5440 tamen
1250 5386 1420 5439 fetum
1472 5384 1576 5455 ipsi
1604 5383 1791 5455 ullum
1809 5381 2015 5455 tribuit
2048 5400 2063 5437 :

734 5470 866 5536 sane
888 5455 1072 5511 minus
1099 5456 1189 5511 hic
1217 5471 1351 5525 pura
1377 5450 1508 5511 sunt
1522 5470 1533 5504 :
1550 5454 1568 5525 )
1585 5452 1781 5536 deinde
1808 5450 2066 5522 Zelpham

547 5541 609 5581 ia:
640 5526 851 5581 reddit.
894 5540 1057 5581 uuam
1090 5536 1217 5581 ante
1245 5528 1563 5581 sustulerat.
1597 5522 1782 5579 Tertio
1811 5521 2064 5578 lssaclia-

547 5530 609 5581 ia:
640 5526 851 5590 reddit,
894 5540 1057 5595 quam
1090 5521 1232 5581 ante'
1245 5521 1563 5581 sustulerat.
1597 5522 1782 5595 Tertio
1811 5521 2064 5578 lssaclia-

500 5612 614 5652 rem
657 5597 825 5650 tilium
856 5594 978 5667 ejus
1006 5594 1157 5661 facit,
1184 5613 1349 5667 quem
1380 5594 1724 5667 ipsametLia
1754 5605 2063 5666 pepererat,

498 5672 697 5723 Cenes.
727 5681 857 5731 xxx,
887 5664 974 5719 18.

568 5737 681 5810 (48)
699 5733 923 5810 fani:
948 5733 1301 5810 uidi-from
1328 5735 1466 5791 Δάν.
1500 5736 1644 5793 Cave
1675 5737 1887 5792 credas.
1934 5734 1983 5810 AF
1989 5736 2068 5790 uit

496 5802 644 5865 enim
697 5804 815 5861 Dan
881 5802 1026 5860 Baiae
1080 5802 1333 5863 Raclielis
1383 5810 1591 5864 ancillae
1645 5808 2062 5879 primogenitus.

2178 1945 2303 2001 χαρ.
2330 1930 2443 1983 Kal.
2488 1930 2650 1984 πάλιν
2696 1931 2864 1985 Λείαν
2894 1931 2973 2002 τῷ
3003 1933 3437 2006 τρισκαιδεκάτῳ
3468 1935 3600 2001 ἔτει,
3637 1937 3772 2008 μηνὶ

2176 2021 2408 2094 δεκάτῳ,
2457 2024 2571 2077 υίδν
2621 2024 2777 2079 ἄλλον
2810 2028 3013 2091 τεκεῖν,
3044 2017 3092 2094 ᾧ
3125 2026 3295 2098 ὄνομα
3334 2027 3638 2093 Ζαϐουλὼν,
3675 2028 3771 2084 καὶ

2176 2117 2277 2187 τὴν
2311 2117 2481 2189 αὐτὴν
2523 2116 2603 2188 τῷ
2628 2118 3207 2191 τεσσαρεσκαιδεκάτη)
3238 2119 3369 2186 ἔτει,
3408 2122 3537 2194 μηνὶ
3573 2121 3766 2194 ὀγδόῳ,

2175 2211 2358 2263 τεκεῖν
2372 2209 2488 2262 υἱὸν
2512 2209 2682 2279 ὄνομα
2704 2209 2811 2263 Δάν
2835 2209 2970 2280 (48)·
2995 2211 3055 2262 tv
3072 2204 3117 2279 ᾧ
3136 2211 3232 2264 καὶ
3261 2212 3461 2283 Ῥαχὴλ
3490 2212 3675 2267 λαϐεῖν
3708 2215 3770 2268 tv

2178 2299 2376 2368 γαστρὶ
2397 2297 2474 2370 τῷ
2502 2297 2648 2369 αὐτῷ
2679 2293 2939 2371 χρονῳ,ᾧ
2962 2299 3058 2355 καὶ
3089 2300 3255 2357 Λείαν
3288 2306 3469 2357 τεκεῖν
3493 2303 3769 2377 θυγατέρα

2178 2390 2397 2455 Δείναν,
2454 2393 2549 2445 καὶ
2593 2396 2775 2447 τεκεῖν
2829 2393 2909 2465 τῷ
2971 2397 3555 2471 τεσσαρεσκαιδεκάτῳ
3615 2398 3726 2453 ἔτει
3751 2438 3768 2465 ,

2183 2484 2313 2555 μηνὶ
2333 2482 2522 2555 ὀγδόῳ,
2544 2484 2677 2552 υἱὸν,
2700 2486 2760 2539 δν
2783 2486 3151 2561 ὀνομασθῆναι
3190 2489 3412 2562 Ἰωσὴφ,
3439 2489 3582 2544 ὥστε
3609 2508 3770 2561 γεγο-

2179 2574 2328 2629 νέναι
2353 2575 2412 2629 tv
2436 2579 2547 2641 τοῖς
2572 2576 2711 2631 ἑπτὰ
2730 2578 2875 2632 ἔτεσι
2900 2582 3014 2644 τοῖς
3038 2581 3190 2653 παρὰ
3208 2580 3393 2637 Λάϐαν
3409 2581 3616 2637 δώδεκα
3642 2601 3771 2638 παι-

2179 2667 2288 2721 δία.
2313 2667 2546 2722 Θέλοντα
2571 2669 2627 2725 δὲ
2658 2669 2749 2724 τὸν
2785 2670 2980 2725 Ἰακὼϐ
3015 2674 3153 2743 πρὸς
3176 2674 3267 2727 τὸν
3299 2673 3513 2745 πατέρα
3547 2675 3629 2738 είς
3653 2675 3770 2729 Χα-

2179 2759 2315 2813 ναὰν
2367 2761 2605 2828 ἀπιέναι,
2639 2761 2939 2829 ἀξιωθέντα
2988 2765 3093 2819 ὑπὸ
3132 2765 3317 2821 Λάϐαν
3368 2766 3506 2821 ἄλλα
3559 2766 3654 2839 ἐτη
3705 2766 3767 2834 ἒξ

2184 2853 2387 2923 μεῖναι,
2411 2852 2552 2907 ὥστε
2571 2853 2640 2908 τὰ
2673 2854 2850 2909 πάντα
2874 2856 3036 2911 αὑτὸν
3072 2860 3249 2929 μεῖναι
3273 2859 3333 2912 ἐν
3364 2857 3594 2931 Χαρρὰν
3615 2867 3768 2932 παρὰ

2180 2941 2366 2998 Λάϐαν
2403 2944 2497 3017 ἐτη
2532 2945 2706 3000 εἴκοσι
2738 2946 2873 3020 (49).
2909 2948 3265 3022 Πορευομένῳ
3289 2950 3348 3005 δὲ
3378 2950 3525 3024 αὐτῷ
3552 2955 3632 3017 είς
3656 2953 3768 3005 Χα-

2182 3036 2335 3102 ναὰν,
2370 3037 2599 3108 ἄγγελον
2630 3039 2725 3095 τοῦ
2764 3040 2901 3095 Θεοῦ
2931 3041 3232 3110 παλεῦσαι,
3265 3044 3361 3099 καὶ
3395 3045 3636 3116 ἅψασθαι
3669 3043 3768 3099 τοῦ

2182 3129 2418 3195 πλάτους
2466 3131 2563 3185 τοῦ
2598 3132 2777 3205 μηροῦ
2809 3133 2905 3187 τοῦ
2944 3133 3136 3189 Ἰακώϐ
3156 3152 3167 3164 ·
3194 3136 3286 3191 τὸν
3316 3136 3374 3190 δὲ
3423 3139 3768 3211 νσρκήσαντα

2179 3220 2518 3288 ὲπισκάζειν.
2539 3223 2701 3278 Ὅθεν
2717 3225 2778 3278 οὐ
2805 3224 3087 3280 καθίεσθαι
3101 3236 3127 3265 ι
3141 3227 3249 3282 τῶν
3271 3229 3482 3301 κτηνῶν
3500 3231 3561 3284 τὸ
3582 3232 3639 3284 tv
3653 3233 3767 3295 τοῖς

2178 3317 2375 3386 μηροῖς
2391 3314 2602 3386 νεῦρον.
2627 3317 2735 3371 Καὶ
2748 3317 2912 3387 φάναι
2928 3319 3076 3389 αὐτῷ
3090 3319 3180 3372 τὸν
3197 3320 3450 3390 ἄγγελον,
3491 3323 3598 3377 ἀπὸ
3608 3321 3765 3377 τοῦδε

2178 3405 2379 3477 μηκέτι
2406 3406 2621 3471 Ἰακὼϐ,
2658 3408 2775 3461 ἀλλ’
2800 3410 3017 3482 Ἰσραὴλ
3035 3411 3523 3483 ὀνομασθήσεσθαι.
3540 3413 3649 3465 Καὶ
3675 3412 3763 3464 ὲλ-

2177 3492 2290 3549 θεῖν
2312 3495 2475 3549 αὑτὸν
2490 3496 2589 3567 τῆς
2604 3496 2825 3550 Χαναὰν
2849 3498 2953 3568 γῆς
2973 3498 3054 3560 είς
3077 3498 3269 3569 ἑτέραν
3296 3499 3556 3570 Σικίμων,
3571 3501 3764 3572 ἔχοντα

2182 3586 2374 3639 παιδία
2408 3586 2632 3657 Ῥουϐὴν
2655 3586 2791 3640 ἐτῶν
2815 3586 2905 3655 ιϐ’,
2944 3585 3130 3658 μηνῶν
3152 3588 3317 3642 δυοῖν·
3343 3589 3605 3661 Συμεῶνα
3627 3592 3764 3647 ἐτῶν

2178 3676 2384 3751 ιϐ’(50),
2410 3679 2596 3751 μηνῶν
2611 3678 2911 3750 τεσσάρων*
2929 3680 3091 3735 Λευῖν
3111 3680 3248 3737 ἐτῶν
3262 3682 3328 3736 ιϐ’
3339 3680 3664 3758 (51),μηνῶν
3676 3685 3758 3754 εξ-

2177 3903 2375 3961 Genes.
2403 3920 2534 3969 xxx,
2567 3905 2623 3959 6.

2215 3975 2366 4057 .(fi9).
2403 3975 2786 4057 Ἔτηεζκορί.
2830 3974 3026 4057 Genes.
3058 3993 3216 4057 xxxi,
3242 3978 3310 4057 4f
3327 3998 3348 4057 ς
3379 3999 3399 4034 ι
3427 3977 3628 4051 Sicque
3660 3998 3758 4052 per

2177 4046 2369 4121 viginti
2402 4061 2578 4121 annos
2610 4047 2665 4099 in
2701 4046 2865 4101 domo
2893 4056 2982 4101 tua
3020 4050 3216 4121 servivi
3254 4053 3385 4117 tibi,
3420 4046 3760 4121 quattuorde-

2178 4115 2283 4173 cifn
2316 4131 2415 4186 pro
2445 4115 2756 4200 filiabus,_et
2783 4132 2878 4200 sex
2905 4133 3004 4200 pro
3033 4120 3299 4200 gregibus
3329 4115 3460 4175 tuis'.
3505 4121 3762 4200 igerpef

2178 4184 2473 4262 [am—ergo
2514 4184 2788 4256 Josephus
2823 4184 3087 4262 ign—liquit.
3133 4184 3245 4262 lib.
3278 4208 3331 4254 ι,
3375 4207 3494 4261 cap.
3532 4193 3632 4258 19,
3662 4184 3761 4262 qui

2177 4255 2588 4329 {oseplii'ortm
2622 4255 2785 4324 quem
2822 4255 3104 4327 Scriptura
3134 4261 3347 4316 decimo
3378 4255 3577 4329 quarto
3610 4255 3758 4317 anno

2181 4327 2427 4402 Bacheli
2453 4335 2643 4402 natum
2697 4342 2817 4381 esse
2848 4328 3041 4402 docet,
3076 4330 3200 4402 _boc
3242 4327 3432 4402 viginti
3484 4347 3755 4389 annorum

2180 4397 2527 4470 intervallum
2578 4397 3013 4470 circumscribat.
3069 4398 3263 4454 Statim
3303 4397 3451 4455 Enim
3498 4414 3621 4470 post
3659 4405 3759 4459 illa

2177 4469 2377 4542 verba,
2415 4466 2630 4542 χρόνοις
2676 4467 2730 4542 δ’.
2757 4467 3125 4542 -ὕστε-ρονᾲκαὶ
3180 4471 3419 4542 Ῥαχήλῃ
3473 4466 3682 4539 Ῠίνεται
3727 4479 3759 4531 ὁ

2189 4537 2446 4614 fmguqu
2485 4537 2928 4614 υίόςηευιῄυιιςῇ
2958 4538 3192 4614 εΤοῦτον
3221 4537 3516 4614 semet»
3542 4546 3755 4614 χρόνον,

2176 4607 2287 4689 ἔτη.
2317 4607 2550 4689 δλὲστὶν
2596 4609 2838 4689 εἰκοσιν,
2860 4607 3171 4689 ξὲποίμαινε
3212 4609 3289 4689 τῷ
3336 4607 3753 4689 πενθερῷὶυιοξ

2174 4677 2289 4756 i‘iisi
2330 4678 2580 4733 dicamus
2614 4679 2700 4732 his
2731 4679 2908 4733 verbis
2938 4677 3125 4733 τοῦτον
3158 4677 3337 4756 πάντα
3389 4677 3755 4756 τδνχρόνον,

2176 4749 2320 4823 hanc
2364 4764 2585 4817 quoque
2628 4764 2723 4823 sex
2754 4764 3024 4823 annorum
3072 4751 3387 4823 προσθήκην
3440 4749 3754 4811 inclusisse.

2175 4816 2581 4899 Yideatiporip,
2616 4819 2710 4887 qui
2747 4835 2933 4899 secum
2960 4820 3075 4888 ipse
3105 4816 3432 4899 consentiat,
3461 4827 3553 4893 qui
3591 4842 3758 4895 supe-

2174 4890 2289 4964 rius
2323 4905 2429 4943 non
2473 4889 2576 4964 ni_si
2622 4899 2767 4964 post_
2775 4890 3010 4964 alterum
3055 4894 3335 4964 servitutis
3367 4889 3713 4964 septenniuin
3735 4936 3753 4961 ,

2172 4959 2393 5012 ductam
2440 4974 2471 5012 a
2515 4956 2684 5012 Jacbb
2732 4959 3022 5013 Rachclem
3057 4962 3276 5019 dixerit.
3333 4956 3595 5020 Au'vero
3656 4956 3754 5021 sex

2175 5038 2383 5083 tantum
2428 5032 2597 5100 augis
2642 5031 3141 5100 consequentibus,
3179 5032 3378 5087 liberos
3418 5049 3485 5089 ex
3518 5034 3753 5092 Ra‘chele

2172 5091 2727 5172 suscepitiFalsum
2761 5091 2862 5154 est.
2904 5099 3039 5155 Nam
3086 5091 3363 5172 conceptis
3394 5106 3571 5160 verbis
3604 5105 3755 5161 Scri-

2173 5178 2333 5245 ptura
2361 5170 2736 5245 tradit,_simul
2779 5186 2851 5245 ex
2875 5171 3176 5245 ambabus,
3225 5170 3622 5245 ambat-umque
3651 5193 3721 5231 an
3747 5206 3755 5214 ι

2171 5240 2329 5363 cillisl
2357 5240 2666 5320 suscepisse
2693 5256 2706 5291 :
2744 5241 2887 5296 unde
2911 5242 3076 5297 etiam
3110 5243 3200 5297 illa
3231 5245 3463 5299 duarqu
3496 5240 3753 5302 surarum

2171 5325 2309 5363 aemu
2334 5320 2465 5363 atto.

2171 5320 2465 5364 aemulatio.

2241 5381 2376 5454 i5”)
2445 5378 2745 5454 Emam,
2789 5379 2934 5435 ἐτῶν
2999 5383 3087 5438 ιϐ’.
3166 5382 3478 5454 Legendum
3529 5386 3755 5444 omnino

2169 5450 2305 5532 ἑτῶν
2337 5458 2437 5517 ια’,
2477 5453 2683 5532 alioqui
2717 5453 2931 5509 duobus
2961 5450 3513 5527 mensibtts'Rubeno
3544 5456 3752 5527 primo-

2169 5524 2351 5592 genito
2382 5524 2565 5576 senior
2590 5532 2755 5592 esset.

2241 5592 2370 5666 (5!)
2414 5592 2607 5666 ΑιευῒφξΔ
2631 5591 2783 5645 ἐτῶν
2823 5595 2912 5647 ιϐ’.
2961 5593 3187 5666 Corrige
3226 5596 3477 5652 similiter
3521 5596 3660 5652 ἐτῶν
3693 5603 3749 5663 ι’,

2168 5662 2374 5733 alioqui
2414 5663 2699 5733 mensibus
2725 5674 2963 5732 quatuor
3006 5662 3230 5722 fratrem
3274 5677 3403 5720 natu
3448 5662 3749 5723 maximum

2168 5731 2472 5787 antecedet.
2506 5731 2648 5798 Quid
2675 5731 2823 5803 quod
2861 5739 3113 5807 superior
3168 5736 3463 5807 μηνολογία
3495 5753 3590 5808 per
3624 5754 3747 5794 sese

2170 5803 2223 5858 id
2255 5803 2530 5858 oosmlat?

2170 5813 2223 5858 ια
2251 5813 2522 5874 postulat!
