4194 6418
501 419 605 474 717

1634 414 1955 484 PBAEPAR,
1997 411 2251 469 EVANG.
2287 411 2415 469 LIB.
2456 413 2545 469 IX.

3650 418 3751 474 7l8

514 531 712 587 Ἰοσὸδαν
740 528 874 584 ἐτῶν
898 528 963 596 θ’,
992 528 1175 602 μηνῶν
1203 528 1349 584 ὀκτὼ
1367 546 1379 559 ·
1405 527 1722 601 Νεφθαλεὶμ
1750 530 1887 585 ἑτῶν
1916 529 2080 594 ὀκτὼ,

2186 529 2416 585 cudibus
2449 528 2672 585 femoris
2698 544 2922 585 nervum
2947 528 3259 585 Iudaeorum
3291 529 3519 601 attingat
3544 538 3751 601 nemo).

505 624 690 699 μηνῶν
713 624 844 678 δέκα
861 640 874 654 ·
903 623 1011 677 Γὰδ
1034 622 1171 676 ἐτῶν
1188 621 1351 685 ὀκτὼ.
1379 623 1561 693 μηνῶν
1580 622 1728 676 δέκα·
1761 622 1926 695 Ἀσὴρ
1946 625 2082 677 ἑτῶν

501 717 680 772 ὀκτὼ⁴
722 717 978 788 ’ῐσσὰχαρ
1029 715 1166 769 ἐτῶν
1215 714 1390 768 ὀκτώ*
1426 714 1710 769 Ζαϐουλὼν
1743 715 1880 768 ἑτῶν
1920 716 2092 780 ἑπτὰ,ο

504 808 691 882 μηνῶν
744 811 921 862 δυοῖν·
981 808 1169 861 Δείναν
1227 808 1366 860 ἐτῶν
1412 806 1491 887 ἒξ,
1535 808 1722 878 μηνῶν
1768 808 2078 878 τεσσάρων·

513 901 710 973 Ἰωσὴφ
768 901 905 954 ἐτῶν
950 900 1028 964 ἒξ,
1087 898 1272 971 μηνῶν
1304 900 1602 970 τεσσάρων.
1645 900 1985 971 Παροικῆσαι
2014 900 2085 953 -δὲ

515 992 730 1064 Ἰσραὴλ
778 991 931 1063 παρὰ
962 990 1188 1063 Ἑμμὼρ
1226 990 1322 1062 ἔτη
1347 991 1477 1044 δέκα
1515 991 1650 1062 (52),
1686 994 1781 1047 καὶ
1813 991 2085 1064 φθαρῆναι

499 1084 598 1158 τὴν
641 1085 855 1157 Ἰσραὴλ
883 1085 1154 1156 θυγατέρα
1185 1085 1374 1138 Δείναν
1400 1083 1503 1137 ὑπὸ
1526 1084 1708 1155 Συχὲμ
1730 1083 1825 1137 τοῦ
1858 1083 2086 1156 Ἑμμὼρ

501 1175 642 1243 υἱοῦ,
676 1177 813 1230 ὲτῶν
863 1171 1026 1230 οὖσαν
1072 1175 1285 1241 δεκαὲξ,
1325 1176 1507 1247 μηνῶν
1539 1176 1839 1248 τεσσάρων.
1897 1176 2085 1240 Ἐξαλ-

499 1268 761 1341 λομὲνους
788 1269 846 1323 δὲ
874 1270 1001 1332 τοὺς
1041 1268 1260 1343 Ἰσραὴλ
1303 1268 1473 1333 υἱοὺς,
1510 1267 1773 1339 Συμεῶνα
1811 1267 1908 1337 μὲν
1958 1266 2088 1320 ὄντα

410 1378 416 1382 ‘
499 1360 638 1415 ὲτῶν
682 1362 1009 1425 είκοσιενὸς,
1063 1360 1247 1432 μηνῶν
1290 1362 1592 1432 τεσσάρων,
1638 1358 1801 1414 Λευῖν
1847 1360 1903 1413 δὲ
1950 1359 2088 1413 ὲτῶν

500 1454 691 1518 εἴκοσι,
740 1453 926 1525 μηνῶν
977 1453 1059 1521 ἓξ,
1103 1454 1418 1506 ἀποκτεῖναι
1454 1453 1547 1506 τόν
1590 1469 1652 1505 τε
1700 1451 1948 1524 Ἑμμὼρ,
1992 1453 2085 1506 καὶ

499 1545 682 1617 Συχὲμ
735 1546 825 1600 τὸν
854 1546 968 1600 υἱὸν
999 1544 1185 1610 αὐτοῦ,
1215 1546 1308 1599 καὶ
1329 1546 1534 1609 πάντας
1565 1545 1693 1609 τοὺς
1719 1545 1972 1616 ἄρσενας,
2001 1545 2090 1598 διὰ

501 1638 602 1709 τὴν
633 1637 823 1701 Δείνας
856 1637 1082 1709 φθοράν.
1102 1635 1295 1690 Ἰακὼϐ
1321 1637 1379 1690 δὲ
1407 1636 1529 1692 τότε
1556 1632 1692 1690 εἶναι
1724 1636 1863 1689 ἐτῶν
1896 1636 2091 1690 ἑκατὸν

500 1726 660 1781 ἑπτά.
702 1728 953 1782 Ἐλθόντα
995 1729 1056 1783 δὲ
1100 1725 1193 1783 οὖν
1235 1729 1397 1783 αὑτὸν
1431 1732 1512 1793 εἰς
1548 1727 1729 1792 Λουζὰ
1758 1728 1859 1799 τῆς
1885 1729 2088 1802 Βαθὴλ,

500 1820 665 1889 φάναι
701 1821 793 1874 τὸν
838 1819 970 1875 Θεὸν
1010 1821 1205 1893 μηκέτι
1245 1820 1457 1885 Ἰακὼϐ,
1492 1820 1607 1876 ἀλλ’
1647 1820 1864 1894 Ἰσραὴλ
1885 1821 2086 1893 ὀνομά-

2184 619 2267 673 Ab
2286 619 2479 689 angelo
2513 627 2695 674 autem
2719 618 2964 674 futurum
2994 620 3254 684 audiisse,
3307 630 3366 675 ut
3394 621 3447 673 in
3476 630 3753 691 posterum

2185 724 2298 764 non
2326 707 2586 774 Jacobus,
2629 710 2722 764 sed
2764 707 2930 764 Israel
2968 720 3276 765 vocaretur.
3328 709 3515 781 Itaque
3546 711 3600 767 in
3632 728 3754 768 eam

2187 808 2341 854 terra
2381 799 2638 853 Chanaan
2693 800 3030 856 successisse
3077 809 3308 871 partem,
3363 818 3486 871 quae
3536 802 3758 861 Sicimis

2188 889 2417 943 adversa
2447 899 2612 951 esset,
2663 888 2960 943 liberorum
2993 905 3220 945 suorum
3270 891 3531 946 comitatu
3582 894 3756 964 stipa-

2187 987 2324 1034 tum.
2348 978 2391 1032 E
2415 979 2616 1049 quibus
2640 977 2901 1035 Rnbenus
2923 996 3098 1036 annos
3122 982 3407 1037 duodecim
3431 992 3760 1055 mensesque

2188 1071 2327 1127 duos
2364 1078 2528 1126 natus
2558 1079 2696 1137 erat,
2731 1070 2969 1142 Symeon
2999 1086 3176 1127 annos
3204 1072 3429 1128 totidem
3458 1081 3513 1128 et
3539 1089 3758 1131 menses

2189 1171 2447 1233 quatuor,
2484 1162 2722 1219 Levinus
2745 1178 2921 1219 annos
2943 1164 3253 1232 duodecim,
3289 1180 3615 1237 mensesque
3638 1183 3757 1231 sex,

2187 1252 2358 1309 Judas
2385 1269 2559 1309 annos
2593 1270 2787 1309 novem
2823 1270 2887 1310 ac
2919 1272 3134 1312 menses
3175 1266 3321 1323 octo,
3345 1256 3762 1328 Nephthalimus

2190 1343 2353 1417 524
2384 1359 2556 1399 annos
2584 1356 2732 1408 octo.
2764 1361 3090 1418 mensesque
3139 1348 3348 1413 decem,
3391 1349 3576 1405 Cadus
3633 1352 3763 1406 toti-

2190 1436 2337 1500 dem,
2385 1436 2524 1490 Aser
2552 1446 2606 1492 et
2634 1436 2884 1492 lssachar
2928 1453 3103 1493 annos
3132 1449 3277 1507 octo,
3311 1439 3553 1496 Zabulon
3588 1457 3762 1498 annos

2190 1536 2394 1596 septem
2423 1542 2749 1599 mensesque
2776 1528 2936 1597 duos,
2988 1529 3123 1585 Dina
3170 1542 3225 1586 et
3270 1529 3542 1602 Iosephus
3586 1541 3764 1590 annos

2190 1634 2287 1674 sex
2332 1627 2386 1675 et
2418 1634 2632 1675 menses
2668 1629 2924 1690 quatuor.
2973 1621 3240 1677 Caeterum
3294 1624 3551 1679 Israelem
3601 1627 3764 1682 annis

2192 1709 2299 1765 sibi
2329 1710 2515 1766 decem
2542 1711 2699 1779 juxta
2738 1710 3052 1767 Emmorem
3083 1714 3424 1769 domicilium
3449 1715 3719 1786 delegisse
3744 1734 3761 1770 :

2189 1802 2347 1873 cujus
2374 1803 2498 1859 filiae
2538 1802 2689 1858 Dina:
2732 1820 2906 1861 annos
2960 1815 3102 1862 natae
3147 1807 3386 1863 sedecim
3437 1818 3766 1878 mensesque

498 1912 705 1976 ζεσθαι.
748 1911 986 1965 Ἐκεῖθεν
1017 1912 1073 1965 δὲ
1099 1911 1279 1965 ἐλθεῖν
1305 1912 1386 1975 είς
1408 1911 1698 1983 Χαφραθὰ,
1730 1893 1880 1965 ἔνθεν
1910 1929 2081 1984 παρα-

2191 1903 2451 1966 quatuor,
2479 1909 2605 1951 cum
2637 1893 2939 1966 Sychemus
2984 1895 3259 1953 Emmoris
3310 1896 3457 1954 ﬁlius
3508 1907 3763 1968 stuprum

496 2004 748 2073 γενέσθαι
781 2006 861 2069 εἰς
917 2004 1179 2076 Ἐφραθὰ,
1222 2004 1289 2075 ἣν
1338 2002 1477 2058 εἶναι
1520 2004 1789 2075 Βηθλεὲμ,
1821 2005 1915 2059 καὶ
1957 2022 2084 2074 γεν-

497 2099 657 2169 νῆσαι
709 2098 873 2152 αὑτὸν
919 2099 1038 2151 ἐκεῖ
1080 2098 1359 2169 Βενιαμὶν,
1391 2098 1485 2151 καὶ
1510 2097 1829 2170 τελευτῆσαι
1863 2098 2084 2171 Ῥαχὴλ,

494 2189 759 2245 τεκοῦσαν
787 2190 880 2245 τὸν
913 2191 1200 2262 Βενιαμὶν,
1234 2190 1541 2260 συμϐιῶσαι
1573 2189 1620 2244 δ’
1671 2192 1810 2263 αὑτῇ
1856 2192 1947 2246 τὸν
1979 2193 2084 2245 Ἰα-

495 2281 612 2337 κὼϐ
658 2281 755 2353 ἔτη
807 2283 1129 2354 εἰκοσιτρία.
1167 2282 1403 2336 Αὑτόθεν
1455 2283 1513 2336 δὲ
1554 2282 1729 2337 ἐλθεῖν
1772 2284 1864 2337 τὸν
1890 2284 2086 2338 Ἰακὼϐ

494 2379 577 2440 εἰς
610 2375 858 2450 Μαμϐρῆ
888 2375 990 2444 τῆς
1027 2375 1277 2447 Χεϐρὼν,
1318 2376 1455 2448 πρὸς
1489 2377 1675 2431 Ἰσαὰκ
1712 2377 1803 2432 τὸν
1848 2380 2082 2451 πατέρα.

498 2460 650 2517 Εἶναι
681 2463 738 2516 δὲ
773 2462 893 2517 τότε
933 2462 1131 2535 Ἰωσὴφ
1175 2463 1311 2517 ἐτῶν
1354 2465 1647 2532 δεκαεπτὰ,
1675 2468 1769 2521 καὶ
1810 2469 2086 2541 πραθῆναι

498 2554 660 2607 αὐτὸν
695 2555 776 2618 είς
816 2553 1110 2623 Αἴγυπτον,
1150 2556 1243 2609 καὶ
1277 2559 1333 2609 ὲν
1366 2556 1445 2627 τῷ
1487 2558 1847 2631 δεσμωτηρίῳ
1898 2565 2078 2632 μεῖναι

496 2643 589 2716 ἔτη
615 2644 895 2717 δεκατρία,
929 2644 1059 2699 ὥστ’
1100 2642 1239 2699 εἶναι
1272 2647 1433 2701 αὐτὸν
1461 2648 1598 2703 ὲτῶν
1633 2651 1946 2722 τριάκοντα,
1975 2654 2084 2708 Ἰα-

497 2735 612 2790 κὼϐ
642 2737 700 2790 δὲ
730 2737 866 2791 ἐτῶν
895 2737 1089 2791 ἑκατὸν
1128 2737 1279 2802 δέκα,
1316 2741 1373 2791 ἐν
1412 2734 1457 2806 ᾧ
1500 2742 1595 2794 καὶ
1632 2742 1955 2814 τελευτῆσαι
1992 2745 2086 2799 τὸν

494 2828 683 2883 Ἰσαὰκ
713 2828 822 2882 ἔτει
854 2829 934 2882 ἐνὶ
967 2829 1296 2901 ἔμπροσθεν,
1346 2830 1483 2884 ἐτῶν
1513 2832 1646 2888 ὄντα
1675 2834 1871 2889 ἑκατὸν
1897 2836 2085 2910 ὀγδοή-

494 2935 676 2973 κοντα.
725 2919 1003 2990 Κρίναντα
1045 2918 1102 2971 δὲ
1147 2916 1226 2989 τῷ
1260 2918 1471 2989 βασιλεῖ
1505 2921 1600 2973 τὸν
1656 2921 1859 2995 Ἰωσὴφ
1899 2923 1970 2978 τὰ
2001 2927 2085 2979 ὲν·-

496 3005 682 3073 ύπνια,
721 3007 885 3078 ἄρξαι
907 3006 1184 3076 Αἰγύπτου
1211 3006 1305 3079 ἔτη
1334 3008 1495 3073 ἑπτὰ,
1525 3011 1582 3063 ἐν
1610 3005 1695 3074 οἷς
1709 3013 1804 3066 καὶ
1827 3016 2083 3088 συνοικῆ-

497 3115 586 3151 σαι
618 3095 854 3163 ’Δσενὲθ,
899 3098 1180 3170 Πεντεφρῇ
1210 3098 1306 3151 τοῦ
1349 3099 1747 3167 ’Ἡλιουπόλεως
1775 3104 1965 3177 ἱερέως
1992 3107 2086 3161 eu-

493 3191 676 3262 γατρὶ,
711 3192 806 3246 καὶ
831 3192 1090 3263 γεννῆσαι
1120 3194 1422 3265 Μανασσῆν
1451 3197 1545 3249 καὶ
1569 3196 1834 3269 Ἐφραῒμ,
1861 3199 1957 3253 καὶ
1985 3199 2083 3254 τοῦ

494 3280 655 3353 λιμοῦ
712 3283 1056 3353 ἐπιγενέσθαι
1084 3283 1180 3356 ἔτη
1226 3283 1292 3354 β’.
1337 3284 1442 3338 Τὸν
1474 3285 1532 3340 δὲ
1564 3288 1763 3361 Ἰωσὴφ
1798 3289 1894 3364 ἐτη
1929 3291 2086 3347 ἐννέα

494 3376 891 3448 εὐτυχήσαντα,
931 3377 1068 3450 πρὸς
1116 3379 1207 3433 τὸν
1260 3381 1473 3454 πατέρα
1520 3381 1597 3454 μὴ
1639 3381 1874 3453 πέμψαι,
1905 3381 1995 3436 διὰ
2024 3385 2086 3436 τὸ

494 3467 729 3539 ποιμένα
775 3469 936 3524 αὐτόν
987 3486 1048 3523 τε
1098 3472 1190 3525 καὶ
1230 3473 1357 3537 τοὺς
1382 3474 1647 3545 ἀδελφοὺς
1669 3470 1840 3529 εῖναν
1872 3474 2087 3529 ἐπονεί-

491 3557 670 3614 διστον
724 3558 782 3614 δὲ
843 3560 1164 3629 Αἰγυπτίοις
1219 3559 1358 3618 εἶναι
1425 3566 1490 3622 τὸ
1560 3567 1891 3637 ποιμαίνειν.
1937 3564 2082 3621 ””Οτι

492 3649 552 3703 δὲ
603 3648 698 3705 διὰ
753 3650 913 3705 τοῦτο
973 3654 1074 3707 οὐκ
1142 3653 1409 3727 ἔπεμψεν,
1478 3656 1640 3711 αὐτὸν
1691 3657 2077 3730 δεδηλωκέναι.

437 3758 441 3763 ’
492 3740 786 3797 Ἐλθόντων
823 3744 933 3816 γὰρ
971 3746 1135 3799 αὑτοῦ
1177 3747 1288 3801 τῶν
1324 3749 1622 3819 συγγενῶν,
1650 3750 1815 3819 φάναι
1874 3752 2080 3816 αὐτοῖς,

493 3833 590 3886 ἐὰν
618 3832 894 3905 κληθῶσιν
961 3836 1067 3890 ὑπὸ
1114 3838 1210 3892 τοῦ
1274 3838 1560 3910 βασιλέως,
1607 3841 1703 3894 καὶ
1774 3842 2085 3914 ἐρωτῶνται

492 3927 548 3979 τί
609 3927 1073 3999 διαπράσσονται,
1147 3930 1329 4000 λέγειν
1416 3936 1817 4007 κτηνοτρόφους
1887 3937 2086 4000 αὐτοὺς

492 4015 654 4074 εῖναι.
686 4021 1069 4092 Διαπορεῖσθαι
1106 4022 1183 4087 δὲ,
1228 4022 1315 4077 διὰ
1347 4024 1401 4077 τί
1436 4043 1567 4081 ποτε
1598 4029 1627 4080 ὁ
1659 4027 1858 4100 Ἰωσὴφ
1893 4030 2085 4084 Βενια-

496 4110 589 4181 μὶν
617 4110 710 4163 ἐπὶ
746 4110 841 4164 τοῦ
888 4110 1111 4182 ἀρίστου
1157 4113 1595 4169 πενταπλασίονα
1655 4117 1850 4189 μερίδα
1893 4119 2082 4184 ἔδωκε,

495 4202 571 4273 μὴ
617 4202 915 4274 δυναμένου
965 4202 1129 4257 αὐτοῦ
1192 4204 1429 4260 τοσαῦτα
1485 4210 1865 4265 καταναλῶσαι
1922 4215 2080 4285 κρέα.

491 4292 666 4347 Τοῦτο
709 4289 803 4348 οὖν
840 4294 1002 4349 αὑτὸν
1028 4297 1390 4368 πεποιηκέναι
1435 4298 1525 4353 διὰ
1573 4300 1635 4354 τὸ
1687 4303 1753 4356 ὲκ
1786 4304 1886 4376 τῆς
1917 4306 2086 4371 Λείας

492 4385 572 4457 τῷ
629 4386 798 4459 πατρὶ
850 4386 1017 4441 αὐτοῦ
1084 4389 1362 4458 γεγονέναι
1421 4392 1572 4456 υἱοὺς
1641 4392 1824 4459 ἑπτὰ,
1904 4398 1970 4449 ὲκ
2027 4398 2086 4451 δὲ

505 4478 708 4552 Ῥαχὴλ
734 4480 834 4554 τῆς
868 4483 1072 4555 μητρὸς
1118 4481 1283 4537 αὐτοῦ
1312 4482 1404 4537 δύο
1422 4502 1435 4515 ·
1482 4483 1571 4539 διὰ
1600 4485 1760 4540 τοῦτο
1792 4487 1870 4558 τῷ
1898 4489 2083 4545 Βενια-

2188 1984 2499 2051 obtulisset,
2534 1983 2886 2056 Symeonem,
2915 1987 3012 2059 qui
3036 2002 3280 2043 mensem
3304 1995 3562 2058 quartum
3595 2004 3764 2059 supra

2187 2088 2394 2129 annum
2417 2075 2741 2130 vicesimum
2771 2076 3036 2145 primum,
3073 2085 3127 2131 et
3157 2074 3445 2143 Levinum,
3472 2076 3570 2147 qui
3603 2092 3765 2132 men-

2187 2182 2303 2223 sem
2334 2173 2548 2222 sextum
2573 2181 2739 2237 supra
2766 2183 2975 2222 annum
2999 2167 3322 2223 vicesimum
3352 2178 3556 2239 ageret,
3586 2167 3767 2224 Israe-

2186 2264 2257 2321 lis
2278 2257 2445 2332 ﬁlios',
2481 2263 2688 2319 sororis
2722 2263 2924 2335 injuria
2973 2264 3209 2335 graviter
3249 2273 3580 2333 commotos,
3628 2264 3762 2321 Em-

2188 2369 2398 2410 morem
2436 2370 2502 2410 ac
2531 2355 2860 2427 Syenemum
2896 2356 3015 2427 ejus
3057 2355 3256 2423 lilium,
3313 2371 3603 2427 maresque
3639 2358 3766 2412 uni-

2187 2462 2375 2503 versos
2406 2447 2615 2517 impetu
2642 2445 2790 2501 facto
2817 2446 3124 2515 caecidisse;
3179 2464 3290 2519 quo
3323 2458 3566 2519 tempore
3592 2465 3768 2505 anno-

2188 2555 2310 2595 rum
2374 2550 2580 2611 septem
2632 2556 2797 2610 supra
2848 2550 3069 2596 centum
3124 2539 3361 2598 Jacobus
3408 2552 3574 2598 esset.
3624 2541 3764 2598 Eum

2186 2646 2375 2701 porro,
2412 2648 2539 2688 cum
2569 2632 2772 2689 Lusam
2804 2633 3044 2689 Bathelis
3082 2635 3274 2689 urbem
3305 2634 3565 2700 venisset,
3594 2650 3625 2690 a
3651 2634 3764 2690 Dco

2182 2724 2423 2794 jussum,
2455 2726 2647 2782 relicto
2678 2725 2867 2782 Jacobi
2908 2727 3149 2793 nomine,
3175 2726 3429 2783 lsraelem
3456 2728 3767 2799 nuncupari

2187 2816 2438 2886 caepisse.
2475 2815 2614 2872 Tum
2671 2818 3063 2887 Caphratltam,
3112 2820 3350 2888 indeque
3399 2818 3763 2890 Ephratham,

2188 2924 2354 2978 quam
2405 2908 2781 2965 Bethleemum
2830 2918 3051 2977 vocant,
3088 2911 3336 2981 petiisse,
3388 2911 3482 2966 ubi
3535 2910 3764 2978 Rachel,

2188 3008 2446 3070 suscepto
2473 3000 2818 3071 Benjamino,
2849 3002 2992 3056 diem
3024 3016 3342 3073 supremum
3364 3002 3583 3071 obierit,
3609 3018 3765 3075 pes;-

2187 3104 2355 3158 quam
2384 3106 2563 3148 annos
2596 3100 2705 3149 tres
2733 3094 2799 3150 ac
2827 3094 3020 3166 viginti
3045 3110 3172 3153 cum
3205 3111 3269 3151 ea
3309 3094 3550 3161 Jacobus
3595 3094 3767 3154 vixis-

2188 3189 2271 3236 set
2305 3199 2321 3236 :
2357 3182 2483 3239 inde
2509 3199 2704 3241 rursus
2738 3185 3017 3244 Mambren
3049 3188 3353 3245 Chebronis
3402 3191 3659 3260 oppidum
3697 3194 3766 3248 ad

2188 3272 2438 3330 lsaacum
2473 3284 2687 3347 patrem
2729 3279 2964 3335 venisse.
2998 3280 3068 3335 At
3097 3278 3398 3352 Josephnm
3426 3298 3493 3337 eo
3520 3292 3767 3355 tempore

2187 3382 2311 3422 cum
2344 3379 2492 3424 esset
2519 3384 2790 3427 annorum
2820 3374 3231 3444 septemdecim,
3276 3373 3548 3448 Egyptiis
3575 3380 3767 3433 vendi-

2192 3469 2325 3527 tum,
2352 3469 2495 3518 totos
2520 3462 2779 3519 tredecim
2814 3480 2990 3522 annos
3018 3467 3073 3521 in
3094 3467 3330 3523 vinculis
3363 3468 3556 3536 fuisse,
3588 3471 3767 3526 donec

2187 3553 2306 3622 ipse
2336 3554 2557 3625 quidem
2582 3557 2946 3626 tricesimum,
2965 3557 3204 3617 Jacobus
3228 3578 3358 3618 vero
3378 3563 3649 3620 decimum
3674 3581 3770 3620 su-

2187 3658 2286 3712 pra
2316 3646 2675 3702 centesimum
2729 3648 2904 3705 aetatis
2952 3665 3159 3707 annum
3196 3651 3547 3720 confecisset,
3579 3654 3769 3712 lsaaco

2183 3734 2297 3805 jam
2328 3750 2474 3793 anno
2509 3739 2811 3808 superiore,
2845 3740 2951 3795 hoc
2980 3750 3065 3797 est
3085 3742 3262 3798 aetatis
3286 3746 3625 3816 octogesimo
3676 3762 3772 3805 sua

2186 3843 2287 3898 pra
2313 3830 2671 3887 centesimum
2719 3833 2828 3889 vita
2873 3832 3083 3890 functo.
3110 3834 3189 3892 Ac
3217 3826 3517 3907 Josephum
3543 3838 3768 3908 quidem

2186 3930 2310 3990 post
2344 3921 2556 3978 felicem
2595 3925 2740 3994 regis
2782 3928 3122 3983 somniorum
3165 3929 3609 4000 explicationem,
3667 3934 3767 3989 toti

2190 4012 2427 4086 {Egypto
2455 4015 2616 4071 annis
2648 4024 2855 4086 septem
2892 4017 3199 4088 prmfuisse,
3226 4036 3338 4091 quo
3360 4030 3606 4093 tempore
3629 4024 3767 4081 Ase-

2189 4107 2408 4161 nethem
2465 4105 2786 4176 Pcntephrae
2836 4106 3182 4178 Heliopoleos
3233 4114 3535 4170 sacerdotis
3596 4115 3765 4170 tiliam

2186 4198 2474 4269 conjugcm
2502 4198 2741 4265 duxerit,
2772 4207 2935 4269 atque
2960 4216 3027 4255 ex
3072 4216 3136 4256 ea
3174 4200 3482 4260 Manassem
3535 4204 3769 4275 Ephrai-

2186 4306 2449 4361 mumque
2479 4291 2801 4360 susceperit.
2838 4290 2977 4345 Tum
3009 4293 3169 4349 annis
3206 4293 3424 4351 duobus
3480 4296 3628 4353 fame
3683 4300 3768 4354 la-

2188 4381 2368 4436 borari
2400 4390 2661 4452 emptum.
2685 4378 2950 4437 Eumdem
2976 4397 3107 4439 vero
3128 4399 3323 4441 novem
3351 4402 3618 4444 annorum
3642 4404 3770 4461 spa-

2186 4475 2282 4539 tio,
2312 4475 2516 4545 quibus
2542 4472 2819 4530 fortunate
2846 4477 3140 4532 admodum
3172 4478 3396 4547 vixerit,
3429 4490 3645 4549 patrem
3679 4498 3767 4538 ac-

497 4574 592 4643 μὶν
640 4572 801 4627 πέντε
858 4574 1080 4646 μερίδας
1140 4575 1499 4646 παραθεῖναι,
1550 4577 1646 4631 καὶ
1698 4579 1861 4633 αὐτὸν
1894 4580 2080 4636 λαϐεῖν

2187 4582 2406 4624 cersere
2429 4567 2692 4636 noluisse,
2717 4570 2866 4640 quod
2910 4579 3021 4626 tam
3048 4571 3164 4643 ipse
3197 4588 3364 4644 quam
3407 4572 3608 4631 fratres
3642 4591 3769 4646 pas-

495 4665 625 4736 μίαν
654 4665 790 4738 (55)’
812 4666 1064 4737 γενέσθαι
1099 4662 1191 4721 οὖν
1225 4667 1389 4733 ἑπτὰ,
1417 4670 1551 4733 ὅσας
1586 4672 1832 4735 καὶτοὺς
1874 4674 1939 4727 ὲκ
1973 4674 2074 4746 τῆς

490 4755 654 4819 Λείας
700 4758 849 4821 υἱοὺς
892 4757 1094 4812 λαϐεῖν.
1186 4758 1458 4824 Ὡσαύτως
1488 4760 1546 4813 δὲ
1600 4762 1694 4815 καὶ
1726 4761 1819 4815 ἐπὶ
1849 4763 1945 4816 τοῦ
1977 4764 2076 4827 τὰς

564 4887 680 4960 (52)
723 4890 864 4960 Ἕτη
904 4889 1066 4944 δέκα.
1102 4890 1301 4946 Gcnes.
1355 4908 1565 4956 xxxnt,
1598 4891 1682 4945 l7.
1718 4890 1893 4948 Jacob
1922 4904 2078 4949 ante-

493 4959 657 5029 quam
704 4959 771 5013 ad
811 4960 1044 5036 Sicimo_s
1077 4963 1303 5036 veniret,
1344 4977 1409 5016 eo
1434 4963 1486 5016 in
1519 4964 1638 5036 loco
1668 4963 1906 5036 tentoria
1939 4965 2073 5036 figit,

493 5044 654 5098 quem
686 5038 969 5100 propterea
998 5030 1224 5092 Sochot,
1255 5032 1304 5086 id
1337 5041 1422 5087 est
1484 5034 1856 5099 tabernacula,
1889 5030 2071 5088 nomi-

494 5100 663 5173 navit.
717 5100 823 5173 S_ed
872 5102 1115 5173 quandiu
1161 5102 1277 5173 illic
1319 5103 1570 5168 haeserit,
1629 5101 1913 5173 Scriptura
1966 5121 2076 5159 non

494 5168 673 5242 docet.
727 5167 868 5242 Sunt
892 5167 1005 5242 ‘qui
1035 5173 1221 5227 decem
1255 5171 1366 5226 fere
1396 5167 1572 5228 annos
1627 5173 1679 5227 in
1711 5167 1916 5228 Soclmt
1967 5183 2076 5228 tra-

494 5239 691 5312 ductos
720 5238 890 5297 fuisse
929 5238 1132 5305 velint,
1178 5251 1239 5296 ut
1284 5243 1565 5312 perbrevis
1611 5244 1753 5311 apud
1797 5244 2075 5299 Sicimitas

493 5309 614 5377 ejus
641 5325 794 5366 mora
836 5312 1020 5367 fuerit.
1057 5312 1258 5367 Contra
1285 5309 1592 5368 Demetrius
1626 5309 1832 5369 Sochot
1866 5330 1932 5368 ne
1963 5331 2078 5369 me-

494 5381 655 5453 minit
671 5382 912 5453 quidem,
937 5391 993 5436 at
1020 5383 1205 5444 decem
1224 5396 1399 5439 annos
1422 5383 1543 5452 ejus
1559 5385 1701 5453 apud
1724 5383 2075 5440 Hemmorem

495 5449 819 5525 habitationi
857 5453 1067 5525 tribuit.
1097 5454 1276 5525 _Sane_
1302 5449 1641 5525 probabilius
1674 5455 1909 5517 videtur,
1940 5470 2076 5525 pau-

493 5521 576 5572 cis
609 5521 836 5576 omnino
866 5524 950 5576 vel
981 5523 1162 5588 annis,
1196 5523 1282 5576 vel
1306 5521 1476 5577 etiam
1506 5526 1812 5587 mensibus,
1840 5521 1985 5579 illam
2019 5526 2071 5579 in

496 5589 702 5665 §ocho_t_
728 5606 934 5665 moram
967 5593 1366 5659 circumscribi,
1395 5609 1519 5649 cum
1548 5596 1829 5665 Scriptura
1861 5604 2073 5651 tantum

493 5660 642 5732 dicat
670 5661 743 5732 ibi
773 5663 880 5715 lixa
915 5678 1038 5718 esse
1079 5665 1347 5731 tentoria;
1396 5666 1537 5732 apud
1587 5660 1861 5722 Sicimitas
1888 5676 2073 5721 autem

495 5727 830 5786 domicilium
860 5748 1004 5801 iesse
1046 5727 1392 5789 collocatum.
1430 5727 1584 5801 Quod
1637 5746 1817 5791 autem
1868 5738 2069 5792 Genes.

496 5815 684 5876 garrit,
706 5802 799 5863 2i,
834 5800 1060 5868 Hemor,
1090 5820 1214 5876 cum
1253 5804 1382 5869 lilio,
1406 5800 1595 5859 Jacobi
1633 5806 1897 5859 familiam
1928 5806 2071 5876 apud

500 5870 776 5929 Sicimitas
822 5875 1246 5941 commendans,
1303 5878 1446 5932 viros
1496 5879 1754 5946 pacificos
1811 5892 1934 5932 esse
1963 5870 2069 5931 "di-

2179 4660 2370 4717 cendis
2398 4661 2595 4716 ovibus
2623 4676 2845 4732 operam
2873 4663 3086 4733 darent,
3119 4681 3243 4736 quae
3270 4665 3397 4721 vitae
3439 4668 3582 4723 ratio
3624 4671 3769 4739 apud

2179 4751 2466 4825 [Egyptios
2489 4753 2690 4823 probro
2715 4754 3035 4812 duceretur.
3083 4755 3261 4829 Atque
3282 4757 3426 4814 hanc
3452 4759 3503 4813 ei
3528 4774 3629 4815 cur
3661 4776 3765 4832 pa-

2179 4898 2284 4953 cat,
2316 4898 2446 4963 etc.,
2482 4888 2537 4943 id
2569 4890 2893 4963 tambrevis
2926 4907 3093 4947 morae
3119 4902 3445 4963 argumento
3492 4910 3600 4949 non
3630 4906 3715 4951 est
3748 4915 3762 4951 :

2181 4975 2305 5012 nam
2341 4960 2738 5034 aliquot_annis
2766 4976 2963 5034 eorum
2996 4960 3265 5034 inoigas'et
3290 4964 3507 5033 ingenia
3541 4966 3765 5034 probari

2179 5038 2499 5103 potuerunt.
2548 5028 2661 5085 Nec
2698 5041 2863 5103 urget
2906 5033 3043 5103 illud
3098 5028 3397 5099 Tornielli',
3445 5028 3593 5103 qudd
3648 5048 3767 5090 tum

2180 5101 2427 5173 primum
2435 5115 2663 5173 egressa
2698 5100 2831 5173 Dina
2866 5102 3137 5167 videatur,
3172 5106 3328 5173 quasi
3354 5100 3544 5159 recens
3580 5121 3646 5161 eo
3676 5123 3768 5161 ve-

2180 5171 2373 5225 nisset.
2406 5168 2543 5225 Nam
2589 5172 2735 5239 quod
2773 5181 2897 5226 ante
2928 5174 3011 5226 vel
3053 5168 3274 5241 egressa
3312 5190 3418 5228 non
3452 5175 3646 5241 fuerit,
3681 5179 3766 5232 vel

2181 5242 2480 5313 siegressa
2506 5251 2589 5313 est
2611 5281 2624 5301 ,
2659 5242 2841 5313 probri
2864 5243 3013 5313 nihil
3043 5245 3311 5298 subierit:
3344 5246 3463 5313 ejus
3500 5247 3609 5312 rei,
3638 5263 3765 5301 cum

2180 5311 2333 5386 aliae,
2388 5320 2499 5364 tum
2540 5311 2657 5366 hate
2704 5310 2760 5386 in
2794 5311 2997 5386 primis
3016 5329 3179 5386 causa
3212 5329 3334 5386 esse
3371 5310 3762 5386 potpit,’qnod

2182 5383 2422 5453 nondum
2450 5397 2547 5453 per
2581 5381 2756 5453 :etatis
2782 5381 2917 5436 satis
2948 5383 3002 5435 id
3032 5383 3242 5438 liceret.
3271 5385 3338 5437 At
3363 5381 3427 5439 ex
3460 5381 3761 5453 Demetrio,

2180 5467 2305 5505 cum
2337 5451 2593 5518 injuriam
2628 5452 2774 5505 illam
2798 5455 3030 5521 accepit,
3062 5468 3330 5506 annorum
3364 5457 3599 5511 sedecim
3635 5451 3760 5521 fuit,

2180 5532 2275 5575 aut
2301 5522 2537 5595 circiter.
2570 5521 2759 5595 Adde,
2805 5529 2922 5595 tum
2973 5522 3114 5595 forte
3159 5525 3436 5590 oblatam,
3481 5540 3607 5595 qua:
3637 5538 3765 5583 ante

2179 5592 2466 5713 Foimmoda
2506 5594 2641 5647 satis
2672 5606 2782 5645 non
2811 5590 3021 5659 fuerat,
3048 5593 3168 5663 ejus
3194 5596 3383 5664 ﬂagitii
3414 5590 3763 5655 occasimzem

2206 5676 2374 5713 uisse.

2206 5676 2374 5714 UISSB.

2250 5730 2378 5804 (53)
2404 5731 2583 5788 Μίαν.
2648 5731 2855 5790 Sensus
2905 5746 2959 5787 et
3009 5733 3305 5788 ἀκολουθία
3350 5736 3594 5804 postulat
3636 5736 3765 5803 δῦο,

2180 5801 2383 5869 alioqui
2425 5817 2520 5859 sex
2571 5813 2820 5873 tantum,
2864 5820 2971 5860 non
3016 5815 3225 5874 septem
3263 5801 3445 5875 partes
3482 5801 3769 5867 habiturus

2180 5880 2316 5927 erat.
