4194 6410
436 394 538 448 719

433 603 719 665 claratum.
772 599 1054 655 Fratribus
1095 600 1239 653 enim
1284 599 1421 663 suis,
1457 615 1582 653 cum
1631 600 1699 654 ad
1745 616 1868 655 curn
1902 600 2003 654 ali-

429 693 653 766 quando
676 691 972 751 venissent,
1019 691 1125 744 hoc
1155 690 1209 743 in
1252 691 1523 745 mandatis
1556 692 1732 760 ipsum
1764 691 2001 755 dedisse,

430 788 532 851 uti,
561 786 606 840 si
638 784 777 841 forte
826 799 857 839 a
910 799 1036 855 rege
1081 794 1513 850 accerserentur,
1559 786 1758 854 rogati,
1807 786 2002 854 ecquid

430 876 554 931 vitm
605 888 776 944 genus
824 872 1212 942 proﬁterentur
1251 912 1265 935 ,
1325 874 1480 942 equis
1545 873 1755 928 alendis
1809 889 2005 929 vacare

431 980 552 1022 sese
612 962 1020 1034 responderent.
1092 961 1471 1031 Benjaminum
1547 963 1693 1032 quod
1769 963 2000 1029 attinet,

430 1058 717 1129 quaesitum
766 1072 797 1110 a
851 1055 1145 1125 plerisque,
1195 1056 1549 1126 quamobrem
1601 1054 1873 1125 Iosephus
1922 1057 2003 1111 in-

430 1160 511 1208 ter
585 1148 957 1219 prandendum
1053 1156 1260 1217 partem
1342 1147 1390 1201 ci
1456 1147 1744 1217 quintuplo
1817 1147 2004 1216 singu-

430 1242 498 1298 lis
566 1241 831 1310 majorem
902 1240 1102 1310 apponi
1173 1238 1452 1304 voluerit,
1512 1255 1636 1294 cum
1714 1248 1794 1293 tot
1866 1240 2005 1295 cibis

429 1332 747 1388 adolescens
804 1346 905 1400 par
966 1345 1088 1385 esse
1148 1345 1254 1385 non
1325 1339 1529 1400 posset.
1606 1329 1769 1402 425
1834 1330 2005 1400 Cujus

430 1424 510 1479 rei
579 1424 719 1478 hanc
772 1422 862 1477 ille
921 1421 1186 1476 rationem
1239 1419 1535 1486 aﬂerebat,
1588 1423 1735 1492 quod
1800 1420 2004 1477 Jacobo

429 1518 568 1587 patri
625 1524 830 1586 septem
891 1528 958 1568 ex
1012 1512 1149 1578 Lia,
1220 1529 1287 1569 ex
1341 1512 1575 1570 Rachele
1644 1528 1775 1568 vero
1832 1526 2005 1570 matre

430 1624 551 1671 sua,
586 1608 696 1664 duo
739 1615 949 1663 tantum
991 1607 1148 1661 liberi
1196 1606 1306 1659 nati
1351 1616 1567 1672 essent;
1611 1622 1780 1677 eoque
1812 1607 2003 1677 Benja-

429 1700 582 1754 mino
611 1707 797 1770 partes
825 1699 1087 1767 quinque,
1116 1697 1221 1751 sibi
1252 1707 1431 1751 autem
1464 1699 1601 1753 duas
1632 1699 1910 1763 tribuisse,
1945 1708 2006 1754 ut

429 1805 554 1845 cum
587 1788 897 1859 septenario
945 1787 1057 1843 Lia:
1103 1787 1338 1842 ﬁliorum
1371 1803 1600 1842 numero
1636 1790 1870 1859 partium
1904 1808 2005 1844 nu-

1069 391 1338 448 EUSEBII
1379 390 1855 446 CESMHENSIS
1902 389 2054 446 OPP.
2095 389 2279 446 PARS
2318 392 2382 449 ll.
2423 422 2493 435 —
2531 392 3032 450 APOLOGETICA.

435 522 572 565 trem
620 525 729 563 non
776 508 977 563 acciret
1010 520 1233 562 causam
1270 506 1459 571 fuisse,
1493 507 1561 562 ab
1603 522 1670 561 eo
1694 522 1752 561 re
1777 507 1890 577 ipsa
1918 507 2008 562 de-

2114 506 2307 571 στολὰς
2366 506 2549 561 δοῦναι
2602 509 2816 580 ἑκάστῳ
2878 509 3110 573 διπλᾶς,

3589 400 3693 459 720

3191 511 3269 581 τῷ
3325 511 3382 566 δὲ
3433 511 3694 584 Βενιαμὶν

2110 597 2273 650 πέντε
2323 598 2418 650 καὶ
2468 600 2811 668 τριακοσίους
2860 599 3128 671 χρυσοῦς,
3179 600 3275 653 καὶ
3322 600 3400 671 τῷ
3434 604 3602 674 πατρὶ
3633 603 3692 658 δὲ

2109 688 2425 742 ἀποστεῖλαι
2488 688 2631 743 κατὰ
2683 689 2856 744 ταύτὰ
2878 730 2894 755 ,
2976 690 3118 745 ὥστε
3173 692 3265 745 τὸν
3324 689 3472 747 οἶκον
3525 695 3693 751 αὐτοῦ

2106 780 2205 849 τῆς
2255 780 2460 851 μητρὸς
2487 778 2626 834 εἶναι
2678 779 2816 834 ἴσον.
2902 782 3137 851 Οξκῆσαι
3175 784 3232 837 δὲ
3282 784 3480 849 αὐτοὺς
3529 789 3586 840 ἐν
3620 791 3692 861 γῇ

2109 872 2331 926 Χαναὰν
2352 912 2367 936 ,
2427 874 2519 941 ἀφ’
2551 867 2613 927 οὗ
2660 870 2948 943 ἐκλεγῆναι
2991 875 3239 947 Ἀϐραὰμ
3267 878 3331 930 ἐκ
3358 879 3465 931 τῶν
3500 881 3691 946 ἐθνῶν,

2109 964 2203 1017 καὶ
2229 964 2506 1034 μετελθεῖν
2525 966 2604 1028 εἰς
2623 965 2866 1029 Χαναὰν,
2901 967 3151 1037 Ἀϐραὰμ
3171 969 3305 1023 ἐτῶν
3326 972 3690 1040 εἰκοσιπέντε,

2122 1054 2305 1109 Ἰσαὰκ
2326 1056 2461 1109 ἐτῶν
2482 1057 2744 1128 ἐξήκοντα
2766 1098 2780 1122 ,
2815 1057 3008 1111 Ἰακὼϐ
3030 1059 3165 1112 ἐτῶν
3188 1062 3381 1115 ἑκατὸν
3400 1064 3693 1134 τριάκοντα

2110 1146 2389 1215 γίνεσθαι,
2423 1148 2491 1202 τὰ
2519 1150 2696 1203 πάντα
2728 1148 2822 1221 ἔτη
2855 1150 2913 1202 ἐν
2944 1153 3013 1222 γῇ
3043 1152 3265 1206 Χαναὰν
3302 1162 3395 1207 σιε¹
3425 1156 3560 1226 (54)·
3596 1160 3693 1214 καὶ

2108 1239 2187 1310 τῷ
2212 1240 2382 1312 τρίτῳ
2415 1241 2523 1294 ἔτει
2545 1282 2559 1307 ,
2605 1241 2764 1313 λιμοῦ
2796 1241 2963 1314 οὔσης
2991 1246 3050 1297 ἐν
3081 1246 3341 1318 Αἰγύπτῳ
3360 1288 3376 1313 ,
3406 1248 3579 1303 ἐλθεῖν
3610 1250 3691 1315 εἰς

2109 1331 2381 1401 Αἴγυπτον
2412 1332 2503 1385 τὸν
2544 1332 2737 1387 Ἰακὼϐ
2758 1375 2772 1398 ,
2821 1335 2951 1388 ὄντα
2984 1335 3121 1388 ἐτῶν
3155 1338 3349 1393 ἑκατὸν
3374 1341 3689 1411 τριάκοντα.

2125 1422 2353 1494 Ῥουϐὴν
2394 1422 2531 1476 ἐτῶν
2562 1430 2666 1493 με’,
2703 1424 2967 1495 Συμεῶνα
3017 1424 3153 1477 ἐτῶν
3186 1426 3287 1497 μδ’,
3345 1428 3506 1482 Λε·.ῖν
3552 1430 3691 1483 ἐτῶν

2115 1520 2223 1582 μγ,
2278 1514 2477 1568 Ἰούδαν
2528 1514 2666 1567 ἐτῶν
2715 1516 2822 1586 μβ’,
2872 1515 3057 1586 μηνῶν
3090 1517 3290 1588 τριῶν,
3351 1519 3516 1593 Ἀσὴρ
3553 1521 3691 1575 ἐτῶν

2113 1605 2224 1675 (55)
2270 1613 2320 1675 μ’
2342 1645 2357 1670 ,
2402 1607 2586 1678 μηνῶν
2618 1607 2793 1675 ὀκτὼ,
2821 1609 3142 1679 Νεφθαλεὶμ
3179 1610 3317 1665 ἐτῶν
3352 1619 3466 1683 μα’,
3505 1614 3692 1684 μηνῶν

2110 1698 2155 1763 ξ’
2174 1738 2189 1763 ν
2224 1699 2331 1752 Γὰδ
2362 1700 2497 1752 ὲτῶν
2528 1699 2638 1770 μα’,
2674 1700 2859 1772 μηνῶν
2893 1708 2963 1770 γ’,
2995 1702 3278 1756 Ζαϐουλὼν
3310 1704 3446 1757 ἐτῶν
3476 1712 3550 1774 μ’,
3574 1703 3695 1759 Δει-

2110 1806 2206 1842 ναν
2234 1788 2371 1842 ἐτῶν
2402 1789 2499 1853 λθ’,
2531 1790 2786 1861 Βενιαμὶν
2808 1791 2944 1845 ἐτῶν
2968 1799 3073 1861 κη’.
3109 1791 3210 1845 Τὸν
3240 1792 3297 1846 δέ
3333 1794 3530 1864 Ἰωσήφ
3558 1810 3692 1865 φησι

430 1897 618 1937 merus
642 1889 968 1951 aquaretur.
1038 1878 1299 1935 Similiter
1339 1881 1509 1935 stolas
1529 1882 1747 1951 quidem
1779 1884 2007 1954 singulis

2112 1880 2358 1949 γενέσθαι
2389 1883 2447 1934 ἐν
2480 1881 2737 1952 Αἰγύπτῳ
2761 1882 2853 1955 ἔτη
2891 1882 2966 1936 λθ¹
3018 1884 3152 1955 (56).
3190 1883 3342 1939 Εἶναι
3371 1885 3427 1938 δὲ
3463 1884 3571 1938 ἀπὸ
3595 1882 3690 1938 τοῦ

430 1973 698 2043 geminas,
735 1980 792 2029 at
818 1972 1140 2042 Benjamino
1162 1973 1404 2043 quinque
1429 1989 1553 2028 cum
1584 1976 1764 2030 aureis
1796 1986 2005 2031 trecen-

431 2066 505 2120 tis
531 2064 781 2130 dedisse,
826 2064 1156 2135 totidemque.
1199 2063 1266 2118 ad
1299 2073 1505 2133 patrem
1551 2065 1798 2131 misisse,
1826 2067 1904 2122 uti
1937 2082 2005 2122 ne

430 2170 539 2227 qua
567 2156 621 2210 in
648 2170 706 2211 re
731 2165 975 2211 materna
1006 2154 1213 2210 familia
1247 2156 1399 2210 alteri
1432 2158 1770 2212 concederet.
1834 2160 2006 2213 Caete-

431 2260 577 2309 rum,
602 2260 669 2300 ex
688 2259 798 2315 quo
828 2243 1173 2300 Abrahamus
1203 2245 1471 2301 universis
1501 2262 1530 2300 a
1554 2243 1803 2317 gentibu§
1822 2248 2005 2304 divina

428 2342 713 2398 voluntate
751 2342 1008 2408 selectus,
1054 2343 1110 2396 in
1137 2349 1339 2397 terram
1368 2340 1730 2398 Chananaeam
1769 2344 2003 2413 primum

430 2443 811 2501 concesserat,
840 2435 1017 2505 ipsum
1051 2435 1268 2505 quidem
1295 2450 1469 2490 annos
1503 2437 1691 2507 viginti
1740 2438 2003 2507 quinque,

429 2526 682 2581 lsaacum
721 2538 852 2579 vero
898 2525 1178 2593 sexaginta
1201 2565 1214 2585 ,
1242 2523 1502 2580 Iacobum
1527 2526 1761 2597 denique
1787 2526 2005 2596 triginta

432 2633 600 2687 supra
625 2625 866 2685 centum,
915 2615 1111 2671 ibidem
1143 2617 1337 2687 egisse,
1390 2619 1482 2687 qui
1524 2633 1714 2674 omnes
1738 2632 2005 2673 annorum

432 2707 742 2778 quindecim
775 2722 937 2775 supra
958 2706 1221 2763 ducentos
1247 2724 1519 2763 summam
1545 2708 1798 2763 efﬁciant.
1834 2706 2009 2778 Atque

433 2800 539 2855 hoc
582 2800 735 2869 ipso,
773 2800 865 2868 qui
909 2800 1070 2855 famis
1123 2800 1267 2870 apud
1313 2801 1601 2873 Egyptios
1647 2801 1837 2856 tertius
1869 2808 2006 2864 erat,

431 2898 686 2945 cunctam
737 2905 930 2945 eorum
984 2887 1245 2943 familiam
1288 2889 1343 2943 in
1373 2889 1665 2960 Aigyptum
1719 2889 2004 2958 migrasse,

432 2997 558 3038 cum
588 2981 850 3040 Rubenus
903 3000 1079 3041 annos
1129 2984 1373 3055 quinque
1428 2997 1594 3051 supra
1647 2981 2008 3052 quadraginta

432 3084 596 3132 natus
628 3085 796 3143 esset,
826 3075 1062 3148 Symeon
1102 3087 1337 3147 quatuor
1363 3084 1415 3130 et
1441 3074 1821 3145 quadraginta,
1852 3073 2009 3129 Levi-

433 3182 539 3222 nus
564 3174 674 3223 tres
705 3176 761 3223 et
785 3168 1163 3238 quadraginta,
1191 3167 1358 3223 Judas
1382 3167 1527 3223 duos.
1546 3174 1602 3222 et
1624 3166 2004 3237 quadraginta,

433 3272 560 3313 cum
586 3258 761 3314 tribus
789 3258 1014 3329 insuper
1058 3260 1356 3321 mensibus,
1406 3258 1542 3313 Aser
1563 3258 1921 3329 quadraginta
1953 3265 2009 3312 et

436 3365 654 3407 menses
697 3358 859 3418 octo,
887 3348 1305 3422 Nephthalimus
1352 3366 1520 3407 unum
1549 3363 1604 3406 et
1645 3351 2008 3422 quadraginta

438 3456 765 3513 mensesque
794 3451 1022 3512 septem,
1049 3441 1234 3500 Cadus
1265 3443 1486 3498 totidem
1516 3457 1841 3513 mensesque
1877 3450 2008 3508 tres,

436 3532 681 3589 Zabulon
712 3533 1095 3604 quadraginta,
1116 3533 1249 3589 Dina
1279 3548 1473 3588 novem
1503 3548 1569 3588 ac
1594 3533 1836 3604 triginta,
1874 3531 2012 3587 Ben-

435 3625 676 3696 jaminus
716 3633 840 3681 octo
869 3635 923 3681 et
948 3625 1159 3697 viginti.
1217 3622 1513 3694 Josepbum
1542 3632 1722 3679 autem
1754 3624 1808 3679 in
1843 3621 2012 3693 IEgy—

439 3727 530 3787 pto
587 3717 747 3772 annis
798 3732 990 3772 novem
1044 3731 1110 3771 ac
1170 3716 1388 3785 triginta
1438 3715 1662 3771 vixisse.
1719 3712 1910 3783 Itaque
1943 3713 2013 3768 ab

514 3871 627 3941 (54)
674 3871 781 3941 νἘνλ
801 3866 880 3938 τῇ
910 3867 1154 3941 Χαναὰν
1180 3876 1309 3923 ms’.
1340 3869 1605 3941 Aceurata
1635 3866 2009 3941 chronolngia.

441 3936 577 3996 Nam
611 3936 986 4005 'Abrahamus,
1016 3939 1105 4008 qui
1133 3955 1277 3993 anno
1304 3940 1480 3992 aetatis
1511 3939 1579 3992 75
1614 3940 1664 3991 in
1691 3936 2011 3991 Cliananiti—

443 4014 568 4067 «lem
615 4020 867 4076 venerat,
898 4011 1243 4064 centenarius
1271 4025 1396 4063 cum
1425 4018 1604 4073 esset,
1634 4010 1881 4062 lsaacum
1919 4022 2014 4077 ge-

445 4083 599 4147 nuit,
638 4090 698 4135 ut
728 4081 959 4136 habetur
986 4078 1182 4133 Genes.
1215 4096 1305 4133 xxi
1328 4120 1342 4142 ,
1377 4079 1432 4133 5.
1465 4079 1629 4148 Atqui
1663 4080 1732 4133 ab
1767 4092 1912 4148 anno
1948 4077 2016 4132 75

446 4154 514 4207 ad
563 4152 667 4206 {00
710 4152 837 4204 anni
868 4148 1063 4221 viginti
1103 4149 1342 4221 quinque
1377 4147 2016 4221 numerantur._lsaacus

444 4232 625 4278 autem
650 4292 653 4293 ν
681 4216 1099 4293 sexagenarius,
1120 4216 1393 4293 Iacobum
1423 4229 1476 4274 et
1504 4217 1645 4293 Esau
1676 4216 2017 4293 ex_Rebecea

446 4292 721 4361 suscepit,
757 4290 954 4346 Genes.
984 4306 1113 4352 xxv,
1144 4291 1236 4356 ‘26,
1284 4290 1377 4359 qui
1410 4290 1549 4361 anni;
1585 4290 1866 4357 Sexaginta
1891 4303 2015 4361 cum

446 4359 720 4433 prioribus
749 4362 937 4433 viginti
970 4362 1237 4433 quinque,
1267 4376 1441 4416 annos
1470 4359 2017 4433 efﬁciuntoctoginta

447 4428 708 4503 quinque.
765 4428 1048 4503 Postremo
1108 4428 1346 4503 Iacobus
1392 4444 1540 4484 anno
1587 4429 1760 4503 aetatis
1809 4428 1910 4503 t50
1962 4430 2014 4503 in

448 4498 742 4629 Egyptum
776 4502 1085 4581 (lescendit,
1132 4501 1328 4555 Genes.
1386 4516 1566 4581 xuvtt,
1614 4501 1666 4555 9.
1723 4498 1932 4579 Quibus
1971 4498 2016 4552 si

448 4575 516 4629 ad
558 4581 722 4627 tueris
750 4588 959 4629 priores
992 4573 1093 4629 85.
1134 4572 1421 4626 bomadem
1459 4571 1604 4625 illam
1660 4571 1885 4625 habebis
1919 4585 2016 4623 an-

448 4575 573 4629 addi

2119 1970 2289 2041 ’Λδὰμ
2307 2009 2321 2033 ,
2353 1970 2464 2041 (57)
2499 1971 2603 2034 ἓως
2630 1972 2724 2025 τοῦ
2751 1972 3011 2026 εἰσελθεῖν
3036 1977 3114 2038 εἰς
3144 1976 3415 2043 Αἴγυπτον
3445 1976 3572 2039 τοὺς
3594 1974 3692 2029 τοῦ

2118 2061 2313 2134 Ἰωσὴφ
2337 2066 2615 2132 συγγενεῖς
2644 2063 2737 2137 ἐτη
2763 2066 2910 2136 γχκδ¹
2933 2083 2946 2096 ·
2973 2067 3081 2120 ἀπὸ
3109 2067 3165 2120 δὲ
3186 2066 3282 2121 τοῦ
3305 2067 3692 2140 κατακλυσμοῦ

2105 2156 2209 2220 ἕως
2256 2157 2356 2226 τῆς
2401 2154 2595 2209 Ἰακὼϐ
2656 2158 2958 2229 παρουσίας
2992 2161 3071 2224 εἰς
3107 2161 3382 2229 Αἴγυπτον
3413 2160 3652 2233 ἔτησατξ
3675 2177 3691 2195 ·

2106 2248 2199 2317 ἀφ’
2231 2242 2291 2301 οὗ
2318 2248 2373 2301 δὲ
2405 2249 2690 2319 ἐκλεγῆναι
2741 2249 2984 2321 Ἀϐραὰμ
3016 2252 3079 2304 ἐκ
3104 2252 3211 2304 τῶν
3244 2252 3412 2306 ἐθνῶν
3435 2292 3450 2317 ,
3486 2253 3581 2306 κα)¹
3601 2252 3692 2306 ιλ-

2107 2339 2219 2394 θεῖν
2239 2342 2303 2393 ἐκ
2323 2339 2548 2412 Χαρῤὰν
2569 2341 2650 2403 εἰς
2680 2341 2898 2396 Χαναὰν
2914 2383 2928 2407 ,
2949 2342 3054 2406 ἕως
3077 2341 3142 2395 ἂν
3168 2345 3249 2406 εἰς
3274 2344 3545 2411 Αἴγυπτον
3564 2344 3693 2410 τοὺς

2108 2429 2235 2501 περὶ
2280 2429 2473 2483 Ἰακὼϐ
2524 2429 2738 2493 ἐλθεῖν,
2767 2430 2863 2501 ἐτη
2922 2439 3039 2484 σιε’.
3096 2431 3290 2485 Ἰακὼϐ
3326 2435 3383 2486 δὲ
3430 2436 3495 2488 ἐκ
3544 2434 3699 2507 Χαρ-

2109 2518 2208 2589 ρὰν
2270 2518 2402 2589 πρὸς
2458 2518 2644 2572 Δάϐαν
2697 2518 2871 2573 ἐλθεῖν
2897 2559 2910 2583 ,
2970 2520 3105 2574 ἐτῶν
3143 2520 3271 2575 ὄντα
3305 2529 3357 2575 π’
3412 2523 3560 2594 (58),
3596 2525 3693 2578 καὶ

2109 2610 2369 2680 γεννῆσαι
2402 2610 2566 2664 Λευῖν
2589 2628 2602 2641 ·
2664 2611 2827 2665 Λευῒν
2864 2612 2922 2665 δὲ
2954 2614 3011 2665 ἐν
3037 2612 3299 2685 Αἰγύπτῳ
3342 2615 3692 2683 ἐπιγενέσθαι

2108 2704 2202 2776 ἔτη
2226 2704 2311 2771 ιζ’,
2347 2700 2517 2775 ἀφ’οὗ
2538 2707 2601 2760 ἐκ
2626 2704 2848 2760 Χαναὰν
2881 2706 3041 2760 αὐτὸν
3075 2705 3247 2759 ἐλθεῖν
3287 2708 3366 2770 εἰς
3397 2708 3690 2774 Αἴγυπτον,

2109 2794 2250 2849 ὥστε
2283 2793 2424 2850 εἶναι
2456 2797 2618 2850 αὑτὸν
2649 2797 2787 2851 ἐτῶν
2817 2798 2882 2865 ξ’,
2929 2799 3024 2852 καὶ
3056 2797 3314 2868 γεννῆσαι
3345 2798 3497 2852 Κλάθ
3536 2798 3649 2869 (59)
3675 2817 3688 2832 ·

2108 2887 2258 2958 αὐτῷ
2287 2888 2343 2941 δὲ
2399 2887 2508 2941 ἔτει
2554 2881 2600 2955 ᾧ
2653 2889 2904 2957 γενέσθαι
2960 2888 3111 2943 Κλὰο
3168 2888 3313 2960 (60),
3368 2889 3695 2959 τελευτῆσαι

2121 2977 2317 3035 Ἰακὼϐ
2390 2979 2448 3032 ἐν
2526 2979 2826 3051 Αἰγύπτῳ,
2910 2980 3274 3051 εὐλογήσαντα
3319 2982 3447 3044 τοὺς
3494 2979 3694 3052 Ἰωσὴφ

2108 3071 2291 3134 υἱοὺς,
2348 3070 2478 3125 ὄντα
2510 3072 2646 3126 ἐτῶν
2703 3071 2827 3143 ρμζ⁹
2883 3072 3029 3145 (Gl),
3072 3072 3439 3126 καταλιπόντα
3497 3072 3694 3145 Ἰωσὴφ

2111 3161 2247 3215 ἐτῶν
2270 3168 2355 3228 νς¹
2372 3201 2387 3215 .
2406 3161 2569 3216 Δευῖν
2598 3164 2656 3217 δὲ
2693 3164 2983 3235 γενόμενον
3016 3163 3153 3218 ἐτῶν
3185 3163 3304 3235 ρλζ¹
3330 3164 3654 3234 τελευτῆσαι
3675 3179 3691 3195 ⁸

2109 3252 2259 3308 Κλὰθ
2285 3253 2339 3307 δέ
2371 3253 2499 3307 ὄντα
2544 3256 2680 3308 ἐτῶν
2707 3261 2758 3327 μ’
2793 3254 2929 3325 (δι’)
2978 3256 3232 3326 γεννῆσαι
3276 3255 3527 3326 Ἀϐραὰμ
3555 3255 3693 3325 (62),

2107 3344 2167 3398 ὃν
2233 3343 2371 3397 ἐτῶν
2431 3341 2570 3399 εἶναι
2632 3346 2705 3400 ιδ’
2736 3349 2759 3372 ⁸
2790 3348 2848 3399 ἐν
2909 3337 2953 3411 ᾧ
3012 3344 3331 3416 τελευτῆσαι
3395 3344 3590 3415 Ἰωσὴφ
3634 3346 3697 3397 ἐν

2109 3436 2372 3507 Αἰγύπτῳ
2424 3436 2553 3491 ὄντα
2607 3443 2687 3506 ρι’
2744 3436 2915 3489 ἐτῶνο
2958 3435 3109 3490 Κλὰθ
3149 3435 3207 3488 δὲ
3241 3436 3530 3505 γενόμενον
3564 3436 3695 3489 exa-

2108 3527 2199 3580 τὸν
2231 3527 2324 3596 λγ¹
2377 3524 2731 3598 τελευτῆσαι.
2801 3525 3053 3596 Ἀϐραὰμ
3094 3526 3279 3579 λαϐεῖν
3329 3528 3563 3594 γυναῖκα
3592 3525 3695 3597 τὴν

2109 3615 2204 3670 τοῦ
2267 3617 2410 3672 θείου
2475 3617 2752 3689 θυγατέρα
2818 3616 3111 3686 Ἰωχαϐἐτ,
3176 3616 3269 3670 καὶ
3319 3616 3449 3670 ὄντα
3513 3617 3695 3670 ἐνιαυ-

2109 3710 2220 3765 τῶν
2278 3718 2371 3775 οε’,
2433 3711 2690 3781 γεννῆσαι
2737 3705 2945 3779 ’Δαρὼν
3004 3708 3098 3761 καὶ
3155 3707 3382 3779 Μωσῆν.
3428 3707 3694 3775 Γεννῆσαι

2115 3858 2389 3913 Diluvium
2422 3860 2613 3914 incidit
2649 3861 2703 3914 in
2750 3875 2895 3915 anno
2929 3861 3115 3915 mundi
3153 3861 3312 3921 1655,
3350 3877 3514 3928 quam
3544 3878 3699 3917 sum-

2115 3944 2260 4002 mam
2291 3930 2337 3985 si
2376 3930 2683 3986 detraxeris
2712 3946 2777 3985 ex
2808 3930 2948 3985 2257
2971 3973 2986 3999 ,
3020 3941 3350 4002 supererunt
3380 3932 3518 3993 582;
3568 3949 3698 4002 pro-

2117 3999 2244 4071 inde
2276 4016 2454 4056 annus
2485 4002 2572 4055 ille
2602 4004 2867 4055 adventus
2903 4003 2956 4055 in
2996 4001 3314 4071 Egyptutn,
3346 4017 3411 4055 ex
3445 3999 3694 4071 ejusdem

2116 4070 2490 4138 chronologite
2524 4071 2828 4140 principiis,
2857 4072 2961 4125 erit
2993 4088 3171 4127 annus
3199 4089 3229 4126 a
3258 4073 3465 4126 diluvio
3492 4070 3620 4127 582.

2194 4141 2306 4212 (58)
2375 4141 2553 4212 Ἐτῶν
2601 4140 2747 4195 ὄντα
2793 4146 2871 4195 π’.
2930 4140 3199 4212 Circiter,
3257 4157 3366 4195 non
3425 4142 3692 4212 ἀκριϐῶς.

2117 4211 2484 4338 'fl‘umTenim,
2537 4221 2599 4267 ut
2647 4213 2809 4267 etiam
2858 4221 2984 4266 ante
3036 4211 3373 4278 Demetrius,
3423 4227 3694 4267 annorum

2145 4294 2223 4338 uit
2303 4298 2345 4335 ι.

2145 4286 2223 4339 uit
2259 4281 2345 4335 7'7.

2191 4352 2302 4425 (59)
2343 4349 2530 4425 Κλάρ.
2557 4349 2729 4425 Caatb
2762 4351 3079 4425 vocabatur,
3108 4367 3217 4407 non
3246 4350 3424 4425 Clatb.

2193 4418 2304 4493 (60)
2346 4421 2639 4475 Γενέσθαι
2679 4421 2864 4474 Κλάθ.
2912 4421 3023 4493 lino
3064 4437 3195 4475 sane
3228 4421 3414 4475 multis
3447 4427 3576 4493 ante
3605 4418 3697 4493 Jaf

2120 4490 2243 4549 cobi
2288 4490 2526 4546 mortem
2595 4492 2755 4546 annis
2788 4506 2802 4542 :
2835 4490 2981 4560 quod
3028 4503 3208 4545 tamen
3277 4500 3427 4545 certo
3479 4490 3694 4545 deﬁniri

581 4560 722 4627 deris
750 4574 959 4641 priores
992 4560 1093 4636 85',
1134 4572 1421 4626 bomadem
1459 4571 1604 4625 illaut
1660 4560 1885 4625 habebis
1919 4585 2018 4623 an-
2049 4560 2093 4615 D
2124 4566 2436 4641 vixapotcs‘t.

448 4660 647 4700 norum
671 4643 796 4698 215.

522 4713 636 4786 (55)
678 4711 852 4786 Ἀσὴρ
883 4710 1052 4786 ἑτῶκ,
1080 4719 1186 4766 etc.
1218 4709 1466 4786 Sequens
1482 4709 2020 4786 an_norum_istonum

449 4778 590 4841 ratio
618 4778 837 4853 longius
867 4799 897 4835 a
930 4778 1446 4853 veritate‘disc’edit.
1482 4779 1666 4853 Primo
1694 4780 1886 4853 enim_,_
1906 4778 2021 4853 Dan

450 4873 481 4912 a
516 4853 655 4909 Juda
688 4848 971 4924 proximus
998 4850 1120 4914 fuit,
1145 4848 2024 4924 Genes._xx_x,_5._Deinde_Neplt-

451 4917 711 4981 thalitnus
750 4922 962 4976 Danum
996 4924 1274 4992 sequitur,
1324 4919 1766 4992 Neplithalimutn
1800 4917 2022 4986 Gadus,

451 4997 663 5052 Gadum
691 4997 861 5057 Aser,
890 5007 1051 5062 quem
1074 4990 1167 5047 ltic
1197 5001 1325 5045 ante
1364 4990 1804 5062 Neplrthalimum
1838 5006 2025 5044 recen-

453 5076 569 5132 set,
617 5060 922 5132 eodemque
966 5073 1145 5117 tamen
1194 5062 1466 5132 juniorem
1503 5060 1651 5116 facit.
1680 5060 1903 5132 gset'em
1941 5075 2031 5114 se-

453 5129 959 5206 quiturilssacl'tar,
993 5129 1330 5206 lssacharem
1369 5131 1648 5206 Zabul_on,_
1690 5129 2026 5206 labulonem

459 5200 615 5268 Dina,
648 5205 839 5259 Dinatn
869 5203 1158 5273 Josepbus,
1188 5200 1487 5273 Josephum
1520 5201 1895 5272 Benjaminus.

529 5276 643 5345 (56)
696 5276 793 5329 Ἐν
815 5274 1090 5345 Αἰγύπτῳ
1119 5273 1223 5345 ἕτῃ
1254 5276 1364 5327 λθ’.
1404 5273 1981 5345 Ιιηοίηριιυεὶιιιυᾼιτρε
2009 5289 2022 5325 :

458 5339 725 5416 siquidem
756 5339 1010 5416 anno,“
1057 5345 1111 5398 in
1159 5343 1452 5416 Egyptum
1496 5339 1798 5405 abductus,
1828 5339 2024 5416 Qenes.

460 5410 682 5479 xx'xvu,
725 5416 782 5473 2.
814 5415 1014 5471 ibidem
1066 5430 1211 5469 anno
1238 5410 1345 5467 no
1390 5424 1637 5468 mortuus
1670 5421 1784 5477 est,
1830 5410 2024 5466 Genes.

460 5503 527 5551 ι,
556 5487 647 5541 22.

535 5557 647 5626 (57)
698 5556 830 5609 Ἀπὸ
867 5556 973 5608 τοῦ
1015 5554 1188 5623 Ἀδάμ
1212 5595 1226 5619 ,
1279 5562 1384 5626 etc.
1417 5552 1643 5614 Creato,
1680 5551 2031 5626 animortuo?

465 5623 827 5695 undecunque
882 5641 1161 5688 numeres,
1194 5636 1302 5679 tam
1335 5624 1576 5695 incertus
1594 5632 1685 5695 est
1719 5623 1807 5695 ltic
1823 5638 2029 5695 nume:

464 5713 590 5762 rus,
637 5691 799 5766 quam
842 5711 1017 5750 annus
1042 5695 1191 5750 orbis
1228 5695 1452 5766 conditi.
1487 5692 1545 5747 In
1590 5691 1771 5747 Patris
1816 5692 2027 5766 _Peta_vii

464 5761 851 5834 Chronologia,
884 5766 971 5819 cui
1016 5766 1312 5836 plurimum
1349 5763 1527 5836 tribuo
1554 5804 1569 5829 ,
1605 5778 1783 5817 annus
1815 5761 2029 5836 illeda-

462 5838 586 5895 cobi
615 5838 670 5892 in
702 5832 991 5907 A‘ngptum
1016 5832 1248 5888 καθόδου
1270 5874 1284 5900 ,
1316 5832 1505 5889 mundi
1548 5848 1726 5888 annus
1753 5843 1837 5889 est
1864 5833 2026 5890 2237.

2194 4632 2308 4700 (6i)
2357 4630 2534 4685 Ὲτῶν
2557 4630 2703 4701 ptui".
2738 4632 2814 4685 lta
2844 4629 3256 4701 Qeues._;u.vu,
3288 4629 3376 4683 27.

2195 4698 2328 4775 (δι’)
2366 4703 2534 4756 Κλὰθ
2560 4698 2719 4775 ’ἔκτα
2761 4700 2911 4753 ἐτῶν
2943 4699 3231 4775 ,u'._Err_or
3262 4716 3326 4754 ex
3363 4698 3529 4769 priori
3565 4715 3698 4755 cnn-

2123 4768 2378 4843 sequens,
2408 4788 2526 4842 quo
2553 4772 2741 4825 eodem
2764 4787 2918 4843 anno
2944 4780 2994 4823 et
3026 4768 3289 4843 Jacobunt
3323 4768 3621 4835 mortuum,
3645 4779 3700 4825 rt

2123 4840 2392 4899 Canthum
2423 4840 2478 4897 in
2508 4843 2681 4896 lucem
2714 4841 2920 4894 editum
2956 4842 3155 4909 posuit.
3191 4840 3357 4893 Error
3379 4850 3559 4894 autem
3591 4849 3696 4904 est,

2125 4930 2250 4969 cum
2285 4914 2408 4966 inde
2440 4923 2700 4979 sequatur
2734 4922 2920 4964 natum
2948 4926 3070 4982 esse
3102 4911 3371 4964 Canthum
3427 4911 3481 4982 in
3530 4909 3700 4982 [Egy-

2127 4997 2239 5053 pto,
2274 4999 2397 5037 cum
2433 4993 2619 5053 tamen
2649 4982 2818 5035 frater
2844 4982 2962 5049 ejus
3003 4980 3375 5053 Met-aritnatu
3410 4980 3694 5053 minimus,

2127 5050 2252 5108 ante
2281 5054 2432 5107 illum
2471 5054 2524 5106 in
2554 5050 2791 5121 Egypto
2818 5063 2976 5105 natus
2998 5050 3182 5111 fuerit,
3207 5051 3404 5106 Genes.
3433 5066 3577 5114 xui,
3610 5052 3693 5105 lt.

2126 5123 2296 5177 Multo
2329 5138 2458 5193 ergo
2490 5122 2674 5177 senior
2720 5123 2958 5193 Canthus
3002 5131 3153 5193 erat,
3186 5137 3309 5193 cum
3343 5121 3699 5193 Atnraamum

2128 5196 2335 5263 genuit.
2372 5190 2563 5245 A'nnus
2603 5201 2785 5245 tamen
2816 5192 2902 5244 ille
2930 5191 3070 5263 haud
3096 5191 3319 5254 certius,
3352 5206 3517 5261 quam
3551 5190 3700 5259 ejus-

2128 5262 2251 5318 dem
2277 5263 2468 5317 Caatlti
2505 5272 2659 5331 ortus
2682 5262 2965 5331 designari
2997 5270 3194 5329 potest.

2199 5334 2314 5399 (62)
2366 5330 2630 5400 Ἀϐραάμ.
2679 5328 2940 5387 Hebraice
2965 5328 3158 5394 D‘noy.
3217 5330 3525 5384 Demetrius
3576 5328 3702 5386 fecit

2143 5403 2413 5476 Ἀϐραάμ,
2442 5404 2657 5476 sublato
2686 5420 2745 5476 μ,
2778 5412 2834 5455 et
2871 5403 3147 5476 inserto;
3173 5402 3322 5476 :Anisi
3360 5411 3537 5476 tamen
3567 5400 3701 5476 seri:

2131 5468 2313 5544 pserat
2356 5468 2644 5544 Ἂμραάμ.
2684 5468 3035 5544 Septuaginta
3088 5469 3377 5544 Ἀμϐρὰμ,
3434 5468 3703 5544 inserto6

2131 5542 2201 5598 ob
2236 5542 2566 5612 eupltotuant
2604 5562 2617 5596 :
2649 5544 2889 5612 vulgaris
2919 5542 3062 5594 enim
3113 5543 3200 5612 btc
3229 5557 3383 5594 error
3416 5551 3531 5607 est,
3558 5542 3703 5609 quod

2131 5614 2185 5668 in
2234 5610 2588 5682 manuscript.
2622 5610 2905 5668 codicibus
2944 5628 2983 5680 μ
3016 5621 3070 5667 et
3105 5610 3138 5662 6
3175 5612 3363 5664 eodem
3399 5613 3509 5663 fere
3543 5613 3703 5663 modo

2130 5685 2501 5755 piugerentur.
2542 5686 2630 5738 Sic
2680 5683 2821 5739 infra
2863 5683 3192 5753 Μωαμῖται,
3239 5698 3337 5750 pro
3380 5682 3701 5746 Μωαϐῖται,

2132 5756 2391 5825 scriptum
2422 5762 2525 5809 est.
