4194 6416
525 313 628 371 πε

523 477 710 546 Λεῖψε
736 477 789 530 δ’
819 478 905 532 ἐτι
923 479 1325 549 σπαίρουσαν,
1356 482 1486 536 ἐπεὶ
1525 483 1713 550 πόνος
1740 483 1931 548 ἄλλος
1960 481 2102 550 ὀρώ-

531 617 946 709 Au‘al
973 621 1156 709 Αευῒν
1174 622 1360 709 λέρνος
1389 622 1648 709 ἄσχετος
1689 553 2107 709 ἓλαϐεὲξρίῗίιέης

537 687 892 762 innumeer
919 692 1151 762 γούνων
1177 687 1406 762 Συχὲμ,
1441 687 1675 748 (irrueret
1695 687 2102 762 μαργήᾶίαντὰ.

531 760 753 833 ᾜλαονε
779 758 846 810 δὲ
867 761 1088 833 “mea
1109 758 1312 833 μέσηῦ
1327 758 1354 792 ’⁷
1370 763 1444 816 δῦ
1473 764 1542 816 δὲ
1568 758 1745 833 ξίφος
1769 758 1878 826 (ﬁlii)

525 826 857 898 Σπλὰγχνα
903 830 1002 884 διὰ
1053 826 1321 900 στέρνων
1345 871 1360 898 ,
1404 835 1544 888 λίπε
1584 826 1659 888 ei
1705 826 2108 976 ψυῗςὴὊδρμας

1832 922 1902 958 ευ
1943 925 2032 972 υς.

526 1039 871 1112 Πυθομένους
895 1041 950 1093 δὲ
993 1044 1088 1096 καὶ
1116 1043 1242 1107 τοὺς
1281 1043 1502 1117 ἑτέρους
1543 1043 1805 1114 ἀδελφοὺς
1836 1046 1934 1116 τὴν
1969 1049 2108 1117 πρᾶ-

529 1131 609 1196 ξιν
641 1131 840 1195 αὐτῶν,
869 1133 1248 1204 ἐπιϐοηθῆσαι,
1297 1138 1391 1191 καὶ
1428 1137 1526 1208 τὴν
1565 1137 1719 1191 πόλιν
1748 1136 2104 1209 ὲκπορθῆσαι,

528 1226 622 1279 καὶ
651 1223 749 1295 τὴν
795 1225 1028 1297 ἀδελφὴν
1061 1227 1565 1300 ἀναρῤυσαμένους,
1599 1229 1736 1300 μετὰ
1769 1231 1877 1283 τῶν
1908 1231 2106 1300 αἰχμα-

528 1316 712 1370 λώτων
735 1318 817 1379 εἰς
847 1317 947 1389 τὴν
977 1317 1234 1390 πατρῴαν
1260 1319 1484 1374 ἔπαυλιν
1519 1319 1853 1391 διακομίσαι.

1034 1433 1430 1488 ΚΕΦΑΛΑΙΟΝ
1470 1435 1594 1488 Kl".

838 1547 1223 1614 Ἀρταπάνου,
1255 1549 1390 1618 περὶ
1423 1549 1529 1604 τοῦ
1569 1549 1798 1619 Ἰωσήφ.

599 1658 821 1723 Τούτοις
874 1659 968 1712 καὶ
1016 1659 1084 1712 τὰ
1132 1661 1258 1733 ἑξῆς
1315 1664 1445 1736 περὶ
1506 1663 1602 1717 τοῦ
1647 1663 1846 1734 Ἰωσὴφ
1897 1665 1963 1718 ὲκ
2009 1667 2106 1736 τῆς

1661 315 1986 375 ΡΒᾸΞΡΑΗ.
2029 317 2281 375 ΕΥΑΝΟ.
2324 317 2450 374 LIB.
2494 317 2581 372 IX.

3687 323 3792 381 720

2134 443 2180 498 Α
2280 438 2541 509 Cervicem
2559 453 2578 501 ;
2609 437 2790 502 donec,
2823 439 2962 508 quod
2985 455 3169 509 pugna
3189 439 3422 493 atrocior
3451 441 3628 507 instet,

2277 508 2507 578 Linquat
2536 509 2682 562 humi
2711 508 3108 578 singultantem.
3145 510 3214 562 At
3243 511 3518 564 violentior
3546 513 3696 566 ardet

2277 577 2529 642 Levinus,
2562 577 2866 648 frustraque
2886 577 3010 633 'solo
3040 580 3356 650 pedibusque
3391 581 3646 648 volutum,

2278 652 2481 704 Ausum
2547 651 2774 704 immane
2838 651 2985 719 nefas
3050 648 3396 720 Sychemum,
3449 651 3788 721 pendentibus

2283 789 2552 856 Crinibus,
2585 791 2806 844 invadit.
2840 790 3096 859 Jugulum
3130 790 3339 845 delatus
3369 793 3422 845 in
3452 721 3738 859 nisi“:

2280 859 2409 932 illam
2441 873 2550 914 toto
2576 862 2788 930 gladius
2815 862 2954 915 subit
2987 863 3042 915 in
3069 861 3367 932 prtecordia
3393 862 3559 931 ferro,

2275 929 2641 1001 Exturbatque
2669 933 2922 985 animam.

2208 1042 2561 1099 Postmodum
2593 1059 2723 1099 vero
2754 1043 2952 1102 fratres
2977 1054 3224 1114 caeteros,
3256 1047 3349 1102 ubi
3381 1062 3495 1104 rem
3525 1047 3790 1106 inaudiis-

2209 1144 2350 1200 sent,
2377 1135 2683 1206 conjunctis
2711 1137 2920 1192 viribus
2951 1138 3224 1195 civitatem
3251 1139 3563 1209 diripuisse,
3598 1157 3664 1196 ac
3696 1156 3790 1196 so-

2210 1241 2387 1281 rorem
2418 1242 2542 1282 cum
2572 1227 2687 1296 ipsa
2713 1228 3050 1296 captivorum
3084 1245 3251 1284 manu
3285 1241 3565 1301 paternam
3598 1232 3655 1288 in
3686 1233 3791 1288 vil-

2207 1315 2315 1370 lam
2362 1317 2724 1373 transtulisse.
2781 1315 2908 1372 llaec
2957 1316 3284 1386 Polyhistor.

2772 1428 3002 1486 CAPUT
3033 1429 3226 1485 XXIII.

2631 1543 2708 1598 De
2725 1543 2972 1614 Joseplto,
2987 1559 3051 1599 ea:
3075 1547 3369 1614 Artapano.

2279 1657 2491 1726 Quibus
2539 1657 2796 1729 deinceps
2825 1657 3047 1730 Iosephi
3088 1675 3270 1716 rerum
3310 1661 3791 1716 commemoratio-

529 1751 698 1821 αὐτῆς
723 1752 814 1805 τοῦ
832 1751 1187 1825 Πολυΐστορος
1220 1759 1436 1827 γραφῆς
1465 1755 1847 1828 ὲπισυνῆφθαι.
1870 1777 1888 1810 ι
1912 1758 2105 1828 Ἀρτά-

2211 1765 2330 1805 nem
2359 1751 2626 1820 adiungit,
2664 1751 2810 1806 hunc
2840 1751 2896 1805 in
2922 1751 3169 1806 modum:
3199 1770 3219 1803 ι
3242 1753 3548 1821 Artapanus
3610 1760 3791 1807 autem

529 1860 698 1908 πανος
727 1843 784 1897 δέ
823 1861 986 1916 φησιν
1031 1846 1088 1898 ὲν
1117 1846 1195 1918 τῷ
1218 1843 1354 1910 Περὶ
1385 1843 1688 1904 Ἰουδαίαν
1715 1847 1810 1902 τοῦ
1863 1848 2110 1920 Ἀϐραὰμ

527 1934 796 2003 ἀπόγονον
839 1935 1114 2004 γενέσθαι,
1161 1937 1275 1991 υἱὸν
1323 1938 1381 1991 δὲ
1456 1939 1735 1992 Ἰακώϐου·
1794 1941 2004 1994 συνέσει
2051 1940 2110 1993 δὲ

530 2028 624 2080 καὶ
657 2029 916 2099 φρονήσει
965 2030 1117 2101 παρὰ
1165 2031 1293 2094 τοὺς
1349 2031 1540 2094 ἄλλους
1588 2033 1962 2102 διενεγκόντα,
2005 2033 2110 2088 ὑπὸ

530 2115 774 2185 ἀδελφῶν
807 2119 1288 2192 ἐπιϐουλευθῆναι·
1333 2123 1715 2194 προειδόμενον
1747 2125 1804 2178 δὲ
1850 2123 1948 2195 τὴν
1987 2127 2108 2178 ἐπι-

531 2206 822 2274 σύστασιν,
868 2209 1125 2283 δεηθῆναι
1154 2215 1260 2268 τῶν
1303 2215 1700 2284 ἀστυγειτόνων
1750 2216 1994 2288 Ἀράϐων
2031 2217 2112 2281 εἰς

527 2301 628 2371 τὴν
656 2295 931 2370 Αἴγυπτον
954 2305 1117 2358 αὐτὸν
1147 2306 1481 2376 διακομίσαι.
1506 2309 1644 2371 Τοὺς
1669 2308 1726 2362 δὲ
1753 2308 1814 2361 τὸ
1843 2311 2107 2379 ἐντυγχα-

529 2391 753 2461 νόμενον
785 2397 1028 2465 ποιῆσαι.
1067 2391 1223 2450 Εἶναι
1269 2397 1379 2469 γὰρ
1405 2399 1551 2469 τοὺς,
1579 2398 1689 2452 τῶν
1727 2399 1972 2471 Ἀράϐων
2015 2402 2111 2471 βα-

531 2481 695 2547 σιλεῖς
725 2483 1026 2554 ἀπογόνους
1063 2488 1297 2561 Ἰσραὴλ,
1323 2490 1470 2554 υἱοὺς
1497 2491 1590 2543 τοῦ
1627 2491 1895 2563 Ἀϐραὰμ,
1928 2493 2113 2548 Ἰσαὰκ

528 2570 584 2624 δὲ
608 2572 887 2643 ἀδελφούς.
921 2575 1171 2631 Ἐλθόντα
1198 2579 1254 2632 δὲ
1285 2581 1450 2634 αὑτὸν
1485 2583 1565 2645 εἰς
1585 2582 1684 2655 τὴν
1698 2583 1991 2652 Αἴγυπτον,
2019 2583 2114 2638 καὶ

531 2664 867 2720 συσταθέντα
893 2666 972 2738 τῷ
1002 2668 1232 2738 βασιλεῖ,
1266 2671 1548 2744 διοικητὴν
1574 2675 1672 2745 τῆς
1701 2673 1829 2746 ὅλης
1860 2674 2114 2742 γενέσθαι

530 2753 730 2827 χώρας.
769 2759 881 2812 Καὶ
909 2759 1173 2831 πρότερον
1207 2763 1460 2827 ἀτάκτως
1497 2765 1604 2818 τῶν
1625 2765 1939 2834 Αἰγυπτίων
1971 2785 2113 2837 γεω-

532 2849 864 2919 μορούντων,
889 2850 976 2905 διὰ
996 2852 1056 2905 τὸ
1075 2853 1172 2924 τὴν
1191 2854 1373 2926 χώραν
1393 2856 1697 2929 ἀδιαίρετον
1714 2855 1874 2923 εἶναι,
1892 2859 1986 2912 καὶ¹
2005 2859 2117 2913 τῶν
2155 2849 2164 2857 ’

529 2939 835 2994 ἐλασσόνων
865 2943 970 2994 ὑπὸ
992 2942 1101 2995 τῶν
1134 2946 1471 3014 κρεισσόνων
1491 2948 1862 3021 ἀδικουμένων
1881 2967 1894 2980 °
1926 2950 2116 3004 τοῦτον

531 3032 747 3101 πρῶτον
763 3035 863 3103 τήν
887 3052 947 3087 τε
972 3037 1074 3106 γῆν
1115 3035 1329 3099 διελεῖν,
1358 3039 1450 3092 καὶ
1481 3040 1628 3110 ὅροις
1655 3039 2111 3112 διασημήνασθαι,

2212 1841 2269 1895 in
2300 1856 2400 1896 suo
2433 1842 2501 1896 de
2529 1840 2731 1897 ludatis
2760 1840 3486 1913 commentario,Josephum
3513 1843 3588 1898 ait
3617 1842 3792 1898 Abra-

2210 1933 2359 1988 hami
2385 1942 2633 2003 nepotem
2657 1974 2672 2000 ,
2707 1932 2896 1989 Jacobi
2931 1934 3102 1989 ﬁlium
3125 1975 3140 2002 ,
3191 1949 3317 1989 cum
3351 1935 3577 2005 reliquis
3607 1934 3792 1990 fratri-

2210 2023 2314 2080 bus
2344 2025 2587 2095 ingenio,
2615 2025 2988 2095 sapientiaque
3013 2033 3317 2096 praestaret,
3356 2040 3547 2081 eorum
3579 2027 3794 2084 insidiis

2209 2117 2506 2188 appetitum
2538 2132 2659 2173 esse
2674 2135 2689 2184 ;
2707 2133 2941 2187 quorum
2960 2119 3076 2188 ipse
3091 2118 3469 2189 conjuratione
3484 2129 3789 2190 prospecta,

2207 2211 2418 2266 vicinos
2440 2211 2668 2276 Arabas,
2687 2211 2765 2266 uti
2789 2228 2847 2267 se
2871 2212 2924 2267 in
2950 2211 3240 2283 Egyptum
3262 2211 3793 2280 abducerent,obse-

2210 2303 2398 2369 orarit,
2418 2304 2649 2374 ejusque
2679 2304 2934 2374 precibus
2951 2304 3072 2359 illos
3093 2305 3370 2359 annuisse.
3386 2303 3628 2359 Arabum
3644 2305 3791 2360 enim

2210 2413 2366 2468 reges
2388 2397 2605 2452 Israelis
2630 2403 2876 2469 nepotes,
2904 2397 3198 2452 Abrahami
3225 2397 3387 2465 ﬁlios,
3407 2405 3460 2452 et
3480 2395 3650 2454 Isaaci
3679 2396 3796 2454 ἰηι-

2212 2496 2327 2543 tres
2349 2502 2491 2543 esse.
2542 2485 2684 2559 Ergo
2715 2487 3033 2558 Josephum,
3063 2489 3227 2559 paulo
3255 2497 3380 2558 post
3423 2504 3588 2559 quam
3623 2488 3795 2562 Egy-

2213 2586 2364 2648 ptum
2400 2577 2688 2648 attigisset,
2724 2594 2792 2634 eo
2822 2578 2965 2650 regis
2995 2579 3176 2634 studio
3205 2593 3270 2633 ac
3298 2578 3671 2633 benevolentia
3701 2593 3794 2633 ex-

2213 2678 2429 2739 ceptum
2458 2685 2580 2725 esse
2599 2709 2614 2735 ,
2671 2679 2733 2724 ut
2773 2670 3060 2740 praefectus
3090 2672 3159 2725 ab
3187 2684 3252 2724 eo
3279 2669 3447 2725 totius
3477 2670 3629 2739 regni
3657 2683 3795 2724 con-

2215 2761 2438 2816 stitutus
2466 2759 2647 2816 fuerit.
2688 2759 2950 2815 Eumdem
2977 2775 3126 2824 vero,
3161 2776 3284 2815 cum
3313 2757 3554 2829 Egyptii
3590 2768 3794 2814 terram

2215 2863 2441 2908 eatenus
2487 2869 2683 2923 magna
2723 2853 3128 2922 perturbatione
3155 2853 3485 2919 coluissent,
3521 2852 3666 2922 quod
3694 2866 3795 2907 ne-

2215 2959 2322 3014 que
2350 2943 2528 2998 divisa
2575 2943 2725 3013 regio
2751 2953 2917 3008 esset,
2968 2958 3032 2998 ac
3065 2944 3328 2998 tenuioris
3353 2942 3588 2997 fortunae
3612 2942 3794 2998 homi-

2216 3048 2314 3088 nes
2343 3033 2792 3103 a.potentioribus
2820 3032 3062 3102 iniquius
3091 3033 3448 3088 haberentur:
3480 3047 3640 3102 agros
3669 3044 3796 3089 ante

532 3124 626 3176 καὶ
653 3123 749 3195 τὴν
774 3125 974 3196 πολλὴν
1000 3129 1403 3200 χερσευομένην
1435 3133 1818 3204 γεωργήσιμον
1850 3132 2112 3186 ἀποτελέ-

2216 3124 2401 3180 omnia
2429 3125 2717 3191 divisisse,
2755 3126 2921 3179 certis
2967 3126 3171 3194 passim
3201 3124 3401 3178 ﬁnibus
3435 3125 3796 3195 terminisque

533 3229 645 3278 σαι,
676 3215 768 3268 καί
796 3233 949 3280 τινας
973 3215 1082 3270 τῶν
1105 3217 1353 3290 ἀρουρῶν
1372 3222 1482 3284 τοῖς
1513 3213 1756 3291 ’ἱερεῦσιν
1789 3220 2114 3294 ἀποκληρῶ-

533 3321 646 3358 σαι.
678 3306 879 3360 Τοῦτον
902 3307 960 3360 δὲ
982 3310 1076 3362 καὶ
1111 3310 1287 3380 μέτρα
1313 3313 1515 3382 εὑρεῖν,
1554 3313 1648 3366 καὶ
1675 3312 1925 3384 μεγάλως
1951 3314 2114 3367 αὐτὸν

537 3396 644 3449 ὑπὸ
676 3398 786 3451 τῶν
837 3400 1148 3468 Αἰγυπτίων
1187 3403 1275 3456 διὰ
1314 3403 1488 3457 ταῦτα
1515 3405 1886 3478 ἀγαπηθῆναι.
1931 3408 2113 3479 Γῆμαι

531 3488 576 3542 δ’
600 3489 760 3544 αὐτὸν
775 3490 1180 3549 Ἦλιουπολίτου
1205 3496 1395 3568 ἱερέως
1422 3499 1636 3552 Ἀσενὲθ
1658 3501 2026 3572 θυγατέρα.ὲξ
2045 3495 2113 3574 ἧς

532 3581 792 3652 γεννῆσαι
828 3587 1042 3649 παῖδας.
1079 3587 1237 3641 Μετὰ
1262 3588 1318 3641 δὲ
1343 3590 1517 3644 ταῦτα
1545 3593 1950 3662 παραγενέσθαι
1979 3595 2114 3665 πρὸς

533 3673 696 3727 αὐτὸν
726 3675 818 3728 τόν
851 3693 911 3730 τε
946 3679 1158 3750 πατέρα
1195 3681 1288 3734 καὶ
1321 3682 1448 3746 τοὺς
1495 3683 1754 3752 ἀδελφοὺς
1793 3683 2116 3754 κομίζοντας

533 3765 736 3839 πολλὴν
789 3767 1063 3842 ὓπαρξιν,
1119 3771 1216 3824 καὶ
1265 3775 1674 3846 κατοικισθῆναι
1726 3777 1785 3829 έν
1839 3778 1905 3846 τῇ
1961 3775 2116 3829 πόλει

535 3859 768 3926 Καισὰν,
801 3863 896 3915 καὶ
923 3865 1049 3927 τοὺς
1079 3863 1283 3936 Σύρους
1313 3867 1603 3921 πλεονάσαι
1643 3869 1701 3921 ἐν
1732 3870 1796 3939 τῇ
1831 3867 2111 3940 Αἰγύπτῳ.

536 3949 771 4018 Τούτους
793 3952 851 4006 δέ
870 3971 942 4025 φη
952 3971 1004 4007 σι
1023 3956 1117 4008 καὶ
1142 3957 1203 4010 τὸ
1224 3959 1282 4011 ἐν
1309 3957 1478 4023 Ἀθὼς
1497 3959 1669 4013 καὶτὸ
1696 3959 1753 4012 ἐν
1779 3959 2115 4012 Ἡλιουπόλει

538 4043 683 4115 ἱερὸν
727 4045 1134 4099 κατασκευάσαι
1184 4048 1308 4110 τοὺς
1353 4048 1608 4120 Ἑρμιοὺθ
1661 4048 2112 4120 ὀνομαζομένους.

535 4133 691 4187 Μετὰ
709 4135 765 4188 δὲ
787 4134 959 4190 ταῦτα
987 4135 1305 4208 τελευτῆσαι
1326 4138 1416 4191 τὸν
1433 4139 1650 4210 Ἰωσὴφ,
1672 4141 1766 4192 καὶ
1786 4141 1877 4192 τὸν
1894 4139 2116 4210 βασιλέα

532 4223 644 4279 τῶν
658 4227 997 4295 Ἀιγυπτίων.
1025 4230 1127 4282 Τὸν
1147 4225 1240 4281 οὖν
1273 4231 1469 4301 Ἰωσὴφ
1501 4230 1804 4300 κρατοῦντα
1831 4231 1928 4303 τῆς
1947 4232 2114 4302 Αίγύέ-

535 4331 692 4380 πτου,
710 4317 800 4372 τὸν
828 4319 968 4373 ἑτῶν
986 4321 1124 4374 ἑπτὰ
1155 4326 1320 4388 σῖτον,
1340 4321 1629 4392 γενόμενον
1654 4322 1795 4375 κατὰ
1814 4323 1912 4394 τὴν
1943 4325 2112 4394 φορὰν

533 4404 787 4473 ἄπλετον,
826 4409 1201 4481 παραθέσθαι,
1246 4411 1468 4480 καὶτῆς
1510 4409 1789 4478 Αἰγύπτου
1843 4408 2112 4480 δεσπότην

532 4498 801 4564 γενέσθαι.
825 4519 846 4553 δ

2216 3217 2553 3288 descriptos,
2592 3218 2838 3288 adeoque
2873 3232 3128 3286 magnam
3170 3215 3270 3271 soli
3299 3227 3509 3286 partem
3532 3217 3800 3272 incultam

2215 3311 2368 3380 prius
2423 3319 2587 3380 atque
2648 3309 3067 3374 silvescentem,
3142 3309 3369 3365 cultura:
3429 3316 3802 3380 opportunam

2216 3400 2672 3472 commodamque
2720 3401 3055 3462 reddidisse,
3119 3416 3360 3472 suosque
3418 3401 3797 3458 sacerdotibus

2217 3508 2380 3565 agros
2404 3493 2708 3565 singulares
2741 3507 2806 3547 ac
2829 3491 3076 3562 proprios
3107 3493 3439 3563 assignasse.
3510 3491 3797 3549 Mensuras

2216 3596 2477 3658 praeterea
2506 3586 2812 3650 invenisse,
2845 3585 3046 3654 quibus
3077 3584 3166 3640 ille
3199 3585 3390 3641 oﬂiciis
3416 3585 3797 3657 Egyptiorum

2217 3679 2322 3734 sibi
2373 3679 2704 3733 voluntatem
2765 3677 3028 3747 majorem
3083 3678 3137 3731 in
3193 3677 3414 3731 modum
3468 3677 3792 3733 devinxerit.

2215 3771 2503 3836 Caeterum,
2521 3769 2847 3834 Asenetlten,
2875 3767 3254 3839 Heliopolitani
3281 3768 3578 3825 sacerdotis
3605 3767 3798 3836 filiam,

2217 3877 2444 3916 uxorem
2469 3860 2714 3925 duxisse,
2753 3876 2816 3915 ac
2839 3861 3038 3916 liberos
3059 3875 3126 3916 ex
3151 3877 3212 3916 ea
3238 3861 3566 3932 suscepisse.
3601 3860 3796 3917 Postea

2215 3969 2366 4018 vero,
2394 3951 2558 4025 430
2585 3962 2792 4022 patrem
2815 3962 3154 4021 cunctosque
3191 3951 3388 4008 fratres
3407 3994 3422 4020 ,
3459 3953 3646 4008 multis
3670 3968 3795 4007 cum

2217 4049 2409 4117 opibus
2425 4061 2488 4102 ac
2503 4045 2852 4101 facultatibus
2873 4045 2940 4100 ad
2955 4061 3080 4100 eum
3099 4045 3568 4114 venisse,ﬁxisqne
3589 4045 3642 4099 in
3665 4045 3798 4100 urbe

2216 4135 2443 4193 Ca'zsana
2466 4137 2778 4202 domiciliis,
2812 4136 3076 4207 Syrorum
3108 4138 3162 4190 in
3189 4135 3424 4208 Egypto
3455 4145 3670 4192 auctam
3700 4139 3797 4192 ad-

2216 4230 2439 4284 modum
2464 4244 2528 4283 ac
2552 4237 2902 4299 propagatam
2932 4229 3173 4284 sobolem
3210 4229 3398 4285 fuisse.
3455 4229 3685 4285 Eosdem
3711 4230 3796 4284 in-

2216 4336 2380 4390 super
2405 4329 2520 4374 tum
2548 4321 2694 4391 quod
2725 4322 2865 4389 apud
2903 4321 3106 4386 Athon,
3133 4329 3246 4375 tum
3272 4322 3416 4391 quod
3447 4323 3587 4392 apud
3614 4319 3797 4378 Helio-

2214 4410 2379 4479 polim
2406 4418 2509 4474 est,
2551 4410 2810 4480 templum
2862 4410 3192 4475 condidisse,
3231 4409 3600 4466 Hermiutbios
3630 4413 3795 4483 vulgo

2140 4497 2186 4553 D
2212 4500 2544 4555 nominatos.
2596 4498 2880 4565 Postremo
2900 4539 2914 4564 ,
2947 4499 3243 4571 Josephum
3263 4544 3276 4567 ,
3304 4501 3795 4576 Egyptiorumque

529 4608 712 4665 regem
741 4595 964 4653 obiisse.
1003 4595 1083 4652 Ac
1127 4595 1424 4666 Josephum
1450 4595 1669 4666 quidem
1692 4636 1709 4663 ,
1762 4610 1886 4650 cum
1919 4594 2153 4667 ABgypto
2189 4602 2470 4664 praeesset,
2509 4594 2832 4649 immensam
2854 4594 3112 4651 frumenti
3143 4597 3410 4667 vim,quaa
3437 4605 3552 4653 toto
3579 4609 3796 4670 septen-

530 4689 624 4742 nio
667 4698 1020 4758 provenerat,
1065 4690 1119 4744 in
1169 4691 1406 4746 medium
1450 4691 1783 4754 contulisse,
1832 4704 1898 4744 ac
1941 4699 2107 4746 totius
2147 4688 2365 4761 Egypti
2391 4688 2674 4745 dominum
2702 4688 2897 4745 fuisse.
2923 4700 2944 4737 ι

1059 4786 1450 4839 ΚΕΦΑΛΑΙΟΝ
1489 4786 1612 4839 KA'.

915 4899 1200 4966 Φίλωνος,
1233 4900 1365 4969 περὶ
1395 4901 1502 4955 τοῦ
1534 4901 1744 4956 αὐτοῦ.

597 5015 883 5087 Μαρτυρεῖ
936 5016 994 5069 δὲ
1037 5019 1158 5080 ταῖς
1205 5018 1377 5089 ἱεραῖς
1401 5017 1604 5088 βίϐλοις
1633 5018 1727 5071 καὶ
1745 5017 1919 5072 Φίλων
1948 5018 2006 5070 ὲν
2039 5019 2104 5086 τῇ

532 5107 594 5160 ιδ’
623 5107 730 5188 τῷν
757 5109 887 5180 περὶ⁹
919 5109 1287 5180 Ἰεροσόλυμα,
1312 5110 1486 5180 λέγων
1508 5109 1681 5174 οὕτως
1701 5127 1716 5141 ·

534 5287 733 5341 Τοῖσιν
760 5285 898 5354 ἕδος
920 5287 1292 5357 μακαριστὸν
1325 5289 1475 5358 ὅλης
1513 5288 1625 5359 (68)
1647 5290 1836 5361 μέγας
1865 5291 2108 5361 ἔκτισεν

530 5427 838 5500 ’ξΥψι-στος,
871 5429 967 5500 καὶ
992 5431 1256 5497 πρόσθεν
1284 5430 1384 5499 ἀφ’
1425 5431 1482 5484 Ἀ
1493 5430 1772 5500 ϐραάμοιο

541 5496 738 5552 Ἰακὼό
759 5496 1060 5553 εὐτέκνοιο
1090 5503 1263 5564 τόκος
1298 5496 1532 5569 ’Ῐωσὴφξ
1567 5496 1650 5567 ὅς’
1664 5503 1910 5569 ὀνείρων

528 5568 895 5641 Θεσπιο-τὴς,
931 5572 1317 5641 σκηπτοῦχος
1347 5571 1417 5624 ἐν
1455 5568 2097 5641 Αἱγύπτοιοίθρόνοισι,

523 5640 816 5706 Δινεύσας
842 5640 1093 5708 λαθραῖα
1122 5643 1342 5710 χρόνου
1370 5640 1739 5711 πλημμυρίδι
1760 5642 1992 5710 poian

527 5730 635 5793 Καὶ
661 5730 729 5784 τὰ
745 5731 888 5802 ἑξῆς.
921 5732 1104 5786 Ταῦτα
1133 5733 1226 5786 καὶ
1250 5733 1375 5802 περὶ
1401 5732 1495 5786 τοῦ
1531 5735 1746 5805 Ἰωσήφ.

2778 4781 3008 4839 CAPUT
3035 4783 3226 4839 XXIV.

2663 4897 2739 4952 De
2765 4899 2964 4962 eodem,
2992 4913 3057 4953 ea:
3089 4897 3334 4954 Philone.

2282 5011 2425 5079 Quin
2475 5012 2640 5068 etiam
2666 5011 2866 5067 divinis
2907 5013 3102 5068 litteris
3154 5011 3396 5067 Philonis
3462 5025 3684 5083 quoque
3711 5021 3791 5068 te-

2211 5105 2528 5159 stimonium
2551 5104 2896 5176 suﬂ‘ragatur.
2936 5104 2985 5160 Is
3014 5105 3159 5160 enim
3190 5105 3330 5160 libro
3360 5105 3572 5161 decimo
3595 5114 3792 5176 quarto

2210 5197 2276 5252 de
2307 5195 2696 5270 Hierosolymis
2723 5197 2794 5252 ita
2829 5198 3020 5252 scribit
3062 5217 3075 5252 :

2214 5287 2349 5362 Qllis
2381 5289 2559 5362 ampla
2584 5298 2764 5362 potens
2797 5289 2939 5362 ultro
2967 5290 3063 5342 dat
3091 5291 3287 5362 jugera
3309 5293 3572 5362 princeps,

2209 5357 2559 5431 Fecundoque
2590 5359 2702 5412 solo
2722 5359 2860 5412 locat
2896 5357 3230 5429 incorruptius
3260 5357 3474 5431 Ioseph,

2207 5431 2426 5482 Abrami
2457 5431 2702 5498 Isacique
2733 5445 2888 5498 nepos
2912 5469 2927 5492 ,
2963 5446 3214 5499 quemque
3241 5432 3415 5485 almus
3444 5431 3606 5487 Iacob

2210 5499 2460 5562 Sustulit,
2489 5501 2726 5553 obscura
2744 5501 2828 5551 cui
2859 5501 3035 5568 pervia
3065 5501 3271 5554 somnia
3297 5505 3485 5561 noctis.

2211 5568 2473 5641 Quisolio
2500 5569 2803 5641 incumbens
2833 5568 3089 5639 Egyptia
3120 5587 3279 5641 regna
3309 5582 3505 5640 tuetur,

2209 5639 2466 5708 Ambigua
2493 5639 2593 5708 fati
2616 5639 2758 5692 varie
2775 5641 3014 5708 jactatus
3045 5641 3110 5693 ab
3139 5639 3290 5695 testu.

2212 5731 2278 5787 Et
2309 5749 2428 5803 quae
2457 5739 2775 5801 sequuntur.
2815 5733 2992 5804 Atque
3021 5734 3137 5790 haec
3165 5735 3232 5791 de
3255 5732 3512 5808 losepho.

603 5819 715 5892 (68)
758 5825 955 5893 Ὅλης.
1003 5825 1079 5881 Ita
1107 5841 1317 5892 omnes,
1343 5825 1492 5882 nullo
1515 5835 1693 5883 tamen
1723 5843 1908 5886 sensu.
1937 5826 2098 5883 Forte
2129 5825 2284 5891 ὅλως.
