4194 6504
385 352 492 413 727
1046 352 1316 408 EUSEBII
1355 351 1838 409 CAESARIENSIS
1873 351 2022 409 OPP.
2064 351 2243 407 PARS
2280 351 2344 408 ll.
2385 385 2451 395 —
2487 353 2981 412 APOLOGETICA.
3535 352 3639 411 728

947 470 1179 526 CAPUT
1228 471 1394 526 XXV.

834 581 909 637 De
941 582 1076 637 Jobo
1096 625 1112 649 ,
1151 599 1217 639 ex
1245 584 1493 639 Aristtea.

447 694 605 753 Nunc
655 712 835 751 autem
888 697 1016 752 audi
1064 698 1175 762 sis,
1220 714 1344 768 quae
1393 700 1460 755 de
1486 698 1625 754 Joho
1663 700 1805 755 idem
1838 703 1953 772 ipse

377 795 782 843 commemoret.
801 805 824 841 ι
845 789 1135 857 Aris-unas,
1188 790 1397 861 inquit,
1451 792 1504 845 in
1531 808 1628 846 sua
1661 792 1727 847 de
1751 792 1952 850 Judaris

378 875 639 940 Historia,
675 887 866 935 auctor
895 888 979 934 est
1006 879 1207 935 Esaum
1237 897 1304 935 ex
1334 880 1564 938 Bassara
1596 885 1826 955 conjuge
1858 884 1952 940 Jo-

374 971 504 1025 bum
534 971 589 1025 in
618 971 852 1027 ldumaea
901 972 1072 1026 lilium
1101 974 1388 1044 genuisse,
1435 976 1727 1046 sedemque
1759 977 1863 1031 sibi
1892 978 1946 1030 in

372 1061 622 1119 Ausitide
654 1064 872 1135 regione
898 1065 965 1119 ad
999 1067 1178 1135 ipsum
1223 1064 1472 1121 Idumam
1493 1077 1546 1122 et
1573 1067 1787 1122 Arabiae
1817 1082 1949 1123 con-

370 1152 560 1207 ﬁnium
587 1153 873 1223 delegisse.
905 1152 1168 1210 Eumdem
1189 1156 1442 1226 aquitate
1466 1166 1813 1226 praestantem
1832 1201 1847 1225 ,
1883 1174 1948 1214 ac

367 1259 565 1315 pecore
583 1244 637 1299 in
654 1246 848 1315 primis
876 1247 1243 1302 abundantem
1268 1247 1441 1304 fuisse
1474 1267 1489 1303 :
1523 1250 1746 1320 quippe,
1761 1250 1942 1305 ovium

366 1337 514 1390 enim
568 1345 799 1407 septem,
835 1339 1168 1394 camelorum
1215 1340 1318 1394 tria
1362 1339 1550 1408 millia,
1584 1342 1737 1411 paria
1779 1343 1941 1395 boum

366 1428 685 1498 quingenta,
732 1430 1084 1501 gregalesque
1129 1432 1312 1487 asinas
1350 1431 1571 1487 totidem
1602 1448 1939 1487 numerasse.

363 1519 587 1589 Copiam
618 1536 871 1592 agrorum
901 1538 1010 1578 non
1039 1524 1365 1581 absimilem.
1397 1527 1474 1581 Ac
1496 1524 1692 1581 Jobum
1723 1525 1940 1596 quidem

360 1610 521 1684 531
559 1610 847 1668 Jobamum
905 1625 1067 1670 antea
1126 1616 1466 1672 nominatum
1530 1632 1671 1672 esse.
1734 1615 1932 1680 Porro,

360 1702 533 1759 Deum
575 1706 925 1775 explorandae
980 1708 1222 1763 hominis
1273 1709 1676 1778 probandteque
1718 1708 1938 1763 virtutis

1987 476 2035 534 Α
2558 475 2955 529 ΚΕΦΑΛΑΙΟΝ
2993 472 3123 527 KE'.

2431 588 2794 654 Ἀρισταίου,
2825 584 2958 652 περὶ
2986 582 3091 637 τοῦ
3128 582 3265 639 Ἰὼϐ.

2133 701 2329 753 Ἄκουε
2370 701 2427 753 δὲ
2470 695 2557 754 οἷα
2599 700 2694 753 καὶ
2724 699 2853 770 περὶ
2885 698 2985 752 τοῦ
3016 697 3135 751 Ἰὼϐ
3163 698 3192 749 ὁ
3218 694 3380 758 αὐτὸς
3408 690 3632 769 ἱστορεί

2059 810 2080 846 ι
2112 796 2418 865 Ἀρισταίας
2446 795 2502 849 δέ
2552 810 2715 863 φησιν
2777 793 2835 844 ἐν
2881 790 2960 861 τῷ
3003 791 3141 858 Hspi
3184 788 3488 844 Ἰουδαίων
3539 789 3631 845 τὸν

2064 882 2257 945 Ἠσαῦ,
2292 884 2547 953 γήμαντα
2572 866 2861 954 Βασσάρας
2894 882 3009 935 υἱὸν
3030 880 3140 950 (69)
3177 881 3234 932 ἐν
3269 878 3467 949 Ἑδὼμ,
3507 895 3627 947 γεν-

2049 977 2208 1045 νῆσαι
2235 976 2369 1029 υἱόν.
2403 978 2693 1029 Κατοικεῖν
2718 975 2773 1027 δὲ
2803 974 2990 1028 τοῦτον
3020 976 3077 1025 ἐν
3094 975 3157 1043 τῇ
3178 972 3418 1025 Αὐσίτιδι
3452 971 3627 1043 χώρᾳ,

2048 1068 2141 1120 ἐπὶ
2166 1070 2278 1131 τοῖς
2305 1068 2453 1138 ὅροις
2477 1067 2579 1137 τῆς
2614 1067 2921 1138 Ἰδουμαίας
2944 1066 3041 1119 καλ⁸
3075 1064 3350 1136 Ἀραϐίας.
3371 1062 3630 1118 Γενέσθαι

2048 1159 2094 1212 δ’
2127 1159 2290 1212 αὐτὸν
2338 1158 2544 1212 δίκαιον
2598 1158 2692 1212 καὶ
2737 1156 3091 1228 πολύκτηνον.
3144 1155 3465 1227 Κτήσασθαι
3517 1154 3629 1229 γὰρ

2048 1248 2210 1301 αὐτὸν
2230 1248 2476 1321 πρόϐατα
2498 1249 2596 1319 μὲν
2624 1248 3028 1319 ἑπτακισχίλια,
3047 1249 3324 1320 καμήλους
3344 1250 3401 1302 δὲ
3419 1266 3627 1321 τρισχι-

2046 1338 2185 1405 λίας,
2214 1337 2380 1411 ζεύγη
2410 1339 2548 1409 βοῶν
2578 1340 2932 1404 πεντακόσια,
2957 1339 3111 1404 ὅνους
3137 1340 3354 1411 θηλείας
3389 1341 3627 1412 νομάδας

2044 1432 2428 1495 πεντακοσίας.
2460 1428 2589 1502 Εἶχε
2624 1431 2681 1485 δὲ
2715 1434 2811 1485 καὶ
2856 1432 3128 1504 γεωργίας
3170 1433 3380 1497 ἱκανάς.
3425 1433 3627 1489 Τοῦτον

2041 1519 2100 1573 δὲ
2132 1519 2223 1574 τὸν
2258 1519 2378 1573 Ἰὼϐ
2405 1521 2667 1593 πρότερον
2713 1519 2915 1591 Ἰωϐἀμ
2945 1521 3055 1592 (70)
3087 1521 3468 1593 ὀνομάζεσθαι.
3499 1523 3624 1576 Πει-

2043 1611 2277 1683 ράζοντα
2304 1612 2349 1664 δ’
2382 1613 2545 1665 αὑτὸν
2590 1612 2683 1665 τὸν
2725 1611 2860 1666 Θεὸν
2905 1615 3200 1684 ἐμμεῖναι,
3254 1614 3519 1685 μεγάλαις
3564 1613 3624 1669 δὲ

2042 1703 2355 1776 περιϐαλεῖν
2384 1704 2547 1757 αὑτὸν
2590 1705 2857 1780 ἀτυχίαις.
2915 1705 3139 1774 Πρῶτον
3174 1705 3271 1776 μὲν
3314 1704 3423 1776 γὰρ
3454 1704 3623 1762 αὐτοῦ

359 1797 573 1867 gratia,
619 1797 893 1854 diuturnis
936 1814 1062 1855 eum
1111 1801 1477 1871 gravibusque
1534 1801 1924 1856 calamitatibus

2040 1795 2164 1860 τούς
2193 1812 2253 1848 τε
2279 1796 2432 1860 ὅνους
2456 1799 2551 1850 καὶ
2580 1795 2705 1866 βοῦς
2736 1798 2844 1851 ὑπὸ
2882 1797 3094 1871 λῃστῶν
3119 1797 3475 1868 ἀπελαθῆναι,
3502 1794 3622 1854 εἶτα

358 1886 691 1945 exercuisse.
727 1889 973 1947 Primum
1024 1894 1172 1948 enim
1220 1893 1500 1948 asinarum
1532 1894 1809 1964 boumque
1840 1908 1924 1947 ar-

2038 1887 2106 1940 τά
2135 1886 2384 1959 πρόϐατα
2412 1889 2517 1941 ὑπὸ
2546 1888 2642 1942 τοῦ
2679 1890 2850 1961 πυρὸς
2873 1890 2938 1942 ἐκ
2965 1889 3058 1943 τοῦ
3094 1889 3324 1963 οὐρανοῦ
3363 1892 3621 1955 πεσόντος

355 1991 541 2038 menta
574 1998 607 2040 a
630 1984 932 2040 latronibus
954 2000 1048 2055 per
1077 1986 1186 2041 vim
1211 1986 1403 2042 abacta
1432 2001 1589 2054 esse;
1652 1993 1771 2041 tum
1802 2001 1935 2044 oves

353 2073 519 2130 simul
549 2084 712 2144 atque
738 2086 984 2146 pastores
1010 2077 1135 2149 igne
1175 2079 1391 2134 caelitus
1436 2078 1685 2135 immisso
1728 2079 1935 2136 conﬂa-

353 2181 578 2237 grasse;
618 2183 747 2223 mox
777 2178 835 2224 et
862 2171 1101 2227 camelos
1135 2187 1166 2226 a
1200 2171 1503 2229 latronibus
1530 2174 1783 2228 similiter
1829 2174 1931 2229 ab-

351 2258 571 2323 ductos,
631 2257 881 2330 ﬁliosque
926 2276 1117 2319 omnes
1164 2263 1361 2319 aedium
1421 2264 1579 2320 ruina
1639 2281 1931 2335 oppressos

351 2349 523 2407 fuisse
555 2370 570 2408 :
598 2360 879 2422 postremo
905 2354 1057 2409 illum
1092 2354 1255 2409 etiam
1295 2369 1363 2410 eo
1404 2356 1526 2427 ipso
1557 2356 1647 2411 die
1689 2355 1930 2412 foedissi-

350 2457 443 2497 mo
480 2444 649 2499 totius
680 2445 928 2515 corporis
960 2445 1141 2502 ulcere
1168 2448 1470 2504 laborasse.
1502 2448 1714 2515 Quibus
1747 2449 1803 2505 in
1836 2465 1930 2505 an-

349 2535 546 2603 gustiis
586 2535 802 2607 positus
845 2552 971 2592 cum
1009 2547 1179 2602 esset,
1211 2540 1279 2593 ad
1304 2555 1431 2594 eum
1460 2539 1729 2596 invisendi
1757 2556 1925 2597 causa

349 2624 595 2697 Elipham
623 2627 1070 2685 Themanitarum
1090 2647 1293 2703 regem.
1313 2630 1606 2688 Baldadem
1636 2631 1924 2691 Sauchaw-

348 2733 470 2773 rum
513 2726 824 2790 tyrannum,
857 2721 1158 2792 Sopharem
1208 2722 1581 2781 Mannaeorum
1631 2741 1837 2797 regem,
1867 2737 1923 2783 et

348 2805 524 2864 Elium
572 2810 908 2868 Barachielis
954 2814 1128 2869 tilium
1173 2813 1418 2870 Zobitem
1446 2817 1785 2873 convenisse.
1814 2816 1920 2885 Qui

342 2912 469 2954 cum
501 2913 627 2956 eum
659 2901 901 2973 alloquio
928 2904 1259 2971 solarentur,
1284 2906 1485 2976 ipsum,
1521 2909 1739 2964 tametsi
1784 2926 1921 2966 con-

342 2989 615 3047 solatione
638 2993 791 3049 omni
815 3005 1045 3062 careret,
1065 2995 1309 3054 futurum
1335 3008 1514 3054 tamen
1542 3002 1912 3071 respondisse,

340 3082 422 3137 uti
445 3083 662 3154 pietatis
694 3102 809 3143 suae
835 3087 1052 3144 laudem
1077 3088 1179 3144 hac
1207 3090 1262 3145 in
1292 3098 1444 3146 tanta
1467 3091 1737 3147 malorum
1761 3109 1914 3150 acer.

2035 1980 2382 2050 κατακαῆναι
2429 1982 2527 2035 σὺν
2557 1983 2670 2045 τοῖς
2713 1982 2972 2053 ποιμέσι·
3007 1984 3123 2053 μετ’
3161 1982 3222 2035 οὐ
3251 1981 3385 2036 πολὺ
3435 1983 3492 2036 δὲ
3522 1982 3620 2038 καὶ

2032 2071 2130 2137 τὰς
2152 2072 2434 2144 καμήλους
2456 2072 2562 2127 ὑπὸ
2591 2073 2805 2145 λῃστῶν
2833 2072 3199 2144 ἀπελαθῆναι·
3230 2068 3346 2126 εἶτα
3370 2073 3439 2126 τά
3456 2073 3620 2129 τέκνα

2029 2164 2194 2220 αὐτοῦ
2228 2164 2537 2230 ἀποθανεῖν,
2567 2166 2843 2236 πεσούσης
2875 2167 2975 2238 τῆς
3001 2166 3195 2230 οἰκίας.
3221 2166 3539 2238 Αὑθημερδν
3557 2166 3618 2222 δὲ

2028 2256 2194 2310 αὐτοῦ
2233 2257 2326 2309 καὶ
2355 2256 2415 2309 τὸ
2453 2256 2615 2328 σῶμα
2650 2257 2910 2312 ἐλκῶσαι.
2951 2258 3173 2322 Φαύλως
3199 2259 3257 2313 δὲ
3301 2258 3466 2312 αὐτοῦ
3497 2259 3616 2313 δια-

2028 2350 2313 2420 κειμένου,
2347 2348 2521 2403 ἐλθεῖν
2558 2352 2640 2414 εἰς
2683 2350 2972 2418 ἐπίσκεψιν
3020 2351 3239 2420 Ἐλίςραν
3278 2351 3368 2406 τὸν
3399 2353 3619 2422 Θαιμα-

2026 2441 2187 2496 νιτῶν
2217 2441 2441 2512 βασιλέα
2462 2483 2478 2507 ,
2508 2441 2605 2496 καὶ
2638 2441 2845 2496 Βαλδάδ
2876 2443 2985 2495 τῶν
3011 2443 3292 2514 Σαυχαίων
3330 2443 3612 2516 τύραννον,

2026 2534 2121 2588 καὶ
2166 2532 2367 2605 Σωφάρ
2403 2533 2495 2586 τὸν
2541 2534 2833 2588 Μανναίων
2883 2532 3140 2603 βασιλέα,
3194 2534 3368 2588 ἐλθεῖν
3409 2536 3466 2589 δὲ
3517 2537 3612 2589 καὶ

2036 2626 2241 2679 Ἐλιοῦν
2265 2627 2357 2678 τὸν
2382 2624 2662 2699 Βαραχιὴλ
2687 2625 2779 2678 τὸν
2804 2625 3068 2695 Ζωϐίτην.
3098 2627 3615 2698 Παρακαλουμένων

2021 2718 2101 2783 δὲ,
2132 2718 2299 2787 φάναι
2347 2717 2444 2770 καὶ
2483 2717 2655 2788 χωρὶς
2696 2716 3096 2787 παρακλήσεως
3140 2721 3399 2789 ἐμμενεῖν
3445 2719 3611 2774 αὑτὸν

2021 2810 2077 2863 ἔν
2098 2826 2157 2862 τε
2189 2811 2255 2880 τῇ
2289 2807 2541 2879 εὐσεϐείᾳ
2571 2809 2665 2861 καὶ
2696 2810 2809 2872 τοῖς
2840 2807 3053 2872 δεινοῖς.
3078 2808 3180 2861 Τὸν
3203 2808 3258 2861 δὲ
3286 2808 3442 2875 Θεὸν,
3471 2811 3613 2878 ἀγα-

2023 2901 2221 2957 σθέντα
2244 2900 2341 2972 τὴν
2372 2899 2636 2971 εὐψυχίαν
2670 2899 2856 2965 αὑτοῦ,
2890 2899 2991 2971 τῆς
3013 2917 3072 2953 τε
3099 2900 3253 2954 νόσου
3280 2900 3445 2954 αὐτὸν
3473 2902 3609 2954 ἀπο-

2019 2996 2201 3060 λῦσαι,
2246 2995 2339 3049 καὶ
2377 2993 2586 3047 πολλῶν
2627 2993 2814 3065 κύριον
2871 2993 3155 3066 ὑπάρξεων
3220 2994 3609 3067 ποιῆσαι.»Ϊο-

2021 3091 2195 3148 σαῢτα
2235 3089 2331 3144 καὶ
2358 3088 2486 3161 περὶ
2514 3088 2719 3141 τούτων
2749 3089 2778 3141 ὁ
2805 3088 3142 3160 Πολυΐστωρ.

339 3174 513 3233 bitate
534 3188 851 3251 perpetuam
889 3182 1167 3238 retineret.
1192 3183 1365 3241 Deum
1396 3201 1529 3242 vero
1559 3184 1666 3241 hac
1696 3187 1820 3258 ejus
1853 3185 2183 3262 integritatis
2210 3192 2265 3239 et
2293 3182 2617 3238 constantiae
2648 3180 2701 3235 vi
2728 3181 2990 3251 majorem
3025 3181 3078 3234 in
3104 3180 3324 3236 modum
3354 3179 3604 3248 probata,

337 3285 451 3326 non
479 3272 658 3343 ipsum
680 3283 894 3331 tantum
922 3277 1117 3333 morbo
1146 3279 1430 3349 liberasse,
1460 3297 1652 3339 verum
1681 3284 1845 3341 etiam
1879 3280 2191 3357 ingentibus
2217 3276 2474 3346 deinceps
2503 3273 2700 3344 opibus
2734 3288 2800 3329 ac
2832 3274 3066 3330 fortunis
3091 3272 3456 3328 cumulasse.»
3480 3270 3609 3326 Haec

337 3366 519 3423 omnia
548 3367 872 3438 Polyhistor.

903 3481 1135 3538 CAPUT
1165 3483 1356 3541 XXVI.

751 3591 829 3646 De
862 3591 1063 3663 Moyse,
1090 3610 1154 3648 ea:
1191 3593 1493 3665 Eupolemo.

406 3700 554 3757 Idem
585 3717 805 3773 quoque
833 3703 1068 3773 plurima
1096 3703 1164 3758 de
1199 3703 1386 3776 Moyse
1414 3705 1579 3763 habet
1609 3706 1798 3763 auditu
1826 3707 1915 3763 di-

334 3809 459 3866 gna.
483 3804 505 3841 ι
528 3794 791 3866 Moysem,
839 3794 1038 3863 inquit,
1065 3804 1253 3850 narrat
1300 3795 1631 3868 Eupolemus
1673 3800 1914 3869 primum

334 3885 632 3955 sapientem
663 3883 856 3951 fuisse,
885 3882 1198 3955 Judaeisque
1226 3887 1465 3956 primum
1503 3890 1714 3946 litteras
1745 3890 1914 3946 tradi-

331 3979 505 4042 disse,
547 3991 580 4031 a
630 3976 833 4047 quibus
873 3992 967 4033 eas
1010 3975 1320 4043 Phoenices,
1373 3990 1433 4033 ut
1481 3996 1515 4036 a
1554 3979 1910 4040 Phoenicibus

332 4067 529 4134 Graeci,
557 4068 865 4138 acceperint
897 4088 910 4124 :
944 4068 1308 4141 eumdemque
1334 4069 1537 4130 Iudaeis
1566 4073 1715 4146 leges
1758 4075 1911 4147 prin-

329 4158 510 4228 cipem
541 4158 869 4217 condidisse.
896 4173 918 4208 ι

873 4364 1103 4421 CAPUT
1140 4367 1357 4425 XXVII.

754 4476 830 4530 De
861 4478 1063 4546 eodem,
1086 4495 1152 4534 ea:
1182 4484 1477 4552 Artapano.

394 4584 704 4656 Artapanus
745 4596 927 4643 autem
978 4590 1034 4644 in
1084 4605 1187 4646 suo
1228 4591 1296 4648 de
1328 4590 1531 4650 Iudaeis
1575 4609 1735 4666 opere
1769 4611 1905 4652 scri-

324 4676 421 4744 bit,
441 4678 753 4734 Abrahamo
780 4695 905 4735 cum
942 4681 1481 4751 Mempsasthenothe
1508 4687 1640 4754 tilio,
1675 4688 1903 4759 ipsoque

2518 3476 2919 3532 ΚΕΦΑΛΑῙΟΝ
2956 3477 3082 3542 κεῖν

2388 3589 2764 3659 Εὐπολέμου,
2798 3588 2929 3656 περὶ
2957 3586 3236 3654 Μωσέως.

2085 3705 2196 3760 Καὶ
2246 3705 2374 3777 περὶ
2406 3703 2649 3768 Μωσέως
2695 3702 2753 3755 δὲ
2792 3702 2821 3754 ὁ
2866 3701 3027 3766 αὐτὸς
3077 3700 3305 3757 πλεῖστα
3364 3703 3597 3773 παρατί-

2015 3796 2189 3864 θεται,
2221 3792 2296 3850 ὧν
2326 3798 2421 3849 καὶ
2464 3794 2647 3849 αὐτῶν
2711 3792 3015 3848 ἐπακοῦσαι
3050 3793 3227 3875 ἄξιονς
3251 3794 3601 3864 «Εὐπόλεμος

2012 3887 2069 3941 δέ
2116 3905 2249 3958 φησι
2300 3887 2393 3940 τὸν
2440 3884 2647 3957 Μωσῆν
2704 3886 2919 3958 πρῶτον
2960 3885 3122 3955 σοφὸν
3170 3885 3452 3954 γενέσθαι,
3505 3886 3598 3940 καὶ

2012 3976 2318 4050 γράμματα
2352 3975 2685 4047 παραδοῦναι
2714 3979 2828 4041 τοῖς
2869 3977 3140 4040 Ἰουδαίοις
3169 3977 3406 4055 πρῶτον,
3442 3978 3597 4051 παρά

2009 4070 2069 4124 δὲ
2104 4068 2371 4123 Ἰουδαίων
2403 4067 2653 4133 Φοίνικας
2687 4068 3044 4141 παραλαϐεῖν,
3072 4068 3338 4142 ’Έλληνας
3359 4070 3416 4124 δὲ
3442 4070 3598 4143 παρὰ

2009 4162 2301 4215 Φοινίκων·
2361 4161 2559 4232 νόμους
2592 4178 2651 4214 τε
2699 4160 2916 4232 πρῶτον
2965 4160 3172 4233 γράψαι
3220 4163 3428 4233 Μωσῆν
3479 4166 3595 4228 τοῖς

2020 4252 2309 4318 Ἰουδαίοις.
2339 4268 2360 4304 ι

2520 4365 2918 4419 ΚΕΦΑΛΑΙΟΝ
2957 4366 3084 4419 KZ'.

2330 4477 2722 4548 Ἀρταπάνου,
2749 4481 2883 4548 περὶ
2917 4480 3025 4535 τοῦ
3056 4478 3264 4534 αὐτοῦ.

2100 4592 2437 4663 Ἀρταπάνος
2491 4592 2550 4646 δέ
2615 4609 2781 4663 φησιν
2856 4592 2915 4644 ἐν
2976 4594 3041 4663 τῇ
3101 4593 3230 4664 περὶ
3284 4592 3588 4661 Ἰουδαίων,

2016 4682 2266 4756 ’Δϐραάμ
2307 4683 2749 4756 τελευτήσαντος,
2785 4684 2879 4738 καὶ
2926 4684 3019 4738 τοῦ
3048 4684 3165 4737 υἱοῦ
3212 4685 3375 4738 αὐτοῦ
3423 4689 3583 4758 Μεμ-

322 4767 706 4842 Egyptiorum
742 4787 890 4843 rege,
922 4774 1034 4828 vita
1065 4773 1275 4842 Iuncto,
1305 4774 1719 4833 Palmanmhem
1767 4781 1900 4835 alte-

2023 4774 2307 4843 ίιασθενὼθ,
2348 4777 2564 4847 ὁμοίως·
2583 4776 2640 4829 δὲ
2694 4776 2788 4829 καὶ
2825 4775 2920 4829 τοῦ
2957 4776 3222 4847 βασιλέως
3261 4777 3367 4832 τῶν
3417 4780 3585 4876 Αίγυῖ

320 4876 443 4915 rum
494 4861 739 4932 ejusdem
789 4864 960 4919 ﬁlium
990 4866 1207 4938 ,Ἐπριὶ
1252 4867 1542 4939 imperium
1572 4872 1897 4943 capessisse,

316 4949 676 5025 Judaeumque
706 4956 965 5027 populum
994 4957 1189 5014 durius
1221 4960 1498 5018 habuisse.
1526 4963 1609 5017 Ab
1636 4962 1741 5018 hoc
1784 4964 1898 5033 pri-

319 5059 469 5100 mum
515 5043 739 5102 Cessam
788 5048 1086 5117 conditam,
1122 5050 1177 5105 in
1207 5067 1380 5122 eaque
1428 5054 1741 5119 delubrum,
1771 5070 1897 5110 mox

317 5139 579 5209 templum
627 5142 770 5212 apud
821 5141 1146 5215 Heliopolim
1192 5162 1336 5202 esse.
1383 5147 1547 5220 432
1589 5149 1672 5204 Ab
1703 5149 1893 5205 eodem

389 5272 502 5352 (69)
542 5277 869 5352 βασᾳόρας
899 5281 1053 5346 υἱόν,
1090 5290 1194 5336 etc.
1237 5280 1384 5337 Vcrti
1408 5326 1423 5347 ,
1463 5284 1688 5352 perinde
1731 5300 1795 5339 ac
1842 5287 1889 5341 si

316 5345 624 5416 prius'uiév
650 5345 862 5421 abesset
888 5393 903 5415 ,
940 5353 1216 5421 posterius
1246 5345 1425 5407 autem
1456 5345 1510 5408 in
1551 5353 1671 5408 Ἰὡϐ
1710 5366 1891 5411 muta-

315 5423 433 5470 tum
479 5426 641 5473 esset.
673 5417 962 5476 Bassarani
1009 5420 1223 5487 Jobahi,
1257 5439 1418 5493 quem
1452 5435 1639 5493 postea
1689 5424 1885 5482 Jobum

315 5500 517 5563 magno
558 5504 837 5563 consensu
898 5493 1103 5547 dictum
1152 5509 1274 5549 esse
1328 5496 1553 5559 volunt,
1616 5507 1885 5563 matrem;

317 5554 667 5634 §cptuaginta
699 5558 986 5617 Bossoram
1023 5574 1307 5629 vocarunt,
1344 5554 1549 5621 Cenes.
1576 5582 1761 5634 xxxvr,
1797 5554 1881 5622 l5.

314 5624 642 5707 Gravis_:est
684 5634 932 5707 qumstio,
970 5635 1267 5707 perdiuque
1294 5624 1543 5707 'jactata,
1578 5624 1778 5707 quibus
1816 5654 1884 5693 ex

314 5695 632 5776 parentibus
660 5695 752 5753 aut
784 5702 875 5755 ubi
905 5695 1065 5759 natus
1089 5695 1392 5773 patriarcha
1423 5695 1612 5771 Johns,
1652 5724 1759 5775 qua
1791 5709 1881 5775 de,

317 5774 378 5819 ut
420 5774 665 5823 omittam
696 5780 956 5838 caeteros,
1004 5776 1300 5831 novissime
1347 5777 1597 5846 pluribus
1638 5774 1883 5850 disputaé

2002 4865 2211 4930 πτίων,
2253 4866 2354 4937 τὴν
2398 4866 2719 4921 δυναστείαν
2775 4865 3109 4939 παραλαϐεῖν
3156 4869 3248 4921 τὸν
3311 4870 3424 4922 υἱὸν
3466 4854 3585 4941 (71)

2000 4955 2165 5009 αὐτοῦ
2197 4954 2595 5028 Παλμανώθην.
2630 4956 2830 5010 Τοῦτον
2856 4958 2915 5011 δὲ
2960 4960 3075 5022 τοῖς
3124 4959 3391 5025 Ἰουδαίοις
3442 4962 3580 5030 φαύ-

1998 5046 2105 5113 λως
2162 5049 2601 5123 προσφέρεσθαιο
2651 5051 2745 5103 καὶ
2796 5049 3010 5122 πρῶτον
3060 5047 3161 5121 μὲν
3209 5051 3306 5122 τὴν
3357 5052 3577 5106 Κεσσάν

1995 5141 2367 5214 οἰκοδομῆσαι,
2409 5143 2469 5196 τό
2495 5159 2555 5196 τε
2604 5144 2691 5196 ἐπ’
2729 5143 2867 5214 αὐτῇ
2920 5141 3063 5215 ἱερὸν
3108 5142 3574 5214 καθιδρύσασθαι,

1995 5306 2144 5361 runt,
2173 5295 2427 5352 Salianus
2457 5306 2509 5351 et
2537 5294 2815 5360 Petavius,
2841 5296 3003 5351 ambo
3032 5296 3204 5350 nostri
3239 5314 3251 5349 :
3285 5297 3421 5353 alter
3443 5318 3571 5355 eru-

1995 5365 2155 5441 ditor.
2190 5367 2406 5441 Ακηαίζ
2436 5376 2568 5441 tom.
2604 5365 2645 5441 Ι,
2674 5383 2801 5421 ann.
2837 5368 3232 5441 rnund_i__25l9;
3264 5371 3400 5441 alter
3432 5387 3573 5441 pra:-

1993 5437 2125 5491 clari
2154 5438 2335 5505 nperis
2367 5436 2442 5489 De
2475 5438 2719 5491 doctrina
2754 5448 2970 5505 tempor.
3003 5438 3093 5491 lib.
3134 5455 3208 5499 Ix,
3243 5454 3291 5491 c.
3325 5439 3414 5493 930.

2064 5506 2179 5577 (70)
2230 5507 2447 5574 ’Ῑωόάμ.
2484 5507 2793 5577 Legendum
2817 5510 2980 5562 credo
3012 5508 3222 5561 Ἰωϐάϐ.
3253 5510 3568 5566 Similituth

1991 5575 2083 5628 τοῦ
2116 5594 2175 5646 μ,
2209 5578 2302 5629 καὶ
2324 5577 2417 5630 τοῦ
2452 5578 2504 5647 β,
2524 5575 2579 5632 in
2609 5594 2888 5634 manuscr.
2916 5579 3196 5635 codicibus
3230 5579 3374 5634 hunc
3401 5584 3566 5638 etiam

1991 5662 2231 5700 errorem
2266 5650 2492 5715 peperit.

2058 5715 2173 5797 _(7l)
2221 5715 2331 5770 Τὸν
2355 5719 2509 5773 υἱόν.
2539 5716 2655 5775 Vox
2678 5760 2692 5787 ,
2725 5719 2975 5791 alterum,
3003 5721 3061 5778 in
3084 5717 3392 5777 versionem
3424 5720 3564 5778 irre-

1988 5798 2112 5857 psrt,
2149 5802 2417 5859 expunge.

4150 333 4172 649 ξ
