4194 6464
375 397 478 452 7S9

1545 398 1868 456 ΡΒᾸΞΡΑΒ.
1911 400 2163 457 EVANG.
2204 401 2334 456 LIB.
2374 400 2466 456 IX.

3533 400 3638 454 730

370 509 487 567 εἶτα
520 512 612 567 τὸν
645 515 704 568 ἐν
743 515 1080 570 Ἡλιουπόλει
1107 515 1234 570 ναὸν
1275 517 1703 571 κατασκευάσαι.
1752 518 1954 574 Τοῦτον

2059 519 2296 576 Merrbin
2345 519 2515 574 filiam
2575 527 2908 587 susceptam,
2946 530 3011 570 ac
3039 514 3374 584 CIleIIClel'tP.
3419 513 3634 568 cuidam

369 605 426 658 δὲ
455 605 716 675 γεννῆσαι
749 607 1028 679 θυγατέρα
1059 607 1288 678 Μέρριν,
1311 611 1376 679 ἣν
1408 609 1658 680 Χενεφρῇ
1693 625 1799 662 τινι
1821 627 1950 663 κατ-

371 697 658 765 εγγυῆσαι,
707 696 820 750 τῶν
871 699 1011 769 ὑπὲρ
1061 700 1288 770 Μέμφιν
1331 699 1512 753 τόπων
1582 699 1945 770 βασιλεύοντι·

373 783 600 846 πολλοὺς
627 784 735 857 γὰρ
763 786 884 839 τότε
918 791 1018 857 τῆς
1061 788 1335 857 Αἰγύπτου
1383 789 1704 859 βασιλεύειν.
1737 792 1952 865 Ταύτην

371 874 427 928 δὲ
458 875 680 948 στεῖραν
713 878 1064 949 ὑπάρχουσαν
1095 880 1462 936 ὑποϐαλέσθαι
1493 884 1636 948 τινὸς
1667 885 1776 938 τῶν
1819 886 1951 939 Ἰου-

371 965 536 1020 δαίων
579 967 790 1022 παιδίον
811 985 825 999 ·
853 969 1008 1023 τοῦτο
1043 971 1101 1025 δὲ
1151 971 1384 1027 Μώῦσον
1421 975 1716 1046 ὀνομάσαιο
1761 977 1865 1030 ὑπὸ
1895 977 1952 1030 δὲ

370 1057 478 1111 τῶν
539 1058 800 1132 Ἑλλήνων
847 1063 1010 1116 αὑτὸν
1057 1065 1401 1136 ἀνδρωθέντα
1451 1069 1726 1124 Μουσαῖον
1781 1089 1952 1142 προσ-

373 1153 756 1224 αγορευθῆναι.
777 1154 1029 1210 Γενέσθαι
1051 1156 1107 1209 δὲ
1129 1159 1220 1211 τὸν
1241 1160 1472 1214 Μώῦσον
1490 1161 1678 1215 τοῦτον
1711 1163 1954 1234 Ὀρφέως

372 1244 689 1300 διδάσκαλον
709 1265 722 1280 ·
759 1247 1096 1320 ἀνδρωθέντα
1136 1250 1182 1303 δ’
1214 1251 1377 1305 αὑτὸν
1407 1253 1578 1308 πολλὰ
1605 1257 1716 1318 τοῖς
1742 1255 1954 1328 ἀνθρώ-

376 1355 498 1402 ποις
525 1337 800 1411 εὔχρηστα
831 1341 1182 1412 παραδοῦναι.
1211 1345 1319 1397 Καὶ
1349 1345 1460 1418 γὰρ
1494 1347 1673 1412 πλοῖα,
1715 1349 1810 1402 ml.
1853 1366 1956 1419 μη-

375 1429 545 1502 χανὰς
579 1431 717 1502 πρὸς
749 1432 850 1497 τὰς
900 1432 1225 1500 λιθοθεσίας,
1260 1436 1354 1490 καὶ
1383 1437 1450 1491 τὰ
1477 1437 1752 1508 Αἰγύπτια
1793 1440 1951 1505 ὅπλα,

374 1521 470 1576 καὶ
498 1521 565 1576 τὰ
601 1521 806 1593 ὄργανα
832 1523 900 1577 τά
934 1525 1222 1596 ὑδρευτικὰ
1253 1529 1346 1580 καὶ
1379 1527 1682 1600 πολεμικὰ,
1733 1531 1828 1583 καὶ
1857 1529 1955 1600 τὴν

376 1611 692 1682 φιλοσοφίαν
725 1611 966 1686 ἐξευρεῖν
985 1633 998 1645 ·
1030 1615 1111 1670 ἔτι
1145 1616 1202 1670 δὲ
1232 1617 1328 1688 τὴν
1356 1618 1508 1672 πόλιν
1540 1621 1619 1684 είς
1645 1619 1732 1684 λς’
1758 1620 1956 1690 νομοὺς

373 1705 569 1759 διελεῖν
587 1746 601 1770 ,
631 1707 724 1760 καὶ
769 1708 984 1778 ἑκάστῳ
1023 1707 1132 1762 τῶν
1184 1709 1365 1781 νομῶν
1402 1711 1667 1778 ἀποτάξαι
1700 1712 1790 1766 τὸν
1823 1713 1954 1766 Θεὸν

379 1796 764 1868 σεφθήσεσθαι,
811 1799 882 1852 τά
911 1817 970 1852 τε
1015 1801 1136 1872 ίερά
1185 1801 1488 1872 γράμματα
1535 1807 1650 1867 τοῖς
1685 1802 1948 1875 ἱερεῦσινο

2053 611 2263 681 regioni
2298 625 2462 680 supra
2491 608 2786 679 Memphim
2821 609 2938 663 sitae
2982 605 3267 675 imperanti
3306 606 3633 673 desponsam

2053 702 2224 757 fuisse
2263 721 2275 756 :
2312 709 2428 755 tum
2475 701 2620 755 enim
2673 700 2858 770 plures
2902 697 3196 770 [Egyptum
3250 697 3472 766 regulos
3533 698 3636 751 ha-

2051 793 2258 847 buisse.
2296 791 2446 846 lianc
2470 805 2654 861 porro,
2696 789 2898 845 sterilis
2933 805 3056 847 cum
3083 795 3248 852 esset,
3282 775 3484 843 Iudaee
3517 803 3635 842 mu-

2052 883 2203 938 lieris
2252 880 2515 937 infantem
2579 879 2955 950 supposuisse,
2998 895 3162 950 quem
3213 878 3462 950 Moysum
3516 877 3636 947 ipsa

2053 974 2313 1044 primum,
2344 973 2539 1028 deinde
2567 987 2693 1026 vero
2721 971 2915 1035 Graeci,
2947 987 3071 1026 cum
3125 971 3190 1025 ad
3241 971 3450 1024 virilem
3497 977 3636 1024 aata-

2055 1075 2160 1120 tcm
2193 1065 2550 1135 pervenisset,
2583 1063 2847 1119 Musaeum
2882 1064 3238 1118 nominarint.
3270 1063 3448 1131 Atque
3489 1063 3634 1119 hunc

2055 1159 2250 1228 Orphei
2299 1159 2620 1227 magistrum
2671 1157 2841 1212 fuisse
2893 1165 3222 1220 memorant,
3256 1171 3320 1211 ac
3362 1155 3631 1225 permulta

2057 1253 2298 1306 immane
2347 1251 2534 1322 generi
2583 1249 2876 1306 utilissima
2929 1250 3235 1304 tradidisse.
3269 1247 3348 1302 Illi
3385 1248 3554 1312 enim,
3583 1255 3638 1300 et

2053 1341 2423 1412 navigiorum,
2453 1350 2508 1395 et
2556 1341 2957 1406 machinarum,
2993 1341 3196 1410 quibus
3245 1340 3464 1395 adducti
3513 1355 3636 1394 sur-

2055 1452 2176 1492 sum
2225 1436 2434 1504 lapides
2487 1437 2628 1490 inter
2672 1451 2796 1491 sese
2848 1447 3035 1507 postea
3085 1446 3554 1507 coagmententur,
3587 1445 3642 1490 et

2055 1542 2335 1582 armorum
2371 1527 2845 1599 Egyptiacorum,
2875 1537 2930 1582 et
2976 1529 3469 1584 instrumentorum
3519 1543 3644 1598 par-

2055 1620 2154 1674 tim
2199 1620 2516 1676 haurienda:
2556 1624 2638 1676 vel
2673 1621 3005 1676 deducendae
3044 1636 3222 1690 aquae,
3258 1621 3455 1690 partim
3500 1619 3644 1682 bello

2056 1711 2518 1776 necessariorum,
2548 1711 2834 1782 ipsiusque
2867 1711 3003 1766 adeo
3043 1711 3405 1781 philosolthiae
3453 1708 3645 1764 inven-

2058 1802 2261 1858 tionem
2295 1816 2574 1873 acceptam
2602 1802 2802 1859 ierunt.
2834 1802 2916 1858 Ad
2951 1803 3064 1858 haec
3093 1803 3369 1858 civitatem
3400 1803 3470 1857 ab
3492 1817 3558 1857 eo
3589 1803 3644 1857 in

374 1876 514 1942 εἶναι
545 1889 602 1943 δὲ
632 1891 728 1944 καὶ
756 1890 1040 1963 αἰλούρους
1061 1935 1076 1958 ,
1111 1894 1206 1946 καὶ
1239 1892 1427 1957 κύνας,
1474 1895 1571 1947 καὶ
1611 1895 1777 1958 ἴϐειςο
1818 1895 1956 1947 ἀπο-

2061 1907 2158 1947 sex
2183 1901 2238 1948 et
2269 1893 2490 1962 triginta
2522 1891 2877 1964 praefecturas
2906 1893 3160 1960 divisam,
3185 1909 3428 1963 suosque
3457 1893 3647 1962 singu-

373 1983 558 2052 νεῖμαι
585 1979 642 2034 δὲ
671 1981 766 2036 καλ¹
787 1985 900 2046 τοῖς
943 1984 1177 2054 ἱερεῦσιν
1213 1981 1489 2056 ἐξαίρετον
1533 1984 1738 2057 χώραν.
1773 1985 1957 2040 Ταῦτα

373 2069 432 2124 δὲ
465 2069 645 2125 πάντα
683 2073 908 2142 ποιῆσαι
938 2073 1097 2145 χάριν
1131 2073 1226 2126 τοῦ
1271 2075 1370 2146 τὴν
1403 2076 1698 2147 μοναρχίαν
1737 2075 1956 2148 βεϐαίαν

373 2161 453 2234 τῷ
481 2164 733 2234 Χενεφρῇ
767 2164 1112 2234 διαφυλάξαι.
1141 2165 1412 2236 Πρότερον
1456 2165 1566 2238 γὰρ
1603 2167 1958 2232 ἀδιατάκτους

377 2253 538 2319 ὂντας
565 2257 693 2319 τοὺς
719 2254 932 2325 ὄχλους,
970 2255 1100 2309 ποτὲ
1129 2256 1228 2326 μὲν
1263 2255 1569 2322 ἐκϐάλλειν,
1601 2259 1728 2312 ποτὲ
1749 2258 1807 2312 δέ
1821 2260 1960 2314 καθ-

385 2351 616 2400 ιστάνειν
681 2345 956 2417 βασιλεῖς,
1004 2346 1101 2400 καὶ
1132 2345 1392 2412 πολλάκις
1430 2347 1530 2418 μὲν
1568 2347 1694 2410 τοὺς
1739 2347 1956 2413 αὑτοὺς,

377 2432 582 2498 ἐνιάκις
619 2435 675 2488 δὲ
709 2436 922 2501 ἄλλους.
960 2437 1062 2491 Διά
1108 2436 1280 2492 ταῦτα
1319 2434 1529 2493 οὖντὸν
1577 2436 1806 2492 Μώὓσον
1852 2439 1958 2492 ὑπὸ

375 2525 483 2580 τῶν
515 2525 686 2598 ὄχλων
719 2529 1091 2601 ἀγαπηθῆναι,
1125 2530 1218 2584 καὶ
1248 2531 1354 2585 ὑπὸ
1385 2531 1492 2585 τῶν
1525 2531 1714 2602 ἱερέων
1747 2531 1958 2586 ἰσοθέου

375 2620 542 2692 τιμῆς
591 2621 996 2687 καταξιωθέντα
1055 2625 1559 2698 προσαγορευθῆναι
1607 2625 1812 2698 Ἑρμῆν
1871 2624 1962 2679 διὰ

377 2713 478 2784 τὴν
505 2712 614 2767 τῶν
648 2714 808 2786 ιερῶν
842 2716 1186 2787 γραμμάτων
1216 2717 1532 2789 ἑρμηνείαν.
1562 2717 1665 2770 Τὸν
1697 2717 1755 2771 δὲ
1793 2719 1962 2773 Χενε-

379 2803 543 2876 φρῆν,
594 2805 806 2877 ὁρῶντα
853 2805 952 2878 τὴν
1000 2807 1202 2879 ἀρετὴν
1242 2807 1336 2861 τοῦ
1387 2808 1659 2872 Μωΰσου,
1697 2807 1960 2880 φθονῆσαι

376 2896 543 2966 αὑτῷ,
565 2897 660 2952 καὶ
680 2895 864 2969 ζητεῖν
893 2899 1054 2952 αὑτὸν
1085 2899 1171 2952 ἐπ’
1193 2899 1400 2971 εὐλόγῳ
1427 2900 1576 2972 αἰτίᾳ
1595 2900 1704 2954 τινὶ
1727 2900 1957 2956 ἀνελεῖν.

376 2987 486 3042 Καὶ
512 2988 576 3060 δή
623 3005 752 3042 ποτε
788 2987 894 3044 τῶν
937 2989 1210 3044 Αἰθιόπων
1266 2992 1845 3064 ἐπιστρατευσαμένων
1891 2995 1960 3066 τῇ

373 3082 658 3154 Αδγύπτῳ.
689 3083 782 3136 τὸν
811 3080 1116 3153 Χενεφρῆν,
1151 3083 1492 3138 ὑπολαϐόντα
1519 3084 1811 3156 εὑρηκέναι
1843 3101 1963 3139 και-

371 3178 470 3247 ρδν
493 3173 732 3239 εὖθετον,
771 3173 984 3244 πέμψαι
1021 3173 1113 3227 τὸν
1152 3172 1384 3228 Μώῡσον
1415 3175 1501 3227 ἐπ’
1549 3175 1747 3238 αὑτοὺς
1793 3192 1960 3248 στρα-

375 3265 544 3337 τηγὸν
578 3262 718 3337 μετά
761 3263 1063 3335 δυνάμεως.
1115 3264 1187 3318 Τὸ
1227 3263 1284 3318 δὲ
1329 3263 1437 3317 τῶν
1485 3265 1763 3334 συγγενῶν
1809 3265 1958 3338 αὑτῷ

375 3355 644 3428 συστῆσαι
676 3355 900 3426 πλῆθος,
929 3354 1272 3410 ὑπολαϐόντα
1315 3356 1515 3428 ῥᾳδίως
1550 3357 1711 3410 αὑτὸν
1744 3357 1832 3411 διὰ
1861 3356 1959 3428 τὴν

371 3449 484 3504 τῶν
515 3448 861 3521 στρατιωτῶν
894 3447 1176 3502 ἀσθένειαν
1203 3448 1308 3502 ὑπὸ
1337 3447 1448 3502 τῶν
1486 3449 1761 3522 πολεμίων
1803 3451 1958 3504 ἀναι-

377 3539 722 3614 ρεθήσεσθαι.
754 3541 858 3595 Τὸν
887 3541 946 3595 δὲ
973 3541 1206 3595 Μώῦσον
1239 3540 1462 3595 ἐλθόντα
1481 3543 1575 3596 ἐπὶ
1605 3543 1696 3596 τὸν
1726 3543 1960 3614 Ἕρμου-

373 3632 600 3705 πολίτην
632 3632 1030 3704 ὀνομαζόμενον
1069 3631 1266 3704 νομὸν,
1291 3630 1486 3703 ἔχοντα
1519 3633 1649 3704 περὶ
1694 3632 1828 3686 δέκα
1859 3651 1961 3704 μυ-

377 3723 568 3799 ριάδας
609 3723 905 3796 γεωργῶν,
967 3721 1132 3778 αὑτοῦ
1186 3723 1676 3796 καταστρατεῦσαι.
1737 3725 1960 3796 Πέμψαι

372 3818 429 3872 δέ
463 3817 801 3890 στρατηγοὺς
835 3817 962 3880 τοὺς
1011 3815 1551 3888 ποοκαθεδουμένους
1595 3819 1695 3890 τῆς
1738 3817 1956 3892 χώρας,

372 3909 469 3976 οὓς
509 3910 575 3982 δὴ
602 3911 946 3964 πλεονεκτεῖν
985 3909 1268 3978 ἐπιφανῶς
1306 3910 1449 3964 κατά
1483 3911 1582 3976 τάς
1611 3912 1813 3984 μάχας.
1857 3915 1960 3968 Δέ-

371 4021 493 4074 γειν
537 4003 596 4058 δέ
625 4020 792 4076 φησιν
847 4002 1258 4066 Ἤλιουπολίτας
1295 4003 1548 4070 γενέσθαι
1595 4005 1686 4058 τὸν
1725 4004 1960 4076 πόλεμον

371 4095 562 4152 τοῦτον
603 4095 698 4168 ἐτη
735 4095 890 4150 δέκα.
917 4095 1056 4157 Τοὺς
1088 4089 1180 4148 οὖν
1211 4094 1342 4167 περὶ
1372 4093 1465 4149 τὸν
1496 4094 1746 4163 Μώῦσον,
1781 4096 1872 4150 διὰ
1898 4096 1960 4150 τὸ

375 4186 606 4260 μέγεθος
675 4186 1095 4260 τῆςθστρατιᾶς
1119 4224 1134 4250 ,
1207 4183 1362 4239 πόλιν
1423 4187 1482 4239 ἐν
1547 4186 1722 4260 τούτῳ
1777 4188 1959 4242 κτίσαι

371 4277 453 4352 τῷ
509 4279 662 4351 τόπῳ
696 4319 714 4346 ,
762 4277 857 4332 καὶ
903 4276 1003 4350 τὴν
1065 4275 1172 4329 ἶϐιν
1241 4276 1300 4329 ἐν
1361 4275 1510 4348 αὑτῷ
1585 4276 1957 4348 καθιερῶσαι,

370 4371 464 4429 διὰ
520 4371 583 4426 τὸ
631 4371 836 4443 ταύτην
896 4371 1202 4443 βλάπτοντα
1249 4369 1366 4435 ζῶα
1441 4371 1570 4434 τοὺς
1637 4369 1960 4442 ἀνθρώπους

371 4464 636 4535 ἀναιρεῖν.
706 4459 1156 4535 Πῳσαγορεῦσαι
1226 4461 1285 4515 δὲ
1351 4463 1522 4532 αὐτὴν
1577 4461 1956 4534 Ἑρμούπολιν.

2057 1987 2127 2041 lis
2155 1984 2378 2040 Numini
2406 1985 2637 2042 colendo
2672 1987 2813 2042 ritus
2843 1987 3175 2056 assignatos,
3211 1986 3531 2055 litterasque
3567 1999 3650 2038 sa-

2057 2091 2202 2141 cras,
2232 2083 2364 2144 puta
2411 2073 2620 2140 feiium,
2653 2089 2875 2138 canum,
2908 2073 3078 2127 ibium
3118 2073 3319 2142 Iiguras
3347 2070 3649 2126 sacerdoti-

2055 2171 2161 2226 bus
2212 2185 2336 2225 cum
2395 2169 2661 2240 singulari
2716 2185 2781 2224 ac
2822 2169 3042 2238 propria
3091 2167 3316 2236 regione
3355 2164 3652 2219 attributas

2057 2261 2246 2319 fuisse.
2285 2260 2418 2330 Quae
2445 2261 2631 2316 omnia
2677 2275 2743 2315 eo
2785 2259 3013 2315 consilio
3042 2257 3349 2328 perfecerit,
3385 2267 3446 2311 ut
3492 2271 3649 2310 sum-

2059 2371 2210 2411 mum
2257 2353 2595 2424 Chenephrae
2640 2351 2931 2422 imperium
2980 2351 3282 2416 stabiliret;
3314 2365 3442 2404 cum
3498 2348 3654 2402 rmlio

2059 2447 2316 2504 distincta
2346 2447 2541 2502 ordine
2571 2445 2866 2501 multitudo
2897 2457 3052 2512 reges
3097 2451 3255 2496 antea
3287 2441 3448 2496 modo
3481 2439 3651 2509 ejice-

2059 2548 2164 2607 ret,
2195 2539 2360 2594 modo
2402 2546 2636 2604 crearet,
2666 2553 2732 2592 ac
2785 2551 2927 2606 smpe
2950 2535 3170 2604 quidem
3206 2533 3450 2598 eosdem,
3484 2531 3654 2586 inter-

2061 2632 2192 2689 dum
2220 2631 2384 2686 etiam
2422 2630 2582 2686 alios.
2617 2628 2828 2696 Quibus
2873 2628 2990 2697 ipse
3029 2627 3191 2682 rebus
3221 2640 3332 2678 non
3365 2623 3526 2679 modo
3555 2638 3655 2693 po-

2060 2725 2314 2794 pulorum
2377 2723 2481 2778 sibi
2541 2737 2783 2776 amorem
2835 2718 3182 2782 conciliarit,
3243 2732 3431 2770 verum
3485 2716 3650 2769 etiam

2061 2833 2244 2888 parem
2297 2816 2512 2887 superis
2564 2815 2826 2869 honorem
2872 2827 2902 2866 a
2938 2795 3339 2874 sacerdotibus,
3390 2807 3482 2877 qui
3529 2807 3653 2878 Ἑρ-

2066 2910 2172 2982 μῆν
2203 2907 2378 2972 illum,
2414 2907 2518 2962 hoc
2539 2915 2623 2961 est
2649 2903 3001 2964 Mercurium,
3033 2902 3147 2956 sive
3179 2901 3548 2967 interpretem.
3580 2899 3652 2951 oh

2063 3015 2348 3057 sacrarum
2395 2999 2700 3052 litterarum
2762 2993 3082 3067 ἑρμηνείαν,
3117 2992 3652 3060 interpretationem,

2063 3091 2427 3162 appellarunt,
2460 3088 2620 3143 facile
2666 3085 2993 3158 impetrarit.
3026 3085 3096 3138 At
3125 3098 3258 3138 vero
3289 3082 3650 3150 (Jhenephren

2064 3185 2236 3258 Moysi
2291 3183 2588 3239 virtutibus
2647 3181 3001 3242 invidentem,
3048 3176 3354 3248 perimendi
3410 3175 3654 3231 hominis

2063 3278 2303 3334 colorem
2333 3276 2596 3346 aliquem,
2617 3275 3016 3342 honestamque
3045 3269 3280 3340 speciem
3305 3267 3648 3338 quaesivisse.

2063 3368 2253 3439 Itaque
2287 3383 2412 3422 cum
2443 3367 2495 3420 in
2531 3365 2828 3437 Egyptum
2865 3365 3060 3418 armati
3095 3360 3382 3430 Ethiopes
3417 3359 3652 3413 invasis-

2063 3467 2204 3525 sent,
2240 3457 2586 3515 commodam
2636 3455 2739 3510 sibi
2781 3452 3043 3508 facinoris
3105 3451 3344 3506 oblatam
3399 3449 3653 3504 occasiu-

2063 3565 2186 3606 nem
2246 3564 2369 3605 esse
2421 3555 2624 3610 ratum,
2655 3545 2902 3617 Moysum
2967 3544 3351 3613 imperatorem
3386 3542 3652 3596 adversus

2061 3659 2158 3700 eos
2213 3657 2338 3698 cum
2371 3639 2637 3702 exercitu.
2672 3654 2738 3692 ex
2771 3636 3064 3707 gentilibus
3091 3643 3145 3688 et
3174 3632 3502 3704 prepinqnis
3529 3631 3651 3701 ejus

2063 3735 2358 3792 maximam
2387 3743 2594 3804 partem
2627 3729 2867 3786 conﬂato
2903 3728 3140 3792 misisse,
3175 3726 3324 3798 quod
3363 3741 3488 3780 eum
3522 3741 3653 3796 pro-

2061 3838 2182 3898 pter
2211 3827 2444 3881 militum
2487 3823 2916 3879 imbecillitatem
2947 3821 3016 3876 ab
3053 3819 3208 3875 hoste
3233 3818 3384 3872 nullo
3428 3819 3651 3889 negotio

2061 3920 2464 3978 conﬁciendum
2516 3928 2750 3988 putaret.
2779 3915 3027 3986 Moysum
3054 3924 3236 3968 autem
3263 3911 3331 3966 ad
3361 3911 3650 3981 praefectu-

2059 4029 2178 4068 ram
2219 4009 2538 4082 quamdam,
2581 4008 2671 4062 cui
2729 4005 3114 4076 Hcrmopolitae
3169 4020 3390 4068 nomen,
3419 4019 3651 4074 quaque

2061 4102 2382 4158 colonorum
2441 4098 2510 4153 ad
2575 4106 2792 4152 centum
2859 4097 3025 4152 millia
3079 4095 3425 4158 numerabat,
3467 4093 3650 4163 profe-

2061 4203 2232 4256 ctum,
2263 4202 2444 4248 castra
2497 4190 2572 4246 ibi
2617 4190 2900 4260 posuisse;
2932 4190 3234 4257 legatorum
3270 4201 3498 4240 suorum
3535 4184 3649 4238 for-

2061 4283 2292 4342 tissimis
2318 4299 2384 4338 ac
2413 4281 2816 4352 strenuissimis
2849 4279 3160 4349 quibusque
3199 4275 3521 4346 praemissis,
3551 4275 3647 4344 qui

2060 4377 2244 4431 locum
2285 4390 2351 4430 ac
2391 4373 2574 4430 sedem
2607 4379 2959 4442 occuparent.
2987 4369 3144 4436 Quod
3175 4368 3376 4423 bellum
3413 4376 3528 4421 toto
3553 4368 3649 4421 de-

2061 4467 2256 4524 cennio
2315 4473 2527 4538 gestum
2581 4479 2724 4531 esse,
2751 4465 2822 4519 ab
2851 4461 3267 4532 IIt‘IlOPOIIlailIS
3316 4475 3436 4516 sese
3491 4475 3650 4514 acce-

372 4553 530 4610 οὖτω
557 4553 624 4626 δὴ
675 4555 802 4618 τοὺς
847 4552 1147 4618 Αἰθίοπας,
1181 4551 1387 4624 καίπερ
1427 4553 1589 4617 ὄντας
1644 4552 1957 4624 πολεμίους,

2065 4561 2210 4630 pisse
2257 4567 2509 4615 testatur.
2533 4556 2709 4612 Porro
2757 4555 3028 4629 Moysum,
3060 4554 3340 4624 copiarum
3371 4552 3650 4624 magnitu-

374 4646 598 4720 στέρξαι
635 4646 730 4701 τὸν
758 4644 1024 4712 Μώΰσον,
1057 4644 1200 4700 ὥστε
1237 4646 1332 4699 καὶ
1363 4645 1462 4716 τὴν
1507 4644 1817 4718 περιτομὴν
1848 4645 1958 4699 τῶν

371 4739 587 4794 αἰδοίων
620 4741 752 4810 παρ’
782 4739 992 4793 ἐκείνου
1031 4738 1257 4812 μαθεῖν·
1304 4741 1365 4793 οὑ
1417 4740 1578 4810 μόνον
1609 4739 1668 4794 δὲ
1713 4739 1958 4802 τούτους,

373 4830 511 4885 ἀλλὰ
558 4831 653 4886 καὶ
703 4832 830 4895 τοὺς
887 4832 1053 4903 ἱερεῖς
1084 4830 1350 4898 ἅπαντας.
1397 4833 1503 4887 Τὸν
1534 4831 1591 4886 δὲ
1644 4831 1958 4903 Χενεφρῆν,

371 4921 626 4988 λυθέντος
654 4923 750 4976 τοῦ
779 4923 1043 4995 πολέμου,
1071 4923 1215 4996 λόγῳ
1251 4925 1348 4996 μὲν
1379 4924 1542 4978 αὑτὸν
1572 4922 1957 4989 ἀποδέξασθαι,

371 5013 522 5086 ιργῳ
539 5014 598 5068 δὲ
624 5012 1014 5068 ἐπιϐουλεύειν.
1047 5015 1420 5089 Παρελόμενον
1451 5014 1584 5085 γοῦν
1623 5015 1788 5068 αὑτοῦ
1833 5016 1960 5078 τοὺς

371 5110 586 5182 ὕχλους,
613 5111 742 5174 τοὺς
777 5109 875 5180 μὲν
910 5109 1004 5164 ἐπὶ
1029 5110 1098 5164 τὰ
1128 5111 1252 5182 ὅρια
1290 5110 1388 5181 τῆς
1410 5107 1696 5172 Αἰθιοπίας
1719 5108 1956 5180 πέμψαι,

372 5201 732 5272 προφυλακῆς
767 5200 963 5272 χάρινο
1011 5205 1124 5267 τοῖς
1160 5202 1218 5255 δὲ
1265 5201 1566 5274 προστάξαι
1611 5202 1704 5256 τὸν
1741 5205 1800 5256 ἐν
1837 5202 1960 5266 Διὸς

373 5291 527 5346 πόλει
555 5291 683 5346 ναὸν
716 5290 778 5356 ἐξ
817 5289 992 5360 ὀπτῆς
1040 5291 1262 5346 πλίνθου
1297 5288 1804 5362 κατεσκευασμένον
1860 5307 1959 5343 κα-

372 5383 586 5455 θαιρεῖν
609 5400 624 5414 ·
654 5383 842 5454 ἕτερον
867 5383 924 5438 δὲ
956 5382 1153 5438 λίθινον
1187 5383 1616 5455 κατασκευάσαι,
1651 5383 1712 5436 τὸ
1731 5381 1960 5452 πλησίον

371 5453 500 5548 δρος
543 5453 978 5548 λατομήσαντας.
1025 5475 1198 5540 Τάξαι
1257 5475 1314 5529 δὲ
1366 5476 1460 5529 ἐπὶ
1503 5453 1602 5546 τῆς
1649 5473 1960 5544 οἰκοδομίας

371 5570 673 5640 ἐπιστάτην
707 5568 1030 5640 Ναχέρωτα.
1058 5569 1163 5622 Τὸν
1189 5568 1267 5631 δὲ,
1299 5567 1520 5621 ἐλθόντα
1556 5567 1695 5639 μετά
1723 5568 1959 5622 Μωΰσου

373 5662 456 5723 εἰς
479 5659 729 5730 Μέμφιν,
755 5659 1025 5714 πυθέσθαι
1073 5661 1203 5732 παρ’
1233 5657 1421 5722 αὑτοῦ,
1457 5659 1511 5712 ετ
1538 5676 1593 5712 τι
1641 5659 1769 5714 ἄλλο
1811 5661 1960 5714 ἐστὶν

373 5748 676 5822 εὔχρηστον
706 5752 820 5814 τοῖς
845 5748 1174 5821 ἀνθρώποις.
1210 5748 1314 5801 Τὸν
1363 5747 1419 5800 δὲ
1451 5749 1617 5816 φάναι
1657 5749 1814 5817 γένος
1850 5749 1960 5802 τῶν

375 5835 539 5908 βοῶν,
572 5837 654 5892 διὸ
679 5837 742 5892 τὸ
766 5837 866 5909 τὴν
911 5838 1014 5909 γῆν
1047 5837 1154 5890 ὑπὸ
1195 5835 1398 5891 τούτων
1431 5835 1717 5896 ἀροῦσθαι.
1761 5839 1865 5894 Τὸν
1897 5839 1956 5895 δὲ

2062 4646 2188 4702 dine
2223 4647 2576 4710 instructum,
2617 4646 2808 4703 eodem
2847 4648 2899 4700 in
2935 4647 3056 4700 loco
3097 4645 3288 4700 urbem
3317 4643 3650 4710 condidisse,

2063 4740 2432 4811 Hermopolim
2493 4741 2734 4806 nomine,
2779 4740 2834 4794 in
2883 4757 2986 4810 qua
3050 4739 3284 4808 primum
3317 4736 3470 4800 ibim,
3499 4737 3650 4806 quod

2061 4833 2252 4887 noxias
2303 4831 2618 4888 hominibus
2641 4814 2974 4886 .animantcs
3006 4831 3258 4900 perimat,
3289 4827 3643 4883 consecrarit.

2060 4921 2222 4995 433
2254 4921 2542 4994 ΛΕιῑιὶορεε
2595 4931 2778 4978 autem
2833 4923 3003 4992 ipsos,
3035 4921 3252 4975 tatttctsi
3293 4921 3498 4983 hostes,
3535 4928 3647 4973 tam

2061 5031 2334 5085 propenso
2361 5023 2541 5070 tamen
2571 5016 2624 5068 in
2661 5013 2909 5087 Moysum
2939 5015 3125 5069 animo
3163 5013 3355 5076 fuisse,
3388 5021 3446 5065 ut
3474 5011 3646 5080 ipsius

2061 5123 2280 5178 quoque
2308 5107 2748 5164 circumcisionis
2791 5107 2862 5162 ab
2909 5122 2976 5160 eo
3028 5109 3192 5160 ritum
3227 5105 3558 5174 acciperent.
3589 5101 3644 5157 id

2059 5202 2205 5270 quod
2233 5216 2264 5254 a
2295 5199 2674 5256 sacerdotibus
2703 5200 2869 5254 etiam
2898 5199 3154 5252 omnibus
3182 5196 3482 5268 pragstitum
3531 5193 3647 5248 fne-

2061 5293 2152 5346 rit.
2183 5291 2453 5348 Caeterum
2501 5291 2884 5361 Chenephren,
2919 5289 3166 5345 confecto
3220 5289 3383 5354 bello,
3425 5289 3644 5342 tametsi

2063 5383 2494 5439 benevolentiam
2528 5397 2624 5436 ore
2659 5381 2967 5444 simularet,
3003 5381 3140 5434 clam
3193 5381 3244 5434 ei
3295 5388 3476 5434 tamen
3510 5379 3645 5434 insi-

2061 5474 2196 5529 diari
2249 5473 2429 5542 reipsa
2485 5470 2812 5540 perrexisse.
2875 5469 3060 5536 Itaque
3116 5465 3286 5537 Moysi
3335 5465 3520 5534 copias
3564 5465 3643 5520 ita

2060 5565 2402 5628 distraxisse,
2435 5571 2494 5616 ut
2553 5562 2752 5632 partim
2808 5561 2874 5615 ad
2919 5558 3214 5628 Ethiopiae
3265 5557 3500 5612 coniinia
3547 5571 3644 5628 per

2061 5670 2284 5710 causam
2320 5652 2561 5724 praesidii
2592 5651 2888 5721 ablegaret,
2921 5647 3132 5722 partim.
3159 5647 3479 5717 Diospoieos
3507 5655 3642 5700 tem-

2059 5746 2210 5816 plum
2237 5745 2420 5816 operis
2447 5743 2668 5799 lateritii
2693 5743 2934 5808 diruere,
2964 5743 3240 5812 aliudque,
3269 5741 3544 5810 lapidibus
3571 5752 3640 5792 ex

2060 5837 2243 5894 vicino
2302 5845 2486 5892 monte
2540 5836 2718 5906 caesis,
2753 5835 3022 5906 lapideum
3073 5835 3342 5890 aediﬁcare
3407 5835 3640 5906 inheret.
