4194 6406
555 401 655 455 751

1190 393 1462 450 EUSEBII
1498 386 1989 449 CEESARIENSIS
2027 384 2181 441 OPP.
2227 380 2411 439 PARS
2450 380 2516 437 ll.
2555 409 2627 423 —-
2666 377 3179 436 APOLOCETICA.

3719 372 3820 429 πε

557 527 697 583 Huic
729 526 877 596 operi
914 523 1266 578 Nscherotem
1299 520 1590 591 quemdam
1623 519 1692 573 ab
1726 532 1793 573 eo
1823 512 2137 584 prmfectum

2260 502 2547 574 Κενεφρῆν,
2578 496 3098 572 προσαγορεύσαντα
3125 490 3327 564 ταῦρον
3355 493 3540 554 'Amv,
3574 488 3823 543 κελεῦσαι

557 638 700 681 esse.
727 621 818 690 qui
847 617 1138 688 Memphim
1172 631 1277 670 una
1304 630 1428 670 cum
1447 613 1634 684 Moyse
1668 609 1966 681 profectus,
1990 623 2140 678 qua:-

557 714 713 770 sierit
761 728 826 767 ex
886 726 974 774 eo,
1039 708 1304 778 numquid
1359 717 1616 776 prmterea
1663 705 1902 759 humano
1954 703 2140 775 generi

556 804 908 859 commodum
958 802 1196 871 utileque
1240 806 1449 854 nosset.
1505 799 1605 852 Cui
1634 796 1877 867 Moysus.
1909 810 1968 850 se
2009 808 2141 848 vero

557 913 744 961 nosse,
770 898 939 951 boves
984 895 1268 959 nimirum,
1291 892 1494 963 quibus
1542 892 1597 945 in
1649 891 1855 945 aranda
1884 900 2028 945 terra
2062 889 2141 942 uti

558 992 764 1046 liceret.
799 990 867 1043 At
899 987 1279 1056 Chenepbren,
1313 986 1404 1039 ubi
1454 994 1611 1039 tauro
1643 983 1774 1053 Apis
1819 998 2018 1036 nomen
2059 983 2143 1035 in-

559 1083 805 1145 didisset,
834 1082 881 1136 ei
925 1082 1189 1136 continuo
1222 1078 1482 1148 templum
1538 1094 1567 1131 a
1616 1075 1965 1130 multitudine
1990 1074 2142 1145 poni,

560 1175 862 1243 eodemque
892 1173 1187 1227 translatas
1213 1172 1521 1225 animantes
1547 1186 1577 1223 a
1604 1169 1793 1239 Moyse
1826 1168 1980 1237 prius
2010 1184 2143 1222 con-

563 1276 806 1323 secratas
853 1265 1070 1335 sepeliri
1118 1263 1377 1323 voluisse.
1408 1263 1484 1316 uti
1517 1278 1699 1315 rerum
1730 1263 1798 1315 ab
1825 1277 1891 1315 eo
1922 1248 2144 1316 institu-

564 1368 744 1412 tarum
790 1357 1111 1412 memoriam
1158 1371 1267 1409 una
1315 1354 1589 1416 sepeliret.
1636 1352 1839 1406 Verum
1868 1352 2145 1406 abaliena-

565 1460 652 1505 tos
682 1466 710 1505 a
742 1464 802 1504 se
836 1459 1123 1520 propterea
1169 1465 1293 1503 cum
1324 1446 1704 1517 Egyptiorum
1739 1446 1953 1500 animos
1986 1445 2147 1498 intel-

566 1543 777 1612 ligeret,
804 1543 943 1596 clam
984 1541 1345 1612 jurejurando
1392 1542 1694 1595 amicorum
1722 1554 1948 1593 suorum
1985 1537 2143 1591 [idem

566 1634 953 1699 obstrinxisse,
984 1636 1062 1689 uti
1117 1650 1186 1689 ne
1235 1634 1360 1702 quis
1410 1632 1599 1702 Moyso
1636 1639 1861 1702 paratas
1918 1631 2147 1686 insidias

569 1725 823 1794 aperiret.
845 1725 1117 1794 simulque
1149 1725 1363 1779 futuros
1392 1724 1555 1779 caedis
1581 1735 1835 1778 auctores
1863 1723 2150 1793 designas-

569 1834 648 1873 se.
690 1816 1136 1873 Reclamantibus
1185 1816 1461 1881 omnibus,
1495 1814 1932 1876 Chanethothen.
1982 1830 2143 1883 quem

568 1927 633 1966 ex
673 1912 928 1966 omnibus
972 1911 1244 1979 prrecipue
1274 1909 1539 1974 nominat,
1582 1907 1832 1963 acerbius
1865 1907 2147 1975 inerepas.

570 2018 651 2067 se,
679 2001 771 2071 qui
805 2002 949 2069 regis
984 2002 1203 2055 tandem
1238 2000 1540 2056 oﬂ‘ensionc
1569 2008 1873 2070 permotus,
1904 2013 2152 2055 commo-

569 2094 642 2148 do
696 2108 755 2148 se
818 2102 1058 2163 tempore
1119 2092 1330 2148 facinus
1384 2093 1660 2148 obiturum
1695 2093 1977 2161 receperit.
2009 2092 2152 2163 Et‘go

571 2200 697 2239 eum
756 2185 811 2238 in
867 2201 963 2240 eos
1019 2184 1159 2240 forte
1209 2185 1328 2240 dies
1372 2185 1603 2240 Merrhis
1631 2186 1813 2240 obitus
1847 2186 2149 2250 incidisset,

572 2273 929 2345 Chenephren
966 2276 1325 2331 transferendi
1360 2277 1502 2331 ultra
1540 2276 1755 2348 Egypti
1789 2278 1925 2332 ﬁnes
1950 2291 2150 2346 carpo-

573 2369 674 2432 ris,
715 2369 1026 2439 ibidemque
1069 2370 1387 2439 sepeliendi,
1436 2369 1624 2439 Moyso
1662 2379 1717 2425 et
1758 2369 2156 2425 Chanethotha:

573 2470 898 2531 potestatem
960 2461 1175 2524 fecisse,
1222 2478 1346 2516 cum
1403 2461 1748 2517 interfectum
1807 2462 1873 2516 iri
1923 2462 1994 2516 ab
2048 2462 2156 2516 isto

574 2552 823 2625 Moysum
853 2563 1091 2625 putaret.
1124 2553 1323 2609 Verum
1361 2554 1574 2610 insidiis
1602 2570 1631 2608 a
1661 2556 1885 2610 conscio
1916 2554 2154 2624 quodam

576 2648 631 2700 in
677 2647 873 2701 itinere
906 2647 1010 2702 sibi
1056 2647 1361 2717 patefactis,
1396 2646 1641 2720 Moysum
1669 2646 1832 2702 saluti
1874 2663 1989 2703 suae
2033 2647 2158 2701 dili-

575 2739 793 2806 gentius
826 2740 1036 2795 cavisse
1072 2758 1086 2796 :
1126 2741 1237 2805 cui,
1272 2750 1397 2809 post
1441 2741 1706 2810 sepultam
1748 2739 2012 2806 Merrhin,
2046 2738 2160 2793 Me-

576 2847 811 2903 roesque
843 2849 1044 2887 nomen
1080 2833 1245 2888 fluvio
1277 2843 1440 2896 atque
1466 2832 1588 2888 urbi
1620 2832 1685 2888 ad
1727 2831 1952 2886 ﬂuvium
1984 2829 2158 2887 adifi-

576 2933 712 2979 catas
759 2925 1073 2994 impositum
1112 2927 1312 2994 (quam
1343 2925 1562 2995 quidem
1595 2924 1859 2989 Merrhin,
1894 2924 2162 2994 indigena:

576 3017 722 3072 haud
772 3019 972 3073 minori
1020 3035 1182 3089 quam
1235 3018 1341 3074 Isin
1394 3019 1567 3088 ipsam
1603 3018 1865 3089 religione
1898 3034 2162 3074 veneren-

578 3110 709 3174 tur),
747 3110 925 3165 Aaron
959 3110 1145 3174 frater,
1183 3111 1275 3180 qui
1302 3118 1357 3165 et
1386 3110 1501 3179 ipse
1523 3111 1957 3180 coniurationem
1991 3110 2162 3167 resci-

577 3212 750 3267 verat,
783 3213 974 3259 auctor
1005 3203 1188 3269 fuerit,
1224 3204 1300 3257 uti
1328 3202 1507 3273 fugam
1537 3203 1592 3256 in
1624 3204 1881 3258 Arabiam
1909 3219 2160 3271 capesse-
2186 3229 2229 3286 ο

578 3303 680 3350 ret.
721 3294 875 3349 Illum
916 3309 1046 3364 ergo
1075 3294 1366 3349 consilium
1407 3293 1593 3349 fratris
1622 3305 1893 3357 secutum,
1922 3292 2159 3363 Memphi

581 3388 833 3448 solvisse.
868 3385 1101 3456 Niloque
1154 3387 1383 3455 traiecto
1443 3387 1496 3440 in
1553 3387 1810 3442 Arabiam
1865 3389 2158 3457 appulisse.

580 3472 746 3548 535
769 3474 1203 3529 Chanethothem
1230 3490 1382 3539 vero,
1403 3473 1527 3545 fuga
1548 3476 1837 3541 intellecta.
1859 3476 2087 3531 insidias
2111 3476 2162 3529 ei

582 3566 898 3631 tetendisse,
926 3565 1128 3634 quibus
1159 3575 1446 3636 exceptum
1501 3567 1868 3635 opprimeret;
1918 3567 2165 3636 adeoque

581 3655 820 3709 venienti
874 3654 1063 3709 stricto
1106 3655 1288 3724 gladio
1312 3655 1622 3709 occurrisse
1656 3674 1669 3709 :
1700 3664 1756 3710 at
1790 3653 2038 3724 Moysum
2069 3657 2167 3710 ho-

583 3745 790 3803 minem
822 3760 1139 3814 oecupasse,
1170 3761 1272 3801 nec
1303 3746 1421 3815 ejus
1454 3754 1664 3800 tantum
1711 3745 2016 3801 inhibuisse
2050 3762 2169 3801 ma-

586 3852 742 3897 num.
772 3836 864 3891 sed
900 3836 1062 3889 etiam
1115 3836 1265 3890 illum
1316 3835 1516 3891 educto
1557 3852 1689 3893 ense
1735 3836 2071 3893 confodisse.
2120 3837 2165 3891 E

586 3927 818 3997 vestigio
875 3926 1119 3996 elapsum
1178 3928 1231 3982 in
1293 3928 1574 3991 Arabiam,
1604 3929 1670 3983 ad
1709 3929 1996 4000 Raguelem
2049 3931 2170 3999 ejus

587 4030 704 4074 tum
735 4020 975 4089 regionis
1012 4021 1315 4089 principem
1348 4020 1664 4085 adhaesisse,
1697 4021 1767 4076 ab
1792 4036 1968 4091 eoque
2001 4021 2170 4076 ﬁliam

589 4114 644 4168 in
676 4127 901 4167 uxorem
942 4113 1240 4183 accepisse.
1279 4111 1453 4168 Porro
1486 4128 1608 4167 cum
1643 4113 1695 4167 in
1726 4111 2011 4184 Egyptios
2051 4129 2170 4169 mo-

591 4221 717 4260 vere
751 4204 1027 4275 Raguelus
1078 4205 1427 4261 vehementer
1478 4212 1710 4275 optaret,
1739 4214 1799 4260 ut
1829 4203 2077 4276 Moysum
2106 4219 2171 4260 eo

589 4295 900 4359 deduceret,
931 4296 1160 4365 filiaeque
1188 4296 1351 4351 simul
1381 4312 1445 4350 ac
1472 4310 1671 4363 genero
1700 4296 1988 4366 imperium
2018 4311 2171 4351 assc-

591 4397 736 4442 reret
776 4406 789 4441 :
826 4386 1096 4459 Moysum,
1127 4388 1269 4459 quod
1299 4388 1590 4459 gentilibus
1627 4388 1742 4444 suis
1786 4396 2073 4455 metueret,
2106 4388 2174 4443 ab

592 4496 655 4534 ea
707 4481 886 4549 ipsum
938 4489 1121 4535 mente
1170 4481 1448 4536 dimovere
1475 4490 1733 4536 conatum
1765 4496 1884 4538 esse
1929 4481 2171 4551 quidem,

594 4573 687 4628 sed
732 4583 911 4627 tamen
970 4582 1025 4627 et
1064 4572 1335 4629 Arabibus
1386 4574 1680 4641 abstinere,
1737 4582 1792 4628 et
1840 4589 1907 4629 ex
1938 4573 2172 4645 Egypto
2205 4586 2249 4639 ι)

593 4666 806 4735 praedas
866 4680 1027 4734 agere
1086 4680 1117 4718 a
1169 4664 1411 4735 Raguelo
1458 4665 1674 4733 jussum
1715 4663 1906 4720 fuisse.
1968 4664 2176 4721 Interea

594 4755 951 4824 Chenephren
980 4755 1303 4825 elephantiae
1343 4756 1538 4810 morbo
1583 4756 1895 4811 mortalium
1929 4758 2174 4811 omnium

594 4849 894 4919 principem
930 4849 1153 4912 obiisse,
1181 4865 1305 4903 cum
1338 4849 1392 4903 in
1424 4865 1546 4903 eum
1579 4849 1882 4914 incidisset,
1906 4850 2049 4919 quod
2079 4847 2179 4903 Ju-

490 4990 501 4997 .
594 4941 763 5007 daeos,
799 4941 970 4996 lanea:
1013 4941 1183 4995 vestis
1214 4957 1316 4996 usu
1351 4941 1650 5010 prohibito,
1687 4940 1947 4996 sindones
1976 4940 2177 5011 jussis-

597 5043 680 5088 set
707 5034 956 5096 induere,
993 5048 1103 5104 quo
1132 5032 1346 5089 facilius
1380 5034 1434 5088 in
1467 5049 1561 5089 eos
1588 5034 1693 5088 hoc
1719 5048 1747 5087 δ
1781 5032 1991 5087 caeteris
2026 5032 2174 5086 cultu

597 5126 884 5182 distinctos
909 5127 1100 5181 saevire
1122 5136 1328 5197 posset.
1359 5126 1428 5181 At
1450 5125 1692 5199 Moysum
1724 5125 1900 5196 gentis
1934 5141 2047 5181 suae
2077 5125 2180 5178 mi-

599 5218 773 5272 serias
801 5219 942 5287 apud
980 5216 1149 5272 Deum
1182 5217 1402 5273 assidue
1427 5219 1830 5288 deprecantem,
1858 5231 1923 5270 eo
1954 5216 2175 5270 demum

599 5319 843 5378 tempore
858 5308 1068 5363 Numen
1092 5309 1384 5380 propitium
1412 5310 1694 5374 habuisse,
1715 5325 1777 5364 ac
1805 5317 2025 5378 repente
2055 5323 2181 5361 suc-

600 5419 822 5458 censum
872 5419 903 5458 e
936 5413 1078 5459 terra
1109 5406 1289 5474 ignem
1319 5406 1566 5475 erupisse
1595 5404 1691 5465 ait,
1722 5404 1815 5473 qui
1844 5403 2060 5457 tametsi
2095 5401 2179 5457 lo—

600 5511 698 5549 cus
728 5496 797 5549 ab
834 5497 981 5550 omni
1031 5496 1178 5566 ligno
1227 5498 1443 5566 aliaque
1497 5496 1723 5551 materia
1758 5494 1867 5564 igni
1907 5494 2180 5565 pascendo

599 5599 725 5656 apta
755 5604 962 5645 vacuus
987 5601 1151 5658 esset,
1184 5591 1377 5647 ardere
1404 5599 1582 5646 tamen
1613 5605 1723 5644 non
1757 5586 2177 5654 desineret.Quo

679 5724 799 5777 δῖσ.
840 5728 1386 5798 προκατασχήσαντα.
1463 5726 1492 5768 ι)
1532 5728 1619 5783 ῖσ.
1650 5726 1891 5796 γεγονός.

2246 595 2391 668 ἱερὸν
2419 592 2584 647 αὑτοῦ
2620 593 2744 654 τοὺς
2777 589 2971 659 ὖχλους
3000 583 3455 655 καθιδρύσασθαι,
3485 583 3581 637 καὶ
3612 582 3682 637 τὰ
3712 580 3825 646 ζῶα

2242 690 2311 743 τά
2363 685 2766 755 καθιερωθέντα
2820 682 2925 736 ὑπὸ
2969 681 3064 734 τοῦ
3126 679 3364 735 Μωΰσου
3419 676 3663 731 κελεύειν
3713 674 3828 728 ἐκεῖ

2244 782 2512 852 φέροντας
2547 777 2807 838 θάπτειν,
2841 772 3247 844 κατακρύπτειν
3276 770 3445 824 θέλων
3486 770 3599 841 (72)
3632 770 3703 823 τά
3732 769 3826 823 τοῦ

2243 873 2479 929 Μωῢσου
2503 871 2869 939 ἐπινοήματα.
2907 865 3395 930 Ἀποξενωσάντων
3439 864 3496 918 δέ
3526 861 3689 916 αὐτὸν
3722 860 3829 917 τῶν

2244 964 2578 1034 Αἰγυπτίων,
2607 960 2993 1033 ὁρκωμοτῆσαι
3028 959 3154 1020 τοὺς
3186 957 3372 1027 φίλους
3408 957 3482 1027 μὴ
3519 954 3829 1024 ἐξαγγεῖλαι

2242 1058 2321 1127 τῷ
2351 1055 2570 1124 Μωΰσῳ
2613 1054 2714 1123 τὴν
2763 1050 3258 1119 ἐπισυνισταμένην
3313 1047 3464 1118 αὑτῷ
3499 1046 3791 1117 ἐπιϐουλὴν
3815 1085 3829 1110 ,

2247 1150 2340 1204 καὶ
2369 1145 2733 1217 προϐαλέσθαι
2769 1143 2896 1206 τοὺς
2931 1144 3327 1213 ἀναιρήσοντας
3363 1139 3545 1193 αὑτόν.
3586 1137 3836 1207 Μηδενὸς

2244 1241 2289 1293 δ’
2320 1238 2751 1301 ὑπακούσαντος,
2774 1235 3029 1288 ὀνειδίσαι
3052 1234 3144 1288 τὸν
3171 1232 3454 1304 Χενεφρῆν
3481 1229 3831 1299 Χανεθώθην,

2246 1333 2338 1385 τὸν
2396 1330 2629 1402 μάλιστα
2678 1326 3215 1400 προσαγορευόμενον
3265 1323 3357 1377 ὑπ’
3407 1320 3590 1376 αὑτοῦ.
3637 1319 3743 1372 Τὸν
3777 1319 3834 1373 δέ

2246 1422 2629 1485 ὀνειδισθέντα,
2656 1419 2987 1491 ὑποσχέσθαι
3016 1418 3116 1488 τὴν
3148 1415 3410 1479 ἐπίθεσιν,
3440 1412 3675 1468 λαϐόντα
3715 1428 3837 1466 και-

2252 1513 2364 1585 ρόν.
2399 1513 2535 1565 Ὑπὸ
2561 1511 2620 1564 δὲ
2647 1510 2836 1563 τοῦτον
2864 1509 2957 1561 τὸν
2978 1507 3189 1578 καιρὸν,
3226 1505 3324 1576 τῆς
3356 1503 3627 1574 Μέῥριδος
3650 1501 3839 1556 τελευ-

2248 1606 2513 1677 τησάσης,
2552 1602 2886 1674 ὑποσχέσθαι
2928 1600 3021 1654 τὸν
3064 1597 3351 1670 Χενεφρῆν
3392 1595 3471 1667 τῷ
3506 1613 3563 1649 τε
3613 1595 3838 1666 Μωΰσῳ

2250 1700 2344 1753 καὶ
2376 1698 2454 1769 τῷ
2487 1695 2785 1765 Χανεθώθῃ
2807 1693 2880 1746 τὸ
2916 1692 3095 1763 σῶμα,
3131 1691 3273 1744 ὥστε
3301 1688 3730 1760 διακομίσαντας
3757 1688 3840 1750 είς

2249 1792 2378 1853 τοὺς
2406 1789 2547 1861 ὑπὲρ
2575 1787 2850 1856 Αἴγυπτον
2890 1784 3090 1847 τόπους
3125 1781 3324 1851 θάψαι,
3379 1778 3723 1832 ὑπολαϐόντα
3747 1777 3842 1831 τὸν

2183 1876 2223 1929 Β
2250 1880 2481 1937 Μώῢσον
2510 1880 2615 1934 ὑπὸ
2645 1878 2739 1931 τοῦ
2784 1875 3045 1932 Χανεθὼθ
3079 1871 3555 1944 ἀναιρεθήσεσθαι.
3597 1871 3841 1943 Πορευο-

2257 1974 2433 2045 μένων
2465 1974 2522 2027 δὲ
2552 1971 2754 2033 αὐτῶν,
2782 1970 2879 2039 τὴν
2902 1966 3193 2037 ἐπιϐουλὴν
3221 1964 3299 2036 τῷ
3329 1964 3551 2034 Μωΰσῳ
3568 1963 3677 2016 τῶν
3711 1978 3843 2015 συν-

2252 2066 2468 2120 ειδότων
2504 2062 2814 2132 ἐξαγγεῖλαί
2848 2079 2993 2116 τινα.
3028 2059 3133 2114 Τὸν
3179 2058 3237 2112 δὲ
3285 2057 3629 2127 φυλάσσοντα
3676 2052 3845 2107 αὐτὸν

2251 2158 2350 2227 τὴν
2383 2156 2480 2227 μὲν
2521 2155 2733 2226 Μὲρῤιν
2772 2151 2963 2222 θάψαι,
3001 2150 3093 2203 τὸν
3126 2149 3184 2203 δέ
3224 2147 3490 2219 ποταμὸν,
3524 2145 3618 2199 καὶ⁴
3651 2143 3750 2215 τὴν
3785 2145 3847 2196 ἐν

2254 2247 2448 2315 ἐκείνῳ
2477 2245 2632 2298 πόλιν
2663 2243 2883 2314 Μερόην
2925 2239 3392 2312 προσαγορεῦσαι.
3430 2234 3737 2308 (Τιμᾶσθαι
3787 2232 3849 2286 δέ

2253 2339 2352 2410 τὴν
2378 2338 2592 2407 Μὲρριν
2633 2336 2841 2405 ταύτην
2865 2334 2973 2387 ὑπὸ
3013 2332 3120 2387 τῶν
3160 2329 3442 2402 ἐγχωρίων
3488 2328 3587 2382 οὑκ
3622 2327 3849 2380 ἔλαττον

2253 2432 2288 2503 ἦ
2327 2430 2426 2502 τὴν
2463 2425 2653 2499 Ἶσιν.)
2703 2427 2952 2499 ’Δάρωνα
2975 2425 3033 2479 δέ
3074 2424 3164 2478 τὸν
3190 2422 3283 2477 τοῦ
3325 2422 3561 2477 Μωύσου
3593 2418 3850 2488 ἀδελφὺν,

2253 2522 2326 2576 τὰ
2362 2521 2491 2593 περὶ
2530 2519 2629 2592 τὴν
2659 2517 2954 2588 ἐπιϐουλὴν
2982 2515 3298 2584 ἐπιγνόντα,
3339 2512 3739 2585 συμϐουλεῦσαι
3766 2510 3851 2581 τῷ

2256 2614 2470 2684 ἀδελφῷ
2494 2615 2686 2683 φυγεῖν
2721 2614 2801 2675 εἰς
2843 2611 2942 2679 τὴν
2975 2609 3256 2681 Ἀραϐίαν.
3296 2608 3400 2660 Τὸν
3445 2606 3503 2659 δὲ
3531 2600 3853 2668 πεισθέντας

2257 2708 2364 2760 ἀπὸ
2411 2706 2691 2776 Μέμφεως
2729 2704 2821 2757 τὸν
2860 2700 3052 2755 Νεῖλον
3090 2700 3527 2764 διαπλεύσαντα,
3566 2697 3854 2780 ἀπαλλάσ-

2261 2800 2446 2855 σεσθαι
2471 2802 2549 2863 είς
2570 2797 2668 2869 τὴν
2701 2796 2981 2869 Ἀραϐίαν.
3016 2793 3120 2848 Τὸν
3144 2794 3200 2847 δὲ
3222 2791 3572 2864 Χανεθώθην,
3606 2789 3851 2862 πυθόμε-

2259 2911 2349 2947 νον
2377 2891 2470 2947 τοῦ
2508 2891 2744 2945 Μωΰσου
2778 2890 2875 2961 τὴν
2915 2888 3115 2959 φυγὴν,
3160 2884 3464 2957 ἐνεδρεύειν
3504 2885 3580 2949 ὡς
3622 2885 3851 2958 ἀναιρή-

2265 3000 2445 3039 σοντα.
2473 2983 2671 3036 ’ῐδόντα
2697 2981 2753 3034 δὲ
2779 2982 3092 3052 ἐρχόμενον,
3114 2977 3421 3059 σπάσασθαι
3445 2977 3545 3049 τὴν
3576 2977 3852 3049 μάχαιραν

2261 3074 2348 3129 ἐπ’
2383 3073 2562 3128 αὑτόν.
2587 3072 2692 3126 Τὸν
2715 3072 2771 3125 δὲ
2796 3070 3049 3134 Μώῦσον,
3080 3071 3574 3143 προκαταχήσαντα
3598 3080 3625 3109 ι
3658 3069 3759 3137 τήν
3788 3084 3851 3120 τε

2260 3168 2420 3238 χεῖρα
2465 3165 2758 3235 κατασχεῖν
2810 3162 2972 3217 αὑτοῦ
2999 3203 3013 3223 ,
3048 3163 3144 3217 καὶ
3196 3161 3542 3233 σπασάμενον
3574 3159 3634 3213 τὸ
3677 3159 3850 3230 ξίφος,

2264 3257 2521 3330 φονεῦσαι
2579 3257 2672 3311 τὸν
2739 3255 3089 3324 Χανεθώθην.
3130 3254 3452 3324 Διεκδρᾶναι
3504 3252 3562 3305 δὲ
3617 3252 3700 3314 είς
3751 3252 3852 3321 τὴν

2275 3350 2551 3423 Ἀραϐίαν,
2574 3347 2670 3403 καὶ
2696 3346 3010 3416 Ῥαγουήλῳ
3030 3344 3108 3415 τῷ
3119 3345 3226 3397 τῶν
3253 3345 3435 3397 τόπων
3464 3345 3684 3413 ἄρχοντι
3717 3359 3780 3393 συ
3789 3359 3852 3410 μ-

2264 3439 2444 3505 ϐιοῦν,
2473 3438 2706 3493 λαϐόντα
2746 3436 2845 3508 τὴν
2890 3436 3101 3489 ἐκείνου
3144 3430 3438 3502 θυγατέρα.
3484 3429 3589 3482 Τὸν
3627 3428 3686 3481 δέ
3731 3428 3850 3480 Ῥα-

2264 3533 2492 3603 γουῆλον
2523 3528 2809 3601 βούλεσθαι
2856 3523 3173 3597 στρατεύειν
3204 3522 3299 3575 ἐπὶ
3340 3522 3468 3585 τοὺς
3500 3519 3851 3587 Αἰγυπτίους,

2266 3624 2527 3693 κατάγειν
2558 3620 2881 3692 βουλόμενον
2905 3617 2996 3670 τὸν
3020 3614 3274 3678 Μώῦσον,
3298 3614 3392 3666 καῖ
3409 3613 3509 3684 τὴν
3535 3611 3851 3665 δυναστείαν

2264 3720 2332 3788 τῇ
2365 3733 2425 3770 τε
2449 3713 2681 3785 θυγατρὶ
2710 3710 2803 3765 καὶ
2834 3708 2913 3781 τῷ
2937 3705 3173 3778 γαμϐρῷ
3202 3704 3635 3759 κατασκευάσαι.
3662 3702 3765 3754 Τὸν
3795 3701 3850 3753 δὲ

2266 3806 2502 3862 Μὼὓσον
2534 3800 2922 3865 ἀποκωλῦσαι,
2961 3796 3354 3867 στοχαζόμενον
3387 3795 3495 3847 τῶν
3541 3788 3851 3862 ὁμοφύλων.

2268 3901 2374 3954 Τὸν
2432 3898 2490 3951 δὲ
2541 3893 2867 3963 Ῥαγουῆλον
2935 3888 3300 3944 διακωλύοντα
3366 3882 3680 3956 στρατεύειν
3742 3883 3852 3946 τοῖς

2274 3990 2499 4060 Ἀραψι,
2525 3984 2825 4059 προστάξαι
2848 3981 3130 4056 λῃστεύειν
3160 3979 3256 4050 τὴν
3294 3977 3587 4046 Αἴγυπτον.
3624 3973 3761 4028 Ὑπὸ
3795 3973 3852 4028 δὲ

2268 4085 2362 4138 τὸν
2423 4080 2586 4136 αὑτὸν
2635 4079 2825 4150 χρόνον
2865 4076 2961 4131 καὶ
3008 4072 3293 4144 Χενεφρῆν
3339 4069 3552 4142 πρῶτον
3599 4068 3854 4123 ἁπάντων

2272 4173 2576 4247 ἀνθρώπων
2642 4168 3108 4239 ἐλεφαντιάσαντα
3167 4162 3516 4237 μεταλλάξαι.
3562 4159 3752 4230 Τούτῳ
3797 4157 3853 4211 δέ

2270 4267 2349 4337 τῷ
2391 4263 2552 4319 πάθει
2602 4262 2921 4332 περιπεσεῖν
2961 4257 3048 4311 διὰ
3076 4256 3137 4310 τὸ
3178 4255 3306 4317 τοὺς
3345 4252 3632 4317 Ἰουδαίους
3688 4265 3851 4321 προσ-

2271 4353 2431 4419 τάξαι
2465 4349 2710 4413 σινδόνας
2756 4345 3193 4420 ἀμφιέννυσθαι,
3227 4342 3389 4415 ἐρεᾶν
3435 4342 3481 4395 δ’
3532 4341 3736 4411 ἐσθῆτα
3780 4338 3853 4409 μὴ

2273 4439 2655 4514 ἀμπέχεσθαι,
2708 4439 2855 4501 ὅπως
2880 4438 3031 4500 ὄντες
3080 4433 3340 4505 ἐπίσημοι
3380 4429 3716 4496 κολάζωνται
3763 4430 3855 4482 ὑπ’

2276 4532 2460 4587 αὑτοῦ.
2487 4531 2590 4584 Τὸν
2621 4530 2679 4583 δὲ
2723 4528 2957 4583 Μώῦσον
2991 4524 3245 4596 εὑχεσθαι
3286 4521 3364 4594 τῷ
3406 4521 3526 4591 Θεῷ
3546 4563 3561 4586 ,
3596 4520 3699 4592 ἤδη
3728 4518 3858 4572 ποτὲ

2277 4628 2403 4689 τοὺς
2429 4625 2592 4687 λαοὺς
2631 4621 2836 4675 παῦσαι
2882 4619 2991 4674 τῶν
3021 4616 3425 4672 κακοπαθειῶν.
3479 4613 3858 4683 Ἱλασκομένου

2276 4718 2320 4771 δ’
2355 4715 2542 4779 αὑτοῦ,
2577 4714 2891 4783 αἰφνιδίως,
2940 4711 3136 4781 φησὶν,
3170 4711 3236 4764 ἐκ
3287 4710 3386 4779 τῆς
3421 4708 3526 4779 γῆς
3559 4706 3672 4778 πῦρ
3727 4705 3857 4758 ἀνα-

2279 4808 2501 4878 φθῆναι,
2531 4803 2812 4859 καὶτοῦτο
2836 4802 3098 4874 κάεσθαι,
3139 4800 3278 4871 μήτε
3318 4798 3452 4869 ὑλης
3501 4798 3640 4868 μήτε
3694 4794 3861 4864 ἄλλης

2275 4894 2422 4958 τινὸς
2460 4890 2675 4959 ξυλείας
2700 4888 2868 4960 οὑσης
2914 4891 2972 4942 ἐν
3021 4886 3099 4955 τῷ
3131 4886 3297 4956 τόπῳ.
3348 4884 3454 4937 Τὸν
3496 4882 3555 4936 δὲ
3600 4881 3856 4945 Μώὒσον,

2275 4988 2529 5042 δείσαντα
2562 4984 2623 5038 τὸ
2648 4982 2803 5052 γένος
2824 4982 2876 5045 ι’,
2921 4980 3175 5049 φεύγειν·
3215 4976 3397 5048 φωνὴν
3434 4975 3479 5030 δ’
3514 4973 3664 5043 αὑτῷ
3711 4971 3859 5026 θείαν

2276 5078 2469 5139 εἰπεῖν,
2506 5073 2820 5147 στρατεύειν
2848 5073 2933 5128 ἐπ’
2960 5070 3256 5139 Αἴγυπτον,
3282 5067 3377 5122 καὶ
3410 5066 3537 5129 τοὺς
3576 5065 3859 5123 Ἰουδαίους

2277 5168 2642 5231 διασώσαντα,
2679 5167 2762 5229 εἰς
2805 5164 2905 5234 τὴν
2935 5162 3171 5235 ἀρχαίαν
3200 5161 3427 5228 ἀγαγεῖν
3467 5154 3721 5227 πατρίδα.
3758 5152 3860 5204 Τὸν

2279 5259 2357 5319 δέ,
2394 5258 2764 5329 θαρρήσαντα.
2801 5253 3033 5323 δύναμιν
3073 5249 3338 5319 πολεμίαν
3367 5245 3592 5313 ἐπάγειν
3628 5238 3860 5309 διαγνῶ-

2280 5369 2366 5405 ναι
2410 5351 2524 5413 τοῖς
2573 5347 2909 5416 Αἰγυπτίοις.
2957 5341 3180 5415 Πρῶτον
3232 5340 3289 5393 δὲ
3323 5339 3459 5410 πρὸς
3498 5332 3744 5406 Ἀαρῶνα
3770 5331 3865 5384 τδν

2281 5438 2508 5507 ἀδελφὸν
2541 5436 2734 5492 ἐλθεῖν.
2761 5435 2863 5489 Τὸν
2900 5435 2957 5488 δὲ
2985 5430 3210 5504 βασιλέα
3249 5428 3358 5482 τῶν
3393 5424 3727 5494 Αἰγυπτίων,
3760 5438 3865 5474 πυ-

2282 5531 2507 5601 θόμενον
2533 5530 2633 5601 τὴν
2683 5528 2778 5582 τοῦ
2808 5528 3046 5582 Μωὺσου
3076 5520 3378 5594 παρουσίαν
3401 5560 3415 5583 ,
3452 5516 3678 5572 καλέσαι
3727 5512 3866 5583 πρὸς

2279 5624 2463 5688 αὑτὸν,
2499 5624 2591 5677 καὶ
2623 5619 2989 5677 πυνθάνεσθαι
3021 5621 3108 5689 ἐφ’
3134 5618 3241 5686 ὅτῳ
3269 5614 3411 5685 ἥκοι.
3445 5610 3549 5664 Τὸν
3590 5607 3647 5661 δὲ
3674 5606 3869 5670 φάναι,

672 5859 784 5929 (τε)
836 5859 1053 5918 δέμων.
1105 5863 1343 5934 Corrige
1392 5865 1613 5920 θέλοντα
1658 5874 1974 5937 :postrema
2023 5865 2162 5921 enim

2260 5863 2442 5933 rilaba,
2472 5864 2541 5921 ob
2576 5863 2860 5931 sequentis
2892 5859 3310 5919 similitudinem
3347 5856 3544 5911 abrasa
3583 5858 3688 5906 est.
