4194 6420
293 432 389 488 733

1447 411 1764 471 ΡΒᾹΞΡΑΒ.
1809 401 2061 461 ΕνΑΝα.
2105 402 2232 458 LIB.
2272 401 2366 457 IX.

3433 403 3539 460 734

290 543 584 621 προστάξαι
610 541 759 614 αὕτῷ
792 541 885 596 τόν
910 540 1011 611 τῆς
1060 535 1386 609 οἰκουμένης
1405 533 1686 602 Δεσπότην
1724 530 1839 582 ἀπο

1961 524 2209 594 prodigio
2237 526 2514 597 Moysum,
2545 544 2671 584 cum
2708 528 3004 585 exterritus
3028 529 3258 602 fugeret,
3288 547 3423 590 voce
3454 535 3541 589 di-

289 638 442 692 λῦσαι
470 637 594 699 τοὺς
639 633 944 698 Ἰουδαίους.
977 630 1083 686 Τὸν
1117 629 1197 694 δὲ,
1226 627 1549 698 πυθόμενον,
1575 626 1655 687 είς
1688 622 1860 693 φυλα-

289 728 386 799 κην
434 723 596 781 αὑτὸν
621 720 921 795 καθεῖρξαι.
970 719 1183 783 Νυκτὸς
1230 718 1289 772 δὲ
1336 715 1727 787 ἐπιγενομένης
1762 714 1860 776 τάς

286 836 341 873 τε
410 815 582 888 θύρας
654 816 835 878 πάσας
876 811 1197 883 αὐτομάτως
1247 809 1561 881 ἀνοιχθῆναι
1628 806 1724 860 τοῦ
1770 804 1857 858 δε-

289 908 625 981 σμωτηρίου,
670 909 764 962 καὶ⁵
806 905 918 960 τῶν
958 905 1214 974 φυλάκων
1252 902 1345 968 οὓς
1381 903 1478 968 μὲν
1515 900 1856 968 τελευτῆσαι,

285 1001 434 1064 τινάς
478 1001 537 1056 δὲ
584 1000 690 1054 ὑπὸ
746 999 836 1053 τοῦ
891 998 1061 1052 ὕπνου
1104 997 1448 1067 παρεθῆναι,
1494 994 1565 1047 τά
1612 1009 1671 1045 τε
1717 991 1859 1044 ὅπλα

285 1095 630 1167 ητεαγῆναι.
674 1094 987 1160 Ἐξελθόντα
1013 1094 1069 1146 δὲ
1093 1093 1184 1146 τὸν
1210 1091 1460 1156 Μώῡσον,
1485 1090 1579 1143 ἐπὶ
1614 1089 1682 1142 τά
1707 1086 1859 1157 βασί-

284 1189 395 1243 λεια
420 1189 592 1242 ὲλθείν
611 1205 626 1219 ·
648 1188 878 1260 εὑρόντα
904 1187 961 1240 δὲ
984 1186 1336 1257 ἀνεῳγμένας
1366 1185 1466 1248 τὰς
1492 1183 1662 1254 θύρας
1688 1180 1859 1234 εἰσελ-

287 1280 416 1348 θεῖν,
447 1281 542 1335 καὶ
574 1280 761 1335 ἐνθάδε
790 1280 898 1333 τῶν
928 1279 1180 1349 φυλάκων
1206 1276 1552 1348 παρειμένων
1577 1275 1669 1330 τὸν
1706 1274 1858 1344 βασι-

286 1372 378 1428 λέα
402 1372 692 1446 ἐξεγεῖραι.
729 1374 832 1427 Τὸν
870 1373 947 1438 δὲ,
983 1372 1325 1441 ἐκπλαγέντα
1353 1371 1447 1424 ἐπὶ
1482 1369 1562 1441 τῷ
1589 1366 1853 1438 γεγονότι,

282 1464 532 1519 κελεῦσαι
563 1465 641 1537 τῷ
681 1467 903 1538 Μωΰσῳ
942 1465 1004 1520 τὸ
1031 1464 1124 1520 τοῦ
1164 1464 1480 1535 πέμψαντος
1517 1462 1678 1515 αὑτὸν
1720 1458 1855 1514 Θεοῦ

283 1560 449 1611 εἰπεῖν
481 1559 672 1630 ὄνομα,
701 1559 1129 1630 διαχλευάσαντα
1152 1559 1334 1613 αὐτόν.
1365 1558 1471 1611 Τὸν
1510 1556 1587 1620 δὲ,
1616 1552 1856 1627 προσκύ-

279 1651 452 1720 ψαντα
469 1652 605 1722 πρὸς
627 1652 689 1704 τὸ
708 1646 821 1715 οῦς,
847 1652 1041 1706 εἰπεῖν.
1061 1650 1392 1704 Ἀκούσαντα
1414 1649 1470 1703 δὲ
1493 1650 1584 1702 τὸν
1609 1648 1852 1719 βασιλέα,

280 1746 462 1797 πεσεῖν
493 1742 738 1812 ἄφωνονο
782 1744 1213 1816 διακρατηθέντα
1250 1745 1307 1797 δὲ
1339 1743 1443 1798 ὑπὸ
1470 1742 1562 1796 τοῦ
1593 1743 1852 1808 Μωΰσου,

279 1835 440 1890 πάλιν
473 1836 794 1892 ἀναϐιῶσαι.
824 1837 1118 1910 Γράψαντα
1160 1838 1218 1892 δὲ
1254 1837 1492 1909 τοῦνομα
1529 1838 1614 1900 είς
1644 1837 1850 1902 δέλτον,
1886 1872 1927 1928 Β

278 1930 852 2001 κατασφραγίσασθαιο
879 1931 988 1985 τῶν
1015 1932 1073 1985 δὲ
1114 1932 1305 2004 ἱερέων
1333 1933 1424 1986 τὸν
1452 1931 1853 2002 ἐκφαυλίσαντα

274 2023 343 2077 τά
372 2024 431 2076 ὲν
472 2025 537 2095 τῇ
571 2023 811 2077 πινακίδι
854 2025 1233 2096 γεγραμμένα,
1268 2025 1406 2096 μετά
1462 2023 1711 2096 σπασμοῦ
1762 2024 1852 2078 τὸν

277 2115 389 2186 βίον
417 2116 803 2186 ὲκλιμπάνειν’
834 2120 1007 2171 εἰπεῖν
1048 2136 1108 2172 τε
1154 2121 1246 2173 τὸν
1287 2119 1512 2190 βασιλέα
1542 2120 1767 2190 σημεῖόν
1795 2135 1849 2172 τι

274 2204 420 2277 αὐτῷ
448 2206 692 2278 ποιῆσαι.
726 2207 829 2261 Τὸν
856 2208 912 2262 δὲ
942 2209 1195 2274 Μὼῦσον,
1230 2210 1296 2282 ἢν
1326 2207 1438 2282 εἶχε
1467 2210 1659 2282 ῥάϐδον
1687 2211 1851 2264 ἐκϐα-

271 2299 449 2368 λόντα,
480 2300 603 2371 ὅφιν
639 2301 897 2371 ποιῆσαι·
934 2302 1275 2373 πτοηθέντων
1305 2302 1362 2356 δὲ
1400 2303 1636 2365 πάντων,
1663 2302 1849 2355 ἐπιλα-

270 2389 494 2462 θόμενον
526 2392 627 2464 τῆς
647 2393 814 2465 οὐρᾶς
837 2392 1141 2461 ἀνελέσθαι,
1168 2394 1261 2447 καὶ
1284 2393 1443 2447 πάλιν
1468 2393 1663 2465 ῥάϐδον
1693 2394 1850 2465 ποιῆ-

272 2499 382 2537 σαι.
404 2484 741 2555 Προελθόντα
775 2487 833 2540 δὲ
862 2486 1079 2559 μικρὸν,
1106 2484 1197 2539 τὸν
1223 2485 1412 2539 Νεῖλον
1442 2489 1507 2557 τῇ
1539 2486 1721 2558 ῥάϐδῳ
1743 2504 1848 2541 πα-

268 2574 460 2640 τάξαιο
504 2576 594 2629 τὸν
636 2576 693 2630 δὲ
742 2576 1006 2649 ποταμὸν,
1040 2578 1307 2648 πολύχουν
1333 2578 1644 2648 γενόμενον,
1677 2595 1847 2632 κατα-

270 2665 486 2730 κλύζειν
518 2667 645 2739 ὃλην
670 2666 770 2740 τὴν
794 2667 1083 2737 Αἴγυπτον.
1102 2669 1234 2723 Ἀπὸ
1266 2669 1385 2725 τότε
1412 2670 1470 2723 δὲ
1502 2671 1595 2725 καὶ
1623 2670 1720 2743 τὴν
1747 2689 1846 2726 κα-

267 2757 495 2814 τάϐασιν
520 2759 684 2813 αὐτοῦ
720 2761 981 2830 γίνεσθαι.
1014 2762 1322 2830 Συναγαγὸν
1351 2762 1409 2841 δὲ
1434 2762 1497 2815 τὸ
1525 2762 1671 2834 ὕδωρ
1703 2764 1842 2818 ἀπο-

268 2850 441 2916 ζέσαι,
471 2853 565 2906 καὶ
594 2852 662 2906 τά
694 2854 933 2924 ποτάμια
957 2852 1265 2925 διαφθεῖραι
1292 2853 1426 2919 ζῶα,
1451 2855 1578 2919 τούς
1601 2873 1660 2908 τε
1682 2854 1844 2920 λαοὺς

265 2942 353 2997 διὰ
394 2944 490 3015 τὴν
535 2944 694 3015 δίψαν
732 2945 1068 3016 φθείρεσθαι.
1113 2925 1217 2999 Τὸν
1256 2946 1311 2998 δὲ
1363 2946 1606 3017 βασιλέα,
1638 2947 1842 3001 τούτων

265 3034 572 3105 γενομένων
595 3036 703 3089 τῶν
728 3035 989 3108 τεράτωνι
1008 3036 1173 3106 φάναι
1199 3036 1336 3107 μετὰ
1361 3036 1506 3107 μῆνα
1535 3038 1660 3100 τοὺς
1678 3037 1842 3102 λαοὺς

262 3125 573 3189 ἀπολύσειν,
604 3124 697 3178 ἐάν
740 3127 1166 3197 ἀποκαταστήσῃ
1217 3126 1307 3179 τὸν
1353 3127 1615 3197 ποταμόν.
1652 3127 1755 3182 Τὸν
1781 3127 1838 3182 δὲ

1960 613 2165 669 vinitus
2216 616 2462 675 immissa
2510 621 2847 677 admonitum
2878 638 3022 690 esse,
3058 633 3120 679 ut
3157 627 3212 681 in
3238 625 3536 699 IEgyptum

1960 706 2301 774 expeditione
2324 718 2598 780 suscepta,
2624 711 2842 769 Judaeos
2869 712 3148 781 liberaret,
3166 730 3231 770 ac
3247 717 3535 785 pristinam

1960 797 2016 852 in
2043 801 2275 868 patriam
2308 802 2601 873 aliquando
2625 807 2927 863 reduceret.
2970 806 3159 879 Itaque
3213 810 3537 869 conﬁrmato

1959 892 2145 948 animo
2161 894 2363 950 bellum
2393 896 2664 970 [Egyptiis
2690 900 2893 957 inferre
2917 903 3196 970 statuisse,
3225 904 3305 960 sic
3332 914 3534 971 tamen,

1961 991 2020 1037 ut
2058 984 2333 1041 Aaronem
2369 986 2590 1043 fratrem
2622 999 2750 1045 ante
2781 994 2965 1047 omnia
2994 997 3332 1050 conveniret.
3364 997 3536 1067 Cujus

1959 1075 2193 1131 adventu
2226 1077 2512 1145 nuntiato,
2546 1080 2863 1153 Egyptium
2913 1100 3094 1156 regem
3143 1102 3209 1141 ex
3252 1103 3337 1154 eo,
3370 1104 3533 1158 quem

1959 1170 2027 1223 ad
2076 1185 2199 1226 sese
2239 1171 2525 1227 confestim
2560 1185 2901 1244 evocaverat,
2934 1180 3238 1248 quaesiisse,
3268 1196 3533 1250 quorsum

1958 1259 2087 1315 illuc
2117 1262 2353 1318 venisset
2389 1281 2403 1318 :
2440 1264 2618 1334 ipsum
2649 1277 2855 1334 autem,
2889 1271 3040 1327 orbis
3075 1274 3322 1330 universi
3348 1277 3537 1330 mode-

1955 1356 2160 1410 ratoris
2202 1355 2363 1425 jussu
2412 1373 2476 1414 ac
2523 1361 2744 1417 nomine
2776 1364 2890 1433 regi
2919 1364 3294 1432 denuntiasse,
3327 1368 3404 1422 uti
3435 1366 3534 1423 Ju-

1956 1445 2105 1502 daeos
2158 1447 2363 1504 liberos
2412 1465 2745 1523 securosque
2795 1455 3110 1513 dimitteret.
3142 1458 3531 1527 Quamobrem,

1956 1549 2080 1589 cum
2114 1535 2171 1590 in
2198 1552 2471 1594 carcerem
2520 1540 2590 1596 ab
2627 1557 2695 1597 eo
2718 1545 3001 1616 conjectus
3024 1558 3189 1617 esset,
3216 1559 3381 1607 noctu
3409 1567 3536 1622 por-

1955 1636 2040 1684 tas
2098 1643 2292 1711 omnes
2344 1633 2585 1689 carceris
2639 1645 2832 1705 sponte
2874 1639 3138 1709 patuisse,
3168 1645 3537 1716 custodesque

1954 1723 2153 1794 partim
2214 1727 2500 1796 repentino
2552 1728 2798 1787 sublatos
2853 1731 3112 1799 interitu,
3169 1739 3367 1806 partim
3424 1740 3535 1795 alto

1956 1834 2152 1875 somno
2184 1822 2398 1878 solutos
2434 1822 2622 1882 fractis
2674 1827 2879 1896 passim
2910 1828 3080 1884 armis
3099 1829 3360 1900 iacuisse.
3393 1831 3531 1904 Moy-

1953 1929 2076 1970 sum
2109 1930 2141 1971 e
2174 1918 2401 1988 vestigio
2430 1934 2550 1975 sese
2578 1919 2631 1974 in
2659 1922 2888 1992 regiam,
2937 1922 3224 1994 patefactis
3252 1926 3417 1981 etiam
3451 1928 3532 1981 ul-

1954 2016 2040 2062 tro
2061 2007 2270 2077 januis,
2300 2010 2571 2076 intulisse,
2596 2027 2661 2068 ac
2689 2014 3045 2083 praesidiariis
3090 2016 3357 2073 militibus
3404 2033 3532 2087 pro-

1953 2098 2123 2156 fundo
2152 2117 2370 2172 quoque
2397 2119 2593 2159 somno
2618 2106 2865 2177 sepultis,
2899 2122 3079 2178 regem
3111 2109 3415 2176 excitasse;
3437 2110 3532 2180 qui

1950 2191 2081 2248 facti
2133 2195 2427 2251 novitatem
2479 2197 2716 2267 primum
2767 2200 2985 2270 quidem
3015 2200 3375 2271 obstupuerit,
3407 2217 3532 2256 mox

1950 2294 2152 2350 tamen,
2188 2290 2346 2358 quasi
2378 2289 2537 2346 ludos
2563 2290 2807 2364 Moysum
2838 2293 3062 2360 faceret,
3083 2292 3347 2365 Deiaquo
3368 2292 3534 2368 5.35

1948 2379 2154 2436 missus
2201 2391 2367 2446 esset,
2407 2397 2608 2440 nomen
2660 2401 2786 2440 eum
2839 2386 3052 2457 aperire
3074 2387 3302 2458 jusserit
3339 2406 3353 2443 :
3386 2389 3532 2459 quod

1947 2471 2040 2527 ubi
2074 2471 2294 2545 Moysus
2324 2476 2379 2531 in
2417 2492 2602 2532 aurem
2634 2478 2992 2545 insinuasset,
3028 2496 3211 2552 regem
3244 2483 3391 2539 illico
3411 2500 3534 2538 mu-

1947 2574 2063 2622 tum
2097 2569 2426 2637 concidisse,
2458 2571 2634 2628 donec
2691 2573 2762 2629 ab
2819 2575 3011 2630 eodem
3049 2584 3303 2645 arreptus
3330 2576 3435 2631 sibi
3465 2592 3532 2632 ac

1945 2660 2067 2716 vitae
2092 2663 2429 2719 redderetur.
2466 2662 2531 2720 Et
2560 2666 2713 2720 illum
2741 2666 2960 2736 quidem
2992 2667 3293 2723 indicatum
3328 2684 3528 2723 nomen

1946 2755 2158 2811 tabellis
2207 2756 2575 2828 inscripsisse,
2607 2775 2745 2828 quas
2789 2761 3141 2830 postmodum
3173 2762 3480 2831 obsignarit
3512 2779 3527 2816 :

1943 2850 2233 2918 quemdam
2264 2866 2392 2905 vero
2419 2852 2780 2919 sacerdotem,
2802 2853 2893 2923 qui
2925 2854 3113 2923 scripti
3141 2853 3380 2908 nominis
3406 2870 3527 2907 ma-

1935 2939 2191 3008 jestatem
2212 2941 2470 3009 elevaret,
2502 2943 2786 3012 repentino
2815 2959 3037 3012 spasmo
3060 2953 3370 3014 correptum
3405 2960 3529 3013 per-

1942 3030 2093 3087 iisse.
2122 3031 2411 3097 Praeterea,
2447 3050 2573 3089 eum
2622 3050 2713 3089 rex
2759 3050 2790 3089 a
2834 3034 3022 3107 Moyse
3062 3036 3371 3106 prodigium
3424 3036 3528 3089 ali-

1944 3124 2092 3195 quod
2147 3134 2443 3195 expeteret,
2479 3141 2604 3181 eum
2652 3142 2817 3198 quam
2847 3144 3013 3183 manu
3041 3128 3248 3198 virgam
3284 3128 3524 3193 tenebat,

260 3216 512 3281 Μὼὓσον,
541 3217 701 3272 πάλιν
745 3220 811 3288 τῇ
860 3217 1041 3289 ῥάϐδῳ
1091 3218 1403 3284 πατάξαντα
1447 3219 1510 3273 τὸ
1550 3217 1713 3290 ὕδωρ,
1743 3237 1839 3274 συ-

1946 3216 2002 3271 in
2033 3228 2342 3287 serpentem
2401 3219 2581 3275 subito
2610 3220 2965 3287 convertisse,
3000 3220 3368 3291 omnibusque
3404 3230 3523 3276 stu-

260 3311 467 3364 στεῖλαι
509 3310 569 3363 τὸ
596 3309 795 3382 ῥεῦμα.
830 3311 1030 3364 Τούτου
1058 3310 1115 3364 δὲ
1140 3311 1453 3381 γενομένου,
1485 3310 1578 3366 τὸν
1612 3312 1840 3384 βασιλέα

256 3402 382 3467 τοὺς
436 3403 603 3475 ίερεῖς
644 3406 770 3468 τοὺς
807 3403 948 3475 ὑπὲρ
993 3403 1215 3473 Μέμφιν
1258 3403 1507 3469 καλέσαι,
1539 3406 1633 3459 καὶ
1675 3404 1839 3474 φάναι

256 3495 456 3559 αὐτοὺς
481 3495 816 3567 ἀναιρήσειν,
838 3495 931 3549 καὶ
958 3495 1026 3548 τὰ
1054 3495 1174 3567 ίερά
1208 3494 1604 3566 κατασκάψειν,
1636 3496 1732 3551 ἐὰν
1764 3500 1840 3570 μὴ

254 3590 351 3643 καὶ
396 3587 552 3642 αὐτοὶ
597 3588 1097 3660 τερατουργήσωσι.
1132 3588 1271 3652 Τοὺς
1308 3587 1364 3641 δὲ
1402 3588 1525 3642 τότε
1560 3588 1650 3643 διά
1676 3605 1841 3644 τινων

257 3679 556 3750 μαγγάνων
606 3679 700 3733 καὶ
745 3679 1012 3733 ἐπαοιδῶν
1038 3678 1306 3752 δράκοντα
1344 3680 1588 3752 ποιῆσαι,
1621 3681 1717 3735 καὶ
1748 3681 1840 3735 τὸν

251 3771 504 3842 ποταμὸν
552 3770 922 3843 μεταχρῶσαι.
954 3772 1059 3825 Τὸν
1112 3771 1169 3826 δὲ
1223 3772 1448 3843 βασιλέα
1502 3790 1841 3844 φρονηματι-

252 3862 453 3918 σθέντα
502 3863 593 3916 ἐπὶ
625 3862 702 3933 τῷ
746 3862 1009 3932 γεγονότι,
1041 3864 1190 3936 πάσῃ
1215 3863 1457 3935 τιμωρίᾳ.
1490 3864 1584 3918 καὶ
1620 3863 1839 3919 κολάσει

247 3951 595 4018 καταικίζειν
637 3953 766 4016 τοὺς
809 3953 1112 4017 Ἰουδαίους.
1139 3954 1243 4007 Τὸν
1281 3953 1338 4006 δὲ
1381 3953 1634 4021 Μὼῦσον,
1665 3955 1840 4010 ταῦτα

244 4044 484 4118 ὁρῶντα,
511 4043 646 4101 ἄλλα
676 4061 736 4097 τε
771 4047 974 4116 σημεῖα
1002 4046 1245 4117 ποιῆσαι,
1272 4046 1367 4100 καὶ
1397 4046 1713 4114 πατάξαντα
1740 4050 1838 4121 τὴν

244 4140 359 4211 γῆν
380 4139 446 4210 τῇ
478 4134 681 4210 ῥάϐδῳ,
706 4134 843 4202 ζῶόν
872 4155 926 4191 τι
957 4138 1158 4209 πτηνὸν
1186 4140 1410 4203 ἀνεῖναι,
1432 4138 1462 4192 ὃ
1493 4139 1836 4213 λυμῄνασθαι

243 4232 382 4295 τοὺς
414 4230 764 4299 Αἰγυπτίους,
798 4230 977 4284 πάντα
1008 4248 1069 4283 τε
1096 4230 1459 4301 ὲξελκωθῆναι
1485 4232 1555 4287 τὰ
1585 4232 1832 4304 σώματα.

245 4323 376 4380 Τῶν
399 4323 456 4377 δὲ
486 4321 689 4394 ἰατρῶν
713 4322 787 4394 μὴ
808 4321 1121 4393 δυναμένων
1145 4324 1329 4377 ἰᾶσθαι
1353 4324 1479 4387 τοὺς
1503 4323 1832 4395 κάμνοντας,

240 4416 394 4471 οὕτω
424 4416 585 4470 πάλιν
611 4416 851 4480 ἀνέσεως
877 4419 1062 4487 τυχεῖν
1086 4420 1213 4478 τοὺς
1244 4417 1548 4480 Ἰουδαίους.
1579 4417 1748 4472 Πάλιν
1773 4436 1833 4472 τε

1943 3310 2220 3380 pentibus,
2259 3319 2476 3381 arrepta
2536 3311 2709 3366 cauda
2762 3312 3000 3382 priorem
3048 3312 3098 3367 ei
3136 3328 3332 3367 rursus
3358 3312 3526 3383 virga:

1942 3401 2174 3456 formam
2207 3401 2525 3457 reddidisse.
2556 3400 2727 3457 Paulo
2760 3412 2882 3472 post
2925 3401 3106 3457 Nilum
3151 3403 3339 3460 eadem
3369 3403 3520 3473 virga

1941 3509 2283 3565 percussum,
2317 3493 2805 3549 intumescentibus
2854 3495 3037 3562 undis,
3070 3494 3362 3568 Egyptum
3393 3500 3522 3550 uni-

1944 3603 2157 3643 versam
2189 3586 2496 3658 proluisse;
2526 3602 2593 3642 ex
2624 3602 2801 3657 eoque
2823 3597 3066 3657 tempore
3082 3588 3241 3643 statis
3265 3587 3523 3658 deinceps

1941 3681 2153 3736 vicibus
2186 3680 2240 3735 in
2273 3695 2436 3751 agros
2465 3694 2586 3735 sese
2617 3676 2797 3735 Nilum
2819 3679 3096 3736 effudisse.
3115 3679 3234 3735 Mox
3266 3681 3521 3736 collectas

1939 3786 1994 3830 et
2015 3783 2328 3845 stagnantes
2355 3776 2559 3844 passim
2587 3790 2759 3845 aquas
2789 3773 3127 3840 eﬂ‘erbuisse,
3150 3788 3253 3830 nec
3276 3773 3521 3843 piscibus

1940 3867 2106 3923 modo
2153 3867 2457 3934 interitum,
2492 3866 2586 3922 sed
2637 3867 2910 3936 exitialem
2954 3882 3173 3938 quoque
3206 3867 3523 3922 hominibus

1939 3959 2087 4016 sitim
2114 3959 2386 4015 attulisse.
2413 3957 2600 4028 Itaque
2632 3973 2814 4029 regem
2844 3967 2932 4013 tot.
2949 3958 3215 4029 prodigiis
3244 3959 3521 4023 territum,

1938 4067 2060 4109 sese
2087 4061 2211 4122 post
2240 4067 2482 4108 mensem
2501 4051 2718 4107 Judaeos
2750 4050 3106 4105 dimissurum
3138 4049 3520 4119 spopondisse,

1937 4142 1985 4198 si
2018 4142 2284 4213 pristinus
2315 4141 2526 4196 ﬂumini
2572 4148 2749 4196 status
2774 4156 2805 4194 a
2837 4139 3024 4211 Moyso
3056 4139 3375 4194 redderetur
3405 4156 3419 4193 :
3454 4137 3521 4192 il-

1936 4238 2050 4294 lum
2103 4254 2304 4310 aquam
2354 4238 2534 4292 denuo
2568 4237 2720 4305 virga
2768 4235 3029 4304 tetigisse,
3065 4233 3368 4302 eodemque
3396 4248 3520 4286 mo-

1936 4342 2121 4387 mento
2178 4332 2501 4388 insolentem
2554 4329 2674 4400 ejus
2729 4329 2989 4397 impetum
3050 4326 3384 4382 constitisse.
3417 4325 3518 4383 Hic

1934 4439 2065 4480 vero
2098 4440 2301 4492 regem,
2329 4422 2591 4488 evocatis,
2622 4421 2716 4492 qui
2767 4432 2919 4476 trans
2971 4418 3263 4489 Memphim
3313 4419 3518 4475 incole—

234 4510 338 4565 τὸν
367 4511 599 4563 Άὶιῦὓσον
644 4513 911 4581 βάτραχον
954 4510 1041 4562 διὰ
1080 4511 1181 4579 τῆς
1210 4510 1407 4578 ῥάϐδου
1436 4511 1663 4573 ἀνεῖναι,
1698 4512 1834 4582 πρὸς

1942 4517 2091 4583 bant,
2124 4517 2525 4579 sacerdotibus,
2558 4531 2747 4571 necem
2793 4515 3051 4570 omnibus
3078 4513 3513 4578 interminatum,

228 4604 300 4658 δὲ
320 4602 533 4666 τούτοις
551 4603 796 4675 ἀκρίδας,
815 4607 908 4656 καὶ
934 4600 1185 4665 σκνίπας.
1205 4602 1302 4656 Διά
1326 4602 1554 4657 τοῦτοδὲ
1582 4603 1677 4657 καὶ
1701 4606 1828 4668 τοὺς

226 4696 575 4765 Αἰγυπτίους
620 4697 719 4768 τὴν
778 4695 969 4767 ῥάϐδον
1020 4695 1332 4748 ἀνατιθέναι
1377 4697 1457 4759 είς
1503 4697 1610 4749 πᾶν
1660 4695 1823 4769 ἱερὸν,

222 4789 445 4861 ὁμοίως
468 4789 524 4843 δὲ
557 4790 651 4844 καὶ
680 4793 749 4860 τῇ
781 4788 958 4851 Ἴσιδι,
994 4788 1081 4842 διὰ
1122 4790 1183 4842 τὸ
1218 4788 1316 4859 τὴν
1363 4789 1464 4860 γῆν
1491 4785 1629 4842 εἶναι
1656 4787 1822 4851 Ἶσιν,

222 4880 545 4952 παιομένην
589 4882 646 4935 δὲ
684 4884 751 4952 τῇ
805 4880 1006 4952 ῥάϐδῳ,
1030 4880 1101 4934 τά
1128 4881 1332 4951 τέρατα
1358 4881 1587 4934 ἀνεῖναι.
1625 4879 1732 4932 Τοῦ
1766 4879 1824 4933 δὲ

223 4973 510 5045 βασιλέως
541 4973 621 5027 ἔτι
651 4973 1075 5045 ἀφρονουμένου,
1108 4974 1201 5027 τὸν
1230 4973 1461 5027 Μὼὒσον
1490 4972 1730 5044 χάλαζάν
1763 4990 1823 5027 τε

216 5066 333 5119 καὶ
376 5067 633 5139 σεισμοὺς
680 5066 769 5121 διὰ
810 5067 1007 5129 νυκτὸς
1027 5066 1370 5131 ἀποτελέσαι,
1402 5065 1541 5119 ὥστε
1576 5069 1701 5131 τοὺς
1732 5066 1823 5120 τὸν

169 5214 184 5228 ⁸
218 5156 464 5228 σεισμὸν
509 5157 810 5226 φεύγοντας
855 5157 964 5211 ἀπὸ
1008 5158 1105 5226 τῆς
1151 5157 1391 5230 χαλάζης
1444 5158 1818 5231 ἀναιρεῖσθαι,

214 5249 363 5315 τούς
405 5267 470 5303 τε
502 5251 601 5322 τὴν
643 5249 883 5320 χάλαζαν
920 5251 1265 5315 ὲκκλίνοντας
1307 5253 1411 5306 ὑπὸ
1442 5253 1551 5307 τῶν
1580 5252 1819 5323 σεισμῶν

207 5335 662 5410 διαφθείρεσθαι.
696 5340 1001 5410 Συμπεσεῖν
1022 5339 1078 5392 δὲ
1103 5340 1221 5393 τότε
1251 5340 1348 5405 τὰς
1380 5342 1479 5413 μὲν
1506 5345 1683 5406 οἰκίας
1710 5345 1818 5399 πά-

211 5445 356 5492 σας,
389 5429 498 5481 τῶν
529 5446 591 5482 τε
622 5431 767 5485 ναῶν
796 5432 922 5495 τοὺς
945 5431 1248 5496 πλείστους.
1282 5433 1601 5488 Τελευταϊον
1629 5438 1817 5491 τοιαύ-

206 5537 353 5584 ταις
392 5522 699 5592 συμφοραῖς
725 5523 1088 5594 περιπεσόντα
1126 5522 1217 5577 τὸν
1253 5523 1493 5593 βασιλέα,
1528 5527 1654 5591 τοὺς
1697 5530 1819 5581 Ἰου-

203 5612 418 5676 δαίους
461 5612 753 5667 ἀπολῦσαι.
790 5616 929 5678 Τοὺς
972 5616 1029 5668 δὲ
1087 5617 1466 5688 χρησαμένους
1512 5619 1665 5689 παρὰ
1706 5620 1816 5674 τῶν

202 5705 544 5773 Αἰγυπτίων
577 5704 748 5758 πολλὰ
782 5707 881 5777 μὲν
912 5707 1236 5778 ἐκπώματα,
1265 5710 1365 5762 οὐκ
1396 5711 1575 5779 ὀλίγον
1601 5713 1657 5768 δὲ
1685 5718 1812 5786 ίμα-

203 5796 443 5861 τισμὺν,
474 5796 640 5861 ἄλλην
684 5815 743 5851 τε
794 5800 1100 5866 παμπληθῆ
1149 5801 1342 5867 γάζαν,
1370 5803 1660 5871 διαϐάντας
1686 5810 1813 5872 τοὺς

1934 4611 2040 4665 nisi
2086 4610 2286 4666 similia
2321 4610 2421 4680 ipsi
2455 4624 2674 4679 quoque
2703 4598 2948 4678 prodigia
2982 4607 3349 4664 ostenderent.
3379 4606 3511 4673 Eos,

1931 4700 2222 4769 praestigiis
2249 4707 2302 4755 et
2335 4699 2682 4755 cantionibus
2715 4697 3045 4768 quibusdam
3075 4706 3298 4768 repente
3325 4697 3513 4752 draco-

1932 4796 2038 4860 nis‘;
2063 4793 2298 4863 speciem
2349 4791 2638 4862 objeeisse,
2669 4807 2734 4846 ac
2761 4790 3004 4845 ﬂuminis
3041 4790 3278 4844 colorem
3309 4789 3511 4843 immu-

1931 4895 2110 4950 tasse;
2162 4900 2272 4955 quo
2322 4882 2466 4939 facto
2513 4883 2795 4938 elatiorem
2842 4897 2907 4937 ac
2953 4881 3301 4936 tumidiorem
3342 4895 3508 4951 quam

1929 4987 2090 5033 antea
2123 4993 2325 5046 regem,
2359 4975 2510 5031 omni
2548 4989 2941 5045 poenarumac
2988 4972 3380 5041 suppliciorum
3423 4985 3509 5042 ge-

1928 5084 2059 5124 nere
2089 5069 2436 5139 postmodum
2465 5066 2680 5122 Judzeos
2708 5081 2956 5121 vexasse.
2976 5064 3129 5132 Quod
3161 5063 3251 5117 ubi
3288 5062 3508 5135 Moysus

1925 5161 2154 5225 videret,
2180 5175 2304 5215 eum
2336 5160 2440 5214 alia
2470 5159 2730 5228 pleraque
2758 5159 2828 5211 ab
2854 5170 2922 5211 co
2948 5155 3208 5209 miracula
3243 5154 3382 5210 edita
3415 5168 3507 5208 cs-

1926 5267 2007 5317 se,
2043 5261 2159 5305 tum
2191 5267 2256 5305 ex
2300 5260 2466 5313 terra,
2495 5266 2661 5319 quam
2716 5249 2870 5318 virga
2929 5255 3295 5315 percusserat,
3333 5259 3505 5314 genus

1925 5342 2197 5413 quoddam
2230 5343 2357 5397 alati
2394 5343 2689 5396 animantis
2719 5339 3014 5403 exstitisse,
3046 5337 3188 5407 quod
3221 5335 3504 5406 Egyptios

1923 5435 2161 5505 pessime
2209 5442 2452 5496 vexaret,
2501 5432 2859 5498 omniumque
2914 5427 3240 5495 corporibus
3293 5427 3499 5481 foedum

1922 5528 2200 5582 morsibus
2228 5524 2730 5596 punctionibusque
2771 5523 2887 5577 suis
2917 5521 3074 5575 ulcus
3101 5521 3363 5574 inureret.
3400 5519 3499 5575 Cui

1921 5620 2115 5674 morbo
2160 5634 2285 5674 cum
2344 5617 2552 5671 nullum
2590 5614 2785 5669 medici
2823 5613 3123 5669 remedium
3176 5613 3497 5675 invenirent,

1918 5714 2137 5768 Judteos
2187 5708 2587 5780 aliquantulum
2637 5707 2819 5762 denuo
2876 5706 3200 5775 respirasse.
3250 5704 3499 5776 Moysnm

1918 5822 2072 5873 vero,
2105 5804 2346 5873 ejusdem
2374 5801 2539 5872 virgae
2567 5809 2825 5871 contactu
2869 5814 3032 5854 ranas
3061 5798 3501 5869 pra'tcreadoeu-
