4194 6442
3358 207 3509 219 Ἠ

1127 274 1393 332 unseen
1433 270 1914 331 cessaremus
1952 271 2105 330 ore.
2148 270 2335 327 rans
2373 268 2439 325 ιι.
2490 301 2558 311 -
2597 263 3114 327 AP'OLOGETICA.
3686 245 3797 319 its

2130 400 2182 457 Α
2276 391 2543 462 Διπλοῦν
2567 395 2681 461 σὴρ
2709 388 2790 462 ἧν
2815 391 2882 445 τὸ
2918 390 3110 462 μῆκος
3144 390 3345 447 αἰετοῦ
3373 390 3626 462 σχεδὸν,

522 262 624 320 747

600 393 873 467 Inusitata
895 396 1028 450 mole
1051 398 1370 467 geminatum
1396 396 1502 463 fere

602 466 866 537 Adaequat
884 466 1124 536 aquilam
1145 482 1163 520 :
1183 466 1460 536 multiplex
1482 483 1678 537 pennas
1700 466 1846 520 color

601 536 838 592 Subinde
857 546 1029 590 mutat
1054 554 1072 593 :
1093 551 1328 605 purpura
1350 546 1529 606 pectus
1551 536 1721 591 rubet.

602 605 834 661 Miniata
857 606 1076 659 rutilant
1099 623 1257 659 crura
1274 624 1292 660 :
1315 605 1554 661 villosum
1574 624 1734 661 aureo

601 675 883 746 Profunda
904 678 1057 731 vestit
1079 676 1261 745 pluma
1284 678 1534 732 cervicem
1555 693 1730 732 croco.

601 815 883 885 Sub/(avus
906 827 1077 871 exstat
1102 818 1315 881 oculus;
1338 820 1391 871 in
1416 817 1586 872 medio
1608 827 1741 871 teres

601 886 824 956 Pupilla
844 903 995 940 cocco
1017 888 1209 941 similis
1236 890 1445 943 ardenti
1470 888 1651 941 micat.

607 956 792 1011 Vocem
817 973 904 1010 ore
926 958 1087 1011 mittit
1108 959 1340 1011 omnium
1364 958 1755 1012 suavissimam.

597 1029 767 1098 Atque
787 1029 831 1080 is
856 1027 1126 1098 volucrum
1152 1028 1313 1096 facile
1333 1044 1387 1082 se
1414 1044 1583 1097 regem
1606 1027 1816 1098 probat,

598 1097 690 1153 Sic
709 1098 876 1151 omnis
904 1097 1056 1151 illum
1081 1099 1284 1166 trepida
1305 1100 1637 1167 subsequitur
1657 1097 1865 1163 cohors,

597 1167 720 1237 Ipse
742 1168 881 1221 velut
903 1170 1073 1221 altum
1090 1178 1275 1223 taurus
1299 1168 1544 1221 attollens
1566 1180 1744 1236 caput,

596 1237 849 1307 Princeps
872 1240 1037 1291 citato
1060 1238 1311 1308 graditur
1332 1238 1608 1293 exsultans
1631 1238 1777 1307 pede.
1797 1260 1816 1294 ι

527 1416 596 1472 Et
623 1414 813 1487 paucis
874 1413 1538 1486 interiectis,¢Qusesitum
1574 1429 1602 1466 a
1636 1413 1892 1484 quopiam
1929 1414 2103 1471 fuisse

524 1509 621 1568 ait.
648 1508 741 1578 qui
789 1508 1007 1563 tandem
1062 1521 1213 1561 arma
1242 1506 1502 1560 Israelita:
1535 1506 1638 1560 sibi
1664 1516 2097 1577 comparassent,

522 1601 619 1672 qui
652 1600 887 1655 inermes
930 1614 997 1654 ex
1031 1596 1266 1668 Egypto
1311 1597 1658 1668 prodiissent.
1690 1596 1922 1667 Quippe,
1979 1614 2100 1656 sese

524 1699 647 1761 post
682 1690 847 1744 tridui
878 1691 999 1754 iter,
1032 1688 1346 1758 laetumque
1402 1686 1512 1743 Deo
1561 1689 1913 1758 sacriﬁcium,
1947 1706 2097 1746 eam-

2278 461 2557 529 Πτεροῖσι
2582 461 2951 515 ποικίλοισιν
2987 461 3098 529 ἠδὲ
3142 461 3433 531 χρώμασι

2282 532 2510 599 Στῆθος
2531 533 2649 601 μὲν
2685 531 2872 585 αὐτοῦ
2895 532 3245 599 πορφυροῦν
3273 533 3571 602 ἐφαίνετο.

2275 602 2474 672 Σκέλη
2506 601 2575 654 δὲ
2600 602 2995 670 μιλτόχρωτοι,
3023 601 3123 655 καὶ
3159 602 3285 655 κατ’
3310 601 3541 672 αὐχένα

2278 671 2323 724 Κ
2322 672 2671 740 ροκωτίνοις
2688 672 3023 741 μαλλοᾶγιν
3059 670 3449 739 εὐτρεπίζετᾲ

2275 741 2439 810 Κᾶρα
2463 741 2530 794 δὲ
2559 743 2786 812 κοίτης,
2815 741 3057 812 ἡμέροις
3088 743 3483 812 παρεμφερὲς,

2271 813 2381 865 Kal
2408 812 2637 880 μηλίνῃ
2664 811 2782 880 μὲν
2808 810 2885 879 τῇ
2922 814 3066 880 κόρῃ
3102 810 3480 880 προετέϐλεπε

2274 882 2696 952 ΚύκλῳχΚόρη
2724 880 2793 934 δὲ
2822 882 3041 952 κόκκος
3068 884 3151 948 ὡς
3173 884 3472 952 ἐφαίνετο.

2274 952 2486 1025 φωνὴν
2511 950 2579 1025 δὲ
2605 948 2847 1025 {triremis
2872 948 3037 1019 εἶχεν
3067 948 3583 1025 ἐκπρεπεστάτην.

2272 1020 2678 1092 Βασιλεὺς-δὲ
2710 1020 2952 1075 πάντων
2980 1020 3205 1090 ὀρνέων
3236 1020 3535 1092 ἐφαίνετο,

2402 1088 2486 1166 ἢκ
2501 1090 2766 1166 νοῆσαιζ
2775 1092 2993 1166 ιζάντα-
3009 1088 3226 1166 fama
3260 1088 3435 1159 ἐττήιθ
3469 1088 3623 1166 ὁμοῦ

2278 1160 2559 1215 Ὀπισθεν
2581 1161 2769 1215 αὐτοῦ
2802 1160 3092 1215 deletum-ﬁ
3120 1164 3449 1227 ἐπέσσυτο,

2272 1231 2465 1305 Aprile
2497 1230 2564 1284 δὲ
2586 1232 3124 1305 πρόσθενηζαῦροίς
3167 1233 3247 1300 ὡς
3275 1231 3714 1305 γαυρούμενος.

2277 1303 2514 1355 Ἔϐαινε
2545 1302 2840 1370 κραιπνὸν
2859 1301 3032 1372 ,ϐῆμα
3053 1301 3371 1366 βαστάζων
3394 1301 3601 1374 aaddc.
3616 1331 3635 1363 ι

2200 1410 2313 1466 Καὶ
2372 1410 2520 1482 μετὰ
2596 1410 3198 1484 βραχέαοίἘπιζητείν
3258 1413 3316 1467 δέ
3368 1433 3491 1469 τινα
3558 1418 3677 1483 πῶς
3725 1412 3778 1475 οι

2213 1499 2538 1571 Ἰσραηλῖται
2578 1499 2719 1554 ὅπλα
2751 1500 2929 1572 ἔσχον,
2979 1502 3197 1557 ἄνοπλοι
3238 1504 3567 1571 ἐξελθόντες.
3602 1509 3778 1579 Ἔφα-

2199 1605 2300 1643 σαν
2345 1590 2473 1661 γὰρ,
2521 1590 2690 1660 τριῶν
2733 1591 2957 1663 ἡμερῶν
3002 1592 3120 1646 ὁδὸν
3172 1593 3501 1661 ἐξελθόντες,
3547 1600 3640 1652 καὶ
3693 1598 3779 1654 θυ·

2200 1682 2508 1749 σιάσαντες,
2541 1682 2703 1736 πάλιν
2737 1684 3100 1755 άνακάμῴειν.
3137 1686 3389 1740 Φαίνεται
3423 1685 3517 1743 οὖν
3546 1691 3672 1754 τοὺς
3702 1691 3778 1763 μὴ

522 1782 648 1837 dem
685 1782 939 1851 relegisse
967 1781 1108 1835 viam
1148 1779 1545 1834 memorabant.
1582 1778 1811 1850 Intelligi
1846 1797 1978 1853 ergo
2010 1782 2093 1837 fa-

2199 1772 2674 1839 κατακλυσθέντας
2699 1777 2814 1840 τοῖς
2845 1777 3070 1832 ἐκείνων
3105 1777 3290 1843 ὅπλοις
3319 1780 3644 1852 χρήσασθαι.

516 1873 625 1928 cile
661 1880 860 1942 potest,
895 1872 990 1941 qui
1018 1869 1272 1925 ﬂuctibus
1320 1869 1501 1925 obruti
1530 1884 1637 1924 non
1685 1868 1937 1941 fuissent,
1973 1872 2095 1928 illo-

523 1982 649 2022 rum
678 1980 799 2021 sese
824 1964 995 2019 armis
1026 1962 1326 2019 induisse.»

1085 2052 1313 2109 CAPUT
1354 2054 1524 2108 XXX.

517 2135 679 2223 447
708 2150 784 2206 De
806 2148 1028 2215 Davide,
1058 2145 1436 2287 Salo’rgclimoet
1468 2146 1869 2219 Hierosolymis,
1894 2165 1959 2204 es
1984 2148 2097 2204 Eu-

588 2311 697 2366 «At
716 2327 847 2368 vero
886 2309 1214 2379 Eupolemus
1267 2310 1324 2364 in
1377 2326 1477 2365 suo
1528 2311 1766 2380 quodam
1828 2311 1907 2367 De
1953 2309 2096 2366 Elia:

517 2404 790 2474 prophetia
808 2418 1001 2473 opere,
1031 2410 1223 2458 auctor
1248 2410 1333 2457 est
1365 2402 1585 2474 Moysen
1648 2418 1823 2459 annos
1854 2405 2095 2474 quadra-

517 2497 667 2566 ginta
700 2496 978 2566 prephetse
1006 2509 1207 2550 munus
1236 2494 1460 2560 obiisse,
1495 2495 1584 2550 cui
1629 2492 1796 2551 Jesus
1851 2493 1998 2551 Nave
2026 2496 2094 2551 ﬁ-

517 2589 624 2642 lius
640 2586 986 2651 successerit,
1020 2586 1215 2641 eodem
1270 2601 1444 2640 annos
1489 2586 1711 2657 triginta
1748 2586 2091 2657 perfunctus,

516 2682 627 2734 vita
657 2679 722 2733 ad
747 2693 949 2733 annum
986 2678 1258 2734 decimum
1294 2693 1460 2747 supra
1488 2679 1848 2733 centesimum
1896 2694 2096 2749 propa-

516 2779 658 2839 gata.
688 2769 771 2821 Ab
792 2767 896 2820 hoc
922 2782 1138 2821 sacrum
1163 2774 1418 2837 praeterea
1450 2768 1864 2823 tabernaculum
1898 2768 1953 2823 in
1980 2765 2094 2823 Silo

515 2860 683 2915 fixum
714 2874 857 2914 esse.
880 2852 1085 2913 Postea
1116 2856 1421 2912 Samuelem
1447 2856 1765 2927 prophetam
1793 2856 2091 2926 exstitisse,

515 2952 586 3007 ab
635 2966 811 3021 eoque
869 2950 1217 3021 postmodum
1272 2948 1492 3003 Saulem
1544 2964 1729 3020 regem
1787 2948 1885 3005 Dei
1929 2949 2091 3020 jussu

514 3055 760 3100 creatum
790 3040 979 3108 fuisse,
1020 3041 1115 3112 qui
1140 3040 1284 3097 circa
1317 3057 1525 3096 annum
1554 3041 1709 3113 regni
1758 3041 2090 3098 vicesimum

514 3136 752 3207 primum
775 3133 989 3189 obierit.
1017 3129 1207 3187 Eidem
1226 3146 1356 3186 vero
1379 3130 1640 3187 Davidem
1689 3132 1863 3203 ipsius
1917 3132 2092 3188 filium

513 3228 868 3291 successisse,
888 3226 982 3296 qui
1006 3224 1173 3295 Syros
1201 3224 1267 3280 ad
1286 3222 1619 3294 Euphratem
1665 3224 1987 3293 incolentes,
2039 3232 2094 3280 et

514 3319 935 3388 Commagenem
964 3315 1245 3386 oppidum,
1295 3331 1423 3370 eum
1473 3315 1562 3381 iis,
1613 3316 1710 3385 qui
1762 3315 2092 3373 Galadenem

515 3412 773 3467 tenebant
803 3408 1042 3479 Assyriis
1079 3424 1145 3463 ac
1180 3406 1533 3464 Phoenicibus
1586 3408 1891 3464 debellarit.
1926 3408 2093 3464 Eum-

513 3504 640 3559 dem
686 3502 948 3557 adversus
1005 3497 1297 3562 Idumaeos,
1372 3498 1737 3566 Ammonitas,
1797 3498 2089 3567 Moabitas,

516 3592 763 3658 Ituraeos,
797 3587 1103 3653 Nahatasos,
1124 3598 1180 3642 et
1203 3585 1492 3652 Nabdates,
1512 3588 1753 3658 itemque
1778 3597 1970 3644 contra
1999 3587 2096 3643 Su-

514 3699 708 3740 ronem
738 3680 865 3753 Tyri
896 3678 1299 3748 thnicimque
1332 3692 1513 3747 regem
1543 3680 1800 3745 movisse,
1832 3694 1973 3750 quos
2004 3680 2095 3735 ille

516 3791 710 3831 omnes
738 3773 933 3828 ludeeis
962 3773 1017 3825 in
1048 3780 1326 3840 posterum
1355 3769 1560 3824 tributa
1610 3770 1847 3840 pendere
1899 3786 2095 3843 coege-

518 3869 611 3923 rit.
641 3866 711 3920 At
740 3880 865 3921 eum
892 3862 1107 3933 Vapbre
1129 3862 1510 3934 IEgyptiorum
1561 3874 1687 3933 rege
1741 3861 1920 3919 fuadus
1965 3878 2094 3933 per-

518 3960 781 4017 cussisse.
812 3955 982 4012 Porro
1014 3970 1139 4009 cum
1173 3954 1285 4010 Deo
1314 3953 1575 4023 templum
1601 3954 1841 4009 excitare
1902 3970 2095 4025 percu-

517 4062 690 4128 peret,
724 4048 1098 4106 vehementius
1132 4064 1164 4103 a
1194 4048 1305 4103 Deo
1338 4047 1702 4112 contendisse,
1729 4048 1809 4102 uti
1832 4049 1937 4102 sibi
1980 4048 2098 4103 eai-

2117 3091 2163 3152 ϐ

2723 2056 3123 2112 ΚΕΦΑΛΑΙΟΝ
3170 2057 3251 2110 A'.

2232 2146 2614 2220 Εὐπολέμου,
2671 2147 3213 2288 περῖεριὶιὲῗίέὗμᾜ.
3236 2147 3610 2235 Σολομῶνος,
3641 2146 3744 2205 καὶ

2281 2331 2303 2365 σ
2332 2314 2644 2384 Εὐπόλεμος
2681 2311 2739 2366 δέ
2781 2326 2943 2381 φησιν
2983 2310 3040 2364 εν
3084 2326 3194 2363 τινι
3236 2309 3377 2377 Περὶ
3417 2307 3527 2375 τῆς
3569 2306 3770 2363 Ἠλίου

2203 2404 2568 2473 προφητείας
2590 2402 2793 2472 Μωσῆν
2816 2400 3189 2473 προφητεῦσαι
3205 2399 3299 2470 ἔτη
3322 2406 3394 2470 μ’.
3416 2395 3549 2452 Εῐτα
3563 2396 3771 2468 Ἰησοῦν

2202 2494 2294 2547 τὸν
2324 2494 2417 2547 τοῦ
2448 2494 2603 2562 Ναυῆ
2642 2492 2755 2545 υἱὸν
2795 2491 2887 2562 ἐτη
2923 2490 2966 2543 λ’
2986 2508 3000 2521 °
3035 2490 3228 2561 βιῶσαι
3261 2490 3307 2543 δ’
3348 2486 3511 2543 αὑτὸν
3542 2488 3637 2559 ἔτη
3670 2494 3770 2558 ρι’,

2197 2584 2367 2655 πῆξαί
2394 2600 2456 2637 τε
2482 2583 2581 2655 τὴν
2612 2582 2764 2655 ἱερὰν
2804 2583 3008 2654 σκηνὴν
3037 2584 3094 2635 ὲν
3128 2582 3304 2652 Σηλοῖ.
3335 2583 3490 2637 Μετὰ
3518 2583 3575 2636 δὲ
3606 2581 3785 2639 ταῦτα

2196 2677 2485 2749 προφήτην
2518 2674 2772 2742 γενέσθαι
2813 2674 3088 2745 Σαμουὴλ.
3115 2670 3249 2727 Εἶτα
3277 2677 3342 2745 τῇ
3371 2673 3465 2727 τοῦ
3492 2673 3627 2727 Θεοῦ
3656 2674 3782 2745 βου-

2194 2768 2372 2839 λήσει,
2404 2766 2511 2821 ὑπδ
2546 2765 2801 2837 Σαμουὴλ
2829 2765 3061 2819 Σαοῦλον
3097 2765 3316 2836 βασιλέα
3344 2764 3646 2836 αἱρεθῆναιο
3678 2765 3781 2837 ἄρ-

2196 2859 2362 2927 ξαντα
2393 2860 2451 2914 δὲ
2479 2858 2574 2932 ἔτη
2604 2859 2708 2925 κα’,
2739 2859 3077 2930 τελευτῆσαι.
3103 2855 3237 2913 Εἶτα
3273 2858 3437 2914 Δαϐὶδ
3466 2859 3559 2912 τὸν
3587 2857 3782 2913 τούτου

2195 2952 2312 3009 υἱὸν
2363 2952 2743 3019 δυναστεῦσαι,
2790 2952 3372 3024 δν”καταστρὲψασθαι
3405 2952 3630 3023 Σύρους,
3655 2953 3782 3016 τοὺς

2195 3045 2350 3121 παρὰ
2374 3045 2466 3100 τὸν
2494 3045 2790 3116 Εὐφράτην
2817 3044 3100 3106 οἰκοῦντας
3123 3045 3385 3117 ποταμὸν,
3409 3046 3501 3098 καὶ
3520 3043 3618 3116 τὴν
3638 3044 3785 3115 Korr-

2202 3139 2476 3213 μαγηνὴν,
2509 3138 2604 3192 καὶ
2630 3138 2758 3202 τοὺς
2780 3141 2837 3193 ὲν
2864 3139 3145 3210 Γαλαδηνῇ
3180 3138 3516 3211 Ἀσσυρίους,
3543 3138 3638 3192 καὶ
3663 3137 3784 3191 Φοί-

2199 3248 2376 3295 νικας.
2408 3228 2742 3302 Στρατεῦσαι
2771 3228 2816 3282 δ’
2843 3230 3005 3283 αὑτὸν
3041 3230 3133 3283 καὶ
3160 3231 3254 3282 ἐπὶ
3299 3230 3647 3300 Ἰδουμαίους,
3687 3230 3785 3283 καὶ

2218 3323 2574 3396 ’Δμμονίτας,
2600 3323 2693 3376 καὶ
2713 3321 3031 3388 Μωαϐίτας,
3055 3323 3148 3374 καὶ
3180 3322 3523 3393 Ἰτουραίους,
3554 3322 3649 3374 καὶ
3671 3322 3786 3376 Ναι-

2197 3417 2477 3481 ϐαταίους,
2505 3416 2600 3470 καὶ
2630 3414 2954 3477 Ναϐδαίους.
2986 3409 3153 3477 Αὖθις
3172 3413 3229 3465 δὲ
3247 3413 3669 3484 ἐπιστρατεῦσαι
3690 3414 3785 3467 ἐπὶ

2193 3508 2450 3580 Σούρωνα
2480 3507 2707 3577 βασιλέα
2738 3504 2916 3574 Τύρου
2956 3505 3049 3557 καὶ
3080 3503 3350 3574 Φοινίκης,
3377 3503 3471 3567 οὒς
3490 3504 3585 3557 καὶ
3613 3504 3785 3572 ἀναγ-

2196 3599 2362 3654 κάσαι
2394 3598 2593 3669 φόρους
2637 3596 2918 3659 Ἰουδαίοις
2950 3593 3246 3647 ὑποτελεῖν·
3280 3595 3417 3666 πρός
3438 3612 3497 3647 τε
3522 3595 3784 3665 Οὑαφρῆν

2195 3688 2287 3742 τὸν
2314 3687 2629 3756 Αἰγυπτίων
2655 3683 2882 3755 βασιλέα
2911 3683 3094 3753 φιλίαν
3119 3682 3427 3737 συνθέσθαι.
3452 3684 3785 3754 Βουλόμενόν

2195 3795 2255 3833 τε
2286 3778 2377 3832 τὸν
2407 3777 2569 3831 Δαϐὶδ
2597 3775 2950 3846 οἰκοδομῆσαι
2997 3774 3141 3847 ἱερὸν
3185 3774 3263 3845 τῷ
3295 3775 3435 3846 θεῷ,
3471 3775 3655 3840 ἀξιοῦν
3689 3775 3783 3829 τὸν

2196 3871 2329 3927 Θεὸν
2369 3870 2535 3924 τόπον
2582 3869 2733 3941 αὑτῷ
2773 3868 2943 3935 δεῖξαι
2980 3866 3075 3920 τοῦ
3117 3867 3520 3941 θυσιαστηρίου
3557 3868 3685 3921 ἔνθα
3720 3868 3785 3941 δὴ

2199 3962 2432 4032 ἄγγελον
2469 3961 2619 4032 αὐτῴ
2650 3961 2904 4032 ὀφθῆναι,
2944 3960 3154 4014 ἑστῶτα
3184 3961 3369 4015 ἐπάνω
3391 3960 3486 4014 τοῦ
3510 3961 3699 4026 τόπου,
3723 3955 3786 4016 οὗ

2196 4054 2289 4108 τὸν
2320 4053 2503 4125 βωμὸν
2541 4053 2788 4126 ἱδρῦσθαι
2833 4057 2890 4108 ὲν
2947 4053 3359 4125 Ἰεροσολύμοις,
3410 4055 3503 4107 καὶ
3543 4054 3787 4110 κελεύειν

520 4149 695 4205 mium
718 4144 1010 4203 statuendo
1041 4140 1199 4196 altari
1244 4140 1423 4194 locum
1481 4138 1746 4195 indicaret
1778 4155 1793 4193 :
1827 4141 2097 4211 simulque

2199 4146 2362 4201 αὑτὸν
2398 4146 2473 4217 μὴ
2507 4146 2753 4216 ἱδρῦσθαι
2773 4146 2833 4198 τὸ
2855 4146 3021 4218 ἱερὸν,
3054 4147 3145 4200 διὰ
3163 4146 3224 4199 τὺ
3242 4147 3434 4217 αἵματι
3462 4146 3787 4218 ἀνθρωπίνῳ
3884 4152 3885 4155 “

515 4248 739 4311 repente
758 4238 998 4294 oblatum
1025 4234 1075 4289 ei
1101 4232 1353 4309 angelum
1377 4230 1570 4299 fuisse,
1601 4230 1696 4301 qui
1732 4247 1895 4301 supra
1915 4232 2097 4287 locum

2202 4237 2497 4309 πεφῦρθαι,
2520 4239 2614 4291 καὶ
2641 4237 2809 4291 πολλὰ
2834 4237 2928 4308 ἐτη
2951 4239 3412 4309 πεπολεμηκέναι.
3437 4234 3589 4292 Εἶναι
3618 4238 3663 4291 δ’
3686 4239 3788 4292 αὑ-

520 4349 670 4399 eum,
703 4331 796 4386 ubi
828 4326 1215 4397 Hierosolyma:
1244 4340 1338 4379 ara
1368 4323 1545 4393 posita
1572 4330 1655 4377 est
1681 4323 2004 4378 consisteret
2032 4338 2097 4388 ;a

2209 4330 2287 4402 τῷ
2311 4329 2481 4400 ὄνομα
2506 4328 2793 4383 Διαναθάν·
2819 4330 3118 4402 προστάξαι
3142 4348 3201 4383 τε
3223 4329 3371 4399 αὐτῷ
3399 4329 3608 4397 τοῦτον,
3638 4331 3787 4396 ὅπως

518 4442 630 4495 quo
653 4432 833 4477 tamen
854 4419 1122 4490 ejusmodi
1180 4415 1441 4486 templum
1487 4414 1745 4468 aediﬁcari
1790 4414 2097 4483 prohibitus

2202 4420 2281 4492 τῷ
2310 4419 2412 4491 υἱῷ
2442 4422 2716 4495 ἐπιτρέψῃ
2744 4422 2840 4493 τὴν
2870 4422 3199 4493 οἰκοδομίαν·
3239 4420 3401 4474 αὑτὸν
3434 4422 3490 4475 δὲ
3530 4423 3774 4495 εὐτρεπί-

520 4517 707 4579 fuerit,
729 4513 875 4585 quod
898 4526 1016 4567 sese
1038 4509 1281 4564 humano
1318 4506 1585 4576 sanguine
1640 4505 1952 4575 proluisset,
2000 4520 2100 4559 an-

524 4622 734 4678 nosque
759 4603 1024 4675 plurimos
1050 4601 1206 4655 bellis
1248 4597 1500 4669 gerendis
1531 4606 1830 4666 occupatus
1884 4594 2117 4661 fuissetr

520 4699 711 4769 Angeli
740 4711 959 4759 nomen,
1015 4692 1415 4747 Dianathanum
1465 4704 1586 4744 esse
1641 4689 1827 4756 refert,
1851 4689 2127 4759 jussum-'

520 4807 633 4862 que
658 4790 725 4844 ab
757 4804 822 4843 eo
857 4786 1133 4852 Davidem,
1163 4784 1352 4838 relicta
1405 4780 1517 4836 lilio
1546 4781 1919 4861 aedilicationis
1978 4797 2099 4836 mo-

520 4879 715 4937 liendae
744 4894 897 4945 cura,
922 4894 1044 4948 quae
1064 4876 1232 4932 futuri
1259 4875 1441 4946 operis
1467 4876 1800 4932 substructio
1854 4877 2099 4947 postula-

520 4984 625 5039 ret,
644 4987 860 5038 aurum,
888 4979 1191 5040 argentum,
1222 4986 1318 5035 aes,
1349 4970 1577 5041 lapides,
1616 4970 1786 5039 ligna,
1824 4979 1936 5024 tam
2000 4984 2096 5042 cy-

521 5061 771 5134 pressina
792 5074 955 5131 quam
978 5060 1218 5130 cedrina,
1253 5062 1544 5133 diligenter
1583 5070 1708 5117 ante
1754 5076 2096 5132 comparare.

520 5154 666 5225 Ergo
685 5154 967 5220 Davidem,
999 5155 1084 5210 his
1112 5154 1334 5217 auditis,
1358 5154 1703 5222 navibusque
1752 5153 1894 5222 apud
1921 5151 2102 5206 Acha-

519 5261 592 5301 na
621 5245 835 5300 Arabiae
861 5245 1135 5299 civitatem
1183 5243 1488 5310 aadilicatis,
1546 5240 1840 5298 elfodiendi
1896 5242 2100 5313 metalli

522 5338 760 5393 artiﬁces
780 5335 999 5407 Urphen
1032 5336 1205 5392 Rubri
1230 5337 1397 5392 maris
1428 5337 1665 5391 insulam
1723 5335 1844 5390 auri
1894 5333 2100 5389 fodinis

521 5427 888 5483 abundantem
917 5427 1152 5492 misisse,
1178 5428 1273 5499 qui
1301 5428 1421 5482 auri
1448 5427 1742 5497 plurimum
1768 5425 1821 5478 in
1855 5422 2099 5479 Iudaeam

524 5522 648 5574 inde
670 5519 975 5575 retulerint.
1011 5519 1268 5576 Davidem
1319 5532 1525 5584 autem,
1577 5531 1868 5589 postquam
1923 5533 2099 5571 annos

522 5611 883 5681 quadraginta
938 5621 1236 5681 regnasset,
1287 5612 1574 5681 imperium
1657 5610 1937 5665 Salomoni
1986 5608 2098 5662 ﬁlio

524 5717 697 5758 annos
745 5700 1029 5758 duodecim
1076 5712 1226 5764 nato.
1277 5719 1460 5760 coram
1534 5702 1685 5760 llclio
1746 5702 2091 5762 sacerdotum

2202 4512 2315 4577 ζειν
2337 4512 2407 4566 τὰ
2438 4512 2576 4585 πρὸς
2601 4513 2698 4584 τὴν
2725 4513 3067 4584 κατασκευὴν
3096 4515 3385 4585 ἀνήκοντα,
3419 4517 3659 4587 χρυσίον,
3685 4518 3787 4591 ἁρ-

2200 4604 2410 4677 γύριον,
2457 4606 2681 4675 χαλκὸν,
2727 4605 2929 4669 λίθους,
2978 4605 3109 4670 ξύλα
3140 4607 3529 4677 κυπαρίσσινα,
3564 4610 3659 4663 καὶ
3694 4609 3788 4664 κε·-

2200 4696 2375 4770 δρινα.
2426 4696 2764 4751 Ἀκούσαντα
2795 4696 2851 4749 δὲ
2887 4696 2977 4750 τὸν
3019 4696 3202 4763 Δαϐιδ,
3237 4697 3397 4751 πλοῖα
3429 4703 3788 4772 ναυπηγήσασ-

2203 4788 2325 4842 σθαι
2367 4791 2426 4841 ὲν
2471 4788 2716 4857 Ἀχάνοις
2761 4787 2914 4840 πόλει
2956 4788 3057 4857 τῆς
3103 4788 3382 4862 Ἀραϐίας,
3432 4792 3523 4845 καὶ
3572 4794 3787 4865 πέμψαι

2204 4879 2567 4952 μεταλλευτὰς
2610 4881 2689 4943 είς
2734 4880 2834 4951 τὴν
2883 4880 3074 4951 Οὐρφῆ
3123 4881 3305 4953 νῆσον,
3338 4885 3596 4955 κειμένην
3633 4887 3693 4938 ὲν
3719 4891 3786 4959 τῇ

2214 4971 2453 5043 Ἐρυθρᾷ
2484 4970 2748 5044 θαλάσσῃ,
2789 4970 3030 5042 μέταλλα
3055 4974 3293 5045 χρυσικά
3323 4973 3570 5044 ἔχουσαν·
3601 4977 3698 5031 καὶ
3729 4978 3790 5031 τὸ

2202 5064 2422 5136 χρυσίον
2465 5063 2674 5118 ἐκεῖθεν
2718 5064 3087 5135 μετακομίσαι
3127 5067 3255 5129 τοὺς
3299 5066 3665 5136 μεταλλευτὰς
3708 5071 3788 5132 εἰς

2201 5156 2301 5225 τὴν
2346 5154 2623 5208 Ἰουδαίαν.
2671 5154 3078 5210 Βασιλεύσαντα
3124 5156 3184 5210 δὲ
3245 5157 3339 5211 τὸν
3392 5158 3558 5213 Δαῦὶδ
3599 5159 3692 5232 ἐτη
3735 5167 3787 5229 μ’

2201 5244 2477 5315 Σολομῶνι
2515 5244 2594 5316 τῷ
2633 5245 2736 5317 υἱῷ
2772 5245 2872 5317 τὴν
2904 5247 3082 5320 ἀρχὴν
3116 5248 3468 5320 παραδοῦναι,
3507 5251 3622 5304 ὄντι
3646 5251 3787 5306 ἑτῶν

2204 5337 2268 5391 ιϐ’
2289 5379 2304 5401 ,
2366 5336 2596 5392 ἐνώπιον
2642 5334 2792 5392 Ἠλεὶ
2850 5339 2943 5392 τοῦ
3001 5340 3329 5411 ἀρχιερέως,
3397 5343 3492 5396 καὶ
3550 5342 3661 5395 τῶν
3719 5341 3788 5396 ιδ’

2202 5427 2493 5499 φυλάρχων
2515 5468 2529 5492 ,
2578 5429 2671 5481 καὶ
2732 5426 3068 5498 παραδοῦναι
3127 5427 3273 5498 αὐτῷ
3314 5428 3405 5481 τόν
3455 5446 3516 5482 τε
3563 5428 3783 5499 χρυσὸν,

2202 5521 2295 5573 καὶ
2323 5519 2583 5591 ἄργυρον,
2620 5518 2713 5572 καὶ
2744 5519 2967 5589 χαλκὸν,
3000 5519 3096 5572 καὶ
3124 5519 3290 5585 λίθον,
3320 5521 3414 5575 καὶ
3449 5519 3578 5584 ξύλα
3608 5537 3787 5574 κυπα-

2204 5611 2438 5683 ρίσσινα,
2465 5610 2560 5665 καὶ
2590 5610 2832 5682 κέδρινα.
2866 5613 2976 5664 Καὶ
3006 5612 3170 5664 αὐτὸν
3194 5614 3292 5682 μὲν
3319 5613 3657 5685 τελευτῆσαι,
3687 5614 3785 5667 Σο-

2202 5704 2422 5777 λομῶνα
2450 5704 2505 5761 δὲ
2532 5703 2855 5777 βασιλεύειν,
2891 5706 2984 5759 καὶ
3009 5705 3212 5776 γράψαι
3246 5707 3383 5777 πρὸς
3410 5707 3669 5777 Οὺαφρῆν
3690 5706 3787 5764 τὸν
