4194 6412
359 232 472 297 ’πο

364 354 640 426 Αἰγύπτου
671 355 892 428 βασιλέα
919 358 1018 433 τὴν
1047 352 1546 432 ὑπογεγραμμένην
1572 361 1872 434 ἐπιστολήν.
1897 383 1917 418 ι

1513 241 1838 299 εΡΙὶᾸΞΡΑΒ.
1880 236 2128 302 EVANG.
2158 238 2292 304 LIB.
2334 239 2423 304 IX.

3498 246 3605 303 750

2036 365 2298 435 principe,
2331 382 2396 421 ac
2418 366 2651 422 tribunis
2670 358 2977 431 duodecim,
3014 376 3136 420 cum
3167 376 3324 430 auro,
3355 374 3602 436 argento,

362 464 494 514 tere,
526 448 814 519 lapidibus,
831 448 1098 523 lignisque
1116 453 1371 507 omnibus
1387 453 1715 546 cypressinis
1740 469 1805 508 ac
1829 446 2063 511 cedrinis
2086 456 2396 512 tradidisse.
2427 455 2595 528 448
2630 456 2975 512 Salomonem
3009 469 3161 519 vero,
3188 469 3313 509 cum
3344 453 3602 511 defuncto

361 549 515 613 patre
544 555 771 612 regnum
796 545 1140 612 capessisset,
1167 544 1233 598 ad
1265 542 1513 613 Vaphren
1542 543 1790 615 -IEgypti
1831 559 2011 616 regem
2041 561 2183 614 eam,
2216 562 2337 619 quae
2359 548 2629 619 sequitur,
2657 549 2940 619 epistolam
2975 548 3280 619 scripsisse.
3300 567 3321 601 ι

865 638 1046 692 ΚΕΦΑ
1053 638 1259 692 ΛΑΙΟΝ
1302 638 1427 691 AA'.

357 750 657 819 Βασιλεὺς
690 748 973 828 Σολομὼν
1009 748 1253 828 Οὐαρρῇ
1301 749 1554 828 βασιλεῖ
1600 750 1928 819 Αἰγύπτου,

777 822 933 891 φίλῳ
959 821 1236 887 πατρικῷ,
1265 821 1506 887 χαίρειν.

435 955 455 989 ι
497 921 740 990 Τίνωσκέ
780 952 847 1007 με
896 933 1270 1007 παρειληφότα
1311 935 1410 1005 τὴν
1448 934 1729 1004 βασιλείαν
1776 935 1927 1006 παρὰ

355 1029 520 1083 Δαόὶδ
545 1028 639 1082 τοῦ
662 1027 869 1099 πατρὸς
888 1027 974 1081 διὰ
999 1025 1093 1079 τοῦ
1123 1025 1256 1079 Θεοῦ
1279 1026 1372 1079 τοῦ
1397 1027 1671 1097 μεγίστου,
1698 1028 1790 1080 καὶ
1815 1028 1928 1080 ἐπι-

352 1120 640 1191 τεταχότος
671 1134 760 1190 μοι
791 1118 1139 1190 οἰκοδομῆσαι
1178 1109 1322 1189 ἱερὸν
1364 1117 1438 1188 τῷ
1467 1117 1606 1189 Θεῷ,
1635 1117 1693 1182 ὃς
1716 1118 1806 1171 τὸν
1834 1119 1924 1171 οὺ-

348 1214 514 1286 ·ρανὸν
542 1213 637 1270 καὶ
666 1212 764 1283 τὴν
791 1212 895 1282 γῆν
919 1212 1147 1265 ἔκτισεν·
1180 1211 1295 1282 ἅμα
1324 1208 1381 1263 δέ
1413 1227 1494 1263 σοι
1524 1210 1752 1281 γράψαι,
1788 1211 1923 1264 ἀποε-

353 1303 557 1360 στεῖλαί
592 1320 682 1375 μοι
718 1302 826 1357 τῶν
873 1303 1023 1374 παρὰ
1065 1300 1157 1356 σοῦ
1188 1302 1351 1366 λαῶν,
1387 1301 1437 1355 οἳ
1486 1301 1922 1373 παραστήσονται

353 1413 444 1467 μοι
491 1396 653 1466 μέχρι
697 1395 791 1447 τοῦ
836 1386 1143 1449 ἐπιτελέσαι
1193 1394 1370 1448 πάντα
1413 1393 1554 1447 κατὰ
1583 1394 1683 1466 τὴν
1708 1394 1916 1467 χρείαν,

346 1486 540 1543 καθότι
565 1486 934 1540 ἐπιτέτακται.
968 1505 987 1537 ι

852 1598 1242 1652 ΚΕΦΑΛΑῙΟΝ
1289 1589 1413 1653 AB’.

344 1712 644 1779 Βασιλεὺς
688 1710 966 1782 Οὺαερρῆς
1024 1711 1327 1781 Σολομῶνι
1380 1711 1630 1777 ,βασιλεῖ
1674 1699 1917 1783 μεγάλῳ

1006 1799 1250 1852 χαίρειν.

411 1914 439 1950 1
480 1897 632 1967 ’Ἅμα
667 1895 745 1967 τῷ
784 1894 1089 1965 ἀναγνῶναι
1134 1896 1232 1967 τὴν
1268 1895 1422 1967 παρὰ
1467 1893 1561 1950 σοῦ
1601 1894 1908 1966 ἐπιστολὴν,

1954 647 2004 703 Α
2589 642 2815 698 CAPUT
2847 642 3042 697 XXXI.

2034 750 2285 808 Salomon
2314 769 2407 808 rea;
2447 752 2670 823 Vapltrw
2718 753 2941 825 Egypti
2993 755 3122 824 regi,
3173 755 3343 808 amico
3376 763 3594 823 paterno

2692 823 2938 878 salutem.

2099 952 2123 988 ι
2158 932 2384 992 Noveris
2410 952 2497 992 me
2526 936 2727 993 summi
2774 937 3028 994 Numinis
3082 936 3343 993 beneficio
3365 951 3591 1008 regnum

2025 1040 2059 1081 a
2076 1025 2280 1083 ‘Davide
2306 1038 2460 1099 patre
2482 1029 2779 1099 accepisse,
2806 1044 2838 1083 a
2862 1044 2971 1098 quo
2998 1029 3254 1099 templum
3302 1030 3414 1086 Deo
3468 1032 3591 1089 coeli

2023 1126 2407 1190 terrarumque
2437 1121 2673 1177 molitori
2707 1121 2973 1176 aedificare
2994 1120 3183 1191 jussus
3238 1120 3457 1189 fuerim,
3519 1124 3592 1179 si-

2024 1212 2245 1280 mulque
2270 1212 2368 1267 abs
2392 1220 2444 1266 te
2466 1227 2562 1283 per
2588 1212 2799 1266 litteras
2817 1219 3020 1280 petere,
3046 1212 3124 1265 uti
3151 1212 3216 1266 ad
3248 1227 3337 1268 me
3389 1228 3454 1268 ex
3504 1229 3594 1269 re—

2022 1301 2112 1371 gni
2135 1300 2542 1357 tuihominibus
2564 1300 2841 1371 fabrisquc
2865 1301 3069 1366 mittas,
3097 1303 3191 1371 qui
3248 1318 3406 1358 suam
3452 1304 3586 1360 mihi

2019 1405 2241 1461 operam
2267 1400 2484 1459 navent,
2515 1393 2708 1456 donec,
2736 1394 2812 1446 uti
2858 1407 2957 1463 par
3001 1402 3103 1458 est,
3151 1404 3368 1462 cuncta,
3425 1405 3584 1466 prout

2014 1481 2203 1552 jussus
2234 1497 2334 1555 ego
2356 1470 2501 1548 sum,
2540 1492 2793 1539 accurate
2820 1482 3119 1553 perfecero.
3171 1504 3190 1537 ι

2565 1594 2794 1651 CAPUT
2819 1594 3037 1653 XXXII.

2165 1700 2393 1777 Vaphres
2414 1724 2509 1763 rea:
2540 1706 2816 1763 Salomoni
2832 1710 2939 1779 regi
2965 1725 3153 1778 magno
3181 1708 3430 1766 salutem.

2087 1907 2108 1941 ι
2136 1887 2372 1946 Litteras
2395 1898 2518 1946 tuas
2543 1890 2705 1946 simul
2735 1900 2895 1961 atque
2935 1891 3157 1961 perlegi,
3211 1906 3336 1947 cum
3396 1891 3568 1971 ingen-

342 1988 548 2060 σφόδρα
568 1988 791 2060 ἐχάρην,
821 1987 915 2041 καὶ
942 1987 1200 2059 λαμπρὰν
1227 1987 1437 2059 ἡμέραν
1461 1987 1688 2057 ἦγαγον,
1718 1985 1829 2055 ἐγώ
1853 2003 1900 2039 τε

2014 1985 2125 2035 tem
2154 1981 2341 2035 animo
2364 1982 2482 2051 cepi
2504 1981 2767 2046 laetitiam,
2795 1991 2935 2048 tum,
2981 1982 3245 2052 genialem
3302 1996 3427 2037 cum
3459 1978 3580 2036 uni-

338 2079 437 2133 καὶ
458 2080 493 2149 ή
520 2077 745 2149 δύναμίς
770 2096 872 2150 μου
894 2081 1064 2143 πᾶσα,
1095 2080 1187 2132 ἐπὶ
1201 2079 1278 2149 τῷ
1306 2078 1697 2151 παρειληφέναι
1719 2094 1776 2130 σε
1806 2077 1908 2149 τὴν

343 2168 620 2239 βασιλείαν
641 2169 793 2241 παρὰ
818 2169 1056 2241 χρηστοῦ
1086 2170 1298 2241 ἀνδρὸς,
1330 2170 1421 2225 καὶ
1449 2168 1904 2240 δεδοκιμασμένου

338 2261 445 2315 ὑπὸ
461 2262 776 2332 τηλικούτου
796 2262 952 2317 θεοῦ.
970 2261 1106 2333 Περὶ
1119 2262 1175 2316 δὲ
1191 2254 1266 2315 ὧν
1290 2261 1521 2332 γράφεις
1545 2278 1633 2331 μοι
1653 2261 1779 2332 περὶ
1798 2258 1905 2314 τῶν

341 2350 485 2405 κατὰ
511 2352 636 2414 τοὺς
665 2351 824 2417 λαοὺς
852 2353 977 2416 τοὺς
1005 2353 1133 2423 παρ’
1163 2352 1314 2422 ἡμῖν,
1349 2350 1664 2406 ἀπέσταλκά
1690 2370 1773 2406 σοι
1803 2371 1906 2423 μυ-

330 2442 527 2513 ριάδας
558 2442 724 2509 ὀκτὼ,
756 2441 830 2498 ὦν
861 2445 956 2498 καὶ
988 2442 1057 2497 τὰ
1086 2442 1264 2513 πλήθη
1296 2442 1357 2507 ἐξ
1384 2436 1458 2496 ὧν
1491 2443 1617 2505 εἰσι,
1654 2442 1904 2497 διασεσα-

335 2534 489 2604 φηκόι
512 2550 613 2587 σοι’
639 2536 702 2587 ὲκ
727 2535 823 2606 μὲν
849 2532 943 2587 τοῦ
971 2533 1278 2604 Σεὸριθίτου
1298 2532 1462 2604 νομοῦ
1499 2534 1742 2605 μυρίους,
1761 2534 1825 2588 ἐκ
1843 2534 1901 2587 δὲ

333 2621 431 2677 τοῦ
454 2624 752 2695 Μενδησίου
784 2623 879 2678 καὶ
904 2623 1230 2695 Σεϐεννήτου
1268 2622 1581 2696 δισμυρίους
1604 2623 1737 2695 (86),
1771 2624 1903 2676 Βου-

334 2713 540 2783 σιριτου
572 2712 1006 2778 Λεοντοπολίτου,
1032 2713 1127 2767 καὶ
1151 2711 1491 2784 Βαθριθίτου,
1523 2712 1626 2767 ἀνὰ
1652 2714 1895 2786 μυρίους.

322 2800 616 2873 Ψρόντισον
640 2801 698 2854 δὲ
723 2803 817 2855 καὶ
836 2801 1020 2854 δέοντα
1042 2801 1224 2863 αὐτοῖς
1249 2801 1341 2853 καὶ
1371 2799 1438 2853 τὰ
1462 2799 1617 2863 ἄλλα,
1644 2800 1792 2863 ὅπως
1818 2800 1902 2854 εὐ-

329 2895 524 2963 τακτῇ,
548 2894 641 2945 καὶ
668 2893 756 2945 ἵνα
781 2890 1300 2947 ἀποκατασταθῶσιν
1328 2891 1408 2953 είς
1427 2889 1526 2960 τὴν
1553 2890 1715 2953 ἰδίαν,
1736 2892 1813 2954 ὡς
1833 2890 1899 2945 ἂν
1936 2959 1945 2966 ⁸

321 2984 440 3038 ἀπὸ
464 2987 562 3056 τῆς
584 2985 772 3056 χρείας
791 2984 1091 3057 γενομένης
1117 2982 1250 3052 (87).
1292 3001 1312 3034 ι

831 3178 1227 3232 ΚΕΦΑΛΑΙΟΝ
1266 3179 1393 3232 AI".

316 3293 621 3359 Βασιλεὺς
665 3291 946 3361 Σολομὼν
977 3292 1235 3358 Σούρωνι
1276 3289 1356 3357 τῷ
1395 3290 1648 3355 βασι.πεῖ
1678 3291 1892 3361 Τύρου,

396 3333 926 3429 ᾢῖὲἷέῶὶἇῖέἷᾶῖ
941 3333 1238 3430 eam};
1257 3333 1893 3430 ῥὶῖιρῖἷεῐιῖῥῖὲιιῖῖξᾶἆὶὶ
1922 3333 1966 3393 C

385 3452 538 3503 ρειν.

398 3565 420 3601 ι
460 3544 700 3602 Γίνωσκέ
742 3561 808 3616 με
863 3540 1236 3612 παρειληφότα
1271 3540 1370 3612 τὴν
1419 3539 1695 3610 βασιλείαν
1742 3540 1894 3610 παρὰ

319 3639 487 3694 Δαόὶδ
510 3638 603 3691 τοῦ
630 3636 833 3708 πατρὸς
863 3634 952 3689 διὰ
982 3634 1074 3688 τοῦ
1100 3633 1235 3688 Θεοῦ
1266 3633 1361 3687 τοῦ
1394 3634 1671 3705 μεγίστου,
1708 3635 1893 3687 ἐπιτε-

316 3731 546 3803 ταχότος
579 3747 668 3802 μοι
694 3727 1042 3800 οἰκοδομῆσαι
1069 3726 1214 3800 ἱερὸν
1242 3726 1320 3797 τῷ
1355 3726 1494 3798 Θεῷ,
1528 3726 1586 3789 ὃς
1615 3727 1706 3780 τὸν
1730 3728 1893 3797 οὐρα-

318 3824 410 3880 νὸν
453 3824 546 3877 καὶ
586 3821 683 3894 τὴν
726 3821 831 3891 γῆν
871 3820 1102 3874 ἔκτισενο
1136 3817 1257 3889 ἅμα
1299 3817 1356 3870 δὲ
1398 3818 1490 3871 καὶ
1534 3819 1619 3871 σοὶ
1661 3818 1888 3889 γράψαι,

316 3914 632 3971 ἀποστεῖλαί
663 3929 752 3984 μοι
777 3911 886 3965 τῶν
929 3911 1079 3981 παρὰ
1107 3908 1200 3962 σοῦ
1228 3909 1393 3972 λαῶν,
1420 3909 1469 3961 οἳ
1500 3911 1892 3980 συμπαραστή-

318 4026 501 4064 σονται
542 4010 692 4079 ἡμῖν,
744 4007 903 4079 μέχρι
956 4004 1050 4057 τοῦ
1100 4002 1405 4057 ἐπιτελέσαι
1456 4002 1555 4073 τὴν
1605 4002 1699 4055 τοῦ
1753 4002 1888 4055 Θεοῦ

316 4100 528 4174 χρείαν,
553 4098 737 4153 καθότι
775 4114 863 4169 μοι
907 4096 1271 4149 ἐπιτέτακται.
1307 4092 1565 4164 Γέγραφα
1607 4092 1664 4146 δὲ
1692 4093 1784 4146 καὶ
1811 4095 1888 4156 εἰς

314 4193 416 4263 τὴν
456 4190 766 4252 Γαλιλαίαν,
818 4189 912 4241 καὶ
952 4188 1269 4257 Σαμαρῖτιν,
1317 4184 1411 4238 καὶ
1459 4182 1760 4248 Μωαϐῖτιν,
1792 4184 1888 4237 καὶ

327 4282 619 4353 ’Λμονῖτιν,
678 4280 773 4333 καὶ
824 4277 1122 4340 Γαλαδῖτιν,
1181 4274 1531 4347 χορηγεῖσθαι
1583 4275 1766 4337 αὐτοῖς
1816 4273 1886 4328 τὰ

311 4375 504 4428 δέοντα
547 4376 613 4427 ὲκ
635 4373 735 4443 τῆς
774 4370 956 4442 χώρας
996 4367 1136 4421 κατά
1169 4366 1330 4437 μῆνα,
1365 4365 1556 4436 κόρους
1604 4364 1751 4417 σίτου
1786 4381 1886 4436 μυ-

312 4467 484 4538 ρίους.
527 4464 586 4519 Ὀ
616 4464 674 4517 δὲ
706 4462 866 4534 κόρος
907 4461 1051 4512 ἐστὶν
1080 4455 1330 4528 ἀρταϐῶν
1357 4454 1446 4520 ἒξ·
1497 4454 1591 4508 καὶ
1622 4455 1763 4507 οἴνου
1797 4454 1886 4507 κό-

317 4574 442 4629 ρους
468 4555 719 4628 μυρίους·
756 4556 784 4608 ὁ
805 4553 863 4607 δὲ
894 4553 1053 4623 κόρος
1083 4549 1176 4602 τοῦ
1196 4547 1339 4601 οἴνου
1375 4546 1491 4600 ἐστὶ
1533 4545 1707 4618 μέτρα
1732 4545 1881 4598 δέκα.

2010 2086 2173 2127 verso
2192 2075 2433 2128 exercitu
2486 2076 2794 2144 populoque
2840 2089 2964 2129 meo
3000 2074 3142 2129 dicm
3194 2073 3301 2143 egi,
3344 2074 3488 2143 quod
3539 2083 3571 2123 a

2010 2159 2128 2215 viro
2154 2161 2380 2231 optimo,
2411 2171 2673 2233 tantoque
2692 2161 2908 2217 Numini
2932 2164 3315 2231 probatissimo
3352 2176 3578 2233 regnum

2011 2254 2305 2324 acceperis.
2338 2253 2495 2321 Quod
2524 2264 2705 2311 autem
2734 2273 2767 2311 a
2823 2257 2979 2312 nobis
3013 2256 3263 2311 homines
3285 2254 3579 2325 fabrosque

2003 2344 2275 2412 postulas,
2298 2359 2487 2399 eorum
2516 2346 2792 2418 octoginta
2844 2347 3014 2400 millia
3065 2346 3132 2400 ad
3166 2353 3218 2399 te
3263 2343 3411 2409 misi,
3436 2357 3578 2414 quo-

2007 2451 2130 2491 rum
2163 2436 2327 2491 etiam
2354 2438 2534 2492 natale
2558 2438 2653 2492 tibi
2681 2439 2859 2494 solum
2889 2438 3128 2492 indicare
3144 2436 3316 2506 juvat.
3345 2433 3429 2488 Ex
3480 2434 3579 2488 Se-

2005 2527 2244 2584 brithide
2269 2528 2590 2599 praefectura
2610 2531 2797 2586 decem
2820 2528 3011 2595 millia,
3056 2545 3125 2583 ex
3171 2527 3464 2590 Mendesia,
3521 2535 3577 2581 et

2009 2616 2377 2683 Sebennitide,
2400 2619 2590 2689 viginti
2621 2621 2810 2683 millia,
2846 2636 2911 2675 ex
2938 2618 3229 2673 Busiritide
3270 2617 3578 2685 Leontopo-

2005 2709 2172 2776 litide,
2194 2717 2248 2765 et
2275 2708 2631 2766 Bathrihitide
2656 2712 2872 2766 circiter
2915 2710 3137 2780 triginta
3188 2705 3356 2762 millia
3384 2720 3575 2760 nume-

2004 2808 2216 2854 rantur.
2250 2798 2511 2869 Superest
2549 2809 2609 2854 ut
2666 2794 2734 2855 iis
2773 2812 3111 2869 quaecunque
3162 2812 3300 2866 opus
3348 2795 3570 2856 fuerint,

2002 2889 2217 2943 abunde
2239 2890 2570 2959 suppeditari
2603 2906 2784 2956 cures,
2807 2890 3001 2960 partim
3032 2904 3099 2942 ne
3125 2887 3255 2957 quid
3302 2888 3443 2941 inter
3472 2900 3570 2940 eos

2002 2979 2284 3034 turbarum
2306 2981 2591 3044 excitetur,
2615 2982 2813 3049 partim
2837 2990 2895 3035 ut
2914 2980 3265 3034 aediﬁcatione
3310 2975 3567 3048 perfecta,

1998 3070 2136 3125 salvi
2169 3070 2238 3127 ad
2268 3087 2399 3127 suos
2425 3072 2832 3143 incolumesque
2862 3078 3218 3127 revertantur.
3263 3088 3282 3122 ι

2543 3181 2770 3238 CAPUT
2792 3176 3046 3236 XXXIII.‘

2002 3293 2254 3350 Salomon
2285 3311 2377 3350 rex
2429 3294 2643 3361 Surom’,
2695 3295 2842 3365 Tyri,
2901 3294 3135 3359 Sidoms,
3178 3312 3245 3348 ac
3282 3293 3568 3352 Phoenicia

2352 3368 2482 3435 regi,
2518 3369 2688 3419 amico
2719 3375 2957 3435 paterno,
2985 3365 3231 3422 salutem.

2069 3558 2090 3591 ι
2126 3538 2354 3595 Noveris
2384 3555 2470 3594 me
2503 3554 2703 3594 summi
2730 3537 2979 3592 Numinis
3035 3536 3298 3592 beneficio
3338 3553 3565 3608 regnum

1993 3647 2026 3686 a
2052 3630 2251 3688 Davide
2278 3640 2431 3701 patre
2464 3632 2766 3700 accepisse,
2798 3647 2827 3685 a
2855 3645 2964 3699 quo
2999 3629 3257 3699 templum
3298 3628 3409 3684 Deo
3437 3631 3563 3686 caeli

1994 3732 2369 3793 terrarumque
2398 3722 2564 3795 449
2585 3722 2822 3777 molitori
2839 3722 3105 3777 aedificare
3120 3722 3310 3790 jussus
3336 3720 3557 3788 fuerim,

1993 3815 2264 3885 simulque
2292 3815 2389 3870 abs
2423 3823 2474 3869 te
2528 3803 2624 3883 per
2644 3814 2852 3869 litteras
2866 3821 3045 3883 petere
3063 3812 3141 3867 uti
3172 3811 3237 3865 ad
3257 3826 3344 3866 me
3385 3827 3451 3866 ex
3473 3826 3559 3867 re-

1992 3911 2083 3980 gni
2102 3909 2177 3964 tui
2212 3909 2524 3964 hominibus
2552 3906 2828 3977 fabrisque
2860 3906 3065 3967 mittas.
3094 3904 3184 3974 qui
3213 3908 3367 3959 suam
3396 3904 3558 3960 nobis

1991 4015 2211 4070 operam
2266 4007 2496 4065 navent,
2543 3998 2716 4052 donec
2758 3996 3001 4051 divinum
3029 3994 3158 4048 illud
3191 4007 3362 4061 opus,
3394 4001 3558 4061 prout

1987 4091 2173 4160 jussus
2203 4105 2304 4160 ego
2333 4104 2490 4151 sum,
2545 4095 2799 4143 accurate
2845 4084 3140 4155 perfecero.
3187 4082 3454 4137 Caeterum
3500 4085 3557 4138 in

1989 4182 2265 4239 Galilaeam
2288 4220 2306 4246 ,
2367 4178 2668 4233 Samariam
2691 4218 2705 4242 ,
2752 4174 3128 4241 Moabitidem,
3165 4174 3554 4240 Amonitidem,

1987 4282 2043 4328 et
2059 4271 2414 4328 Galaditidem
2445 4268 2675 4337 scripsi,
2698 4267 2774 4321 uti
2799 4281 2867 4319 ex
2892 4265 3206 4335 regionibus
3235 4265 3342 4320 illis
3365 4309 3379 4332 ,
3408 4279 3558 4334 quae-

1989 4377 2205 4433 cunque
2235 4376 2373 4430 opus
2402 4352 2640 4421 fuerint,
2672 4357 2740 4411 iis
2769 4355 2972 4409 affatim
2999 4362 3286 4424 suppetant
3312 4373 3326 4422 ;
3363 4370 3557 4425 nempe

1987 4456 2043 4510 in
2075 4454 2318 4525 singulos
2351 4465 2562 4507 menses
2587 4490 2602 4514 ,
2644 4463 2900 4505 cor-orum
2942 4447 3104 4501 tritici
3133 4447 3314 4502 decem
3345 4447 3514 4502 millia
3536 4488 3552 4513 ,

1984 4547 2079 4616 qui
2109 4544 2308 4616 singuli
2335 4542 2553 4598 artabas
2584 4556 2678 4597 sex
2705 4537 3010 4603 continent;
3036 4537 3270 4607 itemque
3295 4551 3550 4592 cororum

311 4627 389 4702 To
416 4627 478 4702 δὲ
515 4627 693 4701 ἔλαιον
737 4644 831 4699 καὶ
874 4642 942 4696 τὰ
973 4641 1107 4696 ἄλλα
1130 4637 1566 4711 χορηγηθήσεται
1602 4637 1784 4699 αὐτοῖς
1820 4637 1884 4689 ὲκ

2003 4639 2099 4694 vini
2115 4637 2301 4692 decem
2330 4633 2497 4689 millia
2516 4674 2531 4700 ,
2559 4632 2653 4702 qui
2680 4629 2875 4701 singuli
2902 4638 3071 4683 metra
3088 4629 3271 4684 decem
3293 4627 3549 4696 efﬁciunt,

304 4740 412 4811 τῆς
448 4739 726 4804 Ἰουδαίας,
749 4739 922 4809 ἱερεῖα
948 4735 1003 4788 δὲ
1027 4735 1104 4796 είς
1124 4731 1471 4803 κρεωφαγίαν
1502 4731 1566 4782 ὲκ
1595 4729 1693 4800 τῆς
1727 4730 1882 4799 Ἀρα-

303 4830 454 4896 ϐίας.
495 4850 516 4885 ι

392 5039 507 5117 (86)
540 5042 915 5117 Δισμυρίους.
961 5045 1345 5116 Reponendnm
1393 5045 1586 5117 opinor
1626 5045 1730 5100 ἀνὰ
1776 5045 1887 5117 δισ-

322 5114 587 5185 μυρίους,
624 5116 725 5170 hoc
752 5126 836 5170 est
864 5114 1221 5185 quadraginta
1251 5114 1512 5172 millia'ex
1542 5116 1776 5175 duabus.
1808 5116 1885 5169 vi-

321 5181 455 5261 ginti
489 5184 658 5261 millia
686 5201 753 5261 es
783 5181 1032 5254 singulis,
1063 5181 1120 5240 ιῐι
1145 5187 1307 5257 paulo
1333 5198 1455 5256 post
1484 5185 1589 5261 ᾁνὰ
1619 5185 1879 5261 μυρίᾳ-υςε

319 5250 527 5321 alioqui
562 5256 838 5326 sexaginta
875 5250 1291 5321 'tautum,'non
1335 5250 1632 5326 octoginta'
1656 5250 1890 5309 millium

318 5333 535 5376 summa
567 5322 749 5377 futura
780 5333 882 5379 est.

393 5389 504 5461 (87)
521 5392 903 5463 Γενομένης.
944 5392 1255 5463 Legendum
1301 5394 1554 5449 existimo
1589 5393 1889 5463 γενόμενοι.

315 5452 497 5534 ῌοὶιιέ
521 5452 906 5534 Hellenismus,
943 5452 1224 5534 ἀπότινος
1263 5464 1585 5534 πράγματος
1601 5452 1890 5532 ’γενέσθαιν

319 5525 427 5604 l_toc
468 5540 552 5585 est
591 5525 964 5603 ἀπηλλαχέναι
996 5533 1089 5587 τοῦ
1136 5525 1493 5604 πράγματός,
1524 5525 1745 5604 inicio!“
1774 5548 1892 5604 Ρεν·

317 5595 584 5669 (unctum,
601 5603 684 5659 vel
695 5595 766 5656 ’σὺ
794 5595 854 5658 eo
874 5614 1127 5659 recentem
1150 5595 1579 5659 esseZPlutarcb.
1604 5595 1859 5656 Ἆίεπαὶιά.
1874 5642 1889 5667 ,

1984 4731 2164 4786 oleum
2199 4735 2384 4782 autem
2432 4739 2497 4779 ac
2546 4732 2737 4778 uetera
2788 4737 2855 4776 ex
2900 4719 3119 4785 Iudaea,
3147 4719 3355 4775 hostias
3396 4733 3546 4786 vero,

1982 4834 2211 4890 quarum
2269 4816 2372 4887 ipsi
2395 4815 2653 4870 carnibus
2680 4820 2987 4875 vescantur,
3022 4825 3089 4866 ex
3117 4810 3314 4864 Arabia
3347 4824 3547 4880 suppe-

1979 4908 2141 4964 ditari
2169 4907 2331 4978 jussi.
2367 4926 2389 4958 ›

1993 5043 2101 5098 ἀπὸ
2135 5043 2243 5096 τῶν
2282 5042 2442 5115 ἱερῶν
2488 5043 2763 5114 γενομένῳ
2798 5042 2875 5112 τῷ
2913 5041 3119 5112 βασιλεῖ
3148 5041 3553 5115 προσελθόντες,

1993 5129 2163 5183 regem
2200 5131 2234 5166 a
2265 5111 2476 5179 peracto
2502 5111 2766 5181 sacriﬁcio
2804 5111 3057 5166 recentem
3083 5111 3356 5183 radetmles.
3375 5112 3551 5183 _lbid.,

1994 5185 2023 5236 ὁ
2053 5181 2110 5237 δὲ
2143 5183 2483 5255 Ἀλέξανδρος
2504 5184 2611 5266 ἀπὸ
2634 5183 2735 5304 In"?
2762 5184 2940 5254 πυρᾶς
2969 5182 3284 5262 γενόμενος,
3305 5181 3400 5235 καὶ
3429 5199 3555 5233 συν-

1994 5253 2218 5306 αγαγὼν
2246 5251 2472 5306 πολλοὺς
2497 5271 2604 5306 των
2632 5253 2690 5306 tot
2724 5269 2800 5305 ων
2816 5269 2829 5281 ο
2852 5269 2884 5304 a
2907 5252 3056 5303 busto
3079 5250 3171 5303 tllo
3192 5267 3442 5306 reversus.
3470 5250 3548 5305 Id.

1994 5269 2218 5322 αγαγων
2246 5269 2472 5315 πολλους
2497 5271 2604 5306 των
2632 5269 2800 5319 φίλων
2816 5269 2829 5281 ο
2852 5269 2884 5304 a
2907 5269 3056 5303 ousto
3079 5269 3171 5303 mo
3192 5269 3442 5307 reversus.
3470 5269 3548 5305 Ia.

1992 5324 2047 5377 in
2075 5321 2411 5388 Themistoc.,
2436 5322 2810 5393 yevdpevocﬁe
2850 5321 2943 5393 ξπ).
2977 5320 3085 5374 τῶν
3125 5320 3374 5393 πράξεων
3409 5321 3553 5393 εκεί-

1991 5409 2120 5446 νων.
2144 5394 2419 5447 lnterdum
2439 5389 2808 5454 ἐλλειπτικῶς,
2824 5391 3026 5457 absque
3041 5389 3204 5443 verbo
3223 5405 3237 5440 :
3255 5389 3546 5446 Herodian.

1993 5462 2088 5532 lib.
2107 5477 2202 5527 vn,
2235 5460 2752 5532 περιτυχόντες-τῶν
2776 5458 2896 5532 ἀπίῃΔ
2914 5459 3174 5532 ὑπατείας
3198 5460 3469 5532 τινίηειιηι
3493 5462 3552 5513 in

1994 5526 2223 5609 aliquem
2250 5526 2320 5585 θεέ
2349 5526 2713 5609 considat-ibas
2736 5529 3059 5609 incidissent.
3078 5526 3173 5609 §ic
3192 5530 3548 5609 oidmb‘arpa:

1992 5597 2246 5669 τηγείας,
2272 5599 2596 5668 πρεσϐείαςζ,
2632 5608 2735 5652 etc.
2756 5640 2771 5664 ,
2807 5598 3043 5666 imperio;
3070 5597 3326 5667 legatione
3357 5597 3547 5669 functi.
