4194 6442
566 296 666 351 75!

1104 401 1332 459 CAPUT
1369 400 1606 455 XXXIV.

791 518 964 574 Suron
994 516 1267 573 Salomani
1305 518 1414 588 regi
1449 533 1637 588 magno
1659 515 1906 571 salutem.

643 653 664 688 ι
683 633 1007 689 Benedictus
1022 631 1163 688 Deus
1178 642 1335 688 terra:
1351 646 1415 687 ac
1429 630 1553 688 catli
1575 630 1843 695 conditor,
1860 628 2142 701 quivirum

563 728 835 796 optimum
848 742 923 781 ac
955 726 1195 796 parentis
1223 725 1411 796 optimi
1443 725 1615 780 tilium
1643 722 1883 793 elegerit.
1911 721 2146 778 Litteras

564 827 693 871 tuas
717 815 877 870 simul
922 824 1085 885 atque
1127 815 1362 886 perlegi,
1395 828 1666 870 summam
1694 813 1878 868 animo
1898 812 2145 882 volupta-

570 915 679 962 tem
708 905 858 976 cepi,
892 904 1110 976 Deoque
1149 907 1351 976 gratias
1373 905 1489 977 egi,
1518 904 1666 976 quod
1697 918 1921 975 regnum
1951 917 2143 973 capes-

568 1000 761 1056 sisses.
804 996 958 1064 Qnod
1021 1006 1201 1053 autem
1248 1014 1280 1054 a
1321 998 1481 1053 nobis
1540 996 1793 1052 homines
1840 1008 2146 1067 operasque

572 1092 787 1162 poscis,
815 1089 1105 1161 Tyriorum
1137 1104 1203 1147 ac
1229 1089 1553 1145 thnicum
1584 1088 1856 1158 octoginta
1881 1087 2046 1140 millia
2075 1085 2145 1140 ad

569 1190 625 1237 te
655 1182 822 1246 misi,
862 1191 1026 1251 atque
1073 1180 1213 1236 inter
1254 1188 1480 1236 caeteros
1522 1179 1914 1244 architectum,
1968 1175 2144 1246 patria

570 1273 794 1342 quidem
848 1272 1073 1343 Tyrium
1099 1310 1116 1337 ,
1157 1271 1255 1327 sed
1297 1279 1472 1327 matre
1518 1267 1706 1325 Iudaea
1742 1268 2038 1337 eademque
2078 1282 2147 1321 ex

570 1367 792 1425 Davidis
844 1369 987 1425 tribu
1032 1378 1259 1424 natum:
1303 1367 1398 1439 qui
1446 1366 1544 1421 tibi
1596 1376 1935 1435 quaecunque
1973 1375 2039 1415 ex
2079 1373 2146 1414 eo

573 1460 888 1531 qumsieris,
920 1474 1041 1531 qua!
1085 1459 1208 1516 caeli
1243 1459 1407 1529 hujus
1444 1457 1652 1512 ambitu
1689 1454 2067 1516 continentur,
2098 1449 2147 1504 si

572 1550 738 1606 modo
772 1551 837 1606 ad
867 1550 1287 1606 architecturam
1320 1547 1689 1616 pertinebunt.
1719 1560 1781 1600 ea
1813 1558 1936 1599 cum
1969 1543 2148 1596 scien-

560 1652 658 1699 ‘ter
683 1642 950 1698 edisseret
969 1643 1174 1709 omnia,
1204 1650 1317 1695 tum
1338 1640 1499 1695 etiam
1523 1638 1680 1693 facile
1707 1635 1965 1707 perficiet.
1990 1633 2145 1699 Quod

1235 286 1322 343 EU
1331 282 1500 343 SEBII
1537 281 1904 343 CESARIEN
1913 280 2018 339 sus
2053 275 2150 337 ΟΡ]

2256 274 2425 337 PARS
2461 274 2526 340 ιι.
2565 311 2625 323 -
2653 276 3153 337 ΑΡοιοςεσι-ιοᾼ.

2165 400 2213 459 Α

3708 282 3814 338 ’157

2746 394 3143 451 ΚΕΦΔΛΑΙΟΝ
3177 399 3299 450 AA'.

2324 511 2564 581 Σούρων
2595 509 2896 580 Σολομῶνι
2926 508 3180 575 βασιλεῖ
3194 508 3438 580 μεγάλῳ
3469 509 3721 591 χαίρειν.

2316 642 2337 675 ι
2372 623 2677 695 Εὐλογητὸς
2715 625 2744 676 ό
2770 622 2923 688 Θεὸς,
2958 623 3019 687 δς
3063 623 3163 694 τὴν
3194 622 3300 693 γῆν
3344 621 3439 675 καὶ
3474 619 3567 676 τὸν
3591 620 3819 693 οὐρανὸν

2240 716 2474 781 ἔκτισεν,
2507 715 2566 780 δς
2594 715 2765 768 εἵλετο
2792 713 3075 786 ἄνθρωπον
3103 714 3337 786 χρηστὸν
3375 714 3440 767 ἐκ
3461 714 3699 785 χρηστοῦ
3722 715 3819 768 av.

2240 806 2385 878 δρός.
2419 806 2568 877 ’Δμα
2596 802 2690 858 τοῦ
2724 804 3028 873 ἀναγνῶναι
3060 804 3158 876 τὴν
3187 803 3342 875 παρὰ
3373 802 3466 857 σοῦ
3512 803 3820 877 ἐπιστολὴν,

2244 897 2450 971 σφόδρα
2488 897 2715 970 ἐχάρην,
2740 897 2834 950 καὶ
2879 896 3146 967 εὐλόγησα
3176 896 3268 950 τὸν
3296 896 3449 962 Θεὸν,
3478 896 3573 950 ἐπὶ
3607 896 3688 969 τῷ
3715 914 3822 953 πα-

2243 989 2556 1063 ρειληφέναι
2587 1005 2647 1042 σε
2671 989 2771 1060 τὴν
2804 987 3101 1059 βασιλείαν.
3129 988 3265 1060 Περ)⁵
3294 988 3352 1041 δὲ
3377 981 3451 1042 ὧν
3470 988 3704 1059 γράφεις
3732 1006 3824 1063 μοι

2243 1061 2374 1154 περὶ
2396 1081 2504 1134 τῶν
2526 1080 2666 1135 κατὰ
2689 1082 2814 1144 τοὺς
2838 1080 3000 1144 λαοὺς
3018 1081 3142 1144 τοὺς
3163 1080 3294 1149 παρ’
3319 1081 3471 1151 ἡμῖν,
3506 1061 3825 1136 ἀπέσταλκά

2245 1191 2329 1228 σοι
2360 1173 2573 1245 Τυρίων
2603 1173 2699 1227 καὶ
2723 1172 2985 1226 Φοινίκων
3012 1171 3496 1241 ὀκτακισμυρίους,
3527 1172 3622 1226 καὶ
3664 1172 3822 1245 ἀρχι-

2243 1264 2471 1319 τέκτονά
2499 1281 2583 1318 σοι
2609 1263 2926 1319 ἀπέσταλκα
2958 1262 3240 1335 ἄνθρωπον
3272 1263 3492 1334 Τύριον,
3522 1264 3587 1316 ὲκ
3620 1263 3826 1335 μητρὸς

2258 1350 2534 1419 Ἰουδαίας,
2561 1354 2627 1409 ὲκ
2655 1356 2754 1427 τῆς
2786 1353 2961 1424 φυλῆς
2992 1354 3093 1424 τῆς
3121 1352 3304 1419 Δαϐὶδ,
3335 1353 3478 1425 ὑπὲρ
3528 1347 3605 1408 ὧν
3637 1355 3703 1409 ἂν
3732 1355 3825 1410 αὖ*

2243 1448 2336 1502 τὸν
2359 1448 2641 1520 ἐρωτήσῃς
2665 1445 2775 1501 τῶν
2807 1446 2911 1499 ὑπὸ
2944 1445 3035 1499 τὸν
3061 1445 3287 1515 οὐρανὸν
3322 1445 3538 1498 πάντων
3567 1445 3660 1499 καὶ
3680 1457 3706 1488 ι
3733 1446 3827 1520 άρ-

2247 1539 2602 1611 χιτεκτονίαν,
2631 1536 2968 1609 ὐφηγήσεταί
2992 1553 3073 1589 σοι
3093 1536 3187 1589 καὶ
3207 1536 3440 1608 ποιήσει.
3478 1536 3614 1609 Περὶ
3640 1537 3696 1592 δὲ
3717 1536 3825 1592 τῶν

2248 1632 2474 1688 δεόντων
2528 1631 2624 1685 καὶ
2674 1629 3154 1703 ἀποστελλομένων
3201 1645 3285 1682 σοι
3347 1629 3552 1685 παίδων
3570 1669 3587 1695 ,
3643 1631 3827 1697 καλῶς

573 1741 857 1803 superest,
881 1733 1116 1802 partium
1148 1743 1362 1786 tuarum
1393 1731 1515 1795 erit,
1548 1728 1615 1783 ad
1647 1728 1891 1783 locorum
1920 1722 2146 1795 praefec—

2256 1727 2495 1797 ποιήσεις
2528 1722 2836 1787 ἐπιστείλας
2865 1725 2977 1787 τοῖς
3002 1721 3141 1776 κατὰ
3178 1722 3342 1776 τόπον
3367 1722 3648 1794 ἐπάρχοις,
3678 1723 3828 1789 ὅπως

564 1834 661 1881 tos
688 1826 965 1890 scribere,
995 1825 1072 1879 uti
1099 1823 1223 1878 huic
1277 1830 1438 1876 tanta:
1476 1820 1758 1875 hominum
1792 1814 2145 1882 multitudini,

573 1931 912 1990 qurecunque
934 1914 1241 1971 necessaria
1268 1912 1490 1979 fuerint,
1511 1912 1793 1984 diligenter
1830 1907 2150 1978 abundeque

573 2008 908 2080 provideant.
945 2025 965 2060 ι
1005 2005 1264 2062 Salomon
1304 2006 1500 2077 igitur,
1549 2004 1636 2058 his
1696 2004 1867 2075 lectis,
1895 2012 2150 2073 paterno—

575 2115 698 2156 rum
725 2099 1025 2154 amicorum
1058 2098 1262 2175 auxilio
1308 2096 1514 2161 fretus,
1566 2103 1622 2151 et
1659 2093 1951 2166 Tyriorum
1992 2090 2150 2149 Sido-

575 2188 902 2261 niorumque
926 2204 1094 2243 manu
1121 2187 1352 2260 stipatus
1374 2228 1390 2256 ,
1417 2187 1649 2243 lustrato
1686 2193 1873 2240 monte
1902 2182 2111 2239 Libano
2130 2221 2148 2248 ,

576 2280 840 2350 quidquid
890 2278 1164 2350 lignorum
1197 2293 1228 2332 a
1263 2286 1490 2348 parente
1528 2291 1729 2333 caesum
1771 2275 1900 2330 olim
1937 2273 2150 2340 fuerat,

581 2382 679 2440 per
708 2381 861 2423 mare
908 2364 1118 2437 Joppen
1148 2382 1322 2435 usque
1344 2366 1671 2431 transvexit,
1702 2364 1934 2435 indeque
1958 2364 2150 2435 pedes-

577 2458 648 2514 tri
672 2459 838 2513 ductu
887 2455 1318 2528 Hierosolymam
1375 2456 1753 2527 comportavit.
1798 2454 2053 2512 Protinus
2084 2456 2152 2511 ad

576 2547 766 2617 templi
797 2545 907 2602 Deo
931 2548 1045 2601 voti
1075 2561 1197 2602 sese
1245 2546 1660 2602 aedificationem
1708 2547 1977 2611 accinxit,
2009 2562 2152 2603 anno

579 2638 756 2692 atatis
781 2637 994 2693 decimo
1024 2636 1205 2693 tertio.
1245 2635 1402 2703 Quod
1450 2637 1505 2691 in
1553 2653 1691 2707 Opus
1722 2638 1851 2693 dum
1899 2638 2153 2693 universa

580 2727 670 2782 illa
704 2729 1042 2784 diversorum
1072 2730 1400 2801 populorum
1449 2731 1743 2786 multitudo
1783 2730 2152 2798 incumberet,

580 2818 757 2875 tribus
798 2817 1110 2876 Iudaeorum
1136 2821 1425 2877 duodecim
1458 2835 1548 2876 res
1578 2821 1914 2877 necessarias
1935 2829 2154 2876 centum

580 2921 643 2975 et.
667 2913 945 2984 sexaginta
975 2914 1258 2969 hominum
1306 2914 1549 2970 millibus
1592 2917 1663 2969 ita
1698 2915 2153 2986 suppeditabant,

582 3012 645 3060 ut
675 3020 835 3061 suum
893 3005 1120 3078 singulae
1165 3021 1412 3062 mensem
1443 3007 1570 3063 huic
1596 3022 1739 3063 cura:
1767 3021 1833 3063 ac
1856 3007 2155 3078 provisioni

2247 1817 2549 1891 χορηγῆται
2566 1816 2636 1870 τὰ
2651 1813 2854 1869 δέοντα.
2868 1831 2888 1866 ι
2905 1813 3136 1868 Διελθὼν
3159 1813 3215 1868 δὲ
3239 1813 3511 1885 Σολομὼν,
3537 1815 3674 1885 ἔχων
3700 1816 3826 1880 τοὺς

2248 1910 2550 1983 πατρικοὺς
2582 1909 2766 1979 φίλους
2792 1909 2885 1962 ἐπὶ
2911 1907 2973 1961 τὸ
2992 1908 3117 1979 ὄρος
3144 1907 3239 1961 τοῦ
3268 1906 3524 1971 Λιϐάνου,
3562 1906 3701 1978 μετὰ
3718 1907 3827 1961 τῶν

2247 2001 2515 2057 Σιδωνίων
2546 2001 2640 2055 καὶ
2665 2000 2897 2073 Τυρίων,
2942 2000 3243 2071 μετήνεγκε
3272 1998 3342 2053 τά
3372 1997 3503 2064 ξύλα
3530 1998 3598 2054 τά
3632 2014 3832 2071 προκε-

2250 2093 2500 2165 κομμένα
2527 2092 2633 2146 ύπδ
2656 2090 2751 2145 τοῦ
2783 2091 2990 2163 πατρὸς
3011 2091 3175 2145 αὑτοῦ
3207 2090 3297 2145 διά
3320 2092 3421 2162 τῆς
3446 2090 3715 2161 θαλάττης
3749 2093 3830 2156 είς

2263 2184 2506 2255 Ἰόππην,
2536 2181 2744 2236 ἐκεῖθεν
2770 2180 2830 2235 δὲ
2852 2179 2990 2252 πεζῇ
3023 2182 3104 2244 είς
3136 2180 3515 2253 Ἰεροσόλυμα”
3547 2181 3641 2234 καὶ
3662 2181 3833 2253 ἄρξα-

2253 2273 2376 2328 σθαι
2421 2273 2722 2345 οἰκοδομεῖν
2758 2271 2821 2325 τὸ
2861 2272 3005 2343 ἱερὸν
3039 2271 3134 2325 τοῦ
3163 2270 3323 2336 Θεοῦ,
3374 2271 3504 2325 όντα
3553 2270 3690 2326 ἑτῶν
3736 2276 3828 2340 ιγ’.

2265 2364 2624 2438 Ἐργάζεσθαι
2659 2365 2717 2418 δὲ
2740 2363 2810 2419 τὰ
2839 2363 2966 2435 ἔθνη
3009 2358 3079 2417 τὰ
3108 2362 3498 2435 προειρημένα,
3537 2363 3631 2417 καὶ
3659 2362 3833 2433 φυλάς

2255 2458 2324 2512 ιϐ’
2347 2458 2458 2512 τῶν
2496 2457 2785 2521 Ἰουδαίων,
2824 2456 2920 2511 καὶ
2945 2455 3204 2528 παρέχειν
3238 2455 3350 2526 (88)
3382 2458 3501 2519 ταῖς
3538 2455 3831 2509 ἑκκαίδεκα

2257 2550 2483 2623 μυριάσι
2513 2549 2583 2604 τά
2635 2549 2821 2603 δέοντα
2875 2549 3050 2605 πάντα
3099 2547 3242 2601 κατὰ
3285 2548 3428 2618 μῆνα
3460 2546 3630 2619 φυλὴν
3680 2546 3830 2617 μίαν,

2254 2640 2582 2712 θεμελιῶσαί
2636 2657 2697 2694 τε
2745 2640 2835 2695 τὸν
2885 2639 3011 2694 ναὸν
3054 2637 3149 2691 τοῦ
3197 2636 3365 2701 Θεοῦ,
3412 2640 3584 2710 μῆκος
3639 2638 3832 2709 πηχῶν

2254 2730 2313 2797 ἐξ
2342 2728 2480 2801 (89),
2526 2728 2727 2793 πλάτος
2754 2728 2946 2801 πηχῶν
2973 2728 3016 2796 ξ’
3037 2745 3051 2759 ·
3082 2729 3144 2782 τὸ
3180 2729 3238 2782 δὲ
3269 2727 3470 2791 πλάτος
3504 2729 3603 2799 τῆς
3628 2728 3835 2784 οίκοδο-

2258 2823 2366 2895 μῆς
2414 2821 2512 2877 καὶ
2556 2820 2664 2875 τῶν
2705 2820 2970 2892 θεμελίων
3012 2820 3204 2892 πηχῶν
3233 2820 3281 2875 ι’.
3319 2820 3475 2875 Οὕτω
3529 2820 3639 2893 γάρ
3684 2819 3836 2892 αύτῷ

2256 2914 2557 2987 προστάξαι
2598 2913 2785 2969 Νάθαν
2828 2914 2921 2967 τὸν
2969 2914 3252 2987 προφήτην
3282 2911 3377 2966 τοῦ
3409 2911 3566 2967 Θεοῦ.
3619 2913 3838 2966 Οἰκοδο-

2258 3007 2380 3076 μεῖν
2403 3004 2460 3058 δὲ
2484 3003 2711 3070 ἐναλλὰξ
2744 3004 2908 3076 δόμον
2941 3004 3139 3059 λίθινον
3165 3004 3259 3058 καὶ
3297 3004 3552 3077 ἐνδεσμον
3573 3005 3835 3077 κυπαρίσι

582 3094 916 3165 assignatum
944 3102 999 3149 et
1041 3094 1372 3166 descriptum
1430 3095 1713 3152 baberent.
1755 3095 1918 3169 ‘Ergo
1964 3099 2150 3169 templi

2257 3113 2424 3161 σινον,
2476 3096 2780 3161 πελεκίνοις
2825 3097 3042 3170 χαλκοῖς
3084 3097 3444 3163 ταλαντιαίοις
3480 3097 3834 3169 καταλαμὸάι

583 3184 937 3240 fundamenta
974 3184 1155 3255 jacta,
1190 3187 1337 3257 quod
1364 3202 1489 3242 cum
1523 3188 1803 3257 sexaginta
1846 3188 2152 3245 cubitorum

584 3273 948 3345 longitudine,
980 3276 1311 3346 totidemque
1340 3277 1626 3335 latitudine
1651 3280 1887 3348 spatium
1916 3296 2153 3351 occupa-

584 3373 703 3432 ret,
728 3375 841 3420 tum
880 3381 1008 3421 vero
1052 3365 1400 3423 fundamenta
1455 3368 1763 3426 latitudinis
1814 3372 1931 3441 ipsa
1969 3388 2067 3443 per
2093 3386 2154 3427 se

586 3454 771 3510 decem
799 3456 1021 3511 omnino
1054 3458 1268 3514 cubitos
1293 3459 1629 3515 obtinebant.
1648 3460 1814 3533 55o
1839 3462 1930 3519 Sic
1952 3464 2096 3519 enim
2121 3479 2154 3520 a

586 3543 801 3601 Nathan
819 3546 911 3603 Dei
931 3549 1191 3619 propheta
1205 3549 1393 3620 jussus
1415 3551 1670 3607 Salomon
1686 3553 1881 3610 fuerat.
1895 3555 1973 3611 Ac
1984 3562 2157 3613 struc-

590 3646 765 3693 turam
797 3637 1016 3709 quidem
1070 3639 1379 3697 universam
1403 3642 1476 3697 ita
1524 3645 1795 3717 compingi
1846 3647 2048 3713 voluit,
2095 3656 2157 3704 ut

589 3728 783 3784 alterni
818 3743 939 3785 sese
968 3729 1229 3800 lapidum,
1262 3741 1318 3787 et
1342 3735 1781 3803 cypressinarum
1804 3735 2040 3792 trabium
2064 3753 2157 3794 or-

588 3819 742 3875 dines
785 3820 1125 3890 exciperent,
1179 3823 1326 3892 quod
1382 3834 1674 3895 utrumque
1728 3827 1939 3883 corium
1991 3830 2156 3886 aeneis

589 3910 952 3981 quibusdam,
987 3910 1165 3981 iisque
1196 3913 1379 3968 talenti
1408 3916 1620 3984 pondo,
1660 3917 1932 3973 securium
1961 3918 2152 3986 instar,

588 4004 823 4059 vinculis
849 4004 1255 4076 astringeretur.
1287 4005 1407 4063 Jam
1436 4018 1611 4065 stante
1642 4012 1883 4068 universi
1942 4014 2155 4070 aedilicii

589 4098 761 4164 mole,
808 4096 1047 4153 ccdrinis
1097 4099 1540 4172 cupressinisque
1592 4101 1791 4157 tabulis
1831 4104 2154 4159 exteriorem

591 4190 831 4260 lapidum
861 4189 1082 4259 faciem,
1117 4206 1187 4247 ne
1241 4193 1458 4248 oculum
1507 4193 1828 4261 offenderet,
1875 4197 2156 4267 undequa-

591 4297 698 4352 que
725 4282 969 4349 vestivit;
997 4283 1308 4339 interiorem
1327 4300 1456 4340 vero
1484 4286 1565 4341 sic
1604 4285 1876 4342 inauravit
1894 4327 1909 4351 ,
1932 4297 1990 4342 ut
2021 4304 2156 4343 con-

588 4370 749 4426 ﬂatos
797 4386 866 4427 ex
901 4388 1036 4427 auro
1073 4374 1267 4429 lateres
1309 4375 1618 4430 cubitorum
1665 4377 1938 4448 quinque,
1985 4378 2154 4435 clavis

2260 3206 2450 3253 νοντας
2472 3191 2598 3253 τοὺς
2615 3189 2707 3244 δύο
2723 3189 2938 3261 δόμους.
2961 3190 3118 3246 Οῦτω
3132 3189 3175 3244 δ’
3199 3190 3361 3245 αὐτὸν
3381 3191 3837 3262 οἰκοδομήσαντα,

2262 3280 2497 3347 ξυλῶσαι
2530 3281 2728 3346 ἔξωθεν
2756 3282 3018 3354 κεδρίνοις
3053 3281 3231 3349 ξύλοις
3274 3284 3370 3337 καὶ
3400 3282 3837 3353 κυπαρισσίνοις,

2260 3371 2400 3427 ὥστε
2427 3372 2525 3445 τὴν
2551 3372 2757 3444 λιθίνην
2780 3373 3067 3445 οἰκοδομὴν
3105 3374 3181 3443 μὴ
3227 3372 3530 3441 φαίνεσθαι,
3560 3371 3840 3443 χρυσῶσαί

2258 3481 2319 3518 τε
2345 3464 2435 3519 τὸν
2464 3465 2590 3519 ναὸν
2625 3463 2824 3518 1ίσωθεν
2857 3463 3133 3534 χωννύντα
3171 3461 3388 3515 πλινθία
3429 3464 3606 3532 χρυσᾶ
3640 3479 3841 3515 πεντα-

2262 3558 2433 3627 πήχη,
2468 3554 2560 3610 καὶ
2589 3553 2936 3626 προστιθέναι
2972 3551 3346 3624 προσηλοῦντα
3373 3552 3522 3623 ἣλοις
3552 3553 3835 3625 ἀργυροῖς,

2259 3647 2619 3713 ταλαντιαίοις
2642 3646 2741 3718 τὴν
2767 3645 2951 3717 ὁλκὴν,
2985 3644 3321 3716 μαστοειδέσι
3350 3644 3442 3698 τὸν
3474 3644 3699 3716 ῥυθμὸν,
3720 3644 3839 3697 τέσ·

2264 3756 2425 3812 σαρσι
2450 3739 2506 3792 δὲ
2534 3737 2625 3791 τὸν
2666 3735 2920 3809 ἀριθμόν.
2958 3735 3116 3789 Οῦτω
3138 3735 3181 3789 δ’
3211 3735 3374 3789 αὑτὸν
3409 3735 3689 3808 χρυσῶσαι
3728 3736 3840 3790 άπὸ

2258 3833 2491 3901 ἐδάφους
2519 3829 2625 3895 ἓως
2647 3830 2747 3902 τῆς
2776 3830 2997 3902 ὀροφῆς,
3026 3829 3086 3883 τό
3125 3846 3185 3883 τε
3225 3829 3484 3901 ὀρόφωμα
3526 3829 3750 3900 ποιῆσαι
3772 3827 3841 3882 ὲκ

2261 3924 2635 3996 φατνωμάτων
2673 3922 2909 3996 χρυσῶν,
2940 3923 3002 3976 τὸ
3039 3922 3097 3976 δὲ
3136 3921 3293 3994 δῶμα
3331 3923 3554 3995 ποιῆσαι
3581 3920 3838 3993 χαλκοῦν,

2262 4014 2370 4070 ἀπὸ
2419 4015 2729 4088 κεραμίδων
2778 4014 3015 4086 χαλκῶν,
3069 4015 3266 4085 χαλκὸν
3322 4014 3688 4087 χωνεύσαντα,
3745 4012 3843 4068 καὶ

2260 4106 2449 4161 τοῦτον
2476 4106 2811 4177 καταχέοντα
2826 4107 2876 4160 1³.
2904 4106 3133 4177 Ποιῆσαι
3147 4107 3204 4161 δὲ
3221 4106 3315 4161 δύο
3332 4107 3555 4171 στύλους
3584 4106 3839 4178 χαλκοῦς,

2262 4204 2356 4255 καὶ
2420 4200 2841 4273 καταχρυσῶσαι
2886 4201 3083 4265 αὐτοὺς
3127 4199 3334 4272 χρυσίῳ
3368 4200 3560 4271 ἀδόλῳ,
3592 4199 3843 4273 δακτύλῳ

2261 4291 2323 4344 τὸ
2360 4290 2551 4362 πάχος.
2590 4286 2744 4345 Εἶναι
2792 4290 2851 4344 δὲ
2896 4290 3022 4354 τοὺς
3066 4290 3289 4354 στύλους
3331 4290 3411 4361 τῷ
3446 4290 3559 4362 ναῷ
3592 4292 3843 4364 ἰσομεγέ-

2266 4383 2400 4447 θεις,
2428 4382 2489 4436 τδ
2507 4382 2564 4437 δὲ
2602 4382 2802 4447 πλάτος
2827 4381 3011 4453 κύκλῳ
3038 4382 3268 4435 ἕκαστον
3296 4382 3450 4435 κίονα
3469 4383 3658 4454 πηχῶν
3686 4383 3839 4437 δέκα’

585 4463 862 4532 argenteis
884 4476 1152 4533 quatuor,
1175 4464 1361 4519 talenti
1398 4467 1613 4537 pondo,
1662 4445 1832 4537 atque
1846 4467 2073 4523 uberum
2108 4470 2150 4523 in

2271 4445 2459 4545 στῆναι
2477 4474 2533 4528 δὲ
2565 4474 2765 4538 αὐτοὺς
2784 4445 2879 4527 τοῦ
2909 4445 3059 4527 οἴκου
3090 4473 3149 4526 δν
3184 4472 3282 4545 μὲν
3294 4473 3358 4526 ὲκ
3387 4445 3596 4540 δεξιῶν,
3623 4473 3751 4528 ὅνδὲ
3781 4474 3844 4543 ἐξ

589 4554 1002 4610 similitudinem
1027 4556 1306 4614 collocatis
1327 4558 1394 4615 ad
1425 4559 1659 4630 parietes
1683 4557 1937 4632 amgeret.
1969 4559 2168 4630 Sicque

590 4659 625 4696 a
649 4642 958 4712 pavimento
995 4644 1062 4698 ad
1112 4660 1389 4702 summum
1437 4660 1613 4718 usque
1654 4655 1854 4704 tectum
1883 4649 2028 4705 aedes
2050 4657 2162 4705 tota

593 4747 731 4788 auro
760 4734 1095 4792 collucebat:
1153 4736 1434 4809 ipsiusque
1465 4737 1601 4794 adeo
1632 4737 1905 4809 laquearis
1936 4755 2165 4796 aureum

596 4825 899 4881 tabulatum
919 4866 936 4892 ,
960 4828 1199 4884 exterius
1214 4844 1344 4884 vero
1368 4828 1581 4884 culmen
1615 4843 1816 4885 aereum
1846 4838 2019 4885 totum
2048 4841 2167 4888 erat

519 4912 523 4919 ’
592 4917 701 4972 hoc
725 4927 809 4973 est
858 4919 1016 4974 aereis
1058 4921 1251 4992 tegulis
1283 4920 1407 4977 fuso
1431 4936 1539 4977 aere
1571 4920 1821 4977 conﬂatis
1849 4921 2161 4977 instratum.

590 5005 895 5065 Columnas
936 5017 1194 5079 praeterea
1243 5013 1381 5068 duas
1411 5012 1466 5066 in
1497 5012 1699 5083 templo
1736 5012 1958 5078 statuit,
1993 5029 2166 5071 aereas

593 5098 812 5166 quidem
862 5098 1019 5166 illas,
1064 5101 1159 5155 sed
1190 5116 1326 5156 auro
1353 5100 1653 5172 purissimo
1691 5104 1760 5157 ad
1811 5102 1964 5174 digiti
2004 5111 2166 5164 unius

593 5188 1012 5246 crassitudinem
1039 5190 1321 5261 inductas,
1350 5208 1382 5247 a
1404 5191 1610 5250 dextris
1638 5208 1801 5249 unam
1822 5234 1837 5260 ,
1872 5196 2096 5253 alteram
2133 5214 2163 5253 a

596 5279 864 5352 sinistris;
893 5283 1081 5339 ambas
1111 5292 1291 5339 autem
1319 5283 1587 5354 ejusmodi
1615 5326 1631 5352 ,
1654 5301 1777 5355 quae
1826 5287 2166 5358 longitudine

597 5380 796 5430 tectum
821 5378 1000 5451 ipsum
1033 5377 1391 5448 attingerent,
1441 5375 1644 5433 ambitu
1681 5378 1894 5437 cubitos
1938 5380 2165 5452 singulm

604 5544 607 5547 ,
681 5501 709 5530 ι
747 5490 835 5549 ίσ.
873 5491 982 5546 τῶν
1020 5493 1183 5553 κατά.
1256 5493 1287 5534 δ
1309 5492 1392 5549 τσ.
1424 5494 1785 5567 καταχέαντα.

603 5688 648 5740 Β.
821 5606 930 5661 Kal
964 5608 1265 5677 παρέχειν.
1295 5607 1402 5664 Καί
1433 5610 1632 5667 rectius
1653 5649 1672 5677 .
1703 5610 1918 5682 opinor,
1965 5625 2166 5681 expun-

2267 4564 2584 4636 εὐωνύμων.
2615 4563 2846 4635 Ποιῆσαι
2873 4562 2932 4616 δὲ
2965 4563 3059 4616 καὶ
3085 4561 3305 4632 λυχνίας
3335 4563 3559 4633 χρυσᾶς,
3594 4562 3727 4617 δέκα
3753 4563 3847 4617 τά·

2266 4656 2433 4712 λαντα
2464 4655 2701 4728 ἑκάστην
2744 4654 2908 4725 ὁλκὴν
2959 4652 3217 4722 ἀγούσας,
3269 4653 3569 4725 ὑπόδειγμα
3610 4652 3847 4708 λαϐόντα

2267 4746 2368 4819 τὴν
2423 4747 2536 4801 ὑπὸ
2574 4746 2818 4809 Μωσέως
2858 4748 2918 4800 ὲν
2948 4747 3014 4816 τῇ
3051 4746 3220 4815 σκηνῇ
3254 4743 3348 4799 τοῦ
3401 4744 3700 4816 μαρτυρίου
3749 4760 3848 4797 τε·

2268 4839 2472 4893 θεῖσαν.
2506 4838 2707 4909 Στῆσαι
2733 4836 2777 4889 δ’
2811 4833 2871 4900 ἐξ
2896 4834 3154 4906 ἐκατέρου
3184 4835 3384 4906 μέρους
3400 4834 3496 4887 τοῦ
3523 4832 3714 4904 σηκοῦ,
3744 4839 3850 4901 τὰς

2270 4929 2371 5004 μὲν
2401 4932 2467 4983 ὲκ
2491 4928 2702 4995 δεξιῶν,
2725 4927 2823 4991 τὰς
2841 4927 2899 4980 δὲ
2928 4925 2986 4993 ἐξ
3018 4925 3332 4997 εὐωνύμων.
3356 4926 3587 4996 Ποιῆσαι
3607 4927 3653 4980 δ’
3681 4927 3851 4982 αὐτὸν

2267 5021 2363 5077 καὶ
2385 5019 2610 5091 λύχνους
2660 5016 2895 5091 χρυσοῦς
2922 5016 2984 5083 o',
3018 5015 3159 5070 ῶστε
3211 5015 3461 5070 καίεσθαι
3500 5016 3583 5085 ἐφ’
3609 5016 3852 5088 ἑκάστης

2267 5111 2487 5182 λυχνίας
2544 5110 2701 5164 ἑπτά.
2737 5108 3103 5180 Οἰκοδομῆσαι
3140 5104 3198 5161 δὲ
3237 5109 3331 5161 καὶ
3380 5107 3479 5172 τὰς
3527 5107 3702 5171 πύλας
3748 5106 3851 5163 τοῦ

2272 5199 2441 5275 ἱεροῦ,
2494 5202 2591 5255 καὶ
2636 5200 3055 5272 κατακοσμῆσαι
3080 5199 3287 5272 χρυσίῳ
3310 5199 3406 5253 καὶ
3443 5199 3719 5271 ἀργυρίῳ’
3750 5198 3852 5254 καὶ

2269 5291 2673 5361 καταστεγάσαι
2725 5291 3047 5363 φατνώμασι
3096 5291 3357 5362 κεδρίνοις
3384 5290 3480 5345 καὶ
3521 5290 3849 5362 κυπαρισσί-

2267 5401 2397 5448 νοις.
2429 5385 2660 5455 Ποιῆσαι
2691 5384 2745 5438 δὲ
2765 5384 2856 5438 καὶ
2885 5384 3025 5438 κατὰ
3055 5383 3116 5439 τὸ
3146 5384 3281 5456 πρὸς
3318 5383 3518 5456 βορρᾶν
3549 5382 3712 5456 μέρος
3748 5380 3851 5437 τοῦ

2338 5609 2451 5680 (89)
2488 5607 2708 5680 Πηχῶν
2753 5609 2871 5680 ἔξη
2901 5607 3047 5663 Ver-ti
3102 5605 3325 5680 perinde
3369 5621 3433 5680 ac
3476 5605 3522 5659 si
3578 5608 3852 5680 tegeretur

2267 5676 2458 5753 πηχῶν
2486 5679 2547 5745 ξ’.
2578 5676 2816 5738 Consule
2843 5676 3142 5751 Iosephum
3175 5678 3442 5749 Antiquit.
3479 5691 3574 5732 vni
3595 5715 3612 5745 ,
3643 5676 3702 5733 ἢ.
