4194 6480
450 443 556 498 733

1624 439 1956 499 PBEPAR.
1999 442 2255 501 EVANG.
2295 444 2421 501 ΗΒ.
2453 443 2539 500 iX.

3596 447 3702 502 ’Ἧι

445 557 597 631 ἱεροῦ
639 557 822 622 στοάν,
850 558 944 611 καὶ
994 556 1220 618 στύλους
1270 557 1406 628 αὐτῇ
1446 556 1750 627 ὑποστῆσαι
1798 555 2029 628 χαλκοῦς

2134 559 2320 614 decem
2351 560 2652 630 implerem.
2679 559 2857 615 Aurea
2888 559 3049 615 etiam
3077 560 3400 617 candelabra
3447 559 3562 616 fieri
3604 578 3703 619 cu-

451 657 562 723 μη’.
597 650 1022 703 Κατασκευάσαι
1049 649 1107 702 δὲ
1161 649 1255 703 καὶ
1286 649 1523 720 λουτῆρα
1569 648 1804 720 χαλκοῦν
1861 650 2033 720 μῆκος

446 740 639 813 πηχῶν
666 747 737 805 κ’,
765 742 860 793 καὶ
887 741 1088 803 πλάτος
1108 738 1300 810 πηχῶν
1326 740 1394 793 ac"
1422 740 1482 794 rb
1511 740 1567 793 δὲ
1598 740 1729 811 ὕψος
1755 740 1943 810 πηχῶν
1965 739 2027 795 ε’.

447 833 680 903 Ποιῆσαι
715 831 773 886 δὲ
806 833 891 885 ἐπ’
918 829 1067 900 αὐτῷ
1101 830 1371 902 στεφάνην
1417 830 1553 902 πρὸς
1598 830 1699 901 τὴν
1730 829 1883 899 βάσιν
1928 825 2032 893 ἔξω

447 923 825 996 ὑπερέχουσαν
852 923 1029 993 πῆχυν
1071 922 1167 975 ἕνα
1197 921 1331 995 πρὸς
1359 921 1418 975 rb
1448 923 1575 997 τοὺς
1614 920 1779 991 ἱερεῖς
1805 918 1931 982 τούς
1969 935 2029 971 τε

445 1014 616 1074 πόδας
645 1011 1102 1085 προσκλύζεσθαι,
1134 1015 1229 1066 καὶ
1263 1013 1361 1076 τάς
1391 1014 1576 1085 χεῖρας
1603 1011 1886 1065 νίπτεσθαι
1909 1012 2031 1064 ἐπι-

446 1105 731 1168 ϐαίνοντας
753 1121 766 1134 ·
815 1104 1036 1175 ποιῆσαι
1080 1103 1137 1156 δὲ
1171 1104 1265 1157 καὶ
1304 1102 1404 1165 τὰς
1433 1104 1618 1174 βάσεις
1647 1103 1741 1157 τοῦ
1769 1101 2030 1173 λουτῆρος

446 1196 731 1271 τορευτὰς,
775 1195 1049 1268 χωνευτάς
1093 1195 1317 1264 δώδεκα,
1353 1197 1448 1250 καὶ
1478 1196 1557 1268 τῷ
1595 1195 1719 1266 ὕψει
1761 1196 2028 1270 ἀνδρομή-

445 1308 563 1355 κεις
583 1308 597 1322 ·
623 1290 718 1344 καὶ
744 1289 937 1360 στῆσαι
967 1289 1027 1355 ἐξ
1049 1288 1272 1361 ὑστέρου
1305 1289 1504 1362 μέρους
1524 1289 1629 1343 ὑπὸ
1659 1289 1750 1343 τὸν
1768 1289 2026 1361 λουτῆρα,

444 1385 510 1438 ὲκ
546 1380 738 1447 δεξιῶν
784 1382 878 1435 τοῦ
929 1381 1336 1454 θυσιαστηρίου.
1377 1383 1608 1454 Ποιῆσαι
1642 1382 1699 1437 δὲ
1735 1382 1831 1436 καὶ
1873 1382 2028 1452 βάσιν

444 1474 652 1547 χαλκῆν
695 1474 774 1546 τῷ
816 1474 939 1545 ὕψει
983 1474 1175 1546 πηχῶν
1226 1475 1391 1539 δυοῖν,
1442 1476 1583 1530 κατὰ
1634 1474 1726 1529 rbv
1771 1474 2024 1546 λουτῆρα,

445 1566 513 1620 ἵν’
574 1568 851 1640 ἐφεστήκῃ
914 1569 999 1621 ἐπ’
1050 1568 1220 1641 αὐτῆς
1275 1569 1305 1621 ὁ
1355 1567 1641 1640 βασιλεὺς,
1705 1568 1833 1622 ὅταν
1863 1584 2028 1641 προσ-

442 1658 706 1730 εύχηται,
738 1659 890 1723 ὅπως
938 1659 1239 1731 όπτάνηται
1281 1657 1362 1731 τῷ
1415 1659 1532 1731 λαῷ
1556 1659 1681 1727 ,τῶν
1734 1660 2023 1714 Ἰουδαίων.

443 1751 807 1822 Οἰκοδομῆσαι
837 1752 893 1805 δὲ
926 1752 1021 1806 καὶ
1046 1752 1106 1805 rb
1135 1752 1520 1824 θυσιαστήριον
1545 1795 1560 1819 ,
1604 1752 1796 1824 πηχῶν
1828 1751 1906 1806 κε’
1933 1752 2028 1806 ἐπὶ

442 1843 641 1912 πήχεις
669 1839 738 1906 κ’,
759 1842 821 1894 rb
850 1842 895 1895 δ’
927 1840 1061 1913 ὕψος
1093 1842 1285 1914 πηχῶν
1321 1843 1408 1896 ιϐ’.
1439 1843 1670 1914 Ποιῆσαι
1699 1844 1756 1897 δὲ
1797 1845 1891 1898 καὶ
1933 1844 2027 1898 δα-

439 1931 693 1996 κτυλίους
721 1932 815 1986 δύο
833 1933 1066 2004 χαλκοῦς
1086 1913 1465 2000 ἁλυσιδωτούς,
1489 1913 1582 1990 καί
1611 1936 1804 2007 στῆσαι
1825 1937 2020 2001 αὐτοὺς
2054 1913 2097 1969 Β

438 2024 533 2077 ἐπὶ
593 2025 1002 2096 μηχανημάτων
1045 2027 1418 2098 ὑπερεχόντων
1474 2026 1555 2098 τῷ
1583 2026 1710 2097 ὒψει
1760 2027 1852 2081 τὸν
1894 2027 2021 2083 ναὸν

437 2117 637 2189 πήχεις
662 2116 731 2182 κ’,
763 2118 859 2172 καὶ
888 2118 1129 2184 σκιάζειν
1157 2120 1341 2176 ἐπάνω
1368 2118 1569 2185 παντὸς
1598 2119 1693 2174 τοῦ
1729 2119 1898 2192 ίεροῦο
1926 2120 2046 2175 καὶ.

437 2207 860 2280 προσκρεμάσαι
887 2209 1095 2283 ἑκάστῃ
1124 2209 1305 2264 δικτύῖ
1352 2209 1611 2275 κώδωνας
1651 2209 1887 2281 χαλκοῦς
1928 2228 2022 2265 τα-

436 2299 747 2364 λαντιαίους
789 2302 1206 2372 τετρακοσίους(
1248 2302 1344 2355 καὶ
1376 2302 1602 2373 ποιῆσαι
1650 2301 1777 2367 ὅλας
1806 2302 1906 2367 τάς
1938 2304 2019 2357 δι-

438 2391 629 2457 κτύας,
658 2392 796 2466 πρὸς
816 2394 877 2447 τὸ
900 2394 1092 2465 ψοφεῖν
1116 2395 1243 2459 τοὺς
1273 2394 1548 2461 κώδωνας,
1585 2395 1681 2451 καὶ
1730 2395 2021 2452 ἀποσοϐεῖν

437 2485 509 2541 τὰ
542 2486 727 2558 ὄρνεα,
760 2487 909 2553 ὅπως
939 2486 1013 2559 μὴ
1045 2487 1239 2560 καθίζῃ
1265 2487 1357 2541 ἐπὶ
1387 2487 1479 2542 τοῦ
1521 2488 1690 2561 ἱεροῦ,
1731 2490 1868 2561 μηδὲ
1900 2508 2023 2546 νοσ-

442 2574 577 2649 σεύῃ
601 2576 694 2630 ἐπὶ
722 2580 834 2642 τοῖς
858 2577 1180 2648 φατνώμασι
1211 2578 1321 2632 τῶν
1362 2578 1545 2633 πυλῶν
1568 2580 1664 2633 καὶ
1700 2581 1892 2648 στοῶν,
1927 2581 2020 2636 καὶ

445 2667 646 2739 μολύνῃ
683 2671 794 2733 τοῖς
829 2670 1226 2741 άποπατήμασι
1262 2670 1324 2724 rb
1381 2672 1547 2744 ἱερόν.
1603 2671 1925 2744 Περιϐαλεῖν
1963 2673 2021 2727 δὲ

442 2761 538 2814 καὶ
568 2760 636 2815 τά
685 2761 1027 2835 Ἱεροσόλυμα
1048 2763 1145 2837 τὴν
1175 2763 1330 2817 πόλιν
1358 2765 1583 2835 τείχεσι,
1635 2766 1731 2819 καὶ
1767 2765 2018 2836 πύργοις,

441 2849 539 2904 καὶ
584 2850 831 2924 τάφροις.
893 2854 1257 2927 Οίκοδομῆσαι
1315 2855 1372 2909 δὲ
1427 2857 1521 2909 καὶ⁹
1550 2855 1796 2926 βασίλεια
1820 2854 2016 2926 ἑαυτῷ.

442 2939 957 3014 Προσαγορευθῆναι
995 2943 1053 2998 δὲ
1090 2944 1306 3018 πρῶτον
1330 2945 1428 3014 μὲν
1455 2946 1517 2999 rb
1544 2945 1843 3017 ἀνάκτορον
1877 2944 2020 3016 ἱερὸν

443 3031 778 3103 Σολομῶνος,
826 3033 1053 3106 ὕστερον
1083 3035 1160 3099 δὲ,
1207 3035 1677 3108 παρεφθαρμένως
1723 3036 1821 3108 τὴν
1868 3035 2020 3089 πόλιν

439 3122 553 3189 ᾁπδ
575 3120 669 3175 τοῦ
707 3121 853 3194 ἱεροῦ
899 3122 1250 3196 Ἰερουσαλὴμ
1270 3124 1666 3195 ὀνομασθῆναυ
1697 3124 1803 3183 ὑπὸ
1833 3124 1891 3179 δὲ
1912 3123 2027 3179 τῶν

449 3211 721 3284 Ἑλλήνων
751 3212 1087 3286 φερωνύμως
1133 3212 1477 3284 Ἱεροσόλυμα
1523 3212 1795 3281 λέγεσθαι.
1826 3213 2020 3267 Συντε-

439 3265 676 3377 unde
704 3265 775 3358 ar
803 3265 866 3358 ὲέδ
898 3265 1047 3377 ea.
1065 3265 1186 3358 ’καὶ
1202 3265 1317 3377 ’τήν
1345 3265 1499 3359 πὲλὶν
1544 3265 1887 3375 τειχίσαντα,
1914 3265 2024 3358 ελ.
2048 3265 2093 3324 ε

445 3396 560 3451 θεῖν
584 3397 666 3460 εἰς
685 3393 904 3466 Σηλὼμ,
935 3396 1032 3448 καὶ
1064 3394 1256 3449 θυσίαν
1312 3393 1390 3466 τῷ
1427 3393 1548 3465 Θεῷ
1584 3396 1665 3458 είς
1709 3394 2025 3469 ὁλοκάρπω-

445 3505 531 3542 σιν
568 3489 958 3558 προσαγαγεῖν,
996 3485 1122 3555 βοῦς
1149 3486 1373 3558 χιλίους.
1403 3487 1649 3541 Λαϐόντα
1685 3485 1741 3539 δὲ
1768 3485 1864 3558 τὴν
1888 3503 2023 3558 σκη-

440 3583 544 3653 νὴν
576 3582 671 3636 καὶ
703 3581 762 3636 rb
798 3580 1202 3652 θυσιαστήριον,
1244 3581 1337 3635 καὶ
1362 3581 1432 3635 τὰ
1471 3579 1679 3651 σκεύη,
1719 3578 1755 3634 ἃ
1800 3581 2023 3652 ἐποίησε

446 3672 679 3745 Μωσῆς,
723 3675 802 3737 εἰς
836 3671 1185 3745 Ἱεροσόλυμα
1230 3673 1508 3742 ἐνεγκεῖν,
1570 3672 1666 3731 καὶ
1700 3673 1758 3727 ὲν
1783 3672 1861 3743 τῷ
1892 3671 2026 3744 οἴκῳ

445 3763 641 3818 θεῖναι.
676 3763 789 3818 Καὶ
829 3764 930 3837 τὴν
984 3763 1216 3819 κιϐωτὸν
1243 3763 1301 3818 δὲ
1333 3765 1430 3819 καὶ
1450 3764 1542 3818 τὸν
1568 3763 1752 3836 βωμὸν
1775 3764 1864 3823 τὸν
1890 3781 2025 3836 χρυ-

448 3853 597 3920 σοῦν,
644 3855 739 3908 καὶ
784 3854 884 3933 τὴν
933 3854 1188 3926 λυχνίαν,
1225 3855 1320 3910 καὶ
1354 3854 1452 3928 τὴν
1484 3855 1786 3928 τράπεζαν,
1831 3857 1928 3909 καὶ
1958 3854 2029 3909 τά

448 3940 584 3999 ἄλλα
639 3945 808 4018 σκεύη
866 3947 985 4000 ἐκεῖ
1034 3945 1440 4012 κατατίθεσθαι,
1500 3947 1680 4012 καθὼς
1727 3948 2027 4018 προστάξαι

452 4038 604 4110 αὑτῷ
639 4039 730 4093 τὸν
751 4039 1053 4112 προφήτην.
1095 4041 1475 4113 Προσαγαγεῖν
1501 4041 1561 4094 δὲ
1590 4041 1668 4113 τῷ
1691 4041 1811 4112 Θεῷ
1837 4040 2027 4095 θυσίαν

454 4131 673 4202 μυρίαν,
706 4130 955 4202 πρόϐατα
985 4130 1240 4202 δισχίλια,
1268 4131 1501 4202 μόσχους
1536 4131 1865 4203 τρισχιλίους
1896 4149 2028 4185 πεν-

451 4222 759 4287 τακοσίους.
811 4222 883 4276 Tb
930 4222 988 4276 δὲ
1023 4222 1246 4295 σύμπαν
1281 4222 1523 4296 χρυσίον,
1572 4224 1633 4277 rb
1662 4225 1742 4286 είς
1765 4225 1890 4287 τοὺς
1935 4224 2029 4278 δύο

456 4315 680 4381 στύλους
729 4317 822 4371 καὶ
870 4317 963 4371 τὸν
991 4316 1117 4371 ναὸν
1163 4315 1536 4389 καταχρησθὲν
1558 4358 1574 4383 ,
1620 4312 1757 4370 εἶναι
1793 4318 2031 4371 τάλαντα

461 4408 735 4481 μυριάδων
758 4407 856 4475 υξ’,
892 4411 971 4473 είς
991 4408 1049 4465 δὲ
1080 4409 1207 4473 τοὺς
1225 4409 1389 4479 ἥλους
1415 4408 1511 4462 καὶ
1541 4407 1640 4479 τὴν
1673 4407 1837 4479 ἄλλην
1868 4426 2031 4466 κατα.

458 4497 658 4571 σκευὴν
686 4499 947 4570 ἀργυρίου
978 4497 1215 4552 τάλαντα
1235 4497 1384 4569 χίλια
1426 4497 1673 4552 διακόσια
1711 4514 2031 4571 τριακοντα-

451 4590 573 4645 δύο·
605 4568 806 4662 χαλκοῦ
835 4568 892 4644 δὲ
926 4594 1011 4655 εἰς
1033 4591 1159 4654 τοὺς
1184 4591 1368 4654 κίονας
1396 4590 1492 4644 καὶ⁹
1524 4589 1614 4644 τὸν
1659 4568 1895 4662 λουτῆρα
1932 4591 2027 4643 καὶ

2131 4591 2237 4647 que
2263 4574 2551 4642 munitam,
2583 4570 2861 4628 Selomum
2897 4568 3194 4642 profectus,
3222 4568 3331 4627 Deo
3360 4571 3506 4626 mille
3535 4571 3702 4627 boum
3753 4599 3766 4611 ι
3839 4649 3853 4668 .

456 4682 554 4754 τὴν
585 4680 745 4735 στοὰν
769 4680 1006 4739 τάλαντα
1043 4679 1212 4753 μύρια
1248 4679 1626 4751 ὀκτακισχίλια
1669 4680 2033 4751 πεντήκοντα,

463 4773 813 4844 ’Δποπέμψαι
841 4772 901 4826 δὲ
931 4773 1021 4827 τὸν
1058 4771 1348 4844 Σολομῶνα
1380 4772 1476 4826 καὶ
1516 4771 1641 4837 τοὺς
1676 4772 2026 4841 Αἰγυπτίους,

452 4867 548 4927 καὶ
583 4865 710 4930 τοὺς
746 4865 1013 4929 Φοίνικας,
1049 4864 1313 4927 ἑκάστους
1334 4864 1413 4927 είς
1433 4862 1532 4936 τὴν
1569 4863 1796 4931 ἑαυτῶν,
1816 4862 2030 4933 ἑκάστῳ

455 4957 660 5035 χρυσοῦ
695 4957 911 5022 σίκλους
942 4956 1099 5011 δόντα
1122 4956 1253 5010 δέκα
1271 4974 1285 4988 ·
1323 4956 1386 5011 rb
1414 4956 1472 5012 δὲ
1496 4957 1755 5013 τάλαντον
1780 4953 1919 5009 εἶναι
1948 4956 2032 5009 σί-

456 5050 603 5105 κλον.
639 5051 751 5104 Καὶ
781 5048 860 5121 τῷ
895 5050 993 5121 μὲν
1020 5048 1294 5119 Δίγύπτου
1336 5048 1544 5119 βασιλεῖ
1584 5050 1809 5121 Ούαφρῇ
1849 5049 2028 5103 ἐλαίου

459 5136 737 5209 μετρητάς
773 5137 1018 5210 μυρίους,
1047 5136 1504 5205 φοινικοϐαλάνων
1551 5137 1796 5209 ἀρτάδας
1832 5137 2028 5209 χιλίας,

459 5230 677 5301 μέλιτος
708 5230 766 5284 δὲ
789 5233 983 5301 ἀγγεῖα
1010 5231 1224 5294 ἑκατὸν,
1254 5228 1346 5289 καὶ
1371 5229 1640 5302 ἀρώματα
1677 5230 1919 5302 πέμψαι·
1954 5229 2033 5302 τῷ

455 5318 513 5372 δὲ
539 5319 776 5391 Σούρωνι
797 5321 877 5383 είς
902 5319 1077 5393 Τῦρον
1105 5319 1318 5393 πέμψαι
1349 5319 1441 5372 τὸν
1467 5318 1703 5392 χρυσοῦν
1724 5321 1878 5374 κίονα
1901 5361 1915 5387 ,
1941 5321 2033 5375 τὸν

458 5412 516 5464 ἐν
551 5411 711 5483 Τύρῳ
738 5412 1090 5482 ἀνακείμενον
1108 5414 1166 5467 ὲν
1196 5411 1275 5483 τῷ
1312 5410 1443 5485 ίερῷ
1474 5411 1567 5465 τοῦ
1605 5413 1744 5476 Διός.
1780 5413 2035 5483 Θεόφιλος

457 5501 515 5556 δέ
542 5520 675 5574 φησι
698 5503 789 5557 τὸν
817 5504 1254 5576 περισσεύσαντα
1276 5502 1475 5574 χρυσὸν
1512 5504 1605 5557 rbv
1635 5503 1923 5574 Σολομῶνα
1956 5502 2034 5575 τῷ

460 5595 644 5667 Τυρίῳ
677 5595 887 5667 βασιλεῖ
913 5596 1144 5667 πέμψαι.
1184 5594 1287 5650 Τὸν
1314 5595 1392 5661 δὲ,
1426 5595 1609 5650 εἰκόνα
1646 5596 1746 5667 τῆς
1768 5595 2033 5666 θυγατρὸς

461 5685 599 5748 ζῶον
630 5685 971 5757 ὁλοσὼματον
999 5684 1427 5749 κατασκευάσαι,
1462 5684 1554 5739 καὶ
1578 5683 1797 5755 ἑλυτρον
1831 5681 1909 5753 τῷ
1936 5683 2031 5736 ἀν-

460 5778 667 5848 δριάντι
704 5779 796 5834 τὸν
843 5779 1078 5851 χρυσοῦν
1124 5779 1279 5833 κίονα
1320 5780 1647 5851 περιθεῖναι.
1695 5764 1926 5847 Ποιῆσαι
1976 5775 2033 5828 δέ

461 5888 624 5943 φησιν
641 5875 669 5928 ὀ
694 5872 1006 5943 Εὐπόλεμος
1027 5871 1119 5927 rbv
1147 5870 1435 5943 Σολομῶνα
1458 5871 1552 5926 καὶ
1582 5868 1811 5936 ἀσπίδας
1826 5871 2032 5942 χρυσᾶς

2133 650 2273 706 ravit
2292 692 2305 715 ,
2333 651 2512 721 pondo
2534 650 2746 723 singula
2780 651 3042 707 talentum
3059 650 3264 719 decem,
3296 667 3417 722 qua:
3444 652 3510 707 ad
3535 653 3701 720 illius,

2134 743 2279 811 quod
2311 743 2365 797 in
2405 743 2761 798 tabernaculo
2783 741 3412 798 testimoniicollocatum
3453 759 3485 799 a
3518 741 3705 813 Moyse

2135 833 2344 901 fuerat,
2370 836 2647 905 exemplar
2689 835 2976 905 expressit.
2999 834 3136 905 ,Hacc
3177 844 3406 904 utraque
3453 835 3706 890 similiter

2131 926 2262 981 aedis
2284 942 2352 981 ex
2385 937 2537 997 parte
2560 926 2875 988 constituta,
2899 927 2967 983 ad
2998 927 3275 982 dexteram
3312 926 3454 991 alia,
3497 927 3602 981 alia
3633 925 3704 981 ad

2133 1016 2411 1072 sinistram
2430 1059 2445 1084 ,
2470 1017 2774 1088 additaeque
2793 1018 3220 1073 aureaslucernae
3244 1018 3606 1087 septuaginta,
3640 1026 3703 1073 ut

2128 1118 2334 1178 septem
2403 1124 2662 1165 accensas
2704 1109 3029 1165 candelabra
3084 1110 3294 1181 singula
3346 1110 3697 1166 sustinerent.

2132 1199 2341 1272 Templi
2363 1216 2581 1272 quoque
2610 1201 2796 1257 valvas
2830 1215 2964 1257 auro
2986 1211 3317 1273 argentoque
3346 1201 3506 1267 texit,
3526 1199 3702 1254 forni-

2129 1306 2358 1361 ccmque
2394 1291 2626 1363 desuper
2657 1292 2894 1348 cedrinis
2942 1307 3006 1348 ac
3027 1293 3359 1365 cypressinis
3392 1307 3460 1346 ex
3503 1290 3701 1349 tabulis

2129 1382 2385 1438 sinuavit.
2412 1381 2533 1437 Jam
2577 1383 2644 1438 ad
2685 1383 3159 1455 septentrionalem
3203 1383 3335 1438 aedis
3365 1390 3576 1453 partem
3614 1383 3703 1437 in-

2128 1484 2340 1547 gentem
2398 1476 2666 1547 porticum
2707 1476 2945 1547 aperuit,
2995 1475 3277 1532 columnis.
3302 1476 3458 1531 aereis
3497 1483 3621 1531 octo
3644 1481 3702 1533 et

2128 1568 2486 1642 quadraginta
2551 1568 2850 1623 suffultam.
2931 1567 3167 1624 Labrum
3236 1567 3366 1624 item
3449 1567 3701 1637 adiunxit

2127 1675 2369 1723 aeneum,
2405 1658 2759 1731 longitudinis
2789 1659 3006 1731 quidem
3054 1673 3119 1714 ac
3152 1656 3452 1717 latitudinis
3482 1655 3697 1727 viginti,

2126 1751 2428 1807 altitudinis
2473 1766 2601 1806 vero
2644 1751 2887 1822 quinque
2942 1750 3205 1806 duntaxat
3229 1749 3441 1805 cubitos
3467 1748 3694 1804 habens.

2128 1842 2245 1898 Hoc
2276 1841 2476 1899 limbus
2507 1842 2726 1912 quidam
2750 1842 2988 1897 exterius
3007 1842 3074 1897 ad
3093 1841 3337 1897 cubitum
3360 1855 3533 1897 unum
3556 1841 3696 1895 emi-

2126 1949 2270 1991 nens
2293 1972 2308 2000 .
2338 1949 2406 1990 ac
2428 1949 2621 1990 versus
2649 1933 2825 1990 basim
2842 1933 3247 1991 circumductus
3274 1932 3568 1997 ambiebat,
3587 1945 3699 2003 quo

2125 2025 2343 2083 facilius
2375 2040 2677 2082 conscenso
2726 2025 2909 2091 labro,
2967 2023 3278 2080 sacerdotes
3321 2023 3520 2093 pedum
3575 2038 3697 2078 ma-

2126 2132 2407 2188 nuumque
2437 2118 2626 2172 sordes
2658 2117 2922 2171 eluerent.
2961 2113 3148 2171 Eidem
3182 2114 3383 2187 gradus
3415 2114 3698 2170 tornatiles

2125 2209 2421 2279 fusilesque
2461 2207 2748 2265 duodecim
2769 2248 2785 2273 ,
2809 2223 2932 2264 cum
2959 2208 3107 2278 iusta
3137 2207 3379 2263 hominis
3403 2208 3568 2266 unius
3585 2206 3701 2264 ma-

2125 2301 2407 2374 gnitudine
2429 2299 2699 2371 aquuati
2725 2339 2742 2366 ,
2768 2299 2836 2355 ad
2871 2308 3080 2370 partem
3122 2299 3268 2356 illius
3313 2300 3697 2370 posteriorem,

2123 2394 2313 2453 altaris
2336 2409 2464 2451 vero
2486 2394 2764 2457 dexteram
2793 2392 3078 2464 suppositi.
3106 2392 3303 2448 Addita
3340 2392 3563 2463 insuper
3597 2392 3700 2448 ba-

2125 2489 2205 2545 sis
2227 2502 2409 2553 mea,
2440 2500 2549 2541 non
2577 2484 2765 2557 procul
2790 2499 2821 2541 a
2838 2484 3011 2553 labro,
3035 2484 3319 2541 altitudine
3330 2484 3545 2541 cubitus
3563 2483 3701 2540 duos

2126 2577 2414 2645 obtinens,
2506 2577 2597 2632 cui
2679 2591 2777 2631 rex
2862 2581 3123 2631 oraturus
3191 2575 3499 2642 insisteret...
3589 2588 3702 2645 quo

2126 2667 2341 2723 facilius
2388 2666 2831 2725 acircumstante
2877 2664 3066 2723 Iudaeo
3108 2666 3310 2739 p0pulo
3364 2673 3697 2721 cerneretur.

2124 2756 2286 2830 45],
2316 2757 2400 2811 Ad
2429 2758 2545 2825 haec
2573 2758 2744 2812 altare
2775 2757 2969 2822 erexit,
3014 2755 3175 2826 cujus
3213 2756 3452 2815 ambitus
3486 2755 3701 2811 cubito-

2127 2863 2248 2902 rum
2296 2846 2538 2918 quinque
2573 2854 2628 2901 et
2670 2845 3031 2916 quadraginta
3058 2886 3074 2911 ,
3106 2843 3330 2900 altitudo
3382 2858 3511 2899 vero
3562 2845 3701 2900 duo—

2125 2936 2301 2992 decim
2353 2943 2565 2991 tantum
2615 2943 2779 2991 esset.
2827 2933 3142 2998 Postremo,
3195 2935 3429 2989 annulos
3478 2951 3545 2990 ex
3593 2952 3701 2992 aere

2124 3025 2377 3097 geminos
2427 3026 2636 3081 catenis
2683 3024 2978 3095 implicitos
3005 3063 3021 3088 ,
3057 3024 3696 3096 macliinistquibusdam

2125 3131 2291 3186 supra
2320 3116 2508 3186 templi
2547 3113 2822 3187 fastigium
2870 3114 3061 3185 viginti
3111 3114 3312 3171 cubitis
3355 3117 3699 3176 exstantibus

2127 3205 2419 3275 impositis,
2449 3220 2686 3281 quorum
2711 3206 2908 3261 umbra
2935 3206 2990 3260 in
3023 3213 3195 3260 totum
3219 3206 3452 3276 desuper
3480 3207 3698 3266 culmen

2125 3296 2503 3352 incumberet:
2532 3309 2672 3366 eque
2703 3296 2934 3368 singulis
2958 3294 3161 3352 retibus
3187 3311 3282 3353 seu
3310 3299 3519 3355 catenis
3549 3316 3700 3358 aenea

2125 3386 2516 3451 tintinnabula,
2541 3387 2731 3442 talenti
2754 3388 2955 3457 pondo,
2973 3388 3371 3459 quadringenta
3394 3392 3696 3461 suspendit,

2123 3492 2246 3548 quae
2270 3478 2477 3534 catenis
2507 3479 2801 3534 commotis
2833 3480 3102 3549 impulsa,
3136 3481 3334 3535 tinnitu
3371 3496 3435 3536 ac
3467 3480 3693 3549 strepitu

2124 3569 2373 3625 volucres
2407 3569 2688 3640 abigerent
2716 3607 2731 3633 ,
2781 3584 2851 3626 ne
2879 3569 2965 3626 vel
3012 3568 3313 3629 insiderent
3349 3572 3547 3641 templo
3570 3612 3585 3637 ,
3614 3574 3701 3629 vel

2125 3659 2285 3716 nidos
2334 3660 2390 3714 in
2424 3659 2707 3717 valvarum
2759 3667 2855 3715 aut
2904 3659 3214 3731 porticuum
3266 3661 3523 3725 tabulatis
3567 3678 3702 3718 con-

2126 3758 2419 3815 struerent,
2453 3749 2734 3823 aedemque
2784 3767 2998 3807 sacram
3049 3753 3304 3819 sordibus
3330 3752 3698 3826 inquinarent.

2125 3842 2295 3900 Porro
2330 3843 2504 3917 ipsam
2555 3857 2775 3913 quoque
2815 3841 3203 3915 Ilicrosolymae
3245 3845 3434 3900 urbem
3481 3843 3657 3899 muris
3682 3885 3699 3908 ,

2128 3936 2393 4003 turribus,
2424 3935 2701 4006 fossisque
2735 3935 2977 4002 vallavit,
3012 3944 3412 4008 augustamque
3457 3936 3561 3991 siii
3598 3936 3702 4007 ipsi

2128 4027 2332 4098 regiam
2357 4026 2630 4082 excitavit.
2651 4026 2716 4079 At
2745 4024 2981 4096 primum
3003 4026 3222 4096 quidem
3245 4042 3402 4082 sacra
3423 4024 3513 4080 illa
3536 4026 3700 4095 aedes,

2130 4119 2272 4192 ἱερὸν
2295 4115 2626 4189 Σολομῶνος,
2652 4114 2962 4172 Salomonis
2988 4117 3268 4187 templum,
3293 4118 3568 4172 nominata
3584 4125 3701 4185 est;

2127 4211 2324 4267 deinde
2356 4224 2507 4274 vero,
2542 4210 2675 4267 urbs
2703 4209 2819 4279 ipsa
2854 4205 3192 4265 Hierusalem
3213 4249 3228 4274 ,
3263 4218 3519 4279 corrupto
3546 4208 3702 4265 vitia-

2129 4314 2296 4373 toqne
2325 4303 2509 4372 templi
2539 4301 2759 4356 nomine
2797 4298 3086 4368 appellata,
3117 4314 3282 4369 quam
3315 4297 3489 4354 Graeci
3516 4311 3701 4369 postea

2132 4393 2562 4464 Hierosolymam
2596 4390 2741 4447 aliini
2769 4389 3095 4460 geminoque
3124 4388 3388 4442 vocabulo
3420 4404 3700 4459 nuncupa-

2132 4494 2280 4543 runt.
2311 4483 2426 4539 Rex
2449 4492 2629 4537 autem
2655 4490 2780 4551 post
2812 4480 3074 4550 templum
3105 4479 3452 4547 aediﬁcatum,
3483 4479 3702 4537 urbem-

2134 4667 2518 4723 holocaustum
2558 4662 2757 4719 obtulit
2787 4680 2802 4730 ;
2830 4660 3084 4733 idemque
3109 4660 3480 4732 postmodum,
3532 4669 3587 4716 et
3619 4670 3701 4716 ta-

2130 4758 2507 4822 bernaculum,
2537 4766 2591 4811 et
2620 4771 2795 4824 aram,
2827 4766 2880 4809 et
2904 4754 3173 4826 quidquid
3201 4770 3369 4810 sacrae
3399 4754 3706 4825 supellecti-

2130 4852 2200 4908 lis
2216 4857 2592 4921 comparatum
2613 4863 2645 4904 a
2662 4847 2812 4903 Mose
2829 4846 3027 4914 fuerat,
3046 4861 3250 4914 arcam,
3268 4846 3437 4903 altare
3452 4861 3701 4914 aureum,

2131 4943 2542 5008 candelabrum,
2576 4955 2845 5007 mensam,
2867 4949 2922 4996 et
2948 4938 3213 5010 quidquid
3243 4938 3390 4994 aliud
3420 4936 3543 5002 fuit,
3577 4937 3704 4994 Hie-

2130 5036 2464 5108 rosolymam
2497 5042 2934 5104 comportatum,
2985 5047 3141 5089 sacra
3171 5030 3228 5085 in
3270 5029 3384 5086 aede
3429 5030 3705 5102 prophetae

2126 5130 2287 5201 jussu
2309 5125 2576 5199 reposuit,
2599 5124 2871 5195 simulque
2892 5123 3219 5178 immensum
3242 5121 3352 5177 Deo
3374 5121 3701 5178 sacrificium

2136 5220 2290 5289 fecit,
2323 5221 2520 5276 ovibus
2547 5218 2615 5273 ad
2663 5217 2773 5272 duo
2804 5231 2869 5272 ac
2897 5215 3170 5285 iuvencis
3194 5214 3261 5270 ad
3289 5213 3395 5270 tria
3436 5210 3603 5273 millia
3651 5222 3705 5266 et

2132 5313 2430 5385 quingenta
2463 5311 2738 5366 mactatis.
2770 5309 3034 5364 Caeterum
3082 5307 3166 5361 vis
3213 5305 3333 5360 auri
3383 5313 3599 5371 cuncta,
3649 5304 3703 5359 in

2134 5407 2422 5461 columnas
2457 5405 2595 5459 duas
2618 5442 2632 5469 ,
2665 5417 2732 5463 ac
2765 5400 3022 5470 templum
3070 5399 3385 5454 universum
3430 5403 3703 5467 experiar,

2136 5497 2399 5553 talentum
2431 5494 2532 5549 fuit
2581 5492 2905 5564 quadragies
2952 5490 3170 5556 sexies;
3219 5490 3428 5560 argenti
3476 5505 3603 5545 vero
3650 5490 3703 5543 in

2136 5590 2321 5644 clavos
2346 5603 2411 5643 ac
2436 5586 2708 5654 reliquum
2740 5593 3058 5655 apparatum
3078 5624 3093 5649 ,
3120 5583 3479 5653 ducentorum
3514 5598 3579 5637 ac
3608 5583 3707 5636 tri-

2136 5683 2285 5752 ginta
2306 5681 2475 5735 duum
2500 5694 2664 5749 supra
2689 5680 2864 5745 mille;
2889 5679 3013 5734 aeris
3038 5678 3293 5748 denique,
3315 5677 3370 5731 in
3397 5692 3704 5743 columnas,

2136 5776 2347 5830 labrum
2376 5782 2430 5830 et
2463 5774 2753 5844 porticum,
2785 5773 3180 5844 quinquaginta
3212 5786 3376 5837 supra
3406 5769 3705 5826 octodecim

2138 5866 2324 5929 millia.
2375 5863 2546 5921 Porro
2599 5863 2881 5937 Egyptios
2933 5877 2996 5918 ac
3036 5861 3365 5929 Phoenices,
3415 5861 3602 5916 divisis
3650 5860 3706 5914 in
