4194 6426
558 450 665 508 755
1230 446 1503 506 EUSEBII
1533 448 2007 508 CESARIENSIS
2045 450 2195 509 OPP.
2234 451 2418 510 PARS
2450 450 2605 508 II.-—
2639 451 3143 511 APOLOGETICA.
3706 462 3812 517 756

563 573 808 646 singulos
838 571 1028 630 decem
1063 572 1181 627 auri
1219 572 1369 628 siclis
1418 572 1631 641 (siclus
1663 573 1926 628 talentum
1972 581 2086 627 erat

2167 580 2205 637 Α
2233 573 2428 645 χιλίας,
2456 567 2531 629 ὧν
2558 576 2800 641 ἑκάστην
2838 576 3207 630 πεντακοσίων
3248 570 3388 631 εἴναι
3408 579 3643 651 χρυσῶν.
3677 581 3815 636 Bub—

555 681 712 722 suam
770 665 835 723 in
882 665 1116 736 patriam
1176 664 1433 721 Salomon
1468 665 1698 723 remisit.
1745 664 1825 720 Ad
1873 663 2086 735 Vaphre

2237 683 2327 718 σαι
2354 665 2412 719 δὲ
2444 665 2608 720 αὐτὸν
2633 667 2729 738 ἔτη
2754 667 3095 738 πεντήκοντα
3124 666 3238 736 δύο,
3266 660 3343 725 ὧν
3358 672 3419 724 ὲν
3445 672 3639 745 εἰρήνῃ
3660 672 3813 744 βασι-

552 755 775 829 .Egyptt
825 771 1006 829 regem
1059 757 1167 813 olei
1230 766 1490 813 metretas
1543 758 1611 813 ad
1669 758 1857 813 decem
1913 757 2085 813 millia

2233 754 2420 809 λεῦσαι
2452 755 2546 827 ἔτη
2589 763 2663 829 μ’.
2697 776 2720 811 s

552 847 887 921 dactylorum
912 846 1353 920 Aligyptiacarum
1407 852 1627 908 artabas
1677 853 1825 908 mille
1850 892 1865 919 ,
1949 851 2126 907 mellis
2159 864 2290 905 vasa
2341 858 2553 907 centum
2612 867 2734 907 cum
2783 852 3166 921 aromatibus;
3232 853 3303 909 ad
3348 853 3619 913 Suronem
3681 873 3813 918 vero

550 945 860 1002 columnam
886 961 1110 1002 auream
1158 945 1362 1021 Tyrum
1404 948 1575 1015 misit,
1637 963 1800 1020 quam
1850 947 1967 1018 ipse
2018 945 2168 1001 lovis
2205 945 2259 1005 in
2310 946 2510 1017 templo
2573 948 2935 1004 consecravit.
2982 947 3144 1020 452
3226 947 3392 1004 Addit
3437 948 3809 1024 Theophilus,

551 1040 816 1112 quidquid
865 1042 1135 1113 reliquum
1202 1057 1270 1098 ex
1329 1059 1465 1098 auro
1509 1043 1706 1111 fuerat,
1744 1041 1908 1112 Tyrio
1951 1044 2062 1112 regi
2145 1054 2177 1094 a
2216 1037 2509 1097 Salomone
2538 1043 2767 1099 missum
2820 1058 2991 1100 esse:
3027 1042 3180 1097 illum
3227 1058 3363 1100 vero
3411 1044 3533 1102 tiliae
3578 1047 3809 1111 simula-

549 1147 706 1188 crum
732 1133 1000 1206 integrum
1028 1150 1097 1191 ex
1125 1149 1192 1191 eo
1240 1136 1584 1204 conﬂavisse,
1631 1136 1921 1206 ipsumque
1974 1147 2140 1187 aurea
2176 1132 2431 1188 columna
2467 1135 2625 1204 quasi
2670 1136 2828 1193 theca
2875 1144 2931 1192 et
2975 1133 3260 1191 involucro
3325 1138 3564 1204 quodam
3633 1140 3811 1197 inclu-

552 1227 712 1284 sisse.
760 1227 1085 1301 Eupolemus
1136 1240 1316 1286 autem
1363 1246 1558 1286 aureos
1602 1240 1863 1302 praeterea
1906 1229 2122 1300 clypeos
2160 1226 2309 1283 mille
2338 1244 2369 1283 a
2420 1228 2713 1287 Salomone
2760 1232 3079 1288 elaboratos
3106 1232 3241 1288 'esse
3288 1234 3472 1301 tradit,
3540 1235 3809 1308 quingen-

551 1334 732 1380 torum
794 1324 1038 1397 singulos
1097 1342 1438 1392 aureorum;
1503 1327 1865 1396 eumdemque
1919 1323 2121 1378 vixisse
2157 1336 2331 1383 annos
2362 1326 2757 1398 quinquaginta
2821 1329 2982 1396 duos,
3033 1344 3101 1390 ex
3133 1328 3333 1399 quibus
3380 1337 3521 1386 totos
3558 1338 3615 1386 et
3675 1345 3805 1388 con-

548 1419 782 1477 tinentes
806 1421 1167 1493 quadraginta
1195 1438 1407 1477 summa
1439 1422 1492 1476 in
1519 1438 1652 1492 pace
1680 1419 2004 1491 regnaverit.
2044 1436 2066 1470 ι

1105 1517 1334 1575 CAPUT
1366 1518 1587 1576 XXXV.

605 1630 682 1685 De
709 1630 1099 1703 Hierosolyma,
1127 1649 1192 1687 ea;
1223 1631 1553 1692 Timochare,
1584 1641 1643 1703 ut
1666 1631 1888 1686 habetur
1910 1630 2088 1685 eodem

992 1704 1130 1758 libro
1151 1704 1214 1757 de
1244 1705 1395 1758 rebus
1416 1702 1678 1757 Antiochi.

2743 1511 3147 1569 ΚΕΦΑΛΔΙΟΝ
3178 1510 3296 1565 ΛΕ’.

2233 1624 2615 1695 Τιμοχάρους.
2639 1625 2774 1694 περὶ
2799 1626 2909 1695 τῆς
2944 1627 3353 1696 Ἰερουσαλὴμ,
3382 1624 3502 1681 ἀπὸ
3527 1624 3645 1680 τῶν
3668 1623 3805 1695 περὶ

2552 1699 2850 1766 Ἀντιόχου
2878 1697 2988 1767 τῆς
3015 1700 3205 1767 αὐτης
3232 1696 3480 1767 γραφῆς.

617 1811 971 1871 Timochares
1019 1815 1073 1870 in
1101 1831 1282 1869 rerum
1307 1815 1376 1870 ab
1420 1813 1687 1870 Antiocho
1716 1822 1989 1885 gestarum
2011 1814 2086 1868 his

2294 1810 2613 1883 Τιμοχάρης
2673 1811 2731 1865 δέ
2768 1829 2935 1884 φησιν
2976 1815 3035 1867 ἐν
3072 1816 3188 1877 τοῖς
3236 1811 3371 1882 περὶ
3410 1809 3686 1883 Ἀπιὰχου
3732 1809 3803 1867 τὰ

547 1905 715 1972 toria,
743 1903 1133 1978 Hierosolyma:
1162 1905 1424 1959 ambitum
1443 1903 1801 1975 quadraginta
1826 1903 2086 1959 stadiorul

2167 1922 2196 1978 Β
2237 1902 2583 1975 Ἰεροσόλυμα
2618 1904 2717 1977 τὴν
2742 1906 2842 1977 μὲν
2861 1907 3191 1979 περίμετρον
3240 1906 3387 1977 ἔχειν
3431 1905 3679 1968 σταδίους
3713 1910 3795 1976 μ’·

544 2010 667 2052 esse
721 1996 918 2065 docet;
970 1998 1326 2067 eamdemque
1372 2002 1686 2067 expugnatu
1720 1994 2084 2065 perdidicilem

2223 1990 2361 2047 εἶναι
2385 1994 2429 2048 δ’
2463 1996 2632 2067 αὐτὴν
2659 1996 2985 2063 δυσάλωτον,
3020 1998 3284 2053 πάντοθεν
3318 1995 3602 2067 ἀποόρὦι
3643 2012 3801 2067 περι-

544 2089 744 2159 quippe
777 2104 899 2159 quaa
940 2088 1231 2159 praeruptis
1279 2088 1519 2159 undique
1567 2087 1733 2143 fossis
1780 2086 2085 2155 vallibusqu

2220 2086 2541 2159 κλειομένην
2568 2089 2858 2161 φάραγξιν.
2885 2090 3054 2161 Ὅλην
3080 2091 3138 2145 δὲ
3175 2090 3275 2162 τὴν
3311 2090 3471 2144 πόλιν
3513 2088 3670 2142 ὕδασι
3700 2104 3802 2142 και-

542 2180 814 2250 cingatur.
854 2181 935 2235 Ad
967 2181 1120 2245 haec,
1152 2180 1344 2234 urbem
1377 2181 1688 2236 universam
1720 2180 1876 2249 aquis
1902 2178 2076 2249 perlui

2217 2178 2557 2250 ταῤῥείσθαι,
2592 2179 2733 2235 ὥστε
2768 2184 2862 2236 καὶ
2886 2183 3012 2247 τοὺς
3037 2184 3247 2255 κήπους
3272 2184 3336 2236 ὲκ
3365 2183 3489 2236 τῶνκ
3502 2180 3801 2251 ἀπορρεόν-

542 2288 777 2343 quarum
804 2271 1023 2328 deﬂuxu
1052 2272 1200 2327 horti
1232 2272 1437 2343 passim
1466 2288 1661 2329 omnes
1685 2273 1980 2343 irrigentur
2010 2289 2026 2334 ;
2054 2286 2084 2325 a

2216 2286 2324 2323 των
2355 2270 2562 2325 ὑδάτων
2581 2273 2645 2327 ὲκ
2680 2274 2779 2344 τῆς
2801 2274 3006 2339 πόλεως
3029 2275 3319 2347 ἄρδεσθαι·
3353 2273 3451 2346 τὴν
3487 2273 3549 2327 δὲ
3594 2271 3798 2342 μεταξὺ

544 2364 760 2420 tametsi
810 2365 937 2421 totis
983 2364 1345 2435 quadraginta
1394 2364 1463 2419 ab
1499 2365 1633 2420 urbe
1666 2364 1859 2421 stadiis
1901 2379 2086 2419 summ;

2218 2362 2327 2417 ἀπὸ
2360 2364 2459 2434 τῆς
2490 2365 2695 2429 πόλεως
2716 2366 2843 2438 ἄχρι
2878 2369 3285 2440 τεσσαράκοντα
3312 2367 3541 2421 σταδίων
3570 2364 3799 2422 ἄνυδρον

544 2472 699 2526 aqua:
724 2458 954 2528 penuria
977 2457 1276 2525 laboretur,
1306 2457 1432 2513 inde
1460 2466 1664 2523 tamen,
1691 2458 1910 2530 riguum
1935 2457 2086 2514 denut

2218 2450 2385 2510 εἶναι·
2411 2455 2521 2510 ἀπὸ
2543 2456 2727 2512 δὲτῶν
2762 2455 2815 2530 μ’
2842 2459 3070 2513 σταδίων
3108 2459 3274 2514 πάλιν
3298 2458 3564 2529 κάθυδρον
3613 2456 3794 2527 ὗπάρ-

540 2550 715 2605 solum
734 2565 1016 2620 apparere.
2213 2567 2350 2621 χειν.

1081 2640 1310 2697 CAPUT
1341 2640 1581 2699 XXXVI.

874 2753 948 2810 De
973 2758 1174 2823 eadem,
1204 2773 1271 2812 ea:
1309 2773 1542 2813 mensore
1569 2754 1758 2828 Syria.

602 2863 872 2922 Praeterea
905 2866 952 2923 is
979 2867 1074 2939 qui
1120 2867 1332 2941 Syriam
1371 2878 1542 2925 totam
1571 2885 1796 2927 mensus
1828 2879 1929 2938 est,
1963 2868 2106 2926 libro

2715 2641 3111 2696 ΚΕΦΑΛΑΙΟΝ
3143 2640 3281 2709 Acr.

2244 2751 2355 2808 Τοῦ
2381 2752 2491 2822 τῆς
2515 2756 2735 2823 Συρίας
2764 2753 3219 2825 σχοινομέτρου,
3249 2752 3381 2823 περὶ
3405 2751 3517 2821 τῆς
3545 2749 3758 2822 αὐτῆς.

2319 2863 2379 2918 '0
2413 2865 2469 2918 δὲ
2500 2866 2598 2937 τῆς
2636 2866 2836 2939 Συρίας
2879 2866 3266 2938 σχοινομέτρης
3315 2864 3551 2937 γράψας,
3605 2864 3664 2916 ὲν
3717 2866 3787 2935 τῇ

533 2957 714 3029 primo
747 2958 832 3014 sui
862 2959 1043 3030 operis
1063 3001 1079 3027 ,
1109 2957 1543 3034 Hierosolymam
1577 2961 1632 3016 in
1665 2960 1836 3016 arduo
1868 2961 2086 3031 quodan

2209 2955 2404 3030 πρώτῃ
2453 2958 2587 3027 φησὶ
2639 2957 2852 3012 κεῖσθαι
2896 2957 3246 3029 Ἱεροσόλυμα
3286 2955 3380 3010 ἐπὶ
3420 2954 3696 3028 μετεώρου
3724 2972 3788 3009 τε

537 3065 841 3121 asperoque
865 3050 1000 3122 jugo
1035 3050 1196 3107 sitam
1225 3051 1397 3108 fuisse
1422 3052 1607 3118 tradit,
1638 3061 1956 3123 partemque
1986 3067 2086 3107 mu-

2208 3049 2303 3101 καὶ
2328 3049 2574 3119 τραχέως
2600 3049 2768 3103 τόπου
2788 3067 2802 3080 ·
2834 3049 3216 3121 ᾠκοδομῆσθαι
3255 3048 3314 3102 δέ
3347 3064 3469 3101 τινα
3515 3048 3610 3119 μὲν
3643 3047 3783 3119 μέρη

532 3158 716 3199 rorum
747 3144 988 3214 aliquam
1015 3145 1186 3214 polito
1217 3160 1282 3201 ex
1313 3144 1520 3216 lapide,
1552 3146 1853 3201 maximam
1881 3162 2010 3201 vero
2037 3161 2086 3200 et

2205 3137 2302 3191 τοῦ
2325 3138 2558 3209 τείχους,
2591 3140 2701 3193 ἀπὸ
2723 3140 2873 3194 λίθου
2899 3139 3108 3205 ξεστοῦ,
3142 3138 3212 3193 τὰ
3228 3139 3286 3192 δὲ
3314 3137 3534 3193 πλείονα
3558 3137 3665 3191 ἀπὸ
3688 3137 3787 3207 χά-

531 3235 683 3291 silice
714 3235 1066 3311 constitisse:
1118 3235 1358 3307 itemque
1406 3237 1558 3294 urbis
1606 3237 1871 3293 ambitum
1928 3238 2086 3293 stadia

2167 3269 2179 3329 ι
2208 3229 2357 3294 λικος
2382 3247 2395 3261 ⁸
2433 3231 2527 3284 καὶ
2549 3230 2694 3303 ἔχειν
2729 3231 2827 3303 τὴν
2853 3232 3188 3304 περίμετρον
3209 3230 3308 3302 τὴν
3355 3231 3509 3285 πόλιν
3553 3228 3786 3284 σταδίων

529 3333 734 3395 septem
757 3340 821 3381 ac
841 3325 1034 3397 viginti
1078 3326 1363 3383 obtinere:
1395 3326 1463 3381 ad
1485 3335 1788 3383 extremum
1815 3330 2004 3384 eodem
2037 3344 2086 3384 es

2167 3319 2179 3329 ”
2208 3319 2289 3387 κζ’
2308 3339 2321 3351 ·
2357 3322 2622 3393 ὑπάρχειν
2655 3322 2711 3376 δὲ
2745 3324 2839 3377 καὶ
2869 3323 3049 3395 πηγὴν
3075 3325 3133 3376 ὲν
3160 3320 3237 3393 τῷ
3263 3321 3471 3392 χωρίῳ,
3514 3319 3658 3393 ὕδωρ
3684 3320 3787 3376 δα·-

528 3416 651 3473 loco
665 3416 868 3472 fontem
901 3432 1097 3488 magna
1115 3433 1270 3489 aquae
1286 3419 1338 3474 vi
1357 3420 1740 3476 scaturientem
1758 3420 2040 3476 exsistere.

2205 3411 2357 3483 ψιλὲς
2392 3413 2826 3478 ἁναὸλύζουσαν.

1056 3528 1285 3585 CAPUT
1312 3529 1576 3606 xxxvii.

2714 3523 3114 3581 ΚΕΦΑΛΔΙΟΝ
3146 3520 3269 3578 AZ'.

570 3620 650 3675 De
676 3637 827 3691 aquis
851 3622 980 3691 ipsis
1004 3636 1120 3692 quis
1145 3632 1268 3678 sunt
1302 3621 1703 3693 Hierosolymis,
1732 3640 1797 3679 ea:
1819 3622 2063 3679 Philone.

2278 3621 2564 3685 Φίλωνος,
2602 3616 2738 3685 περὶ
2756 3615 2877 3670 τῶν
2898 3615 2971 3669 ἐν
3004 3616 3433 3687 Ἱεροσολύμοις
3453 3611 3707 3669 ὑδάτων.

595 3730 856 3803 Ejusdem
871 3733 1242 3805 ,‘scaturiginis
1267 3735 1426 3790 Philo
1465 3734 1630 3790 etiam
1660 3720 1910 3794 meminit
1934 3738 1989 3793 in
2011 3739 2086 3807 iis,

2270 3732 2407 3803 Φησὶ
2436 3730 2494 3783 δὲ
2518 3730 2546 3782 ὁ
2569 3728 2743 3783 Φίλων
2768 3728 2827 3780 ὲν
2852 3729 2965 3791 τοῖς
3002 3728 3136 3796 περὶ
3179 3728 3610 3797 Ἰεροσολύμων
3642 3727 3781 3801 χρή.

528 3840 668 3897 quos
694 3827 759 3880 de
777 3824 1147 3896 Hierosolyma
1173 3825 1336 3898 453
1363 3827 1708 3898 conscripsit,
1734 3830 1907 3894 libris,
1934 3845 2086 3901 quam

2200 3840 2299 3895 νην
2326 3819 2494 3876 εἶναι’
2520 3817 2723 3888 ταύτην
2755 3818 2813 3872 δὲ
2837 3819 2894 3873 ὲν
2922 3817 3021 3889 μὲν
3040 3817 3117 3889 τῷ
3135 3817 3365 3890 χειμῶνι
3397 3819 3460 3891 ξη
3473 3818 3776 3887 ραίνεσθαι,

529 3917 708 3973 hieme
733 3930 1010 3985 arescere,
1041 3932 1105 3972 ac
1152 3933 1374 3974 rursum
1408 3926 1597 3975 aestate
1624 3919 1859 3976 ubertim
1909 3920 2086 3991 ﬂuere,

2201 3916 2262 3968 ὲν
2287 3912 2344 3967 δὲ
2382 3910 2460 3983 τῷ
2490 3910 2641 3983 θέρει
2662 3907 3047 3982 οπληροῦσθαι.
3100 3909 3266 3979 Λέγει
3299 3910 3357 3964 δὲ
3379 3910 3437 3963 ὲν
3481 3912 3552 3982 τῇ
3585 3907 3781 3984 πρώτῃ

526 4006 666 4063 libro
696 4007 874 4079 primo
903 4007 1048 4063 hunc
1074 4006 1131 4062 in
1167 4008 1387 4064 modum
1413 4009 1632 4075 cecinit,
2197 4005 2399 4070 οὕτως·

2196 4121 2538 4189 Νηχόμενος
2569 4119 2622 4173 δ’
2658 4120 2954 4189 ἐφύπερθε
2974 4119 3039 4172 τὸ
3066 4119 3518 4189 θαμϐηέστατον
3548 4116 3705 4189 ἇτιλο

2200 4185 2534 4258 Δέρᾶιήθρον
2562 4185 2913 4256 οὖν’ἁοιδᾷ,
2936 4185 3356 4258 μετισὲούχοιο
3379 4185 3645 4255 λοετροῖς

2209 4257 2518 4329 Ῥέύματος
2537 4260 2873 4330 ἐμπίπληοί
2898 4257 3102 4323 ,βαθὺν
3117 4257 3267 4328 ῥόον
3297 4257 3664 4323 ἐξανιείσης·

2197 4351 2292 4404 καὶ
2323 4350 2394 4404 τὰ
2425 4351 2550 4423 ἑξῆς
2569 4369 2582 4381 ’
2610 4346 2689 4417 οἷς
2718 4350 2880 4405 πάλιν
2908 4350 3139 4418 ὑποϐὰς,
3159 4350 3286 4422 περὶ
3311 4350 3408 4420 τῆς
3442 4346 3777 4420 πληοώσεως

2196 4443 2438 4512 ἐπιλέγει
2452 4459 2469 4476 ⁸

522 4118 761 4190 Desuper
784 4118 1019 4174 allabens
1046 4135 1181 4173 nova
1212 4129 1323 4194 tum
1352 4120 1616 4194 miracula
1644 4121 1772 4194 vidi.

600 4230 614 4244 .
672 4189 709 4244 7.
790 4229 806 4244 .
880 4229 895 4244 .
974 4230 990 4244 .
1064 4206 1169 4256 qua
1209 4189 1325 4259 fons
1348 4189 1640 4245 uberrimus
1666 4192 1837 4245 undas

522 4259 728 4331 Egerit,
760 4269 916 4331 atque
945 4263 1092 4316 sinus
1120 4260 1303 4330 implet
1333 4261 1624 4331 ductusque
1647 4262 1963 4331 profundos,

521 4361 576 4407 et
603 4367 724 4422 qua:
784 4361 1087 4424 sequuntur
1116 4367 1133 4405 :
1166 4353 1367 4423 quibus
1409 4352 1477 4410 de
1509 4352 1659 4409 ﬂuxu
1692 4354 1811 4425 ejus
1858 4355 2096 4425 pleniore

520 4444 820 4515 subiungit,

2208 4555 2415 4626 Ῥεῦμα
2437 4556 2548 4626 γὰρ
2567 4555 2967 4625 ὑψιφάεννον,
2993 4556 3064 4610 ἐν
3091 4558 3312 4624 ὐετίοις
3340 4557 3673 4625 νιφετοῖσιν

2122 4613 2169 4670 Ῑ)
2208 4613 2479 4698 Ἰέμὲνοῂ
2505 4613 2864 4698 Ξτολυῇ-ηθὲς,
2892 4613 3138 4698 ὀρεινοῖς
3160 4627 3271 4698 (90)
3288 4613 3438 4698 ὺπέρ
3455 4630 3774 4698 πύργοισιν

2194 4695 2556 4767 Στρωςρᾶζαι,
2584 4695 2682 4767 καὶ
2706 4695 2859 4764 ξηρὰ
2880 4696 3036 4767 πέδῳ
3064 4695 3440 4766 κεκονιμένα,
3472 4695 3702 4767 κρήνης

2197 4764 2476 4837 Τηλεφαῆ
2501 4766 2815 4819 δείκνυσιν
2844 4765 3142 4833 ὑπέρτατα
3180 4764 3402 4837 θάέιϐεα
3419 4764 3607 4837 λαῶν,

519 4553 734 4629 S_cilicet
755 4572 819 4629 ea:
846 4556 955 4611 alto
987 4558 1266 4613 decurrens
1293 4560 1483 4615 uertice
1511 4561 1713 4629 fluxus,

518 4625 590 4696 Et
620 4627 815 4696 pluviis
842 4643 1072 4681 crescens
1107 4629 1331 4696 nivibus,
1355 4630 1452 4684 sub
1487 4625 1719 4685 turribus
1751 4629 1875 4686 altis

533 4695 785 4768 Volvitur,
816 4707 861 4750 et
884 4698 1023 4750 sicca
1050 4697 1357 4767 languentia
1380 4699 1587 4768 pulvere
1606 4702 1808 4755 circum

515 4766 659 4821 Arva
691 4767 894 4837 rigans,
922 4768 1107 4821 viridis
1130 4766 1391 4823 miracula
1419 4772 1604 4831 pandit
1633 4773 1881 4840 amictus,

515 4891 571 4934 et
603 4878 836 4949 reliqua.
890 4876 1149 4950 Idemque
1195 4894 1393 4935 rursus
1421 4880 1490 4937 de
1537 4882 1740 4937 summi
1791 4879 2086 4941 sacerdotis

2201 4876 2295 4930 καὶ
2327 4877 2397 4932 τὰ
2419 4875 2629 4940 τούτοις
2673 4875 2963 4930 ἀκόλουθα.
2994 4872 3127 4932 Εἶτα
3162 4878 3323 4933 πάλιν
3363 4881 3489 4954 περὶ
3525 4879 3627 4949 τῆς
3673 4879 3769 4935 τοῦ

516 4981 631 5026 tum
661 4969 808 5027 fonte
855 4980 971 5025 tum
1006 4986 1161 5042 aqua;
1184 4971 1349 5028 ductu
1375 4990 1391 5028 :

2188 4967 2488 5042 ἀρχιερέως
2519 4967 2729 5039 κρήνης
2773 4968 2867 5022 καὶ
2909 4971 3009 5040 τῆς
3055 4970 3462 5041 ἀποχετεύσεως
3518 4970 3768 5039 διέξεισιν

2185 5060 2359 5124 οὕτως
2377 5077 2393 5090 ’

516 5166 707 5296 ἓῖοξὲἷ-
734 5167 949 5224 humum
983 5170 1225 5242 lymphas
1249 5174 1447 5229 multus
1476 5174 1698 5231 sublime
1714 5175 1916 5235 canalis

593 5258 621 5294 e
702 5282 714 5294 .

2374 5171 2426 5224 δ’
2454 5170 2546 5240 ἄρ’
2574 5170 2904 5231 ἐκπτὼυσι
2939 5170 3039 5225 διὰ
3061 5172 3277 5242 χθονὸς
3312 5174 3659 5245 ὑδροχόοισι
3776 5136 3779 5145 Ι

2233 5260 2276 5295 ω
2322 5258 2484 5296 urso.

563 5257 714 5310 gerit.

2183 5257 2484 5311 z‘wxnrec.

2184 5354 2294 5407 Kal
2325 5354 2425 5407 ὅσα
2449 5352 2583 5407 ἄλλα
2602 5352 2812 5421 τούτοις
2834 5356 3048 5411 ἕπεται.
3067 5358 3318 5413 Τοσαῦτα
3351 5359 3448 5431 μὲν
3480 5359 3546 5430 δὴ
3571 5358 3639 5414 τὰ
3659 5360 3767 5415 ἀπὸ

2182 5443 2291 5499 τῶν
2328 5443 2677 5517 Ἀλεξάνδρου
2715 5447 2807 5500 τοῦ
2856 5447 3233 5520 Πολυΐστορος.

2693 5559 3094 5614 ΚΕΦΑΛΑΙΟΝ
3121 5560 3250 5614 AH'.

2517 5649 2868 5717 Ἀρισταίου,
2896 5652 3031 5721 περὶ
3062 5651 3182 5707 τῶν
3204 5652 3423 5709 αὐτῶν.

2246 5743 2381 5815 Περὶ
2426 5739 2484 5795 δὲ
2518 5739 2627 5795 τῶν
2665 5743 2725 5799 ὲν
2781 5747 2848 5816 τῇ
2917 5743 3269 5818 Ἰερουσαλὴμ
3325 5745 3534 5803 ὑδάτων
3586 5748 3679 5804 καὶ
3729 5748 3762 5803 ὁ

510 5353 579 5408 Et
626 5363 822 5412 caetera
855 5373 976 5427 qua:
1024 5357 1203 5413 fusius
1239 5358 1332 5413 ille
1364 5358 1729 5428 persequitur.
1767 5357 1973 5415 Verum
2013 5375 2081 5416 ex

508 5445 819 5505 Alexandro
847 5448 1186 5519 Polyhistore
1214 5450 1497 5505 hactenus.

1025 5560 1254 5615 CAPUT
1286 5560 1571 5616 XXXVIII.

950 5649 1029 5703 De
1048 5652 1255 5717 iisdem,
1283 5669 1349 5706 ea:
1374 5654 1619 5708 Aristteo.

459 5696 472 5760 έ
580 5735 842 5793 Aristaeus
893 5748 1097 5809 autem,
1138 5743 1190 5796 in
1226 5758 1327 5808 eo,
1362 5758 1524 5812 quem
1574 5746 1640 5801 de
1671 5744 1911 5803 Iudaicae
1942 5746 2076 5818 legis

580 5875 694 5947 (90)
749 5878 1053 5947 Ὀρεινοῖς,
1096 5891 1203 5938 etc.
1250 5882 1411 5941 Forte
1446 5885 1731 5956 legendum
1768 5888 1901 5943 ὑπαὶ
1940 5888 2086 5961 πύργι

2172 5907 2218 5944 ιν
2246 5884 2490 5960 ὀρεινοῖς.
