4194 6476
538 443 642 500 757

1677 443 2002 500 PRASPAR.
2042 445 2293 503 EVANG.
2331 446 2457 502 LIB.
2498 447 2587 503 IX.

3686 449 3788 505 758

547 564 850 637 Ἀρισταῖος
879 562 936 614 ὲν
957 560 1035 633 τῷ
1058 562 1321 633 γραφέντι
1347 560 1498 633 αὐτῷ
1523 560 1711 635 βιϐλίῳ
1743 565 1871 636 περὶ
1892 565 1989 635 τῆς
2017 566 2109 637 έρ-

2212 568 2653 638 interpretatione
2678 567 3024 638 conscripsit,
3056 565 3124 622 de
3153 566 3317 637 aquis
3337 565 3446 621 illis
3471 564 3788 639 Hierosolya
3822 632 3826 637 θ

539 654 765 729 μηνείας
792 654 887 707 τοῦ
907 654 1018 708 τῶν
1056 655 1324 709 Ἰουδαίων
1351 654 1518 725 νόμου
1546 653 1720 709 ταῦτα
1742 657 1966 727 ἱστορεῖο
1990 675 2009 708 ι
2052 658 2112 710 Ὁ

532 746 589 800 δὲ
621 740 771 808 οἶκος
821 744 1121 798 ἀποϐλέπει
1155 744 1293 815 πρὸς
1340 743 1445 814 ἠῶ,
1494 743 1563 798 τὰ
1617 745 1662 798 δ’
1699 745 1921 800 ὀπίσθια
1948 747 2113 802 αὑτοῦ

536 835 673 908 πρὸς
700 836 958 907 ἑσπέραν.
984 835 1058 888 Τὸ
1086 835 1143 888 δὲ
1180 836 1289 890 πᾶν
1320 834 1517 904 έδαφος
1554 834 1914 907 λιθόστρωτον
1982 838 2115 893 καθ-

535 928 755 1001 έστηκε.
799 928 892 980 καὶ
914 927 1152 997 κλίματα
1195 927 1335 999 πρὸς
1382 929 1510 992 τοὺς
1537 928 1879 999 καθήκοντας
1915 930 2115 994 τόπους

534 1018 647 1090 ἔχει
674 1018 775 1089 τῆς
808 1017 916 1071 τῶν
939 1018 1147 1071 ὑδάτων
1178 1018 1442 1088 ἐπιρροῆς
1469 1017 1677 1082 ἕνεκεν,
1708 1019 1741 1089 ἢ
1786 1019 1991 1087 γίνεται
2026 1019 2113 1073 διὰ

534 1110 632 1181 τὴν
681 1108 878 1181 σμῆξιν
908 1108 1019 1160 τῶν
1046 1108 1153 1162 ἀπὸ
1174 1108 1283 1162 τῶν
1334 1107 1533 1162 Θυσιῶν
1583 1108 1861 1180 αἱμάτων·
1921 1110 2112 1165 πολλαὶ

533 1204 641 1275 γὰρ
676 1201 930 1273 μυριάδες
952 1201 1164 1273 κτηνῶν
1180 1202 1542 1272 προσάγονται
1568 1202 1711 1256 κατὰ
1739 1202 1837 1267 τὰς
1856 1203 1963 1257 τῶν
1994 1205 2113 1276 ἑορ-

532 1297 641 1351 τῶν
679 1297 911 1367 ἡμέρας.
943 1295 1172 1358 Ὕδατος
1198 1294 1254 1348 δὲ
1292 1294 1645 1359 ἀνέκλειπτός
1671 1296 1787 1349 ἐστι
1830 1294 2107 1361 σύστασις,

535 1391 610 1453 ὡς
635 1388 701 1442 ἂν
736 1388 828 1442 καὶ
852 1388 1035 1458 πηγῆς
1055 1386 1256 1440 ἔσωθεν
1298 1386 1635 1459 πολυρρύτου
1678 1387 1924 1456 φυσικῶς
1957 1388 2112 1459 ὲπιρ-

537 1479 784 1551 ῥεούσης,
818 1480 896 1533 ἔτι
916 1480 972 1533 δὲ
1003 1478 1323 1550 θαυμασίων
1351 1480 1443 1533 καὶ
1474 1478 1783 1551 ἀδιηγήτων
1805 1480 2112 1551 ύποδοχέων

534 1572 887 1645 ὑπαρχόντων
915 1570 1018 1624 ὑπὸ
1041 1573 1166 1642 γῆν,
1196 1569 1378 1634 καθὼς
1407 1570 1719 1641 ἐπέφαινον,
1773 1572 1934 1625 πέντε
1981 1588 2109 1626 στα-

533 1663 659 1716 δίων
689 1661 950 1716 κυκλόθεν
980 1661 1081 1732 τῆς
1108 1662 1250 1715 κατὰ
1281 1662 1341 1715 τὸ
1392 1662 1536 1734 ἱερὸν
1566 1662 1893 1732 καταϐολῆς,
1928 1664 2021 1717 καὶ
2047 1665 2111 1717 ὲκ

532 1754 736 1807 τούτων
776 1752 1042 1826 σύριγγας
1091 1753 1426 1826 ἀναρίθμους
1486 1753 1608 1808 καθ’
1653 1753 1883 1811 ἕκαστον
1946 1753 2111 1827 μέρος

533 1848 753 1911 ἑαυταῖς
799 1847 1181 1901 συναπτόντων
1229 1846 1337 1899 τῶν
1391 1847 1697 1918 ῥευμάτων.
1759 1847 1871 1900 Καὶ
1933 1845 2108 1902 ταῦτα

2214 661 2418 714 mitana
2451 661 2584 715 urbe
2633 659 2928 716 ﬂuentibus
2963 660 3040 714 ita
3092 670 3322 713 narrat:
3381 676 3400 710 ι
3457 655 3740 728 Templum
3765 702 3783 727 ,
3821 650 3829 699 ἶ

2215 753 2412 823 inquit,
2445 769 2474 807 a
2510 752 2688 808 fronte
2718 763 2898 808 ortum
2926 793 2943 819 ,
2986 767 3244 808 occasum
3279 766 3309 806 a
3357 759 3509 822 tergo
3554 759 3780 820 spectat.
3821 732 3828 765 ⁴

2217 843 2405 897 Solum
2453 843 2573 913 ejus
2623 844 2940 900 universum
2989 843 3168 913 lapide
3212 849 3440 897 stratum
3468 882 3484 909 ,
3533 841 3787 908 idemque

2213 933 2378 987 certis
2408 942 2462 988 et
2488 935 2809 1003 opportunis
2842 935 2898 989 in
2940 935 3077 991 locis
3118 934 3399 1002 declivius,
3432 950 3542 1007 quo
3568 936 3786 994 facilius

2213 1039 2370 1094 aquae
2399 1026 2715 1092 decurrant,
2752 1026 2954 1096 quibus
2986 1027 3053 1082 ad
3087 1027 3508 1098 abstergendum
3536 1028 3788 1084 victima-

2213 1131 2337 1169 rum
2385 1117 2704 1187 sanguinem
2756 1119 3122 1187 pavimentum
3172 1120 3348 1189 prolui
3394 1133 3618 1175 necesse
3660 1128 3785 1185 est,

2211 1205 2356 1274 quod
2387 1206 2556 1260 multa
2592 1220 2848 1276 pecorum
2880 1207 3046 1263 millia
3070 1208 3265 1264 diebus
3300 1207 3452 1265 festis
3499 1208 3787 1263 immolen-

2214 1304 2320 1349 tur.
2363 1296 2441 1349 Ac
2480 1297 2736 1366 perennis
2782 1297 3000 1367 quidem
3053 1307 3338 1368 propterea
3384 1307 3468 1354 est
3518 1313 3786 1368 aquarum

2211 1383 2482 1454 ejusmodi
2517 1385 2598 1440 vis
2631 1395 2793 1456 atque
2823 1387 3069 1441 collectio
3088 1431 3104 1454 ,
3133 1387 3279 1456 quod
3309 1403 3433 1442 cum
3462 1403 3530 1443 ex
3562 1389 3786 1444 interio—

2212 1476 2365 1530 ribus
2400 1476 2501 1530 soli
2538 1476 2843 1534 visceribus
2869 1519 2885 1545 ,
2917 1477 3038 1534 fons
3086 1479 3305 1548 quidam
3353 1479 3686 1544 uberrimus,
3719 1495 3785 1534 ac

2212 1567 2478 1637 plurimas
2505 1578 2688 1626 sectus
2714 1571 2769 1625 in
2812 1586 2997 1637 venas,
3026 1586 3097 1626 eo
3122 1571 3241 1626 loco
3268 1572 3454 1627 nativo
3496 1586 3659 1627 cursu
3694 1571 3783 1625 in-

2216 1659 2387 1727 ﬂuat;
2426 1671 2540 1716 tum
2569 1677 2701 1716 vero
2744 1663 3021 1719 mirabiles
3050 1672 3310 1733 praeterea
3355 1663 3493 1731 tubi,
3526 1663 3785 1733 omnique

2212 1755 2463 1810 oratione
2508 1756 2742 1825 majores
2785 1757 2888 1812 sub
2935 1768 3133 1817 terram
3183 1756 3447 1812 elaborati
3491 1756 3632 1823 sint,
3664 1755 3781 1825 qui,

2211 1854 2477 1916 quantum
2499 1862 2566 1902 ex
2594 1848 2715 1903 visu
2744 1849 3016 1919 conjicere
3041 1850 3186 1917 licet,
3210 1849 3451 1920 quinque
3479 1848 3781 1904 stadiorum

531 1938 708 1993 πάντα
736 1937 1181 2010 μεμολυϐδῶσθαι
1215 1938 1335 1991 κατ’
1367 1938 1594 2007 ἐδάφους
1622 1939 1717 1992 καὶ
1747 1939 1855 1992 τῶν
1876 1939 2069 2010 τοίχων
2089 1956 2102 1970 ο

2213 1937 2359 1994 circa
2394 1940 2579 2010 templi
2609 1940 2807 1996 molem
2840 1958 3034 2014 gyrum
3078 1919 3333 2006 eﬂiciant,
3362 1956 3428 1997 ex
3459 1940 3659 2010 quibus
3697 1939 3781 1991 in-

529 2030 625 2083 ὲπὶ
669 2030 726 2083 δὲ
766 2029 971 2084 τούτων
1022 2025 1284 2099 κεχύσθαι
1344 2028 1481 2084 πολὺ
1535 2029 1738 2102 πλῆθος
1789 2028 2104 2095 κονιάσεως,

530 2115 765 2188 ἐνεργῶς
790 2118 1168 2189 γεγενημένων
1195 2117 1467 2172 ἁπάντων.
1505 2136 1526 2171 ι

2213 2030 2579 2095 numerabiles
2614 2030 2779 2104 454
2808 2033 2997 2088 ﬁstulae
3040 2033 3108 2093 ad
3141 2034 3311 2088 latera
3342 2030 3553 2100 singula
3580 2028 3782 2099 produ-

2215 2129 2432 2191 cantur,
2460 2125 2662 2193 quibus
2688 2140 2844 2195 aquae
2868 2126 3125 2181 omnibus
3152 2141 3217 2180 ex
3245 2123 3489 2195 partibus
3509 2119 3781 2177 conﬂuen-

530 2228 613 2274 tes
651 2227 961 2290 egerantur.
993 2219 1176 2290 Atque~
1201 2219 1318 2274 haec
1353 2218 1562 2285 omnia,
1595 2217 1794 2288 partim
1860 2217 1930 2274 ad
1973 2217 2363 2289 pavimentum,
2413 2221 2611 2291 partim
2659 2220 2727 2276 ad
2788 2222 2936 2292 ipsos
2980 2235 3197 2291 quoque
3263 2218 3498 2289 parietes
3526 2256 3542 2281 .
3617 2227 3780 2285 opere

528 2309 863 2381 plumbario,
900 2309 1080 2366 infusa
1122 2310 1358 2382 desuper
1411 2309 1467 2364 vi
1525 2327 1749 2383 magna.
1776 2311 1963 2379 calcis,
2030 2310 2419 2383 adhaerescere,
2483 2314 2730 2387 adeoque
2752 2315 3014 2386 singulari
3044 2325 3098 2371 et
3124 2321 3378 2371 accurata
3406 2308 3641 2384 quadam
3663 2314 3780 2364 arte

527 2417 782 2465 constare
809 2407 1018 2464 scribit.
1052 2425 1074 2460 ›

1040 2500 1437 2554 ΚΕΦΑΛΑΙΟΝ
1462 2498 1587 2556 ΛΘΡ.

633 2611 1014 2682 Εὐπολέμου,
1037 2611 1170 2681 περὶ
1216 2612 1490 2682 Ἱερεμίου
1525 2612 1634 2668 τοῦ
1661 2611 1990 2685 προφήτου.

608 2725 731 2779 Ἐπὶ
753 2727 985 2792 τούτοις,
1039 2727 1135 2781 καὶ
1176 2727 1275 2799 τῆς
1330 2727 1594 2798 Ἱερεμίου
1630 2728 1966 2800 προφητείας
2008 2727 2102 2782 τοῦ

526 2818 885 2891 ΠολυῙστορος
914 2819 1132 2891 μνήμην
1159 2818 1551 2891 πεποιημένου,
1597 2821 1749 2891 ἡμᾶς
1792 2821 2107 2892 ἀποσιωπῆ-

527 2927 618 2965 σαι
650 2909 855 2982 ταύτην
885 2910 1102 2965 πάντων
1133 2912 1201 2965 ἂν
1242 2911 1326 2981 εἴη
1359 2910 1839 2982 παραλογώτατον.
1886 2911 2107 2965 Κείσθω

525 3002 704 3057 τοίνυν
740 3004 838 3056 καὶ
866 3002 1032 3073 αὖτη’
1075 3020 1093 3054 ι
1121 2997 1257 3057 Εἶτα
1292 3003 1569 3074 Ἰωακείμ.
1607 3002 1930 3056 Ἐπὶτούτου
1973 3020 2110 3075 προ-

526 3093 794 3165 φητεῦσαι
838 3094 1106 3166 Ἱερεμίαν
1130 3094 1221 3151 τὸν
1248 3095 1552 3166 προφήτην.
1603 3094 1805 3150 Τοῦτον
1825 3135 1839 3161 ,
1878 3096 1983 3149 ὑπὸ
2012 3096 2107 3150 τοῦ

525 3185 662 3241 Θεοῦ
699 3187 1094 3253 ἀποσταλέντα,
1146 3187 1471 3242 καταλαϐεῖν
1509 3188 1637 3252 τοὺς
1691 3188 1975 3253 Ἰουδαίους
2015 3188 2109 3243 θυ-

2735 2496 2965 2554 CAPUT
3014 2496 3257 2552 XXXIX.

2475 2612 2551 2668 De
2572 2611 2805 2669 Ieremia
2830 2613 3103 2684 propheta,
3125 2628 3190 2668 ea:
3217 2612 3524 2684 Eupolemo.

2280 2726 2350 2780 At
2378 2725 2546 2791 enim,
2570 2739 2695 2780 cum
2717 2725 2971 2780 laudatus
3000 2738 3165 2794 supra
3200 2722 3508 2796 Polyhistor
3533 2721 3779 2779 Jeremiae

2211 2831 2429 2888 quoque
2460 2815 2757 2887 prophetiae
2796 2814 3126 2879 meminerit,
3162 2813 3560 2879 ineptissimum
3589 2814 3778 2884 utique

2210 2905 2373 2970 foret,
2406 2906 2551 2960 hanc
2581 2919 2611 2959 a
2660 2904 2819 2959 nobis
2852 2904 3069 2960 silentio
3113 2902 3396 2973 praeteriri.
3441 2901 3574 2956 Eam
3617 2903 3780 2974 igitur

2210 2998 2318 3054 hoc
2341 2998 2505 3052 etiam
2531 2996 2652 3050 loco
2680 3004 3008 3051 attexamus.
3046 3013 3066 3047 ι
3104 2993 3241 3049 Tum
3289 2993 3654 3058 Joachimum,
3694 2995 3779 3049 in-

2210 3085 2346 3155 quit,
2374 3099 2600 3154 regnum
2632 3083 2937 3153 capessisse
2952 3092 2978 3148 ‘,
3014 3084 3171 3154 cujus
3219 3093 3464 3157 tempore
3518 3080 3780 3139 Jeremias

2208 3175 2472 3247 propheta
2501 3174 2723 3231 oracula
2754 3188 2852 3231 sua
2880 3173 3128 3230 ediderit.
3159 3173 3387 3245 Quippe,
3425 3174 3569 3229 hunc
3604 3189 3634 3228 a
3667 3172 3778 3229 Deo

527 3278 814 3344 σιάζοντας
846 3277 1049 3350 εἰδώλῳ
1076 3278 1280 3350 χρυσῷ,
1315 3272 1360 3348 ᾧ
1388 3274 1528 3334 εἶναι
1568 3279 1740 3352 ὄνομα
1773 3281 1938 3335 Βάαλ.
1974 3281 2109 3336 Τοῦ-

2212 3270 2464 3333 missum,
2492 3266 2732 3333 Iudaeos,
2763 3266 2977 3322 interim
3006 3266 3135 3320 dum
3163 3266 3309 3321 idolo
3336 3266 3548 3321 cuidam
3576 3279 3776 3330 aureo,

2212 3357 2271 3375 π
2394 3374 2419 3375 η
3167 3355 3403 3375 tam”.
3481 3355 3740 3375 sunt”

525 3389 618 3427 τον
645 3373 701 3426 δὲ
734 3374 914 3437 αὐτοῖς
961 3372 1057 3445 τὴν
1093 3374 1396 3445 μέλλουσαν
1430 3376 1659 3447 ἀτυχίαν
1703 3375 1962 3448 δηλῶσαι.
2004 3375 2109 3430 Τὸν

522 3464 582 3520 δὲ
618 3465 875 3537 Ἰωακεὶμ
911 3465 1088 3531 ζῶντα
1136 3467 1298 3521 αὐτὸν
1334 3467 1688 3522 ἐπιϐαλέσθαι
1728 3466 2106 3523 κατακαῦσαι-

525 3557 618 3612 τὸν
640 3557 699 3611 δὲ
730 3556 896 3627 φάναι
938 3559 1052 3621 τοῖς
1094 3558 1273 3625 ξύλοις
1312 3558 1523 3622 τούτοις
1576 3557 1937 3623 Βαϐυλωνίοις
1980 3559 2108 3628 ὀψο-

527 3649 796 3721 ποιήσειν,
831 3648 927 3703 καὶ
951 3648 1180 3721 σκάψειν
1212 3649 1314 3714 τὰς
1339 3649 1433 3703 τοῦ
1464 3649 1716 3721 Τίγριδος
1756 3651 1850 3705 καὶ
1883 3650 2107 3723 Εὐφρά-

524 3755 622 3794 του
647 3738 918 3813 διώρυχας
938 3740 1493 3812 αἰχμαλωτισθέντας.
1525 3742 1628 3795 Τὸν
1654 3741 1712 3795 δὲ
1732 3741 1839 3796 τῶν
1859 3742 2110 3798 Βαϐυλω-

529 3831 658 3886 νίων
684 3832 910 3903 βασιλέα
960 3833 1271 3887 ἀκούσαντα
1300 3833 1772 3905 Ναϐουχοδονόσορ
1796 3833 1865 3887 τὰ
1886 3834 1989 3887 ὑπὸ
2013 3832 2106 3888 τοῦ

540 3924 799 3997 Ἱερεμίου
837 3924 1333 3996 προμαντευθέντα,
1367 3924 1747 3996 παρακαλέσαι
1781 3924 2109 3995 Ἀστιϐἀρην

525 4015 617 4077 τὸν
644 4017 848 4088 Μήδων
868 4016 1087 4087 βασιλέα
1112 4016 1497 4087 συστρατεύειν
1518 4016 1686 4087 αὐτῷ.
1714 4017 2106 4087 Παραλαϐόντα

526 4098 584 4154 δὲ
609 4099 985 4163 Βαϐυλωνίους
1005 4100 1109 4157 καὶ
1126 4098 1364 4168 Μήδους,
1396 4099 1490 4152 καὶ
1522 4098 1899 4168 συναγαγόντα
1926 4098 2108 4164 πεζῶν

532 4193 631 4263 μὲν
650 4191 1045 4255 ὀκτωκαίδεκα,
1083 4190 1292 4249 ἱππέων
1317 4190 1385 4251 δὲ,
1425 4192 1693 4263 μυριάδας
1727 4191 1971 4261 δώδεκα,
2013 4191 2109 4247 καὶ

530 4282 710 4349 πεζῶν
750 4282 977 4355 ἅρματα
1024 4280 1214 4354 μύρια,
1251 4282 1467 4353 πρῶτον
1494 4284 1593 4354 μὲν
1638 4282 1736 4354 τὴν
1779 4282 2107 4354 Σαμαρεῖτιν

2212 3357 2430 3414 Baalem
2462 3358 2751 3422 vocabant,
2800 3357 3132 3412 sacriﬁcium
3166 3355 3425 3423 facerent,
3475 3355 3777 3425 deprehen-

2210 3451 2378 3516 disse,
2403 3450 2599 3520 quibus
2623 3448 3023 3519 impendentem
3054 3448 3418 3503 calamitatem
3446 3446 3775 3517 praedixerit.

2212 3545 2290 3600 Ac
2321 3543 2663 3599 Joachimum
2699 3541 2942 3614 quidem,
2982 3540 3165 3595 vivum
3194 3540 3344 3594 illum
3389 3554 3455 3595 ac
3482 3539 3775 3609 spirantem

2208 3650 2455 3692 cremare
2477 3635 2752 3691 voluisse:
2775 3640 2832 3688 at
2852 3641 3040 3688 contra
3061 3632 3412 3688 denuntiasse
3433 3631 3777 3701 prophetam,

2208 3726 2313 3781 hoc
2339 3740 2437 3781 eos
2470 3725 2745 3795 lignorum
2784 3738 2980 3794 genere
3013 3722 3325 3794 Babyloniis
3355 3720 3584 3777 obsonia
3619 3736 3780 3776 cura-

2208 3827 2383 3883 turos,
2411 3824 2467 3872 et
2497 3816 2715 3872 canales
2738 3816 2806 3869 ad
2829 3814 3150 3870 derivandas
3180 3812 3360 3885 Tigris
3389 3820 3444 3868 et
3486 3811 3778 3882 Euphratis

2208 3910 2385 3966 undas
2415 3908 2663 3965 fossuros
2712 3921 2864 3974 esse,
2896 3913 3252 3977 posteaquam
3285 3920 3473 3961 eorum
3499 3906 3554 3960 in
3582 3918 3777 3960 manus

2209 4018 2273 4059 ac
2302 4010 2627 4074 potestatem
2654 4002 2950 4058 venissent.
3005 3997 3191 4069 Itaque
3218 3996 3772 4052 Nabucodonosorem

2209 4095 2629 4168 Babyloniorum
2658 4108 2864 4162 regem,
2896 4093 2990 4148 ubi
3014 4107 3161 4156 rem,
3192 4090 3467 4162 quomodo
3511 4090 3581 4144 ab
3627 4087 3779 4143 Jere-

2208 4187 2317 4241 mia
2342 4185 2705 4256 praenuntiata
2749 4182 2951 4246 fuerat,
2980 4181 3311 4247 rescivisset,
3344 4178 3630 4234 Astibaren
3664 4176 3776 4230 Me-

2206 4279 2400 4333 dorum
2451 4291 2656 4349 regem,
2700 4275 2781 4329 uti
2811 4272 2976 4344 hujus
3033 4269 3393 4341 expeditionis
3441 4269 3624 4323 socius
3651 4282 3776 4324 esse

528 4375 1034 4448 καταστρέψασθαι,
1063 4375 1159 4429 καὶ
1184 4374 1617 4439 Γαλιλαίανκκαὶ
1637 4374 1989 4441 Σκυθόπολιν,
2014 4377 2106 4436 καὶ

2212 4364 2384 4432 νδιιοι,
2429 4367 2787 4432 obsecrasse;
2817 4363 3216 4433 conjunctoque
3250 4360 3669 4433 Babyloniorum
3708 4376 3774 4416 ac

527 4471 655 4534 ⁴τοὺς
684 4472 743 4523 ὲν
774 4472 841 4540 τῇ
868 4468 1157 4524 Γαλαατίδι
1184 4467 1465 4530 οἰκοῦντας
1497 4465 1811 4530 Ἰουδαίους*
1864 4461 2019 4530 αὖθις
2046 4465 2105 4518 δὲ

2212 4457 2486 4513 Medorum
2535 4456 2775 4512 exercitu
2801 4495 2817 4521 ,
2869 4456 2964 4526 qui
3017 4461 3215 4526 praeter
3268 4452 3454 4508 decem
3509 4467 3772 4509 curruum

527 4559 599 4625 τὰ
642 4560 985 4632 Ἱεροσόλυμα
1013 4560 1371 4633 παραλαϐεῖν,
1397 4557 1604 4612 καὶτὸν
1646 4557 1911 4611 Ἰουδαίων
1951 4556 2103 4627 βασι-

2212 4550 2373 4605 millia
2395 4591 2411 4618 ,
2459 4549 2699 4618 peditum
2732 4548 3008 4618 octoginta
3041 4560 3206 4616 supra
3238 4553 3451 4602 centum
3480 4585 3495 4612 ,
3528 4545 3773 4616 equitum

529 4649 627 4711 λέα
667 4652 923 4721 Ἰωακεὶμ
950 4650 1266 4724 ιςωγρῆσαι.
1311 4650 1416 4704 Τὸν
1457 4648 1515 4703 δὲ
1561 4648 1761 4720 χρυσὸν
1797 4648 1891 4704 τὸν
1926 4651 1985 4702 ὲν
2024 4647 2102 4718 τῷ

2212 4657 2334 4697 vero
2361 4650 2581 4697 centum
2611 4656 2677 4697 ac
2698 4640 2891 4712 viginti
2925 4639 3167 4695 millibus
3198 4647 3499 4702 constaret,
3534 4637 3771 4707 primum

529 4743 683 4815 ἱερῷ,
717 4745 812 4798 καὶ
833 4743 1092 4816 ἄργυρον,
1119 4744 1214 4798 καὶ
1241 4742 1438 4814 χαλκὸν
1458 4739 1773 4804 ἐκλέξαντα,
1828 4741 1909 4803 είς
1932 4738 2107 4792 Βαϐυ-

2212 4734 2442 4807 quidem,
2473 4733 2776 4789 Samariam
2806 4776 2821 4800 ,
2851 4733 3150 4799 Galilazam,
3178 4730 3569 4803 Scythopolim,
3591 4737 3644 4784 et
3671 4726 3771 4782 Ju-

527 4833 677 4896 λῶνα
703 4834 1017 4889 ἀποστεῖλαι
1043 4835 1210 4906 χωρὶς
1231 4834 1332 4903 τῆς
1355 4830 1586 4886 κιϐωτοῦ
1616 4831 1709 4883 καὶ
1742 4829 1851 4885 τῶν
1878 4832 1935 4883 ὲν
1965 4831 2103 4900 αὐτῇ

2212 4829 2348 4883 αωοβ
2393 4826 2728 4883 Galaatidem
2778 4826 3080 4882 incolentes
3128 4824 3429 4880 delevisse:
3461 4837 3590 4875 mox
3641 4835 3772 4876 vero

531 4926 776 4983 πλακῶν.
807 4927 1023 4998 Ταύτην
1051 4927 1109 4980 δὲ
1134 4927 1239 4980 τδν-
1267 4924 1532 4999 Ἱερεμίαν
1564 4925 1875 4993 κατασχεῖν.
1901 4942 1922 4976 ι

2203 4920 2377 4991 ipsam
2405 4933 2623 4990 quoque
2643 4911 3095 4990 Hierosolymam,
3119 4914 3567 4984 Joachimumque
3588 4927 3769 4982 regem

529 5019 715 5072 vivum
776 5018 1009 5088 cepisse,
1063 5026 1116 5073 et
1144 5016 1409 5087 quidquid
1447 5017 1503 5070 in
1532 5015 1733 5085 templo
1761 5015 1902 5077 auri,
1950 5013 2159 5084 argenti
2194 5013 2425 5082 aerisque
2457 5013 2579 5080 fuit,
2611 5013 2914 5069 detractum
2961 5010 3290 5081 Babylonem
3318 5007 3553 5074 misisse,
3579 5015 3772 5077 praeter

529 5129 739 5181 arcam,
763 5122 817 5169 et
845 5115 1087 5170 inclusas
1113 5113 1167 5167 in
1199 5127 1261 5167 ea
1289 5111 1539 5167 tabulas:
1584 5110 1727 5167 hanc
1753 5110 1897 5166 enim
1928 5124 2093 5180 penes
2129 5108 2419 5168 Ieremiam
2453 5108 2802 5166 remansisse.
2825 5129 2844 5162 ι
3066 5116 3069 5119 ‘

1053 5202 1452 5257 ΚΕΦΔΛΑΙΟΝ
1496 5199 1587 5256 Μ’.

528 5315 860 5387 Βηρωσσοῦ
876 5312 1030 5387 (91),Δ
1061 5313 1196 5387 περί
1253 5311 1366 5387 τῆς
1434 5312 1756 5387 Ἰουδαίων-
1797 5314 2098 5387 αἰχμαλω-

598 5385 758 5451 σίας,
781 5382 895 5451 τῆς
918 5382 1037 5439 ὑπὸ
1060 5383 1621 5452 Ναϐουχοδονόσορσ
1663 5382 1761 5452 καὶ
1802 5384 1933 5450 περὶ
1980 5384 2100 5437 τῶν

592 5453 904 5517 ,ϐασιλέων
927 5453 1038 5521 τῆς
1070 5451 1427 5517 Βαϐυλῶνος
1463 5451 1583 5505 ἀπὸ
1633 5451 1736 5505 τοῦ
1787 5454 2097 5507 Ναϐοπαλ-

594 5524 869 5660 έήασάρου
896 5522 1067 5595 μέχρι
1099 5523 1248 5591 πρὸς
1277 5523 1381 5576 τὸν
1410 5522 1635 5590 Κῦρον·
1666 5521 1786 5577 ἀπὸ
1822 5521 1942 5574 τῶν
1981 5523 2093 5577 Ἰω-

681 5609 820 5647 που.

681 5609 820 5647 που.

604 5702 623 5735 ι
654 5684 877 5746 Τούτοις
907 5681 1236 5751 ἐπισυνάψαι
1262 5682 1557 5751 ἀναγκαῖον
1579 5682 1676 5739 καὶ
1721 5682 1789 5736 τὰ
1826 5682 1955 5753 περὶ
1996 5682 2095 5753 τῆς

2793 5195 3024 5253 CAPUT
3072 5194 3185 5249 XL.

2195 5313 2455 5387 ﬁ55Ea;
2467 5313 2684 5387 Beroao2
2704 5324 2851 5387 quem
2865 5306 3124 5387 Iosephus
3145 5304 3331 5387 laudat
3342 5346 3355 5369 ,
3380 5305 3442 5373 de
3456 5302 3767 5387 Ιὲάανογυρι

2264 5374 2568 5454 ἷιῆηἱυὶιαιε
2597 5374 2691 5454 ιςμὸ
2708 5374 3268 5454 Nabuchodonosor”
3297 5374 3766 5454 dequeiBabylou't's

2264 5443 2491 5524 regibus,
2539 5468 2572 5505 α
2605 5447 3065 5517 Nabopallasara,
3122 5459 3282 5512 usque
3320 5446 3389 5496 ad
3429 5446 3646 5513 Cyrum.
3683 5443 3766 5497 Eat

2264 5523 2510 5594 Jusepho.

2276 5696 2294 5728 ο
2330 5674 2425 5730 His
2451 5690 2637 5744 porro,
2668 5672 2977 5733 Judteorum
3032 5672 3194 5727 ctiam
3227 5674 3589 5741 captivitatem
3627 5679 3765 5724 atte-

598 5801 711 5870 (91)
747 5800 1101 5871 Βηρωσονοῦ,
1137 5798 1411 5871 Eximium
1454 5801 1720 5871 planeque
1750 5817 1975 5860 aureum
2007 5808 2092 5858 est
2128 5799 2233 5855 hoc
2282 5794 2500 5852 Berossi
2522 5793 2920 5866 fragmentum,
2969 5790 3115 5861 quod
3155 5789 3419 5862 Joscphus
3472 5792 3564 5848 lib.
3618 5809 3653 5848 ι.
3710 5791 3761 5842 in

528 5869 801 5942 Apionem,
824 5885 947 5942 pag.
975 5869 1112 5926 1044
1141 5870 1392 5937 c.1049,
1425 5869 1784 5931 conservavit.
