4194 6436
374 5805 383 5837 1

477 404 592 462 15!

1121 401 1394 460 susum
1425 401 1906 463 CESARIENQS
1944 401 2097 462 οη.
2125 401 2311 461 rans
2343 401 2413 461 ιτ.
2448 399 2531 443 —'
2550 379 3068 458 arosocs'nca.’

3622 395 3728 454 τω

474 538 626 590 nere,
659 538 825 594 quam
851 537 883 578 a
912 521 1458 581 Nubuehodonosore
1487 528 1637 596 passi
1684 536 1835 593 sunt,
1872 543 2027 599 opera

2165 523 2435 579 Ἰουδαίων
2465 520 2842 593 αἰχμαλωσίας
2869 522 2971 592 τῆς
3000 517 3105 574 ὑπὸ
3135 514 3621 590 Ναϐουχοδονόσορ,
3643 515 3725 587 ὃς,

474 616 711 686 pretium
766 615 951 671 fuerit.
999 615 1052 672 is
1099 619 1247 672 enim
1274 619 1442 675 motis
1478 621 1534 675 in
1563 620 1819 676 rebellem
1852 619 2051 691 copiis,

470 705 621 777 justa
669 705 875 763 victum
907 704 1027 763 acie
1060 711 1115 763 in
1137 718 1458 779 potestatem
1508 713 1715 784 redegit
1758 729 1934 780 suam,
1987 728 2051 768 ac

473 798 749 868 regionem
777 798 983 868 passim
1007 799 1320 858 universam
1349 802 1417 858 ad
1447 803 1729 873 imperium
1762 821 1922 860 suum
1951 805 2050 860 ad-

467 888 671 960 iunxit.
703 888 818 946 Sub
847 890 990 947 idem
1018 899 1257 964 tempus,
1285 910 1410 951 eum
1444 896 1852 967 NabOpallasari
1877 901 2049 969 patris

473 981 585 1047 sui,
615 981 804 1036 iethali
828 984 1022 1039 morbo
1057 984 1310 1053 confecti,
1354 986 1660 1057 Babylone,
1685 998 1809 1060 post
1852 990 2049 1046 vicesi-

470 1087 621 1126 mum
649 1073 885 1143 primum
916 1076 1069 1147 regni
1103 1078 1188 1132 sui
1215 1093 1418 1133 annum
1441 1120 1458 1146 ,
1494 1080 1674 1137 obitus
1701 1082 2043 1153 contigisset,

462 1161 1069 1233 Nabuchodonosorus,
1085 1181 1210 1221 cum
1232 1184 1550 1239 supremum
1571 1170 1691 1242 ejus
1717 1173 1860 1228 diem
1884 1174 2046 1245 paulo

470 1264 591 1324 post
616 1257 934 1327 accepisset,
952 1260 1115 1317 rebus
1129 1260 1348 1333 Aigypti
1367 1265 1708 1336 compositis,
1727 1270 2045 1340 exterisque

468 1345 762 1414 provinciis
789 1357 842 1403 et
867 1347 1205 1417 Judaeorum,
1263 1351 1607 1423 Pbmnicum,
1640 1372 1705 1411 ac
1756 1356 2041 1431 Syrorum,
2082 1394 2089 1401 υ

468 1435 710 1503 gentium
747 1434 983 1507 Egypto
1014 1439 1318 1496 vicinarum
1350 1444 1579 1514 captivis
1605 1446 1908 1503 amicorum
1943 1466 2042 1505 su-

466 1539 623 1579 orum
661 1527 784 1581 iidei
816 1531 1241 1598 commendatis,
1274 1549 1395 1590 sese
1417 1536 1475 1590 in
1499 1535 1853 1609 Babyloniam
1887 1556 2041 1597 rece-

466 1618 562 1687 pit.
607 1636 627 1668 ι
662 1616 809 1674 idem
862 1622 1191 1692 quibusdam
1240 1624 1576 1694 interiectis:
1619 1647 1639 1682 ι
1678 1627 2042 1688 Nabuchodo-

464 1723 720 1779 nosorus,
754 1712 954 1783 inquit,
974 1714 1089 1785 jam
1124 1715 1339 1784 allecto,
1367 1734 1531 1789 quem
1566 1723 1729 1793 paqu
1760 1734 1885 1781 ante
1899 1727 2036 1796 dixi,

462 1815 644 1867 muro,
672 1817 798 1858 cum
836 1804 893 1860 in
933 1806 1186 1862 morbum
1210 1810 1514 1879 incidisset,
1551 1830 1697 1870 anno
1722 1818 1874 1888 regni
1902 1834 2039 1889 qua-

460 1893 770 1964 dragesimo
793 1898 955 1953 tertio
987 1899 1243 1971 migravit
1271 1916 1301 1957 e
1327 1905 1457 1960 vita.
1494 1904 1595 1961 Cui
1628 1923 1754 1963 eum
1799 1908 2040 1968 Evilma-

460 1981 726 2041 lurucbus
750 1985 996 2054 ejusdem
1028 1988 1175 2045 illius
1220 1993 1598 2058 successisset,
1626 1995 1775 2064 quod
1820 2010 2037 2054 summa

456 2086 641 2128 rerum
672 2071 956 2131 nefarieac
969 2078 1277 2147 petulanter
1305 2082 1621 2139 abuteretur
1640 2126 1657 2153 ,
1688 2100 1839 2142 anno
1864 2087 2035 2144 altero

454 2178 622 2234 quam
677 2180 909 2236 regnare
945 2179 1205 2239 emperat,
1260 2170 1605 2245 Neriglisarre
1657 2179 1867 2233 sororis
1921 2194 2037 2234 sua:

456 2255 705 2343 conjugis
733 2257 951 2316 insidiis
1003 2263 1280 2319 occubuit.
1310 2263 1444 2322 Post
1490 2283 1677 2338 quem,
1728 2270 1873 2326 idem
1917 2271 2036 2343 ipse

454 2342 817 2417 Neriglisaras
862 2350 1159 2421 parricida,
1190 2363 1447 2425 suscepto
1500 2356 1751 2428 imperio,
1797 2342 2035 2430 quatuor

455 2442 669 2493 tantum
707 2454 884 2497 annos
922 2444 1187 2514 regnavit.
1213 2443 1346 2515 Ejus
1371 2453 1552 2503 autem
1578 2448 1744 2515 ﬁlius,
1777 2451 2038 2508 Chabaes-

453 2530 757 2587 soaracbus
808 2534 1048 2603 nomine,
1084 2537 1303 2592 tametsi
1320 2537 1502 2596 adhuc
1534 2556 1672 2612 puer
1694 2558 1914 2602 menses
1939 2560 2033 2601 no-

449 2636 570 2676 vem
600 2638 825 2696 regnum
888 2629 1183 2697 tenuisset,
1210 2638 1392 2686 tamen
1418 2632 1563 2703 quod
1600 2634 1715 2705 jam
1749 2644 1862 2692 tum
1886 2640 2034 2697 exsi-

447 2720 680 2768 stentem
711 2714 911 2775 indolis
934 2721 1258 2788 pravitatem
1287 2724 1617 2795 ostenderet,
1642 2742 1674 2782 a
1704 2732 2030 2789 necessariis

446 2803 566 2860 suis
589 2804 732 2860 clam
757 2816 1031 2867 mactatus
1064 2811 1293 2868 interiit.
1319 2812 1441 2883 Quo
1489 2817 1727 2888 sublato,
1758 2836 1887 2881 mox
1917 2820 2027 2878 Na—

444 2893 686 2952 bonnido
714 2897 932 2957 cuidam
972 2899 1274 2975 Babylonio
1328 2906 1574 2979 ejusdem
1630 2912 2028 2984 conjurationis
2063 2922 2071 2930 ‘

444 2987 616 3052 socio,
640 2992 922 3051 communi
947 2992 1337 3054 insidiatorum
1369 3001 1601 3058 consilio
1651 3004 1893 3062 delatum
1928 3009 2027 3065 im-

441 3078 654 3148 perium
684 3088 787 3138 est.
832 3081 948 3143 Hoc
999 3098 1283 3159 regnante,
1319 3089 1615 3165 Babylonis
1644 3099 1871 3166 moenia,
1902 3117 2027 3172 qua:

2150 618 2229 688 τῷ
2280 616 2563 689 ἀποστάτῃ
2608 612 3059 686 ἐπιστρατεύσας,
3098 612 3193 665 καὶ
3247 608 3724 681 παραταξάμενος,

2150 706 2315 761 αὑτοῦ
2338 724 2397 761 τε
2429 705 2734 777 ἐκυρίευσε,
2766 704 2862 758 καὶ
2886 703 2983 774 τὴν
3012 700 3195 775 χώραν
3227 700 3446 769 ἐξαῦθις
3486 699 3591 755 ὑπὸ
3625 700 3728 773 τὴν

2150 798 2311 853 αὐτοῦ
2380 797 2653 870 βασιλείαν
2714 797 3029 867 ἐποιήσατο.
3100 791 3191 863 Τῷ
3240 809 3302 846 τε
3349 793 3517 864 πατρὶ
3558 790 3723 846 αὑτοῦ

2152 894 2348 964 συνέϐη
2381 890 2884 961 Ναϐοπαλλασάρῳ,
2917 885 3056 942 κατὰ
3084 886 3272 940 τοῦτον
3297 886 3388 940 τὸν
3416 885 3606 957 καιρὸν
3627 886 3726 957 άῤ-

2151 984 2511 1056 ρωστήσαντι,
2536 984 2594 1035 ἐν
2628 983 2694 1052 τῇ
2726 977 3085 1033 Βαϐυλωνίων
3102 977 3255 1030 πόλει
3286 976 3614 1047 μεταλλάξαι
3633 974 3725 1030 τὸν

2150 1075 2265 1146 βίον
2284 1116 2298 1141 ,
2340 1075 2436 1147 ἐτη
2483 1070 2891 1144 βεϐασιλευκότι
2925 1069 3032 1125 κα’.
3082 1069 3411 1140 Δίσθόμενος
3433 1068 3489 1121 δὲ
3514 1070 3633 1140 μετ’
3659 1069 3720 1122 ού

2147 1167 2317 1221 πολὺν
2345 1167 2535 1237 χρόνον
2559 1164 2657 1235 τὴν
2679 1162 2773 1218 τοῦ
2803 1161 3010 1234 πατρὸς
3032 1161 3289 1232 τελευτὴν
3325 1160 3722 1230 Ναϐουχοδονό-

2148 1275 2325 1329 σορος,
2355 1260 2702 1328 καταστήσας
2732 1254 2802 1309 τὰ
2821 1253 2962 1309 κατὰ
2981 1255 3080 1325 τὴν
3100 1254 3371 1323 Αἴγυπτον
3397 1253 3721 1325 πράγματα,

2145 1351 2239 1406 καὶ
2264 1347 2361 1422 τὴν
2406 1348 2597 1422 λοιπὴν
2639 1347 2851 1420 χώραν,
2888 1346 2984 1402 καὶ
3020 1346 3149 1410 τοὺς
3165 1344 3544 1416 αἰχμαλώτους
3593 1343 3727 1399 ἰουα

2142 1443 2307 1499 δαίων
2341 1459 2404 1496 τε
2447 1441 2542 1497 καὶ
2569 1439 2850 1504 Φοινίκων,
2873 1438 2968 1492 καὶ
2992 1437 3178 1510 Σύρων
3197 1436 3306 1490 τῶν
3334 1436 3477 1490 κατὰ
3503 1435 3601 1509 τὴν
3631 1436 3723 1489 Αί-

2144 1550 2349 1601 γυπτον
2376 1530 2567 1596 ἐθνῶν,
2595 1530 2862 1595 συντάξας
2888 1530 3000 1583 τισὶ
3018 1528 3128 1582 τῶν
3153 1527 3351 1599 φίλων,
3381 1529 3462 1592 είς
3492 1528 3589 1600 τήν
3614 1529 3721 1581 Βα-

2143 1623 2411 1679 ϐυλωνίαν
2427 1623 2776 1693 παρεγένετο.
2801 1622 2939 1676 »Καὶ
2962 1619 3080 1692 μεθ’
3109 1619 3270 1692 ἕτερά
3292 1636 3443 1690 φησι·
3479 1618 3721 1673 «Ναϐου-

2142 1714 2484 1787 χοδονόσορος
2523 1714 2621 1785 μὲν
2651 1708 2746 1767 οὖν
2777 1710 2915 1784 μετὰ
2941 1712 3003 1765 τὸ
3030 1710 3294 1783 ἄρξασθαι
3331 1708 3427 1764 τοῦ
3461 1727 3720 1783 προειρη.

2145 1806 2309 1877 μένου
2344 1806 2577 1876 τείχους,
2610 1805 2866 1875 ἐμπεσὼν
2895 1804 2974 1868 είς
3021 1802 3364 1875 ἀρρωστίαν,
3417 1801 3722 1873 μετήλλαξε,

2068 1868 2229 1951 Βτὸν
2281 1868 2846 1968 βίονίβεϐασιλευκὼς
2899 1896 2992 1967 ιττ,
3044 1868 3152 1966 ιὶᾲ.
3184 1895 3295 1966 Τῆς
3340 1868 3715 1964 suam“

2138 1988 2323 2061 κύριος
2349 1989 2565 2058 ἐγένετο
2586 1990 2615 2042 ὁ
2641 1989 2756 2053 υίὸς
2791 1988 2954 2043 αὑτοῦ
2976 1986 3498 2059 Εὑιλμαλούρουχος.
3525 1982 3722 2054 Οὗτος,

2137 2079 2378 2152 προστὰς
2404 2080 2513 2134 τῶν
2545 2080 2886 2152 πραγμάτων
2921 2079 3137 2148 ἀνόμως
3180 2077 3273 2130 καὶ
3302 2076 3565 2145 ἀσελγῶς,
3594 2077 3717 2131 επι-

2136 2172 2447 2237 ϐουλευθεὶς
2486 2172 2593 2227 ὑπὸ
2627 2172 2721 2226 τοῦ
2746 2173 2847 2244 τὴν
2901 2170 3133 2243 ἀδελφὴν
3171 2170 3385 2241 ἔχοντος
3408 2167 3574 2225 αὐτοῦ
3608 2169 3719 2242 Νη-

2137 2262 2475 2335 ριγλισάρου,
2502 2263 2761 2338 ἀνῃρέθη,
2787 2262 3110 2333 βασιλεύσας
3139 2261 3231 2334 ἔτη
3264 2260 3328 2332 β’.
3369 2260 3530 2317 Μετὰ
3571 2261 3629 2315 δὲ
3654 2260 3717 2315 τδ

2135 2355 2489 2429 ἀναιρεθῆναι
2523 2356 2710 2410 τοῦτον
2731 2397 2747 2422 ,
2782 2356 3160 2427 διαδεξάμενος
3186 2356 3287 2423 τὴν
3328 2356 3502 2430 ἀρχὴν
3535 2358 3565 2410 ὀ
3589 2357 3715 2411 ἑπι-

2135 2449 2431 2514 ϐουλεύσας
2477 2450 2627 2521 αὐτῷ
2659 2451 3100 2524 Νηριγλισάρης,
3144 2451 3492 2506 ἐϐασίλευσεν
3528 2451 3621 2524 ἔτη
3646 2451 3712 2510 δ’.

2133 2542 2337 2596 Τούτου
2374 2544 2487 2608 υίὸς
2515 2542 3007 2615 Χαϐαεσσοαρᾶχος
3030 2544 3312 2616 ἐκυρίευσε
3353 2545 3452 2615 μὲν
3497 2545 3595 2616 τῆς
3617 2543 3719 2615 βαι

2133 2635 2359 2701 σιλείας,
2387 2639 2517 2699 παῖς
2548 2634 2645 2702 ὢν,
2682 2638 2856 2708 μῆνας
2878 2636 3033 2691 ὲννὲα
3053 2654 3067 2667 ο
3096 2635 3499 2699 ἐπιϐουλευθεὶς
3519 2637 3594 2701 δὲ,
3623 2635 3715 2693 διὰ

2131 2724 2193 2777 τὸ
2220 2725 2387 2779 πολλὰ
2410 2725 2688 2795 ἐκφαίνειν
2715 2727 2984 2799 κακοήθη,
3012 2726 3117 2780 ὑπὸ
3132 2727 3241 2780 τῶν
3266 2726 3434 2796 φίλων
3462 2729 3712 2798 ἀπετυμ-

2131 2818 2389 2890 πανίσθη.
2439 2818 2796 2891 Ἀπολομένου
2830 2819 2887 2873 δὲ
2908 2820 3120 2886 τούτου,
3148 2820 3493 2885 συνελθόντες
3518 2822 3567 2875 oi
3598 2823 3713 2875 ἐπι-

2131 2910 2518 2975 ϐουλεύσαντες
2544 2910 2713 2981 αὐτῷ,
2755 2916 2906 2985 κοινῇ
2938 2914 3036 2985 τὴν
3072 2912 3346 2984 βασιλείαν
3376 2911 3712 2984 περιέθηκαν

2128 3001 2438 3074 Ναϐοννίδῳ
2464 3002 2573 3056 τινὶ
2595 3003 2703 3055 τῶν
2734 3005 2798 3057 ὲκ
2826 3003 3142 3068 Βαϐυλῶνος
3167 3005 3281 3057 ὀντι
3314 3005 3377 3057 ὲκ
3404 3004 3503 3074 τῆς
3542 3004 3711 3075 αὐτῆς

2127 3094 2555 3159 ὲπισυστάσεως.
2591 3095 2716 3149 Ἐπὶ
2753 3095 2945 3151 τούτου
2990 3096 3058 3151 τὰ
3100 3096 3230 3169 περὶ
3274 3096 3521 3168 ποταμὸν
3556 3096 3706 3168 τείχη

439 3168 651 3228 ﬂumini
678 3174 951 3246 adjacent,
985 3190 1143 3237 cocto
1174 3181 1345 3239 latere
1382 3199 1447 3240 ac
1484 3185 1752 3245 bitumine
1774 3168 2021 3262 splen—dic

2127 3187 2225 3259 τῆς
2241 3188 2599 3243 Βαϐυλωνίων
2626 3188 2833 3254 πόλεως
2861 3188 2918 3257 ἐξ
2943 3189 3119 3258 ὀπτῆς
3136 3168 3359 3243 πλίνθου
3377 3190 3472 3243 καὶ
3500 3188 3710 3257 ἀσφάλ-

439 3262 564 3320 dius
591 3265 852 3323 aedificata
873 3278 1025 3326 sunt.
1071 3270 1247 3345 Regni
1274 3290 1403 3331 vero
1429 3276 1700 3337 decimum
1724 3285 2018 3354 septimum

440 3368 636 3430 agente
668 3376 895 3434 annum,
933 3365 1109 3437 Cyrus
1132 3366 1300 3446 456
1327 3369 1629 3430 exPerside
1653 3392 1777 3432 cum
1815 3380 2019 3452 ingenti

437 3453 717 3523 profectus
733 3460 997 3527 exercitu,
1022 3476 1089 3518 ac
1115 3463 1384 3534 reliquum
1403 3468 1524 3540 ejus
1544 3471 1834 3542 imperium
1856 3492 2021 3533 omne

435 3545 753 3638 populatus,
780 3547 835 3605 in
866 3549 1221 3623 Babyloniam
1251 3556 1426 3629 ipsam
1456 3561 1673 3619 invasit.
1707 3565 1880 3632 Quam
1898 3568 2018 3638 ejus

437 3636 859 3708 impressionem
890 3640 1249 3704 Nabonnidus
1305 3665 1431 3706 cum
1481 3656 1768 3724 sensisset,
1798 3659 1850 3715 ei
1890 3636 2017 3717 cum

435 3730 678 3787 exercitu
705 3735 1107 3792 occurrendum
1128 3742 1350 3799 statuit:
1378 3760 1569 3802 verum
1603 3763 1785 3820 pugna
1814 3751 2015 3819 victus,

434 3837 565 3879 cum
593 3823 953 3915 paucissimis
993 3827 1137 3902 fuge
1168 3835 1458 3893 comitibus
1492 3853 1611 3896 sese
1649 3840 2014 3915 Borsippeno-

435 3928 563 3968 rum
589 3914 814 3972 inclusit
840 3917 1059 3989 oppido.
1080 3918 1257 3992 Cyrus
1284 3933 1489 3993 autem,
1517 3925 1791 3999 Babylone
1823 3932 2016 3987 obses-

435 4016 521 4067 sa,
558 4017 684 4058 cum
715 4020 906 4063 muros
920 4016 1073 4064 extra
1105 4010 1293 4067 urbem
1322 4013 1481 4087 longe
1527 4029 1775 4088 patentes
1823 4022 2016 4079 subrui

429 4090 710 4163 iussisset,
753 4099 900 4169 quod
928 4100 1200 4160 diilicilior
1230 4114 1284 4160 et
1332 4110 1611 4166 actuosior
1642 4113 1889 4184 ejusdem
1917 4131 2014 4172 ex-

430 4187 694 4258 pugnatio
720 4190 1019 4259 videretur,
1044 4193 1373 4270 Borsippum
1405 4203 1596 4270 movit,
1629 4202 2012 4263 Nabonnidum

434 4274 786 4339 obsessuru's.
815 4286 884 4340 At
913 4284 983 4351 is,
1012 4288 1297 4347 obsidione
1343 4302 1629 4365 occupata,
1686 4296 1829 4369 Cyro
1889 4315 2013 4357 sese

433 4370 678 4440 tradidit,
705 4374 801 4444 qui
833 4390 957 4433 eum
980 4382 1392 4452 perhumaniter
1415 4386 1685 4454 habitum,
1710 4387 2010 4463 Babylonia

432 4472 642 4520 tantum
667 4467 879 4534 cedere,
911 4480 966 4525 et
986 4473 1038 4528 in
1070 4472 1363 4534 Carmania
1410 4478 1666 4552 deinceps
1688 4485 1897 4540 versari
1918 4501 2007 4541 vo-

2126 3293 2221 3330 του
2245 3278 2651 3353 κατεκοσμήθη.
2697 3278 2878 3351 Οὔσης
2921 3280 2977 3334 δὲ
3008 3280 3108 3351 τῆς
3141 3280 3415 3350 βασιλείας
3452 3279 3615 3333 αὐτοῦ
3647 3282 3708 3338 ἐν

2123 3367 2205 3439 τῷ
2233 3370 2676 3443 ἑπτακαιδεκάτῳ
2708 3371 2837 3436 ἔτει,
2868 3369 3285 3442 προσεληλυθὼς
3309 3370 3490 3440 Κῦρος
3516 3371 3581 3423 ὲκ
3603 3370 3707 3441 τῆς

2127 3459 2386 3532 Περσίδος
2411 3461 2547 3531 μετὰ
2589 3460 2875 3532 δυνάμεως
2915 3457 3150 3529 πολλῆς,
3188 3458 3703 3529 καταστρεψάμενος

2124 3551 2223 3621 τὴν
2250 3550 2441 3623 λοιπὴν
2476 3550 2752 3620 βασιλείαν
2780 3550 3017 3613 ἃπασαν,
3043 3547 3301 3620 ὥρμησεν
3332 3550 3423 3602 ἐπὶ
3448 3550 3545 3620 τῆς
3589 3551 3700 3603 Βα-

2124 3639 2418 3706 ϐυλωνίαςο
2440 3640 2770 3713 Αίσθόμενος
2791 3641 2848 3694 δὲ
2878 3640 3201 3705 Ναϐόννιδος
3249 3640 3345 3712 τὴν
3384 3640 3569 3710 ἔφοδον
3602 3642 3700 3695 αύ-

2121 3729 2240 3795 τοῦ,
2281 3733 2601 3803 ἀπαντήσας
2632 3731 2772 3805 μετὰ
2800 3731 2898 3802 τῆς
2929 3731 3226 3803 δυνάμεως,
3257 3732 3352 3786 καὶ
3383 3731 3701 3805 παραταξά-

2124 3840 2306 3894 μενος,
2358 3823 2619 3895 ἡσσηθεὶς
2676 3827 2741 3895 τῇ
2781 3825 2953 3897 μάχῃ,
3008 3824 3103 3878 καὶ
3158 3823 3347 3895 φυγὼν
3401 3824 3699 3894 ὀλιγοστὸς,

2125 3913 2475 3985 συνεκλείσθη
2525 3916 2603 3977 εἰς
2626 3915 2726 3985 τὴν
2754 3914 3150 3988 Βορσιππηνῶν
3206 3915 3379 3970 πόλιν.
3439 3915 3622 3987 Κῦρος
3643 3915 3702 3971 δὲ

2122 4004 2415 4061 Βαϐυλῶνα
2448 4008 2908 4080 καταλαϐόμενος,
2939 4009 3035 4063 καὶ
3065 4009 3326 4075 συντάξας
3350 4009 3419 4063 τὰ
3458 4010 3564 4077 ἔξω
3600 4010 3701 4083 τῆς

2121 4094 2329 4157 πόλεως
2347 4096 2499 4167 τείχη
2531 4098 2899 4168 κατασκάψαι,
2926 4098 3013 4153 διὰ
3044 4098 3104 4152 τὸ
3135 4098 3254 4153 λίαν
3278 4099 3425 4169 αὐτῷ
3449 4116 3703 4171 πραγμα-

2119 4189 2277 4260 τικὴν
2320 4190 2415 4242 καὶ
2456 4190 2765 4245 δυσάλωτον
2804 4193 3036 4263 φανῆναι
3076 4195 3176 4264 τὴν
3216 4193 3391 4256 πόλιν,
3415 4192 3700 4260 ἀνέξευξεν

2120 4278 2214 4332 ἐπὶ
2242 4279 2571 4351 Βόρσιππον,
2594 4283 3039 4355 ἐκπολιορκήσων
3074 4299 3165 4337 τον
3204 4283 3545 4338 Ναϐόννιδον.
3588 4284 3698 4340 Τοῦ

2117 4366 2174 4422 δὲ
2225 4369 2552 4426 Ναϐοννίδου
2609 4374 2709 4446 οὐχ
2759 4375 3149 4448 ὑπομείναντος
3199 4375 3298 4446 τὴν
3360 4376 3703 4447 πολιορκίαν,

2117 4457 2233 4513 ἀλλ’
2261 4461 2664 4532 ἐγχειρίσαντος
2688 4463 2851 4516 αὐτὸν
2878 4463 3161 4535 πρότερον,
3191 4466 3536 4536 χρησάμενος
3578 4465 3696 4521 Κῦ-

429 4549 550 4607 luit.
577 4551 695 4621 Qua
716 4556 773 4611 in
800 4559 1045 4631 regione,
1069 4564 1245 4622 donec
1293 4548 1621 4641 supremum
1642 4574 1818 4631 obiret
1840 4575 2008 4646 diem,

2127 4565 2211 4619 ρος
2250 4548 2665 4621 φιλανθρώπως,
2699 4551 2795 4605 καὶ
2836 4551 2959 4616 δοὺς
2989 4554 3303 4624 οἰκητήριον
3353 4554 3502 4625 αὑτῷ
3543 4557 3698 4626 Καρ-

429 4639 786 4706 Nabonnidus
822 4652 1095 4724 reliquum
1149 4672 1311 4716 omne
1360 4639 1487 4718 vitae
1537 4672 1755 4735 tempus
1809 4639 2005 4738 exegit.

426 4735 610 4807 Atque
635 4739 1018 4801 bazcuarratio
1056 4752 1491 4809 consentientem
1547 4755 1712 4812 habet
1756 4774 1881 4815 cum
1907 4735 2009 4817 no-

427 4826 560 4884 stris
608 4828 807 4888 litteris
839 4835 1147 4895 veritatem.
1176 4839 1460 4900 Proditum
1493 4847 1640 4903 enim
1670 4848 1740 4905 iis
1770 4860 1872 4919 est,
1896 4850 2007 4908 Na-

354 4986 355 4989 η
425 4914 949 4982 bucbodonosorum
975 4944 1122 4985 anno
1138 4935 1289 5006 regni
1311 4939 1397 4992 sui
1421 4937 1633 4995 decimo
1656 4951 1850 4998 octavo
1876 4953 2008 4999 tem-

424 5007 579 5079 plum
608 5023 857 5073 nostrum
888 5019 1134 5079 funditus
1161 5029 1444 5098 evertisse,
1467 5031 1697 5104 ejusque
1727 5035 2005 5092 excidium

428 5105 570 5189 totos
617 5103 1018 5182 quinquaginta
1084 5131 1261 5174 annos
1311 5103 1777 5189 durasse;ianno
1821 5138 2001 5183 autem

426 5185 552 5281 Cyri
578 5194 730 5262 regni
781 5201 1024 5257 secundo
1049 5205 1265 5261 restitui
1290 5185 1731 5281 coeptum-Darii
1785 5218 2000 5275 tandem

427 5278 638 5424 decihmo
654 5287 900 5354 partibus
928 5295 1186 5355 omnibus
1213 5278 1695 5361 absolutumvesse.
1735 5325 1758 5357 ι.
1786 5306 1892 5365 Ista
1919 5309 2005 5364 «Ιο-

430 5384 527 5424 seu
569 5388 652 5424 us.

430 5384 652 5439 sepnus.

998 5560 1228 5617 CAPUT
1276 5564 1411 5621 XLI.

419 5664 495 5719 De
534 5665 582 5719 Ν
588 5667 1063 5741 αὸιιείιοάοηοιοτε,
1100 5685 1177 5797 21b
1196 5677 1410 5798 cgndita
1435 5682 1499 5732 ab
1534 5696 1592 5733 ea
1618 5680 1910 5752 Babylone,
1936 5700 2001 5739 ea:

1185 5762 1215 5798 Il
1254 5764 1370 5798 8110.

1181 5762 1370 5815 yaeno.

492 5827 605 5901 Ego
628 5845 778 5897 vero,
821 5832 872 5886 in
903 5849 985 5897 ea,
1018 5849 1181 5905 quam
1218 5838 1508 5909 Abydenus
1545 5841 1617 5896 De
1651 5845 1986 5917 Assyriorum

2116 4638 2312 4710 μανίαν
2335 4679 2351 4704 ,
2388 4640 2696 4712 ἐξέπεμψεν
2734 4643 2797 4695 ἐκ
2836 4641 2938 4712 τῆς
2978 4642 3342 4707 Βαϐυλωνίας.
3374 4645 3694 4712 Ναϐόννιδος

2114 4730 2213 4799 μὲν
2235 4727 2349 4797 οὖν,
2374 4731 2466 4785 τὸν
2488 4731 2672 4786 λοιπὸν
2700 4732 2792 4786 τοῦ
2818 4733 3009 4804 χρόνου
3027 4733 3401 4805 διαγενόμενος
3424 4738 3482 4789 ὲν
3509 4737 3692 4808 ἐκείνῃ

2111 4824 2175 4891 τῇ
2208 4820 2383 4895 χώρᾳ,
2412 4823 2747 4894 κατέστρεψε
2777 4824 2866 4877 τὸν
2902 4824 3033 4894 βίον.
3057 4824 3243 4880 Ταῦτα
3272 4827 3558 4897 σύμφωνον
3578 4828 3692 4900 ἔχει

2108 4916 2229 4977 ταῖς
2258 4915 2557 4987 ἡμετέραις
2588 4914 2789 4985 βίϐλοις
2820 4915 2916 4987 τὴν
2937 4916 3213 4987 ἀλήθειαν.
3248 4918 3562 4990 Γέγραπται
3583 4921 3697 4992 γὰρ.

2108 5004 2166 5056 ὲν
2187 5005 2397 5070 αὐταῖς,
2428 5006 2509 5058 ὅτι
2535 5004 3064 5077 Ναϐουχοδονόσορος
3094 5006 3544 5079 ὀκτωκαιδεκάτῳ
3588 5009 3690 5080 τῆς

2107 5097 2273 5151 αὑτοῦ
2309 5097 2585 5168 βασιλείας
2611 5098 2718 5151 ἔτει
2750 5099 2843 5153 τὸν
2892 5101 3021 5171 παρ’
3047 5103 3179 5171 ἡμῖν
3222 5102 3347 5155 ναὸν
3399 5103 3686 5173 ἠρήμωσε,

2106 5191 2201 5244 καὶ
2227 5186 2294 5262 ἦν
2316 5173 2526 5261 ἀφανής
2559 5190 2650 5244 ἐπὶ
2684 5190 2777 5262 ἔτη
2812 5192 3148 5264 πεντήκοντα
3170 5209 3184 5224 ·
3229 5193 3464 5267 δευτέρῳ
3500 5195 3556 5248 δὲ
3585 5196 3688 5267 τῆς

2105 5283 2289 5354 Κύρου
2327 5282 2603 5353 βασιλείας
2638 5284 2747 5337 ἔτει
2790 5285 2901 5337 τῶν
2943 5284 3205 5356 θεμελίων
3250 5286 3685 5361 ὑποϐληθέντων,

2101 5376 2309 5447 δεκάτῳ
2336 5374 2495 5429 πάλιν
2513 5376 2613 5448 τῆς
2639 5377 2863 5448 Δαρείου
2890 5376 3163 5447 βασιλείας
3184 5379 3458 5452 ἐτελέσθη.
3474 5380 3684 5438 »Ταῦτα

2103 5469 2132 5521 ὁ
2180 5464 2500 5536 Ἰώσηππος.

2599 5557 2995 5613 ΚΕΦΑΛΑΙΟΝ
3050 5560 3187 5615 MA'.

2114 5666 2258 5723 Ἀπὸ
2287 5667 2396 5738 τῆς
2442 5668 3025 5796 Ἀϐυδηναῖςτρὲρῆς
3063 5671 3199 5741 περὶ
3238 5673 3347 5728 τοῦ
3380 5674 3682 5744 Ναϐουχοο

2783 5758 2855 5794 ον
2890 5758 3022 5796 σου.

2783 5758 3022 5808 ονοσορ.

2180 5843 2346 5920 Εὗρον
2410 5850 2467 5907 δὲ
2527 5852 2619 5906 καὶ
2668 5852 2727 5904 ὲν
2771 5854 2836 5923 τῇ
2882 5852 3171 5923 Ἀϐυδηνοῦ
3199 5855 3328 5924 περὶ
3384 5855 3677 5910 ’Δσσυοίων
