4194 6422
392 435 487 491 76!

1551 439 1872 499 ΡΒΛΕΡΔΒ.
1910 440 2144 497 EVANG‘
2204 443 2331 499 LIB.
2378 443 2478 501 IX.

3536 437 3642 495 ’7θί

388 554 570 623 γραφῇ
604 550 736 624 περὶ
780 551 874 606 τοῦ
919 552 1387 627 Ναϐουχοδονοσορ
1407 553 1598 607 ταῦτα·
1630 573 1648 605 t
1677 552 1964 622 Μεγασθέ-⁵

2068 557 2219 611 rebus
2246 559 2499 628 scripsit,
2530 556 2791 618 historia,
2827 555 2897 612 de
2926 551 3465 609 Nabuchodonosore
3523 551 3642 607 lucc

383 660 478 715 νης
510 642 621 716 (92)
647 643 705 697 δέ
725 660 879 715 φησι,
909 643 1413 718 Ναϐουχοδρόσορον
1463 645 1779 719 Ἠρακλέως
1810 645 1965 699 ἀλκι-

385 736 635 810 μώτερον
664 740 946 806 γεγονότα,
974 737 1065 790 ὲπί
1091 754 1152 790 τε
1180 737 1383 808 Διϐύην
1408 738 1502 792 καὶ
1542 737 1782 809 Ἰϐηρίην
1808 753 1965 808 στρα-

383 829 596 885 τεῦσαι.
647 828 865 893 Ταύτας
917 829 973 883 δὲ
1015 831 1453 901 χειρωσάμενον,
1508 829 1822 900 ἀποδασμὸν
1862 828 1961 882 αύ-

383 923 522 976 τέων
548 924 628 986 είς
659 920 727 975 τὰ
758 920 910 986 δεξιά
945 920 1039 974 τοῦ
1073 921 1275 975 Πόντου
1310 921 1636 976 κατοικίσαι.
1674 921 1829 975 Μετά
1881 919 1961 987 δὲ,

383 1011 601 1081 λέγεται
630 1013 768 1085 πρὸς
786 1012 1087 1077 Χαλδαίων,
1115 1012 1213 1076 ὼς,
1242 1011 1447 1075 ἀναϐὰς
1475 1012 1566 1065 ἐπὶ
1591 1011 1657 1064 τά
1689 1010 1960 1082 βασιλήῖα,

386 1104 745 1176 κατασχεθείη
792 1103 928 1176 θεῷ·
973 1104 1061 1157 ὅτε
1111 1102 1221 1175 ᾠδῇ
1275 1102 1423 1175 (95),
1486 1101 1861 1173 φθεγξάμενος
1906 1101 1964 1155 δὲ

385 1192 570 1250 εἶπενο
628 1188 798 1261 Οὗτος
855 1196 967 1265 ἐγὼ
1015 1196 1542 1269 Ναϐουχοδρόσορος,
1602 1189 1648 1249 ὧ
1708 1192 1963 1248 Βαϐυλώ-

382 1305 507 1351 νιοι,
558 1287 658 1360 τὴν
712 1287 1005 1359 μέλλουσαν
1047 1289 1177 1359 ὑμῖν
1239 1287 1595 1359 προαγγέλλω
1653 1288 1962 1361 συμφορὴν,

394 1382 485 1452 τὴν
535 1382 564 1436 ὅ
615 1397 677 1434 τε
728 1380 900 1454 Βῆλος
943 1381 1078 1452 ἐμὸς
1132 1382 1435 1453 πρόγονος,
1501 1382 1536 1452 ἦ
1586 1398 1646 1434 τε
1713 1382 1964 1451 βασίλεια

389 1472 584 1542 Βῆλτις
673 1471 979 1543 ἀποτρέψαι
1062 1471 1274 1540 Μοίρας
1354 1473 1539 1524 πεῖσαι
1622 1470 1961 1525 ἀσθενοῦσιν.

388 1563 545 1629 Ἥξει
586 1563 802 1636 Πέρσης
846 1563 1089 1633 ἡμίονος,
1146 1564 1315 1615 τοῖσιν
1377 1562 1690 1632 ὑμετέροισι
1747 1562 1965 1633 δαίμοσι

388 1653 695 1729 χρεώμενος
728 1656 1114 1725 συμμάχοισιν·
1155 1651 1347 1720 ἐπάξει
1412 1653 1469 1708 δὲ
1515 1652 1859 1725 δουλοσύνην.
1890 1647 1966 1708 OB

384 1746 447 1816 δὴ
474 1745 744 1809 συναίτιος
803 1745 955 1799 ἔσται
1002 1744 1211 1816 Μήδης,
1257 1744 1320 1798 τὸ
1383 1743 1665 1816 Ἀσσύριον
1719 1742 1963 1815 αὔχημα.

393 1832 482 1886 Ὢ·
510 1833 620 1887 εἴθε
659 1851 770 1904 μιν,
796 1833 1032 1904 πρόσθεν
1071 1833 1104 1905 ἢ
1134 1832 1316 1886 δοῦναι
1370 1833 1497 1896 τοὺς
1536 1833 1820 1906 πολιήτας,
1854 1832 1966 1886 Χά-

384 1926 569 2000 ρυϐδιν
613 1943 735 1980 τ.να
784 1925 818 1998 ἦ
877 1926 1150 1981 θάλασσαν
1210 1924 1630 1998 εἰσδεξαμένην,
1703 1924 1964 1979 ἀϊστῶσαι

383 2019 698 2092 πρόρῤιζοψ
726 2021 760 2090 ἧ
793 2037 885 2091 μιν
917 2020 1083 2083 ἄλλας
1128 2019 1283 2084 ὀδοὺς
1337 2019 1649 2091 στραοςέντα
1703 2018 1964 2091 φέρεσθαι

380 2109 471 2164 διὰ
500 2110 601 2179 τῆς
630 2112 726 2182 ὲρή
737 2129 857 2182 μου,
892 2112 981 2166 ἵνα
1011 2110 1136 2165 οὔτε
1168 2113 1356 2175 ἄστεα,
1390 2112 1515 2166 οὗτε
1548 2112 1717 2175 πάτος
1756 2110 1966 2184 ἀνθρὼ-

383 2217 521 2264 πων,
549 2201 714 2273 θῆρες
740 2202 798 2255 δὲ
829 2202 995 2273 νομὸν
1020 2201 1223 2273 ἔχουσι,
1254 2202 1348 2256 καὶ
1395 2201 1607 2275 όρνιθες
1650 2201 1961 2267 πλάζονται,

383 2294 440 2349 Iv
460 2312 519 2349 τε
550 2296 782 2368 πέτρῃσι
813 2297 907 2349 καλ¹
956 2296 1259 2368 χαράδρῃσι
1297 2293 1491 2366 μοῦνον
1533 2294 1831 2366 ἀλώμενον·
1863 2293 1965 2365 ἐμέ

385 2404 440 2444 τε
471 2389 598 2460 πρὶν
622 2390 701 2451 είς
736 2387 856 2441 νόον
881 2386 1139 2458 βαλέσθαι
1186 2386 1379 2449 ταῦτα,
1440 2386 1624 2449 τέλεος
1684 2384 1963 2457 ἀμείνονος

382 2479 638 2552 κυρῆσαι.
701 2479 761 2531 '0
811 2477 909 2549 μὲν
954 2476 1215 2541 θεσπίσας
1257 2477 1596 2549 παραχρῆμα
1622 2477 1904 2547 ὴφάνιστοο
1934 2477 1965 2530 ό

380 2569 438 2625 δέ
462 2572 512 2624 οἱ
533 2572 660 2634 παῖς
693 2569 1195 2641 Εύῖλμαλούρουχος
1223 2568 1524 2623 ἐϐασίλευε.
1562 2568 1666 2622 Τὸν
1694 2569 1738 2621 δ’
1774 2569 1803 2621 ὁ
1858 2584 1964 2639 κη-

378 2660 571 2731 δεστὴς
605 2660 933 2723 ἀποκτείνας
973 2659 1407 2732 Νηριγλισάρης,
1454 2659 1605 2712 λεῖπε
1656 2659 1822 2712 παῖδα
1852 2660 1963 2712 Λα-

381 2751 809 2823 ϐασσοάρασκον.
837 2750 1040 2805 Τούτου
1073 2750 1129 2804 δὲ
1186 2750 1547 2815 ἀποθανόντος
1595 2751 1753 2822 βιαίῳ
1788 2751 1961 2823 μόρῳ,

379 2843 775 2914 Ναϐαννίδοχον
801 2842 1149 2897 ἀποδεικνῦσι
1174 2841 1395 2913 βασιλέα
1430 2841 1562 2912 (94),
1616 2841 1965 2914 προσήκοντά

378 2936 430 2992 οἱ
450 2936 619 2989 οὐδέν.
644 2936 734 3007 Τῷ
754 2935 810 2988 δὲ
840 2935 1041 3008 Κῦρος,
1077 2933 1212 2989 ἐλὼν
1275 2933 1588 2998 Βαϐυλῶνα,
1636 2934 1965 3005 Καρμανίης

382 3028 680 3099 ἡγεμονίην
709 3026 1021 3098 δωρέεται.»
1040 3027 1150 3081 Καὶ
1170 3027 1299 3098 περὶ
1328 3025 1421 3079 τοῦ
1440 3024 1621 3079 κτίσαι
1652 3025 1711 3078 δὲ
1740 3024 1830 3078 τὸν
1860 3025 1966 3078 Να-

378 3118 766 3190 ϐουχοδονόσορ
794 3118 891 3190 τὴν
920 3116 1216 3171 Βαϐυλῶνα
1271 3118 1301 3171 ό
1350 3117 1513 3180 αὐτὸς
1541 3115 1714 3169 ταῦτα
1740 3115 1961 3186 γράφει·

388 3228 407 3262 ι
432 3213 664 3280 Λέγεται
683 3209 795 3280 (95)
814 3210 869 3264 δὲ
900 3210 1076 3263 πάντα
1096 3209 1192 3280 μὲν
1218 3208 1276 3276 ἐξ
1298 3208 1472 3280 ἀρχῆς
1504 3206 1649 3280 ὕδωρ
1679 3203 1840 3273 εἶναι,
1865 3206 1964 3262 θά-

380 3303 590 3359 λασσαν
611 3301 963 3373 καλεομένηνο
1000 3302 1169 3373 Βῆλον
1198 3300 1255 3354 δέ
1289 3316 1425 3368 σφεα
1457 3298 1570 3370 (96)
1597 3297 1823 3362 παῦσαι,
1858 3296 1967 3369 χώ-

385 3411 485 3466 ρην
511 3394 726 3462 ἑκάστῳ
750 3391 1140 3463 ἀπονείμαντα,
1187 3391 1282 3445 καὶ
1340 3387 1636 3444 Βαϐυλῶνα
1663 3387 1834 3459 τείχει
1867 3405 1967 3441 πε-

386 3483 644 3557 ριϐαλεῖνο
697 3481 777 3553 τῷ
804 3482 981 3553 χρόνῳ
1009 3482 1066 3535 δὲ
1120 3480 1198 3552 τῷ
1245 3480 1543 3551 ἱκνευμένῳ
1583 3479 1965 3551 ἀφανισθῆναι.

385 3575 630 3646 Τειχίσαι
678 3574 738 3628 δὲ
790 3569 948 3637 αὖθις
992 3572 1521 3644 Ναϐουχοδονόσορον
1559 3561 1822 3642 τδμέχρι
1865 3570 1968 3641 τῆς

384 3663 730 3721 Μακεδονίων
781 3662 959 3735 ἀρχῆς
982 3663 1263 3733 διαμεῖναν
1322 3662 1410 3716 ὲδν
1428 3660 1821 3733 χαλκόπυλον.»
1856 3662 1969 3715 Καὶ

388 3756 507 3829 μεθ’
527 3756 691 3828 ἕτερα
723 3754 986 3824 ἐπιλέγειο
1017 3773 1036 3806 ι
1076 3755 1605 3826 Ναϐουχοδονόσορος
1645 3753 1703 3806 δὲ
1729 3753 1969 3820 διαδεξά-

390 3866 546 3921 μενος
572 3848 671 3921 τὴν
730 3849 927 3921 ἀρχὴν,
977 3847 1273 3902 Βαϐυλῶνα
1333 3847 1433 3919 μὲν
1491 3846 1726 3917 ἐτείχισε
1757 3846 1968 3919 τριπλῷ

386 3941 657 4014 περιϐόλῳ
691 3944 748 3995 ὲν
800 3939 1188 3994 πεντεκαίδεκα
1241 3939 1497 4011 ἡμέρῃσι,
1538 3939 1630 3992 τόν
1653 3956 1715 3991 τε
1760 3938 1968 4011 Ἀρμα-

388 4035 558 4105 κάλην
614 4033 858 4105 ποταμὸν
906 4032 1192 4103 ἐξήγαγεν,
1244 4031 1402 4084 ἐόντα
1442 4031 1610 4101 κέρας
1647 4030 1966 4101 Εὐφρήτεω,

386 4127 477 4182 τόν
506 4143 565 4181 τε
607 4126 961 4199 ’Δκράκανον.
1030 4124 1205 4196 Ὑπὲρ
1243 4124 1298 4177 δὲ
1325 4124 1427 4194 τῆς
1459 4122 1825 4196 Σιππαρηνῶν
1872 4124 1969 4178 πό-

386 4218 519 4284 λιος,
542 4217 743 4272 λάκκον
796 4215 1130 4289 ὀρυξάμενος
1187 4215 1516 4287 περίμετρον
1547 4216 1645 4285 μὲν
1701 4218 1973 4289 τεσσαρά.

386 4329 551 4366 κοντα
582 4310 1004 4382 παρασαγγέων,
1036 4308 1198 4380 βάθος
1245 4308 1289 4361 δ’
1314 4307 1579 4380 ὀργυιέων
1628 4307 1821 4369 εἴκοσι,
1865 4308 1969 4364 πύ-

384 4402 483 4466 λας
503 4401 791 4473 ἐπέστησε,
810 4400 911 4463 τὰς
927 4399 1233 4470 ἀνοίγοντες
1264 4398 1526 4472 ἄρδεσκον
1558 4398 1620 4452 τὸ
1650 4399 1847 4453 πεδίον·
1876 4417 1970 4454 κα-

384 4493 629 4548 λέουσιδ
656 4493 825 4557 αὑτὰς
873 4490 1365 4563 Ἐχετογνώμονας.
1421 4490 1756 4561 Ἐπετείχισε
1788 4492 1844 4545 δὲ
1873 4492 1968 4546 καὶ

1998 1898 2038 1955 Β

2063 659 2321 718 praeterea
2344 650 2520 720 reperi
2552 667 2568 706 :
2598 668 2617 701 ι
2658 647 3063 720 Megasthenes,
3096 643 3296 714 inquit,
3327 650 3523 698 auctor
3556 654 3639 698 est

2065 740 2618 796 Nabut-hodrosorum
2669 737 2885 794 Herculi
2941 737 3045 807 ipsi
3092 734 3411 790 fortitudine
3470 740 3643 802 atque

2067 833 2265 888 animis
2288 832 2628 903 praestitisse,
2658 839 2826 900 atque
2860 830 2912 885 in
2941 827 3166 899 Libyam
3197 835 3250 883 et
3279 825 3506 880 lberiam
3538 826 3644 880 im-

2065 934 2190 996 petu
2234 924 2400 990 facto,
2427 923 2713 985 utriusque
2732 921 2847 993 jam
2879 920 3100 976 domita:
3133 917 3381 973 colonias
3410 916 3462 970 iu
3510 916 3644 972 dex-

2067 1027 2203 1072 tram
2248 1016 2406 1071 Ponti
2454 1016 2669 1087 plagam
2721 1014 3059 1083 deportasse.
3111 1011 3322 1077 Quibus
3367 1008 3639 1079 peractis,

2066 1106 2304 1163 Chaldmi
2334 1107 2533 1173 ferunt,
2562 1121 2687 1161 eum
2719 1119 3020 1159 conscenso
3039 1103 3244 1175 palatio
3273 1102 3534 1158 divinitus
3556 1116 3644 1156 re-

2066 1208 2226 1270 pente
2251 1197 2512 1261 amatum,
2549 1198 2696 1269 quod
2737 1196 2989 1267 sequitur
3012 1196 3293 1249 oraculum
3336 1192 3594 1248 eﬂ’udisse
3623 1204 3638 1243 ;

2064 1289 2158 1345 llle
2181 1306 2282 1361 ego
2308 1289 2857 1355 Nabuchodrosorus,
2884 1302 2918 1340 ο
2952 1286 3252 1358 Babylonii,
3270 1284 3642 1339 imminentem

2064 1383 2222 1438 vobis
2281 1382 2646 1438 calamitatem
2709 1380 3058 1451 praenuntio,
3112 1392 3277 1447 quam
3326 1373 3514 1429 Parcis
3561 1373 3642 1429 uti

2065 1481 2446 1537 averruncent,
2480 1488 2582 1528 nec
2633 1471 2796 1527 Belus
2842 1471 3057 1541 generis
3084 1468 3257 1524 nostri
3295 1476 3508 1534 auctor,
3545 1481 3645 1523 nec

2065 1563 2252 1629 regina
2276 1561 2442 1618 Beltis
2472 1564 2800 1633 persuadere
2816 1578 3060 1633 unquam
3085 1568 3361 1631 poterunt.
3386 1558 3653 1615 Persicus

2066 1650 2229 1722 5,57
2252 1651 2428 1706 veniet
2460 1654 2662 1719 mulus,
2693 1652 2787 1722 qui
2820 1652 3130 1705 daemonum
3173 1658 3482 1704 vestrorum
3511 1663 3653 1704 usus

2067 1744 2295 1807 auxilio,
2352 1743 2550 1797 durum
2607 1744 2916 1800 cervicibus
2941 1742 3346 1813 vestrisjugum
3381 1743 3642 1811 imponet.

2068 1833 2243 1903 Atque
2275 1834 2437 1904 hujus
2463 1835 2634 1890 cladis
2666 1844 2857 1891 auctor
2876 1836 3041 1890 etiam
3067 1833 3488 1905 Medusquidam
3519 1832 3653 1899 erit,

2071 1940 2181 1993 quo
2204 1937 2328 1981 ante
2350 1926 2558 1994 Assyrii
2586 1942 2911 1997 magnopere
2942 1927 3333 1998 gloriabantur.
3360 1925 3405 1980 Ο
3436 1926 3654 1979 utinam

2070 2019 2206 2088 ipse,
2239 2019 2557 2090 priusquam
2590 2020 2736 2075 cives
2760 2022 2833 2074 ita
2860 2036 3011 2076 meos
3070 2020 3354 2090 proderet.
3385 2027 3482 2073 aut
3502 2017 3649 2072 Cha-

2071 2111 2226 2183 rybdi
2280 2113 2541 2182 quadam,
2580 2122 2675 2166 aut
2705 2111 2974 2182 profundo
3002 2112 3194 2182 pelago
3224 2113 3452 2165 haustus
3484 2118 3655 2179 atque

2071 2206 2360 2273 absorptus
2388 2213 2608 2274 periret,
2633 2214 2725 2259 aut
2750 2205 2886 2260 alias
2910 2205 3192 2274 abreptus,
3226 2203 3403 2257 invias
3428 2217 3528 2272 per
3552 2217 3651 2258 so-

2071 2297 2329 2352 litudines
2354 2312 2477 2352 erro
2505 2309 2796 2365 vagaretur
2821 2337 2837 2362 ,
2870 2297 2962 2351 ubi
3007 2297 3212 2352 nullius
3268 2310 3445 2365 neque
3494 2292 3653 2351 urbis

2069 2404 2247 2458 neque
2282 2387 2520 2442 hominis
2552 2388 2845 2457 vestigium
2873 2398 3175 2456 appareat,
3210 2385 3301 2440 sed
3335 2384 3464 2440 fera:
3517 2383 3659 2439 dun-

2068 2490 2221 2537 taxat
2268 2480 2437 2534 libere
2461 2489 2757 2550 pascantur
2801 2478 3163 2547 volucresque
3221 2477 3653 2543 circumvolent,

2069 2574 2316 2644 adeoque
2348 2572 2497 2628 solus
2546 2573 2755 2627 medios
2808 2572 2949 2627 inter
2990 2572 3244 2642 scopulos
3270 2588 3335 2626 ac
3365 2571 3656 2641 voragines
3740 2620 3745 2625 .

2066 2668 2390 2739 jactaretur.
2446 2665 2575 2720 Mihi
2621 2682 2843 2737 quoque
2874 2705 2889 2729 ,
2942 2667 3262 2735 priusquam
3301 2666 3418 2720 haec
3447 2665 3496 2720 ei
3537 2675 3649 2720 tam

2070 2759 2277 2815 nefaria
2313 2774 2465 2813 mens
2512 2758 2708 2829 injecta
2740 2760 2831 2819 sit,
2866 2755 3166 2812 feliciorem
3207 2756 3413 2811 exitum
3465 2757 3654 2814 sortiri

2068 2853 2246 2906 liceat.
2280 2848 2405 2905 Haec
2432 2847 2647 2915 eﬂ‘atus,
2684 2848 2966 2901 hominum
2999 2862 3065 2902 ex
3092 2847 3267 2901 oculis
3292 2834 3659 2914 repente'sub-

2076 2949 2218 3003 latus
2273 2943 2515 2997 evanuit.
2548 2941 2726 3011 Atque
2745 2937 3462 2998 Evilmaluruchumtilium,
3494 2936 3649 3002 regni

2068 3035 2288 3107 quidem
2323 3034 2511 3090 habuit
2540 3047 2950 3090 successorem:
2984 3029 3077 3086 sed
3109 3044 3173 3083 eo
3215 3028 3558 3097 postmodum
3610 3041 3648 3082 α

2070 3144 2129 3185 se
2155 3128 2498 3196 interempto,
2528 3123 2889 3195 Ncriglisares
2911 3121 3121 3178 sororis
3152 3120 3274 3189 ejus
3307 3119 3424 3184 vir,
3476 3118 3651 3174 ﬁlium

2070 3217 2289 3288 reliquit
2319 3215 2844 3271 Labassoarascum.
2881 3211 3001 3281 Quo
3043 3212 3209 3267 etiam
3246 3209 3482 3264 violenta
3518 3221 3653 3263 nece

2069 3311 2306 3373 sublato,
2358 3305 2850 3363 Nabaunidoclium
2909 3302 3059 3359 nulla
3120 3317 3242 3357 cum
3292 3314 3359 3355 eo
3391 3299 3651 3355 aﬂinitate

2068 3401 2447 3472 conjunctum,
2488 3413 2670 3470 regem
2697 3405 2907 3460 creant,
2944 3395 3033 3451 cui
3064 3394 3240 3466 Cyrus
3270 3399 3454 3462 postea
3483 3390 3654 3463 Baby-

2068 3492 2195 3547 lone
2222 3492 2448 3561 potitus,
2492 3487 2798 3545 Carmania:
2849 3484 3212 3557 principatum
3256 3482 3399 3535 ultro
3425 3492 3650 3533 conces-

2070 3584 2161 3641 sit.
2191 3602 2211 3637 ι
2234 3581 2376 3637 ldem
2403 3596 2564 3652 porro
2586 3579 2863 3634 conditam
2884 3592 2913 3629 a
2929 3573 3460 3629 habuchodonosore
3485 3569 3651 3639 Baby-

2070 3675 2249 3730 lonem
2285 3671 2457 3727 fuisse
2488 3671 2562 3726 ita
2585 3677 2771 3725 narrat
2801 3685 2850 3721 ε(
2881 3666 3108 3732 Ferunt,
3145 3665 3349 3735 inquit,
3378 3663 3501 3718 loca
3532 3664 3650 3719 haec

2071 3766 2255 3820 omnia
2274 3763 2389 3835 jam
2416 3762 2540 3817 inde
2587 3761 2657 3816 ab
2686 3761 2841 3816 initio
2899 3758 3059 3830 aquis
3093 3757 3289 3812 obruta
3335 3754 3504 3810 fuisse
3534 3771 3655 3810 ma-

2069 3857 2256 3926 risque
2305 3854 2528 3910 nomine
2580 3852 2891 3923 appellata:
2939 3864 3131 3904 verum
3166 3853 3185 3873 ⁹
3217 3862 3372 3903 suam
3421 3846 3657 3916 singulis

2071 3947 2348 4017 regionem
2383 3944 2574 4000 Belum
2601 3943 2913 4014 assignasse
2932 3982 2949 4008 ,
2976 3938 3419 4011 Babylonemque
3454 3937 3652 3992 maeni-

2069 4040 2174 4095 bus
2202 4038 2441 4095 cinxisse
2470 4079 2487 4105 ,
2534 4051 2600 4092 ac
2627 4036 2885 4103 deinceps
2946 4031 3260 4087 mortalium
3310 4029 3487 4086 oculis
3533 4044 3659 4083 ere~

2069 4144 2222 4206 ptum
2249 4145 2373 4186 esse
2401 4147 2414 4183 :
2447 4136 2637 4199 postea
2668 4141 2800 4181 vero
2826 4132 3039 4195 septum
3070 4121 3224 4187 illud,
3253 4119 3429 4175 valvis
3448 4119 3650 4173 distin-

2070 4232 2218 4279 ctum
2253 4222 2428 4287 aereis,
2462 4236 2491 4275 a
2518 4215 3067 4274 Nabuchodonosoro
3088 4221 3432 4269 exstructum
3455 4210 3657 4278 fuisse,

2069 4312 2217 4383 quod
2247 4312 2313 4367 ad
2346 4309 2704 4364 Macedonum
2734 4304 3026 4376 imperium
3055 4318 3231 4373 usque
3258 4301 3490 4358 steterit.
3530 4302 3647 4358 iAc

2070 4419 2264 4460 rursus
2292 4401 2570 4457 nonnullis
2595 4398 2894 4469 interjectis
2920 4437 2936 4463 ,
2974 4416 2992 4450 ι
3030 4394 3603 4453 Nabuchodonosorus
3628 4434 3659 4463 α

2071 4493 2269 4564 inquit,
2300 4507 2469 4563 regno
2513 4489 2738 4561 potitus,
2779 4486 3113 4558 Babylonem
3164 4485 3304 4541 intra
3337 4485 3659 4557 quindecim

383 4586 487 4656 τῆς
527 4586 792 4657 Ἐρυθρῆς
819 4584 1094 4654 θαλάσσης
1120 4585 1217 4653 τὴν
1245 4583 1546 4649 ἐπίκλυσιν,
1578 4585 1672 4639 καὶ
1693 4585 1964 4656 Τερηδόνα

2070 4587 2283 4642 dierum
2315 4585 2553 4656 spatium
2583 4582 2784 4655 triplici
2820 4595 2982 4637 muro
3027 4579 3223 4646 cinxit,
3263 4589 3427 4651 atque
3447 4581 3652 4636 Arma‘

386 4676 541 4730 πόλιν
568 4675 780 4729 ἔκτισεν
805 4674 945 4728 κατά
976 4674 1076 4737 τὰς
1120 4673 1365 4745 Ἀράϐων
1400 4673 1666 4737 εἰσϐολάςο
1696 4674 1766 4728 τά
1787 4691 1847 4728 τε
1871 4673 1966 4744 βα-

387 4768 572 4840 σιλήῖα
626 4767 862 4840 δένδροις
905 4767 1147 4837 ἥσκησε,
1203 4766 1546 4841 κρεμαστοὺς
1602 4767 1965 4838 παραδείσους

385 4861 677 4930 ὀνομάσας.
710 4878 728 4912 i
764 4861 874 4912 Καὶ
906 4857 1076 4911 ταῦτα
1122 4857 1179 4910 δέ
1213 4875 1301 4927 μοι
1348 4857 1455 4911 ἀπὸ
1505 4858 1606 4928 τῆς
1633 4857 1964 4930 δηλωθείσης

386 4949 590 5007 κείσθω
615 4949 853 5021 γραφῆς,
892 4949 978 5001 διὰ
1006 4948 1066 5000 τὸ
1101 4947 1359 5020 φέρεσθαι
1424 4949 1481 5001 ὲν
1508 4950 1575 5020 τῇ
1618 4948 1714 5001 τοῦ
1770 4949 1965 5019 Δανιὴλ

386 5040 718 5113 προφητεία,
746 5040 820 5104 ὼς
848 5040 954 5111 ἄρα
986 5039 1453 5110 Ναϐουχοδονόσορ
1483 5042 1540 5092 ὲν
1578 5039 1658 5111 τῷ
1705 5040 1818 5112 ναῷ
1865 5040 1965 5112 τῆς

386 5131 659 5203 βασιλείας
680 5130 865 5193 αὑτοῦ,
898 5130 977 5201 τῷ
1004 5133 1059 5183 ὲν
1087 5131 1399 5196 Βαϐυλῶνι,
1449 5131 1786 5204 περιπατῶν,
1821 5132 1965 5204 μέγα

385 5226 681 5296 φρονήσας,
708 5223 1112 5295 ἀπηυθαδίσατο
1130 5222 1318 5277 εἰπών·
1350 5241 1370 5277 t
1409 5223 1520 5295 Ούχ
1548 5221 1683 5295 αὕτη
1710 5225 1826 5278 ἐστὶ
1854 5224 1962 5279 Βα-

403 5408 411 5416 ·
458 5379 571 5451 (92)
610 5381 1021 5451 Μεγασθένης.
1064 5378 1451 5451 Fragmentum
1497 5378 1796 5451 Berosiano
1825 5395 1963 5436 con-

380 5448 815 5522 iunctissimum.
850 5449 1039 5505 Exstat
1081 5448 1226 5522 apud
1252 5448 1477 5521 Ioseph.
1505 5450 1694 5506 eodem
1730 5453 1824 5507 lib.
1858 5468 1873 5505 ι
1905 5453 1965 5507 in

386 5521 583 5591 Apion.
612 5522 734 5587 ejus
759 5522 941 5591 aliqua
974 5521 1198 5591 mentio.

458 5592 571 5673 (95)
591 5591 750 5673 $0338
772 5588 920 5673 ᾠδῇ.
971 5589 1350 5673 (ΣποιῄίεῐιξιηιιῐιΔ
1588 5588 1962 5673 φθεγξάμενος

386 5655 562 5714 εἶδεν.⁷
590 5659 733 5716 Malo
780 5655 963 5716 tamen
1000 5655 1136 5730 ὅτεῳ
1162 5659 1263 5731 δή,
1298 5655 1584 5732 ut'legitur
1602 5655 1754 5731 apud
1788 5655 1961 5716 Scali-

422 5745 516 5784 εἴη
523 5747 573 5784 Ill
582 5772 594 5785 .

384 5748 594 5872 δεῖἒῖιῗῖ
622 5798 1028 5872 ᾏποδεικνῦᾳι
1065 5798 1351 5872 βασιέέα.
1393 5798 1704 5872 Legendum
1739 5800 1958 5854 ἀποδει-

387 5867 607 5926 κνύουσι
637 5869 812 5941 βασιλ.
838 5884 945 5926 non
969 5867 1339 5938 ἀποδεικνῦσι,
1354 5879 1412 5926 ut
1436 5867 1495 5926 in
1507 5871 1671 5942 priori
1700 5872 1954 5928 editione.

2072 4680 2224 4735 calcn
2259 4678 2710 4747 Acracanumque
2765 4675 2984 4739 ﬂuvios,
3032 4675 3100 4729 ab
3149 4671 3426 4744 Euphrate
3475 4682 3658 4741 ortos,

2071 4773 2178 4828 alio
2211 4771 2495 4827 derivavit.
2523 4768 2662 4823 Tum
2688 4767 3119 4839 Sipparenorum
3148 4767 3302 4822 urbis
3334 4766 3387 4820 in
3419 4765 3659 4836 gratiam

2070 4863 2323 4933 paludem
2354 4860 2525 4927 fodit,
2558 4860 2720 4931 cujus
2755 4859 2999 4914 ambitus
3029 4873 3361 4928 parasangas
3413 4857 3651 4927 quadra-

2071 4957 2242 5026 ginta,
2267 4954 2498 5009 altitudo
2528 4967 2658 5007 vero
2700 4952 2855 5007 ulnas
2883 4950 3080 5023 viginti
3113 4950 3403 5004 obtineret.
3460 4947 3657 5008 Eidem

2071 5048 2309 5103 claustra
2345 5046 2626 5116 imposuit,
2666 5042 3177 5115 Echetognomonas
3207 5050 3423 5106 vocant,
3448 5039 3655 5106 quibus

2071 5137 2365 5207 patefactis
2385 5151 2576 5207 agrum
2608 5136 2682 5189 illi
2704 5150 2868 5191 suum
2896 5135 3202 5205 irrigarent.
3230 5131 3393 5186 Maris
3432 5145 3651 5201 quoque

2072 5228 2241 5283 Rubri
2271 5228 2577 5284 eluvionem
2613 5228 2847 5300 objectis
2876 5227 3135 5297 repressit
3166 5225 3436 5290 obicibus,
3462 5239 3527 5279 ac
3545 5222 3651 5279 Te-

2069 5383 2181 5440 Nec
2204 5384 2349 5439 enim
2373 5383 2860 5438 Nahannidocbum
2897 5384 3060 5437 istum
3084 5380 3286 5435 creavit
3312 5377 3643 5449 Neriglissa-

2067 5471 2182 5515 ras,
2213 5456 2304 5524 Qui
2331 5463 2608 5524 superstes
2634 5468 2742 5524 non
2771 5464 2889 5507 erat
2919 5454 3065 5524 {sed
3096 5450 3396 5524 Babylonii.

2140 5519 2252 5596 (95)
2292 5519 2547 5596 Λέγεται
2577 5521 2666 5576 δέ.
2710 5522 3003 5596 δεαυεηιίο
3033 5519 3438 5596 unius’Euscbii
3456 5557 3472 5585 ,
3501 5521 3648 5591 quod

2067 5591 2274 5659 sciam,
2304 5591 2600 5662 diligentia;
2624 5591 3005 5662 acceptajerri
3039 5591 3254 5662 debent.

2139 5664 2249 5727 (96)
2289 5659 2494 5729 Βῆλον
2522 5661 2589 5715 δέ
2618 5659 2799 5731 σφεα.
2844 5660 3005 5717 Forte
3048 5659 3219 5731 Βῆλον
3255 5659 3326 5731 δέ
3350 5675 3529 5731 σφεας
3552 5675 3647 5713 του

2067 5732 2457 5803 κατακλυσμοῦ
2502 5734 2637 5802 (aut
2667 5729 2916 5790 alterius
2963 5729 3173 5803 simil.)
3219 5729 3463 5796 παῦσαι,
3511 5730 3646 5784 hanc

2065 5807 2113 5858 el
2121 5827 2146 5858 ις
2159 5806 2354 5858 rioucnt
2389 5803 2713 5872 repressisse.
