4194 6410
553 471 660 527 783
1158 469 1430 527 EL'SEBII
1474 469 1957 529 CA‘ZSARIENSIS
1992 472 2140 529 ΟΡΡ.
2183 474 2361 528 PARS
2405 473 2466 528 ll'.
2513 505 2582 515 —
2631 472 3150 538 APOLOGETICA._
3283 473 3294 480 ’
3705 475 3808 532 761

553 594 816 648 redonem
869 590 1058 644 urbem
1112 590 1372 646 adversus
1401 592 1641 646 Arabum
1685 594 2016 665 irruptiones
2045 612 2138 649 ex-

2248 594 2418 648 ϐυλὼν
2452 597 2484 666 ἡ
2532 596 2762 668 μεγάλη,
2792 597 2858 668 ἣν
2890 597 3000 666 ἐγὼ
3036 597 3360 670 ᾠκοδόμησα
3388 598 3468 661 είς
3493 590 3640 650 οἷκον
3665 557 3846 670 βασι-ί

553 682 764 745 citavit,
788 681 1160 753 palatiumque
1184 697 1344 736 suum
1372 682 1662 739 arboribus
1707 686 1938 740 consitis
1968 695 2127 756 (pen-

2248 687 2388 750 λείας
2412 690 2469 741 ὲν
2501 688 2578 758 τῷ
2598 666 2788 759 κράτει
2811 666 2907 760 τῆς
2938 666 3118 760 ἰσχύνος
3156 666 3283 760 μέν
3312 693 3391 754 εἷς
3423 689 3584 760 τιμὴν
3610 688 3710 758 τῆς

555 774 685 830 siles
745 773 932 828 hortos
971 773 1244 844 vocabat),
1277 775 1586 829 exornavit.
1627 795 1646 827 ι
1703 779 1881 848 Atque
1924 777 2038 832 hac
2065 794 2133 832 ex

555 865 816 936 Abydeno
842 865 1046 921 referre
1067 867 1411 937 potissimum
1440 883 1506 923 eo
1531 869 1722 935 libuit,
1757 868 1903 939 quod
1928 869 1980 922 in
2016 869 2134 938 ipsa

556 955 799 1011 Danielis
839 957 1144 1026 prophetia,
1184 957 1711 1023 Nabuchodonosor,
1744 975 1868 1014 cum
1897 959 1951 1012 in
1986 959 2137 1029 regni

2248 777 2343 849 ξης
2382 795 2514 848 μους
2544 781 2632 833 ὅτε
2665 780 2815 844 ὃντος
2847 781 2926 834 ἔτι
2957 781 3050 834 τοῦ
3085 781 3241 849 λόγου
3285 783 3376 834 ἐπὶ
3414 781 3681 851 πόματος
3714 781 3813 840 αὐ-

2244 870 2359 933 τοῦ,
2375 891 2392 922 ι
2412 873 2479 926 τά
2494 873 2591 940 τῆς
2619 873 2976 944 μετελθούσης
2998 875 3378 944 καταστροφῆς
3400 875 3545 944 αὐτῷ
3565 876 3776 942 γέγονε.
3792 875 3835 944 »ξ

2241 959 2428 1014 Ταῦτα
2477 961 2574 1032 μὲν
2601 957 2694 1014 οὖν
2720 964 2848 1036 ἡμῖν
2873 962 3162 1034 αὐτάρκως
3189 962 3316 1032 περί
3347 960 3532 1012 τῶνδε.
3817 938 3840 998 ί

555 1049 642 1104 sui
675 1051 876 1120 templo
925 1051 1197 1123 Babylone
1251 1051 1472 1106 condito
1525 1052 1908 1118 inambularet,
1944 1052 2045 1107 has
2076 1052 2131 1105 in
2169 1066 2331 1106 voces
2381 1054 2702 1110 temeritatis
2725 1063 2779 1108 et
2825 1055 3150 1124 arrogantiae
3203 1055 3389 1124 plenas
3455 1053 3702 1124 erupisse
3738 1051 3817 1106 le-

557 1153 716 1212 gatur
740 1144 808 1207 ὀ,
846 1162 864 1195 ι
891 1142 1080 1198 Nonne
1110 1147 1223 1200 hazc
1253 1155 1335 1200 est
1366 1145 1605 1218 Babylon
1641 1162 1860 1214 magna,
1898 1161 2064 1216 quam
2093 1160 2194 1212 ego
2231 1147 2492 1202 adiﬁcavi
2527 1149 2580 1202 in
2615 1149 2836 1206 domum
2867 1149 3038 1218 regni,
3076 1149 3128 1202 in
3171 1147 3337 1220 5,58
3380 1149 3572 1203 robore
3603 1148 3820 1201 fortitu-

555 1233 700 1288 dinis
727 1249 860 1288 meae
902 1245 955 1288 et
987 1236 1038 1288 in
1061 1236 1228 1303 gloria
1261 1237 1474 1292 decoris
1505 1237 1633 1292 mei.
1665 1236 1914 1307 Cumque
1961 1251 2141 1294 sermo
2180 1238 2358 1293 adhuc
2399 1241 2622 1296 essetin
2657 1256 2752 1296 ore
2791 1241 2931 1310 ejus,
2960 1259 2978 1292 ι
3038 1241 3266 1294 ultorem
3312 1240 3468 1297 illum
3519 1254 3551 1294 e
3593 1239 3821 1308 vestigio

557 1329 696 1382 tanti
733 1328 910 1386 fastus
935 1330 1142 1384 exitum
1182 1331 1368 1385 subiit.
1395 1351 1412 1382 ι

1119 1422 1352 1477 CAPUT
1409 1422 1569 1476 XLII.

564 1531 636 1593 De
664 1533 729 1588 iis
769 1534 860 1605 qui
892 1533 1138 1605 Iudaica!
1172 1535 1340 1603 gentis
1371 1536 1739 1598 meminerunt,
1772 1549 1836 1587 ex
1865 1535 2001 1588 libro
2034 1531 2133 1588 lo.-

864 1605 1028 1672 seplti,
1057 1604 1130 1658 De
1159 1606 1474 1674 antiquitate
1500 1605 1835 1658 Judworum.

627 1781 754 1839 Haec
787 1783 952 1854 igitur
977 1792 1262 1838 auctorum
1299 1783 1517 1837 illorum
1553 1783 1864 1838 testimonia
1894 1792 2136 1837 nostram

559 1876 612 1929 in
644 1891 758 1930 rem
796 1875 1092 1944 protulisse
1126 1874 1378 1930 suﬂiciat.
1428 1876 1818 1945 Superioribus
1859 1875 2137 1940 omnibus,

557 1966 778 2036 Iosephi
805 1974 1015 2020 tantum
1038 1981 1102 2020 ex
1123 1966 1153 2018 .1
1169 1968 1480 2020 udaicarum
1501 1967 1892 2035 Antiquitatum
1919 1967 2138 2021 historia

557 2057 724 2112 verba
747 2057 1170 2127 subjungamus,
1199 2058 1292 2112 ubi
1335 2059 1570 2114 laudatis
1604 2060 1942 2114 inﬁnitorum
1974 2075 2143 2128 prope

559 2148 890 2218 scriptorum
920 2149 1077 2214 locis,
1113 2148 1280 2219 idque
1316 2151 1540 2205 totidem
1569 2153 1788 2221 syllabis
1812 2194 1826 2217 ,
1859 2153 1925 2206 ad
1957 2161 2141 2206 extre-

558 2255 710 2293 mum
741 2239 813 2294 ita
841 2241 1187 2295 concluditu
1227 2240 1521 2295 Enimvero
1577 2245 1712 2301 satis
1756 2243 2141 2312 erunt,inquit,

558 2332 626 2385 ad
671 2331 828 2386 iidem
859 2331 1024 2401 hujus
1051 2334 1394 2402 antiquitatis
1434 2333 1740 2389 faciendam
1771 2376 1785 2401 ,
1838 2334 2098 2406 Syrorum
2126 2377 2142 2401 ,

556 2421 938 2477 Chaldaeorum
993 2440 1058 2479 ac
1121 2424 1438 2480 Phoenicum
1467 2426 1751 2481 historia}:
1815 2428 2014 2497 quibus
2065 2435 2145 2481 tot

556 2516 722 2569 etiam
747 2515 1062 2570 Greecorum
1090 2519 1475 2571 auctoritatem
1515 2519 1872 2582 attcxuimus,
1895 2533 2020 2571 cum
2047 2518 2143 2571 ad-

556 2607 686 2662 dere
735 2617 994 2678 praterea
1039 2609 1285 2663 licuisset
1331 2609 1719 2680 Theophilum,
1771 2609 2124 2666 Theodorum

558 2698 858 2764 Mnaseam,
883 2699 1330 2770 Aristophanem,
1349 2699 1768 2771 Hermogenem,
1793 2701 2144 2764 Evemerum,

556 2793 880 2858 Comonem,
929 2807 993 2847 ac
1035 2790 1420 2862 Zopyrionem,
1472 2791 1723 2860 aliosque
1785 2791 1928 2846 forte
1979 2807 2144 2861 quam

555 2885 824 2956 plurimos
857 2902 872 2950 ;
898 2900 996 2939 nec
1026 2885 1171 2938 enim
1207 2899 1401 2939 omnes
1425 2885 1601 2939 evolvi
1633 2885 1828 2951 libros,
1850 2887 2144 2955 quirerum

557 2986 872 3030 nostrarum
907 2990 974 3030 ex
1005 2974 1255 3045 professo
1307 2976 1698 3031 meminerunt.
1727 2976 1791 3032 Et
1829 2993 2144 3047 quanquam

2752 1418 3141 1475 ΚΕΦΑΛΑΙΟΝ
3195 1419 3327 1472 ΜΒ’.

2259 1527 2577 1592 Ἰωσήπου,
2627 1527 2756 1594 περὶ
2806 1527 2922 1580 τῶν
2951 1529 3503 1598 μνημονευσάντων
3537 1528 3644 1583 τοῦ
3682 1531 3821 1584 Ἰου-

2319 1598 2504 1671 δαίων
2534 1598 2770 1664 ἔθνους,
2800 1598 2918 1652 ἀπὸ
2969 1600 3075 1652 τοῦ
3115 1598 3166 1652 α’
3203 1599 3304 1667 τῆς
3378 1600 3681 1655 Ἰουδαίων
3710 1601 3828 1671 Ἀρ-

2316 1670 2646 1735 χαιότητος,

2316 1781 2630 1851 Προκείσθω
2659 1781 2713 1834 δὲ
2743 1782 2834 1834 ἐπὶ
2859 1783 2991 1834 πᾶσι
3019 1783 3111 1834 καὶ
3138 1783 3206 1836 τά
3251 1781 3358 1835 ἀπὸ
3384 1782 3482 1852 τῆς
3525 1780 3831 1836 Ἰουδαίων

2255 1875 2678 1942 Ἀρχαιςττητος
2717 1875 3001 1945 Ἰωσήπου,
3044 1873 3172 1928 ἔνθα
3207 1873 3414 1945 μυρίων
3468 1873 3831 1945 συγγραφέων

2245 1965 2522 2028 αύτολεξεὶ
2551 1965 2816 2037 παραθεὶς
2868 1965 3069 2035 φωνὰς,
3121 1963 3294 2018 ταῦτα
3351 1965 3610 2033 ἐπιλέγει·
3648 1984 3665 2016 ‹
3708 1966 3830 2036 Ἀρ-

2247 2058 2403 2115 κοῦσι
2436 2058 2479 2111 δ’
2513 2060 2664 2129 ὅμως
2696 2059 2775 2121 είς
2800 2059 2898 2129 τὴν
2929 2057 3204 2122 ἀπόδειξιν
3239 2059 3334 2129 τῆς
3368 2059 3744 2129 ἀρχαιότητος,
3773 2058 3834 2111 αἴ

2245 2169 2304 2204 τε
2331 2151 2516 2222 Σύρων
2547 2152 2642 2204 καὶ
2694 2150 2996 2214 Χαλδαίων,
3056 2152 3151 2204 καὶ
3194 2150 3452 2204 Φοινίκων
3493 2150 3827 2218 ἀναγραφαίο

2247 2243 2382 2314 πρὸς
2411 2243 2651 2306 ἐκείναις
2700 2260 2761 2295 τε
2821 2242 3065 2296 τοσοῦτοι
3121 2241 3229 2295 τῶν
3273 2241 3540 2313 Ἑλλήνων
3589 2258 3832 2313 συγγραξ

2247 2339 2385 2404 φεῖς·
2420 2337 2500 2389 ἔτι
2531 2337 2587 2389 δὲ
2624 2336 2760 2408 πρὸς
2789 2338 2902 2400 τοῖς
2932 2335 3242 2407 εἰρημένοις
3269 2335 3546 2406 Θεόφιλος,
3576 2335 3672 2388 καὶ
3699 2333 3829 2388 Θεό-

2246 2429 2417 2492 δοτος,
2451 2429 2546 2482 καὶ
2568 2427 2844 2490 Μνασέας,
2889 2427 2983 2480 καὶ
3043 2427 3455 2498 Ἀριστοφάνης,
3491 2428 3584 2480 καὶ
3632 2427 3830 2497 Ἑρμο-

2248 2520 2433 2588 γένης,
2461 2519 2743 2590 Εύήμερός
2773 2536 2831 2571 τε
2880 2519 2973 2572 καὶ
3002 2518 3234 2588 Κόμων,
3259 2523 3352 2576 καί
3379 2519 3700 2589 Ζωπυρίων,
3736 2519 3832 2571 καὶ

2247 2613 2432 2668 πολλοί
2462 2629 2604 2676 τινες
2629 2613 2768 2681 τάχα
2794 2610 2960 2666 ἄλλοιο
2993 2612 3053 2664 ού
3085 2612 3190 2682 γὰρ
3220 2609 3393 2679 ἔγωγε
3435 2615 3598 2666 πᾶσιν
3623 2611 3833 2670 ὲντετύέ

2247 2725 2390 2778 χηκα
2416 2710 2527 2769 τοῖς
2558 2704 2803 2776 βιϐλίοις,
2833 2705 2893 2757 οὐ
2921 2704 3213 2776 παρέργως
3259 2705 3414 2776 ήμῶν
3450 2722 3834 2776 μεμνημονευ-

2248 2801 2418 2854 κόσιν.
2445 2799 2508 2850 Οἱ
2536 2797 2720 2851 πολλοὶ⁴
2764 2797 2821 2850 δὲ
2848 2797 2955 2849 τῶν
2982 2796 3284 2867 εἰρημένων
3326 2796 3537 2864 ἀνδρῶν
3581 2796 3680 2866 τῆς
3734 2798 3835 2868 μὲν

2248 2889 2503 2959 ἀληθείας
2547 2887 2655 2942 τῶν
2698 2887 2756 2953 ἐξ
2789 2887 2962 2958 ἀρχῆς
3015 2887 3356 2957 πραγμάτων
3404 2887 3720 2957 διήμαρτον,
3750 2887 3836 2942 ὅτι

2252 2982 2326 3054 μὴ
2354 2984 2474 3044 ταῖς
2506 2982 2676 3052 ἱεραῖς
2708 2979 2864 3051 ἡμῶν
2897 2979 3099 3049 βίϐλοις
3129 2980 3396 3050 ἐνέτυχον·
3429 2979 3623 3042 κοινῶς
3651 2979 3836 3049 μέντοι

557 3085 747 3123 eorum
777 3069 964 3132 etiam,
1001 3085 1142 3138 quos
1163 3069 1491 3122 nominatim
1531 3069 1846 3133 citavimus,
1875 3071 2140 3140 plerique,

2250 3076 2376 3146 περὶ
2429 3075 2528 3144 τῆς
2587 3073 2942 3144 ἀρχαιότητος
3003 3073 3242 3137 ἅπαντες
3321 3073 3834 3144 μεμαρτυρήκασιν,

557 3160 702 3231 quod
727 3160 934 3215 litteras
964 3169 1183 3215 nostras
1210 3159 1436 3215 minime
1464 3162 1809 3232 attigerint,a
1834 3163 2141 3232 rerumjam

557 3251 684 3306 inde
714 3251 783 3304 ab
805 3250 963 3304 initio
993 3260 1271 3320 gestarum
1308 3250 1538 3306 veritate
1567 3253 1898 3308 aberrarunt
1931 3273 1946 3318 ;
1987 3271 2144 3309 com-

560 3347 713 3401 muni
765 3357 947 3404 tamen
1018 3362 1291 3403 consensu
1357 3359 1551 3400 omnes
1604 3345 1782 3400 eidem
1831 3346 2146 3416 antiquitati

563 3439 845 3509 suil‘ragati
879 3448 1027 3500 sunt,
1073 3437 1223 3507 quod
1248 3451 1417 3490 unum
1443 3434 1549 3488 hoc
1587 3434 1708 3490 loco
1737 3436 1871 3490 mihi
1904 3437 2150 3506 proposi-

565 3540 680 3586 tum
713 3531 908 3585 fuerat.
937 3529 1014 3582 Ex
1044 3530 1246 3599 quibus
1298 3542 1432 3582 sane
1466 3525 1777 3582 Demetrius
1823 3525 2144 3595 Phalereus,

562 3622 718 3676 Philo
751 3620 1053 3690 antiquior,
1088 3629 1142 3676 et
1167 3620 1520 3691 Eupolemus,
1556 3634 1584 3672 a
1619 3632 1750 3672 vero
1787 3615 2008 3689 prOpius
2050 3618 2148 3672 ab-

565 3719 809 3780 fuerunt,
861 3713 1064 3784 quibus
1115 3713 1278 3768 etiam
1318 3714 1363 3767 si
1406 3713 1537 3782 quid
1567 3709 2140 3782 peccarunt,veniam

566 3811 671 3863 hoc
699 3806 920 3861 nomine
945 3806 1078 3860 dare
1103 3821 1320 3876 aequum
1355 3805 1545 3874 utique
1575 3803 1666 3869 sit,
1692 3802 1838 3871 quod
1882 3801 2145 3855 librorum

564 3907 881 3955 nostrorum
911 3913 1134 3953 sensum
1165 3897 1349 3951 minus
1393 3905 1649 3950 accurate
1691 3909 1886 3963 capere
1916 3901 1971 3948 ει
1998 3907 2153 3946 asse-

565 3994 660 4065 qui
687 3990 985 4063 potuerint.
1021 4009 1039 4041 ι
1073 3989 1352 4045 Hactenus
1387 3987 1676 4057 Iosephus.
1713 3985 1812 4039 Cui
1855 3999 1986 4039 vero
2017 3999 2153 4038 con-

566 4086 798 4155 scriptos
830 4084 900 4138 ab
921 4097 987 4138 eo
1016 4081 1089 4136 De
1122 4081 1436 4136 Judworum
1466 4080 1800 4150 Antiquitate
1854 4077 2025 4132 libros
2055 4091 2153 4130 vo—

566 4175 744 4231 lutare
790 4173 1159 4251 placuerit,
1191 4174 1339 4243 apud
1384 4189 1510 4227 eum
1558 4171 1664 4225 alia
1694 4170 1952 4239 pleraque
1997 4165 2153 4221 testi-

568 4265 756 4319 monia
803 4264 1064 4335 reperiat,
1097 4279 1315 4318 summa
1369 4279 1493 4318 cum
1532 4263 1620 4326 iis,
1651 4276 1773 4331 quae
1822 4259 2001 4314 adhuc
2033 4259 2155 4312 lau-

567 4358 842 4425 davimus,
885 4357 1248 4413 consensione
1300 4356 1618 4426 conjuncta.
1669 4352 2018 4421 Quanquam,
2073 4351 2156 4404 in-

2247 3167 2387 3237 ὑπὲρ
2415 3161 2474 3220 οὗ
2498 3166 2662 3220 τανῦν
2713 3165 2890 3235 λέγειν
2928 3165 3260 3237 προεθέμην.
3327 3165 3384 3218 Ὀ
3437 3165 3618 3235 μέντοι
3662 3163 3838 3235 Φαλη-

2251 3258 2376 3328 ρεὺς
2406 3259 2738 3328 Δημήτριος,
2766 3257 2860 3310 καὶ
2891 3256 3063 3308 Φίλων
3094 3257 3123 3308 ό
3170 3255 3562 3327 πρεσϐύτερος,
3599 3255 3692 3308 καὶ
3727 3255 3836 3307 E6-

2247 3345 2480 3415 πόλεμος
2509 3347 2567 3398 ού
2597 3346 2730 3400 πολὺ
2762 3345 2863 3415 τῆς
2910 3346 3166 3416 ἀληθείας
3224 3345 3541 3414 διήμαρτον·
3594 3340 3675 3408 οἷς
3711 3362 3842 3414 συγ-

2247 3437 2536 3509 γινώσκειν
2584 3438 2753 3502 άξιοψ
2810 3438 2870 3490 ού
2918 3437 3026 3506 γὰρ
3078 3436 3204 3505 ἐνῆν
3257 3435 3440 3496 αὐτοῖς
3485 3434 3622 3504 μετά
3654 3434 3838 3505 πάσης

2247 3529 2531 3600 ἀκριϐείας
2562 3531 2672 3591 τοῖς
2699 3526 2986 3598 ἡμετέροις
3011 3525 3303 3597 γράμμασι
3347 3523 3829 3595 παρακολουθεῖν.»

2247 3620 2430 3673 Ταῦτα
2463 3619 2611 3673 καὶὸ
2655 3617 2937 3687 Ἰώσηπος.
2968 3617 3112 3686 Ὅτῳ
3140 3615 3196 3668 δὲ
3231 3614 3381 3684 φίλον
3423 3617 3534 3678 τοῖς
3561 3615 3688 3686 περὶ
3734 3617 3836 3686 τῆς

2260 3710 2557 3764 Ἰουδαίων
2588 3708 3004 3777 Ἀρχαιότητος
3030 3707 3208 3775 λόγοις
3243 3709 3482 3776 ἐντυχεῖν
3497 3705 3591 3758 τοῦ
3619 3705 3834 3776 ἀνδρὸς,

2249 3801 2509 3865 πλείστας
2559 3799 2624 3853 ἂν
2658 3799 2804 3870 εὖροι
2839 3797 3166 3868 συμφώνους
3187 3801 3306 3861 ταῖς
3335 3797 3671 3860 ὲκτεθείσαις
3698 3814 3839 3869 μαρ-

2248 3893 2460 3963 τυρίας.
2493 3891 2603 3944 Καὶ
2628 3890 2794 3955 πολὺς
2835 3891 2891 3944 δὲ
2930 3890 3087 3954 ἄλλος
3141 3889 3434 3962 μαρτύρων
3493 3891 3623 3960 ἡμῖν
3681 3890 3837 3961 ὄχλος

2249 3983 2497 4038 παλαιῶν
2525 4000 2584 4036 τε
2615 3984 2708 4036 καὶ
2763 3983 2896 4037 νέων
2930 3985 3164 4059 ἐπιρρεῖ,
3198 3983 3306 4035 τῶν
3347 3983 3538 4053 ὁμοίαν
3583 3985 3696 4046 τοῖς
3747 3999 3836 4042 ts-

2250 4075 2388 4128 θεῖσι
2417 4077 2600 4148 ψῆφον
2635 4076 3202 4148 ὲπισφραγιζομένων,
3236 4069 3310 4130 ὧν
3342 4076 3439 4140 τὰς
3493 4075 3698 4145 φωνὰς,
3749 4075 3836 4130 λόφ

2250 4185 2348 4237 γου
2380 4169 2773 4240 προνοούμενοι
2797 4169 3284 4240 συμμετρίας,τοίς
3315 4168 3636 4238 φιλομαθέσι
3653 4167 3838 4239 ζητεῖν

2249 4277 2309 4314 τε
2344 4261 2439 4313 καὶ
2471 4261 2756 4332 διερευνᾷν
2805 4261 3215 4330 ἀπολείψαντες,
3269 4261 3360 4314 ἐπὶ
3387 4261 3487 4331 τὴν
3546 4259 3836 4314 λείπουσαν

2253 4353 2404 4406 αύτοὶ
2440 4353 2861 4425 μεταϐησόμεθα
2882 4352 3236 4422 ἐπαγγελίαν.

567 4457 783 4517 gentem
845 4449 1113 4518 ejusmodi
1165 4450 1430 4514 testium,
1494 4458 1605 4502 tam
1669 4456 1916 4501 veterum
1981 4459 2148 4514 quam
2201 4447 2566 4503 recentiorum
2622 4448 2836 4517 copiam
2872 4489 2887 4513 ,
2946 4447 3012 4500 ad
3089 4461 3312 4500 manum
3392 4446 3660 4502 habemus
3733 4446 3836 4516 ipsi

570 4554 809 4608 quoque,
839 4541 935 4608 qui
960 4540 1026 4594 ad
1054 4555 1270 4607 eorum,
1306 4557 1448 4611 quos
1511 4550 1636 4596 ante
1695 4539 2077 4610 produximus,
2154 4541 2560 4619 auctoritatem,
2606 4541 2884 4596 calculum
2945 4540 3241 4610 adjungant
3291 4556 3471 4596 suum.
3506 4538 3731 4605 Verum,
3767 4555 3836 4595 ne

571 4631 794 4686 modum
823 4631 1087 4688 excedere
1131 4634 1439 4700 videamur,
1490 4648 1586 4690 eos
1613 4633 1835 4706 quidem
1884 4631 2148 4690 studiosis
2228 4635 2588 4692 excutiendas
2637 4633 3071 4705 scrutandosque
3125 4633 3514 4701 relinquemus,
3578 4633 3837 4704 deinceps

570 4732 949 4794 argumentum
985 4734 1350 4793 pertexemus.

645 4841 694 4876 ⁸⁸
736 4840 871 4898 Dan.
915 4859 986 4908 Iv,
1027 4843 1116 4899 27.
