4194 6480
542 478 648 534 ’μδ-ι

1209 480 1481 538 EL'SEBII
1511 480 1991 538 C£SABIENSIS
2015 481 2166 538 OPP.
2199 478 2335 534 PAR
2356 477 2396 532 S
2424 479 2490 534 ll.
2516 510 2576 522 -
2602 478 2679 533 Al'
2691 477 3109 541 OLOGETICA.

3694 480 3800 537 768

542 598 653 652 vim
697 598 987 667 infinitam,
1011 616 1079 656 ex
1112 600 1370 687 Barbaris
1393 603 1582 658 eximii
1629 604 1803 658 nostri
1855 612 2098 673 prmstanv

2223 599 2423 670 στήσω.
2463 598 2673 670 Ὠσπερ
2703 592 2797 653 οὖν
2819 598 2919 670 τὴν
2949 597 3212 653 πλειόνων
3249 596 3388 653 θεῶν
3432 597 3610 665 δόξαν,
3642 596 3713 652 τά
3738 617 3799 654 τε

537 697 732 759 tesque
756 688 928 747 Graeci
956 692 1179 748 aliunde
1204 693 1298 748 alii
1352 696 1715 765 corrogarint,
1752 695 1979 765 jamjam
2019 696 2119 752 abs

537 795 628 836 me
676 780 1164 841 demonstrabitur.
1201 784 1497 853 Praeterea,
1531 788 1997 859 quemadmodum
2046 789 2115 843 il-

535 871 646 928 lam
679 873 747 929 de
785 875 1036 945 pluribus
1072 878 1180 933 diis
1218 878 1566 949 opinionem,
1605 879 1992 950 mysteriorum
2027 894 2118 935 sa-

534 980 870 1036 crorumque
894 968 1055 1035 ritus,
1079 968 1357 1036 historias,
1391 979 1555 1041 atque
1578 971 1859 1027 fabulosas
1886 971 2116 1027 deorum

536 1060 906 1128 narrationes,
937 1077 1240 1133 earumque
1272 1065 1340 1119 ad
1377 1066 1683 1120 naturalem
1715 1069 2008 1136 quamdam
2035 1065 2117 1120 al-

535 1148 794 1217 legoriam
825 1152 1217 1219 traductiones,
1250 1163 1305 1208 et
1336 1156 1601 1226 quidquid
1633 1173 1699 1211 ex
1730 1156 2114 1227 superstitioso

535 1250 726 1292 errore
754 1250 1026 1310 superest,
1055 1244 1277 1300 eosdem
1312 1262 1343 1299 a
1364 1244 1617 1301 barbaris
1651 1256 1932 1303 mutuatos
1966 1262 2113 1315 esse,

533 1329 916 1397 superioribus
946 1333 1102 1391 libris
1131 1336 1519 1405 probavimus;
1557 1352 1681 1392 cum
1706 1338 2115 1396 vetustissimos

531 1419 658 1476 illos
703 1420 946 1489 Graecos,
975 1436 1212 1483 semotas
1250 1429 1502 1500 regiones
1539 1429 1822 1487 laboribus
1854 1432 2114 1499 maimis

529 1510 859 1581 oberrando,
886 1531 951 1571 ex
972 1519 1316 1575 emendicata
1355 1520 1757 1585 doctrinarum,
1784 1522 1985 1592 quibus
2009 1522 2113 1578 σου

528 1601 722 1658 rebant
739 1604 979 1675 barbari,
998 1608 1136 1679 stipe
1148 1626 1304 1665 suam
1329 1613 1473 1667 illam
1497 1612 1821 1684 theologiam
1844 1614 2112 1671 conﬂasse

526 1693 1007 1764 deprehendimus.
1056 1698 1148 1756 Sic
1199 1718 1545 1774 quaecunque
1594 1705 1678 1760 vel
1729 1704 1798 1760 ad
1833 1707 1998 1762 unius
2044 1722 2111 1762 ac

524 1787 724 1841 summi
753 1803 936 1843 rerum
966 1793 1211 1848 omnium
1239 1793 1606 1851 moderatoris
1633 1795 1729 1851 Dei
1765 1797 2106 1869 religionem,

525 1879 606 1931 vel
641 1877 706 1933 ad
731 1879 850 1948 ejus
869 1880 1134 1937 doctrinae
1162 1895 1393 1953 partem,
1437 1901 1560 1957 qua:
1586 1887 1653 1944 ad
1688 1888 1858 1943 animi
1894 1891 2103 1945 utilita-

523 1978 631 2023 tem
663 1972 902 2027 maxime
931 1985 1249 2044 comparata
1282 1986 1390 2042 est,
1421 1994 1545 2048 qua:
1571 1980 1792 2048 quidem
1826 1982 2102 2052 praecipua

522 2071 652 2115 sunt
679 2071 843 2133 atque
867 2066 1150 2134 potissima
1184 2069 1351 2125 totius
1373 2070 1737 2141 philosophiae
1764 2074 1964 2143 capita,
1991 2089 2099 2129 non

521 2152 741 2207 aliunde
801 2158 971 2223 ipsos,
1004 2173 1171 2227 quam
1204 2175 1270 2214 ex
1301 2162 1434 2216 solis
1462 2161 1816 2219 Hebraeorum
1858 2164 2102 2223 fomibus

522 2242 775 2300 hausisse
807 2248 967 2316 paulo
990 2259 1112 2319 post
1144 2254 1523 2310 ostendemus.
1556 2254 1716 2327 461
1755 2255 1810 2310 Id
1855 2258 2002 2328 quod
2052 2258 2100 2314 si

517 2335 609 2389 cui
663 2336 848 2391 minus
899 2340 1248 2407 probaretur,
1281 2345 1426 2413 quod
1471 2362 1567 2401 eos
1599 2348 1654 2401 in
1696 2347 1859 2401 istam
1885 2349 2100 2418 opinio-

519 2441 650 2480 num
687 2428 1099 2486 similitudinem
1135 2433 1322 2490 inditis
1352 2451 1382 2489 a
1417 2446 1613 2491 natura
1663 2436 1976 2494 notionibus
2005 2440 2099 2495 de-

515 2518 715 2577 ductos
745 2538 869 2578 esse
891 2522 1209 2581 defenderet
1244 2546 1258 2582 :
1298 2529 1348 2583 id
1380 2530 1557 2599 ipsum
1593 2545 1624 2585 a
1667 2531 1827 2586 nobis
1860 2534 2098 2589 maxime

515 2612 696 2680 fuerit,
727 2618 872 2687 quod
907 2634 970 2673 ea
998 2636 1121 2689 qua:
1148 2637 1255 2675 non
1292 2621 1533 2678 Hebraeis
1561 2633 1773 2679 tantum
1802 2626 1872 2681 ab
1916 2626 2097 2681 homi-

518 2706 703 2771 nibus,
733 2710 1005 2781 theologia
1032 2713 1429 2785 prophetiaque
1458 2716 1804 2781 clarissimis,
1843 2735 1908 2773 ex
1945 2720 2096 2776 omni

514 2805 663 2853 retro
698 2801 962 2856 memoria
994 2804 1188 2858 tradita
1222 2816 1370 2869 sunt,
1397 2822 1585 2862 verum
1614 2824 1642 2861 a
1672 2807 1877 2865 Graecis
1904 2811 2091 2876 etiam,

509 2890 556 2945 si
585 2891 766 2945 minus
796 2893 1077 2960 omnibus,
1103 2907 1161 2950 at
1195 2898 1473 2965 nonnullis
1497 2900 1742 2968 quidem,
1763 2901 1940 2971 iisque
1980 2911 2093 2958 tota

512 2980 718 3049 passim
753 2980 961 3040 Graecia
1008 2973 1410 3053 celeberrimis,
1443 2989 1693 3059 adeoque
1737 2991 2092 3062 philosopho—

511 3087 631 3126 rum
686 3074 931 3143 ipsorum
983 3076 1454 3147 disputationibus
1505 3076 1794 3150 diligenter
1823 3098 2086 3153 expensa,

508 3162 752 3218 aemulari
804 3166 1178 3224 statuerimus.
1231 3167 1501 3238 Equidem
1557 3186 1764 3240 paucos
1817 3171 2089 3243 ejusmodi

507 3252 682 3360 fuisse
709 3255 1131 3360 intelligam-am
1164 3275 1285 3360 quae.
1314 3262 1601 3330 praeclara,
1627 3261 1844 3329 eadem,
1873 3274 1931 3319 ut
1966 3264 2080 3318 vul-
2113 3301 2157 3360 ε

512 3360 582 3416 go
629 3344 824 3411 fertur,
871 3346 1111 3403 difﬁcilia
1141 3350 1325 3417 sunt);
1359 3359 1416 3404 at
1462 3366 1559 3405 eos
1597 3361 1778 3407 tamen
1825 3354 1922 3423 qui
1954 3356 2087 3410 reti.-

503 3449 647 3507 quos
680 3436 825 3489 inter
850 3435 1212 3508 phil050pbos
1247 3439 1453 3508 primas
1489 3439 1651 3496 facile
1682 3451 1995 3510 tenuerunt,
2025 3453 2088 3505 ut

503 3527 747 3584 nominis
804 3528 891 3583 sui
936 3529 1187 3585 claritate
1234 3545 1563 3588 cancrorum
1609 3536 1856 3590 omnium
1880 3535 2083 3594 famam

504 3618 873 3673 obscurarint.
907 3616 1097 3688 Neque
1129 3633 1262 3673 vero
1294 3619 1494 3675 mirum
1524 3622 1697 3677 videri
1725 3623 1904 3689 debet,
1936 3624 2083 3693 quod

501 3710 852 3766 Hebraeorum
891 3711 1191 3767 sententias
1233 3713 1549 3791 investigari
1583 3730 1611 3770 a
1643 3716 1869 3780 Graecis,
1895 3726 1950 3772 et
1980 3732 2080 3772 cu-

499 3801 706 3857 niosius
748 3802 1020 3872 explorari
1065 3801 1315 3872 potuisse
1341 3801 1594 3859 dicamus
1624 3821 1637 3858 :
1668 3818 1794 3858 cum
1838 3805 2081 3875 reliquas

499 3890 605 3960 ipsi
637 3890 920 3945 doctrinas
959 3906 1027 3946 ex
1057 3888 1465 3962 Egyptiorum,
1489 3892 1874 3951 Chaldaeorum
1894 3933 1910 3958 ,
1942 3895 2080 3952 alia-

499 3995 734 4051 rumque
750 3981 990 4053 gentium
1018 3983 1381 4038 barbararum
1409 3984 1601 4053 spoliis
1631 4000 1739 4039 non
1764 3986 1926 4041 modo
1946 4002 2078 4043 con-

498 4073 771 4134 flaverint.
797 4074 892 4129 sed
921 4075 1220 4130 etiamnum
1240 4075 1544 4130 ambitiosa:
1558 4092 1753 4132 omnes
1776 4079 2077 4134 aemulatio-

495 4164 583 4219 nis
604 4164 681 4219 rei
710 4172 1020 4230 teneantur,
1053 4165 1182 4220 dum
1212 4165 1439 4222 alterius
1466 4167 1606 4222 alter
1631 4167 1928 4238 plagiarius
1954 4185 2078 4226 esse

495 4270 606 4312 non
647 4264 888 4311 veretur.
934 4254 1050 4312 lmo
1085 4257 1387 4329 quemlibet
1418 4257 1624 4328 passim
1657 4257 1844 4315 videas
1864 4260 2076 4316 vicino-

498 4363 623 4402 rum
674 4364 902 4405 suorum
925 4350 1093 4405 verba
1126 4350 1291 4406 simul
1324 4358 1491 4419 atque
1521 4350 1843 4416 sententias,
1879 4365 2076 4423 opera-

2224 691 2496 763 μυστήρια
2529 690 2623 743 καὶ
2645 689 2745 755 τὰς
2764 689 3007 757 τελετάς,
3040 690 3135 745 καὶ
3157 688 3379 763 προσέτι
3414 689 3514 755 τὰς
3539 690 3797 763 ἱστορίας,

2218 783 2436 848 καὶτὰς
2472 782 2707 855 μυθικὰς
2731 783 2859 856 περὶ
2880 782 3018 836 θεῶν
3049 782 3348 855 διηγήσεις,
3384 783 3578 836 τῶν’τε
3613 782 3799 853 μύθων

2216 877 2316 941 τάς
2339 875 2815 949 άλληγορουμένας
2876 876 3240 948 φυσιολογίας,
3301 876 3396 929 καὶ
3447 874 3544 945 τὴν
3605 875 3797 947 λοιπὴν

2215 964 2585 1035 δεισιδαίμονα
2619 964 2846 1034 πλάνην,
2881 965 3032 1036 παρὰ
3085 965 3375 1038 βαρϐάρων
3423 966 3673 1038 εἰλῆφθαι
3700 968 3795 1021 αὺη

2214 1059 2347 1121 τοῖς,
2377 1056 2589 1126 φθάσας
2621 1057 2650 1109 ὁ
2676 1057 2832 1125 λόγος
2864 1057 3150 1129 ἐδήλωσεν·
3189 1057 3426 1128 ὁπηνίκα
3446 1059 3571 1121 τοὺς
3600 1058 3794 1112 παλαι-

2212 1149 2409 1211 τάτους
2440 1148 2729 1219 Ἕλληνας,
2753 1151 2855 1220 γῆν
2901 1148 3100 1219 πολλὴν
3145 1148 3511 1219 πλανηθέντας
3540 1150 3641 1203 οὐκ
3666 1150 3794 1204 ἀτα-

2214 1238 2502 1311 λαιπώρως
2537 1240 2656 1311 μὲν,
2712 1239 2771 1305 ἐξ
2826 1240 3020 1312 ἐράνου
3063 1240 3119 1294 δὲ
3162 1240 3270 1294 τῶν
3314 1240 3463 1311 παρὰ
3497 1240 3792 1313 βαρϐάροις

2217 1328 2574 1401 μαθημάτων,
2624 1329 2722 1399 τὴν
2771 1330 2975 1384 οἰκείαν
3045 1331 3449 1403 ὑποστήσασθαι
3515 1331 3791 1401 θεολογίαν

2213 1420 2597 1490 ὲφωράσαμεν.
2633 1418 2820 1484 Οὕτως
2844 1421 2924 1473 ὃτι
2950 1419 3019 1474 τά
3041 1421 3168 1493 περὶ
3193 1420 3473 1484 εὐσεϐείας
3525 1421 3643 1484 ἑνὸς
3693 1419 3797 1475 τοῦ.

2213 1511 2343 1582 περὶ
2375 1510 2591 1564 πάντων
2612 1509 2770 1572 Θεοῦ,
2796 1511 2868 1565 τά
2897 1528 2956 1565 τε
2987 1511 3118 1583 περὶ
3160 1511 3278 1564 τῶν.
3326 1510 3560 1583 μάλιστα
3595 1508 3789 1581 ζητου-

2214 1602 2391 1674 μένων
2418 1603 2498 1666 εῑς
2518 1601 2699 1673 ψυχῆς
2718 1604 2983 1672 ὠφέλειαν
3032 1603 3338 1674 δογμάτων,
3363 1602 3399 1656 ἃ
3424 1604 3489 1676 δὴ
3535 1605 3629 1656 καὶ
3664 1621 3787 1657 συν-

2211 1692 2548 1751 εκτικώτατα
2596 1693 2791 1767 γένοιτ’
2818 1694 2885 1749 ἂν
2938 1694 3046 1748 τῶν
3068 1695 3125 1748 ὲν
3156 1692 3442 1764 φιλοσοφία
3473 1692 3664 1762 λόγων,
3687 1694 3787 1748 οὐκ

2209 1788 2429 1844 ἄλλοθεν
2456 1785 2565 1844 εἶεν
2593 1790 2659 1845 ἂν
2688 1790 2721 1862 ἢ
2758 1787 2906 1862 παρὰ
2949 1788 3126 1861 μόνων
3163 1786 3426 1858 Ἐϐραίων
3459 1787 3787 1859 πεπορισμέ-

2209 1898 2311 1945 νοι,
2340 1881 2440 1934 οὐκ
2473 1882 2552 1945 εἰς
2585 1881 2800 1952 μακρὰν
2836 1878 3308 1950 ἀποδειχθήσεται.
3331 1879 3401 1931 Ἢ
3425 1879 3473 1931 εί
3506 1878 3580 1949 μὴ
3606 1878 3791 1943 τοῦτο,

2132 1949 2176 2004 Β
2207 1949 2667 2048 συνενεχθῆναι-δὲ
2697 1949 2827 2046 ιραίη
2855 1990 2939 2037 τις
2975 1949 3193 2036 αὖτοὺς,
3240 1974 3498 2041 φυσικαῖς
3531 1972 3785 2042 ὐποκινη-

2204 2064 2393 2131 θέντας
2433 2067 2682 2130 ἐννοίαις·
2724 2066 2819 2120 καὶ
2862 2065 3024 2118 τοῦτο
3052 2064 3187 2135 πρὸς
3234 2063 3391 2135 ήμῶν
3423 2062 3488 2117 ἂν
3510 2063 3618 2133 εἴη.
3647 2062 3695 2116 εί
3715 2060 3785 2117 τὰ

2205 2158 2280 2230 μὴ
2315 2159 2496 2230 μόνοις
2531 2158 2803 2230 Ἑϐραίοις
2830 2157 3034 2213 ἄνωθεν
3073 2154 3132 2222 ἐξ
3161 2156 3353 2220 αἰῶνος
3382 2155 3488 2210 ὑπὸ
3516 2154 3783 2225 θεολόγων

2202 2248 2496 2323 προφητῶν
2529 2249 2737 2321 ἀνδρῶν
2765 2249 3197 2322 παραδεδομένα,
3228 2248 3363 2307 ἀλλὰ
3400 2247 3470 2303 τὰ
3500 2247 3593 2301 καί
3618 2264 3785 2313 τισιν,

2200 2344 2248 2395 εἰ
2279 2341 2373 2395 καὶ
2406 2340 2481 2413 μὴ
2515 2342 2702 2404 πᾶσιν,
2734 2341 2919 2405 αὐτοῖς
2973 2339 3031 2393 δέ
3079 2356 3143 2409 γε
3174 2331 3249 2392 ὧν
3281 2337 3424 2409 μέγα
3463 2336 3618 2402 κλέος
3659 2336 3785 2393 καθ’

2207 2432 2457 2495 Ἐλλάδα,
2494 2434 2587 2487 καὶ
2614 2431 2917 2504 φιλοσόφων
2947 2432 3251 2504 διατριϐαῖς
3291 2430 3653 2503 ἐξητασμένα,
3680 2429 3780 2501 ζη-

2196 2524 2324 2579 λοῦν
2349 2523 2731 2596 προειλόμεθα.
2755 2524 2992 2587 Τούτους
3019 2523 3065 2577 δ’
3094 2523 3160 2578 ἂν
3198 2522 3381 2595 εὕροις
3428 2520 3645 2595 ἀριθμῷ
3679 2520 3778 2592 μὲν

2196 2616 2358 2681 ὄντας
2410 2617 2648 2688 ληπτοὺς
2684 2615 2792 2687 (ὅτι
2825 2616 2920 2668 καὶ
2970 2613 3149 2675 πάντα
3190 2613 3404 2686 χαλεπά
3449 2630 3612 2683 φασιν
3640 2608 3789 2672 εἶναι,

2194 2707 2267 2765 τά
2291 2709 2475 2778 καλά),
2523 2709 2582 2762 οὐ
2617 2706 2721 2779 μὴν
2743 2706 2878 2760 ἀλλὰ
2917 2706 3207 2778 πρωτείοις
3255 2706 3365 2761 τῶν
3388 2704 3513 2776 παρ’
3551 2704 3781 2776 Ἕλλησι

2195 2799 2499 2871 φιλοσόφων
2521 2800 2940 2872 τετιμημένους,
2994 2798 3070 2862 ὡς
3092 2798 3180 2853 διὰ
3205 2797 3303 2870 τὴν
3342 2796 3542 2870 πολλὴν
3566 2797 3776 2853 εὐδοκί-

2196 2912 2361 2966 μησιν
2394 2896 2462 2965 τῇ
2492 2894 2620 2967 δόξῃ
2665 2893 2795 2956 τοὺς
2824 2891 3044 2963 ὁμοίους
3076 2890 3393 2946 καλύπτειν.
3430 2892 3505 2946 Οὐ
3559 2892 3663 2964 χρὴ
3718 2892 3778 2954 δὲ

2193 2982 2514 3057 θαυμάζειν,
2546 2985 2595 3038 εί
2625 2984 2720 3038 καὶ
2740 2982 2816 3037 τά
2865 2984 2996 3055 παρ’
3034 2983 3306 3056 Ἑϐραίοις
3337 2983 3583 3055 δόγματα
3615 2985 3775 3040 δυνα-

2190 3076 2284 3130 τὸν
2327 3072 2466 3129 εἷναί
2496 3092 2675 3147 φαμεν
2728 3074 3139 3148 ὲσκευωρήσθαι
3167 3076 3370 3142 αὐτοῖς,
3392 3077 3482 3130 ὅτε
3507 3077 3582 3149 μὴ
3613 3079 3775 3149 μόνον

2187 3165 2257 3221 τὰ
2285 3166 2447 3221 λοιπὰ
2491 3166 2602 3221 τῶν
2663 3166 3023 3238 μαθημάτων,
3083 3167 3418 3236 Αἰγυπτίους
3472 3169 3567 3223 καὶ
3630 3170 3774 3222 Χαλ-

2189 3256 2393 3322 δαίους.
2415 3257 2485 3315 τά
2513 3275 2573 3312 τε
2595 3257 2730 3312 ἄλλα
2761 3257 2870 3312 τῶν
2927 3256 3216 3331 βαρϐάρων
3261 3258 3452 3324 ἐθνῶν,
3499 3260 3773 3315 συνίσταν-

2189 3365 2279 3403 ται
2311 3349 2775 3422 ἀποσυλήσαντες,
2812 3349 2927 3404 ἀλλ’
2953 3350 3126 3403 είσέτι
3176 3350 3269 3404 καὶ
3318 3349 3416 3403 νῦν
3455 3352 3770 3406 ἁλίσκονται

2187 3445 2287 3514 τῆς
2316 3442 2466 3512 σφῶν
2503 3442 2682 3497 αὐτῶν
2737 3446 2796 3497 ὲν
2838 3442 3237 3513 συγγράμμασι
3275 3442 3603 3513 φιλοτιμίας,
3635 3446 3770 3498 ἀπο-

2188 3533 2505 3607 στεροῦντες
2562 3533 2843 3605 ἀλλήλους.
2870 3532 2982 3596 Τὰς
3026 3531 3154 3601 γοῦν
3201 3531 3310 3585 τῶν
3362 3532 3531 3596 πέλας
3570 3535 3599 3586 ό
3635 3534 3768 3587 καθ-

2186 3626 2269 3688 εὶς
2298 3623 2411 3694 (97)
2468 3622 2651 3676 αὐτῶν
2699 3621 2873 3686 λέξεις
2915 3620 3051 3692 ὁμοῦ
3084 3621 3176 3674 καὶ
3223 3621 3481 3687 διανοίας,
3515 3623 3610 3676 καὶ
3638 3623 3764 3687 ὅλας

2186 3715 2357 3784 λόγων
2382 3712 2662 3778 συντάξεις
2707 3712 3041 3781 ὑποκλέψας,
3074 3712 3151 3775 ὡς
3197 3713 3282 3766 ἐπ’
3310 3715 3531 3778 οίκείοις
3582 3715 3765 3781 πόνοις

2185 3804 2532 3875 ὲσεμνύνατο.
2564 3803 2717 3874 Μηδὲ
2735 3800 2921 3855 τοῦτον
2944 3801 2989 3855 δ’
3024 3801 3301 3873 ὑπολάϐῃς
3334 3802 3465 3872 ἐμὸν
3492 3798 3628 3857 εἶναι
3672 3805 3762 3857 τὸν

2184 3896 2360 3965 λόγον·
2389 3894 2565 3948 αὐτῶν
2593 3895 2704 3967 γὰρ
2735 3894 2845 3948 τῶν
2877 3895 3170 3965 πανσόφων
3197 3894 3403 3967 ἀκούσῃ
3446 3894 3628 3958 πάλιν,
3662 3894 3763 3965 τῆς

2182 3990 2241 4041 ὲν
2267 3985 2444 4055 λόγοις
2475 3985 2683 4058 κλοπῆς
2707 3985 2967 4057 ἀλλήλους
3014 3986 3446 4058 ἀπελεγχόντων.
3500 3984 3670 4040 Τοῦτο
3703 3985 3761 4040 δέ

2180 4093 2245 4148 γε
2274 4075 2428 4140 αὐτὸ,
2457 4076 2685 4148 ἐπείπερ
2719 4076 2864 4143 απαξ
2891 4076 3251 4149 ὡρμήθημεν,
3297 4078 3591 4146 ἀναγκαῖον
3621 4074 3764 4146 πρῶ-

2179 4187 2271 4225 τον
2292 4168 2548 4223 ἁπάντων
2576 4169 2827 4233 συνιδεῖν,
2862 4170 2942 4234 είς
2982 4169 3205 4242 ἔλεγχον
3243 4167 3337 4223 τοῦ
3360 4169 3471 4223 τῶν
3497 4166 3761 4238 δηλουμέ-

2177 4280 2283 4318 νων
2307 4262 2532 4335 τρόπου.
2578 4262 2636 4316 Ὁ
2666 4262 2764 4334 μὲν
2793 4256 2887 4315 οὖν
2913 4261 3181 4334 ἡμέτερος
3226 4260 3458 4332 Κλήμης
3506 4260 3565 4311 ὲν
3616 4258 3761 4330 ἕκτῳ

2178 4349 2506 4419 Στρωματεῖ
2543 4351 2643 4424 τὴν
2694 4353 2827 4424 περὶ
2877 4351 3068 4407 τούτου
3127 4351 3385 4405 σύστασιν
3428 4351 3507 4416 είς
3557 4350 3758 4416 πλάτος

491 4456 603 4512 que
633 4456 1030 4513 nonnunquam
1054 4441 1262 4514 integra
1297 4441 1648 4509 sull'uratum,
1672 4458 1783 4498 non
1811 4458 1971 4500 secus
1999 4444 2069 4501 iis

2197 4445 2473 4519 ιπηύθυνε·
2495 4444 2688 4500 τούτου
2707 4446 2763 4500 δέ
2796 4464 2885 4519 μοι
2909 4445 3126 4518 πρώτου
3153 4444 3333 4501 λαϐὼν
3365 4445 3638 4516 ἀνάγνωθι
3657 4446 3758 4513 τὰς

490 4548 557 4589 ac
582 4534 818 4605 propriis
837 4534 1122 4590 laboribus
1156 4534 1399 4605 gloriari.
1425 4533 1612 4606 Neque
1639 4544 1696 4591 tu
1719 4550 1895 4590 meam
1924 4536 2098 4606 hanc,

2197 4536 2385 4593 εοιάσδε
2416 4534 2617 4607 φωνάς.

487 4646 613 4686 esse
646 4645 836 4687 vocem
869 4630 1136 4686 arbitrere
1163 4650 1176 4685 :
1203 4632 1308 4687 ista
1333 4647 1528 4688 rursus
1547 4632 1739 4687 audies
1769 4631 2063 4703 Sapientia:
2100 4634 2345 4700 corcula,
2381 4632 2841 4703 quemadmodum
2896 4633 2949 4686 in
3012 4632 3300 4689 scribendo
3334 4633 3440 4689 hoc
3473 4633 3576 4689 sibi
3631 4648 3754 4689 tnu-

487 4731 586 4777 tuo
606 4722 768 4794 plagii
817 4721 1022 4777 crimen
1050 4722 1372 4794 impingam.
1399 4722 1577 4792 Atque
1600 4722 1651 4777 id
1672 4736 1827 4788 sane,
1870 4723 2092 4793 quando
2129 4723 2303 4789 semel
2334 4736 2401 4778 eo
2429 4721 2746 4776 incumbere
2795 4719 3098 4790 crepimus,
3157 4729 3282 4776 ante
3328 4723 3512 4776 omnia
3579 4720 3756 4792 pervi-

487 4816 619 4871 dere
671 4829 898 4870 necesse
927 4824 1032 4880 est,
1080 4823 1139 4869 ut
1181 4813 1852 4884 exploratiores-istorum
1884 4830 2068 4872 mores
2105 4816 2429 4871 habeamus.
2463 4811 2530 4868 Et
2555 4812 2816 4883 quoniam
2841 4812 3092 4869 Clemens
3113 4813 3202 4869 ille
3238 4822 3423 4870 noster
3480 4813 3602 4871 fuse
3659 4816 3753 4872 ad-

488 4907 714 4965 modum
745 4906 1014 4963 Stromatc
1036 4916 1191 4963 sexto
1213 4907 1639 4976 disputationem
1659 4908 1822 4964 istam
1861 4909 2188 4981 exsequitur
2217 4927 2234 4977 ;
2271 4908 2388 4964 haec
2413 4916 2472 4962 tu
2495 4906 2633 4961 mihi
2662 4905 2899 4977 primum
2931 4906 3101 4977 ipsius
3121 4908 3281 4963 verba
3304 4908 3517 4982 perlege

1101 5001 1333 5058 CAPUT
1370 5002 1434 5059 ll.
2096 5008 2098 5062 ἶ

2702 5002 3100 5057 ΚΕΦΔΔΑῘΟΝ
3145 5003 3220 5057 B‘.

596 5093 681 5150 Ea:
702 5092 985 5162 Clemente,
1009 5095 1073 5150 de
1103 5094 1409 5151 Grecorum
1430 5097 1750 5167 scriptorum
1773 5097 1955 5168 furtis.

2197 5092 2536 5164 ῑλήμεντος,
2566 5092 2699 5161 περὶ
2760 5092 2871 5160 τῆς
2913 5091 3030 5146 τῶν
3083 5093 3459 5163 Ἑλληνικῶν
3489 5112 3754 5166 auma-

2734 5160 2893 5234 φέων
2943 5162 3197 5231 κλοπῆς.

562 5260 581 5294 ι
615 5240 736 5300 Jam
821 5261 972 5311 vero,
1054 5248 1518 5321 quandoqnidem,
1574 5251 1755 5323 inquit
1798 5252 1914 5333 ille,
1968 5268 2064 5308 ar-

2242 5276 2263 5309 ι
2304 5255 2766 5328 Παραστήσαντες
2799 5254 2910 5327 (98)
2938 5255 3113 5327 δὲτὴν
3147 5255 3382 5328 ἔμφασιν
3422 5260 3523 5328 τῆς
3570 5256 3751 5328 Ἐλλη-

486 5350 676 5390 cauam
716 5339 864 5394 illam
900 5339 1101 5396 Graecae
1143 5343 1427 5398 sententia:
1457 5344 1591 5408 vim,
1624 5345 1745 5416 ejus
1766 5359 1935 5414 quam
1993 5360 2061 5400 ex

2197 5353 2319 5421 ικῆς
2346 5348 2588 5413 ἐπινοίας
2627 5348 2759 5420 (99),
2823 5349 2889 5402 ὲκ
2941 5351 3041 5420 τῆς
3097 5348 3184 5402 διὰ
3236 5348 3343 5402 τῶν
3380 5348 3612 5421 Γραφῶν
3669 5350 3748 5411 είς

488 5422 790 5498 Scripturis
822 5431 1109 5487 hausimus
1132 5433 1380 5489 veritatis
1432 5433 1639 5491 lumine
1685 5436 2061 5492 collustratam

2197 5444 2318 5514 ιμᾶς
2366 5441 2655 5512 δεδομένης
2698 5439 2955 5510 ἀληθείας
3001 5440 3515 5512 περιαυγασθεῖσαν,
3567 5438 3688 5495 καθ’
3716 5435 3746 5491 ό

557 5599 755 5722 ἓθἹὶνὈ
784 5607 1004 5671 καθείς.
1022 5606 1258 5662 Omnino
1287 5607 1655 5680 reponendum
1681 5626 1743 5666 ex
1776 5626 2054 5666 manuscr.

557 5710 560 5720 .
594 5672 606 5691 ’
640 5688 718 5722 εις
739 5690 752 5702 '
788 5690 911 5722 nam
947 5672 1027 5722 εἷς
1060 5677 1181 5722 καθ’
1214 5673 1323 5722 εἷς-
1369 5680 1452 5722 vel
1486 5680 1515 5722 ὁ
1545 5681 1678 5722 van"
1700 5675 1781 5722 κτισ-
1849 5681 2053 5722 nnceim

2197 5622 2344 5722 .222)
2383 5618 3155 5722 sexagesim-

485 5672 625 5760 zeal)"
640 5672 718 5736 εἷς
739 5690 752 5702 ·
788 5690 911 5760 nam
937 5672 1027 5756 si;
1060 5677 1181 5759 καθ’
1214 5673 1326 5760 είς,
1347 5672 1455 5732 ’νει
1486 5680 1515 5732 ό
1545 5681 1678 5760 acad"
1700 5675 1812 5745 εἷς,
1849 5681 2055 5760 passim

2197 5672 2582 5746 Mhi—{136:3
2607 5672 2891 5760 nostra];
2908 5672 3067 5745 initio
3091 5672 3153 5760 p‘.‘
3182 5672 3329 5757 450T
3352 5672 3490 5746 licet
3516 5672 3743 5745 notetur

484 5740 1109 5825 apudurecentiorisgevi
1146 5740 1464 5818 scriptores,
1505 5740 2053 5825 maximeque-sacris

2204 5740 2725 5817 te'n‘i.;‘u};.;;-5;L:

483 5808 784 5902 inguinis
806 5830 951 5902 ,rpro
981 5816 1211 5902 ἕκαστος
1240 5808 1565 5888 usurpatur,
1603 5823 1651 5876 oi
1682 5808 1805 5877 καθ’
1835 5822 1964 5888 ἕνα,
1994 5823 2050 5874 αἱ

2745 5830 2914 5886 Clem.
2947 5830 3205 5894 διανοίας.

487 5878 625 5937 κατὰ
654 5881 800 5953 μίαν,
829 5878 935 5939 fore
965 5888 1105 5955 apud
1133 5878 1362 5945 veteres.
