4194 6484
524 280 631 341 7o9

1720 277 2040 341 PMPAR.
2083 279 2336 343 EVANG.
2377 278 2506 341 LIB.
2549 280 2615 342 Χ,

2568 66 2603 69 ἡ
3250 88 3331 90 κὴ
3651 74 4097 109 mg-
4176 82 4181 107 1

3678 293 3783 349 770

524 397 922 471 σημαινόμενον
962 399 1038 473 (1)
1086 399 1293 474 διήκειν
1342 398 1421 467 είς
1468 397 1685 466 αὐτοὺς,
1737 399 1835 472 τὴν
1894 396 2075 470 κλοπή

2203 400 2554 469 protulimus,
2581 415 2760 473 eoque
2789 414 2955 459 sensu
2981 400 3240 476 deinceps
3273 406 3339 460 ad
3370 405 3494 462 illos
3530 409 3779 467 veritatis

519 493 617 563 τῆς
651 490 909 563 ἀληθείας
943 492 1283 564 ἐκδεχόμενοι
1311 491 1410 565 (2),
1443 494 1493 547 εί
1530 493 1606 565 μὴ
1632 492 1871 564 ἐπαχθὲς
1898 495 2096 559 εἰπεῖν,

518 582 899 654 ἀπεδείξαμεν*
954 584 1113 657 φέρε,
1166 584 1450 659 μάρτυρας
1506 587 1606 656 τῆς
1653 585 1860 657 κλοπῆς
1902 585 2100 650 αὐτοὺς

518 675 641 732 καθ’
670 677 849 730 αὐτῶν
881 680 1320 750 παραστήσωμεν
1361 677 1488 743 τοὺς
1535 678 1822 751 Ἕλληνας.
1869 679 1931 732 Oi
1987 677 2099 751 γὰρ

516 767 584 822 τὰ
606 769 781 822 οἰκεῖα
814 767 986 834 οὕτως
1019 769 1278 842 ἄντικρυς
1330 770 1462 842 παρ’
1501 769 1747 841 ἀλλήλων
1773 769 2098 841 ὑφαιρούμε-

518 874 600 912 νοι
631 857 906 930 βεϐαιοῦσι
932 860 1030 931 μὲν
1053 859 1113 914 τὸ
1132 860 1361 915 κλέπται
1398 856 1536 917 εἶναι
1555 900 1569 920 ,
1607 860 2016 933 σφετερίζεσθαι
2040 862 2095 915 δὲ

513 948 664 1022 ὅμως
694 952 789 1005 καὶ
813 951 1157 1023 ἄκοντες.τὴν
1183 955 1312 1024 παρ’
1336 952 1495 1026 ήμῶν
1543 953 1798 1027 ἀλήθειαν
1840 955 1920 1018 εἰς
1967 956 2094 1019 τοὺς

511 1042 817 1116 ὁμοφύλους
840 1045 1013 1118 λάθρα
1039 1045 1451 1101 διαδείκνυνται.
1479 1046 1542 1101 Ei
1574 1046 1684 1119 γὰρ
1708 1047 1841 1119 μηδέ
1863 1046 2089 1113 ἑαυτῶν,

514 1133 675 1205 σχολῇ
705 1135 756 1203 γ’
786 1134 853 1189 ἂν
906 1135 1011 1188 τῶν
1065 1135 1348 1207 ἡμετέρων
1373 1134 1686 1206 ἀφέξονται.
1738 1136 1850 1190 Καὶ
1895 1136 1964 1190 τὰ
1993 1137 2092 1207 μὲν

510 1225 651 1278 κατὰ
684 1225 1000 1295 φιλοσοφίαν
1043 1228 1389 1299 σιωπήσομαι
1437 1226 1704 1299 δόγματα,
1751 1227 1930 1282 αὐτῶν
1958 1230 2090 1300 όμο-

507 1316 808 1385 λογούντων
833 1319 1124 1390 ἐγγράφως
1155 1318 1264 1372 τῶν
1289 1318 1388 1384 τὰς
1412 1320 1653 1393 αἱρέσεις
1705 1320 1911 1375 διανενε
1921 1339 1993 1392 μη
2002 1321 2092 1392 μέ-

507 1426 634 1472 νων,
659 1408 734 1473 ὼς
771 1410 845 1482 μὴ
867 1410 1153 1484 ἀχάριστοι
1207 1411 1533 1483 ἐλεηθεῖεν,
1569 1412 1723 1485 παρὰ
1767 1414 2090 1486 Σωκράτους

506 1501 786 1575 εἰληφέναι
810 1504 879 1557 τὰ
908 1504 1221 1577 κυριώτατα
1246 1505 1355 1561 τῶν
1405 1506 1714 1578 δογμάτων.
1776 1508 2008 1576 Ὀλίγοις
2029 1508 2087 1562 δὲ

503 1593 613 1647 τῶν
647 1594 1137 1668 καθωμιλημένων,
1164 1597 1259 1651 καὶ
1282 1597 1433 1671 παρὰ
1454 1602 1566 1662 τοῖς
1592 1598 1849 1670 Ἕλλησιν
1871 1600 1993 1654 εύδο
2003 1600 2086 1654 κί-

504 1702 621 1758 μων
653 1687 861 1760 ἀνδρῶν
895 1689 1241 1761 χρησάμενος
1308 1690 1649 1762 μαρτυρίοις,
1686 1691 1746 1744 τὸ
1792 1691 2083 1746 κλεπτικὸν

2198 490 2445 560 ejusdem
2474 492 2703 559 furtum,
2737 493 2784 549 si
2814 492 2889 548 ita
2921 494 3072 564 loqui
3096 493 3181 549 fas
3204 504 3307 560 est,
3341 498 3658 567 pervenisse
3686 516 3779 558 os-

2198 582 2472 639 tendimus
2500 603 2513 638 :
2547 600 2646 655 age
2706 584 2926 641 Graecos
2974 586 3125 656 ipsos
3158 586 3213 640 in
3257 602 3379 644 sese
3414 590 3579 662 plagii
3608 601 3776 646 testes

2196 678 2588 747 producamus.
2618 676 2753 734 Nam
2779 682 2872 751 qui
2905 682 3023 738 suis
3048 684 3101 737 in
3138 684 3304 739 rebus
3336 684 3498 757 462
3542 686 3612 741 ab
3650 688 3774 745 aliis

2196 768 2286 822 alii
2325 769 2505 838 palam
2562 770 2699 825 adeo
2725 771 2986 842 pleraque
3015 774 3439 841 sumit-autumii
3475 778 3607 832 sane
3645 782 3773 834 cum

2196 870 2316 911 sese
2352 856 2502 913 fures
2554 874 2676 914 esse
2734 863 3084 929 confirmant,
3134 873 3246 919 tum
3305 866 3467 921 etiatn
3501 869 3585 924 vel
3616 869 3772 926 i'nviti

2193 948 2495 1018 profectam
2552 965 2582 1005 a
2631 951 2792 1007 nobis
2835 954 3118 1011 veritatem
3148 967 3201 1012 et
3231 958 3511 1014 vindicare
3552 960 3689 1027 sibi,
3715 969 3772 1016 et

2193 1056 2316 1096 cum
2349 1042 2643 1111 gentilibus
2672 1045 2823 1112 suis,
2858 1046 3094 1103 obscure
3151 1048 3317 1115 licet,
3360 1052 3770 1109 communicare

2194 1140 2518 1187 noscuntur.
2547 1132 2605 1187 Si
2629 1134 2774 1188 enim
2801 1137 2917 1191 suis
2944 1138 3169 1194 minime
3196 1151 3456 1210 parcunt,
3494 1158 3525 1197 a
3562 1144 3767 1200 nostris

2190 1236 2333 1292 egre
2358 1222 2735 1279 ahstinebunt.
2769 1226 2946 1295 Atque
2968 1237 3025 1282 ut
3057 1230 3421 1301 philosophia:
3443 1232 3658 1288 decreta
3686 1234 3767 1288 sia-

2188 1310 2354 1382 lcam,
2379 1331 2503 1371 cum
2538 1332 2659 1371 sese
2691 1320 3024 1374 familiarum
3056 1322 3241 1389 duces,
3271 1339 3339 1379 ne
3376 1325 3575 1396 ingrati
3610 1328 3767 1382 videi-

2186 1406 2313 1461 licet
2353 1407 2686 1475 habeantur,
2734 1413 3130 1480 praecipuarum
3163 1416 3483 1484 opinionum
3517 1419 3697 1488 capita
3730 1422 3763 1474 ἐι

2190 1496 2414 1555 Sochte
2444 1501 2724 1571 accepisse
2755 1501 3063 1558 fateantur:
3098 1506 3192 1560 ubi
3215 1509 3407 1577 paucis
3428 1509 3639 1579 aliquot
3670 1490 3777 1567 eo-‘

2186 1605 2308 1644 rum
2353 1591 2704 1656 testimoniis,
2721 1593 2814 1660 qui
2847 1596 3094 1649 omnium
3116 1610 3212 1649 ore
3228 1596 3595 1663 celebrantur,
3615 1602 3765 1656 sum-

2185 1698 2396 1749 maeque
2421 1692 2549 1738 sunt
2585 1684 2727 1752 apud
2749 1682 2971 1740 Graecos
3001 1686 3152 1755 ipsos
3172 1687 3618 1757 existimationis,
3640 1693 3765 1746 nul-

497 1776 776 1848 διελέγξας
807 1775 947 1845 εἶδος
975 1780 1173 1843 αὐτῶν,
1200 1781 1510 1854 ἀδιαφόροις
1533 1784 1645 1847 τοῖς
1676 1782 1887 1854 χρόνοις
1912 1802 2075 1838 κατα-

2186 1775 2238 1829 lo
2271 1782 2576 1845 temporum
2612 1775 2963 1841 discrimine,
2992 1792 3154 1833 suum
3200 1778 3334 1834 illud
3376 1795 3441 1835 ac
3480 1783 3759 1852 proprium

498 1868 799 1942 χρώμενος,
862 1873 955 1927 ἐπὶ
999 1873 1069 1928 τὰ
1116 1873 1243 1946 ἑξῆς
1298 1872 1631 1945 τρέψομαι.»
1694 1874 1858 1929 Ταῦθ’
1906 1875 1982 1940 ὡς
2020 1878 2078 1930 ἐν

496 1965 805 2036 προοιμίοις
829 1965 1029 2035 φήσας,
1084 1968 1209 2031 τοὺς
1237 1965 1492 2038 ἐλέγχους
1517 1967 1646 2039 ἑξῆς
1693 1967 1909 2038 ἐπάγει,
1939 1985 2079 2021 παν-

496 2055 670 2119 τοίαις
696 2055 1032 2127 κεχρημένος
1052 2056 1380 2123 ἀποδείξεσι,
1415 2057 1508 2110 καὶ
1547 2055 1798 2129 πρώτους
1841 2074 1904 2127 γε
1952 2059 2077 2122 τοὺς

496 2143 727 2216 ποιητὰς
758 2144 825 2199 τὰ
854 2145 1005 2218 παρὰ
1023 2146 1132 2200 τῶν
1159 2146 1363 2217 ὁμοίων
1413 2147 1756 2218 κεκλοφέναι,
1782 2147 1870 2202 διὰ
1901 2165 2077 2220 παρα-

495 2235 695 2306 θέσεως
713 2237 820 2293 τῶν
847 2237 1078 2293 ἑκάστου
1108 2238 1301 2309 φωνῶν
1346 2238 1580 2294 εὐθύνει.
1635 2235 1747 2294 Εἶθ’
1773 2239 1899 2311 ἑξῆς
1953 2241 2074 2294 ἐπι-

494 2325 640 2398 λέγει
671 2328 863 2399 ταῦτα·
896 2349 915 2382 ι
962 2330 1051 2394 Ὠς
1076 2330 1209 2402 μηδὲ
1235 2331 1459 2403 ἄμοιρον
1505 2331 1606 2403 τήν
1633 2347 1692 2384 τε
1737 2329 2072 2400 φιλοσοφίαν,

493 2422 593 2493 τήν
616 2438 674 2475 τε
700 2422 962 2494 ἱστορίαν,
989 2421 1128 2476 ἀλλὰ
1158 2422 1295 2493 μηδὲ
1333 2422 1430 2493 τὴν
1450 2422 1744 2495 ῥητορικὴν
1771 2422 1864 2475 τοῦ
1887 2423 2072 2494 ὁμοίου

493 2512 718 2584 ἐλέγχου
762 2513 1114 2587 περιίδωμεν,
1163 2512 1495 2567 καὶτούτων
1525 2513 1681 2583 ὀλίγα
1730 2513 2072 2584 παραθέσθαι

491 2604 765 2675 εὔλογον.»
834 2602 947 2660 Εἶτ’
978 2605 1287 2670 ἀκολούθως
1349 2605 1612 2677 Ὀρφέως,
1679 2604 2069 2677 Ἡρακλείτου,

491 2696 794 2763 Πλάτωνος,
829 2696 1172 2769 Πυθαγόρου,
1208 2696 1512 2769 Ἡροδότου,
1542 2696 1885 2770 Θεοπόμπου,
1930 2696 2070 2750 Θου-

491 2788 728 2853 κυδίδου,
791 2789 1186 2861 Δημοσθένους,
1243 2789 1520 2861 Αἰσχίνου,
1569 2789 1793 2856 Λυσίου,
1839 2790 2072 2862 Ἰσοκρά-

488 2898 632 2944 τους,
663 2879 870 2952 μυρίων
888 2878 1064 2934 ἄλλων
1103 2879 1485 2951 παρατίθησιν,
1543 2873 1619 2934 ὧν
1676 2881 1926 2953 περιττὸν
1965 2880 2068 2953 ἐμὲ

488 2970 808 3039 καταλέγειν
859 2968 956 3033 τὰς
1007 2969 1209 3038 φωνὰς,
1265 2968 1631 3039 προκειμένης
1690 2970 1789 3041 τῆς
1844 2968 2068 3043 τάνδρὸς

486 3064 726 3132 γραφῆς.
757 3055 876 3133 ὲνῇ
926 3060 1066 3132 μετὰ
1121 3060 1247 3123 τοὺς
1299 3059 1552 3131 ἐλέγχους
1600 3059 1708 3113 τῶν
1761 3063 2068 3133 είρημένων

484 3154 659 3208 ταῦτα
682 3151 843 3206 πάλιν
869 3152 1053 3222 φησιν’
1094 3169 1113 3203 t
1134 3152 1200 3204 Ai
1229 3152 1327 3222 μὲν
1357 3147 1449 3204 οὖν
1495 3151 1627 3206 ίδέαι
1653 3155 1752 3224 τῆς
1781 3155 1924 3208 κατὰ
1951 3153 2067 3208 διά-

483 3262 633 3300 νοιαν
674 3244 991 3316 Ἑλληνικῆς
1026 3241 1234 3313 κλοπῆς
1263 3244 1343 3306 είς
1392 3242 1697 3315 ὑπόδειγμα
1727 3245 1961 3316 ἐναργὲς
1981 3247 2060 3317 τῷ

482 3336 668 3408 διορᾷν
695 3335 977 3407 δυναμένῳ
1023 3333 1223 3389 τοιαίδε
1255 3330 1435 3400 οὖσαι,
1466 3334 1586 3400 ἃλις
1613 3335 1881 3394 ἔστωσαν.
1923 3338 2060 3411 Ἤδη

480 3430 541 3484 δὲ
564 3430 624 3482 ού
654 3428 751 3492 τὰς
782 3427 1017 3491 διανοίας
1053 3426 1210 3497 μόνον
1261 3426 1357 3480 καὶ
1388 3425 1488 3491 τὰς
1542 3426 1716 3494 λέξεις
1743 3427 2063 3499 ὑφελόμενοι

483 3522 579 3574 καὶ
629 3504 1090 3591 παραφράσαντες
1146 3516 1508 3589 ἐφωράθησαν
1531 3558 1547 3584 ,
1615 3517 1692 3581 ὡς
1748 3518 2063 3592 δειχθήσον-

482 3629 572 3666 ται
618 3612 717 3683 (5),
768 3609 1070 3674 αὐτοτελῶς
1118 3609 1176 3663 δὲ
1221 3609 1293 3665 τὰ
1344 3611 1548 3683 ἐτέρων
1604 3610 1944 3682 ὑφελόμενοι,
1987 3611 2064 3676 ὡς

483 3705 592 3759 ἴδια
615 3705 934 3775 ἐξήνεγκαν·
990 3701 1240 3779 καθάπερ
1289 3702 1640 3775 Εὺγρὰμμων
1682 3702 1755 3774 (4)
1788 3705 1818 3757 ὁ
1873 3705 2062 3776 Κυρη..

481 3801 632 3862 ναϊος
656 3798 720 3850 ἐκ
747 3794 1016 3850 Μουσαίου
1059 3809 1127 3850 το
1170 3793 1294 3864 περὶ
1331 3795 1694 3864 Θεσπρωτῶν
1727 3793 1927 3867 βιϐλίον
1955 3796 2065 3850 όλό-

482 3891 735 3962 κληρον.»
769 3884 936 3951 Αὖθις
956 3888 1013 3940 δὲ
1044 3886 1252 3951 τούτοις
1290 3883 1585 3955 ἐπαγαγὼν
1624 3884 1880 3969 πλείστας
1923 3887 2062 3941 ἀπο-

481 3983 673 4048 δείξεις
703 3980 798 4036 τοῦ
828 3980 1011 4050 λόγου,
1069 3979 1231 4033 πάλιν
1270 3977 1537 4032 τελευτῶν
1569 3977 1889 4051 προστίθησι
1908 3978 2058 4032 τάδε’

486 4092 510 4127 ε
560 4072 857 4143 Ἐπιλείψει
892 4089 960 4144 με
992 4073 1020 4125 ὁ
1050 4070 1161 4141 βίος
1197 4069 1294 4140 (5),
1336 4071 1383 4124 εί
1430 4068 1553 4123 καθ’
1578 4069 1808 4123 ἕκαστον
1848 4068 2062 4134 ἐπεξιέ-

480 4185 570 4222 ναι
601 4164 908 4240 πειρῴμην,
942 4165 1042 4239 τὴν
1085 4160 1401 4235 Ἑλληνικὴν
1457 4161 1751 4232 διελέγχων
1804 4161 2061 4232 φίλαυτον

481 4260 708 4334 κλοπὴν,
741 4259 836 4314 καὶ
886 4258 962 4322 ὡς
995 4255 1402 4327 σφετερίζονται
1421 4252 1519 4325 τὴν
1550 4252 1767 4325 ε’ύρεσιν
1794 4251 1903 4306 τῶν
1929 4255 2059 4326 παρ’

480 4355 661 4418 αὐτοῖς
690 4351 987 4407 καλλίστων
1038 4348 1341 4419 δογμάτων,
1376 4345 1442 4416 ῆν
1488 4344 1616 4416 παρ’
1649 4344 1682 4415 ἡ
1690 4342 1804 4414 μῶν
1835 4341 2062 4414 εἰλήφα-

481 4464 586 4502 σιν.
631 4445 773 4516 Ἤδη
795 4443 850 4498 δὲ
880 4442 942 4496 ού
975 4440 1133 4513 μόνον
1172 4436 1402 4510 ὑφαιρού
1410 4453 1559 4509 μενοι
1596 4434 1665 4489 τὰ
1691 4434 1936 4507 δόγματα
1964 4452 2061 4486 πα-

2186 1865 2403 1921 furandi
2434 1882 2605 1938 genus
2636 1882 2893 1939 arguero,
2919 1878 3034 1923 tum
3064 1869 3286 1926 demum
3319 1873 3386 1928 ad
3423 1887 3507 1939 ea,
3532 1888 3653 1945 qua:
3673 1888 3762 1929 or-

2184 1955 2312 2009 dine
2363 1967 2796 2027 consequuntur,
2833 1973 3013 2013 meme
3081 1959 3195 2030 ipse
3245 1964 3572 2019 revocabo»
3636 1961 3761 2019 Haa‘c

2184 2046 2275 2103 ille
2306 2048 2465 2117 quasi
2495 2048 2779 2118 praefatus,
2820 2061 2970 2105 certa
3003 2049 3259 2122 deinceps
3307 2062 3472 2124 atque
3504 2056 3655 2109 omni
3692 2060 3757 2110 ex

2183 2154 2381 2211 genere
2409 2138 2680 2195 furtorutn
2715 2150 3032 2213 argumenta
3065 2141 3294 2212 profert,
3323 2144 3488 2200 ducto
3520 2161 3552 2200 a
3586 2147 3760 2215 poetis

2183 2232 2363 2295 initio,
2392 2246 2531 2303 quos
2552 2234 2783 2288 aliorum
2814 2243 3099 2305 poetarum
3135 2249 3327 2292 versus
3349 2248 3512 2308 atque
3536 2246 3758 2294 senten-

2180 2323 2287 2378 tias
2345 2321 2559 2381 furatos
2600 2339 2744 2390 esse,
2781 2340 2881 2380 sua
2926 2326 3197 2397 cujusque
3223 2328 3387 2382 verba
3423 2328 3567 2383 inter
3633 2340 3758 2386 sese

2181 2413 2542 2483 conferendo,
2582 2417 2799 2486 probat.
2851 2414 2993 2470 Tum
3044 2417 3118 2471 ita
3174 2420 3568 2490 prosequitur:
3613 2438 3633 2474 ι
3681 2420 3765 2496 Ne

2178 2508 2607 2578 philosophiam,
2639 2507 2844 2579 inquit,
2861 2516 2956 2563 aut
2982 2508 3291 2577 historiam,
3309 2521 3406 2566 aut
3431 2512 3603 2583 ipsam
3620 2529 3761 2584 quo-

2179 2615 2286 2671 que
2312 2600 2643 2656 rhetoricam
2681 2601 2785 2657 hac
2817 2600 3254 2671 reprehensione
3283 2619 3472 2661 carere
3499 2607 3625 2676 quis
3651 2623 3757 2677 pu—

2178 2700 2276 2757 tet,
2323 2684 2743 2763 verum'utique
2803 2692 2988 2759 fuerit,
3031 2709 3099 2750 ex
3149 2696 3217 2750 iis
3258 2696 3421 2751 etiam
3453 2699 3759 2769 disciplinis

2177 2784 2441 2839 nonnulla
2478 2783 2743 2854 proferre.
2785 2805 2804 2838 ι
2843 2786 2944 2842 Hic
2978 2785 3203 2857 Orphei,
3253 2785 3536 2857 Heracliti,
3570 2791 3754 2846 Plato-

2160 2875 2282 2941 ‘nis,
2310 2874 2654 2947 Pythagorae,
2687 2874 2970 2943 Herodoti,
2996 2876 3353 2948 Theopompi,
3396 2878 3751 2953 Thucydidis,

2159 2962 2584 3031 Demosthenis,
2611 2964 2916 3031 IEschinis,
2949 2967 3146 3040 Lysiae,
3181 2968 3462 3038 Isocratis,
3492 2981 3546 3028 et
3569 2973 3754 3029 inlini.

2174 3068 2356 3114 torum
2383 3060 2617 3114 aliorum
2662 3060 2782 3115 loca
2823 3059 2970 3113 inter
3006 3075 3130 3116 sese
3158 3062 3475 3127 committit,
3511 3074 3748 3132 quorum

2166 3151 2333 3205 verba
2381 3150 2749 3221 subjungere,
2796 3150 2954 3221 plane
2983 3166 3447 3221 supervacaneum
3496 3154 3588 3220 sit,
3619 3158 3745 3211 cum

2169 3241 2414 3310 ipsorunt
2457 3240 2757 3297 Clementis
2816 3243 3144 3311 scriptorum
3190 3243 3371 3313 quivis
3407 3246 3616 3314 copiam
3644 3247 3748 3303 hac

2167 3331 2313 3385 beat.
2364 3329 2466 3385 Ubi
2493 3333 2808 3388 auctoribus
2836 3333 2945 3388 illis
2978 3332 3111 3389 fu‘rti
3150 3334 3449 3401 convictis,
3478 3337 3583 3392 ista
3617 3338 3748 3395 sub—

2166 3420 2245 3475 dit
2273 3438 2287 3475 :
2314 3416 2350 3472 ἰ
2392 3421 2570 3491 Atque
2622 3423 2739 3477 haec
2769 3422 3065 3489 furtorum,
3106 3423 3301 3493 inquit,
3332 3426 3376 3479 si
3412 3428 3740 3484 sententiam

2165 3520 2399 3581 spectes,
2429 3513 2571 3582 apud
2592 3511 2813 3568 Gnecos
2837 3513 2985 3569 varia
3012 3515 3169 3584 quasi
3186 3529 3407 3584 genera,
3430 3517 3480 3571 ei
3497 3518 3743 3588 quidem,

2167 3604 2260 3674 qui
2315 3606 2511 3661 mentis
2570 3607 2688 3662 acie
2736 3606 3069 3678 solertiaque
3118 3609 3331 3677 valeat,
3366 3611 3634 3668 evidentis
3678 3628 3745 3669 ac

2165 3696 2441 3754 manifesti
2472 3700 2705 3770 exempli
2733 3714 2900 3755 causa
2935 3702 3069 3757 satis
3100 3709 3282 3757 erunt.
3319 3700 3440 3757 1am
3470 3718 3602 3759 vero
3632 3721 3742 3762 non

2175 3785 2359 3847 solas,
2408 3794 2468 3839 ut
2501 3800 2531 3839 a
2565 3788 2724 3841 nobis
2761 3789 3100 3853 ostendetur,
3139 3790 3436 3846 sententias
3474 3807 3748 3864 vocesque

2174 3872 2423 3930 suifurati
2453 3884 2606 3939 sunt,
2626 3884 2718 3931 aut
2746 3877 3101 3948 interpretum
3130 3894 3280 3936 more
3315 3879 3492 3937 fusius
3519 3883 3742 3957 elocuti,

2139 3964 2149 3975 ”
2173 3964 2268 4020 sed
2299 3966 2474 4020 aliena
2503 3967 2666 4020 etiam
2695 3982 2860 4038 opera
2892 3984 2991 4039 pro
3022 3968 3160 4034 suis,
3198 3986 3363 4041 quam
3395 3973 3556 4042 longe
3590 3983 3742 4040 sunt,

2171 4054 2391 4110 edidere
2417 4072 2430 4108 :
2453 4063 2513 4109 ut
2545 4054 2911 4126 Eugrammon
2960 4058 3050 4112 ille
3072 4058 3386 4127 Cyrenaeus,
3419 4063 3513 4132 qui
3538 4061 3744 4119 Musmo

2170 4142 2471 4198 detractum
2498 4144 2750 4199 volumen
2792 4146 2857 4200 de
2887 4145 3185 4218 Thesproti:
3219 4149 3488 4220 integrum
3519 4154 3742 4209 nomine

2170 4233 2413 4304 vulgavit
2431 4248 2553 4288 suo.
2581 4252 2600 4286 ι
2625 4233 2780 4300 Quod
2804 4236 2919 4306 ipse
2940 4247 3293 4307 posteaquam
3321 4241 3511 4297 multis
3537 4244 3740 4298 confir-

2170 4333 2376 4379 matum
2398 4339 2463 4379 ac
2487 4332 2743 4380 testatum
2771 4327 3033 4395 exemplis
3062 4329 3316 4399 reliquit,
3338 4330 3406 4385 ad
3426 4343 3735 4391 extremum

2168 4415 2244 4471 ita
2270 4415 2581 4470 concludit:
2614 4433 2635 4468 ι
2674 4415 2790 4471 Vita
2813 4432 2898 4472 me
2922 4416 3155 4484 deficiat,
3180 4419 3376 4490 inquit,
3403 4422 3447 4477 si
3469 4423 3733 4495 quidquid

1062 4493 1444 4603 διελέγχονταί,
1497 4526 1634 4582 ἀλλὰ
1685 4493 1805 4582 καί.
1830 4526 2051 4598 προσέτι

2186 4506 2272 4569 .lli,
2302 4506 2431 4560 dum
2462 4520 2584 4560 sese
2605 4506 2834 4562 nimium
2864 4520 3071 4575 amant,
3098 4507 3299 4565 furtive
3325 4493 3736 4583 surripuerunt,

477 4629 914 4704 ἀπομιμούμενοι
939 4626 1012 4681 τὰ
1065 4626 1195 4697 παρ’
1216 4624 1369 4695 ἡμῖν,
1394 4618 1601 4675 ἄνωθεν
1638 4620 1705 4672 ἐκ
1754 4621 1853 4691 τῆς
1902 4616 2052 4681 θείας

477 4723 759 4794 δυνάμεως
779 4719 867 4774 διὰ
895 4717 1005 4773 τῶν
1028 4716 1195 4788 ἁγίως
1226 4714 1563 4786 βεϐιωκότων
1601 4712 1682 4776 είς
1724 4709 1824 4782 τὴν
1855 4710 2052 4780 ήμετέι-

548 4856 629 4929 (i)
666 4857 804 4913 Καθ’
839 4855 871 4910 ὃ
893 4857 1358 4929 σημαινόμενον.
1390 4850 1578 4929 Graeca
1606 4848 1693 4903 hic
1713 4844 2046 4929 subhorrida

479 4916 630 4991 sunt,
655 4932 758 4983 nec
784 4916 1203 4994 tamen'opino'r,
1235 4938 1267 4978 a
1296 4921 1456 4993 genio
1481 4917 1779 4994 Clementis
1812 4916 1990 4994 aliena
2021 4934 2034 4971 :

477 4998 593 5053 vult
617 4984 784 5064 enim,
815 4996 918 5051 hoc
950 4984 1160 5050 tantum
1187 4984 1372 5059 sensu,
1393 4999 1671 5064 quatenus
1701 4988 1757 5041 in
1787 4984 2051 5064 profano-
2118 5038 2123 5043 .

468 5083 598 5123 rum
627 5054 1020 5141 cogitationum
1043 5065 1180 5141 lucis
1204 5054 1494 5141 aliquidex
1525 5054 2049 5141 divinorum‘hihro-

476 5153 600 5192 rum
633 5126 782 5193 fonte
815 5134 1156 5200 redundavit,
1179 5132 1249 5188 ad
1277 5126 1499 5189 eosdem
1526 5128 1780 5185 furtivam
1806 5126 2046 5197 aliquam

477 5209 735 5283 veritatis
756 5205 1076 5283 particulam
1105 5202 1438 5283 pervenisse.
1548 5269 1562 5283 ο

551 5278 628 5353 (2)
679 5267 1711 5353 Ἐρὶδεχόμεῖιςοιξηιιιιενοοεηιλιιιιεε
1769 5282 1908 5353 cum
1937 5267 2048 5353 απ-

475 5339 779 5417 εδείξαμεν,
810 5339 1189 5400 adverbialiter
1211 5343 1355 5397 enim
1385 5341 1529 5398 sutni
1547 5339 1792 5401 ’videtur,
1820 5350 1919 5407 pro
1947 5339 2049 5407 ἐφ-

475 5416 607 5464 εξῆε
630 5416 1015 5464 ἑκδεγοιιὲνως.
1056 5424 1148 5464 aut
1176 5413 1337 5464 simil.

475 5416 607 5487 εξῆς
630 5416 1016 5487 ἐκδεχομένως,
1056 5424 1148 5469 aut
1176 5416 1337 5469 simil.
1938 5474 1949 5486 _

551 5487 627 5565 (ὅ)
659 5487 759 5565 39c
785 5483 1222 5565 δεικθτίτζρττταξ·
1261 5480 1390 5565 Post
1421 5482 1536 5565 haec
1559 5476 1762 5565 Herba.
1785 5482 2047 5565 ΞΨΞΨ

479 5546 621 5632 apud
652 5546 917 5632 Clérnen't'.
953 5546 1117 5632 {me
1146 5552 1254 5632 γαρ
1285 5552 1380 5605 καὶ
1409 5550 1477 5603 τὰ
1500 5546 1969 5632 φῴριαργτικρυς
1984 5546 2045 5632 δί

478 5612 717 5750 ἒόῖληρα
750 5626 959 5696 ἔχοντες
1001 5612 1459 5693 διελεχθῆσονται·
1505 5612 1804 5677 αὐτοτελῶς
1835 5612 1944 5685 γὰρ
1979 5612 2044 5666 τὰ

509 5714 540 5749 τ
573 5713 623 5750 ρ.
653 5705 757 5750 etc.
906 5748 910 5750 Α

509 5705 623 5767 τέρ.
653 5705 757 5750 etc.

524 5748 531 5749 ί
550 5748 626 5836 (λ)
647 5748 1029 5833 Εὖφάμιὶων.
1060 5760 1322 5819 Clementi
1353 5758 1608 5825 εὺγάμων
1634 5756 1850 5822 dicitur,
1882 5754 2038 5808 item-
2072 5823 2082 5829 _
2116 5778 2119 5779 ν

2122 4610 2131 4623 κ
2166 4610 2439 4667 exponere
2462 4595 2738 4667 sigillatim
2765 4607 2819 4653 et
2850 4612 3149 4670 coarguere
3184 4601 3423 4659 voluero
3450 4621 3465 4659 :
3496 4620 3598 4661 nec
3625 4623 3735 4663 non

2167 4697 2223 4743 ut
2240 4685 2601 4757 pulcherrima
2614 4702 2845 4758 quaeque
2856 4688 3259 4762 dogmata,quze
3276 4707 3307 4747 a
3320 4693 3478 4750 nobis
3495 4695 3733 4765 primum

2166 4855 2272 4908 que
2295 4839 2436 4908 apud
2466 4837 2759 4895 Eusebium
2794 4849 3041 4896 nostrum
3069 4842 3124 4897 in
3151 4840 3442 4907 Chronico,
3486 4842 3576 4900 ubi
3606 4862 3731 4904 eum

2165 4911 2280 4988 sub
2310 4909 2624 4988 Olympiade
2655 4925 2752 4964 ιιιι
2782 4912 3084 4988 constituit.
3123 4910 3260 4966 Nam
3294 4912 3589 4988 Gregorius
3624 4916 3734 4988 Gy-

2165 4978 2287 5053 rald_
2337 4978 2650 5053 l)ialogo_de
2670 4988 2805 5053 poet:
2853 4981 2908 5047 3,
2942 4978 3733 5053 ElementemrEusebiumque

2165 5047 2424 5113 laudans,
2457 5047 2734 5118 antiquam
2780 5048 2917 5109 forte
2940 5051 3230 5106 Eusebiani
3259 5050 3507 5107 Chronici
3533 5047 3729 5109 editio-

2120 5124 2127 5133 '
2163 5117 2963 5190 nemAsecutusi,’Eugatnnum
2989 5160 3005 5183 ,
3047 5130 3304 5190 corrupto
3325 5163 3342 5187 ,
3381 5134 3443 5177 ut
3477 5124 3728 5188 videtur,

2163 5187 2386 5261 nomine
2414 5186 2729 5261 appellavit;
2751 5186 2868 5261 Non
2900 5204 3028 5259 ergo
3058 5186 3335 5260 fugit'hic'
3374 5193 3607 5261 scriptor
3634 5186 3730 5247 ho;

2164 5257 2329 5344 {ninis
2352 5257 2707 5344 octtlatissitni
2735 5257 3094 5344 diligentiam,
3125 5257 3194 5344 ut
3215 5263 3429 5344 putavit
3459 5257 3725 5344 Scaliger.

2161 5323 2211 5397 i_s
2237 5340 2397 5397 porro
2431 5341 2536 5380 non
2564 5336 2773 5380 tantum
2804 5323 3111 5396 Thesprotia
3144 5323 3399 5397 scripsit,
3425 5333 3519 5386 sed
3560 5323 3727 5388 etiam

2165 5394 2515 5466 Telegonjom,
2548 5405 2604 5450 ut
2634 5396 2862 5466 habetur
2895 5394 2950 5449 in
2984 5397 3106 5466 eod.
3145 5394 3426 5461 Chronico,
3454 5402 3596 5458 sicut
3622 5402 3729 5456 Ho-

2160 5463 2347 5535 merus
2378 5463 2670 5535 Ulysseam,
2693 5464 2978 5535 {Eneidem
3011 5465 3289 5535 Virgilius,
3318 5470 3411 5523 alii
3432 5472 3548 5527 alia
3579 5489 3591 5522 :
3622 5473 3727 5527 nisi

2160 5533 2634 5613 pro‘Teleggniam,
2657 5536 2818 5591 malis
2847 5533 3219 5607 Theogoniam,
3237 5539 3385 5610 quod
3410 5541 3465 5596 in
3498 5545 3726 5613 antiqua

2158 5602 2454 5659 editione'f
2454 5613 2621 5658 uerat.

2230 5672 2307 5742 (ὃ)
2331 5673 2655 5754 summa;
2671 5690 2749 5742 με
2769 5678 2803 5729 ὀ
2816 5675 3236 5754 βίοςιξζξειδηι
3266 5682 3552 5751 sequentia
3577 5682 3724 5754 apud

2157 5744 2417 5803 Clemeut.
2446 5744 2567 5798 eod.
2598 5744 2689 5800 lib.
2723 5761 2799 5811 vt,
2825 5760 2948 5814 pag.
2978 5745 3107 5804 255.
