4194 6456
460 220 564 279 ΤΙΙ

1137 224 1406 282 EUSEBll
1443 223 1924 282 CESARIENSIS
1954 218 2038 282 ΟΡ

2142 226 2330 284 PARS
2355 228 2422 282 11.
2463 256 2531 271 -
2566 216 3062 284 APOLOGETICA.

3594 222 3708 289 7'72

467 335 766 393 constituta
796 349 1168 408 sumpserunt,
1195 355 1308 409 .pro
1333 339 1451 396 suis
1479 349 1664 409 postea
1686 340 2032 397 venditarint.

2142 360 2240 416 ραν
2267 330 2599 415 ἐπιστροφὴν
2631 341 2947 414 παραδόξως
2981 341 3367 414 ἐνεργούμενα,
3426 340 3711 422 Ἑλληνικῇ

461 426 632 500 m
665 426 820 485 Nunc
856 445 985 483 vero
1034 445 1143 484 non
1198 430 1332 485 satis
1364 431 1467 501 ipsi
1521 430 1877 487 barbarorum
1916 447 2044 487 sen-

468 519 673 575 tentias
696 519 875 591 palam
905 520 1161 575 suﬂ'urari
1207 520 1554 584 habuerunt;
1605 522 1703 577 sed
1735 523 1897 577 etiam
1953 536 2042 578 res

466 612 710 666 aemulati
749 624 998 676 nostras,
1041 627 1165 681 qua:
1194 613 1368 666 nostri
1401 611 1685 667 erudiendi
1731 628 1898 668 causa
1935 611 2041 666 viri

468 702 844 770 sanctissimi,
896 718 1061 774 supra
1095 718 1440 759 communem
1470 704 1760 758 hominum
1826 702 2043 773 opinio-

468 808 617 860 nem,
646 794 829 849 divina
852 794 903 848 vi
934 804 1084 849 tanto
1117 804 1240 850 ante
1263 796 1621 865 perfecerant,
1647 812 1711 851 ea
1726 796 2040 851 Graecarum

466 883 781 940 tabularum
830 887 1092 942 monstris
1143 888 1455 942 induerunt.
1486 886 1800 951 Enimvero,
1831 902 2041 957 quaere-

467 990 594 1031 mus
613 990 683 1030 ex
711 976 800 1043 iis,
826 992 1028 1032 verane
1049 978 1158 1033 sint
1183 994 1252 1032 an
1287 978 1419 1033 falsa
1456 994 1579 1049 quae
1615 986 1857 1032 narrant.
1879 977 2037 1034 Falsa

467 1067 659 1136 utique
689 1081 966 1137 nunquam
998 1083 1119 1123 esse
1145 1069 1417 1131 dixerint;
1450 1084 1551 1123 nec
1579 1069 1725 1123 enim
1768 1068 2039 1124 sententia

464 1171 569 1213 sua
593 1167 755 1213 tanta:
793 1174 853 1214 se
893 1159 968 1212 illi
1005 1152 1245 1214 stultitiae
1284 1159 1695 1223 damnaverint,
1754 1168 1814 1215 ut
1842 1160 1939 1214 abs
1981 1175 2040 1215 se

464 1245 607 1305 falsa
639 1250 807 1305 scribi
829 1248 1126 1305 fateantur.
1185 1249 1324 1305 Vera
1364 1252 1528 1322 igitur
1558 1252 1646 1305 illa
1693 1266 1815 1306 esse
1854 1248 2041 1305 defen-

462 1338 614 1397 dent.
649 1341 761 1396 Cur
784 1356 937 1410 ergo,
972 1357 1093 1411 qua
1121 1357 1152 1396 a
1193 1340 1376 1412 Moyse
1415 1342 2039 1412 prophetisquecazteris

456 1433 611 1490 edita
641 1433 903 1489 miracula
933 1445 1081 1499 sunt,
1111 1433 1272 1489 ﬁdem
1317 1434 1424 1489 illis
1471 1435 1649 1490 adhuc
1690 1450 1909 1507 omnem
1946 1451 2041 1490 sn-

2144 435 2440 507 μυθολογίᾳ
2482 435 2557 506 (6)
2616 435 3046 506 τερατευόμενοι.
3106 436 3217 491 Καὶ
3258 435 3345 507 δὴ,
3400 430 3717 510 πευσδμεθα

2140 527 2250 599 γὰρ
2276 527 2473 591 αὐτῶν,
2496 512 2619 597 ἦτοι
2646 526 2818 597 ἀληθῆ
2847 525 3020 581 ταῦτά
3046 528 3212 592 ἐστιν,
3252 526 3288 581 ἃ
3322 528 3646 600 ἱστοροῦσιν,
3678 524 3713 601 ἢ

2139 610 2329 690 ψευδῆ.
2375 610 2555 690 Ψευδῆ
2591 620 2689 691 μὲν
2717 622 2816 674 ούκ
2847 621 2913 676 ἂν
2937 622 3181 692 φήσαιενο
3228 619 3289 672 οὐ
3322 620 3430 692 γὰρ
3454 620 3518 674 ἂν
3546 639 3716 676 κατα-

2138 709 2463 779 ψηφίσαιντο
2493 712 2699 765 ἐαυτῶν
2719 712 2931 775 ἐκόντες
2951 712 3049 782 τὴν
3080 711 3338 781 μεγίστην
3360 709 3632 781 εὐήθειαν.
3654 711 3716 765 τδ

2138 801 2306 873 ψευδῆ
2336 802 2684 874 συγγράφειν·
2729 801 2901 873 ἀληθῆ
2929 802 2974 855 δ’
3004 797 3141 854 εἶναι
3173 799 3233 865 ἐξ
3264 801 3507 871 ἀνάγκης
3534 802 3717 873 ὁμολο-

2138 893 2389 962 γήσαιεν.
2424 891 2534 945 Καὶ
2562 890 2678 955 πῶς
2720 891 2799 945 ἐτι
2843 891 3046 945 ἄπιστα
3100 889 3283 952 αὐτοῖς
3326 890 3715 959 καταφαίνεται

2138 982 2303 1037 τάδιά
2326 983 2589 1047 Μωσέως,
2637 984 2730 1036 καὶ
2755 981 2865 1037 τῶν
2901 982 3073 1036 ἀλλων
3096 983 3388 1054 προφητῶν
3417 983 3716 1052 τεραστίως

2139 1072 2583 1147 ἐπιδεδειγμένα;
2620 1074 2841 1129 Πάντων
2864 1074 2970 1145 γὰρ
3000 1072 3300 1146 ἀνθρώπων
3349 1075 3377 1127 ὁ
3408 1072 3714 1144 παντοκρά-

2138 1178 2252 1240 τωρ
2282 1168 2574 1240 κηδόμενος
2607 1168 2760 1232 Θεὸς,
2786 1168 2911 1230 τοὺς
2933 1167 3031 1237 μὲν
3058 1165 3315 1229 ἐντολαῖς,
3338 1165 3465 1228 τοὺς
3491 1164 3537 1216 δ’
3556 1165 3715 1217 ἀπειλ-

2137 1260 2279 1324 λαῖς,
2315 1259 2428 1314 ἔστι
2461 1261 2504 1314 δ’
2521 1259 2614 1325 οὒς
2638 1259 2883 1331 σημείοις
2914 1258 3234 1331 τεραστίοις,
3257 1255 3429 1319 ἐνίους
3448 1255 3504 1308 δέ
3531 1255 3713 1325 ἠπίοις

2139 1353 2489 1422 ἐπαγγελίαις
2519 1353 2835 1425 ἐπιστρέφει
2868 1353 3005 1426 πρὸς
3031 1352 3320 1422 σωτηρίαν.
3356 1350 3502 1421 Πλὴν
3529 1349 3641 1403 ἀλλ’
3661 1349 3712 1402 oi

2142 1445 2419 1516 Ἕλληνες,
2451 1445 2663 1516 αὐχμοῦ
2716 1462 2845 1499 ποτε
2910 1444 3009 1514 τὴν
3070 1443 3295 1497 Ἐλλάδα
3348 1441 3713 1515 πολυχρονίως

458 1537 659 1595 perare
704 1524 1032 1580 vidcantur?
1064 1523 1201 1580 Nam
1250 1535 1553 1596 praepotens
1592 1527 1680 1582 ille
1709 1522 1852 1583 Deus
1875 1566 1893 1591 ,
1940 1542 2038 1596 pro

2139 1537 2472 1610 φθείροντος,
2502 1537 2596 1591 καὶ
2629 1530 2930 1607 ἐπεχούσης
2955 1536 3176 1603 ἀγονίας
3207 1533 3454 1606 καρπῶν,
3477 1535 3527 1588 οἱ
3555 1543 3713 1588 καταδ

463 1632 531 1674 ea
576 1632 685 1689 qua
737 1618 988 1673 homines
1041 1617 1329 1673 universos
1382 1633 1513 1673 cura
1558 1618 2038 1688 benevolentiaque

2139 1629 2466 1698 λειφθέντες,
2499 1630 2649 1698 φασὶ,
2674 1625 2762 1682 διὰ
2793 1629 2949 1698 λιμὸν
2975 1627 3148 1681 ἱκέται
3169 1625 3601 1697 παραγενόμενοι
3632 1627 3712 1688 είς

460 1711 864 1781 complectitur,
898 1711 1073 1781 jussis
1103 1713 1278 1776 alios,
1310 1711 1447 1765 alios
1501 1710 2034 1779 comminationibus,

2139 1720 2390 1791 Δελφοὺς,
2414 1718 2611 1792 ¹ἤροντο
2665 1718 2762 1790 τὴν
2826 1718 3048 1781 Πυθίαν,
3083 1714 3199 1781 πῶς
3252 1716 3319 1771 ἂν
3350 1717 3710 1785 ἀπαλλαγεῖεν

459 1801 727 1872 prodigiis
767 1802 933 1857 etiam
976 1802 1346 1872 monstrisque
1383 1802 1675 1857 nonnullos
1704 1843 1720 1869 ,
1767 1803 2035 1872 quosdam

2139 1806 2226 1862 τοῦ
2258 1807 2451 1861 δεινοῦ.
2490 1808 2633 1862 Μίαν
2694 1800 2737 1860 δ’
2764 1808 2946 1870 αὐτοῖς
3001 1806 3229 1878 ἔχρησεν
3270 1806 3590 1878 ἀπαλλαγὴν
3618 1805 3708 1878 τῆς

462 1906 596 1949 vero
624 1892 840 1949 blandis
864 1893 1327 1964 promissionibus
1348 1894 1416 1948 ad
1436 1894 1817 1964 cogitatlonem
1845 1896 2038 1952 salutis

2139 1902 2442 1972 συμφορᾶς,
2473 1902 2522 1953 εί
2546 1901 2843 1972 χρήσαιντο
2872 1903 2939 1970 τῇ
2992 1898 3193 1953 Αἰακοῦ
3244 1898 3399 1969 εὐχῇ.
3461 1897 3710 1961 Πεισθεὶς

464 1988 708 2046 adducit.
740 1988 917 2046 Gmi
952 1990 1263 2057 enimvero,
1313 2005 1440 2045 cum
1472 1990 1815 2059 diuturniore
1860 2006 2038 2061 quon-

2139 1987 2228 2046 οῦν
2256 1991 2436 2055 αὐτοῖς
2469 1991 2688 2055 Αίακδς,
2740 1989 2974 2044 ἀνελθὼν
3006 1991 3097 2043 ἐπὶ
3121 1990 3181 2042 τὸ
3206 1984 3335 2061 ὅρος
3368 1989 3429 2042 τδ
3473 1988 3711 2060 Ἐλληνιδ

455 2079 592 2135 dam
635 2088 771 2136 astu
806 2078 1015 2136 Graecia
1065 2082 1270 2151 passim
1319 2081 1583 2137 exhausta
1635 2083 1945 2153 squaleret,
1985 2092 2038 2138 et

2139 2080 2253 2147 κδν,
2291 2085 2390 2148 τὰς
2410 2084 2660 2157 καθαρὰς
2696 2086 2883 2155 χεῖρας
2936 2083 3181 2147 ἐκτείνας
3225 2083 3306 2145 είς
3334 2076 3580 2153 οὐρανὸν,
3607 2098 3713 2135 xor-

460 2170 625 2243 longa
650 2170 869 2242 frugum
894 2172 1142 2227 omnium
1185 2172 1363 2227 inedia
1393 2183 1765 2242 premeretur,
1810 2175 1905 2244 qui
1939 2191 2038 2230 su-

2139 2168 2224 2229 νὸν
2257 2175 2582 2239 ἐπικαλέσας
2636 2174 2847 2243 πατέρα
2885 2174 2976 2227 τὸν
3036 2168 3189 2237 Θεὸν,
3222 2173 3421 2245 ηὔξατο
3448 2175 3711 2243 οἰκτεῖραι

458 2263 718 2335 perstites
744 2263 924 2319 adhuc
955 2275 1132 2327 erant,
1167 2261 1350 2328 famis,
1388 2265 1663 2334 inquiunt,
1711 2265 2038 2336 depellenda:

2139 2263 2295 2318 αύτδν
2327 2264 2741 2336 τετρυχωμένην
2774 2263 2871 2334 τὴν
2905 2261 3148 2316 Ἐλλάδα.
3199 2264 3349 2333 Ἅμα
3379 2260 3436 2317 δέ
3489 2263 3713 2333 εὐχομέ-

458 2368 652 2419 causa,
685 2353 919 2424 Delphos
948 2354 1221 2425 supplices
1269 2355 1473 2410 adiere.
1530 2354 1645 2424 llis,
1678 2357 2037 2426 quemadmo-

2139 2373 2251 2420 νου,
2306 2355 2500 2426 βροντὴ
2556 2355 2789 2419 ἐξαίσιος
2843 2354 3168 2419 ύπεκτύπει,
3196 2356 3289 2409 καὶ
3319 2352 3427 2418 πᾶς
3476 2357 3505 2408 ὁ
3550 2353 3714 2426 πέριξ

462 2447 594 2503 dum
622 2454 774 2502 tanto
804 2447 950 2502 malo
975 2446 1420 2517 defungeremur,
1441 2448 2033 2510 consulentibus,viam

2139 2446 2245 2519 ἀὴρ
2273 2446 2547 2515 ἐνεφοῦτσ
2572 2444 2762 2517 λάϐροι
2791 2446 2847 2499 δὲ
2877 2446 2970 2499 καὶ
3000 2448 3238 2516 συνεχεῖς
3268 2444 3486 2517 ὄμϐροι,
3508 2447 3714 2518 καταρ-

462 2538 608 2592 hanc
639 2551 801 2591 unam
840 2535 1032 2608 Pythia
1067 2538 1308 2594 levandae
1354 2540 1684 2595 calamitatis
1708 2544 1952 2611 aperuit,
1988 2543 2035 2597 si

2140 2538 2418 2611 ῥαγέντες,
2461 2537 2589 2609 ὃλην
2643 2538 2963 2608 ἐπλήρωσαν
3007 2538 3103 2608 τὴν
3167 2538 3366 2609 χώραν.
3434 2534 3714 2592 Ἐντεῦθεν

462 2625 621 2683 ,Εαοί
643 2628 895 2698 precibus
933 2637 1237 2686 uterentur.
1269 2628 1480 2697 Quibus
1512 2631 1600 2687 ille
1632 2634 2033 2699 obsecundans,

2139 2628 2367 2698 ἄφθονος
2408 2630 2501 2681 καὶ
2548 2627 2776 2681 πλουσία
2824 2629 3224 2700 τελεσφορεῖται
3281 2629 3555 2700 εύκαρπία
3595 2632 3713 2693 ταῖς

462 2718 699 2788 aliquem
728 2717 784 2773 in
813 2717 1037 2773 Gracia
1072 2728 1313 2774 montem
1350 2722 1669 2777 conscendit
1718 2723 1900 2793 ibique
1931 2739 2035 2794 pu-

461 2810 542 2866 ris
572 2811 630 2865 in
667 2810 867 2866 uelum
899 2811 1153 2865 manibus
1176 2811 1427 2879 sublatis,
1459 2829 1806 2869 communem
1841 2814 2033 2883 Deum,

460 2905 543 2959 uti
571 2919 696 2960 eum
728 2903 952 2974 perdita
973 2902 1194 2959 Graecia:
1223 2904 1632 2960 commiseratio
1653 2914 1898 2976 caperet,
1936 2907 2037 2960 ob-

2134 2721 2339 2775 Αίακοῦ
2386 2720 2765 2792 γεωργηθεῖσα
2809 2722 3015 2791 εὐχαῖς.
3080 2722 3228 2775 «Καὶ
3273 2722 3657 2783 ἐπεκαλέσατο,
3687 2740 3708 2773 θ

2137 2810 2305 2884 φησὶ,
2363 2832 2384 2865 ε
2432 2810 2684 2883 Σαμουὴλ
2739 2813 2831 2864 τὸν
2896 2812 3133 2884 Κύριον,
3212 2814 3307 2866 καὶ
3377 2813 3544 2867 ἔδωκε
3605 2813 3715 2867 Κύι

2138 2921 2250 2977 ριος
2279 2903 2482 2973 φωνὰς,
2510 2904 2602 2958 καὶ
2629 2903 2782 2957 ὑετὸν
2811 2905 2869 2959 ἐν
2922 2905 3103 2976 ἡμέρα
3162 2905 3440 2977 θεριεμοῦ.
3490 2926 3509 2957 ι
3530 2907 3712 2980 Ὁρᾷς,

458 2996 712 3053 sacravit.
751 2993 1015 3051 Precibus
1040 2994 1131 3049 ille
1174 2996 1304 3050 dum
1365 2995 1611 3062 instaret,
1645 2997 1837 3067 ingens
1890 2997 2035 3053 illico

2139 2997 2219 3050 ὅτι
2255 2999 2285 3050 ὁ
2316 2996 2567 3068 «βρέχων
2614 2992 2709 3049 ἐπὶ
2761 2996 3001 3061 δικαίους
3032 2998 3127 3051 καὶ
3175 2998 3389 3064 ἀδίκους
3453 2999 3540 3054 διά
3610 3000 3716 3055 τῶν

456 3089 664 3144 tonitru
691 3088 961 3152 exaudiri,
1002 3088 1236 3144 nubibus
1278 3088 1487 3143 circum
1548 3087 1791 3158 undique
1839 3088 2037 3144 obduci

459 3180 684 3242 coelum,
714 3180 984 3235 immensa
1019 3180 1390 3249 continuaque
1438 3179 1521 3233 vis
1566 3179 1824 3233 imbrium
1875 3187 2033 3233 vasto

458 3273 666 3343 impetu
696 3272 975 3342 regionem
1013 3270 1323 3326 universam
1369 3271 1654 3327 inundare.
1703 3264 1833 3325 Inde
1880 3268 2036 3325 beata

460 3365 658 3421 messis
684 3364 977 3427 exsistens,
1004 3360 1159 3418 Eaci
1186 3363 1330 3418 culta
1376 3374 1601 3433 sataque
1630 3364 1883 3432 precibus
1901 3403 1916 3425 ,
1966 3362 2037 3417 ad

460 3454 640 3509 laetam
668 3454 1034 3508 maturitatem
1090 3452 1421 3522 perducitur.
1459 3472 1479 3504 ι
1517 3452 1783 3507 Nimirum
1807 3494 1824 3518 ,
1860 3453 2039 3522 inquit

462 3547 779 3618 Scriptura,
836 3546 1112 3602 invocavit
1158 3544 1379 3599 Samuel
1420 3543 1730 3610 Dominum,
1783 3545 2039 3614 deditque

462 3637 726 3692 Dominus
754 3651 916 3692 voces
935 3642 989 3689 et
1017 3635 1256 3704 pluviam
1283 3634 1338 3687 in
1368 3634 1455 3688 die
1482 3634 1677 3688 messis
1700 3628 1769 3689 ⁸¹.
1815 3653 1833 3686 ι
1877 3634 2037 3690 Vides

462 3744 633 3784 unum
698 3743 819 3783 esse
881 3727 1094 3789 Deum,
1156 3725 1254 3795 qui
1310 3740 1406 3794 per
1462 3724 1738 3792 subiectas
1803 3725 2035 3780 virtutes

2141 3089 2591 3160 ὑποτεταγμένων
2620 3089 2934 3160 δυνάμεων;
2974 3109 2992 3141 ι
3042 3087 3153 3143 Καὶ
3193 3090 3265 3144 τὰ
3320 3091 3465 3163 ἑξῆς.
3498 3093 3719 3158 Τούτοις

2145 3179 2313 3252 μυρία
2342 3180 2582 3250 συνάψας
2636 3181 2664 3233 ὁ
2710 3181 2962 3252 Κλήμης,
2997 3177 3229 3246 κλέπτας
3283 3182 3564 3251 γεγονέναι
3591 3187 3718 3247 τοὺς

2143 3271 2408 3342 Ἕλληνας
2428 3271 2850 3343 ἀναμφιλέκτοις
2897 3271 3137 3343 ἐλέγχοις
3188 3273 3595 3347 κατεφώρασεν.
3654 3274 3715 3329 ΕΞ

2141 3362 2200 3415 δέ
2226 3378 2306 3414 σοι
2343 3361 2416 3431 μὴ
2442 3362 2629 3424 πιστὸς
2656 3354 2832 3425 οῦτος,
2863 3362 2956 3415 ἅτε
3004 3360 3106 3430 τῆς
3151 3359 3468 3431 Ἑλληνικῆς
3496 3362 3588 3416 καὶ
3619 3366 3720 3417 αὐ·-

2141 3453 2231 3517 τδς
2258 3453 2355 3524 τὴν
2386 3452 2656 3523 βάρϐαρον
2676 3450 2873 3521 ὁμοίως
2894 3450 3024 3521 ήμῖν
3049 3449 3465 3521 προτετιμηκὼς
3503 3450 3716 3521 φιλοσοιι

2143 3547 2289 3615 φίαν·
2321 3544 2415 3598 καὶ
2468 3544 2533 3614 δὴ
2590 3542 2789 3605 ὲάσθω,
2843 3541 3044 3611 καίπερ
3073 3541 3173 3594 οὐκ
3215 3540 3441 3604 οἰκείαις
3490 3546 3712 3609 φωναῖς,

2141 3639 2259 3700 ταῖς
2287 3633 2330 3687 δ’
2363 3633 2540 3687 αὐτῶν
2580 3631 2842 3701 Ἑλλήνων
2872 3623 3179 3692 ἁπευθύνας
3208 3630 3297 3682 τὸν
3350 3628 3527 3699 λόγον.
3558 3633 3623 3684 Τί
3667 3631 3713 3685 δ’

2140 3726 2207 3781 ἂν
2239 3726 2432 3790 εἴποις,
2459 3726 2508 3778 εί
2560 3723 2627 3777 τὰ
2672 3724 2829 3792 ὅμοια
2860 3723 2954 3776 καὶ
2994 3725 3119 3794 παρ’
3150 3723 3327 3775 αὐτῶν
3368 3722 3558 3794 μάθοις
3604 3724 3713 3779 τῶν

464 3840 488 3874 ε
520 3819 677 3890 pluit,
712 3833 875 3888 super
894 3817 1074 3887 iustos
1101 3824 1155 3870 et
1178 3814 1450 3885 injustos?
1487 3833 1506 3866 ι
1547 3813 1614 3868 Ει
1647 3829 1767 3882 quae
1786 3829 2031 3883 sequun—

2139 3814 2398 3885 γενναίων
2425 3829 2518 3866 σου
2549 3811 2885 3882 φιλοσόφων;
2923 3811 3086 3881 Δὲχου
3114 3812 3247 3883 δῆτα
3278 3826 3371 3866 και
3396 3813 3599 3867 τούτων
3616 3815 3714 3878 τὰς

458 3920 573 3968 tur.
623 3910 838 3966 Inﬁnita
895 3908 1097 3981 quippe
1148 3906 1427 3976 subiungit
1489 3904 1781 3968 Clemens,
1832 3905 2033 3974 quibus

2141 3905 2464 3979 μαρτυρίας.

458 4014 723 4076 tanquam
791 4000 1112 4060 certissimis
1154 3998 1566 4070 probationibus
1619 3998 1926 4061 Graecorum
1965 3999 2108 4055 furta
2148 3995 2433 4053 manifeste
2464 3994 2727 4065 coarguit.
2754 3994 2858 4061 Qui
2884 3996 2932 4051 si
2972 3995 3067 4050 tibi
3103 3994 3242 4052 forte
3271 4010 3553 4067 suspectus
3583 3999 3710 4065 erit,

456 4095 605 4167 quod
663 4095 885 4168 perinde
940 4110 1009 4151 ac
1059 4109 1161 4150 nos
1217 4093 1571 4149 barbarorum
1628 4094 2027 4164 philosophiam
2065 4094 2265 4151 Grazcae
2286 4091 2585 4162 praetulerit
2615 4091 2729 4159 ipse
2749 4105 2967 4160 quoque
3008 4091 3290 4146 omittatur
3338 4093 3428 4147 ille
3469 4093 3712 4162 quidem,

455 4192 681 4248 tametsi
736 4205 845 4246 non
891 4191 1037 4255 suis,
1092 4189 1185 4245 sed
1243 4187 1557 4243 Graecorum
1605 4188 1846 4258 ipsorum
1892 4189 2118 4244 vocibus
2155 4188 2300 4242 hanc
2345 4183 2772 4255 disputationem
2836 4183 3175 4238 instruxerit.
3224 4182 3362 4249 Quid
3419 4184 3716 4252 responde-

454 4282 541 4340 bis
573 4298 760 4355 porro,
784 4283 831 4338 si
854 4280 1033 4336 alIinia
1070 4294 1299 4351 prorsus
1331 4294 1395 4335 ac
1426 4280 1640 4350 gemina
1672 4294 1740 4334 ex
1791 4280 1906 4334 suis
1931 4276 2039 4336 illis
2075 4276 2461 4350 praestantibus
2509 4274 2850 4347 egregiisque
2870 4274 3212 4344 philosophis
3262 4273 3518 4330 audieris.
3571 4274 3711 4345 Age-

452 4375 532 4432 sis
568 4390 725 4446 ergo,
753 4384 808 4430 et
836 4374 1051 4429 illorum
1084 4374 1248 4427 etiam
1280 4372 1463 4441 accipe
1498 4373 1827 4428 testimonia.

958 4463 1123 4537 464
1172 4463 1401 4518 CAPUT
1452 4463 1540 4520 ιιι.

451 4556 676 4615 Otaces
709 4558 852 4628 fures
879 4573 1017 4619 esse.
1065 4572 1131 4611 ea:
1169 4555 1453 4679 Podrphyrii
1488 4557 1680 4625 primo,
1711 4558 1785 4612 De
1829 4557 2037 4611 erudito

1159 4643 1226 4679 au
1268 4644 1285 4679 ι
1315 4643 1368 4679 u.

1159 4643 1368 4680 auattu.

542 4801 566 4838 ι
598 4782 845 4849 Athenis,
874 4780 1070 4852 inquit,
1106 4779 1175 4837 ad
1227 4778 1609 4836 celebrandam
1636 4778 1879 4835 Platonis
1916 4794 2033 4834 me-

463 4875 697 4933 moriam
722 4873 974 4931 convivio
1000 4886 1101 4928 nos
1138 4871 1419 4942 Longinus
1446 4879 1753 4942 exceperat,
1780 4872 2033 4942 interque

463 4969 777 5038 complures
804 4966 960 5033 alios,
997 4963 1317 5036 Nieagoram
1353 4963 1691 5033 sophistam,
1740 4962 1990 5019 Macram
2017 5005 2034 5030 ,

468 5059 811 5130 Apollonium
837 5058 1271 5129 grammaticum,
1323 5053 1651 5112 Demetrium
1682 5067 2035 5128 geometram,

467 5147 760 5205 Prosenem
796 5147 1211 5218 Peripateticum
1256 5154 1312 5202 et
1337 5145 1595 5202 Calictem
1620 5146 1866 5203 Stoicum
1899 5148 2039 5202 invi—

471 5250 630 5296 tarst.
662 5239 1000 5307 Quibuscum
1039 5238 1301 5309 septimus
1344 5237 1461 5309 ipse
1509 5238 1862 5294 accumbebat
1892 5256 1906 5292 :
1942 5238 2036 5307 qui

467 5331 707 5389 fervente
733 5333 844 5403 jam
880 5332 1152 5399 convivio,
1182 5339 1438 5403 motaque
1461 5332 1602 5387 inter
1624 5331 1760 5388 alios
1781 5332 1846 5387 de
1871 5331 2039 5401 epho-

470 5440 537 5480 ro
568 5426 886 5494 quaestione,
917 5424 1251 5489 Audiamus,
1299 5424 1512 5494 inquit,
1555 5424 1623 5480 de
1664 5423 1880 5495 Ephoro
1907 5424 2037 5494 quid

2063 4466 2117 4526 D

2665 4447 3062 4502 ΚΕΦΑΛΑΙΟΝ
3108 4448 3184 4502 Γ’.

2140 4545 2503 4617 Πορφυρίου,
2526 4614 2537 4617 _
2563 4541 2696 4617 περὶ
2732 4541 2839 4617 τ’ρῦ
2897 4541 3161 4617 κλέπτας
3186 4534 3375 4617 ,εἶναι
3406 4541 3549 4617 τοὺς
3574 4539 3716 4617 Ἔαρ-

2209 4606 2438 4684 ἧῆγὰς,
2507 4606 2648 4669 άπά
2679 4612 2786 4667 τοῦ
2842 4618 2891 4665 u’
2942 4608 3051 4679 τῆς
3099 4611 3449 4682 Φιλολογίας
3499 4606 3714 4681 ἁκροᾶσ

2208 4704 2383 4751 σεως.

2213 4799 2233 4833 ι
2263 4778 2346 4832 Τά
2379 4773 2692 4854 Πλατώνεια
2718 4772 2911 4825 ἑστιῶν
2939 4772 3087 4842 ἡμᾶς
3130 4772 3390 4841 Λογγῖνος
3436 4773 3713 4847 Ἀθήνῃσι.

2134 4868 2403 4941 κέκληκεν
2428 4866 2620 4929 ἀλλους
2650 4881 2710 4917 τε
2744 4862 2992 4926 πολλοὺς.
3031 4862 3127 4915 καὶ
3166 4863 3481 4936 Νικαγόραν
3506 4865 3596 4920 τὸν
3622 4883 3712 4921 σο-

2144 4961 2361 5034 φιστὴν,
2396 4959 2491 5013 καὶ
2517 4956 2787 5029 λὶαιὸραν,
2834 4954 3186 5009 Ἀπολλώνιόν
3208 4973 3267 5010 τε
3290 4956 3378 5011 τὸν
3409 4974 3716 5030 γραμματι-

2142 5050 2259 5113 κὸν,
2288 5048 2383 5101 καὶ
2407 5047 2714 5117 Δημήτριον
2736 5044 2828 5098 τὸν
2856 5043 3197 5116 γεωμέτρην,
3225 5046 3509 5119 Προσήνην
3540 5066 3599 5102 τε
3624 5046 3715 5102 τόν

2144 5136 2604 5211 Περιπατητικὸν,
2629 5134 2721 5188 καὶ
2743 5134 2835 5187 τδν
2879 5134 3116 5188 Στωϊκὸν
3162 5137 3454 5207 Καλιέτην.
3477 5137 3610 5191 Μεθ’
3639 5132 3715 5192 ὧν

2140 5230 2367 5301 ἕϐδομος
2397 5226 2556 5291 αὐτὸς
2612 5225 2975 5289 κατακλιθεὶς,
3002 5226 3095 5279 τοῦ
3142 5227 3357 5281 δείπνου
3385 5229 3717 5301 προκόπτον-

2140 5336 2252 5386 τος,
2281 5318 2375 5373 καί
2395 5335 2539 5382 τινος
2560 5317 2838 5387 ζητήσεως
2885 5316 3019 5387 περὶ
3058 5316 3285 5388 Ἐφόρου
3313 5320 3371 5371 ἐν
3402 5322 3514 5382 τοῖς
3540 5318 3717 5383 ἄλλοις

2143 5414 2480 5486 γενομένης,
2524 5413 2886 5483 Ἀκούσωμεν,
2926 5413 3053 5485 ἔφη,
3107 5415 3191 5476 τίς
3237 5417 3267 5469 ὁ
3324 5416 3452 5486 περί⁵
3489 5415 3715 5489 Ἐφόρου

471 5516 753 5569 turbarum
827 5517 1114 5572 excitetur.
1179 5515 1589 5573 Contendebant
1645 5514 1932 5587 Caystrius
1986 5525 2038 5570 ct

2144 5505 2391 5578 θόρυϐος.
2422 5501 2603 5559 τΗσαν
2652 5505 2694 5559 δ’
2736 5507 2784 5560 οἱ
2830 5504 3119 5577 ζητοῦντες
3164 5508 3471 5580 Καΰστριός
3508 5525 3567 5562 τε
3622 5510 3716 5563 καὶ

540 5608 584 5639 ’⁸
626 5605 644 5658 l
684 5606 814 5673 Reg.
857 5624 955 5671 xu,
998 5608 1083 5662 l8.

540 5697 617 5772 (6)
668 5698 991 5769 Ἑλληνικῇ
1034 5701 1384 5772 μυθολογίᾳ.
1412 5699 1637 5771 Melius,
1667 5709 1727 5758 ut
1755 5700 2028 5770 existimo,

2139 5715 2235 5759 iam
2251 5715 2336 5773 ap.
2350 5700 2518 5759 Clem.
2547 5700 2860 5773 Ἑλληνικὴν
2894 5704 3241 5770 μυθολογίαν.
