4194 6476
477 247 580 311 77⁵5

1659 252 1982 311 ΡΠΑΞΡᾹΒ.
2017 252 2272 308 EVANG.
2314 253 2443 308 LIB.
2474 253 2544 308 Χι

3620 258 3723 315 774

465 377 745 449 Μάξιμοςο
769 378 798 432 ό
833 379 931 448 μὲν
963 378 1071 452 γὰρ
1095 377 1255 433 αὐτὸν
1279 379 1373 434 καὶ
1392 378 1712 449 Θεοπόμπου
1745 377 2020 451 προύτίθει

2146 374 2434 431 Maximus.
2463 373 2740 447 Ephorum
2769 374 2968 444 quippe
3014 370 3116 446 ipsi
3155 386 3373 443 quoque
3405 368 3719 445 Theopom-

456 469 495 521 ’ὁ
518 467 575 521 δὲ
609 469 922 539 Καΰστριος
943 469 1182 542 κλέπτην
1216 469 1503 524 ἀπεκάλει.
1539 470 1649 523 Καὶ
1671 469 1854 540 τίγὰρ
1890 467 2047 536 Ἐφό-

466 572 562 629 ρου
598 557 749 620 τδιον,
780 557 904 627 ἔφη,
931 559 995 611 ἐκ
1015 557 1124 611 τῶν
1161 558 1458 627 Δαῖμάχου,
1507 559 1600 610 καὶ
1629 557 2044 620 Καλλισθένους,

466 647 561 700 καὶ
607 648 984 718 Ἀναξιμένους
1004 651 1195 713 αὑταῖς
1236 649 1466 714 λέξεσιν,
1515 649 1663 704 ἐστιν
1699 650 1809 714 ὅτε,
1835 667 2046 721 τρισχι-

457 737 618 802 -λίους
644 740 796 804 ὅλους
824 742 1201 812 μετατιθέντος
1232 741 1482 811 στίχους;
1534 742 1675 812 Πρὸς
1706 740 1764 794 ὃν
1794 741 1824 792 ὁ
1872 757 2046 811 γραμ-

454 832 699 901 ματικὸς
738 831 1091 896 Ἀπολλώνιος
1119 832 1244 902 ἔφη’
1276 835 1352 886 UO
1375 833 1484 903 γὰρ
1511 832 1699 902 ἔγνως,
1727 833 1808 886 ὅτι
1833 833 1926 885 καὶ
1953 833 2044 884 τὸν

455 918 810 989 Θεόπομπον,
837 919 897 972 ὃν
920 921 982 972 σὺ
1013 923 1303 992 προτιμᾷς,
1339 922 1630 992 κατείληφε
1683 922 1834 974 τουτὶ
1855 921 1916 974 τὸ
1939 921 2043 974 πά-

453 1007 582 1072 κθος,
619 1011 678 1060 ὲν
702 1009 799 1080 μὲν
824 1013 888 1080 τῇ
917 1010 1176 1082 ἑνδεκάτῃ
1214 1009 1320 1064 τῶν
1347 1009 1482 1077 ⁴περὶ
1513 1010 1833 1074 Φιλίππου,
1859 1013 1924 1065 ὲκ
1946 1009 2039 1064 τοῦ

477 1099 820 1171 Ἰσοκράτους
872 1101 1331 1174 Ἀρεοπαγητικοῦ
1384 1105 1802 1172 μεταγράψαντα
1857 1103 2040 1166 αὐτοῖς

452 1187 724 1262 ·ὸνόμασιν
742 1194 944 1257 ἐκεῖνα,
971 1194 1050 1247 ὅτι
1094 1193 1201 1248 τῶν
1232 1193 1449 1261 ἀγαθῶν
1478 1195 1571 1246 καὶ
1603 1193 1710 1246 τῶν
1743 1193 1929 1247 κακῶν
1957 1194 2040 1246 ού-

449 1280 550 1335 δὲν
576 1281 709 1335 αὐτὸ
743 1283 864 1336 καθ’
896 1284 1028 1337 αὑτὸ
1061 1285 1418 1354 παραγίνεται
1441 1287 1553 1347 τοῖς
1581 1282 1911 1354 ἀνθρώποις,
1944 1285 2038 1339 καὶ

459 1370 532 1424 τὰ
561 1371 708 1442 ἑξῆς.
745 1368 937 1424 Καίτοι
966 1373 1295 1444 ὑπερφρονεί
1313 1372 1403 1427 τὸν
1441 1372 1774 1444 Ἰσοκράτην,
1805 1378 1898 1426 καὶ
1945 1391 2035 1428 νε-

459 1461 713 1531 νικῆσθαι
738 1462 829 1532 ὑφ’
848 1463 1042 1516 ἑαυτοῦ
1077 1464 1243 1533 λέγει,
1289 1465 1432 1518 κατά
1471 1464 1561 1518 τὸν
1608 1465 1701 1517 ἐπὶ
1750 1465 2036 1536 Μαυσωλῷ

450 1553 666 1621 ἀγῶνα,
689 1553 779 1607 τὸν
807 1553 1142 1608 διδάσκαλον.
1177 1557 1523 1626 Πραγμάτων
1557 1555 1600 1608 δ’
1631 1555 1912 1628 ὑφαίρεσιν
1946 1575 2037 1609 πε-

455 1647 699 1718 ποίηται,
733 1647 985 1716 μεταθεὶς
1016 1647 1086 1700 τά
1111 1649 1197 1701 ἐπ’
1232 1648 1404 1702 ἄλλων
1447 1649 1644 1714 ἄλλοις,
1681 1651 1767 1703 ἵνα
1795 1651 1887 1704 καὶ
1909 1649 2035 1719 ψεύ-

2149 483 2218 537 po
2250 466 2517 522 Maximus
2550 468 2942 536 anteponebat,
2993 467 3242 521 eumdem
3291 465 3574 538 Caystrius
3607 467 3725 536 pla-

2148 557 2378 626 giarium
2418 558 2664 612 vocabat.
2717 555 2857 621 Quid
2902 555 3088 623 enim,
3149 556 3462 625 inquiebat,
3517 555 3721 626 Ephori

2147 648 2420 717 singulare
2443 664 2506 703 ac
2533 648 2808 717 proprium
2835 654 2939 714 est,
2968 647 3060 717 qui
3086 663 3148 701 ex
3187 645 3485 710 Daimachi,
3523 646 3720 702 Callis-

2149 737 2357 801 thenis,
2399 747 2454 794 et
2499 739 2852 794 Anaximenis
2879 739 3133 807 operibus
3165 739 3266 792 tria
3324 751 3719 804 nonnunquam

2145 824 2260 893 ipsa
2290 843 2542 882 versuum
2573 829 2741 882 millia
2774 829 3008 882 toolidem
3047 829 3225 882 verbis
3253 829 3308 882 in
3348 843 3448 883 sua
3481 837 3721 882 transtu‘

2143 917 2303 971 lerit?
2374 920 2477 973 Cui
2541 919 2898 990 Appollonius
2956 922 3372 992 grammaticus,
3430 920 3719 975 Enimvero

2141 1007 2343 1074 nescis,
2369 1008 2562 1077 inquit,
2607 1009 3017 1079 TheOpompum
3077 1010 3251 1074 illum,
3280 1022 3446 1078 quem
3502 1008 3554 1062 ei
3579 1021 3718 1078 prat-

2142 1096 2286 1151 ferre
2315 1102 2510 1176 gestis,
2557 1102 2746 1154 eodem
2790 1117 3007 1171 quooue
3054 1103 3243 1155 morbo
3301 1101 3580 1164 laborare,
3623 1099 3719 1168 qui

2140 1188 2278 1244 libro
2307 1190 2380 1244 De
2407 1189 2644 1260 Philippi
2672 1192 2820 1246 rebus
2853 1193 3158 1259 undecimo,
3184 1208 3249 1247 ex
3269 1189 3522 1245 Isocratis
3550 1191 3721 1245 Aero-

2137 1279 2369 1347 pagitica
2420 1281 2602 1334 locum
2659 1282 2808 1335 illum
2868 1282 2936 1335 ad
2987 1283 3212 1336 verbum
3273 1281 3699 1351 transcripserit.

2138 1369 2272 1425 Boni
2319 1374 2559 1442 malique
2618 1373 2752 1427 nihil
2806 1387 2901 1442 per
2966 1390 3086 1429 sese
3134 1376 3444 1429 hominibus
3474 1375 3713 1441 evenire,

2136 1471 2192 1516 et
2219 1479 2340 1533 quae
2369 1472 2694 1534 sequuntur.
2734 1464 3023 1520 Isocratem
3060 1466 3264 1520 interea
3317 1466 3583 1535 despicit,
3616 1474 3715 1522 eo-

2136 1569 2241 1622 que
2269 1556 2586 1619 certamine,
2620 1556 2762 1625 quod
2801 1557 2856 1609 in
2911 1555 3138 1611 Mausoli
3190 1557 3450 1611 honorem
3493 1556 3717 1612 institu-

2137 1655 2249 1700 tum
2304 1659 2405 1712 est,
2448 1649 2652 1702 victum
2717 1651 2815 1705 abs
2873 1665 2994 1706 sese
3045 1649 3366 1719 magistrum
3429 1650 3711 1718 gloriatur.

457 1755 592 1810 στης
623 1737 735 1809 ἁλῷ
764 1738 951 1792 τοῦτον
980 1740 1072 1793 τὸν
1104 1740 1324 1811 τρόπον.
1357 1742 1660 1812 Ἀνδρωνος
1708 1741 1816 1813 γὰρ
1860 1744 1916 1795 ἐν
1959 1741 2025 1810 τῷ

2137 1737 2444 1804 Quinetiam
2488 1757 2575 1796 res
2621 1741 2766 1811 ipsas
2808 1742 2896 1795 ille
2949 1743 3257 1808 subtraxit,
3307 1759 3430 1814 qua:
3477 1743 3714 1799 aliorum

459 1830 698 1898 Τρίποδι
730 1832 860 1904 περὶ
887 1831 1201 1904 Πυθαγόρου
1227 1832 1320 1886 τοῦ
1359 1833 1644 1902 φιλοσόφου
1675 1835 1741 1888 τὰ
1787 1835 1913 1906 περὶ
1937 1833 2035 1897 τὰς

453 1924 790 1994 προρρήσεις
824 1924 902 1996 (7)
936 1925 1300 1997 ἱστορηκότος,
1352 1927 1598 1990 εἰπόντος
1643 1944 1724 1993 τε,
1749 1926 1824 1990 ὼς
1879 1927 2035 1998 διψή-

456 2032 558 2079 σας
586 2015 716 2068 ποτὲ
749 2018 805 2070 ἐν
827 2019 1208 2090 Μεταποντίῳ,
1244 2020 1339 2073 καὶ
1364 2019 1428 2072 ἔκ
1478 2037 1621 2084 τινος
1670 2021 1902 2090 φρέατος
1949 2021 2034 2074 άν-

455 2109 680 2178 ιμήσας,
712 2111 805 2162 καὶ
834 2108 994 2174 πιὼν,
1042 2114 1321 2183 προεῖπεν,
1374 2111 1450 2174 ὡς
1477 2113 1557 2176 εἰς
1589 2111 1777 2183 τρίτην
1817 2113 2033 2183 ἡμέραν

441 2195 632 2250 «ἔσοιτο
662 2199 903 2269 σεισμός.
932 2199 1041 2253 Καὶ
1100 2201 1262 2271 ἕτερά
1299 2218 1418 2254 τινα
1463 2201 1673 2265 τούτοις
1712 2201 2027 2270 ἐπαγαγὼν,

451 2288 707 2359 ἐπιλέγει·
747 2291 910 2345 Ταῦτ’
942 2287 1035 2345 οὖν
1087 2293 1181 2346 τοῦ
1212 2296 1508 2366 ΙἈνδρωνος
1541 2295 1668 2367 περὶ
1711 2295 2028 2366 Πυθαγόρου

451 2382 816 2454 ἱστορηκότος,
853 2386 1033 2440 πάντα
1060 2388 1308 2457 ὑφείλετο
1327 2387 1665 2458 Θεόπομπος·
1700 2389 1749 2440 εἰ
1780 2388 1878 2458 μὲν
1902 2389 2030 2459 περὶ

449 2476 767 2548 Πυθαγόρου
788 2477 980 2547 λέγων,
1000 2481 1140 2550 τάχα
1160 2480 1224 2534 ἂν
1245 2481 1337 2533 καὶ
1361 2481 1534 2552 ἕτεροι
1580 2480 1878 2548 ἠπίσταντο
1899 2480 2027 2551 περὶ

439 2567 637 2632 αὐτοῦ,
653 2569 745 2622 καὶ
762 2569 1166 2639 ἔλεγονοΤαῦτα
1184 2573 1276 2625 καί⁵
1289 2573 1448 2636 αὐτὸς
1469 2573 1534 2626 ἂν
1560 2569 1712 2626 εἶπον
1730 2572 1825 2642 (8)°
1858 2571 1952 2625 νῦν
1968 2571 2026 2624 δὲ

448 2656 546 2728 τὴν
563 2657 768 2729 κλοπὴν
781 2659 945 2731 δήλην
965 2662 1308 2733 πεποίηκενὴ
1328 2660 1421 2714 τοῦ
1435 2663 1696 2734 ὀνόματος
1715 2661 2021 2733 μετάθεσις.

443 2749 570 2813 Τοῖς
611 2751 706 2821 μὲν
739 2752 846 2823 γὰρ
888 2753 1175 2824 πράγμασι
1218 2754 1478 2825 κέχρηται
1506 2757 1620 2818 τοῖς
1665 2755 1870 2818 αὐτοῖς,
1904 2753 2020 2806 ἔτει

445 2858 538 2912 ρον
580 2843 626 2895 δ’
676 2843 846 2913 ὄνομα
891 2846 1229 2916 μετενήνοχε.
1280 2845 1587 2917 Φερεκύδην
1634 2845 1744 2916 γὰρ
1783 2845 1875 2897 τὸν
1923 2844 2022 2897 Σύ·-

2137 1833 2369 1901 propriaa
2406 1845 2551 1897 sunt,
2583 1835 2705 1890 aliis
2741 1836 3050 1901 tribuendo,
3089 1845 3149 1890 ut
3194 1837 3298 1891 hoc
3339 1837 3504 1890 etiam
3550 1836 3724 1890 modo

2139 1923 2407 1978 mendacii
2433 1935 2696 1980 teneatur.
2726 1927 2863 1981 Cum
2901 1928 3045 1982 enim
3075 1926 3260 1981 Andro
3291 1927 3346 1980 in
3380 1925 3614 1996 Tripode
3630 1941 3718 1983 res

2137 2031 2169 2070 a
2199 2014 2510 2086 Pythagora
2548 2021 2872 2090 philosopho
2907 2023 3195 2091 praedictas
3243 2022 3590 2093 collegisset,
3627 2022 3711 2076 in-

2135 2115 2324 2178 terque
2353 2121 2547 2165 caetera
2578 2124 3092 2178 commemorasset,
3123 2131 3248 2170 eum
3277 2115 3572 2185 aliquando
3599 2115 3711 2171 Me-

2132 2199 2344 2267 taponti
2374 2201 2644 2255 sitientem
2669 2242 2684 2268 ,
2716 2218 2840 2258 cum
2893 2205 3144 2260 haustam
3171 2222 3236 2260 ex
3277 2207 3513 2277 quodam
3549 2218 3712 2276 puteo

2131 2303 2329 2357 aquam
2387 2292 2630 2359 bibisset,
2703 2286 3077 2350 terraemotum~
3124 2307 3250 2352 ante
3294 2299 3437 2352 diem
3488 2299 3710 2354 tertium

2131 2377 2374 2435 futurum
2432 2384 2767 2454 prazdixisse.
2819 2385 2918 2441 llic
2974 2390 3252 2444 nonnullis
3303 2389 3602 2459 interjectis
3629 2393 3705 2446 ita

2128 2474 2518 2543 prosequitur:
2553 2475 2699 2530 Illam
2760 2477 2922 2547 igitur
2958 2480 3231 2535 Andronis
3289 2483 3355 2537 de
3399 2481 3709 2554 Pythagora

2129 2563 2413 2618 historiam
2458 2565 2842 2638 Theopompus
2874 2571 3136 2642 integram
3185 2573 3398 2629 furatus
3451 2587 3555 2630 est.
3602 2573 3706 2642 Qui

2127 2653 2173 2708 si
2199 2670 2318 2709 eam
2351 2656 2417 2710 de
2441 2654 2747 2728 Pythagora
2782 2673 3255 2729 commemoraret,
3283 2665 3395 2731 alii,
3419 2667 3616 2736 quibus
3643 2682 3709 2723 ea

2126 2745 2265 2804 forte
2305 2762 2429 2804 nota
2465 2751 2580 2821 jam
2625 2765 2791 2820 esset,
2821 2757 3067 2811 eamdem
3123 2758 3284 2813 etiam
3330 2761 3398 2814 ab
3447 2760 3708 2818 Androne

2125 2850 2399 2896 narratam
2448 2857 2569 2898 esse
2615 2845 2875 2900 dicerent.
2941 2846 3095 2904 Nunc
3142 2865 3270 2903 vero
3321 2850 3526 2906 furtum
3590 2854 3706 2923 ipse

446 2951 560 3006 ριον
595 2936 859 3006 πεποίηκε
888 2937 1060 2990 ταῦτα
1091 2938 1440 3008 προλέγοντα.
1468 2938 1541 2989 Οὐ
1575 2937 1731 3007 μόνον
1767 2937 1824 2990 δὲ
1847 2937 2021 3007 τούτῳ

2129 2945 2281 2985 suum
2308 2934 2544 2989 nominis
2578 2937 2877 2991 mutatione
2899 2939 3170 3007 patefecit.
3200 2939 3362 3011 465
3394 2940 3526 2996 Rem
3551 2945 3701 3000 enim

434 3028 517 3099 τῷ
537 3029 757 3099 ὀνόματι
786 3029 1126 3098 ἀποκρύπτει
1151 3030 1250 3100 τὴν
1281 3029 1506 3100 κλοπὴν,
1537 3029 1672 3082 ἀλλὰ
1703 3030 1798 3082 καὶ⁵
1837 3029 2020 3082 τόπων

2129 3026 2368 3078 eamdem
2403 3027 2668 3088 scribens,
2705 3045 2902 3083 nomen
2932 3034 3220 3100 supposuit
3242 3035 3501 3089 alienum.
3532 3035 3587 3091 ld
3620 3036 3708 3090 vi-r-

440 3088 729 3194 μεταθέσει
749 3139 762 3152 ⁸
791 3121 850 3174 τό
883 3088 948 3174 τέ
965 3120 1074 3193 γὰρ
1102 3088 1232 3194 περλ¹
1263 3121 1364 3191 τῆς
1394 3088 1750 3193 προρρήσεως
1778 3121 1872 3174 τοῦ
1908 3139 2018 3175 σει-

2129 3112 2314 3167 delicet
2335 3130 2364 3167 a
2395 3112 2700 3187 Pherecyde
2729 3120 2963 3188 quodam
3001 3088 3138 3192 lslyro
3179 3125 3494 3192 pradictum
3526 3088 3703 3185 inisse

438 3215 579 3288 σμοῦ
613 3217 670 3268 ἐν
698 3215 1054 3286 Μεταποντίῳ
1086 3215 1175 3268 ὑπ’
1210 3214 1511 3286 Ἀνδρωνος
1541 3212 1726 3286 ῥηθὲν,
1756 3217 1812 3268 ἐν
1849 3215 2018 3287 Συρίᾳ

2129 3199 2303 3254 tradit.
2339 3202 2454 3255 Iino
2485 3217 2592 3256 non
2618 3204 3008 3274 hujustantum
3039 3208 3276 3264 nominis
3302 3211 3697 3282 integumento,

433 3307 691 3378 εἰρῆσθαί
737 3324 898 3377 φησιν
933 3309 961 3359 ό
992 3307 1342 3378 Θεόπομπος·
1372 3307 1434 3360 τό
1475 3325 1536 3360 τε
1569 3308 1698 3380 περὶ
1729 3307 1790 3359 τὸ
1831 3307 2016 3360 πλοῖον

2129 3304 2307 3344 verum
2337 3293 2498 3346 etiam
2532 3293 2775 3350 locorum
2804 3298 3108 3353 mutatione
3136 3315 3294 3354 suum
3315 3301 3429 3371 ipse
3455 3303 3695 3374 plagium

423 3398 538 3452 ὀὐκ
566 3398 672 3451 ἀπὸ
703 3399 975 3470 Μεγάρων
1006 3399 1109 3469 τῆς
1142 3399 1411 3464 Σικελίας,
1451 3399 1558 3452 ἀπὸ
1589 3397 1646 3452 δὲ
1671 3399 1854 3469 Σάμου
1882 3400 2016 3469 φησὶ

2129 3383 2391 3439 occultare
2426 3395 2673 3440 conatur.
2709 3388 2883 3453 Quam
2932 3390 3075 3443 enim
3119 3393 3185 3446 de
3233 3394 3325 3448 illo
3353 3405 3510 3450 terra;
3542 3407 3695 3451 motu

433 3491 778 3564 θεωρηθῆναι
800 3508 816 3520 ·
847 3493 943 3544 καὶ
969 3491 1066 3561 τὴν
1095 3491 1380 3562 Συϐάρεως
1413 3490 1654 3544 ἆπλωσιν
1684 3490 1759 3560 (9)
1791 3492 1885 3543 ἐπὶ
1914 3491 2014 3562 τὴν

2129 3475 2521 3543 praedictionem
2567 3477 2860 3548 Metaponti
2911 3483 3106 3537 factam
3149 3499 3268 3540 esse
3313 3486 3501 3543 Andro
3542 3503 3698 3544 como

433 3584 728 3655 Μεσσήνης
763 3583 1090 3656 μετέθεικεν.
1124 3585 1236 3637 Ἵνα
1277 3583 1335 3635 δέ
1368 3600 1418 3634 τι
1459 3583 1588 3654 δοκῇ
1619 3583 1795 3652 λέγειν
1828 3601 2014 3655 περιτ-

2129 3579 2417 3637 memorat,
2480 3586 2601 3625 eam
2659 3571 2714 3624 in
2751 3570 2906 3642 Syria
2957 3576 3250 3645 contigisse
3305 3577 3696 3650 Theopompus

433 3677 547 3742 τὸν,
576 3678 669 3730 καὶ
700 3675 792 3729 τοῦ
817 3675 964 3740 ξένου
998 3675 1312 3746 προτέθεικε
1339 3672 1596 3746 τοῦνομα,
1627 3675 1888 3746 Περίλαον
1918 3676 2014 3728 αὐ-

2129 3663 2294 3718 iabet.
2323 3661 2608 3733 Naviginm
2656 3664 2784 3718 item
2819 3665 2950 3719 illud
2979 3707 2994 3732 ,
3042 3682 3149 3720 non
3182 3669 3251 3722 ab
3298 3669 3514 3740 Megara
3557 3674 3694 3729 urbe

422 3769 524 3821 ’τὸν
547 3769 825 3821 καλεῖσθαι
850 3768 1044 3836 λέγων.
1073 3766 1264 3834 Κάγὼ,
1295 3766 1456 3836 φησὶν
1482 3769 1509 3820 ὁ
1539 3767 1873 3838 Νικαγόρας,
1901 3769 2010 3828 τοῖς

2129 3753 2332 3824 Siciliae,
2362 3757 2456 3811 sed
2494 3757 2562 3811 ab
2597 3756 2764 3812 Samo
2793 3758 2971 3812 visum
3019 3758 3207 3815 fuisse.
3258 3760 3542 3819 Postremo
3593 3764 3693 3837 Sy-

439 3850 815 3922 Ἕλληνικοῖς
829 3855 1164 3928 ἐντυγχάνων
1179 3857 1343 3912 αὺτοῦ
1360 3874 1421 3912 τε
1461 3856 1555 3909 καὶ
1590 3856 1685 3910 τοῦ
1727 3857 2008 3927 Ξενοφῶνη

422 3961 542 4012 1nos,
565 3947 734 4002 πολλὰ
757 3946 850 4000 τοῦ
878 3944 1216 4016 Ξενοφῶντος
1248 3948 1409 4002 αὑτὸν
1439 3948 1793 4018 μετατιθέντα
1824 3949 2010 4003 κατεί-

425 4038 594 4111 νληφα,
626 4041 720 4094 καὶ
750 4041 811 4094 τὸ
842 4040 1030 4106 δεινὸν,
1057 4041 1136 4094 ὅτι
1170 4041 1262 4092 ὲπὶ
1290 4041 1350 4092 τὸ
1379 4044 1577 4111 χεῖρον.
1615 4041 1696 4094 Τὰ
1725 4041 1856 4110 γοῦν
1882 4042 2008 4112 περὶ

428 4133 528 4203 τῆς
559 4128 910 4204 Φαρναϐάζου
938 4131 1074 4202 πρὸς
1113 4131 1431 4202 Ἀγησίλαον
1459 4132 1699 4196 συνόδου,
1723 4133 1791 4184 δι’
1824 4133 2008 4186 Ἀπολ-

429 4225 688 4294 λοφάνους
718 4225 810 4279 τοῦ
844 4214 1175 4295 Κυζικηνοῦ,
1209 4225 1304 4278 καὶ
1335 4224 1434 4288 τὰς
1457 4226 1659 4295 ἀμφοῖν
1682 4226 1816 4297 πρὸς
1843 4226 2006 4298 ἀλλή-

419 4317 552 4383 ολους
585 4318 901 4380 ἐνσπόνδους
933 4316 1214 4383 διαλέξεις,
1237 4316 1303 4381 ἃς
1323 4319 1380 4370 ἐν
1400 4319 1464 4388 τῇ
1490 4317 1725 4390 τετάρτῃ
1755 4316 2004 4386 Ξενοφῶν

2108 3847 2258 3903 baris
2287 3852 2743 3920 expugnationem
2777 3851 2844 3904 ad
2883 3851 3147 3907 Messanze
3192 3854 3397 3908 cladem
3449 3865 3692 3912 transtu-

2105 3937 2187 3993 lit.
2221 3939 2544 4010 Quanquam
2577 3951 2637 3996 ut
2675 3944 2934 3998 eximium
2989 3945 3138 3999 aliud
3188 3946 3368 4002 dicere
3401 3949 3646 4005 videatur
3669 3992 3686 4017 ,

2107 4029 2338 4100 hospitis
2364 4049 2581 4103 quoque
2613 4051 2810 4089 nomen
2845 4036 3127 4105 adjunxit,
3183 4035 3454 4095 Perilaum
3507 4044 3685 4112 ipsum

2105 4123 2411 4191 nuncupari
2439 4123 2705 4177 scribens.
2748 4123 2860 4194 Ego
2897 4141 3056 4189 vero,
3089 4127 3301 4194 excepit
3339 4126 3637 4199 Nicagoras
3665 4171 3682 4196 ,

2103 4209 2161 4264 in
2189 4226 2399 4278 eorum,
2425 4229 2547 4281 qua:
2569 4228 2691 4266 cum
2727 4214 2841 4282 ipse
2863 4255 2878 4276 ,
2931 4217 3043 4267 tum
3072 4215 3374 4284 Xenophon
3414 4219 3482 4273 de
3518 4221 3682 4279 rebus

2103 4299 2413 4356 Graecorum
2451 4303 2725 4356 memorim
2751 4304 3239 4372 prodiditlectione
3272 4323 3519 4375 versans,
3552 4326 3678 4367 eum

425 4410 704 4481 ἀνέγραψε
750 4411 889 4464 πάνυ
927 4409 1222 4481 χαριέντως
1277 4410 1368 4464 καὶ
1411 4389 1728 4481 πρεπόντως
1774 4410 1996 4480 ἀμφοῖν,

2129 4392 2265 4444 :tiam
2297 4406 2326 4445 e
2357 4389 2713 4459 Xenophonte
2762 4393 3028 4460 permulta
3082 4411 3237 4450 suam
3295 4397 3349 4452 in
3394 4399 3677 4458 historiam

416 4501 503 4564 εἰς
534 4500 630 4570 τὴν
658 4499 947 4569 ἑνδεκάτην
970 4499 1077 4552 τῶν
1124 4497 1487 4566 Ἑλληνικῶν
1525 4498 1776 4568 μεταθεὶς
1807 4500 1835 4551 ὁ
1863 4499 1995 4552 Θεό-

422 4605 663 4660 πομπος,
691 4589 839 4660 ἀργά
857 4606 916 4641 τε
940 4590 1032 4642 καὶ
1059 4589 1290 4660 ἀκίνητα
1312 4588 1576 4660 πεποίηκε
1598 4590 1691 4643 καὶ
1717 4590 1990 4661 ἄπρακτα.

417 4678 596 4747 Λόγου
627 4677 736 4750 γὰρ
763 4678 1011 4749 δύναμιν,
1053 4680 1147 4731 καὶ
1181 4675 1270 4732 διὰ
1301 4681 1400 4750 τὴν
1427 4679 1630 4751 κλοπὴν
1671 4681 1993 4752 ἐξεργασίαν

422 4770 730 4840 ἐμϐάλλειν,
761 4770 857 4823 καὶ
890 4769 1291 4823 ἐπιδείκνυσθαι
1323 4769 1635 4835 σπουδάζων
1675 4771 1872 4843 βραδὺς
1897 4773 1992 4826 καὶ

419 4861 654 4929 μέλλων,
691 4861 785 4914 καὶ
823 4861 1240 4931 ἀναδαλλομένῳ
1281 4861 1473 4924 ἐοικὼς
1501 4861 1769 4931 φαίνεται,
1801 4865 1893 4916 καὶ
1931 4864 1992 4916 τὸ

415 4950 663 5022 ἔμψυχον
715 4951 810 5004 καὶ
866 4950 1087 5021 ἐνεργὸν
1139 4949 1201 5003 τὸ
1251 4950 1587 5019 Ξενοφῶντος
1641 4951 1985 5024 διαφθείρων.

489 5135 567 5204 (7)
590 5133 980 5208 Προρῤήσεις.
1013 5137 1170 5208 Sane
1200 5135 1986 5208 LaertiusgdictumPythago-

413 5203 753 5287 ramifuiss’e
799 5207 993 5289 tradit3
1037 5206 1189 5278 παρὰ
1235 5205 1415 5289 τὸῆὼς
1440 5203 1983 5289 Πύθιον-,ἀγορεύέιη

413 5276 576 5344 quasi
609 5292 714 5328 non
747 5276 925 5329 minor
945 5276 1084 5345 ejus,
1109 5275 1273 5346 quam
1301 5275 1475 5346 Pythii
1498 5275 1762 5345 Apollinis
1788 5275 1986 5332 oracu—

414 5344 483 5400 lis
537 5345 669 5400 ﬁdes
705 5346 1012 5400 haberetur.
1043 5346 1277 5416 Hincret
1319 5346 1510 5416 magiae
1547 5356 1831 5415 suspectus
1861 5363 1986 5402 esse

411 5385 1980 5486 'c'épii"lii'i"f"§i”'ﬁiécéi'1"CEuS'Ji"'ﬁhBﬁié’fJ.”iib‘I°§:

413 5487 783 5621 ca?é)7i'ai§m
813 5555 911 5608 καὶ
940 5555 1122 5620 αὐτὸς
1150 5554 1228 5608 ἂν
1250 5550 1438 5608 εἷπον.
1477 5553 1656 5608 Malim
1689 5556 1860 5608 ταυτά
1887 5558 1982 5608 καὶ

411 5620 574 5676 αὐτὸς
608 5620 781 5686 εἶπεν,
815 5635 875 5678 ut
925 5626 1084 5688 αὐτὸς
1130 5626 1200 5690 ad
1241 5626 1548 5689 Andronem
1593 5625 1880 5679 referatur.
1913 5629 1981 5680 At

411 5693 470 5748 in
507 5694 833 5762 versionem,
865 5711 960 5764 pro
993 5697 1281 5760 Audi-one,
1327 5695 1706 5766 Theopompus
1741 5696 1975 5766 irrepsit.

2105 4483 2411 4536 traduxisse
2439 4482 2767 4550 deprehendi
2791 4500 2806 4548 ;
2847 4485 3099 4555 quodque
3126 4489 3343 4558 gravius
3370 4505 3492 4547 esse
3513 4534 3530 4562 ,
3582 4495 3678 4550 de-

2102 4571 2302 4625 teriora
2353 4570 2566 4626 fecisse.
2613 4571 2749 4626 Nam
2799 4574 2952 4628 illum
2984 4591 3114 4631 sane
3151 4577 3489 4638 Pharnabazi
3547 4600 3671 4642 cum

2101 4663 2352 4732 Agesilao
2403 4679 2787 4734 congressum,
2833 4665 2928 4736 qui
2984 4667 3356 4740 Apollophane
3404 4673 3672 4745 Cyziceno

2101 4765 2382 4822 sequestre
2434 4756 2654 4812 habitus
2703 4767 2826 4822 est,
2879 4772 2943 4813 ac
3003 4769 3254 4817 mutuum
3288 4764 3575 4836 utriusque
3615 4769 3667 4822 in

2099 4844 2392 4899 sanciendo
2439 4843 2643 4900 findere
2697 4847 3052 4916 colloquium,
3087 4850 3232 4919 quod
3286 4851 3426 4906 libro
3473 4866 3669 4924 quarto

2095 4935 2399 5008 Xenophon
2452 4938 2726 5009 eleganter
2770 4939 3100 5008 admodum,
3153 4953 3207 4998 et
3250 4959 3349 5014 pro
3381 4949 3666 5004 amborum

2167 5137 2241 5211 (θ)
2269 5139 2576 5211 Συϐάρεως
2603 5138 2896 5194 ἄπλωσιν.
2929 5139 3071 5211 Lege
3102 5141 3422 5197 Strabonem
3458 5143 3550 5197 lib.
3585 5160 3660 5209 vr,

2093 5207 2407 5284 et__'_[‘)iodor.
2458 5211 2770 5284 Sicul._lib.
2812 5227 2911 5284 an.
2963 5207 3243 5284 Trecenta,
3286 5207 3659 5284 Sybaritarum

2092 5279 2284 5342 millia,
2317 5295 2347 5332 a
2378 5289 2593 5334 centum
2623 5279 3058 5335 Crotoniatarum
3095 5279 3354 5341 millibus.
3391 5283 3529 5338 duce
3557 5285 3660 5337 Mi-

2092 5349 2216 5403 lone
2247 5349 2798 5423 athletafortissimo,
2827 5351 3019 5418 partim
3052 5365 3210 5416 caesa,
3239 5354 3432 5420 partim
3467 5355 3656 5423 proﬂi-

2091 5429 2214 5488 gata
2244 5428 2392 5491 sunt.
2423 5416 2575 5491 Urbs
2595 5421 2710 5491 ipsa
2742 5416 2866 5473 mox
2891 5429 3101 5489 aequata
3128 5416 3290 5476 solo':
3332 5416 3658 5491 post'annos

2089 5487 2220 5544 Lvm
2255 5504 2286 5543 a
2335 5487 2623 5560 Thessalis
2650 5487 2998 5560 instaurata:
3029 5487 3534 5560 iterumque-lustro
3571 5498 3656 5551 vix

2087 5568 2298 5634 exacto,
2335 5557 2715 5634 novi_s__incolis
2746 5559 2815 5634 ab
2853 5560 3093 5634 antiquis
3142 5557 3440 5617 victoribus
3469 5565 3656 5634 ejectis

2088 5627 2428 5684 semidiruta.
2462 5626 2725 5681 Thurium
2756 5629 2875 5696 ejus
2903 5630 2952 5682 in
2983 5626 3159 5683 locum
3192 5639 3477 5693 successit.
