4194 6434
427 361 526 415 7⁷7

1580 354 1905 410 ΡΒᾹΞΡΑΒ.
1948 351 2199 408 EVANG.
2242 351 2370 406 LIB.
2418 351 2483 404 Κ.

3557 349 3656 404 773

437 473 640 544 ταύτην
669 472 909 534 διάνοιαν
939 471 1237 542 Σιμωνίδης
1267 470 1325 524 ὲν
1363 467 1442 540 τῷ
1491 469 1757 541 ἑνδεκάτῳ
1804 482 1994 538 μετεν·
2024 467 2066 524 Α

2109 465 2165 519 ιι)
2195 463 2474 520 Simonide
2509 463 2646 519 libro
2673 462 2960 518 undecimo
2986 461 3134 518 hunc
3156 463 3212 519 in
3242 461 3467 520 modum
3497 478 3661 520 usur-

429 566 623 636 ἠνεγκε
660 561 844 618 λαϐὼν
874 563 1044 626 οὕτως
1067 580 1080 592 ·

495 673 793 739 Γυναικός
827 674 1006 727 οὐδὲν
1040 673 1218 742 χρῆμ’
1245 671 1400 741 ἀνὴρ
1424 670 1681 740 ληῒζεται

503 746 772 813 Ἄμεινον
809 742 1054 812 ἐσθλῆς,
1089 743 1231 796 οὐδὲ
1249 744 1442 813 ῥίγιον
1467 743 1678 811 κακῆς.

433 836 722 907 Εὐριπίδης
745 836 804 888 δὲ
829 838 886 889 ἐν
917 838 982 907 τῇ
1013 837 1374 905 Μελανίππῃ
1403 834 1712 906 δεσμώτιδι
1735 852 1748 865 ·

505 1013 621 1082 Τῆς
643 1013 761 1083 μὲν
789 1013 982 1081 κακῆς
1027 1014 1239 1067 κάκιον
1267 1011 1446 1066 οὐδὲν
1476 1012 1699 1081 γίνεται

500 1079 802 1148 Γὺνὰικός
825 1103 836 1113 ·
872 1079 1098 1150 ἐσθλῆς
1129 1084 1179 1136 δ’
1205 1083 1385 1136 οὐδὲν
1412 1079 1496 1148 εὶς
1520 1079 1860 1148 ὑπερϐολὴν

500 1153 725 1221 Πέφυιί
761 1153 1028 1221 ἄμεινον’
1059 1153 1407 1222 διαφέρουσι
1433 1153 1484 1204 δ’
1511 1155 1567 1205 αὶ
1597 1153 1829 1222 φύσεις.

435 1243 538 1298 Τοῦ
565 1244 621 1297 δὲ
659 1244 949 1315 Εὐριπίδου
985 1244 1228 1307 εἰπόντος
1251 1261 1265 1275 ·

503 1335 802 1401 Γυναῐκές
831 1335 1017 1404 ἐσμεν
1039 1334 1402 1390 ἀθλιώτατον
1426 1335 1636 1403 φυτόν,

436 1425 728 1496 Θεοδέκτης
752 1427 810 1478 ἐν
851 1427 1207 1494 Ἀλκμαίωνι
1241 1443 1404 1496 φησι’

504 1515 714 1584 Σαφὴς
739 1514 854 1584 μὲν
884 1515 953 1567 ἐν
980 1516 1292 1583 ,ϐροτοῖσιν
1322 1515 1587 1584 ὑμνεῖται
1624 1514 1831 1584 λόγος,

519 1586 610 1650 Ὡς
639 1584 820 1639 οὐδέν
847 1585 1016 1638 ἐστιν
1049 1585 1406 1653 ἀθλιώτερον
1431 1586 1622 1654 φυτόν

506 1655 829 1720 Γυναικός.

2097 566 2276 627 patam
2293 598 2309 623 ,

2173 667 2344 738 Urxore
2377 668 2562 721 melius
2592 668 2668 721 nil
2699 669 2830 722 bona
2852 670 3136 738 quidquam
3162 668 3272 722 viro
3292 709 3307 734 ,

2173 737 2316 791 Mala
2338 739 2536 792 evenire
2563 739 2745 792 tetrius
2765 737 2928 807 possit
2950 737 3100 792 nihil.

2099 828 2269 893 Quem
2309 830 2556 883 eumdem
2589 829 2644 883 in
2689 845 2912 885 sensum
2955 828 3238 891 Euripides
3269 829 3326 884 in
3369 826 3665 897 Melanippe

2100 922 2304 989 captiva
2319 961 2333 986 ,

2174 1009 2319 1079 Mala
2341 1009 2562 1063 inveniri
2597 1010 2793 1078 femina
2814 1025 2959 1078 pejus
2985 1019 3139 1079 queat

2176 1077 2347 1142 Nihil,
2383 1077 2612 1148 bonaque
2639 1077 2824 1133 melius
2853 1077 3022 1147 Optari
3048 1080 3208 1138 nihil.

2172 1150 2240 1202 At
2276 1149 2374 1201 iste
2401 1151 2604 1201 varium
2630 1165 2781 1202 sexus
2816 1151 3078 1218 ingenium
3115 1152 3277 1219 capit.

2101 1238 2358 1308 Ejusdem
2392 1238 2664 1309 Euripidis
2695 1240 2824 1293 illud
2853 1249 2935 1295 cst
2955 1280 2969 1301 .

2172 1328 2283 1382 Nos
2311 1329 2444 1383 heu!
2475 1329 2720 1384 mulieres
2744 1346 2948 1400 germen
2967 1331 3154 1400 infelix
3181 1348 3382 1386 sumus.

2101 1418 2255 1485 Quod
2291 1419 2626 1476 Theodectes
2665 1420 2719 1474 in
2751 1420 3048 1476 Alcmazone
3079 1421 3160 1477 sic
3184 1423 3488 1492 expressit,

2176 1510 2292 1582 [loc
2319 1511 2440 1582 jure
2461 1513 2660 1578 passim
2687 1527 2833 1564 nemo
2859 1528 2958 1564 non
2981 1512 3249 1566 hominum
3278 1514 3455 1582 canit,

2174 1579 2336 1633 Haud
2366 1596 2476 1634 esse
2503 1597 2707 1650 germen
2739 1582 2934 1651 femina
2966 1583 3249 1650 infelicius.

437 1738 604 1809 Οῦτος
637 1745 697 1797 οὐ
743 1744 902 1815 μόνον
943 1743 1041 1816 τὴν
1085 1744 1339 1816 ἐπιϐολὴν
1372 1744 1577 1798 ἐκεῖθεν
1604 1742 1843 1816 εἴληφεν,
1870 1743 2004 1798 ἀλλὰ
2035 1813 2066 1816 _

2109 1733 2266 1805 467
2319 1731 2424 1799 Qui
2471 1733 2692 1803 quidem
2731 1735 3011 1791 sententiae
3037 1735 3199 1804 hujus
3226 1750 3414 1790 ansam
3446 1751 3555 1791 non
3597 1751 3666 1792 ει

438 1837 531 1891 καὶ
563 1838 683 1899 ταῖς
715 1813 924 1902 λέξεσιν
955 1813 1142 1899 αῦταῖς
1191 1813 1580 1907 συγκέχρηται,
1610 1813 1719 1889 και
1747 1835 2004 1906 ⁴Ιλίὶιὲλησεν
2035 1813 2066 1866 Ε

2109 1827 2200 1880 illo
2231 1834 2446 1880 tantum
2478 1825 2752 1896 Euripidis
2781 1843 2941 1882 versu
2972 1828 3225 1896 arripuit,
3262 1829 3354 1881 sed
3388 1828 3535 1882 illam
3567 1827 3665 1884 iis.

436 1930 569 1984 αὐτὸ
602 1927 923 1999 πανούργως
967 1925 1324 1998 παροιμιακὸν
1364 1926 1562 1997 μᾶλλον
1602 1922 1760 1990 εἶναι,
1801 1927 1894 1979 καὶ
1931 1924 2006 1990 ὼς

439 2022 544 2076 ὑπὸ
573 2021 784 2074 πολλῶν
820 2019 1097 2090 λεγομένῳ
1128 2019 1552 2092 συγκεχρῆσθαι,
1593 2019 1626 2091 ἢ
1657 2020 1832 2072 δοκεῖν
1870 2017 2010 2088 εἱλη-

439 2115 596 2184 φέναι
650 2112 800 2185 παρὰ
827 2112 920 2165 τοῦ
948 2111 1352 2182 γεγεννηκότος.
1395 2111 1452 2164 ’0
1485 2111 1531 2164 δ’
1557 2109 1899 2180 Ἀντίμαχος,
1938 2108 2008 2162 τὰ

450 2205 690 2276 Ὀμήρου
722 2202 992 2268 κλέπτων,
1019 2201 1389 2275 παραδιορθοῖ.
1429 2203 1668 2277 Ὀμήρου
1695 2199 1802 2273 γὰρ
1826 2201 2006 2254 εἰπόν-

437 2313 530 2360 τος
555 2313 569 2328 σ

443 2475 601 2530 Ἰδεώ
625 2475 674 2530 θ’
701 2474 770 2540 ὃς
796 2473 1110 2544 κάρτιστος
1134 2470 1489 2541 ἐπιχθονίων
1515 2468 1700 2540 γίνετ’
1737 2468 1970 2538 ἀνδρῶν
1986 2487 1999 2500 ·

453 2654 775 2726 Ἀντίμαχος
800 2653 948 2721 λέγει
965 2669 977 2682 ·
1039 2655 1048 2664 ’

447 2745 604 2800 νῙδεώ
653 2744 762 2816 (15)
810 2745 860 2798 θ’
908 2742 976 2808 ὃς
1019 2740 1336 2811 κάρτιστος
1371 2738 1727 2880 ἐπιχθονίωῖ
1742 2736 1854 2862 δῆφί
1897 2740 2005 2796 ἀγ-

1770 2827 1916 2878 ρων.

444 2904 551 2958 Καὶ
574 2903 872 2974 Λυκόφρων
907 2902 1118 2955 ἐπαινεῖ
1151 2902 1248 2972 τὴν
1277 2899 1586 2971 μετάθεσιν,
1625 2898 1702 2963 ὡς
1726 2899 1792 2953 δι’
1836 2900 2009 2970 αὐτῆς

445 2991 840 3062 ἐστηριγμένου
865 2988 958 3042 τοῦ
989 2988 1190 3059 στίχου.
1216 2989 1289 3042 Τὸ
1318 2988 1456 3060 γὰρ,

2106 1918 2228 1974 dem
2256 1933 2473 1989 quoque
2493 1919 2673 1974 verbis
2695 1919 2912 1985 extulit,
2927 1919 3032 1974 nisi
3049 1919 3192 1989 quod
3214 1931 3430 1975 versute
3449 1919 3667 1989 quidem

2106 2021 2161 2066 et
2213 2012 2427 2077 callide,
2478 2011 2750 2082 proverbii
2795 2027 2967 2081 genus
3001 2011 3057 2066 id
3088 2010 3286 2078 facere,
3325 2027 3498 2081 eoque
3541 2020 3666 2066 tan-

2107 2117 2274 2171 quam
2310 2102 2456 2172 vulgi
2493 2117 2587 2157 ore
2639 2101 2748 2172 iam
2781 2102 2907 2156 trito
2934 2101 3099 2170 ,abuti
3151 2102 3362 2167 maluit,
3407 2117 3570 2172 quam
3601 2103 3671 2156 ab

2107 2193 2227 2263 ejus
2249 2203 2472 2249 auctore
2493 2202 2775 2248 mutuatus
2802 2193 2996 2247 videri.
3048 2193 3410 2248 Antimachus
3445 2209 3575 2248 vero
3613 2194 3670 2248 in

2106 2283 2306 2352 quibus
2340 2281 2556 2337 Homeri
2602 2282 2897 2352 plagiarius
2940 2289 3044 2347 est,
3084 2282 3140 2336 in
3192 2282 3260 2338 iis
3290 2293 3671 2353 correctorem

2109 2374 2241 2444 agit,
2274 2389 2402 2428 nam
2434 2374 2582 2428 illum
2613 2373 2832 2428 Homeri
2858 2388 3072 2428 versum
3095 2414 3111 2438 ,

2112 2463 2280 2521 ’Ἱδεώ
2310 2465 2360 2521 θ’
2385 2464 2454 2532 ὃς
2486 2464 2798 2534 κάρτιστος
2821 2466 3175 2534 ἐπιχθονίων
3203 2466 3390 2536 γένετ’
3416 2464 3669 2535 ἀνδρῶν·

2110 2555 2280 2626 Atque
2308 2553 2446 2622 Idaa,
2481 2554 2706 2625 reliquos
2734 2555 2966 2610 homines
2989 2556 3079 2626 qui
3112 2555 3295 2611 robore
3329 2556 3475 2620 vicit,

2109 2645 2258 2700 vocis
2307 2645 2470 2700 unius
2502 2646 2798 2701 mutatione
2836 2647 2918 2703 sic
2953 2655 3179 2716 usurpat
3221 2647 3600 2714 Antimachus,

2113 2736 2270 2792 Ἴδεώ
2292 2737 2342 2793 θ’
2377 2737 2446 2805 ὃς
2471 2736 2790 2807 κάρτιστος
2813 2739 3172 2809 ἐπιχθονίων
3187 2734 3264 2808 ἦν
3296 2738 3556 2807 ἀνδρῶν.

2109 2890 2283 2959 Quam
2325 2892 2443 2963 ejus
2509 2891 2941 2948 emendationem
3009 2891 3328 2963 Lycophron
3388 2893 3670 2963 approbat,

2109 2983 2254 3052 quod
2305 2997 2368 3037 ea
2419 2997 2639 3038 versum
2694 2981 2888 3038 fulcire
2937 2982 3204 3038 videatur.
3261 2980 3398 3037 Nam
3439 2983 3669 3039 alterum

2110 3071 2330 3142 quidem
2354 3071 2528 3139 illum,

452 3161 562 3216 Τὸν
612 3161 666 3215 δ’
707 3161 1174 3232 ἀπαμειϐόμενος
1225 3158 1498 3231 προσέφη
1542 3161 1788 3234 κρείων-
1807 3161 2012 3234 ᾼιομῆ-
2038 3153 2082 3214 C
2119 3161 2224 3215 Τὸν
2249 3160 2302 3214 δ’
2321 3161 2788 3232 ἀπαμειϐόμενος
2811 3161 3084 3230 προσέφη
3125 3163 3338 3231 κρείων
3355 3163 3670 3234 Διομήδης,

1768 3229 1938 3301 rane.

448 3368 607 3437 σιγῶ,
666 3368 901 3438 Ὀμήρου
958 3367 1380 3438 κωμῳδηθέντος
1440 3366 1546 3420 ὑπὸ
1598 3367 1868 3439 Κρατίνου
1925 3367 2012 3422 διὰ

445 3461 506 3514 τὸ
532 3459 823 3513 πλεονάσαι
861 3461 919 3512 ἐν
949 3459 1046 3530 τῷ,
1083 3459 1188 3512 τὸν
1214 3459 1266 3511 δ’
1293 3459 1789 3528 ἀπαμειϐόμενος·
1875 3459 2011 3530 ὅπερ

445 3551 588 3604 οὕτω
641 3550 1023 3622 πεπατημένον
1063 3551 1162 3603 οὐκ
1199 3548 1443 3620 ὤκνησεν
1477 3549 1800 3620 Ἀντίμαχος
1843 3565 2010 3620 μετα-

448 3642 640 3696 Θεῖναι.
682 3641 787 3694 Τοῦ
820 3640 875 3694 δέ
895 3658 908 3670 ·

449 3821 622 3875 Δαῶν
680 3819 792 3892 (id)
839 3815 998 3874 οἶσιν
1049 3819 1311 3885 ἄνασσε,
1357 3817 1554 3886 πατὴρ
1601 3817 1653 3871 δ’
1697 3819 1796 3892 ὡς.
1823 3816 2012 3892 fich

459 3975 757 4046 Ὁμηρικοῦ
805 3974 987 4038 ὄντοςο
1033 3975 1125 4028 καὶ
1155 3974 1317 4029 πάλιν
1358 3973 1592 4046 ἀλλαχοῦ
1637 3992 1741 4028 που
1777 3883 2010 4048 [uigile-

447 4083 538 4120 νου
562 4083 577 4096 ⁸

451 4161 516 4210 Ol
559 4157 611 4211 δ’
656 4157 783 4211 ἐπεὶ
831 4155 943 4227 (i5)
993 4156 1402 4226 ἀμφοτέρωθεν
1457 4157 1856 4227 ἐκαρτύναντο
1901 4155 2014 4225 φάρ-

1645 4225 1665 4297 [
1684 4230 1936 4295 larius,

446 4318 478 4370 ὁ
505 4317 821 4388 Ἀντίμαχος
858 4316 1110 4387 μεταθεὶς
1142 4316 1445 4387 ήμιστίχια,
1488 4316 1758 4386 πεποίηκε
1783 4332 1798 4346 ο

447 4489 620 4546 Δαῶν
649 4485 810 4544 οἶσιν
843 4489 1121 4545 ἄνασσον
1144 4489 1543 4558 ἐκαρτύναντο
1570 4489 1902 4560 φάλαγγας.

461 4603 598 4656 Ἀλλ’
634 4602 720 4656 ἴνα
752 4601 826 4673 μὴ
861 4603 953 4655 καὶ
981 4601 1161 4665 αὐτὸς,
1190 4600 1395 4670 κλοπῆς
1435 4601 1626 4664 ἄλλους
1667 4600 2009 4671 αἰτιώμενος,

447 4695 682 4765 κλέπτης
708 4693 840 4760 ἀλῶ,
873 4695 998 4756 τοὺς
1022 4691 1610 4762 πραγματευσαμένους
1633 4691 1702 4745 τὰ
1731 4692 1857 4764 περ)⁸
1890 4691 2012 4746 τού-

445 4801 552 4839 των
583 4783 823 4856 μηνύσω.
847 4783 1156 4854 Λυσιμάχου
1183 4783 1280 4852 μὲν
1306 4782 1420 4835 ἔστι
1440 4781 1550 4847 δύο,
1567 4782 1706 4850 Περὶ
1728 4782 1834 4850 τῆς
1852 4783 2012 4851 Ἑφό.

443 4893 554 4945 ρου
575 4875 825 4944 κλοπῆς*
845 4874 1089 4937 Ἀλκαῖος
1115 4874 1171 4926 δὲ
1199 4876 1226 4926 ὁ
1248 4872 1357 4927 τῶν
1380 4873 1633 4945 λοιδόρων
1660 4873 1867 4944 ἰάμϐων
1918 4873 2012 4928 καὶ

446 4966 882 5038 ἐπιγραμμάτων
913 4966 1157 5036 ποιητὴς,
1187 4964 1473 5036 παρῴδηκε
1505 4964 1604 5028 τὰς
1631 4963 1858 5037 Ἐφόρου
1891 4964 2012 5018 κλο-

449 5058 557 5122 πὰς
585 5059 899 5128 ἐξελέγχων.
920 5056 1184 5120 Πολίωνος
1201 5056 1256 5110 δὲ
1287 5055 1613 5124 Ἐπιστολὴ
1645 5055 1792 5124 πρὸς
1820 5059 2012 5125 Σωτηο

443 5149 658 5218 ρίνδαν
672 5149 813 5218 Περὶ
835 5148 944 5218 τῆς
968 5148 1230 5216 Κτησίου
1255 5147 1488 5216 κλοπῆς
1505 5163 1519 5177 ⁸
1543 5145 1635 5200 τοῦ
1660 5147 1703 5200 δ’
1716 5146 1879 5200 αὑτοῦ
1917 5147 2012 5201 καὶ

447 5239 590 5308 Περὶ
633 5239 741 5308 τῆς
781 5239 1095 5309 Ἡροδότου
1122 5239 1360 5308 κλοπῆς
1417 5242 1532 5292 ἐστι
1567 5239 1792 5309 βιϐλίον·
1830 5240 1925 5293 καὶ
1953 5241 2011 5294 ὲν

449 5333 870 5405 ἐπιγραφομένῳ
881 5333 1159 5404 Ἰχνευταὶ
1177 5331 1344 5386 πολλὰ
1360 5333 1485 5404 περὶ
1507 5331 1824 5402 Θεοπόμπου
1855 5332 2009 5401 λέγε-

447 5441 559 5479 1ται.
585 5425 880 5497 Ἀρητὰδου
930 5426 989 5480 τέ
1023 5429 1134 5480 ἐστι
1182 5425 1318 5492 Περὶ
1369 5423 1840 5493 συνεμπτιὶπεως
1879 5441 2012 5496 πραρ
2050 5475 2066 5491 ,

447 5515 704 5586 γματεία,
728 5514 786 5580 ἐξ
812 5511 880 5576 ἧς
911 5513 1133 5567 τοιαῦτα
1152 5513 1321 5566 πολλὰ
1344 5514 1461 5568 ἔστι
1491 5512 1709 5582 γνῶναι.
1738 5515 1848 5570 Καὶ
1891 5512 2012 5586 μεθ’

519 5673 631 5745 (is)
663 5673 838 5745 Ἴδεω.
877 5670 1078 5745 Iliados
1104 5671 1177 5745 [υ.
1209 5671 1332 5745 εει.

518 5740 630 5814 (14)
658 5742 850 5796 Λαῶν.
889 5742 1079 5810 Odyss.
1109 5740 1184 5805 B’,
1213 5742 1336 5794 254.

768 5835 960 5893 Pun.
997 5833 1112 5893 Gn.
1153 5833 1327 5894 XXI.

2113 3252 2214 3308 His
2249 3263 2435 3308 contra
2463 3256 2704 3324 princeps
2735 3255 3012 3310 Diomedes
3042 3255 3252 3310 vocibus
3284 3256 3424 3325 inﬁt,

2111 3368 2185 3423 far
2203 3369 2271 3423 ile
2299 3379 2582 3439 praztereo,
2631 3382 2754 3422 cum
2800 3382 2868 3423 eo
2910 3369 3130 3424 nomine
3160 3367 3428 3424 Homerus
3466 3367 3673 3423 Cratini

2109 3457 2378 3513 comoedia
2406 3458 2741 3525 traducatur,
2775 3459 2922 3527 quod
2948 3474 3109 3514 suum
3139 3458 3296 3525 illud,
3319 3459 3428 3513 τὸν
3452 3458 3504 3512 δ’
3523 3459 3674 3514 dm

2103 3552 2472 3621 μεισὸμενος,
2519 3551 2588 3606 ad
2639 3552 2944 3606 satietatem
2999 3551 3255 3606 inculcet.
3303 3551 3459 3617 Quod
3499 3566 3676 3622 usque

2110 3642 2250 3697 adeo
2284 3642 2578 3697 contritum
2606 3642 2758 3708 licet,
2787 3643 2904 3698 suis
2929 3651 3109 3697 tamen
3137 3642 3381 3698 inserere
3409 3656 3518 3698 non
3545 3657 3673 3698 eru-

2107 3732 2226 3788 buit
2267 3733 2647 3788 Antimachus.
2691 3731 2958 3789 Praeterea
3012 3731 3362 3790 Homericum
3391 3733 3523 3789 illud
3550 3743 3671 3790 est:

2109 3823 2160 3877 E
2189 3824 2414 3894 populis,
2438 3825 2614 3894 patrio
2640 3841 2769 3895 quos
2791 3824 3018 3880 blandus
3069 3841 3246 3880 amore
3275 3823 3484 3894 regebat
3509 3840 3531 3890 ,'

2111 3972 2352 4044 itemque
2385 3973 2615 4031 alterum
2643 3971 2771 4038 hoc,

2111 4154 2179 4208 Αι
2247 4163 2525 4223 postquam
2577 4153 2698 4206 hinc
2746 4164 2902 4222 atque
2941 4151 3061 4204 hinc
3115 4153 3331 4223 densam
3371 4151 3671 4223 instruxere

3231 4221 3585 4292 [phalangem,

2111 4314 2231 4381 Quo
2249 4329 2317 4369 ex
2357 4322 2591 4383 utroque
2640 4311 2872 4381 sumptis
2920 4312 3280 4368 hemistichiis
3309 4313 3670 4372 Antimachus

2109 4420 2328 4461 versum
2359 4405 2506 4459 hunc
2527 4403 2785 4459 conﬂavit
2818 4414 2830 4449 ε

2037 4489 2083 4544 D
2181 4496 2229 4550 E
2260 4495 2404 4567 regni
2430 4495 2634 4566 populis
2657 4497 2871 4548 densam
2893 4494 3184 4549 instruxere
3209 4495 3539 4567 phalangem.

2114 4606 2186 4660 At
2231 4605 2546 4672 enimvero,
2582 4619 2651 4660 ne
2690 4602 2818 4659 dum
2872 4607 3002 4664 furti
3046 4608 3180 4664 alios
3228 4609 3506 4676 insimulo,
3539 4607 3669 4665 furti

2110 4700 2315 4756 crimen
2346 4699 2567 4754 subeam
2590 4700 2702 4767 ipse
2733 4713 2969 4768 quoque,
2998 4700 3219 4769 quinam
3250 4699 3394 4756 furta
3432 4700 3536 4757 ista
3567 4716 3669 4772 pa-

2110 4790 2390 4846 tefecerint
2439 4787 2710 4843 indicabo.
2764 4786 3074 4858 Lysimachi
3124 4798 3342 4844 eXStant
3405 4789 3484 4846 De
3513 4790 3670 4860 furtis

2113 4881 2313 4954 Ephori
2343 4880 2469 4935 libri
2501 4880 2630 4934 duo.
2668 4877 2866 4933 Eadem
2900 4878 3112 4934 Alcaeus
3146 4879 3670 4934 contumeliosorum

2111 4974 2416 5030 iamborum
2447 4972 3007 5042 epigrammatumque
3051 4970 3304 5041 scriptor,
3338 4970 3514 5026 faceto
3549 4987 3672 5026 car-

2112 5067 2276 5122 minis
2303 5079 2496 5136 genere
2517 5063 2782 5132 coarguit.
2817 5061 3059 5117 Polionis
3079 5060 3160 5114 Ad
3187 5059 3524 5116 Soterindam
3555 5062 3670 5131 epi-

2111 5157 2303 5213 stolam
2335 5157 2397 5209 de
2427 5154 2636 5221 Ctesire,
2663 5155 2899 5223 itemque
2921 5151 3116 5206 librum
3135 5149 3212 5203 De
3233 5150 3489 5205 Herodoti
3512 5150 3668 5220 furtis

2114 5249 2398 5304 habemus.
2450 5245 2506 5299 In
2537 5260 2603 5300 eo
2644 5244 2914 5307 similiter,
2944 5241 3030 5297 cui
3059 5240 3249 5295 titulus
3287 5250 3387 5307 est,
3433 5239 3665 5312 Indaga-

2115 5352 2273 5401 tores,
2301 5339 2365 5393 de
2406 5335 2757 5404 Theopompo
2780 5333 2947 5387 multa
2980 5333 3252 5400 leguntur.
3295 5331 3664 5389 Exstatetiam
3723 5397 3730 5402 η

2111 5429 2361 5485 Aretadis
2415 5425 2494 5479 De
2548 5425 2769 5494 fortuita
2827 5421 3184 5476 convenientia
3238 5437 3376 5492 opus
3429 5422 3668 5492 aliquod,

2111 5520 2255 5576 unde
2287 5515 2601 5588 huiusmodi
2635 5515 2891 5584 pleraque
2916 5513 3135 5567 haurire
3181 5513 3360 5568 liceat.
3403 5513 3672 5572 Rursum-

2182 5675 2293 5748 li5)
2331 5678 2393 5729 Ol
2416 5673 2469 5727 δ’
2495 5674 2644 5728 ἐπεί.
2678 5672 2911 5740 Passum,
2948 5682 3003 5728 ut
3034 5670 3199 5727 Iliad.
3230 5673 3311 5738 H',
3337 5671 3461 5728 565.

3284 5831 3360 5889 23
