4194 6406
555 320 655 378 Ἱ79

1223 331 1497 389 EUSEBII
1535 334 2018 391 CzESARlENSIS
2057 334 2209 391 OPP.
2254 337 2439 393 PARS
2479 339 2545 395 ll.
2590 369 2651 385 --
2693 341 3196 400 APOLOGETICA.

3699 351 3806 405 780

551 452 658 505 que
689 448 814 508 post
837 440 942 496 alia
968 448 1213 511 quaedam
1242 463 1256 499 :
1284 445 1601 518 Plagiarios,
1625 449 1802 519 inquit
1828 448 2089 506 Prosenes

2196 450 2409 523 ,ἒ-ιερα,
2459 454 2552 507 καὶ
2590 457 2620 508 ό
2673 457 2989 529 Προσήνης’
3038 460 3176 522 Τοὺς
3226 452 3325 530 μὲν
3386 460 3613 527 ἄλλους,
3673 462 3802 533 ἔφη,

547 528 687 584 alios
720 532 1053 600 prodidistis.
1089 536 1157 590 At
1186 534 1465 592 Platonem
1488 539 1640 594 illum
1668 541 1936 608 divinum,
1963 542 2120 613 cujus

546 634 577 674 e
625 624 845 678 nomine
898 625 1097 681 festum
1140 626 1309 699 468
1361 630 1507 685 hunc
1552 632 1695 687 diem
1745 633 2109 699 celebramus,

543 723 738 767 eorum
792 714 1034 784 scriptis,
1084 716 1178 786 qui
1228 726 1354 773 ante
1404 735 1464 775 se
1495 722 1771 789 vixerunt,
1829 725 2117 794 permultis

547 803 699 858 abuti
754 803 953 873 (furem
987 808 1133 862 enim
1170 810 1331 865 talem
1364 811 1542 867 virum
1570 814 1843 883 appellare
1875 832 1986 870 non
2017 833 2119 871 au-

545 895 694 966 deo,)
736 905 978 952 vestrum
1027 898 1207 955 adhuc
1256 917 1418 957 nemo
1449 904 1827 975 deprehendit.
1880 907 2020 973 Quid
2056 918 2115 964 tu

543 988 667 1043 ais?
720 988 898 1057 inquit
921 990 1192 1046 Callicles.
1240 989 1333 1048 ille
1379 1003 1603 1051 autem:
1657 994 1951 1053 Enimvero
2005 1014 2116 1054 non

543 1087 756 1133 tantum
788 1078 902 1145 sio,
927 1080 1021 1134 sed
1055 1082 1220 1135 etiam
1252 1083 1433 1139 verbis
1461 1088 1640 1155 reipsa
1665 1086 1826 1142 fidem
1853 1089 2111 1161 adjungo.

541 1168 692 1224 Libri
722 1169 942 1239 quidem
972 1185 1187 1235 eorum,
1235 1174 1329 1243 qui
1364 1184 1521 1231 aetate
1551 1175 1830 1233 Platonem
1864 1191 2114 1239 anteces-

541 1262 736 1329 serint,
786 1270 1005 1317 exstant
1055 1280 1190 1320 sane
1247 1268 1529 1337 perpauci,
1575 1284 1813 1339 quorum
1867 1273 1913 1326 si
1955 1276 2111 1344 copia

539 1356 701 1419 foret,
732 1355 891 1425 plura
924 1355 1176 1413 fortassis
1206 1358 1368 1428 hujus
1393 1361 1701 1432 philosophi
1732 1364 1876 1420 furta
1908 1366 2107 1436 depre-

536 1447 711 1501 hensa
739 1445 937 1501 forent.
978 1447 1124 1505 Casu
1159 1465 1291 1505 vero
1322 1453 1456 1506 mihi
1491 1469 1783 1511 occurrere
1819 1458 2103 1513 nonnulla.

536 1535 674 1592 Cum
709 1539 855 1592 enim
895 1536 1206 1610 Protagora:
1247 1541 1443 1595 librum
1486 1544 1563 1598 De
1588 1555 1705 1600 ente
1752 1548 2105 1619 perlegerem,

534 1630 623 1686 his
656 1630 810 1685 illum
839 1645 941 1703 ego
979 1632 1309 1696 rationibus,
1360 1650 1478 1701 eos,
1533 1638 1627 1707 qui
1676 1653 1772 1694 ens
1841 1640 2107 1697 duntaxat

2224 543 2459 608 κλέπτας
2505 548 2823 619 ἐφωράσατε
2843 566 2855 579 ’
2897 551 2980 604 ὃτι
3007 552 3063 605 δὲ
3109 555 3202 607 καὶ
3223 555 3385 619 αὐτὸς
3424 552 3579 621 οὗτος
3604 559 3634 611 ό
3661 558 3806 631 ἱερὸς

2221 637 2466 703 Πλάτων,
2496 634 2558 693 οὗ
2599 641 2695 712 τὴν
2726 642 3010 715 ἐπώνυμον
3058 648 3249 719 ἑορτὴν
3283 650 3524 720 σήμερον
3554 666 3805 721 πανηγυ-

2223 725 2465 798 ρίζομεν,
2493 729 2703 795 πολλοῖς
2734 734 3074 804 καταχρῆται
3106 736 3214 789 τῶν
3247 738 3352 808 πρὸ
3377 738 3564 803 αὑτοῦ,
3597 737 3801 809 (αἰδοῦ-

2223 835 2320 889 μαι
2352 819 2461 891 γάρ
2508 821 2585 892 τῷ
2633 825 2731 893 τῆς
2777 824 2984 895 κλοπῆς
3039 827 3261 899 ὀνόματι
3305 829 3399 881 ἐπὶ
3458 829 3644 882 τούτου
3673 829 3804 901 χρῆ-

2222 911 2343 965 σθαι
2363 912 2404 984 ·)
2443 913 2623 967 οὐκέτι
2668 916 3051 988 κατειλήφατε.
3090 921 3156 972 Τί
3189 921 3401 988 λέγεις;
3459 920 3562 991 ἔφη
3591 924 3621 975 ὁ
3652 920 3800 975 Καλ-

2218 1001 2419 1073 λιέτης.
2465 1005 2538 1057 Οὐ
2587 1005 2730 1073 λέγω
2776 1008 2955 1077 μόνον,
2987 1012 3168 1082 φησὶν,
3197 1012 3335 1065 ἀλλά
3362 1014 3457 1065 καὶ
3488 1014 3590 1084 τὴν
3621 1013 3803 1067 πίστιν

2216 1093 2294 1164 τῷ
2328 1094 2471 1166 λόγῳ
2530 1098 2770 1169 παρέχω.
2821 1101 3031 1155 Σπάνια
3058 1103 3113 1156 δὲ
3159 1103 3226 1156 τά
3255 1104 3362 1156 τῶν
3396 1104 3501 1176 πρὸ
3538 1104 3635 1157 τοῦ
3665 1106 3801 1159 Πλά-

2215 1202 2381 1250 τωνος
2414 1188 2713 1256 γεγονότων
2749 1190 2928 1260 βιϐλία
2951 1210 2963 1222 ·
3001 1195 3121 1247 ἐπεὶ
3170 1195 3299 1260 ἴσως
3343 1196 3569 1273 πλείους
3604 1196 3671 1251 ἄν
3713 1216 3798 1262 τις

2215 1276 2465 1349 ἐφώρασε
2513 1280 2605 1333 τοῦ
2658 1284 2946 1353 φιλοσόφου
2996 1286 3219 1351 κλοπάς.
3267 1287 3410 1356 Ἐγὼ
3454 1289 3499 1342 δ’
3545 1285 3640 1343 οὖν
3684 1307 3795 1342 τισι

2214 1371 2355 1425 κατὰ
2388 1374 2557 1443 τύχην
2605 1376 2961 1446 ἐμπέπτωκα.
2993 1381 3356 1452 Πρωταγόρου
3388 1382 3496 1454 γὰρ
3529 1381 3617 1435 τὸν
3649 1383 3791 1447 Περὶ

2211 1466 2318 1519 τοῦ
2346 1467 2518 1536 ὄντος
2564 1473 2948 1541 ἀναγινώσκων
2994 1476 3170 1545 λόγον,
3216 1477 3352 1548 πρὸς
3383 1479 3509 1543 τοὺς
3545 1479 3602 1533 ἐν
3634 1480 3694 1534 τὸ
3732 1480 3793 1533 ὃν

2210 1561 2530 1629 εἰσάγοντας
2551 1565 2826 1629 τοιαύταις
2849 1568 3010 1621 αὑτὸν
3041 1569 3279 1637 εὑρίσκω
3312 1568 3592 1640 χρώμενον
3626 1572 3794 1624 ἀπαν-

2210 1654 2458 1724 τήσεσιν’
2510 1654 2817 1709 ἐσπούδασα
2849 1657 2957 1728 γάρ
3003 1660 3191 1723 αὑταῖς
3234 1660 3410 1727 λέξεσι
3450 1661 3520 1715 τὰ
3560 1664 3793 1734 ῥηθέντα

532 1738 704 1777 unum
757 1737 879 1777 esse
929 1724 1141 1786 volunt,
1192 1724 1445 1781 refellere
1494 1730 1770 1800 comperi:
1824 1731 1930 1789 hoc
1956 1735 2089 1788 enitr

2212 1744 2591 1815 μνημονεύειν.
2627 1765 2645 1797 ι
2674 1748 2785 1801 και
2811 1724 2963 1802 ταῦτ’
2993 1750 3183 1815 εἰπὼν,
3217 1724 3580 1807 διάνπλειόνων
3612 1724 3793 1826 τίθησι

531 1813 637 1884 egi,
671 1823 733 1867 ut
779 1829 900 1882 quae
948 1815 1016 1869 ab
1065 1815 1159 1869 illo
1201 1815 1344 1872 hanc
1388 1818 1443 1872 in
1478 1834 1592 1874 rem
1637 1820 2006 1890 disputantur,
2036 1826 2089 1880 ac

2208 1805 2677 1904 τὰς’-ἀποδείξεις.
2727 1840 2870 1893 Ἀλλ’
2920 1844 3105 1907 ὁποῖος
3156 1805 3255 1915 μὲν
3305 1805 3792 1918 τῶν

528 1905 756 1959 verbum
771 1905 1260 1963 edisceremullaec
1290 1910 1406 1979 ipse
1432 1909 1713 1980 praefatus,
1735 1912 1923 1968 multis
1948 1914 2104 1969 dein-

528 2010 666 2074 ceps.
716 1996 846 2052 dicti
916 1998 1002 2052 sui
1048 1998 1332 2055 veritatem
1403 2000 1762 2058 demonstrat.
1825 2004 2101 2074 Sedenim,

528 2087 835 2159 cuiusmodi
878 2086 1196 2145 Graecorum
1242 2091 1577 2162 scriptorum
1621 2095 1762 2149 ratio
1805 2095 1898 2159 sit,
1930 2104 2100 2167 utque

526 2197 600 2238 ne
641 2182 850 2238 mutuis
888 2183 1107 2252 quidem
1146 2183 1382 2238 aliorum
1426 2185 1519 2239 alii
1573 2187 2096 2256 reprehensionibus

522 2276 889 2347 pepercerint,
916 2275 1000 2328 vel
1025 2290 1092 2329 ex
1120 2275 1262 2339 istis,
1293 2291 1414 2345 quae
1448 2277 1516 2332 de
1539 2278 1767 2334 inﬁnitis
1788 2294 1958 2348 pauca
1992 2282 2103 2335 col-

523 2368 654 2440 legi,
702 2368 836 2425 satis
878 2376 1133 2423 constare
1184 2368 1459 2423 existimo.
1515 2367 1635 2423 Jam
1686 2385 1849 2438 vero,
1896 2379 1957 2427 ut
2010 2374 2098 2428 via

523 2479 755 2520 summae
802 2465 879 2519 illi
930 2464 1151 2519 utilitati
1207 2462 1380 2533 magis
1458 2463 1745 2533 magisque
1800 2471 2094 2532 sternatur,

521 2572 647 2627 quae
679 2557 733 2610 in
763 2555 983 2612 Graecos
1009 2554 1364 2611 Hebraeorum
1400 2569 1463 2609 ex
1504 2554 1703 2609 litteris
1743 2554 2091 2621 redundavit,

523 2648 796 2708 facturum
831 2663 918 2703 me
958 2647 1331 2703 necessarium
1389 2660 1568 2716 operae
1612 2646 1847 2715 pretium
1881 2648 2093 2716 putavi,

520 2741 566 2796 si
598 2754 819 2795 omnem
850 2739 1021 2807 illam,
1053 2754 1174 2809 quae
1195 2746 1476 2807 tantopere
1495 2737 1754 2807 jactatur,
1785 2738 2092 2794 doctrinam

518 2828 1032 2901 philosophiamque
1079 2827 1419 2893 Graecorum,
1484 2840 1700 2882 necnon
1759 2841 1953 2883 eorum
1983 2830 2095 2901 pri-

519 2922 724 2977 marias
748 2934 995 2991 quasque
1021 2920 1362 2991 disciplinas,
1394 2926 1784 2991 momentaque
1808 2922 1946 2979 artis
1977 2924 2095 2980 dis-

2208 1929 2568 1998 συγγραφέων
2605 1933 2635 1984 ό
2673 1932 2891 2003 τρόπος,
2927 1935 3010 1987 ὅτι
3038 1953 3097 1988 τε
3133 1936 3253 1989 οὐδὲ
3295 1938 3388 1991 τοῦ
3418 1939 3542 1992 καθ’
3582 1941 3795 1994 ἑαυτῶδ

2205 2019 2495 2088 ἐφείσαντο
2545 2021 2789 2093 ἐλέγχου,
2830 2026 3022 2097 ἀρκεῖν
3062 2027 3169 2080 ἀπὸ
3214 2029 3422 2100 μυρίων
3459 2030 3790 2102 ἡγοῦμαιτά

2206 2111 2495 2181 εἰρημένα.
2528 2114 2649 2166 Ἔτι
2686 2115 2742 2167 δὲ
2780 2118 2861 2180 εἰς
2908 2122 3365 2192 προπαρασκευὴν
3396 2123 3497 2193 τῆς
3536 2124 3645 2177 ἀπὸ
3679 2124 3786 2177 τῶν

2223 2199 2527 2272 Ἑϐραϊκῶν
2552 2202 2723 2272 λόγων
2750 2209 3103 2281 ἐπιρῤυείσης
3130 2213 3208 2274 είς
3232 2212 3497 2283 ’Έλληνας
3522 2212 3787 2282 ὠφελείας

2208 2285 2267 2344 εὖ
2306 2309 2395 2361 μοι
2427 2292 2696 2347 δοκεῖκαὶ
2726 2296 3036 2367 ἀναγκαίως
3083 2300 3312 2353 καθόλου
3363 2304 3543 2356 πᾶσαν
3581 2303 3788 2358 ἀποδεῖ-

2208 2380 2296 2448 ξαι
2318 2381 2418 2453 τὴν
2452 2382 2733 2456 βοωμένην
2781 2387 3045 2458 Ἐλλήνων
3080 2390 3327 2444 παιδείαν
3358 2409 3417 2444 τε
3447 2392 3543 2446 καὶ
3580 2393 3788 2462 φιλοσο-

2205 2473 2359 2543 φίαν,
2398 2475 2467 2529 τά
2498 2494 2558 2529 τε
2589 2479 2780 2549 πρῶτα
2813 2480 2991 2534 αυτῶν
3029 2483 3347 2554 μαθήματα,
3389 2485 3492 2537 καὶ
3514 2484 3583 2538 τὰ
3613 2487 3787 2556 σεμνά

2202 2565 2299 2638 τῆς
2325 2567 2549 2639 λογικῆς
2583 2571 2915 2643 ἐπιστήμης,
2950 2575 3056 2628 ἀπὸ
3107 2575 3396 2660 βαρϐάρων
3428 2579 3611 2643 αὐτοῖς
3655 2597 3787 2650 συμ-

2203 2660 2582 2732 πεφορημένα,
2613 2662 2689 2726 ὡς
2720 2663 2786 2717 ἂν
2816 2665 3007 2736 μηκέθ’
3036 2668 3166 2737 ἡμῖν
3197 2670 3563 2741 ἐπιμέμφοιτό
3585 2688 3669 2735 τις
3692 2673 3784 2725 αύ-

2200 2747 2329 2813 τῶν,
2360 2750 2443 2802 ὅτι
2483 2750 2546 2823 δὴ
2586 2752 2685 2824 τὴν
2723 2754 2873 2827 παρά
2903 2759 3015 2820 τοῖς
3061 2757 3355 2831 βαρϐάροις
3403 2761 3680 2817 εὐσέϐειάν
3719 2781 3778 2816 τε

2203 2840 2299 2894 καὶ
2329 2840 2645 2912 φιλοσοφίαν
2687 2845 2795 2899 τῶν
2830 2848 2961 2919 παρ’
2994 2849 3177 2915 αὐτοῖς
3206 2852 3417 2923 σεμνῶν
3459 2858 3780 2929 προτετιμή»

2202 2947 2405 3003 καμεν.

517 3013 733 3070 serendi
777 3014 1049 3085 graviora,
1081 3013 1286 3083 passim
1329 3028 1424 3068 eos
1457 3027 1778 3085 corrogasse
1807 3029 1839 3068 ιι
1868 3014 2120 3074 barbaris
2168 3024 2423 3083 universe
2467 3029 2760 3086 ostendero
2805 3046 2819 3086 :
2857 3046 2926 3087 ne
2952 3033 3079 3103 quis
3108 3034 3350 3105 ipsorum
3384 3038 3619 3107 amplius
3652 3055 3781 3111 pro-

513 3105 616 3161 bro
639 3105 799 3161 nobis
822 3113 1030 3161 vertere
1062 3104 1280 3170 audeat,
1305 3104 1453 3168 quod
1481 3105 1735 3161 haustam
1771 3122 1803 3161 a
1842 3106 2094 3166 barbaris
2151 3115 2468 3187 religionem
2512 3130 2675 3193 atque
2696 3123 3101 3195 philoSOphiam
3131 3104 3379 3198 augustis
3428 3104 3537 3185 illis
3588 3104 3779 3188 eorum

515 3201 799 3274 mysteriis
838 3200 1107 3271 potiorem
1142 3199 1520 3255 habuerimus.

1022 3376 1025 3379 Α
1112 3312 1343 3371 CAPUT
1387 3313 1481 3371 Ν.

516 3426 673 3495 Ωιιοά
702 3442 805 3482 non
825 3426 940 3482 sine
967 3442 1133 3503 caiisa
1164 3424 1513 3503 H_e_bra:orum_
1534 3429 1859 3503 theologiam
1882 3432 2089 3490 Greco-

592 3568 595 3573 .
696 3544 703 3565 γ
804 3512 933 3551 :um
958 3496 1298 3567 philosophice
1323 3496 1733 3566 prwtulerimus'.

582 3608 743 3679 Quod
772 3623 882 3666 non
926 3609 1050 3666 sine
1100 3620 1318 3667 maturo
1366 3626 1610 3682 sanoque
1641 3614 1897 3683 consilio,
1932 3626 2087 3686 post-

512 3703 700 3760 habita
734 3701 1049 3758 Graecorum
1082 3701 1453 3773 philosOphia,
1504 3702 1856 3761 Hebraeorum
1878 3708 2090 3763 theolo—

511 3796 657 3868 giam
679 3793 949 3864 complexi
977 3791 1265 3857 fuerimus,
1301 3793 1389 3848 vel
1423 3808 1491 3849 ex
1520 3808 1588 3849 eo
1621 3797 1755 3852 satis
1791 3796 2084 3868 intelligas,

509 3887 658 3959 quod
689 3901 720 3942 e
772 3884 978 3941 Graecis
1031 3900 1099 3940 ue
1148 3884 1225 3939 illi
1265 3884 1485 3955 quidem
1528 3886 1654 3957 ipsi,
1687 3888 1781 3958 qui
1833 3890 2083 3944 omnium

508 3977 715 4047 optime
757 3974 1165 4046 philosophiam
1200 3982 1596 4041 tractaverunt,
1647 3984 1700 4030 et
1744 3977 1959 4047 vulgari
2016 3979 2085 4035 de

507 4067 617 4124 diis
645 4065 994 4135 contritoque
1042 4078 1299 4121 sermone
1346 4065 1584 4135 amplius
1613 4067 1821 4137 aliquid
1873 4068 2087 4139 majus-

505 4174 619 4231 que
644 4157 976 4230 cogitarunt,
1007 4156 1114 4211 alia
1157 4156 1376 4212 veritati
1431 4166 1799 4214 consentanea
1844 4161 2084 4230 reperire

506 4253 763 4326 dogmata
796 4251 1100 4322 potuerint,
1135 4266 1299 4321 quam
1330 4266 1451 4321 quae
1472 4252 1614 4328 apud
1646 4251 1905 4309 Hebrmos
1930 4262 2082 4309 tanto

504 4354 634 4401 ante
660 4344 872 4399 sancita
897 4351 953 4398 et
995 4343 1292 4399 constituta
1335 4342 1589 4399 fuissent.
1648 4343 1785 4399 Nam
1828 4359 1953 4399 cum
1989 4346 2081 4400 alii

501 4442 709 4489 temere
765 4440 903 4487 astu
949 4431 1188 4502 quodam
1240 4429 1502 4486 falsarum
1556 4447 1622 4486 ac
1693 4432 2081 4503 multiplicium

503 4524 827 4596 opinionum
853 4522 1082 4593 abrepti,
1115 4522 1341 4581 tandem
1368 4522 1424 4577 in
1454 4522 1625 4579 altum
1659 4523 1858 4594 inepta:
1885 4524 2079 4595 loqua-

502 4616 686 4673 citatis
728 4614 997 4687 gurgitem
1035 4613 1195 4670 ell‘usi
1252 4622 1415 4683 sunt;
1453 4625 1568 4671 tum
1626 4616 1705 4670 illi
1744 4632 1897 4684 sane,
1915 4619 2080 4689 paulo

502 4707 806 4765 sinceriore
866 4707 952 4763 usi
1001 4706 1236 4776 judicio,
1314 4707 1515 4778 quibus
1561 4706 1728 4779 5.69
1786 4709 1855 4766 de
1913 4710 2079 4767 rebus

500 4813 685 4854 veram
713 4798 899 4854 animo
920 4797 1199 4853 notionem
1230 4796 1616 4864 informarunt,
1647 4799 1702 4853 in
1743 4799 1812 4855 iis
1851 4800 2077 4870 quidem

498 4890 827 4947 nonnullum
862 4905 920 4946 se
962 4886 1243 4945 Hebraica:
1276 4888 1538 4944 doctrina:
1573 4899 1789 4959 gusuim
1821 4890 2081 4946 habuisse

498 4981 801 5038 declarant.
840 4979 1040 5036 Etvero
1092 4988 1522 5036 consentaneum
1549 4980 1736 5051 utique
1769 4990 1873 5047 est,
1904 4990 1963 5036 ut
1984 4981 2079 5052 qui

500 5086 684 5126 rerum
740 5071 846 5127 sibi
894 5071 1186 5127 multarum
1236 5070 1603 5141 cognitionem
1663 5079 2077 5141 compararunt,

500 5175 793 5233 moresque
829 5161 1158 5234 populorum
1212 5169 1377 5231 atque
1426 5159 1748 5231 disciplinas
1797 5160 2079 5216 curiosius

495 5255 879 5327 explorarunt,
909 5254 946 5309 ii
988 5269 1088 5310 nec
1116 5254 1358 5318 illorum,
1405 5253 1473 5309 de
1516 5254 1719 5324 quibus
1766 5253 2074 5325 loquimur,

571 5407 685 5478 (16)
722 5410 954 5479 Ἄλλην
994 5408 1213 5474 ἄλλως.
1265 5406 1448 5464 Malim
1504 5407 1866 5479 ἁλληνάλλως,
1915 5406 2077 5463 unica

498 5490 655 5549 voce,
684 5478 736 5533 id
765 5489 848 5533 est
869 5479 946 5549 ώς
974 5479 1181 5549 ἔτυχεν,
1214 5489 1272 5533 ιιι
1295 5480 1531 5549 explicat
1554 5478 1770 5549 Su’idas.

571 5547 683 5617 (l7)
704 5548 1054 5628 ’Ἀπ’ώμονι.
1070 5546 1302 5628 "Sensus
1328 5546 1499 5628 eiigit
1538 5546 1866 5628 eoyycbpovn
1890 5547 2076 5628 Quan-

499 5630 679 5689 quam
704 5617 809 5686 legi
848 5630 1011 5671 etiam
1035 5619 1214 5689 possit
1242 5617 1499 5689 γνώμονι.
1546 5617 1752 5686 Vulgus
1784 5621 1951 5681 enim,
1980 5618 2075 5671 ἀλ-

505 5686 798 5758 ληνάλλως,
828 5686 1373 5753 temere‘ferebaturi
1409 5688 1715 5758 phiIOSOphi
1760 5689 1990 5757 judicio,
2020 5698 2074 5743 et

498 5757 931 5830 ratiocinatione,
975 5765 1235 5827 tauquam
1266 5757 1449 5829 regula
1482 5760 1717 5829 quadam
1750 5776 1812 5815 ac
1842 5774 2074 5830 perpen-

498 5826 679 5883 diculo
710 5826 1019 5881 utebantur.

2733 3325 3130 3379 ΚΕΦΔΛΑΙΟΝ
3163 3330 3237 3381 Δν.

2196 3434 2336 3507 ’οτιᾷ
2355 3435 2477 3507 μὴώ
2496 3435 2730 3507 ἀλόγως
2779 3436 2896 3503 τὴν
2936 3438 3073 3504 παρ’
3124 3438 3408 3504 Ἑϐραίοις
3462 3441 3777 3507 θεολογίαν

2262 3503 2373 3573 τῆς
2424 3503 2730 3571 Ἑλλήνων
2771 3503 3137 3574 φιλοσοφίας
3174 3503 3703 3577 προτετιμήκαμεκ.

2263 3615 2385 3667 Ὅτι
2421 3614 2495 3685 μὴ
2531 3615 2658 3669 ἄνευ
2685 3615 2844 3684 λόγου
2875 3615 3169 3687 σώφρονος,
3203 3616 3431 3687 δεύτερα
3456 3617 3674 3689 θέμενοι
3706 3618 3774 3674 τὰ

2188 3708 2288 3778 τῆς
2330 3706 2596 3775 Ἑλλήνων
2630 3705 2966 3775 φιλοσοφίας,
2989 3706 3088 3777 τὴν
3122 3709 3251 3780 παρ’
3295 3708 3566 3779 Ἑϐραίοις
3596 3709 3773 3763 θεολο-

2189 3791 2314 3860 γίαν
2361 3791 2862 3861 προτετιμήκαμεν,
2912 3791 3098 3862 γνοίης
3151 3791 3235 3858 ἂν,
3297 3790 3502 3862 μαθὼν,
3551 3792 3627 3856 ὡς
3679 3793 3773 3847 καὶ

2187 3879 2368 3934 αὐτῶν
2419 3877 2686 3951 Ἑλλήνων
2737 3879 2787 3931 οἱ
2832 3877 2897 3951 δὴ
2947 3879 3180 3951 μάλιστα
3227 3881 3514 3954 ὀρθότερον
3559 3882 3773 3951 φιλοσο-

2188 3969 2317 4039 φίας
2344 3969 2634 4041 ἁψάμενοι,
2662 3970 2755 4023 καί
2787 3989 2839 4025 τι
2882 3970 3044 4026 πλέον
3075 3973 3170 4025 καὶ
3220 3973 3404 4045 μεῖξον
3434 3974 3534 4044 τῆς
3570 3975 3771 4049 πανδή-

2190 4080 2291 4134 μου
2334 4064 2462 4136 περὶ
2500 4061 2637 4117 θεῶν
2677 4062 2849 4133 ἀκοῆς
2892 4062 3285 4135 διανοηθέντες,
3319 4064 3429 4118 οὐδ’
3471 4065 3634 4137 ἐτερα
3659 4067 3771 4121 τῶν

2187 4157 2338 4224 παρά
2364 4158 2475 4218 τοῖς
2509 4154 2779 4226 Ἑϐραίοις
2805 4156 3314 4227 προκεκυρωμένων
3343 4155 3572 4228 ἐφεῦρον
3593 4156 3770 4229 ἀληθῆ

2184 4245 2447 4316 δόγματα.
2499 4245 2561 4299 Ol
2614 4246 2715 4316 μὲν
2760 4244 2871 4316 γὰρ
2911 4244 3076 4316 ἀλλην
3114 4245 3289 4310 ἄλλως
3327 4244 3440 4318 (16)
3492 4247 3769 4311 ποικίλαις

2183 4336 2549 4407 ψευδοδοξίαις
2590 4335 2950 4408 ἀπαχθέντες,
2977 4338 3056 4399 είς
3080 4335 3239 4407 βυθὸν
3265 4337 3578 4408 ἀδολεσχίας
3609 4356 3770 4411 περι-

2186 4431 2541 4503 ετράπησαν’
2593 4430 2643 4482 oi
2713 4428 2770 4481 δέ
2816 4445 2880 4497 γε
2926 4426 3110 4491 ποσῶς
3153 4426 3433 4498 ἀγνώμονι
3466 4428 3580 4499 (17)
3621 4429 3770 4499 λογι-

2187 4521 2308 4594 σμῷ
2335 4521 2685 4593 κεχρημένοι,
2722 4522 2780 4575 ἐν
2807 4515 2887 4586 οἷς
2923 4520 3023 4590 τῆς
3061 4518 3328 4590 τάληθοῦς
3354 4520 3633 4592 ἐφήψαντο
3660 4539 3769 4577 κα-

2112 4652 2160 4714 D
2184 4614 2493 4687 ταλήψεως,
2522 4617 2580 4669 ἐν
2622 4614 2835 4677 τούτοις
2876 4613 3285 4714 τῆςνἙϐραίων
3309 4616 3560 4714 κοινωνοὶ
3588 4618 3768 4714 πεφή-

2184 4722 2307 4760 νασι
2349 4704 2713 4768 διδασκαλίας.
2744 4704 2906 4767 Είκὸς
2948 4701 3042 4757 οὖν
3086 4703 3418 4774 πολυμαθεῖς
3447 4706 3765 4775 γεγονότας,

2181 4796 2250 4850 τά
2268 4813 2327 4849 τε
2346 4796 2455 4849 τῶν
2481 4795 2650 4849 ἐθνῶν
2667 4794 2877 4866 νόμιμά
2898 4812 2957 4848 τε
2972 4795 3067 4849 καὶ
3083 4794 3379 4867 μαθήματα
3409 4798 3736 4869 περιεργότε

2183 4903 2275 4957 ρον
2301 4885 2651 4957 ἐξητακότας,
2674 4885 2769 4938 καὶ⁵
2791 4885 3006 4957 τὴντῶν
3026 4885 3368 4957 δηλουμένων
3399 4886 3474 4958 μὴ
3496 4887 3768 4958 ἀγνοῆσαι

2181 4978 2518 5048 φιλοσοφίαν,
2539 4977 2838 5049 νεωτέρους
2866 4976 2965 5048 μέν
2990 4975 3068 5047 τῷ
3090 4978 3287 5049 χρόνῳ,
3312 4979 3387 5042 ὡς
3411 4978 3542 5043 ἔπος
3564 4984 3765 5049 εἰπεῖν,

2180 5070 2436 5124 ἀπάντων
2465 5069 2564 5139 οὐχ
2600 5068 2863 5139 Ἐϐραίων
2900 5067 3057 5139 μόνον
3086 5069 3220 5138 (18),
3241 5070 3364 5123 ούδέ
3389 5086 3454 5138 γε
3497 5071 3767 5127 Φοινίκων

2181 5162 2275 5215 καὶ
2306 5160 2637 5230 Αἰγυπτίων,
2661 5158 2795 5214 ἀλλά
2824 5161 2917 5213 καὶ
2951 5159 3130 5215 αὐτῶν
3161 5160 3271 5213 τῶν
3299 5160 3544 5214 παλαιῶν
3568 5161 3728 5233 Ἑλλή
3746 5194 3764 5203 -

2182 5270 2289 5309 νων
2318 5253 2538 5324 φύντας;
2575 5248 2669 5317 Οἷς
2695 5252 2764 5306 τὰ
2789 5253 2889 5325 μέν
2918 5254 2983 5307 ἐκ
3009 5253 3260 5324 Φοινίκης
3286 5253 3506 5324 Κάδμος
3531 5256 3559 5308 ό
3605 5255 3763 5327 ’Δγήο

2255 5407 2697 5481 (18))Ε6ραίῳν
2717 5410 2928 5481 μόνον,
2956 5419 3059 5481 etc.
3095 5408 3366 5481 Diogenes
3398 5409 3666 5481 Laertius,
3702 5410 3760 5468 in

2209 5479 2461 5541 rommio,
2488 5480 2560 5533 Τὸ
2587 5478 2684 5546 τῆς
2734 5479 3051 5548 φιλοσοφίας
3080 5478 3238 5548 ἔργον
3282 5479 3411 5533 ἔνιοί
3457 5497 3620 5548 φασιν
3648 5482 3760 5536 ἀπὸ

2209 5493 2461 5541 rommto,
2488 5493 2560 5533 ἰο
2587 5496 2684 5546 της
2734 5493 3051 5548 φιλοσοφιας
3080 5493 3104 5532 ε
3144 5496 3238 5547 γον
3282 5493 3411 5533 ενιοι
3457 5497 3620 5548 φασιν
3648 5493 3759 5536 ἀπὸ

2170 5493 2464 5671 Ξαξϐάρων
2493 5548 2673 5619 ἄρξαν
2708 5497 3174 5636 γεγενῆσθαηγξρ
3205 5551 3354 5641 παρὰ
3392 5551 3489 5620 μὲν
3521 5552 3759 5621 Πέρσαις

2262 5636 2423 5671 γους.
2472 5619 2622 5671 παοά
2665 5619 2722 5671 δὲ
2778 5619 3135 5671 Βαϐυλωνιοις
3181 5620 3214 5671 ἢ
3279 5622 3568 5671 Ασσυοίοις
3612 5622 3752 5671 Χαλ.

2262 5619 2423 5687 γους,
2472 5619 2622 5692 παρά
2665 5619 2722 5671 δὲ
2778 5619 3214 5692 Βαϐυλωνίοιςίῆ
3264 5619 3568 5692 ’Ᾱσσυρίοις
3601 5619 3752 5692 Χαλ.

2168 5688 2379 5761 δαίους,
2426 5689 2520 5761 καὶ
2546 5688 3002 5761 Γυμνοσοφιστὰς
3049 5688 3469 5761 παράίἸνδοῖςῘν
3495 5689 3645 5761 παρά
3696 5710 3758 5745 τε

2170 5759 2403 5831 Κελτοῖς
2424 5759 2516 5811 καὶ
2543 5759 2810 5823 Γαλάταις
2837 5761 2964 5822 τοὺς
2999 5759 3363 5830 καλουμένους
3396 5759 3626 5831 Δρυΐδας
3659 5763 3757 5817 καὶ

2171 5829 2523 5893 Σεμνοθέους,
2554 5839 2659 5885 etc.
