4194 6420
554 373 649 424 781

1708 366 2027 422 PRJEPAB.
2060 364 2310 422 EVANG.
2351 365 2478 420 LIB.
2520 367 2587 421 Χ.

3684 358 3792 421 783

553 497 728 554 νορος,
751 480 820 534 τά
840 479 883 532 δ’
914 480 973 546 ἐξ
1001 478 1275 548 Αἰγύπτου
1303 478 1411 549 (l9)
1442 479 1568 549 περὶ
1598 478 1754 546 θεῶν,
1781 479 1814 549 ἢ
1839 481 1930 533 καί
1959 480 2116 534 ποθεν

2224 480 2582 551 philosophiae
2624 495 2795 550 genus
2827 479 3163 550 lgnorarint:
3208 494 3331 534 eum
3387 478 3673 546 omnibus,
3733 490 3787 537 nt

553 572 792 638 ἄλλοθεν,
841 573 1112 644 μυστήρια
1137 574 1231 625 καὶ
1268 569 1508 634 τελετὰς,
1544 570 1744 635 ξοάνων
1774 589 1832 625 τε
1864 572 2116 642 ἱδρύσεις,

555 663 649 717 καὶ
688 661 909 733 ὕμνους,
939 660 1081 733 ᾠδάς
1131 677 1191 713 τε
1236 660 1329 714 καὶ
1380 660 1613 730 ἐπῳδὰς,
1654 662 1771 732 ἤτοι
1812 662 1839 713 ὁ
1888 662 2122 732 Θρᾴκιος

564 756 814 827 Ὀρφεὺς,
842 754 875 825 ἢ
927 753 1019 807 καί
1044 770 1128 816 τις
1167 752 1353 823 ἕτερος
1387 752 1663 825 Ἕλλην,ἢ
1698 753 1989 825 βάρϐαρος,
2022 754 2122 823 τῆς

550 851 758 921 πλάνης
803 850 1038 921 ἀρχηγοὶ
1086 850 1386 920 γενόμενοι,
1438 850 1869 920 συνεστήσαντο’
1917 848 2121 902 τούτων

551 941 660 1012 γὰρ
705 941 922 1004 οὐδένας
970 940 1065 994 καὶ
1119 941 1271 995 αὐτοὶ
1318 941 1384 995 ἂν
1424 940 1818 1012 ὁμολογήσαιεν
1866 940 2122 1010 Ἕλληνες

551 1031 936 1104 παλαιοτέρους
961 1031 1174 1086 εἰδέναι.
1202 1033 1423 1104 Πρῶτον
1453 1030 1583 1100 γοῦν
1612 1033 1865 1086 ἁπάντων
1898 1033 2121 1104 Ὀρφέα,

552 1120 670 1177 εἶτα
704 1123 761 1177 δὲ
795 1125 974 1189 Λῖνον,
1008 1121 1241 1177 κᾶπειτα
1282 1126 1573 1188 Μουσαῖον,
1612 1125 1756 1194 ἀμφὶ
1784 1124 1852 1177 τὰ
1901 1125 2123 1195 Τρωϊκὰ

550 1214 913 1286 γενομένους,
972 1213 1004 1285 ἦ
1062 1208 1240 1287 μικρῷ
1297 1213 1531 1285 πρόσθεν
1576 1215 1882 1286 ἠκμακέναι
1936 1215 2117 1283 φασίν.

518 1338 521 1341 ι
563 1305 722 1360 Ἀλλά
747 1304 888 1361 κατά
915 1324 978 1375 γε
1009 1305 1228 1370 τούτους
1256 1305 1415 1359 πλέον
1443 1306 1594 1359 οὐδὲν
1623 1306 1721 1378 τῆς
1741 1307 2003 1359 Φοινίκων
2027 1308 2119 1361 καὶ

550 1398 859 1468 Αἰγυπτίων
895 1398 1268 1462 πολυπλανοῦς
1302 1397 1579 1464 θεολογίας
1608 1397 1759 1469 παρά
1786 1400 1896 1462 τοῖς
1926 1399 2120 1469 ’Ἑλλη-

551 1507 633 1543 σιν
682 1488 1036 1543 ἐπολιτεύετο.
1070 1490 1182 1543 Καὶ
1213 1489 1277 1561 δὴ
1309 1490 1402 1543 καὶ
1433 1491 1490 1542 ἐν
1530 1491 1643 1552 τοῖς
1672 1488 1875 1552 λοιποῖς
1921 1489 2118 1554 ἔθνεσι,

549 1580 688 1634 κατὰ
732 1580 909 1644 πάσας
956 1581 1139 1652 χώρας
1177 1597 1235 1633 τε
1272 1581 1364 1634 καὶ
1395 1578 1595 1643 πόλεις,
1634 1579 1690 1632 ἐν
1721 1597 1779 1633 τε
1824 1583 1988 1651 ἱεροῖς
2028 1582 2122 1634 καὶ

552 1672 889 1743 μυστηρίοις,
935 1672 1071 1725 αύτά
1111 1672 1174 1743 δὴ
1207 1672 1399 1737 ταῦτα,
1443 1672 1536 1724 καὶ
1574 1672 1673 1725 ὅσα
1701 1672 1908 1735 τούτοις
1938 1673 2117 1743 ὃμοια,

548 1763 1007 1835 παρεφυλάττετο.
1039 1763 1212 1826 Πολὺς
1237 1762 1367 1831 γοῦν
1408 1762 1558 1833 παρά
1586 1766 1697 1826 τοῖς
1726 1764 1887 1817 πᾶσιν
1925 1766 1953 1817 ὁ
1990 1764 2117 1834 περὶ

547 1854 684 1909 θεῶν
713 1854 1077 1925 προδηλωθεὶς
1099 1855 1317 1926 ἐκράτει
1342 1853 1499 1923 λόγος
1523 1871 1536 1885 ·
1567 1848 1701 1918 νεώς
1734 1854 1845 1923 (9.0)
1873 1871 1930 1906 τε
1962 1872 2027 1906 πε
2036 1871 2113 1924 ριο

545 1947 781 2010 καλλεῖς,
814 1946 1087 2010 παντοίοις
1128 1945 1404 2016 ἀγάλμασι
1457 1946 1551 1998 καὶ
1598 1945 1910 2016 ἀναθήμασι
1955 1962 2114 1997 κεκο-

549 2037 860 2109 σμημένους
894 2037 1045 2109 παρά
1064 2041 1175 2101 τοῖς
1215 2036 1380 2091 πᾶσιν
1402 2037 1494 2109 ὲξή
1505 2050 1700 2108 σκηντο
1722 2054 1735 2066 ·
1768 2036 1908 2108 ἀτὰρ
1934 2035 1998 2107 δὴ
2023 2038 2117 2089 καὶ

547 2118 708 2195 ξόανα
741 2128 998 2193 παντοίας
1033 2124 1166 2200 ’ύλης
1196 2131 1276 2193 εἰς
1321 2130 1499 2183 πᾶσαν
1542 2128 1748 2199 θνητῶν
1778 2126 1931 2191 ζώων
1972 2128 2116 2181 ἰδέαν

545 2216 900 2290 τετυπωμένα
952 2218 1251 2287 φιλοκάλως
1304 2219 1633 2291 ἐξείργαστο.
1696 2217 1807 2272 Καὶ
1865 2217 1970 2289 μὴν
2024 2219 2117 2273 καὶ

549 2310 813 2382 μαντείων
858 2312 1081 2383 πλείστη
1123 2330 1206 2376 τις
1253 2308 1322 2384 ἦν
1363 2314 1455 2366 καὶ
1500 2313 1729 2383 ἄφθονος
1786 2313 1936 2383 παρά
1983 2313 2117 2365 πᾶσι

549 2404 851 2475 περιουσία.
883 2404 1086 2474 Σεμνός
1116 2420 1180 2473 γε
1222 2405 1328 2475 μήν
1369 2422 1450 2468 τις
1485 2405 1578 2459 καὶ
1612 2406 1782 2475 μέγας
1811 2403 1931 2467 θεὸς
1966 2402 2118 2474 παρά

544 2499 655 2560 τοῖς
691 2496 914 2568 Ἕλλησι
958 2496 1340 2568 διαφερόντως,
1389 2497 1449 2549 τὸ
1492 2497 1744 2570 τηνικάδε
1790 2496 2024 2569 μάλιστα
2050 2490 2116 2567 ἦν

544 2585 828 2658 ἀκμάζων,
879 2587 908 2638 ὁ
962 2585 1180 2653 Πύθιος.
1232 2587 1326 2639 καὶ
1374 2589 1403 2639 ό
1441 2586 1699 2657 Κλάριος,
1730 2587 1823 2640 καὶ
1853 2588 1882 2639 ὁ
1929 2586 2116 2639 Δωδω-

544 2680 692 2743 ναῖος
736 2678 847 2750 (21)
867 2697 880 2708 ·
927 2673 1043 2731 εἶτα
1106 2677 1445 2749 Ἀμφιάρεως
1487 2678 1581 2731 καὶ
1640 2677 1979 2749 Ἀμφίλοχος,
2023 2677 2116 2730 καὶ

544 2772 637 2826 ἐπὶ
662 2769 869 2834 τούτοις
909 2770 1096 2842 μυρίος
1130 2770 1288 2833 ἄλλος
1312 2769 1581 2842 ὲπιρῤέων
1606 2768 1944 2841 χρησμῳδῶν
1978 2769 2113 2839 μᾶλ-

542 2862 654 2927 λον,
682 2860 717 2933 ἢ
750 2861 986 2931 ποιητῶν
1009 2877 1066 2913 τε
1101 2862 1196 2913 καὶ
1258 2859 1521 2931 ῥαψῳδῶν
1550 2859 1722 2929 ὄχλος.
1751 2854 1851 2912 Ὧν
1884 2860 2115 2930 μακροῖς

543 2951 663 3007 ποθ’
696 2948 920 3023 ὕστερον
950 2950 1161 3022 χρόνοις
1189 2951 1269 3015 είς
1299 2950 1564 3020 Ἕλληνας
1598 2947 1943 3020 παρελθοῦσα
1969 2950 2115 3018 φιλο-

545 3045 730 3114 σοφία,
753 3042 917 3114 μηδὲν
945 3042 1055 3096 τῶν
1087 3043 1223 3114 αὐτῇ
1251 3041 1633 3115 προσηκόντων
1660 3042 1811 3114 παρά
1840 3038 1951 3105 τοῖς
1976 3043 2113 3113 προὲ

2228 575 2307 629 ita
2345 575 2544 640 dicam,
2572 588 2683 628 non
2710 571 2949 629 Hebraeis
2991 572 3175 635 modo,
3204 573 3288 627 vel
3319 572 3693 638 Phoenicibus,
3736 582 3788 631 et

2228 664 2521 736 Aigyptiis,
2551 667 2645 721 sed
2675 665 2837 721 etiam
2870 663 3074 719 Graecis
3103 664 3211 719 illis
3233 652 3635 733 antiquioribus
3659 674 3787 720 tem-

2226 772 2355 823 pore
2382 757 2629 825 juniores
2658 756 2984 811 exstiterint.
3030 755 3311 824 Siquidem
3342 755 3449 810 illis
3484 756 3682 825 partim
3710 773 3778 812 ex

2226 847 2482 902 Phtenice
2512 848 2750 902 Cadmus
2793 847 3059 917 Agenoris
3085 848 3250 914 illius,
3281 846 3477 916 partim
3508 863 3575 902 ex
3615 844 3785 919 Διΐ-εγω

2224 950 2335 1009 pto,
2383 942 2464 994 vel
2497 940 2803 1005 undeunde,
2848 954 2947 994 sua
2986 939 3075 993 illa
3105 940 3335 1004 deorum
3386 940 3665 1011 mysteria,
3698 957 3787 996 sa:

2227 1046 2554 1101 crurumque
2581 1032 2740 1097 ritus,
2775 1032 3058 1102 signorum
3099 1032 3508 1096 collocationes,
3534 1032 3787 1102 hymnos,

2224 1122 2379 1186 odas,
2410 1124 2739 1192 epodasque,
2782 1138 2875 1177 seu
2913 1122 3181 1177 Thracius
3216 1121 3484 1192 Orpheus,
3531 1138 3630 1178 seu
3660 1126 3787 1195 qui~

2222 1215 2307 1269 vis
2356 1213 2448 1267 alii
2495 1214 2580 1267 vel
2628 1211 2799 1267 Grazei
2826 1213 2910 1266 vel
2968 1212 3209 1276 barbari,
3252 1212 3455 1268 erroris
3494 1213 3662 1269 duces
3727 1228 3787 1268 ac

2221 1303 2497 1375 principes
2536 1302 2910 1357 fabricarum:
2960 1317 3060 1357 nec
3107 1303 3252 1356 enim
3282 1301 3606 1359 vetustiores
3650 1304 3788 1361 alios

2221 1410 2341 1451 sese
2372 1395 2458 1449 vel
2511 1394 2615 1464 ipsi
2646 1408 2867 1463 quoque
2923 1392 3094 1448 Graeci
3149 1408 3311 1448 nosse
3362 1392 3653 1449 fateantur.
3708 1393 3787 1449 Ac

2220 1485 2457 1555 primum
2498 1482 2718 1554 quidem
2748 1480 3044 1551 Orpheum,
3092 1480 3289 1536 Linum
3338 1482 3483 1550 inde,
3527 1491 3644 1538 tum
3667 1483 3787 1539 Mu-

2222 1591 2413 1640 saeum,
2443 1575 2585 1630 circa
2612 1573 2849 1643 Trojana
2890 1583 3156 1642 tempora,
3195 1574 3278 1627 vel
3309 1575 3474 1642 paulo
3515 1585 3643 1630 ante
3682 1575 3783 1630 llud

2219 1672 2395 1724 ruisse
2437 1670 2645 1725 volunt.
2697 1670 2859 1738 Atqui
2911 1669 3047 1722 nihil
3076 1684 3208 1723 sane
3234 1677 3369 1734 tum,
3401 1680 3596 1739 praeter
3623 1671 3785 1728 Pila»

2221 1764 2401 1817 nicum
2452 1772 2613 1831 atque
2684 1759 3064 1831 Egyptiorum
3133 1769 3430 1815 scatentem
3502 1763 3785 1817 erroribus

2219 1854 2573 1923 theologiam,
2623 1852 2935 1908 Grazcorum
2971 1853 3277 1921 respublica
3311 1864 3555 1909 noverat.
3607 1853 3786 1921 Quam

2216 1947 2461 2001 eamdem
2513 1945 2569 1999 in
2625 1944 2878 1999 omnibus
2943 1958 3228 1999 sacrorum
3284 1944 3785 2014 mysteriorumque

2215 2039 2482 2092 rationem
2533 2043 2720 2105 gentes
2746 2034 2909 2089 etiam
2942 2035 3165 2103 reliquae
3198 2035 3252 2088 in
3286 2035 3400 2088 suis
3440 2050 3670 2104 quaeque
3695 2050 3784 2091 rea

2218 2129 2472 2200 gionibus
2519 2127 2860 2195 urbibusque
2897 2125 3222 2180 retinebant.
3296 2123 3507 2194 Quippe
3556 2124 3648 2180 illa
3672 2126 3787 2196 jam

2219 2230 2333 2277 tum
2381 2220 2523 2291 apud
2570 2234 2778 2283 omnes,
2814 2218 2882 2273 de
2918 2230 3026 2287 qua
3078 2216 3338 2287 superius
3369 2215 3536 2272 locuti
3569 2232 3785 2280 sumus,

2219 2313 2285 2369 de
2316 2312 2420 2368 diis
2453 2310 2639 2382 opinio
2684 2310 2891 2380 passim
2939 2309 3251 2364 obtinebat:
3312 2309 3511 2377 templa
3586 2310 3786 2381 ubique

2219 2406 2528 2478 magnifica,
2585 2405 2843 2475 omnique
2885 2405 3165 2475 signorum
3217 2418 3282 2458 ac
3315 2403 3666 2459 donariorum
3693 2420 3787 2474 ge-

2220 2514 2349 2555 nere
2382 2498 2449 2553 ad
2493 2498 2747 2553 eximiam
2790 2497 3024 2566 speciem
3086 2495 3457 2551 ornabantur:
3494 2495 3784 2552 simulacra

2220 2605 2341 2644 cum
2367 2604 2434 2643 ex
2468 2589 2617 2643 omni
2647 2589 2893 2654 materia,
2927 2595 3040 2640 tum
3065 2587 3120 2640 in
3145 2586 3446 2655 quamlibet
3473 2587 3785 2644 mortalium
3882 2614 3903 2629 -ι

2220 2681 2579 2736 animantium
2612 2678 2844 2733 formam
2874 2677 3106 2748 eleganti
3149 2677 3381 2733 artiﬁcio
3419 2677 3780 2749 ﬁngebantur.

2219 2772 2460 2829 Plurima
2487 2786 2706 2842 quoque
2725 2770 2869 2842 apud
2898 2784 3090 2824 omnes
3118 2768 3467 2824 oraculorum
3502 2779 3621 2825 erat
3665 2785 3784 2826 ma-

2221 2864 2477 2932 ximaque
2504 2862 2697 2932 copia:
2740 2862 2942 2931 quique
2977 2874 3209 2930 magnus
3256 2860 3397 2929 apud
3437 2859 3657 2917 Οῐῖεοοε
3684 2876 3784 2933 po-

2219 2956 2494 3010 tissimum
2571 2952 2795 3007 habitus
2844 2961 2927 3007 est
2981 2959 3354 3021 augustusque
3397 2952 3551 3019 deus,
3590 2953 3782 3008 eodem

2218 3045 2458 3101 maxime
2513 3043 2742 3099 ﬂorebat
2788 3052 3051 3112 tempore,
3078 3040 3327 3114 Pythius,
3373 3042 3620 3112 inquam,
3663 3043 3776 3106 ille,

545 3139 805 3206 πάτορσιν
859 3126 1115 3204 εὑροῦσα,
1150 3133 1220 3186 τά
1270 3133 1368 3204 μὲν
1418 3134 1591 3205 σεμνὰ
1624 3133 1718 3186 καὶ
1762 3130 1966 3185 παλαιά
2014 3131 2114 3201 τῆς

2220 3138 2454 3202 Clarius,
2536 3145 2699 3205 atque
2779 3134 3113 3190 Dodonaeus:
3192 3149 3352 3205 quem
3413 3134 3779 3205 Amphiaraus

544 3225 813 3295 πατρικῆς
864 3222 1043 3277 αὐτῶν
1081 3221 1376 3290 θεολογίας,
1420 3222 1560 3277 αύτά
1605 3239 1663 3274 τε
1708 3220 1775 3275 τά
1825 3219 2112 3291 θαυμαστὰ

541 3316 638 3369 καὶ
686 3314 836 3386 παρά
884 3316 1016 3369 πᾶσι
1072 3312 1341 3384 βοώμενα,
1374 3312 1494 3367 θεῖά
1529 3330 1589 3365 τε
1648 3312 1743 3366 καὶ
1800 3312 2111 3383 χρηστήρια

541 3406 687 3479 ἔργῳ
731 3403 958 3478 περιττά
1012 3406 1105 3459 καὶ
1142 3404 1389 3474 ἀνωφελῆ
1434 3403 1779 3457 κατελάϐετο.
1817 3402 1909 3455 Διὸ
1940 3402 2111 3456 ταῦτα

542 3499 642 3570 μὲν
673 3500 753 3562 είς
780 3498 1028 3569 δεύτερον
1067 3496 1409 3562 ἀνεϐάλλετο,
1434 3496 1508 3559 ὡς
1540 3495 1605 3550 ἂν
1631 3496 1781 3550 οὐδὲν
1805 3496 1942 3567 αὐτῇ
1972 3496 2110 3567 πρὸς

545 3592 637 3662 τὴν
686 3591 796 3646 τῶν
848 3589 1161 3658 ἀναγκαίων
1214 3589 1309 3642 καὶ
1362 3585 1578 3657 ἀληθῶν
1626 3585 1840 3657 εὕρεσιν
1894 3586 2109 3639 λυσιτε-

540 3680 763 3735 λοῦντα·
807 3681 876 3733 τὰ.
914 3680 972 3733 δὲ
1014 3680 1195 3732 ὀθνεῖα
1236 3677 1419 3732 λοιπὸν
1470 3678 1563 3731 καὶ
1595 3676 1862 3747 βάρϐαρα,
1909 3670 1997 3729 οἷά
2028 3692 2110 3738 τις

539 3772 737 3844 γυμνὴ,
771 3771 864 3826 καὶ
895 3769 1108 3825 οἰκείων
1143 3768 1496 3840 πτωχεύουσα
1523 3769 1695 3836 λόγων
1723 3783 1784 3820 τε
1812 3768 1905 3820 καὶ
1932 3765 2108 3837 μαθη-

541 3866 746 3938 μάτων,
775 3862 990 3935 περιῄει
1014 3860 1432 3934 διερευνωμένη,
1466 3860 1536 3914 τά
1579 3877 1638 3912 τε
1681 3860 1926 3930 χρήσιμα
1977 3866 2112 3914 παν-

540 3955 762 4027 ταχόθεν
794 3957 959 4025 ἑαυτῇ
992 3951 1307 4024 πορίζουσα,
1341 3951 1645 4021 συνάγουσά
1675 3967 1756 4016 τε,
1790 3951 1884 4003 καὶ
1927 3952 2110 4022 ἐρανι-

537 4050 760 4122 ζομένη,
783 4049 876 4103 ὄτί
906 4064 1037 4101 ποτε
1063 4048 1191 4120 παρ’
1223 4042 1471 4108 ἑκάστοις
1506 4040 1656 4116 εὖροι
1685 4043 1792 4097 τῶν
1818 4043 2006 4099 ἐθνῶν.
2033 4045 2107 4098 Οὐ

537 4142 645 4213 γὰρ
664 4136 758 4198 οὖν
770 4140 905 4212 μόνα
920 4139 990 4192 τά
1015 4139 1116 4209 τῆς
1144 4136 1377 4209 ἀληθοῦς
1408 4136 1682 4205 θεολογίας
1703 4136 1955 4190 λείποντα
1983 4153 2109 4189 κατ-

536 4231 833 4303 δμάνθανεχ
847 4233 959 4293 τοῖς
1026 4228 1301 4298 Ἕλλησιν,
1350 4225 1487 4280 ἀλλά
1529 4226 1623 4279 καὶ
1666 4224 1774 4278 τῶν
1806 4225 1980 4280 ἄλλων
2020 4243 2109 4280 τε-

537 4322 676 4394 χνῶν
698 4338 757 4374 τε
790 4319 884 4375 καί
906 4317 1221 4389 ἐπιστημῶν
1247 4317 1346 4380 τὰς
1376 4313 1827 4386 βιωφελεστάτας.
1868 4315 2108 4383 Συνομο-

537 4411 750 4482 Αογοῦσί
782 4409 847 4480 γέ.
868 4427 952 4463 τοι
998 4408 1255 4479 ’Έλληνες
1281 4408 1453 4472 αὐτοὶ,
1492 4408 1627 4478 μετά
1651 4422 1715 4474 γε
1760 4405 1981 4476 Ὀρφέα,
2016 4407 2107 4457 Λί-

2219 3228 2437 3295 deinde,
2459 3227 2873 3298 Amphilochus,
2918 3234 2970 3279 et
3013 3224 3228 3280 inﬁnita
3264 3226 3521 3297 deinceps
3549 3228 3653 3282 alia
3684 3244 3778 3282 va-

2216 3333 2331 3375 tum
2368 3321 2551 3391 potius
2594 3334 2758 3389 quam
2784 3327 3067 3388 poetarum
3100 3326 3193 3373 aut
3217 3319 3614 3389 rhapsodorum
3641 3322 3782 3374 mul-

2214 3411 2390 3466 titudo
2446 3418 2739 3465 consecuta
2785 3416 2889 3463 est.
2954 3407 3022 3461 At
3074 3422 3195 3462 vero
3243 3408 3583 3479 philosophia
3652 3426 3779 3465 eum

2214 3502 2435 3557 nonnisi
2493 3500 2679 3556 multis
2720 3508 2844 3569 post
2884 3514 2979 3554 eos
3008 3498 3222 3554 saeculis
3268 3498 3507 3555 venisset
3543 3501 3597 3555 in
3630 3499 3777 3557 Grae-

2213 3594 2375 3660 ciam,
2408 3608 2509 3647 nec
2535 3592 2830 3662 quidquam
2898 3606 3078 3646 rerum
3129 3606 3348 3645 suarum
3402 3592 3544 3662 apud
3586 3606 3776 3648 eorum

2212 3685 2450 3755 majores
2474 3684 2763 3747 inveniret,
2787 3680 3050 3753 quidquid
3078 3680 3301 3751 insuper
3326 3682 3379 3735 in
3406 3684 3595 3751 patria-
3621 3683 3776 3738 theoa

2212 3778 2368 3847 logia:
2395 3776 2672 3844 mysteriis
2701 3778 2949 3846 praeclari
2988 3777 3116 3831 olim
3143 3774 3426 3844 sanctique
3452 3773 3774 3841 habebatur,

2210 3882 2424 3923 necnon
2469 3867 2580 3934 illa,
2627 3882 2748 3938 qua:
2804 3869 3047 3924 omnium
3096 3881 3191 3921 ore
3217 3866 3586 3937 iactabantur,
3621 3881 3774 3938 egre-

2212 3957 2297 4028 gia
2324 3956 2621 4026 divinaque
2668 3956 2912 4023 oracula,
2944 3954 3109 4027 47o
3133 3962 3188 4008 et
3220 3955 3379 4023 plena
3414 3953 3694 4017 vanitatis,
3720 3966 3775 4008 et

2211 4047 2280 4104 ab
2306 4049 2457 4103 omni
2492 4048 2723 4102 utilitate
2768 4062 2941 4102 vacua
2971 4050 3153 4115 reipsa
3182 4044 3561 4114 deprehendit.
3631 4043 3775 4116 Ergo

2211 4138 2280 4192 iis
2306 4138 2606 4193 secundum
2636 4137 2691 4191 in
2724 4137 2903 4191 locum
2929 4136 3169 4205 rejectis,
3202 4135 3347 4204 quod
3383 4134 3520 4189 nihil
3560 4134 3665 4190 sibi
3707 4138 3775 4190 ad

2210 4244 2394 4285 rerum
2430 4227 2860 4283 necesSariarum
2909 4243 2974 4282 ac
3004 4241 3257 4281 verarum
3303 4226 3771 4297 investigationem

2210 4320 2612 4377 commoditatis
2660 4318 2854 4374 aﬂ'erre
2888 4328 3128 4389 possent,
3166 4332 3351 4372 errare
3400 4317 3656 4389 deinceps
3678 4334 3775 4374 va-

2210 4412 2455 4483 garique,
2510 4418 2568 4464 et
2620 4408 2840 4478 quando
2872 4406 3019 4461 nuda
3071 4420 3170 4476 per
3211 4420 3330 4461 sese
3354 4414 3493 4473 erat,
3527 4420 3592 4459 ac
3643 4419 3774 4475 pro-

537 4503 624 4556 νόν
658 4518 719 4555 τε
757 4502 851 4555 καὶ
887 4500 1180 4563 Μουσαῖον,
1220 4497 1270 4551 οἳ
1306 4498 1369 4569 δὴ
1416 4497 1649 4569 μάλιστα
1691 4493 1954 4565 θεολόγων
2007 4513 2108 4548 πα-

2220 4498 2452 4568 priarum
2500 4495 2818 4552 facultatum
2865 4495 3045 4565 inops,
3095 4495 3380 4564 peregrina
3416 4493 3609 4550 saltem
3651 4495 3775 4549 bar-

538 4584 803 4646 λαιότατοί
827 4609 887 4644 τε
911 4593 1005 4645 καὶ
1039 4582 1245 4661 πρῶτοι
1291 4586 1565 4660 κατῆρξαν
1598 4588 1781 4648 αὐτοῖς
1812 4586 1911 4656 τῆς
1944 4585 2106 4639 πολυ-

540 4679 661 4734 θέου
690 4676 915 4750 πλάνης,
950 4680 1076 4743 τοὺς
1112 4677 1253 4732 ἑπτὰ
1300 4680 1424 4749 παρ’
1457 4677 1638 4741 αὐτοῖς
1669 4676 1869 4747 ἄνδρας
1896 4675 1990 4729 ἐπὶ
2018 4693 2104 4745 φι-

536 4769 758 4843 λοσοφίᾳ
780 4770 1175 4842 θαυμασθῆναι,
1199 4768 1292 4833 οὓς
1313 4769 1376 4840 δὴ
1405 4768 1498 4823 καὶ
1522 4767 1855 4837 ἐπονομάσαι
1878 4766 2100 4835 Σοφούς.

545 4863 713 4935 ’Δμφὶ
743 4861 924 4935 Κῦρον
954 4858 1010 4916 δὲ
1051 4862 1157 4915 οἵδε
1184 4862 1274 4915 τὸν
1301 4859 1525 4931 Περσῶν
1564 4860 1818 4929 ἤκμασαν
1858 4856 2098 4928 βασιλέα.

535 4950 702 5019 Οῦτος
727 4954 771 5008 δ’
795 4951 863 5027 ἦν
888 4955 916 5006 ὁ
961 4953 1148 5025 χρόνος
1192 4954 1250 5005 ὲν
1275 4946 1320 5020 ᾧ
1342 4951 1451 5005 τῶν
1484 4949 1613 5020 παρ’
1654 4945 1926 5019 Ἑϐραίοις
1972 4964 2101 5019 προ-

537 5050 721 5123 φητῶν
766 5051 814 5103 oi
873 5047 1085 5104 πάντων
1137 5040 1355 5102 ὕστατοι
1406 5048 1793 5118 προεφήτέυον.
1844 5044 1952 5097 τῶν
2004 5043 2103 5114 μὲν

534 5138 794 5212 Τρωῖκῶν
832 5134 1056 5211 ὕστερον
1092 5138 1235 5192 ἔτεσι
1280 5138 1440 5190 πλέον
1481 5136 1514 5206 ἢ
1560 5133 1879 5200 ἑξακοσίοις,
1910 5134 2011 5203 τῆς
2044 5130 2101 5185 δὲ

534 5235 811 5298 Μωῦσέως
858 5231 1090 5297 ἡλικίας,
1118 5234 1218 5286 οὐκ
1255 5231 1473 5284 ἔλαττον
1525 5229 1556 5301 ἢ
1602 5229 1793 5300 χιλίοις
1825 5229 1920 5282 καὶ
1968 5244 2101 5280 πεν-

533 5320 807 5387 τακοσίοις
820 5324 1118 5395 γενόμενοι.
1134 5320 1302 5376 Τοῦτο
1321 5322 1380 5375 δέ
1398 5338 1480 5376 σοι
1508 5320 1606 5385 τὰς
1617 5320 1723 5374 τῶν
1740 5320 1944 5393 χρόνων
1973 5320 2103 5373 ἀναδ-

608 5435 718 5508 (l9)
760 5432 891 5490 Post
925 5434 996 5489 τὰ
1038 5434 1089 5508 δ’
1136 5433 1204 5508 ἐξ
1251 5432 1860 5508 Atrdsgrpuclarius‘et
1903 5430 2102 5508 distin-

538 5498 678 5560 otius
703 5498 973 5575 legeretur
992 5547 1006 5569 ,
1032 5506 1066 5575 ἦ
1097 5498 1211 5575 καίᾼ
1222 5498 1382 5556 ποθὲν
1411 5502 1652 5575 ἄλλοθεν,
1678 5501 1803 5572 περὶ⁵
1834 5498 1981 5575 θεῶν⁸
2003 5518 2102 5569 μυ-

540 5578 632 5645 στή
644 5593 751 5646 ρια,
766 5571 907 5638 ’θιοη
933 5571 1140 5629 tametsi
1173 5572 1507 5646 Grateornm,
1536 5574 1698 5646 etiam
1722 5571 2102 5626 disertissimo-

536 5642 933 5724 rurijﬁint-rieata
966 5659 1107 5724 saepe
1134 5658 1197 5724 ac
1221 5642 1442 5724 trajecta
1469 5644 1646 5724 oratio
1675 5650 1779 5696 est.

607 5714 717 5783 (“2.0)
744 5714 920 5779 Νεώς.
967 5712 1105 5780 Quid
1142 5713 1188 5768 si
1220 5712 1344 5783 νεῲ,
1377 5721 1430 5766 et
1474 5712 1572 5783 lin.
1616 5720 1894 5781 sequente,
1944 5726 2102 5761 κεκο-

537 5779 822 5850 σμημένοι,
853 5800 947 5848 pro
973 5779 1451 5848 κεκοσμημένους-ί
1474 5779 1598 5837 Haec
1625 5779 1755 5838 sane
1791 5783 1948 5835 lectio
1974 5794 2097 5834 cum

2208 4590 2449 4659 baraque
2480 4588 2691 4657 rimari,
2718 4602 2947 4659 quaeque
2972 4587 3074 4642 sibi
3110 4587 3235 4642 usui
3263 4601 3385 4643 esse
3414 4595 3643 4659 possent
3665 4588 3776 4643 col-

2206 4678 2374 4750 ligere
2398 4679 2659 4749 undique,
2690 4688 2743 4734 et
2763 4678 3027 4749 quidquid
3073 4677 3216 4749 apud
3246 4678 3520 4747 quoslibet
3544 4678 3772 4748 populos

2207 4772 2486 4842 reperiret,
2534 4771 2725 4828 sedulo
2747 4785 3056 4842 corrogare.
3108 4768 3221 4825 Nec
3247 4770 3393 4825 enim
3418 4785 3604 4825 veram
3631 4774 3771 4825 dun-

2207 4868 2359 4915 taxat
2402 4861 2752 4932 theologiam,
2800 4861 2894 4916 sed
2942 4861 3079 4915 alias
3109 4861 3273 4914 etiam
3301 4868 3447 4916 artes
3480 4868 3643 4930 atque
3672 4859 3770 4914 do-

2207 4952 2413 5008 ctrinas
2459 4951 2712 5007 humana:
2747 4951 2868 5007 vita:
2904 4950 3184 5020 perutiles,
3226 4948 3431 5005 Graecis
3454 4949 3771 5005 hominibus

2205 5045 2394 5101 deesse
2416 5043 2689 5113 cognovit.
2723 5041 2788 5096 Et
2828 5057 2958 5097 vero
2994 5040 3167 5098 Graeci
3220 5040 3456 5095 fatentur
3486 5043 3614 5113 ipsi,
3641 5058 3770 5096 non-

2204 5136 2310 5190 nisi
2343 5145 2467 5205 post
2494 5132 2795 5204 Orpheum,
2847 5132 3047 5188 Linum
3078 5148 3143 5188 ac
3177 5132 3464 5200 Musaeum,
3498 5134 3593 5211 qui
3619 5134 3768 5188 vide-

2203 5224 2330 5281 licet
2363 5224 2743 5294 theologorum
2787 5222 3032 5277 omnium
3089 5221 3482 5292 antiquissimi,
3524 5239 3588 5277 ac
3615 5223 3767 5292 prin-

2202 5315 2369 5384 eipes,
2394 5313 2544 5370 falsae
2565 5314 2730 5385 hujus
2752 5313 2819 5370 de
2842 5313 3190 5368 multitudine
3221 5313 3445 5367 deorum
3471 5313 3764 5382 opinionis,

2203 5429 2390 5499 priori.
2419 5426 2841 5509 éxpdt’St‘Myoq,
2889 5433 2942 5482 et
2983 5425 3251 5495 sequenti,
3299 5424 3461 5492 ξόανα
3520 5426 3767 5497 ὲξείργα·

2203 5515 2316 5557 στο,
2350 5505 2680 5552 conveniret.

2273 5568 2384 5637 (21)
2411 5565 2767 5637 Δωδωναῖος.
2802 5564 3494 5637 λΡτιεειίιθνὶιΑιδυμαῖος,
3555 5576 3612 5620 ut
3652 5566 3767 5637 jam

2202 5634 2305 5693 sub
2352 5634 2534 5706 Operis
2584 5635 2746 5704 hujus
2800 5634 3014 5706 initium
3064 5650 3152 5689 me
3216 5634 3480 5690 adnotare
3520 5635 3768 5691 memini.

2201 5707 2342 5762 Sunt
2368 5705 2514 5762 enim
2549 5707 2664 5762 haec
2686 5705 2947 5775 Apollinis
2969 5715 3351 5775 cognomenta.
