2097 3209
232 168 285 194 785

553 166 688 194 EUSEBll
709 165 949 193 CESARIENSIS
968 166 1041 194 OPP.
1062 167 1152 194 PARS
1170 167 1199 194 ll.
1226 182 1257 187 —
1276 166 1515 194 APOLOGE'I'ICA

1791 165 1844 189 78%

232 226 409 252 tundamenta
433 224 566 259 jecerunt,
592 226 665 252 viros
691 226 752 253 illos
767 226 879 253 omnino
906 231 1025 261 septeni,

1060 227 1168 263 γραφὰς
1200 227 1295 262 μικρὸν
1321 226 1433 261 ὕστερον
1459 225 1550 251 διιόντι
1577 225 1732 259 καταφανὲς
1757 225 1843 253 ἔσται.

231 271 409 306 philosophia:
433 272 460 298 in
485 271 587 298 Graecia
612 272 691 299 laude
713 272 854 304 claruisse,
871 281 940 308 quos
958 274 1009 308 ipsi

231 325 338 352 quoque
362 317 503 352 Sapientes
524 318 701 346 nominarint.
720 319 803 354 Atqui
822 320 893 355 Cyro
918 319 1009 348 Persis

230 366 376 398 imperante
388 363 537 390 ﬂoruerunt
551 372 646 391 omnes
658 374 665 391 :
687 373 742 400 quo
754 371 876 400 tempore
890 366 1007 400 prophe-

229 414 315 436 tarum
329 409 398 444 apud
418 409 545 436 llebrzeos
576 410 698 437 omnium
715 411 856 438 novissimi
869 413 1006 445 exstitere,

227 447 305 482 annis
331 461 391 490 post
410 455 528 491 Trojana
550 457 659 491 quidem
678 461 798 492 tempora
813 459 930 493 amplius
946 466 1007 486 sex-

227 501 328 534 centis;
350 505 411 535 post
423 501 542 537 Moysem
556 509 620 529 vero
631 510 685 529 non
701 503 874 537 paucioribus
887 504 960 530 mille
975 511 1006 531 ac

226 547 392 582 quingentis,
413 553 443 574 ut
465 548 544 575 facile
559 548 606 575 tibi
630 549 711 582 patilo
728 553 789 583 post
804 557 836 576 ex
853 554 1004 584 temporum

225 592 330 619 ratione
359 593 483 627 serieque
513 594 659 620 constabit.
688 594 822 621 Caeterum
840 602 873 622 eo
895 595 1004 623 circiter

224 645 290 670 avo,
311 645 374 665 cum
396 639 561 666 recentiores
578 640 622 667 isti
639 644 740 674 septem
759 639 901 675 Sapientes
915 649 1003 669 emer-

223 684 334 717 sissent,
353 683 522 712 humanioris
539 685 648 720 quidem
671 690 697 712 et
715 686 896 720 castigatioris
920 687 1002 714 disci-

223 728 302 762 plinae
318 729 440 763 magistri
455 729 539 757 fuisse
554 730 741 764 perhibentur,
760 732 806 758 sed
824 736 914 759 tamen
931 740 1002 767 prae-

222 779 262 800 ter
281 774 401 801 celebres
422 775 554 809 quasdam
582 776 757 810 eruditasque
777 776 936 807 sententias,
958 776 1001 803 ni-

222 820 260 847 hil
270 819 414 847 admodum
431 820 608 855 reliquerunt.
634 821 669 848 At
683 822 762 856 longe
775 822 863 850 serius
879 822 1000 857 philoso-

221 865 335 900 phorum
349 866 376 892 in
399 866 501 893 Graecia
521 867 612 902 vigere
635 875 734 894 nomen
746 875 777 895 ac
792 869 930 902 praedicari
945 877 1001 896 cte-

220 910 267 944 pit.
291 909 394 936 Horum
419 911 544 946 princeps
571 911 615 938 ille
637 910 813 946 Pythagoras,
836 911 999 949 Pberecydis

219 960 280 982 ante
296 955 458 990 discipulus,
481 964 495 983 a
518 964 572 991 quo
586 957 763 992 philosophiae
781 966 877 985 nomen
901 959 998 987 inven-

219 1006 275 1027 tum
291 1005 341 1033 est,
356 1002 472 1032 Samius.
488 1007 519 1030 ut
543 1003 666 1030 nonnulli
694 1004 796 1038 volunt,
811 1008 865 1037 vel,
884 1010 914 1033 ut
935 1006 998 1034 aliis

219 1046 316 1080 placet,
333 1046 440 1075 Tuscus
456 1053 528 1074 erat.
549 1047 604 1075 Nec
623 1049 720 1077 desunt
742 1050 787 1084 qui
814 1050 912 1086 Syrum
933 1059 997 1083 eum

217 1097 265 1118 aut
279 1092 390 1127 Tyrium
402 1093 485 1121 fuisse
502 1094 602 1121 dicant.
626 1093 691 1122 Utut
707 1095 752 1128 sit,
768 1096 843 1123 illum
862 1100 890 1124 et
904 1097 995 1131 philo-

217 1139 365 1173 sophorum
392 1140 550 1174 principem,
567 1145 593 1168 et
616 1140 772 1169 Graecorum
801 1143 926 1172 omnium
945 1151 996 1171 ore

216 1185 391 1217 celebratum.
420 1193 474 1212 non
496 1185 618 1213 Graecum
637 1191 738 1221 tamen,
772 1188 819 1217 sed
847 1188 995 1218 barbarum

215 1238 277 1257 esse
299 1230 436 1258 fatendum
450 1237 501 1258 est.
529 1231 682 1264 Quinetiam
699 1234 787 1267 ipsum
800 1241 910 1269 quoque
926 1233 995 1263 Phe-

216 1275 351 1310 recydem,
368 1276 411 1303 cui
435 1275 616 1311 Pythagoram
634 1285 744 1312 operam
762 1278 870 1308 dedisse
891 1278 993 1313 ferunt,

215 1321 312 1356 Syrum
329 1321 414 1349 fuisse
429 1327 589 1350 memorant.
618 1323 782 1358 Quanquam
806 1331 861 1352 non
884 1332 916 1352 eo
933 1329 993 1352 tan-

214 1372 270 1393 tum
285 1367 395 1394 doctore
414 1367 595 1403 Pythagoram
618 1377 696 1396 usum
714 1377 775 1397 esse
799 1370 921 1403 tradunt,
945 1371 993 1399 sed

213 1413 294 1439 etiam
310 1420 370 1440 eum
388 1414 473 1448 magis
486 1415 556 1448 apud
573 1413 681 1447 Persas,
696 1423 757 1442 cum
774 1415 912 1450 prophetis
921 1417 992 1452 apud

213 1457 354 1493 A'lgyptios
375 1459 599 1487 consuetudinem
626 1459 769 1493 habuisse;
797 1468 852 1496 quo
881 1461 991 1496 quidem

212 1509 331 1539 tempore
355 1505 451 1540 partim
475 1514 502 1532 in
524 1504 680 1541 Egyptum.
703 1506 802 1541 partim
824 1506 990 1543 Babylonem

211 1550 338 1578 Hebraeos
356 1552 488 1586 migrasse
504 1552 598 1586 liquet.
621 1552 701 1588 47],
716 1553 754 1580 lta
767 1558 861 1586 noster
874 1554 920 1582 hic
929 1554 988 1590 plii-
1004 1567 1025 1596 ο

211 1597 351 1631 Iosephus.
366 1597 430 1631 quid
445 1597 516 1632 apud
531 1605 654 1632 quosque
675 1599 835 1633 praeclarum
849 1604 876 1627 et
897 1601 990 1628 erudi-

210 1647 266 1668 tum
287 1646 370 1674 esset,
388 1643 530 1677 diligenter
543 1643 697 1678 explorans,
714 1643 889 1679 Babylonem,
902 1645 989 1681 Egy-

210 1694 284 1722 ptum
299 1687 493 1724 Porsidemque
508 1689 670 1724 peragravit,
687 1697 830 1725 magorum
845 1699 876 1719 ac
898 1699 988 1718 sacer-

207 1735 304 1761 ilotum
318 1734 470 1769 disciplinis
495 1735 625 1763 imbutus.
647 1734 721 1763 ldem
742 1740 871 1770 praeterea
885 1736 987 1765 Brach-

208 1787 303 1808 manas
315 1779 458 1815 (Indorum
472 1780 628 1816 philosophi
642 1781 682 1808 illi
696 1782 770 1817 sunt)
790 1782 908 1810 audiisse
932 1783 987 1811 ter-

207 1830 260 1852 tur.
286 1824 312 1853 ls
326 1832 391 1860 ergo
404 1833 465 1853 cum
484 1825 518 1853 ab
528 1826 588 1853 aliis
601 1827 786 1862 astrologiam,
810 1829 985 1864 geometriam

209 1871 244 1898 ab
261 1870 332 1903 aliis,
351 1870 386 1898 ab
410 1871 471 1899 aliis
498 1872 697 1900 arithmeticam
713 1878 740 1901 et
756 1874 900 1907 musicam,
916 1876 985 1903 alia-

206 1923 259 1951 que
274 1917 308 1944 ab
322 1916 383 1944 aliis
397 1917 548 1950 didicisset,
566 1925 582 1945 a
599 1918 665 1946 solis
677 1918 777 1948 Graecis
792 1919 901 1948 auferre
915 1921 984 1952 nihil

206 1961 293 1995 potuit
307 1970 314 1993 ;
331 1966 405 1988 tanta
419 1961 457 1988 illi
478 1966 533 1989 tum
548 1963 661 1997 penuria
678 1964 827 1998 sapientiae,
843 1972 875 1992 ac
891 1973 982 1994 rerum

205 2006 326 2034 omnium
346 2007 497 2042 ignorantia
523 2008 694 2036 laborabant.
719 2008 821 2040 Contra
833 2011 983 2046 peregrinis

205 2053 261 2087 ipse
286 2053 392 2080 artibus
415 2053 602 2088 doctrinisque
625 2054 791 2087 cumulatus,
818 2056 982 2084 eruditionis

202 2098 292 2125 omnis
308 2098 335 2125 in
359 2098 462 2126 Graecia
486 2099 586 2126 fontem
610 2100 723 2134 aperuit.
751 2101 791 2129 Ac
815 2100 982 2137 Pythagoras

202 2144 311 2178 quidem
335 2144 469 2180 ejusmodi
499 2145 561 2178 fuit.
593 2146 632 2171 Ali
653 2154 684 2173 eo
710 2147 837 2181 deinceps
862 2148 979 2181 primum

201 2189 380 2224 philosophiae
395 2198 480 2225 genus
493 2196 670 2226 propagatum
688 2198 739 2225 est,
754 2193 826 2227 quod
839 2194 872 2219 ab
892 2192 979 2227 Italia,

1066 272 1196 299 Ἐνταῦοά
1219 281 1268 298 που
1284 272 1338 297 νέοι
1353 270 1391 305 τῷ
1411 271 1498 305 χρόνῳ
1510 270 1580 295 ἑπτὰ
1601 270 1739 305 γενόμενοι
1754 271 1844 305 Σοφοὶ,

1059 318 1104 344 ἐπὶ
1121 317 1284 353 κατορθώσει
1303 315 1512 352 μνημονεύονται
1527 315 1636 350 ἀγωγῆς
1649 315 1699 350 τῆς
1710 315 1842 350 ἠθικωτέ-

1060 372 1118 400 ρας,
1132 360 1169 390 ὧν
1192 363 1272 390 πλέον
1290 363 1366 388 οὐδὲν
1391 362 1442 388 τῶν
1466 361 1608 397 βοωμένων
1624 361 1844 397 ἀποφθεγμάτων

1060 409 1265 445 μνημονεύεται.
1288 409 1350 443 Ὀψὲ
1372 408 1399 434 δέ
1416 417 1451 439 τι,
1467 408 1513 433 καὶ
1536 407 1636 442 μᾶλλον
1660 409 1716 439 τοῖς
1737 407 1842 443 χρόνοις

1058 456 1267 492 ὑποϐεϐηκότες,
1288 456 1312 481 οἱ
1329 456 1393 490 παρ’
1412 455 1524 489 Ἕλλησι
1541 454 1679 488 φιλόσοφοι
1695 454 1842 489 διαπρέψαι

1059 501 1279 537 μνημονεύονται.
1301 497 1349 526 Ὧν
1375 500 1533 535 Πυθαγόρας
1560 499 1666 535 πρῶτος
1692 500 1840 536 Φερεκύδου

1056 546 1207 582 γνώριμος,
1227 545 1257 572 τὸ
1282 544 1439 580 φιλοσοφίαν
1466 544 1585 580 ἀνευρὼν
1609 545 1709 580 δνομα,
1729 545 1766 577 ὡς
1791 546 1841 581 μέν

1055 600 1135 623 τινες,
1149 592 1259 626 Σάμιος,
1272 591 1309 623 ὡς
1321 591 1342 617 δ’
1359 590 1447 626 ἕτεροί
1461 599 1535 625 φασι,
1552 590 1690 626 Τυρρηνὸς
1704 588 1747 626 ἦν.
1762 591 1841 623 Τινὲς

1055 637 1076 663 δ’
1097 637 1176 664 αὑτὸν
1198 636 1292 672 Σύριον
1315 636 1331 671 ἢ
1356 636 1453 671 Τύριον
1477 634 1543 663 εἶναι
1561 636 1705 670 λέγουσιν·
1722 635 1792 662 ὥστε
1809 644 1838 662 σε

1055 684 1202 720 βάρϐαρον,
1219 684 1275 710 ἀλλ’
1289 684 1337 719 οὐχ
1355 684 1471 719 Ἕλληνα
1487 683 1626 717 γεγονέναι
1642 682 1781 717 ὁμολογεῖν
1793 683 1838 709 τὸν

1054 729 1161 764 πρῶτον
1176 729 1230 755 τῶν
1243 728 1405 763 φιλοσόφων,
1421 728 1473 755 ἀνὰ
1489 728 1575 763 στόμα
1590 728 1697 754 πάντων
1705 727 1836 763 Ἑλλήνων

1053 776 1190 811 ᾀδόμενον.
1206 776 1259 802 Καὶ
1273 776 1318 802 τὸν
1334 775 1486 811 Φερεκύδην
1508 775 1535 801 δὲ
1548 774 1643 810 Σύριον
1665 774 1836 810 ἀναγράφου-

1053 831 1106 854 σιν,
1127 819 1149 856 ᾦ
1165 822 1331 858 μαθητεῦσαι
1350 823 1394 849 τὸν
1408 821 1569 857 Πυθαγόραν
1591 820 1683 855 φασίν.
1698 821 1734 847 Οὺ
1758 821 1836 856 μόνον

1051 869 1079 896 δὲ
1099 869 1185 905 τούτῳ
1201 869 1379 903 συγγενέσθαι
1399 869 1413 895 ὁ
1427 868 1588 904 Πυθαγόρας
1601 867 1722 901 λέγεται,
1735 867 1836 902 διατρί-

1049 913 1098 947 ψαι
1111 913 1138 939 δὲ
1156 914 1203 940 καί
1217 913 1291 948 παρὰ
1313 915 1369 945 τοῖς
1383 913 1493 949 Περσῶν
1508 913 1614 948 μάγοις,
1627 912 1739 944 καὶτοῖς
1754 913 1836 947 Δίγυ-

1050 959 1135 984 πτίων
1159 958 1187 984 δὲ
1216 959 1368 994 προφήταις
1395 957 1572 993 μαθητεῦσαι,
1598 957 1660 984 καθ’
1687 957 1715 984 ὃν
1741 957 1836 994 χρόνον

1055 1004 1186 1039 Ἐϐραίων
1202 1005 1226 1030 οἱ
1250 1004 1299 1039 μὲν
1318 1005 1360 1031 ἐπ’
1373 1004 1520 1038 Αἰγύπτου,
1532 1005 1556 1030 οί
1572 1003 1593 1029 δ’
1615 1004 1661 1030 ἐπὶ
1675 1003 1834 1035 Βαϐυλῶνος

1049 1048 1189 1083 φαίνονται
1210 1048 1258 1084 τὴν
1281 1048 1418 1082 μετοικίαν
1442 1048 1629 1084 πεποιημένοι.
1650 1048 1730 1075 Ἀλλὰ
1749 1048 1803 1085 γὰρ
1818 1049 1834 1075 ό

1047 1094 1219 1129 δηλούμενος,
1232 1094 1266 1120 τὰ
1283 1095 1347 1130 παρ’
1362 1095 1485 1126 ἑκάστοις
1501 1094 1569 1129 σοφὰ
1587 1094 1831 1130 πολυπραγμονῶν,

1046 1139 1146 1175 ἐπῆλθε
1163 1139 1309 1167 Βαϐυλῶνα
1336 1141 1382 1167 καὶ
1398 1141 1542 1174 Αἴγυπτον,
1558 1141 1605 1167 καὶ
1629 1141 1756 1176 Περσίδα,
1776 1142 1832 1172 τοῖς

1046 1193 1075 1211 τε
1092 1185 1188 1220 μάγοις
1201 1185 1247 1211 καὶ
1260 1187 1316 1217 τοῖς
1335 1185 1436 1221 ἱερεῦσι
1453 1185 1680 1221 μαθητευόμενος.
1703 1185 1832 1221 Ἀκηκοέ-

1046 1239 1089 1257 ναι
1103 1239 1133 1256 τε
1154 1230 1221 1266 πρὸς
1241 1230 1344 1263 τούτοις
1363 1231 1530 1266 Βραχμάνων
1554 1231 1709 1267 ἱστόρηται·
1726 1231 1831 1267 (Ἰνδῶν

1045 1275 1073 1302 δέ
1086 1276 1153 1302 εἰσιν
1168 1273 1239 1302 οὗτοι
1255 1275 1420 1312 φιλόσοφον)
1436 1277 1483 1303 καὶ
1500 1279 1565 1313 παρ’
1583 1273 1620 1304 ὧν
1637 1277 1685 1312 μὲν
1702 1277 1830 1312 (ἔιστρολο⁴

1045 1322 1117 1355 γίαν,
1140 1323 1204 1357 παρ’
1225 1320 1263 1348 ὧν
1283 1322 1311 1348 δὲ
1326 1322 1506 1356 γεωμετρίαν,
1522 1322 1705 1358 ἀριθμητικήν
1721 1331 1749 1349 τε
1764 1323 1829 1358 παρ’

1044 1366 1130 1394 ἄλλων
1144 1367 1192 1393 καὶ
1209 1367 1350 1405 μουσικὴν,
1373 1367 1418 1392 καὶ
1434 1367 1501 1394 ἄλλα
1514 1367 1579 1403 παρ’
1593 1367 1679 1393 ἄλλων
1703 1367 1827 1400 συλλεξά-

1044 1421 1133 1449 μενος,
1156 1413 1235 1448 μόνον
1250 1413 1324 1448 παρὰ
1336 1413 1389 1439 τῶν
1406 1413 1494 1447 σοφῶν
1514 1413 1646 1449 Ἑλλήνων
1660 1413 1737 1449 ἔσχεν
1753 1414 1828 1440 οὐδὲν

1042 1460 1122 1496 πενίᾳ
1139 1460 1233 1494 σοφίας
1255 1460 1301 1487 καὶ
1315 1461 1416 1497 ᾲπορίᾳ
1434 1460 1636 1487 συνοικούντων.
1655 1461 1791 1496 Ἔμπαλιν
1804 1461 1828 1487 δ’

1041 1503 1088 1534 οὖν
1103 1505 1155 1532 τῶν
1171 1505 1269 1538 ἔξωθεν
1282 1505 1356 1541 αὐτῷ
1368 1506 1679 1541 πεπορισμένων,αίτιος
1687 1506 1767 1538 αὐτὸς
1777 1507 1827 1542 τῆς

1043 1551 1186 1587 μαθήσεως
1204 1552 1321 1587 κατέστη
1339 1553 1393 1583 τοῖς
1414 1551 1551 1587 Ἕλλησιν.
1572 1552 1601 1578 '0
1615 1552 1664 1588 μὲν
1677 1549 1722 1579 οὖν
1738 1552 1826 1578 Πυθα-

1041 1597 1135 1633 γόρας,
1154 1597 1282 1629 τοιοῦτος.
1297 1597 1396 1634 Πρώτη
1406 1597 1428 1623 δ’
1446 1598 1478 1623 ἐκ
1494 1598 1542 1633 τῆς
1559 1597 1652 1624 τούτου
1669 1598 1793 1634 διαδοχῆς
1808 1599 1826 1634 ἡ

1040 1643 1171 1678 κληθεῖσα
1188 1643 1302 1679 Ἰταλικὴ
1316 1643 1428 1679 συνέστη
1442 1643 1595 1678 φιλοσοφία,
1608 1644 1656 1679 τῆς
1669 1644 1825 1678 ἐπωνυμίας

1039 1690 1071 1716 ὲκ
1088 1688 1138 1724 τῆς
1154 1688 1225 1715 κατὰ
1236 1689 1285 1724 τὴν
1306 1688 1419 1724 Ἰταλίαν
1434 1688 1575 1723 διατριϐῆς
1587 1687 1731 1719 ἀξιωθεῖσα
1744 1697 1749 1702 -
1763 1687 1824 1723 μεθ’

1038 1734 1070 1769 ἣν
1086 1735 1103 1770 ὴ
1116 1722 1171 1760 άπὸ
1189 1722 1276 1761 Θαλοιῖ
1296 1733 1343 1760 τοῦ
1361 1722 1415 1760 τᾶῖν
1434 1722 1504 1760 ἑπτά
1520 1722 1613 1767 Σοιρῶν
1626 1733 1694 1764 ἐνὸς,
1719 1722 1822 1768 Ἰωνικὴ

1039 1778 1302 1814 προσαγορευθεῖσα·
1322 1778 1439 1805 κᾶπειτα
1452 1778 1469 1813 ἡ
1494 1777 1644 1813 Ἐλεατικὴ,
1667 1777 1820 1812 Ξενοφάνην

1035 1825 1082 1851 τὸν
1101 1824 1271 1859 Κολοφώνιον
1291 1823 1395 1859 πατέρα
1411 1823 1625 1859 ὲπιγραφομένη.
1645 1822 1723 1849 Ἀλλὰ
1737 1823 1784 1849 καὶ
1806 1824 1820 1849 δ

1036 1870 1135 1906 Θαλῆς,
1158 1869 1196 1901 ὥς
1215 1878 1287 1901 τινες
1308 1868 1452 1905 ἱστοροῦσι,
1467 1868 1555 1901 Φοίνιξ
1576 1866 1619 1904 ἦν·
1641 1869 1678 1899 ὡς
1700 1868 1727 1895 δέ
1749 1877 1821 1900 τινες

1037 1915 1212 1951 ὑπειλήφασι,
1226 1914 1366 1950 Μιλήσιος.
1384 1914 1539 1948 Αἰγυπτίων
1553 1914 1581 1941 δὲ
1597 1915 1642 1941 καὶ
1655 1911 1731 1946 οὗτος
1743 1914 1820 1949 λέγε-

1035 1967 1080 1985 ται
1100 1959 1156 1990 τοῖς
1170 1958 1322 1994 προφήταις
1347 1958 1571 1993 συμϐεϐληκέναι.
1593 1959 1699 1986 Σόλωνα
1721 1960 1749 1986 δὲ
1772 1960 1821 1986 καὶ

1034 2003 1114 2030 αὑτὸν
1129 2003 1183 2030 τῶν
1205 2004 1274 2030 ἑπτὰ
1289 2003 1392 2038 Σοφῶν,
1414 2005 1443 2031 ὂν
1459 2005 1490 2041 δὴ
1507 2007 1553 2033 καὶ
1572 2006 1648 2041 λόγος
1669 2007 1819 2043 Ἀθηναίοις

1034 2048 1222 2084 νομοθετῆσαι,
1232 2050 1494 2086 Αίγυπτίοιςόμοίως
1506 2052 1586 2087 φησιν
1593 2052 1605 2078 ὁ
1613 2052 1724 2078 Πλάτων
1736 2060 1818 2087 προσ-

1034 2093 1188 2129 εσχηκέναι,
1209 2094 1326 2129 ὁπηνίκα
1350 2095 1429 2121 πάλιν
1451 2094 1539 2131 ᾤκουν
1559 2096 1678 2132 Ἑϐραῖοι
1711 2096 1757 2132 τὴν
1774 2096 1818 2122 Δῖ-

1033 2148 1144 2174 γυπτον.
1164 2140 1275 2174 Είσάγει
1296 2140 1318 2167 δ’
1337 2139 1383 2167 οὖν
1399 2141 1479 2167 αὑτὸν
1503 2142 1531 2167 ὲν
1558 2143 1662 2176 Τιμαίῳ
1679 2142 1746 2177 πρὸς
1769 2142 1816 2169 τοῦ

1033 2186 1169 2222 βαρϐάρου
1190 2187 1392 2221 παιδευόμενον,
1417 2188 1445 2213 ὲν
1461 2185 1501 2219 οἷς
1527 2196 1607 2222 φησιν
1631 2188 1644 2213 ό
1669 2188 1816 2222 Αἰγύπτιος

201 2235 246 2262 ubi
263 2236 410 2270 plurimum
425 2236 557 2271 viguerat,
573 2236 693 2264 Italicum
711 2238 890 2272 appellarunt.
909 2237 977 2266 Tum
994 2237 1018 2266 D

1049 2233 1099 2267 τρὺξ
1113 2232 1193 2259 αὐτόν
1205 2241 1211 2247 “
1229 2242 1238 2259 ι
1267 2231 1301 2259 Ὦ
1316 2233 1414 2265 Σόλων,
1432 2233 1530 2264 Σόλων,
1546 2233 1674 2269 Ἕλληνες
1694 2234 1736 2260 ἀεὶ
1752 2236 1815 2261 παῖ-

201 2281 317 2308 alternm
334 2282 399 2310 illud
416 2286 539 2310 secutum
564 2289 614 2316 est,
638 2284 710 2318 quod
727 2283 824 2311 Thales
846 2292 860 2310 e
874 2288 978 2318 septem

202 2327 374 2362 Sapientibus
390 2336 460 2356 unus
477 2329 603 2362 instituit,
619 2331 744 2365 quodque
766 2331 891 2358 dixerunt
908 2331 979 2358 loni-

198 2380 271 2400 eum.
286 2372 355 2401 Huic
367 2375 498 2402 successit
513 2375 671 2408 Eleatieum,
688 2376 760 2411 quod
779 2375 977 2411 Xenophanem

197 2417 395 2453 Colophonium
411 2425 549 2454 parentem
567 2421 617 2448 sibi
639 2421 766 2448 vindicat.
798 2421 882 2449 Porro
899 2422 975 2450 Tha-

198 2465 236 2492 les
251 2465 308 2499 ipse
321 2473 439 2500 quoque,
456 2466 496 2493 vel
516 2466 641 2499 Phoenix,
656 2472 687 2494 ut
702 2467 824 2494 nonnulli
845 2468 976 2501 scribunt,

196 2510 239 2538 vel
255 2515 284 2538 ut
298 2510 360 2544 alii,'
384 2511 504 2540 Milesius
528 2512 597 2540 fuit:
623 2513 749 2547 idemque
763 2521 824 2540 cum
843 2511 977 2548 IEgypliis

196 2555 275 2583 etiam
290 2557 431 2592 prophetis
445 2559 642 2585 commercium
657 2558 786 2585 habuisse
804 2559 899 2586 fertur.
915 2558 975 2586 Jam

197 2600 336 2633 Solonem,
358 2610 442 2630 unum
468 2603 532 2631 item
553 2610 569 2630 ο
587 2607 690 2638 septem
714 2603 768 2631 illis
791 2603 974 2639 Sapientibus,

195 2654 331 2684 quemque
353 2649 562 2677 Atheniensibus
586 2649 659 2684 leges
683 2649 778 2677 tulisse
801 2650 878 2689 fama
897 2657 973 2678 eom-

196 2695 288 2722 munis
302 2699 353 2728 est,
370 2695 516 2731 Egyptiis,
531 2702 587 2730 quo
608 2699 728 2730 tempore
747 2695 852 2724 Hebrci
877 2703 973 2724 rursus

198 2739 341 2774 (Egyptum
359 2740 523 2772 incolebant,
542 2740 667 2768 similiter
678 2741 820 2769 inhzesisse
840 2741 918 2769 testis
932 2746 974 2769 est

195 2783 282 2811 l’lato.
300 2783 368 2811 Eum
393 2785 501 2820 quidem
532 2785 559 2812 in
588 2784 696 2819 Timaeo,
724 2786 803 2821 quasi
824 2793 839 2812 a
857 2786 973 2813 barbaro

193 2828 311 2862 quodam
336 2829 487 2862 erudiatur,
518 2830 631 2864 inducit,
660 2831 706 2858 ubi
734 2830 875 2866 Egyptins
903 2831 973 2858 inter

193 2878 291 2902 caetera
316 2883 322 2901 :
353 2874 397 2902 40
422 2874 627 2909 Solon,inquit,
652 2875 746 2910 Solon,
768 2877 846 2910 pueri
865 2884 972 2910 semper

1030 2277 1074 2309 δές
1087 2278 1159 2310 ἐστε,
1174 2278 1262 2314 γέρων
1277 2278 1305 2304 δὲ
1330 2278 1461 2313 Ἑλλήνων
1485 2279 1582 2310 οὐδεὶς,
1597 2279 1655 2305 οὐδὲ
1672 2279 1729 2305 ἔστι
1751 2281 1814 2316 παρ’

1030 2323 1093 2359 ὑμῖν
1110 2324 1197 2359 χρόνῳ
1213 2324 1304 2350 πολιὸν
1320 2324 1443 2359 μάθημα.
1462 2333 1470 2349 ι
1489 2324 1543 2350 Καὶ
1559 2321 1636 2356 οὗτος
1657 2325 1685 2351 δὲ
1703 2326 1716 2352 ό
1737 2325 1811 2352 Πλά-

1028 2378 1093 2402 των,
1107 2371 1162 2401 τοῖς
1180 2371 1208 2396 ὲν
1229 2369 1327 2405 Ἰταλία
1341 2369 1534 2405 Πυθαγορείοις
1547 2370 1687 2405 σχολάσας,
1699 2371 1729 2397 οὐ
1744 2372 1813 2408 μόνῃ

1029 2416 1061 2450 τῇ
1075 2414 1150 2450 παρὰ
1164 2414 1269 2446 τούτοις
1284 2414 1404 2451 ἠρκέσθη
1418 2415 1551 2451 διατριϐῇ.
1565 2417 1681 2450 Λέγεται
1694 2417 1722 2443 δὲ
1738 2418 1810 2445 ἀπᾶ-

1029 2468 1075 2495 ραι
1091 2461 1131 2492 είς
1149 2461 1294 2495 Αἴγυπτον,
1306 2461 1352 2487 καὶ
1366 2462 1399 2496 τῇ
1416 2461 1516 2487 τούτων
1531 2462 1672 2499 φιλοσοφίᾳ
1687 2463 1810 2492 πλεῖστον

1029 2506 1278 2543 ἀναθεῖναιχρόνον.
1286 2507 1372 2534 Τοῦτό
1380 2517 1420 2534 τοι
1428 2507 1474 2535 καὶ
1491 2509 1571 2541 αὐτὸς
1588 2511 1643 2542 τοῖς
1663 2510 1810 2547 βαρϐάροις

1028 2553 1161 2588 πολλαχοῦ
1185 2553 1238 2580 τῶν
1268 2553 1341 2580 ἰδίων
1363 2554 1449 2588 λόγων
1462 2557 1603 2591 μαρτυρεῖ,
1627 2555 1656 2589 εὖ
1680 2557 1810 2592 μοιδοκεί

1028 2598 1121 2630 ποιῶν,
1137 2598 1228 2626 καὶτὰ
1244 2598 1374 2626 κάλλιστα
1386 2600 1585 2637 ὲμπορευθῆναι
1599 2602 1638 2632 εἰς
1651 2601 1809 2637 φιλοσοφίαν

1027 2644 1103 2680 παρὰ
1127 2644 1179 2671 τῶν
1201 2644 1346 2681 βαρϐάρων
1372 2646 1549 2682 εὐγνωμόνως
1563 2648 1613 2674 οὐκ
1635 2648 1807 2685 ἀπαρνούμε-

1026 2699 1079 2722 νος.
1103 2690 1229 2717 Ἀκοῦσαι
1244 2691 1266 2717 δ’
1283 2689 1329 2717 οὖν
1345 2692 1425 2718 αὑτοῦ
1445 2692 1578 2728 πολλαχοῦ
1599 2694 1647 2728 μὲν
1665 2695 1805 2729 πάρεστιν,

1024 2737 1055 2764 οὐ
1080 2737 1132 2772 μὴν
1154 2737 1221 2763 ἀλλὰ
1244 2737 1291 2763 κα)⁵
1305 2738 1333 2764 ὲν
1354 2738 1531 2772 Ἐπιμενίδῃ,
1555 2739 1649 2775 Σύρων
1669 2740 1737 2775 ὁμοῦ
1761 2741 1806 2767 καὶ

1024 2782 1180 2817 Αἰγυπτίων
1202 2780 1253 2810 ὧδὲ
1280 2792 1317 2819 πη
1345 2785 1576 2820 μνημονεύοντος·
1606 2795 1615 2811 ι
1648 2786 1748 2813 Τούτου
1777 2786 1804 2812 δὲ

1024 2828 1109 2860 αἴτιος
1129 2828 1143 2853 ὁ
1160 2828 1265 2864 πρῶτος
1284 2828 1369 2856 ταῦτα
1384 2829 1507 2862 κατιδὼν,
1532 2830 1665 2866 βάρϐαρος
1677 2830 1723 2858 ῶν.
1747 2832 1804 2858 Πα-

1024 2873 1097 2906 λαιὸς
1109 2874 1165 2909 γὰρ
1181 2874 1212 2909 δὴ
1229 2874 1309 2906 τόπος
1330 2875 1426 2910 ἔτρεψε
1439 2876 1502 2907 τοὺς
1523 2875 1646 2910 πρώτους
1661 2876 1745 2904 ταῦτα
1762 2878 1791 2904 ὲν
