4194 6434
417 370 521 423 Ἱ87

1085 367 1351 426 EUSEBII
1385 365 1867 423 C/ESARIENSIS
1906 363 2054 421 OPP.
2091 360 2272 417 PARS
2311 358 2375 416 11.
2419 389 2486 407 -ν-
2520 350 3016 412 APOLOGETICA.

3552 339 3656 393 788

419 485 615 543 alienis
659 486 764 542 sibi
796 488 1018 558 plumis,
1060 496 1120 543 ut
1146 498 1232 543 est
1255 489 1308 542 in
1340 486 1545 555 fabula,
1574 487 1779 542 cultum
1813 496 1949 556 atqui

2080 484 2270 552 σοφίαν
2291 480 2650 551 ὼφελημένοι,
2693 473 2832 530 ἀλλὰ
2873 474 2966 527 καὶ
2992 470 3104 533 τοῖς
3141 466 3281 558 θεοῖς
3306 461 3657 558 αὐτων-ἐνδί-

416 586 670 633 ornatum
697 580 1045 649 qumrebant:
1077 581 1211 635 adeo
1241 579 1485 650 quidem,
1542 588 1601 635 ut
1628 595 1696 635 ex
1730 579 1977 650 precaria

415 666 555 737 stipe
603 683 701 723 sua
732 667 845 739 jam
895 670 1004 724 illis
1038 670 1384 741 phi1050phia
1435 679 1645 726 constet
1701 670 1975 726 universa.

412 754 547 812 Nam
579 758 798 815 aliunde
830 760 935 833 alia
959 761 1373 831 disciplinarum
1430 778 1628 833 genera
1677 762 1982 833 exprimen-

414 856 519 913 tes,
567 852 918 919 geometriam
947 850 1015 906 ab
1046 850 1337 924 Egyptiis,
1370 868 1401 906 a
1440 851 1709 908 Chaldaeis
1745 851 1982 907 astrolo-

414 938 587 1008 giam,
619 939 688 993 ab
719 940 841 996 aliis
871 942 978 996 alia
1006 942 1337 998 habuerunt.
1380 942 1492 998 Nec
1531 952 1710 998 tamen
1744 956 1979 1013 usquam

412 1030 677 1100 gentium,
702 1035 750 1087 ei
778 1033 921 1089 bono
946 1035 1121 1091 simile
1153 1035 1454 1107 quidquam
1486 1043 1829 1106 repererunt,
1878 1051 1978 1090 cu-

407 1121 500 1189 jus
526 1122 668 1191 apud
713 1121 968 1179 Hebraeds
1010 1126 1254 1195 ipsorum
1302 1126 1582 1181 nonnullis
1641 1123 1784 1179 facta
1821 1124 1979 1194 copia

410 1221 517 1269 est.
590 1214 805 1270 Summi
878 1233 1061 1273 rerum
1133 1220 1378 1274 omnium
1453 1218 1815 1273 moderatoris
1883 1216 1979 1272 Dei

413 1306 804 1375 cognitionem,
901 1325 1237 1380 suorumque
1346 1310 1636 1365 numinum
1728 1308 1979 1379 rejectio-

415 1411 535 1452 nem
638 1399 903 1472 intelligo,
984 1417 1150 1471 quam
1239 1413 1531 1472 utramque
1611 1403 1771 1473 paulo
1856 1410 1980 1472 post

414 1497 682 1560 susceptae
795 1493 1179 1563 disputationis
1277 1509 1597 1565 progressus
1709 1494 1973 1548 ostendet.

409 1578 572 1651 473
601 1579 756 1639 Nune
774 1584 918 1639 enim
962 1592 1171 1640 tantum
1200 1585 1252 1639 id
1310 1586 1542 1655 agimus,
1584 1584 1759 1640 nostri
1805 1592 1867 1639 ut
1898 1584 1976 1638 lc-

2082 551 2193 636 κως
2232 569 2694 641 ἐπιμεμψάμενοι,
2740 563 2833 618 καί
2861 578 3005 623 τινες
3057 559 3145 613 διὰ
3176 555 3348 609 ταῦτα
3385 551 3652 622 ἀθεότητα

2084 664 2284 736 μᾶλλον
2314 662 2415 732 τῆς
2444 661 2552 714 τῶν
2578 658 2713 713 θεῶν
2742 654 3038 728 θεραπείας
3074 645 3532 723 προτετιμηκότες
3550 660 3563 672 ·
3600 643 3654 695 τί

2080 755 2185 827 χρὴ
2216 755 2400 809 λοιπὸν
2429 755 2576 825 ἡμᾶς
2609 748 3033 822 ἐπιμέμφεσθαι,
3066 750 3185 819 οὐχὶ
3204 748 3262 803 δὲ
3297 742 3652 815 ἀποδέχεσθαι

2080 849 2175 901 καὶ
2203 849 2466 913 ἐπαινεῖν,
2502 847 2604 913 ὅτι,
2638 846 2699 899 τὸ
2733 847 2979 917 κρεῖττον
3019 844 3423 914 ἀγαπήσαντες,
3454 839 3652 912 μᾶλλον

2079 938 2136 991 δὲ
2164 938 2225 992 τὸ
2258 939 2416 1009 μόνον
2471 938 2667 1009 ἀληθὲς
2719 938 2970 1009 εὑρόντες
3009 935 3106 989 καὶ
3143 933 3524 1004 ἀπειληφότες,
3555 931 3650 985 τοῦ

2079 1031 2303 1101 ψεύδους
2325 1032 2767 1103 ἀνεχωρήσαμεν,
2798 1030 2920 1083 οὔτε
2964 1029 3045 1092 είς
3068 1026 3225 1082 ἄθεον
3251 1025 3508 1097 λογισμὸν
3537 1026 3651 1088 τοῖς

2082 1124 2264 1191 σοφοῖς
2303 1122 2567 1193 Ἐλλήνων
2593 1122 2792 1193 ὁμοίως
2822 1120 3270 1193 περιτραπέντες,
3314 1118 3439 1173 οὔτε
3489 1118 3651 1172 πάλιν

2078 1215 2189 1277 τοῖς
2210 1212 2537 1285 θαυμαστοῖς
2563 1212 2957 1285 παραπλησίως
2985 1211 3290 1281 φιλοσόφοις
3319 1210 3651 1287 ἀναμὶξοτὴν

2078 1304 2284 1376 πλάνην
2314 1306 2413 1378 τὴν
2440 1305 2699 1360 πολύθεον
2726 1308 2791 1377 τῇ
2805 1303 3003 1375 γνώσει
3025 1304 3118 1358 τοῦ
3148 1305 3243 1360 ἐπὶ
3270 1305 3487 1359 πάντων
3512 1302 3647 1357 Θεοῦ

2079 1396 2505 1468 φύραντες,οὑδέ
2535 1414 2597 1466 γε
2622 1397 2683 1450 τὸ
2710 1396 2902 1467 ψεῦδος
2932 1398 3045 1467 ἅμα
3066 1396 3143 1468 τῷ
3173 1396 3363 1469 ἀληθεῖ
3392 1396 3646 1468 συγχέαν-

2077 1507 2195 1554 τες;
2240 1490 2399 1544 Ἀλλά
2431 1492 2594 1563 μήπω
2612 1489 2804 1556 ταῦτα,
2829 1492 3013 1545 ἐκεῖνα
3035 1490 3091 1544 δέ
3118 1508 3207 1562 μοι
3234 1490 3423 1562 πρῶτα
3451 1488 3643 1557 δίελθε,

2075 1579 2142 1632 δι’
2176 1573 2251 1633 ὧν
2275 1580 2535 1650 Ἕλληνες
2552 1580 2620 1634 τὰ
2647 1580 2824 1634 πάντα
2850 1579 3201 1652 σεσυληκέναι
3230 1579 3556 1653 βαρϐάρους,
3585 1582 3647 1634 οὑ

409 1678 587 1728 ctores
637 1673 957 1745 intelligant,
987 1675 1205 1732 Graecos
1257 1677 1380 1731 illos
1425 1685 1633 1731 veteres
1686 1690 1794 1730 non
1847 1690 1949 1729 ver:

2081 1674 2217 1743 μόνα
2268 1673 2338 1727 τὰ
2386 1674 2648 1745 φιλόσοφα
2699 1674 3019 1749 μαθήματα,
3055 1674 3190 1728 ἀλλὰ
3219 1673 3436 1739 καὶτὰς
3462 1673 3650 1739 κοινὰς

409 1762 573 1819 modo
638 1768 935 1837 theologia,
987 1768 1078 1824 sed
1113 1768 1280 1823 etiam
1327 1767 1721 1834 doctrinarum,
1774 1766 1941 1837 quibu

2079 1767 2174 1819 καὶ
2208 1766 2490 1837 βιωφελςῖς
2520 1767 2783 1839 εὑρέσεις,
2808 1767 3220 1838 ἀπελέγχονται.

404 1854 759 1928 philos0phize
790 1861 966 1915 studia
989 1861 1292 1931 promoveri
1322 1869 1571 1932 possunt,
1612 1860 1857 1930 adeoque
1913 1860 2129 1915 illarum
2180 1861 2445 1931 ipsarum,
2471 1861 2671 1932 quibus
2710 1862 3023 1933 reipublicae
3076 1870 3250 1917 status
3300 1859 3648 1927 informatur,

406 1951 716 2025 cognitio-ne
757 1956 1019 2011 caruisse.
1059 1956 1227 2026 Cujus
1301 1970 1401 2030 ego
1471 1956 1553 2011 rei
1606 1955 2006 2026 probationem,
2047 1954 2116 2009 ad
2142 1954 2295 2020 iliud,
2343 1955 2487 2026 quod
2514 1953 2851 2010 efﬁciendum
2879 1953 3015 2013 mihi
3044 1953 3296 2023 deinceps
3320 1966 3384 2007 ac
3422 1949 3652 2006 demon-

402 2018 685 2097 strandum
712 2046 995 2121 proposui,
1061 2018 1200 2103 lueis
1256 2018 1551 2121 plurimum
1583 2018 1874 2102 allaturum
1921 2062 2043 2103 esse
2079 2047 2293 2103 conﬁdo
2325 2064 2339 2099 :
2374 2047 2641 2119 siquidem
2685 2062 2748 2103 ea
2797 2044 3130 2102 defensionis
3163 2052 3363 2101 nostrae
3396 2052 3648 2112 suscepta

402 2130 544 2185 ratio
572 2142 677 2206 est,
706 2136 785 2190 uti
809 2118 918 2192 non
945 2138 1251 2195 inconsulto
1271 2118 1595 2207 actemere,
1621 2139 1995 2205 Hebraeorum,
2039 2141 2142 2197 hoc
2169 2149 2274 2209 est,
2315 2150 2374 2196 ut
2397 2141 2500 2211 ipsi
2532 2142 2750 2212 quidem
2790 2140 3235 2210 interpretantur,
3286 2136 3646 2193 barbarorum

402 2202 684 2281 hominum
710 2269 726 2295 ,
779 2229 1175 2305 philosophiam
1209 2232 1410 2288 Grecae
1453 2248 1484 2288 a
1517 2233 1676 2289 nobis
1741 2234 2101 2315 antepositam
2165 2233 2334 2290 fuisse
2371 2235 2740 2290 ostendamus.
2807 2231 2942 2286 Nam
2980 2232 3027 2287 si
3060 2230 3277 2286 Graecos
3299 2229 3469 2300 ipsos,
3508 2228 3645 2283 clam

399 2313 545 2383 licet,
583 2320 768 2375 omnia
811 2330 993 2378 tamen
1037 2340 1067 2380 a
1105 2324 1355 2380 barbaris
1403 2332 1558 2380 tanto
1604 2335 1730 2381 ante
1783 2342 2122 2396 corrogasse,
2185 2342 2286 2383 nec
2346 2328 2525 2384 solum
2584 2327 2681 2382 abs
2725 2326 2840 2381 Diis
2868 2324 2987 2381 suis
3014 2323 3151 2379 nihil
3203 2322 3272 2378 ad
3311 2335 3648 2391 consequen-

397 2404 523 2460 dam
569 2410 970 2482 philosophiam
1025 2416 1145 2485 opis
1211 2417 1506 2486 accepisse,
1535 2432 1727 2473 verum
1792 2419 1954 2472 etiam
1990 2419 2153 2489 justis
2199 2435 2293 2477 eos
2359 2421 2675 2477 nominibus
2709 2418 3056 2474 insimulasse
3085 2414 3408 2482 constiterit,
3453 2428 3648 2483 quam-

397 2495 585 2558 obrem
648 2504 891 2567 nonnulli
973 2521 1191 2579 quoque
1235 2509 1569 2563 divinitatem
1638 2525 1854 2580 omnem
1925 2512 2133 2578 tollere,
2191 2528 2357 2583 quam
2397 2514 2502 2568 hoc
2566 2513 2793 2568 deorum
2841 2524 3021 2587 genus
3071 2508 3252 2564 colere
3308 2505 3642 2561 maluerint:

397 2588 534 2691 quis.
571 2590 827 2665 deinceps
877 2596 1077 2661 factum
1148 2601 1530 2671 reprehendat,
1560 2620 1624 2659 ac
1675 2620 1786 2660 non
1848 2607 2029 2672 potius
2064 2611 2275 2679 probet,
2334 2609 2624 2680 laudetque
2667 2616 2952 2673 nostrum;
3017 2605 3111 2676 qui
3170 2602 3413 2658 melioris
3458 2615 3645 2671 amore

396 2679 683 2774 (ςθριίχθυι
717 2687 897 2755 potius
935 2689 991 2743 in
1018 2698 1172 2761 parta
1237 2693 1376 2763 ejus,
1421 2696 1565 2765 quod
1613 2713 1800 2755 verum
1863 2717 2032 2756 unum
2078 2712 2181 2769 est,
2236 2679 2549 2774 cognitione
2603 2701 3032 2773 acquiescentes,
3096 2713 3198 2753 nos
3252 2695 3479 2751 vanitati
3512 2695 3644 2751 sub—

395 2768 731 2839 tluxerimus,
755 2793 929 2849 neque
954 2780 1009 2835 in
1039 2782 1347 2841 Divinitatis
1373 2788 1597 2843 sublata:
1639 2796 1814 2847 scelus
1841 2809 1965 2848 cum
2006 2794 2123 2851 istis
2187 2768 2502 2851 Graecorum
2566 2768 2903 2871 sapientibus
2941 2790 3245 2863 praccipites
3278 2789 3407 2854 acti.
3468 2802 3643 2858 ηεςιιθ

393 2873 525 2960 θυω-
555 2867 785 2960 θε-τθεὶἱε
824 2871 1159 2944 phiIOSOphis
1189 2878 1472 2934 vecordem
1515 2880 1661 2938 illam
1721 2886 2081 2960 insanamque
2124 2891 2351 2947 deorum
2419 2867 2846 2955 multitudinem,
2903 2903 3028 2944 cum
3091 2884 3291 2943 summi
3322 2899 3386 2939 ac
3433 2896 3642 2955 prtepo-

393 2955 557 3031 tentis
606 2957 702 3014 Dei
735 2963 929 3020 notitia
984 2965 1284 3035 foedissime
1318 2976 1757 3045 commiscentes,
1781 2997 1957 3052 neque
1990 2955 2191 3039 falsum
2216 2985 2441 3041 omnino
2466 3000 2591 3040 cum
2621 2999 2751 3039 vero
2808 2978 3241 3038 confundentes?
3309 2974 3503 3030 Verum
3527 2975 3642 3031 haec

393 3060 575 3079 νυν-ιλιι
641 3054 940 3079 -.2..I-_!_.__-
975 3076 985 3079 -
1024 3076 1069 3079 _,
1309 3073 1322 3079 -
1479 3069 1512 3079 ..
1539 3070 1549 3079 .
1687 3074 1699 3079 -
2508 3078 2527 3079 κ
2661 3077 2669 3079 _
2938 3074 2951 3079 _
3117 3071 3131 3079 .
3158 3070 3190 3079 ..
3336 3068 3348 3079 ι
3374 3067 3387 3079 ι
3492 3066 3526 3079 υ
3596 3065 3609 3079 ο

391 3060 587 3152 pgsma'
641 3054 942 3152 vidfmmus
974 3076 987 3152 ἶ
1023 3076 1169 3118 nunc
1196 3079 1261 3120 ea
1307 3073 1366 3121 tu
1417 3069 1552 3123 mihi
1618 3074 1856 3142 Primum
1902 3079 2176 3147 expende,
2212 3079 2421 3152 quibus
2490 3077 2674 3133 Graeci
2714 3090 2823 3131 non
2872 3074 3019 3131 solas
3080 3067 3439 3142 philosophiae
3475 3065 3643 3122 disci.

391 3141 590 3217 plinas,
619 3146 712 3201 sed
732 3147 879 3218 ipsas
908 3151 1077 3215 etiam
1099 3154 1222 3209 vitae
1236 3161 1543 3216 communis
1573 3141 1785 3220 tuenda:
1813 3175 1960 3224 artes
1973 3141 2247 3227 barbaris
2274 3169 2590 3226 hominibus
2614 3166 2777 3223 furati
2805 3181 2929 3221 esse
2964 3141 3283 3233 arguantur.

1015 3263 1246 3323 CAPUT
1273 3244 1337 3323 ιζ
1987 3289 2031 3345 Β

570 3366 720 3424 Nihil
762 3388 863 3427 non
906 3392 939 3429 a
974 3377 1214 3433 barbaris
1245 3379 1454 3438 Graecos
1503 3389 1780 3457 accepisse.

459 3457 723 3531 Cadmum
754 3465 903 3520 illum
944 3479 1089 3524 certe
1120 3472 1360 3541 quidem,
1388 3479 1482 3546 qui
1532 3494 1847 3538 communes
1869 3484 1959 3537 lit-

2585 3276 2981 3337 ΚΕΦΑΛΑΙΟΝ
3024 3278 3101 3330 E'.

2073 3393 2166 3462 Ὧς
2180 3394 2251 3449 τὰ
2270 3394 2466 3448 πάντα
2476 3389 3256 3462 παρὰβαρὸάρωνἝλληνες
3277 3386 3633 3457 ὠφέληνται.

2132 3486 2355 3558 Πρῶτος
2378 3483 2665 3557 τοιγαροῦν
2691 3484 2721 3535 ὁ
2750 3480 2819 3535 τὰ
2851 3479 3007 3535 κοινὰ
3033 3479 3358 3550 γράμματα,
3390 3475 3531 3531 αὐτὰ
3568 3475 3636 3547 δὴ

391 3558 536 3606 teras
564 3553 807 3625 adeoque
836 3560 1011 3627 prima
1051 3564 1439 3629 grammatices
1466 3569 1731 3627 elementa
1752 3572 1958 3630 Graecis

390 3640 723 3710 iuitrmavit,
771 3663 966 3718 genere
1014 3649 1327 3710 Phoenicem
1385 3656 1558 3716 fuisse
1599 3673 1836 3731 constat,
1899 3677 1959 3722 ut

388 3734 605 3789 easdem
634 3736 840 3794 litteras
883 3751 1093 3797 veteres
1122 3748 1368 3802 nonnulli
1421 3761 1706 3822 propterea
1734 3755 1958 3813 Phaeni-

393 3826 513 3920 cias.
533 3828 873 3920 appellarint.
905 3829 1015 3888 Nec
1040 3835 1254 3904 desunt,
1279 3841 1420 3909 quia
1441 3841 1593 3914 Syris
1622 3849 1956 3920 excogitatas

340 3978 346 3983 η
388 3914 512 3971 illas
567 3917 741 3974 fuisse
773 3923 951 3977 velint.
1014 3925 1133 3998 Syri
1164 3937 1345 3986 autem
1396 3933 1495 4000 illi,
1547 3914 1954 3997 Hebraeivetiam

391 4009 579 4079 utique
602 4010 825 4078 fuerint,
879 4019 972 4086 qui
1018 4019 1298 4077 finitimam
1333 4011 1623 4085 Phoenicia:
1656 4030 1822 4105 474
1868 4050 1955 4090 re-

386 4104 623 4197 gionem,
646 4122 874 4178 quaeque
902 4108 1179 4170 Phoenicia
1228 4120 1502 4187 quondam
1536 4122 1654 4191 ipsa
1712 4104 1951 4197 quoque,

388 4204 500 4249 tum
532 4195 740 4260 Judaea,
773 4201 936 4257 hodie
980 4219 1153 4261 veroa
1184 4214 1390 4268 nostris
1420 4212 1705 4272 Palaestina
1730 4195 1950 4287 dicitur,

387 4286 712 4343 incolebant.
762 4289 827 4347 Et
869 4309 998 4350 vero
1030 4298 1276 4365 proxime
1316 4317 1447 4358 sane
1492 4306 1559 4359 ad
1589 4286 1951 4371 ,Hebrmorum

385 4380 607 4471 nomina
661 4382 970 4442 Graecarum
1022 4391 1320 4449 litterarum
1385 4398 1597 4454 accedit
1643 4403 1948 4471 appellatio.

382 4469 521 4524 Cum
576 4473 720 4528 enim
752 4490 915 4531 suum
972 4481 1166 4552 cuique
1190 4487 1329 4555 apud
1384 4486 1637 4545 Hebraeos
1679 4469 1951 4548 elemento

382 4575 581 4616 nomen
624 4564 884 4636 singulari
917 4570 1149 4639 quadam
1200 4582 1255 4629 et
1302 4580 1519 4646 propria
1555 4580 1952 4648 signiﬁcatione

379 4654 698 4711 attributum
735 4657 917 4725 fuerit,
953 4665 1095 4732 quod
1158 4670 1301 4737 apud
1360 4670 1577 4728 Graecos
1605 4673 1783 4728 locum
1831 4690 1953 4744 pro-

378 4745 521 4803 fecto
570 4751 776 4806 nullum
828 4754 1009 4822 habet,
1060 4761 1307 4827 sequitur
1344 4764 1588 4828 omnino,
1614 4773 1676 4818 ut
1722 4765 1949 4823 minime

378 4838 690 4897 Graecorum
733 4846 948 4915 propria
978 4862 1100 4904 esse
1124 4850 1409 4910 fateamur.
1465 4855 1605 4911 Sunt
1631 4866 1810 4911 autem
1837 4860 1948 4914 ele-

376 4941 556 4987 menta
589 4931 830 4990 Hebraeis
862 4941 1044 4994 omnia
1099 4943 1207 4999 duo
1246 4960 1309 4998 ac
1352 4945 1561 5014 viginti.
1585 4945 1827 5001 Primum
1865 4949 1949 5003 di-

375 5024 519 5078 citur
538 5025 684 5095 alph,
704 5027 988 5099 disciplina
1015 5032 1199 5090 Graece
1241 5037 1390 5092 reddi
1422 5038 1613 5106 possit.
1633 5037 1941 5097 Secundum

2061 3577 2127 3630 τὰ
2157 3578 2347 3651 πρῶτα
2381 3577 2480 3647 τῆς
2523 3571 2917 3646 γραμματικῆς
2959 3572 3217 3639 στοιχεῖα,
3266 3568 3491 3637 Ἕλλησι
3523 3569 3636 3621 εἰσ-

2058 3667 2407 3738 ηγησάμενος
2426 3665 2666 3735 Κάδμος,
2688 3663 2750 3715 τὸ
2768 3661 2923 3729 γένος
2942 3656 3119 3725 Φοίνιξ
3140 3653 3230 3729 ἦν,
3258 3657 3378 3711 ὅθεν
3400 3657 3495 3710 καὶ
3512 3657 3633 3711 Φοι-

2060 3762 2245 3830 νικήῖα
2277 3758 2345 3812 τὰ
2384 3755 2685 3828 γράμματά
2717 3770 2861 3815 τινες
2905 3751 3015 3806 τῶν
3063 3749 3307 3803 παλαιῶν
3339 3749 3631 3817 ἐπικεκλη-

2059 3868 2237 3905 κασιν.
2257 3851 2379 3904 Εἰσὶ
2393 3848 2451 3900 δὲ
2472 3847 2521 3900 οἳ
2538 3847 2608 3899 Σύ
2618 3862 2741 3917 ρους
2772 3843 3074 3914 γράμματα
3102 3844 3383 3915 ἐπινοῆσαι
3414 3840 3632 3910 λέγουσι

2061 3941 2328 4013 πρώτους.
2360 3938 2519 4010 Σύροι
2548 3937 2592 3990 δ’
2623 3935 2689 3990 ἂν
2721 3932 2829 3989 εἷεν
2855 3935 2950 3988 καὶ
2992 3934 3259 4005 Ἑϐραῖοι,
3294 3933 3392 4004 τὴν
3417 3932 3635 4000 γείτονα

2056 4033 2325 4101 Φοινίκης,
2358 4031 2452 4084 καὶ
2485 4029 2655 4100 αὐτὴν
2689 4029 2752 4083 τὸ
2784 4027 2883 4100 μὲν
2914 4026 3139 4081 παλαιὸν
3203 4025 3472 4097 Φοινίκην,
3506 4043 3636 4097 μετ-

2057 4126 2248 4179 έπειτα
2276 4125 2330 4177 δὲ
2367 4123 2642 4189 Ἰουδαίαν,
2666 4121 2948 4192 καθ’ήμᾶς
2975 4120 3031 4173 δὲ
3062 4119 3423 4191 Παλαιστίνην
3438 4119 3634 4189 ὀνομα-

2057 4215 2313 4285 ζομένην,
2366 4213 2666 4276 οἰκοῦντεςο
2704 4205 2779 4266 ὧν
2816 4214 2908 4265 καὶ
2950 4212 3183 4283 μάλιστα
3226 4210 3339 4265 ὀὐκ
3378 4210 3634 4281 ἀλλοτρεὸ

2059 4307 2302 4376 φαίνεται
2331 4306 2364 4375 ἡ
2394 4305 2502 4359 τῶν
2538 4303 2867 4375 Ἑλληνικῶν
2894 4302 3236 4374 γραμμάτων
3263 4301 3437 4371 φωνή.
3465 4301 3633 4354 Ἕκα-

2058 4417 2180 4453 στον
2213 4397 2343 4466 γοῦν
2366 4397 2475 4451 τῶν
2510 4395 2793 4468 στοιχείων
2820 4397 2947 4465 παρ’
2976 4396 3159 4457 αὑτοῖς
3191 4393 3334 4447 κατά
3360 4409 3506 4456 τινος
3534 4409 3632 4464 ση-

2059 4490 2326 4561 μαντικῆς
2356 4489 2593 4553 διανοίας
2635 4488 2733 4559 τὴν
2764 4485 3134 4559 προσηγορίαν
3162 4484 3340 4556 φέρει,
3367 4484 3504 4556 ὅπερ
3529 4484 3632 4538 οὐκ

2056 4581 2202 4633 ἔστιν
2226 4580 2408 4651 εὑρεῖν
2438 4578 2585 4649 παρὰ
2612 4582 2725 4640 τοῖς
2754 4577 2975 4645 Ἕλλησι
3001 4592 3013 4605 ⁸
3046 4575 3128 4630 διὸ
3154 4574 3250 4628 καὶ
3287 4573 3519 4646 μάλιστα
3551 4576 3627 4648 μὴ

2059 4671 2186 4724 ὅντα
2211 4671 2317 4726 ἴδια
2356 4670 2618 4742 Ἐλλήνων
2666 4668 3028 4739 ὡμολόγηται.
3085 4667 3241 4719 Ἐστι
3272 4667 3328 4720 δέ
3354 4666 3423 4721 τά
3449 4668 3630 4722 πάντα

2058 4767 2186 4835 παρ’
2223 4764 2493 4836 Ἑϐραίοις
2550 4766 2788 4834 στοιχεῖα
2820 4762 2913 4815 δύο
2942 4761 3036 4815 καὶ
3070 4762 3302 4815 εἴκοσιν·
3328 4754 3404 4815 ὧν
3432 4760 3494 4814 τὸ
3530 4760 3628 4832 μὲν

2054 4856 2269 4927 πρῶτόν
2328 4858 2474 4909 ἐστιν
2519 4854 2648 4924 ἂλφ,
2704 4854 2733 4907 ὃ
2778 4853 3119 4924 μεταληφθέν
3151 4856 3229 4917 εἰς
3262 4854 3360 4924 τὴν
3404 4852 3629 4907 Ἐλλάδα

2054 4950 2237 5020 φωνὴν
2287 4948 2484 5015 λέγοιτ’
2530 4947 2596 5001 ἂν
2622 4944 2921 5015 μάθησις·
2966 4946 3026 4998 τὸ
3073 4945 3130 4998 δὲ
3169 4944 3419 5017 δεύτερον
3452 4944 3575 5015 βὴθ,
3598 4944 3627 4996 ὃ

2054 5039 2518 5113 μεθερμηνεύεται
2549 5038 2719 5093 οἴκου
2738 5055 2751 5069 θ
2786 5036 2847 5090 τὸ
2866 5037 3046 5108 τρίτον
3064 5037 3292 5108 γίμελ,ὅ
3323 5040 3440 5090 ἐστι
3473 5035 3627 5102 πλή-

375 5113 524 5179 heth,
554 5117 710 5185 quasi
745 5117 954 5178 domus.
1009 5121 1249 5180 Tertium
1282 5126 1465 5196 gimel,
1508 5129 1614 5184 hoc
1664 5138 1749 5185 est
1772 5132 1945 5201 pleni-

2055 5150 2262 5200 ρωσις·
2317 5134 2378 5186 τὸ
2409 5134 2662 5202 τέταρτον
2718 5130 2860 5194 ἃλθ,
2912 5130 2941 5183 ὃ
2985 5130 3235 5201 σημαίνει
3260 5129 3518 5184 δέλτων·
3564 5130 3627 5183 τὸ

376 5205 523 5261 tudo.
548 5207 816 5274 Quartum
873 5213 1038 5278 delth,
1080 5218 1235 5286 quasi
1276 5217 1531 5271 libromm
1578 5220 1748 5276 dicas.
1776 5222 1949 5289 Quin-

372 5307 486 5352 tum
517 5300 606 5370 he,
632 5303 687 5357 id
714 5313 798 5360 est
822 5305 960 5374 ipsa.
984 5304 1115 5373 Quae
1143 5309 1326 5363 omnia
1353 5311 1397 5365 si
1427 5312 1797 5381 conjunxeris,
1825 5331 1949 5371 sen-

374 5390 592 5446 tentiam
612 5395 1129 5470 ejusmodialiquam
1155 5400 1354 5456 efﬁcias
1380 5420 1392 5455 :
1423 5401 1944 5473 Disciplinadomus,

372 5481 650 5549 plenitudo
702 5488 964 5547 librorum
1014 5492 1151 5562 ipsa.
1217 5491 1335 5547 Jam
1390 5504 1601 5550 sextum
1633 5499 1703 5552 ab
1734 5498 1801 5559 iis
1830 5498 1942 5552 ele-

370 5584 611 5631 mentum
634 5594 737 5634 vau
787 5596 1148 5654 nuncupatur,
1191 5588 1294 5641 hoc
1317 5596 1417 5653 est,
1464 5589 1517 5641 in
1585 5589 1719 5657 ipsa.
1764 5589 1941 5659 Septi-

369 5684 518 5729 mum
556 5686 659 5733 zat,
704 5672 805 5728 hoc
830 5686 932 5739 est,
994 5678 1136 5732 vivit.
1173 5678 1435 5734 Octavum
1479 5682 1633 5749 heth,
1691 5682 1837 5751 quod
1868 5682 1943 5737 si-

2049 5226 2298 5295 πέμπτον
2327 5225 2383 5296 ἢ,
2409 5224 2438 5276 ὅ
2463 5224 2610 5276 ἐστιν
2638 5222 2807 5291 αὕτη.
2864 5220 3029 5292 Ὁμοῦ
3058 5221 3114 5274 δὲ
3139 5220 3207 5275 τὰ
3238 5222 3416 5276 πάντα
3447 5222 3627 5294 ἀπαρ-

2046 5314 2184 5379 τίζει
2214 5316 2467 5385 τοιαύτην
2517 5313 2638 5368 τινὰ
2677 5312 2911 5367 διάνοιαν
2938 5332 2951 5343 ·
2987 5313 3238 5383 Μάθησις
3280 5312 3450 5381 οἴκου,
3484 5312 3623 5384 πλή-

2052 5426 2218 5480 ρωσις
2257 5408 2455 5461 δέλτων
2491 5406 2650 5479 αὕτη.
2695 5402 2829 5459 Εἶτα
2864 5405 3001 5477 μετὰ
3026 5406 3200 5459 ταῦτά
3227 5407 3341 5458 ἐστι
3364 5407 3623 5475 στοιχεῖον

2046 5500 2203 5553 ’ἐκτον
2225 5541 2238 5565 ,
2264 5500 2554 5569 λεγόμενον
2579 5499 2707 5569 παρ’
2733 5501 2916 5562 αὐτοῖς
2938 5497 3094 5563 οὑαῦ,
3122 5500 3315 5563 ὅέστιν,
3336 5497 3406 5567 ἐν
3432 5495 3587 5564 αὐτῇ
3606 5512 3620 5527 ·

2050 5591 2237 5646 ἔπειτα
2259 5591 2368 5658 ζαῒ,
2391 5593 2418 5645 ὅ
2436 5593 2551 5646 ἐστι
2567 5591 2653 5662 ζῇ·
2679 5591 2843 5664 μεθ”ὃ
2862 5590 2951 5662 ἣθ,
2977 5592 3004 5644 ὃ
3026 5592 3170 5643 ἐστιν
3189 5592 3221 5643 ὀ
3247 5588 3379 5649 ζῶνθ’
3410 5590 3475 5641 ἵν’
3563 5588 3623 5641 τὺ

2049 5684 2166 5737 ὅλον
2187 5701 2200 5713 ·
2247 5684 2334 5736 Ἑν
2362 5684 2497 5756 αὐτῇ
2534 5683 2599 5755 ζῇ
2630 5686 2657 5736 ό
2683 5683 2811 5747 ζῶν.
2848 5681 3003 5736 Μετὰ
3046 5680 3217 5737 ταῦτα
3252 5683 3508 5749 στοιχεῖον
3537 5679 3624 5731 ἐν-

370 5759 587 5842 gnilicat
615 5763 805 5818 vivens.
838 5766 914 5819 Ex
947 5768 1147 5835 quibus
1191 5771 1279 5824 hic
1318 5786 1514 5827 sensus
1539 5773 1851 5841 colligitur:
1877 5772 1936 5827 lu

2055 5792 2213 5839 ιατον,
2243 5774 2302 5827 τὸ
2323 5773 2443 5846 τὴθ,
2467 5776 2495 5827 ὅ
2520 5776 2633 5828 ἐστι
2650 5772 2805 5837 καλή
2825 5790 2837 5802 ·
2863 5772 3049 5825 ἔπειτα
3070 5770 3184 5833 ῐὼθ,
3215 5770 3244 5821 ὂ
3265 5769 3622 5841 ἑρμηνεύεται

372 5862 485 5927 wsa
513 5852 644 5923 vivit
667 5855 871 5913 vivens.
898 5855 1133 5917 Nonum.
1166 5861 1299 5935 tcth,
1322 5862 1371 5917 id
1409 5873 1493 5920 est
1523 5863 1735 5920 bonum.
1787 5863 1939 5925 Deci-

2039 5865 2222 5928 drxri'
2259 5864 2394 5929 ὁμοῦ
2442 5866 2509 5921 τὰ
2554 5866 2675 5920 δὺο’
2705 5865 2862 5932 Καλὴ
2889 5865 3050 5933 ἀρχή.
3090 5862 3211 5917 Ἐπὶ
3233 5861 3440 5925 τούτοις
3486 5861 3623 5930 κὰφ,
