4194 6414
465 340 571 395 789

1640 335 1962 390 PIUEPAR.
2007 336 2257 393 EVANG.
2297 337 2426 397 LIB.
2463 337 2526 392 Χ.

3600 330 3703 384 790

466 458 496 511 6
516 458 663 510 ἐστιν
693 454 872 524 ὅμως·
906 453 1094 508 ἔπειτα
1123 450 1252 507 λάὸδ
1278 454 1410 525 (24),
1427 454 1454 507 6
1478 454 1593 507 ἐστι
1603 453 1784 523 μάθεο
1816 455 1875 508 τὸ
1896 456 2036 521 ὅλον,

2144 470 2288 510 mum
2304 455 2444 526 joth,
2468 452 2616 525 quod
2647 451 2889 507 redditur
2911 452 3228 521 principium
3253 466 3272 514 ;
3305 447 3577 519 quaeduo,
3597 446 3701 502 Bo-

470 553 659 618 Ὀμως
690 546 846 617 μάθε.
876 546 1030 600 Μετὰ
1089 545 1258 599 ταῦτα
1290 545 1730 617 τρισκαιδέκατον
1776 548 2035 617 στοιχεῖόν

466 642 585 693 ἐστι
617 638 676 691 τὸ
701 637 839 709 μῆμ,
865 638 894 691 6
927 640 1070 691 ἐστιν
1098 637 1168 702 ἐξ
1194 636 1422 690 αὐτῶνθ
1451 636 1642 690 ἔπειτα
1677 636 1862 704 νοῦν,ὂ
1890 641 2036 693 ἐστιν

466 731 702 784 αἱωνία·
736 726 855 783 εἶτα
880 727 1048 799 σὰμχ,
1078 728 1106 781 ὃ
1126 727 1483 799 ἑρμηνεύεται
1516 729 1798 799 βοήθεια·
1826 726 1946 804 ἴν’ᾖ
1974 729 2036 782 τὸ

467 821 783 892 λεγόμενον·
827 820 916 887 Ἐξ
947 820 1123 873 αὐτῶν
1143 820 1334 873 αίωνία
1377 820 1616 891 βοήθεια.
1659 822 1781 874 Ἐπὶ
1817 821 2033 886 τούτοις

467 914 528 965 τὸ
558 911 711 976 ἄῖν,ὃ
740 910 1077 983 μεταληφθέν
1108 911 1361 983 σημαίνει
1394 912 1670 982 πηγὴν-,ἢ
1700 914 2030 983 ὀφθαλμόν-⁸

468 1004 658 1057 ἔπειτα
717 1002 780 1055 16
814 1002 906 1074 φῆ,
938 1002 1132 1070 στόμα
1152 1018 1166 1032 ’
1198 997 1296 1055 εἷθ’
1329 1001 1474 1073 ἑξῆς,
1496 1002 1558 1055 16
1592 1003 1745 1073 σάδη,
1772 1002 2038 1056 δδικαιο-

467 1095 667 1161 σύγην
690 1110 702 1124 ·
727 1087 801 1146 ὧν
850 1095 883 1165 ἡ
917 1092 1123 1146 διάνοιά
1165 1093 1316 1146 ἐστι·
1344 1095 1521 1165 Πηγὴ,
1554 1095 1587 1165 ἢ
1623 1094 1717 1147 ml.
1740 1093 2032 1164 ὀφθαλμὸς,

467 1186 560 1240 ml.
595 1185 765 1256 στόμα
790 1184 1152 1256 δικαιοσύνης.
1201 1186 1356 1239 Μετὰ
1404 1184 1576 1239 ταῦτα
1620 1186 1878 1256 στοιχεῖόν
1922 1186 2036 1238 ἐστι

467 1280 611 1350 κὼφ,
635 1279 664 1332 δ
689 1278 1045 1351 ἑρμηνεύεται
1070 1279 1323 1349 κλῆσιςο
1355 1280 1543 1334 ἔπειτα
1580 1281 1697 1353 ρὴς,
1730 1282 1759 1335 ὃ
1794 1284 1908 1335 ἐστι
1940 1299 2037 1335 κε-

465 1368 629 1440 φαλή
648 1385 661 1397 '
689 1369 781 1422 καὶ
801 1368 938 1440 μετὰ
970 1367 1143 1423 ταῦτα
1171 1369 1279 1434 σέν,
1313 1370 1449 1440 ὅπερ
1480 1370 1624 1424 ἐστὶν
1641 1369 1882 1435 ὀδόντες
1904 1386 1915 1398 ·
1945 1370 2037 1423 ἐπὶ

468 1462 601 1515 πᾶσι
628 1460 689 1514 τὸ
716 1459 798 1513 κ6¹
834 1447 1093 1528 στοιχεῖον
1124 1459 1364 1512 καλεῖται
1386 1460 1514 1531 παρ’
1533 1460 1717 1522 αὐτοῖς
1739 1457 1864 1526 Οαῢ,
1887 1458 1917 1510 6
1938 1458 2036 1529 δη-

465 1550 550 1604 λοῖ
573 1549 826 1620 σημεῒαο
878 1536 991 1621 ἔχοι
1034 1551 1078 1603 δ’
1101 1549 1166 1603 ἂν
1221 1552 1254 1620 ἡ
1286 1549 1518 1604 διάνοια·
1553 1550 1759 1621 Κλῆσις
1798 1549 2037 1620 κεφαλῆς

468 1642 563 1696 καὶ
583 1641 810 1695 ὀδόντων
852 1646 1069 1713 σημείαι
1104 1643 1214 1695 Καὶ
1258 1641 1406 1714 παρὰ
1440 1642 1539 1713 μὲν
1571 1641 1841 1710 Ἑϐραίοις
1860 1638 2035 1696 τοιάδε

466 1733 550 1796 τίς
573 1734 774 1804 ἐστινὴ
806 1732 912 1785 τῶν
945 1731 1218 1803 στοιχείων
1249 1732 1585 1806 μετάφρασις
1616 1734 1709 1787 ml.
1751 1734 2033 1806 ἑρμηνεία,

467 1825 626 1894 λόγου
673 1824 908 1878 διάνοιαν
963 1823 1355 1896 ἀπαρτίζουσα,
1388 1827 1452 1896 τῇ
1491 1824 1598 1878 τῶν
1626 1826 1901 1897 στοιχείων
1934 1843 2038 1897 μα-

468 1918 620 1990 Θήσει
649 1935 707 1971 τε
740 1917 834 1971 καὶ
885 1916 1189 1987 ἐπαγγελίᾳ
1241 1918 1619 1988 προσήκουσαν
1640 1934 1652 1945 ·
1696 1917 1757 1968 16
1790 1916 1972 1986 ὅμοιον
1995 1916 2040 1970 δ’

469 2012 566 2064 οὐκ
601 2010 666 2063 ἂν
695 2008 876 2081 εὕροις
932 2010 1063 2081 παρ’
1089 2009 1361 2079 Ἕλλησιν,
1387 2009 1527 2071 ὅθεν,
1569 2010 1641 2072 ὡς
1672 2008 1826 2079 ἔφην,
1856 2009 2043 2079 ὁμολο-

469 2103 584 2169 γεῖν
612 2099 822 2171 ἀνάγκη
858 2099 930 2171 μὴ
963 2099 1090 2152 ὄντα
1134 2101 1311 2152 οἰκεῖα
1347 2098 1631 2170 Ἑλλήνων,
1662 2115 2043 2169 παραπεποιη-

470 2192 609 2264 μένα
632 2192 689 2245 δὲ
736 2191 993 2263 ἄντικρυς
1020 2191 1127 2244 ἀπὸ
1170 2192 1269 2265 τῆς
1304 2190 1581 2263 βαρϐάρου
1604 2192 1807 2262 φωνῆς,
1852 2191 1946 2244 ml.
1985 2189 2046 2255 ἐξ

418 2287 423 2291 ’
470 2283 636 2354 αὐτῆς
661 2282 718 2335 δέ
739 2281 1017 2351 ἐλέγχεται
1040 2282 1140 2352 τῆς
1157 2282 1277 2335 καθ’
1300 2281 1530 2357 ἕκαστον
1554 2285 1812 2352 στοιχεῖον
1838 2285 2046 2336 ἐπωνυ-

471 2374 618 2444 μίας.
649 2372 712 2425 Τί
729 2372 837 2444 γὰρ
865 2371 959 2425 τοῦ
995 2366 1101 2443 ἂλφ
1138 2373 1199 2426 16
1226 2373 1369 2442 ἄλφα
1401 2372 1736 2444 διενήνοχεν;
1772 2373 1920 2444 ἢτοῦ
1946 2373 2044 2445 βὴθ

471 2462 529 2515 τδ
559 2462 714 2531 βῆτα,
748 2462 782 2532 ἢ
805 2460 898 2514 106
920 2460 1116 2533 γάμμα
1135 2461 1196 2514 16
1227 2461 1409 2533 γίμελ,
1446 2461 1479 2532 ἢ
1510 2461 1602 2514 106
1632 2462 1752 2515 δέλθ
1778 2462 1838 2514 τὸ
1868 2463 2045 2527 δέλτα,

472 2553 502 2624 ἢ
526 2552 666 2625 τοῦη
695 2553 754 2607 τὸ
769 2570 815 2617 ε,
845 2553 873 2624 ἢ
899 2553 992 2606 τοῦ
1020 2551 1107 2618 ξαῖ
1128 2553 1189 2607 16
1216 2552 1374 2624 ζῆτα,
1398 2553 1430 2624 ἢ
1458 2553 1551 2607 106
1567 2552 1665 2625 τὴθ
1689 2553 1748 2606 τὸ
1775 2553 1932 2625 Θῆτα,
1955 2556 2049 2609 ml.

471 2643 785 2707 ὅσατούτοις
809 2645 1197 2715 παραπλήσιας
1230 2643 1370 2697 ὥστε
1400 2644 1798 2715 ἀναμφίλεκτον
1822 2640 1962 2699 εἶναι
1989 2646 2049 2699 16

473 2732 548 2806 μὴ
599 2734 867 2806 Ἑλλήνων
921 2735 1127 2798 οἰκείας
1175 2731 1313 2789 εἶναι
1367 2735 1463 2799 τὰς
1514 2733 1768 2799 τοιαύτας
1831 2738 2045 2806 φωνάς·

482 2824 751 2897 Ἐϐραίων
775 2824 905 2898 ἄρα,
915 2827 1050 2898 ’παρ’
1067 2821 1148 2889 οἷς
1169 2826 1261 2879 ml
1276 2825 1536 2898 σημαῖνόν
1552 2843 1602 2879 τι
1619 2826 1848 2882 ἕκαστον
1871 2828 2050 2882 αὐτῶν

473 2913 871 2969 ἀποδείκνυται.
892 2914 1048 2987 Παρὰ
1065 2914 1120 2967 δὲ
1132 2914 1338 2977 τούτοις
1352 2914 1587 2987 πρώτοις
1603 2916 1905 2987 ἀρξάμενα,
1925 2936 2053 2990 προ-

473 3003 633 3073 ῆλθεν
665 3004 745 3067 εῐς
774 3021 832 3057 τε
854 3004 1045 3068 ἄλλους
1074 3006 1169 3058 ml.
1214 3004 1277 3075 δὴ
1299 3004 1392 3057 καὶ
1424 3005 1504 3067 είς
1551 3005 1833 3077 Ἕλληνας.
1869 3007 2054 3063 Ταῦτα

2142 561 2268 598 num
2287 544 2627 616 principium,
2658 542 2915 600 efﬁciunt.
2951 542 3310 598 Undecimnm
3352 539 3550 611 chaph,
3593 541 3703 593 hoc

2135 646 2239 699 εει,
2268 648 2648 691 verumtamen.
2678 635 3068 691 Duodecimum
3089 633 3234 699 labd,
3266 633 3371 688 hoc
3389 630 3650 694 est,disoe
3675 644 3700 684 :

2135 727 2278 796 quod
2308 737 2601 797 utrumque
2629 726 2788 782 simul
2811 735 2895 783 est
2925 742 2938 778 :
2970 726 3359 782 Verumtamen
3397 722 3565 778 disce.
3599 719 3702 775 De-

2135 817 2336 871 cimum
2370 819 2610 885 tertium,
2637 833 2803 884 mem,
2835 819 2980 889 quod
3003 817 3290 889 signiﬁcat,
3317 831 3382 870 ea:
3408 814 3557 882 ipsis.
3598 810 3702 866 De-

2136 910 2340 964 cimum
2363 919 2639 979 quartum,
2675 927 2789 966 nun
2814 951 2831 978 ,
2859 910 2913 965 id
2956 918 3039 965 εει
3084 919 3354 964 aeternum.
3419 903 3700 959 Decimum

2134 1000 2383 1070 quintum
2415 1001 2622 1065 samch,
2648 1002 2791 1071 quod
2842 1000 3128 1070 exponitur
3180 997 3460 1064 auxilium,
3496 1003 3701 1050 utsen-

2136 1106 2230 1146 sus
2257 1091 2347 1146 hic
2376 1091 2603 1146 exsistat
2632 1092 2742 1146 :Ex
2776 1092 2908 1162 ipsis
2935 1098 3194 1147 aeternum
3239 1089 3525 1144 auxilium.
3546 1085 3705 1140 Deci-

2135 1197 2286 1235 mum
2334 1191 2567 1248 scxtum,
2624 1183 2735 1249 ain,
2764 1183 2910 1253 quod
2937 1182 3137 1252 fontem
3179 1180 3263 1235 vel
3286 1180 3496 1234 oculum
3541 1176 3706 1248 signi-

2136 1274 2281 1327 ﬁcat.
2313 1272 2591 1328 Decimum
2626 1275 2934 1345 septimum,
2959 1274 3084 1344 phe,
3120 1290 3197 1328 os.
3238 1272 3529 1328 Decimum
3554 1279 3704 1325 octa—

2135 1380 2262 1419 vum
2290 1363 2440 1430 sade,
2475 1348 2581 1421 hec
2608 1375 2710 1433 est,
2733 1365 2984 1436 justitia;
3016 1365 3158 1420 unde
3200 1365 3340 1420 hanc
3379 1362 3704 1419 sententiam

2136 1457 2357 1512 elicias:
2392 1456 2561 1525 Fons,
2593 1459 2677 1513 vel
2704 1458 2914 1524 oculus,
2948 1465 3003 1512 et
3042 1472 3103 1511 os
3129 1455 3372 1526 iustitiae.
3423 1452 3721 1509 Decimum-

2136 1560 2343 1601 nonum
2383 1547 2544 1617 c0ph,
2601 1547 2656 1603 id
2698 1559 2783 1604 est
2837 1547 3141 1618 appellatio.
3204 1544 3538 1600 Vicesimum
3579 1558 3703 1610 res,

2137 1638 2284 1707 quod
2309 1647 2397 1694 est
2448 1647 2626 1709 caput.
2675 1638 3008 1696 Vicesimum
3041 1638 3277 1709 primum
3310 1652 3429 1701 sen,
3484 1635 3718 1691 hoc-est

2138 1728 2335 1787 dentes.
2364 1728 2695 1786 Vicesimum
2718 1730 3041 1795 secundum,
3059 1730 3312 1799 idemque
3334 1736 3666 1798 postremum
3687 1764 3704 1789 ,

2142 1831 2366 1877 vocatur
2396 1823 2465 1877 ab
2492 1823 2600 1878 illis
2624 1822 2772 1885 thau,
2796 1823 2940 1894 quod
2962 1814 3482 1893 signa'interpretari
3499 1832 3704 1890 queas:

2143 1913 2248 1968 hoc
2302 1928 2491 1981 sensu,
2525 1914 2830 1985 Appellatio
2862 1914 3075 1984 capitis,
3117 1913 3471 1982 dentiumque
3528 1910 3705 1981 signa.
3775 1920 3787 1929 '

2144 2002 2469 2073 Hujnsmodi
2501 2021 2630 2076 ergo
2658 2006 2961 2060 litterarum
3013 2005 3156 2075 apud
3184 2004 3440 2059 Hebraeos
3469 2001 3711 2071 appella—

2143 2100 2220 2153 tio
2250 2096 2703 2167 signiﬁcationem
2760 2096 2940 2161 habet,
2985 2111 3052 2151 ex
3104 2111 3211 2166 qua
3245 2094 3463 2165 quidem
3490 2095 3713 2163 integrae

2145 2188 2407 2245 orationis
2440 2187 2649 2243 exsistit
2681 2203 2746 2243 ea
2778 2188 3068 2256 sententia,
3107 2203 3230 2258 qua:
3258 2189 3559 2242 litterarum
3586 2186 3716 2240 ista—

2146 2297 2268 2336 rum
2301 2280 2620 2351 cognitioni,
2642 2294 2707 2335 ac
2736 2280 3085 2351 promissioni
3118 2279 3331 2334 cuidam
3358 2278 3494 2333 belle
3528 2278 3709 2333 admo-

2147 2371 2277 2426 dum
2320 2379 2552 2441 apteque
2593 2369 2898 2425 conveniat.
2926 2398 2929 2405 ·
2957 2368 3057 2424 Cui
3099 2368 3276 2424 simile
3320 2368 3461 2439 apud
3497 2366 3716 2423 Graecos

2150 2464 2287 2518 nihil
2319 2477 2561 2532 unquam
2587 2462 2850 2532 reperias,
2871 2469 2932 2516 ut
2960 2476 3075 2526 eas,
3107 2460 3250 2531 quod
3280 2460 3443 2529 paulo
3485 2466 3610 2514 ante
3633 2459 3717 2513 di-

2149 2555 2362 2621 cebam,
2389 2552 2545 2609 fateri
2568 2568 2792 2610 necesse
2847 2555 2918 2611 sit
2963 2553 3275 2609 Graecorum
3327 2552 3579 2624 proprias
3607 2568 3717 2609 non

2149 2661 2289 2713 esse,
2325 2646 2418 2724 sed
2442 2646 2620 2716 palam
2654 2661 2721 2701 ex
2748 2646 2977 2701 barbara
3006 2646 3191 2715 lingua
3226 2646 3328 2700 levi
3362 2644 3600 2715 quadam
3622 2661 3719 2699 vo-

2150 2739 2230 2795 cis
2261 2738 2560 2794 mutatione
2591 2737 2892 2794 traductas.
2922 2737 2979 2792 Id
3037 2737 3183 2808 quod
3212 2752 3277 2793 ex
3312 2736 3497 2792 Graeca
3532 2738 3720 2807 singu—

2151 2829 2328 2883 lorum
2379 2829 2770 2883 elementorum
2812 2827 3173 2897 appellatione
3218 2827 3398 2897 quivis
3433 2827 3716 2895 intelligat.

2149 2920 2313 2995 475
2335 2919 2474 2987 Quid
2499 2921 2644 2977 enim
2696 2919 2817 2989 alph
2855 2920 2923 2973 ab
2958 2919 3115 2988 alpha
3142 2934 3468 2990 magnopere
3511 2917 3727 2987 differt?

2151 3012 2283 3081 quid
2308 3018 2489 3066 autem
2536 3011 2621 3064 vel
2671 3009 2830 3064 betha
2857 3023 2888 3062 a
2918 3008 3066 3074 beth,
3101 3008 3181 3063 vel
3209 3024 3238 3063 a
3266 3024 3481 3079 gamma
3535 3008 3718 3078 gimel,

476 3095 575 3166 μὲν
595 3091 688 3149 οὖν
717 3113 807 3167 μοι
832 3096 960 3170 περ).
981 3095 1089 3150 τῶν
1107 3095 1336 3168 πρώτων
1362 3096 1641 3167 στοιχείων
1665 3097 1921 3169 εἰρήσθω.
1941 3099 2051 3170 Τῆς

2154 3110 2250 3157 aut
2271 3101 2412 3156 delta
2436 3117 2469 3157 a
2499 3102 2667 3164 delth,
2704 3109 2799 3156 aut
2827 3099 3036 3170 epsilon
3078 3100 3147 3155 ab
3173 3100 3259 3164 he,
3279 3108 3372 3154 aut
3394 3115 3424 3154 a
3449 3099 3532 3154 zai
3583 3108 3719 3166 zeta,

475 3187 516 3239 δ’
542 3187 711 3257 αὐτῆς
744 3189 875 3259 ἡμῖν
902 3187 1212 3253 ὑποθέσεως
1242 3187 1590 3259 ἐφαψάμενος
1618 3188 1709 3243 ml
1737 3191 1766 3243 6
1792 3189 2045 3262 Κλήμης,

476 3278 776 3334 ἐπάκουσον
796 3280 832 3335 ἆ
855 3297 1035 3350 φησιν.

2154 3202 2250 3249 aut
2278 3195 2424 3250 theta
2452 3211 2484 3250 a
2507 3194 2676 3262 theth,
2707 3200 3010 3277 caeteraque
3029 3193 3324 3264 deinceps?
3349 3180 3723 3264 Maneatergo,

2154 3303 2316 3345 voces
2358 3291 2480 3347 illas
2506 3306 2617 3345 non
2675 3289 3011 3354 Graecorum,
3049 3287 3147 3344 sed
3183 3287 3534 3345 Hebraeorum
3564 3301 3725 3353 .esse,

476 3379 619 3440 apud
648 3387 786 3442 quos
810 3387 908 3428 sua
931 3373 1129 3442 cuique
1153 3373 1476 3445 signiﬁcatio
1502 3372 1780 3429 tribuitur.
1816 3372 1896 3428 lbi
1911 3389 2040 3433 vero
2075 3388 2216 3435 natae
2260 3398 2383 3437 cum
2413 3392 2615 3451 essent,
2648 3398 2771 3439 cum
2798 3381 2865 3436 ad
2919 3376 3055 3433 alios
3093 3381 3288 3439 deinde
3316 3389 3454 3446 ,tum
3480 3379 3548 3434 ad
3576 3378 3726 3448 ipsos

476 3478 693 3534 quoque
721 3464 938 3520 Graecos
962 3480 1273 3534 pervenere.
1294 3466 1472 3535 Atque
1501 3465 1617 3520 hmc
1673 3464 1741 3520 de
1790 3466 1984 3536 primis
2032 3468 2334 3530 litterarum
2377 3477 2658 3533 elementis
2688 3478 2850 3534 modo
2890 3477 3043 3534 satis.
3074 3474 3194 3531 Jam
3236 3488 3368 3530 vero
3397 3471 3728 3528 Clementem

477 3556 622 3625 audi,
653 3556 708 3611 in
737 3557 924 3613 eadem
950 3571 1163 3611 mecum
1180 3555 1545 3627 disputatione
1566 3564 1894 3613 versantem.

1004 3648 1400 3702 ΚΕΦΑΛΑΙΟΝ
1430 3640 1519 3716 (τ’.

651 3739 792 3809 Περὶ
828 3738 936 3794 τοῦ
967 3738 1176 3804 αὑτοῦ,
1206 3739 1324 3794 ἀπὸ
1354 3738 1473 3792 τῶν
1498 3737 1871 3808 Κλήμεντος.

556 3850 575 3883 ε
628 3826 897 3904 ’ἰατρικὴν
949 3830 1061 3903 (25)
1102 3830 1160 3883 δὲ
1210 3832 1375 3884 Ἀπιν
1426 3831 1744 3900 Αίγύπτιον,
1808 3830 1948 3901 μετὰ
1997 3831 2055 3885 δὲ

481 3924 654 3979 ταῦτα
714 3923 1039 3994 Ἀσκληπιὸν
1080 3922 1310 3995 αὐξῆσαι
1332 3922 1429 3994 τὴν
1473 3923 1668 3994 τέχνην
1722 3922 2052 3996 ἱστοροῦσιν.

486 4018 688 4082 Ἀτλας
711 4017 769 4071 δὲ
797 4017 1011 4081 όΛίϐυς
1050 4016 1266 4088 πρῶτος
1308 4016 1439 4071 ναῦν
1483 4017 1920 4088 ἐναυπηγήσατο,
1964 4018 2059 4071 καὶ

482 4112 583 4183 τὴν
610 4110 883 4166 θάλασσαν
899 4109 1125 4163 ἔπλευσε
1151 4108 1413 4179 (26).,Katl.
1444 4108 1800 4179 ἀστρολογίαν
1819 4108 1878 4162 δέ
1905 4107 2061 4180 πρῶ-

484 4222 566 4258 τοι
592 4205 674 4266 εἰς
705 4200 1026 4275 ἀνθρώπους
1066 4200 1364 4271 ἐξήνεγκαν
1409 4197 1720 4266 Αἰγύπτιοι,
1763 4198 1963 4271 ὁμοίως
2007 4199 2065 4252 δὲ

2777 3652 3006 3709 CAPUT
3044 3651 3134 3706 VI.

2337 3747 2402 3803 In
2446 3749 2681 3803 eamdem
2708 3747 3023 3802 sententiam
3068 3743 3350 3800 Clementis
3376 3739 3553 3797 verba.

2237 3858 2255 3891 ι
2279 3838 2602 3895 Medicinam
2658 3848 2864 3904 autem,
2906 3837 3083 3909 inquit
3112 3836 3222 3901 ille,
3269 3835 3509 3905 primum
3533 3830 3601 3886 ab
3629 3829 3734 3898 Api

2163 3934 2401 4003 quodam
2433 3930 2690 4004 [Egyptio
2724 3920 3022 3996 inventam,
3069 3922 3265 3984 deinde
3295 3926 3364 3981 ab
3416 3921 3733 3992 Esculapio

2164 4034 2382 4082 auctam
2444 4041 2567 4082 esse
2614 4025 2806 4080 ferunt.
2866 4025 3018 4079 Atlas
3056 4022 3147 4077 ille
3190 4019 3426 4090 Libycus
3449 4025 3505 4073 et
3548 4015 3731 4071 navim

2164 4117 2450 4173 mdiﬁcavit
2511 4117 2755 4187 primus,
2826 4126 2882 4170 et
2953 4107 3164 4185 primus
3227 4125 3376 4165 mare
3440 4106 3730 4177 navigavit.

2166 4209 2406 4282 lEgyptii
2455 4223 2579 4263 cum
2623 4206 2891 4261 Chaldmis
2935 4204 3287 4276 astrologiam
3329 4202 3383 4256 in
3451 4200 3735 4255 hominum

417 4302 423 4308 ’
486 4297 583 4350 καὶ
614 4295 872 4348 Χαλδαῖοι
900 4292 1036 4365 (27).
1062 4292 1185 4346 Εἰσὶ
1213 4291 1269 4345 δὲ
1297 4291 1346 4344 οἶ
1376 4292 1567 4361 Κᾶρας
1601 4293 1699 4362 τὴν
1724 4288 1789 4342 δι’
1822 4289 2056 4360 ἀστέρων

2168 4315 2339 4370 genus
2368 4297 2641 4368 principes
2670 4296 3015 4350 invexerunt.
3054 4292 3166 4349 Nec
3185 4293 3401 4359 desunt,
3433 4290 3528 4361 qui
3565 4297 3737 4345 artem

488 4389 795 4461 πρόγνωσιν
817 4386 1223 4457 ἐπινενοηκέναι
1238 4385 1474 4453 λέγουσι.
1499 4384 1612 4455 Πτή
1622 4399 1732 4447 σεις
1755 4382 1807 4436 δὲ
1838 4381 2056 4453 ὀρνίθων

2169 4405 2236 4444 ex
2268 4388 2539 4445 sideribus
2562 4384 2945 4458 prtesentiendi
2972 4422 2981 4433 ρ
3011 4402 3059 4451 ιι,
3089 4384 3321 4440 Caribus
3375 4382 3737 4451 excogitatam

488 4478 873 4554 παρεφύλαξαν
921 4477 1127 4549 πρῶτοι
1165 4475 1393 4549 Φρύγες.
1428 4474 1539 4529 Καὶ
1574 4473 1796 4546 θυτικὴν
1831 4472 2056 4546 ἠκρίϐω-

2144 4514 2147 4535 ›
2172 4495 2292 4537 εεεε
2311 4479 2500 4534 velint.
2525 4479 2721 4533 Avium
2747 4486 2928 4533 autem
2949 4476 3163 4533 volatus
3186 4473 3349 4546 primi
3373 4473 3612 4544 Phryges
3636 4471 3738 4526 ob-

487 4587 587 4626 σαν
636 4570 889 4634 Τοῦσκοι,
937 4567 1167 4632 Ἰταλίας
1208 4567 1462 4637 γείτονες.
1540 4566 1779 4637 Ἵσαυροι
1844 4563 1901 4617 δὲ
1972 4565 2066 4615 καὶ

492 4661 731 4735 Ἄραϐες
763 4661 1090 4730 ἐξεπόνησαν
1119 4658 1217 4731 τὴν
1251 4656 1613 4728 οἰωνιστικὴν,
1648 4655 1835 4726 ὥσπερ
1873 4653 2066 4725 ἀμέλει

490 4755 812 4826 Τελμισσεῖς
865 4752 961 4824 τὴν
1012 4753 1077 4805 δι’
1122 4751 1345 4823 ὀνείρων
1404 4749 1691 4821 μαντικήν.
1736 4747 2066 4818 Τυρῤηναῖοι

489 4846 547 4901 δὲ
573 4846 846 4915 σάλπιγγα
902 4844 1220 4916 ἐπενόησαν,
1252 4843 1345 4898 καὶ
1382 4841 1591 4911 Φρύγες
1623 4837 1785 4892 αύλόν
1806 4856 1819 4867 ο
1857 4835 2067 4906 Φρύγες

487 4936 601 5010 γὰρ
643 4939 815 5009 ἤστην
847 4936 1126 5008 Ὅλυμπός
1167 4952 1225 4989 τε
1274 4935 1369 4988 ml.
1411 4930 1698 5004 Μαρσύας.
1735 4927 1980 4998 Λύχνους
2003 4944 2064 4980 τε

493 5026 562 5086 αὖ
596 5030 707 5103 (28)
734 5028 908 5084 καίειν
942 5027 1148 5099 πρῶτοι
1186 5024 1501 5090 κατέδειξαν
1529 5021 1835 5091 Αἰγύπτιοι,
1860 5017 2067 5073 καὶτὸν

565 5207 887 5280 (24)Λάϐδ.
956 5205 1082 5280 Ιιεδ.
1129 5205 1271 5277 λάμδ
1307 5222 1320 5234 ·
1362 5202 1421 5256 τὸ
1462 5201 1509 5272 β,
1575 5199 1780 5271 vulgari
1852 5211 2063 5261 errore,

495 5276 670 5338 subiit
689 5279 743 5332 in
774 5279 953 5332 locum
981 5276 1076 5331 106

569 5352 681 5419 (25)
751 5345 1310 5419 ἰατρικήνμΕχε-ιει
1369 5345 1466 5419 hic
1520 5345 1833 5419 Clementis“
1878 5345 1892 5417 ι

500 5405 759 5476 Stromat.
794 5435 834 5484 ι,
855 5405 990 5488 Ῑκιεξ
1008 5417 1144 5478 εεε,
1172 5415 1396 5488 edition.
1415 5407 1776 5488 Α’ᾇιίιεεοτιέιιι.⁸
1791 5405 1895 5488 Qui
1917 5406 2070 5461 locus

1116 5294 1310 5401 Exstat
1369 5343 1459 5398 hic
1520 5335 1814 5396 Clementis
1877 5336 2067 5401 locus,

498 5489 729 5545 subinde
756 5478 839 5544 vel
866 5478 1154 5543 trﬁncatur
1178 5485 1246 5540 ab
1269 5484 1524 5547 Eusebio,
1557 5481 1642 5537 vel
1675 5478 1872 5545 insigni
1896 5490 2072 5547 mem-

499 5543 723 5615 brorum
760 5543 825 5614 ac
857 5558 1202 5628 periodorum
1235 5543 1565 5628 traiectione
1607 5543 1867 5603 mutatnr.
1896 5543 2070 5628 Porro

501 5614 874 5693 Theodoret,
913 5625 1144 5683 ercar.
1182 5614 1355 5693 a/fect'.
1404 5623 1499 5676 lib.
1545 5637 1584 5685 ι,
1632 5634 1740 5672 non
1787 5614 1979 5693 procul
2000 5615 2069 5693 ab

502 5699 678 5764 initio,
709 5684 871 5755 simili
921 5684 1305 5767 disputationis
1331 5694 1399 5767 in
1434 5706 1631 5767 genere
1668 5691 1939 5767 versatur,
1961 5684 2067 5767 sed

503 5755 742 5827 brevius.
787 5755 1221 5826 Fronto'noster
1265 5764 1299 5825 ὁ,
1331 5755 1657 5832 Μακαρίτης
1727 5755 2067 5812 dissimulato

2170 4578 2478 4628 servarunt.
2508 4569 2892 4640 Aruspicinam
2961 4566 3125 4624 Tusci
3167 4565 3335 4621 Italiae
3377 4563 3593 4620 ﬁnitimi
3644 4577 3739 4630 ap-

2132 4642 2343 4734 ‘prime
2375 4662 2701 4717 calluerunt.
2756 4660 2930 4716 Isauri
2981 4668 3145 4741 atque
3197 4658 3404 4714 Arabes
3435 4653 3740 4727 augurandi

2170 4755 2477 4820 scientiam,
2496 4752 2943 4809 ’Tbeimissenses
2991 4751 3387 4809 divinationem
3418 4764 3482 4804 ex
3510 4745 3742 4804 somniis

2171 4847 2422 4902 haustam
2457 4847 2692 4902 coluere.
2725 4843 2990 4916 Tyrrheni
3038 4844 3244 4907 tubam,
3298 4840 3537 4912 Phryges
3553 4838 3740 4893 tibiam

2170 4933 2468 4989 invenere:
2499 4929 2762 5003 Olympus
2802 4932 2947 4989 enim
2986 4940 3042 4987 et
3101 4930 3345 5001 Marsyas
3393 4944 3460 4983 ex
3508 4926 3741 4998 Phrygia

2171 5025 2389 5081 oriundi
2408 5034 2587 5081 erant.
2624 5025 2899 5080 Lucernas
2928 5024 3054 5078 item
3112 5021 3407 5077 accendere
3427 5018 3589 5088 primi
3618 5032 3740 5075 om.-

2172 5208 2412 5275 nomine,
2441 5194 2620 5262 locum
2665 5204 2817 5259 illum
2852 5202 3147 5275 Clementis
3190 5194 3739 5275 eruditejﬁustraviL

2170 5266 2657 5332 interim'Plinium
2693 5273 2937 5338 consule,
2964 5272 3057 5326 lib.
3092 5286 3193 5336 vn,
3217 5284 3338 5337 cap.
3370 5266 3460 5322 56.

2243 5347 2356 5418 (ΩΒ)
2390 5348 2715 5418 Ἕπλευσε.
2764 5342 2894 5418 Post
2939 5343 3042 5397 hoc
3072 5341 3322 5403 verbum,
3345 5350 3479 5418 ﬁll-8
3502 5350 3743 5406 sequun-

2172 5407 2285 5489 tur,
2306 5407 2623 5489 praecedunt
2649 5413 2802 5489 apud
2818 5414 3171 5489 Clementem,
3196 5424 3317 5489 pag.

2243 5476 2356 5558 (27)
2382 5476 2700 5541 Χαλδαῖοιξ
2740 5484 2839 5537 llic
2871 5481 3035 5537 etiam
3083 5479 3152 5534 ab
3197 5476 3433 5533 Eusebio
3481 5476 3742 5537 nonnulla

2169 5569 2506 5613 resecantur.

2245 5627 2356 5697 (‘28)
2387 5628 2663 5697 Λύκιςους
2688 5640 2751 5678 τε
2788 5618 2890 5679 αὗ.
2933 5619 3222 5697 HatcAitem
3267 5619 3389 5697 loco
3416 5625 3561 5674 mota
3586 5628 3743 5697 sntit.

2171 5686 2306 5751 Nam
2338 5686 2514 5766 ἐριιῖ
2529 5686 2862 5766 Clementem
2901 5705 3044 5766 pag;
3067 5688 3194 5766 2‘26,
3224 5687 3408 5744 statim
3452 5698 3575 5760 post
3597 5686 3751 5744 Χαλρ

2175 5706 2306 5751 Nam
2353 5706 2497 5766 apud
2529 5706 2862 5779 Clementem
2901 5706 3026 5815 pag.
3067 5706 3194 5753 πᾶν,
3224 5706 3408 5744 suum

2175 5767 2332 5826 δαίοι.
2370 5778 2495 5825 ante
2528 5766 2642 5825 Illa.
2670 5764 2778 5819 εἱσι
2806 5760 2862 5818 δὲ
2887 5761 2935 5815 οἳ
3016 5760 3143 5832 ἆραι
3173 5760 3449 5822 leguntur.
