4194 6418
479 313 574 369 791

1108 310 1377 367 EUSEBII
1417 305 1896 365 CESARIENSIS
1933 304 2081 360 OPP.
2124 301 2310 359 PARS
2347 301 2411 358 ll.
2450 331 2520 343 —
2559 301 3058 356 APOLOGETICA.

3609 294 3716 348 79?.

477 427 627 480 nium
658 423 895 497 Egyptii
921 425 1244 489 docuerunt,
1301 423 1459 494 primi
1492 432 1547 479 et
1580 439 1782 479 annum
1831 422 2029 478 duode-

2137 418 2381 473 ἐνιαυτὸν
2411 419 2490 480 είς
2549 415 2613 469 ιϐ’
2645 415 2820 486 μῆνας
2853 415 3063 478 διεῖλον,
3095 411 3187 465 κα)⁴
3224 410 3281 464 έν
3311 409 3471 482 ίεροῖς
3502 409 3716 477 γυναιξὶ

476 519 583 570 cim
614 518 667 571 in
693 531 912 572 menses
968 516 1322 581 tribuerunt,
1351 524 1407 570 et
1445 530 1568 570 cum
1623 513 1942 569 mulieribus
1981 513 2037 566 in

475 609 690 680 templis
721 625 832 663 rem
887 608 1086 663 habere
1130 616 1432 667 vetuerunt,
1464 616 1520 662 et
1548 607 1772 668 nemini.
1809 607 1903 675 qui
1930 619 2038 658 non

475 714 596 755 sese
627 699 694 754 ab
709 699 898 755 uxoris
924 714 1220 768 congressu
1272 699 1579 761 lustrasset,
1624 706 1808 766 patere
1838 695 2036 765 templa

474 791 783 845 voluerunt.
843 790 926 846 Ab
972 790 1161 845 iisdem
1207 805 1425 859 quoque
1473 789 1712 859 profecta
1743 789 2037 857 geometria

473 891 574 936 est.
605 881 807 937 Telmis
853 891 1033 936 autem
1064 891 1118 936 et
1159 880 1588 938 Damnameneus
1618 881 1878 935 ldaaorum
1928 879 2036 934 Da-

473 973 601 1044 ctyli
627 972 828 1028 ferrum
857 975 912 1028 in
939 973 1117 1044 Cypro
1149 993 1162 1028 :
1196 973 1352 1029 Delas
1396 973 1534 1029 alius
1557 973 1778 1043 quidam
1841 973 2035 1036 Idaeus,

473 1065 557 1120 vel
582 1074 641 1120 ut
668 1065 935 1121 Hesiodus
991 1067 1218 1132 mavult,
1276 1066 1498 1136 Scytha,
1541 1063 1669 1120 ferri
1699 1065 2036 1134 temperandi

473 1167 643 1213 artem
675 1159 832 1228 primi
863 1168 1197 1228 repererunt.
1261 1157 1401 1212 Sane
1448 1157 1664 1227 quidem
1714 1155 1952 1210 Thraces
1986 1165 2039 1210 et

475 1250 638 1320 primi
663 1251 883 1319 harpen,
910 1250 1171 1304 incurvus
1201 1250 1245 1304 is
1288 1248 1500 1318 gladius
1549 1255 1655 1312 est,
1691 1246 2034 1309 invenerunt,

471 1350 525 1395 et
552 1341 710 1410 primi
737 1342 908 1410 peltas
939 1341 992 1394 in
1030 1342 1184 1408 equis
1206 1350 1416 1410 gestare
1443 1347 1725 1409 creperum
1761 1356 1774 1391 :
1805 1351 2034 1406 quarum

471 1433 634 1486 etiam
659 1447 818 1485 usum
850 1446 942 1500 per
993 1446 1112 1486 sese
1161 1429 1324 1501 Illyrii
1358 1429 1682 1484 habuerunt.
1713 1427 1908 1483 Tuscis
1933 1428 2037 1482 lin-

472 1523 629 1592 gendi
655 1531 825 1576 artem
851 1522 1010 1592 vulgo
1027 1533 1299 1590 acceptam
1324 1520 1524 1585 ferunt,
1555 1521 1730 1587 ltano;
1759 1521 1852 1590 qui
1875 1519 2036 1574 Sam-

471 1614 614 1670 nites
646 1613 769 1680 fuit,
797 1624 1031 1669 scutum.
1067 1613 1306 1668 Cadmus
1353 1612 1519 1684 476
1563 1611 2035 1682 Ριιωηίοἱυειιιρί-

471 1705 703 1760 cidinam
770 1705 986 1774 reperit,
1023 1706 1250 1775 aurique
1302 1704 1517 1758 metalla
1597 1704 1701 1757 sub
1742 1701 2034 1774 Pangazum

2143 509 2433 582 μίγνυσθαι
2458 507 2758 571 ἐκώλυσαν,
2791 505 2924 576 μηδὲ
2955 506 3033 567 είς
3073 501 3193 572 ἱερὰ
3217 501 3443 554 εἰσιέναι
3470 499 3579 554 ἀπὸ
3616 516 3708 566 γυο

2140 601 2342 657 ναικῶν
2383 599 2636 662 ἀλούτους
2690 597 3104 668 ἐνομοθέτησαν.
3164 593 3508 662 Γεωμετρίας
3555 607 3613 642 τε
3645 585 3710 642 αὖ

2139 694 2357 766 εὑρεταὶ
2407 695 2455 746 oi
2506 691 2661 746 αὐτοὶ
2691 691 2966 759 γεγόνασι.
3002 687 3201 757 Τέλμις
3229 702 3287 738 τε
3318 685 3413 740 καὶ
3435 687 3714 754 Δαμναμε-

2137 785 2262 847 νεὺς
2293 783 2401 854 (9.9)
2428 786 2475 836 οί
2507 782 2614 836 τῶν
2672 781 2935 834 Ἰουδαίων
2984 779 3092 849 (50)
3128 777 3387 830 Δάκτυλοι
3410 776 3616 848 πρῶτοι
3655 778 3712 828 ὲν

2139 876 2350 946 Κύπρῳ
2375 875 2588 947 σίδηρον
2626 867 2802 945 εὗρον.
2830 873 2994 936 Δέλας
3035 872 3089 924 δὲ
3134 871 3290 934 ἄλλος
3332 871 3580 934 Ἰουδαῖος
3601 870 3710 940 (51)

2137 962 2262 1037 εὗρε
2306 967 2504 1038 χαλκοῦ
2555 968 2771 1037 κρᾶσιν,
2817 965 2892 1028 ὡς
2921 965 2977 1017 δὲ
3029 963 3284 1026 Ἡσίοδος,
3328 961 3558 1030 Σκύθης.
3604 960 3712 1014 Ναὶ

2140 1057 2247 1128 μὴν
2271 1056 2485 1129 Θρᾷκες
2528 1055 2732 1127 πρῶτοι
2783 1054 2880 1124 τὴν
2926 1053 3264 1122 καλουμένην
3301 1051 3481 1122 ἅρπην
3517 1043 3706 1121 εὗρονο

2139 1145 2330 1198 ἔστιδὲ
2383 1144 2625 1216 μάχαιρα
2674 1143 2935 1214 καμπύλη
2956 1159 2969 1171 ⁸
3003 1141 3097 1194 καὶ
3134 1140 3338 1214 πρῶτοι
3370 1139 3590 1204 πέλταις
3617 1140 3709 1194 ἐπὶ

2134 1237 2242 1292 τῶν
2283 1237 2464 1291 ἵππων
2493 1239 2810 1309 ἐχρήσαντο.
2865 1235 3094 1307 Ὁμοίως
3123 1235 3178 1288 δὲ
3209 1234 3303 1288 καὶ
3343 1233 3586 1304 Ἰλλυριοὶ
3609 1232 3707 1304 τὴν

2135 1326 2474 1398 καλουμένην
2502 1327 2704 1396 πέλτην
2741 1319 2916 1397 εὗρον.
2954 1326 3072 1379 Ἔτι
3118 1324 3270 1393 φασὶ,
3301 1323 3426 1385 τοὺς
3455 1322 3650 1386 καλοὺς
3675 1333 3703 1362 ι

2134 1418 2231 1488 τὴν
2261 1417 2561 1489 πλαστικὴν
2584 1417 2866 1488 ἐπινοῆσαι
2889 1433 2904 1446 ⁸
2941 1415 3139 1468 Ἰτανόν
3160 1431 3238 1479 τε,
3271 1411 3528 1481 Σαυνίτης
3554 1406 3706 1476 οὗτος

2134 1506 2223 1581 ἦν,
2277 1510 2492 1582 πρῶτον
2542 1509 2730 1582 θυρεὸν
2780 1506 3202 1560 κατασκευάσαι.
3258 1504 3477 1574 Κάδμος
3528 1501 3635 1574 γὰρ
3678 1505 3708 1554 ὁ

2135 1600 2313 1666 Φοίνιξ
2361 1599 2670 1670 λιθοτομίαν
2703 1596 2912 1669 ἐξεῦρε,
2966 1597 3059 1650 καὶ
3112 1594 3349 1666 μέταλλα
3394 1593 3594 1666 χρυσοῦ
3638 1595 3706 1648 τά

2137 1694 2264 1764 περὶ
2288 1692 2350 1745 τὸ
2379 1691 2657 1759 Πάγγαιον
2688 1689 2810 1761 ὅρος
2842 1687 3151 1759 ἐπενόησεν.
3181 1686 3320 1755 Ἤδη
3353 1686 3408 1738 δὲ
3445 1686 3538 1739 καὶ
3580 1684 3707 1738 ἄλλο

469 1808 708 1852 montem
739 1773 1108 1866 deprehendit.
1139 1773 1506 1866 Cappadoces,
1556 1793 1702 1850 aliud
1759 1773 2029 1864 quoddam

2137 1782 2286 1845 ἔθνος
2314 1781 2720 1836 Καππαδόκαιδ
2747 1780 2952 1854 πρῶτοι
2974 1773 3128 1848 εὖρον
3151 1778 3250 1849 τὴν
3288 1776 3486 1831 νάϐλαν
3513 1776 3708 1829 καλου-

468 1887 749 1942 hominum
783 1902 974 1958 genus,
1007 1888 1084 1942 uti
1109 1887 1253 1956 quod
1279 1886 1518 1941 nablium
1543 1893 1757 1948 vocant,
1781 1885 1856 1939 ita
1885 1885 2029 1954 quod

468 1979 813 2043 dichordum,
847 1977 1055 2050 Assyrii
1097 1977 1370 2048 principes
1419 1977 1690 2032 invenere.
1739 1975 2032 2042 Quadrire-

468 2086 594 2126 men
615 2071 1098 2142 Carthaginienses
1127 2071 1296 2125 moliti
1321 2069 1483 2138 primi
1505 2078 1653 2134 sunt,
1690 2085 1854 2139 quam
1889 2068 2030 2124 Bos-

466 2180 634 2235 porus
659 2164 912 2234 indigena
935 2164 1238 2220 aediﬁcavit.
1286 2163 1485 2219 Medaza
1515 2162 1601 2217 illa
1632 2161 1871 2227 Colchis,
1891 2160 2030 2218 Alta;

465 2253 596 2317 ﬁlia,
650 2253 954 2308 inliciendae
985 2268 1152 2309 comae
1191 2263 1362 2309 artem
1395 2251 1740 2322 excogitavit.
1786 2250 2028 2322 Noropes

465 2344 622 2412 (gens
643 2351 727 2396 est
753 2341 1003 2409 Paeonia,
1044 2339 1272 2398 Noricos
1302 2342 1461 2398 hodie
1511 2342 1865 2412 appellamus)
1893 2359 2026 2398 con-

463 2432 629 2488 ﬂandi
657 2433 800 2499 aeris,
825 2431 1061 2502 ferrique
1082 2433 1346 2504 purgandi
1370 2433 1634 2488 rationem
1664 2433 2029 2503 primitenue-

465 2534 612 2579 runt.
643 2525 902 2596 Amycus,
934 2540 1030 2580 rex
1085 2525 1491 2597 Bebryciorum,
1543 2533 1740 2580 caestus
1785 2525 2028 2596 pugilum

464 2613 672 2681 primus
686 2610 968 2671 invenit.ln
983 2611 1190 2668 musica
1203 2612 1431 2688 Lydium
1445 2613 2030 2686 concentumOlympus

465 2703 646 2774 Mysus
703 2705 890 2760 sedulo
938 2720 1004 2758 ac
1051 2704 1278 2760 solerter
1323 2705 1560 2762 excoluit
1605 2724 1618 2759 :
1669 2705 2026 2778 Troglodytas,

461 2807 601 2862 quos
620 2804 838 2861 vocant,
869 2796 1160 2861 sambucre,
1183 2795 1327 2865 quod
1353 2805 1408 2850 et
1465 2795 1642 2866 ipsum
1681 2797 2025 2852 instrumenti

462 2883 654 2938 musici
687 2900 854 2954 genus
879 2894 981 2950 est,
1001 2895 1250 2941 auctores
1280 2884 1451 2941 fuere.
1483 2887 1552 2940 At
1574 2887 1849 2956 obliquam
1876 2887 2026 2942 ﬁstu-

461 2976 566 3030 lam
601 2975 800 3047 Satyri,
849 2977 1207 3044 trichordum,
1258 2993 1534 3048 quamque
1584 2978 1864 3033 diatonum
1902 2979 2029 3032 har-

460 3069 698 3124 moniam
748 3078 1082 3140 nuncupant,
1143 3070 1344 3139 Agnis;
1402 3069 1789 3141 pulsandarum
1842 3071 2029 3126 ﬁdium

2137 1874 2324 1946 μένην,
2351 1874 2409 1928 ὃν
2432 1874 2632 1946 τρόπον
2664 1873 2757 1926 καὶ
2789 1872 2849 1926 τὸ
2879 1870 3117 1942 δίχορδον
3166 1870 3459 1940 Ἀσσύριοι.
3486 1869 3706 1939 Καρχη-

2131 1964 2291 2017 δόνιοι
2317 1962 2423 2034 γὰρ
2460 1961 2668 2034 πρῶτοι
2713 1962 2952 2032 τετρήρη
2993 1960 3429 2013 κατεσκεύασαν’
3478 1960 3705 2030 ἐναυπη-

2131 2070 2266 2124 γησε
2297 2055 2343 2107 δ’
2389 2055 2557 2126 αὐτὴν
2592 2054 2865 2124 Βόσπορος
2898 2051 3175 2122 αὐτόχθων
3212 2051 3348 2121 (52).
3381 2050 3592 2122 Μήδειά
3624 2067 3706 2114 τε,

2130 2148 2164 2217 ἡ
2196 2146 2417 2216 Αἰήτου,
2451 2147 2484 2216 ἡ
2516 2145 2737 2215 Κολχὶς,
2770 2142 2960 2215 πρώτη
2984 2142 3183 2214 τριχῶν
3213 2143 3471 2212 ἐπενόησε
3507 2142 3703 2213 βαφήν.

2143 2235 2300 2289 Ἀλλά
2333 2236 2426 2290 καὶ
2451 2237 2712 2307 Νώροπες
2751 2235 2919 2305 (ἔθνος
2948 2235 2993 2288 δ’
3026 2234 3138 2286 ἐστι
3178 2234 3480 2299 Παιονικδν,
3526 2233 3618 2288 νῦν
3649 2233 3704 2287 δὲ

2130 2328 2370 2400 Νωρικο).
2399 2328 2730 2399 καλοῦνται,)
2765 2330 3192 2400 κατειργάσαντο
3226 2330 3446 2399 χαλκὸν,
3480 2329 3574 2382 καὶ
3627 2329 3697 2380 σί-

2129 2419 2293 2491 δηρον
2352 2420 2629 2491 ἐκάθηραν
2673 2421 2898 2493 πρῶτοι.
2965 2421 3208 2493 Ἀμυκός
3248 2438 3308 2474 τε
3347 2424 3376 2474 ό
3417 2419 3706 2491 Βεϐρύκων

2134 2511 2385 2581 βασιλεὺς
2433 2514 2662 2582 ἱμάντας
2704 2514 3000 2577 πυκτικοὺς
3048 2507 3192 2585 εὗρε.
3229 2511 3366 2583 Περί
3411 2528 3471 2563 τε
3520 2525 3703 2579 μουσι-

2131 2605 2231 2676 κὴν
2258 2605 2369 2676 (55)
2389 2603 2672 2676 Ὄλυμπος
2701 2605 2924 2669 όΜυσδς
2958 2605 3055 2675 τὴν
3080 2605 3272 2658 Λύδιον
3301 2603 3563 2675 ἁρμονίαν
3589 2603 3702 2669 ἐφι-

2130 2698 2482 2769 λοτέχνησεν·
2518 2697 2572 2751 οἵ
2610 2714 2667 2750 τε
2727 2696 3104 2768 Τρωγλοδύται
3137 2694 3462 2765 καλούμενοι
3497 2693 3699 2764 σαμϐύ-

2131 2808 2233 2861 κην
2264 2785 2440 2861 εὗρον,
2469 2788 2699 2862 ὄργανον
2743 2788 3018 2860 μουσικόν.
3054 2789 3188 2841 Φασὶ
3220 2788 3276 2840 δὲ
3317 2785 3410 2839 καὶ
3444 2785 3540 2857 τὴν
3571 2783 3698 2836 πλα-

2130 2881 2253 2949 γίαν
2300 2879 2533 2951 σύριγγα
2595 2880 2834 2951 Σάτυρον
2889 2881 3064 2950 εὑρεῖν
3087 2878 3179 2931 τὸν
3219 2876 3438 2948 Φρύγω
3490 2875 3700 2946 τρίχορ-

2129 2973 2218 3027 δον
2243 2972 2350 3043 (54)
2376 2971 2431 3024 δὲ
2455 2971 2674 3042 ὁμοίως,
2699 2972 2793 3025 κα)⁸
2817 2969 2913 3041 τὴν
2937 2970 3173 3023 διάτονον
3201 2967 3465 3039 ἁρμονίαν
3503 2968 3701 3036 Ἀγνην

2129 3066 2219 3119 τὸν
2245 3066 2339 3118 καὶ
2367 3064 2526 3118 αὐτὸν
2557 3064 2743 3134 Φρύγα
2763 3080 2776 3093 ⁸
2812 3063 3096 3134 κρούματα
3117 3061 3173 3114 δὲ
3199 3061 3479 3130 Ὄλυμπον
3503 3059 3699 3129 ὁμοίως

461 3169 632 3216 artem
686 3159 931 3232 Olympi;
967 3161 1406 3234 mixophrygium
1463 3172 1518 3218 et
1545 3163 1898 3234 mixolydium
1935 3180 2028 3236 ge-

2132 3154 2219 3208 τὸν
2276 3155 2495 3228 Φρύγα⁸
2531 3157 2627 3210 καὶ
2684 3155 2782 3226 τὴν
2832 3155 3182 3226 μιξοφρύγιον
3227 3154 3321 3206 καὶ
3381 3151 3699 3223 μιξολύδιον,

460 3267 585 3316 nus,
614 3247 842 3321 Marsya:
870 3251 1150 3305 inventum
1181 3265 1303 3306 esse
1335 3249 1537 3315 ferunt,
1568 3266 1706 3321 quos
1733 3267 1923 3307 omnes
1970 3253 2025 3307 in

460 3343 692 3414 Phrygia
705 3350 859 3397 natos
875 3355 992 3396 esse
1005 3348 1233 3395 constat.
1253 3339 1320 3394 At
1333 3341 1589 3412 Thamyri
1603 3343 1814 3397 cuidam
1831 3342 2026 3398 Thraci

459 3431 714 3490 Doricum
750 3433 1025 3488 tribuitur.
1053 3431 1171 3486 Jam
1216 3447 1247 3486 a
1296 3431 1476 3487 Persis
1521 3448 1764 3500 currum,
1800 3435 2023 3504 lectum,

459 3530 621 3591 atque
645 3521 1070 3591 suppedaneum,
1095 3537 1122 3574 a
1148 3520 1388 3575 Sidoniis
1422 3537 1550 3576 vero
1586 3523 1850 3578 triremim
1903 3541 2027 3594 pro-

461 3614 654 3667 fectam
684 3628 804 3669 esse
835 3614 1162 3683 accepimus.
1191 3612 1358 3669 Siculi
1389 3624 1570 3669 autem
1608 3614 1770 3670 Italize
1804 3615 2020 3672 finitimi

457 3720 582 3758 cum
643 3705 1045 3775 phormingem,
1104 3705 1328 3760 citharaa
1380 3721 1489 3760 non
1540 3705 1869 3776 absimilem,
1908 3716 2020 3761 tum

455 3795 620 3849 etiam
646 3796 972 3864 crcpitacula
1006 3797 1166 3865 primi
1192 3812 1458 3866 reperere.
1478 3795 1694 3852 Vestem
1738 3798 2014 3868 byssinam

459 3883 814 3940 Semiramidc
872 3885 1108 3957 Assyriis
1169 3886 1469 3956 imperante
1518 3887 1790 3943 inventam
1851 3889 2018 3946 fuisse

525 4013 554 4043 ι
589 4001 672 4057 Cl.
700 4001 1058 4064 Τουσκανούς.
1132 4001 1162 4040 ι)
1186 3999 1268 4054 Cl.
1296 4001 1695 4066 Καππάδωκες.

528 4093 638 4166 (‘29)
663 4095 878 4166 ⁸Τέλμις
906 4111 969 4147 τε
1001 4093 1097 4145 καὶ
1125 4095 1558 4166 Δαμνᾳμενεύς,
1592 4104 1696 4150 etc.
1727 4092 1852 4150 Hzec
1877 4096 2022 4166 leges

456 4163 977 4234 apud'Cletnentem
1031 4164 1333 4234 pag,225,
1396 4175 1517 4234 post
1576 4166 1828 4234 superius
1889 4163 2021 4221 illud

457 4232 704 4288 ἔπλευσε.
736 4233 929 4288 Verum
964 4249 1058 4302 pro
1091 4233 1312 4306 Τέλμις,
1342 4232 1567 4306 editum,
1592 4232 1673 4306 est
1706 4236 1934 4306 Κέλμις,
1969 4246 2023 4290 et

455 4318 554 4376 pro
575 4306 978 4376 Δαμναμενεὺς,
1011 4303 1342 4376 Δαμνανεύς.
1374 4304 1537 4376 Recte
1557 4303 1785 4376 Κέλμις,
1809 4303 2022 4376 Δαμνα-

455 4372 578 4436 νεύς
607 4372 818 4428 vitiose.
866 4375 1068 4428 Auctor
1100 4375 1218 4442 ejus
1264 4374 1543 4442 carminis,
1576 4372 1721 4443 quod
1753 4372 2018 4432 Pharonis

454 4443 660 4500 dictum
689 4454 772 4499 est
820 4458 835 4496 :

1604 4515 1785 4571 Ἔνθα
1812 4515 1922 4584 φόη

468 4580 657 4634 Ἰδαῖοι
683 4583 928 4650 φρύγες,
959 4582 1173 4650 ἄνδρες
1198 4582 1495 4651 ὀρέστεροι
1526 4585 1663 4637 οἰκί’
1692 4580 1913 4637 ἔναιον·

455 4651 1110 4724 Κέλμις,Διιμνᾳμενεύς
1120 4669 1180 4704 τε
1185 4652 1488 4724 perac-mal
1503 4656 2029 4724 ὑπέρϐιοςᾌκμων·

461 4719 543 4792 Οζ
561 4719 786 4789 πρῶτοι
810 4719 1033 4788 τέχνην
1063 4719 1428 4790 πολυμήτιος
1465 4719 1803 4792 Ἠφαῖστοιο

455 4785 660 4862 ῌῦροκ
685 4792 754 4846 ἐν
784 4785 1051 4862 οἰιρείῃοί
1080 4785 1317 4858 νὰπὰις,
1349 4785 1545 4847 [denti
1568 4793 1819 4862 σίδηρον

467 4859 560 4932 Ἐς
591 4861 710 4932 πῇρ
741 4863 789 4914 τ’
807 4861 1086 4930 ἤνεγκαν,
1107 4863 1202 4914 καὶ
1233 4862 1542 4930 ἑριπρεπὲς
1573 4859 1750 4932 ἔργον
1773 4863 2024 4928 ἔδειξαν.

455 4928 583 4984 Haec
613 4928 935 4985 Phoronidis
968 4941 1156 4986 auctor
1201 4928 1380 4999 poeta.
1413 4928 1748 4987 Sic'dictunt
1797 4950 2016 4989 carmen

456 4999 648 5082 illud_a
681 4999 966 5082 Phoroneo
992 5002 1321 5082 A‘rgivorum
1348 5019 1492 5074 rege.
1521 5003 1662 5082 cave
1699 5003 1841 5058 enim
1883 5003 2028 5082 Pho—

456 5070 701 5123 ronidem
755 5080 967 5139 poetam
1019 5070 1188 5126 fuisse
1230 5070 1432 5138 ρυῑεεζ
1457 5083 1512 5127 ut
1564 5073 1842 5128 Erasmus.
1883 5073 2022 5128 Infra

455 5154 575 5209 pag.
605 5139 730 5202 497,
775 5156 838 5194 ex
871 5141 1143 5195 Clemente
1177 5141 1461 5196 Alexand.;
1517 5143 1861 5205 Ἀκουσίλαος
1881 5183 1894 5206 ,
1922 5145 2022 5195 Φο-

457 5212 630 5281 ρωνέα
665 5210 875 5281 πρῶτον
905 5209 1205 5281 ἀνθρώπων
1250 5211 1499 5281 γενέσθαι
1525 5211 1700 5281 λέγει·
1729 5213 1849 5265 ὃθεν
1876 5215 1967 5266 κα)¹
1995 5215 2024 5266 ό

453 5278 551 5346 τῆς
575 5277 908 5361 (ξορὼνίδος
939 5277 1196 5352 ποιητὴς,
1248 5277 1383 5334 εἶναι
1430 5277 1606 5335 αὑτὸν
1655 5283 1758 5353 ἔφη
1812 5285 2022 5354 πατέρα

455 5345 663 5418 θνητων
697 5349 1014 5418 ἀνθρώπων.

733 5367 791 5401 νυ
801 5367 1014 5402 οωπων.

525 5418 637 5486 (50)
679 5418 993 5474 Ἰουδαίων.
1021 5419 1336 5478 Manifestus
1375 5438 1546 5476 error.
1581 5421 1744 5476 Recte
1771 5421 2020 5479 Clemens

453 5501 574 5539 cum
612 5488 704 5541 illo
736 5487 1050 5544 Phoronidis
1086 5502 1328 5555 auctore,
1359 5494 1524 5547 ldteos
1551 5494 1786 5547 vocavit.

525 5555 634 5628 (51)
667 5559 851 5619 Δέλας
891 5560 959 5610 δὲ
1007 5559 1193 5627 ἄλλος
1254 5562 1542 5628 Ἰονδαῖος.
1599 5565 1850 5618 (lletnens
1887 5567 1932 5616 ὁ·
1962 5565 2018 5616 δὲ

452 5623 624 5703 αλλος
651 5629 851 5688 Ἰδαῖον
888 5629 1019 5703 V_cre
1057 5623 1272 5703 quidem
1321 5623 1538 5698 Ἰδαῖος,
1573 5634 1664 5686 sed
1701 5650 1896 5688 nomen
1925 5635 2018 5686 Δέ-

453 5698 549 5755 λας
585 5710 665 5770 εκ.
693 5708 879 5770 σηιξη-ο
910 5698 1140 5770 Eusebio
1169 5705 1535 5770 repetendum.
1563 5705 1770 5757 Plinius
1796 5705 1888 5757 lib.
1918 5721 2012 5768 vn,

452 5780 568 5832 cap.
600 5766 668 5820 56
694 5785 706 5820 :
732 5766 827 5822 Ais
860 5767 1093 5824 conﬂare
1121 5781 1174 5825 et
1213 5766 1530 5841 temperare,
1566 5774 1880 5829 Aristoteles
1911 5766 2014 5842 Ly-i

1927 4531 2024 4582 τες

2131 3249 2419 3322 Μαρσύαν,
2448 3249 2548 3320 τῆς
2565 3249 2734 3321 αὐτῆς
2754 3247 2882 3301 ὅντα
2914 3251 3028 3312 τοῖς
3057 3245 3471 3318 προειρημένοις
3489 3245 3670 3316 χώρας
3686 3261 3698 3274 ·

2133 3344 2226 3397 καὶ
2258 3341 2354 3412 τὴν
2385 3340 2586 3411 Δώριον
2615 3340 2862 3411 Θάμυριν
2889 3339 3174 3408 ἐπινοῆσαι
3211 3339 3301 3391 τὸν
3335 3337 3544 3408 Θρᾷκα.
3569 3336 3709 3406 Πέρ-

2140 3452 2238 3498 σας
2265 3451 2323 3487 τε
2357 3432 2604 3503 πρώτους
2631 3431 2945 3502 ἀκηκόαμεν
2976 3430 3189 3500 ἀπήνην
3241 3428 3336 3481 καὶ
3371 3428 3574 3497 κλίνην,
3609 3429 3696 3481 κα)

2132 3524 2417 3578 ὑποπόδιον
2461 3521 2817 3593 ἐργάσασθαι.
2850 3519 2975 3583 τούς
3004 3535 3062 3572 τε
3109 3519 3394 3582 Σιδωνίους
3425 3518 3695 3588 τρίκωπον

2128 3616 2259 3669 ναῦν
2291 3614 2714 3670 κατασκευάσαι.
2760 3609 2967 3664 Σικελοί
3009 3626 3067 3663 τε
3117 3613 3166 3663 oi.
3217 3609 3351 3681 πρὸς
3389 3611 3452 3679 τῇ
3499 3608 3693 3677 Ἰταλίᾳ

2129 3709 2335 3780 πρῶτοι
2385 3707 2666 3777 φόρμιγγα
2697 3698 2874 3775 εὗρον,
2923 3703 2982 3754 ού
3027 3701 3158 3756 πολὺ
3199 3703 3295 3772 τῆς
3328 3701 3558 3770 κιθάρας
3583 3700 3694 3752 λει-

2126 3801 2388 3869 πομένην,
2423 3797 2516 3849 καὶ
2577 3793 2809 3867 κρόταλα
2844 3793 3160 3863 ἐπενόησαν.
3209 3793 3329 3846 Ἐπί
3356 3810 3415 3846 τε
3458 3793 3693 3863 Σεμιρά-

2129 3910 2271 3963 μεως
2323 3889 2592 3962 βασιλίδος
2653 3888 2947 3960 Ἀσσυρίων
2987 3888 3100 3959 (55)
3130 3887 3199 3941 τὰ
3245 3887 3469 3958 βύσσινα
3510 3886 3694 3956 ἱμάτια

2125 4097 2252 4151 dum
2309 4095 2561 4166 Scythem
2619 4104 2994 4161 monstrasse,
3042 4092 3450 4162 Theophrastus
3507 4088 3690 4146 Delam

2125 4167 2388 4238 Phrygem
2419 4174 2590 4238 putat.

2198 4231 2308 4305 (52)
2333 4231 2664 4304 Αὺτόχθων.
2712 4234 2875 4289 Recte
2916 4242 2972 4287 ut
3016 4233 3178 4305 paulo
3217 4239 3356 4305 ante
3381 4231 3538 4285 Ἀπὶν
3598 4235 3692 4286 αύ-
3773 4292 3777 4295 ,

2122 4301 2348 4376 τόχθονα
2373 4301 2598 4360 dixerat.
2625 4306 2875 4361 Clemens
2902 4301 3238 4372 αὐτοσχέδιον
3256 4301 3690 4373 legit,corrupte,

2127 4378 2479 4516 92358231
2523 4462 2587 4516 τε
2630 4441 2948 4516 μουσικήν.
2975 4441 3158 4516 _.]uv_at
3196 4440 3351 4516 Plinii
3410 4440 3593 4516 locum
3623 4457 3690 4497 ex

2054 4499 2098 4554 Ῐ)
2127 4499 2221 4569 1ἰ1)’.
2256 4499 2353 4582 vit,
2383 4499 2500 4584 cap.
2533 4499 2946 4584 56,'ascribere.
2975 4511 3272 4584 Musicani,
3316 4512 3484 4584 inquit
3515 4553 3529 4575 ,
3567 4512 3690 4584 Am-

2130 4586 2296 4654 phion
2329 4580 2346 4637 ε’
2375 4580 2606 4654 ﬁstulam
2639 4593 2692 4637 et
2723 4583 3013 4654 monaulon
3063 4580 3171 4654 Pan
3213 4580 3461 4654 Mercurii
3495 4598 3510 4634 :
3552 4582 3690 4654 obli-

2129 4650 2292 4721 quam
2347 4657 2532 4709 tibiam
2588 4653 2758 4708 Midas
2808 4654 2860 4707 in
2914 4652 3177 4721 Phrygia;
3233 4650 3476 4721 geminas
3529 4652 3690 4706 tibias

2127 4719 2385 4797 Marsyas
2395 4727 2448 4779 in
2473 4725 2661 4778 eadem
2672 4733 2846 4797 gente
2867 4741 2878 4775 :
2897 4719 3361 4797 L_y_dios_m0t_l_ulos
3377 4719 3646 4797 Amphion
3673 4740 3686 4775 :

2127 4789 2322 4851 Dorios
2346 4795 2644 4864 Thamyras
2671 4789 2853 4846 Thrax
2879 4812 2890 4845 ε
2919 4789 3181 4864 Phrygios
3209 4789 3450 4860 Marsyas
3472 4789 3686 4864 Phry-tt:

2127 4850 2389 4919 citharam
2434 4851 2736 4933 Amphion;
2785 4871 2843 4916 ut
2883 4862 3008 4933 alii,
3033 4850 3288 4933 'Q'rphens
3315 4878 3326 4913 :
3357 4850 3418 4912 ἰιι
3446 4861 3560 4923 alii,
3584 4850 3688 4914 Li-

2127 4949 2232 5005 nus
2265 4953 2277 4987 :
2331 4929 2776 5005 scptetnchordis
2796 4932 2992 5005 addigs
3038 4929 3688 5005 Terpandersoctavam

2128 5000 2436 5060 Simonides
2463 5004 2617 5058 'addit
2647 5021 2660 5056 :
2696 5018 2891 5058 nonam
2924 5001 3239 5054 Timotheus
3283 5017 3297 5054 :
3335 5000 3540 5054 cithara
3572 5001 3690 5055 sine

2124 5089 2258 5130 voce
2309 5076 2506 5129 cecinit
2553 5073 2852 5143 Thamyras
2895 5075 3147 5143 primus:
3178 5086 3300 5124 cum
3347 5083 3510 5143 cantu
3559 5071 3688 5123 Am-

2124 5145 2326 5213 phion;
2359 5155 2418 5199 ut
2451 5145 2562 5209 alii,
2588 5140 2756 5198 Linus
2790 5161 2803 5196 :
2830 5141 3179 5196 citliarazdica
3211 5140 3450 5193 carmina
3472 5155 3688 5213 compo-

2124 5211 2234 5270 suit
2277 5215 2628 5284 Terpander:
2662 5229 2784 5266 cum
2818 5213 2994 5284 tih_i_is,
3021 5225 3235 5284 _canere
3277 5225 3428 5284 voce,
3471 5211 3687 5284 Troeze-

2123 5287 2246 5340 nius
2279 5279 2561 5339 Dardanus
2596 5284 2850 5338 instituit.
2885 5281 2982 5336 llic
3020 5281 3322 5350 Thamyras
3352 5279 3526 5350 Plinio
3555 5281 3686 5334 dici-

2122 5363 2229 5421 tur,
2265 5371 2424 5424 quem
2472 5355 2633 5424 paulo
2671 5362 2794 5424 post
2833 5351 3148 5422 Thamyrim
3196 5360 3351 5403 vocat
3397 5349 3685 5414 Eusebius,

2120 5440 2242 5478 cum
2271 5425 2526 5479 Homero.

2191 5495 2300 5565 (54)
2336 5493 2670 5563 Τρίχορδον,
2704 5503 2808 5545 etc.
2840 5490 3035 5544 Totum
3067 5492 3171 5545 hoc
3208 5489 3511 5544 membrum
3544 5489 3685 5558 apud

2117 5564 2445 5619 Clementem
2471 5567 2669 5626 deerat,
2686 5572 2807 5631 post
2834 5574 3013 5616 tamen
3035 5579 3096 5614 ex
3122 5571 3306 5614 nostro
3321 5571 3563 5613 assutum
3581 5571 3683 5612 est.

2187 5636 2298 5703 (55)
2339 5634 2704 5704 Σεμιράμεως
2757 5631 3082 5704 ,ϐασιλίδος
3144 5631 3495 5704 ’ᾼνσσιιρίωη
3551 5631 3681 5704 [line

2116 5701 2486 5759 emendandus
2513 5701 2782 5762 Clemens,
2813 5701 2954 5770 apud
2981 5717 3138 5768 quem
3172 5702 3466 5770 inveterato
3490 5701 3674 5754 mendt

2119 5775 2334 5842 legitur,
2362 5776 2713 5836 Σεμιράμεως
2746 5769 3007 5834 Βασιλέως
3037 5769 3365 5834 Αἰγυπτίων,
