4194 6438
460 354 566 410 795

1622 346 1949 402 PREPAIL
1987 348 2240 404 EVANG.
2282 347 2410 402 LIB.
2451 348 2519 403 Χ.

3592 351 3694 407 794

457 464 718 538 εὑρῆσθαι
751 462 1040 535 ἱστοροῦσι.
1073 464 1184 517 Καὶ
1210 462 1432 535 πρώτην
1458 462 1745 526 ἐπιστολὰς
1774 463 2027 528 συντάξαι

2131 473 2450 517 memorant.
2484 464 2734 519 Atossam
2767 463 3055 520 Persarum
3114 464 3241 518 olim
3270 479 3513 533 reginam
3540 507 3556 530 ,
3580 469 3694 536 epi-

461 559 748 620 Ἀτοσσαν,
773 556 872 626 τὴν
900 554 1123 627 Περσῶν
1156 554 1569 625 βασιλεύσασαν,
1600 555 1765 625 φησὶν
1789 554 2027 608 Ἑλλάνι-

458 666 572 711 κος.
608 646 1012 719 Σκάμμωνβϐ)
1063 648 1161 717 μὲν
1197 644 1289 700 οὖν
1314 648 1342 699 ὁ
1379 646 1761 717 Μιτυληναῖος,
1794 649 1887 701 καὶ
1908 647 2030 701 Θεό-

457 756 696 812 φραστος
715 740 744 792 ὁ
787 738 1033 808 Ἐφέσιος
1086 738 1220 810 (57),
1250 738 1533 803 Κύδιππός
1562 755 1619 791 τε
1647 738 1676 789 ὁ
1705 739 2025 802 Μαντινεὺς,

454 831 536 884 ἐτι
566 848 627 884 τε
664 831 984 901 Ἀντιφάνης
1037 832 1132 885 κα)⁹
1162 831 1565 902 Ἀριστόδημος,
1599 831 1691 884 καὶ
1726 831 2028 901 Ἀριστοτέ-

455 921 573 991 λης,
597 923 735 994 πρὸς
761 922 969 986 τούτοις
987 922 1043 975 δὲ
1074 922 1481 992 Φιλοστέφανος,
1503 922 1638 977 ἀλλὰ
1664 924 1756 976 καὶ
1776 922 2028 994 Στράτων

453 1013 483 1066 ὁ
510 1014 962 1084 Περιπατητικὸς,
980 1015 1155 1077 ἐντοῖς
1175 1013 1310 1082 Περὶ
1336 1015 1677 1082 εὑρημάτων
1699 1014 1870 1067 ταῦτα
1894 1013 2031 1067 ἰστό-

461 1119 651 1174 ρησαν.
738 1103 1067 1175 Παρεθέμην
1119 1105 1177 1158 δὲ
1226 1104 1405 1158 αὐτῶν
1451 1103 1603 1173 ὀλίγα
1648 1106 1728 1166 εἰς
1771 1102 2025 1156 σύστασιν

454 1193 554 1263 τῆς
588 1193 746 1265 παρὰ
789 1194 1086 1267 βαρϐάροις
1127 1197 1414 1269 εὑρετικῆς
1460 1197 1554 1250 καὶ
1593 1195 1886 1267 βιωφελοῢς
1926 1193 2026 1262 φύ-

457 1302 612 1350 σεως,
644 1287 771 1356 παρ’
790 1280 1129 1359 ὦνἝλληνες
1148 1288 1217 1341 τὰ
1241 1288 1645 1360 ἐπιτηδεύματα
1664 1287 2018 1359 ὠφέληνται.)

452 1376 637 1431 Ταῦτα
691 1378 896 1448 ῥήμασι
940 1380 1122 1444 αὐτοῖς
1166 1381 1195 1433 ὁ
1237 1379 1463 1450 Κλήμης
1508 1380 1565 1431 ὲν
1595 1377 2023 1446 Στρωματεῦσι.

453 1467 576 1531 Τοῖς
603 1466 648 1519 δ’
680 1469 992 1539 εἰρημένοις
1011 1470 1151 1524 δοκῶ
1186 1488 1274 1541 μοι
1300 1467 1358 1524 εὖ
1390 1470 1532 1541 ἔχειν
1576 1466 1904 1536 ἐπισυνάψαι
1936 1466 2029 1519 καὶ

452 1557 521 1612 τὰ
547 1559 657 1613 ἀπὸ
683 1561 780 1631 τῆς
820 1562 1081 1633 Ἰωσήπου
1120 1562 1213 1616 τοῦ
1248 1562 1499 1634 Ἐϐραίου
1530 1561 1763 1632 γραφῆς,
1796 1560 1863 1630 ἢν
1886 1557 2028 1625 Περί

454 1646 561 1716 τῆς
578 1649 876 1704 Ἰουδαίων
889 1653 1275 1721 ἀρχαιότητος
1286 1654 1343 1707 ἐν
1371 1654 1521 1707 δυσὶν
1544 1647 2028 1722 ἐπραγματεύσατο

459 1738 697 1806 βιϐλίοις,
746 1744 875 1814 περί
934 1742 1028 1796 τοῦ
1074 1743 1225 1807 νέους
1256 1745 1534 1813 γεγονέναι
1577 1746 1701 1807 τοὺς
1736 1741 2021 1812 Ἕλληνας,

458 1833 545 1888 ιιαὶ
574 1833 723 1905 παρὰ
770 1834 1057 1908 βαρϐάρων
1076 1835 1406 1907 ὠφελῆσθαι,
1450 1837 1693 1907 διάφωνά
1723 1852 1783 1889 τε
1809 1834 2021 1896 ἑαυτοῖς

458 1926 781 1997 γεγραφέναι
800 1942 826 1999 ’θ
866 1926 1220 1998 συμϐαλεῖται
1260 1927 1390 1997 γοῦν
1452 1928 1546 1981 καὶ
1583 1925 1756 1981 ταῦτα
1802 1927 1882 1988 εἰς
1920 1923 2018 1995 τὴν

2131 554 2393 608 stolarum
2453 554 2911 610 conﬁciendarum
2965 565 3241 609 auctorem
3304 555 3471 609 fuisse
3530 556 3697 610 tradit

2129 643 2459 708 Hellanicus.
2477 645 2652 716 Atque
2674 648 2787 701 haec
2819 647 2999 700 omnia
3027 646 3316 700 Scammon
3337 645 3691 715 Mitylenteus,

2130 733 2539 804 Theophrastus
2591 735 2928 805 Ephesinus,
2985 736 3257 807 Cydippns
3311 735 3689 802 Mantinensis,

2128 841 2338 881 necnon
2395 827 2750 896 Antiphanes,
2806 828 3199 895 Aristodemus,
3249 836 3303 883 et
3345 826 3691 892 Aristoteles,

2130 918 2373 988 adeoque
2403 918 2877 989 Philostephanus,
2929 929 2983 975 et
3044 918 3228 975 Strato
3277 919 3689 989 Peripateticus,

2128 1010 2183 1065 in
2224 1011 2338 1065 suis
2374 1011 2446 1063 De
2472 1028 2645 1064 rerum
2669 1013 2965 1066 inventione
2997 1012 3176 1076 libris,
3204 1012 3478 1066 memoria?
3504 1010 3688 1080 prodi-

2129 1101 2343 1156 derunt.
2380 1101 2456 1155 Ex
2472 1103 2669 1171 quibus
2696 1118 2863 1171 pauca
2899 1104 3000 1157 ista
3038 1103 3279 1173 proferre
3305 1102 3526 1172 placuit,
3569 1116 3691 1170 quae

2130 1192 2238 1245 vim
2270 1192 2414 1246 illam
2449 1193 2823 1256 inventricem,
2851 1194 3076 1262 vitaaque
3100 1192 3378 1248 cultricem
3412 1193 3686 1254 liumauaa,

2129 1283 2486 1339 barbarorum
2544 1284 2776 1353 ingeniis
2836 1285 3180 1349 insidentem,
3237 1299 3266 1337 a
3324 1283 3524 1352 quibus
3586 1281 3688 1351 ipsi

2130 1390 2347 1446 quoque
2380 1373 2557 1430 Grtcci
2575 1383 2720 1430 artes
2765 1391 2829 1430 ac
2875 1375 3187 1444 disciplinas
3217 1376 3535 1438 hauserunt,
3570 1389 3689 1427 cer—

2127 1467 2238 1520 tius
2265 1466 2700 1535 comprobarent.
2728 1486 2746 1519 i
2777 1468 2904 1522 Haec
2933 1467 3155 1520 totidem
3206 1466 3386 1521 verbis
3439 1465 3688 1520 Clemens

2130 1559 2306 1628 primo
2341 1553 3084 1622 Stromateon.Quibustanti
3131 1558 3373 1612 futurum
3413 1557 3686 1618 existimo,

2127 1651 2386 1704 nonnulla
2436 1666 2500 1704 ex
2532 1666 2597 1705 eo
2624 1649 2843 1719 Josepbi
2895 1648 3100 1704 Hebrmi
3137 1664 3299 1717 opere
3340 1648 3561 1716 insuper
3594 1647 3692 1701 ad-

2123 1739 2525 1809 jungere,quod
2549 1739 2621 1792 De
2648 1738 2957 1793 Iudaeorum
2980 1738 3463 1808 antiquitatelibris
3475 1736 3693 1791 duobus

2124 1832 2438 1897 elaboravit,
2476 1831 2565 1885 ubi
2591 1844 2644 1885 et
2664 1831 2911 1900 juniores
2947 1828 3115 1885 fuisse
3142 1828 3377 1892 Graecos,
3410 1836 3465 1882 et
3494 1842 3526 1881 a
3563 1826 3687 1880 bar—

2123 1922 2276 1977 baris
2334 1924 2608 1993 accepisse
2663 1921 3085 1991 quamplurima,
3132 1935 3342 1975 necnon
3392 1919 3532 1972 inter
3567 1931 3688 1972 sese

458 2014 558 2070 τῶν
584 2017 883 2088 εἰρημένων
910 2018 1113 2091 ἀκριϐῆ
1139 2019 1233 2072 καὶ
1264 2018 1484 2089 βεϐαίαν
1508 2017 1791 2072 πίστωσιν.
1818 2018 2016 2070 Ἀκουε

2121 2011 2413 2081 pugnantia
2435 2010 2719 2079 scripsisse
2734 2010 3084 2065 demonstrat.
3107 2009 3198 2063 llla
3218 2009 3420 2079 quippe
3440 2007 3601 2079 477
3619 2005 3686 2059 ad

456 2107 627 2164 τοίνυν
658 2105 745 2166 οἷα
776 2112 868 2164 καὶ
896 2102 1050 2174 οὗτος
1072 2112 1272 2182 γράφει
1302 2113 1438 2183 πρὸς
1462 2112 1625 2177 λέξιν.

2124 2100 2418 2171 pleniorem
2451 2114 2671 2170 quoque
2700 2116 2763 2155 ac
2794 2100 3088 2153 ﬁrmiorem
3116 2114 3326 2164 eorum,
3364 2113 3482 2167 quae
3510 2098 3687 2151 adhuc

454 2213 483 2256 a
510 2200 663 2258 nobis
683 2202 843 2257 allata
868 2210 1015 2270 sunt,
1032 2202 1191 2258 (idem
1209 2205 1444 2259 maxime
1465 2205 1831 2274 pertinebunt.
1847 2198 1988 2284 Audi
2008 2208 2155 2264 ergO,
2172 2191 2624 2262 quemadmOdum
2648 2192 2761 2284 ipse
2780 2191 3313 2284 ip‘raeterealoqualur
3346 2189 3413 2244 ad
3439 2188 3685 2244 verbum-

964 2294 1360 2348 ΚΕΦΑΛΑΙΟΝ
1409 2298 1447 2349 Ζ
1462 2302 1498 2348 ’.

775 2382 1069 2451 Ἰωσήπου
1092 2424 1107 2450 ,
1156 2385 1289 2454 περί
1337 2384 1444 2439 τοῦ
1492 2385 1695 2439 αὐτοῦ.

524 2491 542 2524 ι
565 2471 787 2544 Πρῶτον
827 2471 920 2528 οὖν
954 2475 1065 2548 (58)
1101 2477 1388 2549 ἐπέρχεταί
1422 2495 1512 2548 μοι
1545 2477 1685 2530 πάνυ
1719 2475 2014 2547 θαυμάζειν

460 2563 573 2627 τοὺς
619 2563 896 2634 οἰομένους
943 2565 1052 2619 δεῖν
1110 2567 1237 2639 περὶ
1282 2566 1390 2621 τῶν
1436 2567 1806 2622 παλαιοτάτων
1840 2567 2015 2639 ἔργων

454 2651 633 2722 μόνοις
682 2654 968 2726 προσέχειν
1018 2658 1131 2720 τοῖς
1184 2656 1441 2728 Ἕλλησι,
1496 2657 1588 2710 καὶ
1619 2655 1771 2728 παρὰ
1812 2655 2017 2710 τούτων

453 2742 814 2823 πυνθάνεσθαι
860 2747 958 2817 τήν
990 2746 1245 2819 ἀλήθειαν
1267 2788 1282 2814 ,
1320 2750 1458 2823 -ήμῖν
1487 2748 1543 2800 δὲ
1575 2748 1805 2810 καὶτοῖς
1839 2747 2016 2810 ἄλλοις

450 2820 751 2906 ἀνθρώποις
781 2837 1048 2893 ἀπιστεῖν.
1112 2840 1229 2892 Πᾶν
1284 2819 1392 2910 γάρ
1425 2837 1536 2907 ἐγὼ
1566 2838 1872 2892 τούναντίον
1906 2839 2015 2911 ὁρῶ

454 2923 796 2994 συμϐεϐηκὸς
818 2965 833 2990 ,
865 2926 919 2978 εῐ
943 2942 1007 2994 γε
1035 2926 1116 2979 δεῖ
1145 2926 1219 2997 μὴ
1248 2929 1368 2989 ταῖς
1400 2924 1656 2996 ματαίαις
1700 2924 1876 2989 δόξαις
1926 2927 2023 2978 έπ-

452 3013 792 3078 ακολουθείν,
830 3016 963 3069 ἀλλὰ
1004 3015 1063 3080 ἐξ
1092 3017 1352 3085 αύτῶνῆτὸ
1379 3017 1581 3069 δίκαιον
1626 3016 1734 3068 τῶν
1766 3014 2023 3087 πραγμάρ

454 3120 559 3157 των
597 3102 912 3174 λαμϐάνειν.
1000 3107 1081 3160 Τὰ
1135 3108 1230 3178 μὲν
1267 3106 1375 3178 γὰρ
1407 3106 1559 3175 παρὰ
1603 3109 1715 3170 τοῖς
1765 3104 2021 3177 Ἕλλησιν

2717 2280 2944 2337 CAPUT
2982 2280 3088 2335 γυ.

2390 2372 2474 2426 Ex
2505 2372 2731 2444 Josepho
2764 2374 2817 2427 in
2844 2374 3079 2427 eamdem
3106 2373 3438 2427 sententiam.

2197 2484 2215 2516 ι
2236 2463 2503 2531 Primum,
2519 2465 2695 2534 inquit
2716 2464 3292 2530 ille,vehementereos
3314 2459 3499 2515 mirari
3517 2457 3683 2521 subit,

2120 2554 2215 2625 qui
2248 2554 2316 2609 de
2354 2555 2518 2608 rebus
2550 2554 2975 2624 antiquissimis,
3012 2569 3120 2608 non
3167 2552 3286 2607 aliis
3322 2551 3479 2605 [idem
3522 2566 3683 2620 quam

2121 2645 2322 2701 Graecis
2353 2647 2664 2701 hominibus
2695 2647 2992 2702 habendam
3020 2662 3161 2710 esse,
3222 2644 3439 2699 nonnisi
3475 2644 3543 2699 ab
3579 2642 3711 2717 illis.

2120 2751 2311 2791 verum
2340 2738 2790 2807 exspectandum,
2827 2736 3054 2805 proinde
3081 2752 3256 2804 neque
3297 2736 3474 2799 nobis,
3513 2747 3686 2801 neque

2122 2826 2243 2882 aliis
2292 2827 2712 2897 quibuseunque
2750 2827 3077 2881 credendum
3115 2826 3470 2880 arbitrantur.
3517 2823 3685 2892 Equi-

2118 2918 2242 2975 dem
2274 2917 2381 2971 hoc
2407 2918 2460 2971 in
2489 2933 2684 2987 genere
2714 2932 2871 2972 secus
2895 2916 3116 2969 omnino
3144 2916 3489 2971 statuendum
3524 2915 3683 2969 intel—

2116 3009 2249 3080 ligo,
2280 3009 2326 3065 si
2365 3009 2528 3063 modo
2555 3024 2743 3063 verum
2779 3025 2808 3064 e
2841 3009 3004 3063 rebus
3051 3007 3185 3077 ipsis
3214 3007 3432 3061 haurire
3460 3005 3640 3075 potius
3663 3046 3684 3073 ,

2117 3117 2281 3171 quam
2308 3101 2467 3156 vanis
2511 3110 2566 3155 et
2602 3102 2824 3156 insulsis
2852 3101 3199 3171 Opinionibus
3233 3101 3495 3154 inhaerere
3528 3098 3684 3152 mali-

452 3193 665 3249 ἅπαντα
714 3195 808 3249 νέα
831 3235 846 3260 ,
896 3196 990 3250 καὶ
1018 3197 1144 3267 χθὲς
1173 3198 1263 3251 καὶ
1292 3197 1515 3269 πρώην,
1548 3197 1623 3261 ὡς
1650 3197 1716 3251 ἂν
1745 3198 1886 3251 εἴποι
1912 3214 2016 3265 τις,

2121 3208 2264 3248 mus.
2297 3191 2585 3247 Enimvero
2624 3209 2764 3247 nova
2790 3202 2935 3248 certe
2978 3192 3119 3263 apud
3152 3192 3367 3247 (ἔνυδρος
3394 3190 3599 3256 omnia,
3629 3200 3684 3245 et

450 3285 701 3357 εὑρήσεις
739 3285 847 3357 ('59)
874 3288 1162 3355 γεγονότα·
1217 3288 1356 3357 λέγω
1398 3289 1455 3342 δὲ
1509 3289 1606 3354 τὰς
1657 3287 1861 3353 κτίσεις
1908 3287 2016 3342 τῶν

452 3376 690 3443 πόλεων,
727 3379 946 3442 καὶτὰς
983 3379 1222 3443 ἐπινοίας
1276 3379 1384 3433 τῶν
1410 3382 1612 3450 τεχνῶν
1659 3380 1752 3434 καὶ
1783 3379 1881 3443 τὰς
1909 3380 2018 3433 τῶν

450 3468 628 3539 νόμων
672 3470 993 3540 ἀναγραφάς
1013 3486 1025 3500 ο
1057 3470 1276 3523 πάντων
1317 3471 1374 3524 δὲ
1401 3472 1643 3542 νεωτάτη
1674 3472 1859 3542 σχεδόν
1901 3476 2015 3526 ἐστι

449 3560 579 3631 παρ’
631 3562 814 3625 αὐτοῖς
863 3563 897 3632 ἠ
949 3562 1077 3635 περὶ
1131 3562 1224 3615 τοῦ
1258 3564 1589 3635 συγγράφειν
1623 3564 1720 3627 τὰς
1777 3565 2018 3635 ἱστορίας

453 3650 756 3721 ἐπιμέλεια.
814 3651 894 3705 Τὰ
942 3653 1124 3723 μέντοι
1154 3654 1283 3723 παρ’
1312 3655 1627 3723 Αἰγυπτίοις
1659 3672 1715 3707 τε
1751 3655 1846 3708 καὶ
1873 3654 2017 3709 Χαλ-

448 3740 654 3806 δαίοις,
715 3741 808 3796 καὶ
843 3743 1073 3808 Φοίνιξιν
1100 3783 1114 3808 ,
1173 3743 1270 3815 (ἐῶ
1300 3745 1409 3819 γὰρ
1452 3745 1545 3799 νῦν
1591 3748 1738 3818 ἡμᾶς
1789 3746 2016 3811 ἐκείνοις

452 3833 935 3905 συγκαταλέγειψ)
987 3835 1137 3888 αὐτοί⁵
1202 3834 1463 3907 δήπουθεν
1511 3835 1859 3908 ὁμολογοῦσιν
1918 3839 2017 3910 ἀρ-

448 3925 736 3995 χαιοτάτην
766 3924 859 3977 καὶ
905 3925 1283 3996 μονιμωτάτην
1313 3925 1456 3996 ἔχειν
1507 3928 1608 3998 τῆς
1655 3929 1875 4001 μνήμης
1916 3930 2016 4001 τήν

449 4015 765 4088 παράδοσιν.
852 4017 962 4070 Καὶ
993 4017 1102 4090 γὰρ
1132 4018 1328 4081 τόπους
1361 4019 1597 4083 ἅπαντες
1623 4020 1860 4074 οἰκοῦσιν
1891 4022 2015 4092 ἥκι-

449 4123 547 4159 στα
591 4109 713 4171 ταῖς
755 4106 820 4160 ἐκ
848 4106 942 4160 τοῦ
978 4108 1317 4179 περιέχοντος
1349 4108 1573 4179 φθοραῖς
1605 4110 2012 4181 ὑποκειμένους,

447 4196 539 4249 καὶ
567 4194 766 4267 πολλὴν
799 4198 1120 4268 ἐποιήσαντο
1144 4197 1397 4268 πρόνοιαν
1428 4197 1521 4251 τοῦ
1557 4199 1720 4270 μηδὲν
1744 4200 2015 4271 ἄμνηστον

443 4285 551 4339 τῶν
603 4287 730 4358 παρ’
760 4285 942 4350 αὐτοῖς
973 4288 1363 4359 πραττομένων
1393 4289 1747 4362 παραλιπεῖν,
1795 4290 1910 4344 ἀλλ’
1956 4293 2013 4345 ἐν

444 4378 729 4449 δημοσίαις
760 4381 1099 4453 ἀναγραφαῖς
1128 4380 1233 4433 ὑπὸ
1258 4380 1367 4435 τῶν
1401 4382 1723 4450 σοφωτάτων
1759 4383 1845 4437 ἀεὶ
1884 4384 2015 4439 καθ-

449 4469 743 4544 ιεροῦσθαι.
820 4470 924 4525 Τὸν
977 4471 1032 4524 δὲ
1080 4472 1209 4543 περὶ
1238 4472 1334 4544 τὴν
1373 4473 1596 4526 Ἐλλάδα
1623 4471 1784 4527 τόπον
1820 4476 2010 4546 μυρίαι

449 4562 548 4633 μὲν
575 4562 834 4633 κατέσχον
863 4561 1088 4632 φθοραὶ,
1116 4562 1488 4632 ἐξαλείφουσαι
1527 4562 1626 4634 τὴν
1655 4565 1875 4635 μνήμην
1900 4566 2009 4619 τῶν

441 4653 737 4725 γεγονότων
757 4673 771 4686 ·
823 4657 909 4711 ἀεὶ
938 4655 993 4709 δὲ
1025 4656 1243 4719 καινοὺς
1269 4655 1649 4729 καθιστάμενοι
1679 4656 1825 4728 βίους
1845 4698 1860 4722 ,
1914 4657 2005 4711 τοῦ

442 4746 640 4810 παντὸς
672 4746 919 4818 ἐνόμιζον
950 4747 1135 4819 ἄρχειν
1164 4747 1391 4811 ἕκαστος
1414 4746 1505 4801 τὸν
1532 4748 1620 4817 ὑφ’
1647 4748 1838 4802 ἑαυτοῦ
1870 4748 2003 4817 (40).

453 4836 578 4907 Ὀψὲ
618 4837 676 4891 δέ
723 4854 825 4892 που
858 4839 951 4893 καὶ
984 4839 1137 4909 μόλις
1183 4838 1425 4908 ἔγνωσαν
1455 4839 1614 4909 φύσιν
1640 4840 2000 4912 γραμμάτων.

441 4931 503 4982 Oi
537 4929 645 5002 γὰρ
671 4930 1037 5002 ἀρχαιοτάτην
1068 4916 1258 4984 ἀὐτῶν
1283 4932 1380 4996 τὴν
1429 4934 1625 5004 χρῆσιν
1657 4927 1795 4986 εἶναι
1830 4931 2006 4986 θέλον-

438 5039 528 5086 τες
555 5022 702 5095 παρὰ
741 5023 1002 5077 Φοινίκων
1031 5023 1125 5077 καὶ
1156 5022 1376 5095 Κάδμου
1407 5025 1757 5095 σεμνύνονται
1789 5026 2001 5099 μαθεῖν.

492 5198 618 5280 ,(56)
639 5198 1279 5280 ιξκάμμωγμβίθιηθηε.
1298 5213 1350 5280 et
1395 5203 1599 5280 ξυίςίιιξνιΔ
1625 5208 1887 5280 ῌΣκάμων.
1921 5208 2000 5266 Ita

435 5269 935 5347 etiam'_AtIien:eus,
964 5269 1055 5323 lib.
1082 5286 1152 5347 tv.
1193 5274 1281 5327 ubi
1305 5275 1371 5329 de
1396 5276 1691 5343 Sicinnide,
1714 5269 1858 5347 quod
1894 5281 2001 5335 sal-

437 5338 654 5418 tationis
672 5353 880 5418 _g.enus
900 5349 1047 5418 erat,
1091 5344 1398 5418 disptitans,
1428 5338 1689 5418 Σκάμων,
1717 5338 1910 5418 inquit,
1941 5351 1999 5402 ἐν

435 5406 633 5493 πρώτω
821 5406 1194 5493 εὑρημάτωγξ
1223 5406 1592 5493 Cujusoperis
1643 5406 1730 5493 hic
1793 5406 1998 5474 intentio

433 5486 842 5557 est,.tanquam
893 5483 1146 5533 Scamoni
1193 5483 1316 5537 curn
1352 5483 1474 5539 aliis
1527 5486 1798 5556 plerisque
1844 5504 1992 5543 com-

433 5562 632 5600 ﬂlllnIS.

450 5617 614 5695 ;__(5‘7)
658 5617 711 5670 Ὀ
739 5617 1038 5695 Ἐφέσιος.
1067 5620 1333 5695 Clemens,
1368 5626 1397 5676 ὁ
1434 5623 1724 5695 Ἐρέσσιος.
1759 5626 1990 5693 Legend.

443 5685 702 5763 Ἐρέσιος.
737 5685 827 5742 Sic
852 5685 1007 5763 enini
1028 5691 1167 5763 apud
1205 5685 1422 5763 Diogen.
1454 5685 1726 5749 Laertium
1764 5685 1989 5763 legitur;

431 5764 485 5810 et
510 5755 819 5814 ‘Stenhanus
844 5759 911 5814 de
957 5755 1180 5816 urbibus
1202 5802 1216 5827 ,
1247 5755 1492 5832 Ἔρεσος,
1528 5764 1719 5835 inquit,
1754 5755 1904 5831 πόλις
1936 5755 1992 5819 ὲν

2118 3291 2242 3336 ante
2274 3297 2466 3346 unum,
2492 3290 2554 3335 ut
2582 3283 2654 3336 ita
2682 3282 2892 3351 loquar,
2917 3283 3214 3336 alterumve
3235 3280 3376 3334 diem
3406 3280 3683 3336 exstitisse

2116 3373 2597 3442 reperias,urbium
2622 3372 3435 3442 molitionem,excogitationem
3459 3372 3680 3436 artium,

2116 3464 2295 3535 legum
2330 3465 2801 3536 perscriptionem.
2837 3463 3090 3519 Omnium
3135 3478 3262 3518 vero
3294 3462 3588 3518 novissime
3613 3462 3681 3516 ad

2119 3554 2459 3609 scribendam
2505 3555 2791 3635 historiam
2849 3570 2968 3609 sese
3013 3554 3379 3609 contulerunt.
3433 3555 3503 3608 At
3552 3567 3683 3608 vero

2115 3642 2407 3714 Egyptiis,
2445 3643 2735 3708 Chaldaeis,
2767 3643 3120 3699 Phoenicibus
3153 3651 3243 3715 (ne
3289 3660 3413 3700 eum
3449 3644 3518 3700 iis
3576 3661 3680 3699 no-

2116 3743 2311 3791 strates
2344 3737 2448 3792 hoc
2492 3738 2615 3792 loco
2656 3737 3003 3808 numerem),
3048 3739 3469 3793 vetustissimam
3520 3746 3683 3807 atque

2117 3831 2617 3885 constantissimam
2647 3845 2827 3885 rerum
2862 3846 3084 3885 suarum
3114 3846 3330 3884 manere
3359 3831 3680 3885 memoriam

2116 3924 2286 3979 Graeci
2314 3923 2553 3979 fatentur
2580 3925 2705 3994 ipsi.
2743 3923 2952 3979 Etenim
2985 3940 3108 3979 cum
3139 3928 3412 3996 regionem
3440 3926 3680 3980 incolunt

2115 4016 2358 4071 omnium
2390 4015 2616 4069 minime
2642 4013 2840 4069 infesto
2872 4016 3011 4069 coelo
3035 4014 3371 4069 laborantem
3398 4057 3413 4081 ,
3446 4023 3559 4069 turn
3594 4015 3679 4069 di-

2114 4106 2392 4177 ligentiam
2450 4107 2504 4159 in
2554 4120 2616 4159 eo
2678 4105 3006 4173 singularem
3048 4103 3450 4168 adhilmeruut,
3505 4103 3582 4158 uti
3613 4121 3679 4159 ne

2114 4197 2243 4268 quid
2277 4212 2308 4251 e
2358 4197 2522 4251 rebus
2569 4196 2683 4252 suis
2717 4195 2991 4250 oblivione
3025 4197 3398 4264 consepultum
3429 4195 3636 4264 jaceret
3658 4238 3676 4263 ,

2114 4286 2206 4343 sed
2241 4286 2424 4356 potius
2470 4286 2652 4339 omnia
2698 4285 2943 4354 publicas
2975 4285 3028 4336 in
3065 4285 3277 4339 tabulas
3306 4285 3546 4340 virorum
3584 4302 3674 4341 sa-

2111 4376 2578 4447 pientissimorum
2612 4375 2867 4429 manibus
2916 4374 3265 4429 referrentur.
3314 4375 3514 4431 Contra
3543 4382 3693 4433 vero

2114 4474 2344 4521 tractum
2378 4467 2528 4521 illum
2552 4465 2768 4521 Grmciaa
2802 4466 3136 4532 universum,
3171 4467 3499 4521 inﬁnitorum
3529 4483 3675 4522 mor-

2110 4557 2304 4611 borum
2348 4557 2579 4613 subinde
2611 4558 2831 4626 depasta
2871 4558 3009 4621 lues,
3042 4572 3225 4612 rerum
3259 4567 3528 4629 gestarum
3562 4574 3674 4614 me-

2108 4649 2340 4703 moriam
2387 4632 2632 4703 funditus
2678 4648 2933 4712 abolevit,
2982 4648 3226 4717 adeoque
3269 4663 3411 4703 novo
3461 4664 3675 4717 semper

2108 4740 2363 4794 instituto
2389 4739 2513 4794 vitae
2534 4739 2827 4803 curriculo,
2860 4756 3018 4793 suum
3047 4741 3248 4809 quique
3279 4740 3382 4794 sibi
3406 4739 3673 4793 universas

2106 4830 2433 4901 principium
2465 4841 2517 4887 et
2547 4814 2711 4901 caput
2736 4846 2857 4886 esse
2885 4830 3041 4885 facile
3069 4839 3474 4900 persuaserunt.
3504 4828 3671 4883 Iidem

2106 4937 2226 4977 sero
2259 4923 2572 4987 admodum,
2605 4924 2802 4992 vixque
2838 4923 3051 4976 tandem
3084 4922 3384 4976 litterarum
3421 4932 3671 4975 naturam

2104 5013 2361 5070 didicere.
2414 5013 2549 5069 Nam
2602 5015 2696 5084 qui
2746 5014 3174 5069 vetustissimum
3230 5014 3442 5066 illarum
3505 5026 3667 5067 usum

2101 5210 2335 5297 Aé\o§q1,~
2354 5211 2421 5283 ἐξ,
2454 5200 2520 5279 ἧς
2542 5211 2901 5297 θεόφραστος
2931 5211 3327 5297 ’ᾼριστοτέλουνς
3372 5210 3681 5297 γνώριμος,

2100 5282 2193 5334 καὶ
2216 5281 2478 5351 διάδοχος,
2508 5281 2568 5332 τὸ
2593 5281 2800 5351 semp;
2847 5281 3105 5351 Ἐρέσιος,
3136 5283 3226 5333 καὶ.
3270 5281 3569 5351 Ἐρεσιεύς.’

2173 5351 2282 5422 (58)
2307 5346 2547 5422 Πρῶτον
2573 5346 2706 5422 οὖν.
2726 5346 3135 5422 Josephuslnec
3161 5351 3320 5422 habet
3333 5346 3437 5422 lib.
3467 5366 3485 5405 ι
3510 5350 3667 5422 ϐρηε.

2098 5419 2368 5545 ἓρῗυηειη,
2387 5421 2502 5489 ipso
2521 5420 2700 5475 statim
2724 5420 2896 5484 initio,
2918 5436 2970 5489 p.
2998 5420 3153 5485 1055,
3184 5420 3310 5474 edit.
3331 5419 3669 5479 Graeco-Lat.

2149 5510 2174 5543 υ
2198 5508 2283 5544 en.

2149 5508 2283 5544 men.

2169 5561 2279 5626 ('59)
2310 5557 2622 5627 Εὐρήσεις.
2650 5556 2859 5629 Melius,
2893 5573 3053 5629 quam
3085 5567 3144 5612 ut
3172 5556 3418 5629 Joseph..
3449 5555 3621 5629 εὕροι.

2161 5629 2278 5709 (40)
2319 5626 2434 5698 Ὑφ’
2474 5627 2731 5683 ἐαυτοῦ.·
2756 5627 2999 5697 Joscph.,
3025 5627 3117 5696 ἀφ’
3153 5626 3343 5681 ἑαυτοῦ
3369 5668 3386 5694 ,
3420 5626 3672 5699 ἐφ”έαυπ

2094 5715 2211 5753 του.
