4194 6412
553 349 660 404 795

1194 346 1460 406 ECSEBII
1502 348 1983 405 CAESARIENSlS
2021 345 2171 401 OPP.
2212 344 2393 400 PARS
2433 343 2494 398 ll.
2528 375 2598 385 ——
2634 340 3130 397 APOLOGETICA.

3699 338 3800 394 796

551 477 674 517 esse
718 460 950 528 volunt,
1003 476 1098 517 eas
1149 461 1224 515 illi
1278 478 1397 517 sese
1438 479 1468 517 a
1518 461 1869 517 Phoenicibus
1901 470 2112 530 atque:

2230 460 2302 511 Οὐ
2355 458 2458 528 μὴν
2487 457 2593 510 οὐδ’
2626 456 2721 509 ἀπ’
2746 456 2952 508 ἐκείνου
2990 454 3102 525 (41)
3131 452 3225 506 τοῦ
3255 452 3446 523 χρόνου
3476 451 3688 506 δύναιτό
3718 472 3801 519 τις

550 552 759 607 Cadmo
814 555 1092 622 accepisse
1135 554 1455 623 gloriantur.
1499 553 1681 624 Neque
1732 565 1911 607 tamen
1969 552 2123 622 quis-

552 655 715 709 quam
746 640 919 694 autin
953 642 1147 708 sacris,
1182 649 1276 695 aut
1307 642 1359 695 in
1406 643 1639 712 publicis
1674 657 1902 712 usquam
1931 655 2125 693 monu—

554 730 792 797 mentis,
850 730 1151 786 litterarum
1200 732 1369 786 ullum
1427 733 1546 802 ejus
1592 734 1849 802 temporis
1911 737 2126 786 exstare

549 818 840 888 vestigium
886 820 1206 887 ostenderit,
1239 837 1363 877 cum
1397 822 1464 876 de
1493 822 1600 877 illis
1646 822 1778 891 ipsis
1808 822 1901 891 qui
1930 818 2120 887 Troja-

550 927 675 966 nam
708 913 1106 984 expeditionem
1138 922 1289 968 tanto
1321 922 1444 983 post
1471 930 1779 983 suscepere,
1816 917 2121 973 dubitatum

549 1004 741 1072 perdiu
777 1007 1179 1075 qua-situmque
1230 1006 1319 1071 sit,
1375 1023 1504 1061 num
1563 1009 1760 1064 litteris
1821 1020 2119 1068 uterentur.

551 1090 671 1156 Qua
697 1093 764 1147 de
788 1107 847 1147 re
886 1093 1065 1149 verior
1088 1109 1150 1147 ea
1180 1097 1626 1166 constantiorque
1659 1101 1924 1154 sententia
1957 1101 2124 1174 473

549 1179 664 1249 jam
697 1182 926 1247 obtinet,
979 1183 1287 1254 ignoratum
1317 1185 1385 1239 ab
1429 1185 1496 1240 iis
1533 1187 1854 1243 hodiernum
1905 1193 2119 1247 illarum

551 1289 713 1327 usum
772 1274 963 1329 fuisse.
1024 1274 1211 1345 Neque
1268 1286 1322 1331 tu
1380 1278 1641 1345 scriptum
1696 1282 1918 1337 omninc
1981 1287 2120 1355 apud

551 1359 770 1417 Graecos
803 1364 996 1427 ullum,
1031 1365 1188 1431 cujus
1217 1366 1283 1419 de
1316 1366 1420 1421 ﬁde
1454 1370 1616 1421 modo
1646 1366 1877 1438 Constet,
1920 1371 2121 1429 Home»

548 1454 668 1508 rica
694 1455 844 1523 poesi
869 1455 1146 1524 antiquius
1178 1456 1442 1511 invenias.
1474 1458 1544 1511 At
1571 1474 1694 1512 eum
1729 1469 1854 1530 post
1884 1460 2119 1540 Troiana

548 1549 796 1613 tempora
830 1554 1017 1599 natum
1052 1560 1174 1601 esse
1204 1562 1366 1600 nemo
1398 1564 1505 1602 non
1540 1549 1740 1604 fatetur
1771 1569 1784 1605 :
1819 1552 1927 1606 imo
1957 1569 2025 1607 ne
2053 1555 2121 1608 ah

549 1632 672 1703 ipso
701 1635 919 1703 quidem
970 1636 1165 1691 litteris
1208 1653 1362 1691 suam
1411 1639 1556 1693 illam
1587 1640 1774 1707 poesin
1809 1642 2116 1696 mandatam

552 1740 675 1780 esse
707 1726 917 1793 ferunt,
963 1729 1057 1782 sed
1084 1738 1442 1797 ,posterorum
1476 1732 1738 1785 memoria
1768 1744 2117 1802 prepagatam

2227 550 2292 603 ἂν
2329 549 2497 613 δεῖξαι
2536 549 2632 619 τὴν
2664 547 2974 618 σωζομένην
3027 544 3346 616 ἀναγραφὴν
3389 542 3497 595 οὔτ’
3525 545 3584 595 ὲν
3638 546 3801 615 ἱεροῖς

2224 642 2335 696 οὔτ’
2387 645 2444 695 ὲν
2489 641 2764 711 δημοσίοις
2808 638 3175 710 ἀναθήμασιν·
3226 638 3357 690 ὅπου
3412 653 3475 706 γε
3528 637 3622 690 καὶ
3672 639 3801 708 περὶ

2223 734 2332 787 τῶν
2375 734 2468 787 ἐπὶ
2522 732 2724 804 Τροίας
2774 731 3051 793 τοσούτοις
3093 728 3317 807 ὕστερον
3347 728 3491 781 ἔτεσι
3542 744 3802 799 στρατευ-

2226 826 2432 879 σάντων
2468 822 2634 895 πολλὴ
2661 823 2880 892 γέγονεν
2905 822 3105 891 ἀπορία
3133 821 3226 873 καὶ
3251 820 3474 891 ζήτησις
3494 860 3508 884 ,
3552 819 3599 872 εἱ
3621 820 3802 889 γράμ-

2228 933 2388 985 μασιν
2441 914 2676 987 ἐχρῶντο
2701 930 2714 944 ⁸
2796 914 2889 966 καὶ
2941 911 3169 980 τάληθὲς
3232 909 3518 983 ἐπικρατεῖ
3576 910 3797 983 μᾶλλον,

2223 1008 2351 1080 περὶ
2380 1006 2470 1060 τοῦ
2498 1007 2596 1078 τὴν
2623 1004 2715 1059 νῦν
2739 1000 2901 1058 οὖσαν
2927 1003 3033 1056 τῶν
3063 1003 3402 1075 γραμμάτων
3432 1002 3628 1072 χρῆσιν
3654 1002 3799 1055 ὲκεί-

2223 1117 2345 1163 νοες
2399 1100 2629 1167 ἀγνοεῖν.
2691 1096 2865 1159 Ὄλως
2898 1095 2953 1148 δὲ
3002 1095 3151 1167 παρὰ
3198 1098 3309 1159 τοῖς
3362 1095 3617 1165 Ἕλλησιν
3646 1094 3800 1149 οὐδὲν

2222 1188 2649 1260 ὁμολογούμενον
2726 1186 3040 1257 εὑρίσκεται
3115 1184 3351 1256 γράμμα
3402 1183 3500 1253 τῆς
3560 1184 3799 1255 Ὀμήρου

2223 1283 2492 1352 ποιήσεως
2545 1277 2948 1349 πρεσϐύτερονο
3012 1270 3167 1339 οὗτος
3223 1275 3280 1328 δὲ
3329 1274 3422 1327 καὶ
3469 1274 3577 1328 τῶν
3625 1274 3801 1345 Τρωϊ-

2222 1371 2332 1426 κῶν
2378 1371 2599 1441 ὕστερος
2645 1370 2890 1438 φαίνεται
2940 1368 3244 1439 γενόμενος.
3300 1366 3410 1420 Καί
3459 1382 3621 1434 φασιν
3673 1365 3798 1418 οὐδὲ

2221 1464 2405 1517 τοῦτον
2447 1464 2503 1516 ἐν
2534 1462 2823 1533 γράμμασι
2867 1461 2966 1532 τὴν
3008 1459 3170 1512 αὐτοῦ
3203 1458 3420 1529 ποίησιν
3459 1457 3794 1522 καταλιπεῖν,

2221 1554 2356 1607 ἀλλὰ
2378 1551 2966 1623 διαμνημονευομένην,
3002 1550 3091 1603 διὰ
3121 1549 3463 1621 γραμμάτων
3494 1547 3605 1618 (42)
3634 1546 3796 1598 ὕστε-

2227 1663 2316 1715 ρον
2372 1643 2726 1715 συντεθῆναι’
2808 1642 2902 1695 καὶ⁸
2971 1640 3060 1695 διὰ
3103 1639 3261 1693 τοῦτο
3308 1638 3506 1702 πολλὰς
3554 1640 3613 1691 ἐν
3658 1640 3795 1708 αὐτῇ

2225 1738 2367 1807 σχεῖν
2422 1735 2518 1798 τὰς
2562 1733 2874 1803 διαφωνίας.
2942 1735 3005 1787 Οἱ
3037 1733 3216 1804 μέντοι
3267 1731 3367 1795 τὰς
3411 1729 3650 1802 ἱστορίας
3677 1733 3798 1784 ὲπι-

550 1817 892 1887 aliquandiu,
942 1820 1105 1873 variis
1134 1835 1201 1874 ex
1249 1822 1535 1877 cantilenis
1566 1823 1847 1877 collectam
1897 1825 2112 1879 demum

2220 1829 2570 1899 χειρήσαντες
2621 1827 2955 1897 συγγράφειν
2999 1826 3126 1896 παρ’
3160 1825 3376 1889 αὐτοῖς,
3411 1822 3555 1891 λέγω
3585 1821 3642 1875 δὲ
3672 1822 3799 1885 τοὺς

545 1914 601 1958 et
648 1913 957 1960 contextam
1009 1906 1179 1962 fuisse
1208 1948 1223 1973 ,
1261 1925 1325 1964 ac
1372 1920 1657 1979 propterea
1713 1921 1920 1967 tantum
1972 1914 2025 1967 in
2054 1930 2116 1969 ea

544 1997 706 2067 vulgo
746 1997 1124 2069 discrepantia:
1158 2004 1406 2072 reperiri.
1448 2003 1589 2074 Ergo
1638 2007 1732 2075 qui
1779 2022 1844 2061 ex
1896 2008 2003 2064 illis
2051 2012 2118 2065 ad

545 2089 889 2145 scribendam
930 2090 1215 2148 historiam
1248 2096 1491 2149 animum
1518 2098 1773 2167 appulere
1794 2140 1807 2164 ,
1853 2100 2115 2168 Cadmus,

544 2177 797 2246 inquam,
825 2178 1087 2249 Milesius,
1118 2192 1172 2237 et
1212 2185 1502 2243 Acusilaus
1544 2190 1799 2259 Argivus,
1848 2208 1912 2247 ac
1946 2196 1991 2248 si
2024 2195 2116 2263 qui

542 2275 804 2335 praeterea
847 2270 1222 2338 nominantur,
1252 2276 1472 2343 paulum
1515 2278 1808 2334 admodum
1840 2282 2116 2339 Persicam

543 2358 805 2415 adversus
830 2359 1048 2418 Graecos
1096 2367 1492 2435 expeditionem
1524 2379 1766 2440 tempore
1816 2385 2119 2432 anteverte-

542 2457 691 2502 runt.
724 2450 805 2505 Ad
836 2452 949 2506 hare
974 2454 1068 2522 qui
1100 2454 1167 2509 de
1191 2458 1349 2513 rebus
1376 2461 1692 2515 cmlestibus
1720 2471 1882 2532 atque
1914 2465 2115 2523 divinis

541 2542 705 2610 primi
739 2543 880 2612 apud
921 2560 1014 2598 eos
1048 2547 1422 2617 phiIOSOphari
1463 2563 1775 2620 creperum,
1818 2566 1877 2609 ut
1914 2556 2117 2613 Phere-

542 2635 704 2703 cydes
736 2635 927 2705 Syrus,
960 2635 1295 2709 Pythagoras
1338 2651 1391 2695 et
1425 2642 1642 2707 Thales,
1706 2648 1826 2702 illos
1857 2659 1909 2703 et
1942 2648 2114 2722 [Egyc

540 2724 778 2792 ptiorum
811 2726 1299 2799 Chaldaeorumque
1333 2731 1631 2801 discipulos
1662 2735 1851 2803 fuisse,
1885 2754 1984 2795 nec
2010 2742 2114 2796 nisi

541 2830 717 2884 pauca
753 2818 1039 2887 scripsisse
1066 2860 1082 2885 ,
1118 2836 1212 2875 ore
1243 2838 1432 2879 omnes
1467 2840 1577 2879 uno
1606 2831 1960 2896 pronuntiant
1988 2851 2001 2899 ;
2034 2842 2115 2887 at-

539 2921 647 2975 que
683 2907 773 2962 illa
807 2908 978 2965 Graeci
1013 2927 1137 2966 cum
1185 2917 1430 2969 omnium
1468 2921 1833 2975 vetustissima
1868 2939 1990 2979 esse
2028 2941 2114 2979 ar-

539 2997 832 3066 bitrantur,
884 3009 997 3054 tum
1051 3002 1140 3055 vix
1194 3005 1357 3058 etiam
1407 3006 1476 3060 ab
1531 3007 1637 3063 illis
1694 3011 1891 3080 scripta
1944 3014 2113 3070 fuisse

538 3090 788 3145 credunt.
819 3090 955 3159 Quis
989 3094 1153 3164 igitur
1182 3112 1322 3151 vano
1354 3099 1663 3170 stolidoque
1708 3102 1852 3159 fastu
1894 3105 2113 3163 Graecos

538 3179 788 3239 laborare
812 3199 920 3238 non
950 3185 1147 3252 videat,
1177 3187 1269 3256 qui
1302 3188 1405 3244 sibi
1444 3200 1498 3245 et
1523 3208 1611 3248 res
1644 3196 1897 3265 antiquas
1926 3207 2111 3255 tenere

539 3274 666 3340 soli,
698 3284 752 3330 et
780 3276 885 3331 soli
921 3284 1247 3333 accuratam
1268 3281 1485 3337 illarum
1516 3284 1895 3357 integramque
1922 3294 2111 3346 verita-

540 3372 648 3417 tem
682 3365 899 3419 tradere
940 3366 1269 3422 videantur?
1323 3371 1458 3437 lmo,
1499 3373 1623 3442 quis
1664 3390 1773 3429 non
1808 3394 1873 3431 ex
1918 3380 2109 3435 iisdem

541 3457 906 3526 scriptoribus
937 3459 1067 3515 illud
1096 3460 1355 3530 perfacile
1389 3463 1622 3534 auferat,
1647 3472 1913 3539 perspecti
1949 3474 2017 3527 ab
2045 3473 2113 3529 iis

540 3547 680 3602 nihil
725 3549 1104 3621 exploratique
1150 3555 1556 3624 conscriptum,
1592 3560 1686 3613 sed
1735 3571 1944 3616 tantum
1973 3580 2102 3633 qua-

541 3647 701 3693 tenus
732 3641 953 3710 assequi
982 3642 1295 3713 conjectura
1326 3649 1644 3716 potuerint?
1678 3653 1866 3722 Itaque
1897 3657 2113 3725 scriptis

542 3731 659 3786 suis
711 3731 849 3788 alios
892 3735 1098 3803 passim
1150 3738 1242 3791 alii
1276 3741 1724 3809 reprehendunt,
1779 3762 1877 3801 nec
1916 3749 2109 3805 iisdem

541 3824 767 3879 omnino
815 3827 881 3880 de
932 3828 1095 3883 rebus
1126 3830 1286 3900 longe
1333 3833 1546 3888 diversa
1579 3836 1728 3906 loqui
1761 3840 2108 3898 erubescunt.

539 3914 655 3984 Ego
684 3932 814 3972 vero
846 3918 1192 3990 importunus
1226 3932 1277 3977 et
1324 3925 1537 3982 otiosus
1568 3929 1757 3999 utique
1808 3933 2013 3998 videar,
2066 3936 2109 3990 si

538 4006 739 4075 quibus
794 4008 854 4092 id_
912 4026 1074 4079 quam
1128 4011 1229 4080 ipsi
1278 4014 1409 4067 mihi
1480 4018 1660 4072 notius
1720 4030 1841 4085 est,
1883 4037 2111 4092 percen-

538 4113 660 4153 sere
692 4082 875 4169 velini,
926 4119 1090 4173 quam
1125 4104 1180 4159 in
1218 4107 1547 4178 genealogim
1584 4113 1891 4169 rationibus
1943 4118 2109 4171 multa

537 4190 666 4251 sint,
697 4192 749 4245 in
781 4195 981 4263 quibus
1031 4194 1344 4252 Hellanicus
1392 4200 1460 4254 ab
1508 4202 1768 4258 Acusilao
1804 4205 2108 4262 dissideat:

536 4296 701 4351 quam
751 4285 894 4353 apud
940 4284 1237 4345 Hesiodum
1287 4290 1575 4359 Acusilaus
1623 4295 1793 4349 multa
1840 4298 2107 4367 castiget:

534 4389 701 4444 quam
739 4392 880 4447 sazpe
930 4379 1199 4434 mendacii
1248 4398 1400 4437 reum
1456 4383 1793 4443 llellanirum
1834 4388 2107 4459 Ephorus,

2220 1921 2348 1991 περὶ
2405 1919 2625 1989 Κάδμον
2676 1935 2736 1970 τε
2784 1919 2873 1971 τὸν
2922 1917 3216 1989 Μιλήσιον,
3280 1915 3496 1969 καὶτὸν
3556 1915 3801 1986 Ἀργεῖον

2232 2012 2596 2075 Ἀκουσίλαον,
2627 2013 2720 2066 καὶ
2767 2010 2901 2082 μετά
2935 2009 3138 2063 τούτων
3173 2010 3228 2062 εἴ
3258 2026 3403 2072 τινες
3434 2008 3581 2062 ἄλλοι
3611 2007 3799 2077 λέγον-

2216 2113 2307 2149 ται
2364 2098 2649 2166 γενέσθαι,
2723 2100 2893 2171 βραχὺ
2930 2100 3028 2171 τῆς
3083 2098 3192 2153 τῶν
3262 2098 3487 2171 Περσῶν
3535 2099 3626 2151 ἐπὶ
3696 2098 3796 2169 τὴν

2230 2187 2453 2243 Ἐλλάδα
2487 2191 2864 2263 διαστρατείας
2906 2191 2982 2263 τῷ
3014 2191 3189 2262 χρόνῳ
3237 2189 3563 2263 προύλαϐον,
3638 2188 3798 2243 Ἀλλά

2221 2281 2328 2352 μὴν
2381 2284 2472 2335 καὶ
2525 2284 2651 2346 τοὺς
2704 2283 2827 2356 περὶ
2874 2284 2981 2337 τῶν
3008 2283 3271 2355 οὐρανίων
3315 2299 3372 2334 τε
3412 2281 3540 2353 παρ’
3573 2280 3797 2351 Ἕλλησι

2218 2372 2309 2421 καὶ
2354 2369 2511 2423 θείων
2549 2371 2796 2442 πρώτους
2848 2372 3345 2443 φιλοσοφήσαντας,
3399 2366 3513 2425 οἷον
3564 2372 3798 2445 Φερεκύ-

2217 2460 2312 2531 δην
2362 2460 2454 2514 τὸν
2508 2462 2732 2534 Σύριον,
2816 2464 2911 2515 καὶ
2966 2463 3323 2533 Πυθαγόραν,
3408 2463 3502 2515 καὶ
3553 2461 3793 2533 Θάλητα,

2219 2551 2417 2615 πάντες
2447 2552 2753 2622 συμφώνως
2774 2552 3125 2623 ὁμολογοῦσιν
3145 2593 3159 2615 ,
3195 2553 3505 2621 Αἰγυπτίων
3532 2553 3625 2605 καὶ
3654 2552 3798 2606 Χαλ-

2215 2642 2379 2696 δαίων
2420 2645 2741 2714 γενομένους
2786 2644 3062 2715 μαθητὰς,
3111 2644 3266 2713 ὀλίγα
3313 2644 3659 2715 συγγράψαι’
3699 2644 3794 2698 καὶ

2213 2733 2385 2786 ταῦτα
2426 2738 2538 2797 τοῖς
2565 2735 2821 2804 Ἕλλησιν
2852 2731 2989 2788 εἷναι
3020 2735 3169 2788 δοκεῖ
3197 2735 3412 2789 πάντων
3440 2735 3788 2807 ἀρχαιότατα,

2214 2827 2308 2880 καὶ¹
2367 2825 2517 2896 μόλις
2560 2826 2697 2880 αὐτὰ
2765 2828 3106 2881 πιστεύουσιν
3160 2828 3250 2881 ὑπ’
3300 2828 3524 2881 ἐκείνων
3584 2827 3791 2897 γεγρά-

2216 2918 2365 2987 φθαι.
2419 2917 2544 2981 Πῶς
2577 2913 2671 2970 οὖν
2721 2918 2814 2972 οὐκ
2862 2918 3008 2972 ἔστιν
3057 2918 3247 2988 ἄλογον
3294 2918 3632 2988 τετυφῶσθαι
3662 2921 3791 2983 τοὺς

2216 3008 2512 3078 Ἕλληνας,
2569 3008 2647 3072 ὡς
2686 3009 2878 3079 μόνους
2919 3009 3312 3080 ἐπισταμένους
3361 3011 3597 3080 τάρχαῖα
3623 3047 3638 3071 ,
3697 3009 3795 3062 καὶ

2213 3098 2311 3171 τὴν
2342 3100 2595 3171 ἀλήθειαν
2629 3102 2756 3171 περὶ
2783 3102 2959 3155 αὐτῶν
2981 3101 3221 3173 ἀκριϐῶς
3249 3100 3638 3173 παραδιδόντας
3662 3116 3675 3165 ;
3719 3101 3792 3152 Ἦ

2212 3191 2296 3256 τίς
2329 3192 2389 3245 ού
2421 3191 2572 3263 παρά
2597 3192 2707 3246 τῶν
2740 3193 2919 3247 αὐτῶν
2971 3193 3327 3265 συγγραφέων
3377 3193 3537 3263 μάθοι
3572 3191 3790 3263 ῥᾳδίως,

2212 3284 2294 3337 δτι
2329 3285 2493 3357 μηδὲν
2549 3286 2752 3349 εἰδότες
2803 3286 3036 3357 βεϐαίως
3086 3286 3457 3358 συνέγραφον,
3537 3284 3651 3339 ἀλλ’
3714 3283 3793 3348 ὡς

2213 3377 2429 3431 ἕκαστοι
2486 3380 2612 3450 περὶ
2648 3378 2755 3432 τῶν
2793 3378 3132 3452 πραγμάτων
3162 3377 3407 3440 εἷκαζονς
3465 3376 3633 3430 Πλέον
3660 3376 3793 3444 γοῦν

2212 3469 2299 3524 διὰ
2331 3469 2439 3523 τῶν
2472 3468 2690 3540 βιϐλίων
2721 3468 2983 3539 ἀλλήλους
3006 3468 3319 3539 ἐλέγχουσιν
3357 3466 3454 3521 καὶ
3502 3467 3795 3521 τάναντιώα

2212 3575 2351 3611 τατα
2378 3558 2507 3629 περὶ
2532 3557 2641 3611 τῶν
2663 3557 2842 3611 αὐτῶν
2864 3556 3044 3624 λέγειν
3071 3558 3171 3610 οὐκ
3199 3555 3436 3609 ὀκνοῦσι.
3493 3554 3791 3627 Περίεργος

2211 3650 2256 3703 δ’
2300 3649 2367 3705 ἂν
2408 3648 2524 3719 εἴην
2566 3647 2709 3717 ἐγὼ,
2740 3649 2868 3711 τοὺς
2896 3646 3028 3718 ἐμοῦ
3065 3648 3262 3719 μᾶλλον
3292 3650 3686 3719 ἐπισταμένους
3714 3651 3791 3703 δι-

2212 3740 2452 3806 δάσκων,
2481 3740 2583 3794 ὅσα
2632 3739 2731 3810 μὲν
2783 3738 3090 3803 Ἑλλάνικος
3145 3740 3474 3811 Ἀκουσιλάῳ
3527 3742 3791 3813 περὶτῶν

2213 3829 2571 3899 γενεαλογιῶν
2599 3829 3044 3901 διαπεφώνηκεν·
3100 3832 3203 3884 ὅσα
3242 3831 3298 3885 δὲ
3350 3830 3651 3903 διορθοῦται
3697 3832 3788 3886 τὸν

2224 3921 2461 3974 Ἡσίοδον
2492 3920 2834 3984 Ἀκουσίλαος
2849 3938 2861 3950 ·
2883 3921 2915 3993 ἢ
2936 3922 3055 3974 τίνα
3076 3922 3272 3995 τρόπον
3292 3924 3521 3994 Ἔφορος
3544 3923 3787 3978 Ἑλλάνι-

2213 4029 2306 4066 κον
2324 4015 2379 4064 ὲν
2395 4015 2503 4075 τοῖς
2524 4012 2793 4075 πλείστοις
2807 4013 3132 4086 ψευδόμενον
3153 4016 3528 4079 ἐπιδείκνυσιν,
3556 4017 3790 4089 Ἔφορον

2211 4107 2268 4159 δὲ
2316 4105 2542 4175 Τίμαιος
2566 4146 2581 4169 ,
2612 4106 2707 4159 καὶ
2745 4106 2973 4176 Τίμαιον
3014 4107 3063 4158 οἱ
3100 4107 3213 4177 μετ’
3240 4109 3445 4161 ἐκεῖνον
3471 4111 3785 4177 γεγονότες,

2224 4195 2503 4267 Ἡρόδοτον
2540 4195 2595 4248 δὲ
2622 4195 2838 4259 πάντες.
2900 4195 3036 4248 Ἀλλ’
3062 4195 3181 4249 οὐδὲ
3215 4197 3341 4267 περὶ
3366 4195 3473 4249 τῶν
3496 4198 3788 4253 Σικελικῶν

2211 4288 2321 4349 τοῖς
2351 4287 2477 4357 περὶ
2508 4286 2775 4355 Ἀντίοχον
2801 4286 2896 4339 καὶ
2940 4285 3185 4339 Φίλιστον
3204 4327 3219 4351 ,
3241 4286 3274 4356 ἢ
3299 4285 3536 4340 Καλλίαν
3559 4288 3787 4358 Τίμαιος

2215 4380 2520 4448 συμφωνεῖν
2544 4378 2774 4449 ἠξίωσεν
2792 4394 2807 4410 ⁸
2831 4377 2939 4431 οὐδ’
2960 4372 3025 4431 αὖ
3054 4375 3309 4449 περὶτῶν
3341 4377 3601 4432 ’Δττικῶν
3618 4381 3668 4432 οἱ
3688 4378 3789 4443 τὰς
3816 4444 3826 4452 .

535 4467 817 4537 Ephorum
852 4467 1111 4535 Timaeus,
1147 4470 1519 4544 Timaaumque
1561 4480 1910 4548 recentiores,
1951 4483 2104 4537 deni-

2221 4469 2488 4537 Ἀτθίδας
2540 4468 3079 4542 συγγεγραφότες,ἢ
3130 4470 3230 4533 τὰς
3259 4469 3386 4542 περὶ
3434 4470 3543 4524 τῶν
3600 4471 3789 4543 Ἀργὸ-

534 4574 643 4629 que
669 4558 1003 4616 Herodotum
1034 4565 1274 4620 universi
1322 4578 1603 4636 peragant.
1636 4570 1820 4643 Neque
1856 4591 1983 4629 vero
2012 4585 2106 4630 aut

531 4650 601 4706 de
632 4652 797 4708 rebus
849 4651 1046 4709 Siculis
1072 4656 1260 4711 eadem
1303 4658 1573 4728 Timmus,
1606 4679 1729 4733 qua:
1779 4666 2103 4733 Antiochus,

528 4739 817 4810 Philistus,
851 4754 902 4800 et
935 4746 1157 4813 Callias,
1190 4752 1393 4807 sentire
1424 4754 1592 4808 voluit
1621 4775 1635 4809 :
1675 4758 1766 4810 aut
1817 4757 1870 4812 in
1901 4758 2106 4813 Attica-

530 4848 677 4900 rum,
730 4833 813 4889 vel
868 4835 1241 4907 Argolicarum
1305 4841 1554 4907 historia,
1606 4844 1700 4916 qui
1745 4862 1915 4917 genus
1964 4849 2103 4903 idem

530 4926 803 4981 scribendi
831 4942 1157 4999 suscepere,
1193 4933 1427 4989 aliorum
1463 4936 1554 4991 alii
1584 4953 1806 4994 sensum
1841 4948 2105 4996 mentem-

527 5034 635 5088 que
663 5018 832 5074 secuti
851 5029 999 5075 sunt.
1030 5020 1354 5094 Quanquam
1378 5027 1509 5096 quid
1530 5042 1594 5084 ea
1617 5031 1867 5100 persequi
1894 5033 2101 5099 attinet,

526 5121 648 5180 quae
673 5116 770 5181 per
796 5114 961 5171 urbes
1006 5116 1211 5185 passim
1243 5119 1541 5186 contigere,
1603 5130 1660 5176 et
1697 5125 2105 5193 angustioribus

527 5206 753 5261 omnino
778 5208 1092 5277 regionibus
1114 5210 1490 5279 continentur,
1519 5228 1643 5267 cum
1668 5214 1722 5268 in
1747 5215 1865 5286 ipsa
1888 5234 2105 5290 quoque

527 5290 751 5353 Persica
780 5299 1150 5367 expeditione,
1201 5316 1265 5356 ac
1296 5303 1459 5357 rebus
1489 5305 1542 5358 in
1584 5321 1646 5360 ea
1690 5308 1876 5377 gestis,
1918 5310 2105 5366 lauda-

600 5474 714 5552 (ῌ)
760 5477 886 5530 Ἀπ’
911 5478 1148 5535 ἐκείνου
1195 5500 1247 5537 τ.
1291 5502 1349 5552 χ.
1388 5482 1569 5538 Malim
1601 5486 1686 5539 ἐπ’
1718 5488 1945 5551 ἐκείνου,
1979 5505 2102 5544 cum

527 5542 764 5629 ἔοι-ξερὴο
792 5562 806 5598 :
833 5560 993 5618 negat
1033 5554 1176 5605 enim
1201 5542 1402 5629 certam
1430 5554 1577 5629 illius
1605 5557 1700 5611 aevi
1741 5542 2103 5629 cognitionem

530 5616 760 5682 publicis
810 5632 877 5671 ex
911 5616 1283 5697 monumentis
1316 5626 1522 5697 hauriri
1556 5643 1748 5697 posse;
1781 5616 1888 5684 non
1926 5638 2103 5685 autem

530 5700 712 5759 rerum
747 5695 989 5759 tempore
1016 5691 1109 5744 illo
1144 5696 1524 5759 posteriorum.

605 5754 719 5822 (42)
761 5754 873 5813 Atii
916 5754 1286 5829 γραμμάτων.
1336 5763 1629 5834 Josephum
1686 5778 1908 5826 secutus
1961 5787 2082 5826 sum

2208 4562 2374 4614 λικῶν
2411 4562 2520 4634 (45)
2546 4563 2595 4615 οἱ
2642 4562 2711 4615 τά
2743 4562 2870 4634 περὶ
2903 4561 3105 4632 Ἀργος
3155 4561 3493 4633 ἱστοροῦντες
3535 4560 3785 4633 ἀλλήλοις

2210 4652 2625 4724 ἠκολουθήκασι,
2664 4651 2774 4705 Καὶ
2799 4651 2853 4704 τί
2884 4649 2963 4704 δεῖ
3002 4650 3180 4720 λέγειν
3216 4653 3343 4724 περὶ
3375 4651 3485 4706 τῶν
3518 4653 3660 4707 κατὰ
3690 4654 3786 4706 πό-

2208 4746 2346 4809 λεις,
2407 4746 2497 4799 καὶ
2548 4743 2895 4818 βραχυτέρων
2922 4783 2937 4807 ,
2991 4743 3123 4796 ὅπου
3162 4759 3225 4812 γε
3268 4745 3393 4816 περὶ
3441 4745 3540 4816 τῆς
3582 4747 3779 4816 Περσι-

2209 4840 2311 4907 κῆς
2365 4836 2652 4909 στρατείας
2709 4835 2804 4888 καὶ
2853 4832 2963 4887 τῶν
3017 4835 3075 4887 ὲν
3132 4834 3267 4906 αὐτῇ
3323 4836 3673 4907 πραχθέντων
3733 4837 3784 4889 οἱ

2206 4930 2560 5000 δοκιμώτατοι
2590 4925 3071 4996 διαπεφωνήκασι;
3125 4927 3303 4981 Πολλά
3349 4927 3405 4980 δὲ
3449 4928 3542 4981 καὶ⁵
3579 4927 3786 4981 Θουκυ-

2205 5023 2354 5093 δίδης
2395 5022 2471 5085 ώς
2497 5020 2825 5092 ψευδόμενος
2862 5018 2967 5073 ὑπό
2993 5036 3156 5073 τινων
3196 5022 3604 5090 κατηγορεῖται,
3662 5019 3785 5073 καί-

2206 5133 2287 5167 τοι
2317 5113 2488 5167 δοκῶν
2538 5111 2934 5183 άκριὸεστάτην
2982 5111 3101 5164 καθ’
3151 5112 3341 5165 ἑαυτὸν
3370 5112 3609 5183 ἱστορίαν
3651 5129 3782 5180 συγ-

2156 5204 2157 5207 “
2206 5202 2457 5274 γράφειν.
2517 5200 2696 5253 Αἰτίαι
2726 5198 2782 5253 δὲ
2822 5199 2922 5269 τῆς
2973 5201 3228 5271 τοιαύτης
3259 5200 3552 5270 διαφωνίας
3590 5201 3782 5255 πολλαὶ
3814 5236 3819 5245 ι

2210 5295 2306 5365 μὲν
2359 5293 2488 5356 ἴσως
2538 5292 2604 5346 ἂν
2665 5292 2756 5347 καὶ
2804 5291 2985 5363 ἕτεραι
3034 5295 3145 5356 τοῖς
3205 5293 3548 5365 βουλομένοις
3597 5293 3779 5365 ζητεῖν

2208 5494 2349 5576 apud
2378 5507 2540 5563 quem
2586 5491 2803 5564 legitur,
2832 5493 2895 5544 ὲκ
2933 5490 3041 5545 τῶν
3083 5491 3361 5562 ᾀσμάτων,
3391 5505 3513 5562 quae
3540 5505 3666 5546 vera
3697 5489 3776 5544 lc-

2207 5574 2495 5703 cuagl‘ﬁ
2521 5632 2627 5697 τὰς
2675 5631 2805 5699 περὶ
2849 5630 2983 5703 τῶν-
3005 5633 3233 5699 Ἀργολ.
3265 5630 3499 5687 Omnino
3525 5631 3623 5694 τάς
3650 5628 3782 5689 illud

2207 5701 2493 5762 delendum
2522 5711 2624 5768 est,
2659 5719 2755 5757 nec
2791 5701 2929 5771 apud
2961 5701 3179 5772 JtlSt'ph.
3211 5703 3422 5773 legitur.
