4194 6436
340 408 440 463 797

1488 398 1809 458 PRJEPAR.
1852 395 2107 451 EVANG.
2148 393 2276 449 LIB.
2317 392 2387 447 Χ.

3478 386 3580 441 798

335 522 656 592 ἀναφανεῖεν
674 536 687 551 ·
721 518 830 589 ἐγὼ
873 518 929 573 δὲ
954 516 1073 573 δυσὶ
1101 519 1220 580 ταῖς
1238 516 1689 587 ὲκτεθησομέναις
1711 516 1906 578 αἰτίαις

2016 513 2351 568 tissimorum
2385 509 2714 580 scriptorum
2768 520 2963 577 magna
3006 505 3077 561 sit
3122 504 3442 574 plerumque
3470 503 3582 557 dis-

336 615 433 685 τὴν
465 613 727 685 μεγίστην
777 613 928 683 ἰσχὺν
956 610 1319 681 ἀναϐήσομαι.
1378 611 1489 662 Καὶ
1540 609 1810 680 προτέραν
1848 625 1913 677 γε

337 705 445 778 ὲρῶ
477 705 573 777 τὴν
602 705 937 776 κυριωτέραν
967 700 1103 756 εἶναί
1138 719 1226 772 μοι
1252 700 1529 756 δοκοῦσαν.
1565 701 1639 753 Τὸ
1672 701 1781 772 γὰρ
1827 699 1915 765 ἐξ-

335 798 628 868 ιτασθῆναι
660 797 769 868 (44)
818 796 892 868 μὴ
922 794 1319 864 σπουδασθῆναι
1363 793 1513 865 παρὰ
1539 797 1651 857 τοῖς
1693 792 1915 863 Ἕλλησι

335 892 574 964 δημοσίᾳ
623 890 867 959 γίνεσθαι
916 887 1014 952 τὰς
1062 887 1189 959 περὶ
1237 886 1345 940 τῶν
1379 887 1634 941 ἑκάστοτε
1684 903 1917 956 πραττο-

342 982 517 1055 μένων
560 981 910 1054 ἀναγραφάς,
958 979 1116 1034 τοῦτο
1166 978 1398 1051 μάλιστα
1431 977 1494 1048 δὴ
1528 978 1621 1033 καὶ
1646 977 1747 1048 τὴν
1774 977 1910 1030 πλά-

339 1091 456 1145 νην,
498 1074 593 1127 καὶ
636 1072 733 1144 τὴν
792 1071 1035 1136 ἐξουσίαν
1085 1070 1179 1124 τοῦ
1234 1068 1555 1123 σπεύδεσθαι
1615 1070 1724 1131 τοῖς
1772 1067 1910 1139 μετὰ

340 1164 511 1218 ταῦτα
567 1163 872 1234 βουληθεῖσι
930 1162 1058 1233 περὶ
1112 1159 1222 1215 τῶν
1281 1160 1521 1215 παλαιῶν
1571 1176 1625 1212 τι
1678 1158 1910 1230 γράφειν

342 1256 632 1328 παρέσχεν.
684 1256 757 1309 Οὐ
787 1255 896 1325 γὰρ
948 1254 1106 1325 μόνον
1155 1253 1305 1325 παρὰ
1350 1256 1461 1316 τοῖς
1495 1252 1674 1314 ἄλλοις
1719 1249 1911 1320 ’Έλλη-

343 1366 427 1402 σιν
477 1345 727 1418 ἠμελήθη
780 1344 850 1399 τὰ
905 1344 1031 1415 περὶ
1076 1345 1172 1409 τὰς
1218 1343 1540 1414 ἀναγραφάς
1565 1383 1580 1408 ,
1635 1342 1749 1396 ἀλλ’
1792 1342 1911 1395 οὐδὲ

342 1440 473 1511 παρ’
503 1439 685 1500 αὐτοῖς
724 1436 1023 1507 Ἀθηναίοις
1043 1475 1056 1500 ,
1092 1435 1184 1499 οὐς
1212 1435 1536 1505 αὐτόχθονας
1560 1429 1698 1489 εἶναι
1725 1435 1911 1503 λέγου-

342 1551 427 1598 σι,
486 1533 582 1587 καὶ
628 1530 874 1595 παιδείας
919 1529 1224 1601 ἐπιμελεῖς,
1280 1529 1429 1582 οὐδὲν
1482 1527 1720 1581 τοιοῦτον
1767 1527 1912 1597 εὑρί-

343 1642 531 1679 σγεται
578 1622 900 1693 γενόμενον’
972 1620 1107 1673 ἀλλὰ
1171 1620 1279 1673 τῶν
1321 1619 1594 1690 δημοσίων
1652 1617 1912 1690 γραμμά-

2014 606 2241 663 sensio?
2272 604 2502 660 Prorsus
2539 603 2705 675 479
2732 612 2791 657 ut
2820 602 2936 671 ipse
2965 614 3184 670 quoque
3217 596 3580 668 Thucydides,

2012 699 2141 753 licet
2170 696 2640 753 accuratissimam
2683 705 2988 764 temporum
3021 704 3247 747 suorum
3293 687 3582 742 historiam

2012 789 2353 860 perscribere
2382 788 2650 853 videatur,
2685 802 2716 840 a
2749 784 3029 840 nonnullis
3058 792 3242 838 tamen
3284 779 3486 836 erroris
3516 793 3583 833 ac

2013 882 2271 937 vanitatis
2318 890 2597 952 arguatur.
2645 878 2815 949 Cujus
2861 893 2993 932 sane
3024 875 3259 938 discidii,
3308 888 3431 927 cum
3464 871 3583 925 alite

2014 974 2265 1030 fortassis
2305 973 2555 1043 plurimae
2604 971 2728 1026 aliis
2759 971 2816 1024 in
2864 969 2996 1023 illud
3043 965 3455 1037 anquirentibus
3488 980 3583 1019 oc-

2014 1081 2236 1124 currere
2285 1066 2528 1136 possint,
2575 1073 2689 1118 tum
2738 1064 2839 1117 has
2890 1062 3161 1131 praecipue
3195 1060 3332 1113 duas
3382 1057 3583 1113 summi

2016 1159 2274 1215 momenti
2301 1174 2496 1213 causas
2526 1172 2649 1212 esse
2677 1155 2937 1224 intelligo.
2967 1153 3144 1222 Atque
3171 1160 3231 1206 ut
3260 1151 3326 1206 ab
3346 1166 3432 1215 ea,
3463 1162 3587 1220 qua

2016 1252 2149 1307 mihi
2179 1250 2356 1321 potior
2388 1250 2620 1313 videtur,
2651 1248 2930 1317 incipiam,
2965 1260 3089 1300 cum
3119 1252 3290 1301 totum
3322 1242 3451 1297 illud
3496 1256 3585 1298 res

2017 1358 2132 1408 eas,
2172 1358 2294 1412 quae
2327 1342 2526 1412 ubique
2558 1340 2768 1405 ﬁerent,
2816 1337 3064 1408 publicas
3096 1336 3149 1389 in
3192 1334 3407 1389 tabulas
3444 1331 3585 1388 refe-

2015 1435 2171 1490 rendi
2218 1433 2457 1489 studium
2489 1448 2519 1487 a
2562 1431 2766 1487 Graecis
2791 1430 2903 1501 jam
2950 1444 3126 1499 usque
3172 1428 3241 1483 ab
3288 1427 3444 1482 initio
3492 1440 3586 1480 ne-

2016 1529 2249 1599 glectum
2286 1526 2497 1589 fuisset,
2533 1526 2585 1579 id
2621 1539 2754 1580 sane
2802 1538 2926 1578 cum
2956 1521 3129 1577 errori
3164 1520 3398 1575 maxime
3441 1518 3585 1572 viam

2016 1618 2246 1688 aperuit,
2277 1627 2393 1672 tum
2428 1617 2494 1671 iis
2527 1615 2688 1670 etiam
2721 1615 2996 1675 omnibus,
3030 1611 3123 1681 qui
3157 1611 3222 1665 de
3252 1609 3412 1663 rebus
3441 1607 3587 1661 anti-

340 1735 448 1770 των
502 1714 887 1788 ἀρχαιοτάτους
938 1709 1076 1767 εἶναί
1122 1730 1255 1783 φασι
1301 1712 1428 1776 τοὺς
1478 1710 1584 1766 ὑπὸ
1616 1712 1913 1783 Δράκοντος

2016 1711 2302 1782 quioribus
2357 1708 2597 1764 scribere
2652 1707 2994 1777 cogitarent,
3060 1704 3332 1758 licentiam
3391 1700 3589 1755 obtulit

347 1801 526 1866 αὐτοῖς
559 1803 690 1874 περὶ
724 1803 831 1856 τῶν
876 1803 1110 1873 φονικῶν
1152 1803 1457 1875 γραφέντας
1492 1805 1714 1875 νόμους,
1745 1803 1907 1873 ὀλίγῳ

2016 1804 2236 1873 impune
2257 1800 2574 1857 mentiendi.
2604 1797 2715 1853 Nec
2742 1799 2887 1854 enim
2915 1798 3121 1867 reliqua
3147 1796 3411 1850 duntaxat
3437 1793 3587 1847 Grae-

347 1894 610 1965 πρότερον
661 1896 759 1964 τῆς
818 1896 1207 1967 Πεισιστράτου
1264 1895 1571 1967 τυραννίδος
1626 1894 1907 1966 ἀνθρώπου

2016 1911 2204 1952 corum
2236 1894 2385 1949 natio
2407 1893 2549 1948 hanc
2576 1892 2885 1947 tabularum
2909 1889 3367 1946 conﬁciendarum
3397 1900 3585 1941 curam

345 1985 647 2052 γεγονότος.
676 1986 811 2056 Περὶ
857 1978 955 2054 μὲν
1001 1987 1107 2058 γὰρ
1154 1985 1424 2057 Ἀρκάδων
1468 1985 1519 2039 τί
1566 1986 1670 2056 χρὴ
1700 1985 1906 2055 λέγειν,

349 2073 658 2144 αὐχούντων
703 2076 1072 2146 ἀρχαιότητα;
1120 2075 1270 2147 μόλις
1307 2075 1413 2147 γὰρ
1454 2070 1594 2129 οὗτοι
1637 2075 1729 2127 καὶ
1776 2074 1910 2144 μετὰ

347 2164 515 2218 ταῦτα
565 2166 887 2236 γράμμασιν
941 2166 1351 2237 ἐπαιδεύθησαν.
1412 2166 1540 2217 "Ars
1604 2165 1668 2234 δὴ
1731 2164 1909 2217 τοίνυν

347 2256 602 2326 οὐδεμιᾶς
650 2257 1096 2330 προϐεϐλημένης
1152 2258 1500 2329 ἀναγραφῆς,
1554 2257 1587 2326 ἦ
1642 2257 1734 2309 καὶ
1783 2256 1908 2318 τοὺς

350 2346 541 2416 μαθεῖν
575 2348 930 2420 βουλομένους
974 2348 1201 2413 διδάξειν
1243 2349 1452 2419 ἔμελλε,
1494 2350 1589 2401 καὶ
1624 2348 1748 2410 τούς
1776 2346 1909 2416 ψευ-

344 2435 600 2506 δομένους
653 2438 888 2507 ἐλέγξειν
910 2483 924 2507 ,
968 2440 1004 2513 ἡ
1063 2438 1231 2510 πολλὴ
1284 2439 1417 2511 πρὸς
1482 2438 1739 2509 ἀλλήλους
1792 2437 1911 2507 ὲγέ-

340 2552 464 2587 νετο
506 2533 765 2604 διαφωνία
789 2536 902 2598 τοῖς
945 2530 1335 2604 συγγραφεῦσι.
1396 2530 1662 2602 Δευτέραν
1690 2529 1748 2583 δὲ
1785 2528 1920 2601 πρὸς

341 2628 545 2697 ταύτην
592 2626 783 2681 θετέον
806 2625 1021 2697 ἐκείνην
1050 2624 1147 2696 τὴν
1177 2625 1378 2681 αἰτίαν.
1463 2624 1525 2675 Οἱ
1569 2621 1677 2694 γὰρ
1723 2621 1816 2675 ἐπὶ
1859 2620 1921 2674 τό

341 2720 570 2792 γράφειν
615 2718 954 2791 ὁρμήσαντες
986 2717 1046 2769 οὐ
1099 2716 1228 2796 περὶ
1280 2714 1377 2786 τὴν
1429 2713 1682 2785 ἀλήθειαν
1726 2712 1922 2766 ἐσπού-

340 2813 535 2879 δασαν,
585 2812 760 2867 καίτοι
791 2811 948 2864 τοῦτο
987 2808 1276 2881 πρόχειρον
1321 2807 1502 2870 αὐτοῖς
1545 2809 1692 2859 ἐστιν
1729 2807 1817 2858 ἀεὶ
1858 2804 1921 2857 τὸ

342 2905 696 2976 ἐπάγγελμα·
766 2903 939 2971 λόγων
985 2900 1041 2953 δὲ
1086 2899 1313 2970 δύναμιν
1363 2898 1773 2951 ἐπεδείκνυντοο
1825 2896 1921 2949 καὶ

342 2998 465 3053 καθ’
512 2999 694 3050 ὅντινα
738 2994 940 3065 τρόπον
981 2994 1040 3046 ἐν
1081 2994 1255 3062 τούτῳ
1300 2990 1767 3060 παρευδοκιμῆσαι
1794 2990 1921 3052 τοὺς

342 3090 535 3152 ἄλλους
562 3086 941 3156 ὑπελάμϐανον
961 3123 976 3147 ,
1012 3083 1154 3137 κατὰ
1194 3082 1380 3136 τοῦτον
1414 3080 1742 3153 ἡρμόζοντο⁸
1778 3080 1921 3143 τινὲς

345 3180 445 3252 μὲν
494 3179 587 3237 ἐπὶ
633 3176 694 3230 τὸ
729 3174 1043 3248 μυθολογεῖν
1091 3173 1457 3245 τραπόμενοι,
1507 3171 1652 3234 τινὲς
1703 3171 1759 3224 δὲ
1786 3170 1922 3241 πρὸς

341 3268 502 3343 χάριν
523 3308 538 3331 ,
589 3266 622 3339 ἣ
652 3266 749 3331 τὰς
782 3265 996 3330 πόλεις,
1038 3264 1070 3335 ἢ
1099 3264 1227 3326 τοὺς
1260 3262 1515 3333 βασιλέας
1541 3261 1885 3326 ἐπαινοῦντες
1904 3279 1917 3292 ·

340 3362 488 3415 ἄλλοι
532 3360 591 3414 δὲ
639 3359 732 3412 ἐπὶ
775 3357 837 3411 τὸ
886 3358 1209 3427 κατηγορεῖν
1254 3355 1362 3407 τῶν
1412 3353 1697 3425 πράξεων,
1752 3353 1922 3424 ἢτῶν

340 3453 692 3527 γεγραφότων
717 3448 1031 3521 ἐχώρησαν,
1079 3448 1456 3518 εὐδοκιμήσειν
1485 3448 1541 3501 ὲν
1571 3446 1743 3516 τούτῳ
1773 3448 1923 3517 νομί-

342 3551 544 3616 ζοντες.
610 3545 783 3608 Ὀλως
808 3543 866 3597 δὲ
896 3541 956 3594 τὺ
1010 3541 1227 3595 πάντων
1281 3540 1665 3594 ἐναντιώτατον
1714 3539 1925 3610 ἱστορίᾳ

344 3641 673 3714 πράττοντες
708 3632 1043 3689 διατελοῦσιν
1080 3631 1179 3701 τῆς
1227 3630 1325 3702 μὲν
1370 3630 1480 3702 γὰρ
1525 3629 1759 3699 ἀληθοῦς
1806 3630 1922 3681 ἐστι

344 3734 641 3805 τεκμήριον
674 3727 944 3799 ἱστορίας,
988 3726 1037 3777 εἰ
1058 3716 1200 3794 ’περὶ
1229 3722 1338 3776 τῶν
1369 3721 1550 3776 αὐτῶν
1583 3722 1821 3784 ἅπαντες
1854 3721 1923 3775 τὰ

348 3827 487 3884 αὐτὰ
534 3824 631 3879 καὶ
680 3822 889 3890 λέγοιεν
921 3818 1014 3872 καὶ
1044 3816 1340 3889 γράφοιεν·
1381 3817 1429 3868 οἱ
1482 3815 1574 3879 δὲ,
1626 3815 1675 3866 εί
1730 3814 1803 3885 μὴ
1854 3812 1925 3866 τὰ

348 3918 487 3973 αὐτὰ
540 3914 808 3989 γράψειαν
864 3911 1072 3981 ἑτέροις
1099 3951 1115 3976 ,
1176 3907 1349 3971 οὕτως
1406 3904 1718 3977 ἐνομίζοντο
1770 3904 1924 3960 αὐτοὶ

349 4006 629 4077 φαίνεσθαι
685 4004 901 4057 πάντων
959 3999 1330 4071 ἀληθέστατοι.
1388 4016 1408 4048 ι
1474 3995 1725 4050 Τοσαῦτα
1755 3995 1851 4049 καὶ
1895 3995 1924 4047 ὁ

356 4099 631 4170 Ἰώσηπος.
688 4095 787 4164 Είη
814 4094 856 4147 δ’
905 4091 971 4146 ἂν
1017 4090 1124 4144 τῶν
1152 4086 1456 4161 εἰρημένων
1510 4088 1924 4158 ὲπισφράγισμα

345 4192 441 4248 καὶ
466 4193 501 4264 ἡ
534 4189 799 4260 Διοδώρου
843 4183 1115 4258 μαρτυρία
1141 4223 1155 4246 ,
1212 4183 1280 4252 ἢν
1314 4180 1424 4233 ἀπὸ
1454 4178 1545 4232 τοῦ
1580 4178 1794 4250 πρώτου
1823 4180 1925 4250 τῆς

348 4282 706 4355 συναχθείσης
727 4277 875 4348 αὐτῷ
895 4274 1289 4343 Βιϐλιοθήκης
1317 4271 1727 4345 παραθήσομαι,
1752 4270 1923 4335 οὕτως

345 4377 573 4449 ἔχουσαν
608 4373 743 4445 πρὸς
776 4370 941 4435 λέξιν.

2012 1986 2195 2056 jacere
2221 1985 2471 2054 permisit
2499 2002 2511 2037 :
2551 1983 2644 2037 sed
2678 2000 2745 2038 ne
2769 1983 2912 2054 apud
2943 1982 3304 2037 Athenienses
3333 1978 3548 2047 quidem
3570 2016 3586 2041 ,

2017 2094 2156 2150 quos
2189 2088 2366 2133 tamen
2400 2086 2456 2131 et
2479 2078 2782 2148 indigenas,
2823 2084 2877 2129 et
2900 2073 3315 2143 disciplinarum
3345 2068 3590 2138 apprime

2018 2170 2294 2227 studiosos
2323 2183 2445 2223 esse
2489 2166 2689 2227 ferunt.
2737 2164 3032 2235 quidquam
3074 2161 3343 2231 ejusmodi
3384 2159 3586 2213 factum

2017 2260 2258 2331 reperias
2287 2277 2298 2311 :
2334 2273 2459 2312 cum
2489 2272 2518 2312 e
2562 2255 2794 2325 publicis
2822 2253 3041 2323 quidem
3072 2251 3290 2314 litteris,
3321 2248 3592 2317 antiquis-

2020 2354 2192 2409 simas
2220 2352 2367 2420 leges
2398 2366 2493 2405 eas
2530 2349 2699 2405 fuisse
2724 2349 2960 2411 tradant,
2993 2361 3130 2414 quas
3159 2343 3293 2414 ipsis
3325 2341 3499 2396 Draco
3524 2340 3592 2395 de

2021 2443 2164 2498 caede
2193 2442 2333 2505 tulit,
2371 2440 2534 2496 homo
2561 2439 2654 2510 qui
2713 2436 2933 2493 nonnisi
2963 2435 3125 2505 paulo
3165 2441 3289 2488 ante
3323 2430 3591 2487 Pisistrati

2019 2535 2365 2607 tyrannidem
2396 2534 2574 2588 lucem
2608 2539 2912 2602 aspexerat.
2943 2526 3078 2581 Nam
3106 2525 3378 2581 Arcadum
3407 2522 3595 2577 memi-

2022 2629 2170 2683 nisse
2213 2626 2344 2697 quid
2390 2625 2602 2691 attinet,
2634 2624 2727 2691 qui
2757 2637 2881 2677 cum
2913 2620 2978 2675 de
3009 2633 3106 2674 sua
3132 2624 3414 2685 tantopere
3439 2621 3596 2668 vctu-

2022 2728 2165 2773 slate
2193 2717 2516 2788 glorientur,
2547 2716 2639 2769 vix
2677 2722 2855 2767 tamen
2884 2712 3042 2765 etiam
3073 2716 3196 2779 post
3223 2708 3311 2761 illa
3347 2715 3593 2774 tempora

2020 2810 2324 2865 litterarum
2390 2808 2674 2863 informari
2741 2804 3053 2879 cognitione
3119 2797 3451 2868 cmperunt?
3513 2796 3593 2850 Ita

2020 2903 2203 2971 plane,
2228 2917 2351 2956 cum
2377 2900 2636 2954 vetustior
2662 2894 3090 2951 commentarius
3120 2891 3303 2944 nullus
3332 2894 3592 2950 exstaret,

2022 2991 2117 3060 qui
2168 2990 2253 3044 vel
2299 2991 2495 3043 docere
2526 2983 2769 3041 discendi
2819 2982 3087 3051 cupidos,
3135 2977 3220 3031 vel
3270 2972 3594 3029 mentientes

1945 3067 1989 3127 θ
2021 3097 2246 3153 arguere
2272 3087 2475 3149 posset,
2503 3075 2741 3131 maxima
2767 3082 2851 3128 est
2876 3072 3171 3139 scriptores
3196 3067 3334 3120 inter
3358 3062 3595 3117 excitata

2024 3175 2317 3232 dissensio.
2371 3172 2469 3226 Cui
2522 3180 2578 3224 tu
2626 3183 2806 3223 causae
2855 3167 3081 3221 alteram
3132 3162 3273 3216 hanc
3328 3159 3596 3227 adiungas

2022 3270 2170 3325 licet.
2212 3266 2316 3332 Qui
2346 3265 2491 3320 enim
2518 3263 2585 3318 ad
2626 3260 2971 3318 scribendum
3006 3270 3126 3311 sese
3158 3253 3525 3316 contulerunt,
3556 3249 3595 3303 ii

2022 3376 2133 3415 non
2178 3357 2421 3413 veritatis
2468 3357 2654 3423 utique
2693 3352 2875 3408 studio
2913 3349 3268 3409 ducebantur,
3317 3345 3443 3398 licet
3492 3342 3596 3397 hoc

2022 3451 2266 3523 proﬁteri
2317 3449 2560 3505 solemne
2587 3446 2792 3517 passim
2850 3440 3105 3498 omnibus
3165 3435 3596 3501 tralatitiumquc

2023 3522 2132 3600 sit:
2164 3542 2257 3597 sed
2296 3540 2407 3594 vim
2437 3537 2701 3593 orationis
2727 3548 2889 3589 unam
2920 3529 3300 3592 ostendebant,
3332 3532 3495 3593 atque
3520 3522 3593 3576 ita

2021 3648 2131 3700 quo
2145 3647 2204 3687 se
2221 3630 2451 3701 quisque
2469 3642 2664 3698 genere
2682 3626 2817 3679 alios
2833 3629 3214 3692 superaturum
3228 3632 3347 3671 csse
3363 3613 3596 3668 maxime

2023 3723 2351 3787 conﬁdebat,
2386 3722 2440 3776 in
2480 3736 2546 3775 eo
2598 3718 2913 3773 elaborabat
2954 3712 3272 3787 plurimum.
3317 3707 3458 3777 Ergo
3502 3703 3595 3759 alii

2023 3817 2238 3871 fabulas
2288 3823 2503 3877 texere,
2538 3812 2629 3865 alii
2670 3811 2952 3866 civitatum
2986 3813 3079 3859 aut
3110 3816 3298 3869 regum
3355 3798 3595 3853 benevo-

2022 3908 2245 3964 lentiam
2293 3915 2350 3962 et
2393 3904 2620 3976 gratiam
2670 3898 3077 3979 laudationibus
3120 3890 3388 3949 eblandiri
3417 3904 3598 3958 caepe-

2022 4009 2190 4056 runt:
2238 3979 2487 4054 nonnulli
2536 4010 2624 4051 res
2658 3995 2839 4064 ipsas,
2895 3998 2988 4045 aut
3036 3988 3251 4042 illarum
3303 3983 3597 4052 scriptorcs

2023 4104 2247 4159 carpere
2277 4104 2340 4143 ac
2374 4088 2684 4155 vituperare
2718 4082 3068 4140 maluerunt,
3104 4076 3250 4144 quod
3292 4073 3345 4125 in
3377 4086 3442 4125 eo
3476 4085 3599 4124 sese

2023 4180 2239 4236 facilius
2261 4179 2523 4235 excellere
2549 4190 2709 4245 posse
2735 4178 3034 4241 sperarent.
3063 4167 3330 4221 Caeterum
3355 4161 3443 4216 isti
3470 4175 3596 4214 cum

2022 4272 2269 4327 historice
2314 4270 2523 4340 legibus
2574 4266 2799 4320 omnino
2845 4266 3105 4331 pugnant.
3142 4256 3280 4311 Cum
3335 4253 3481 4307 enim
3529 4266 3596 4305 eo

2022 4362 2364 4432 potissimum
2383 4363 2701 4426 argumento
2718 4351 2957 4407 historia“:
2978 4346 3177 4402 veritas
3193 4341 3593 4412 comprobetur,

346 4472 391 4523 si
426 4470 504 4524 de
530 4467 691 4522 rebus
742 4462 935 4517 iisdem
980 4457 1168 4515 eadem
1219 4470 1409 4512 omnes
1454 4453 1808 4525 pronuntient
1856 4469 1921 4508 ac
1956 4453 2243 4518 scribant;
2297 4452 2371 4506 ita
2434 4463 2557 4505 sese
2644 4446 2857 4501 demum
2908 4440 2998 4496 isti
3050 4437 3286 4493 maxime
3359 4433 3598 4502 reliquos

344 4575 537 4619 omnes
564 4556 810 4613 veritatis
858 4553 1115 4623 opinione
1163 4562 1516 4620 superaturos
1548 4556 1855 4618 putarunt,
1911 4547 2031 4602 siab
2094 4544 2321 4615 reliquis
2384 4542 2622 4597 maxime
2671 4534 3023 4593 dissiderent.
3060 4551 3079 4584 ι
3129 4527 3401 4584 Hactenus
3434 4525 3596 4580 etiam

347 4665 635 4723 :csepnus.
677 4646 842 4720 480
876 4645 1121 4711 Quorum
1156 4617 1405 4698 omnium
1444 4617 1718 4711 quoddam
1760 4640 1919 4708 quasi
1952 4640 2189 4711 sigillum
2224 4648 2344 4693 esto
2375 4634 2593 4691 Diodori
2656 4628 3053 4688 testimonium,
3098 4622 3243 4695 quod
3309 4636 3374 4677 ex
3421 4617 3600 4690 primo

346 4744 591 4803 conflata:
614 4742 683 4797 ab
709 4756 774 4797 eo
793 4739 1135 4794 Bibliothecw
1161 4734 1521 4808 proferemus.
1556 4734 1647 4788 Sic
1675 4732 1817 4787 enim
1863 4733 1931 4787 ad
1968 4734 2193 4789 verbum
2235 4732 2417 4786 habet.

871 4900 1263 4957 ΚΕΦΑΛΑῙΟΝ
1308 4901 1355 4953 Η
1368 4907 1400 4951 ’.

481 5002 612 5055 Ἔτι
633 4997 767 5068 περὶ
798 4997 904 5051 τοῦ
931 4992 1117 5050 αὐτοῦ
1136 5033 1151 5057 ,
1178 4993 1296 5046 ἀπὸ
1325 4990 1443 5046 τῶν
1472 4989 1783 5058 Διοδώρου.

421 5111 441 5144 ι
460 5093 677 5147 Τούτων
701 5091 744 5145 δ’
770 5092 903 5161 ἡμῖν,
925 5088 1036 5157 (45)
1065 5087 1341 5156 διευκρινη
1352 5084 1525 5154 μένων
1546 5123 1559 5148 ,
1599 5082 1787 5154 ῥητέον
1809 5082 1922 5139 ὅσοι

346 5185 454 5238 τῶν
498 5184 628 5256 παρ’
679 5181 904 5253 Ἕλλησι
961 5176 1358 5247 δεδοξασμένων
1414 5175 1508 5227 ἐπὶ
1566 5174 1775 5227 συνέσει
1830 5172 1924 5229 καὶ

347 5276 568 5346 παιδείᾳ
615 5272 922 5345 παρέϐαλον
972 5272 1053 5333 εἰς
1101 5268 1374 5336 Αἴγυπτον
1417 5269 1474 5320 ἐν
1524 5268 1636 5329 τοῖς
1677 5262 1925 5335 ἀρχαίοις

348 5372 559 5443 χρόνοις
579 5409 594 5432 ,
631 5371 717 5423 ἵνα
755 5366 861 5420 τῶν
891 5365 1123 5418 ἐνταῦθα
1155 5362 1401 5433 νομίμων
1429 5362 1521 5413 καὶ
1552 5358 1796 5421 παιδείας
1831 5374 1926 5428 με-

348 5464 643 5532 τάσχωσιν.
707 5461 771 5513 Οἱ
807 5459 917 5532 γὰρ
946 5458 1114 5528 ἱερεῖς
1153 5454 1259 5507 τῶν
1288 5452 1595 5521 Αἰγυπτίων
1624 5449 1925 5521 ἱστοροῦσιν

350 5557 413 5606 ὲκ
579 5530 911 5623 ἀναγραφῶν
942 5548 1050 5601 τῶν
1090 5550 1144 5599 έν
1174 5548 1293 5607 ταῖς
1322 5546 1491 5614 ἱεραῖς
1524 5542 1725 5613 βίϐλοις
1747 5556 1923 5610 παρα-

349 5644 534 5698 ϐαλεῖν
577 5630 717 5715 πρὸς
736 5643 960 5704 ἑαυτοὺς
1001 5638 1203 5710 Ὀρφέα
1231 5654 1289 5689 τε
1336 5636 1429 5689 καὶ
1474 5637 1777 5699 Μουσαῖον,
1829 5635 1923 5685 καὶ

353 5779 535 5904 ἐλέει)
552 5774 1018 5860 ’Ἐξετασθῆι-αι.
1048 5770 1439 5842 Corrigendum
1464 5784 1527 5824 ex
1551 5766 1787 5837 Josepho
1810 5775 1920 5822 est:

385 5871 411 5904 ε
485 5865 636 5904 mne.

385 5865 413 5917 ς
445 5865 636 5920 αρχης·

1954 4901 2002 4960 D

2624 4875 2850 4933 CAPUT
2882 4873 3013 4927 Vill.

2278 4976 2363 5031 Ex
2398 4974 2625 5029 Diodoro
2654 4973 2704 5024 in
2728 4969 2963 5023 eamdem
2992 4963 3320 5019 sententiam.

2107 5092 2125 5125 ι
2157 5071 2274 5138 His,
2307 5068 2504 5139 inquit,
2535 5082 2565 5120 a
2596 5063 2750 5119 nobis
2766 5062 3048 5130 diligenter
3067 5053 3382 5115 enucleatis,
3416 5058 3601 5104 osten-

2031 5165 2268 5222 dendum
2304 5162 2462 5217 nobis
2489 5171 2590 5222 εει,
2621 5171 2784 5227 quam
2816 5151 2970 5207 multi
3004 5149 3315 5204 Graecorum
3358 5158 3469 5197 non
3498 5142 3601 5209 mi—

2033 5273 2136 5312 nus
2187 5252 2516 5325 prudentia,
2570 5262 2733 5319 quam
2786 5242 3092 5298 eruditione
3152 5242 3490 5307 praestantes,
3543 5232 3598 5284 in

2031 5348 2324 5419 Egyptum
2357 5345 2487 5398 olim
2527 5339 2752 5410 profecti
2782 5337 2913 5401 sint,
2950 5342 3007 5386 ut
3036 5330 3156 5401 ejus
3194 5327 3378 5398 populi
3418 5339 3605 5379 mores

2029 5441 2401 5508 doctrinaeque
2430 5448 2600 5506 genus
2633 5435 3043 5500 cognoscerent.
3075 5422 3366 5475 Enimvero
3415 5431 3600 5470 sacer-

2030 5536 2184 5588 dotes
2223 5528 2459 5599 JEgyplii
2510 5537 2792 5579 sacrorum
2825 5519 3085 5572 librorum
3120 5510 3442 5566 auctoritate
3471 5522 3601 5572 coq-

2032 5629 2272 5684 ﬁrmant,
2328 5621 2393 5675 ad
2429 5634 2561 5672 suos
2609 5615 2885 5683 Orpheum
2938 5606 3251 5678 aliquando,
3291 5600 3553 5656 Musarum
3584 5637 3604 5668 ,ι

2105 5759 2216 5827 (45)
2255 5757 2495 5827 Τούτωνᾉ
2510 5753 2560 5827 δ’
2591 5750 2763 5827 ἡμῖνζ
2784 5745 3000 5827 Diodori
3031 5745 3186 5827 locus
3228 5748 3314 5796 est
3337 5754 3404 5795 ex
3453 5736 3553 5807 lib...

2032 5815 2441 5897 ΒίὶιιὶοἰΙιηριιίζ.
2468 5823 2558 5889 86,
2574 5815 2697 5877 edit,
2727 5815 3066 5877 Graeco-Lat.
