4194 6412
617 354 720 409 799

1249 352 1525 409 EUSEBII
1560 355 2039 411 CIESARiENSIS
2073 355 2223 412 OPP.
2265 354 2445 410 PARS
2481 354 2544 409 ll.
2580 385 2649 396 --
2689 353 3189 410 APOLOGETICA.

3758 359 3863 415 800

617 466 1028 538 Melampodem,
1062 480 1126 521 ac
1155 462 1465 531 Daedalum,
1512 483 1726 527 necnon
1778 478 1833 525 et
1891 470 2184 526 Homerum

2288 468 2654 540 Μελάμποδα,
2685 470 2779 522 καὶ
2811 468 3065 523 Δαίδαλον
3083 510 3099 534 ,
3132 468 3267 539 πρὸς
3294 469 3351 522 δὲ
3379 469 3590 534 τούτοις
3621 469 3865 544 Ὅμηρόν

618 568 855 629 poetam,
886 558 1191 629 Lycurgum
1223 556 1573 626 Spartiatem,
1607 558 1860 615 Solonem
1890 563 2184 616 Athenien-

616 664 754 716 sem,
784 647 1067 703 Platonem
1091 648 1502 719 philosophum,
1530 650 1890 723 Pythagoram
1916 652 2183 719 Samium,

616 740 901 794 Eudoxum
926 740 1373 797 mathematicum
1395 784 1410 810 ,
1447 741 1815 799 Democritum
1847 746 2184 816 Abderitam,

614 842 666 888 et
695 832 1034 903 (Enopidam
1067 834 1264 889 Chium
1295 837 1615 892 accessisse.
1664 837 1908 905 Quorum
1956 842 2032 895 illi
2066 858 2186 897 mo.

613 934 867 980 numeuta
901 925 1149 995 quaadam
1179 927 1481 981 etiamnum
1515 941 1922 998 repraesentant,
1952 932 2184 988 aliorum

613 1017 835 1086 quidem
896 1020 1183 1089 imagines,
1213 1018 1445 1073 aliorum
1477 1036 1626 1091 vero,
1655 1024 1852 1092 partim
1891 1024 2030 1091 loca,
2065 1042 2185 1096 par-

612 1109 709 1165 tim
757 1125 920 1180 opera
950 1113 1197 1182 quaedam
1230 1113 1472 1183 ipsorum
1508 1116 1881 1183 cognomentis
1927 1117 2181 1187 insignia.

613 1200 922 1267 Quinetiam
948 1219 1015 1258 ex
1047 1206 1310 1275 singulari
1337 1208 1604 1277 cujusque
1638 1222 1699 1261 ac
1728 1208 1947 1277 preprio
1974 1207 2182 1261 doctri-

613 1309 700 1349 na:
732 1311 928 1365 genere
956 1298 1009 1351 id
1041 1298 1217 1367 ipsum
1251 1299 1542 1354 manifeste
1586 1300 1867 1369 colligunt,
1900 1301 2029 1354 dum
2063 1314 2180 1367 eos,

611 1387 876 1456 quidquid
925 1397 1133 1443 tantum
1174 1391 1309 1460 ipsis
1363 1392 1505 1461 apud
1550 1390 1768 1448 Grtccos
1806 1391 2183 1447 admirationis

610 1477 840 1545 peperit,
890 1478 943 1531 id
992 1486 1165 1534 totum
1217 1495 1282 1534 ex
1317 1480 1553 1551 Egypto
1597 1482 1913 1551 deportasse
1955 1482 2184 1536 demon-

611 1574 808 1621 strant.
841 1568 1073 1640 Quippe,
1102 1570 1378 1641 Orpheum
1421 1575 1567 1628 enim
1595 1583 1801 1644 partem
1830 1574 2182 1645 mysticorum

612 1672 896 1715 sacrorum
929 1663 1248 1728 maximam,
1280 1680 1510 1734 quaeque
1538 1663 1605 1719 de
1631 1665 1802 1734 ipsius
1824 1680 2006 1720 errore
2030 1666 2184 1737 orgia

610 1750 976 1817 celebrantur,
1012 1769 1076 1808 ac
1106 1763 1274 1809 totam
1315 1756 1462 1810 illam
1504 1757 1804 1811 inferorum
1839 1756 2079 1810 fabulam
2112 1757 2182 1811 ab

2284 578 2343 615 τε
2387 561 2479 615 τὸν
2537 561 2802 633 ποιητὴν,
2869 563 2962 616 καὶ
3006 561 3321 632 Λυκοῦργον
3351 560 3441 616 τὸν
3484 562 3860 636 Σπαρτιάτην·

2284 651 2364 705 ἔτι
2417 652 2469 705 δὲ
2517 653 2731 706 Σόλωνα
2778 652 2871 705 τὸν
2931 652 3212 722 Ἀθηναῖον
3234 691 3249 716 ,
3306 652 3400 705 καὶ
3458 652 3723 708 Πλάτωνα
3773 655 3866 709 τὸν

2286 742 2594 813 φιλόσοφον.
2669 741 2873 795 Ἐλθεῖν
2900 743 2957 796 δὲ
3001 743 3097 795 καὶ
3143 741 3465 814 Πυθαγόραν
3507 744 3599 797 τὸν
3640 745 3865 817 Σάμιον,

2286 836 2380 889 καὶ
2403 836 2494 890 τὸν
2520 836 2899 907 μαθηματικὸν
2922 835 3147 902 Εὔδοξον
3172 874 3187 900 ,
3213 834 3292 889 ἔτι
3335 835 3391 890 δὲ
3411 837 3506 889 καὶ
3526 837 3865 910 Δημόκριτον

2283 927 2377 981 τὸν
2422 928 2778 1000 Ἀϐδηρίτην,
2833 928 2926 981 καὶ
2973 926 3257 998 οἰνοπίδην
3284 927 3377 981 τὸν
3418 929 3568 982 Χῖον.
3640 930 3867 985 Πάντων

2285 1018 2341 1072 δὲ
2380 1018 2586 1072 τούτων
2630 1021 2832 1090 σημεῖα
2861 1018 3200 1084 δεικνύουσι,
3249 1018 3357 1073 τῶν
3409 1022 3506 1092 μὲν
3532 1060 3549 1086 ,
3615 1022 3863 1091 εἰκόνας,

2282 1110 2392 1162 τῶν
2419 1108 2476 1162 δὲ
2505 1108 2685 1162 τόπων
2730 1109 2763 1178 ἢ
2816 1110 3356 1181 κατασκευασμάτων
3402 1110 3511 1182 (46)
3541 1112 3862 1185 ὁμωνύμους

2282 1200 2673 1272 προσηγορίας.
2745 1200 2849 1253 Ἐκ
2877 1215 2937 1252 τε
2969 1200 3067 1272 τῆς
3112 1201 3327 1271 ἑκάστῳ
3368 1199 3705 1273 ζηλωθείσης
3734 1222 3863 1257 παι-

2280 1292 2428 1355 δείας
2462 1290 2763 1358 ἀποδείξεις
2803 1292 3069 1363 φέρουσι,
3111 1294 3454 1358 συνιστάντες
3491 1294 3549 1359 ἐξ
3583 1296 3862 1363 Αἰγύπτου

2285 1383 2694 1457 μετενηνοχέναι
2740 1383 2917 1437 πάντα
2941 1423 2956 1448 ,
3015 1383 3083 1436 δι’
3132 1377 3206 1438 ὧν
3258 1385 3412 1457 παρά
3457 1390 3571 1449 τοῖς
3602 1386 3861 1458 Ἕλλησιν

2282 1474 2721 1546 ἐθαυμάσθησαν.
2803 1476 3004 1548 ὐρφέα
3045 1477 3142 1548 μὲν
3180 1476 3289 1549 γὰρ
3321 1478 3429 1532 τῶν
3464 1479 3737 1549 μυστικῶν
3770 1496 3864 1533 τε·

2281 1563 2449 1619 λετῶν
2502 1564 2571 1617 τά
2605 1563 2830 1618 πλεῖστα
2851 1604 2866 1629 ,
2923 1566 3017 1619 καὶ
3042 1565 3112 1619 τά
3147 1567 3275 1637 περὶ
3304 1568 3403 1637 τὴν
3428 1567 3620 1622 ἑαυτοῦ
3652 1569 3865 1641 πλάνην

2283 1656 2394 1728 (47)
2433 1657 2817 1730 ὀργιαζόμενα,
2848 1660 2943 1711 καὶ
2981 1658 3079 1728 τὴν
3116 1658 3224 1713 τῶν
3252 1660 3309 1712 έν
3348 1659 3474 1730 ᾅδου
3513 1659 3862 1730 μυθοποιίαν,

2283 1751 2410 1819 παρ’
2425 1748 2737 1818 Αἰγυπτίων
2760 1749 3186 1818 ἀπενέγκασθαι.
3215 1751 3327 1822 Τὴν
3352 1750 3575 1822 μὲνγὰρ
3601 1752 3863 1825 Ὀσίριδος

610 1841 883 1915 Egyptiis
929 1846 1227 1901 derivasse.
1285 1845 1422 1901 Nam
1477 1857 1531 1903 et
1578 1849 1808 1904 Osiridis
1865 1849 2177 1920 religiones,

2282 1839 2502 1911 τελετὴν
2522 1844 2588 1912 τῇ
2616 1840 2867 1895 Διονύσου
2887 1841 2985 1912 τὴν
3017 1841 3184 1912 αὐτὴν
3205 1821 3344 1895 εἶναι
3361 1858 3377 1872 ·
3403 1842 3502 1913 τὴν
3522 1821 3578 1895 δὲ
3603 1843 3702 1913 τῆς
3724 1821 3862 1896 Ἶσι-

609 1935 732 1990 illas
779 1936 926 2006 ipsas
958 1953 1099 2001 esse,
1143 1954 1281 2007 quas
1333 1938 1545 1994 Baccho
1594 1940 1864 2004 attribuit,
1918 1949 1974 1995 et
2023 1939 2179 1997 lsidis

610 2029 751 2083 inter
791 2028 1117 2098 Cererisque
1165 2031 1374 2085 cultum
1427 2030 1742 2087 allinitatem
1791 2047 1912 2087 esse
1964 2048 2180 2102 perma-

609 2135 792 2191 gnam,
818 2122 1064 2192 adeoque
1097 2124 1269 2178 solam
1304 2123 1586 2179 nominum
1619 2125 1975 2180 mutationem
2011 2124 2179 2179 inter-

608 2227 752 2268 esse.
784 2213 940 2280 Quod
978 2224 1157 2268 autem
1200 2225 1255 2269 et
1299 2215 1593 2286 impiorum
1624 2216 1766 2286 apud
1794 2213 1998 2269 inferos
2044 2229 2177 2285 sup—

608 2302 792 2374 plicia,
840 2311 895 2357 et
940 2318 1094 2372 prata
1148 2305 1362 2374 piorum
1410 2306 1817 2371 amoenissima,
1863 2314 1918 2359 et
1961 2303 2180 2361 ﬁctitias

608 2393 733 2449 illas
768 2395 1082 2466 passimque
1130 2397 1377 2466 vulgatas
1430 2406 1770 2451 mortuorum
1819 2396 2044 2452 umbras
2095 2396 2180 2451 in-

608 2488 854 2552 vexerit,
913 2488 965 2542 iu
1020 2488 1085 2543 iis
1144 2491 1398 2544 omnibus
1448 2490 1720 2545 solemnes
1781 2490 1832 2546 in
1892 2488 2176 2545 funeribus

608 2577 988 2649 Egyptiorum
1015 2580 1155 2636 ritus
1188 2581 1458 2635 imitatum
1499 2580 1687 2634 fuisse.
1713 2578 1847 2634 Nam
1876 2580 2046 2635 veteri
2075 2578 2174 2634 ιΕ-

606 2671 915 2741 gyptiornm
966 2671 1239 2733 instituto,
1276 2671 1605 2726 Mercurium
1660 2671 1810 2727 illum
1843 2670 2175 2727 deducendis

606 2759 893 2814 animabus
917 2761 1292 2830 prepositum,
1317 2760 1505 2830 Apidis
1528 2760 1846 2829 corpus,uhi
1870 2760 1939 2815 ad
1968 2769 2177 2815 certum

607 2864 784 2919 usque
836 2850 1015 2904 locum
1048 2850 1383 2920 perduxerit,
1436 2857 1550 2903 tum
1602 2850 1787 2903 nescio
1834 2849 1920 2904 cui
1969 2848 2178 2903 dimidii

2278 1932 2368 1996 δος
2396 1937 2463 2004 τῇ
2486 1934 2587 2004 τῆς
2618 1935 2905 2006 Δήμητρος
2931 1934 3271 2004 όμοιωτάτην
3296 1934 3563 2006 ὑπάρχειν
3586 1976 3601 2000 ,
3625 1935 3733 1989 τῶν
3752 1937 3862 1990 ὀνο-

2282 2023 2467 2093 μάτων
2501 2024 2677 2094 μόνων
2709 2024 3152 2094 ἐνηλλαγμένων·
3184 2023 3284 2088 τάς
3315 2024 3372 2077 δὲ
3402 2023 3614 2079 ἀσεϐῶν
3641 2027 3700 2079 ὲν
3738 2026 3863 2097 ᾅδου

2283 2116 2583 2187 τιμωρίας,
2615 2117 2855 2181 καὶτοὺς
2883 2116 2990 2170 τῶν
3016 2115 3255 2170 εὐσεϐῶν
3291 2116 3561 2187 λειμῶνας
3585 2158 3600 2183 ,
3639 2119 3733 2172 καὶ⁵
3765 2118 3860 2183 τὰς

2284 2207 2433 2278 παρά
2454 2210 2565 2271 τοῖς
2584 2206 2796 2271 πολλοῖς
2815 2206 3181 2271 εἰδωλοποιίας
3209 2207 3701 2279 ἀναπεπλασμένας
3725 2225 3858 2281 παρ-

2285 2300 2595 2365 εισαγαγεῖν
2610 2336 2626 2362 ,
2654 2299 3028 2369 μιμησάμενον
3045 2298 3114 2352 τὰ
3135 2315 3201 2352 πε
3209 2300 3262 2371 pi.
3283 2298 3378 2364 τὰς
3394 2298 3572 2368 ταφάς
3605 2300 3705 2365 τὰς
3744 2305 3861 2356 κατ’

2284 2388 2575 2455 Αἴγυπτον.
2636 2388 2739 2442 Τὸν
2770 2389 2869 2460 μὲν
2894 2390 3003 2462 γάρ
3030 2390 3387 2461 ψυχοπομπὸν
3428 2391 3634 2463 Ἑρμῆν
3653 2431 3669 2457 ,
3725 2393 3863 2446 κατά

2282 2480 2344 2534 τὸ
2365 2480 2592 2535 παλαιὸν
2618 2482 2847 2553 νόμιμον
2878 2486 3006 2556 παρ’
3029 2484 3343 2553 Αἰγυπτίοις
3359 2522 3375 2549 ,
3407 2485 3751 2554 ἀναγαγόντα
3773 2484 3863 2539 τοῦ

2284 2571 2508 2634 Ἀπιδος
2530 2570 2590 2623 τὸ
2620 2570 2780 2641 σῶμα
2812 2571 2972 2643 μέχρι
2992 2573 3135 2637 τινὸς
3158 2615 3172 2640 ,
3221 2573 3571 2645 παραδιδόναι
3599 2574 3676 2644 τῷ
3704 2593 3861 2648 περι-

2279 2662 2515 2734 κειμένῳ
2554 2662 2651 2734 τὴν
2685 2661 2780 2716 τοῦ
2816 2663 3094 2735 Κερϐέρου
3134 2666 3456 2737 περιτομήν.
3509 2664 3613 2718 Τοῦ
3652 2666 3708 2720 δὲ
3744 2668 3849 2738 Ὀρι

2281 2754 2424 2823 φέως
2461 2752 2619 2808 τοῦτο
2655 2754 3067 2821 καταδείξαντος
3108 2757 3261 2829 παρά
3297 2761 3409 2822 τοῖς
3451 2757 3670 2829 Ἕλλησι
3698 2800 3714 2825 ,
3770 2758 3859 2813 τὸν

2286 2847 2530 2918 Ὅμηρον
2583 2847 2892 2911 ἀκολούθως
2920 2851 3095 2920 τούτῳ
3130 2848 3301 2902 θεῖναι
3326 2849 3466 2903 κατά
3493 2850 3591 2922 τὴν
3620 2850 3858 2921 ποίησιν·

606 2938 828 2994 Cerberi
856 2941 1064 2995 larvam
1096 2942 1287 2996 induto
1322 2942 1536 2997 tradere
1565 2943 1809 2997 solitum.
1845 2941 1903 2996 id
1937 2939 2187 3012 Orpheus
2224 2954 2349 2995 cum
2385 2938 2591 2996 Graecis
2657 2939 2972 2995 hominibus
3041 2940 3355 3008 indicasset,
3404 2939 3700 2997 Homerum
3742 2942 3860 3014 ejus

605 3030 801 3086 deinde
851 3041 1100 3086 secutum
1152 3034 1397 3103 vestigia,
1444 3036 1559 3091 suis
1597 3036 1671 3090 ita
1730 3036 1977 3091 versibus
2027 3033 2326 3090 inseruisse
2366 3048 2382 3086 :

731 3198 898 3264 trgum
923 3194 1110 3247 dextra
1147 3196 1300 3265 gerit.
1346 3215 1365 3249 ι

606 3304 749 3361 Tum
799 3307 922 3361 aliis
971 3308 1220 3363 eamdem
1291 3309 1348 3363 in
1401 3325 1516 3365 rem
1565 3310 2033 3379 commemoratis,
2101 3310 2177 3367 ita

610 3400 1012 3470 prosequitum
1031 3400 1421 3471 Melampodem
1435 3418 1652 3473 quoque
1669 3401 1873 3467 ferunt,
1894 3412 2064 3459 statas
2085 3417 2177 3459 so-

608 3487 926 3557 lemnesque
947 3486 1260 3543 Graecorum
1297 3488 1351 3542 in
1375 3490 1546 3545 sacris
1569 3490 1768 3546 Bacchi
1796 3490 2176 3558 caeremonias,

607 3594 735 3634 cum
771 3579 839 3634 iis
863 3595 983 3650 quae
1010 3581 1097 3635 vel
1134 3580 1202 3636 de
1227 3581 1485 3650 Saturno,
1517 3585 1603 3638 vel
1628 3585 1694 3640 de
1721 3586 2017 3641 commisso
2051 3600 2175 3640 cum

607 3667 898 3725 Titanibus
931 3673 1250 3738 certamine,
1284 3674 1367 3729 vel
1399 3674 1625 3730 omnino
1648 3675 1715 3732 de
1745 3676 2031 3731 numinum
2056 3691 2180 3732 suo-

609 3777 733 3816 rum
769 3763 992 3817 casibus
1026 3762 1360 3832 fabulantur,
1392 3781 1458 3820 ex
1512 3765 1750 3838 Egypto
1810 3768 2173 3823 transtulisse.

607 3849 680 3907 At
699 3866 829 3906 vero
850 3850 1122 3907 Daedalum
1148 3854 1267 3923 ejus
1296 3855 1589 3927 labyrinthi
1617 3857 1876 3913 ﬂexiones
1905 3857 2175 3913 imitatum

608 3956 753 4007 esse,
776 3942 921 4012 quia
952 3942 1216 4011 Mendete,
1253 3956 1313 4002 ut
1345 3949 1593 4003 nonnulli
1620 3949 1860 4015 tradunt,
1887 3951 1972 4004 vel
1994 3959 2054 4005 ut
2077 3950 2178 4005 ali-

608 4032 659 4089 is
684 4034 880 4103 placet,
908 4050 939 4089 a
978 4034 1111 4090 Mari
1135 4052 1280 4108 rege,
1319 4040 1505 4096 multis
1527 4050 1820 4111 antequam
1868 4040 2046 4097 Minos
2086 4056 2174 4096 re-

607 4134 799 4195 gnaret
823 4125 1005 4190 annis,
1036 4126 1354 4193 aediﬁcatus,
1390 4127 1458 4182 ad
1482 4128 1805 4184 hodiernum
1833 4143 2005 4199 usque
2031 4129 2173 4183 diem

605 4214 819 4270 visitur.
846 4214 1153 4281 Quinetiam
1184 4217 1325 4273 idem
1353 4218 1489 4273 artis
1523 4217 1801 4289 ingenium
1834 4219 1887 4273 in
1935 4218 2175 4287 antiquis

606 4299 986 4373 Egyptiorum
1020 4304 1194 4375 signis
1226 4306 1527 4361 etiamnum
1589 4322 1872 4378 apparere,
1909 4324 2020 4378 quo
2058 4307 2177 4363 Da:-

606 4393 717 4447 dali
747 4394 889 4464 apud
919 4393 1138 4452 Graecos
1176 4408 1369 4453 statuae
1392 4400 1871 4454 commendantur:
1899 4400 2172 4468 eumdem,

605 4486 753 4554 quod
788 4486 1255 4556 elegantissimum
1295 4492 1437 4559 apud
1461 4489 1754 4560 Memphim
1781 4489 2008 4546 Vulcani
2038 4500 2174 4546 tem-
2201 4488 2251 4547 Ι)

604 4576 681 4645 pli
720 4578 1050 4633 vestibulum
1106 4580 1414 4636 admirabili
1459 4582 1693 4637 artiﬁcio
1738 4584 2173 4649 construxisset,

605 4667 841 4738 ligneam
868 4668 924 4723 in
948 4670 1138 4725 eodem
1170 4673 1371 4741 templo
1406 4683 1644 4728 statuam
1669 4676 1784 4729 suis
1842 4675 2013 4745 ipsius
2062 4690 2178 4730 ma-

605 4757 770 4813 nibus
791 4758 1161 4826 elaboratam;
1199 4761 1311 4816 imo
1338 4762 1568 4830 ,divinos
1605 4764 1773 4818 etiam
1817 4764 2076 4831 honores,
2105 4765 2178 4820 oh

605 4849 936 4919 singularem
970 4852 1101 4907 artis
1126 4853 1522 4922 excellentiam,
1554 4870 1661 4924 qua
1698 4864 1753 4910 et
1790 4871 2044 4925 magnum
2072 4857 2174 4911 sibi

604 4953 807 4996 nomen
839 4940 1168 5011 confecerat,
1202 4952 1257 4999 et
1284 4960 1425 5000 nova
1463 4945 1724 5017 pleraque
1754 4948 2175 5017 excogitaverat,

677 5069 790 5142 (46)
830 5074 1031 5150 Τόπωξ⁸
1067 5074 1107 5150 ἢ
1134 5092 1582 5149 κατασκευασμ.
1618 5080 1893 5150 Interpres
1934 5081 2175 5149 Diodori,

604 5139 907 5217 desumpta;
938 5161 971 5197 a
996 5139 1125 5199 locis
1157 5158 1249 5217 aut
1274 5139 1933 5217 operibus'appellationes.
1962 5139 2178 5209 ﬂectius

605 5212 785 5267 visum
812 5223 913 5277 est,
939 5212 1531 5290 pa_rtt'm_loca,’iparlim
1564 5212 1722 5289 opera
1747 5223 2008 5290 quantum,
2039 5224 2179 5289 ipso-

607 5297 729 5364 rum
755 5286 1098 5364 "cognominis
1130 5286 1390 5364 insignit}.
1421 5286 1893 5364 Quomodouenim
1930 5286 2177 5364 in'AEgy-

603 5361 721 5476 ἕω,
750 5353 1062 5409 Graecorum
1094 5353 1542 5428 philosophorum
1582 5359 1970 5429 appellationes
1996 5353 2177 5417 osten-

645 5435 817 5476 erent.
846 5440 878 5476 a
918 5424 1052 5476 locis
1085 5428 1410 5476 oneribusve
1460 5429 1810 5476 desummns?
1859 5430 2038 5476 aniln
2078 5449 2177 5476 nn-

645 5435 817 5487 erent,
846 5440 898 5499 a_
918 5424 1052 5480 locis
1085 5424 1410 5499 opet'ibust'e
1460 5424 1810 5499 desumptas?
1858 5430 2038 5486 Facile
2077 5449 2177 5487 au-

606 5494 1003 5572 tem,_et_loca
1046 5494 1334 5572 quaedam,
1385 5509 1439 5553 et
1484 5494 1670 5568 opera'
1701 5500 1945 5569 ipsorum
1976 5517 2178 5572 cogno-

604 5563 806 5638 mentis
860 5563 1095 5638 insignia
1136 5569 1424 5623 ostendere
1456 5563 1792 5638 potuerunt:
1843 5587 1967 5627 cum
2015 5563 2089 5627 ibi
2125 5581 2179 5627 et

606 5631 796 5697 perdiu
825 5631 1024 5688 versa—ti
1073 5645 1293 5703 essent,
1337 5650 1391 5691 et
1444 5631 1705 5693 nonnulla
1751 5641 2032 5695 industriae
2065 5659 2178 5696 suae

607 5705 1360 5780 monumentanreliquissenl.
1408 5706 1523 5780 Hyc
1546 5718 1747 5780 autem
1778 5713 2011 5778 pertinet
2044 5713 2175 5767 illud

611 5767 918 5840 Strabonis,
937 5773 1030 5830 lib.
1050 5767 1163 5831 n'u
1190 5792 1204 5827 :
1244 5777 1392 5830 Ἐκεῖ
1417 5774 1510 5831 οὖν
1538 5777 1625 5841 (de
1649 5767 1883 5841 Εανυιο
1913 5782 2173 5839 loauituri

604 3122 766 3247 5%]
800 3122 1135 3193 Heroumque
1174 3126 1381 3180 animas
1413 3126 1685 3197 Cyllenius
1717 3135 1894 3182 evocat
1925 3126 2179 3194 Hermes;

731 3198 898 3247 imam
923 3194 1110 3247 dextra
1148 3196 1300 3247 aerit.
1346 3215 1365 3247 ι

2296 3120 2506 3193 Ἐρμῆς
2529 3122 2597 3178 δὲ
2622 3124 2827 3195 ψυχὰς
2858 3096 3199 3190 Κυλλήνιοξ
3223 3124 3565 3189 ἐξεκαλεῖτο

2295 3193 2548 3247 Ἀνδρῶν
2575 3195 2784 3247 ’ἡρώων
2803 3211 2817 3225 ·
2844 3194 2947 3247 ἕγε
2959 3192 3026 3246 δὲ
3041 3193 3259 3247 ὀάὅδον
3286 3195 3430 3247 αετὰ
3456 3213 3565 3247 γεω

2295 3193 2548 3262 Ἀνδρῶν
2803 3211 2817 3225 ·
2844 3194 2947 3264 ἔχε
2959 3192 3259 3262 δὲρἀδον
3280 3195 3430 3264 μετὰ
3451 3194 3667 3266 χερσίν
3691 3192 3854 3266 (48).»

2282 3304 2422 3363 Εἶτα
2469 3307 2630 3361 πάλιν
2674 3307 2878 3380 προϐὰς
2924 3307 3195 3376 ἐπιλέγει·
3244 3327 3262 3361 ι
3301 3306 3637 3379 Μελάμποδα
3670 3306 3858 3379 (49)δό

2283 3417 2415 3469 φασι
2457 3402 2800 3470 μετενεγκεῖν
2840 3399 2898 3465 ἐξ
2944 3400 3218 3468 Αἰγύπτου
3275 3398 3342 3452 τὰ
3374 3399 3611 3469 Διονύσῳ
3640 3398 3858 3470 νομιζό-

2285 3510 2421 3565 μενα
2446 3492 2716 3546 τελεῖσθαι
2745 3490 2896 3563 παρὰ
2926 3495 3038 3555 τοῖς
3072 3491 3315 3559 Ἕλλησι,
3345 3490 3438 3543 καὶ
3470 3489 3537 3543 τά
3562 3490 3691 3559 περὶ
3716 3491 3860 3562 Κρό·

2282 3603 2375 3638 νου
2413 3583 2872 3656 μυθολογούμενα,
2907 3583 3001 3635 καὶ
3037 3582 3104 3635 τά
3135 3583 3261 3652 περὶ
3300 3582 3398 3652 τῆς
3435 3581 3857 3652 Τιτανομαχίας,

2282 3676 2377 3729 καὶ
2407 3674 2469 3728 τὸ
2499 3673 2715 3727 σύνολον
2744 3672 2842 3743 τὴν
2873 3673 3001 3744 περὶ
3030 3673 3100 3726 τά
3122 3672 3275 3744 πάθη
3300 3672 3405 3725 τῶν
3432 3671 3567 3725 θεῶν
3593 3673 3856 3745 ἱστορίαν.

2282 3769 2384 3822 Τὸν
2433 3768 2490 3821 δὲ
2527 3765 2781 3820 Δαίδαλον
2829 3765 3075 3834 λέγουσιν
3125 3763 3575 3839 ἀπομιμήσασθαι
3618 3765 3718 3836 τὴν
3765 3764 3856 3819 τοῦ

2282 3859 2600 3931 λαϐυρίνθου
2641 3858 2869 3929 πλοκὴν,
2912 3857 3005 3911 τοῦ
3048 3858 3388 3929 διαμένοντος
3433 3858 3529 3928 μὲν
3571 3857 3731 3928 μέχρι
3762 3857 3856 3912 τοῦ

2281 3951 2376 4005 νῦν
2409 3948 2622 4022 καιροῦ,
2652 3948 3092 4021 οἰκοδομηθέντος
3132 3950 3209 4015 δὲ,
3252 3949 3327 4015 ὼς
3368 3949 3463 4019 μέν
3494 3948 3638 4011 τινές
3672 3965 3858 4017 φασιν,

2282 4044 2386 4097 ὑπὸ
2420 4044 2713 4114 Μένδητος·
2741 4042 2816 4107 ὼς
2859 4042 2902 4095 δ’
2943 4042 3073 4096 ἔνιοι
3109 4042 3378 4110 λέγουσιν,
3411 4041 3515 4095 ὑπὸ
3544 4040 3734 4111 Μάρου
3763 4040 3855 4095 τοῦ

2284 4134 2564 4206 βασιλέως,
2610 4135 2819 4199 πολλοῖς
2857 4134 3001 4188 ἔτεσι
3053 4135 3314 4206 πρότερον
3365 4133 3463 4204 τῆς
3508 4132 3662 4186 Μίνω
3702 4132 3859 4202 βασι-

2281 4226 2463 4289 λείας·
2514 4225 2605 4278 τόν
2641 4242 2702 4278 τε
2744 4224 2948 4297 ῥυθμὸν
2991 4223 3097 4278 τῶν
3146 4224 3385 4295 ἀρχαίων
3428 4223 3546 4276 κατ’
3584 4218 3855 4293 Αἴγυπτον

2280 4315 2611 4386 ἀνδριάντων
2637 4316 2727 4370 τὸν
2758 4317 2918 4370 αὑτὸν
2954 4311 3091 4369 εἶναι
3126 4318 3238 4378 τοῖς
3270 4314 3375 4367 ὑπὸ
3403 4313 3662 4368 Δαιδάλου
3693 4331 3852 4369 κατα-

2283 4405 2625 4460 σκευασθεῖσι
2682 4407 2834 4479 παρά
2889 4408 3001 4469 τοῖς
3054 4405 3298 4474 Ἕλλησι.
3345 4404 3420 4457 Τὸ
3472 4403 3529 4457 δὲ
3574 4405 3854 4481 κάλλιςξτον

2277 4500 2549 4572 πρόπυλον
2584 4502 2643 4555 έν
2669 4499 2911 4571 Μέμφιδι
2958 4498 3051 4553 τοῦ
3091 4498 3382 4566 Ἡφαίστου
3415 4497 3670 4551 Δαίδαλον
3698 4498 3851 4568 ἀρχι-

2275 4593 2617 4663 τεκτονῆσαι,
2648 4593 2742 4647 καὶ
2767 4589 3163 4661 θαυμασθέντα,
3192 4591 3373 4659 τυχεῖν
3404 4588 3609 4653 εἰκόνος
3639 4588 3852 4659 ξυλίνης

2278 4684 2421 4739 κατά
2450 4684 2512 4738 τὸ
2541 4682 2934 4756 προειρημένον
2972 4681 3134 4751 ἱερὸν,
3172 4682 3290 4744 ταῖς
3325 4679 3480 4742 ἰδίαις
3510 4679 3666 4749 χερσὶ
3701 4676 3852 4748 δεδη-

2280 4778 2717 4849 μιουργημένης·
2757 4775 2928 4845 πέρας
2957 4772 3015 4825 δὲ
3052 4772 3139 4826 διά
3171 4772 3269 4843 τὴν
3304 4771 3530 4839 εὐφυΐαν
3558 4769 3852 4835 ἀξιωθέντα

2281 4869 2522 4941 μεγάλης
2570 4868 2759 4939 δόξης,
2801 4866 2895 4920 καὶ
2940 4865 3109 4920 πολλά
3156 4863 3617 4937 προσεξευρόντα,
3670 4864 3851 4933 τυχεῖν

2281 4960 2499 5014 ἰσοθέων
2529 4958 2721 5030 τιμῶν.
2755 4957 2912 5012 Κατά
2943 4957 3051 5028 γάρ
3093 4957 3220 5028 μίαν
3267 4955 3375 5009 τῶν
3422 4954 3557 5025 πρὸς
3602 4956 3668 5025 τῇ
3698 4954 3852 5025 Μέμ-

2278 5092 2581 5162 ὲδείκνυντο
2619 5091 2673 5162 dt"
2715 5108 2774 5143 τε
2821 5089 2929 5162 τῶν
2985 5089 3175 5162 ἱερέων
3211 5084 3382 5152 οἶκοι,
3418 5088 3511 5141 καὶ
3546 5087 3850 5151 Πλάτωνος,

2279 5160 2628 5236 καί-ξύδόςου
2657 5160 2947 5236 διατριϐαί.
3276 5226 3325 5236 η
3364 5228 3397 5236 __
3572 5227 3583 5236 ,
3731 5226 3746 5236 .
3824 5226 3849 5236 ..

2350 5231 2473 5302 (47),
2521 5230 2640 5298 Τὴν
2693 5226 2915 5302 saetae
2964 5228 3223 5302 πλάῖην.
3276 5226 3487 5302 Mallem
3535 5227 3631 5299 τὴν
3688 5226 3852 5280 αὐτοῦ

2280 5298 2451 5371 πλάνζ
2467 5301 2523 5355 Id
2556 5308 2658 5367 est,
2696 5301 2794 5371 τὴν
2828 5299 3116 5371 ὑπ’-αὐτού
3150 5298 3540 5371 πεποιημένην.

2351 5369 2461 5440 (48)
2482 5365 2653 5425 Μετᾶ
2672 5365 2899 5438 χερσίν.
2929 5368 3062 5425 Post
3083 5369 3197 5440 haec
3222 5365 3409 5440 verba,
3434 5365 3848 5440 sequiturgapud

2279 5435 2573 5515 Diodorum
2619 5435 2879 5515 locus,_ut
2907 5441 2959 5515 in
3000 5455 3058 5494 re
3091 5437 3370 5515 fabulosa)
3403 5435 3755 5515 perinsignis,
3785 5435 3850 5487 ad

2277 5526 2403 5584 eum
2458 5508 2659 5564 fontem
2707 5508 3269 5584 indicandum,_unde
3311 5505 3581 5584 Homerus
3600 5546 3624 5584 ,_
3651 5505 3853 5584 aliique

2276 5580 2532 5651 deinceps
2570 5589 2743 5651 poeta!
2782 5579 2851 5633 τά
2893 5579 3030 5651 πρὸς
3071 5578 3168 5649 τὴν
3210 5577 3431 5631 νεκυίαν
3468 5575 3722 5633 hausisse
3771 5575 3853 5628 vi»

2277 5650 2525 5705 deantur.

2353 5719 2464 5790 (49)
2496 5718 2876 5791 .ὶ.ἐλάμποδα.
2918 5717 3159 5783 Diodor.,
3185 5733 3306 5789 pag.
3336 5716 3424 5771 87.
