4194 6446
594 308 702 365 803

1228 310 1496 366 EUSEBH
1536 309 2011 367 CIESARIENSIS
2048 309 2195 364 OPP.
2238 306 2417 363 PARS
2456 306 2518 362 ll.
2560 337 2629 347 —
2673 305 3172 363 APOLOCETICA.

3745 316 3848 372 804

596 442 720 482 cum
785 426 890 481 alia
943 428 1220 497 pleraque,
1279 438 1392 483 tum
1434 431 1567 485 solis
1633 432 1871 486 maxime
1934 445 2162 486 conver—

2267 446 2434 482 σαντα
2462 428 2591 499 παρ’
2613 428 2815 491 αὐτοῖς,
2846 427 2937 481 καὶ
2965 428 3136 486 πολλὰ
3161 428 3271 481 τῶν
3299 430 3586 502 χρησίμων
3615 432 3697 495 εἰς
3727 436 3851 499 τοὺς

591 519 807 573 sionem
838 517 1115 583 didicisse,
1142 528 1309 589 utque
1339 522 1619 590 obliquum
1646 530 1697 575 et
1722 522 2023 577 ﬂexuosum
2047 537 2166 577 cur-

596 625 721 664 sum
748 610 1024 676 instituat,
1061 627 1126 666 ac
1155 622 1303 666 motu
1343 614 1569 683 reliquis
1594 615 1863 670 sideribus
1889 616 2165 671 contrario

591 701 862 769 rapiatur.
890 700 1176 757 Eudoxum
1204 718 1422 773 quoque
1457 713 1579 773 post
1621 713 1871 759 navatam
1909 704 2053 774 apud
2105 719 2165 758 se

589 793 902 863 astrol0gize
937 810 1180 862 operam,
1203 797 1351 864 quod
1377 796 1547 849 multa
1569 795 1765 850 deinde
1801 812 2030 851 summae
2059 796 2167 849 uti-

589 883 758 938 litatis
792 899 856 938 ae
891 884 1103 939 fruetus
1125 901 1247 940 cum
1272 884 1477 939 Graecis
1503 886 1820 941 hominibus
1851 886 2163 941 communi-

588 980 789 1036 casset,
831 973 1045 1028 laudem
1081 975 1184 1029 sibi
1218 977 1512 1029 maximam
1548 977 1845 1045 peperisse.
1880 975 2163 1030 Postremo

591 1073 867 1134 quotquot
902 1081 933 1119 e
968 1066 1163 1135 priscis
1197 1066 1478 1121 lictoribus
1508 1067 1559 1120 in
1594 1066 1877 1121 hominum
1906 1082 2001 1121 ore
2045 1066 2164 1135 plu-

587 1158 789 1211 rimum
844 1167 897 1212 et
956 1159 1362 1214 existimatione
1421 1161 1619 1214 versati
1668 1168 1815 1224 sunt,
1867 1159 2162 1231 Egyptum

588 1246 963 1317 frequentasse
989 1265 1201 1315 omnes,
1235 1260 1397 1318 atque
1437 1251 1575 1305 inter
1598 1252 1734 1306 alios
1770 1250 2071 1315 'l‘eraclem,
2098 1266 2162 1305 ac

588 1338 959 1402 Theodorum,
1004 1342 1167 1394 ambo
1202 1341 1391 1396 Rhmci
1438 1343 1608 1407 lilios,
1645 1344 1739 1411 qui
1796 1342 1995 1397 Samiis
2030 1342 2160 1395 illud

586 1432 853 1501 Apollinis
914 1418 1092 1502 Pythii
1149 1433 1502 1487 simulacrum
1564 1434 1924 1503 perfecerunt.
1969 1454 1987 1485 ι
2045 1433 2162 1488 [lue

587 1540 761 1593 usque
786 1523 1079 1578 Diodorus.
1104 1522 1277 1589 Quam
1322 1526 1456 1579 mihi
1496 1526 1958 1595 disputationem,
1992 1542 2158 1594 supe-

586 1616 823 1671 rioribus
840 1616 1169 1671 testimoniis
1202 1616 1416 1669 abunde
1438 1618 1785 1682 illustratam,
1807 1619 1910 1672 hoc
1939 1618 2156 1672 demqu

586 1706 707 1761 loco
733 1707 1028 1761 terminare
1060 1707 1208 1760 libet.
1236 1707 1313 1760 Ae
1337 1708 1591 1762 desinant
1631 1709 1719 1761 isti
1757 1724 1921 1778 porro
1945 1725 2047 1763 nos
2082 1718 2160 1763 te-

587 1800 856 1853 meritatis
904 1814 1154 1869 arguere,
1179 1798 1325 1866 quod
1359 1815 1499 1853 verte
1534 1800 1750 1869 pietatis
1781 1802 1982 1866 studio,
2009 1800 2158 1855 Grae-
2191 1782 2232 1839 Β

585 1890 684 1944 ciae
713 1890 1017 1960 sapientum
1058 1889 1617 1959 philosophorumque
1646 1892 1933 1958 doctores,
1968 1890 2162 1945 barba-

585 1999 699 2047 ros,
735 1983 978 2053 inquam,
1008 1984 1148 2049 illos,
1183 1986 1254 2055 (si
1278 1985 1497 2039 barbari
1532 1995 1714 2038 tamen
1752 1982 1965 2038 Hebraei
1985 1982 2158 2053 sunt),

585 2074 873 2129 consulere
904 2075 1238 2131 voluerimus
1264 2077 1365 2146 ipsi
1394 2091 1631 2145 quoque.
1672 2074 1936 2145 Deinceps
1958 2074 2159 2144 quibus

587 2168 688 2236 ipsi
733 2168 1085 2236 temporibus,
1115 2167 1327 2239 Moyses
1355 2179 1504 2238 puta,
1546 2168 1834 2237 exterique
1866 2176 1990 2237 post
2033 2182 2159 2222 eum

586 2259 864 2327 prophetae
884 2260 1203 2326 claruerint,
1233 2261 1618 2315 excutiendum
1645 2260 1748 2315 erit
1773 2278 1787 2325 ;
1820 2275 1943 2314 cum
1974 2260 2040 2325 is,
2065 2260 2160 2329 qui

585 2352 653 2405 de
683 2350 814 2405 viris
850 2351 988 2405 inter
1018 2367 1211 2407 omnes
1246 2353 1573 2407 eruditionis
1606 2368 1670 2406 ac
1696 2351 1975 2421 sapientiae
1997 2352 2158 2407 laude

586 2443 976 2512 praestantibus
1025 2457 1334 2498 sermonem
1366 2445 1635 2508 instituat,
1669 2459 1783 2498 rem
1818 2443 1885 2497 ad
1917 2443 2156 2512 suscepti

586 2531 889 2601 argumenti
910 2532 1149 2588 rationes
1179 2534 1335 2603 longe
1361 2534 1686 2603 praecipuam
1712 2533 1954 2587 facturus
1979 2533 2158 2587 videa-

586 2634 697 2689 tur,
727 2623 775 2677 si
806 2623 871 2677 de
897 2624 1117 2678 illorum
1146 2626 1471 2694 antiquitate
1489 2626 1621 2679 certi
1650 2625 1803 2695 prius
1826 2625 2031 2695 aliquid
2064 2641 2155 2679 cx-

585 2715 892 2785 ploratique
933 2717 1249 2771 constituat.
1280 2715 1416 2771 Nam
1454 2717 1529 2771 ita
1563 2717 1803 2782 demum,
1838 2719 1883 2771 si
1937 2717 2157 2788 quando

585 2820 710 2860 cum
746 2804 1095 2859 Hebraeorum
1137 2806 1415 2875 prephetis
1450 2817 1613 2872 atque
1656 2806 1926 2876 theologis
1986 2805 2159 2861 Graeci

584 2898 950 2961 consentient,
979 2898 1098 2951 sine
1147 2898 1253 2951 ulla
1289 2898 1627 2952 dubitatione
1655 2899 1950 2969 intelligas,
2004 2910 2159 2956 utros

2268 519 2531 589 Ἓλληνας
2563 519 2805 583 ἐκδόντα,
2838 522 3020 590 τυχεῖν
3044 521 3147 591 τῆς
3180 520 3460 591 ἀξιολόγου
3499 522 3677 593 δόξης.
3710 524 3844 579 Πάν-

2262 628 2370 664 των
2405 610 2460 662 δὲ
2504 610 2612 663 τῶν
2656 610 2899 664 παλαιῶν
2942 612 3398 682 ἀγαλματοποιῶν
3438 615 3567 678 τοὺς
3617 615 3851 685 μάλιστα

2261 699 2733 771 διωνομασμένους
2780 700 3185 772 διατετριφέναι
3240 704 3369 774 παρ’
3416 704 3624 770 αὐτοῖς,
3669 705 3850 777 Τηρα-

2263 789 2394 842 κλέα
2442 792 2535 843 καὶ
2575 790 2844 861 Θεόδωρον
2888 791 3030 862 (57),
3087 795 3215 857 τοὺς
3257 794 3464 847 Ῥοίκου
3533 795 3632 865 μὲν
3676 796 3848 861 υἱοὺς,

2262 881 2781 945 κατασκευάσαντας
2812 882 2867 934 δὲ
2899 884 3013 945 τοῖς
3045 883 3268 953 Σαμίοις
3294 884 3356 937 τὸ
3382 883 3478 937 τοῦ
3518 885 3850 951 Ἀπόλλωνος

2259 975 2354 1027 τοῦ
2384 974 2582 1028 Πυθίου
2614 974 2818 1041 ξόανον.
2852 994 2872 1029 ι
2903 975 3151 1030 Τοσαῦτα
3183 977 3240 1031 δὲ
3264 979 3359 1031 καὶ
3392 978 3675 1051 Διόδωρος.
3708 979 3851 1033 Ἀλλ’

2259 1061 2413 1131 οὗτος
2443 1069 2538 1138 μὲν
2562 1070 2590 1121 ὁ
2612 1068 2786 1136 λόγος,
2822 1061 2923 1121 ὧδέ
2954 1086 3069 1131 πως
3112 1069 3579 1141 ἀποδεδειγμένος,
3615 1070 3850 1126 ἐνταῦθά

2264 1178 2352 1231 μοι
2383 1159 2650 1230 είληφέτω
2681 1158 2849 1221 τέλος.
2884 1161 2957 1212 Ού
3003 1161 3084 1213 δεῖ
3125 1159 3188 1231 δὴ
3232 1160 3415 1214 λοιπὸν
3444 1160 3663 1230 ἀλογίας
3694 1162 3850 1233 ἡμῶν

2262 1256 2608 1323 κατηγορεῖν,
2631 1252 2676 1304 εί
2701 1251 2765 1322 δὴ
2792 1253 2919 1314 τοὺς
2946 1251 3053 1305 τῶν
3083 1251 3260 1321 σοφῶν
3302 1253 3586 1324 Ἑλλήνων,
3622 1255 3717 1308 καὶ
3753 1256 3849 1309 αὐ-

2260 1346 2368 1397 τῶν
2395 1361 2458 1413 γε
2484 1345 2592 1397 τῶν
2618 1347 2748 1415 παρ’
2778 1345 2961 1407 αὐτοῖς
2986 1345 3289 1414 φιλοσόφων
3321 1345 3694 1410 διδασκάλους,
3721 1349 3848 1411 τοὺς

2261 1437 2570 1509 βαρϐάρους
2602 1437 2762 1505 λέγω,
2815 1436 2964 1507 πόθῳ
3020 1437 3123 1507 τῆς
3162 1437 3393 1506 ἀληθοῦς
3426 1435 3710 1502 εὐσεϐείας
3752 1439 3846 1493 καὶ

2260 1530 2411 1583 αὐτοὶ
2446 1528 2801 1601 μετήλθομεν,
2833 1526 2886 1578 ετ
2922 1543 2985 1594 γε
3021 1526 3284 1598 βάρϐαροι
3318 1527 3556 1599 Ἑϐραῖοι
3576 1545 3591 1560 ο
3625 1522 3701 1583 ὧν
3723 1532 3847 1593 τοὺς

2259 1619 2504 1691 χρόνους,
2535 1617 2657 1672 καθ’
2698 1618 2792 1681 οὒς
2834 1620 3089 1689 ἤκμασαν
3134 1620 3373 1690 Μωῦσῆς
3397 1636 3459 1672 τε
3503 1621 3597 1674 καὶ
3628 1622 3677 1673 οἱ
3710 1620 3846 1691 μετά

2258 1712 2496 1765 Μωῦσέα
2541 1712 2838 1782 προφῆται,
2890 1708 2948 1765 εὖ
2999 1710 3065 1764 ἂν
3114 1712 3227 1782 ἔχοι
3276 1712 3534 1767 διελθεῖνο
3587 1714 3713 1768 ἐπεὶ
3755 1717 3847 1768 καὶ

2260 1800 2403 1854 τοῦτ’
2435 1801 2499 1855 ἂν
2529 1802 2615 1872 εἴη
2661 1802 2718 1854 ἓν
2746 1819 2798 1855 τι
2842 1801 2948 1854 τῶν
2981 1801 3217 1872 μάλιστα
3267 1804 3748 1857 συνεκτικωτάτων

2258 1893 2596 1965 προκειμένῃ
2620 1894 2992 1965 πραγματείᾳ,
3015 1893 3093 1956 τὸ,
3117 1893 3404 1963 μέλλοντας
3429 1893 3536 1946 τῶν
3559 1894 3712 1965 παρά
3736 1898 3847 1959 τοῖς

2259 1985 2486 2056 ἀνδράσι
2516 1985 2709 2052 λογίων
2743 1985 3098 2054 ἐφάπτεσθαι,
3151 1984 3528 2057 προδιαλαϐεῖν
3574 1987 3706 2057 περὶ
3749 1990 3846 2058 τῆς

2266 2077 2623 2148 ἀρχαιότητος
2673 2076 2885 2129 αὐτῶν·
2933 2077 3020 2141 ἵν’,
3073 2078 3121 2130 εἰ
3178 2080 3390 2145 φανεῖεν
3430 2079 3540 2139 τοῖς
3583 2077 3848 2149 Ἑϐραίων

2267 2168 2573 2237 προφήταις
2599 2183 2657 2219 τε
2698 2167 2792 2219 καὶ
2818 2165 3085 2233 θεολόγοις
3128 2167 3177 2217 oi
3210 2167 3338 2236 παρ’
3377 2164 3632 2237 Ἕλλησιν
3659 2166 3854 2237 ὁμοδο-

2266 2254 2499 2319 ξοῦντες,
2539 2254 2727 2325 μηκέτ’
2768 2253 3113 2324 ἀμφιϐάλοις,
3138 2254 3286 2325 τίνας
3323 2249 3389 2324 ἦν
3415 2254 3559 2318 εἰκὸς
3589 2253 3660 2308 τὰ
3696 2254 3846 2327 παρά

2262 2347 2421 2399 τίνων
2452 2345 2827 2410 ἀναλέξασθαι·
2851 2346 3055 2416 πότερα
3078 2346 3203 2409 τοὺς
3218 2345 3617 2417 πρεσϐυτέρους
3645 2344 3715 2400 τὰ
3739 2345 3846 2399 τῶν

2263 2439 2419 2503 νέων,
2460 2438 2744 2509 Ἐϐραίους
2767 2456 2826 2491 τε
2871 2438 2939 2491 τὰ
2981 2438 3265 2509 Ἑλλήνων,
3308 2441 3401 2492 καὶ
3435 2438 3742 2511 βαρϐάρους
3779 2438 3844 2492 τὰ

2264 2530 2585 2600 φιλοσόφων,
2619 2524 2693 2584 ὧν
2723 2531 2843 2583 οὐδὲ
2875 2530 2973 2601 τῆς
3008 2531 3151 2600 ὀπῆς
3176 2530 3318 2594 εἰκὸς
3354 2531 3590 2583 ἐπαΐειν
3620 2528 3677 2600 ἢ,
3706 2529 3841 2600 ὅπερ

2264 2624 2587 2695 καὶμᾶλλον
2614 2623 2780 2686 εἰκὸς,
2823 2624 2948 2686 τοὺς
2978 2622 3131 2686 νέους
3177 2623 3243 2675 τὰ
3285 2622 3393 2675 τῶν
3438 2620 3838 2694 πρεσϐυτέρων,

2265 2716 2359 2769 καὶ
2405 2717 2529 2779 τοὺς
2574 2715 2642 2769 τά
2688 2715 2911 2768 πλεῖστα
2947 2714 3055 2791 τῶν
3108 2714 3275 2768 ἐθνῶν
3320 2711 3838 2785 περιειργασμένους

2269 2806 2555 2879 Ἕλληνας,
2603 2808 2695 2862 καὶ
2738 2806 2807 2860 τά
2849 2806 3110 2877 Ἐϐραίων
3150 2808 3224 2878 μὴ
3269 2808 3563 2877 ἀγνοῆσαι,
3605 2802 3841 2875 ἀρχῆθεν

2266 2900 2361 2954 ἐπὶ
2384 2901 2483 2971 τὴν
2518 2900 2739 2954 Ἐλλάδα
2764 2902 2945 2972 φωνὴν
2977 2900 3280 2972 μεταϐεϐλη
3290 2900 3443 2971 μένα.

583 2990 844 3045 credibile
872 2992 942 3045 sit
978 2991 1208 3045 aliorum
1237 2993 1476 3047 mutuari
1539 2994 1877 3061 sententias,
1914 2995 2329 3065 antiquioresne
2375 2995 2682 3065 juniorum,
2752 2994 2805 3048 id
2862 3003 2946 3048 est
2980 2993 3296 3048 Graecorum
3361 2987 3659 3052 Hebraeos,
3715 2986 3843 3041 bar-

584 3081 857 3153 barosque
872 3077 1349 3153 philosophorum,
1376 3101 1609 3154 quorum
1634 3086 1711 3140 illi
1735 3102 1803 3141 ne
1834 3102 2023 3141 vocem
2078 3087 2299 3157 quidem
2332 3087 2523 3141 audire
2582 3087 2859 3157 potuerint
2891 3105 2904 3140 :
2938 3076 3102 3157 £83
3156 3101 3245 3150 an,
3311 3084 3455 3152 quod
3495 3080 3653 3150 longe
3689 3091 3826 3131 vero

585 3175 823 3229 similius
850 3175 1228 3243 est,juniores
1267 3177 1663 3246 antiquiorum,
1716 3178 1963 3248 adeoque
2008 3178 2229 3234 Graecos
2298 3179 2443 3246 illos,
2483 3179 2579 3249 qui
2625 3189 2733 3233 tam
2781 3179 2999 3234 curiose
3044 3177 3285 3247 gentium
3352 3174 3713 3245 plurimarum
3756 3169 3843 3223 inc

585 3268 774 3322 stituta
806 3268 1032 3322 scrutati
1059 3277 1208 3334 sunt,
1241 3284 1307 3322 ne
1330 3270 1535 3339 scripta
1557 3270 1777 3340 quidem
1806 3269 2187 3338 Hebraeorum,
2233 3287 2355 3345 quae
2370 3271 2616 3329 Graecam
2640 3273 2697 3326 in
2715 3272 2952 3342 linguam
2974 3270 3182 3326 fuerint
3203 3279 3354 3324 tanto
3393 3275 3520 3321 ante
3558 3276 3842 3328 conversa,

586 3360 830 3416 latuisse.

1182 3458 1411 3514 CAPUT
1444 3459 1536 3514 IX.

1182 3458 1312 3513 CAP
1369 3459 1411 3512 T
1465 3459 1536 3514 X.

586 3549 664 3601 De
694 3547 896 3616 Moysi;
931 3559 978 3603 et
1009 3458 1382 3619 prophetarulrjn
1425 3460 1770 3606 Illebrworum
1813 3555 2149 3625 antiquitate.

657 3707 734 3761 Ac
757 3705 957 3777 Moysis
982 3709 1200 3778 quidem
1231 3722 1285 3765 et
1301 3713 1686 3782 prophetarum
1709 3727 1775 3768 eo
1790 3713 2157 3783 posteriorum

587 3801 993 3871 antiquitatem.
1024 3804 1140 3858 suis
1182 3804 1235 3859 in
1269 3806 1527 3875 operibus
1570 3806 1662 3861 alii
1686 3807 1997 3876 complures
2035 3808 2159 3862 dili-

588 3903 775 3962 genter
815 3894 1109 3949 admodum
1141 3911 1205 3951 ac
1243 3897 1485 3952 studiose
1514 3898 1923 3968 comprobatam
1950 3908 2003 3952 et
2031 3913 2157 3953 con-

589 3994 841 4039 testatam
893 3987 1251 4056 reliquerunt,
1302 4005 1369 4042 ex
1408 3990 1608 4058 quibus
1666 4005 1839 4057 pauca
1908 3990 2154 4058 quaedam

587 4076 750 4146 paulo
774 4085 894 4145 post
932 4077 1240 4147 subjiciam.
1271 4079 1374 4133 Sed
1403 4089 1582 4133 tamen
1610 4079 1762 4149 prius
1799 4094 1994 4133 novam
2045 4080 2158 4148 ipse

587 4171 733 4224 viam
781 4170 1060 4237 insistens,
1111 4172 1431 4242 exterisque
1473 4172 1586 4242 jam
1626 4172 1767 4226 tritae
1797 4173 2154 4237 dissimilem,

587 4278 711 4333 quae
742 4263 992 4333 sequitur
1018 4263 1287 4317 rationem
1319 4279 1383 4317 ac
1402 4263 1719 4318 methodum
1753 4263 1893 4318 inire
1919 4264 2155 4318 decrevi.

585 4354 723 4412 Cum
750 4355 1059 4411 Servatoris
1100 4357 1274 4412 nostri
1307 4357 1540 4411 natalem
1573 4356 1822 4410 omnium
1850 4371 2155 4422 consensu,

2802 3450 3198 3503 ΚΕΦΑΛΛΙΟΝ
3235 3447 3311 3499 Θ¹.

2263 3547 2402 3615 Περὶ
2451 3544 2561 3614 τῆς
2598 3545 2988 3616 ἀρχαιότητος
3040 3537 3359 3616 Μωῢσέως,
3401 3535 3497 3590 καὶ
3540 3535 3658 3587 τῶν
3706 3536 3845 3601 παρ’

2726 3611 3007 3679 Ἑϐραίοις
3053 3611 3392 3676 προφητῶν.

2336 3708 2610 3770 Μωῦσέως
2637 3705 2785 3776 πέρι,
2821 3703 2913 3756 καὶ
2942 3704 3039 3772 τῆς
3073 3699 3181 3753 τῶν
3212 3700 3329 3769 μετ’
3358 3697 3520 3752 αὐτὸν
3550 3695 3847 3768 προφητῶν

2266 3803 2638 3875 ἀρχαιότητος,
2685 3799 2923 3851 πλεῖστοι
2981 3798 3076 3868 μὲν
3123 3795 3268 3851 ἄλλοι
3315 3793 3404 3848 διὰ
3455 3793 3687 3863 σπουδῆς
3742 3792 3845 3864 τὴν

2264 3891 2532 3958 ἀπόδειξιν
2572 3893 2628 3945 ἐν
2670 3886 2889 3952 οἰκείοις
2929 3885 3359 3956 καταϐέϐληνται
3396 3882 3843 3956 συγγράμμασιν,

2264 3986 2356 4053 ἀφ’
2390 3978 2463 4037 ὧν
2488 3983 2681 4035 αὐτίκα
2718 3980 2861 4052 μάλα
2888 3980 3059 4052 μικρὰ
3080 3978 3215 4033 ἅττα
3244 3978 3628 4050 παραθήσομαι
3649 3992 3663 4006 ’
3690 3972 3845 4044 κάγῶ

2261 4076 2339 4139 δὲ,
2364 4075 2684 4145 καινοτέραν
2714 4071 2866 4143 παρὰ
2892 4072 3015 4137 τοὺς
3045 4073 3365 4143 είρημένους
3396 4071 3640 4136 ὁδεύσας,
3672 4067 3845 4141 ταύτῃ

2263 4167 2534 4238 χρήσομαι
2571 4167 2637 4236 τῇ
2673 4164 2899 4236 μεθόδῳ.
2954 4165 3357 4237 Συντρεχόντων
3402 4162 3845 4233 ὁμολογουμένως

2266 4257 2374 4311 τῶν
2403 4257 2609 4328 χρόνων
2653 4256 2960 4325 Αὐγούστου
2996 4256 3280 4327 Ῥωμαίων
3311 4255 3709 4325 αὐτοκράτορος
3754 4254 3846 4306 καὶ

2266 4349 2364 4419 τῆς
2390 4347 2482 4401 τοῦ
2509 4344 2759 4419 Σωτῆρος
2781 4346 2935 4418 ἡμῶν
2963 4347 3249 4415 γενέσεως,
3272 4345 3446 4415 ἀρχὴν
3472 4361 3529 4396 τε
3560 4344 3659 4413 τῆς
3687 4343 3848 4410 εὐαγ-

587 4443 644 4499 in
662 4444 894 4517 Augusti
926 4446 1273 4515 imperatoris
1305 4455 1547 4515 tempora
1571 4446 1849 4513 incidisse,
1876 4446 2156 4501 Christum

2266 4439 2488 4508 γελικῆς
2519 4438 2863 4502 διδασκαλίας
2903 4438 2996 4491 τοῦ
3042 4435 3278 4508 Χριστοῦ
3309 4436 3676 4506 ποιησαμένου
3703 4434 3848 4506 κατὰ

585 4549 719 4589 vero
752 4535 895 4589 circa
936 4535 1207 4589 decimum
1239 4533 1489 4602 quintum
1528 4531 1731 4587 Tiberii
1779 4532 2012 4588 Caesaris
2064 4547 2161 4585 an-

587 4642 720 4680 num
753 4625 1161 4694 proseminandi
1208 4624 1486 4695 Evangelii
1529 4624 1745 4679 initium
1783 4622 1979 4680 fecisse
2032 4639 2162 4677 con-

589 4725 695 4773 stet
726 4736 738 4770 :
773 4718 820 4771 si
843 4716 967 4786 quis
1002 4716 1071 4770 ab
1095 4717 1286 4771 eodem
1314 4732 1584 4771 annorum
1610 4732 1881 4772 summam
1914 4717 1985 4771 ita
2006 4716 2162 4770 colli-

589 4849 835 4921 Πλάτωνι
863 4850 891 4921 ό
925 4846 1169 4912 Εὔδοξος,
1211 4848 1369 4921 δεῦρο
1398 4850 1486 4921 (de
1511 4849 1745 4920 Egypto
1774 4850 2043 4921 loquitur)
2070 4851 2162 4903 καὶ

588 4919 963 4992 συνδιέτριψαν
994 4922 1102 4992 τοῖς
1159 4919 1392 4992 ἱερεῦσιν
1410 4919 1870 4992 ’ἐκεῖνοιίὲνταῦθα
1902 4921 2165 4992 ,τρισκαί-

585 4990 719 5045 δεκα
765 4988 880 5060 ἐτη,
915 4989 991 5051 ὡς
1023 4988 1234 5060 εἴρηταί
1282 5007 1411 5044 τισι.
1449 4990 1681 5045 Consule
1731 4988 2008 5044 Petaviuin
2066 5006 2164 5046 no-

589 5070 788 5124 strum,
817 5060 912 5114 lib.
943 5075 1005 5123 ll,
1038 5075 1157 5129 cap.
1196 5060 1229 5113 5
1252 5070 1306 5115 ct
1331 5062 1584 5124 6,eximii
1614 5062 1794 5129 operis
1823 5060 1899 5113 De
1919 5061 2164 5114 doctrina

592 5142 922 5201 temporum,
986 5130 1077 5183 ubi
1119 5132 1381 5201 Scaligeri
1431 5133 1498 5185 de
1541 5133 1787 5194 Eudoxo,
1823 5131 1999 5200 deque
2046 5132 2164 5200 ejus

591 5200 915 5256 octacteride
946 5203 1159 5271 somnia
1188 5200 1544 5271 dissipantur.

662 5271 773 5340 (57)
802 5269 1102 5337 Τηρακλέα
1132 5271 1230 5323 καὶ
1262 5268 1581 5339 Θεόδωρον.
1599 5268 1843 5334 Diodor.,
1866 5268 2162 5339 Τηλεκλέα,

591 5342 687 5408 atat
726 5340 1038 5409 9366.,qtm
1076 5358 1200 5395 vera
1253 5343 1414 5396 lectio
1455 5350 1559 5397 est.
1607 5341 1713 5395 Sed
1754 5341 2001 5394 addenda
2046 5355 2167 5409 quae

568 5411 777 5465 ‘subdit
802 5426 865 5464 eo
896 5411 1016 5465 loco
1048 5411 1366 5478 historicus,
1391 5412 1459 5466 ad
1490 5412 1620 5466 illud
1653 5411 1920 5479 Apollinis
1947 5411 2164 5479 signum

594 5479 1079 5552 ρριςιὶίιιθιιιὶιιετοῦ
1109 5482 1421 5552 ἀγάλματος
1444 5522 1459 5543 ,
1499 5481 1713 5552 inquit,
1760 5482 1819 5534 ὲν
1844 5481 2011 5552 Σάμῳ
2044 5481 2163 5550 μὲν,

594 5549 1057 5624 ὐπὸ-Τηλεκλέους
1084 5549 1370 5624 ἱστορεῖται
1390 5553 1452 5605 τὸ
1478 5549 1647 5624 ᾕμιίσυ
1678 5549 2185 5624 δημιουργηθῆναι·¹

595 5567 697 5601 um
738 5567 1057 5673 ιτὲιεκλεους
1085 5567 1370 5621 ιστορειται
1390 5567 1452 5605 το
1478 5567 1647 5622 ημισυ
1678 5567 2163 5624 οημιουργηυηναι·

595 5620 736 5692 κατά
762 5619 790 5670 δ
845 5621 940 5692 τὴν
980 5623 1210 5689 Ἔφεσον
1230 5664 1243 5686 ,
1277 5623 1382 5675 ὑπὸ
1411 5623 1503 5674 τοῦ
1536 5623 1762 5691 ἀδελφοῦ
1803 5622 2074 5692 Θεοδώρου
2107 5621 2168 5673 τὸ

595 5687 778 5762 ἕτερον
847 5687 1012 5762 μέρος
1059 5687 1495 5762 συντελεσθῆναι·
1538 5687 1874 5747 συντεθέντα
1919 5687 1994 5745 δὲ’
2032 5692 2168 5761 πρὸς

594 5756 796 5826 ἄλληλα
826 5756 892 5812 τά
922 5756 1096 5833 μέρη,
1130 5756 1436 5832 συμφωνεῖν
1469 5763 1661 5831 οὕτως,
1695 5764 1834 5817 ὥστε
1865 5764 2041 5816 δοκεῖν
2077 5756 2165 5830 ὕφ’

2262 4531 2324 4583 τὸ
2359 4530 2841 4584 πεντεκαιδέκατον
2884 4528 3001 4591 ἔτος
3038 4526 3287 4598 Τιϐερίου
3337 4528 3635 4600 Καίσαρος,
3671 4529 3725 4581 ei
3760 4545 3844 4591 τις

2264 4623 2371 4677 ἀπὸ
2397 4623 2585 4676 τούτου
2618 4624 2943 4690 συναγαγεῖν
2973 4620 3144 4673 ἐθέλοι
3173 4621 3263 4673 τὸν
3294 4619 3403 4673 τῶν
3426 4619 3563 4673 ἐτῶν
3588 4618 3841 4691 ἀριθμὸν,

2266 4713 2468 4785 προῖὼν
2500 4714 2592 4766 ἐπὶ
2634 4713 2760 4776 τοὺς
2800 4710 3058 4781 ἀνωτέρω
3104 4710 3347 4782 χρόνους,
3384 4713 3510 4775 τοὺς
3542 4710 3702 4783 μέχρι
3743 4712 3846 4764 Δα-

2265 4849 2382 4912 ὲνδς
2415 4847 2474 4900 τὸ
2519 4847 2629 4900 πᾶν
2672 4845 2830 4916 σῶμα
2868 4845 3322 4899 κατεσκευάσθαι.
3372 4846 3543 4898 Τοῦτο
3584 4845 3649 4916 δὲί
3687 4845 3846 4914 γένος

2264 4920 2365 4989 τῆς
2392 4917 2685 4989 ἐργασίας,
2717 4915 2868 4989 ποιρά
2901 4916 2996 4989 μὲν
3025 4918 3137 4989 τοῖς
3174 4916 3398 4989 Ἕλλησι
3430 4915 3694 4989 μηδαμῶς
3728 4917 3846 4968 ὲπι-

2266 4986 2609 5057 τηδεύέσθαι,
2636 4987 2786 5057 παρὰ
2810 4986 2866 5039 δὲ
2897 4988 3009 5049 τοῖς
3036 4986 3351 5054 Αἰγυπτίοις
3374 4986 3614 5057 μάλρτα
3660 5002 3845 5057 συντε-

2265 5036 2658 5111 sigma-sec
2684 5036 3008 5110 ’ὐίόιὶοιηιὶέῖ
3037 5036 3127 5109 Ki'
3148 5036 3454 5111 magia-.3;
3482 5036 3843 5110 riguisse.

2266 5129 2445 5190 illum,
2473 5127 2705 5181 Teleclis
2743 5142 2849 5179 non
2902 5124 3163 5190 fratrem,
3198 5126 3295 5181 sed
3331 5126 3498 5179 lilium
3533 5137 3712 5180 vocat.
3752 5123 3845 5179 Sic

2266 5200 2411 5253 enim
2440 5198 2527 5251 ille
2560 5198 2615 5251 in
2649 5197 2942 5267 Arcadicis,
2979 5213 3098 5267 pag.
3129 5198 3235 5251 ’248
3264 5213 3276 5248 :
3308 5196 3530 5267 Διέχεαν
3554 5196 3616 5267 δὲ
3645 5194 3843 5265 χαλκὸν

2269 5267 2505 5338 πρῶτοι,
2566 5268 2677 5338 και
2718 5265 3008 5337 ἀγάλματα
3060 5265 3463 5338 ἐχωνεύσαντο,
3519 5266 3729 5338 Ῥοῖκός
3782 5280 3844 5338 τε

2266 5335 2451 5419 {ligatos
2472 5378 2486 5399 ,
2534 5340 2628 5390 καὶ
2654 5335 2927 5409 Θεόδωρος
2954 5338 3298 5419 Τηλεκλέους
3316 5337 3573 5419 nilei-pm.
3606 5335 3743 5419 T'um
3776 5335 3847 5419 de

2271 5407 2579 5478 Theodoro
2604 5401 2925 5462 nominatim
2961 5425 2973 5459 :
3004 5401 3279 5478 Θεοδώρου
3324 5406 3394 5478 ,δὲ
3418 5401 3594 5478 ,ἔργον
3637 5401 3846 5478 ἦν-καὶ

2269 5478 2362 5531 ἐπὶ
2388 5476 2482 5531 τοῦ
2511 5477 2657 5530 λίθου
2674 5478 2773 5546 τῆς
2804 5478 3117 5549 σμαράγδου
3144 5475 3473 5548 σφραγὶςήν
3492 5475 3845 5549 ΙΙ-ολυκρέιτης

2269 5552 2297 5603 ὁ
2326 5548 2507 5618 Σάμου
2535 5544 2875 5620 τυραννήσας
2906 5544 3110 5620 ἐφόρει.
3149 5544 3356 5620 Sil—uilia
3385 5544 3573 5620 scribit
3608 5547 3658 5598 in
3683 5544 3845 5620 ’11qu-

2271 5612 2431 5694 eicis,
2480 5612 2726 5694 extremo
2760 5612 2855 5671 lib.
2880 5659 2893 5680 ,
2941 5612 3045 5694 nisi
3074 5620 3217 5694 quod
3248 5617 3437 5694 Ψιῳυὶ
3467 5625 3674 5694 patrem
3722 5612 3846 5694 ζωῇ

2272 5691 2453 5749 humu,
2485 5706 2590 5742 non
2624 5688 2887 5746 Phiwum.
2915 5700 2973 5741 ut
3004 5690 3056 5741 in
3095 5683 3371 5741 Arcadicis
3405 5683 3685 5741 nominat:
3721 5683 3846 5738 licet

2274 5762 2538 5831 interpres
2565 5759 2778 5812 Φιλαὶςυ
2814 5761 3103 5829 uti‘oizique
3128 5760 3334 5827 legerit.
