4194 6452
420 357 529 415 805

1580 359 1901 415 PREPAR.
1940 357 2193 417 EVANG.
2234 358 2363 414 LIB.
2404 356 2473 412 X.

3572 350 3678 408 806

423 476 571 550 ρείου
621 475 716 529 τοῦ
765 475 988 547 Περσῶν
1041 475 1303 547 βασιλέως
1326 515 1340 541 ,
1392 476 1485 529 καὶ
1537 477 1637 546 τῆς
1677 476 1797 528 κατ’
1839 473 1994 527 αὑτὸν

2103 487 2227 540 gere
2250 469 2505 535 voluerit,
2544 478 2602 521 ut
2632 481 2728 536 per
2757 462 3044 535 superiora
3087 474 3232 519 retro
3282 472 3551 535 tempora,
3606 466 3675 519 ad

422 548 772 631 ἀνανεώσεως
794 567 889 620 τοῦ
919 569 978 621 ἐν
1014 567 1399 640 Ἰεροσολύμοις
1430 564 1555 630 νεὼ,
1578 566 1613 637 ἢ
1640 565 1829 635 γέγονε
1863 548 2017 635 μετὰ

421 659 520 732 τὴν
549 660 659 714 ἀπὸ
700 659 1015 723 Βαϐυλῶνος
1060 659 1316 714 ἐπάνοδον
1344 656 1438 713 τοῦ
1481 659 1751 714 Ἰουδαίων
1785 657 1993 720 ἔθνους·

422 752 572 823 εῦροι
618 750 685 805 ἂν
734 752 843 805 ἀπὸ
890 751 1139 822 Τιϐερίου
1194 753 1286 803 ἐπὶ
1333 751 1395 804 τὸ
1436 751 1682 823 δεύτερον
1734 750 1849 812 ἔτος
1897 750 2000 800 Δα-

426 842 574 913 ρείου
663 839 754 911 ἔτη
823 846 978 911 φμη’.
1048 840 1269 909 Δαρείου
1345 840 1442 910 μὲν
1488 841 1596 911 γὰρ
1641 839 1703 892 τὸ
1750 838 1999 908 δεύτερον

422 930 565 986 κατὰ
591 930 651 983 τὸ
680 929 894 1002 πρῶτον
934 929 1052 992 ἔτος
1078 928 1177 999 τῆς
1212 931 1282 997 ξεν
1316 930 1675 1001 Ὀλυμπιάδος
1723 931 1994 999 καταντᾷο

424 1018 675 1089 Τιϐερίου
703 1019 758 1072 δὲ
783 1019 844 1072 τὸ
872 1019 1348 1074 πεντεκαιδέκατον
1388 1022 1485 1093 τῆς
1525 1020 1807 1092 Ῥωμαίων
1850 1020 2001 1091 βασι·-

422 1111 573 1173 λείας
620 1108 759 1164 κατὰ
799 1110 859 1164 τὸ
913 1110 955 1163 δ’
992 1110 1095 1180 τῆς
1138 1117 1220 1180 σγ¹
1264 1112 1619 1183 Ὀλυμπιάδος
1675 1110 1996 1182 συμπίπτει.

424 1203 669 1257 Γίνονται
695 1203 871 1256 τοίνυν
902 1204 958 1255 αἱ
990 1203 1192 1274 μεταξὺ
1232 1204 1456 1275 Δαρείου
1502 1202 1593 1256 τοῦ
1638 1196 1870 1274 Πέρσου,
1905 1203 1999 1256 καὶ

424 1292 676 1366 Τιϐερίου
714 1289 808 1345 τοῦ
850 1292 1132 1363 Ῥωμαίων
1179 1291 1439 1361 βασιλέως
1477 1290 1834 1360 Ὀλυμπιάδες
1865 1288 1996 1360 ρλζ’,

424 1387 481 1441 αἳ
507 1388 793 1455 συνάγουσι
816 1387 1005 1458 χρόνον
1028 1385 1163 1440 ἐτῶν
1185 1392 1337 1457 φμη’,
1362 1385 1676 1457 τετραετίας
1703 1387 1768 1455 τῇ
1807 1385 2001 1454 Ὀλυμ-

424 1480 572 1535 πιάδι
602 1478 971 1550 λογιζομένης.
1019 1480 1170 1532 Ἐπεὶ
1213 1479 1270 1533 δὲ
1314 1478 1455 1531 κατὰ
1488 1478 1549 1531 τὺ
1585 1477 1837 1547 δεύτερον
1882 1478 2000 1541 ἔτος

424 1570 650 1644 Δαρείου
674 1570 735 1623 τὸ
766 1570 1159 1641 ἑϐδομηκοστὸν
1186 1572 1398 1643 ὑπῆρχε
1427 1570 1527 1641 τῆς
1561 1569 1793 1641 ἐρημίας
1817 1568 1910 1623 τοῦ
1942 1570 1999 1622 ἐν

436 1661 825 1734 Ἰεροσολύμοις
858 1660 982 1727 νεὼ,
1014 1660 1192 1726 καθὼς
1221 1662 1290 1716 τὰ
1335 1664 1432 1733 τῆς
1469 1662 1730 1734 Ἐϐραίων
1760 1661 2000 1733 ἱστορίας

425 1754 741 1826 παρίστησι,
771 1753 1060 1808 κάντεῦθεν
1103 1754 1261 1808 πάλιν
1302 1755 1727 1827 ἀνατρεχόντων,
1758 1753 1865 1807 άπὸ
1901 1752 1997 1824 μὲν

2102 558 2323 612 Darium
2345 571 2519 627 usque
2544 554 2832 610 Persarum
2864 569 3067 624 regem,
3090 562 3145 607 et
3170 554 3535 609 instauratum
3558 551 3681 608 Hie-

2100 648 2393 718 rosolymis
2420 647 2522 701 sub
2560 661 2627 700 eo
2654 646 2951 715 templum,
2988 644 3043 697 id
3090 644 3235 713 quod
3283 654 3408 715 post
3463 642 3679 699 Judaici

2100 740 2285 808 populi
2307 754 2375 794 ex
2438 738 2714 809 Babylone
2755 737 2993 791 reditum
3038 736 3282 806 contigit,
3337 737 3680 792 numerando

2099 832 2412 900 perveniat;
2442 832 2488 885 is
2522 846 2553 884 a
2588 829 2808 885 Tiberio
2853 829 2921 883 ad
2968 827 3117 881 Darii
3141 828 3443 883 secundum
3464 869 3479 895 ,
3505 843 3680 883 annos

2100 924 2325 978 omnino
2379 922 2616 993 reperiat
2659 921 2990 992 quingentos
3034 929 3089 975 et
3136 920 3499 992 quadraginta
3529 929 3677 975 octo.

2098 1014 2235 1069 Nam
2258 1014 2406 1068 Darii
2433 1014 2653 1084 quidem
2691 1014 2968 1070 secundus
2998 1014 3053 1067 in
3080 1014 3319 1084 primum
3351 1013 3680 1085 Olympiadis

2100 1105 2453 1176 sexagesima:
2496 1105 2717 1174 quintae,
2757 1106 2972 1175 imperii
3004 1121 3133 1161 vero
3183 1105 3386 1162 Tiberii
3434 1107 3681 1164 decimus

2099 1197 2324 1267 quintus
2353 1198 2407 1252 in
2436 1206 2692 1268 quartum
2726 1198 3114 1253 ducentesima:
3137 1198 3308 1254 tertiae
3354 1199 3683 1270 Olympiadis

2099 1291 2349 1346 incurrit.
2387 1291 2657 1357 Quocirca
2704 1290 2932 1344 Darium
2981 1289 3206 1347 Persam
3232 1291 3394 1359 inter,
3422 1306 3487 1346 ac
3519 1280 3683 1347 Tibe4

2099 1384 2244 1437 rium
2276 1381 2652 1440 Romanorum
2687 1383 3328 1453 imperatorem,centum
3358 1398 3423 1439 ac
3456 1383 3680 1455 triginta

2100 1485 2307 1546 septem
2333 1476 2673 1546 olympiades
2704 1475 3073 1540 intercedunt,
3109 1491 3232 1547 quae
3270 1491 3544 1531 summam
3580 1492 3682 1531 an-

2067 1577 2078 1594 '
2099 1580 2298 1620 norum
2324 1567 2750 1637 quingentorum
2765 1575 2819 1621 et
2840 1567 3205 1637 quadraginta
3220 1575 3344 1623 octo
3359 1568 3677 1635 conﬁciunt,

2099 1657 2460 1727 quadriennio
2478 1659 2708 1731 singulis
2732 1659 3131 1730 olympiadibus
3149 1661 3431 1717 attributo.
3453 1660 3521 1715 Et
3543 1677 3682 1732 quo-

2099 1748 2249 1802 niam
2283 1748 2432 1802 Darii
2465 1750 2740 1806 secundus
2794 1766 2995 1816 annus,
3028 1766 3152 1806 cum
3198 1750 3682 1824 Hierosolymitani

421 1846 516 1900 τοῦ
548 1846 799 1919 δευτέρου
829 1845 982 1910 ἔτους
1012 1848 1236 1918 Δαρείου
1278 1848 1369 1900 ἐπὶ
1409 1847 1507 1918 τὴν
1541 1846 1763 1918 πρώτην
1807 1846 1994 1917 Ὀλυμ-

2104 1840 2289 1909 templi
2344 1840 2617 1895 vastitatis
2667 1842 3070 1911 septuagesimo
3121 1842 3457 1912 congruebat
3504 1851 3566 1896 ut
3611 1858 3681 1896 ex

422 1938 588 1992 πιάδα
615 1937 706 2010 ἔτη
743 1937 1011 2007 συνάγοιτ’
1045 1938 1110 1993 ἂν
1163 1946 1304 2005 σνς’,
1364 1940 1720 2011 Ὀλυμπιάδες
1766 1937 1865 2003 ξδ’
1912 1956 2001 1991 το-

424 2028 599 2085 σαῦτα
636 2030 681 2084 δ’
717 2029 785 2085 ἂν
830 2031 1009 2101 εῦροις
1037 2031 1105 2085 τά
1156 2032 1264 2085 ἀπὸ
1295 2031 1389 2085 τοῦ
1437 2032 1665 2086 ὑστάτου
1708 2032 1861 2096 ἔτους
1901 2035 1999 2104 τῆς

422 2121 656 2192 ἐρημίας
687 2121 780 2175 τοῦ
809 2121 1135 2192 δηλωθέντος
1166 2122 1309 2194 ἱεροῦ
1355 2124 1449 2176 ἐπὶ
1482 2123 1543 2176 τὸ
1586 2130 1628 2176 ν’
1670 2123 1789 2187 ἔτος
1822 2121 1997 2187 Ὀζίου

420 2211 516 2266 τοῦ
548 2211 656 2266 τῶν
695 2213 961 2267 Ἰουδαίων
996 2213 1259 2284 βασιλέως
1299 2213 1485 2279 ἀνιὼν,
1512 2214 1636 2268 καθ’
1661 2215 1720 2270 ὃν
1754 2216 1998 2286 προεφή-

419 2318 575 2355 τευον
616 2302 840 2367 Ἡσαΐας
880 2304 973 2357 κα).
1017 2304 1193 2375 Ὠσηὲ,
1224 2306 1337 2358 ὅσοι
1382 2323 1441 2358 τε
1492 2304 1700 2369 τούτοις
1743 2304 1999 2374 γεγόνασι

425 2391 741 2465 σύγχρονοι·
788 2394 915 2448 ὥστ’
960 2391 1100 2450 εἶναι
1148 2396 1245 2467 τὴν
1287 2397 1511 2469 πρώτην
1557 2397 1678 2451 καθ’
1729 2398 1998 2473 Ἕλληνας

434 2485 768 2556 Ὀλυμπιάδα
796 2487 1090 2559 σύνδρομον
1128 2487 1205 2559 τῷ
1237 2490 1492 2562 προφήτῃ
1532 2489 1728 2560 Ἡσαΐᾳ
1760 2489 1857 2542 καὶ
1887 2494 1999 2552 τοῖς

420 2577 612 2631 τούτου
644 2580 973 2651 συγχρόνοις.
1003 2580 1171 2634 Πάλιν
1192 2581 1247 2633 δέ
1278 2581 1382 2635 ἀπὸ
1407 2582 1505 2651 τῆς
1537 2580 1761 2653 πρώτης
1801 2579 1998 2651 Ὀλυμ-

422 2670 629 2734 πιάδος,
662 2671 754 2723 ἐπὶ
798 2672 924 2736 τοὺς
973 2668 1279 2743 ἔμπροσθεν
1330 2670 1496 2726 ἀνιὼν
1548 2671 1791 2743 χρόνους,
1837 2671 1997 2742 μέχρι

417 2761 518 2832 τῆς
558 2760 708 2815 Ἰλίου
752 2761 1004 2826 ἁλώσεως
1040 2764 1293 2835 εὑρήσεις
1327 2764 1421 2835 ἔτη
1457 2762 1997 2833 συγκεφαλαιούμενα

419 2857 522 2923 υη’,
551 2852 626 2916 ὡς
653 2854 711 2905 αί
741 2856 868 2925 παρ’
904 2854 1126 2925 Ἕλλησι
1146 2856 1253 2908 τῶν
1280 2855 1483 2925 χρόνων
1503 2855 1816 2924 ἀναγραφαὶ
1842 2871 1998 2925 περι-

417 2945 618 3015 έχουσι.
653 2944 763 2997 Καὶ
796 2943 917 2997 καθ’
953 2945 1254 3016 Ἐϐραίους,
1306 2945 1414 2998 ἀπὸ
1451 2944 1815 3015 πεντηκοστοῦ
1848 2944 1999 3006 ἔτους

429 3034 604 3101 Ὀζίου
636 3036 731 3088 τοῦ
763 3035 1029 3090 Ἰουδαίων
1070 3036 1331 3107 βασιλέως
1381 3036 1545 3089 ἀνιὼν
1586 3037 1678 3089 ἐπὶ
1717 3036 1778 3089 τὸ
1817 3037 1998 3107 τρίτον

2103 1931 2457 1988 Hebraeorum
2489 1933 2723 1988 historia
2754 1934 2927 2004 liquet
2964 1954 2977 1989 :
3014 1934 3060 1990 si
3084 1935 3313 2005 gradum
3348 1936 3515 1990 etiam
3555 1936 3682 1990 inde

2100 2032 2248 2079 retro
2269 2023 2476 2090 ﬂectas,
2506 2028 2575 2079 ab
2595 2041 2741 2081 anno
2773 2026 2921 2081 Darii
2946 2028 3186 2083 secundo
3219 2029 3285 2083 ad
3319 2028 3552 2098 primam
3588 2045 3681 2083 us—

2100 2132 2209 2187 que
2233 2115 2610 2188 Olympiadem
2642 2119 2774 2172 anni
2811 2120 3051 2175 conlient
3081 2136 3275 2175 omnes
3312 2120 3682 2190 quinquagin-

2102 2217 2157 2263 ta
2201 2223 2296 2264 sex
2321 2224 2487 2278 supra
2514 2208 2800 2273 ducentos,
2838 2210 3176 2281 olympiades
3202 2225 3335 2264 vero
3368 2219 3605 2280 quatuor
3627 2218 3684 2264 et

2101 2299 2418 2370 sexaginta;
2444 2309 2577 2368 quot
2597 2300 2758 2369 plane
2774 2300 2842 2355 ab
2870 2303 3066 2356 ultimo
3095 2302 3267 2358 excisi
3294 2303 3481 2372 templi
3513 2318 3681 2368 anno,

2101 2392 2170 2447 ad
2200 2390 2343 2447 Osize
2365 2390 2683 2446 Judmorum
2725 2394 2872 2463 regis
2917 2395 3436 2464 quinquagesimum
3488 2408 3684 2452 nume-

2100 2492 2463 2552 rantur;quo
2513 2491 2755 2553 tempore
2803 2483 2971 2556 484
3016 2484 3209 2551 Isaias,
3240 2485 3431 2553 Oseas,
3480 2487 3684 2556 aliique

2102 2578 2389 2633 amborum
2414 2578 2651 2647 aequales
2697 2580 2976 2649 prophetae
3004 2579 3340 2635 claruerunt.
3376 2580 3452 2635 Ita
3502 2581 3683 2651 prima

2112 2668 2426 2724 Graecorum
2453 2670 2722 2741 Olympias
2744 2685 2870 2724 cum
2899 2671 3038 2725 Isaia
3071 2680 3126 2725 et
3166 2672 3339 2742 ipsius
3377 2673 3681 2742 aequalibus

2102 2762 2375 2832 congruit.
2407 2762 2619 2819 Rursus
2658 2764 2754 2833 qui
2783 2763 2851 2817 ad
2897 2764 3184 2833 superiora
3212 2775 3457 2835 tempora
3487 2781 3681 2821 recur-

2108 2866 2229 2907 rere
2290 2852 2539 2916 voluerit,
2574 2853 2622 2906 is
2668 2852 2736 2905 al)
2776 2852 3085 2922 Olympiade
3118 2853 3293 2922 prima
3339 2855 3409 2908 ad
3465 2865 3681 2924 captam

2100 2956 2277 3013 usque
2301 2942 2540 3013 Trojam,
2574 2959 2843 2998 annorum
2873 2960 3145 2999 summam
3169 2945 3422 3000 conﬁciet
3441 2954 3566 3001 octo
3588 2963 3683 3003 su-

2099 3049 2198 3104 pra
2252 3035 2721 3104 quadringentos,
2773 3051 2935 3105 quem
2963 3051 3253 3089 numerum
3305 3037 3681 3109 chronologici

416 3126 536 3189 ἔτος
571 3125 793 3180 Λαϐδὼν
828 3129 957 3198 παρ’
999 3126 1270 3199 Ἑϐραίοις
1311 3127 1605 3198 γενομένου
1643 3126 1853 3199 κριτοῦ,
1907 3128 1994 3181 τὸν

2102 3125 2417 3180 Graecorum
2458 3128 2837 3185 commentarii
2865 3135 3275 3195 repraesentant.
3314 3125 3580 3183 Similiter
3611 3145 3676 3183 a-

420 3184 532 3271 ῐσον
588 3218 834 3283 συνάξεις
878 3184 1111 3290 ἀιριθμὸύ
1168 3184 1464 3290 ἐτώνίυηί·
1517 3218 1646 3272 ὥστ’
1683 3184 1851 3272 ἐἶναι’
1898 3219 1994 3292 τὴν

2100 3217 2211 3286 pud
2246 3216 2526 3287 Hebrzeos,
2569 3219 2637 3273 ab
2668 3218 2812 3274 Osiae
2843 3184 3156 3273 Iudaeorum
3214 3219 3357 3290 regis
3406 3220 3681 3291 quinqua-

429 3312 580 3366 Ἰλίου
609 3312 807 3366 ἅλωσιν
834 3312 976 3366 κατὰ
1002 3313 1129 3376 τοὺς
1156 3310 1380 3365 Λαϐδὼν
1406 3310 1501 3365 τοῦ
1536 3310 1722 3383 κριτοῦ
1751 3312 1993 3382 χρόνους,

415 3404 557 3458 ἑπτὰ
597 3403 741 3456 ἔτεσι
780 3402 1100 3474 πρότερονῆ
1134 3400 1371 3473 Σαμψὼν
1417 3401 1577 3473 ἄρξαι
1622 3400 1904 3472 Ἐϐραίων,
1938 3400 1996 3454 ὃν

414 3497 557 3553 κατὰ
579 3496 676 3569 τὴν
703 3497 795 3549 τοῦ
834 3496 1084 3568 σώματος
1128 3497 1299 3560 ἀλκὴν
1351 3496 1720 3549 ἀνυπόστατον
1744 3494 1995 3573 γενέσθαι

415 3593 599 3661 φασὶν,
628 3591 840 3644 ἐοικότα
873 3590 951 3661 τῷ
977 3590 1235 3661 βοωμένῳ
1261 3591 1391 3660 παρ’
1425 3587 1681 3657 Ἕλλησιν
1715 3587 1991 3659 Ἡρακλεῖ.

414 3684 525 3737 Καὶ
555 3682 799 3736 ἐντεῦθεν
822 3683 878 3736 δὲ
904 3683 996 3736 ἐπὶ
1020 3683 1147 3746 τοὺς
1165 3681 1422 3750 ἀνωτέρω
1455 3679 1703 3751 βαδίζων,
1733 3680 1790 3732 ἐν
1812 3677 1995 3749 ταύτῷ

412 3791 473 3827 τε
506 3772 822 3843 συναγαγὼν
861 3772 1088 3845 ἀριθμὸν
1131 3772 1267 3825 ἐτῶν
1296 3778 1363 3835 u’,
1414 3770 1596 3842 εὕροις
1627 3770 1692 3824 ἂν
1721 3769 1866 3823 κατὰ
1897 3770 1994 3841 μὲν

425 3864 706 3937 Ἐϐραίους
738 3865 994 3930 Μωῦσέα,
1032 3864 1171 3918 κατὰ
1214 3864 1270 3916 δὲ
1298 3863 1564 3935 ’Έλληνας
1608 3862 1869 3934 Κέκροπα
1903 3862 1993 3915 τὸν

413 3952 641 4027 γηγενῆ.
671 3953 972 4024 Κατὼτερα
1007 3955 1062 4008 δὲ
1094 3954 1202 4008 τῶν
1230 3953 1513 4025 Κέκροπος
1549 3955 1838 4023 ἱστορεῖται
1864 3952 1994 4022 χρό-

412 4058 518 4095 νων
546 4040 617 4094 τὰ
636 4041 765 4112 παρ’
791 4041 1014 4113 Ἕλλησι
1039 4039 1446 4112 θαυμαζόμενα.
1486 4042 1695 4094 Γίνεται
1717 4041 1826 4112 γὰρ
1856 4043 1995 4111 μετὰ

412 4133 674 4205 Κέκροπα
716 4132 745 4184 ὁ
788 4131 931 4185 κατὰ
960 4130 1322 4186 ’Δευκαλίωνα
1374 4133 1776 4206 κατακλυσμὸς,
1830 4135 1923 4188 καὶ
1958 4138 1991 4205 ή

411 4223 505 4278 ἐπὶ⁸
547 4223 839 4286 Φαέθοντος
885 4223 1227 4296 ἐκπύρωσις,
1268 4225 1595 4297 Ἐριχθονίου
1646 4245 1706 4280 τε
1757 4227 1989 4297 γένεσις,

411 4316 594 4386 Κόρης
620 4334 679 4369 τε
726 4316 970 4387 ἁρπαγὴ,
1014 4316 1108 4369 καὶ
1148 4317 1435 4388 Δήμητρος
1476 4320 1768 4392 μυστήρια,
1813 4320 1992 4373 Ἐλευ-

413 4407 595 4460 σινίων
629 4406 854 4480 ἵδρυσις,
887 4404 1260 4479 Τριπτολέμου
1295 4410 1559 4479 γεωργία,
1594 4408 1863 4482 Εὐρώπης
1886 4412 1992 4465 ὑπὸ

2100 3310 2330 3382 gesimo,
2364 3311 2409 3366 si
2455 3313 2682 3382 gradum
2719 3312 2786 3366 ad
2841 3311 3115 3367 Labdonis
3158 3310 3370 3369 Hebraei
3396 3316 3680 3385 quondam

2094 3403 2298 3472 judicis
2331 3404 2550 3458 tertium
2579 3403 2792 3470 feceris,
2823 3405 3086 3475 aequalem
3106 3421 3375 3461 annorum
3414 3408 3679 3477 quadrin-

2098 3497 2387 3563 geritorum
2413 3504 2467 3551 et
2492 3506 2613 3551 octo
2650 3509 2942 3551 numerum
2976 3497 3216 3567 colliges.
3246 3499 3425 3569 Atque
3455 3498 3527 3553 ita
3576 3501 3682 3555 sub

2098 3585 2376 3643 Labdonis
2411 3588 2617 3659 iudicis
2650 3598 2898 3658 tempora
2941 3587 3097 3643 llium
3130 3588 3314 3658 fuerit,
3344 3600 3548 3662 septem
3581 3608 3680 3647 an-

2097 3679 2185 3733 nis
2211 3689 2505 3750 antequam
2536 3680 2768 3735 Samson
2797 3679 3040 3737 Hebraais
3072 3682 3382 3752 imperaret,
3410 3701 3571 3756 quem
3604 3690 3682 3740 vi-

2095 3770 2248 3825 ribus
2271 3774 2518 3842 corporis
2552 3773 2685 3826 nihil
2706 3789 2812 3829 non
2830 3788 3143 3841 superasse,
3164 3775 3410 3846 adeoque
3427 3777 3677 3834 omnium

2096 3878 2192 3918 ore
2238 3863 2445 3933 jactato
2487 3862 2800 3920 ercorum
2861 3865 3082 3922 Herculi
3124 3869 3455 3936 persimilem
3503 3869 3678 3927 fuisse

2095 3955 2338 4009 tradunt.
2394 3955 2599 4022 Quodsi
2623 3958 2689 4011 ab
2722 3958 2813 4011 illo
2836 3966 3098 4029 tempore,
3126 3976 3299 4015 annos
3318 3977 3510 4018 rursus
3537 3980 3678 4034 qua-

2094 4045 2407 4116 dringentos
2430 4063 2647 4103 sursum
2677 4063 2867 4104 versus
2878 4052 3515 4125 numeraveris,Moysem
3534 4058 3677 4126 apud

2099 4134 2373 4204 Hebraeos,
2402 4140 2543 4208 apud
2577 4139 2796 4194 Graecos
2823 4140 3121 4211 Cecropem
3154 4144 3307 4197 illum
3343 4145 3673 4216 terrigenam

2093 4232 2332 4301 reperies
2366 4247 2380 4285 :
2415 4246 2524 4300 quo
2561 4232 2781 4301 quidem
2811 4234 3115 4288 recentiora
3143 4250 3283 4301 esse,
3330 4251 3675 4308 quaecunque

2094 4323 2267 4379 Graeci
2288 4333 2572 4394 tantopere
2602 4325 2903 4390 celebrant,
2933 4342 3096 4381 nemo
3127 4343 3237 4382 non
3279 4326 3498 4383 fatetur.
3533 4328 3672 4386 Nam

2092 4425 2216 4488 post
2247 4410 2425 4483 illum,
2461 4416 2813 4472 Deucalionis
2862 4417 3156 4484 diluvium,
3194 4418 3547 4478 Phaethontis
3590 4424 3676 4477 in-

409 4497 530 4562 Διδς
559 4499 802 4571 ἁρπαγὴ,
846 4500 1176 4564 ’Λπόλλωνος
1198 4501 1441 4580 θγένεσις,
1486 4502 1709 4574 Κάδμου
1756 4504 1846 4556 ἐπὶ
1879 4504 1989 4576 Θή-

2097 4511 2369 4575 cendium,
2394 4520 2546 4565 ortus
2564 4508 2928 4577 Erichthonii,
2957 4510 3301 4582 Proserpinae
3326 4523 3539 4584 raptus,
3561 4532 3677 4589 my-

408 4588 513 4655 ϐας
536 4592 820 4664 παρουσία,
842 4594 937 4648 καὶ
962 4593 1042 4647 ἔτι
1077 4594 1279 4648 τούτων
1305 4593 1558 4667 νεώτεροι
1593 4595 1862 4659 Διόνυσος,
1884 4596 1989 4649 Μί-

407 4700 535 4750 νως,
576 4685 840 4756 Περσεὺς,
901 4686 1256 4758 Ἀσκληπιὸς,
1304 4687 1652 4760 Διόσκουροι,
1690 4688 1980 4759 Ἡρακλῆς.

407 4773 625 4831 Τούτων
649 4776 692 4831 δ’
717 4768 971 4833 ἁπάντων
1011 4778 1377 4850 πρεσϐύτερος
1407 4779 1645 4848 γεγονὼς
1674 4783 1986 4835 συνίσταται

406 4868 666 4942 Μωῦσῆς,
696 4868 771 4934 ὡς
804 4869 869 4924 ἂν
895 4870 1035 4923 κατὰ
1058 4870 1319 4943 Κέκροπα
1340 4871 1440 4943 τὴν
1466 4871 1681 4941 ἡλικίαν
1707 4873 1984 4944 ἀκμάσας.

414 4947 552 5015 Ἀπὸ
581 4962 638 5015 δέ
671 4963 948 5028 Μωῦσέως
982 4963 1142 5017 πάλιν
1168 4962 1331 5018 ἀνιὼν
1370 4964 1463 5016 ἐπὶ
1515 4963 1576 5016 τὸ
1620 4964 1835 5035 πρῶτον
1868 4965 1986 5029 ἔτος

406 5052 552 5126 ζωῆς
580 5054 849 5127 Ἀϐραὰμ,
875 5056 1127 5127 εὑρήσεις
1147 5055 1242 5126 ἔτη
1282 5061 1383 5124 gos"
1408 5054 1647 5109 τοσαῦτα
1681 5055 1737 5109 δὲ
1758 5056 1864 5110 ἀπὸ
1887 5057 1983 5111 τοῦ

404 5145 736 5219 δηλωθέντος
784 5146 938 5211 ἔτους
974 5150 1075 5219 τῆς
1107 5147 1392 5219 Κέκροπος
1439 5148 1716 5219 βασιλείας
1749 5149 1981 5221 (58-59),

403 5241 495 5294 τὸν
555 5240 813 5311 ἀνωτέρω
864 5241 1053 5312 χρόνον
1111 5240 1623 5312 ἀπαριθμούμενος,
1670 5242 1762 5295 ἐπὶ
1824 5244 1984 5297 Νῖνον

403 5332 555 5404 ἥξεις
597 5334 687 5386 τὸν
728 5332 1016 5405 Ασσύριον,
1061 5333 1119 5387 ὃν
1163 5334 1378 5407 πρῶτόν
1421 5352 1583 5405 φασιν
1624 5336 1841 5406 ἁπάσης
1885 5340 1985 5409 τῆς

417 5421 603 5484 Ἀσίας
639 5421 777 5494 πλὴν
804 5422 978 5476 Ἰνδῶν
1021 5424 1422 5494 κεκρατηκέναι
1446 5442 1459 5454 ·
1487 5420 1551 5479 οῦ
1586 5426 1745 5489 Νῖνος
1775 5425 1984 5480 ἐπώνυ-

410 5528 508 5582 μος
528 5512 750 5585 πόλις,ὴ
774 5513 961 5567 Νινευῖ
986 5516 1117 5585 παρ’
1144 5514 1411 5585 Ἑϐραίοις
1430 5516 1766 5588 ὠνόμασται,
1786 5518 1909 5571 καθ’
1923 5518 1982 5571 ὃν

407 5604 766 5679 Ζωροάστρης
793 5609 822 5661 ὁ
848 5607 1037 5675 Μάγος
1064 5606 1345 5679 Βακτρίων
1373 5608 1709 5664 ἐϐασίλευσε.
1741 5611 1902 5664 Νίνου
1926 5611 1982 5664 δὲ

2097 4602 2261 4658 steria
2309 4602 2548 4668 Cereris,
2581 4600 2983 4659 Eleusiniorum
3019 4604 3312 4670 institutio,
3355 4604 3673 4677 Triptolemi

2098 4690 2688 4762 agricultura,Europ:e
2710 4692 2778 4746 ab
2798 4689 2931 4747 Jove
2950 4695 3368 4764 raptus,natalis
3382 4696 3671 4766 Apollinis,

2095 4779 2283 4836 Cadmi
2317 4782 2460 4850 apud
2488 4781 2778 4839 Thebanos
2805 4783 3092 4849 adventus,
3126 4794 3288 4855 atque
3322 4786 3390 4841 iis
3412 4789 3674 4844 omnibus

2087 4872 2331 4942 juniores
2350 4872 2616 4939 Bacchus,
2638 4872 2835 4941 Minos,
2860 4872 3115 4944 Perseus,
3146 4876 3519 4947 Esculapius,
3545 4880 3652 4936 Cas

2094 4974 2201 5030 tor,
2242 4978 2296 5020 ct
2323 4964 2542 5031 Pollux,
2577 4973 2632 5020 et
2653 4963 2916 5023 Hercules
2955 4969 3233 5024 exstitere.
3266 4967 3415 5034 Quos
3445 4971 3673 5040 proinde

2092 5056 2328 5129 Moyses,
2384 5073 2509 5113 cum
2565 5058 2825 5129 Cecropis
2868 5067 3113 5129 tempore
3162 5058 3447 5126 ﬂoruerit,
3515 5070 3672 5117 aetate

2091 5165 2280 5206 omnes
2305 5150 2547 5205 anteivit.
2568 5149 2738 5205 Porro
2755 5150 2801 5205 si
2819 5151 2887 5205 ab
2910 5150 3099 5206 eodem
3124 5149 3309 5222 Moyse
3329 5151 3397 5206 ad
3431 5150 3684 5249 pritnunq

2094 5258 2268 5312 usque
2287 5243 2587 5297 Abrahami
2619 5244 2744 5297 vitae
2773 5258 2979 5296 annum
3032 5244 3366 5307 recurreris,
3396 5259 3667 5300 summam

2092 5334 2313 5406 colliges
2339 5350 2609 5389 annorum
2634 5335 2879 5405 quinque
2902 5349 3066 5404 supra
3106 5337 3464 5406 quingentos;
3506 5336 3668 5391 item-

2090 5443 2216 5498 que,
2248 5428 2471 5483 totidem
2503 5427 2571 5481 ab
2597 5427 2690 5481 illo
2713 5425 2976 5496 Cecropis
3013 5427 3166 5496 regni
3198 5443 3342 5482 anno
3382 5428 3664 5498 superiora

2089 5533 2282 5574 versus
2310 5527 2554 5588 tempora
2585 5517 2909 5580 numeratis,
2933 5516 3002 5571 ad
3018 5515 3217 5571 Ninum
3238 5517 3522 5589 Assyrium
3545 5534 3662 5589 per.

2088 5612 2298 5670 venies.
2320 5614 2485 5679 quem
2514 5609 2761 5664 omnium
2798 5608 3098 5696 principem
3123 5617 3238 5666 tota
3268 5611 3474 5694 passim
3497 5610 3631 5699 ῥεῖα

475 5834 686 5903 (53-59)
722 5838 1060 5904 Βασιλείας.
1097 5839 1416 5898 Addeudum
1448 5839 1568 5906 ἐπί,
1607 5839 1686 5895 vel
1719 5840 1816 5905 εἰς,
1859 5850 1985 5897 ante
2022 5835 2112 5892 τὸν
2136 5838 2277 5895 άνωτ

3144 60 3199 73 ."_
3228 60 3675 79 ἐπιπᾙᾲ
3710 70 3779 79 ιιι-..ι-
