4194 6412
534 298 644 355 807

1190 293 1479 352 'EUSEBII
1519 293 2001 351 CESARIENSIS
2031 292 2180 350 OPP.
2224 291 2405 348 PARS
2432 291 2495 346 ll.
2526 321 2597 332 —-
2622 290 3125 349 APOLOGETICA.

3676 298 3786 357 808

534 418 582 473 si
615 427 794 472 tamen
825 414 989 469 Indos
1029 412 1292 483 excipias,
1324 411 1663 467 dominatum
1693 426 1817 466 esse
1858 411 2100 466 tradunt.

2202 408 2359 479 γυνὴ,
2376 425 2470 462 και
2489 407 2730 479 διάδοχος
2755 410 2856 479 τῆς
2875 406 3169 477 βασιλείας,
3184 409 3527 482 Σεμίραμις·
3551 410 3681 467 ὥστ’
3703 411 3778 468 εἶ.

534 506 741 562 Nomen
771 506 839 559 ab
870 520 935 558 eo
960 503 1133 557 Ninus
1159 502 1374 564 civitas,
1410 516 1575 570 quam
1607 498 1839 553 Niniven
1886 496 2101 551 Hebrai

533 608 749 663 vocant,
773 596 1000 665 accepit,
1028 594 1384 664 ejusdemque
1406 593 1747 663 temporibus
1775 590 2101 645 Zoroastres

532 690 622 743 ille
640 703 830 757 magus
861 686 1164 741 Bactrianis
1198 684 1522 753 imperabat.
1552 681 1678 736 Nini
1700 696 1839 736 uxor
1858 680 2099 735 Semira-

532 781 635 834 mis
688 778 863 833 eidem
924 776 1189 831 successit
1228 775 1281 828 in
1337 789 1608 844 regnum:
1652 786 1889 842 quorum
1941 781 2100 825 atate

530 871 757 938 proinde
804 870 1179 923 Abrahamum
1205 869 1411 921 vixisse
1456 866 1714 935 oportuit.
1747 864 1951 919 Verum
1986 864 2103 918 hac

528 962 740 1016 anobis
780 961 964 1016 omnia
1003 960 1165 1015 certis
1217 958 1555 1031 argumentis
1600 960 1656 1012 in
1705 956 2101 1026 Chronologicis

527 1053 731 1107 nostris
777 1052 1066 1106 canonibus
1109 1050 1357 1106 confecta
1394 1051 1652 1120 reperies.
1687 1047 1843 1104 Nunc
1878 1048 2099 1118 quidem

526 1143 914 1199 conﬁrmanda
941 1143 1144 1214 Moysis
1173 1142 1504 1212 antiquitati,
1537 1142 1603 1196 ad
1637 1141 1923 1210 superiora
1978 1140 2094 1205 illa,

526 1250 697 1288 unum
722 1235 966 1290 hominis
990 1235 1148 1304 longe
1171 1250 1296 1289 cum
1320 1233 1581 1298 Hebrais,
1602 1242 1717 1287 tum
1745 1232 1911 1287 etiam
1938 1232 2096 1287 nobis

526 1326 915 1391 inimicissimi,
950 1337 1112 1397 atque
1148 1325 1505 1380 infensissimi
1550 1323 1924 1379 testimonium
1969 1324 2098 1379 libet

524 1417 689 1488 485
720 1418 1016 1489 adiungere
1044 1436 1057 1472 :
1092 1418 1479 1489 philosophum
1512 1417 1664 1471 illum
1693 1417 1956 1486 aqualem
1995 1430 2098 1468 no-

526 1520 699 1564 strum
742 1511 1004 1581 intelligo,
1034 1511 1127 1580 qui
1160 1526 1226 1565 eo
1268 1510 1322 1564 in
1359 1524 1541 1577 opere,
1596 1508 1742 1578 quod
1792 1519 2010 1562 nostros
2044 1507 2100 1559 in

527 1602 777 1657 homines
809 1602 887 1657 vis
915 1603 1033 1672 ejus
1070 1603 1178 1656 odii
1214 1600 1639 1673 magnitudoque
1678 1598 1938 1669 vulgavit,
1987 1613 2100 1652 non

527 1692 690 1745 modo
747 1706 887 1756 nos,
928 1692 1022 1746 sed
1062 1691 1318 1746 Hebraeos
1363 1690 1528 1745 etiam
1577 1691 1745 1759 ipsos,
1792 1703 2001 1743 necnon
2046 1699 2102 1741 et

526 1780 789 1852 Moysem,
822 1782 1232 1852 prophetasque
1274 1789 1399 1851 post
1443 1756 1875 1844 illum'cateros,
1906 1777 2097 1832 iisdem
2130 1756 2172 1811 Β

525 1871 872 1925 contumeliis
904 1870 1169 1924 oneravit.
1199 1867 1332 1922 Nam
1362 1868 1437 1921 ita
1466 1867 1685 1920 demum
1715 1871 2031 1933 susceptum
2061 1876 2093 1916 a

526 1963 686 2017 nobis
712 1970 1118 2031 argumentum,
1144 1961 1258 2029 ipsa
1298 1958 1537 2012 hostium
1562 1954 1906 2011 confessione
1931 1961 2099 2008 testa-

528 2063 664 2118 tum,
725 2054 865 2109 nihil
916 2033 1173 2122 cuiquam
1225 2049 1581 2105 dubitationis
1627 2048 1944 2102 relicturum
1977 2061 2098 2102 esse

523 2147 760 2201 contido.
803 2143 1141 2214 Porphyrius
1172 2142 1336 2211 igitur
1364 2140 1505 2194 libro
1550 2139 1635 2193 sui
1680 2138 1970 2192 adversum
1998 2152 2098 2192 nos

522 2237 708 2306 operis
730 2245 951 2305 quarto,
984 2235 1131 2288 hunc
1161 2233 1213 2286 in
1244 2232 1487 2295 modum,
1514 2229 1694 2285 verbis
1717 2228 1942 2282 omnino
1972 2227 2099 2282 toti-

523 2330 645 2383 dem
675 2327 916 2397 loquitur
947 2346 959 2380 :
997 2343 1016 2377 t
1056 2324 1227 2378 Porro
1253 2325 1306 2377 in
1337 2324 1645 2388 scribenda,
1682 2321 1876 2391 inquit,
1902 2336 2086 2375 rerum

522 2419 873 2476 Judaicarum
928 2416 1179 2480 historia,
1244 2413 1487 2467 veritatis
1544 2411 1954 2465 amantissimus
2013 2418 2099 2464 est

525 2508 936 2570 Sanchoniatho
972 2508 1063 2561 ille
1090 2505 1359 2576 Berytins,
1395 2504 1597 2573 quippe
1624 2502 1719 2570 qui
1758 2511 2096 2556 commenta-

522 2605 638 2659 rios
672 2617 795 2657 cum
825 2614 1015 2654 eorum
1054 2599 1169 2652 sive
1198 2596 1334 2650 locis
1378 2596 1491 2649 sive
1518 2594 1834 2649 nominibus
1860 2592 2096 2646 maxime

524 2698 905 2762 congruentes,
939 2689 1008 2744 ab
1043 2686 1393 2741 Hierombalo
1419 2682 1640 2737 Jevonis
1688 2682 1774 2737 dei
1813 2682 2096 2736 sacerdote

522 2780 830 2851 acceperit:
856 2777 951 2849 qui
975 2790 1133 2832 suam
1151 2774 1440 2829 historiam
1471 2772 1731 2827 Abelbalo
1754 2769 2095 2843 Berytiorum

522 2874 635 2943 regi
666 2878 1058 2941 nuncupatam,
1094 2884 1219 2924 cunt
1246 2866 1325 2921 illi
1353 2865 1475 2935 ipsi,
1513 2875 1626 2918 tum
1654 2863 1721 2918 iis
1757 2863 1944 2929 etiam,
1979 2862 2097 2932 qui-

522 2965 625 3019 bus
657 2964 710 3017 in
739 2961 1070 3031 explorando
1127 2972 1258 3013 vero
1322 2954 1651 3012 consiliariis
1681 2964 1843 3023 atque
1874 2954 2095 3009 arbitris

2209 517 2297 553 ναι
2329 500 2417 552 τὸν
2460 498 2711 572 Ἀδραὰμ
2737 500 2877 553 κατὰ
2907 498 3148 563 τούτους.
3175 500 3359 554 Ταῦτα
3399 502 3498 572 μὲν
3525 498 3619 557 οὖν
3650 505 3785 559 ἁπο-

2209 590 2491 655 δεικτικῶς
2513 594 2569 645 ὲν
2584 594 2693 655 τοῖς
2713 592 3022 663 πονηθεῖσιν
3046 596 3175 665 ἡμῖν
3194 594 3503 662 Χρονικοῖς
3531 597 3785 652 κανόσιν

2210 680 2380 746 οὕτως
2421 681 2611 753 ἔχοντα
2650 683 2897 755 συνέστη.
2936 685 3059 738 Ἐπὶ
3100 685 3157 739 δὲ
3210 684 3302 739 τοῦ
3346 688 3613 758 παρόντος
3649 688 3785 759 πρὸς

2210 781 2319 840 τοῖς
2348 777 2653 848 εἰρημένοις
2698 776 2932 849 μάρτυρι
2972 780 3073 848 τῆς
3114 778 3406 845 Μωῦσέως,
3429 779 3787 853 ἀρχαιότητος

2204 870 2478 940 χρήσομαι
2503 867 2581 939 τῷ
2602 868 2815 922 πάντων
2834 868 3247 940 δυσμενεστάτῳ
3271 871 3366 924 καὶ
3388 871 3783 947 πολεμιωτάτῳ

2214 963 2476 1034 Ἐϐραίων
2504 980 2563 1017 τε
2597 964 2690 1017 καὶ
2719 962 2896 1034 ἡμῶν,
2929 965 3071 1035 φημὶ
3098 964 3157 1017 δὲ
3182 964 3262 1036 τῷ
3294 966 3415 1020 καθ’
3440 969 3589 1037 ἡμᾶς
3631 966 3781 1038 φιλο-

2205 1052 2383 1122 σόφῳ,
2421 1051 2481 1116 ὃς
2505 1052 2604 1124 τὴν
2628 1053 2750 1107 καθ’
2788 1053 2943 1125 ἡμῶν
2971 1056 3238 1126 συσκευὴν
3274 1056 3544 1129 ὑπερϐολῇ
3589 1058 3779 1129 μίσους

2203 1142 2474 1214 προὸεόλη
2484 1142 2659 1213 μένος,
2685 1144 2745 1196 οὐ
2770 1143 2963 1213 μόνους
2982 1146 3150 1215 ἡμᾶς,
3176 1145 3314 1199 ἀλλὰ
3335 1148 3431 1199 καὶ
3471 1148 3776 1218 Ἐϐραίους,

2204 1233 2367 1287 αὐτόν
2386 1251 2446 1287 τε
2474 1233 2711 1287 Μωῦσέα
2738 1234 2831 1287 καὶ
2857 1236 2981 1299 τοὺς
3015 1236 3130 1306 μετ’
3161 1237 3322 1290 αὑτὸν
3348 1239 3631 1309 προφήτας
3656 1242 3778 1303 ταῖς

2205 1324 2347 1389 ῐσαις
2404 1326 2717 1395 ὑπηγάγετο
2774 1325 3126 1398 δυσφημίαις.
3188 1327 3287 1381 Διὰ
3346 1327 3455 1400 γὰρ
3506 1329 3605 1400 τῆς
3664 1330 3776 1383 τῶν

2201 1418 2410 1489 ἐχθρῶν
2444 1417 2728 1489 ὁμολογίας
2760 1420 3190 1490 ἀναμφηρίστως
3213 1417 3450 1490 ἠγοῦμαι
3478 1419 3574 1491 τὴν
3600 1422 3775 1490 ὲπαγ-

2200 1510 2386 1578 γελίαν
2432 1508 2832 1564 πιστώσασθαι.
2863 1510 3064 1581 Γράφει
3099 1509 3276 1563 τοίνυν
3310 1511 3369 1562 ὲν
3414 1510 3492 1581 τῷ
3531 1510 3774 1583 τετάρτῳ

2199 1596 2297 1665 τῆς
2321 1595 2442 1650 καθ’
2471 1596 2626 1667 ήμῶν
2654 1597 2920 1667 ωσκευῆς
2948 1598 2977 1649 6
3006 1596 3311 1669 Πορφύριος
3332 1599 3571 1670 ῥήμασιν
3589 1600 3773 1664 αὐτοῖς

2200 1687 2357 1741 τάδε·
2401 1707 2420 1741 ι
2452 1689 2676 1761 Ἰστορεί
2720 1689 2778 1742 δὲ
2814 1688 2881 1742 τὰ
2921 1689 3049 1760 περὶ
3091 1690 3359 1744 Ἰουδαίων
3391 1690 3771 1757 ἀληθέστατα.

2199 1778 2280 1831 ὅτι
2310 1776 2421 1847 (60)
2450 1779 2543 1833 καὶ
2568 1781 2680 1842 τοῖς
2710 1777 2895 1843 τόποις
2925 1780 3021 1832 καὶ
3052 1781 3163 1843 τοῖς
3196 1781 3450 1850 ὀνόμασιν
3483 1780 3663 1835 αὐτῶν
3705 1782 3777 1836 τά

2200 1868 2594 1939 συμφωνότατα
2613 1870 3009 1940 Σαγχωνιάθων
3034 1871 3062 1923 ὁ
3095 1872 3377 1944 Βηρύτιος,
3402 1872 3678 1944 είληφὼςι
3706 1874 3778 1930 τὰ

2197 1959 2565 2030 ὑπομνήματα
2585 1961 2736 2031 παρὰ
2766 1962 3113 2035 Ἰερομὸάλου
3130 1964 3222 2017 τοῦ
3245 1964 3431 2036 ἱερέως
3448 1964 3572 2018 θεοῦ
3601 1965 3777 2033 ἰευὼ,

2197 2049 2276 2114 ὃς,
2295 2050 2598 2122 ’Δϐελϐαλῷ
2619 2051 2823 2123 (61)τῷ
2854 2053 3063 2123 βασιλεῖ
3085 2054 3366 2126 Βηρυτίων
3397 2057 3496 2129 τὴν
3533 2057 3777 2129 ἱστορίαν

2196 2143 2414 2206 ἀναθεὶς
2434 2182 2449 2207 ,
2483 2143 2574 2196 ὑπ’
2608 2142 2818 2197 ἐκείνου
2860 2145 2954 2198 καὶ
2985 2144 3093 2198 τῶν
3128 2148 3248 2199 κατ’
3276 2147 3439 2200 αὐτὸν
3473 2146 3773 2213 ἐξεταστῶν

2194 2233 2294 2305 τῆς
2344 2233 2601 2304 ἀληθείας
2635 2234 2961 2306 παρεδέχθη.
3000 2237 3064 2290 Oi
3097 2236 3154 2291 δὲ
3200 2237 3404 2291 τούτων
3450 2237 3634 2309 χρόνοι
3678 2239 3775 2293 καὶ

2197 2325 2303 2397 πρὸ
2331 2325 2439 2378 τῶν
2469 2325 2729 2395 Τρωῖκῶν
2764 2328 3023 2379 πίπτουσι
3053 2328 3281 2398 χρόνων,
3317 2329 3410 2382 καὶ
3445 2330 3631 2399 σχεδὸν
3660 2333 3773 2394 τοῖς

2195 2417 2472 2479 Μωῦσέως
2503 2415 2907 2487 πλησιάζουσιν,
2925 2419 3000 2483 ὡς
3023 2422 3077 2473 αἱ
3106 2419 3213 2472 τῶν
3234 2421 3483 2491 Φοινίκης
3509 2419 3769 2492 βασιλέων

2194 2508 2434 2580 διαδοχαὶ
2472 2511 2753 2582 μηνύουσι.
2786 2512 3182 2583 Σαγχωνιάθων
3210 2513 3287 2578 δὲ,
3321 2514 3349 2567 ὁ
3375 2513 3518 2568 κατὰ
3538 2515 3636 2585 τὴν
3660 2513 3767 2569 τῶν

2193 2599 2451 2653 Φοινίκων
2504 2601 2780 2654 διάλεκτον
2821 2601 3130 2673 φιλαληθῶς
3174 2604 3355 2656 πᾶσαν
3394 2603 3493 2675 τὴν
3535 2602 3765 2656 παλαιὰν

2198 2692 2437 2763 ἱστορίαν
2468 2693 2531 2745 ὲκ
2564 2692 2670 2744 τῶν
2708 2692 2850 2745 κατὰ
2899 2693 3051 2747 πόλιν
3086 2694 3492 2764 ὑπομνημάτων
3525 2693 3619 2748 καὶ
3659 2692 3764 2748 τῶν

2196 2784 2253 2835 ὲν
2274 2784 2384 2845 τοῖς
2406 2785 2569 2853 ἱεροῖς
2593 2783 2922 2854 ἀναγραφῶν
2953 2784 3274 2854 συναγαγὼν
3301 2787 3394 2839 καὶ
3427 2785 3765 2856 συγγράψας,

2195 2874 2288 2927 ἐπὶ
2361 2872 2720 2945 Σεμιράμεως
2786 2875 2976 2942 γέγονε
3027 2875 3127 2944 τῆς
3189 2876 3491 2947 Ἀσσυρίων
3561 2875 3765 2945 βασιλί-

2193 2966 2282 3031 δος
2315 2965 2450 3038 (62).
2481 2986 2500 3019 ι
2529 2967 2714 3020 Ταῦτα
2741 2967 2770 3018 ὁ
2794 2965 3118 3038 Πορφύριος.
3152 2968 3243 3020 Δεῖ
3266 2967 3328 3038 δὴ
3358 2966 3768 3035 συλλογίσασθαι

522 3055 799 3120 utebatur,
831 3051 1096 3122 probavit.
1127 3049 1372 3116 Quorum
1397 3062 1528 3103 sane
1565 3056 1808 3115 tempora
1841 3044 2095 3116 Trojanis

560 3148 589 3159 Α.
921 3144 953 3159 ..
1038 3145 1079 3159 .,
1196 3158 1245 3159 ρ
1298 3152 1313 3159 _
1377 3155 1674 3159 __,.,_ﬂ____-
1734 3137 2022 3159 ,λμηημ
2060 3154 2082 3159 Α

2199 3059 2266 3113 τὰ
2310 3059 2647 3131 προκείμενα
2678 3052 2782 3112 ὧδέ
2815 3075 2953 3122 πως.
2987 3059 3158 3130 Εἴπερ
3189 3059 3217 3110 6
3250 3059 3644 3129 Σαγχωνιάθων
3678 3058 3766 3112 ἐπὶ

521 3148 686 3202 etiam
715 3146 822 3200 illis
845 3144 1155 3213 antiquiora
1190 3152 1338 3206 sunt,
1377 3155 1679 3210 parumque
1730 3137 2028 3192 admodum
2058 3154 2090 3193 a

2199 3149 2556 3219 Σεμιράμεως
2609 3147 2868 3216 γέγονεν,
2918 3148 2953 3217 ή
3014 3146 3073 3199 δὲ
3131 3144 3326 3218 μακρῷ
3376 3144 3612 3217 πρόσθεν
3662 3144 3766 3198 τῶν

520 3237 723 3310 Moysis
750 3244 907 3291 atate
933 3235 1297 3304 disjuncta,ut
1319 3249 1385 3287 ex
1407 3230 1701 3286 Phoenicia
1729 3229 1937 3302 Regum
1966 3245 2093 3285 suc-

521 3328 767 3384 cessione
820 3325 1189 3395 cognoscitur.
1242 3321 1388 3377 idem
1439 3330 1621 3376 autem
1656 3322 2090 3390 Sanchoniatho,

521 3406 618 3491 qui
649 3420 958 3473 universam
1008 3416 1316 3478 historiam,
1350 3429 1474 3469 cum
1530 3430 1597 3469 ex
1650 3416 1883 3486 publicis
1913 3417 2091 3481 urbis,

523 3522 637 3568 tum
664 3528 696 3567 θ
728 3511 901 3567 sacris
932 3510 1130 3564 tabulis
1152 3509 1428 3569 haustam,
1456 3522 1673 3562 summo
1698 3523 1823 3563 cum
1847 3510 2094 3567 veritatis

521 3603 705 3661 studio
755 3600 1037 3657 Phoenicia
1081 3599 1266 3669 lingua
1306 3598 1653 3668 conscripsit,
1714 3598 2093 3657 Semiramidis

518 3694 873 3766 Assyriorum
899 3691 1101 3763 regina
1130 3690 1467 3761 temporibus
1494 3690 1696 3745 ﬂoruit.
1739 3711 1759 3744 ι
1795 3690 1921 3747 Hac
1957 3691 2093 3747 Por-

520 3787 768 3858 phyrius.
798 3784 876 3838 Ex
904 3785 1103 3855 quibus
1144 3784 1217 3837 ita
1247 3798 1348 3838 nos
1382 3783 1696 3838 ratiocinari
1726 3799 1887 3854 posse
1928 3784 2092 3839 intel—

520 3879 653 3949 ligo.
678 3876 737 3932 Si
767 3875 1177 3931 Sanchoniatho
1220 3873 1598 3930 Semiramidis
1625 3877 1964 3945 temporibus
1990 3875 2092 3931 ﬂo-

521 3971 654 4034 ruit,
689 3966 1104 4024 Semiramidem
1151 3982 1282 4022 vero
1338 3966 1512 4021 multo
1563 3975 1690 4022 ante
1720 3965 1960 4037 Trojana
2002 3982 2090 4022 re-

518 4075 721 4132 gnasse
746 4065 985 4125 constat,
1007 4057 1199 4113 iisdem
1228 4073 1444 4128 quoque
1470 4058 1730 4112 vetustior
1753 4057 2092 4112 Sanchonia-

517 4150 613 4204 tho
651 4148 836 4213 fuerit,
873 4162 1097 4202 necesse
1133 4154 1235 4202 est.
1280 4146 1443 4215 Atqui
1499 4159 1623 4199 eum
1676 4143 1744 4197 ab
1789 4143 1912 4197 aliis
1966 4155 2087 4196 sese

518 4242 698 4298 adhuc
727 4240 1131 4311 antiquioribus
1188 4237 1613 4295 commentarios
1659 4235 1936 4305 accepisse
1977 4243 2088 4288 tra-

517 4332 672 4397 dunt,
703 4330 795 4401 qui
823 4330 985 4385 etiam
1009 4328 1112 4397 ipsi
1143 4326 1346 4398 Moysis
1374 4342 1482 4380 non
1507 4325 1760 4395 aquales,
1802 4324 1897 4379 sed
1924 4322 2084 4377 vicini

2193 3240 2452 3314 Τρωῐκῶν
2494 3239 2869 3310 ὁμολογεῖται·
2904 3236 2991 3308 εἴη
3039 3236 3105 3290 ἂν
3158 3237 3252 3290 καὶ
3301 3237 3330 3289 6
3376 3234 3766 3307 Σαγχωνιάθων

2190 3334 2301 3388 τῶν
2334 3331 2595 3407 Τρωϊκῷν
2629 3330 3003 3400 παλαιότερος.
3041 3327 3181 3381 Ἀλλ’
3224 3320 3377 3391 οὗτος
3409 3327 3540 3397 παρ’
3569 3326 3769 3399 ἑτέρων

2194 3418 2576 3490 πρεσϐυτέρων
2617 3417 2781 3472 αὐτοῦ
2826 3417 2939 3481 τοῖς
2974 3414 3188 3487 χρόνοις
3233 3412 3512 3484 εἰληφέναι
3552 3415 3766 3483 λέγεται

2191 3510 2260 3562 τὰ
2287 3510 2657 3580 ὑπομνήματα
2678 3524 2693 3538 ·
2724 3508 2775 3560 oi
2807 3505 2863 3558 δὲ
2884 3542 2900 3569 ,
2930 3505 3025 3558 καὶ
3056 3502 3211 3556 αὐτοὶ
3240 3503 3580 3574 ἀρχαιότεροι
3615 3502 3762 3567 ὄντες

2193 3600 2356 3655 αὐτοῦ
2376 3639 2391 3665 ,
2420 3598 2603 3670 σχεδὸν
2639 3599 2753 3661 τοῖς
2785 3594 3066 3658 Μωῦσέως
3099 3593 3417 3664 πλησιάζειν
3448 3595 3659 3667 χρόνοις
3689 3598 3749 3649 εῖ-

2195 3709 2421 3766 ρηνται,
2449 3690 2570 3745 οὐδὲ
2627 3687 2807 3758 abeat.
2828 3685 2972 3740 κατὰ
3012 3687 3250 3739 Μωῡσέα
3284 3684 3560 3756 γενόμενοι
3580 3731 3594 3753 ,
3629 3688 3761 3742 ἀλλὰ

2194 3782 2377 3852 σχεδὸν
2402 3781 2515 3844 τοῖς
2547 3777 2755 3831 ἐκείνου
2785 3776 2999 3848 χρόνοις
3030 3776 3417 3846 πλησιάζοντες
3436 3793 3450 3806 ·
3472 3775 3546 3838 ὡς
3578 3776 3758 3830 τοσοῦ-

2190 3891 2282 3927 τον
2311 3871 2678 3945 πρεσϐύτερον
2720 3866 2858 3922 εἶναι
2895 3868 2985 3923 τὸν
3034 3868 3270 3922 Μωῦσέα
3311 3865 3406 3921 τοῦ
3453 3869 3759 3939 Σαγχωνιά-

2192 3964 2379 4029 θωνος,
2412 3963 2606 4017 ὁπόσον
2634 3963 2701 4016 ἂν
2728 3957 2880 4026 οὗτος
2910 3961 3163 4033 λείπηται
3194 3960 3304 4014 τῶν
3332 3959 3498 4013 αὐτοῦ
3530 3961 3757 4031 πρεσϐυ-

2190 4056 2382 4126 τέρων,
2409 4053 2459 4106 οἳ
2490 4054 2714 4107 Μωῦσεῖ
2741 4051 3061 4125 πλησιάζειν
3089 4050 3536 4122 ὡμολογήθησαν.
3569 4051 3763 4115 Πόσσις

2189 4146 2245 4200 δὲ
2279 4145 2385 4217 ἄρα
2418 4145 2594 4198 ἔτεσιν
2627 4145 2772 4209 εἰκὸς
2807 4140 2875 4215 ἦν
2917 4141 3153 4196 Μωῡσέα
3179 4140 3475 4211 ὑπεράγειν
3504 4141 3629 4205 τοὺς
3668 4142 3759 4212 δη-

2190 4240 2521 4310 λουμένους,
2550 4239 2755 4310 ἄπορον
2801 4239 3006 4290 εἰπεῖν·
3054 4234 3242 4305 διόπερ
3279 4232 3434 4286 τοῦτό
3486 4251 3576 4304 μοι
3620 4234 3759 4288 δοκῶ

2191 4332 2478 4403 παρήσειν.
2510 4331 2643 4394 Δοὺς
2670 4330 2726 4384 δὲ
2752 4330 2871 4383 κατ’
2902 4326 3064 4381 αὑτὸν
3097 4328 3302 4379 ἐκεῖνον
3327 4325 3419 4379 τὸν
3451 4328 3758 4398 Σαγχωνιά-

518 4429 729 4475 tantum
759 4418 929 4474 fuisse
955 4418 1229 4473 dicuntur.
1257 4415 1513 4486 Sequitur
1546 4430 1676 4483 ergo
1709 4422 1859 4467 tanto
1892 4413 2082 4468 saltem

2199 4420 2335 4475 θωνα
2375 4420 2614 4476 Μωῦσὲα
2648 4418 2961 4490 γεγονέναι,
2994 4416 3087 4470 καὶ
3117 4415 3191 4487 μὴ
3223 4416 3504 4487 πρότερον,
3536 4411 3636 4471 ὧδε
3669 4417 3759 4489 τὸν

517 4511 801 4567 intervallo
830 4508 1361 4565 Sanchoniathonem
1397 4522 1428 4559 a
1450 4504 1600 4559 Mose
1623 4503 1891 4573 superari,
1915 4518 2088 4573 quan-

519 4610 576 4655 to
604 4600 867 4672 posterior
896 4599 1004 4653 illis
1036 4607 1139 4664 est,
1162 4612 1301 4666 quos
1330 4594 1548 4650 nonnisi
1569 4594 1782 4647 vicinos
1816 4608 1938 4648 esse
1959 4608 2090 4647 con—

518 4694 758 4747 ﬁtentur.
790 4688 1081 4754 Caeterum,
1113 4695 1246 4757 quot
1281 4685 1438 4739 annis
1471 4684 1690 4738 eosdem
1740 4691 2088 4753 antegressus

516 4782 929 4855 Moysesl‘uerit,
948 4781 1092 4851 quod
1126 4788 1274 4834 certo
1305 4776 1518 4833 deliniri
1549 4781 1808 4847 nequeat,
1832 4774 2089 4828 omitten-

519 4878 649 4931 dum
679 4882 877 4930 statuo.
931 4871 1263 4938 Quinetiam,
1294 4868 1566 4923 utdemus
1592 4862 2088 4919 Sanchoniathonis

518 4966 784 5038 aqualem
812 4966 1034 5020 omnino
1056 4961 1224 5016 fuisse
1238 4959 1497 5029 Moysem,
1525 4957 1606 5012 sic
1629 4965 1807 5011 tamen
1832 4953 2088 5024 colligere

517 5071 684 5131 atque
712 5074 827 5114 rem
865 5058 1131 5111 coniicere
1156 5054 1334 5109 liceat.
1372 5049 1429 5104 Si
1463 5057 1723 5120 regnante
1770 5047 1823 5098 in
1856 5043 2085 5115 Assyria

590 5194 618 5225 ι
641 5185 729 5239 ίσ.
749 5181 994 5252 εἴληφεν.

588 5276 700 5348 (60)
752 5276 1198 5345 Ἀληθέστατα,
1260 5274 1368 5329 ὅτι.
1431 5272 1658 5348 βοειὶυε
1704 5273 1931 5348 videtur
1996 5279 2081 5332 ὅτι

515 5345 887 5419 άληθέστατα,
933 5348 1389 5419 quemadmodum
1431 5346 1559 5419 legit
1594 5345 1835 5419 _Scaliger
1867 5363 1881 5398 :
1915 5361 2078 5419 quam

515 5414 801 5487 lectionem
839 5420 884 5471 si
920 5414 1231 5487 sequemur,
1256 5414 2004 5487 silqcptbgfrctincndumgerit.

590 5485 698 5560 (61)
747 5485 1092 5553 Ἀϐελσαρίῷ.
1150 5486 1303 5560 Apud
1362 5485 1759 5560 scaligerum,‘
1789 5485 2072 5558 Ἀὁιὸάλῳ.

517 5554 711 5612 Utrum
742 5562 922 5614 verius
954 5560 1059 5621 sit,
1115 5554 1353 5611 nondum
1385 5557 1581 5610 deﬁnio
1612 5575 1624 5609 :
1658 5557 1940 5623 utriusque
1974 5554 2074 5612 no-

516 5630 651 5708 tatio
699 5628 873 5685 facilis
916 5637 1027 5696 est,
1079 5638 1131 5683 et
1182 5642 1305 5680 cum
1352 5624 1612 5680 Hebraica
1669 5628 1900 5681 diulecto
1943 5643 2074 5683 con-

514 5706 776 5755 sentiens.

2193 4513 2408 4583 ἔλεγχον
2436 4512 2729 4582 ὲφοδεύσω.
2774 4511 2947 4582 Είπερ
2980 4509 3071 4561 ἐπὶ
3102 4507 3461 4578 Σεμιράμεως
3502 4508 3602 4579 τῆς
3639 4509 3757 4562 ’Δσο

2192 4606 2390 4677 συρίων
2422 4604 2689 4675 βασιλίδος
2726 4604 2756 4656 6
2790 4600 3184 4672 Σαγχωνιάθων
3212 4600 3535 4673 ἐγνωρίζετο
3558 4640 3574 4664 ,
3617 4599 3758 4654 ἔστω

2188 4696 2244 4749 δὲ
2264 4695 2358 4749 καὶ
2382 4694 2621 4766 Μωῦσῆς
2643 4694 2807 4766 μηδὲν
2827 4691 3101 4763 προάγων,
3120 4690 3260 4743 κατὰ
3284 4689 3337 4743 δὲ
3363 4691 3549 4745 τοῦτον
3571 4694 3758 4763 ἠκμαο

2188 4785 2318 4850 κὼς,
2347 4786 2540 4854 γένοιτ’
2570 4784 2635 4840 ἂν
2662 4780 2754 4839 οὖν
2784 4783 2878 4837 καὶ
2905 4781 3067 4846 αὐτὸς
3092 4781 3230 4835 κατὰ
3257 4781 3581 4853 Σεμίραμιν.
3617 4781 3758 4837 Ἀλλ’

2186 4881 2215 4932 6
2239 4878 2336 4949 μὲν
2365 4876 2630 4950 ἡμέτερος
2660 4876 2816 4946 λόγος
2838 4875 2931 4928 ἐπὶ
2954 4874 3156 4945 ταύτης
3185 4874 3370 4946 ἐδήλου
3399 4873 3757 4942 γενέσθαιτὸν

2199 4969 2447 5041 Ἀϐραάμ
2470 4986 2484 5001 θ
2514 4971 2543 5024 6
2566 4968 2625 5024 δὲ
2652 4966 2747 5023 τοῦ
2779 4966 3065 5038 φιλοσόφου
3097 4966 3448 5038 παλαιότερον
3480 4968 3571 5019 τὸν
3595 4967 3751 5021 Μωῦο

2187 5060 2285 5114 σέα
2308 5052 2637 5133 συνίστησιν.
2668 5060 2733 5113 Ἠ
2763 5058 2819 5113 δὲ
2847 5058 3151 5130 Σεμίραμις
3182 5056 3288 5110 τῶν
3318 5055 3579 5127 Τρωῖκῶν
3601 5057 3755 5110 ὀκτα-

2254 5255 2366 5327 (62)
2407 5254 2521 5324 Τῆς
2562 5255 2886 5324 Ἀσσυρίων
2915 5256 3267 5327 βασιλίδος.Δ
3316 5255 3493 5327 Apud
3506 5252 3753 5327 §calige-

2181 5324 2304 5380 rum
2349 5324 2625 5397 adduntur
2666 5341 2840 5395 pauca
2884 5327 3033 5397 hac:
3074 5327 3143 5378 Ἤ
3180 5325 3286 5397 πρὸ
3330 5324 3748 5397 τῶνῖῐλιακῶν,

2180 5396 2212 5466 ἢ
2248 5396 2369 5449 κατ’
2410 5396 2606 5475 αὐτούς
2625 5394 2716 5475 *γε*
2741 5398 2869 5459 τοὺς
2912 5396 3136 5475 χρόνους
3166 5394 3752 5475 γενέσθαιᾲναγέγρα-

2179 5463 2309 5521 πται
2329 5485 2343 5497 ·
2373 5466 2442 5519 τὰ
2471 5466 2530 5519 δὲ
2559 5463 2661 5519 τοῦθ
2680 5463 3181 5535 Σαγχουνιάθωνος,
3209 5468 3288 5529 είς
3320 5463 3542 5519 Ἐλλάδα
3573 5463 3749 5534 γλῶσ-

2179 5554 2276 5591 σαν
2306 5539 2617 5609 ἡρμήνευσε
2645 5536 2815 5591 Φίλων
2844 5539 2872 5591 ὁ
2900 5536 3142 5603 Βύϐλιος.
