4194 6416
460 344 561 399 809

461 549 556 618 ,τῆς
585 548 694 619 ἄρα
727 546 878 600 ἔσται
904 546 1174 609 τοσούτοις
1215 544 1285 598 τὰ
1323 545 1545 616 Τρωϊκὰ
1571 545 1862 616 προάγων,
1895 548 2036 601 κατὰ

466 637 548 691 τὸν
601 635 910 706 φιλόσοφον.
945 634 1169 706 Πρῶτος
1197 635 1254 687 δὲ
1285 634 1559 705 βασιλεύει
1600 634 1862 706 Ἀργείων
1887 637 2036 690 Ἵνα-

460 744 570 799 χος,
604 725 758 779 οὕπω
788 725 907 778 τότε
958 725 1256 795 Ἀθηναίων
1299 724 1423 778 οὔτε
1467 725 1566 797 τὴν
1602 726 1756 781 πόλιν
1784 724 1908 779 οὔτε
1939 728 2037 799 τὴν

460 816 831 891 προσηγορίαν
866 816 1116 886 ἐχόντων.
1153 817 1210 871 '0
1249 816 1309 869 δὲ
1341 817 1558 888 πρῶτος
1595 817 1857 889 Ἀργείων
1888 820 2038 889 ἡγεῖ-

461 927 550 964 ται
597 908 741 962 κατὰ
779 908 871 961 τὸν
902 909 1154 979 πέμπτον
1200 906 1339 977 μετὰ
1383 909 1685 981 Σεμίραμιν
1741 910 2037 981 Ἀσσυρίων

467 1002 710 1074 βασιλέα,
744 1009 787 1054 ν’
833 1002 929 1056 καὶ
966 1008 1010 1073 ρ’
1042 1000 1270 1073 ὕστερον
1298 1000 1475 1055 ἔτεσιν
1504 1003 1675 1072 αὐτῆς
1702 1020 1761 1055 τε
1790 1002 1885 1055 καὶ
1910 1004 2039 1056 Μω-

467 1096 624 1159 σέως,
648 1097 706 1147 ἐν
732 1088 814 1156 οἷς
840 1093 992 1146 οὐδὲν
1033 1092 1303 1163 ἐπίσημον
1330 1094 1553 1161 γεγονὸς
1582 1095 1872 1165 ἱστορεῖται
1907 1096 2036 1166 παρ’

468 1187 711 1259 Ἕλλησι.
742 1185 902 1241 Κατὰ
942 1185 1100 1239 τοῦτο
1131 1185 1189 1238 δὲ
1232 1186 1325 1239 τοῦ
1371 1187 1565 1257 χρόνου
1600 1188 1730 1258 παρ’
1768 1188 2039 1260 Ἑϐραίοις

466 1278 724 1353 ἡγοῦνται
757 1282 805 1332 οἱ
846 1277 1051 1349 κριταί.
1095 1273 1207 1330 Εἶτ’
1250 1274 1315 1332 αὖ
1350 1279 1511 1331 πάλιν
1546 1278 1655 1333 τῶν
1696 1281 1830 1335 ἐτῶν
1859 1281 2038 1345 ἄλλοις

464 1368 773 1440 κατώτερον
800 1369 1011 1440 χρόνοις
1034 1408 1047 1431 ,
1082 1367 1182 1439 ἤδη
1226 1385 1328 1421 που
1369 1367 1533 1421 πλέον
1579 1368 1612 1439 ἢ
1654 1376 1699 1421 υ¹
1728 1370 1864 1424 ἐτῶν
1902 1371 2038 1426 ὅλων

468 1461 970 1533 συμπληρουμένων
1013 1459 1121 1515 ἀπὸ
1168 1459 1528 1530 Σεμιράμεως
1550 1499 1564 1524 ,
1615 1459 1832 1532 πρῶτος
1883 1461 2041 1532 Ἀθη-

466 1554 632 1608 ναίων
666 1551 936 1623 βασιλεύει
962 1551 1186 1623 Κέκροψ
1212 1553 1240 1604 ὁ
1276 1550 1546 1622 βοώμενος
1570 1553 1701 1622 παρ’
1737 1554 1922 1617 αὐτοῖς
1944 1555 2042 1607 αύ-

466 1644 704 1715 τόχθων,
737 1645 975 1716 ’Ἀργους
1016 1644 1321 1715 ἡγουμένου
1347 1644 1588 1716 Τριόπα,
1626 1643 1687 1708 ὃς
1713 1640 1781 1716 ἦν
1813 1644 2040 1716 ἕϐδομος

468 1734 609 1807 μετὰ
630 1735 723 1790 τὸν
753 1730 967 1809 πρῶτον
1016 1739 1259 1810 Ἀργεῖον
1293 1741 1503 1811 Ἴναχον
1525 1757 1540 1772 ⁸
1589 1740 1791 1811 μεταξὺ
1832 1742 1891 1796 δὲ
1918 1742 2041 1795 τού-

465 1842 573 1881 των
595 1867 611 1892 ,
660 1828 691 1881 ὁ
736 1829 829 1882 ἐπὶ
889 1828 1117 1898 Ὠγύγου
1169 1832 1563 1902 μνημονεύεται
1618 1833 2037 1905 κατακλυσμὸς,

467 1918 683 1989 πρῶτός
721 1936 783 1973 τε
820 1921 986 1984 Ἀπις
1017 1924 1075 1975 ἐν
1119 1922 1379 1994 Αίγύπτῳ
1428 1924 1548 1988 θεὸς
1588 1924 1915 1996 ὠνομάσθη,
1946 1927 2042 1980 καὶ

477 2009 563 2063 Ἰὼ
594 2009 839 2084 θυγάτηρ
873 2012 1078 2083 Ἰνάχου
1102 2052 1118 2077 ,
1146 2016 1212 2085 ῆν
1238 2017 1381 2068 Ἶσιν
1425 2015 1711 2085 Αἰγύπτιοι
1741 2016 2041 2087 μετονομά-

466 2120 657 2166 σαντες
683 2103 926 2169 σέϐουσι,
960 2105 1286 2178 Προμηθεύς
1325 2125 1385 2161 τε
1428 2108 1524 2161 καλ⁸
1569 2108 1770 2172 Ἀτλας
1815 2110 2042 2181 ἐγνωρί-

466 2193 636 2257 ζοντο.
678 2195 810 2247 Ἀπὸ
832 2195 888 2249 δὲ
917 2196 1204 2268 Κέκροπος
1230 2198 1325 2251 ἐπὶ
1351 2197 1450 2268 τὴν
1494 2199 1649 2252 Ἰλίου
1679 2197 1879 2253 ἅλωσιν
1906 2199 2043 2254 ἄλλα

468 2286 755 2355 συνάγεται
807 2287 989 2359 μικρῷ
1033 2290 1144 2359 (65)
1172 2290 1359 2343 δέοντα
1402 2290 1495 2362 ἐτη
1546 2297 1610 2357 u',
1648 2292 1704 2343 ἐν
1743 2285 1824 2354 οἷς
1867 2291 1936 2345 τὰ
1982 2295 2041 2346 ἐν

467 2374 691 2448 Ἕλλησι
722 2377 999 2450 θαυμάσια
1034 2379 1408 2451 μυθολογεῖται
1429 2421 1444 2446 ,
1478 2384 1507 2435 6
1533 2381 1627 2435 ἐπὶ
1673 2382 2042 2449 Δευκαλίωνος

465 2468 848 2540 κατακλυσμὸς
870 2509 886 2535 ,
919 2471 1013 2525 καὶ
1037 2472 1067 2524 6
1094 2472 1187 2525 ἐπὶ
1215 2472 1509 2537 Φαέθοντος
1538 2473 1886 2546 ἐμπρησμὸς,
1913 2476 2041 2529 πολ-

463 2558 571 2613 λῶν
591 2599 607 2623 ,
636 2560 719 2624 ὡς
742 2561 888 2626 εἰκὸς
906 2601 923 2627 ,
954 2561 1171 2635 φθορῶν
1213 2563 1319 2634 γῆς
1348 2563 1489 2617 κατά
1520 2564 1716 2629 τόπους
1739 2567 2041 2638 γεγενημέ-

464 2666 590 2704 νων.
623 2650 845 2721 Πρῶτος
886 2652 943 2705 δὲ
986 2653 1211 2725 Κέκροψ
1255 2652 1472 2724 λέγεται
1519 2654 1667 2726 Ζῆνα
1713 2657 2039 2728 κεκληκέναι

462 2741 554 2797 τὸν
603 2741 770 2808 Θεὸν,
803 2743 877 2816 μὴ
906 2744 1170 2818 πρότερον
1200 2745 1342 2800 οὕτω
1368 2749 1501 2818 παρ’
1547 2746 1855 2820 ἀνθρώποις
1902 2749 2038 2803 ὠνο-

466 2834 776 2905 μασμένον
820 2836 1010 2890 ἔπειτα
1053 2836 1236 2908 βωμὸν
1282 2840 1412 2910 παρ’
1471 2838 1777 2910 Ἀθηναίοις
1825 2840 2038 2913 ἱδρῦσαι

462 2925 680 2996 πρῶτος
698 2966 712 2990 ,
744 2927 839 2981 καὶ
867 2927 1029 2982 πάλιν
1058 2927 1276 3000 πρῶτος
1318 2929 1548 2998 Ἀθηνᾶς
1587 2929 1808 3001 ἄγαλμα
1838 2933 2038 3005 συστή-

465 3016 693 3080 σασθαι,
742 3016 818 3081 ὡς
849 3018 971 3072 οὐδὲ
1015 3018 1220 3073 τούτων
1268 3020 1334 3072 ἐκ
1384 3020 1614 3073 παλαιοῦ
1662 3022 2033 3093 ὑπαρχόντων.

462 3106 620 3161 Μετὰ
657 3106 716 3160 δέ
740 3106 929 3161 τοῦτον
956 3108 1049 3161 καὶ
1072 3108 1127 3160 οί
1148 3110 1278 3179 παρ’
1302 3108 1523 3179 Ἕλλησι
1553 3109 1665 3164 θεοὶ
1704 3112 1904 3176 πάντες
1945 3130 2038 3183 γε·
2063 3129 2105 3188 C

463 3197 859 3268 νεαλογοῦνται.
893 3200 1030 3272 Παρ⁹
1068 3199 1339 3272 Ἑϐραίοις
1360 3200 1417 3254 δὲ
1444 3202 1501 3255 ἐν
1525 3203 1699 3274 τούτῳ
1727 3206 1775 3257 οί
1808 3205 1916 3258 ἀπὸ
1941 3206 2036 3275 γέ-

461 3310 585 3358 νους
625 3293 791 3348 Δαϐὶδ
838 3293 1171 3358 ἐϐασίλευον,
1228 3295 1323 3348 καὶ
1395 3296 1446 3349 οἱ
1500 3297 1637 3367 μετὰ
1688 3299 1895 3353 Μωσέα
1959 3300 2039 3353 δι-

461 3384 706 3455 έλαμπον
729 3386 1036 3457 προφῆται·
1065 3384 1205 3439 ὥστε
1235 3386 1307 3439 τὰ
1333 3387 1509 3441 πάντα
1536 3388 1643 3441 ἀπὸ
1674 3389 1916 3454 Μωσέως
1943 3391 2037 3444 ἐπὶ

458 3477 558 3549 τὴν
603 3476 758 3531 Ἰλίου
793 3477 993 3531 ἅλωσιν
1022 3477 1348 3547 συνάγεσθαι
1377 3477 1559 3532 πλεῖον
1590 3478 1623 3549 ἢ
1658 3477 1756 3551 ἔτη
1784 3487 1862 3545 ω’,
1894 3484 2037 3547 κατὰ

458 3568 558 3642 τὴν
599 3568 912 3624 ἐκτεθεῖσαν
956 3569 1053 3622 τοῦ
1098 3569 1388 3640 φιλοσόφου
1438 3572 1766 3643 μαρτυρίαν.
1818 3575 1937 3627 Ἔτι
1980 3575 2038 3630 δὲ

459 3663 593 3718 πολὺ
631 3663 741 3717 τῶν
766 3662 1028 3735 Τρωῖκῶν
1066 3661 1301 3735 νεώτερα
1339 3663 1409 3717 τὰ
1450 3664 1593 3718 κατὰ
1633 3664 1878 3737 ’Όμηρον
1898 3707 1913 3731 ,
1941 3668 2036 3721 καὶ

470 3753 748 3818 Ἦσίοδον,
783 3753 877 3806 καὶ
918 3752 1045 3816 τοὺς
1084 3751 1305 3815 λοιποὺς
1354 3750 1774 3822 μνημονεύεται.
1807 3752 1949 3819 Χθές
1978 3754 2036 3807 δὲ

460 3841 557 3895 καὶ
605 3840 796 3912 πρώην
854 3842 991 3912 μετὰ
1042 3841 1264 3905 τούτους
1324 3843 1453 3912 περὶ
1506 3840 1606 3913 τὴν
1663 3843 2035 3913 πεντηκοστὴν

472 3933 805 4005 Ὀλυμπιάδα
834 3934 882 3986 οἱ
908 3933 1051 4002 ἀμφὶ
1080 3933 1404 4005 Πυθαγόραν
1428 3933 1522 3987 καὶ
1554 3934 1917 4006 Δημόκριτον,
1940 3937 2034 3990 καὶ

458 4027 583 4089 τοὺς
629 4023 768 4097 μετὰ
813 4022 983 4077 ταῦτα
1029 4022 1347 4093 φιλοσόφους
1389 4023 1818 4096 ὠνομάσθησαν,
1866 4026 2034 4094 ἐγγύς

458 4135 561 4171 που
597 4117 736 4189 μετὰ
776 4115 846 4171 τὰ
881 4115 1104 4187 Τρωϊκὰ
1129 4114 1304 4168 ἐτεσιν
1346 4117 1708 4182 ἑπτακοσίοις.
1740 4119 2033 4191 Προτερεῖν

458 4207 565 4279 ἄρα
605 4206 810 4277 Μωσῆς
859 4206 954 4260 καὶ
999 4205 1050 4257 οἱ
1089 4205 1205 4274 μετ’
1250 4203 1415 4258 αὐτὸν
1460 4204 1726 4276 Ἑϐραίων
1758 4208 2032 4279 προφῆται

460 4298 801 4353 συνίστανται
847 4296 957 4351 τῶν
1006 4296 1134 4366 παρ’
1189 4294 1415 4367 Ἕλλησι
1477 4296 1781 4366 φιλοσόφων
1840 4298 2031 4370 χιλίοις

457 4389 831 4452 πεντακοσίοις
858 4388 1024 4451 ἔτεσι,
1050 4385 1194 4440 κατὰ
1220 4387 1318 4457 τὴν
1350 4384 1445 4439 τοῦ
1469 4386 1798 4458 δηλωθέντος
1839 4388 2030 4460 ἀνδρὸς

455 4481 761 4551 ὀμολογίαν.
793 4481 904 4534 Καὶ
929 4477 1102 4533 ταῦτα
1141 4478 1239 4549 μὲν
1277 4480 1438 4549 ἡμεῖς

458 4575 580 4629 σθαι
607 4575 666 4633 δὲ
696 4575 885 4645 καιρὸς
913 4573 1005 4629 καὶ
1047 4572 1146 4635 τὰς
1169 4571 1278 4625 τῶν
1312 4572 1418 4643 πρὸ
1446 4570 1602 4643 ἡμῶν
1642 4573 1770 4643 περὶ¹
1796 4574 1894 4644 τῆς
1931 4574 2028 4628 αὑ-

454 4669 553 4737 τῆς
588 4667 893 4729 ὑποθέσεως
935 4664 1257 4730 ἀποδείξεις.
1313 4662 1574 4732 Γεγόνασι
1618 4663 1682 4733 δὴ
1716 4665 1846 4734 παρ’
1894 4665 2026 4734 ἡμῖν

454 4759 621 4827 λόγιοι
637 4759 848 4830 ἄνδρες,
866 4756 1090 4811 καὶτῶν
1117 4755 1225 4810 ἀπὸ
1256 4755 1499 4819 παιδείας
1526 4753 1738 4818 οὐδενὸς
1762 4753 2024 4826 δεύτεροι,

454 4855 564 4915 τοῖς
594 4868 653 4904 τε
692 4851 857 4913 θείοις
891 4850 952 4903 οὐ
1010 4848 1302 4920 παρέργως
1333 4845 1809 4917 καθωμιληκότες,
1845 4846 1894 4898 οἳ
1933 4847 2027 4898 καὶ

451 4941 551 5012 τὴν
582 4938 861 5011 παροῦσαν
886 4940 1141 4993 ὑπόθεσιν
1174 4939 1261 4995 ἐπ’
1283 4936 1506 5008 ἀκριϐὲς
1527 4937 2023 5007 διευκρινήσαντες,

450 5034 519 5102 τῇ
552 5031 682 5103 παρ’
723 5029 994 5103 Ἑϐραίοις
1027 5029 1360 5100 συνέστησαν
1388 5026 1763 5101 ἀρχαιολογίᾳ,
1794 5027 2025 5098 πλουσίᾳ

452 5124 546 5178 καὶ
589 5122 807 5194 ποικίλῃ
834 5123 1146 5192 κατασκευῇ
1184 5119 1512 5192 κεχρημένοι
1547 5118 1648 5189 τῆς
1675 5118 2020 5184 ἀποδείξεως.

450 5217 515 5269 Ol
548 5214 648 5286 μὲν
673 5215 783 5285 γὰρ
820 5213 886 5267 ἐκ
926 5229 1086 5266 τινων
1125 5211 1570 5283 ὁμολογουμένων
1616 5210 1866 5282 ἱστοριῶν
1897 5211 2024 5276 τοὺς

450 5304 676 5375 χρόνους
722 5301 1130 5371 συνελογίσαντο
1150 5318 1163 5331 ·
1212 5303 1261 5355 οἱ
1325 5301 1382 5354 δὲ
1436 5300 1819 5373 παλαιοτέροις
1891 5302 2024 5355 ἂνα-

450 5395 741 5467 γνὼσμασι
767 5394 868 5467 τὴν
903 5393 1207 5465 μαρτυρίαν
1257 5391 1664 5447 ἐπιστώσαντο·
1708 5394 1803 5446 καὶ
1834 5395 1882 5446 οἱ
1924 5394 2021 5464 μὲν

461 5486 820 5559 Ἑλληνικοῖς,
850 5488 898 5540 οί
928 5485 985 5538 δὲ
1017 5486 1112 5537 καὶ
1145 5488 1259 5548 τοῖς
1286 5484 1354 5538 τὰ
1382 5485 1662 5549 Φοινίκων,
1695 5485 1764 5539 τά
1789 5500 1848 5537 τε
1876 5483 2021 5538 Χαλ-

450 5577 613 5633 δαίων
661 5580 758 5634 καὶ
804 5578 1121 5647 Αἰγυπτίων
1180 5575 1527 5647 ἀναγράψασι
1596 5576 2016 5648 συνεχρήσαντο.

521 5760 634 5833 (ϐὖ)
671 5759 890 5831 Μικρῷ.
928 5759 1070 5830 Lege
1098 5758 1315 5830 μικροῦ.

889 5855 1080 5915 Pun.
1121 5853 1239 5915 Gn.
1277 5854 1479 5917 ΧΧΙ..

1620 336 1946 392 ΡΠᾸΞΡΛΒ.
1989 335 2244 392 EVANG.
2287 333 2415 391 LIB.
2462 336 2529 389 Χ.

459 457 658 520 κοσίοις
679 456 820 520 ὅλοις
846 455 988 508 έτεσι
1016 452 1287 508 δείκνυται
1341 453 1737 525 προγενομένη.
1768 453 1879 507 Καὶ
1898 454 2028 506 Μω-

2134 451 2510 516 Semiramide,
2559 438 2969 507 Sanchoniatho
3013 452 3213 507 claruit
3270 473 3281 507 :

3606 339 3711 392 διο

3340 451 3518 508 Moses
3563 463 3710 508 certe

2138 544 2401 613 quidem,
2454 552 2514 598 ut
2561 543 2699 597 nihil
2739 558 2805 597 eo
2854 544 3118 599 vetustior
3170 544 3352 609 fuerit,
3394 543 3561 617 486
3611 545 3708 600 sed

2138 643 2363 698 prorsus
2387 629 2632 699 aequalis,
2661 629 2765 685 sub
2795 630 3042 700 ejusdem
3096 640 3278 687 tamen
3330 631 3708 689 Semiramidis

2139 720 2425 790 imperium
2459 720 2674 789 vixerit,
2709 738 2932 779 necesse
2961 733 3063 779 est.
3108 724 3227 780 Jam
3259 736 3312 781 et
3335 726 3707 783 Abrahamum

2141 809 2517 867 Semiramidis
2542 813 2878 883 temporibus
2910 814 3115 871 vixisse
3145 828 3302 872 antea
3332 818 3707 887 probavimus,

2138 911 2192 957 et
2228 903 2431 959 Mosem
2460 905 2637 974 ipsum
2667 905 2758 960 illa
2800 908 3190 963 vestustiorem
3224 910 3587 980 philosophus
3618 910 3708 967 hic

2137 1008 2326 1051 noster
2352 995 2523 1051 fuisse
2552 996 2858 1052 conﬁrmat.
2895 998 3133 1069 Trojana
3161 1016 3288 1056 vero
3313 1009 3559 1072 tempora
3611 1003 3712 1059 Sc-

2138 1086 2388 1143 miramis
2427 1088 2588 1142 annis
2633 1086 2858 1156 integris
2883 1091 3208 1161 octingentis
3236 1094 3530 1162 superavit.
3565 1093 3709 1167 Ergo

2141 1181 2364 1235 totidem
2396 1180 2489 1235 illa
2516 1180 2696 1236 Moses
2717 1197 2785 1237 ex
2811 1183 2975 1253 hujus
3008 1185 3317 1255 philosophi
3350 1196 3530 1242 mente
3555 1198 3714 1242 ante-

2139 1272 2386 1327 cesserit.
2438 1270 2702 1327 Praeterea
2732 1289 2855 1329 eum
2886 1275 3094 1344 primus
3123 1277 3264 1345 apud
3308 1278 3539 1348 Argivos
3577 1279 3705 1334 Ina-

2139 1363 2279 1417 chus
2316 1363 2628 1434 imperaret,
2684 1365 2918 1433 necdum
2956 1365 3379 1423 Atheniensibus
3401 1379 3495 1424 aut
3518 1371 3713 1428 civitas

2143 1459 2240 1503 aut
2288 1464 2485 1505 nomen
2514 1462 2650 1507 erat.
2681 1451 2939 1522 Ejusdem
2970 1465 3149 1510 autem
3179 1455 3362 1512 Inachi
3396 1475 3620 1531 regnum
3653 1461 3711 1516 in

2142 1539 2390 1609 quintum
2424 1557 2450 1593 a
2488 1541 2848 1596 Semiramide
2888 1541 3234 1614 Assyriorum
3266 1562 3447 1618 regem
3499 1550 3709 1617 incidit,

2143 1632 2302 1687 anuis
2333 1640 2458 1702 post
2484 1632 2629 1687 illam
2653 1644 2814 1703 atque
2837 1633 3042 1690 Mosem
3072 1646 3291 1692 centum
3342 1647 3397 1693 et
3441 1641 3714 1712 quinqua-

2143 1722 2313 1792 ginta,
2341 1723 2543 1793 quibus
2583 1724 2721 1778 nihil
2769 1726 2911 1795 apud
2942 1724 3160 1782 Graecos
3194 1732 3455 1786 memoria
3485 1732 3710 1803 dignum

2144 1823 2355 1887 gestum
2385 1831 2509 1871 esse
2555 1818 2844 1888 reperitur.
2888 1817 3161 1874 Caeterum
3204 1822 3396 1876 eodem
3428 1824 3709 1893 temporis,

2143 1906 2286 1977 apud
2338 1906 2594 1963 Hebrteos
2645 1909 2860 1980 judices
2915 1910 3278 1980 imperabant.
3312 1913 3485 1969 Annis
3516 1914 3712 1970 deinde

2141 2007 2268 2069 post
2306 1998 2719 2056 Semiramidem
2767 2002 3002 2072 amplius
3034 2004 3468 2075 quadringentis,
3497 2005 3711 2075 primus

2141 2090 2369 2147 Athenis
2396 2093 2637 2163 regnavit
2679 2092 2938 2163 Cecr0ps,
2963 2110 3126 2164 quem
3149 2093 3461 2165 Indigenam
3487 2105 3708 2161 vocant,

2144 2174 2342 2246 Triopa
2370 2188 2632 2248 regnante
2655 2179 2836 2248 Argis,
2867 2183 2962 2250 qui
2993 2183 3257 2251 septimus
3284 2184 3353 2236 ab
3383 2182 3585 2239 Inacho
3623 2199 3711 2239 re-

2142 2284 2270 2338 gum
2299 2269 2622 2339 Argivorum
2647 2270 2826 2340 primo
2853 2271 2976 2326 fuit.
3008 2271 3130 2338 Quo
3160 2274 3379 2345 quidem
3414 2290 3605 2345 regum
3634 2276 3710 2331 is-

2141 2368 2318 2414 torum
2351 2361 2655 2429 intervallo,
2674 2361 2939 2434 Ogygium
2968 2364 3234 2419 diluvium
3269 2366 3565 2437 contigisse
3584 2382 3710 2422 uar-

2139 2460 2286 2518 rant,
2314 2453 2554 2525 itemque
2579 2457 2722 2526 apud
2758 2455 3044 2527 IEgyptios
3079 2459 3316 2527 primum
3359 2457 3519 2528 Apim
3548 2459 3708 2514 deum

2140 2542 2516 2611 nominarunt,
2549 2558 2615 2599 ac
2660 2543 2826 2599 simul
2873 2544 2930 2600 Io
2962 2546 3150 2601 Inachi
3196 2547 3327 2610 ﬁlia,
3357 2563 3521 2617 quam
3550 2547 3711 2604 Isidis

2139 2636 2361 2691 nomine
2401 2635 2590 2692 colunt
2638 2635 2901 2710 Egyptii,
2936 2637 3299 2696 Prometheus
3348 2650 3512 2711 atque
3557 2641 3709 2697 Atlas

2137 2726 2407 2782 celebrari
2454 2738 2758 2798 coeperunt.
2809 2727 2932 2783 Jam
2982 2744 3014 2783 a
3068 2728 3309 2799 Cecrope
3369 2732 3437 2785 ad
3489 2742 3707 2801 captum

2138 2818 2320 2883 Ilium,
2388 2819 2479 2872 alii
2530 2833 2699 2888 prope
2746 2818 3129 2889 quadringenti
3186 2820 3515 2890 colliguntur
3555 2821 3707 2885 anni,

2138 2908 2340 2978 quibus
2371 2907 2458 2962 illa
2487 2907 2804 2964 Graecorum
2834 2907 3034 2964 fabulis
3080 2907 3369 2964 decantata
3421 2910 3706 2972 miracula.

2141 2997 2505 3067 Deucalionis,
2546 2998 2795 3070 inquam,
2829 2999 3093 3055 diluvium
3115 3010 3169 3056 et
3188 2998 3503 3057 Phaetontis
3525 3002 3710 3058 incen-

2138 3089 2290 3144 dium
2316 3090 2630 3160 contigere;
2668 3092 2826 3162 cujus
2870 3092 3155 3163 utriusque
3181 3092 3417 3164 ﬁngendi
3461 3096 3708 3150 occasio-

2139 3195 2285 3248 nem,
2323 3196 2387 3236 ex
2421 3182 2628 3250 multis,
2661 3184 2739 3237 uti
2788 3183 3083 3239 verisimile
3126 3193 3231 3247 est,
3270 3185 3586 3254 crebrisque
3613 3201 3709 3256 per

2136 3287 2203 3327 ea
2241 3273 2359 3328 loca
2384 3282 2655 3329 terrarum
2708 3274 2958 3331 cladibus
2992 3277 3346 3345 arripuerint.
3386 3276 3576 3333 Jovem
3609 3295 3708 3334 au-

2139 3366 2246 3412 tem
2271 3358 2341 3413 ab
2368 3359 2559 3414 eodem
2591 3360 2835 3430 primum
2890 3362 3133 3433 Cecrope
3162 3364 3321 3418 deum
3378 3365 3704 3435 appellatum

2134 3464 2257 3505 esse
2290 3450 2493 3518 ferunt,
2518 3467 2643 3507 cum
2680 3469 3023 3524 nequaquam
3060 3456 3202 3510 inter
3230 3456 3479 3512 homines
3519 3459 3571 3513 id
3603 3475 3706 3515 an-

2137 3550 2221 3596 tea
2251 3543 2491 3599 nominis
2519 3544 2800 3599 habuisset
2838 3564 2850 3598 :
2885 3545 2954 3600 ab
2980 3546 3171 3600 eodem
3197 3548 3547 3616 postmodum
3588 3551 3705 3620 pri—

2136 3645 2283 3686 mam
2317 3632 2543 3689 Athenis
2566 3635 2861 3690 excitatam
2897 3650 3071 3702 aram,
3128 3637 3476 3708 primumque
3506 3636 3705 3694 Miner-

2133 3735 2216 3776 vas.
2264 3722 2483 3793 signum
2536 3724 2829 3779 conﬂatum
2883 3738 2949 3778 ac
2996 3725 3232 3794 positum
3285 3725 3474 3791 fuisse,
3528 3743 3706 3799 neque

2134 3811 2280 3867 enim
2313 3823 2685 3882 pervetustum
2712 3831 2885 3887 genus
2910 3816 3041 3871 illud
3072 3831 3257 3872 rerum
3279 3819 3575 3877 exstitisse.
3599 3819 3707 3876 lta~

2134 3919 2241 3974 que
2282 3914 2404 3974 post
2439 3904 2733 3977 Cecropem
2786 3914 2897 3962 tota
2932 3908 3021 3963 illa
3049 3907 3361 3965 Graecorum
3412 3913 3703 3968 numinum

2134 3996 2446 4067 genealogia
2474 3998 2690 4052 texitur.
2723 3998 2879 4068 Apud
2907 3997 3162 4056 Hebraeos
3184 4001 3412 4069 interea,
3446 4018 3571 4059 eum
3596 4002 3703 4060 Da-

2136 4086 2275 4141 vidis
2330 4088 2536 4156 posteri
2584 4087 2906 4157 regnabant,
2956 4100 3069 4143 tum
3122 4092 3296 4145 secuti
3330 4090 3532 4146 Mosem
3573 4106 3701 4164 pro-

2132 4178 2307 4246 phetae
2330 4177 2613 4235 ﬂorebant.
2648 4178 2725 4232 Ita
2778 4179 2825 4233 si
2853 4188 3101 4234 nostrum
3126 4181 3276 4237 hunc
3313 4183 3698 4254 pltilosOphum

2132 4269 2441 4335 audiamus,
2478 4284 2509 4324 a
2554 4268 2739 4340 Moyse
2766 4269 2835 4324 ad
2864 4279 3081 4339 captum
3110 4272 3270 4325 Ilium
3306 4274 3434 4327 anni
3463 4277 3699 4346 amplius

2131 4360 2427 4431 octingenti
2461 4369 2835 4415 numerentur.
2882 4359 3056 4415 Porro
3092 4362 3250 4433 longe
3282 4361 3537 4433 Trojanis
3589 4367 3699 4423 illis

1486 4451 1782 4549 ἐπιτόμως.
1817 4451 2027 4550 maia;

2134 4451 2466 4520 temporibus
2511 4451 2864 4519 recentiores,
2910 4451 3231 4518 Homerum,
3285 4452 3577 4511 Hesiodum
3632 4473 3697 4514 ac

2129 4542 2370 4613 reliquos
2397 4543 2566 4599 fuisse
2593 4552 2827 4598 constat.
2861 4542 2989 4599 Inde
3018 4545 3209 4614 nuperi
3244 4546 3489 4612 omnino,
3530 4542 3695 4620 487

2127 4635 2482 4707 Pythagoras,
2520 4633 2886 4700 Democritus,
2914 4638 3206 4707 cteterique
3231 4636 3488 4708 deinceps
3519 4642 3694 4709 philo-

2126 4727 2308 4797 sophi,
2343 4727 2492 4783 circa
2519 4728 2879 4799 Olympiadem
2915 4729 3447 4799 quinquagesimam,
3471 4730 3575 4786 hoc
3609 4740 3693 4786 est

2127 4818 2287 4873 annis
2314 4826 2439 4888 post
2466 4828 2685 4888 captum
2716 4819 2874 4872 Ilium
2911 4833 3078 4889 prope
3112 4820 3487 4890 septingentis,
3515 4836 3693 4877 emer-

2126 4924 2265 4964 sere.
2297 4907 2503 4964 Mosem
2529 4911 2692 4979 igitur
2718 4925 2782 4965 ac
2807 4911 3136 4979 posteriores
3183 4910 3332 4965 Mose
3372 4911 3690 4982 prophetas,

2125 5008 2251 5056 ante
2298 5017 2489 5056 omnes
2535 5003 2760 5058 Graeciae
2798 5003 3156 5073 philosophos
3193 5002 3352 5058 annis
3381 5003 3692 5073 quingentis

2123 5107 2288 5163 supra
2314 5093 2461 5148 mille
2480 5094 2704 5159 vixisse,
2736 5110 2803 5148 ex
2852 5095 3096 5165 ejusdem
3127 5094 3442 5166 philosophi
3472 5096 3689 5155 confes-

2123 5186 2279 5242 sione.
2325 5186 2648 5242 auferimus.
2684 5186 2860 5257 Atque
2903 5187 3020 5242 haec
3061 5202 3094 5241 a
3146 5188 3306 5243 nobis
3345 5190 3419 5243 ita
3451 5188 3691 5245 breviter

2121 5280 2407 5349 perstricta
2428 5288 2613 5336 sunto.
2651 5278 2772 5335 Jam
2799 5292 3012 5349 tempus
3050 5287 3156 5346 est,
3196 5288 3253 5333 ut
3279 5295 3468 5334 eorum
3499 5281 3685 5345 etiam,

2120 5371 2214 5441 qui
2237 5380 2362 5427 ante
2385 5388 2486 5427 nos
2517 5372 2620 5426 hac
2653 5372 2710 5425 in
2754 5370 3122 5440 disputatione
3160 5371 3362 5425 versati
3414 5380 3563 5439 sunt,
3599 5386 3700 5426 αι’-κ

2121 5474 2380 5533 gumenta
2423 5463 2725 5519 videamus.
2782 5460 3042 5518 Homines
3088 5463 3367 5519 enimvero
3402 5463 3544 5533 apud
3588 5479 3689 5518 nos

2120 5558 2396 5628 exstitere,
2426 5572 2535 5615 non
2575 5556 2764 5613 diserti
2806 5556 2992 5621 modo,
3023 5555 3117 5612 sed
3144 5557 3310 5612 etiam
3342 5558 3474 5613 nulli
3499 5555 3655 5613 crudi

3299 5839 3375 5897 26
