4194 6450
481 350 578 403 8H

1196 351 1465 407 EUSEBII
1508 348 1992 408 CESARIENSIS
2031 347 2183 403 OPP.
2227 345 2409 401 PARS
2451 346 2515 399 ll.
2559 375 2626 385 —
2666 340 3176 399 APOLOGETICA.

3636 342 3742 396 812

479 464 628 518 tione
655 466 901 530 secundi,
932 463 1134 533 quique
1183 466 1482 534 plurimum
1531 464 1733 521 divinis
1762 467 1816 520 in
1849 465 2023 519 litteri:

2164 459 2330 531 Ὁμοῦ
2354 461 2411 514 δὲ
2438 462 2487 512 οἱ
2516 458 2718 522 πάντες
2738 499 2752 521 ,
2787 459 2854 511 τὰ
2872 456 3157 528 Ἑλληνικὰ
3183 455 3278 509 καὶ
3293 455 3362 507 τά
3381 453 3650 527 βάρϐαρα,
3671 457 3742 511 τά

480 569 660 625 (ψει-ιε
691 554 966 623 studiique
994 567 1314 623 posuerunt.
1360 554 1398 608 li
1431 570 1548 610 rem
1588 556 1747 609 istam
1794 564 2048 610 accurate

478 647 772 702 admodum
818 657 873 700 et
910 646 1188 701 enucleate
1223 647 1515 716 persecuti,
1564 646 1909 717 antiquitatis
1941 644 2047 700 He-

474 739 675 794 braicze
705 739 863 793 tidem
898 753 1091 808 magna
1127 739 1401 792 rationum
1430 738 1483 792 vi
1517 754 1581 793 ac
1634 737 1901 809 singulari
1942 751 2038 791 va-

474 831 667 885 rietate
704 827 971 884 fecerunt.
1014 828 1120 882 Alii
1165 829 1368 898 quippe
1417 828 1585 883 certis
1615 826 1945 898 quibusdam
1978 840 2046 879 ex

474 920 720 977 historiis
763 929 817 976 et
842 920 1089 975 omnium
1136 934 1409 975 consensu
1437 919 1775 990 approbatis,
1833 926 2045 988 tempo-

471 1027 596 1067 rum
631 1011 827 1068 seriem
861 1012 1220 1082 ordinemque
1266 1011 1542 1066 duxerunt
1589 1028 1603 1065 :
1657 1010 1750 1065 alii
1795 1009 1911 1065 suis
1940 1008 2045 1080 ipsi

472 1102 804 1158 testimoniis
857 1101 1171 1157 ﬁrmitatem
1232 1117 1296 1157 ac
1346 1102 1514 1157 robur
1560 1119 1623 1157 ex
1670 1102 2041 1172 antiquiorum

470 1195 797 1264 scriptorum
831 1192 1155 1247 auctoritate
1195 1192 1547 1262 quaesierunt.
1584 1191 1646 1246 Et
1684 1192 1775 1245 alii
1821 1191 2043 1261 quidem

471 1286 746 1341 adhaesere
773 1270 997 1349 Graecis,
1032 1283 1122 1336 alii
1150 1298 1284 1338 vero
1314 1298 1377 1337 ex
1406 1298 1587 1338 rerum
1618 1282 1780 1337 etiam
1817 1281 2041 1337 Phaeni-

470 1379 718 1440 ciarum,
788 1375 1169 1430 Chaldzearum
1227 1384 1282 1431 et
1332 1373 1709 1446 Egyptiarum
1766 1374 2044 1430 historicis

366 1522 385 1537 ,
468 1476 786 1539 argumenta
830 1466 1104 1537 petierunt
1137 1484 1151 1521 :
1184 1475 1240 1521 at
1282 1466 1448 1522 simul
1496 1465 1761 1534 universi,
1815 1465 2040 1530 Graecis,

2155 572 2213 607 τε
2242 555 2370 625 παρ’
2394 553 2573 616 αὐτοῖς
2602 552 2874 623 Ἑϐραίοις
2897 550 3317 618 συναγαγόντες,
3343 548 3437 601 καὶ
3463 546 3563 611 τὰς
3588 549 3740 621 παρὰ

2154 646 2321 699 πᾶσιν
2369 646 2609 716 ἱστορίας
2646 642 3016 715 παραθέντες,
3051 641 3254 714 θατέρᾳ
3295 657 3356 693 τε
3405 639 3505 711 τὴν
3545 641 3739 712 ἑτέραν

2154 736 2610 810 συγκρούσαντες,
2644 735 2712 789 τὰ
2740 735 2891 806 παρὰ
2917 737 3028 798 τοῖς
3059 735 3228 787 πᾶσιν
3254 732 3360 786 ὑπὸ
3383 732 3510 796 τοὺς
3541 732 3738 799 αὐτοὺς

2150 830 2374 901 χρόνους
2411 827 2724 900 πραχθέντα
2759 826 3205 897 συνεξητάκασιν.
3253 821 3368 879 Εἶθ’
3401 826 3634 890 ἕκαστος
3660 828 3710 880 οί

2152 919 2330 984 κείαις
2358 919 2601 991 μεθόδοις
2632 910 2731 989 τὴν
2757 916 2866 971 τῶν
2887 916 3365 987 ἀποδεικνυμένων
3390 917 3736 989 κατασκευὴν

2151 1014 2542 1087 πεποιημένος,
2577 1013 2867 1084 σύμφωνον
2891 1011 2986 1065 καὶ
3014 1010 3453 1081 ὁμολογουμένην
3475 1010 3573 1082 τὴν
3595 1011 3734 1065 ἀπό-

2148 1105 2315 1172 δειξιν
2365 1106 2772 1177 είσηνέγκαντο.
2821 1104 2911 1157 Διὸ
2954 1105 3048 1158 καὶ
3097 1103 3332 1175 μάλιστα
3390 1106 3510 1168 ταῖς
3540 1104 3734 1168 αὐταῖς

2150 1196 2443 1269 ἡγησάμην
2492 1198 2603 1251 δεῖν
2660 1196 3059 1269 παραχωρῆσαι
3106 1197 3311 1264 φωναῖς
3350 1194 3443 1248 τὸν
3489 1194 3734 1267 παρόντα

2149 1289 2325 1357 λόγον,
2346 1290 2493 1353 ὅπως
2523 1287 2659 1360 ὁμοῦ
2688 1288 2797 1341 τῶν
2827 1287 3043 1341 οίκείων
3077 1287 3152 1357 μὴ
3183 1287 3569 1359 άποστεροῖντο
3590 1305 3731 1360 καρ-

2150 1380 2267 1432 πῶν
2308 1382 2357 1433 ei
2388 1380 2499 1433 τῶν
2529 1380 2703 1449 λόγων
2746 1380 2980 1448 πατέρες
2999 1418 3013 1443 ,
3045 1380 3138 1433 καὶ
3183 1378 3272 1433 διὰ
3304 1378 3563 1433 πλειόνων
3591 1397 3731 1454 μαρ-

2147 1471 2347 1544 τύρων,
2372 1470 2509 1526 ἀλλὰ
2535 1472 2612 1544 μὴ
2641 1472 2706 1544 δὴ
2727 1472 2845 1536 ἐνὸς
2867 1458 3001 1542 ὁμοῦ
3018 1474 3052 1543 ἡ
3071 1471 3329 1536 σύστασις
3348 1471 3451 1542 τῆς
3470 1470 3730 1543 ἀληθείας

468 1561 737 1623 barbaris,
790 1558 1186 1629 ﬂebraicisque
1223 1558 1390 1613 rebus
1439 1557 1543 1613 sub
1596 1572 1708 1612 uno
1761 1557 2023 1613 collocati:

2148 1562 2552 1634 ἀναμφίλεκτον
2582 1563 2737 1617 λάϐοι
2768 1564 2868 1635 τὴν
2893 1562 3249 1636 ἐπικύρωσιν.

464 1660 710 1722 aspectu,
747 1652 1103 1721 omniumque
1146 1649 1471 1720 populorum
1506 1648 1751 1704 historiis
1805 1648 1949 1705 inter
2010 1665 2069 1706 se
2108 1655 2443 1727 propiusque
2466 1655 2804 1721 commissis,
2831 1670 2955 1727 qua;
3012 1656 3155 1727 apud
3179 1670 3431 1727 quosque
3458 1655 3727 1711 subidem

462 1753 679 1815 tempus
704 1753 851 1815 gesta
892 1742 1124 1809 fuerint,
1156 1758 1280 1798 cum
1327 1742 1452 1797 aliis
1498 1741 1604 1796 alia
1654 1741 1942 1812 diligenter
1969 1757 2209 1813 expensa
2269 1746 2813 1804 contulerunt.~Tum
2877 1762 3034 1802 suam
3089 1748 3295 1818 quique
3326 1747 3472 1802 viam
3524 1761 3591 1801 ac
3619 1762 3729 1802 me-

463 1837 691 1891 thodum
739 1835 933 1902 secuti,
981 1844 1162 1904 partes
1197 1833 1435 1903 suscepti
1480 1833 1662 1903 operis
1712 1834 1957 1904 singulas
2005 1836 2076 1890 ita
2116 1839 2481 1909 digesserunt,
2518 1851 2580 1896 ut
2625 1856 2817 1897 omnes
2849 1850 2990 1896 mter
3025 1856 3148 1896 sese
3194 1840 3469 1896 constanti
3522 1838 3731 1895 fuerint

464 1944 529 1985 ac
554 1938 701 1985 certa
735 1927 1205 1984 demonstratione
1231 1926 1523 1996 complexi.
1553 1924 1818 1992 Quocirca
1846 1926 2027 1982 locum
2068 1931 2248 1987 verbis
2297 1945 2586 1989 auctorum
2644 1933 2939 2003 ipsissimis
2986 1933 3091 1989 hac
3135 1933 3190 1987 in
3237 1931 3611 2003 disputatione
3640 1947 3731 1987 re-

464 2022 819 2093 linquendum
857 2022 1063 2092 putavi,
1122 2021 1287 2077 simul
1336 2030 1399 2075 ut
1454 2035 1523 2075 ne
1569 2035 1794 2075 suorum
1844 2021 1980 2091 ipsis
2018 2022 2265 2078 laborum
2319 2026 2529 2080 fructus
2573 2024 2938 2095 praeripiatur,
2997 2024 3163 2080 simul
3205 2033 3263 2079 ut
3314 2030 3569 2092 suscepta
3626 2037 3729 2092 pro

460 2114 690 2170 veritate
736 2112 1003 2177 defensio,
1036 2128 1145 2167 non
1196 2127 1265 2168 ex
1310 2111 1496 2178 unius,
1549 2112 1643 2167 sed
1694 2127 1761 2167 ex
1807 2113 2044 2183 plurium
2085 2116 2303 2172 testium
2354 2132 2451 2174 ore
2489 2118 2649 2173 ﬁdem
2694 2118 2845 2173 omni
2898 2118 3238 2174 dubitatione
3288 2118 3552 2189 majorem
3583 2117 3727 2173 acci-

461 2210 593 2280 piat.
622 2206 918 2264 Ordiamur
937 2207 1006 2263 ab
1032 2206 1312 2262 Africano.

1071 2297 1312 2353 CAPUT
1351 2298 1421 2353 Χ.

715 2386 801 2441 Ea:
839 2388 1080 2457 Africani
1120 2387 1570 2458 Cltronograpliia:
1604 2391 1779 2443 tertio.

536 2497 559 2532 ι
602 2481 744 2534 Ante
777 2479 1146 2550 olympiadum
1184 2480 1406 2545 seriem,
1461 2479 1640 2550 inquit
1676 2480 1785 2544 ille,
1808 2479 2029 2537 Graeco-

458 2585 584 2627 rum
618 2570 673 2625 in
709 2570 940 2626 historia
973 2572 1105 2625 certi
1165 2571 1301 2625 nihil
1354 2571 1731 2641 exploratique
1762 2574 2029 2643 reperias,

459 2677 632 2734 usque
663 2662 801 2717 adeo
833 2662 1147 2732 perturbata
1176 2670 1305 2717 sunt
1334 2663 1541 2728 omnia,
1586 2678 1687 2718 nec
1709 2663 1819 2718 ulla
1844 2680 2031 2720 secum

455 2768 525 2810 ex
569 2762 721 2823 parte
749 2755 1122 2821 consentiunt,
1150 2769 1273 2824 quae
1309 2763 1467 2809 antea
1497 2754 1793 2825 contigisse
1830 2772 2034 2812 memo-

454 2854 669 2899 rantur.
725 2845 795 2899 At
845 2844 901 2899 in
951 2845 1353 2917 olympiadibus
1401 2845 1714 2916 digerendis
1775 2857 2032 2906 accurate

453 2936 623 3008 538
652 2937 805 2992 multi
844 2938 1242 3011 diligenterque
1292 2938 1494 2994 versati
1541 2948 1691 3008 sunt,
1742 2942 1887 3011 quod
1919 2956 2030 2997 non

454 3028 619 3098 longo
649 3028 951 3093 intervallo,
987 3029 1080 3085 sed
1110 3036 1322 3084 tantum
1355 3044 1457 3084 suo
1480 3030 1749 3101 cujusque
1776 3046 1864 3087 res
1889 3048 2028 3103 qua-

453 3119 706 3175 driennio
732 3121 983 3176 delinitas
1016 3120 1189 3176 (ἶν’θοί
1232 3122 1769 3194 comprehensasque
1800 3126 2032 3195 perscri-

452 3213 684 3281 pserint.
729 3210 1091 3278 Quamobrem
1134 3227 1198 3267 ex
1229 3211 1493 3269 fabulosis
1530 3214 1659 3280 illis,
1685 3216 1894 3285 quaead
1914 3218 2029 3287 pri-

453 3319 597 3359 mam
637 3320 812 3375 usque
833 3305 1196 3376 Olympiadem
1232 3306 1375 3361 fama
1399 3309 1615 3364 caeteris
1645 3318 1699 3364 et
1737 3309 2024 3365 hominum

451 3396 710 3467 opinione
737 3397 1104 3466 praestiterint,
1157 3397 1395 3453 breviter
1446 3401 1764 3471 cursimque
1819 3400 2023 3469 libatis,

450 3503 575 3559 qua:
606 3495 796 3558 poslca
827 3488 1178 3558 contigerint,
1216 3504 1281 3543 ea
1322 3490 1369 3545 si
1404 3490 1568 3546 modo
1615 3491 1851 3564 insignia
1880 3493 2027 3549 vide-

450 3582 673 3647 buntur,
706 3582 780 3637 ita
811 3598 935 3638 cum
963 3580 1168 3638 Graecis
1197 3582 1422 3638 Hebraea
1450 3594 1763 3650 conteram,
1789 3594 1849 3641 ut
1871 3584 2024 3642 Grae-

2680 2299 3078 2355 ΚΕΦΑΛΑΙθΝ
3115 2301 3171 2353 I'.

2150 2396 2282 2450 Ἀπὸ
2323 2396 2430 2450 τοῦ
2472 2397 2672 2465 τρίτου
2705 2394 2822 2449 τῶν
2864 2391 3210 2463 Ἀφρικανοῦ
3240 2390 3717 2461 Χρονογραςριῶν.

2213 2509 2231 2541 ι
2259 2490 2437 2562 Μέχρι
2468 2490 2566 2558 μὲν
2596 2488 2972 2561 Ὀλυμπιάδων
2993 2487 3144 2541 οὐδὲν
3175 2485 3403 2557 ἀκριϐὲς
3436 2486 3717 2558 ἱστόρηται

2131 2584 2243 2645 τοῖς
2266 2581 2512 2654 Ἕλλησι,
2540 2581 2759 2635 πάντων
2788 2579 3230 2651 συγκεχυμένων,
3263 2577 3357 2630 καὶ
3382 2577 3522 2631 κατὰ
3548 2578 3714 2649 μηδὲν

2134 2675 2317 2738 αὐτοῖς
2349 2672 2458 2727 τῶν
2482 2672 2687 2745 προτοῦ
2717 2671 3179 2742 συμφωνούντων·
3210 2670 3266 2722 αἱ
3317 2668 3373 2722 δέ
3402 2668 3709 2740 ἠκρίϐωντο

2134 2767 2369 2832 πολλοῖς,
2394 2765 2472 2836 τῷ
2495 2765 2569 2837 μὴ
2612 2766 2676 2817 ἐκ
2706 2764 2960 2817 πλείστου
2989 2763 3376 2833 διαστήματος,
3407 2760 3493 2813 διὰ
3513 2777 3707 2831 τετρα-

2133 2859 2283 2923 ετίας
2296 2858 2371 2921 δὲ,
2394 2857 2493 2921 τὰς
2521 2855 2841 2928 ἀναγραφάς
2869 2854 3047 2908 αὐτῶν
3071 2851 3339 2907 ποιεῖσθαι
3353 2852 3479 2914 τοὺς
3504 2849 3701 2921 Ἕλλη-

2133 2967 2249 3013 νας.
2278 2944 2353 3005 Οῦ
2384 2949 2450 3021 δὴ
2482 2949 2641 3020 χάριν
2669 2948 2764 3011 τὰς
2800 2944 3151 3010 ἐνδοξοτάτας
3180 2945 3276 2996 και
3311 2940 3576 3013 μυθώδεις
3601 2940 3715 2993 ἐπι-

2132 3041 2427 3113 λεξάμενος
2460 3038 2732 3114 ἱστορίας,
2767 3038 2928 3110 μέχρι
2959 3038 3054 3108 τῆς
3091 3034 3313 3109 πρώτης
3354 3033 3712 3105 Ὀλυμπιάδος

2132 3130 2573 3203 ἐπιδραμοῦμαι·
2609 3131 2708 3195 τὰς
2735 3130 2794 3183 δέ
2838 3128 2978 3200 μετὰ
3009 3128 3183 3182 ταῦτα
3205 3167 3221 3192 ,
3267 3126 3531 3192 συζεύξας
3568 3126 3710 3179 κατὰ

2132 3222 2321 3295 χρόνον
2350 3222 2620 3287 ἑκάστας,
2651 3220 2706 3274 εί
2728 3237 2873 3284 τινες
2905 3220 3189 3292 ἐπίσημοι,
3221 3220 3341 3282 ταῖς
3375 3217 3710 3288 Ἑλληνικαῖς

2131 3314 2228 3377 τὰς
2264 3312 2580 3386 Ἐϐραῖκάς,
2608 3310 2899 3383 ἐξιστορῶν
2932 3310 3032 3382 μὲν
3057 3309 3126 3363 τά
3163 3308 3449 3379 Ἐϐραίων,
3473 3306 3715 3378 ἐφαπτό-

2133 3422 2292 3477 μενος
2330 3404 2388 3459 δέ
2423 3405 2532 3458 τῶν
2577 3402 2925 3475 Ἑλληνικῶν,
2961 3399 3258 3472 ἐφαρμόσω
3290 3400 3438 3453 τόνδε
3463 3400 3555 3453 τὸν
3586 3399 3714 3470 τρό-

2131 3514 2264 3551 πον’
2292 3496 2585 3568 λαϐόμενος
2619 3497 2747 3567 μιᾶς
2780 3492 3033 3565 πράξεως
3083 3490 3379 3562 Ἑϐραῖκῆς
3409 3490 3708 3560 ὁμοχρόνου

2132 3585 2328 3660 πράξει
2358 3587 2447 3656 ὑφ’
2485 3584 2751 3655 Ἑλλήνων
2777 3578 3143 3652 ίστορηθείσῃ,
3165 3579 3259 3632 καὶ
3286 3577 3493 3648 ταύτης
3522 3578 3709 3649 ἐχόμε-

450 3674 533 3730 cis
584 3674 760 3729 obiter
814 3674 1079 3730 duntaxat
1124 3675 1452 3744 perstrictis,
1484 3675 1732 3732 historici
1768 3693 1918 3733 more
1948 3677 2023 3736 fu-

2132 3657 2247 3746 νος,
2279 3680 2531 3753 ἀφαιρῶν
2563 3697 2622 3733 τε
2656 3679 2749 3732 καὶ
2793 3674 3136 3747 προστιθεὶς,
3171 3675 3257 3737 τίς
3283 3691 3339 3727 τε
3390 3673 3618 3745 Ἕλλην,
3668 3674 3702 3746 ἢ

351 3766 357 3771 ’
451 3767 567 3820 sius
595 3763 820 3820 Hebraea
846 3774 1144 3837 pertexam.
1172 3764 1237 3820 "In
1266 3781 1377 3836 quo
1401 3767 1671 3838 ejusmodi
1696 3766 1881 3824 futura
1904 3785 2023 3825 mea

2132 3775 2362 3846 Πέρσης,
2393 3773 2426 3843 ἢ
2459 3773 2554 3826 καὶ
2579 3768 2824 3825 ὁστισοῦν
2852 3772 2918 3840 τῇ
2952 3766 3703 3839 Ἐϐραίωνβυνεχρόνησενι,

450 3857 592 3912 ratio
614 3865 716 3922 est,
748 3865 808 3912 ut
828 3857 1042 3927 quoties
1066 3856 1388 3912 Hebraicam
1419 3858 1725 3927 historiam,
1754 3876 1875 3931 quae
1898 3876 2023 3916 cum

2132 3865 2648 3936 ἐπισημειούμενος,
2712 3863 2843 3925 ἴσως
2918 3860 2983 3914 ἂν
3039 3858 3133 3912 τοῦ
3188 3856 3391 3912 σκοποῦ
3459 3857 3702 3929 τύχοιμι.

449 3948 636 4005 Graeca
665 3950 848 4020 aliqua
873 3958 1114 4020 tempore
1163 3949 1472 4016 conveniat,
1511 3952 1849 4006 tractandam
1898 3968 2023 4009 sus.

450 4056 669 4112 cepero,
730 4043 889 4098 toties
922 4042 977 4097 in
1013 4058 1076 4097 ea
1110 4050 1427 4098 constanter
1460 4043 1695 4111 haerens,
1737 4045 2019 4111 detractis,

449 4135 544 4190 ubi
575 4149 664 4189 res
711 4134 917 4201 tulerit,
969 4134 1265 4206 adjectisve
1313 4134 1615 4200 nonnullis,
1669 4135 1896 4205 quinam
1929 4144 2023 4191 aut

447 4225 783 4291 Graecorum,
807 4237 901 4282 aut
924 4225 1239 4295 Persarum,
1264 4236 1359 4283 aut
1385 4227 1580 4298 populi
1614 4228 1858 4299 cujusvis
1887 4227 2020 4284 alte-

446 4319 587 4384 rius,
614 4318 856 4389 ejusdem
879 4327 1123 4390 tempore
1154 4319 1421 4386 ﬂoruerit,
1446 4318 1690 4390 aperiam
1722 4336 1735 4372 :
1772 4318 1853 4374 sic
1872 4318 2017 4373 enim

444 4412 567 4483 ejus
602 4428 692 4469 me
722 4414 963 4480 demum,
1003 4414 1152 4483 quod
1192 4413 1533 4484 propositum
1570 4411 1707 4466 mihi
1732 4419 1838 4476 est,
1867 4426 2022 4466 com-

445 4513 626 4574 potem
673 4502 918 4558 futurum
975 4504 1250 4558 existimo.
1280 4502 1530 4557 Primum
1579 4501 1746 4572 igitur
1776 4500 2020 4556 celebra-

445 4595 661 4651 tissima
690 4594 780 4649 illa
805 4592 1154 4649 Hebraeorum
1186 4593 1465 4664 migratio,
1510 4608 1638 4649 cum
1665 4608 1697 4647 a
1723 4590 2021 4649 Nabucho-

443 4688 720 4743 donosore
773 4684 1065 4757 Babylonis
1122 4701 1251 4756 rege
1303 4686 1360 4740 in
1428 4686 1747 4741 servitutem
1798 4685 2018 4741 abducti

444 4786 594 4845 sunt,
629 4791 805 4833 annos
831 4778 1009 4831 tenuit
1030 4776 1400 4847 septuaginta,
1444 4776 1523 4831 uti
1572 4774 1820 4830 futurum
1867 4773 2019 4831 Jcre-

441 4870 584 4925 mias
618 4878 744 4926 ante
770 4868 1116 4939 praedixerat.
1142 4866 1316 4922 Porro
1338 4865 1896 4922 Nabuchodonosoris
1918 4865 2019 4921 Be—

2136 3958 2405 4031 Ἐϐραίων
2442 3957 2539 4028 μὲν
2566 3954 2660 4010 οὖν
2696 3957 2730 4027 ὴ
2779 3954 3029 4025 μετοικία
3061 3951 3465 4023 ἐπισημοτάτη,
3501 3953 3705 4021 αίχμα-

2122 4048 2492 4105 λωτισθέντων
2520 4048 2625 4101 ὑπὸ
2648 4046 3117 4117 Ναϐουχοδονόσορ
3151 4044 3414 4115 βασιλέως
3446 4042 3704 4096 Βαϐυλῶ-

2122 4160 2232 4208 νος,
2256 4140 2574 4213 παρέτεινεν
2592 4139 2685 4210 ἐτη
2709 4145 2772 4205 ο’,
2796 4138 2938 4193 καθὰ
2970 4139 3374 4208 προεφήτευσεν
3407 4133 3540 4205 Ἰερε
3549 4133 3697 4204 μίας.

2123 4232 2231 4287 Τοῦ
2262 4233 2328 4304 δὴ
2357 4229 2830 4302 Ναϐουχοδονόσορ
2867 4226 3197 4300 μνημονεύει
3230 4226 3522 4296 Βηρωσσος
3551 4227 3580 4278 ὁ
3603 4225 3702 4280 Βα-

2122 4325 2403 4389 ϐυλώνιος.
2430 4324 2584 4378 Μετὰ
2612 4323 2669 4377 δὲ
2696 4321 2767 4376 τά
2797 4329 2837 4375 0'
2870 4322 2970 4392 τῆς
2995 4317 3373 4391 αἰχμαλωσίας
3398 4317 3493 4388 ἐτη
3520 4317 3703 4390 Κῦρος

2122 4416 2350 4488 Περσῶν
2379 4414 2724 4479 ἐϐασίλευεν,
2770 4407 2814 4481 ᾧ
2842 4412 2951 4465 ἔτει
2992 4408 3293 4481 Ὀλυμπιὰς
3326 4409 3464 4480 ἢχθη
3498 4417 3593 4470 νε¹,
3626 4409 3701 4472 ὡς

2120 4508 2188 4559 ἐκ
2215 4504 2323 4558 τῶν
2350 4502 2756 4572 Βιϐλιοθηκῶν
2783 4500 3047 4571 Διοδώρου
3063 4539 3079 4564 ,
3133 4498 3228 4552 καὶ
3257 4496 3350 4550 τοῦ
3376 4497 3582 4551 Θαλλοῦ
3607 4499 3703 4552 καὶ

2120 4599 2402 4668 Κάστορος
2434 4595 2686 4669 ἱστοριῶν
2706 4635 2721 4660 ,
2752 4593 2832 4646 ἐτι
2875 4593 2932 4647 δὲ
2981 4590 3244 4645 Πολυϐίου
3275 4590 3370 4643 καὶ
3410 4589 3702 4656 Φλέγοντος

2122 4688 2268 4743 ἐστιν
2301 4688 2505 4758 εὑρεῖν,
2534 4684 2673 4739 ἀλλὰ
2705 4685 2799 4739 καὶ
2830 4683 3053 4754 ἐτέρων,
3086 4675 3168 4745 οἷς
3196 4679 3462 4751 ἐμέλησεν
3499 4679 3700 4751 Ὀλυμ-

2121 4781 2327 4837 πιάδων
2351 4798 2363 4812 ·
2411 4780 2585 4834 ἅπασι
2628 4779 2737 4850 γάρ
2772 4773 3151 4845 συνεφώνησεν
3192 4775 3221 4827 ὁ
3269 4772 3484 4844 χρόνος.
3518 4770 3701 4842 Κῦρος

2119 4874 2163 4928 δ’
2194 4870 2287 4928 οὖν
2309 4873 2387 4945 τῷ
2420 4870 2622 4944 πρώτῳ
2647 4870 2744 4940 τῆς
2775 4868 2949 4938 ἀρχῆς
2978 4865 3108 4928 ἔτει,
3136 4865 3273 4934 ὅπερ
3305 4859 3371 4933 ἦν
3404 4860 3701 4932 Ὀλυμπιά-

439 4977 603 5019 rosus
656 4975 878 5032 quoque
927 4960 1262 5031 Babylonius
1314 4958 1583 5013 meminit.
1638 4955 1861 5012 Exactis
1907 4957 2015 5013 illis

2132 4966 2208 5030 ἲος
2235 4972 2308 5019 γε’
2339 4964 2459 5027 ἔτος
2487 4963 2547 5016 τὸ
2574 4960 2811 5032 πρῶτον,
2844 4956 2933 5012 διὰ
2968 4953 3302 5027 Ζοροϐάϐελ,
3336 4951 3460 5005 καθ’
3492 4950 3552 5006 δν
3596 4951 3703 5022 Ἰη-

437 5055 784 5126 septuaginta
815 5051 1148 5123 captivitatis
1173 5050 1359 5118 annis,
1386 5048 1565 5121 Cyrus
1603 5047 1889 5103 Persicum
1922 5063 2012 5102 re-

439 5161 606 5219 gnum
636 5144 893 5213 obtinuit,
917 5158 1043 5199 cum
1081 5143 1351 5214 Olympios
1387 5149 1641 5211 ageretur
1670 5139 2015 5210 quinquage-

436 5240 579 5294 sima
606 5237 820 5308 quinta,
854 5235 936 5291 uti
985 5249 1053 5288 ex
1090 5231 1313 5288 Diodori
1342 5230 1676 5286 Bibliotheca
1697 5268 1713 5296 ,
1744 5228 1926 5285 Thalli
1959 5238 2014 5286 et

434 5328 700 5393 Castoris,
745 5341 848 5382 nec
875 5341 984 5381 non
1012 5324 1226 5396 Polybii
1272 5332 1328 5379 et
1371 5321 1692 5393 Phlegontis
1739 5320 2010 5387 historiis,

435 5419 651 5475 auferre
688 5419 847 5483 licet;
883 5418 1117 5487 aliisque
1165 5424 1451 5487 praeterea,
1499 5414 1594 5485 qui
1640 5412 2011 5486 olympiadum

436 5511 633 5567 seriem
674 5518 969 5565 texuerunt
1017 5528 1031 5564 :
1069 5507 1329 5563 omnibus
1372 5507 1518 5562 enim
1552 5506 1607 5560 in
1653 5520 1719 5561 eo
1769 5514 2014 5574 tempore

435 5602 743 5657 deﬁniendo
776 5600 1049 5655 convenit.
1080 5599 1257 5671 Cyrus
1284 5597 1450 5669 igitur
1490 5611 1636 5654 anno
1677 5595 1892 5667 imperii
1921 5595 2008 5651 sui

436 5694 635 5764 primo,
658 5692 754 5760 qui
775 5691 1102 5761 Olympiadis
1130 5690 1605 5763 quinquagesimae
1645 5689 1851 5759 quintae
1896 5686 2013 5758 pri-

510 5821 534 5849 ι
578 5824 664 5878 γρ.
698 5805 1070 5873 συνεχρόνισεν

2120 5056 2247 5119 σοῦς
2274 5058 2303 5109 ὁ
2333 5052 2427 5107 τοῦ
2463 5050 2738 5114 Ἰωσεδὲκ,
2768 5048 2865 5119 τὴν
2901 5045 3123 5119 πρώτην
3175 5043 3270 5098 καὶ
3305 5042 3535 5114 μερικὴν
3561 5040 3698 5094 ἀπό-

2118 5146 2328 5217 πεμψιν
2376 5145 2669 5215 ἐποιήσατο
2695 5140 2789 5194 τοῦ
2819 5137 2972 5202 λαοῦ,
3005 5134 3386 5208 πληρωθείσης
3418 5133 3518 5203 τῆς
3552 5130 3703 5184 ἐϐδο-

2123 5236 2540 5310 μηκονταετίας,
2571 5234 2648 5296 ὼς
2673 5234 2731 5286 ἐν
2764 5231 2840 5303 τῷ
2865 5229 3071 5301 Ἔσδρᾳ
3095 5226 3248 5299 παρὰ
3278 5227 3391 5289 τοῖς
3426 5223 3701 5295 Ἑϐραίοις

2123 5330 2421 5402 ἱστόρηται.
2447 5329 2513 5381 Αἱ
2548 5327 2647 5397 μὲν
2671 5320 2764 5379 οὖν
2793 5322 3023 5394 ἱστορίαι
3047 5321 3422 5402 συντρέχουσι,
3440 5317 3623 5390 Κύρου
3640 5334 3700 5370 τε

2123 5389 2400 5488 βασίλέίας
2447 5389 2560 5471 καὶ·
2589 5389 2968 5487 αἰχμαλωσίας
3005 5389 3370 5474 τέλούςίκαὶ
3410 5389 3553 5461 κατά
3602 5406 3702 5470 τὰς

2133 5510 2498 5582 Ὀλυμπιάδας
2526 5507 2698 5572 οὕτως
2726 5508 2807 5572 είς
2838 5507 2987 5578 ἡμᾶς
3025 5502 3383 5576 εὑρεθήσεται
3409 5498 3704 5571 συμφωνή-

2119 5617 2322 5658 σαντα’
2363 5601 2576 5663 τούτοις
2605 5599 2714 5671 γὰρ
2746 5598 3002 5669 ἑπόμενοι
3022 5637 3037 5661 ,
3075 5595 3171 5648 καὶ
3200 5593 3300 5657 τὰς
3328 5589 3522 5652 λοιπὰς
3562 5589 3703 5642 ίστο-

2121 5696 2242 5766 ρίας
2272 5692 2415 5748 κατὰ
2440 5693 2530 5747 τὸν
2571 5692 2734 5746 αὐτὸν
2778 5691 2934 5745 λόγον
2980 5687 3239 5749 ἀλλήλαις
3280 5681 3698 5755 ἐςαρμόσομεν·
