4194 6470
572 328 675 382 815

1727 323 2047 380 ΡῐὶᾸὶΡΔΒ.
2082 322 2335 379 EVANG.
2377 322 2504 378 LIB.
2551 323 2616 377 Χ.

3699 327 3801 380 8H

600 449 664 521 ᾲς
702 448 761 502 δὲ
802 447 907 518 πρὸ
950 445 1190 511 τούτων,
1230 439 1333 497 ὧδέ
1378 461 1496 506 πως
1527 444 1623 514 τῆς
1659 444 1906 515 Ἀττικῆς
1950 460 2131 515 χρονο-

2236 458 2360 497 mus
2389 443 2518 498 item
2543 459 2719 501 annus
2745 455 2879 506 erat,
2917 459 3011 514 per
3033 442 3440 511 Zorobabelem,
3465 444 3623 515 cujus
3641 447 3804 502 etiam

567 538 804 612 τραφίας
831 538 1236 609 ἀριθμουμένης
1259 554 1273 567 θ
1319 536 1428 590 ἀπὸ
1460 535 1684 603 Ὠγύγου
1720 535 1812 588 τοῦ
1840 538 1970 607 παρ’
1993 537 2139 589 ὲκεί-

565 648 679 696 νοις
719 630 1035 700 αὐτόχθονος
1073 627 1483 691 πιστευθέντος,
1517 627 1600 696 ἐφ’
1633 622 1694 681 οὗ
1721 627 1943 695 γέγονεν
1981 629 2009 680 ὁ
2045 626 2140 697 μέ-

565 732 666 787 γας
735 720 830 773 καὶ
895 718 1108 789 πρῶτος
1169 719 1230 771 ἐν
1293 720 1362 788 τῇ
1434 718 1651 789 Ἀττικῇ
1714 717 2136 788 κατακλυσμὸς,

564 810 855 881 Φορωνέως
906 809 1163 882 ’Δργείων
1216 807 1619 878 βασιλεύοντος,
1662 808 1737 873 ὼς
1791 807 2138 871 Ἀκουσίλαος

568 904 786 973 ἱστορεῖ,
813 901 974 971 μέχρι
1006 899 1228 972 πρώτης
1263 898 1640 971 Ὀλυμπιάδος,
1661 898 1854 953 ὁπόθεν
1881 899 2139 970 Ἕλληνες

564 993 825 1065 ἀκριϐοῦν
856 994 979 1055 τοὺς
1010 993 1234 1062 χρόνους
1253 991 1641 1062 ὲνόμισαν,έτη
1669 993 1958 1061 συνάγεται
1991 993 2137 1064 χίλια

564 1086 783 1139 εἴκοσιν⁵
837 1084 912 1147 ὡς
946 1085 1038 1137 καὶ
1070 1087 1182 1147 τοῖς
1228 1083 1645 1155 προειρημένοις
1699 1088 2009 1155 συμφωνεῖ,
2043 1086 2136 1138 καὶ

564 1179 676 1239 τοῖς
708 1176 836 1247 ἑξῆς
862 1176 1223 1246 δειχθήσεται.
1277 1176 1464 1230 Ταῦτα
1501 1175 1609 1248 γὰρ
1663 1176 1957 1247 Ἀθηναίων
2002 1179 2136 1232 ἱστο-

567 1267 785 1334 ροῦντες
837 1266 947 1339 (64)
1007 1266 1314 1329 Ἑλλάνικός
1362 1283 1423 1320 τε
1467 1267 1563 1322 καὶ
1611 1266 1896 1339 Φιλόχορος
1942 1271 1990 1322 οἱ
2036 1270 2136 1333 τὰς

576 1357 856 1424 Ἀτθίδας,
876 1359 928 1411 οἵ
952 1376 1012 1410 τε
1035 1359 1104 1412 τὰ
1127 1359 1309 1427 Σύρια
1331 1360 1567 1425 Κάστωρ
1594 1360 1690 1413 καὶ
1713 1359 1934 1425 θαλλὸς,
1949 1362 2041 1415 καὶ
2067 1363 2135 1417 τὰ

563 1449 779 1503 πάντων
809 1449 1070 1521 Διόδωρος
1100 1450 1129 1501 ὁ
1172 1449 1272 1511 τάς
1315 1449 1709 1516 Βιϐλιοθήκας
1732 1492 1748 1517 ,
1793 1451 2135 1523 Ἀλέξανδρός

560 1557 620 1593 τε
647 1543 676 1595 ὁ
702 1540 1034 1613 Πολυΐστωρ,
1065 1541 1158 1593 καί
1190 1558 1333 1603 τινες
1355 1542 1463 1595 τῶν
1492 1542 1613 1595 καθ’
1642 1545 1791 1613 ἡμᾶς
1812 1543 2132 1615 ἀκριϐέστε-

562 1648 655 1702 ρον
684 1631 1034 1703 ἐμνήσθησαν
1055 1674 1069 1698 ,
1103 1632 1326 1686 καὶτῶν
1362 1632 1624 1686 Ἀττικῶν
1654 1635 1927 1688 ἁπάντων.
1959 1635 2027 1689 Εί
2051 1654 2133 1699 τις

561 1721 655 1778 οὖν
693 1724 751 1777 ὲν
785 1727 896 1787 τοῖς
930 1723 1120 1794 χιλίοις
1159 1725 1360 1778 εἴκοσιν
1392 1724 1568 1777 ἔτεσιν
1614 1725 1883 1796 ἐπίσημος
1924 1727 2133 1799 ἱστορία

2238 535 2463 604 αιιιυιιίἰε
2486 535 2627 590 idem
2659 545 2712 592 et
2754 536 2940 592 socius
2983 544 3102 590 erat
3140 533 3300 592 Jesus
3341 534 3589 591 Josedeei
3635 537 3802 601 ﬁlius,

2238 626 2451 696 expleta
2479 626 2592 697 jam
2622 628 2966 698 septuaginta
3017 642 3284 682 annorum
3340 644 3574 695 summa,
3619 632 3805 700 popu.i

2236 716 2447 774 Judaici
2496 729 2704 788 partem
2759 720 2998 790 aliquam
3036 721 3274 789 primum
3303 720 3531 784 dimisit,
3568 730 3628 775 ut
3659 725 3803 792 apud

2239 807 2466 864 Esdram
2493 808 2777 865 Hebraeum
2807 811 3128 866 historicum
3155 812 3407 881 legimus.
3448 811 3515 865 Et
3543 814 3801 883 quoniam

2237 901 2390 969 regni
2441 900 2566 972 Cyri
2629 904 2959 973 principium
3007 918 3134 957 cum
3178 902 3418 957 Iudaicae
3474 904 3802 973 captivitatis

2238 992 2366 1060 ﬁne,
2405 995 2795 1049 historicorum
2832 996 3078 1050 omnium
3117 995 3477 1051 consensione
3502 998 3800 1063 concurrit,

2235 1084 2431 1140 similis
2465 1089 2627 1140 etiam
2653 1088 2707 1141 in
2737 1087 3107 1158 olympiadum
3131 1088 3312 1151 annis,
3341 1102 3465 1142 cum
3490 1090 3797 1159 utriusque,

2235 1183 2348 1228 tum
2384 1183 2701 1229 caeterorum
2730 1175 2985 1245 deinceps
3008 1175 3385 1230 convenientia
3409 1177 3477 1230 ad
3503 1193 3604 1233 nos
3627 1194 3801 1248 usque

2232 1265 2471 1333 ducitur,
2506 1266 2705 1336 quippe
2737 1267 2832 1335 qui
2877 1267 2945 1322 ab
2975 1281 3040 1321 eo
3065 1267 3231 1321 veluti
3259 1269 3479 1324 cardine
3504 1273 3797 1340 progressi,

2232 1366 2626 1427 consequentes
2655 1360 2858 1428 pariter
2883 1359 3141 1416 historias
3173 1361 3362 1416 eadem
3398 1361 3540 1416 inter
3569 1377 3688 1418 sese
3710 1379 3799 1418 ra-

2232 1447 2382 1503 tione
2404 1450 2755 1505 commissuri
2801 1451 3220 1522 contexturique
3252 1452 3448 1508 simus.
3500 1453 3570 1506 At
3613 1454 3667 1506 in
3707 1470 3797 1509 sn-

2231 1540 2508 1609 periorum
2543 1542 2930 1610 consignandis
2955 1547 3315 1614 temporibus,
3347 1545 3393 1600 si
3421 1545 3611 1600 Atticae
3631 1547 3796 1600 chro-

2232 1632 2544 1701 nographiae
2580 1633 2849 1688 rationem
2902 1636 3058 1705 sequi
3107 1636 3257 1701 libet,
3289 1636 3358 1691 ab
3397 1636 3599 1708 Ogyge,
3635 1653 3796 1708 quem

2233 1719 2471 1775 indidem
2504 1731 2682 1777 satum
2715 1738 2837 1778 esse
2864 1725 3114 1792 credunt,
3158 1728 3262 1782 sub
3300 1742 3412 1797 quo
3443 1730 3633 1799 ingens
3666 1729 3797 1784 illud

559 1817 838 1888 τυγχάνει,
862 1815 1001 1874 κατὰ
1029 1818 1089 1870 τὸ
1108 1817 1377 1888 χρήσιμον
1406 1816 1781 1888 ὲκλεγήσεται.
1814 1838 1832 1869 ι
1858 1819 1966 1871 Καὶ
1992 1821 2130 1890 μετὰ

2232 1811 2577 1884 primumque
2601 1816 2889 1883 diluvium,
2911 1827 3173 1889 regnante
3192 1818 3681 1890 Argis-Phoroneo,
3702 1820 3795 1877 At-

561 1907 772 1980 βραχέα
806 1908 1046 1977 ἐπιλέγει
1065 1925 1080 1939 ο
1101 1928 1121 1959 ι
1140 1910 1322 1979 Φαμὲν
1337 1911 1516 1963 τοίνυν
1540 1910 1604 1964 ἐκ
1626 1928 1686 1963 τε
1711 1910 1821 1982 (65)
1849 1910 2003 1964 τοῦδε
2027 1912 2122 1965 τοῦ

558 1999 1009 2071 συγγράμματος,
1028 2000 1281 2069 Ὤγυγον,
1306 2000 1365 2064 ὃς
1386 2000 1479 2055 τοῦ
1503 2002 1716 2073 πρώτου
1738 2002 2123 2074 κατακλυσμοῦ

558 2089 779 2158 γέγονεν
804 2088 1107 2158 ἐπώνυμος,
1140 2088 1349 2143 πολλῶν
1378 2089 1778 2161 διαφθαρέντων
1803 2089 2086 2154 διασωθεὶς
2107 2132 2121 2158 ,

558 2178 702 2234 κατὰ
740 2181 840 2252 τὴν
902 2181 1179 2250 Δίγυπτον
1214 2181 1328 2253 (66)
1376 2182 1471 2238 τοῦ
1518 2181 1648 2236 λαοῦ
1695 2180 1835 2253 μετὰ
1881 2182 2125 2246 Μωσέως

553 2270 734 2339 ἔξοδον
766 2272 1115 2344 γεγενῆσθαι,
1153 2273 1303 2327 τόνδε
1334 2273 1426 2328 τὸν
1458 2274 1678 2346 τρόπον.
1731 2273 1855 2326 Ἐπὶ
1899 2271 2123 2344 πρώτην

566 2364 903 2438 Ὀλυμπιάδα
956 2365 1058 2438 τὴν
1113 2365 1518 2438 προειρημένην
1582 2365 1692 2420 ἀπὸ
1741 2364 1968 2434 Ὠγύγου
2025 2364 2118 2437 ἐτη

552 2458 896 2530 δειχθήσεται
943 2456 1057 2529 (67)
1090 2470 1229 2529 ,ακν-
1260 2457 1368 2513 ἀπὸ
1407 2456 1464 2510 δὲ
1488 2454 1711 2529 πρώτης
1763 2454 2121 2526 Ὀλυμπιάδος

550 2550 647 2603 ἐπὶ
678 2550 775 2620 τῆς
809 2556 881 2603 νε¹
910 2549 1030 2613 ἔτος
1056 2549 1294 2620 πρῶτον,
1324 2550 1602 2604 τουτέστιν
1629 2547 1725 2601 ἐπὶ
1752 2545 1936 2618 Κύρου
1967 2547 2123 2619 βασι-

551 2641 693 2704 λέως
718 2641 836 2706 ἔτος
865 2641 1079 2711 πρῶτον
1100 2681 1117 2707 ,
1147 2643 1284 2712 ὅπερ
1309 2636 1376 2712 ἦν
1406 2640 1779 2712 αἰχμαλωσίας
1808 2639 1991 2705 τέλος,
2025 2639 2117 2709 ἔτη

553 2729 653 2796 σις’
673 2748 687 2762 °
719 2733 825 2786 άπὸ
859 2733 1084 2802 Ὠγύγου
1109 2733 1287 2786 τοίνυν
1309 2733 1402 2785 ἐπὶ
1433 2732 1615 2804 Κῦρον
1640 2730 1736 2801 ἔτη
1770 2731 1952 2803 ,ασλζκ
1981 2733 2047 2785 Εἰ
2071 2731 2118 2785 δ’

550 2824 808 2896 ἀναφέρει
839 2842 924 2889 τις
967 2824 1425 2895 ἐπιλογιζόμενος,
1483 2823 1591 2878 ἀπὸ
1633 2823 1727 2876 τοῦ
1771 2823 1958 2887 τέλους
2018 2825 2119 2896 τῆς

550 2913 920 2983 αἰχμαλωσίας
946 2913 1109 2984 ,ασλξ
1154 2912 1282 2983 έτη,
1312 2912 1455 2966 κατὰ
1497 2912 1753 2966 ἀνάλυσιν
1807 2912 2118 2985 εὑρίσκεται

548 3004 742 3057 ταυτὸν
773 3004 1045 3075 διάστημα
1074 3003 1167 3057 ἐπὶ
1197 3004 1258 3056 τὸ
1289 3003 1502 3075 πρῶτον
1539 3002 1658 3067 ἔτος
1685 3002 1785 3073 τῆς
1808 3002 1917 3056 ἀπὸ
1952 3002 2118 3071 Αἰγύ-

552 3107 686 3145 πτου
740 3089 829 3145 διὰ
874 3091 1117 3154 Μωσέως
1154 3091 1331 3160 ἐξόδου
1378 3092 1628 3163 Ἰσραὴλ,
1687 3091 1809 3145 ὅσον
1854 3089 1961 3144 ἀπὸ
2013 3090 2116 3161 τῆς

548 3183 916 3254 πεντηκοστῆς
944 3183 1197 3254 πέμπτης
1253 3161 1607 3252 Ὀλυμπιάδος
1641 3183 1735 3236 ἐπὶ
1766 3183 2025 3252 Ὤγυγον,
2055 3182 2115 3246 ὃς
2141 3161 2184 3219 c

541 3272 757 3328 ἔκτισεν
797 3274 1088 3330 Ἐλευσῖνα.
1117 3274 1277 3327 Ὅθεν
1308 3274 1702 3346 ὲπισημότερόν
1728 3276 1846 3328 ἐστι
1881 3275 2113 3328 καταλα-

543 3366 660 3419 ϐεῖν
687 3365 785 3435 τὴν
823 3365 1071 3437 Ἀττικὴν
1100 3366 1521 3437 χρονογραφίαν.
1552 3385 1571 3417 ι
1623 3368 1733 3420 Καὶ
1761 3368 1880 3438 μεθ’
1912 3367 2075 3441 ἕτερα
2094 3385 2107 3398 '

550 3459 688 3513 «Καὶ
711 3457 947 3511 τοσαῦτα
975 3459 1074 3529 μὲν
1098 3461 1203 3530 πρὸ
1232 3458 1477 3527 Ὠγύγου.
1496 3459 1654 3512 Κατὰ
1680 3460 1737 3513 δὲ
1762 3461 1888 3523 τοὺς
1919 3460 2109 3515 τούτου

542 3555 765 3629 χρόνους
807 3553 1000 3625 ἐξῆλθε
1063 3554 1269 3625 Μωσῆς
1309 3555 1404 3607 ἀπ’
1431 3553 1728 3622 Αἰγύπτου.
1763 3555 1873 3608 Καὶ
1904 3555 1980 3619 ὡς
1996 3557 2110 3610 -οὒκ

538 3642 764 3698 ἄπιστον
786 3643 908 3697 τότε
938 3643 1111 3697 ταῦτα
1138 3642 1429 3715 συμϐῆναι,
1456 3643 1741 3715 δείκνυμεν
1766 3644 1956 3708 οὕτως.
1975 3645 2109 3698 Ἀπὸ

536 3733 636 3805 τῆς
666 3735 846 3802 ἐξόδου
873 3734 1119 3799 Μωσέως
1175 3735 1267 3788 ἐπὶ
1301 3734 1501 3806 Κῦρον,
1530 3733 1589 3798 ὃς
1620 3734 1936 3788 ἐϐασίλευσε
1968 3735 2108 3807 μετὰ

534 3825 634 3898 τὴν
668 3826 1071 3897 αἰχμαλωσίαν,
1121 3825 1217 3897 ἔτη
1256 3826 1441 3898 ,ασλζη
1469 3827 1712 3891 Μωσέως
1741 3826 1851 3899 γὰρ
1897 3827 1990 3899 ἔτη
2036 3828 2107 3881 τὰ

536 3918 697 3971 λοιπὰ
727 3919 1166 3989 τεσσαράκοντα·
1210 3917 1384 3989 Ἰησοῦ
1429 3916 1522 3970 τοῦ
1558 3919 1674 3989 μετ’
1720 3919 1924 3973 ἐκεῖνον
1964 3921 2105 3992 ἡγη-

538 4009 772 4081 σαμένου
820 4009 915 4080 ἔτη
962 4016 1037 4062 κε’
1062 4026 1076 4039 ·
1133 4009 1515 4081 πρεσϐυτέρων
1562 4009 1655 4081 ἔτη
1702 4009 1767 4075 λ’,
1814 4010 1921 4064 τῶν
1967 4011 2103 4083 μετὰ

549 4102 722 4174 Ἰησοῦ
770 4101 972 4173 κριτῶν
997 4119 1010 4133 ·
1050 4101 1157 4155 τῶν
1206 4102 1265 4156 δὲ
1317 4105 1375 4156 ὲν
1412 4105 1482 4173 τῇ
1540 4102 1707 4173 βίϐλῳ
1743 4104 1851 4159 τῶν
1900 4105 2102 4177 κριτῶν

537 4193 937 4266 περιεχομένων
966 4192 1059 4264 ἔτη
1086 4196 1170 4260 ul"
1188 4207 1203 4223 °
1243 4190 1429 4263 ἱερέων
1456 4192 1512 4246 δὲ
1546 4193 1694 4247 Ἠλεὶ
1727 4196 1820 4248 καὶ
1852 4195 2102 4268 Σαμουὴλ

534 4285 629 4357 ἔτη
666 4290 734 4352 ιιι·
771 4285 878 4338 τῶν
910 4284 965 4338 δὲ
991 4284 1116 4355 ἑξῆς
1152 4283 1412 4354 βασιλέων
1425 4283 1692 4357 Ἐϐραίων
1716 4285 1811 4357 ἔτη
1839 4287 2100 4359 τετρακό-

534 4395 625 4432 σια
659 4383 737 4446 ιιί
784 4375 852 4452 ἧς
896 4379 956 4432 τὸ
988 4379 1296 4432 τελευταῖον
1321 4375 1432 4448 (68)
1464 4376 1581 4440 ἔτος
1618 4374 1688 4449 ἦν
1730 4379 1915 4451 Κύρου
1951 4381 2101 4452 βασι-

2230 1904 2391 1959 ticam
2423 1907 2692 1962 invasisse
2709 1908 2999 1966 Acusilaus
3026 1921 3217 1966 auctor
3232 1920 3335 1978 est,
3361 1912 3426 1967 ad
3448 1912 3680 1983 primam
3702 1930 3797 1970 us-

2228 2009 2335 2065 que
2355 1994 2734 2065 olympiadem,
2768 1997 2907 2053 unde
2929 1997 3100 2056 Graeci
3128 2012 3437 2058 accuratam
3460 2006 3562 2060 sibi
3593 2017 3791 2077 tempe.

2228 2100 2349 2139 rum
2366 2084 2541 2157 ’489
2562 2086 2756 2140 seriem
2797 2086 3095 2143 ducendam
3126 2102 3468 2163 putaverunt,
3491 2097 3620 2150 anni
3645 2098 3792 2153 colli-

2231 2185 2432 2247 guntur
2453 2176 2645 2247 viginti
2671 2192 2834 2246 supra
2862 2179 3040 2246 mille;
3064 2182 3158 2251 qui
3183 2199 3443 2241 numerus
3471 2195 3526 2241 et
3553 2203 3676 2243 cum
3701 2206 3796 2244 su-

2229 2265 2534 2336 perioribus
2556 2266 2757 2336 optime
2779 2271 3050 2339 congruit,
3077 2281 3130 2326 et
3158 2288 3224 2327 ex
3248 2276 3586 2344 sequentium
3612 2280 3761 2333 deria
3779 2309 3795 2321 -

2220 2361 2430 2416 ratione
2455 2361 2746 2417 constabit.
2780 2359 2908 2417 Hmc
2958 2362 3104 2418 enim
3134 2361 3445 2420 Hellanicus
3491 2372 3545 2418 et
3603 2363 3792 2418 Philo-

2219 2450 2442 2519 chorus,
2474 2453 2568 2523 qui
2606 2469 2689 2509 res
2721 2440 2948 2520 Atticas,
2984 2456 3223 2524 itemque
3248 2454 3443 2510 Castor
3463 2464 3516 2510 et
3544 2454 3790 2522 Thallus,

2219 2543 2314 2614 qui
2346 2542 2599 2614 Syriacas
2633 2546 2906 2616 prosecuti
2957 2554 3105 2611 sunt,
3134 2547 3337 2616 quique
3382 2546 3622 2615 gentium
3668 2563 3782 2602 om-

2218 2634 2371 2689 nium
2408 2633 2694 2690 historiam
2725 2637 2782 2691 in
2810 2635 3193 2691 Bibliothecam
3225 2652 3380 2692 suam
3417 2637 3638 2695 inclusit
3664 2639 3791 2694 Dio-

2217 2725 2407 2794 dorus,
2435 2735 2491 2782 et
2507 2726 2815 2784 Alexander
2855 2726 3165 2799 Polyhistor
3197 2730 3474 2785 memoria:
3529 2731 3789 2801 prodide-

2218 2830 2346 2874 runt
2373 2836 2389 2876 :
2423 2833 2654 2889 quorum
2686 2821 2870 2887 etiam,
2899 2835 2931 2877 e
2960 2820 3163 2876 nostris
3179 2828 3454 2891 .praeterea
3500 2824 3743 2878 nonnulli
3771 2866 3788 2890 ,

2215 2910 2527 2982 diligentius
2560 2929 2723 2981 quam
2763 2912 2925 2968 Attici
2957 2927 3148 2969 omnes
3173 2955 3189 2978 ,
3234 2913 3650 2983 accuratiusque
3674 2930 3792 2970 mc-

2216 3000 2443 3055 minere.
2475 3001 2695 3071 Itaque,
2726 3001 2771 3057 si
2806 3017 2928 3072 quae
2975 3003 3121 3057 mille
3149 3017 3215 3058 ac
3268 3000 3460 3073 viginti
3514 3017 3788 3060 annorum

2217 3091 2392 3159 spatio
2425 3092 2584 3160 paulo
2613 3092 2877 3162 insignior
2906 3101 3155 3148 occurret
3185 3092 3433 3158 historia,
3476 3108 3599 3148 eam
3633 3109 3787 3149 com-

2217 3181 2377 3236 mode
2405 3195 2506 3236 suo
2536 3182 2655 3238 loco
2683 3181 2952 3237 dabimus.
3007 3201 3026 3234 ι
3068 3182 3322 3254 Idemque
3375 3184 3564 3255 paucis
3616 3186 3787 3241 inter-

2208 3272 2371 3343 jectis
2410 3289 2424 3326 :
2456 3290 2476 3324 ι
2507 3272 2773 3330 Volumus
2813 3274 2995 3345 igitur,
3029 3274 3238 3344 inquit,
3265 3276 3452 3346 scripti
3483 3278 3646 3331 etiam
3682 3278 3786 3332 hu-

2208 3364 2298 3432 jus
2328 3364 2651 3419 auctoritate
2680 3362 2823 3430 freti,
2848 3362 3087 3436 Ogygem
3114 3365 3289 3430 illum,
3321 3367 3415 3436 qui
3459 3368 3605 3437 quod
3646 3368 3783 3423 hau-

2212 3454 2313 3509 stis
2347 3470 2612 3525 aquarum
2643 3455 2696 3510 vi
2724 3456 3163 3526 quamplurimis,
3192 3457 3377 3512 salvus
3409 3466 3464 3512 et
3491 3458 3782 3516 incolumis

2210 3555 2475 3613 evaserat,
2509 3547 2688 3616 primo
2716 3547 2923 3601 diluvio
2965 3564 3164 3603 nomen
3190 3549 3357 3615 dedit,
3386 3549 3532 3605 circa
3568 3560 3780 3621 tempus

2212 3639 2364 3704 illud,
2392 3654 2502 3709 quo
2528 3641 2762 3712 populus
2787 3656 2854 3695 ex
2883 3639 3118 3713 IEgypto
3156 3657 3279 3696 cum
3312 3641 3459 3698 Mose
3487 3644 3779 3714 migravit,

2209 3732 2501 3787 exstitisse.
2531 3731 2587 3787 Id
2611 3733 2755 3803 quod
2789 3733 2936 3787 hunc
2968 3733 3024 3786 in
3057 3735 3277 3790 modum
3311 3734 3652 3792 conﬁcimus.
3694 3737 3779 3793 Ab

2207 3823 2387 3896 Ogyge
2438 3825 2506 3880 ad
2555 3827 2785 3895 primam
2830 3827 3189 3899 Olympiadem
3242 3828 3370 3882 anni
3405 3837 3667 3896 putantur
3695 3830 3778 3884 vi-

2205 3917 2340 3990 ginti
2367 3932 2532 3986 supra
2567 3916 2750 3972 mille:
2784 3918 2853 3972 ab
2897 3916 3201 3988 Olympiade
3234 3918 3409 3988 prima
3435 3919 3503 3974 ad
3533 3917 3773 3989 primum

2204 4007 2669 4079 quinquagesimae
2701 4008 2902 4078 quintae
2929 4022 3133 4061 annum
3161 4047 3177 4073 ,
3228 4010 3320 4085 qui
3373 4009 3585 4079 primus
3641 4008 3775 4065 item

2203 4098 2330 4170 Cyri
2362 4099 2502 4168 regis
2529 4112 2706 4152 annus
2740 4107 2858 4162 est,
2906 4097 3156 4167 idemque
3178 4099 3507 4169 captivitatis
3535 4098 3775 4156 Judaica:

2203 4190 2349 4255 linis,
2374 4190 2503 4244 anni
2563 4189 2945 4258 septemdecim
2977 4202 3140 4258 supra
3166 4187 3433 4244 ducentos
3465 4209 3479 4244 :
3530 4206 3659 4262 ergo
3702 4193 3773 4248 ab

2202 4279 2380 4351 Ogyge
2407 4280 2476 4340 ad
2501 4278 2701 4349 Cyrum
2731 4293 2925 4348 usque,
2953 4278 3082 4332 anni
3108 4278 3328 4348 triginta
3370 4289 3573 4349 septem
3604 4296 3771 4352 supra

2200 4373 2347 4427 mille
2379 4385 2443 4428 ac
2490 4371 2752 4428 ducentos
2799 4384 2988 4425 omnes
3037 4370 3385 4440 colliguntur.
3449 4372 3568 4428 Jam
3596 4414 3610 4439 ,
3672 4378 3770 4446 qui

532 4468 680 4533 λείας
718 4470 836 4534 ἔτος
868 4469 1116 4541 πρῶτον,
1145 4469 1222 4532 ὡς
1247 4468 1674 4540 προειρήκαμεν,
1712 4471 1835 4523 Ἐπὶ
1862 4470 1918 4524 δὲ
1950 4472 2099 4543 πρώ-
2129 4495 2138 4549 ι

2212 4479 2422 4520 sursum
2446 4477 2636 4519 versus
2666 4462 2734 4517 ab
2765 4462 2912 4517 exitu
2944 4461 3270 4531 captivitatis
3303 4477 3476 4519 annos
3522 4476 3769 4523 retexere

532 4580 633 4633 της
680 4562 1035 4633 Ὀλυμπιάδος
1076 4560 1184 4614 ἀπὸ
1220 4559 1466 4624 Μωσέως
1500 4559 1591 4632 έτη
1629 4567 1759 4631 ρκ’,
1801 4563 1956 4634 εἴπερ
2000 4563 2094 4617 ἐπὶ

2212 4556 2449 4622 voluerit,
2479 4555 2526 4610 is
2556 4554 2779 4626 triginta
2811 4561 3018 4624 septem
3057 4568 3220 4622 supra
3248 4553 3394 4611 mille
3413 4572 3478 4612 ac
3504 4558 3767 4617 ducentos

531 4652 899 4724 πεντηκοστῆς
912 4653 1167 4723 πέμπτης
1184 4651 1301 4715 ἔτος
1316 4650 1530 4723 πρῶτον
1544 4650 1639 4722 ἔτη
1655 4670 1703 4723 ,α
1710 4653 1833 4718 σλζν.
1852 4656 1967 4708 Κάν
1984 4657 2096 4719 τοῖς

2212 4646 2520 4704 revolvendo
2547 4645 2874 4711 numerabit,
2903 4646 3006 4700 hoc
3028 4654 3109 4700 est
3151 4646 3292 4700 idem
3323 4657 3550 4716 prorsus
3594 4647 3765 4703 inter-

539 4744 863 4815 Ἑλληνικοῖς
904 4743 1233 4816 συνέδραμεν
1274 4745 1303 4798 ὁ
1342 4743 1549 4815 χρόνος.
1581 4743 1737 4798 Μετὰ
1763 4745 1820 4798 δὲ
1862 4746 2093 4815 Ὤγυγον

2212 4739 2397 4795 vallum
2427 4739 2496 4794 ad
2549 4753 2675 4794 eum
2718 4752 2894 4809 usque
2942 4753 3187 4805 animm,
3242 4754 3351 4809 quo
3406 4740 3643 4811 primum
3695 4758 3763 4798 ex

524 4834 614 4889 διὰ
641 4836 739 4908 τὴν
761 4835 869 4891 ἀπὸ
900 4834 994 4890 τοῦ
1031 4834 1418 4907 κατακλυσμοῦ
1443 4835 1643 4908 πολλὴν
1668 4836 1872 4909 φθορὰν
1900 4838 2091 4893 ἀϐασί-

597 4987 721 5058 (64),
748 4987 936 5041 Ταῦτα
977 4987 1087 5057 γὰρ
1119 4989 1298 5057 Ἀθην-

525 5057 847 5129 ἰστοροῦσιν,
883 5059 1059 5113 deleto
1096 5058 1414 5129 Ἀθηναίων.

594 5127 712 5200 (6‘5),
744 5129 848 5200 Ἐκ
880 5145 964 5200 τε.
1004 5127 1270 5200 l’articula
1309 5145 1403 5196 τε,
1449 5138 1543 5184 aut
1582 5128 1939 5200 expungenda
1972 5140 2086 5195 est,

522 5199 851 5269 autialiquid
877 5199 1022 5252 aliud
1051 5199 1311 5269 postulat.

2195 4831 2431 4903 Egypto
2465 4846 2559 4902 per
2588 4829 2828 4903 Moysem
2861 4829 3090 4901 eductus
3124 4832 3289 4887 Israel
3315 4842 3434 4901 est,
3478 4834 3623 4904 quod
3660 4835 3760 4891 abs

1302 5027 1315 5068 τ
1347 4990 1535 5056 ιστορ.
1570 4986 1753 5041 Malim
1780 4986 1953 5042 ταῦτα
1982 4990 2091 5062 γάρ

2212 4994 2475 5068 numerat,
2513 5001 2580 5042 ex
2627 4987 3086 5068 consequentium
3129 5001 3393 5068 annorum
3437 4987 3758 5068 collectione

2193 5073 2302 5111 non
2324 5057 2569 5120 exsistet,
2586 5058 2692 5111 nisi
2722 5057 2822 5111 hos
2846 5057 3186 5125 septuaginta
3213 5057 3437 5126 insuper
3456 5058 3753 5112 addideris:

2193 5128 2408 5182 tametsi
2437 5137 2496 5182 ut
2525 5128 2736 5182 deesset
2765 5127 2989 5181 omnino
3021 5126 3186 5183 nihil.
3213 5126 3428 5183 duobus
3457 5137 3511 5182 et
3539 5137 3757 5183 septua-

2192 5128 2408 5182 tametsi
2437 5137 2496 5182 ut
2525 5128 2736 5182 deesset
2765 5128 2989 5181 omnino
3021 5128 3186 5190 nihil,
3213 5128 3428 5183 duobus
3457 5137 3511 5182 et
3539 5137 3755 5197 septua-

2191 5197 2343 5266 ginta
2384 5212 2522 5268 opus
2549 5205 2714 5252 esset.
2761 5194 2898 5250 Nam
2924 5196 3180 5252 detractis
3209 5197 3546 5268 septuaginta
3568 5235 3584 5259 ,
3620 5212 3755 5268 con-

593 5268 702 5337 (66)
738 5266 1067 5339 Ἀιγυπτον.
1128 5268 1257 5323 Dele
1283 5269 1426 5324 hanc
1464 5284 1651 5324 vocem
1676 5312 1691 5337 ,
1744 5277 1838 5324 aut
1884 5284 2087 5339 repone
2189 5269 2329 5339 tiunt
2355 5266 2517 5322 modo
2548 5268 2693 5339 mille
2715 5275 2929 5339 rentum
2956 5276 3012 5339 et
3039 5266 3319 5339 sexaginta
3339 5267 3607 5339 quinque,
3630 5266 3755 5336 qui-

516 5338 613 5391 ἀπ’
641 5338 931 5407 Αἰγύπτου.

588 5408 702 5480 (67)
719 5406 724 5407 ν
735 5407 1142 5480 ᾼειχθήσεται.
1168 5406 1328 5480 Forte
1347 5407 1670 5480 δεικνύεται.

2188 5336 2293 5407 bus
2340 5338 2680 5407 septuaginta
2727 5335 3118 5407 siuaddideris,
3170 5335 3308 5407 1235
3339 5335 3750 5407 habiturus’es.

2191 5405 2317 5472 Sed,
2358 5404 2581 5476 opinor,
2617 5404 2962 5476 anniMoysis
2979 5406 3295 5474 octogesimi
3324 5414 3531 5474 partem
3565 5406 3745 5461 adnu-

586 5473 697 5548 (68)
735 5473 943 5548 ᾟςί”τρ
972 5473 1332 5548 τελευταξρν.
1380 5476 1541 5533 Deest
1578 5480 1664 5535 hic
1697 5478 1925 5548 aliquid.
1959 5476 2082 5544 Quo
2186 5473 2498 5548 meram—get
2530 5491 2732 5529 annum
2765 5473 3091 5548 captivitatis
3119 5473 3577 5548 septuagesimum
3609 5475 3750 5531 ultra

516 5536 743 5602 ειιῖιητὸ
865 5546 1164 5602 referatur?
1217 5544 1377 5599 Forte
1414 5557 1539 5601 ante
1594 5549 1738 5603 hunc
1787 5536 2078 5601 articulum
2185 5545 2311 5615 Cyri

516 5619 795 5668 scripserit
835 5617 1153 5668 Africanus.
1194 5616 1295 5668 τῆς
1335 5616 1379 5668 δ’
1426 5618 1801 5668 αἰνααλωσίας
1849 5618 2080 5668 ἑϐδομή·
2185 5624 2283 5668 tat.

2210 5631 2283 5668 al.

515 5616 804 5698 scripserit
835 5617 1153 5698 Africanus,
1194 5616 1307 5698 τῆς.
1335 5616 1403 5698 δ’·
1426 5618 1801 5689 αἰχμαλωσίας
1849 5618 2080 5698 ἐϐδομή-

2398 5545 2595 5598 rimum
2665 5546 2945 5598 mensibus
3012 5545 3219 5612 aliquot
3269 5545 3577 5601 excurrisse
3643 5561 3750 5615 pu—

2381 5630 2466 5668 am
2500 5616 2646 5667 enim
2695 5628 2963 5668 summam
2998 5629 3105 5667 non
3162 5629 3229 5667 ex
3274 5615 3616 5670 librariorum
3658 5632 3747 5669 er-

516 5683 693 5741 κοντα.
716 5688 874 5742 Certe
898 5688 1037 5756 ὀμάς
1073 5689 1162 5740 illa
1199 5683 1344 5739 mille
1360 5683 1727 5756 ducentorum
1759 5703 1824 5742 ac
1853 5683 2073 5756 triginta
2183 5699 2328 5744 rore,
2359 5686 2451 5738 sed
2478 5683 2810 5756 A_f_ricani_e_x
2835 5692 3016 5756 mente
3043 5683 3329 5756 conﬂatam
3376 5700 3497 5741 esse
3532 5695 3749 5745 constat

517 5768 717 5829 septem
762 5754 1061 5827 annorum,
1095 5772 1230 5827 quos
1260 5756 1329 5832 ab
1359 5754 1544 5812 Exodo
1576 5760 1642 5815 ad
1665 5757 1867 5829 Cyrum
1904 5754 2075 5832 lisque

2184 5769 2248 5809 ex
2283 5753 2657 5826 sequentibus,
2695 5753 2783 5808 ubi
2820 5753 3017 5825 saepius
3048 5754 3236 5811 eadem
3264 5755 3592 5814 inculcetur.
