4194 6452
430 386 538 443 825

1083 390 1349 449 EUSEBII
1389 392 1869 449 CIESARIENSIS
1902 393 2055 449 OPP.
2096 390 2277 447 PARS
2312 392 2379 447 ll.
2419 423 2487 433 —
2521 391 3023 450 APOLOCETICA.

3563 399 3668 454 826

429 516 734 578 sequuntur
758 528 770 563 :
802 509 1054 579 Inachus,
1082 510 1423 578 Phoroneus,
1444 515 1996 585 Apis,Argius,Cria-

2103 513 2423 568 καιδὲκατον
2455 513 2574 577 ἔτος
2602 514 2701 582 τῆς
2732 513 3007 585 βασιλείας
3036 513 3199 567 Ἴλιον
3227 514 3388 568 ἑάλω.
3424 514 3535 568 Καὶ
3566 517 3672 589 χρὴ

386 598 391 603 ’
427 616 543 666 sus,
574 597 837 666 Phorbas,
871 602 1133 672 Triopas,
1169 603 1470 674 Crmopus,
1510 606 1855 671 Sthenelaus,
1889 605 1995 660 Da-

425 705 586 757 naus,
618 688 884 763 Lynceus,
928 691 1092 758 Abas,
1139 691 1376 761 Prmtus,
1429 696 1694 762 Acrisius,
1740 695 1995 762 Perseus,

426 779 784 853 Eurystheus,
835 782 1053 849 Atreus,
1089 783 1367 854 Thyestes,
1397 787 1792 857 Agamemnon,
1835 788 1997 857 cujus

428 887 573 927 anno
599 872 810 929 decimo
830 883 1023 931 octavo
1049 877 1212 947 'l‘roja
1242 888 1397 948 capta
1426 890 1529 933 est.
1559 879 1735 949 Atque
1764 881 1852 934 hic
1879 896 1998 949 pru-

424 963 573 1017 denti
605 973 659 1018 et
686 965 969 1034 ingenioso
996 966 1182 1022 lectori
1208 969 1493 1040 diligenter
1522 970 1574 1023 in
1595 971 1784 1039 primis
1803 972 1995 1027 obser-

423 1054 659 1109 vandum
686 1056 790 1109 erit
812 1097 827 1122 ,
862 1058 945 1110 vel
978 1072 1044 1111 ex
1076 1059 1191 1127 ipsa
1226 1060 1537 1114 Graecorum
1576 1060 1858 1116 hominum
1888 1070 1998 1116 tra-

422 1144 627 1201 ditione
659 1157 930 1214 constare,
950 1149 1152 1205 nullam
1176 1157 1292 1206 tum
1320 1154 1460 1222 apud
1492 1154 1614 1209 illos
1639 1156 1993 1224 perscriplam

422 1241 602 1297 adhuc
630 1241 913 1297 historiam
946 1243 1138 1302 fuisse.
1173 1243 1307 1300 Nam
1326 1248 1421 1315 qui
1442 1246 1743 1302 litterarum
1763 1247 1994 1302 formam

422 1331 557 1401 ipsis
581 1338 637 1387 et
661 1333 930 1388 rationem
975 1326 1197 1391 tradidit
1224 1337 1483 1405 Cadmus,
1518 1354 1624 1393 non
1656 1338 1763 1394 nisi
1808 1340 1995 1394 multis

420 1428 546 1489 post
569 1422 821 1478 aetatibus
851 1425 1097 1492 pervenit
1132 1426 1186 1480 in
1225 1426 1511 1483 Boeotiam.
1577 1427 1709 1484 Post
1738 1428 1993 1485 Inachum

419 1526 569 1580 vero,
616 1512 887 1570 Phoronei
915 1517 1079 1572 ductu
1113 1526 1276 1587 atque
1331 1520 1610 1590 auspiciis.
1646 1521 1901 1577 homines
1926 1523 1994 1577 ab

420 1602 598 1659 ferino
620 1620 868 1677 vagoque
893 1608 1017 1663 vitae
1039 1625 1234 1680 genere
1264 1611 1329 1665 ad
1360 1611 1737 1667 humaniorem
1769 1629 1833 1668 ac
1859 1615 1993 1669 libe-

419 1695 674 1751 raliorem
736 1700 941 1754 cultum
999 1701 1088 1755 vix
1143 1702 1364 1757 tandem
1421 1704 1715 1774 aliquando
1762 1706 1990 1763 traducti

420 1792 568 1839 sunt.
632 1785 813 1853 Quare
841 1790 886 1844 si
917 1787 1120 1844 Mosem
1169 1789 1369 1847 Inacho
1400 1793 1662 1864 aequalem
1697 1793 1869 1851 fuisse
1898 1798 1993 1852 ha-

420 1876 691 1945 bebimus,
735 1879 876 1935 idem
908 1880 1142 1952 Trojana
1183 1891 1428 1957 tempora
1456 1888 1866 1958 quadringentis
1895 1904 1993 1945 an-

418 1969 721 2035 tecesserit,
751 1986 973 2028 necesse
1000 1984 1102 2029 est.
1147 1973 1206 2029 Id
1234 1992 1363 2031 vero
1391 1977 1681 2035 manifeste
1708 1996 1774 2035 ex
1805 1996 1991 2051 regum

418 2074 529 2115 non
569 2063 869 2118 Atticorum
906 2066 1104 2134 modo,
1157 2069 1251 2123 sed
1282 2070 1445 2125 etiam
1497 2070 1991 2140 Macedonicorum,

417 2151 873 2210 Ptolemaieorum
919 2165 973 2211 et
994 2157 1457 2215 Antiochenorum
1492 2165 1839 2219 successione
1862 2179 1995 2220 con-

421 2243 623 2300 ﬁcitur.
660 2243 814 2301 Unde
833 2247 964 2302 illud
985 2249 1149 2303 etiam
1171 2250 1415 2320 colligas,
1440 2252 1485 2307 si
1515 2253 1818 2309 clarissima
1846 2270 1995 2324 qua:-

418 2349 528 2404 que
557 2333 869 2392 Graecorum
902 2339 1004 2393 sub
1034 2340 1219 2395 Inachi
1265 2349 1477 2412 tempus
1505 2352 1559 2397 et
1590 2345 1808 2414 scriptis
1838 2361 1995 2401 man-

418 2424 560 2492 dari,
585 2437 638 2482 et
664 2429 718 2482 in
748 2430 1028 2486 hominum
1061 2433 1372 2503 cognitione
1420 2437 1627 2490 versari
1668 2452 1901 2507 cmpere,
1939 2438 1992 2493 id

419 2517 598 2588 ipsum
631 2521 833 2590 pariter
866 2523 968 2577 sub
1010 2522 1179 2581 Mosis
1218 2534 1432 2580 aetatem
1480 2529 1796 2600 contigisse.
1854 2528 1990 2585 Nam

417 2607 725 2679 Phoroneo,
767 2613 860 2682 qui
911 2623 1035 2684 post
1083 2613 1339 2672 Inachum
1386 2618 1653 2689 regnavit,
1703 2636 1993 2691 supparem

416 2700 777 2760 Athenienses
804 2704 1038 2778 Ogygem
1070 2707 1312 2775 faciunt,
1362 2712 1466 2766 sub
1495 2726 1605 2780 quo
1634 2712 1869 2783 primum
1903 2715 1987 2769 di-a

416 2791 625 2849 luvium
650 2796 877 2863 accidit;
933 2807 1048 2852 tum
1079 2798 1377 2855 Phorbanti
1407 2801 1669 2870 Actaeum,
1699 2819 1731 2858 a
1760 2819 1869 2875 quo
1892 2805 1990 2860 At-

416 2886 525 2941 tica
565 2885 759 2943 Actaeae
790 2904 986 2944 nomen
1018 2891 1268 2947 habuerit
1314 2911 1333 2949 :
1380 2892 1595 2965 Triopa:
1623 2896 1816 2952 deinde
1858 2895 1994 2952 Pro—

420 2977 714 3044 metheum,
744 2978 1143 3050 Epimetheum,
1176 2983 1469 3049 Atlantem,
1489 2987 1762 3057 geminum
1792 2988 1993 3044 Cecro-

416 3086 562 3142 pem,
587 3082 640 3127 et
663 3072 736 3128 Io.
799 3075 878 3128 Ad
908 3074 1126 3146 Crotopi
1156 3093 1329 3132 arvum
1371 3087 1427 3133 et
1453 3077 1771 3135 Phaetontis
1799 3080 1991 3136 incen—

416 3164 593 3232 dium,
624 3174 678 3220 et
710 3165 1051 3223 Deucalionis
1080 3169 1342 3224 diluvium
1376 3169 1619 3226 referunt
1646 3190 1659 3226 :
1685 3187 1808 3227 cum
1833 3172 1992 3229 Sthe-
2017 3194 2060 3249 ο

417 3256 598 3324 nelao,
640 3258 1053 3330 Amphictyonis
1080 3275 1326 3330 regnum,
1374 3259 1543 3316 Danai
1574 3262 1627 3316 in
1655 3261 1993 3332 Peloponne—

418 3362 543 3404 sum
576 3347 890 3414 adventum,
939 3350 1214 3405 conditam
1250 3367 1281 3405 a
1330 3350 1581 3407 Dardano
1639 3351 1989 3417 Dardaniam,

418 3445 476 3493 et
503 3435 732 3506 Europa:
778 3453 842 3491 ex
888 3436 1169 3493 Phtenieia
1214 3438 1649 3509 deportationem
1683 3439 1738 3493 in
1773 3438 1989 3493 Cretam

421 3530 679 3599 temporis
712 3528 968 3584 societate
1016 3514 1374 3600 coniungunt.
1434 3529 1549 3585 Sub
1579 3529 1825 3602 Lynceo,
1856 3530 1993 3586 Pro-

419 3622 648 3692 serpinm
694 3631 930 3691 raptum,
990 3620 1263 3693 Eleusynii
1299 3622 1508 3677 delubri
1555 3622 1990 3689 aediﬁcationem,

419 3712 810 3782 agriculturam
864 3713 1213 3785 Triptolemi,
1248 3713 1438 3768 Cadmi
1482 3714 1794 3769 Thebanam
1825 3715 1880 3769 in
1910 3715 1990 3769 ci-

416 3803 644 3856 vitatem
698 3803 1011 3867 adventum,
1067 3811 1121 3857 et
1166 3802 1365 3859 Minois
1426 3819 1653 3874 regnum
1700 3804 1988 3859 collocant.

419 3895 499 3949 Ad
529 3893 770 3951 Proetum
797 3894 1044 3965 Eumolpi
1081 3895 1275 3950 bellum
1300 3896 1560 3950 adversus
1588 3895 1947 3950 Athenienses
1972 3913 1988 3963 ;

419 3987 487 4041 ad
526 3984 800 4043 Acrisium
831 3985 1044 4057 Pelopis
1077 3987 1446 4057 traiectionem
1480 4003 1548 4042 ea
1592 3986 1858 4060 Phrygia,
1900 3987 1986 4044 Io-

419 4078 508 4134 nis
532 4076 771 4133 Athenas
790 4079 1101 4144 adventum,
1123 4078 1415 4149 Cecropem
1436 4079 1665 4134 alterum
1692 4081 1986 4149 iuniorem,

419 4163 714 4237 Perseique
755 4182 844 4223 res
871 4177 1050 4238 gestas
1088 4178 1364 4224 revocant.
1423 4168 1706 4225 Postremo
1734 4180 1991 4240 regnante

422 4258 827 4330 Agamemnone
860 4270 1076 4331 captum
1110 4269 1193 4317 est
1218 4260 1397 4316 Ilium.
1427 4260 1590 4334 5,95
1621 4260 1764 4333 Ergo
1800 4278 1865 4317 ex
1895 4278 1990 4317 su—

421 4350 752 4422 perioribus,
804 4350 1043 4418 Mosem,
1093 4352 1373 4417 heroibus,
1422 4353 1752 4419 civitatibus,
1788 4368 1854 4408 ac
1881 4352 1992 4408 daa-

420 4443 675 4498 monibus
700 4442 833 4513 ipsis
866 4445 1227 4514 antiquiorem
1254 4445 1442 4510 fuisse,
1473 4444 1761 4501 manifesto
1790 4434 1988 4501 intelli-

2099 605 2188 658 τὸν
2213 605 2437 675 νουνεχῆ
2464 604 2697 660 συνιέναι
2723 605 2859 676 μετὰ
2885 605 3064 675 πάσης
3089 604 3395 676 ἀκριϐείας,
3422 606 3503 659 ὅτι
3531 608 3675 661 κατὰ

2098 697 2196 767 τὴν
2234 697 2345 750 τῶν
2375 698 2643 769 Ἑλλήνων
2684 697 2982 766 παράδοσιν
3024 696 3135 749 οὐδ’
3189 697 3429 768 ἱστορίας
3474 715 3558 762 τις
3603 693 3674 769 ἦν

2099 792 2230 862 παρ’
2257 791 2440 854 αὐτοῖς
2484 791 2794 862 ἀναγραφή.
2840 790 3059 861 Κάδμος
3097 789 3226 860 γὰρ,
3272 790 3302 842 6
3335 790 3403 843 τὰ
3435 794 3673 861 στοιχεῖα

2097 884 2209 945 τοῖς
2258 882 2674 953 προειρημένοις
2719 880 3013 952 παραδοὺς,
3058 881 3193 951 μετὰ
3233 880 3432 945 πολλὰς
3479 882 3673 950 γενεὰς

2096 974 2194 1043 τῆς
2216 973 2476 1034 Βοιωτίας
2515 973 2707 1044 ἐπέϐη.
2741 971 2896 1027 Μετὰ
2922 972 2980 1026 δὲ
3007 974 3217 1043 Ἴναχον
3250 973 3356 1026 ὑπὸ
3380 973 3672 1045 Φορωνέως

2101 1065 2255 1136 μόλις
2291 1066 2384 1119 τοῦ
2430 1064 2725 1137 θηριώδους
2768 1065 2878 1136 βίου
2932 1066 3027 1119 καὶ
3071 1066 3302 1136 νομάδος
3352 1069 3670 1139 περιγραφὴ

2097 1154 2327 1223 γέγονε,
2381 1155 2864 1227 μετεκοσμήθησάν
2909 1173 2968 1209 τε
3022 1158 3072 1210 οἱ
3119 1157 3414 1228 ἄνθρωποι.
3470 1159 3671 1230 Διόπερ

2097 1247 2146 1299 εί
2178 1248 2319 1300 κατὰ
2378 1248 2587 1317 Ἴναχον
2634 1248 2873 1318 πέφηνεν
2922 1249 2951 1301 6
2984 1250 3189 1320 Μωσῆς
3226 1248 3486 1319 γεγονὼς,
3539 1268 3672 1323 πρε-

2098 1337 2358 1409 σϐύτερός
2386 1338 2502 1390 ἐστι
2528 1336 2637 1391 τῶν
2666 1337 2909 1393 Ἰλιακῶν
2925 1338 3069 1391 ἔτεσι
3086 1341 3474 1411 τετρακοσίοις.
3505 1343 3668 1396 Ἀπο-

2093 1429 2366 1483 δείκνυται
2386 1429 2444 1482 δὲ
2459 1428 2603 1482 τοῦθ’
2622 1428 2793 1494 οὕτως
2813 1430 2932 1499 ἔχον
2953 1431 3061 1484 ἀπό
3080 1448 3140 1484 τε
3157 1432 3255 1502 τῆς
3271 1432 3379 1486 τῶν
3408 1433 3669 1488 Ἀττικῶν

2097 1521 2364 1591 βασιλέων
2403 1520 2671 1591 διαδοχῆς,
2697 1521 3086 1575 Μακεδονικῶν
3140 1539 3201 1575 τε
3241 1524 3335 1576 καὶ
3361 1525 3669 1594 Πτολεμαϊ-

2094 1611 2229 1675 κῶν,
2255 1612 2335 1665 ἔτι
2360 1613 2418 1666 δὲ
2440 1613 2534 1666 καὶ¹
2566 1612 2932 1682 Ἀντιοχικῶν.
2970 1614 3132 1668 Ὅθεν
3156 1616 3203 1667 εί
3233 1614 3374 1668 κατὰ
3400 1615 3492 1668 τὸν
3525 1617 3667 1670 ’Ἰνα-

2093 1719 2187 1772 χον
2206 1700 2415 1773 (87-88)
2447 1703 2505 1754 αἱ
2550 1702 2964 1773 διαφανέστατοι
3000 1703 3229 1775 πράξεις
3260 1706 3389 1776 παρ’
3415 1704 3677 1777 Ἕλλησιν

2095 1794 2413 1865 ἐγράφησάν
2436 1811 2495 1847 τε
2530 1795 2624 1849 καὶ
2659 1794 3043 1865 γινώσκονται,
3089 1795 3263 1866 δῆλον,
3295 1796 3372 1859 ὡς
3401 1797 3495 1850 καὶ
3529 1797 3667 1867 μετὰ

2026 1851 2066 1905 Β
2097 1851 2321 1941 Μωσέα.
2375 1885 2532 1939 Κατὰ
2580 1851 2683 1956 μὲν
2717 1886 2827 1959 γὰρ
2865 1851 3118 1959 Φορωνέα
3139 1851 3262 1940 ’τὸνυ
3306 1851 3423 1957 μετ’
3452 1851 3670 1957 Ἴναχον

2100 1974 2495 2048 μνημονεύεται
2518 1977 2648 2046 παρ’
2676 1976 2977 2047 Ἀθηναίοις
2995 1977 3251 2045 Ὥγυγος,
3286 1978 3370 2045 ἐφ’
3403 1968 3465 2029 οὗ
3495 1993 3663 2030 xam-

2097 2066 2333 2138 κλυσμδς
2349 2069 2377 2121 6
2399 2070 2630 2140 πρῶτος·
2656 2068 2797 2121 κατὰ
2823 2068 2879 2121 δὲ
2898 2068 3176 2139 Φόρϐαντα
3210 2069 3472 2131 Ἀκταῖος,
3491 2068 3584 2137 ἀφ’
3604 2062 3668 2123 οὗ

2110 2154 2338 2207 Ἀκταία
2372 2156 2406 2225 ἡ
2432 2156 2672 2226 Ἀττική·
2711 2155 2853 2210 κατὰ
2877 2155 2932 2208 δὲ
2968 2157 3207 2226 Τριόπαν
3226 2155 3552 2227 Προμηθεὺς
3574 2160 3669 2212 καὶ

2108 2243 2458 2315 Ἐπιμηθεὺς,
2493 2246 2589 2300 καὶ
2610 2246 2830 2310 Ἄτλας,
2862 2248 2957 2299 καὶ
2983 2249 3012 2300 6
3036 2247 3230 2317 διφυὴς
3251 2246 3498 2319 Κέκροψ,
3520 2248 3615 2300 καὶ
3631 2249 3666 2318 ἡ

2108 2336 2222 2390 Ἰὡο
2257 2338 2399 2392 κατὰ
2426 2338 2484 2392 δὲ
2500 2341 2796 2411 Κροτωπὺν
2818 2344 2850 2412 ἡ
2875 2341 2967 2394 ἐπὶ
2998 2339 3294 2404 Φαέθοντος
3329 2341 3663 2411 ἐκπύρωσις,

2094 2430 2189 2484 καὶ
2216 2431 2248 2501 ἠ
2278 2430 2372 2483 ἐπὶ
2390 2431 2759 2497 Δευκαλίωνος
2786 2430 3060 2503 ὲπομϐρία
3081 2448 3095 2462 σ
3122 2431 3262 2485 κατὰ
3289 2431 3345 2484 δὲ
3372 2430 3669 2484 Σθενέλαον

2093 2519 2127 2590 ἧ
2157 2538 2215 2574 τε
2241 2520 2334 2574 τοῦ
2374 2520 2764 2591 Ἀμφικτύονος
2803 2521 3068 2591 βασιλεία,
3103 2521 3197 2573 καὶ
3227 2522 3261 2591 ὴ
3297 2521 3376 2583 είς
3398 2519 3668 2573 Πελοπόν-

2092 2627 2258 2682 νησον
2296 2612 2505 2666 Δαναοῦ
2553 2612 2825 2684 παρουσία
2849 2652 2863 2677 ,
2916 2612 3009 2666 καὶ
3054 2613 3087 2682 ἡ
3123 2612 3230 2665 ὑπὸ
3268 2611 3543 2683 Δαρδάνου
3564 2611 3665 2681 τῆς

2092 2700 2386 2771 Δαρδανίας
2434 2700 2646 2766 κτίσις,
2693 2701 2729 2771 ἦ
2761 2717 2821 2753 τε
2872 2701 2937 2754 ἐκ
2974 2699 3227 2771 Φοινίκης
3270 2701 3370 2770 τῆς
3397 2698 3664 2772 Εὐρώπης

2092 2794 2173 2855 εἰς
2212 2791 2312 2863 τὴν
2340 2793 2566 2863 Κρήτην
2617 2790 2918 2864 ἀνακομιδή
2942 2808 2959 2824 ·
3019 2790 3160 2844 κατὰ
3205 2790 3263 2844 δὲ
3304 2791 3520 2859 Λυγκέα
3563 2790 3665 2858 τῆς

2093 2883 2277 2955 Κόρης
2320 2883 2355 2954 ἡ
2389 2884 2636 2955 ἁρπαγὴ,
2682 2884 2774 2937 xui.
2816 2885 2850 2954 ή
2877 2882 2971 2937 τοῦ
3005 2882 3063 2935 ὲν
3105 2882 3367 2935 Ἐλευσῖνι
3408 2881 3664 2952 τεμένους

2093 2973 2428 3046 καθίδρυσις,
2454 2975 2548 3028 καὶ
2575 2978 2608 3045 ή
2635 2974 3013 3046 Τριπτολέμου
3056 2975 3299 3046 γεωργία
3316 3014 3331 3037 ,
3370 2976 3466 3028 καὶ
3498 2976 3532 3045 ἡ
3554 2975 3667 3029 Κά-

2091 3067 2227 3141 δμου
2255 3069 2335 3133 εἰς
2363 3068 2543 3141 Θήϐας
2575 3068 2866 3138 παρουσία,
2889 3067 3102 3131 Μίνωός
3129 3085 3188 3120 τε
3221 3067 3467 3138 βασιλεία
3487 3084 3501 3100 ’
3527 3067 3676 3124 κατὰ

2092 3157 2151 3212 δὲ
2180 3159 2428 3230 Προῖτον,
2474 3161 2503 3213 6
2527 3159 2815 3229 Εὐμόλπου
2866 3159 3003 3230 πρὸς
3039 3158 3352 3230 Ἀθηναίους
3400 3158 3632 3229 πόλεμος
3649 3175 3671 3189 ’-

2094 3252 2236 3306 κατὰ
2282 3252 2338 3306 δὲ
2376 3253 2667 3324 Ἀκρίσιον,
2705 3251 2944 3316 Πέλοπος
2990 3252 3098 3305 ἀπὸ
3128 3251 3366 3323 Φρυγίας
3400 3250 3668 3314 διάϐασις,

2093 3346 2188 3400 καὶ
2229 3346 2412 3407 Ἴωνος
2457 3345 2531 3407 είς
2581 3344 2679 3406 τὰς
2730 3343 2960 3413 Ἀθήνας
2983 3342 3186 3412 ἄφιξις,
3215 3343 3309 3395 καὶ
3351 3343 3381 3395 6
3418 3341 3669 3415 δεύτερος

2092 3434 2334 3507 Κέκροψ,
2365 3435 2425 3488 αἴ
2447 3451 2504 3486 τε
2532 3434 2784 3506 Περσέως
2827 3431 3082 3506 πράξεις’
3120 3432 3258 3487 κατὰ
3294 3432 3351 3485 δὲ
3380 3432 3477 3503 τὴν
3511 3433 3671 3501 Ἀγα-

2097 3528 2358 3599 μέμνονος
2423 3525 2698 3596 βασιλείαν
2755 3524 2917 3579 Ἴλιον
2962 3524 3122 3579 ἑάλω.
3172 3522 3378 3577 οὐκοῦν
3427 3522 3681 3594 πέφηνεν-

2093 3620 2123 3672 ό
2149 3617 2355 3687 Μωσῆς
2400 3617 2507 3670 ἀπό
2569 3632 2633 3685 γε
2679 3614 2789 3668 τῶν
2834 3612 3245 3685 προειρημένων
3296 3611 3668 3684 πρεσϐύτατος

2094 3708 2307 3780 ἡρώων,
2345 3708 2572 3772 πόλεων,
2598 3705 2886 3777 δαιμόνων.
2920 3706 3030 3759 Καὶ
3055 3704 3159 3776 χρὴ
3199 3703 3277 3774 τῷ
3309 3704 3668 3776 πρεσϐεύοντι

2093 3799 2237 3855 κατὰ
2277 3801 2376 3871 τὴν
2406 3799 2620 3871 ἡλικίαν
2654 3795 2930 3850 πιστεύειν
2981 3796 3178 3866 μᾶλλον
3223 3796 3367 3866 ἥπερ
3407 3797 3520 3858 τοῖς
3558 3794 3670 3849 ἀπὸ

2095 3891 2279 3963 πηγῆς
2323 3890 2688 3962 ἀρυσαμένοις
2734 3886 3019 3957 Ἕλλησιν,
3071 3888 3133 3942 οὐ
3178 3888 3296 3939 κατ’
3351 3886 3675 3955 ἐπίγνωσιν,

2092 3983 2344 4037 τάκείνου
2385 3982 2647 4053 δόγματα.
2699 3979 2891 4033 Πολλοὶ
2942 3979 3050 4052 γὰρ
3091 3980 3141 4032 oi
3177 3979 3297 4032 κατ’
3341 3978 3535 4041 αὐτοὺς
3580 3995 3669 4032 σο-

2093 4078 2279 4147 φισταὶ
2300 4077 2630 4149 κεχρημένοι
2663 4075 2975 4148 περιεργίᾳ,
3008 4077 3057 4129 οἳ
3086 4076 3188 4129 ὅσα
3213 4074 3366 4147 παρὰ
3389 4074 3500 4128 τῶν
3527 4074 3669 4127 κατὰ

2093 4170 2300 4225 Μωσέα
2342 4171 2437 4223 καὶ
2464 4170 2572 4222 τῶν
2629 4169 2829 4234 ὁμοίως
2856 4166 3006 4238 αὐτῷ
3039 4165 3468 4237 φιλοσοφούντων
3501 4165 3670 4232 ἐγνω-

2095 4278 2214 4325 σαν,
2264 4261 2707 4333 παραχαράττειν
2746 4259 3149 4330 ἐπειράθησαν
3193 4257 3407 4328 πρῶτον
3441 4257 3539 4326 μὲν
3581 4256 3677 4309 ἵνα

2091 4372 2144 4409 τι
2182 4354 2361 4423 λέγειν
2385 4356 2516 4409 ῐδιον
2556 4353 2885 4426 νομισθῶσι,
2927 4352 3177 4422 δεύτερον
3214 4349 3259 4402 δ’
3284 4350 3431 4411 ὅπως
3470 4348 3538 4401 τὰ
3569 4349 3670 4402 ὅσα

2098 4445 2173 4517 μὴ
2206 4444 2478 4509 συνίεσαν,
2511 4443 2602 4498 διά
2630 4459 2778 4511 τινος
2821 4440 3155 4497 ἐπιπλάστου
3198 4438 3517 4510 ρητολογίας
3561 4455 3668 4492 πα-

422 4532 585 4604 gitur.
620 4532 817 4589 Verius
844 4546 1021 4590 autem
1052 4534 1294 4606 profecto
1319 4545 1421 4603 est,
1446 4536 1653 4590 homini
1687 4544 1845 4589 aetate
1868 4535 1989 4604 plu-

2102 4537 2561 4611 ρακαλύπτοντες,
2611 4536 2690 4601 ὡς
2741 4533 3068 4608 μυθολογίαν
3110 4533 3222 4604 (89)
3268 4531 3367 4603 τὴν
3416 4531 3670 4604 ἀλήθειαν

421 4625 623 4679 rimum
645 4635 959 4695 antegresso
985 4625 1142 4680 ﬁdem
1176 4626 1398 4694 habere,
1434 4640 1599 4696 quam
1624 4623 1848 4689 Graecis,
1895 4625 1989 4695 qui

419 4715 542 4786 ejus
572 4717 823 4787 dOgmata
855 4727 913 4771 ut
942 4732 1008 4772 ex
1038 4717 1270 4787 ipsomet
1296 4717 1445 4773 fonte
1467 4717 1779 4783 hauserint,
1809 4718 1991 4772 minus

420 4817 604 4867 tamen
647 4825 790 4865 verte
836 4810 1077 4865 scientia:
1117 4810 1339 4864 ductum
1381 4808 1554 4863 secuti
1582 4815 1728 4862 sunt.
1796 4806 1995 4877 Sophi-

400 4910 538 4956 stas
580 4901 726 4956 enim
754 4899 1053 4971 permultos
1082 4899 1341 4964 habuere,
1394 4896 1489 4967 qui
1542 4897 1845 4952 curiositati
1880 4911 1992 4952 suae

422 4993 702 5060 obsecuti,
748 5007 1087 5064 quaecunque
1135 4991 1221 5046 vel
1268 5005 1299 5044 a
1346 4988 1536 5055 Mose,
1581 4990 1664 5043 vel
1697 4989 1765 5043 ab
1797 4988 1992 5044 similis

421 5084 781 5156 phiIOSOphize
832 5082 1231 5155 professoribus
1283 5090 1624 5153 acceperant,
1685 5080 1995 5136 adulterare

424 5177 609 5232 omnia
643 5176 823 5232 conati
851 5183 979 5232 sunt
1011 5174 1286 5243 :primum
1316 5181 1376 5227 ut
1400 5171 1674 5242 singulare
1701 5167 1904 5239 aliquid
1928 5182 1992 5223 ac

424 5269 705 5340 proprium
729 5267 910 5323 dicere
954 5267 1286 5329 viderentur,
1332 5262 1528 5319 deinde
1559 5269 1620 5315 ut
1663 5276 1783 5331 quae
1811 5259 1994 5315 minus

424 5368 868 5430 assequerentur,
902 5372 967 5413 ea
993 5355 1377 5413 commentitiaa
1422 5354 1677 5410 dictionis
1704 5353 1882 5423 specie
1910 5353 1993 5406 in-

424 5450 711 5517 volvendo,
756 5449 1061 5505 fabularum
1094 5450 1266 5506 instar
1290 5451 1570 5507 veritatem
1602 5448 1776 5519 ipsam
1810 5447 1993 5503 tradu-

495 5608 713 5680 (87-88)
761 5610 920 5664 Κατὰ
964 5610 1071 5663 τὸν
1125 5612 1376 5679 Ἴναχον.
1427 5609 1674 5670 Tatian.,
1723 5609 1861 5678 μετὰ
1904 5607 1995 5680 τδν

427 5683 644 5751 Ἴναχον
664 5678 918 5751 ,ξτεοιὶυε
939 5721 953 5740 ,
974 5690 1044 5751 ut
1072 5678 1325 5751 existimo
1346 5722 1359 5744 ,
1386 5680 1515 5748 quia
1554 5680 1800 5751 sequitur
1831 5678 1996 5748 paulo

425 5748 584 5822 post,
612 5750 712 5822 xui.
752 5749 889 5822 μετὰ
928 5750 1149 5822 Μωσέα.
1207 5749 1445 5822 Tametsi
1468 5788 1490 5822 ,ἓ
1528 5748 1653 5805 cum
1685 5748 1995 5822 Graecorum

431 5817 717 5877 historiam
749 5819 816 5873 ab
842 5817 1043 5875 Inacho
1066 5819 1176 5877 fere
1203 5819 1328 5876 duci
1359 5820 1658 5889 conﬁrmet,
1686 5818 1992 5888 utrobique,

2099 4629 2620 4704 παραϐραϐεύσωσι.
2661 4628 2799 4702 Περὶ
2833 4626 2931 4698 μὲν
2961 4622 3056 4681 οὖν
3096 4624 3199 4694 τῆς
3236 4624 3358 4679 καθ’
3390 4626 3537 4696 ἡμᾶς
3569 4642 3669 4679 πο-

2099 4722 2332 4788 λιτείας,
2379 4722 2618 4798 ἱστορίας
2664 4737 2728 4775 τε
2775 4716 2876 4790 τῆς
2913 4707 3054 4773 κατὰ
3083 4719 3210 4781 τοὺς
3239 4717 3539 4787 ἡμετέρους
3588 4716 3675 4769 νό-

2101 4810 2254 4887 μους,
2281 4815 2381 4869 δ’σα
2405 4830 2467 4869 τε
2496 4813 2780 4886 εἰρήκασιν
2809 4812 2861 4866 οἱ
2899 4810 3050 4883 παρὰ
3079 4811 3190 4874 τοῖς
3224 4801 3449 4880 Ἕλλησι
3481 4808 3671 4878 λόγιοι,

2099 4907 2193 4959 καὶ
2246 4906 2441 4970 πόσοι,
2482 4902 2577 4958 καὶ
2601 4902 2748 4966 τίνες
2801 4901 2936 4956 εἰσὶν
2977 4902 3028 4953 οἱ
3075 4900 3568 4973 μνημονεύσαντες,
3613 4901 3673 4952 ὲν

2098 4996 2176 5066 τῷ
2213 4996 2351 5067 πρὸς
2377 4994 2505 5059 τοὺς
2538 4990 2989 5064 ἀποφηναμένους
3021 4990 3094 5045 τὰ
3125 4991 3253 5061 «rapi.
3277 4988 3413 5042 Θεοῦ
3457 4988 3675 5060 δειχθή-

2102 5103 2251 5141 σεται
2269 5103 2283 5117 ·
2316 5084 2378 5138 τὸ
2401 5084 2461 5140 δὲ
2488 5082 2584 5139 νῦν
2608 5083 2757 5155 ἔχον,
2786 5082 3080 5136 σπευστέον
3115 5080 3255 5152 μετὰ
3290 5081 3473 5152 πάσης
3516 5080 3677 5151 ἀκρι-

2101 5175 2252 5240 ϐείας
2278 5172 2616 5247 σαφηνίζειν,
2638 5173 2715 5236 ὡς
2734 5173 2834 5243 οὐχ
2859 5172 3097 5243 Ὁμήρου
3123 5171 3280 5242 μόνον
3307 5168 3678 5242 πρεσϐύτερός

2103 5268 2251 5320 ἐστιν
2285 5266 2315 5318 6
2336 5264 2562 5336 Μωσῆς,
2595 5262 2683 5333 ἔτι·
2715 5262 2773 5316 δὲ
2799 5262 2894 5316 καὶ
2946 5261 3055 5315 τῶν
3083 5261 3189 5332 πρὸ
3222 5259 3389 5316 αὐτοῦ
3434 5275 3675 5329 συγγραο

2107 5359 2273 5429 φέων,
2330 5357 2511 5419 Λίνου,
2561 5356 2940 5426 Φιλάμμωνος,
2990 5352 3313 5425 Θαμύριδος,
3364 5348 3673 5421 Ἀμφίονος,

2114 5450 2392 5524 Ὀρφέως,
2424 5449 2730 5513 Μουσαίου,
2766 5448 3095 5519 Δημοδόκου,
3123 5445 3352 5517 Φημίου,
3389 5442 3675 5511 Σιϐύλλης,

2104 5609 2269 5675 κατὰ,
2290 5623 2398 5664 non
2422 5605 2765 5667 incommode
2790 5604 2892 5674 legi
2910 5603 3102 5673 possit.
3120 5601 3297 5670 Atque
3324 5598 3467 5652 hanc
3496 5596 3676 5652 lectiu-

2102 5695 2226 5735 nem
2259 5677 2429 5733 secuti
2463 5692 2673 5731 sumus.

2175 5748 2286 5806 I89\
2334 5748 2429 5814 Ὠς
2452 5746 2845 5817 μυθολογίαν.
2880 5741 3117 5807 Tatian.,
3148 5742 3269 5805 ταῖς
3304 5735 3675 5810 μυθολογίαις.
