4194 6442
403 418 510 478 825

1582 422 1898 478 PREPAR.
1941 419 2195 479 EV’ANG.
2235 418 2366 475 LIB.
2405 422 2471 474 Χ.

3552 421 3660 474 8‘26

404 539 744 610 Ἐπιμενίδου
775 538 868 594 τοῦ
885 541 1122 612 Κρητὸς,
1153 544 1405 629 ὅστιςείς
1442 542 1537 614 τὴν
1585 545 1842 615 Σπάρτην
1874 545 1980 613 ἀφ-

2087 551 2286 597 cerent.
2350 539 2550 595 Verum
2582 540 2649 595 de
2677 538 2991 610 reipublicae
3021 547 3220 593 nostra:
3249 536 3420 593 forma
3439 580 3453 606 ,
3485 540 3661 609 deque

405 631 583 696 ίκετο,
637 633 943 704 Ἀρισταίου
992 633 1088 687 τοῦ
1144 636 1540 707 Προκοννησίου
1568 675 1582 699 ,
1637 637 1733 689 καὶ
1778 636 1875 689 τοῦ
1907 635 1977 691 τά

416 717 792 789 Ἆριμάσπεια
831 721 1274 792 συγγράψαντος,
1320 722 1569 777 Ἀσϐὀλου
1608 742 1666 778 τε
1693 725 1787 778 τοῦ
1829 727 1968 779 Κεν-

400 809 623 883 ταύρου,
661 812 754 865 καὶ
799 812 1070 879 Ἰσάτιδος,
1105 811 1396 884 Δρύμωνός
1426 832 1483 867 τε
1523 817 1614 868 καὶ
1640 816 1845 869 Εὔκλου
1874 817 1969 870 τοῦ

402 901 677 973 Κυπρίου,
707 903 801 957 καὶ
831 904 995 976 Ὤρου
1046 904 1141 958 τοῦ
1188 906 1391 977 Σαμίου
1412 946 1429 972 ,
1462 910 1555 962 καὶ
1587 909 1974 981 Προταινίδουιι

400 994 495 1047 τοῦ
536 996 839 1067 Ἀθηναίου.
878 999 1035 1060 Δῖνος
1070 998 1167 1068 μὲν
1210 998 1320 1071 γὰρ
1361 1000 1694 1071 Ἡρακλέους
1737 1003 1855 1055 ἐστὶ
1894 1002 1976 1056 δι-

402 1086 698 1151 δάσκαλος·
747 1091 775 1142 6
814 1089 872 1142 δὲ
910 1089 1184 1163 Ἡρακλῆς
1220 1093 1321 1162 μιᾷ
1345 1091 1454 1145 τῶν
1489 1092 1751 1163 Τρωῖκῶν
1779 1111 1978 1166 προγε-

403 1180 655 1252 νέστερος
713 1181 921 1253 πέφηνε
974 1184 1158 1254 γενεᾷ.
1232 1184 1402 1238 Τοῦτο
1459 1185 1516 1239 δέ
1576 1188 1691 1239 ἐστι
1745 1188 1978 1259 φανερὸν

405 1272 511 1326 ἀπὸ
539 1273 631 1327 τοῦ
662 1274 851 1338 παιδὸς
879 1275 1044 1329 αὐτοῦ
1076 1276 1448 1349 Τληπολέμου,
1486 1280 1579 1332 τοῦ
1614 1280 1975 1352 στρατεύσαν-

403 1381 495 1430 τος
538 1367 632 1420 ἐπὶ
669 1367 852 1421 Ἴλιον.
897 1369 1129 1439 Ὀρφεὺς
1164 1369 1221 1422 δὲ
1271 1371 1410 1425 κατά
1443 1372 1537 1425 τὸν
1585 1373 1749 1427 αὐτὸν
1789 1374 1977 1445 χρόνον

417 1457 674 1528 Ἠρακλεῖ
706 1460 961 1527 γέγονεν·
1004 1460 1178 1526 ἄλλως
1212 1480 1271 1516 τε
1306 1464 1494 1517 καὶτὰ
1526 1466 1604 1529 είς
1626 1466 1758 1519 αὐτὸ
1793 1467 1978 1520 ἐπεισ-

405 1549 679 1620 φερόμενά
733 1568 896 1620 φασιν
943 1551 1049 1606 ὑπὸ
1107 1554 1497 1626 Ὀνομακρίτου
1548 1556 1642 1610 τοῦ
1689 1557 1976 1628 Ἀθηναίου

405 1641 783 1712 συντετάχθαι,
827 1644 1119 1714 γενομένου
1171 1647 1313 1698 κατά
1342 1646 1442 1718 τὴν
1473 1646 1579 1700 τῶν
1605 1648 1979 1720 Πεισιστρατι-

403 1736 511 1790 δῶν
545 1737 719 1808 ἀρχὴν
757 1738 887 1807 περὶ
913 1736 1012 1809 τὴν
1054 1738 1426 1813 πεντηκοστὴν
1473 1739 1827 1810 Ὀλυμπιάδα.
1870 1740 1976 1793 Τοῦ

403 1826 449 1880 δ’
465 1827 706 1899 Ὀρφέως
732 1828 1009 1891 Μουσαῖος
1038 1827 1303 1900 μαθητής.
1331 1830 1578 1900 Ἀμφίων
1605 1830 1662 1883 δὲ
1693 1830 1814 1884 δυσὶ
1845 1848 1978 1902 προ-

402 1888 553 1988 ἀγων
574 1888 804 1989 ’γενεαῖς
841 1919 953 1975 τιῑὺν¹
1313 1888 1412 1975 τοῦ
1447 1888 1667 1976 πλείονα
1700 1922 1808 1995 (90)
1842 1888 1980 1996 πρὸς
2011 1888 2053 1942 Β

401 2013 531 2075 τοὺς
548 2013 862 2084 φιλομαθεῖς
885 2013 1198 2067 συντάττειν
1220 2015 1365 2085 ἡμᾶς
1384 2014 1657 2086 ἀπείργει.
1677 2018 1751 2085 Δη
1760 2015 1982 2085 μόδοκός

402 2122 461 2158 τε
490 2105 584 2159 καὶ
609 2106 817 2175 Φήμιος
848 2104 969 2159 κατ’
1000 2105 1164 2159 αὐτὸν
1211 2106 1302 2159 τὸν
1330 2106 1575 2177 Τρωϊκὸν
1624 2106 1857 2178 πόλεμον
1889 2124 1974 2176 γεο

401 2197 591 2266 γόνασι
616 2213 630 2227 ο
665 2196 931 2269 διέτριϐον
963 2196 1072 2268 γὰρ
1116 2198 1273 2268 ὁμὲν
1317 2198 1428 2270 (91)
1474 2198 1626 2269 παρά
1672 2202 1784 2261 τοῖς
1847 2215 1985 2270 μνη-

403 2288 634 2362 στῆρσι,
666 2291 696 2344 ό
723 2289 780 2343 δὲ
798 2289 908 2361 (92)
940 2290 1086 2362 παρά
1119 2293 1230 2354 τοῖς
1278 2290 1492 2357 Φαίαξι.
1532 2289 1643 2344 Καὶ
1687 2292 1714 2343 6
1737 2290 1984 2361 Θάμυρις

402 2382 498 2436 καὶ
539 2381 569 2434 6
600 2380 899 2453 Φιλάμμων
931 2382 994 2435 ού
1032 2380 1165 2435 πολὺ
1198 2380 1402 2434 τούτων
1435 2381 1573 2433 είσὶν
1615 2379 1979 2450 ἀρχαιότεροι.

402 2472 540 2545 Περὶ
577 2472 677 2543 μὲν
716 2469 811 2525 οὖν
836 2473 934 2542 τῆς
963 2470 1085 2525 καθ’
1111 2471 1340 2525 ’ἑκαστον
1370 2469 1526 2538 λόγον
1574 2468 1980 2541 πραγματείας,

401 2560 612 2633 χρόνων
636 2578 696 2613 τε
723 2561 1047 2631 ἀναγραφῆς
1076 2559 1278 2617 αὐτῶν.
1302 2559 1379 2622 ὡς
1407 2554 1577 2629 οἶμαι,
1607 2557 1813 2628 σφόδρα
1844 2556 1985 2629 μετά

403 2652 585 2723 πάσης
614 2652 743 2722 ὑμῖν
771 2651 1055 2723 ἀκριϐείας
1106 2650 1519 2721 ἀνεγράψαμεν.
1558 2648 1679 2701 Ἵνα
1706 2647 1764 2701 δὲ
1793 2648 1890 2701 καὶ
1921 2646 1985 2700 τὸ

406 2743 570 2815 μέχρι
618 2742 714 2797 νῦν
770 2743 947 2797 ἐνδέον
1000 2740 1528 2815 ἀποπληρώσωμεν,
1578 2740 1658 2795 ἔτι
1708 2740 1801 2794 καὶ
1854 2738 1985 2811 περὶ

403 2834 513 2890 τῶν
553 2832 929 2905 νομιζομένων
974 2834 1154 2904 σοφῶν
1200 2836 1516 2905 ποιήσωμεν
1552 2832 1656 2904 τὴν
1687 2830 1980 2899 ἀπόδειξιν.

402 2926 590 2990 Μίνως
630 2926 728 2997 μὲν
766 2925 878 2997 γὰρ
908 2928 937 2979 6
961 2926 1159 2997 πάσηςσ
1184 2925 1442 2998 προῦχειν
1470 2924 1744 2997 νομισθεὶς
1770 2923 1982 2993 σοφίας,

404 3013 684 3085 ἀγχινοίας
728 3032 789 3069 τε
845 3016 941 3069 καὶ
985 3013 1341 3085 νομοθεσίας,
1410 3014 1504 3068 ἐπὶ
1578 3014 1839 3084 Λυγκέως
1888 3013 1985 3069 τοῦ

407 3107 547 3178 μετὰ
570 3106 772 3161 Δαναὸν
806 3105 1224 3178 βασιλεύσαντος
1254 3105 1498 3175 γέγονεν,
1538 3106 1799 3179 ἑνδεκάτῃ
1824 3107 1987 3179 γενεᾷ

2078 637 2257 706 legum
2290 644 2603 691 nostrarum
2639 634 2868 690 historia
2894 674 2911 699 ,
2960 635 3103 705 quod
3132 632 3445 688 Graecorum
3476 634 3661 689 erudi-

2077 728 2279 783 tissimi
2313 729 2518 798 quique
2568 726 2910 797 scripserint,
2944 733 3079 797 quot
3105 728 3267 795 quive
3295 725 3441 780 illius
3466 725 3660 780 memi-

2078 820 2283 885 nerint,
2315 820 2577 874 adversus
2604 833 2720 882 eos,
2772 818 2866 887 qui
2893 818 2960 871 de
2994 818 3158 872 rebus
3189 816 3389 871 divinis
3418 817 3661 887 disputa-

2077 919 2228 973 runt,
2260 910 2313 965 in
2346 910 2584 965 medium
2608 908 2920 965 afferemus.
2960 908 3117 964 Nunc
3149 924 3278 963 vero
3308 909 3574 979 agendum
3604 909 3656 964 id

2078 1004 2236 1059 nobis
2283 1012 2386 1070 est,
2438 1012 2521 1070 ut,
2575 1018 2739 1073 quam
2793 1001 3211 1072 diligentissime
3260 1000 3377 1054 ﬁeri
3438 1001 3656 1070 poterit,

2076 1098 2452 1161 ostendamus,
2490 1112 2597 1151 non
2629 1094 2865 1150 Homero
2891 1095 3065 1150 solum
3095 1092 3458 1163 antiquiorem
3491 1091 3661 1146 fuisse

2076 1190 2281 1246 Mosem
2306 1230 2321 1254 ,
2347 1205 2536 1245 verum
2561 1190 2724 1244 etiam
2748 1188 3135 1243 vetustioribus
3171 1186 3404 1240 Homero
3429 1186 3660 1253 scripto-

2078 1283 2229 1338 ribus
2248 1322 2264 1347 ,
2296 1282 2463 1348 Lino,
2489 1280 2869 1335 Philammone
2889 1322 2903 1345 ,
2936 1278 3265 1349 Thamyride
3285 1318 3299 1341 ,
3331 1276 3659 1345 Amphione,

2077 1375 2324 1447 Orpheo,
2359 1377 2559 1431 Musam
2579 1417 2593 1440 ,
2623 1373 2953 1438 Demodoco,
2985 1370 3233 1435 Phemio,
3265 1371 3487 1441 Sibylla,
3528 1368 3661 1437 Epi-
3722 1388 3727 1403 ι

2078 1470 2295 1525 menide
2345 1470 2627 1533 Cretensi,
2671 1470 2767 1539 qui
2813 1467 3064 1537 Spartam
3117 1466 3401 1536 migravit,
3432 1464 3665 1517 Aristaeo

2078 1560 2484 1626 Proconnesio,
2540 1559 2968 1629 Arimaspiorum
2998 1567 3247 1619 auctore,
3288 1554 3492 1610 Asbolo
3518 1553 3660 1609 Cen-

2079 1659 2259 1716 tauro,
2286 1648 2504 1717 lsatide,
2533 1649 2823 1721 Drymoue,
2857 1646 3029 1702 Euclo
3052 1645 3276 1718 Cyprio,
3305 1645 3416 1699 Oro
3452 1642 3660 1707 Samio,

2078 1753 2133 1799 et
2162 1742 2468 1799 Protaenide
2497 1741 2837 1796 Atheniensi.
2893 1738 3064 1792 Linus
3090 1736 3235 1790 enim
3271 1734 3520 1789 llereulis
3549 1749 3667 1788 ma-

2082 1835 2249 1905 gister
2294 1832 2430 1897 fuit,
2468 1831 2729 1888 Hercules
2774 1844 2907 1885 vero
2953 1827 3192 1897 Trojaua
3240 1835 3480 1895 tempora
3508 1832 3671 1879 aetate

2082 1922 2350 1977 duntaxat
2395 1937 2504 1976 una
2539 1919 2865 1985 antecessit;
2920 1925 2980 1973 ut
3008 1918 3089 1971 vel
3114 1932 3181 1971 ex
3215 1932 3281 1970 eo
3310 1914 3532 1984 intelligi
3563 1928 3665 1983 po-

2081 2023 2208 2081 test,
2245 2015 2388 2085 quod
2413 2012 2759 2083 Tlepolemus
2780 2009 3030 2066 Herculis
3058 2009 3198 2063 [ilius
3223 2006 3540 2064 Grmcorum
3570 2003 3669 2059 ad-

2083 2103 2553 2174 versus'l'rojanos
2574 2102 2936 2174 expeditionis
2968 2101 3153 2156 socius
3187 2098 3370 2153 fuerit.
3409 2095 3666 2166 Ejusdem

2084 2195 2331 2252 Herculis
2361 2196 2613 2266 Orpbeus
2646 2196 2871 2265 aequalis
2895 2195 2998 2250 fuit
3029 2212 3042 2249 :
3077 2193 3289 2248 tametsi
3337 2205 3458 2260 quae
3505 2187 3673 2259 vulgo

2082 2288 2188 2359 ipsi
2227 2289 2558 2354 tribuuntur,
2590 2287 2659 2341 ab
2680 2285 3035 2341 Onomacrito
3066 2283 3404 2345 Atheniensi,
3437 2280 3532 2353 qui
3564 2280 3669 2335 sub

2084 2382 2556 2441 Pisistratidarum
2593 2372 2873 2437 dominatu
2898 2424 2912 2446 ,
2961 2380 3106 2436 circa
3138 2378 3500 2450 olympiadem
3528 2392 3635 2444 qua

2084 2474 2447 2545 dragesimam
2483 2473 2643 2539 vixit,
2674 2472 2985 2540 conscripta
3027 2470 3223 2525 ferant.
3276 2468 3477 2539 Orphei
3504 2482 3675 2538 porro

2084 2564 2387 2635 discipulus
2418 2562 2651 2619 Musaeus
2699 2560 2822 2616 fuit.
2884 2562 2953 2615 At
2980 2560 3291 2631 Amphion,
3338 2559 3432 2629 qui
3455 2557 3673 2613 duabus

2086 2656 2326 2727 Trojana
2350 2664 2597 2725 tempora
2648 2653 2899 2708 aetatibus
2927 2662 3284 2723 antegressus
3300 2642 3410 2716 est,
3431 2650 3616 2720 plures
3639 2666 3673 2702 ιι

2086 2746 2247 2802 nobis
2262 2748 2330 2803 ad
2358 2747 2568 2816 priores
2592 2745 2718 2802 illos
2740 2744 3003 2801 doctrinae
3019 2742 3296 2799 studiosos
3319 2740 3540 2813 adiungi
3559 2755 3668 2797 non

2085 2839 2311 2910 patitur.
2350 2836 2472 2893 Jam
2508 2833 3304 2893 DemodocusetPhemiussub
3329 2833 3506 2900 ipsum
3531 2829 3671 2887 Tro-

2084 2930 2199 3003 jaui
2228 2930 2355 2986 belli
2390 2939 2605 2999 tempus
2630 2930 2910 2991 exstitere,
2936 2942 3061 2981 cum
3097 2932 3233 2980 alter
3277 2924 3419 2994 apud
3446 2920 3666 2990 Procos,

2087 3020 2235 3092 apud
2271 3019 2528 3076 Phaeacas
2566 3021 2705 3075 alter
2732 3029 3061 3074 versaretur.
3118 3015 3239 3083 Quo
3266 3024 3499 3086 utroque
3527 3012 3671 3069 Tha-

2089 3114 2263 3185 myris
2298 3128 2362 3168 ac
2385 3112 2731 3167 Philammon
2754 3110 2901 3164 haud
2930 3109 3102 3163 multo
3127 3107 3469 3177 antiquiores
3497 3104 3666 3161 fuere.

408 3199 549 3270 μετά
582 3201 795 3271 Ἴναχον
815 3217 829 3231 ο
860 3199 1175 3271 Λυκοῦργος
1224 3199 1305 3263 δὲ,
1349 3198 1484 3254 πολὺ
1515 3199 1654 3271 μετά
1698 3198 1798 3272 τὴν
1825 3198 1983 3254 ’Ῑλίου

2087 3202 2255 3276 596
2283 3202 2362 3259 Ac
2389 3202 2456 3257 de
2482 3202 2826 3271 singulorum
2875 3200 3094 3271 quidem
3120 3204 3177 3254 in
3203 3198 3449 3270 quolibet
3472 3211 3671 3268 genere

404 3290 687 3362 γεννηθεὶς
750 3291 951 3346 ἅλωσιν
977 3332 992 3358 ,
1056 3291 1164 3364 πρὸ
1219 3292 1328 3346 τῶν
1381 3290 1759 3363 Ὀλυμπιάδων
1813 3289 1990 3345 ἔτεσιν

406 3384 602 3439 ἑκατὸν
646 3385 927 3457 νομοθετεῖ
955 3386 1399 3457 Λακεδαιμονίοις
1417 3401 1431 3415 ·
1468 3384 1696 3456 Δράκων
1749 3384 1808 3438 δὲ
1862 3386 1992 3457 περὶ

406 3476 746 3547 Ὀλυμπιάδα
817 3477 1148 3550 τριακοστὴν
1214 3478 1310 3531 καὶ
1365 3477 1592 3547 ὲννάτην
1674 3476 1991 3550 εὑρίσκεται

406 3564 676 3636 γεγονώς·
721 3566 898 3621 Σόλων
946 3566 1003 3621 δὲ
1036 3568 1165 3638 περὶ
1200 3574 1317 3639 μςθσ
1360 3566 1684 3639 Πυθαγόρας
1720 3568 1861 3623 κατὰ
1890 3568 1991 3640 τὴν

408 3659 706 3732 ἑξηκοστὴν
755 3658 1032 3731 δευτέραν.
1077 3659 1189 3723 Τάς
1239 3659 1296 3715 δὲ
1343 3659 1714 3731 Ὀλυμπιάδας
1767 3659 1992 3732 ὕστερον

409 3750 517 3805 τῶν
550 3749 798 3809 Ἰλιακῶν
845 3750 1021 3805 ἔτεσιν
1055 3749 1416 3822 ἀπεδείξαμεν
1462 3752 1751 3820 γεγονυίας
1796 3769 1991 3824 τετρα-

414 3842 619 3906 κοσίοις
644 3842 803 3897 ἑπτά.
835 3843 945 3895 Καὶ
966 3842 1031 3913 δὴ
1056 3841 1260 3896 τούτων
1290 3842 1465 3906 οὕτως
1501 3842 1989 3914 ἀποδεδειγμένων,

411 3935 500 3990 διά
544 3934 793 4005 βραχέων
842 3933 923 3987 ἔτι
971 3934 1065 3987 καὶ
1122 3936 1251 4005 περὶ
1300 3935 1400 4006 τῆς
1453 3934 1563 3989 τῶν
1615 3935 1754 3990 έπτά
1811 3938 1993 4007 σοφῶν

413 4027 628 4100 ἡλικίας
685 4026 1092 4097 ἀναγράψομεν.
1140 4026 1247 4080 Τοῦ
1294 4027 1401 4098 γάρ
1442 4029 1819 4101 πρεσϐυτάτου
1885 4030 1992 4086 τῶν

414 4119 829 4194 προειρημένων
856 4118 1119 4190 Θάλητος,
1160 4120 1453 4190 γενομένου
1498 4122 1628 4193 περὶ
1662 4123 1763 4195 τὴν
1791 4141 1992 4195 πεντη-

415 4211 614 4284 κοστὴν
639 4211 1000 4283 Ὀλυμπιάδα,
1057 4212 1152 4265 καὶ
1200 4210 1272 4264 τὰ
1316 4211 1446 4283 περὶ
1498 4212 1607 4267 τῶν
1664 4214 1788 4268 κατ’
1828 4215 1993 4269 αὑτὸν

416 4303 601 4375 σχεδὸν
646 4305 775 4375 ἡμῖν
816 4302 1095 4374 συντόμως
1135 4303 1368 4374 εἴρηται.
1414 4303 1581 4357 Ταῦθ’
1616 4305 1766 4377 ύμῖν,
1800 4306 1993 4377 ἄνδρες

417 4394 700 4465 Ἕλληνες,
752 4395 782 4447 6
823 4391 966 4447 κατὰ
1016 4391 1323 4465 βαρϐάρους
1375 4392 1681 4464 φιλοσοφῶν
1728 4397 2021 4461 Τατιανδς,

418 4484 718 4552 συνέταξα,
758 4483 1039 4557 γεννηθεὶς
1080 4484 1181 4556 μὲν
1226 4486 1285 4537 ὲν
1325 4487 1391 4557 τῇ
1430 4484 1540 4539 τῶν
1568 4487 1868 4561 ’Δσσυρίων
1898 4491 1990 4560 γῇ,

418 4578 729 4641 παιδευθεὶς
769 4576 827 4629 δὲ
863 4576 1078 4648 πρῶτον
1116 4576 1214 4647 μὲν
1250 4575 1321 4630 τὰ
1351 4577 1613 4650 ὑμέτερα,
1653 4578 1906 4651 δεύτερον
1936 4580 1993 4634 δὲ
2025 4563 2070 4617 Ῑ)

420 4675 574 4731 ἃτινα
621 4674 717 4729 νῦν
759 4672 1048 4745 κηρύττειν
1107 4672 1535 4743 ἐπαγγέλλομαι.
1591 4674 1878 4728 Γινώσκων
1936 4675 1994 4729 δὲ

421 4766 602 4822 λοιπὸν
640 4765 724 4831 τίς
759 4767 789 4819 6
828 4765 979 4829 Θεὸς,
1027 4764 1121 4818 καὶ
1165 4766 1250 4829 τίς
1298 4767 1332 4836 ἡ
1365 4765 1486 4818 κατ’
1537 4764 1699 4819 αὐτὸν
1753 4766 1990 4839 ποίησις,

422 4866 636 4931 ἑτοιμον
669 4858 857 4913 ἑαυτὸν
886 4858 1014 4927 ὑμῖν
1053 4856 1191 4927 πρὸς
1214 4854 1312 4927 τὴν
1336 4855 1622 4928 ἀνάκρισιν
1653 4855 1761 4910 τῶν
1786 4856 1993 4928 δογμά-

429 4970 527 5008 εων
568 4953 894 5026 παρίστημι,
929 4951 1207 5024 ’μενούσης
1243 4967 1332 5020 μοι
1366 4950 1468 5020 τῆς
1498 4950 1640 5003 κατὰ
1668 4949 1800 5003 Θεὸν
1846 4950 1997 5003 πολι-

430 5041 571 5107 τείας
590 5041 972 5115 ἀνεξαρνήτου.
1010 5060 1030 5093 ι
1077 5039 1325 5095 Τοσαῦτα
1346 5039 1442 5094 καὶ
1481 5037 1510 5089 ό
1534 5040 1817 5105 Τατιανός.
1844 5041 1995 5095 Μετ-

425 5128 595 5201 ίωμεν
622 5130 680 5184 δὲ
715 5131 810 5183 καὶ
849 5131 941 5183 ἐπὶ
974 5129 1286 5201 Κλήμεντά.

493 5235 522 5264 ι
560 5239 659 5278 ms.
700 5223 1073 5295 Προναιτίδου.

496 5316 609 5387 (90)
652 5317 763 5372 Τοῦ
792 5317 1066 5381 πλείονα,
1092 5324 1198 5373 etc.
1228 5315 1531 5371 Verborum
1562 5315 1852 5387 perspicua
1877 5331 1998 5371 scn—

427 5391 595 5443 tentia
643 5397 761 5452 est,
810 5396 865 5441 at
910 5390 1144 5442 obscura
1190 5387 1476 5443 sententiae
1507 5387 1666 5443 ratio.
1713 5389 1822 5440 Cur
1848 5387 1994 5442 enim

428 5458 727 5528 Amphion,
759 5456 906 5528 quod
951 5472 1040 5528 res
1074 5454 1340 5528 Troianas
1368 5457 1872 5528 duabusaetatibus
1898 5472 1999 5528 an-

429 5525 658 5593 tecedat,
686 5525 827 5597 apud
862 5527 1140 5597 studiosos
1164 5527 1320 5595 plura
1350 5527 1456 5582 dici
1496 5527 1817 5597 prohibeat?
1848 5525 1998 5597 Alter

426 5611 705 5652 manuscr.
724 5595 890 5651 habet
916 5596 1188 5662 πλείονος,
1230 5611 1300 5651 ex
1330 5612 1441 5665 quo
1472 5595 1722 5660 πλείονας
1742 5596 1950 5665 conjeci
1981 5614 1995 5650 :

426 5666 584 5736 quasi
632 5666 813 5731 dicat,
862 5666 1220 5736 Amphionem
1259 5675 1372 5736 tam
1409 5667 1692 5734 antiquum
1735 5682 1859 5721 esse
1938 5674 1999 5719 ut

429 5735 596 5807 alium
642 5746 901 5807 praeterea
917 5735 1204 5807 ~cptitopazii‘ﬁ
1233 5735 1509 5807 nemiuem
1536 5736 1705 5807 gnari
1738 5736 1995 5807 patiatur.

499 5805 612 5878 (91)
643 5804 717 5859 "0
916 5804 1175 5878 Phemius
1196 5804 1496 5878 videliceta
1525 5804 1717 5878 Odyss.
1750 5806 1814 5872 P,
1843 5805 1949 5860 262
1982 5825 2011 5859 ε-

432 5917 448 5932 .
492 5872 517 5936 .’
548 5916 565 5933 .
595 5872 627 5933 ⁷.
670 5918 683 5931 .
735 5872 879 5933 ’Ἀνὰ
906 5876 1019 5946 γάρ
1053 5890 1228 5945 σφισι
1245 5872 1499 5940 ,βάλλετ’
1525 5872 1771 5940 ἀείδειν,

2091 3294 2311 3357 studiis,
2337 3294 2511 3363 deque
2539 3293 2655 3362 ipsa
2688 3301 2993 3362 temporum
3020 3290 3232 3347 ratione
3276 3288 3455 3357 vobis,
3485 3288 3539 3343 ni
3566 3285 3671 3342 fal-

2091 3390 2197 3454 lor,
2229 3403 2393 3459 quam
2419 3384 2832 3440 accuratissime
2861 3383 2975 3437 ﬁeri
3007 3382 3216 3453 potuit,
3247 3381 3668 3451 disputavimus.

2092 3480 2199 3537 Sed
2227 3489 2408 3535 tamen
2437 3494 2505 3532 ne
2536 3478 2666 3548 quid
2694 3494 2721 3530 a
2747 3477 2906 3530 nobis
2929 3476 2981 3529 in
3004 3475 3289 3545 praesentia
3310 3473 3670 3538 desideretur,

2089 3586 2265 3642 pauca
2298 3569 2365 3623 de
2394 3582 2582 3623 eorum
2623 3566 2878 3633 insuper,
2937 3563 3030 3631 qui
3080 3562 3351 3631 sapientes
3392 3560 3536 3629 apud
3573 3574 3674 3614 vos

2090 3662 2263 3718 habiti
2291 3668 2439 3726 sunt,
2468 3666 2627 3713 aetate
2654 3655 3003 3726 subjungam.
3065 3651 3241 3707 Minos
3266 3652 3459 3722 igitur,
3508 3664 3673 3720 quem

2092 3754 2273 3811 omnis
2306 3767 2429 3808 cum
2459 3750 2759 3820 sapientiae,
2795 3757 2911 3802 tum
2943 3746 3197 3809 solertiae,
3220 3744 3464 3814 adeoque
3491 3743 3673 3813 legum

2093 3847 2395 3906 sanctionis
2444 3846 2745 3917 principem
2801 3840 2972 3897 fuisse
3018 3847 3239 3909 putant,
3285 3836 3533 3909 Lynceo,
3578 3836 3677 3907 qui

2092 3940 2247 3996 Dano
2289 3939 2577 4004 successit,
2622 3944 2884 4007 regnante
2912 3932 3174 3995 ﬂorebat,
3223 3940 3379 3986 aetate
3404 3937 3527 4000 post
3550 3926 3678 3984 lna-

2093 4034 2257 4088 chum
2287 4031 2592 4087 undecima.
2630 4027 2913 4099 Lycurgus
2940 4039 3092 4089 vero,
3130 4024 3287 4093 longe
3310 4031 3433 4092 post
3454 4031 3674 4090 captqu

2095 4123 2276 4185 Ilium,
2306 4122 2466 4176 annis
2493 4127 2619 4173 ante
2640 4115 2977 4188 olympiades
2997 4115 3140 4168 haud
3171 4112 3406 4183 amplius
3433 4120 3676 4173 centum,

2095 4212 2540 4270 Lacedaemonios
2588 4209 2800 4278 legibus
2855 4207 3110 4262 instituit.
3171 4205 3471 4261 Draconem
3527 4204 3675 4260 circa

2095 4306 2458 4380 Olympiadem
2488 4318 2690 4358 nonam
2732 4315 2897 4370 supra
2933 4297 3264 4369 trigesimam
3298 4293 3470 4351 fuisse
3514 4310 3674 4365 repe-

2094 4404 2226 4465 ries,
2245 4400 2500 4456 Solonem
2526 4412 2657 4451 vero
2683 4395 2827 4450 circa
2851 4403 3060 4449 sextam
3090 4400 3146 4446 et
3174 4389 3674 4460 quadragesimam,

2095 4493 2460 4567 Pythagoram
2489 4491 2726 4561 denique
2758 4489 2904 4544 circa
2927 4482 3320 4555 sexagesimam
3353 4480 3672 4536 secundam.

2097 4586 2447 4658 Olympiades
2475 4592 2653 4637 autem
2688 4580 2847 4635 annis
2874 4587 3083 4647 septem
3115 4591 3278 4645 supra
3306 4572 3675 4644 quadringen—

2095 4688 2181 4734 tos
2205 4686 2333 4749 post
2357 4674 2595 4745 Trojaua
2643 4681 2889 4740 tempora
2929 4668 3207 4724 institutas
3237 4666 3408 4722 fuisse
3435 4665 3678 4723 ostendi-

2094 4784 2239 4824 mus.
2302 4764 2397 4819 llis
2426 4774 2577 4820 certo
2603 4763 2936 4827 constitutis,
2973 4768 3179 4830 septem
3212 4773 3430 4828 quoque
3465 4759 3677 4826 sapien-

2094 4871 2210 4916 tum
2253 4868 2463 4915 tetatem
2514 4856 2677 4913 facile
2734 4856 3080 4923 breviterque
3129 4852 3471 4908 deﬁniemus.
3536 4848 3672 4904 Nam

2093 4964 2220 5005 cum
2254 4947 2687 5019 vetustissimum
2733 4960 2924 5000 eorum
2968 4942 3276 5010 Thaletem,
3325 4943 3471 4997 circa
3502 4940 3679 5009 olym-

2092 5043 2308 5114 piadem
2378 5038 2888 5112 quinquagesimam
2948 5034 3155 5090 vixisse
3208 5043 3450 5098 constet,
3511 5032 3679 5087 simul

2092 5136 2260 5189 etiam
2303 5148 2416 5188 uno
2462 5131 2621 5202 quasi
2669 5125 2994 5199 compendio
3018 5134 3365 5190 cancrorum,
3414 5137 3555 5194 quos
3587 5122 3681 5176 ille

2096 5308 2335 5392 ἐὴιίιιξς-
2421 5377 2468 5392 ..
2527 5375 2596 5392 --

2097 5381 2159 5434 Et
2182 5375 2390 5448 'oayss.
2421 5377 2491 5448 Χ,
2527 5375 2633 5448 εει)
2664 5392 2678 5448 ς

2100 5438 2431 5517 Τερπιῖίδης
2460 5446 2528 5500 δέ
2560 5445 2607 5498 τ’
2644 5443 2848 5510 ἀοιδὸς
2874 5441 3175 5504 ἁλύσκαζε
3205 5438 3358 5509 κῆρα
3381 5440 3681 5510 μέλαιναν

2234 5536 2349 5574 100..
3377 5543 3384 5547 “

2098 5519 2386 5657 ﬁget)
2426 5584 2909 5657 (SéaDemodocus,
2941 5593 2996 5638 et
3029 5583 3144 5657 ipse
3186 5543 3681 5657 cantor-nobilissi—

2098 5648 2243 5714 mus.
2266 5648 2349 5712 'De
2371 5672 2482 5725 quo
2512 5655 2703 5722 Odyss.
2742 5655 2807 5721 Θ,
2840 5648 3159 5724 saepissime.
3190 5682 3260 5693 —-
3301 5651 3354 5703 Ὁ
3391 5648 3684 5718 Θάμυρις,

2102 5727 2268 5789 11ωά.
2294 5729 2357 5793 Β,
2389 5726 2493 5782 595
2519 5740 2533 5778 :

2566 5837 2579 5849 .
2625 5837 2639 5850 .
2683 5839 2695 5852 .
2742 5837 2755 5850 .
2798 5837 2811 5850 .
2853 5796 3036 5849 Ἔνθα
3062 5812 3125 5848 τε
3148 5793 3383 5848 Μοῦσαι

2114 5872 2446 5943 Ἀντόμεναι
2464 5908 2479 5936 ,
2505 5867 2766 5938 Θάμυριν
2787 5866 2892 5921 τὸν
2917 5866 3139 5937 Θρήϊκα
3166 5864 3412 5919 παῦσαν
3441 5858 3670 5927 ἀοιδῆς.
