  <div class='ocr_page' id='page_1' title='image "/cluster/home/n/w/nwhite01/storage/ocr_20150623/21:no.3/coo.31924054873017/429.png"; bbox 0 0 4194 6414; ppageno 0'>
   <div class='ocr_carea' id='block_1_1' title="bbox 541 384 3807 452">
    <p class='ocr_par' dir='ltr' id='par_1_1' title="bbox 541 384 3807 452">
     <span class='ocr_line' id='line_1_1' title="bbox 541 384 3807 452; baseline 0.001 -5"><span class='ocrx_word' id='word_1_1' title='bbox 541 392 650 447; x_wconf 75' lang='lat'><strong>82&#39;!</strong></span> <span class='ocrx_word' id='word_1_2' title='bbox 1195 389 1464 447; x_wconf 82' lang='lat' dir='ltr'><strong>EUSEBII</strong></span> <span class='ocrx_word' id='word_1_3' title='bbox 1502 387 1986 447; x_wconf 67' lang='lat' dir='ltr'><strong>CIESARIENSIS</strong></span> <span class='ocrx_word' id='word_1_4' title='bbox 2023 387 2174 445; x_wconf 81' lang='lat' dir='ltr'><strong>OPP.</strong></span> <span class='ocrx_word' id='word_1_5' title='bbox 2211 384 2391 441; x_wconf 76' lang='lat' dir='ltr'><strong>PARS</strong></span> <span class='ocrx_word' id='word_1_6' title='bbox 2427 384 2491 440; x_wconf 86' lang='lat' dir='ltr'><strong>II.</strong></span> <span class='ocrx_word' id='word_1_7' title='bbox 2528 416 2598 427; x_wconf 89' lang='lat'>—</span> <span class='ocrx_word' id='word_1_8' title='bbox 2634 384 3135 443; x_wconf 76' lang='lat' dir='ltr'><strong>APOLOGETICA.</strong></span> <span class='ocrx_word' id='word_1_9' title='bbox 3700 393 3807 452; x_wconf 73' lang='lat'><strong>828</strong></span> 
     </span>
    </p>
   </div>
   <div class='ocr_carea' id='block_1_2' title="bbox 542 501 3809 579">
    <p class='ocr_par' dir='ltr' id='par_1_2' title="bbox 542 501 3809 579">
     <span class='ocr_line' id='line_1_2' title="bbox 542 501 3809 579; baseline -0.001 -14"><span class='ocrx_word' id='word_1_10' title='bbox 542 524 810 577; x_wconf 80' lang='lat' dir='ltr'><strong>suppares</strong></span> <span class='ocrx_word' id='word_1_11' title='bbox 832 509 1042 577; x_wconf 97' lang='lat' dir='ltr'><strong>habuit,</strong></span> <span class='ocrx_word' id='word_1_12' title='bbox 1070 517 1286 565; x_wconf 68' lang='lat' dir='ltr'><strong>atatem</strong></span> <span class='ocrx_word' id='word_1_13' title='bbox 1310 510 1640 579; x_wconf 69' lang='lat' dir='ltr'><strong>colligimus.</strong></span> <span class='ocrx_word' id='word_1_14' title='bbox 1671 506 1799 563; x_wconf 69' lang='lat' dir='ltr'><strong>Haec</strong></span> <span class='ocrx_word' id='word_1_15' title='bbox 1856 506 2012 562; x_wconf 80' lang='lat' dir='ltr'><strong>vobis</strong></span> <span class='ocrx_word' id='word_1_16' title='bbox 2074 518 2197 574; x_wconf 83' lang='lat' dir='ltr'><strong>ego,</strong></span> <span class='ocrx_word' id='word_1_17' title='bbox 2238 503 2349 558; x_wconf 79' lang='lat' dir='ltr'><strong>viri</strong></span> <span class='ocrx_word' id='word_1_18' title='bbox 2370 502 2566 570; x_wconf 66' lang='lat' dir='ltr'><strong>Graeci,</strong></span> <span class='ocrx_word' id='word_1_19' title='bbox 2613 501 2878 559; x_wconf 85' lang='lat' dir='ltr'><strong>Tatianus</strong></span> <span class='ocrx_word' id='word_1_20' title='bbox 2907 505 3017 573; x_wconf 88' lang='lat' dir='ltr'><strong>ille,</strong></span> <span class='ocrx_word' id='word_1_21' title='bbox 3056 506 3148 576; x_wconf 88' lang='lat' dir='ltr'><strong>qui</strong></span> <span class='ocrx_word' id='word_1_22' title='bbox 3180 504 3537 561; x_wconf 84' lang='lat' dir='ltr'><strong>barbarorum</strong></span> <span class='ocrx_word' id='word_1_23' title='bbox 3562 507 3809 577; x_wconf 87' lang='lat' dir='ltr'><strong>philoso-</strong></span> 
     </span>
    </p>
   </div>
   <div class='ocr_carea' id='block_1_3' title="bbox 545 596 3806 674">
    <p class='ocr_par' dir='ltr' id='par_1_3' title="bbox 545 596 3806 674">
     <span class='ocr_line' id='line_1_3' title="bbox 545 596 3806 674; baseline 0.002 -22"><span class='ocrx_word' id='word_1_24' title='bbox 545 602 687 670; x_wconf 74' lang='lat' dir='ltr'><strong>phia:</strong></span> <span class='ocrx_word' id='word_1_25' title='bbox 710 603 921 667; x_wconf 88' lang='lat' dir='ltr'><strong>studeo,</strong></span> <span class='ocrx_word' id='word_1_26' title='bbox 953 603 1278 673; x_wconf 80' lang='lat' dir='ltr'><strong>conscripsi,</strong></span> <span class='ocrx_word' id='word_1_27' title='bbox 1315 604 1372 657; x_wconf 88' lang='lat' dir='ltr'><strong>in</strong></span> <span class='ocrx_word' id='word_1_28' title='bbox 1400 603 1624 674; x_wconf 78' lang='lat' dir='ltr'><strong>Assyria</strong></span> <span class='ocrx_word' id='word_1_29' title='bbox 1689 612 1852 657; x_wconf 89' lang='lat' dir='ltr'><strong>natus</strong></span> <span class='ocrx_word' id='word_1_30' title='bbox 1886 601 2003 670; x_wconf 89' lang='lat' dir='ltr'><strong>ipse</strong></span> <span class='ocrx_word' id='word_1_31' title='bbox 2057 596 2275 668; x_wconf 84' lang='lat' dir='ltr'><strong>quidem</strong></span> <span class='ocrx_word' id='word_1_32' title='bbox 2300 637 2316 663; x_wconf 95' lang='lat'><strong>,</strong></span> <span class='ocrx_word' id='word_1_33' title='bbox 2361 596 2453 650; x_wconf 86' lang='lat' dir='ltr'><strong>sed</strong></span> <span class='ocrx_word' id='word_1_34' title='bbox 2482 604 2664 649; x_wconf 88' lang='lat' dir='ltr'><strong>tamen</strong></span> <span class='ocrx_word' id='word_1_35' title='bbox 2729 597 2968 666; x_wconf 87' lang='lat' dir='ltr'><strong>primum</strong></span> <span class='ocrx_word' id='word_1_36' title='bbox 3027 600 3258 665; x_wconf 77' lang='lat' dir='ltr'><strong>vestris,</strong></span> <span class='ocrx_word' id='word_1_37' title='bbox 3311 607 3424 654; x_wconf 84' lang='lat' dir='ltr'><strong>tum</strong></span> <span class='ocrx_word' id='word_1_38' title='bbox 3462 601 3530 656; x_wconf 90' lang='lat' dir='ltr'><strong>iis</strong></span> <span class='ocrx_word' id='word_1_39' title='bbox 3564 601 3806 672; x_wconf 84' lang='lat' dir='ltr'><strong>demum,</strong></span> 
     </span>
    </p>
   </div>
   <div class='ocr_carea' id='block_1_4' title="bbox 544 684 3810 764">
    <p class='ocr_par' dir='ltr' id='par_1_4' title="bbox 544 684 3810 764">
     <span class='ocr_line' id='line_1_4' title="bbox 544 684 3810 764; baseline 0.001 -19"><span class='ocrx_word' id='word_1_40' title='bbox 544 707 780 760; x_wconf 89' lang='lat' dir='ltr'><strong>quorum</strong></span> <span class='ocrx_word' id='word_1_41' title='bbox 822 708 908 746; x_wconf 92' lang='lat' dir='ltr'><strong>me</strong></span> <span class='ocrx_word' id='word_1_42' title='bbox 951 707 1257 764; x_wconf 67' lang='lat' dir='ltr'><strong>praeconem</strong></span> <span class='ocrx_word' id='word_1_43' title='bbox 1311 693 1471 747; x_wconf 88' lang='lat' dir='ltr'><strong>hodie</strong></span> <span class='ocrx_word' id='word_1_44' title='bbox 1515 692 1808 760; x_wconf 81' lang='lat' dir='ltr'><strong>proﬁteor,</strong></span> <span class='ocrx_word' id='word_1_45' title='bbox 1856 689 2126 745; x_wconf 89' lang='lat' dir='ltr'><strong>eruditus.</strong></span> <span class='ocrx_word' id='word_1_46' title='bbox 2166 684 2434 740; x_wconf 60' lang='lat' dir='ltr'><strong>Caterum</strong></span> <span class='ocrx_word' id='word_1_47' title='bbox 2497 687 2611 741; x_wconf 90' lang='lat' dir='ltr'><strong>veri</strong></span> <span class='ocrx_word' id='word_1_48' title='bbox 2661 686 2774 757; x_wconf 88' lang='lat' dir='ltr'><strong>jam</strong></span> <span class='ocrx_word' id='word_1_49' title='bbox 2806 686 2900 742; x_wconf 85' lang='lat' dir='ltr'><strong>Dei</strong></span> <span class='ocrx_word' id='word_1_50' title='bbox 2937 689 3245 761; x_wconf 87' lang='lat' dir='ltr'><strong>cognitione</strong></span> <span class='ocrx_word' id='word_1_51' title='bbox 3270 689 3595 759; x_wconf 88' lang='lat' dir='ltr'><strong>illustratus,</strong></span> <span class='ocrx_word' id='word_1_52' title='bbox 3614 708 3810 763; x_wconf 85' lang='lat' dir='ltr'><strong>resque</strong></span> 
     </span>
    </p>
   </div>
   <div class='ocr_carea' id='block_1_5' title="bbox 546 779 3812 857">
    <p class='ocr_par' dir='ltr' id='par_1_5' title="bbox 546 779 3812 857">
     <span class='ocr_line' id='line_1_5' title="bbox 546 779 3812 857; baseline 0.001 -18"><span class='ocrx_word' id='word_1_53' title='bbox 546 785 616 840; x_wconf 90' lang='lat' dir='ltr'><strong>ab</strong></span> <span class='ocrx_word' id='word_1_54' title='bbox 643 800 708 839; x_wconf 86' lang='lat' dir='ltr'><strong>eo</strong></span> <span class='ocrx_word' id='word_1_55' title='bbox 740 794 934 840; x_wconf 81' lang='lat' dir='ltr'><strong>creata:</strong></span> <span class='ocrx_word' id='word_1_56' title='bbox 982 786 1289 855; x_wconf 73' lang='lat' dir='ltr'><strong>cuiusmodi</strong></span> <span class='ocrx_word' id='word_1_57' title='bbox 1324 785 1437 841; x_wconf 88' lang='lat' dir='ltr'><strong>sint</strong></span> <span class='ocrx_word' id='word_1_58' title='bbox 1485 786 1813 856; x_wconf 88' lang='lat' dir='ltr'><strong>intelligens,</strong></span> <span class='ocrx_word' id='word_1_59' title='bbox 1867 782 1935 838; x_wconf 89' lang='lat' dir='ltr'><strong>ad</strong></span> <span class='ocrx_word' id='word_1_60' title='bbox 1988 779 2332 837; x_wconf 87' lang='lat' dir='ltr'><strong>subeundum</strong></span> <span class='ocrx_word' id='word_1_61' title='bbox 2390 794 2609 850; x_wconf 89' lang='lat' dir='ltr'><strong>quoque</strong></span> <span class='ocrx_word' id='word_1_62' title='bbox 2656 780 2971 851; x_wconf 84' lang='lat' dir='ltr'><strong>dogmatum</strong></span> <span class='ocrx_word' id='word_1_63' title='bbox 2997 790 3309 837; x_wconf 86' lang='lat' dir='ltr'><strong>nostrorum</strong></span> <span class='ocrx_word' id='word_1_64' title='bbox 3363 799 3599 839; x_wconf 76' lang='lat' dir='ltr'><strong>examen</strong></span> <span class='ocrx_word' id='word_1_65' title='bbox 3623 801 3812 857; x_wconf 80' lang='lat' dir='ltr'><strong>prom-</strong></span> 
     </span>
    </p>
   </div>
   <div class='ocr_carea' id='block_1_6' title="bbox 546 871 3806 949">
    <p class='ocr_par' dir='ltr' id='par_1_6' title="bbox 546 871 3806 949">
     <span class='ocr_line' id='line_1_6' title="bbox 546 871 3806 949; baseline 0.001 -20"><span class='ocrx_word' id='word_1_66' title='bbox 546 887 696 946; x_wconf 87' lang='lat' dir='ltr'><strong>ptum</strong></span> <span class='ocrx_word' id='word_1_67' title='bbox 732 892 820 932; x_wconf 88' lang='lat' dir='ltr'><strong>me</strong></span> <span class='ocrx_word' id='word_1_68' title='bbox 844 877 1000 933; x_wconf 83' lang='lat' dir='ltr'><strong>vobis</strong></span> <span class='ocrx_word' id='word_1_69' title='bbox 1059 887 1420 948; x_wconf 89' lang='lat' dir='ltr'><strong>paratumque</strong></span> <span class='ocrx_word' id='word_1_70' title='bbox 1470 880 1631 945; x_wconf 90' lang='lat' dir='ltr'><strong>sisto,</strong></span> <span class='ocrx_word' id='word_1_71' title='bbox 1677 875 1848 932; x_wconf 82' lang='lat' dir='ltr'><strong>divini</strong></span> <span class='ocrx_word' id='word_1_72' title='bbox 1891 884 2054 944; x_wconf 75' lang='lat' dir='ltr'><strong>IIUJUS</strong></span> <span class='ocrx_word' id='word_1_73' title='bbox 2120 871 2360 926; x_wconf 85' lang='lat' dir='ltr'><strong>instituti</strong></span> <span class='ocrx_word' id='word_1_74' title='bbox 2417 880 2742 927; x_wconf 83' lang='lat' dir='ltr'><strong>sectatorem</strong></span> <span class='ocrx_word' id='word_1_75' title='bbox 2772 872 2923 928; x_wconf 91' lang='lat' dir='ltr'><strong>nullo</strong></span> <span class='ocrx_word' id='word_1_76' title='bbox 2975 888 3063 929; x_wconf 91' lang='lat' dir='ltr'><strong>me</strong></span> <span class='ocrx_word' id='word_1_77' title='bbox 3083 889 3324 944; x_wconf 86' lang='lat' dir='ltr'><strong>unquam</strong></span> <span class='ocrx_word' id='word_1_78' title='bbox 3357 883 3601 948; x_wconf 86' lang='lat' dir='ltr'><strong>tempore</strong></span> <span class='ocrx_word' id='word_1_79' title='bbox 3636 892 3806 949; x_wconf 84' lang='lat' dir='ltr'><strong>nega-</strong></span> 
     </span>
    </p>
   </div>
   <div class='ocr_carea' id='block_1_7' title="bbox 549 964 2526 1025">
    <p class='ocr_par' dir='ltr' id='par_1_7' title="bbox 549 964 2526 1025">
     <span class='ocr_line' id='line_1_7' title="bbox 549 964 2526 1025; baseline -0.004 -1"><span class='ocrx_word' id='word_1_80' title='bbox 549 978 724 1025; x_wconf 88' lang='lat' dir='ltr'><strong>turus.</strong></span> <span class='ocrx_word' id='word_1_81' title='bbox 768 987 787 1021; x_wconf 78' lang='grc' dir='ltr'><strong>ι</strong></span> <span class='ocrx_word' id='word_1_82' title='bbox 847 967 1124 1025; x_wconf 79' lang='lat' dir='ltr'><strong>Hactenus</strong></span> <span class='ocrx_word' id='word_1_83' title='bbox 1183 968 1467 1023; x_wconf 87' lang='lat' dir='ltr'><strong>Tatianus.</strong></span> <span class='ocrx_word' id='word_1_84' title='bbox 1524 967 1648 1023; x_wconf 86' lang='lat' dir='ltr'><strong>Jam</strong></span> <span class='ocrx_word' id='word_1_85' title='bbox 1684 968 1752 1023; x_wconf 90' lang='lat' dir='ltr'><strong>ad</strong></span> <span class='ocrx_word' id='word_1_86' title='bbox 1792 964 2124 1022; x_wconf 86' lang='lat' dir='ltr'><strong>Clementem</strong></span> <span class='ocrx_word' id='word_1_87' title='bbox 2165 971 2526 1017; x_wconf 86' lang='lat' dir='ltr'><strong>transeamus.</strong></span> 
     </span>
    </p>
   </div>
   <div class='ocr_carea' id='block_1_8' title="bbox 1141 1085 1525 1141">
    <p class='ocr_par' dir='ltr' id='par_1_8' title="bbox 1141 1085 1525 1141">
     <span class='ocr_line' id='line_1_8' title="bbox 1141 1085 1525 1141; baseline 0 0"><span class='ocrx_word' id='word_1_88' title='bbox 1141 1085 1370 1141; x_wconf 87' lang='lat' dir='ltr'><strong>CAPUT</strong></span> <span class='ocrx_word' id='word_1_89' title='bbox 1407 1086 1525 1141; x_wconf 76' lang='lat' dir='ltr'><strong>XII.</strong></span> 
     </span>
    </p>
   </div>
   <div class='ocr_carea' id='block_1_9' title="bbox 694 1200 1982 1271">
    <p class='ocr_par' dir='ltr' id='par_1_9' title="bbox 694 1200 1982 1271">
     <span class='ocr_line' id='line_1_9' title="bbox 694 1200 1982 1271; baseline -0.001 -15"><span class='ocrx_word' id='word_1_90' title='bbox 694 1201 767 1256; x_wconf 90' lang='lat' dir='ltr'><strong>De</strong></span> <span class='ocrx_word' id='word_1_91' title='bbox 794 1202 998 1268; x_wconf 85' lang='lat' dir='ltr'><strong>eadem,</strong></span> <span class='ocrx_word' id='word_1_92' title='bbox 1016 1217 1093 1255; x_wconf 70' lang='lat' dir='ltr'><strong>ea:</strong></span> <span class='ocrx_word' id='word_1_93' title='bbox 1117 1200 1401 1268; x_wconf 76' lang='lat' dir='ltr'><strong>Clemente,</strong></span> <span class='ocrx_word' id='word_1_94' title='bbox 1434 1202 1762 1257; x_wconf 88' lang='lat' dir='ltr'><strong>Stromatum</strong></span> <span class='ocrx_word' id='word_1_95' title='bbox 1791 1201 1982 1271; x_wconf 78' lang='lat' dir='ltr'><strong>primo.</strong></span> 
     </span>
    </p>
   </div>
   <div class='ocr_carea' id='block_1_10' title="bbox 629 1354 2125 1428">
    <p class='ocr_par' dir='ltr' id='par_1_10' title="bbox 629 1354 2125 1428">
     <span class='ocr_line' id='line_1_10' title="bbox 629 1354 2125 1428; baseline 0 -18"><span class='ocrx_word' id='word_1_96' title='bbox 629 1376 649 1410; x_wconf 79' lang='grc' dir='ltr'><strong>ι</strong></span> <span class='ocrx_word' id='word_1_97' title='bbox 682 1355 777 1412; x_wconf 88' lang='lat' dir='ltr'><strong>Est</strong></span> <span class='ocrx_word' id='word_1_98' title='bbox 808 1356 1031 1428; x_wconf 90' lang='lat' dir='ltr'><strong>quidem</strong></span> <span class='ocrx_word' id='word_1_99' title='bbox 1058 1357 1128 1413; x_wconf 90' lang='lat' dir='ltr'><strong>iis</strong></span> <span class='ocrx_word' id='word_1_100' title='bbox 1156 1357 1225 1414; x_wconf 90' lang='lat' dir='ltr'><strong>de</strong></span> <span class='ocrx_word' id='word_1_101' title='bbox 1260 1358 1455 1423; x_wconf 90' lang='lat' dir='ltr'><strong>rebus,</strong></span> <span class='ocrx_word' id='word_1_102' title='bbox 1503 1358 1714 1427; x_wconf 88' lang='lat' dir='ltr'><strong>inquit,</strong></span> <span class='ocrx_word' id='word_1_103' title='bbox 1749 1372 1781 1412; x_wconf 90' lang='lat' dir='ltr'><strong>a</strong></span> <span class='ocrx_word' id='word_1_104' title='bbox 1811 1356 2038 1412; x_wconf 84' lang='lat' dir='ltr'><strong>Taliane</strong></span> <span class='ocrx_word' id='word_1_105' title='bbox 2070 1354 2125 1410; x_wconf 86' lang='lat' dir='ltr'><strong>in</strong></span> 
     </span>
    </p>
   </div>
   <div class='ocr_carea' id='block_1_11' title="bbox 551 1447 2126 1519">
    <p class='ocr_par' dir='ltr' id='par_1_11' title="bbox 551 1447 2126 1519">
     <span class='ocr_line' id='line_1_11' title="bbox 551 1447 2126 1519; baseline -0.003 -13"><span class='ocrx_word' id='word_1_106' title='bbox 551 1466 652 1507; x_wconf 89' lang='lat' dir='ltr'><strong>sua</strong></span> <span class='ocrx_word' id='word_1_107' title='bbox 685 1452 949 1504; x_wconf 79' lang='lat' dir='ltr'><strong>Adversus</strong></span> <span class='ocrx_word' id='word_1_108' title='bbox 979 1447 1188 1504; x_wconf 68' lang='lat' dir='ltr'><strong>Gnaeos</strong></span> <span class='ocrx_word' id='word_1_109' title='bbox 1227 1453 1464 1506; x_wconf 84' lang='lat' dir='ltr'><strong>oratione</strong></span> <span class='ocrx_word' id='word_1_110' title='bbox 1491 1458 1743 1506; x_wconf 86' lang='lat' dir='ltr'><strong>accurate</strong></span> <span class='ocrx_word' id='word_1_111' title='bbox 1768 1450 2126 1519; x_wconf 87' lang='lat' dir='ltr'><strong>disputatum,</strong></span> 
     </span>
    </p>
   </div>
   <div class='ocr_carea' id='block_1_12' title="bbox 550 1538 2124 1611">
    <p class='ocr_par' dir='ltr' id='par_1_12' title="bbox 550 1538 2124 1611">
     <span class='ocr_line' id='line_1_12' title="bbox 550 1538 2124 1611; baseline 0 -18"><span class='ocrx_word' id='word_1_112' title='bbox 550 1538 892 1609; x_wconf 86' lang='lat' dir='ltr'><strong>disputatum</strong></span> <span class='ocrx_word' id='word_1_113' title='bbox 945 1548 1001 1595; x_wconf 87' lang='lat' dir='ltr'><strong>et</strong></span> <span class='ocrx_word' id='word_1_114' title='bbox 1048 1555 1078 1593; x_wconf 90' lang='lat' dir='ltr'><strong>a</strong></span> <span class='ocrx_word' id='word_1_115' title='bbox 1108 1539 1375 1595; x_wconf 85' lang='lat' dir='ltr'><strong>Cassiano</strong></span> <span class='ocrx_word' id='word_1_116' title='bbox 1406 1541 1460 1595; x_wconf 90' lang='lat' dir='ltr'><strong>in</strong></span> <span class='ocrx_word' id='word_1_117' title='bbox 1494 1541 1673 1611; x_wconf 92' lang='lat' dir='ltr'><strong>primo</strong></span> <span class='ocrx_word' id='word_1_118' title='bbox 1704 1540 2124 1610; x_wconf 77' lang='lat' dir='ltr'><strong>Pontiﬁcalium.</strong></span> 
     </span>
    </p>
   </div>
   <div class='ocr_carea' id='block_1_13' title="bbox 554 1629 2128 1701">
    <p class='ocr_par' dir='ltr' id='par_1_13' title="bbox 554 1629 2128 1701">
     <span class='ocr_line' id='line_1_13' title="bbox 554 1629 2128 1701; baseline -0.001 -16"><span class='ocrx_word' id='word_1_119' title='bbox 554 1629 657 1685; x_wconf 86' lang='lat' dir='ltr'><strong>Sed</strong></span> <span class='ocrx_word' id='word_1_120' title='bbox 688 1639 867 1685; x_wconf 88' lang='lat' dir='ltr'><strong>tamen</strong></span> <span class='ocrx_word' id='word_1_121' title='bbox 898 1630 1077 1700; x_wconf 92' lang='lat' dir='ltr'><strong>operis</strong></span> <span class='ocrx_word' id='word_1_122' title='bbox 1102 1632 1339 1701; x_wconf 87' lang='lat' dir='ltr'><strong>suscepti</strong></span> <span class='ocrx_word' id='word_1_123' title='bbox 1365 1631 1506 1685; x_wconf 87' lang='lat' dir='ltr'><strong>ratio</strong></span> <span class='ocrx_word' id='word_1_124' title='bbox 1535 1631 1803 1701; x_wconf 86' lang='lat' dir='ltr'><strong>postulat,</strong></span> <span class='ocrx_word' id='word_1_125' title='bbox 1836 1640 1896 1684; x_wconf 92' lang='lat' dir='ltr'><strong>ut</strong></span> <span class='ocrx_word' id='word_1_126' title='bbox 1916 1645 2037 1700; x_wconf 75' lang='lat' dir='ltr'><strong>quae</strong></span> <span class='ocrx_word' id='word_1_127' title='bbox 2059 1630 2128 1685; x_wconf 92' lang='lat' dir='ltr'><strong>ab</strong></span> 
     </span>
    </p>
   </div>
   <div class='ocr_carea' id='block_1_14' title="bbox 552 1720 2126 1792">
    <p class='ocr_par' dir='ltr' id='par_1_14' title="bbox 552 1720 2126 1792">
     <span class='ocr_line' id='line_1_14' title="bbox 552 1720 2126 1792; baseline 0.001 -16"><span class='ocrx_word' id='word_1_128' title='bbox 552 1721 676 1776; x_wconf 89' lang='lat' dir='ltr'><strong>aliis</strong></span> <span class='ocrx_word' id='word_1_129' title='bbox 703 1721 844 1776; x_wconf 89' lang='lat' dir='ltr'><strong>hanc</strong></span> <span class='ocrx_word' id='word_1_130' title='bbox 875 1720 928 1774; x_wconf 91' lang='lat' dir='ltr'><strong>in</strong></span> <span class='ocrx_word' id='word_1_131' title='bbox 968 1736 1081 1777; x_wconf 90' lang='lat' dir='ltr'><strong>rem</strong></span> <span class='ocrx_word' id='word_1_132' title='bbox 1107 1724 1326 1792; x_wconf 88' lang='lat' dir='ltr'><strong>copiose</strong></span> <span class='ocrx_word' id='word_1_133' title='bbox 1373 1723 1517 1778; x_wconf 91' lang='lat' dir='ltr'><strong>dicta</strong></span> <span class='ocrx_word' id='word_1_134' title='bbox 1567 1732 1739 1790; x_wconf 89' lang='lat' dir='ltr'><strong>sunt,</strong></span> <span class='ocrx_word' id='word_1_135' title='bbox 1792 1738 1856 1777; x_wconf 89' lang='lat' dir='ltr'><strong>ea</strong></span> <span class='ocrx_word' id='word_1_136' title='bbox 1889 1723 2126 1777; x_wconf 82' lang='lat' dir='ltr'><strong>breviter</strong></span> 
     </span>
    </p>
   </div>
   <div class='ocr_carea' id='block_1_15' title="bbox 551 1813 2127 1886">
    <p class='ocr_par' dir='ltr' id='par_1_15' title="bbox 551 1813 2127 1886">
     <span class='ocr_line' id='line_1_15' title="bbox 551 1813 2127 1886; baseline 0.001 -19"><span class='ocrx_word' id='word_1_137' title='bbox 551 1813 974 1883; x_wconf 86' lang='lat' dir='ltr'><strong>summatimque</strong></span> <span class='ocrx_word' id='word_1_138' title='bbox 987 1828 1323 1883; x_wconf 91' lang='lat' dir='ltr'><strong>percurram.</strong></span> <span class='ocrx_word' id='word_1_139' title='bbox 1342 1816 1516 1884; x_wconf 85' lang='lat' dir='ltr'><strong>Apion</strong></span> <span class='ocrx_word' id='word_1_140' title='bbox 1538 1816 1702 1886; x_wconf 80' lang='lat' dir='ltr'><strong>Igitur</strong></span> <span class='ocrx_word' id='word_1_141' title='bbox 1714 1814 2127 1886; x_wconf 83' lang='lat' dir='ltr'><strong>grammaticus,</strong></span> 
     </span>
    </p>
   </div>
   <div class='ocr_carea' id='block_1_16' title="bbox 551 1903 2128 1979">
    <p class='ocr_par' dir='ltr' id='par_1_16' title="bbox 551 1903 2128 1979">
     <span class='ocr_line' id='line_1_16' title="bbox 551 1903 2128 1979; baseline 0.003 -22"><span class='ocrx_word' id='word_1_142' title='bbox 551 1903 601 1959; x_wconf 89' lang='lat' dir='ltr'><strong>is</strong></span> <span class='ocrx_word' id='word_1_143' title='bbox 625 1920 782 1973; x_wconf 89' lang='lat' dir='ltr'><strong>quem</strong></span> <span class='ocrx_word' id='word_1_144' title='bbox 803 1905 1264 1972; x_wconf 75' lang='grc' dir='ltr'>Πλειστονίκην,</span> <span class='ocrx_word' id='word_1_145' title='bbox 1294 1904 1422 1977; x_wconf 81' lang='lat' dir='ltr'><strong>[hoc</strong></span> <span class='ocrx_word' id='word_1_146' title='bbox 1435 1914 1518 1961; x_wconf 88' lang='lat' dir='ltr'><strong>est</strong></span> <span class='ocrx_word' id='word_1_147' title='bbox 1537 1905 2128 1979; x_wconf 62' lang='lat' dir='ltr'><strong>mpissime&#39;pictoremJ</strong></span> 
     </span>
    </p>
   </div>
   <div class='ocr_carea' id='block_1_17' title="bbox 551 1982 2126 2069">
    <p class='ocr_par' dir='ltr' id='par_1_17' title="bbox 551 1982 2126 2069">
     <span class='ocr_line' id='line_1_17' title="bbox 551 1982 2126 2069; baseline 0.004 -22"><span class='ocrx_word' id='word_1_148' title='bbox 551 1992 878 2062; x_wconf 84' lang='lat' dir='ltr'><strong>nominant,</strong></span> <span class='ocrx_word' id='word_1_149' title='bbox 940 1982 1386 2066; x_wconf 64' lang='lat' dir='ltr'><strong>zEgyptiacarum</strong></span> <span class='ocrx_word' id='word_1_150' title='bbox 1459 1996 1824 2052; x_wconf 72' lang='lat' dir='ltr'><strong>Historiarum</strong></span> <span class='ocrx_word' id='word_1_151' title='bbox 1889 2007 2126 2069; x_wconf 87' lang='lat' dir='ltr'><strong>quarto,</strong></span> 
     </span>
    </p>
   </div>
   <div class='ocr_carea' id='block_1_18' title="bbox 551 2082 2129 2159">
    <p class='ocr_par' dir='ltr' id='par_1_18' title="bbox 551 2082 2129 2159">
     <span class='ocr_line' id='line_1_18' title="bbox 551 2082 2129 2159; baseline 0.005 -22"><span class='ocrx_word' id='word_1_152' title='bbox 551 2082 715 2154; x_wconf 67' lang='grc'><strong>497</strong></span> <span class='ocrx_word' id='word_1_153' title='bbox 750 2085 892 2152; x_wconf 86' lang='lat' dir='ltr'><strong>licet,</strong></span> <span class='ocrx_word' id='word_1_154' title='bbox 924 2096 985 2142; x_wconf 90' lang='lat' dir='ltr'><strong>ut</strong></span> <span class='ocrx_word' id='word_1_155' title='bbox 1013 2086 1299 2158; x_wconf 62' lang='lat' dir='ltr'><strong>Egyptius</strong></span> <span class='ocrx_word' id='word_1_156' title='bbox 1332 2098 1470 2155; x_wconf 90' lang='lat' dir='ltr'><strong>erat,</strong></span> <span class='ocrx_word' id='word_1_157' title='bbox 1495 2098 1603 2142; x_wconf 86' lang='lat' dir='ltr'><strong>tam</strong></span> <span class='ocrx_word' id='word_1_158' title='bbox 1628 2088 1841 2145; x_wconf 80' lang='lat' dir='ltr'><strong>infenso</strong></span> <span class='ocrx_word' id='word_1_159' title='bbox 1869 2106 1994 2159; x_wconf 78' lang='lat' dir='ltr'><strong>erga</strong></span> <span class='ocrx_word' id='word_1_160' title='bbox 2024 2089 2129 2145; x_wconf 88' lang='lat' dir='ltr'><strong>He-</strong></span> 
     </span>
    </p>
   </div>
   <div class='ocr_carea' id='block_1_19' title="bbox 551 2175 2130 2243">
    <p class='ocr_par' dir='ltr' id='par_1_19' title="bbox 551 2175 2130 2243">
     <span class='ocr_line' id='line_1_19' title="bbox 551 2175 2130 2243; baseline 0.005 -15"><span class='ocrx_word' id='word_1_161' title='bbox 551 2175 728 2231; x_wconf 62' lang='lat' dir='ltr'><strong>braeos</strong></span> <span class='ocrx_word' id='word_1_162' title='bbox 761 2178 943 2231; x_wconf 89' lang='lat' dir='ltr'><strong>animo</strong></span> <span class='ocrx_word' id='word_1_163' title='bbox 977 2178 1160 2243; x_wconf 79' lang='lat' dir='ltr'><strong>fuerit,</strong></span> <span class='ocrx_word' id='word_1_164' title='bbox 1213 2189 1273 2233; x_wconf 90' lang='lat' dir='ltr'><strong>ut</strong></span> <span class='ocrx_word' id='word_1_165' title='bbox 1301 2180 1466 2234; x_wconf 89' lang='lat' dir='ltr'><strong>etiam</strong></span> <span class='ocrx_word' id='word_1_166' title='bbox 1499 2182 1786 2235; x_wconf 87' lang='lat' dir='ltr'><strong>adversum</strong></span> <span class='ocrx_word' id='word_1_167' title='bbox 1814 2179 2031 2236; x_wconf 69' lang='lat' dir='ltr'><strong>Iudaeos</strong></span> <span class='ocrx_word' id='word_1_168' title='bbox 2063 2182 2130 2236; x_wconf 81' lang='lat' dir='ltr'><strong>Ii-</strong></span> 
     </span>
    </p>
   </div>
   <div class='ocr_carea' id='block_1_20' title="bbox 2156 1085 2203 1141">
    <p class='ocr_par' dir='ltr' id='par_1_20' title="bbox 2156 1085 2203 1141">
     <span class='ocr_line' id='line_1_20' title="bbox 2156 1085 2203 1141; baseline 0 0"><span class='ocrx_word' id='word_1_169' title='bbox 2156 1085 2203 1141; x_wconf 80' lang='grc' dir='ltr'><strong>Α</strong></span> 
     </span>
    </p>
   </div>
   <div class='ocr_carea' id='block_1_21' title="bbox 2750 1085 3286 1139">
    <p class='ocr_par' dir='ltr' id='par_1_21' title="bbox 2750 1085 3286 1139">
     <span class='ocr_line' id='line_1_21' title="bbox 2750 1085 3286 1139; baseline 0.004 -2"><span class='ocrx_word' id='word_1_170' title='bbox 2750 1085 3148 1138; x_wconf 74' lang='grc' dir='ltr'>ΚΕΦΑΛΑΙΟΝ</span> <span class='ocrx_word' id='word_1_171' title='bbox 3185 1085 3286 1139; x_wconf 88' lang='lat' dir='ltr'><strong>IB&#39;.</strong></span> 
     </span>
    </p>
   </div>
   <div class='ocr_carea' id='block_1_22' title="bbox 2246 1177 3808 1248">
    <p class='ocr_par' dir='ltr' id='par_1_22' title="bbox 2246 1177 3808 1248">
     <span class='ocr_line' id='line_1_22' title="bbox 2246 1177 3808 1248; baseline 0.001 -15"><span class='ocrx_word' id='word_1_172' title='bbox 2246 1177 2380 1233; x_wconf 78' lang='grc' dir='ltr'><strong>Ἀπὸ</strong></span> <span class='ocrx_word' id='word_1_173' title='bbox 2421 1177 2529 1231; x_wconf 84' lang='grc' dir='ltr'>τοῦ</span> <span class='ocrx_word' id='word_1_174' title='bbox 2573 1177 2804 1246; x_wconf 83' lang='grc' dir='ltr'><strong>πρώτου</strong></span> <span class='ocrx_word' id='word_1_175' title='bbox 2849 1177 2966 1231; x_wconf 80' lang='grc' dir='ltr'><strong>τῶν</strong></span> <span class='ocrx_word' id='word_1_176' title='bbox 3006 1177 3352 1248; x_wconf 77' lang='grc' dir='ltr'>Κλήμεντος</span> <span class='ocrx_word' id='word_1_177' title='bbox 3393 1179 3808 1248; x_wconf 70' lang='grc' dir='ltr'>Στρωματέων,</span> 
     </span>
    </p>
   </div>
   <div class='ocr_carea' id='block_1_23' title="bbox 2758 1248 3273 1316">
    <p class='ocr_par' dir='ltr' id='par_1_23' title="bbox 2758 1248 3273 1316">
     <span class='ocr_line' id='line_1_23' title="bbox 2758 1248 3273 1316; baseline 0 -16"><span class='ocrx_word' id='word_1_178' title='bbox 2758 1249 2891 1316; x_wconf 78' lang='grc' dir='ltr'>περὶ</span> <span class='ocrx_word' id='word_1_179' title='bbox 2930 1248 3035 1301; x_wconf 83' lang='grc' dir='ltr'>τοῦ</span> <span class='ocrx_word' id='word_1_180' title='bbox 3067 1249 3273 1302; x_wconf 79' lang='grc' dir='ltr'>αὑτοῦ.</span> 
     </span>
    </p>
   </div>
   <div class='ocr_carea' id='block_1_24' title="bbox 2312 1336 3809 1412">
    <p class='ocr_par' dir='ltr' id='par_1_24' title="bbox 2312 1336 3809 1412">
     <span class='ocr_line' id='line_1_24' title="bbox 2312 1336 3809 1412; baseline 0.004 -24"><span class='ocrx_word' id='word_1_181' title='bbox 2312 1355 2330 1388; x_wconf 88' lang='grc' dir='ltr'><strong>ι</strong></span> <span class='ocrx_word' id='word_1_182' title='bbox 2370 1337 2599 1409; x_wconf 77' lang='grc' dir='ltr'><strong>Εἴρηται</strong></span> <span class='ocrx_word' id='word_1_183' title='bbox 2658 1339 2757 1407; x_wconf 82' lang='grc' dir='ltr'>μὲν</span> <span class='ocrx_word' id='word_1_184' title='bbox 2803 1336 2898 1393; x_wconf 74' lang='grc' dir='ltr'>οὖν</span> <span class='ocrx_word' id='word_1_185' title='bbox 2957 1338 3068 1407; x_wconf 81' lang='grc'><strong>(95)</strong></span> <span class='ocrx_word' id='word_1_186' title='bbox 3112 1340 3241 1410; x_wconf 74' lang='grc' dir='ltr'>περὶ</span> <span class='ocrx_word' id='word_1_187' title='bbox 3298 1338 3502 1392; x_wconf 89' lang='grc' dir='ltr'>τούτων</span> <span class='ocrx_word' id='word_1_188' title='bbox 3561 1339 3809 1412; x_wconf 74' lang='grc' dir='ltr'>ἀκριϐῶς</span> 
     </span>
    </p>
   </div>
   <div class='ocr_carea' id='block_1_25' title="bbox 2235 1423 3811 1502">
    <p class='ocr_par' dir='ltr' id='par_1_25' title="bbox 2235 1423 3811 1502">
     <span class='ocr_line' id='line_1_25' title="bbox 2235 1423 3811 1502; baseline 0.006 -22"><span class='ocrx_word' id='word_1_189' title='bbox 2235 1428 2483 1500; x_wconf 81' lang='grc' dir='ltr'>Τατιανῷ</span> <span class='ocrx_word' id='word_1_190' title='bbox 2523 1432 2582 1484; x_wconf 81' lang='grc' dir='ltr'>ὲν</span> <span class='ocrx_word' id='word_1_191' title='bbox 2618 1423 2698 1497; x_wconf 81' lang='grc' dir='ltr'>τῷ</span> <span class='ocrx_word' id='word_1_192' title='bbox 2717 1428 3019 1498; x_wconf 79' lang='grc' dir='ltr'>πρὸςτοὺς</span> <span class='ocrx_word' id='word_1_193' title='bbox 3034 1430 3361 1499; x_wconf 75' lang='grc' dir='ltr'>Ἕλληνας,</span> <span class='ocrx_word' id='word_1_194' title='bbox 3382 1430 3594 1502; x_wconf 75' lang='grc' dir='ltr'>εἴρηται</span> <span class='ocrx_word' id='word_1_195' title='bbox 3625 1432 3683 1485; x_wconf 80' lang='grc' dir='ltr'>δὲ</span> <span class='ocrx_word' id='word_1_196' title='bbox 3717 1434 3811 1487; x_wconf 72' lang='grc' dir='ltr'>καὶ</span> 
     </span>
    </p>
   </div>
   <div class='ocr_carea' id='block_1_26' title="bbox 2234 1519 3813 1592">
    <p class='ocr_par' dir='ltr' id='par_1_26' title="bbox 2234 1519 3813 1592">
     <span class='ocr_line' id='line_1_26' title="bbox 2234 1519 3813 1592; baseline 0.004 -19"><span class='ocrx_word' id='word_1_197' title='bbox 2234 1521 2525 1591; x_wconf 82' lang='grc' dir='ltr'>Κασσιανῷ</span> <span class='ocrx_word' id='word_1_198' title='bbox 2561 1522 2617 1574; x_wconf 82' lang='grc' dir='ltr'>ὲν</span> <span class='ocrx_word' id='word_1_199' title='bbox 2645 1521 2722 1591; x_wconf 82' lang='grc' dir='ltr'>τῷ</span> <span class='ocrx_word' id='word_1_200' title='bbox 2760 1519 2961 1592; x_wconf 85' lang='grc' dir='ltr'><strong>πρώτῳ</strong></span> <span class='ocrx_word' id='word_1_201' title='bbox 2984 1519 3093 1573; x_wconf 84' lang='grc' dir='ltr'><strong>τῶν</strong></span> <span class='ocrx_word' id='word_1_202' title='bbox 3122 1521 3535 1591; x_wconf 77' lang='grc' dir='ltr'>Ἑξηγητικῶν.</span> <span class='ocrx_word' id='word_1_203' title='bbox 3561 1524 3813 1579; x_wconf 85' lang='grc' dir='ltr'>Ἀπαιτεί</span> 
     </span>
    </p>
   </div>
   <div class='ocr_carea' id='block_1_27' title="bbox 2232 1612 3811 1687">
    <p class='ocr_par' dir='ltr' id='par_1_27' title="bbox 2232 1612 3811 1687">
     <span class='ocr_line' id='line_1_27' title="bbox 2232 1612 3811 1687; baseline 0.003 -22"><span class='ocrx_word' id='word_1_204' title='bbox 2232 1612 2277 1665; x_wconf 87' lang='grc' dir='ltr'>δ’</span> <span class='ocrx_word' id='word_1_205' title='bbox 2306 1613 2455 1682; x_wconf 85' lang='grc' dir='ltr'>ὅμως</span> <span class='ocrx_word' id='word_1_206' title='bbox 2490 1613 2552 1665; x_wconf 84' lang='grc' dir='ltr'>τὸ</span> <span class='ocrx_word' id='word_1_207' title='bbox 2589 1612 2890 1684; x_wconf 80' lang='grc' dir='ltr'>ὑπόμνημα</span> <span class='ocrx_word' id='word_1_208' title='bbox 2926 1612 3021 1666; x_wconf 77' lang='grc' dir='ltr'>καὶ</span> <span class='ocrx_word' id='word_1_209' title='bbox 3050 1614 3199 1684; x_wconf 81' lang='grc' dir='ltr'>ἡμᾶς</span> <span class='ocrx_word' id='word_1_210' title='bbox 3224 1613 3545 1687; x_wconf 79' lang='grc' dir='ltr'><strong>ἐπιδραμεῖν</strong></span> <span class='ocrx_word' id='word_1_211' title='bbox 3571 1614 3639 1669; x_wconf 80' lang='grc' dir='ltr'><strong>τὰ</strong></span> <span class='ocrx_word' id='word_1_212' title='bbox 3668 1617 3811 1670; x_wconf 80' lang='grc' dir='ltr'>κατὰ</span> 
     </span>
    </p>
   </div>
   <div class='ocr_carea' id='block_1_28' title="bbox 2235 1701 3807 1777">
    <p class='ocr_par' dir='ltr' id='par_1_28' title="bbox 2235 1701 3807 1777">
     <span class='ocr_line' id='line_1_28' title="bbox 2235 1701 3807 1777; baseline 0.003 -22"><span class='ocrx_word' id='word_1_213' title='bbox 2235 1703 2325 1754; x_wconf 85' lang='grc' dir='ltr'>τὸν</span> <span class='ocrx_word' id='word_1_214' title='bbox 2357 1702 2519 1756; x_wconf 81' lang='grc' dir='ltr'>τόπον</span> <span class='ocrx_word' id='word_1_215' title='bbox 2558 1701 2846 1774; x_wconf 75' lang='grc' dir='ltr'><strong>εἰρημένα.</strong></span> <span class='ocrx_word' id='word_1_216' title='bbox 2877 1703 3084 1757; x_wconf 80' lang='grc' dir='ltr'>Ἀπίων</span> <span class='ocrx_word' id='word_1_217' title='bbox 3112 1702 3291 1756; x_wconf 79' lang='grc' dir='ltr'>τοίνυν</span> <span class='ocrx_word' id='word_1_218' title='bbox 3330 1706 3360 1757; x_wconf 95' lang='lat'><strong>6</strong></span> <span class='ocrx_word' id='word_1_219' title='bbox 3398 1708 3807 1777; x_wconf 83' lang='grc' dir='ltr'>γραμματικὸς,</span> 
     </span>
    </p>
   </div>
   <div class='ocr_carea' id='block_1_29' title="bbox 2228 1793 3811 1866">
    <p class='ocr_par' dir='ltr' id='par_1_29' title="bbox 2228 1793 3811 1866">
     <span class='ocr_line' id='line_1_29' title="bbox 2228 1793 3811 1866; baseline 0.001 -18"><span class='ocrx_word' id='word_1_220' title='bbox 2228 1795 2258 1848; x_wconf 98' lang='lat'><strong>6</strong></span> <span class='ocrx_word' id='word_1_221' title='bbox 2300 1794 2685 1864; x_wconf 84' lang='grc' dir='ltr'>Πλειστονίκης</span> <span class='ocrx_word' id='word_1_222' title='bbox 2743 1793 3091 1865; x_wconf 73' lang='grc' dir='ltr'>ἐπικληθεὶς,</span> <span class='ocrx_word' id='word_1_223' title='bbox 3156 1795 3214 1845; x_wconf 83' lang='grc' dir='ltr'>ὲν</span> <span class='ocrx_word' id='word_1_224' title='bbox 3264 1796 3330 1865; x_wconf 79' lang='grc' dir='ltr'>τῇ</span> <span class='ocrx_word' id='word_1_225' title='bbox 3378 1794 3420 1847; x_wconf 89' lang='grc' dir='ltr'>δ’</span> <span class='ocrx_word' id='word_1_226' title='bbox 3472 1795 3581 1851; x_wconf 83' lang='grc' dir='ltr'>τῶν</span> <span class='ocrx_word' id='word_1_227' title='bbox 3629 1799 3811 1866; x_wconf 77' lang='grc' dir='ltr'>Αἰγυ-</span> 
     </span>
    </p>
   </div>
   <div class='ocr_carea' id='block_1_30' title="bbox 2230 1884 3812 1959">
    <p class='ocr_par' dir='ltr' id='par_1_30' title="bbox 2230 1884 3812 1959">
     <span class='ocr_line' id='line_1_30' title="bbox 2230 1884 3812 1959; baseline 0.001 -21"><span class='ocrx_word' id='word_1_228' title='bbox 2230 1886 2496 1939; x_wconf 80' lang='grc' dir='ltr'>πτιακῶν</span> <span class='ocrx_word' id='word_1_229' title='bbox 2549 1884 2846 1953; x_wconf 71' lang='grc' dir='ltr'>ἱστοριῶν,</span> <span class='ocrx_word' id='word_1_230' title='bbox 2910 1886 3089 1939; x_wconf 82' lang='grc' dir='ltr'>καίτοι</span> <span class='ocrx_word' id='word_1_231' title='bbox 3143 1886 3633 1958; x_wconf 75' lang='grc' dir='ltr'><strong>φιλαπεχθημόνως</strong></span> <span class='ocrx_word' id='word_1_232' title='bbox 3673 1888 3812 1959; x_wconf 80' lang='grc' dir='ltr'>πρὸς</span> 
     </span>
    </p>
   </div>
   <div class='ocr_carea' id='block_1_31' title="bbox 2244 1976 3812 2048">
    <p class='ocr_par' dir='ltr' id='par_1_31' title="bbox 2244 1976 3812 2048">
     <span class='ocr_line' id='line_1_31' title="bbox 2244 1976 3812 2048; baseline 0.002 -20"><span class='ocrx_word' id='word_1_233' title='bbox 2244 1977 2524 2048; x_wconf 80' lang='grc' dir='ltr'>Ἐϐραίους</span> <span class='ocrx_word' id='word_1_234' title='bbox 2563 1976 2921 2046; x_wconf 79' lang='grc' dir='ltr'><strong>διακείμενος,</strong></span> <span class='ocrx_word' id='word_1_235' title='bbox 2965 1977 3060 2030; x_wconf 82' lang='grc' dir='ltr'>ἆτε</span> <span class='ocrx_word' id='word_1_236' title='bbox 3093 1976 3392 2045; x_wconf 76' lang='grc' dir='ltr'><strong>Αἰγύπτιος</strong></span> <span class='ocrx_word' id='word_1_237' title='bbox 3429 1978 3490 2030; x_wconf 78' lang='grc' dir='ltr'>τὸ</span> <span class='ocrx_word' id='word_1_238' title='bbox 3515 1978 3689 2046; x_wconf 87' lang='grc' dir='ltr'>γένος,</span> <span class='ocrx_word' id='word_1_239' title='bbox 3734 1980 3812 2043; x_wconf 87' lang='grc' dir='ltr'>ὼς</span> 
     </span>
    </p>
   </div>
   <div class='ocr_carea' id='block_1_32' title="bbox 2231 2068 3813 2141">
    <p class='ocr_par' dir='ltr' id='par_1_32' title="bbox 2231 2068 3813 2141">
     <span class='ocr_line' id='line_1_32' title="bbox 2231 2068 3813 2141; baseline 0.001 -19"><span class='ocrx_word' id='word_1_240' title='bbox 2231 2071 2328 2122; x_wconf 74' lang='grc' dir='ltr'><strong>καὶ</strong></span> <span class='ocrx_word' id='word_1_241' title='bbox 2373 2069 2515 2122; x_wconf 81' lang='grc' dir='ltr'>κατὰ</span> <span class='ocrx_word' id='word_1_242' title='bbox 2560 2069 2830 2122; x_wconf 82' lang='grc' dir='ltr'>Ἰουδαίων</span> <span class='ocrx_word' id='word_1_243' title='bbox 2881 2068 3243 2133; x_wconf 81' lang='grc' dir='ltr'>συντάξασθαι</span> <span class='ocrx_word' id='word_1_244' title='bbox 3296 2069 3515 2139; x_wconf 77' lang='grc' dir='ltr'>βιϐλίον,</span> <span class='ocrx_word' id='word_1_245' title='bbox 3541 2071 3813 2141; x_wconf 85' lang='grc' dir='ltr'>Ἀμώσιος</span> 
     </span>
    </p>
   </div>
   <div class='ocr_carea' id='block_1_33' title="bbox 2231 2158 3811 2232">
    <p class='ocr_par' dir='ltr' id='par_1_33' title="bbox 2231 2158 3811 2232">
     <span class='ocr_line' id='line_1_33' title="bbox 2231 2158 3811 2232; baseline 0.002 -18"><span class='ocrx_word' id='word_1_246' title='bbox 2231 2161 2323 2215; x_wconf 75' lang='grc' dir='ltr'>τοῦ</span> <span class='ocrx_word' id='word_1_247' title='bbox 2368 2160 2680 2229; x_wconf 79' lang='grc' dir='ltr'>Αἰγυπτίων</span> <span class='ocrx_word' id='word_1_248' title='bbox 2731 2158 2994 2229; x_wconf 83' lang='grc' dir='ltr'>βασιλέως</span> <span class='ocrx_word' id='word_1_249' title='bbox 3031 2160 3374 2232; x_wconf 76' lang='grc' dir='ltr'>μεμνημένος</span> <span class='ocrx_word' id='word_1_250' title='bbox 3415 2161 3510 2214; x_wconf 73' lang='grc' dir='ltr'>καὶ</span> <span class='ocrx_word' id='word_1_251' title='bbox 3545 2161 3654 2215; x_wconf 85' lang='grc' dir='ltr'><strong>τῶν</strong></span> <span class='ocrx_word' id='word_1_252' title='bbox 3688 2164 3811 2217; x_wconf 87' lang='grc' dir='ltr'>κατ’</span> 
     </span>
    </p>
   </div>
   <div class='ocr_carea' id='block_1_34' title="bbox 552 2251 2130 2342">
    <p class='ocr_par' dir='ltr' id='par_1_34' title="bbox 552 2265 2130 2342">
     <span class='ocr_line' id='line_1_34' title="bbox 552 2265 2130 2342; baseline 0.005 -24"><span class='ocrx_word' id='word_1_253' title='bbox 552 2265 713 2319; x_wconf 85' lang='lat' dir='ltr'><strong>brum</strong></span> <span class='ocrx_word' id='word_1_254' title='bbox 746 2268 996 2333; x_wconf 86' lang='lat' dir='ltr'><strong>ediderit,</strong></span> <span class='ocrx_word' id='word_1_255' title='bbox 1023 2269 1242 2324; x_wconf 83' lang='lat' dir='ltr'><strong>Amosis</strong></span> <span class='ocrx_word' id='word_1_256' title='bbox 1275 2268 1654 2341; x_wconf 67' lang='lat' dir='ltr'><strong>Egyptiorum</strong></span> <span class='ocrx_word' id='word_1_257' title='bbox 1679 2272 1957 2340; x_wconf 91' lang='lat' dir='ltr'><strong>quondam</strong></span> <span class='ocrx_word' id='word_1_258' title='bbox 1988 2272 2130 2342; x_wconf 80' lang='lat' dir='ltr'><strong>regis</strong></span> 
     </span>
    </p>
   </div>
   <div class='ocr_carea' id='block_1_35' title="bbox 2234 2251 3812 2342">
    <p class='ocr_par' dir='ltr' id='par_1_35' title="bbox 2234 2251 3812 2326">
     <span class='ocr_line' id='line_1_35' title="bbox 2234 2251 3812 2326; baseline 0.001 -18"><span class='ocrx_word' id='word_1_259' title='bbox 2234 2256 2389 2309; x_wconf 79' lang='grc' dir='ltr'>αὐτὸν</span> <span class='ocrx_word' id='word_1_260' title='bbox 2447 2252 2731 2325; x_wconf 76' lang='grc' dir='ltr'>πράξεων,</span> <span class='ocrx_word' id='word_1_261' title='bbox 2787 2251 3041 2324; x_wconf 83' lang='grc' dir='ltr'>μάρτυρα</span> <span class='ocrx_word' id='word_1_262' title='bbox 3083 2252 3441 2324; x_wconf 84' lang='grc' dir='ltr'>παρατίθεται</span> <span class='ocrx_word' id='word_1_263' title='bbox 3476 2254 3812 2326; x_wconf 89' lang='grc' dir='ltr'>Πτολεμαῖον</span> 
     </span>
    </p>
   </div>
   <div class='ocr_carea' id='block_1_36' title="bbox 553 2340 2130 2442">
    <p class='ocr_par' dir='ltr' id='par_1_36' title="bbox 553 2340 2124 2430">
     <span class='ocr_line' id='line_1_36' title="bbox 553 2340 2124 2430; baseline 0.002 -17"><span class='ocrx_word' id='word_1_264' title='bbox 553 2372 620 2413; x_wconf 90' lang='lat' dir='ltr'><strong>ac</strong></span> <span class='ocrx_word' id='word_1_265' title='bbox 661 2374 846 2414; x_wconf 92' lang='lat' dir='ltr'><strong>rerum</strong></span> <span class='ocrx_word' id='word_1_266' title='bbox 878 2360 945 2414; x_wconf 87' lang='lat' dir='ltr'><strong>ab</strong></span> <span class='ocrx_word' id='word_1_267' title='bbox 997 2375 1063 2415; x_wconf 89' lang='lat' dir='ltr'><strong>eo</strong></span> <span class='ocrx_word' id='word_1_268' title='bbox 1096 2340 1395 2430; x_wconf 81' lang='lat' dir='ltr'><strong>gestarum</strong></span> <span class='ocrx_word' id='word_1_269' title='bbox 1423 2362 1697 2417; x_wconf 88' lang='lat' dir='ltr'><strong>mentione</strong></span> <span class='ocrx_word' id='word_1_270' title='bbox 1720 2361 1883 2429; x_wconf 82' lang='lat' dir='ltr'><strong>facta,</strong></span> <span class='ocrx_word' id='word_1_271' title='bbox 1935 2340 2124 2417; x_wconf 82' lang='lat' dir='ltr'><strong>testem</strong></span> 
     </span>
    </p>
   </div>
   <div class='ocr_carea' id='block_1_37' title="bbox 2234 2340 3807 2442">
    <p class='ocr_par' dir='ltr' id='par_1_37' title="bbox 2234 2340 3807 2419">
     <span class='ocr_line' id='line_1_37' title="bbox 2234 2340 3807 2419; baseline 0 -18"><span class='ocrx_word' id='word_1_272' title='bbox 2234 2348 2319 2401; x_wconf 80' lang='grc' dir='ltr'>τὸν</span> <span class='ocrx_word' id='word_1_273' title='bbox 2346 2348 2667 2418; x_wconf 85' lang='grc' dir='ltr'>Μενδήσιον.</span> <span class='ocrx_word' id='word_1_274' title='bbox 2709 2346 2818 2398; x_wconf 74' lang='grc' dir='ltr'><strong>Καὶ</strong></span> <span class='ocrx_word' id='word_1_275' title='bbox 2847 2345 2916 2397; x_wconf 84' lang='grc' dir='ltr'><strong>τὰ</strong></span> <span class='ocrx_word' id='word_1_276' title='bbox 2953 2345 3055 2415; x_wconf 82' lang='grc' dir='ltr'>τῆς</span> <span class='ocrx_word' id='word_1_277' title='bbox 3089 2344 3287 2412; x_wconf 82' lang='grc' dir='ltr'>λέξεως</span> <span class='ocrx_word' id='word_1_278' title='bbox 3326 2345 3490 2399; x_wconf 76' lang='grc' dir='ltr'>αὐτοῦ</span> <span class='ocrx_word' id='word_1_279' title='bbox 3523 2340 3625 2400; x_wconf 82' lang='grc' dir='ltr'>ὧδε</span> <span class='ocrx_word' id='word_1_280' title='bbox 3661 2347 3807 2419; x_wconf 79' lang='grc' dir='ltr'>ἔχει·</span> 
     </span>
    </p>
   </div>
   <div class='ocr_carea' id='block_1_38' title="bbox 552 2450 2122 2523">
    <p class='ocr_par' dir='ltr' id='par_1_38' title="bbox 552 2450 2122 2523">
     <span class='ocr_line' id='line_1_38' title="bbox 552 2450 2122 2523; baseline 0.003 -20"><span class='ocrx_word' id='word_1_281' title='bbox 552 2465 742 2504; x_wconf 85' lang='lat' dir='ltr'><strong>earum</strong></span> <span class='ocrx_word' id='word_1_282' title='bbox 795 2450 978 2505; x_wconf 86' lang='lat' dir='ltr'><strong>laudat</strong></span> <span class='ocrx_word' id='word_1_283' title='bbox 1030 2451 1381 2509; x_wconf 68' lang='lat' dir='ltr'><strong>Ptolemaeum</strong></span> <span class='ocrx_word' id='word_1_284' title='bbox 1439 2454 1727 2523; x_wconf 89' lang='lat' dir='ltr'><strong>quemdam</strong></span> <span class='ocrx_word' id='word_1_285' title='bbox 1765 2452 2122 2521; x_wconf 82' lang='lat' dir='ltr'><strong>Mendesium,</strong></span> 
     </span>
    </p>
   </div>
   <div class='ocr_carea' id='block_1_39' title="bbox 553 2541 2126 2614">
    <p class='ocr_par' dir='ltr' id='par_1_39' title="bbox 553 2541 2126 2614">
     <span class='ocr_line' id='line_1_39' title="bbox 553 2541 2126 2614; baseline 0.002 -18"><span class='ocrx_word' id='word_1_286' title='bbox 553 2541 712 2612; x_wconf 86' lang='lat' dir='ltr'><strong>cujus</strong></span> <span class='ocrx_word' id='word_1_287' title='bbox 744 2543 858 2597; x_wconf 70' lang='lat' dir='ltr'><strong>haec</strong></span> <span class='ocrx_word' id='word_1_288' title='bbox 887 2545 1048 2598; x_wconf 88' lang='lat' dir='ltr'><strong>verba</strong></span> <span class='ocrx_word' id='word_1_289' title='bbox 1083 2554 1210 2600; x_wconf 87' lang='lat' dir='ltr'><strong>sunt</strong></span> <span class='ocrx_word' id='word_1_290' title='bbox 1239 2564 1251 2599; x_wconf 91' lang='lat'>:</span> <span class='ocrx_word' id='word_1_291' title='bbox 1287 2545 1507 2608; x_wconf 79' lang='lat' dir='ltr'><strong>Avarin,</strong></span> <span class='ocrx_word' id='word_1_292' title='bbox 1565 2545 1760 2614; x_wconf 83' lang='lat' dir='ltr'><strong>inquit,</strong></span> <span class='ocrx_word' id='word_1_293' title='bbox 1791 2546 1933 2599; x_wconf 88' lang='lat' dir='ltr'><strong>eruit</strong></span> <span class='ocrx_word' id='word_1_294' title='bbox 1955 2545 2126 2599; x_wconf 87' lang='lat' dir='ltr'><strong>Amo-</strong></span> 
     </span>
    </p>
   </div>
   <div class='ocr_carea' id='block_1_40' title="bbox 2229 2436 3813 2508">
    <p class='ocr_par' dir='ltr' id='par_1_40' title="bbox 2229 2436 3813 2508">
     <span class='ocr_line' id='line_1_40' title="bbox 2229 2436 3813 2508; baseline 0.001 -15"><span class='ocrx_word' id='word_1_295' title='bbox 2229 2438 2555 2508; x_wconf 76' lang='grc' dir='ltr'>Κατέσκαψε</span> <span class='ocrx_word' id='word_1_296' title='bbox 2605 2437 2663 2491; x_wconf 81' lang='grc' dir='ltr'>δὲ</span> <span class='ocrx_word' id='word_1_297' title='bbox 2712 2436 2808 2507; x_wconf 82' lang='grc' dir='ltr'>τὴν</span> <span class='ocrx_word' id='word_1_298' title='bbox 2850 2437 3103 2508; x_wconf 87' lang='grc' dir='ltr'>Ἀούαριν</span> <span class='ocrx_word' id='word_1_299' title='bbox 3180 2438 3427 2508; x_wconf 81' lang='grc' dir='ltr'>Ἀμωσις</span> <span class='ocrx_word' id='word_1_300' title='bbox 3452 2476 3467 2502; x_wconf 91' lang='grc'><strong>,</strong></span> <span class='ocrx_word' id='word_1_301' title='bbox 3529 2439 3671 2493; x_wconf 86' lang='grc' dir='ltr'>κατὰ</span> <span class='ocrx_word' id='word_1_302' title='bbox 3720 2438 3813 2495; x_wconf 83' lang='grc' dir='ltr'>τὸν</span> 
     </span>
    </p>
   </div>
   <div class='ocr_carea' id='block_1_41' title="bbox 2228 2531 3813 2604">
    <p class='ocr_par' dir='ltr' id='par_1_41' title="bbox 2228 2531 3813 2604">
     <span class='ocr_line' id='line_1_41' title="bbox 2228 2531 3813 2604; baseline 0.001 -20"><span class='ocrx_word' id='word_1_303' title='bbox 2228 2532 2473 2603; x_wconf 84' lang='grc' dir='ltr'>Ἀργεῖον</span> <span class='ocrx_word' id='word_1_304' title='bbox 2541 2531 2831 2601; x_wconf 86' lang='grc' dir='ltr'>γενόμενος</span> <span class='ocrx_word' id='word_1_305' title='bbox 2880 2531 3114 2601; x_wconf 84' lang='grc' dir='ltr'>Ἴναχον,</span> <span class='ocrx_word' id='word_1_306' title='bbox 3192 2532 3267 2595; x_wconf 84' lang='grc' dir='ltr'>ὡς</span> <span class='ocrx_word' id='word_1_307' title='bbox 3324 2534 3382 2586; x_wconf 81' lang='grc' dir='ltr'>ἐν</span> <span class='ocrx_word' id='word_1_308' title='bbox 3424 2535 3539 2595; x_wconf 88' lang='grc' dir='ltr'>τοῖς</span> <span class='ocrx_word' id='word_1_309' title='bbox 3563 2534 3813 2604; x_wconf 78' lang='grc' dir='ltr'>Χρόνοις</span> 
     </span>
    </p>
   </div>
   <div class='ocr_carea' id='block_1_42' title="bbox 555 2620 2130 2706">
    <p class='ocr_par' dir='ltr' id='par_1_42' title="bbox 555 2633 2127 2706">
     <span class='ocr_line' id='line_1_42' title="bbox 555 2633 2127 2706; baseline 0.004 -20"><span class='ocrx_word' id='word_1_310' title='bbox 555 2633 654 2698; x_wconf 85' lang='lat' dir='ltr'><strong>sis,</strong></span> <span class='ocrx_word' id='word_1_311' title='bbox 686 2633 780 2701; x_wconf 87' lang='lat' dir='ltr'><strong>qui</strong></span> <span class='ocrx_word' id='word_1_312' title='bbox 809 2634 1036 2702; x_wconf 58' lang='lat' dir='ltr'><strong>aequalis</strong></span> <span class='ocrx_word' id='word_1_313' title='bbox 1079 2634 1266 2690; x_wconf 90' lang='lat' dir='ltr'><strong>Inachi</strong></span> <span class='ocrx_word' id='word_1_314' title='bbox 1301 2636 1486 2706; x_wconf 83' lang='lat' dir='ltr'><strong>Argivi</strong></span> <span class='ocrx_word' id='word_1_315' title='bbox 1516 2635 1636 2701; x_wconf 82' lang='lat' dir='ltr'><strong>fuit,</strong></span> <span class='ocrx_word' id='word_1_316' title='bbox 1689 2645 1748 2690; x_wconf 89' lang='lat' dir='ltr'><strong>ut</strong></span> <span class='ocrx_word' id='word_1_317' title='bbox 1771 2639 2033 2706; x_wconf 90' lang='lat' dir='ltr'><strong>scriptum</strong></span> <span class='ocrx_word' id='word_1_318' title='bbox 2070 2637 2127 2692; x_wconf 87' lang='lat' dir='ltr'><strong>in</strong></span> 
     </span>
    </p>
   </div>
   <div class='ocr_carea' id='block_1_43' title="bbox 2234 2620 3812 2706">
    <p class='ocr_par' dir='ltr' id='par_1_43' title="bbox 2234 2620 3812 2693">
     <span class='ocr_line' id='line_1_43' title="bbox 2234 2620 3812 2693; baseline 0.001 -19"><span class='ocrx_word' id='word_1_319' title='bbox 2234 2620 2534 2692; x_wconf 74' lang='grc' dir='ltr'>ἀνέγραψεν</span> <span class='ocrx_word' id='word_1_320' title='bbox 2576 2622 2605 2673; x_wconf 89' lang='lat'><strong>6</strong></span> <span class='ocrx_word' id='word_1_321' title='bbox 2648 2620 2949 2693; x_wconf 85' lang='grc' dir='ltr'>Μενδήσιος</span> <span class='ocrx_word' id='word_1_322' title='bbox 2992 2622 3346 2693; x_wconf 85' lang='grc' dir='ltr'>Πτολεμαῖος.</span> <span class='ocrx_word' id='word_1_323' title='bbox 3401 2623 3460 2675; x_wconf 81' lang='lat'><strong>&#39;0</strong></span> <span class='ocrx_word' id='word_1_324' title='bbox 3506 2622 3563 2675; x_wconf 79' lang='grc' dir='ltr'>δὲ</span> <span class='ocrx_word' id='word_1_325' title='bbox 3608 2623 3812 2676; x_wconf 86' lang='grc' dir='ltr'>Πτολε-</span> 
     </span>
    </p>
   </div>
   <div class='ocr_carea' id='block_1_44' title="bbox 555 2723 2126 2799">
    <p class='ocr_par' dir='ltr' id='par_1_44' title="bbox 555 2723 2126 2799">
     <span class='ocr_line' id='line_1_44' title="bbox 555 2723 2126 2799; baseline 0.003 -20"><span class='ocrx_word' id='word_1_326' title='bbox 555 2723 816 2779; x_wconf 80' lang='lat' dir='ltr'><strong>Cltrouico</strong></span> <span class='ocrx_word' id='word_1_327' title='bbox 847 2724 1155 2782; x_wconf 84' lang='lat' dir='ltr'><strong>Mendesius</strong></span> <span class='ocrx_word' id='word_1_328' title='bbox 1182 2726 1505 2783; x_wconf 67' lang='lat' dir='ltr'><strong>Ptolemaeus</strong></span> <span class='ocrx_word' id='word_1_329' title='bbox 1541 2729 1778 2799; x_wconf 82' lang='lat' dir='ltr'><strong>reliquit.</strong></span> <span class='ocrx_word' id='word_1_330' title='bbox 1816 2728 1913 2784; x_wconf 86' lang='lat' dir='ltr'><strong>Hic</strong></span> <span class='ocrx_word' id='word_1_331' title='bbox 1944 2740 2126 2784; x_wconf 87' lang='lat' dir='ltr'><strong>autem</strong></span> 
     </span>
    </p>
   </div>
   <div class='ocr_carea' id='block_1_45' title="bbox 554 2812 2128 2890">
    <p class='ocr_par' dir='ltr' id='par_1_45' title="bbox 554 2812 2128 2890">
     <span class='ocr_line' id='line_1_45' title="bbox 554 2812 2128 2890; baseline 0.004 -23"><span class='ocrx_word' id='word_1_332' title='bbox 554 2812 907 2871; x_wconf 70' lang='lat' dir='ltr'><strong>Ptolemaequ</strong></span> <span class='ocrx_word' id='word_1_333' title='bbox 924 2818 1181 2872; x_wconf 86' lang='lat' dir='ltr'><strong>sacerdos</strong></span> <span class='ocrx_word' id='word_1_334' title='bbox 1210 2828 1358 2882; x_wconf 87' lang='lat' dir='ltr'><strong>erat,</strong></span> <span class='ocrx_word' id='word_1_335' title='bbox 1408 2818 1502 2887; x_wconf 92' lang='lat' dir='ltr'><strong>qui</strong></span> <span class='ocrx_word' id='word_1_336' title='bbox 1534 2835 1720 2889; x_wconf 87' lang='lat' dir='ltr'><strong>regum</strong></span> <span class='ocrx_word' id='word_1_337' title='bbox 1748 2817 2128 2890; x_wconf 65' lang='lat' dir='ltr'><strong>Egyptiorum</strong></span> 
     </span>
    </p>
   </div>
   <div class='ocr_carea' id='block_1_46' title="bbox 553 2904 2129 2981">
    <p class='ocr_par' dir='ltr' id='par_1_46' title="bbox 553 2904 2129 2981">
     <span class='ocr_line' id='line_1_46' title="bbox 553 2904 2129 2981; baseline 0.004 -22"><span class='ocrx_word' id='word_1_338' title='bbox 553 2904 836 2960; x_wconf 87' lang='lat' dir='ltr'><strong>historiam</strong></span> <span class='ocrx_word' id='word_1_339' title='bbox 874 2908 1027 2963; x_wconf 86' lang='lat' dir='ltr'><strong>libris</strong></span> <span class='ocrx_word' id='word_1_340' title='bbox 1060 2910 1233 2964; x_wconf 87' lang='lat' dir='ltr'><strong>tribus</strong></span> <span class='ocrx_word' id='word_1_341' title='bbox 1278 2909 1503 2981; x_wconf 85' lang='lat' dir='ltr'><strong>integris</strong></span> <span class='ocrx_word' id='word_1_342' title='bbox 1539 2911 1888 2981; x_wconf 81' lang='lat' dir='ltr'><strong>complexus,</strong></span> <span class='ocrx_word' id='word_1_343' title='bbox 1940 2911 2129 2967; x_wconf 83' lang='lat' dir='ltr'><strong>Amosi</strong></span> 
     </span>
    </p>
   </div>
   <div class='ocr_carea' id='block_1_47' title="bbox 555 2996 2129 3070">
    <p class='ocr_par' dir='ltr' id='par_1_47' title="bbox 555 2996 2129 3070">
     <span class='ocr_line' id='line_1_47' title="bbox 555 2996 2129 3070; baseline 0.004 -19"><span class='ocrx_word' id='word_1_344' title='bbox 555 2998 610 3051; x_wconf 90' lang='lat' dir='ltr'><strong>in</strong></span> <span class='ocrx_word' id='word_1_345' title='bbox 647 2996 881 3069; x_wconf 67' lang='lat' dir='ltr'><strong>IEgypto</strong></span> <span class='ocrx_word' id='word_1_346' title='bbox 916 3014 1202 3070; x_wconf 85' lang='lat' dir='ltr'><strong>regnante,</strong></span> <span class='ocrx_word' id='word_1_347' title='bbox 1230 2999 1446 3056; x_wconf 68' lang='lat' dir='ltr'><strong>Iudaeos</strong></span> <span class='ocrx_word' id='word_1_348' title='bbox 1476 3001 1682 3057; x_wconf 85' lang='lat' dir='ltr'><strong>Mosem</strong></span> <span class='ocrx_word' id='word_1_349' title='bbox 1729 3004 1922 3057; x_wconf 90' lang='lat' dir='ltr'><strong>ducem</strong></span> <span class='ocrx_word' id='word_1_350' title='bbox 1970 3018 2129 3058; x_wconf 84' lang='lat' dir='ltr'><strong>secu-</strong></span> 
     </span>
    </p>
   </div>
   <div class='ocr_carea' id='block_1_48' title="bbox 554 3089 2131 3167">
    <p class='ocr_par' dir='ltr' id='par_1_48' title="bbox 554 3089 2131 3167">
     <span class='ocr_line' id='line_1_48' title="bbox 554 3089 2131 3167; baseline 0.004 -24"><span class='ocrx_word' id='word_1_351' title='bbox 554 3098 665 3155; x_wconf 89' lang='lat' dir='ltr'><strong>tus,</strong></span> <span class='ocrx_word' id='word_1_352' title='bbox 699 3105 766 3144; x_wconf 78' lang='lat' dir='ltr'><strong>ex</strong></span> <span class='ocrx_word' id='word_1_353' title='bbox 796 3089 1029 3162; x_wconf 56' lang='lat' dir='ltr'><strong>{Egypto</strong></span> <span class='ocrx_word' id='word_1_354' title='bbox 1060 3092 1323 3161; x_wconf 75' lang='lat' dir='ltr'><strong>migrasse</strong></span> <span class='ocrx_word' id='word_1_355' title='bbox 1353 3102 1615 3161; x_wconf 86' lang='lat' dir='ltr'><strong>testatur;</strong></span> <span class='ocrx_word' id='word_1_356' title='bbox 1646 3109 1713 3149; x_wconf 84' lang='lat' dir='ltr'><strong>ex</strong></span> <span class='ocrx_word' id='word_1_357' title='bbox 1735 3110 1845 3165; x_wconf 90' lang='lat' dir='ltr'><strong>quo</strong></span> <span class='ocrx_word' id='word_1_358' title='bbox 1877 3094 2131 3167; x_wconf 83' lang='lat' dir='ltr'><strong>intelligi-</strong></span> 
     </span>
    </p>
   </div>
   <div class='ocr_carea' id='block_1_49' title="bbox 553 3181 2128 3255">
    <p class='ocr_par' dir='ltr' id='par_1_49' title="bbox 553 3181 2128 3255">
     <span class='ocr_line' id='line_1_49' title="bbox 553 3181 2128 3255; baseline 0.006 -21"><span class='ocrx_word' id='word_1_359' title='bbox 553 3189 645 3235; x_wconf 89' lang='lat' dir='ltr'><strong>tur</strong></span> <span class='ocrx_word' id='word_1_360' title='bbox 670 3181 873 3236; x_wconf 86' lang='lat' dir='ltr'><strong>Mosem</strong></span> <span class='ocrx_word' id='word_1_361' title='bbox 908 3182 1087 3240; x_wconf 86' lang='lat' dir='ltr'><strong>Inachi</strong></span> <span class='ocrx_word' id='word_1_362' title='bbox 1116 3186 1451 3255; x_wconf 86' lang='lat' dir='ltr'><strong>temporibus</strong></span> <span class='ocrx_word' id='word_1_363' title='bbox 1482 3185 1754 3242; x_wconf 85' lang='lat' dir='ltr'><strong>ﬂoruisse.</strong></span> <span class='ocrx_word' id='word_1_364' title='bbox 1816 3186 1924 3244; x_wconf 84' lang='lat' dir='ltr'><strong>Res</strong></span> <span class='ocrx_word' id='word_1_365' title='bbox 1947 3197 2128 3244; x_wconf 90' lang='lat' dir='ltr'><strong>autem</strong></span> 
     </span>
    </p>
   </div>
   <div class='ocr_carea' id='block_1_50' title="bbox 554 3273 2132 3343">
    <p class='ocr_par' dir='ltr' id='par_1_50' title="bbox 554 3273 2132 3343">
     <span class='ocr_line' id='line_1_50' title="bbox 554 3273 2132 3343; baseline 0.004 -16"><span class='ocrx_word' id='word_1_366' title='bbox 554 3273 872 3343; x_wconf 86' lang='lat' dir='ltr'><strong>Argolicas,</strong></span> <span class='ocrx_word' id='word_1_367' title='bbox 926 3289 1047 3342; x_wconf 71' lang='lat' dir='ltr'><strong>quzr</strong></span> <span class='ocrx_word' id='word_1_368' title='bbox 1090 3275 1363 3330; x_wconf 90' lang='lat' dir='ltr'><strong>ducuntur</strong></span> <span class='ocrx_word' id='word_1_369' title='bbox 1415 3277 1485 3330; x_wconf 90' lang='lat' dir='ltr'><strong>ab</strong></span> <span class='ocrx_word' id='word_1_370' title='bbox 1538 3274 1773 3343; x_wconf 88' lang='lat' dir='ltr'><strong>Inacho,</strong></span> <span class='ocrx_word' id='word_1_371' title='bbox 1818 3276 2132 3334; x_wconf 52' lang='lat' dir='ltr'><strong>Graecarum</strong></span> 
     </span>
    </p>
   </div>
   <div class='ocr_carea' id='block_1_51' title="bbox 555 3365 2135 3438">
    <p class='ocr_par' dir='ltr' id='par_1_51' title="bbox 555 3365 2135 3438">
     <span class='ocr_line' id='line_1_51' title="bbox 555 3365 2135 3438; baseline 0.001 -18"><span class='ocrx_word' id='word_1_372' title='bbox 555 3365 800 3420; x_wconf 90' lang='lat' dir='ltr'><strong>omnium</strong></span> <span class='ocrx_word' id='word_1_373' title='bbox 830 3365 1231 3420; x_wconf 85' lang='lat' dir='ltr'><strong>vetustissimas</strong></span> <span class='ocrx_word' id='word_1_374' title='bbox 1257 3366 1540 3433; x_wconf 71' lang='lat' dir='ltr'><strong>celebrari,</strong></span> <span class='ocrx_word' id='word_1_375' title='bbox 1567 3366 1859 3438; x_wconf 80' lang='lat' dir='ltr'><strong>Dionysius</strong></span> <span class='ocrx_word' id='word_1_376' title='bbox 1889 3365 2135 3423; x_wconf 83' lang='lat' dir='ltr'><strong>Halicar-</strong></span> 
     </span>
    </p>
   </div>
   <div class='ocr_carea' id='block_1_52' title="bbox 556 3455 2134 3527">
    <p class='ocr_par' dir='ltr' id='par_1_52' title="bbox 556 3455 2134 3527">
     <span class='ocr_line' id='line_1_52' title="bbox 556 3455 2134 3527; baseline 0.002 -17"><span class='ocrx_word' id='word_1_377' title='bbox 556 3455 835 3511; x_wconf 89' lang='lat' dir='ltr'><strong>nassensis</strong></span> <span class='ocrx_word' id='word_1_378' title='bbox 867 3456 923 3510; x_wconf 90' lang='lat' dir='ltr'><strong>in</strong></span> <span class='ocrx_word' id='word_1_379' title='bbox 950 3472 1050 3511; x_wconf 88' lang='lat' dir='ltr'><strong>suo</strong></span> <span class='ocrx_word' id='word_1_380' title='bbox 1082 3457 1158 3510; x_wconf 82' lang='lat' dir='ltr'><strong>De</strong></span> <span class='ocrx_word' id='word_1_381' title='bbox 1180 3458 1497 3527; x_wconf 75' lang='lat' dir='ltr'><strong>temporibus</strong></span> <span class='ocrx_word' id='word_1_382' title='bbox 1524 3458 1916 3513; x_wconf 89' lang='lat' dir='ltr'><strong>commentario</strong></span> <span class='ocrx_word' id='word_1_383' title='bbox 1943 3470 2134 3513; x_wconf 87' lang='lat' dir='ltr'><strong>auctor</strong></span> 
     </span>
    </p>
   </div>
   <div class='ocr_carea' id='block_1_53' title="bbox 556 3544 2133 3620">
    <p class='ocr_par' dir='ltr' id='par_1_53' title="bbox 556 3544 2133 3620">
     <span class='ocr_line' id='line_1_53' title="bbox 556 3544 2133 3620; baseline 0.003 -20"><span class='ocrx_word' id='word_1_384' title='bbox 556 3555 665 3602; x_wconf 89' lang='lat' dir='ltr'><strong>est.</strong></span> <span class='ocrx_word' id='word_1_385' title='bbox 700 3544 912 3612; x_wconf 82' lang='lat' dir='ltr'><strong>Quibus</strong></span> <span class='ocrx_word' id='word_1_386' title='bbox 945 3548 1273 3617; x_wconf 86' lang='lat' dir='ltr'><strong>posteriores</strong></span> <span class='ocrx_word' id='word_1_387' title='bbox 1300 3563 1422 3603; x_wconf 88' lang='lat' dir='ltr'><strong>esse</strong></span> <span class='ocrx_word' id='word_1_388' title='bbox 1450 3549 1580 3604; x_wconf 88' lang='lat' dir='ltr'><strong>totis</strong></span> <span class='ocrx_word' id='word_1_389' title='bbox 1611 3548 1970 3620; x_wconf 78' lang='lat' dir='ltr'><strong>quadraginta</strong></span> <span class='ocrx_word' id='word_1_390' title='bbox 1998 3559 2133 3605; x_wconf 76' lang='lat' dir='ltr'><strong>teta-</strong></span> 
     </span>
    </p>
   </div>
   <div class='ocr_carea' id='block_1_54' title="bbox 557 3637 2134 3711">
    <p class='ocr_par' dir='ltr' id='par_1_54' title="bbox 557 3637 2134 3711">
     <span class='ocr_line' id='line_1_54' title="bbox 557 3637 2134 3711; baseline 0.003 -19"><span class='ocrx_word' id='word_1_391' title='bbox 557 3637 702 3693; x_wconf 91' lang='lat' dir='ltr'><strong>tibus</strong></span> <span class='ocrx_word' id='word_1_392' title='bbox 733 3653 819 3691; x_wconf 88' lang='lat' dir='ltr'><strong>res</strong></span> <span class='ocrx_word' id='word_1_393' title='bbox 843 3637 1068 3702; x_wconf 83' lang='lat' dir='ltr'><strong>Atticas,</strong></span> <span class='ocrx_word' id='word_1_394' title='bbox 1121 3654 1243 3707; x_wconf 70' lang='lat' dir='ltr'><strong>qua:</strong></span> <span class='ocrx_word' id='word_1_395' title='bbox 1265 3639 1335 3694; x_wconf 91' lang='lat' dir='ltr'><strong>ab</strong></span> <span class='ocrx_word' id='word_1_396' title='bbox 1363 3637 1602 3709; x_wconf 90' lang='lat' dir='ltr'><strong>Cecrope</strong></span> <span class='ocrx_word' id='word_1_397' title='bbox 1630 3639 1743 3708; x_wconf 89' lang='lat' dir='ltr'><strong>illo,</strong></span> <span class='ocrx_word' id='word_1_398' title='bbox 1772 3655 1934 3709; x_wconf 89' lang='lat' dir='ltr'><strong>quem</strong></span> <span class='ocrx_word' id='word_1_399' title='bbox 1959 3641 2134 3711; x_wconf 80' lang='lat' dir='ltr'><strong>gemi-</strong></span> 
     </span>
    </p>
   </div>
   <div class='ocr_carea' id='block_1_55' title="bbox 2235 2709 3812 2785">
    <p class='ocr_par' dir='ltr' id='par_1_55' title="bbox 2235 2709 3812 2785">
     <span class='ocr_line' id='line_1_55' title="bbox 2235 2709 3812 2785; baseline 0.003 -19"><span class='ocrx_word' id='word_1_400' title='bbox 2235 2715 2391 2783; x_wconf 89' lang='grc' dir='ltr'>μαῖος</span> <span class='ocrx_word' id='word_1_401' title='bbox 2437 2709 2590 2775; x_wconf 71' lang='grc' dir='ltr'>οὗτος</span> <span class='ocrx_word' id='word_1_402' title='bbox 2615 2713 2794 2784; x_wconf 81' lang='grc' dir='ltr'>ἱερεὺς</span> <span class='ocrx_word' id='word_1_403' title='bbox 2843 2713 2945 2785; x_wconf 82' lang='grc' dir='ltr'>μὲν</span> <span class='ocrx_word' id='word_1_404' title='bbox 2976 2709 3065 2784; x_wconf 76' lang='grc' dir='ltr'>ἦν,</span> <span class='ocrx_word' id='word_1_405' title='bbox 3107 2712 3206 2776; x_wconf 83' lang='grc' dir='ltr'>τὰς</span> <span class='ocrx_word' id='word_1_406' title='bbox 3248 2714 3305 2768; x_wconf 81' lang='grc' dir='ltr'>δὲ</span> <span class='ocrx_word' id='word_1_407' title='bbox 3348 2713 3457 2767; x_wconf 85' lang='grc' dir='ltr'><strong>τῶν</strong></span> <span class='ocrx_word' id='word_1_408' title='bbox 3497 2716 3812 2784; x_wconf 79' lang='grc' dir='ltr'>Αἰγυπτίων</span> 
     </span>
    </p>
   </div>
   <div class='ocr_carea' id='block_1_56' title="bbox 2236 2804 3809 2877">
    <p class='ocr_par' dir='ltr' id='par_1_56' title="bbox 2236 2804 3809 2877">
     <span class='ocr_line' id='line_1_56' title="bbox 2236 2804 3809 2877; baseline 0.001 -19"><span class='ocrx_word' id='word_1_409' title='bbox 2236 2804 2501 2875; x_wconf 84' lang='grc' dir='ltr'>βασιλέων</span> <span class='ocrx_word' id='word_1_410' title='bbox 2524 2804 2752 2877; x_wconf 78' lang='grc' dir='ltr'>πράξεις</span> <span class='ocrx_word' id='word_1_411' title='bbox 2784 2807 2841 2860; x_wconf 83' lang='grc' dir='ltr'>ὲν</span> <span class='ocrx_word' id='word_1_412' title='bbox 2868 2806 3047 2876; x_wconf 72' lang='grc' dir='ltr'>τρισὶν</span> <span class='ocrx_word' id='word_1_413' title='bbox 3079 2805 3228 2869; x_wconf 81' lang='grc' dir='ltr'>ὅλαις</span> <span class='ocrx_word' id='word_1_414' title='bbox 3261 2805 3553 2877; x_wconf 78' lang='grc' dir='ltr'>ἐκθέμενος</span> <span class='ocrx_word' id='word_1_415' title='bbox 3586 2806 3809 2877; x_wconf 76' lang='grc' dir='ltr'>βίϐλοις,</span> 
     </span>
    </p>
   </div>
   <div class='ocr_carea' id='block_1_57' title="bbox 2234 2896 3814 2969">
    <p class='ocr_par' dir='ltr' id='par_1_57' title="bbox 2234 2896 3814 2969">
     <span class='ocr_line' id='line_1_57' title="bbox 2234 2896 3814 2969; baseline 0.002 -20"><span class='ocrx_word' id='word_1_416' title='bbox 2234 2896 2377 2949; x_wconf 86' lang='grc' dir='ltr'>κατὰ</span> <span class='ocrx_word' id='word_1_417' title='bbox 2400 2897 2647 2967; x_wconf 85' lang='grc' dir='ltr'>Ἀμωσίν</span> <span class='ocrx_word' id='word_1_418' title='bbox 2679 2914 2813 2968; x_wconf 83' lang='grc' dir='ltr'>φησι</span> <span class='ocrx_word' id='word_1_419' title='bbox 2870 2898 2962 2951; x_wconf 84' lang='grc' dir='ltr'>τὸν</span> <span class='ocrx_word' id='word_1_420' title='bbox 2983 2897 3261 2967; x_wconf 76' lang='grc' dir='ltr'><strong>Αἰγύπτου</strong></span> <span class='ocrx_word' id='word_1_421' title='bbox 3302 2898 3543 2969; x_wconf 82' lang='grc' dir='ltr'>βασιλέα,</span> <span class='ocrx_word' id='word_1_422' title='bbox 3570 2899 3814 2962; x_wconf 79' lang='grc' dir='ltr'>Μωσέως</span> 
     </span>
    </p>
   </div>
   <div class='ocr_carea' id='block_1_58' title="bbox 2235 2989 3810 3061">
    <p class='ocr_par' dir='ltr' id='par_1_58' title="bbox 2235 2989 3810 3061">
     <span class='ocr_line' id='line_1_58' title="bbox 2235 2989 3810 3061; baseline 0.001 -20"><span class='ocrx_word' id='word_1_423' title='bbox 2235 2989 2536 3060; x_wconf 80' lang='grc' dir='ltr'>ἡγουμένου</span> <span class='ocrx_word' id='word_1_424' title='bbox 2560 3030 2575 3052; x_wconf 89' lang='grc'><strong>,</strong></span> <span class='ocrx_word' id='word_1_425' title='bbox 2640 2990 2923 3059; x_wconf 85' lang='grc' dir='ltr'>γεγονέναι</span> <span class='ocrx_word' id='word_1_426' title='bbox 2975 2990 3253 3053; x_wconf 81' lang='grc' dir='ltr'>Ἰουδαίοις</span> <span class='ocrx_word' id='word_1_427' title='bbox 3306 2989 3403 3061; x_wconf 80' lang='grc' dir='ltr'>τὴν</span> <span class='ocrx_word' id='word_1_428' title='bbox 3442 2991 3501 3054; x_wconf 80' lang='grc' dir='ltr'>ὲξ</span> <span class='ocrx_word' id='word_1_429' title='bbox 3535 2989 3810 3059; x_wconf 78' lang='grc' dir='ltr'>Αἰγύπτου</span> 
     </span>
    </p>
   </div>
   <div class='ocr_carea' id='block_1_59' title="bbox 2234 3081 3813 3157">
    <p class='ocr_par' dir='ltr' id='par_1_59' title="bbox 2234 3081 3813 3157">
     <span class='ocr_line' id='line_1_59' title="bbox 2234 3081 3813 3157; baseline 0 -19"><span class='ocrx_word' id='word_1_430' title='bbox 2234 3085 2479 3156; x_wconf 86' lang='grc' dir='ltr'>πορείαν,</span> <span class='ocrx_word' id='word_1_431' title='bbox 2521 3084 2580 3152; x_wconf 78' lang='grc' dir='ltr'><strong>ὲξ</strong></span> <span class='ocrx_word' id='word_1_432' title='bbox 2623 3081 2697 3139; x_wconf 81' lang='grc' dir='ltr'>ὧν</span> <span class='ocrx_word' id='word_1_433' title='bbox 2740 3085 3017 3139; x_wconf 87' lang='grc' dir='ltr'>συνῶπται</span> <span class='ocrx_word' id='word_1_434' title='bbox 3068 3085 3210 3138; x_wconf 78' lang='grc' dir='ltr'>κατὰ</span> <span class='ocrx_word' id='word_1_435' title='bbox 3247 3085 3459 3157; x_wconf 83' lang='grc' dir='ltr'>Ἴναχον</span> <span class='ocrx_word' id='word_1_436' title='bbox 3502 3085 3813 3156; x_wconf 71' lang='grc' dir='ltr'>ἠκμακέναι</span> 
     </span>
    </p>
   </div>
   <div class='ocr_carea' id='block_1_60' title="bbox 2232 3175 3814 3251">
    <p class='ocr_par' dir='ltr' id='par_1_60' title="bbox 2232 3175 3814 3251">
     <span class='ocr_line' id='line_1_60' title="bbox 2232 3175 3814 3251; baseline 0.002 -21"><span class='ocrx_word' id='word_1_437' title='bbox 2232 3175 2323 3230; x_wconf 78' lang='grc' dir='ltr'>τὸν</span> <span class='ocrx_word' id='word_1_438' title='bbox 2381 3177 2607 3231; x_wconf 87' lang='grc' dir='ltr'>Μωσέα.</span> <span class='ocrx_word' id='word_1_439' title='bbox 2657 3176 2967 3249; x_wconf 88' lang='grc' dir='ltr'>Παλαίτερα</span> <span class='ocrx_word' id='word_1_440' title='bbox 3009 3177 3067 3231; x_wconf 86' lang='grc' dir='ltr'>δὲ</span> <span class='ocrx_word' id='word_1_441' title='bbox 3099 3176 3206 3230; x_wconf 83' lang='grc' dir='ltr'>τῶν</span> <span class='ocrx_word' id='word_1_442' title='bbox 3248 3177 3576 3249; x_wconf 83' lang='grc' dir='ltr'>Ἑλληνικῶν</span> <span class='ocrx_word' id='word_1_443' title='bbox 3607 3194 3814 3251; x_wconf 76' lang='grc' dir='ltr'>μνημο-</span> 
     </span>
    </p>
   </div>
   <div class='ocr_carea' id='block_1_61' title="bbox 2233 3267 3813 3340">
    <p class='ocr_par' dir='ltr' id='par_1_61' title="bbox 2233 3267 3813 3340">
     <span class='ocr_line' id='line_1_61' title="bbox 2233 3267 3813 3340; baseline 0.003 -19"><span class='ocrx_word' id='word_1_444' title='bbox 2233 3267 2481 3323; x_wconf 89' lang='grc' dir='ltr'>νεύεσθαι</span> <span class='ocrx_word' id='word_1_445' title='bbox 2504 3269 2572 3323; x_wconf 81' lang='grc' dir='ltr'>τὰ</span> <span class='ocrx_word' id='word_1_446' title='bbox 2600 3269 2915 3340; x_wconf 82' lang='grc' dir='ltr'>Ἀργολικὰ,</span> <span class='ocrx_word' id='word_1_447' title='bbox 2946 3269 3016 3323; x_wconf 72' lang='grc' dir='ltr'>τὰ</span> <span class='ocrx_word' id='word_1_448' title='bbox 3044 3269 3152 3323; x_wconf 73' lang='grc' dir='ltr'><strong>ἀπὸ</strong></span> <span class='ocrx_word' id='word_1_449' title='bbox 3188 3270 3391 3340; x_wconf 82' lang='grc' dir='ltr'>Ἰνάχου</span> <span class='ocrx_word' id='word_1_450' title='bbox 3430 3270 3594 3339; x_wconf 86' lang='grc' dir='ltr'>λέγω,</span> <span class='ocrx_word' id='word_1_451' title='bbox 3628 3270 3813 3326; x_wconf 66' lang='grc' dir='ltr'>Διονύι-</span> 
     </span>
    </p>
   </div>
   <div class='ocr_carea' id='block_1_62' title="bbox 2236 3362 3812 3436">
    <p class='ocr_par' dir='ltr' id='par_1_62' title="bbox 2236 3362 3812 3436">
     <span class='ocr_line' id='line_1_62' title="bbox 2236 3362 3812 3436; baseline 0.004 -22"><span class='ocrx_word' id='word_1_452' title='bbox 2236 3378 2349 3425; x_wconf 87' lang='grc' dir='ltr'>σιος</span> <span class='ocrx_word' id='word_1_453' title='bbox 2403 3363 2433 3414; x_wconf 91' lang='lat'><strong>6</strong></span> <span class='ocrx_word' id='word_1_454' title='bbox 2480 3362 2943 3436; x_wconf 80' lang='grc' dir='ltr'>Ἀλικαρνασσεὺς</span> <span class='ocrx_word' id='word_1_455' title='bbox 3001 3364 3061 3416; x_wconf 82' lang='grc' dir='ltr'>ὲν</span> <span class='ocrx_word' id='word_1_456' title='bbox 3113 3366 3226 3427; x_wconf 88' lang='grc' dir='ltr'>τοῖς</span> <span class='ocrx_word' id='word_1_457' title='bbox 3253 3365 3502 3431; x_wconf 83' lang='grc' dir='ltr'>Χρόνοις</span> <span class='ocrx_word' id='word_1_458' title='bbox 3548 3364 3812 3420; x_wconf 73' lang='grc' dir='ltr'>διδάσκει.</span> 
     </span>
    </p>
   </div>
   <div class='ocr_carea' id='block_1_63' title="bbox 2235 3449 3817 3528">
    <p class='ocr_par' dir='ltr' id='par_1_63' title="bbox 2235 3449 3817 3528">
     <span class='ocr_line' id='line_1_63' title="bbox 2235 3449 3817 3528; baseline 0.003 -21"><span class='ocrx_word' id='word_1_459' title='bbox 2235 3454 2450 3507; x_wconf 84' lang='grc' dir='ltr'>Τούτων</span> <span class='ocrx_word' id='word_1_460' title='bbox 2495 3454 2552 3507; x_wconf 81' lang='grc' dir='ltr'>δὲ</span> <span class='ocrx_word' id='word_1_461' title='bbox 2596 3456 3004 3526; x_wconf 80' lang='grc' dir='ltr'>τεσσαράκοντα</span> <span class='ocrx_word' id='word_1_462' title='bbox 3056 3454 3154 3524; x_wconf 81' lang='grc' dir='ltr'>μὲν</span> <span class='ocrx_word' id='word_1_463' title='bbox 3195 3449 3409 3523; x_wconf 75' lang='grc' dir='ltr'>γενεαῖς</span> <span class='ocrx_word' id='word_1_464' title='bbox 3462 3455 3701 3528; x_wconf 88' lang='grc' dir='ltr'>νεώτερα</span> <span class='ocrx_word' id='word_1_465' title='bbox 3745 3458 3817 3511; x_wconf 77' lang='grc' dir='ltr'>τὰ</span> 
     </span>
    </p>
   </div>
   <div class='ocr_carea' id='block_1_64' title="bbox 2236 3545 3815 3620">
    <p class='ocr_par' dir='ltr' id='par_1_64' title="bbox 2236 3545 3815 3620">
     <span class='ocr_line' id='line_1_64' title="bbox 2236 3545 3815 3620; baseline 0.003 -21"><span class='ocrx_word' id='word_1_466' title='bbox 2236 3547 2483 3615; x_wconf 85' lang='grc' dir='ltr'>Ἀττικὰ,</span> <span class='ocrx_word' id='word_1_467' title='bbox 2508 3549 2577 3602; x_wconf 76' lang='grc' dir='ltr'>τὰ</span> <span class='ocrx_word' id='word_1_468' title='bbox 2610 3548 2719 3602; x_wconf 82' lang='grc' dir='ltr'><strong>ἀπὸ</strong></span> <span class='ocrx_word' id='word_1_469' title='bbox 2743 3548 3029 3620; x_wconf 80' lang='grc' dir='ltr'>Κέκροπος</span> <span class='ocrx_word' id='word_1_470' title='bbox 3050 3545 3145 3599; x_wconf 78' lang='grc' dir='ltr'>τοῦ</span> <span class='ocrx_word' id='word_1_471' title='bbox 3174 3546 3397 3616; x_wconf 80' lang='grc' dir='ltr'>διφυοῦς</span> <span class='ocrx_word' id='word_1_472' title='bbox 3427 3547 3491 3618; x_wconf 83' lang='grc' dir='ltr'>δὴ</span> <span class='ocrx_word' id='word_1_473' title='bbox 3519 3549 3614 3602; x_wconf 76' lang='grc' dir='ltr'>καὶ</span> <span class='ocrx_word' id='word_1_474' title='bbox 3648 3551 3815 3603; x_wconf 81' lang='grc' dir='ltr'>αὐτό-</span> 
     </span>
    </p>
   </div>
   <div class='ocr_carea' id='block_1_65' title="bbox 2236 3633 3819 3708">
    <p class='ocr_par' dir='ltr' id='par_1_65' title="bbox 2236 3633 3819 3708">
     <span class='ocr_line' id='line_1_65' title="bbox 2236 3633 3819 3708; baseline 0.001 -19"><span class='ocrx_word' id='word_1_475' title='bbox 2236 3635 2445 3707; x_wconf 87' lang='grc' dir='ltr'>χθονος,</span> <span class='ocrx_word' id='word_1_476' title='bbox 2475 3636 2551 3700; x_wconf 84' lang='grc' dir='ltr'>ὣς</span> <span class='ocrx_word' id='word_1_477' title='bbox 2575 3654 2708 3708; x_wconf 84' lang='grc' dir='ltr'>φησι</span> <span class='ocrx_word' id='word_1_478' title='bbox 2740 3637 2883 3691; x_wconf 83' lang='grc' dir='ltr'>κατὰ</span> <span class='ocrx_word' id='word_1_479' title='bbox 2908 3634 3052 3700; x_wconf 79' lang='grc' dir='ltr'>λέξιν</span> <span class='ocrx_word' id='word_1_480' title='bbox 3081 3636 3110 3688; x_wconf 90' lang='lat'><strong>6</strong></span> <span class='ocrx_word' id='word_1_481' title='bbox 3137 3633 3400 3698; x_wconf 85' lang='grc' dir='ltr'>Τατιανός</span> <span class='ocrx_word' id='word_1_482' title='bbox 3418 3650 3432 3664; x_wconf 90' lang='grc'><strong>·</strong></span> <span class='ocrx_word' id='word_1_483' title='bbox 3468 3633 3624 3689; x_wconf 75' lang='grc' dir='ltr'>ἐννέα</span> <span class='ocrx_word' id='word_1_484' title='bbox 3650 3635 3708 3688; x_wconf 79' lang='grc' dir='ltr'>δὲ</span> <span class='ocrx_word' id='word_1_485' title='bbox 3745 3637 3819 3690; x_wconf 77' lang='grc' dir='ltr'>τὰ</span> 
     </span>
    </p>
   </div>
   <div class='ocr_carea' id='block_1_66' title="bbox 558 3718 2130 3801">
    <p class='ocr_par' dir='ltr' id='par_1_66' title="bbox 558 3730 2130 3801">
     <span class='ocr_line' id='line_1_66' title="bbox 558 3730 2130 3801; baseline 0.003 -18"><span class='ocrx_word' id='word_1_486' title='bbox 558 3745 689 3783; x_wconf 86' lang='lat' dir='ltr'><strong>num</strong></span> <span class='ocrx_word' id='word_1_487' title='bbox 737 3737 899 3799; x_wconf 86' lang='lat' dir='ltr'><strong>atque</strong></span> <span class='ocrx_word' id='word_1_488' title='bbox 941 3744 1010 3785; x_wconf 73' lang='lat' dir='ltr'><strong>ex</strong></span> <span class='ocrx_word' id='word_1_489' title='bbox 1055 3739 1197 3784; x_wconf 89' lang='lat' dir='ltr'><strong>terra</strong></span> <span class='ocrx_word' id='word_1_490' title='bbox 1243 3739 1422 3786; x_wconf 90' lang='lat' dir='ltr'><strong>satum</strong></span> <span class='ocrx_word' id='word_1_491' title='bbox 1453 3730 1755 3801; x_wconf 85' lang='lat' dir='ltr'><strong>appellant,</strong></span> <span class='ocrx_word' id='word_1_492' title='bbox 1789 3731 2003 3785; x_wconf 90' lang='lat' dir='ltr'><strong>initium</strong></span> <span class='ocrx_word' id='word_1_493' title='bbox 2036 3732 2130 3788; x_wconf 79' lang='lat' dir='ltr'><strong>ha-</strong></span> 
     </span>
    </p>
   </div>
   <div class='ocr_carea' id='block_1_67' title="bbox 2234 3718 3819 3801">
    <p class='ocr_par' dir='ltr' id='par_1_67' title="bbox 2253 3718 3819 3799">
     <span class='ocr_line' id='line_1_67' title="bbox 2253 3718 3819 3799; baseline 0 -19"><span class='ocrx_word' id='word_1_494' title='bbox 2253 3728 2547 3799; x_wconf 81' lang='grc' dir='ltr'>Ἀρκαδικὰ</span> <span class='ocrx_word' id='word_1_495' title='bbox 2578 3727 2649 3782; x_wconf 79' lang='grc' dir='ltr'><strong>τὰ</strong></span> <span class='ocrx_word' id='word_1_496' title='bbox 2684 3727 2792 3782; x_wconf 81' lang='grc' dir='ltr'><strong>ἀπὸ</strong></span> <span class='ocrx_word' id='word_1_497' title='bbox 2827 3725 3138 3795; x_wconf 80' lang='grc' dir='ltr'>Πελασγοῦ-</span> <span class='ocrx_word' id='word_1_498' title='bbox 3182 3724 3397 3794; x_wconf 87' lang='grc' dir='ltr'>λέγεται</span> <span class='ocrx_word' id='word_1_499' title='bbox 3431 3724 3490 3779; x_wconf 77' lang='grc' dir='ltr'>δὲ</span> <span class='ocrx_word' id='word_1_500' title='bbox 3531 3725 3629 3780; x_wconf 75' lang='grc' dir='ltr'>καὶ</span> <span class='ocrx_word' id='word_1_501' title='bbox 3658 3718 3819 3792; x_wconf 74' lang='grc' dir='ltr'>οὗτος</span> 
     </span>
    </p>
   </div>
   <div class='ocr_carea' id='block_1_68' title="bbox 558 3821 2130 3893">
    <p class='ocr_par' dir='ltr' id='par_1_68' title="bbox 558 3821 2130 3893">
     <span class='ocr_line' id='line_1_68' title="bbox 558 3821 2130 3893; baseline 0 -15"><span class='ocrx_word' id='word_1_502' title='bbox 558 3823 744 3887; x_wconf 86' lang='lat' dir='ltr'><strong>buere,</strong></span> <span class='ocrx_word' id='word_1_503' title='bbox 796 3823 1017 3878; x_wconf 85' lang='lat' dir='ltr'><strong>totidem</strong></span> <span class='ocrx_word' id='word_1_504' title='bbox 1048 3823 1229 3877; x_wconf 80' lang='lat' dir='ltr'><strong>verbis</strong></span> <span class='ocrx_word' id='word_1_505' title='bbox 1253 3821 1516 3877; x_wconf 88' lang='lat' dir='ltr'><strong>Tatianus</strong></span> <span class='ocrx_word' id='word_1_506' title='bbox 1559 3822 1673 3877; x_wconf 87' lang='lat' dir='ltr'><strong>ait:</strong></span> <span class='ocrx_word' id='word_1_507' title='bbox 1706 3837 1899 3877; x_wconf 91' lang='lat' dir='ltr'><strong>novem</strong></span> <span class='ocrx_word' id='word_1_508' title='bbox 1926 3831 2130 3893; x_wconf 89' lang='lat' dir='ltr'><strong>autem,</strong></span> 
     </span>
    </p>
   </div>
   <div class='ocr_carea' id='block_1_69' title="bbox 557 3913 2131 3984">
    <p class='ocr_par' dir='ltr' id='par_1_69' title="bbox 557 3913 2131 3984">
     <span class='ocr_line' id='line_1_69' title="bbox 557 3913 2131 3984; baseline 0.002 -17"><span class='ocrx_word' id='word_1_509' title='bbox 557 3914 871 3977; x_wconf 85' lang='lat' dir='ltr'><strong>Arcadicas,</strong></span> <span class='ocrx_word' id='word_1_510' title='bbox 900 3931 931 3969; x_wconf 91' lang='lat' dir='ltr'><strong>a</strong></span> <span class='ocrx_word' id='word_1_511' title='bbox 959 3913 1187 3984; x_wconf 86' lang='lat' dir='ltr'><strong>Pelasgo</strong></span> <span class='ocrx_word' id='word_1_512' title='bbox 1210 3928 1370 3983; x_wconf 87' lang='lat' dir='ltr'><strong>quem</strong></span> <span class='ocrx_word' id='word_1_513' title='bbox 1405 3923 1458 3967; x_wconf 91' lang='lat' dir='ltr'><strong>et</strong></span> <span class='ocrx_word' id='word_1_514' title='bbox 1486 3914 1663 3983; x_wconf 88' lang='lat' dir='ltr'><strong>ipsum</strong></span> <span class='ocrx_word' id='word_1_515' title='bbox 1689 3928 1756 3968; x_wconf 80' lang='lat' dir='ltr'><strong>ex</strong></span> <span class='ocrx_word' id='word_1_516' title='bbox 1786 3921 1928 3969; x_wconf 85' lang='lat' dir='ltr'><strong>terra</strong></span> <span class='ocrx_word' id='word_1_517' title='bbox 1954 3923 2131 3970; x_wconf 87' lang='lat' dir='ltr'><strong>satum</strong></span> 
     </span>
    </p>
   </div>
   <div class='ocr_carea' id='block_1_70' title="bbox 556 4003 2132 4075">
    <p class='ocr_par' dir='ltr' id='par_1_70' title="bbox 556 4003 2132 4075">
     <span class='ocr_line' id='line_1_70' title="bbox 556 4003 2132 4075; baseline 0 -16"><span class='ocrx_word' id='word_1_518' title='bbox 556 4019 679 4059; x_wconf 89' lang='lat' dir='ltr'><strong>esse</strong></span> <span class='ocrx_word' id='word_1_519' title='bbox 707 4005 926 4072; x_wconf 89' lang='lat' dir='ltr'><strong>volunt,</strong></span> <span class='ocrx_word' id='word_1_520' title='bbox 968 4004 1223 4073; x_wconf 85' lang='lat' dir='ltr'><strong>repetitas</strong></span> <span class='ocrx_word' id='word_1_521' title='bbox 1253 4023 1267 4057; x_wconf 92' lang='lat'><strong>:</strong></span> <span class='ocrx_word' id='word_1_522' title='bbox 1298 4003 1597 4073; x_wconf 86' lang='lat' dir='ltr'><strong>iisdemque</strong></span> <span class='ocrx_word' id='word_1_523' title='bbox 1642 4003 1858 4059; x_wconf 88' lang='lat' dir='ltr'><strong>duabus</strong></span> <span class='ocrx_word' id='word_1_524' title='bbox 1885 4014 1938 4059; x_wconf 89' lang='lat' dir='ltr'><strong>et</strong></span> <span class='ocrx_word' id='word_1_525' title='bbox 1966 4006 2132 4075; x_wconf 88' lang='lat' dir='ltr'><strong>quin—</strong></span> 
     </span>
    </p>
   </div>
   <div class='ocr_carea' id='block_1_71' title="bbox 558 4095 2135 4167">
    <p class='ocr_par' dir='ltr' id='par_1_71' title="bbox 558 4095 2135 4167">
     <span class='ocr_line' id='line_1_71' title="bbox 558 4095 2135 4167; baseline 0.003 -19"><span class='ocrx_word' id='word_1_526' title='bbox 558 4097 814 4166; x_wconf 87' lang='lat' dir='ltr'><strong>quaginta</strong></span> <span class='ocrx_word' id='word_1_527' title='bbox 845 4097 1175 4152; x_wconf 85' lang='lat' dir='ltr'><strong>recentiores</strong></span> <span class='ocrx_word' id='word_1_528' title='bbox 1217 4112 1339 4152; x_wconf 89' lang='lat' dir='ltr'><strong>esse</strong></span> <span class='ocrx_word' id='word_1_529' title='bbox 1381 4095 1697 4162; x_wconf 87' lang='lat' dir='ltr'><strong>Pbtioticas,</strong></span> <span class='ocrx_word' id='word_1_530' title='bbox 1749 4113 1872 4167; x_wconf 68' lang='lat' dir='ltr'><strong>qua:</strong></span> <span class='ocrx_word' id='word_1_531' title='bbox 1898 4098 1966 4153; x_wconf 91' lang='lat' dir='ltr'><strong>ab</strong></span> <span class='ocrx_word' id='word_1_532' title='bbox 1994 4097 2135 4153; x_wconf 85' lang='lat' dir='ltr'><strong>Deu-</strong></span> 
     </span>
    </p>
   </div>
   <div class='ocr_carea' id='block_1_72' title="bbox 555 4187 2134 4261">
    <p class='ocr_par' dir='ltr' id='par_1_72' title="bbox 555 4187 2134 4261">
     <span class='ocr_line' id='line_1_72' title="bbox 555 4187 2134 4261; baseline 0.001 -17"><span class='ocrx_word' id='word_1_533' title='bbox 555 4189 770 4244; x_wconf 83' lang='lat' dir='ltr'><strong>calione</strong></span> <span class='ocrx_word' id='word_1_534' title='bbox 796 4189 989 4244; x_wconf 83' lang='lat' dir='ltr'><strong>ﬂuunt.</strong></span> <span class='ocrx_word' id='word_1_535' title='bbox 1041 4188 1121 4243; x_wconf 84' lang='lat' dir='ltr'><strong>Ab</strong></span> <span class='ocrx_word' id='word_1_536' title='bbox 1151 4187 1353 4243; x_wconf 89' lang='lat' dir='ltr'><strong>Inacho</strong></span> <span class='ocrx_word' id='word_1_537' title='bbox 1388 4200 1567 4243; x_wconf 89' lang='lat' dir='ltr'><strong>autem</strong></span> <span class='ocrx_word' id='word_1_538' title='bbox 1597 4188 1664 4243; x_wconf 85' lang='lat' dir='ltr'><strong>ad</strong></span> <span class='ocrx_word' id='word_1_539' title='bbox 1691 4187 1927 4259; x_wconf 73' lang='lat' dir='ltr'><strong>Troiana</strong></span> <span class='ocrx_word' id='word_1_540' title='bbox 1959 4205 2134 4261; x_wconf 91' lang='lat' dir='ltr'><strong>usque</strong></span> 
     </span>
    </p>
   </div>
   <div class='ocr_carea' id='block_1_73' title="bbox 557 4280 2136 4352">
    <p class='ocr_par' dir='ltr' id='par_1_73' title="bbox 557 4280 2136 4352">
     <span class='ocr_line' id='line_1_73' title="bbox 557 4280 2136 4352; baseline 0 -15"><span class='ocrx_word' id='word_1_541' title='bbox 557 4290 803 4352; x_wconf 89' lang='lat' dir='ltr'><strong>tempora</strong></span> <span class='ocrx_word' id='word_1_542' title='bbox 823 4321 839 4347; x_wconf 95' lang='lat'><strong>,</strong></span> <span class='ocrx_word' id='word_1_543' title='bbox 867 4292 1054 4336; x_wconf 59' lang='lat' dir='ltr'><strong>aetates</strong></span> <span class='ocrx_word' id='word_1_544' title='bbox 1076 4280 1197 4335; x_wconf 69' lang='lat' dir='ltr'><strong>dua:</strong></span> <span class='ocrx_word' id='word_1_545' title='bbox 1222 4296 1288 4336; x_wconf 90' lang='lat' dir='ltr'><strong>ac</strong></span> <span class='ocrx_word' id='word_1_546' title='bbox 1310 4280 1534 4349; x_wconf 86' lang='lat' dir='ltr'><strong>viginti,</strong></span> <span class='ocrx_word' id='word_1_547' title='bbox 1569 4289 1662 4334; x_wconf 89' lang='lat' dir='ltr'><strong>aut</strong></span> <span class='ocrx_word' id='word_1_548' title='bbox 1689 4282 1852 4336; x_wconf 91' lang='lat' dir='ltr'><strong>etiam</strong></span> <span class='ocrx_word' id='word_1_549' title='bbox 1880 4297 1985 4336; x_wconf 91' lang='lat' dir='ltr'><strong>una</strong></span> <span class='ocrx_word' id='word_1_550' title='bbox 2011 4283 2102 4351; x_wconf 91' lang='lat' dir='ltr'><strong>plu</strong></span> <span class='ocrx_word' id='word_1_551' title='bbox 2119 4311 2136 4323; x_wconf 90' lang='lat'><strong>-</strong></span> 
     </span>
    </p>
   </div>
   <div class='ocr_carea' id='block_1_74' title="bbox 557 4371 2132 4443">
    <p class='ocr_par' dir='ltr' id='par_1_74' title="bbox 557 4371 2132 4443">
     <span class='ocr_line' id='line_1_74' title="bbox 557 4371 2132 4443; baseline 0 -14"><span class='ocrx_word' id='word_1_552' title='bbox 557 4389 648 4429; x_wconf 87' lang='lat' dir='ltr'><strong>res</strong></span> <span class='ocrx_word' id='word_1_553' title='bbox 678 4382 1037 4428; x_wconf 88' lang='lat' dir='ltr'><strong>numerantur</strong></span> <span class='ocrx_word' id='word_1_554' title='bbox 1060 4413 1077 4440; x_wconf 94' lang='lat'><strong>,</strong></span> <span class='ocrx_word' id='word_1_555' title='bbox 1112 4371 1240 4426; x_wconf 88' lang='lat' dir='ltr'><strong>anni</strong></span> <span class='ocrx_word' id='word_1_556' title='bbox 1272 4387 1401 4426; x_wconf 84' lang='lat' dir='ltr'><strong>vero</strong></span> <span class='ocrx_word' id='word_1_557' title='bbox 1425 4412 1441 4437; x_wconf 91' lang='lat'><strong>,</strong></span> <span class='ocrx_word' id='word_1_558' title='bbox 1485 4382 1544 4427; x_wconf 91' lang='lat' dir='ltr'><strong>ut</strong></span> <span class='ocrx_word' id='word_1_559' title='bbox 1569 4388 1758 4428; x_wconf 92' lang='lat' dir='ltr'><strong>omnes</strong></span> <span class='ocrx_word' id='word_1_560' title='bbox 1783 4374 2132 4443; x_wconf 83' lang='lat' dir='ltr'><strong>complectar,</strong></span> 
     </span>
    </p>
   </div>
   <div class='ocr_carea' id='block_1_75' title="bbox 557 4462 2136 4537">
    <p class='ocr_par' dir='ltr' id='par_1_75' title="bbox 557 4462 2136 4537">
     <span class='ocr_line' id='line_1_75' title="bbox 557 4462 2136 4537; baseline -0.001 -16"><span class='ocrx_word' id='word_1_561' title='bbox 557 4466 937 4537; x_wconf 75' lang='lat' dir='ltr'><strong>quadringenti</strong></span> <span class='ocrx_word' id='word_1_562' title='bbox 965 4473 1020 4520; x_wconf 89' lang='lat' dir='ltr'><strong>et</strong></span> <span class='ocrx_word' id='word_1_563' title='bbox 1045 4464 1301 4534; x_wconf 86' lang='lat' dir='ltr'><strong>amplius.</strong></span> <span class='ocrx_word' id='word_1_564' title='bbox 1342 4462 1463 4518; x_wconf 87' lang='lat' dir='ltr'><strong>Jam</strong></span> <span class='ocrx_word' id='word_1_565' title='bbox 1516 4479 1668 4532; x_wconf 87' lang='lat' dir='ltr'><strong>vero,</strong></span> <span class='ocrx_word' id='word_1_566' title='bbox 1699 4465 1958 4520; x_wconf 88' lang='lat' dir='ltr'><strong>multisne</strong></span> <span class='ocrx_word' id='word_1_567' title='bbox 1981 4464 2136 4520; x_wconf 89' lang='lat' dir='ltr'><strong>simi-</strong></span> 
     </span>
    </p>
   </div>
   <div class='ocr_carea' id='block_1_76' title="bbox 557 4557 2133 4628">
    <p class='ocr_par' dir='ltr' id='par_1_76' title="bbox 557 4557 2133 4628">
     <span class='ocr_line' id='line_1_76' title="bbox 557 4557 2133 4628; baseline -0.001 -14"><span class='ocrx_word' id='word_1_568' title='bbox 557 4560 681 4614; x_wconf 84' lang='lat' dir='ltr'><strong>liter</strong></span> <span class='ocrx_word' id='word_1_569' title='bbox 707 4559 864 4614; x_wconf 88' lang='lat' dir='ltr'><strong>annis</strong></span> <span class='ocrx_word' id='word_1_570' title='bbox 886 4574 974 4614; x_wconf 90' lang='lat' dir='ltr'><strong>res</strong></span> <span class='ocrx_word' id='word_1_571' title='bbox 998 4557 1346 4628; x_wconf 80' lang='lat' dir='ltr'><strong>Assyriorum</strong></span> <span class='ocrx_word' id='word_1_572' title='bbox 1374 4558 1590 4613; x_wconf 59' lang='lat' dir='ltr'><strong>Graecas</strong></span> <span class='ocrx_word' id='word_1_573' title='bbox 1620 4557 2029 4622; x_wconf 88' lang='lat' dir='ltr'><strong>antecesserint,</strong></span> <span class='ocrx_word' id='word_1_574' title='bbox 2065 4573 2133 4613; x_wconf 87' lang='lat' dir='ltr'><strong>ex</strong></span> 
     </span>
    </p>
   </div>
   <div class='ocr_carea' id='block_1_77' title="bbox 557 4634 2135 4721">
    <p class='ocr_par' dir='ltr' id='par_1_77' title="bbox 557 4634 2135 4721">
     <span class='ocr_line' id='line_1_77' title="bbox 557 4634 2135 4721; baseline -0.002 -14"><span class='ocrx_word' id='word_1_575' title='bbox 557 4652 626 4707; x_wconf 90' lang='lat' dir='ltr'><strong>iis</strong></span> <span class='ocrx_word' id='word_1_576' title='bbox 674 4667 796 4721; x_wconf 85' lang='lat' dir='ltr'><strong>quae</strong></span> <span class='ocrx_word' id='word_1_577' title='bbox 847 4650 1165 4705; x_wconf 86' lang='lat' dir='ltr'><strong>scribuntur</strong></span> <span class='ocrx_word' id='word_1_578' title='bbox 1218 4664 1247 4703; x_wconf 94' lang='lat' dir='ltr'><strong>a</strong></span> <span class='ocrx_word' id='word_1_579' title='bbox 1290 4647 1494 4714; x_wconf 89' lang='lat' dir='ltr'><strong>Ctesia,</strong></span> <span class='ocrx_word' id='word_1_580' title='bbox 1540 4656 1922 4719; x_wconf 84' lang='lat' dir='ltr'><strong>cognoscetur.</strong></span> <span class='ocrx_word' id='word_1_581' title='bbox 1975 4634 2135 4704; x_wconf 84' lang='lat' dir='ltr'><strong>Anno</strong></span> 
     </span>
    </p>
   </div>
   <div class='ocr_carea' id='block_1_78' title="bbox 557 4739 2135 4814">
    <p class='ocr_par' dir='ltr' id='par_1_78' title="bbox 557 4739 2135 4814">
     <span class='ocr_line' id='line_1_78' title="bbox 557 4739 2135 4814; baseline 0.001 -18"><span class='ocrx_word' id='word_1_582' title='bbox 557 4745 758 4814; x_wconf 88' lang='lat' dir='ltr'><strong>quippe</strong></span> <span class='ocrx_word' id='word_1_583' title='bbox 785 4742 1026 4799; x_wconf 87' lang='lat' dir='ltr'><strong>secundo</strong></span> <span class='ocrx_word' id='word_1_584' title='bbox 1066 4756 1230 4810; x_wconf 84' lang='lat' dir='ltr'><strong>supra</strong></span> <span class='ocrx_word' id='word_1_585' title='bbox 1261 4739 1854 4811; x_wconf 89' lang='lat' dir='ltr'><strong>quadringentesimum</strong></span> <span class='ocrx_word' id='word_1_586' title='bbox 1879 4740 2135 4813; x_wconf 80' lang='lat' dir='ltr'><strong>Assyrio-</strong></span> 
     </span>
    </p>
   </div>
   <div class='ocr_carea' id='block_1_79' title="bbox 559 4830 2137 4904">
    <p class='ocr_par' dir='ltr' id='par_1_79' title="bbox 559 4830 2137 4904">
     <span class='ocr_line' id='line_1_79' title="bbox 559 4830 2137 4904; baseline 0.002 -17"><span class='ocrx_word' id='word_1_587' title='bbox 559 4849 681 4889; x_wconf 87' lang='lat' dir='ltr'><strong>rum</strong></span> <span class='ocrx_word' id='word_1_588' title='bbox 708 4832 941 4902; x_wconf 88' lang='lat' dir='ltr'><strong>imperii,</strong></span> <span class='ocrx_word' id='word_1_589' title='bbox 990 4830 1211 4886; x_wconf 89' lang='lat' dir='ltr'><strong>Beluehi</strong></span> <span class='ocrx_word' id='word_1_590' title='bbox 1244 4840 1425 4886; x_wconf 89' lang='lat' dir='ltr'><strong>autem</strong></span> <span class='ocrx_word' id='word_1_591' title='bbox 1471 4834 1650 4887; x_wconf 86' lang='lat' dir='ltr'><strong>octavi</strong></span> <span class='ocrx_word' id='word_1_592' title='bbox 1689 4833 2026 4904; x_wconf 87' lang='lat' dir='ltr'><strong>principatus</strong></span> <span class='ocrx_word' id='word_1_593' title='bbox 2049 4850 2137 4890; x_wconf 89' lang='lat' dir='ltr'><strong>se-</strong></span> 
     </span>
    </p>
   </div>
   <div class='ocr_carea' id='block_1_80' title="bbox 557 4923 2136 4997">
    <p class='ocr_par' dir='ltr' id='par_1_80' title="bbox 557 4923 2136 4997">
     <span class='ocr_line' id='line_1_80' title="bbox 557 4923 2136 4997; baseline 0 -16"><span class='ocrx_word' id='word_1_594' title='bbox 557 4926 739 4981; x_wconf 91' lang='lat' dir='ltr'><strong>cundo</strong></span> <span class='ocrx_word' id='word_1_595' title='bbox 768 4941 833 4981; x_wconf 89' lang='lat' dir='ltr'><strong>ac</strong></span> <span class='ocrx_word' id='word_1_596' title='bbox 861 4925 1157 4991; x_wconf 90' lang='lat' dir='ltr'><strong>tricesimo,</strong></span> <span class='ocrx_word' id='word_1_597' title='bbox 1187 4926 1290 4980; x_wconf 88' lang='lat' dir='ltr'><strong>sub</strong></span> <span class='ocrx_word' id='word_1_598' title='bbox 1319 4926 1509 4979; x_wconf 87' lang='lat' dir='ltr'><strong>Amosi</strong></span> <span class='ocrx_word' id='word_1_599' title='bbox 1540 4923 1793 4997; x_wconf 60' lang='lat' dir='ltr'><strong>IEgyptio</strong></span> <span class='ocrx_word' id='word_1_600' title='bbox 1822 4927 2002 4983; x_wconf 83' lang='lat' dir='ltr'><strong>Inachi</strong></span> <span class='ocrx_word' id='word_1_601' title='bbox 2032 4927 2136 4982; x_wconf 80' lang='lat' dir='ltr'><strong>Ar-</strong></span> 
     </span>
    </p>
   </div>
   <div class='ocr_carea' id='block_1_81' title="bbox 557 5016 2130 5092">
    <p class='ocr_par' dir='ltr' id='par_1_81' title="bbox 557 5016 2130 5092">
     <span class='ocr_line' id='line_1_81' title="bbox 557 5016 2130 5092; baseline 0.003 -21"><span class='ocrx_word' id='word_1_602' title='bbox 557 5019 666 5090; x_wconf 82' lang='lat' dir='ltr'><strong>givi</strong></span> <span class='ocrx_word' id='word_1_603' title='bbox 710 5018 926 5088; x_wconf 60' lang='lat' dir='ltr'><strong>aequali,</strong></span> <span class='ocrx_word' id='word_1_604' title='bbox 969 5017 1137 5073; x_wconf 83' lang='lat' dir='ltr'><strong>Mosis</strong></span> <span class='ocrx_word' id='word_1_605' title='bbox 1181 5033 1249 5072; x_wconf 76' lang='lat' dir='ltr'><strong>ex</strong></span> <span class='ocrx_word' id='word_1_606' title='bbox 1295 5016 1531 5088; x_wconf 60' lang='lat' dir='ltr'><strong>IEgypto</strong></span> <span class='ocrx_word' id='word_1_607' title='bbox 1579 5017 1840 5087; x_wconf 80' lang='lat' dir='ltr'><strong>profectio</strong></span> <span class='ocrx_word' id='word_1_608' title='bbox 1883 5021 2130 5092; x_wconf 86' lang='lat' dir='ltr'><strong>contigit.</strong></span> 
     </span>
    </p>
   </div>
   <div class='ocr_carea' id='block_1_82' title="bbox 554 5110 2129 5180">
    <p class='ocr_par' dir='ltr' id='par_1_82' title="bbox 554 5110 2129 5180">
     <span class='ocr_line' id='line_1_82' title="bbox 554 5110 2129 5180; baseline 0.001 -15"><span class='ocrx_word' id='word_1_609' title='bbox 554 5111 726 5167; x_wconf 88' lang='lat' dir='ltr'><strong>Porro</strong></span> <span class='ocrx_word' id='word_1_610' title='bbox 757 5112 808 5165; x_wconf 90' lang='lat' dir='ltr'><strong>in</strong></span> <span class='ocrx_word' id='word_1_611' title='bbox 842 5111 1071 5174; x_wconf 65' lang='lat' dir='ltr'><strong>Graecia,</strong></span> <span class='ocrx_word' id='word_1_612' title='bbox 1108 5110 1375 5164; x_wconf 87' lang='lat' dir='ltr'><strong>Phoronei</strong></span> <span class='ocrx_word' id='word_1_613' title='bbox 1419 5111 1616 5165; x_wconf 89' lang='lat' dir='ltr'><strong>Inacho</strong></span> <span class='ocrx_word' id='word_1_614' title='bbox 1646 5111 1966 5180; x_wconf 88' lang='lat' dir='ltr'><strong>posterioris</strong></span> <span class='ocrx_word' id='word_1_615' title='bbox 1989 5119 2129 5167; x_wconf 87' lang='lat' dir='ltr'><strong>tem-</strong></span> 
     </span>
    </p>
   </div>
   <div class='ocr_carea' id='block_1_83' title="bbox 556 5200 2130 5274">
    <p class='ocr_par' dir='ltr' id='par_1_83' title="bbox 556 5200 2130 5274">
     <span class='ocr_line' id='line_1_83' title="bbox 556 5200 2130 5274; baseline 0.001 -19"><span class='ocrx_word' id='word_1_616' title='bbox 556 5217 709 5273; x_wconf 90' lang='lat' dir='ltr'><strong>pore,</strong></span> <span class='ocrx_word' id='word_1_617' title='bbox 742 5201 1006 5274; x_wconf 80' lang='lat' dir='ltr'><strong>Ogygium</strong></span> <span class='ocrx_word' id='word_1_618' title='bbox 1041 5201 1304 5256; x_wconf 89' lang='lat' dir='ltr'><strong>diluvium</strong></span> <span class='ocrx_word' id='word_1_619' title='bbox 1340 5200 1570 5266; x_wconf 86' lang='lat' dir='ltr'><strong>accidit;</strong></span> <span class='ocrx_word' id='word_1_620' title='bbox 1616 5200 1856 5270; x_wconf 88' lang='lat' dir='ltr'><strong>itemque</strong></span> <span class='ocrx_word' id='word_1_621' title='bbox 1903 5216 2130 5272; x_wconf 89' lang='lat' dir='ltr'><strong>regnum</strong></span> 
     </span>
    </p>
   </div>
   <div class='ocr_carea' id='block_1_84' title="bbox 559 5292 2131 5367">
    <p class='ocr_par' dir='ltr' id='par_1_84' title="bbox 559 5292 2131 5367">
     <span class='ocr_line' id='line_1_84' title="bbox 559 5292 2131 5367; baseline -0.001 -17"><span class='ocrx_word' id='word_1_622' title='bbox 559 5295 896 5367; x_wconf 83' lang='lat' dir='ltr'><strong>Sicyonium,</strong></span> <span class='ocrx_word' id='word_1_623' title='bbox 929 5294 1073 5365; x_wconf 91' lang='lat' dir='ltr'><strong>quod</strong></span> <span class='ocrx_word' id='word_1_624' title='bbox 1105 5293 1385 5361; x_wconf 61' lang='lat' dir='ltr'><strong>{Egialeus</strong></span> <span class='ocrx_word' id='word_1_625' title='bbox 1408 5292 1652 5347; x_wconf 90' lang='lat' dir='ltr'><strong>omnium</strong></span> <span class='ocrx_word' id='word_1_626' title='bbox 1698 5293 1908 5363; x_wconf 90' lang='lat' dir='ltr'><strong>primus</strong></span> <span class='ocrx_word' id='word_1_627' title='bbox 1938 5293 2131 5358; x_wconf 87' lang='lat' dir='ltr'><strong>tenuit,</strong></span> 
     </span>
    </p>
   </div>
   <div class='ocr_carea' id='block_1_85' title="bbox 557 5386 2131 5457">
    <p class='ocr_par' dir='ltr' id='par_1_85' title="bbox 557 5386 2131 5457">
     <span class='ocr_line' id='line_1_85' title="bbox 557 5386 2131 5457; baseline -0.001 -14"><span class='ocrx_word' id='word_1_628' title='bbox 557 5398 667 5443; x_wconf 84' lang='lat' dir='ltr'><strong>tum</strong></span> <span class='ocrx_word' id='word_1_629' title='bbox 701 5388 913 5457; x_wconf 89' lang='lat' dir='ltr'><strong>Europs</strong></span> <span class='ocrx_word' id='word_1_630' title='bbox 938 5403 1001 5442; x_wconf 89' lang='lat' dir='ltr'><strong>ac</strong></span> <span class='ocrx_word' id='word_1_631' title='bbox 1024 5388 1217 5443; x_wconf 90' lang='lat' dir='ltr'><strong>deinde</strong></span> <span class='ocrx_word' id='word_1_632' title='bbox 1245 5386 1469 5443; x_wconf 89' lang='lat' dir='ltr'><strong>Telchin</strong></span> <span class='ocrx_word' id='word_1_633' title='bbox 1510 5404 1523 5440; x_wconf 89' lang='lat'><strong>:</strong></span> <span class='ocrx_word' id='word_1_634' title='bbox 1577 5387 1847 5456; x_wconf 90' lang='lat' dir='ltr'><strong>simulque</strong></span> <span class='ocrx_word' id='word_1_635' title='bbox 1869 5386 2044 5443; x_wconf 89' lang='lat' dir='ltr'><strong>Cretis</strong></span> <span class='ocrx_word' id='word_1_636' title='bbox 2074 5388 2131 5442; x_wconf 90' lang='lat' dir='ltr'><strong>in</strong></span> 
     </span>
    </p>
   </div>
   <div class='ocr_carea' id='block_1_86' title="bbox 555 5477 2128 5551">
    <p class='ocr_par' dir='ltr' id='par_1_86' title="bbox 555 5477 2128 5551">
     <span class='ocr_line' id='line_1_86' title="bbox 555 5477 2128 5551; baseline -0.002 -15"><span class='ocrx_word' id='word_1_637' title='bbox 555 5483 716 5537; x_wconf 86' lang='lat' dir='ltr'><strong>Creta</strong></span> <span class='ocrx_word' id='word_1_638' title='bbox 758 5497 1007 5551; x_wconf 75' lang='lat' dir='ltr'><strong>regnum.</strong></span> <span class='ocrx_word' id='word_1_639' title='bbox 1068 5482 1355 5537; x_wconf 86' lang='lat' dir='ltr'><strong>Acusilaus</strong></span> <span class='ocrx_word' id='word_1_640' title='bbox 1391 5480 1537 5536; x_wconf 91' lang='lat' dir='ltr'><strong>enim</strong></span> <span class='ocrx_word' id='word_1_641' title='bbox 1567 5477 1913 5535; x_wconf 87' lang='lat' dir='ltr'><strong>Pboroneum</strong></span> <span class='ocrx_word' id='word_1_642' title='bbox 1946 5479 2128 5534; x_wconf 48' lang='lat' dir='ltr'><strong>homia</strong></span> 
     </span>
    </p>
   </div>
   <div class='ocr_carea' id='block_1_87' title="bbox 628 5606 1184 5683">
    <p class='ocr_par' dir='ltr' id='par_1_87' title="bbox 628 5606 1184 5683">
     <span class='ocr_line' id='line_1_87' title="bbox 628 5606 1184 5683; baseline 0.009 -19"><span class='ocrx_word' id='word_1_643' title='bbox 628 5624 657 5653; x_wconf 77' lang='grc' dir='ltr'>ι</span> <span class='ocrx_word' id='word_1_644' title='bbox 694 5614 821 5667; x_wconf 81' lang='lat' dir='ltr'><strong>add.</strong></span> <span class='ocrx_word' id='word_1_645' title='bbox 853 5612 934 5669; x_wconf 86' lang='lat' dir='ltr'><strong>Cl.</strong></span> <span class='ocrx_word' id='word_1_646' title='bbox 961 5615 1051 5683; x_wconf 74' lang='grc' dir='ltr'><strong>ἀφ’</strong></span> <span class='ocrx_word' id='word_1_647' title='bbox 1089 5606 1184 5669; x_wconf 83' lang='grc' dir='ltr'><strong>ὧν.</strong></span> 
     </span>
    </p>
   </div>
   <div class='ocr_carea' id='block_1_88' title="bbox 631 5742 2127 5816">
    <p class='ocr_par' dir='ltr' id='par_1_88' title="bbox 631 5742 2127 5816">
     <span class='ocr_line' id='line_1_88' title="bbox 631 5742 2127 5816; baseline 0.004 -21"><span class='ocrx_word' id='word_1_648' title='bbox 631 5742 742 5811; x_wconf 77' lang='grc'><strong>(95)</strong></span> <span class='ocrx_word' id='word_1_649' title='bbox 768 5745 1009 5816; x_wconf 76' lang='grc' dir='ltr'>Εἴρηται</span> <span class='ocrx_word' id='word_1_650' title='bbox 1034 5747 1151 5815; x_wconf 80' lang='grc' dir='ltr'><strong>μὲν</strong></span> <span class='ocrx_word' id='word_1_651' title='bbox 1181 5742 1311 5801; x_wconf 76' lang='grc' dir='ltr'>οὖν.</span> <span class='ocrx_word' id='word_1_652' title='bbox 1338 5745 1473 5801; x_wconf 78' lang='lat' dir='ltr'><strong>Vide</strong></span> <span class='ocrx_word' id='word_1_653' title='bbox 1504 5747 1683 5801; x_wconf 83' lang='lat' dir='ltr'><strong>locum</strong></span> <span class='ocrx_word' id='word_1_654' title='bbox 1703 5744 1844 5816; x_wconf 82' lang='lat' dir='ltr'><strong>apud</strong></span> <span class='ocrx_word' id='word_1_655' title='bbox 1861 5744 2127 5802; x_wconf 91' lang='lat' dir='ltr'><strong>Clement.</strong></span> 
     </span>
    </p>
   </div>
   <div class='ocr_carea' id='block_1_89' title="bbox 559 5813 1638 5884">
    <p class='ocr_par' dir='ltr' id='par_1_89' title="bbox 559 5813 1638 5884">
     <span class='ocr_line' id='line_1_89' title="bbox 559 5813 1638 5884; baseline 0.002 -15"><span class='ocrx_word' id='word_1_656' title='bbox 559 5813 955 5884; x_wconf 63' lang='lat' dir='ltr'><strong>Cmam-Latin.</strong></span> <span class='ocrx_word' id='word_1_657' title='bbox 988 5831 1004 5869; x_wconf 88' lang='grc' dir='ltr'><strong>ι</strong></span> <span class='ocrx_word' id='word_1_658' title='bbox 1037 5813 1264 5877; x_wconf 80' lang='lat' dir='ltr'><strong>Slrom.,</strong></span> <span class='ocrx_word' id='word_1_659' title='bbox 1298 5832 1417 5884; x_wconf 78' lang='lat' dir='ltr'><strong>pag.</strong></span> <span class='ocrx_word' id='word_1_660' title='bbox 1442 5817 1548 5872; x_wconf 70' lang='grc'><strong>254</strong></span> <span class='ocrx_word' id='word_1_661' title='bbox 1578 5817 1638 5871; x_wconf 82' lang='grc' dir='ltr'>Ε.</span> 
     </span>
    </p>
   </div>
   <div class='ocr_carea' id='block_1_90' title="bbox 633 5881 2135 5957">
    <p class='ocr_par' dir='ltr' id='par_1_90' title="bbox 633 5881 2135 5957">
     <span class='ocr_line' id='line_1_90' title="bbox 633 5881 2135 5957; baseline 0.002 -18"><span class='ocrx_word' id='word_1_662' title='bbox 633 5883 742 5957; x_wconf 74' lang='grc'><strong>(94)</strong></span> <span class='ocrx_word' id='word_1_663' title='bbox 784 5888 1130 5953; x_wconf 70' lang='grc' dir='ltr'>Βουληθείς.</span> <span class='ocrx_word' id='word_1_664' title='bbox 1182 5884 1255 5943; x_wconf 91' lang='lat' dir='ltr'><strong>De</strong></span> <span class='ocrx_word' id='word_1_665' title='bbox 1291 5881 1491 5943; x_wconf 78' lang='lat' dir='ltr'><strong>Selene</strong></span> <span class='ocrx_word' id='word_1_666' title='bbox 1541 5888 1803 5957; x_wconf 85' lang='lat' dir='ltr'><strong>loquitur,</strong></span> <span class='ocrx_word' id='word_1_667' title='bbox 1834 5887 1927 5955; x_wconf 88' lang='lat' dir='ltr'><strong>qui</strong></span> <span class='ocrx_word' id='word_1_668' title='bbox 1957 5901 2135 5944; x_wconf 83' lang='lat' dir='ltr'><strong>sacer-</strong></span> 
     </span>
    </p>
   </div>
   <div class='ocr_carea' id='block_1_91' title="bbox 2238 3815 3817 3889">
    <p class='ocr_par' dir='ltr' id='par_1_91' title="bbox 2238 3815 3817 3889">
     <span class='ocr_line' id='line_1_91' title="bbox 2238 3815 3817 3889; baseline -0.001 -15"><span class='ocrx_word' id='word_1_669' title='bbox 2238 3819 2538 3889; x_wconf 83' lang='grc' dir='ltr'>αὐτόχθων.</span> <span class='ocrx_word' id='word_1_670' title='bbox 2564 3818 2785 3874; x_wconf 83' lang='grc' dir='ltr'>Τούτων</span> <span class='ocrx_word' id='word_1_671' title='bbox 2817 3817 2875 3872; x_wconf 81' lang='grc' dir='ltr'>δὲ</span> <span class='ocrx_word' id='word_1_672' title='bbox 2900 3817 3074 3872; x_wconf 79' lang='grc' dir='ltr'>ἄλλων</span> <span class='ocrx_word' id='word_1_673' title='bbox 3096 3816 3243 3870; x_wconf 87' lang='grc' dir='ltr'>δυοῖν</span> <span class='ocrx_word' id='word_1_674' title='bbox 3275 3815 3517 3889; x_wconf 83' lang='grc' dir='ltr'>νεώτερα</span> <span class='ocrx_word' id='word_1_675' title='bbox 3548 3817 3618 3871; x_wconf 83' lang='grc' dir='ltr'>τὰ</span> <span class='ocrx_word' id='word_1_676' title='bbox 3638 3818 3817 3872; x_wconf 63' lang='lat' dir='ltr'><strong>Mtte—</strong></span> 
     </span>
    </p>
   </div>
   <div class='ocr_carea' id='block_1_92' title="bbox 2233 3909 3818 3982">
    <p class='ocr_par' dir='ltr' id='par_1_92' title="bbox 2233 3909 3818 3982">
     <span class='ocr_line' id='line_1_92' title="bbox 2233 3909 3818 3982; baseline 0 -18"><span class='ocrx_word' id='word_1_677' title='bbox 2233 3910 2359 3965; x_wconf 81' lang='grc' dir='ltr'>τικὰ</span> <span class='ocrx_word' id='word_1_678' title='bbox 2374 3910 2443 3965; x_wconf 81' lang='grc' dir='ltr'><strong>τὰ</strong></span> <span class='ocrx_word' id='word_1_679' title='bbox 2463 3912 2570 3965; x_wconf 78' lang='grc' dir='ltr'><strong>ἀπὸ</strong></span> <span class='ocrx_word' id='word_1_680' title='bbox 2589 3911 2976 3975; x_wconf 86' lang='grc' dir='ltr'>Δευκαλίωνος.</span> <span class='ocrx_word' id='word_1_681' title='bbox 2992 3911 3087 3976; x_wconf 86' lang='grc' dir='ltr'><strong>Εἰς</strong></span> <span class='ocrx_word' id='word_1_682' title='bbox 3109 3909 3165 3963; x_wconf 85' lang='grc' dir='ltr'>δὲ</span> <span class='ocrx_word' id='word_1_683' title='bbox 3184 3909 3275 3964; x_wconf 85' lang='grc' dir='ltr'>τὸν</span> <span class='ocrx_word' id='word_1_684' title='bbox 3294 3910 3486 3982; x_wconf 83' lang='grc' dir='ltr'>χρόνον</span> <span class='ocrx_word' id='word_1_685' title='bbox 3508 3910 3616 3965; x_wconf 83' lang='grc' dir='ltr'><strong>τῶν</strong></span> <span class='ocrx_word' id='word_1_686' title='bbox 3636 3910 3818 3982; x_wconf 84' lang='grc' dir='ltr'>Τρωϊ-</span> 
     </span>
    </p>
   </div>
   <div class='ocr_carea' id='block_1_93' title="bbox 2235 4004 3820 4077">
    <p class='ocr_par' dir='ltr' id='par_1_93' title="bbox 2235 4004 3820 4077">
     <span class='ocr_line' id='line_1_93' title="bbox 2235 4004 3820 4077; baseline 0 -18"><span class='ocrx_word' id='word_1_687' title='bbox 2235 4004 2349 4059; x_wconf 83' lang='grc' dir='ltr'><strong>κῶν</strong></span> <span class='ocrx_word' id='word_1_688' title='bbox 2379 4004 2487 4058; x_wconf 80' lang='grc' dir='ltr'><strong>ἀπὸ</strong></span> <span class='ocrx_word' id='word_1_689' title='bbox 2511 4005 2720 4076; x_wconf 83' lang='grc' dir='ltr'>Ἰνάχου</span> <span class='ocrx_word' id='word_1_690' title='bbox 2762 4006 2950 4074; x_wconf 86' lang='grc' dir='ltr'>γενεαί</span> <span class='ocrx_word' id='word_1_691' title='bbox 2986 4005 3084 4076; x_wconf 87' lang='grc' dir='ltr'>μὲν</span> <span class='ocrx_word' id='word_1_692' title='bbox 3129 4006 3353 4070; x_wconf 81' lang='grc' dir='ltr'>εἴκοσιν,</span> <span class='ocrx_word' id='word_1_693' title='bbox 3390 4004 3423 4075; x_wconf 83' lang='grc' dir='ltr'><strong>ή</strong></span> <span class='ocrx_word' id='word_1_694' title='bbox 3458 4007 3558 4077; x_wconf 82' lang='grc' dir='ltr'><strong>μιᾷ</strong></span> <span class='ocrx_word' id='word_1_695' title='bbox 3601 4004 3820 4071; x_wconf 86' lang='grc' dir='ltr'>πλείους</span> 
     </span>
    </p>
   </div>
   <div class='ocr_carea' id='block_1_94' title="bbox 2233 4095 3814 4168">
    <p class='ocr_par' dir='ltr' id='par_1_94' title="bbox 2233 4095 3814 4168">
     <span class='ocr_line' id='line_1_94' title="bbox 2233 4095 3814 4168; baseline 0.003 -19"><span class='ocrx_word' id='word_1_696' title='bbox 2233 4095 2663 4168; x_wconf 76' lang='grc' dir='ltr'>διαριθμοῦνται’</span> <span class='ocrx_word' id='word_1_697' title='bbox 2693 4096 2788 4167; x_wconf 76' lang='grc' dir='ltr'>ἔτη</span> <span class='ocrx_word' id='word_1_698' title='bbox 2821 4096 2900 4161; x_wconf 81' lang='grc' dir='ltr'>δὲ,</span> <span class='ocrx_word' id='word_1_699' title='bbox 2932 4096 3008 4160; x_wconf 86' lang='grc' dir='ltr'>ὠς</span> <span class='ocrx_word' id='word_1_700' title='bbox 3034 4096 3165 4161; x_wconf 78' lang='grc' dir='ltr'>ἔπος</span> <span class='ocrx_word' id='word_1_701' title='bbox 3187 4099 3381 4160; x_wconf 87' lang='grc' dir='ltr'>εἰπεῖν,</span> <span class='ocrx_word' id='word_1_702' title='bbox 3411 4103 3456 4149; x_wconf 86' lang='grc' dir='ltr'>υ¹</span> <span class='ocrx_word' id='word_1_703' title='bbox 3487 4098 3581 4151; x_wconf 81' lang='grc' dir='ltr'><strong>καί</strong></span> <span class='ocrx_word' id='word_1_704' title='bbox 3605 4096 3814 4168; x_wconf 84' lang='grc' dir='ltr'>πρόσω.</span> 
     </span>
    </p>
   </div>
   <div class='ocr_carea' id='block_1_95' title="bbox 2235 4184 3819 4259">
    <p class='ocr_par' dir='ltr' id='par_1_95' title="bbox 2235 4184 3819 4259">
     <span class='ocr_line' id='line_1_95' title="bbox 2235 4184 3819 4259; baseline 0.001 -19"><span class='ocrx_word' id='word_1_705' title='bbox 2235 4187 2301 4240; x_wconf 89' lang='grc' dir='ltr'>Εἰ</span> <span class='ocrx_word' id='word_1_706' title='bbox 2333 4186 2389 4239; x_wconf 80' lang='grc' dir='ltr'>δὲ</span> <span class='ocrx_word' id='word_1_707' title='bbox 2417 4186 2485 4240; x_wconf 78' lang='grc' dir='ltr'><strong>τὰ</strong></span> <span class='ocrx_word' id='word_1_708' title='bbox 2532 4187 2833 4258; x_wconf 75' lang='grc' dir='ltr'>Ἀσσυρίων</span> <span class='ocrx_word' id='word_1_709' title='bbox 2885 4185 3102 4249; x_wconf 86' lang='grc' dir='ltr'>πολλοῖς</span> <span class='ocrx_word' id='word_1_710' title='bbox 3156 4186 3301 4239; x_wconf 84' lang='grc' dir='ltr'>ἔτεσι</span> <span class='ocrx_word' id='word_1_711' title='bbox 3336 4184 3682 4259; x_wconf 78' lang='grc' dir='ltr'>πρεσϐύτερα</span> <span class='ocrx_word' id='word_1_712' title='bbox 3706 4186 3819 4241; x_wconf 85' lang='grc' dir='ltr'>τῶν</span> 
     </span>
    </p>
   </div>
   <div class='ocr_carea' id='block_1_96' title="bbox 2247 4277 3817 4351">
    <p class='ocr_par' dir='ltr' id='par_1_96' title="bbox 2247 4277 3817 4351">
     <span class='ocr_line' id='line_1_96' title="bbox 2247 4277 3817 4351; baseline 0 -20"><span class='ocrx_word' id='word_1_713' title='bbox 2247 4277 2569 4348; x_wconf 79' lang='grc' dir='ltr'>Ἑλληνικῶν</span> <span class='ocrx_word' id='word_1_714' title='bbox 2587 4291 2613 4318; x_wconf 79' lang='grc' dir='ltr'><strong>ιι</strong></span> <span class='ocrx_word' id='word_1_715' title='bbox 2631 4278 2875 4350; x_wconf 81' lang='grc' dir='ltr'>Κτησίας</span> <span class='ocrx_word' id='word_1_716' title='bbox 2896 4277 3042 4345; x_wconf 87' lang='grc' dir='ltr'>λέγει</span> <span class='ocrx_word' id='word_1_717' title='bbox 3091 4279 3409 4349; x_wconf 83' lang='grc' dir='ltr'>φανήσεται.</span> <span class='ocrx_word' id='word_1_718' title='bbox 3437 4277 3528 4348; x_wconf 84' lang='grc' dir='ltr'>Τῷ</span> <span class='ocrx_word' id='word_1_719' title='bbox 3581 4278 3817 4351; x_wconf 83' lang='grc' dir='ltr'>δευτέρῳ</span> 
     </span>
    </p>
   </div>
   <div class='ocr_carea' id='block_1_97' title="bbox 2235 4364 3816 4439">
    <p class='ocr_par' dir='ltr' id='par_1_97' title="bbox 2235 4364 3816 4439">
     <span class='ocr_line' id='line_1_97' title="bbox 2235 4364 3816 4439; baseline -0.003 -18"><span class='ocrx_word' id='word_1_720' title='bbox 2235 4368 2332 4421; x_wconf 74' lang='grc' dir='ltr'>καὶ</span> <span class='ocrx_word' id='word_1_721' title='bbox 2357 4367 2791 4439; x_wconf 85' lang='grc' dir='ltr'>τετρακοσιοστῷ</span> <span class='ocrx_word' id='word_1_722' title='bbox 2814 4366 2924 4420; x_wconf 75' lang='grc' dir='ltr'>ἔτει</span> <span class='ocrx_word' id='word_1_723' title='bbox 2944 4369 3045 4439; x_wconf 74' lang='grc' dir='ltr'>τῆς</span> <span class='ocrx_word' id='word_1_724' title='bbox 3067 4366 3371 4438; x_wconf 87' lang='grc' dir='ltr'>Ἀσσυρίων</span> <span class='ocrx_word' id='word_1_725' title='bbox 3394 4365 3572 4437; x_wconf 82' lang='grc' dir='ltr'>ἀρχῆς</span> <span class='ocrx_word' id='word_1_726' title='bbox 3591 4405 3605 4430; x_wconf 90' lang='grc'><strong>,</strong></span> <span class='ocrx_word' id='word_1_727' title='bbox 3637 4366 3735 4437; x_wconf 87' lang='grc' dir='ltr'>τῆς</span> <span class='ocrx_word' id='word_1_728' title='bbox 3756 4364 3816 4418; x_wconf 74' lang='grc' dir='ltr'>δὲ</span> 
     </span>
    </p>
   </div>
   <div class='ocr_carea' id='block_1_98' title="bbox 2235 4455 3817 4532">
    <p class='ocr_par' dir='ltr' id='par_1_98' title="bbox 2235 4455 3817 4532">
     <span class='ocr_line' id='line_1_98' title="bbox 2235 4455 3817 4532; baseline -0.001 -20"><span class='ocrx_word' id='word_1_729' title='bbox 2235 4458 2508 4532; x_wconf 85' lang='grc' dir='ltr'>Βηλούχου</span> <span class='ocrx_word' id='word_1_730' title='bbox 2557 4459 2651 4513; x_wconf 83' lang='grc' dir='ltr'><strong>τοῦ</strong></span> <span class='ocrx_word' id='word_1_731' title='bbox 2705 4458 2894 4527; x_wconf 88' lang='grc' dir='ltr'>ὀγδόου</span> <span class='ocrx_word' id='word_1_732' title='bbox 2957 4457 3275 4520; x_wconf 87' lang='grc' dir='ltr'>δυναστείας</span> <span class='ocrx_word' id='word_1_733' title='bbox 3313 4455 3393 4526; x_wconf 81' lang='grc' dir='ltr'>τῷ</span> <span class='ocrx_word' id='word_1_734' title='bbox 3436 4456 3674 4528; x_wconf 81' lang='grc' dir='ltr'>δευτέρῳ</span> <span class='ocrx_word' id='word_1_735' title='bbox 3718 4456 3817 4511; x_wconf 80' lang='grc' dir='ltr'>καὶ</span> 
     </span>
    </p>
   </div>
   <div class='ocr_carea' id='block_1_99' title="bbox 2233 4546 3814 4622">
    <p class='ocr_par' dir='ltr' id='par_1_99' title="bbox 2233 4546 3814 4622">
     <span class='ocr_line' id='line_1_99' title="bbox 2233 4546 3814 4622; baseline -0.002 -17"><span class='ocrx_word' id='word_1_736' title='bbox 2233 4550 2561 4622; x_wconf 82' lang='grc' dir='ltr'>τριακοστῷ,</span> <span class='ocrx_word' id='word_1_737' title='bbox 2598 4553 2633 4620; x_wconf 77' lang='grc' dir='ltr'>ἡ</span> <span class='ocrx_word' id='word_1_738' title='bbox 2661 4549 2903 4614; x_wconf 82' lang='grc' dir='ltr'>Μωσέως</span> <span class='ocrx_word' id='word_1_739' title='bbox 2934 4549 3077 4603; x_wconf 76' lang='grc' dir='ltr'>κατὰ</span> <span class='ocrx_word' id='word_1_740' title='bbox 3128 4548 3375 4620; x_wconf 80' lang='grc' dir='ltr'>Ἀμωσιν</span> <span class='ocrx_word' id='word_1_741' title='bbox 3403 4546 3493 4600; x_wconf 81' lang='grc' dir='ltr'>τὸν</span> <span class='ocrx_word' id='word_1_742' title='bbox 3517 4547 3814 4617; x_wconf 84' lang='grc' dir='ltr'>Αἰγύπτιον</span> 
     </span>
    </p>
   </div>
   <div class='ocr_carea' id='block_1_100' title="bbox 2236 4638 3810 4713">
    <p class='ocr_par' dir='ltr' id='par_1_100' title="bbox 2236 4638 3810 4713">
     <span class='ocr_line' id='line_1_100' title="bbox 2236 4638 3810 4713; baseline -0.002 -17"><span class='ocrx_word' id='word_1_743' title='bbox 2236 4642 2332 4696; x_wconf 77' lang='grc' dir='ltr'><strong>καί</strong></span> <span class='ocrx_word' id='word_1_744' title='bbox 2366 4641 2510 4697; x_wconf 80' lang='grc' dir='ltr'>κατὰ</span> <span class='ocrx_word' id='word_1_745' title='bbox 2542 4644 2755 4713; x_wconf 63' lang='grc' dir='ltr'>Ἴναχον</span> <span class='ocrx_word' id='word_1_746' title='bbox 2777 4640 2868 4693; x_wconf 82' lang='grc' dir='ltr'>τὸν</span> <span class='ocrx_word' id='word_1_747' title='bbox 2894 4640 3139 4710; x_wconf 86' lang='grc' dir='ltr'>Ἀργεῖον</span> <span class='ocrx_word' id='word_1_748' title='bbox 3182 4638 3243 4704; x_wconf 73' lang='grc' dir='ltr'>ἐξ</span> <span class='ocrx_word' id='word_1_749' title='bbox 3266 4638 3542 4707; x_wconf 90' lang='grc' dir='ltr'>Αἰγύπτου</span> <span class='ocrx_word' id='word_1_750' title='bbox 3577 4639 3810 4711; x_wconf 87' lang='grc' dir='ltr'>κίνησις.</span> 
     </span>
    </p>
   </div>
   <div class='ocr_carea' id='block_1_101' title="bbox 2236 4731 3816 4808">
    <p class='ocr_par' dir='ltr' id='par_1_101' title="bbox 2236 4731 3816 4808">
     <span class='ocr_line' id='line_1_101' title="bbox 2236 4731 3816 4808; baseline -0.003 -18"><span class='ocrx_word' id='word_1_751' title='bbox 2236 4731 2344 4790; x_wconf 82' lang='grc' dir='ltr'>Ἦν</span> <span class='ocrx_word' id='word_1_752' title='bbox 2386 4735 2442 4789; x_wconf 85' lang='grc' dir='ltr'>δὲ</span> <span class='ocrx_word' id='word_1_753' title='bbox 2491 4733 2632 4788; x_wconf 69' lang='grc' dir='ltr'>κατὰ</span> <span class='ocrx_word' id='word_1_754' title='bbox 2673 4734 2773 4804; x_wconf 81' lang='grc' dir='ltr'>τὴν</span> <span class='ocrx_word' id='word_1_755' title='bbox 2808 4733 3033 4787; x_wconf 78' lang='grc' dir='ltr'>Ἐλλάδα</span> <span class='ocrx_word' id='word_1_756' title='bbox 3082 4735 3223 4788; x_wconf 80' lang='grc' dir='ltr'>κατὰ</span> <span class='ocrx_word' id='word_1_757' title='bbox 3270 4736 3369 4807; x_wconf 83' lang='grc' dir='ltr'>μὲν</span> <span class='ocrx_word' id='word_1_758' title='bbox 3405 4736 3676 4808; x_wconf 84' lang='grc' dir='ltr'>Φορωνέα,</span> <span class='ocrx_word' id='word_1_759' title='bbox 3724 4733 3816 4788; x_wconf 76' lang='grc' dir='ltr'>τὸν</span> 
     </span>
    </p>
   </div>
   <div class='ocr_carea' id='block_1_102' title="bbox 2241 4825 3819 4899">
    <p class='ocr_par' dir='ltr' id='par_1_102' title="bbox 2241 4825 3819 4899">
     <span class='ocr_line' id='line_1_102' title="bbox 2241 4825 3819 4899; baseline -0.004 -17"><span class='ocrx_word' id='word_1_760' title='bbox 2241 4829 2356 4899; x_wconf 84' lang='grc' dir='ltr'>μετ’</span> <span class='ocrx_word' id='word_1_761' title='bbox 2392 4829 2623 4898; x_wconf 83' lang='grc' dir='ltr'>Ἴναχον,</span> <span class='ocrx_word' id='word_1_762' title='bbox 2672 4829 2700 4879; x_wconf 89' lang='lat'><strong>6</strong></span> <span class='ocrx_word' id='word_1_763' title='bbox 2728 4825 2820 4880; x_wconf 74' lang='grc' dir='ltr'><strong>ἐπὶ</strong></span> <span class='ocrx_word' id='word_1_764' title='bbox 2849 4826 3078 4895; x_wconf 85' lang='grc' dir='ltr'>Ὠγύγου</span> <span class='ocrx_word' id='word_1_765' title='bbox 3129 4826 3532 4896; x_wconf 87' lang='grc' dir='ltr'>κατακλυσμὸς,</span> <span class='ocrx_word' id='word_1_766' title='bbox 3560 4826 3653 4881; x_wconf 73' lang='grc' dir='ltr'>καὶ</span> <span class='ocrx_word' id='word_1_767' title='bbox 3690 4827 3724 4896; x_wconf 85' lang='grc' dir='ltr'><strong>ή</strong></span> <span class='ocrx_word' id='word_1_768' title='bbox 3755 4825 3819 4877; x_wconf 78' lang='grc' dir='ltr'>ὲν</span> 
     </span>
    </p>
   </div>
   <div class='ocr_carea' id='block_1_103' title="bbox 2236 4915 3816 4988">
    <p class='ocr_par' dir='ltr' id='par_1_103' title="bbox 2236 4915 3816 4988">
     <span class='ocr_line' id='line_1_103' title="bbox 2236 4915 3816 4988; baseline -0.003 -15"><span class='ocrx_word' id='word_1_769' title='bbox 2236 4918 2468 4973; x_wconf 84' lang='grc' dir='ltr'>Σικυῶνι</span> <span class='ocrx_word' id='word_1_770' title='bbox 2525 4916 2767 4988; x_wconf 87' lang='grc' dir='ltr'>βασιλεία</span> <span class='ocrx_word' id='word_1_771' title='bbox 2811 4917 3031 4988; x_wconf 82' lang='grc' dir='ltr'>πρώτου</span> <span class='ocrx_word' id='word_1_772' title='bbox 3088 4917 3187 4988; x_wconf 82' lang='grc' dir='ltr'>μὲν</span> <span class='ocrx_word' id='word_1_773' title='bbox 3212 4917 3545 4986; x_wconf 80' lang='grc' dir='ltr'>Αἰγιαλέως,</span> <span class='ocrx_word' id='word_1_774' title='bbox 3596 4915 3716 4970; x_wconf 82' lang='grc' dir='ltr'>εἶτα</span> <span class='ocrx_word' id='word_1_775' title='bbox 3756 4915 3816 4969; x_wconf 75' lang='grc' dir='ltr'>δὲ</span> 
     </span>
    </p>
   </div>
   <div class='ocr_carea' id='block_1_104' title="bbox 2238 5008 3813 5084">
    <p class='ocr_par' dir='ltr' id='par_1_104' title="bbox 2238 5008 3813 5084">
     <span class='ocr_line' id='line_1_104' title="bbox 2238 5008 3813 5084; baseline -0.003 -19"><span class='ocrx_word' id='word_1_776' title='bbox 2238 5011 2519 5084; x_wconf 78' lang='grc' dir='ltr'>Εὔρωπος,</span> <span class='ocrx_word' id='word_1_777' title='bbox 2564 5008 2680 5066; x_wconf 87' lang='grc' dir='ltr'>εἶτα</span> <span class='ocrx_word' id='word_1_778' title='bbox 2717 5010 3001 5081; x_wconf 87' lang='grc' dir='ltr'>Τελχῖνος,</span> <span class='ocrx_word' id='word_1_779' title='bbox 3045 5011 3139 5064; x_wconf 77' lang='grc' dir='ltr'>καὶ</span> <span class='ocrx_word' id='word_1_780' title='bbox 3180 5011 3213 5081; x_wconf 83' lang='grc' dir='ltr'><strong>ή</strong></span> <span class='ocrx_word' id='word_1_781' title='bbox 3249 5009 3466 5080; x_wconf 77' lang='grc' dir='ltr'>Κρητὸς</span> <span class='ocrx_word' id='word_1_782' title='bbox 3511 5012 3568 5063; x_wconf 80' lang='grc' dir='ltr'>ὲν</span> <span class='ocrx_word' id='word_1_783' title='bbox 3595 5009 3813 5081; x_wconf 85' lang='grc' dir='ltr'>Κρήτῃ.</span> 
     </span>
    </p>
   </div>
   <div class='ocr_carea' id='block_1_105' title="bbox 2237 5099 3817 5175">
    <p class='ocr_par' dir='ltr' id='par_1_105' title="bbox 2237 5099 3817 5175">
     <span class='ocr_line' id='line_1_105' title="bbox 2237 5099 3817 5175; baseline -0.001 -19"><span class='ocrx_word' id='word_1_784' title='bbox 2237 5102 2585 5167; x_wconf 84' lang='grc' dir='ltr'>Ἀκουσίλαος</span> <span class='ocrx_word' id='word_1_785' title='bbox 2625 5103 2735 5175; x_wconf 78' lang='grc' dir='ltr'>γὰρ</span> <span class='ocrx_word' id='word_1_786' title='bbox 2783 5102 3036 5174; x_wconf 81' lang='grc' dir='ltr'>Φορωνέα</span> <span class='ocrx_word' id='word_1_787' title='bbox 3090 5100 3306 5174; x_wconf 88' lang='grc' dir='ltr'>πρῶτον</span> <span class='ocrx_word' id='word_1_788' title='bbox 3361 5099 3664 5171; x_wconf 84' lang='grc' dir='ltr'>ἀνθρώπων</span> <span class='ocrx_word' id='word_1_789' title='bbox 3722 5118 3817 5169; x_wconf 86' lang='grc' dir='ltr'>γε-</span> 
     </span>
    </p>
   </div>
   <div class='ocr_carea' id='block_1_106' title="bbox 2238 5193 3817 5265">
    <p class='ocr_par' dir='ltr' id='par_1_106' title="bbox 2238 5193 3817 5265">
     <span class='ocr_line' id='line_1_106' title="bbox 2238 5193 3817 5265; baseline -0.001 -17"><span class='ocrx_word' id='word_1_790' title='bbox 2238 5195 2423 5250; x_wconf 86' lang='grc' dir='ltr'>νέσθαι</span> <span class='ocrx_word' id='word_1_791' title='bbox 2462 5195 2646 5265; x_wconf 82' lang='grc' dir='ltr'>λέγει·</span> <span class='ocrx_word' id='word_1_792' title='bbox 2690 5195 2815 5250; x_wconf 84' lang='grc' dir='ltr'>ὅθεν</span> <span class='ocrx_word' id='word_1_793' title='bbox 2869 5195 2964 5249; x_wconf 73' lang='grc' dir='ltr'><strong>καὶ</strong></span> <span class='ocrx_word' id='word_1_794' title='bbox 2999 5197 3026 5248; x_wconf 91' lang='lat'><strong>6</strong></span> <span class='ocrx_word' id='word_1_795' title='bbox 3066 5194 3166 5265; x_wconf 83' lang='grc' dir='ltr'>τῆς</span> <span class='ocrx_word' id='word_1_796' title='bbox 3209 5193 3544 5262; x_wconf 77' lang='grc' dir='ltr'>Φορωνίδος</span> <span class='ocrx_word' id='word_1_797' title='bbox 3588 5194 3817 5265; x_wconf 77' lang='grc' dir='ltr'>ποιητὴς</span> 
     </span>
    </p>
   </div>
   <div class='ocr_carea' id='block_1_107' title="bbox 2237 5283 3819 5360">
    <p class='ocr_par' dir='ltr' id='par_1_107' title="bbox 2237 5283 3819 5360">
     <span class='ocr_line' id='line_1_107' title="bbox 2237 5283 3819 5360; baseline -0.003 -19"><span class='ocrx_word' id='word_1_798' title='bbox 2237 5284 2378 5342; x_wconf 82' lang='grc' dir='ltr'>εἶναι</span> <span class='ocrx_word' id='word_1_799' title='bbox 2410 5289 2571 5343; x_wconf 80' lang='grc' dir='ltr'>αὐτὸν</span> <span class='ocrx_word' id='word_1_800' title='bbox 2612 5287 2715 5360; x_wconf 76' lang='grc' dir='ltr'>ἔφη</span> <span class='ocrx_word' id='word_1_801' title='bbox 2743 5286 2955 5358; x_wconf 85' lang='grc' dir='ltr'>πατέρα</span> <span class='ocrx_word' id='word_1_802' title='bbox 3000 5284 3212 5358; x_wconf 84' lang='grc' dir='ltr'>θνητῶν</span> <span class='ocrx_word' id='word_1_803' title='bbox 3249 5283 3570 5357; x_wconf 83' lang='grc' dir='ltr'>ἀνθρώπων.</span> <span class='ocrx_word' id='word_1_804' title='bbox 3603 5285 3819 5339; x_wconf 83' lang='grc' dir='ltr'>Ἐντεῦ-</span> 
     </span>
    </p>
   </div>
   <div class='ocr_carea' id='block_1_108' title="bbox 2238 5377 3816 5452">
    <p class='ocr_par' dir='ltr' id='par_1_108' title="bbox 2238 5377 3816 5452">
     <span class='ocr_line' id='line_1_108' title="bbox 2238 5377 3816 5452; baseline -0.004 -17"><span class='ocrx_word' id='word_1_805' title='bbox 2238 5382 2331 5436; x_wconf 82' lang='grc' dir='ltr'><strong>θεν</strong></span> <span class='ocrx_word' id='word_1_806' title='bbox 2379 5385 2409 5436; x_wconf 93' lang='lat'><strong>6</strong></span> <span class='ocrx_word' id='word_1_807' title='bbox 2431 5382 2657 5436; x_wconf 85' lang='grc' dir='ltr'>Πλάτων</span> <span class='ocrx_word' id='word_1_808' title='bbox 2694 5384 2754 5435; x_wconf 75' lang='grc' dir='ltr'>ἐν</span> <span class='ocrx_word' id='word_1_809' title='bbox 2782 5381 3016 5452; x_wconf 81' lang='grc' dir='ltr'>Τιμαίῳ,</span> <span class='ocrx_word' id='word_1_810' title='bbox 3060 5377 3535 5449; x_wconf 84' lang='grc' dir='ltr'>κατακολουθήσας</span> <span class='ocrx_word' id='word_1_811' title='bbox 3564 5378 3816 5431; x_wconf 80' lang='grc' dir='ltr'>Ἀκουσι-</span> 
     </span>
    </p>
   </div>
   <div class='ocr_carea' id='block_1_109' title="bbox 2236 5468 3814 5547">
    <p class='ocr_par' dir='ltr' id='par_1_109' title="bbox 2236 5468 3814 5547">
     <span class='ocr_line' id='line_1_109' title="bbox 2236 5468 3814 5547; baseline -0.003 -20"><span class='ocrx_word' id='word_1_812' title='bbox 2236 5474 2372 5545; x_wconf 80' lang='grc' dir='ltr'>λάῳ,</span> <span class='ocrx_word' id='word_1_813' title='bbox 2407 5475 2637 5547; x_wconf 73' lang='grc' dir='ltr'>γράφειο</span> <span class='ocrx_word' id='word_1_814' title='bbox 2673 5474 2781 5528; x_wconf 83' lang='grc' dir='ltr'>Καί</span> <span class='ocrx_word' id='word_1_815' title='bbox 2824 5490 2954 5528; x_wconf 89' lang='grc' dir='ltr'>ποτε</span> <span class='ocrx_word' id='word_1_816' title='bbox 3003 5473 3339 5546; x_wconf 87' lang='grc' dir='ltr'>προαγαγεῖν</span> <span class='ocrx_word' id='word_1_817' title='bbox 3386 5468 3665 5543; x_wconf 74' lang='grc' dir='ltr'>βουληθεὶς</span> <span class='ocrx_word' id='word_1_818' title='bbox 3702 5469 3814 5540; x_wconf 67' lang='grc' dir='ltr'>(μι)</span> 
     </span>
    </p>
   </div>
   <div class='ocr_carea' id='block_1_110' title="bbox 2239 5739 3818 5872">
    <p class='ocr_par' dir='ltr' id='par_1_110' title="bbox 2239 5739 3818 5872">
     <span class='ocr_line' id='line_1_110' title="bbox 2239 5739 3818 5872; baseline -0.007 -69"><span class='ocrx_word' id='word_1_819' title='bbox 2239 5749 2415 5872; x_wconf 52' lang='lat' dir='ltr'><strong>doleri)</strong></span> <span class='ocrx_word' id='word_1_820' title='bbox 2450 5744 2734 5816; x_wconf 67' lang='lat' dir='ltr'><strong>Egyptios</strong></span> <span class='ocrx_word' id='word_1_821' title='bbox 2767 5759 2885 5800; x_wconf 90' lang='lat' dir='ltr'><strong>eam</strong></span> <span class='ocrx_word' id='word_1_822' title='bbox 2929 5744 2984 5799; x_wconf 89' lang='lat' dir='ltr'><strong>in</strong></span> <span class='ocrx_word' id='word_1_823' title='bbox 3028 5741 3455 5814; x_wconf 80' lang='lat' dir='ltr'><strong>disputationem</strong></span> <span class='ocrx_word' id='word_1_824' title='bbox 3503 5739 3818 5811; x_wconf 83' lang='lat' dir='ltr'><strong>pertrahere</strong></span> 
     </span>
     <span class='ocr_line' id='line_1_111' title="bbox 2240 5828 2558 5872; baseline -0.009 0"><span class='ocrx_word' id='word_1_825' title='bbox 2240 5835 2375 5872; x_wconf 80' lang='lat' dir='ltr'><strong>coua</strong></span> <span class='ocrx_word' id='word_1_826' title='bbox 2419 5828 2558 5872; x_wconf 83' lang='lat' dir='ltr'><strong>atur.</strong></span> 
     </span>
    </p>
   </div>
   <div class='ocr_carea' id='block_1_111' title="bbox 2240 5828 2558 5876">
    <p class='ocr_par' dir='ltr' id='par_1_111' title="bbox 2240 5828 2558 5876">
     <span class='ocr_line' id='line_1_112' title="bbox 2240 5828 2558 5876; baseline -0.022 0"><span class='ocrx_word' id='word_1_827' title='bbox 2240 5835 2375 5876; x_wconf 80' lang='lat' dir='ltr'><strong>coua</strong></span> <span class='ocrx_word' id='word_1_828' title='bbox 2384 5828 2558 5872; x_wconf 79' lang='lat' dir='ltr'><strong>Datur.</strong></span> 
     </span>
    </p>
   </div>
  </div>
