4194 6410
517 406 617 462 831
1152 401 1424 458 EUSEBH
1462 400 1947 459 CESARIENSIS
1982 400 2135 456 OPP.
2168 399 2348 457 PARS
2385 400 2449 455 ll.
2489 430 2561 443 —
2596 398 3098 457 APOLOGETICA.
3664 401 3768 459 832

519 521 649 577 anni
700 529 811 576 tres
865 528 918 576 et
972 521 1251 591 sexaginta
1317 521 1667 591 colliguntur.
1755 518 2093 587 Quibuscum

2206 521 2346 589 κοῖς.
2397 520 2528 577 Ἀπὸ
2554 521 2654 592 τῆς
2691 517 3020 591 Ἡρακλέους
3052 519 3110 572 ὲν
3149 518 3341 589 ’Λργει
3376 517 3652 588 βασιλείας
3676 520 3771 574 ἐπὶ

519 611 867 682 ιεεουιερίυε
927 626 991 667 ac
1062 612 1384 684 Tyndaridae
1452 614 1817 684 navigarunt,
1882 622 1943 670 ut
2012 622 2094 669 te-

519 714 696 760 statur
756 703 1080 775 Apollonius
1136 703 1378 761 Rhodius
1432 706 1488 761 in
1552 706 1947 777 Argonauticis.
2011 706 2097 761 Ab

520 795 769 853 Herculis
835 796 1036 867 Argivo
1094 813 1301 867 regno,
1357 798 1426 853 ad
1489 798 1733 868 ejusdem
1798 813 1864 852 ac
1934 796 2098 853 simul

520 886 822 959 Esculapii
906 893 1413 956 consecrationem,
1498 891 1628 945 anni
1692 899 1817 946 octo
1886 898 1943 946 et
2003 891 2100 946 tri—

521 981 669 1049 gi'nta
708 984 775 1035 ah
809 982 1137 1051 Apollodoro
1204 984 1636 1055 Chronographo
1717 991 2095 1039 numerantur.

523 1069 691 1143 499
719 1070 845 1127 Inde
870 1072 940 1128 ad
983 1075 1216 1130 similem
1250 1074 1498 1130 Castoris
1529 1092 1594 1131 ac
1619 1073 1863 1129 Pollucis
1898 1086 2097 1128 conse-

2198 614 2301 687 τὴν
2360 611 2687 686 Ἡρακλέους
2729 608 2894 664 αὑτοῦ
2936 610 3031 664 καὶ
3085 608 3410 680 Ἀσκληπιοῦ
3464 609 3769 665 ἀποθέωσιν

2201 705 2296 777 ἐτη
2338 705 2629 774 συνάγεται
2660 702 2763 774 λη’,
2798 700 2936 772 μετά
2972 700 3063 754 τὸν
3092 700 3464 773 χρονογράφον
3516 700 3771 755 Ἀπολλό-

2204 795 2396 868 δωρονο
2426 794 2673 850 ἐντεῦθεν
2703 794 2761 848 δὲ
2797 794 2890 845 ἐπὶ
2930 791 3027 863 τὴν
3058 792 3337 863 Κάστορος
3381 792 3474 845 καὶ
3513 792 3776 846 Πολυδεύ-

2204 904 2334 950 κους
2383 886 2685 940 ἀποθέωσιν
2721 884 2815 956 ἔτη
2858 890 2965 952 νγ”
3009 882 3240 938 ἐνταῦθά
3286 900 3385 936 που
3415 883 3511 937 καὶ¹
3542 886 3576 955 ἠ
3619 884 3775 938 Ἰλίου

2205 976 2524 1048 κατάληψις.
2552 976 2616 1030 El
2640 975 2696 1030 δὲ
2721 974 2827 1045 χρὴ
2849 972 3126 1028 πείθεσθαι
3147 973 3240 1027 καὶ
3273 973 3498 1045 Ἡσιόδῳ
3521 973 3599 1045 τῷ
3620 990 3779 1044 ποιη-

2202 1071 2291 1139 τῇ,
2326 1067 2647 1137 ἀκούσωμεν
2676 1065 2862 1120 αὑτοῦ·

522 1162 846 1228 crationem,
874 1172 984 1219 tres
1014 1172 1068 1219 et
1090 1164 1512 1235 quinquaginta,
1544 1180 1655 1236 quo
1680 1166 1898 1221 circiter
1919 1163 2084 1218 etiam
2123 1168 2367 1232 tempore
2392 1170 2612 1229 captum
2634 1169 2719 1215 est
2741 1156 2920 1213 llinm.
2977 1155 3135 1223 Quod
3164 1157 3212 1215 si
3264 1156 3502 1214 Hesiodo
3555 1170 3780 1228 quoque

522 1262 695 1321 poetae
713 1251 872 1308 (idem
897 1254 1097 1310 habere
1121 1256 1321 1326 placet,
1352 1272 1450 1327 age
1473 1257 1752 1312 hominem
1783 1255 2095 1321 audiamus,

523 1367 770 1438 Iuppiter
800 1370 1063 1426 illustrem
1094 1373 1246 1427 Maia
1281 1390 1346 1429 ea:
1375 1375 1650 1429 Atlantide
1673 1383 1858 1428 natum

526 1438 872 1515 yercurium,
906 1445 1065 1515 terris
1092 1461 1339 1513 superum
1368 1446 1621 1499 mandata
1658 1447 1907 1515 ferentem

528 1508 803 1585 S_ust_ulit,_
824 1513 1025 1585 mtherii
1057 1508 1272 1568 consors
1301 1532 1418 1585 qua:
1453 1516 1597 1585 facta
1628 1508 1837 1569 c'ubilis.

524 1578 595 1631 At
630 1579 832 1635 Semele
861 1584 1037 1652 g'enuit
1075 1578 1356 1653 proclivem
1380 1588 1435 1638 in
1453 1578 1661 1656 'gaudia
1686 1584 1972 1639 Bacchum.

525 1690 774 1749 Cadmus
795 1706 943 1751 certe
973 1698 1192 1768 quidem
1218 1710 1479 1768 regnante
1509 1698 1724 1772 Lynceo
1757 1696 1974 1755 Thebas
2006 1712 2099 1754 ve-

527 1785 630 1851 nit,
654 1784 953 1857 Graecaque
975 1790 1179 1858 reperit
1199 1790 1486 1846 elementa.
1507 1790 1671 1847 lsidis
1694 1791 1920 1861 aequalis
1941 1788 2099 1846 Trio-

533 1892 632 1946 pas
663 1877 786 1944 fuit,
819 1889 975 1935 aatate
1002 1894 1126 1951 post
1152 1883 1412 1938 inachum
1444 1884 1708 1954 septima:
1745 1885 1933 1941 Ionem
1968 1897 2103 1938 vero

528 1972 779 2025 nonnulli
824 1988 944 2028 eam
988 1975 1363 2044 appellarunt,
1403 1975 1496 2030 διὰ
1553 1974 1615 2029 τδ
1661 1975 1819 2041 ἰέναι,
1862 1975 1970 2031 hoc
2017 1983 2104 2032 est

532 2063 682 2133 quod
712 2071 885 2120 totum
927 2066 1116 2121 orbem
1149 2067 1386 2123 errando
1418 2068 1755 2131 circumiret,
1784 2067 1858 2122 ita
1888 2081 2100 2122 nuncu-

536 2155 924 2224 patam'l'uisse
955 2158 1311 2215 arbitrantur.
1346 2160 1606 2216 Eamdem
1650 2159 1807 2224 Ister,
1842 2161 1986 2216 libro
2025 2159 2103 2214 De

532 2243 914 2316 £gyptiorum
955 2248 1187 2315 colonia,
1231 2249 1537 2305 Promethei
1575 2250 1740 2305 tiliam
1775 2259 1961 2316 vocat,
2006 2249 2103 2320 qui

534 2332 750 2405 Triopze
778 2352 1003 2407 suppar,
1037 2339 1165 2393 totis
1197 2347 1406 2407 septem
1443 2340 1696 2394 aetatibus
1740 2338 1886 2395 Mose
1919 2347 2103 2408 poste-

529 2427 643 2482 rior
676 2426 795 2483 fuit.
833 2427 914 2482 Ex
964 2430 1165 2499 quibus
1216 2430 1462 2496 eilicitur,
1506 2431 1711 2486 Mosem
1756 2443 1883 2486 ante
1917 2432 2100 2498 illam,

532 2534 657 2590 quze
697 2535 727 2574 a
767 2518 973 2576 Graecis
1016 2522 1298 2587 statuitur,
1336 2523 1620 2579 hominum
1661 2524 2101 2594 procreationem

530 2611 804 2668 ﬂoruisse.
834 2610 946 2666 Leo
966 2621 1249 2683 praeterea,
1274 2614 1320 2670 is
1351 2613 1445 2685 qui
1480 2612 1710 2666 Deorum
1726 2608 2100 2682 AE'gyptiorum

534 2697 812 2757 historiam
870 2704 1233 2773 conscripsit,
1287 2703 1393 2759 lsin
1444 2720 1474 2758 a
1528 2703 1731 2759 Graecis
1785 2704 2104 2760 hominibus

535 2787 786 2845 Cererem
840 2793 1024 2848 vocari
1081 2794 1259 2859 docet,
1313 2810 1435 2863 quae
1482 2793 1683 2865 Lyncei
1734 2795 2102 2864 temporibus,

534 2888 690 2935 atate
721 2892 841 2951 post
871 2882 1075 2940 Mosem
1098 2885 1406 2950 undecima,
1429 2886 1583 2939 vixit.
1611 2885 1754 2952 Quin
1776 2887 1940 2941 etiam
1970 2888 2105 2958 Apis

531 2986 628 3026 rex
657 2972 1007 3041 Argivorum,
1038 2982 1099 3028 ut
1129 2973 1323 3030 scribit
1362 2975 1673 3045 Aristippus
1713 2975 1853 3031 libro
1868 2975 2098 3030 Arcadi-

2199 1385 2346 1453 Ζηνὶ
2374 1383 2427 1438 δ’
2460 1382 2551 1451 ἄρ’
2584 1380 2883 1453 Ἀτλαντὶς
2905 1380 3069 1453 Μαίη.
3090 1377 3223 1432 τέκε
3248 1378 3503 1453 κύδιμος·
3539 1378 3779 1450 Ἑρμῆν,

2198 1447 2421 1523 Κῆρωί
2454 1447 2783 1514 ἀθανάτων,
2819 1450 2978 1523 ἱερὸν
3000 1449 3181 1523 λβέχος
3208 1447 3597 1523 εξᾳαναὸᾶᾳα.

2198 1519 2463 1594 Κιῖδμείη
2490 1524 2542 1576 δ’
2577 1522 2689 1591 ἄρα
2725 1519 2956 1594 ΣεμέληΔ
2982 1519 3116 1594 τέκε
3152 1519 3434 1594 φαίδιμον
3458 1520 3611 1594 υἱὸν,

2197 1589 2470 1665 Max—0.970"
2509 1594 2579 1647 ἐν
2607 1589 2899 1662 φιλότητι,
2931 1589 3281 1644 Attio-vocor
3308 1589 3645 1659 πολυγηθῆ.

2197 1707 2421 1779 Κάδμος
2449 1705 2546 1778 μὲν
2568 1705 2598 1759 ό
2619 1702 2860 1774 Σεμέλης
2888 1700 3070 1773 πατὴρ
3099 1699 3192 1754 ἐπὶ
3218 1700 3478 1769 Λυγκέως
3510 1703 3569 1765 ὲς
3593 1702 3782 1774 Θήϐας

2205 1798 2442 1871 ἔρχεται,
2499 1796 2596 1850 καὶ
2636 1795 2746 1849 τῶν
2800 1792 3123 1865 Ἑλληνικῶν
3164 1792 3508 1863 γραμμάτων
3551 1793 3782 1867 εὑρετὴς

2205 1891 2435 1959 γίνεται.
2490 1887 2735 1959 Τριόπας
2786 1885 2843 1939 δὲ
2892 1886 3177 1956 συγχρονεϊ
3231 1884 3386 1937 Ἴσιδι
3424 1884 3522 1957 (2),
3575 1886 3787 1962 ἑϐδόμῃ

2206 1982 2370 2053 γενεᾷ
2392 1979 2502 2035 ἀπὸ
2539 1978 2767 2048 Ἰνάχου.
2794 1976 2917 2030 Εἰσὶ
2940 1976 2998 2030 δὲ
3019 1976 3068 2029 οἶ
3089 1975 3188 2047 τὴν
3221 1973 3308 2029 Ἰώ
3330 1976 3405 2046 (3)
3428 1993 3582 2045 φασι,
3607 1977 3698 2031 διὰ
3718 1979 3782 2033 τὸ

2211 2070 2345 2124 ίέναι
2371 2068 2541 2138 αὐτὴν
2568 2068 2658 2122 διὰ
2690 2066 2870 2137 πάσης
2901 2065 2998 2137 τῆς
3029 2065 3134 2135 γῆς
3155 2065 3781 2141 πλανωμένην.,Ταύττ;ν

2206 2159 2253 2212 δ’
2285 2159 2496 2227 Ἴστρος
2539 2155 2598 2210 ἐν
2612 2154 2691 2226 τῷ
2705 2153 2846 2224 Περὶ
2861 2153 3315 2226 τῆςΑὶγ-υπτίων
3328 2151 3609 2224 ἀποικίας
3637 2158 3781 2227 Προ-

2212 2248 2426 2320 μηθέως
2448 2246 2721 2318 θυγατέρα
2741 2243 2892 2317 φησί.
2917 2244 3238 2317 Προμηθεὺς
3261 2244 3318 2298 δὲ
3346 2246 3488 2301 κατὰ
3516 2246 3780 2318 Τριόπαν,

2209 2339 2411 2409 ἑϐδόμῃ
2442 2339 2603 2407 γενεᾷ
2639 2337 2777 2408 μετὰ
2814 2336 3034 2389 Μωσέα·
3072 2334 3214 2388 ὥστε
3276 2336 3371 2390 καὶ
3399 2337 3507 2409 πρὸ
3533 2338 3631 2408 τῆς
3657 2337 3783 2394 καθ’

2214 2429 2482 2499 ’Έλληνας
2533 2428 2975 2499 ἀνθρωπογονίας
3016 2430 3045 2480 ὁ
3100 2428 3322 2498 Μωσῆς.
3364 2429 3516 2483 Λέων
3555 2429 3614 2484 δὲ
3649 2431 3679 2484 ό
3713 2429 3780 2485 τὰ

2204 2521 2345 2591 Περὶ
2372 2518 2493 2575 τῶν
2518 2537 2630 2575 κατ
2645 2520 2659 2537 ⁹
2674 2517 2983 2587 Αἴγυπτον
3005 2514 3158 2571 θεῶν
3198 2520 3780 2592 πραγματευσάμενος,

2208 2612 2308 2683 τὴν
2325 2613 2467 2664 Ἶσιν
2491 2609 2596 2662 ὑπὸ
2626 2607 2893 2679 Ἑλλήνων
2915 2610 3207 2682 Δήμητραν
3234 2610 3511 2664 καλεῖσθαί
3536 2628 3720 2684 φησιν,
3747 2611 3782 2667 ἣ

2209 2703 2351 2757 κατὰ
2379 2700 2600 2770 Λυγκέα
2636 2699 2846 2769 γίνεται
2884 2700 3147 2773 ἑνδεκάτῃ
3175 2701 3397 2773 ὕστερον
3435 2704 3599 2775 γενεᾷ
3655 2704 3781 2757 Μω-

2210 2793 2368 2858 σέως.
2416 2794 2584 2855 Ἀπις
2623 2807 2685 2845 τε
2712 2794 2741 2845 ό
2773 2792 3011 2863 ’Λργους
3042 2791 3293 2863 βασιλεὺς
3320 2792 3542 2864 Μέμφιν
3568 2792 3783 2858 οἰκίζει,

2208 2883 2285 2949 ὥς
2308 2900 2472 2956 φησιν
2510 2882 2861 2955 Ἀρίστιππος
2885 2884 2943 2936 ἐν
2970 2881 3161 2956 πρώτῃ
3200 2883 3568 2953 Ἀρκαδικῶν·
3598 2881 3781 2939 τοῦτον

2207 2974 2265 3029 δὲ
2300 2972 2580 3047 ’Δριστέας
2614 2974 2644 3026 ὀ
2684 2973 2924 3043 ’Δργεῖος
2957 2973 3394 3045 ἐπονομασθῆναι
3435 2990 3567 3045 φησι
3612 2974 3778 3046 Σάρα-

530 3077 714 3116 carum
738 3061 1110 3119 Historiarum
1133 3065 1329 3135 primo,
1342 3063 1636 3135 Memphim
1659 3065 1921 3132 condidit,
1940 3081 2100 3136 quem

2210 3084 2327 3133 πιν,
2353 3066 2449 3123 καὶ
2477 3063 2668 3120 τοῦτον
2708 3060 2872 3127 εἶναι,
2906 3064 2965 3118 ὃν
2995 3065 3281 3135 Αἰγύπτιοι
3305 3065 3539 3120 σέϐουσι.
3564 3065 3791 3136 Νυμφό-

528 3155 782 3210 eumdem
811 3154 1058 3213 Aristeas
1088 3157 1324 3229 Argivus
1354 3157 1586 3228 Sarapin
1622 3151 1989 3221 nominatum,
2019 3168 2103 3214 al-

2208 3160 2381 3232 δωρος
2403 3158 2461 3214 δὲ
2486 3160 2516 3212 ὁ
2550 3155 2942 3229 Ἀμφιπολίτης
2974 3158 3032 3211 ὲν
3059 3157 3227 3229 τρίτῳ
3247 3159 3526 3228 Νομίμων·
3569 3158 3783 3225 Ἀσίας,

529 3262 636 3316 que
660 3247 812 3302 illum
846 3248 1025 3319 ipsum
1056 3264 1179 3305 esse
1214 3258 1469 3313 testatur,
1496 3265 1660 3320 quem
1691 3250 1880 3306 colunt
1935 3250 2103 3323 Egy-

2209 3248 2302 3304 τδν
2338 3249 2503 3302 ’Λπιν
2526 3246 2603 3319 (4)
2624 3247 2722 3301 τὸν
2746 3247 2957 3319 Ταῦρον
2984 3246 3379 3320 τελευτήσαντα
3406 3248 3501 3302 acati.
3529 3264 3770 3319 ταριχευυ

529 3338 654 3408 ptii.
699 3339 768 3393 At
812 3337 1233 3411 Nymphodorus
1286 3338 1796 3410 Amphipolitanus,
1843 3340 1985 3395 libro
2026 3341 2103 3394 De

2212 3342 2375 3397 θέντα
2397 3343 2477 3405 είς
2500 3340 2657 3415 σορὸν
2687 3338 3070 3394 ἀποτεθεῖσθαι
3099 3342 3157 3394 ὲν
3190 3340 3269 3411 τῷ
3290 3339 3402 3411 ναῷ
3428 3339 3523 3394 τοῦ
3545 3338 3788 3411 τιμωμέ-

533 3432 766 3485 moribus
810 3432 954 3487 Asiae
1001 3432 1184 3498 tertio,
1222 3432 1382 3503 Apim
1418 3434 1572 3488 illum
1616 3432 1860 3489 Taurum
1909 3449 2103 3504 quem-0

2211 3453 2303 3491 νου
2328 3435 2606 3508 δαίμονος,
2654 3434 2945 3492 κάντεῦθεν
2972 3435 3238 3508 Σορόαπιν
3268 3434 3533 3507 κληθῆναι
3559 3436 3655 3488 καὶ
3681 3434 3779 3489 Σά-

532 3521 657 3577 dam
700 3520 871 3578 fuisse
914 3524 1010 3591 ait,
1054 3539 1215 3595 quem
1259 3532 1385 3594 post
1419 3533 1653 3580 mortem
1701 3525 1816 3581 sale
1858 3539 2103 3580 macera-

2217 3544 2381 3599 ραπιν
2405 3526 2483 3599 (5)
2511 3526 2760 3600 ὕστερον.
2790 3529 2956 3592 ’Λπις
2985 3527 3043 3582 δὲ
3075 3527 3255 3600 τρίτος
3281 3527 3390 3583 ἀπὸ
3421 3526 3647 3599 Ἰνάχου.
3680 3526 3790 3581 Ναὶ

533 3625 672 3682 tum,
720 3625 887 3687 atque
924 3617 979 3670 in
1027 3618 1150 3686 ejus
1191 3616 1458 3672 daemonis
1490 3617 1714 3687 templo,
1755 3617 1914 3687 cujus
1965 3630 2103 3688 pre-

2212 3617 2319 3692 μὴν
2340 3620 2375 3690 ἡ
2399 3617 2560 3688 Λητὼ
2592 3618 2734 3672 κατὰ
2761 3619 2952 3672 Τιτυὸν
2984 3619 3215 3687 γίνεται’

533 3709 728 3778 cipuus
789 3706 931 3777 apud
969 3723 1065 3762 eos
1108 3708 1289 3763 cultus
1328 3718 1465 3774 erat,
1508 3707 1672 3780 σορῷ,
1709 3707 1816 3763 hoc
1869 3716 1954 3763 est
1989 3706 2173 3763 loculo
2209 3710 2516 3775 conditum,
2555 3706 2823 3779 Soroapin
2865 3710 2992 3767 inde
3022 3712 3221 3782 primo,
3257 3719 3374 3766 tum
3403 3708 3639 3781 Sarapin
3681 3723 3787 3764 no-

534 3801 817 3855 minarint.
843 3801 973 3871 Apis
997 3812 1177 3856 autem
1201 3802 1270 3856 ab
1288 3802 1492 3857 Inacho
1516 3803 1708 3858 tertius
1730 3802 1957 3858 exstitit.
1987 3800 2111 3859 Iam
2148 3801 2357 3859 Latona
2391 3802 2534 3875 Tityi
2568 3805 2795 3874 aequalis
2819 3816 2958 3872 erat,

601 3916 864 3972 Latonam
901 3917 1007 3972 sibi
1037 3934 1261 3989 namque
1290 3917 1437 3974 lovis
1470 3921 1689 3976 sociavit
1721 3921 1983 3985 amicam,

532 4028 788 4099 idemque
839 4029 976 4085 vixit
1018 4043 1142 4084 cum
1178 4027 1427 4086 Tantalo.
1476 4029 1631 4089 Jure'
1656 4031 1824 4106 igitur
1862 4031 2106 4089 Boeotius

539 4119 812 4176 Pindarus
836 4121 1055 4188 cecinit,

607 4234 856 4307 Tempore
881 4246 1023 4292 certo
1050 4248 1205 4292 natus
1236 4236 1425 4308 Apollo
1450 4246 1550 4294 est.

532 4348 643 4406 Nec
670 4350 723 4406 id
754 4351 997 4422 profecto
1028 4353 1228 4410 mirum
1259 4353 1531 4416 videatur,
1570 4368 1694 4408 cum
1736 4363 1966 4423 tpsemet
1998 4369 2108 4409 una

533 4458 657 4498 cum
697 4441 927 4499 Hercule
961 4459 1182 4514 operam
1221 4442 1455 4498 Admeto
1495 4444 1817 4499 mercenarii
1863 4445 1981 4500 vice
2008 4460 2107 4499 na-

531 4548 597 4587 va
608 4532 743 4586 verit
758 4572 774 4598 ,

607 4643 948 4715 .....Magnus
989 4661 1099 4699 sese
1128 4645 1257 4699 dum
1279 4647 1499 4701 volveret
1526 4662 1718 4702 annus.

539 4753 655 4811 Sub
693 4753 886 4812 Cadmi
933 4764 1181 4826 tempora
1228 4755 1433 4813 Zethus
1475 4766 1530 4812 et
1564 4757 1839 4828 Amphion
1880 4759 2108 4815 musicae

536 4848 848 4905 inventores
890 4850 1168 4906 exstitere.
1202 4850 1283 4906 Ac
1312 4850 1358 4905 si
1412 4851 1538 4920 quis
1578 4851 1703 4917 erit,
1750 4851 1845 4920 qui
1874 4848 2108 4906 Phemo-

534 4955 677 4995 noen
723 4941 937 4997 Acrisio
976 4942 1210 5013 primam
1256 4942 1421 5014 500
1452 4943 1677 4998 oracula
1724 4943 1991 4999 cecinisse
2024 4943 2109 4998 di-

536 5039 658 5098 cet,
711 5032 1013 5105 intelligat,
1069 5041 1196 5105 post
1237 5036 1485 5090 eamdem
1545 5032 1896 5089 Phemonoen
1947 5034 2109 5090 annis

534 5133 742 5194 septem
788 5140 854 5181 ac
894 5125 1107 5196 viginti,
1149 5125 1452 5196 Orpheum,
1491 5124 1776 5191 Musaeum,
1811 5133 1977 5197 atque
2011 5124 2108 5180 Li-

535 5229 668 5269 num
695 5213 946 5271 Herculis
992 5228 1378 5285 praaceptorem
1406 5215 1679 5272 ﬂoruisse.
1711 5214 1981 5271 Homerus
2011 5231 2110 5270 au-

538 5311 646 5358 tem
690 5312 745 5360 et
795 5304 1089 5375 Hesiodus,
1142 5314 1204 5361 ut
1246 5305 1501 5377 Trojanis
1553 5306 1890 5376 temporibus
1937 5306 2111 5362 multo

533 5394 784 5465 juniores
823 5396 997 5467 fuere,
1026 5398 1100 5455 ita
1130 5398 1292 5471 longo
1322 5407 1447 5470 post
1481 5407 1778 5456 utrumaue
1823 5398 2110 5455 intervallo

609 5551 686 5625 (2)
726 5555 916 5610 Ἴσιδι.
961 5553 1172 5611 Nomen
1220 5555 1376 5612 lsidis
1405 5572 1475 5612 ex
1517 5554 1797 5614 Clemente
1839 5554 2113 5626 supplevi-

540 5636 700 5687 mus,
731 5627 877 5694 quod
909 5627 965 5680 in
994 5627 1231 5682 Eusebio
1267 5629 1491 5693 deerat;
1531 5628 1635 5683 Isis
1674 5627 1822 5682 enim
1856 5629 1949 5681 illa
1996 5635 2111 5693 est,

539 5707 705 5760 quam
738 5705 998 5751 seouente
1028 5711 1189 5750 versu
1224 5698 1284 5750 lo
1310 5698 1510 5751 dictam
1537 5712 1664 5752 esse
1694 5698 2003 5752 conﬁrmat.

613 5763 691 5835 (ὅ)
728 5764 864 5817 Εἰσὶ
894 5764 961 5817 δὲ
988 5765 1046 5819 οἳ
1070 5765 1186 5832 τὴν
1218 5764 1320 5829 Ἰώ,
1348 5777 1452 5821 etc.
1484 5767 1640 5835 Apud
1668 5765 2003 5824 Clementem
2037 5766 2110 5823 ita

540 5832 759 5901 lcgitur,
782 5835 923 5888 Ἶσιν
952 5835 1030 5899 δὲ,
1061 5835 1158 5904 τὴν
1184 5836 1279 5888 καὶ
1312 5837 1397 5889 Ἰώ
1423 5832 1608 5906 φασιν.

2286 3921 2461 3992 Λητὼ
2488 3921 2563 3994 (6)
2588 3922 2700 3991 γὰρ
2727 3920 2967 3990 ἦλκησε
2996 3919 3129 3989 Διὸς
3160 3920 3392 3990 κυδρὴν
3418 3920 3787 3991 παράκοιτιν.

2216 4036 2410 4100 Τιτυὸς
2430 4036 2488 4091 δὲ
2513 4036 2853 4108 συνεχρόνισε
2876 4034 3153 4108 Ταντάλῳ.
3177 4036 3415 4099 Εἰκότως
3438 4035 3547 4108 ἄρα
3573 4035 3602 4088 ὁ
3621 4033 3790 4090 Βοιώ-

2207 4143 2321 4189 τιος
2345 4125 2606 4198 Πίνδαρος
2635 4127 2859 4197 γράψει’
3462 4148 3471 4157 ε

2360 4237 2457 4291 Ἑν
2486 4238 2683 4307 χρόνῳ
2706 4235 2774 4290 δὲ
2802 4237 2988 4307 γένετ’
3026 4236 3345 4291 Ἀπόλλων.

2204 4351 2317 4405 Καὶ
2344 4350 2495 4406 οὐδὲν
2535 4349 2865 4422 θαυμαστὸν,
2889 4352 3018 4406 ὅπου
3054 4366 3117 4417 γε
3151 4366 3244 4403 και
3271 4348 3525 4422 Ἀδμήτῳ
3550 4349 3791 4423 θητεύων

2207 4441 2523 4513 εὑρίσκεται
2557 4444 2654 4497 σὺν
2684 4441 2778 4496 καὶ
2817 4440 3075 4514 Ἠρακλεῖ

2136 4523 2182 4579 D

2511 4642 2716 4714 Μέγαν
2740 4644 2829 4706 είς
2855 4642 3152 4697 ἐνιαυτόν.

2209 4755 2380 4826 Ζῆθος
2422 4755 2479 4809 δὲ
2520 4755 2615 4809 καὶ
2665 4756 2909 4826 ’Λμφίων
2957 4756 3010 4810 οί
3070 4755 3336 4827 μουσικῆς
3390 4754 3609 4827 εὑρεταὶ
3661 4758 3789 4828 περὶ.

2206 4847 2306 4918 τὴν
2348 4847 2571 4918 Κάδμου
2617 4848 2907 4917 γεγόνασιν
2950 4847 3187 4919 ἡλικίαν.
3215 4848 3335 4902 Κᾶν
3376 4863 3459 4912 τις
3492 4851 3625 4919 ἡμῖν
3654 4850 3789 4924 λέγῃ

2207 4940 2490 5012 Φημονόην
2554 4940 2779 5013 πρώτην
2835 4940 3229 5013 χρησμῳδῆσαι
3306 4940 3598 5015 Ἀκρισίῳ,
3676 4941 3790 4996 ἀλλ’

2181 5031 2365 5096 ticam,
2419 5031 2501 5084 ὅτι
2558 5029 2698 5102 μετὰ
2753 5029 3061 5103 Φημονόην,
3115 5031 3293 5085 ἔτεσιν
3330 5029 3557 5104 ὕστερον
3598 5032 3703 5113 κζ’,
3742 5034 3791 5087 oi

2212 5123 2340 5195 περὶ
2387 5122 2626 5193 Ὀρφέα,
2679 5123 2774 5176 καὶ
2810 5122 3113 5187 Μουσαῖον,
3161 5123 3256 5176 καὶ
3293 5123 3451 5176 Δῖνον
3492 5123 3586 5177 τὸν
3629 5125 3795 5198 Ἠρα-

2213 5211 2401 5275 κλέους
2436 5211 2771 5266 διδάσκαλονο
2817 5214 3064 5284 Ὅμηρος
3101 5211 3160 5266 δὲ
3199 5214 3293 5267 καὶ
3333 5212 3572 5277 Ἡσίοδος
3612 5213 3792 5285 πολλῷ

2211 5300 2466 5375 νεώτεροι
2507 5301 2617 5355 τῶν
2655 5301 2919 5366 Ἰλιακῶν,
2959 5301 3076 5355 μεθ’
3102 5300 3197 5364 οὒς
3235 5300 3429 5372 μακρῷ
3459 5300 3710 5372 νεώτεροι
3741 5303 3792 5355 oi

2212 5394 2341 5466 παρ’
2363 5393 2587 5466 Ἕλλησι
2607 5392 2914 5465 νομοθέται,
2936 5392 3252 5465 Λυκοῦργός
3274 5409 3332 5445 τε
3353 5393 3446 5447 καὶ
3471 5392 3670 5458 Σόλων,
3696 5393 3794 5448 καὶ

2285 5552 2363 5624 (ι)
2408 5553 2519 5608 Τὸν
2556 5554 2745 5608 Ἆπιν.
2791 5551 2860 5608 Et
2886 5552 3027 5609 hanc
3051 5564 3342 5622 utramque
3363 5566 3553 5607 vocem
3576 5567 3642 5608 ex
3670 5550 3790 5606 Cle-

2213 5623 2396 5681 mente
2429 5623 2759 5680 addidimus.

2284 5693 2501 5766 (5)‘Kal
2546 5692 2831 5766 Σάραπιν.
2870 5692 3033 5766 Addit
3073 5692 3325 5748 Clemens
3370 5699 3497 5749 ante
3538 5688 3785 5761 ὕστερον,

2215 5763 2471 5835 συνηθείᾳ
2499 5763 2603 5835 τινὶ
2627 5763 2742 5835 iam
2770 5764 3068 5835 ἐγχωρίων.

2286 5829 2363 5905 (θ)
2395 5829 2589 5904 Antii).
2627 5829 2965 5901 Versus'es't,
2991 5833 3182 5903 Odyss.
3211 5832 3278 5896 A,
3303 5829 3407 5886 579
