4194 6430
384 324 489 382 855

1501 321 1822 379 l’RIEPAR.
1872 322 2123 378 EVANG.
2166 324 2291 380 LIB.
2332 325 2399 379 Χ.

3524 336 3629 393 855

381 462 432 515 ot
465 460 604 515 ἑπτὰ
638 459 811 530 σοφοὶ.
839 462 966 516 οἵτε
992 463 1137 532 ἀμφὶ
1162 463 1253 515 τὸν
1282 462 1474 533 Σύριον
1504 459 1837 531 Φερεκύδην,
1863 460 1960 512 Ilua

2067 461 2242 515 Graeci
2294 461 2653 531 legislatorcs,
2704 461 3017 533 Lycurgus,
3063 463 3260 533 Solon,
3313 481 3635 542 septemque

384 553 622 625 θαγόραν
644 554 738 607 τὸν
766 555 958 624 μέγαν,
988 555 1139 609 κάτω
1165 571 1266 608 που
1299 556 1429 626 περὶ
1455 553 1554 617 τὰς
1597 551 1963 622 Ὀλυμπιάδας

382 642 683 713 γενόμενοι,
731 644 809 707 ὡς
858 646 1301 715 παρεστήσαμεν.
1359 644 1470 697 Καὶ
1520 640 1662 696 θεῶν
1707 641 1815 713 ἄρα
1854 641 1963 695 τῶν

383 733 653 788 πλείστων
686 735 815 807 παρ’
864 734 1141 805 Ἕλλησιν,
1190 736 1249 789 οὐ
1299 735 1457 806 μόνον
1502 733 1615 787 τῶν
1658 731 1962 803 λεγομένων

385 824 566 894 σοφῶν
588 842 650 879 τε
683 826 778 879 καὶ
833 826 1092 896 ποιητῶν,
1124 829 1153 880 ὁ
1183 827 1388 897 Μωσῆς
1419 827 1549 896 ἡμῖν
1587 823 1962 877 ἀποδέδεικται

378 913 773 986 πρεσϐύτερος.
808 934 828 968 ι
859 915 1042 970 Ταῦτα
1064 917 1158 970 καὶ
1184 919 1212 971 ὁ
1238 916 1489 987 Κλήμης.
1536 914 1678 968 Ἀλλ’
1708 914 1829 967 ἐπεὶ
1856 913 1963 984 πρὸ

383 1004 492 1057 τῶν
518 1004 799 1077 ἡμετέρων
828 1004 1168 1076 ἐσπουδάσθη
1203 1004 1298 1059 καὶ
1321 1006 1503 1067 αὐτοῖς
1540 1001 1808 1076 Ἐϐραίων
1834 1018 1964 1054 παι-

386 1093 472 1147 σὶν
504 1096 536 1165 ή
568 1095 903 1166 προκειμένη
930 1096 1304 1166 πραγματεία,
1338 1094 1518 1159 καλῶς
1546 1093 1613 1148 ἂν
1637 1093 1750 1165 ἔχοι
1774 1092 1872 1147 καὶ
1896 1091 1964 1146 τὰ

386 1186 587 1241 τούτων
647 1187 896 1241 συνιδεῖν.
951 1188 1071 1259 Χρή
1080 1203 1241 1257 σομαι
1293 1186 1351 1240 δὲ
1395 1185 1516 1239 ἀντὶ
1570 1184 1789 1238 πάντων
1841 1184 1963 1245 ταῖς

386 1278 609 1333 Φλαυῖου
653 1281 915 1351 Ἰωσήπου
952 1283 1175 1350 φωναῖς.

2068 550 2377 618 sapientes:
2433 567 2533 605 nec
2580 568 2686 606 non
2746 551 3084 626 Pherecydes
3127 557 3216 611 ille
3264 556 3467 628 Syrus,
3517 576 3636 615 ma-

2067 657 2318 711 gnusque
2364 640 2736 713 Pythagoras,
2790 660 2930 713 quos
2986 647 3166 702 adhuc
3211 650 3480 717 posterius
3532 651 3653 725 sub‘

2068 733 2434 803 nlympiadum
2475 733 2689 788 initium
2734 744 2893 791 natos
2938 753 3061 792 esse
3103 739 3215 806 jam
3267 742 3630 798 ostendimus.

2067 820 2145 875 Ex
2201 822 2402 892 quibus
2440 825 2696 879 omnibus
2746 824 2949 881 Mosem
3008 828 3216 897 utique,
3269 829 3474 887 Graecis
3524 833 3633 890 illis

2070 931 2177 967 non
2229 915 2567 984 sapientibus
2613 924 2821 971 tantum
2877 933 2942 973 ac
2985 921 3182 990 poetis,
3229 937 3415 977 verum
3466 924 3631 978 etiam

2068 1001 2342 1071 plerisque
2374 1004 2694 1060 numinibus
2725 1008 3087 1077 antiquiorem
3125 1010 3297 1065 fuisse
3336 1021 3570 1067 constat.
3610 1032 3629 1065 ι

2068 1092 2246 1160 Atque
2291 1108 2356 1147 ex
2400 1091 2677 1149 Clemente
2712 1096 2997 1152 hactenus.
3052 1098 3158 1155 Sed
3204 1102 3461 1171 quoniam
3510 1113 3636 1157 ante

2075 1193 2294 1240 nostros
2322 1186 2593 1251 homines,
2628 1189 2731 1242 hoc
2759 1189 2812 1241 in
2852 1194 3153 1259 argumenti
3199 1208 3394 1262 genere
3425 1194 3633 1249 lla-brei

2061 1278 2258 1333 versati
2313 1287 2470 1344 sunt,
2540 1280 2760 1335 illorum
2813 1283 2978 1337 etiam
3027 1285 3337 1340 testimonia
3389 1285 3636 1357 proferre

385 1372 554 1443 iuvat.
598 1372 731 1428 Mihi
777 1382 957 1428 tamen
984 1371 1203 1425 Flavius
1237 1369 1506 1440 Josephus
1554 1371 1657 1427 hoc
1702 1371 1823 1426 loco
1854 1371 2030 1426 instar
2069 1371 2316 1425 omnium
2363 1368 2546 1427 fuerit.

897 1467 1289 1521 ΚΕΦΑΛΑΙΟΝ
1338 1466 1436 1519 ΙΓ¹.

395 1576 528 1635 Ἀπὸ
575 1576 682 1632 τοῦ
723 1577 957 1646 πρώτου
994 1577 1114 1631 τῶν
1157 1580 1419 1647 ΦλαυΙΐου
1476 1578 1769 1646 Ἰωσήπου
1819 1577 1953 1647 περὶ

647 1635 907 1715 τῆς’τῶν
949 1648 1252 1707 Ἰουδαίων
1277 1635 1688 1718 ἀίρχαιότητοξε.

455 1754 477 1789 ι
520 1736 787 1809 Ἀρξομαι
806 1738 863 1791 δὲ
887 1738 960 1809 (7)
988 1738 1203 1809 πρῶτον
1221 1740 1332 1794 ἀπὸ
1354 1739 1461 1793 τῶν
1487 1742 1618 1811 παρ’
1637 1740 1956 1809 Αἰγυπτίοις

392 1828 741 1899 γραμμάτων.
774 1829 925 1883 Αὑτὰ
953 1830 1050 1901 μὲν
1080 1827 1173 1884 οὖν
1203 1832 1302 1902 οὐχ
1328 1827 1438 1885 οἷόν
1472 1832 1546 1903 (8)
1578 1849 1638 1886 τε
1671 1832 1963 1905 παρατίθε-

384 1920 508 1975 σθαι
542 1921 824 1974 τάκείνων
850 1921 1111 1986 Μάνεθως
1140 1922 1195 1975 δὲ
1225 1923 1285 1976 τὸ
1305 1923 1458 1992 γένος
1478 1924 1792 1993 Αἰγύπτιος,
1824 1923 1963 1996 ἀνὴρ

383 2013 480 2083 τῆς
550 2011 869 2084 Ἑλληνικῆς
931 2012 1285 2085 μετεσχηκὼς
1340 2016 1623 2081 παιδείας,
1678 2016 1753 2079 ὡς
1805 2016 1964 2087 δῆλᾴς

382 2106 520 2167 ἔστι,
546 2104 791 2176 γέγραφε
815 2105 926 2175 γὰρ
961 2104 1168 2158 Ἐλλάδι
1204 2108 1352 2177 φωνῇ
1389 2107 1487 2177 τὴν
1539 2109 1770 2180 πάτριον
1823 2109 1963 2163 ἱστο-

383 2195 528 2267 ρίαν,
561 2195 625 2248 ἕκ
646 2212 705 2248 τε
738 2195 847 2249 τῶν
873 2196 1051 2267 ἱερῶν,
1075 2196 1151 2260 ῶς
1173 2213 1337 2268 φησιν
1369 2198 1551 2262 αὐτὸς,
1587 2199 1960 2272 μεταφράσας,

380 2286 442 2350 ὃς
469 2287 564 2341 καὶ
594 2286 763 2341 πολλὰ
783 2287 875 2341 τὸν
906 2288 1189 2360 Ἡρόδοτον
1218 2289 1429 2360 ἐλέγχει
1451 2289 1560 2344 τῶν
1579 2291 1962 2359 Αἰγυπτιακῶν

382 2378 475 2432 ὑπ’
507 2379 729 2447 ἀγνοίας
761 2378 1112 2451 ἐψευσμένονο
1147 2373 1302 2444 οὗτος
1332 2381 1396 2452 δὴ
1432 2381 1612 2435 τοίνυν
1640 2383 1669 2435 ὁ
1699 2381 1964 2445 Μάνεθως

381 2470 440 2523 ὲν
473 2473 541 2541 τῇ
573 2470 797 2542 δευτέρα
834 2469 945 2525 τῶν
972 2470 1387 2540 Αἰγυπτιακῶν
1426 2471 1599 2526 ταῦτα
1637 2473 1765 2545 περὶ
1806 2473 1962 2545 ήμῶν

381 2561 614 2632 γράφει·
647 2561 1039 2634 παραθήσομαι
1071 2561 1128 2614 δὲ
1159 2562 1260 2634 τὴν
1298 2561 1442 2629 λέξιν
1485 2562 1672 2627 αὐτοῦ,
1711 2563 1962 2637 καθάπερ

381 2653 542 2709 αὐτὸν
566 2655 772 2708 ἐκεῖνον
805 2653 1145 2725 παραγαγὼν
1181 2654 1454 2727 μάρτυρα.
1496 2653 1604 2707 Τοῦ
1631 2655 1858 2725 Τίμαιος
1882 2656 1960 2728 (9)

380 2745 657 2817 ὀνόματος·
682 2746 775 2798 ἐπὶ
793 2744 981 2798 τούτου
1001 2746 1100 2798 ούκ
1123 2740 1220 2799 οἶδ’
1240 2748 1389 2810 ὅπως
1408 2748 1436 2799 ὁ
1456 2745 1587 2810 Θεὸς
1607 2746 1958 2812 ἀντέπνευσε,

382 2835 476 2889 καὶ
504 2836 823 2906 παραδόξως
850 2838 916 2890 ἐκ
940 2835 1047 2889 τῶν
1085 2837 1222 2909 πρὸς
1252 2837 1514 2910 ἀνατολὴν
1545 2838 1724 2910 μερῶν
1747 2837 1961 2912 ἄνθρω-

382 2944 474 2982 ποι
503 2928 566 2982 τὸ
596 2927 754 2997 γένος
774 2928 1000 2999 ἄσημοι,
1035 2927 1575 3002 καταθαρρήσαντες,
1600 2929 1693 2982 ἐπὶ
1723 2929 1819 3001 τὴν
1849 2928 1959 3001 χώ-

384 3037 484 3091 ραν
526 3021 913 3092 ἐστράτευσαν,
954 3022 1048 3075 καὶ
1076 3020 1276 3092 ῥᾳδίως
1307 3022 1552 3093 ἀμαχητὶ
1584 3020 1785 3094 ταύτην
1818 3021 1960 3076 κατὰ

2653 1464 2884 1520 CAPUT
2915 1465 3053 1521 Xlll.

2063 1577 2152 1633 Ea:
2185 1578 2363 1636 Flavii
2385 1579 2600 1650 Iosephi
2635 1582 2808 1650 primo
2838 1580 2916 1636 De
2946 1582 3262 1652 antiquitate
3293 1581 3629 1640 Judazorum.

2138 1756 2157 1789 ι
2189 1734 2305 1806 Ego
2334 1750 2484 1800 vero,
2510 1737 2708 1807 inquit,
2742 1736 2812 1791 ab
2838 1733 3172 1810 Egyptiacis
3195 1737 3385 1794 litteris
3415 1739 3631 1794 initium

2065 1826 2286 1893 faciam,
2318 1842 2551 1897 quarum
2584 1839 2645 1883 ut
2670 1829 2817 1884 nulla
2843 1831 2999 1886 nobis
3046 1846 3140 1900 per
3167 1846 3286 1886 sese
3327 1832 3481 1901 copia
3525 1833 3631 1900 sit,

2062 1917 2352 1974 Mauethus
2392 1927 2573 1974 tamen
2622 1919 2914 1991 Egyptius
2947 1937 3165 1993 genere,
3216 1922 3301 1976 vir
3345 1922 3398 1976 in
3446 1921 3633 1977 Grzeca

2061 2009 2372 2065 eruditione
2417 2020 2686 2075 versatus,
2718 2011 2796 2065 uti
2844 2028 2910 2067 ex
2978 2028 3043 2067 eo
3090 2013 3432 2083 intelligitur,
3485 2013 3631 2084 quod

2062 2098 2249 2156 Grazce
2294 2101 2525 2170 patriam
2568 2101 2856 2158 historiam
2902 2104 3203 2174 scripserit,
3234 2121 3378 2172 eam,
3413 2115 3473 2161 ut
3515 2108 3634 2177 ipsc

2061 2193 2365 2262 prolltetur,
2394 2208 2426 2249 e
2457 2193 2633 2249 sacris
2666 2193 3054 2264 interpretatus
3100 2196 3282 2251 libris:
3325 2197 3416 2266 qui
3466 2199 3631 2253 etiam

2062 2281 2393 2339 Herodotum
2440 2285 2611 2339 multa
2653 2294 2873 2355 pr0pter
2911 2286 3310 2358 ignorationem
3359 2289 3415 2342 in
3465 2304 3635 2359 expo-

2061 2374 2256 2431 nendis
2337 2375 2503 2432 rebus
2555 2372 2893 2449 Egyptiacis
2943 2393 3199 2448 peccasse
3271 2378 3630 2435 demonstrat.

2060 2463 2155 2520 Ille
2200 2465 2367 2536 igitur
2425 2464 2793 2522 Historiarum
2842 2468 3217 2540 Ai'gyptiarum
3251 2472 3513 2538 secundo,
3556 2471 3631 2527 ita

2032 2544 2129 2609 'de
2162 2556 2323 2610 nobis
2352 2555 2578 2611 scribit:
2629 2557 2751 2628 ejus
2781 2558 2983 2628 quippe
3016 2559 3178 2614 verba
3208 2558 3453 2630 proferre
3479 2560 3632 2628 libet,

2060 2648 2205 2719 quod
2236 2648 2412 2718 ipsum
2432 2651 2513 2705 uti
2542 2660 2735 2706 testem
2768 2653 3003 2722 aliquem
3032 2652 3330 2722 producam
3355 2671 3367 2707 ε
3403 2651 3628 2724 Regem,

2061 2739 2270 2809 inquit,
2314 2740 2442 2794 olim
2501 2740 2797 2797 habuimus
2845 2741 3111 2797 Timaeum
3165 2742 3419 2797 nomine:
3474 2743 3635 2812 cujus

2060 2842 2323 2902 tempore,
2356 2847 2484 2887 cum
2527 2834 2686 2888 I'IObIS
2717 2832 2862 2889 Deus
2891 2836 3078 2890 nescio
3125 2851 3237 2905 quo
3283 2844 3445 2905 pacto
3488 2843 3635 2889 esset

2061 2926 2272 2991 iratior,
2318 2941 2385 2982 ex
2430 2926 2680 2996 partibus
2724 2925 3093 2981 Orientalibus
3129 2927 3378 2981 homines
3408 2927 3632 2997 ignobili

2059 3031 2255 3086 genere
2294 3016 2370 3071 illi
2421 3017 2663 3086 quidem,
2709 3017 2805 3072 sed
2843 3025 3021 3071 tamen
3069 3016 3313 3071 audaciae
3347 3017 3511 3086 pleni,
3541 3033 3628 3071 rc-

382 3112 583 3184 κράτος
604 3108 765 3169 εἶλον.
788 3114 899 3167 Καὶ
928 3113 1170 3182 ἐπιλέγει
1200 3113 1336 3184 μετὰ
1362 3113 1585 3186 βραχέαο
1605 3113 1880 3167 Ἐκαλεῖτο
1899 3113 1958 3168 δὲ

2060 3108 2341 3179 pentiuum
2387 3109 2529 3165 hanc
2580 3109 2633 3163 in
2691 3111 2971 3181 regionem
3027 3110 3290 3180 impetum
3349 3109 3632 3177 fecerunt;

382 3203 493 3276 (10)
513 3204 573 3259 τὸ
600 3205 821 3275 σύμπαν
841 3203 1021 3258 αὐτῶν
1052 3205 1201 3268 ἔθνος
1235 3204 1546 3268 ’Υκουσσώς
1560 3203 1694 3277 (11)·
1727 3206 1883 3260 τοῦτο
1900 3205 1958 3262 δέ

379 3294 497 3348 ἐστι
525 3293 764 3365 βασιλεῖς
792 3295 1064 3364 ποιμένες.
1096 3293 1169 3347 Τὸ
1188 3293 1295 3365 γὰρ
1323 3294 1449 3359 Ὓκ,
1468 3294 1590 3348 καθ’
1612 3294 1761 3363 ἱερὰν
1778 3293 1957 3364 γλῶσ-

384 3401 501 3449 σαν,
527 3384 793 3450 βασιλέα
826 3384 1097 3456 σημαίνεν
1132 3384 1193 3439 τὸ
1225 3385 1281 3439 δὲ
1314 3384 1796 3458 υύσσώς,ποιμήν
1819 3386 1957 3453 ἐστι,

381 3477 474 3531 καὶ
510 3477 787 3548 ποιμένες
820 3478 962 3532 κατὰ
1002 3476 1098 3549 τὴν
1128 3478 1312 3549 κοινὴν
1357 3476 1652 3530 διάλεκτον·
1692 3478 1786 3531 καὶ
1816 3476 1958 3531 οὕτω

383 3566 757 3639 συντιθέμενον
770 3569 978 3637 γίνεται
1003 3568 1015 3585 ⁹
1028 3566 1369 3633 Υκουσσώς.
1387 3569 1541 3632 Τινὲς
1555 3568 1611 3622 δὲ
1626 3568 1839 3638 λέγουσι
1856 3571 1957 3624 αύ-

380 3658 505 3721 τοὺς
530 3658 775 3731 Ἀραϐας
802 3655 957 3711 εἶναι·
982 3658 1039 3711 ὲν
1058 3658 1103 3711 δ’
1123 3658 1266 3729 ἄλλῳ
1293 3658 1611 3731 ἀντιγράφω
1631 3660 1691 3714 ού
1723 3659 1957 3731 βασιλεῖς

383 3747 740 3817 σημαίνεσθαι
794 3748 882 3801 διὰ
911 3748 1016 3818 τῆς
1054 3747 1363 3813 Ὑκουσσὼς
1409 3749 1518 3821 ll?)
1565 3751 1954 3822 προσηγορίας,

380 3836 520 3891 ἀλλὰ
565 3838 872 3893 τούναντίον
913 3838 1291 3909 αἰχμαλώτους
1335 3839 1624 3910 δηλοῦσθαι
1670 3842 1952 3913 ποιμένας.

381 3928 456 3983 Τὸ
484 3928 1038 4003 γὰρ’Υκουσσὼς(15)
1059 3932 1401 3999 Αἰγυπτιστὶ,
1426 3932 1521 3985 καὶ
1552 3931 1611 3986 τὺ
1631 3931 1705 3986 ax
1732 3934 1956 3988 δασυνό-

384 4036 563 4092 μενον,
584 4020 964 4091 αίχμαλώτους
992 4022 1173 4093 ῥητῶς
1197 4020 1409 4093 μηνύει.
1436 4022 1545 4077 Καὶ
1569 4023 1726 4077 τοῦτο
1756 4025 1955 4097 μᾶλλον

382 4104 749 4180 πιθανώτερόν
808 4126 898 4180 μοι
954 4111 1233 4181 φαίνεται,
1287 4110 1382 4165 καὶ
1427 4111 1665 4177 παλαιᾶς
1717 4113 1954 4188 ἱστορίας

380 4198 653 4269 ἐχόμενον.
727 4201 960 4266 Τούτους
1020 4202 1077 4257 δὲ
1137 4203 1265 4266 τοὺς
1320 4206 1955 4276 προκατωνομασμένους

382 4286 655 4358 βασιλέας,
693 4292 787 4344 καὶ
826 4296 953 4357 τοὺς
990 4293 1097 4348 τῶν
1137 4295 1409 4365 ποιμένων
1443 4295 1553 4368 (14)
1586 4296 1950 4368 καλουμένων,

381 4383 474 4435 καὶ
504 4384 631 4448 τοὺς
678 4383 738 4451 ἐξ
789 4385 970 4439 αὐτῶν
1013 4388 1338 4460 γενομένους
1366 4390 1638 4460 κρατῆσαι
1664 4390 1765 4461 τῆς
1785 4392 1953 4461 Αἰγύο

2063 3213 2295 3269 eamque
2335 3197 2495 3254 facile
2545 3199 2840 3253 admodum
2898 3212 2964 3252 ac
3008 3199 3125 3254 sine
3168 3214 3345 3269 pugna
3401 3200 3633 3269 subege-

2062 3300 2211 3345 runt.
2248 3289 2384 3345 Tum
2427 3291 2618 3361 paucis
2664 3290 2999 3362 interjcctis:
3050 3291 3216 3357 Gens,
3270 3292 3476 3361 inquit,
3535 3306 3632 3346 eo-

2058 3399 2181 3438 rum
2228 3384 2484 3438 univcrsa
2530 3383 2839 3454 llycoussos
2889 3383 3207 3448 vocabatur,
3258 3381 3363 3436 hoc
3415 3390 3499 3437 est
3543 3396 3634 3435 re-

2059 3491 2153 3547 ges
2214 3485 2482 3545 pastores.
2545 3474 2659 3547 Hyc
2728 3476 2875 3529 enim
2919 3475 2973 3528 in
3033 3489 3189 3529 sacra
3236 3474 3420 3545 lingua
3462 3489 3634 3545 regem

2058 3576 2253 3635 sonat;
2304 3564 2514 3623 Oussos
2548 3576 2728 3622 autem
2763 3567 3039 3622 communi
3070 3566 3337 3620 vocabulo
3365 3581 3632 3636 pastorem

2055 3665 2407 3728 pastoresque
2453 3657 2756 3728 signiﬁcat;
2816 3657 2961 3711 unde
3014 3673 3117 3712 vox
3161 3659 3463 3727 composita
3512 3657 3631 3728 Hy-

2057 3761 2293 3802 coussos.
2333 3746 2474 3802 Sunt
2506 3758 2685 3802 tamen
2717 3750 2810 3818 qui
2846 3747 3056 3804 Arabes
3102 3748 3226 3802 illos
3269 3740 3425 3813 501
3461 3748 3633 3802 fuisse

2056 3838 2270 3893 velint:
2333 3840 2581 3908 adeoque
2623 3839 2678 3892 in
2727 3839 2835 3892 alio
2878 3839 3114 3909 quodam
3165 3839 3482 3908 exemplari,
3533 3856 3635 3894 uo-

2056 3929 2209 3983 mine
2241 3928 2335 3983 illo
2382 3927 2721 3999 Hycoussos,
2756 3944 2865 3983 non
2898 3944 3075 3999 reges,
3107 3930 3202 3984 sed
3237 3930 3418 3998 potius
3452 3932 3630 4000 capti-

2053 4036 2155 4076 vos
2187 4030 2436 4091 pastores
2473 4020 2726 4076 iudicari.
2761 4019 2905 4076 Sane
2954 4021 3174 4091 quidem
3224 4019 3357 4092 Hyc,
3393 4032 3448 4076 et
3493 4021 3628 4090 Hac,

2055 4112 2100 4166 si
2128 4128 2253 4167 cum
2290 4112 2624 4182 aspiratione
2654 4111 2948 4176 scribatur,
2995 4113 3241 4180 captivos
3280 4113 3500 4182 proprie
3531 4129 3631 4167 no-

2056 4202 2422 4270 minatimque
2484 4200 2776 4269 signiﬁcat.
2828 4200 3005 4268 Atque
3051 4199 3104 4251 id
3152 4198 3287 4251 mihi
3336 4199 3626 4254 verosimi-

2053 4293 2163 4348 lius
2211 4293 2449 4355 videtur,
2487 4292 2771 4361 magisque
2812 4305 2938 4347 cum
2979 4291 3202 4358 antiqua
3237 4290 3465 4344 historia
3494 4305 3629 4346 con-

2056 4393 2400 4440 sentaneum.
2444 4381 2570 4438 lllos
2617 4382 2784 4453 igitur
2826 4396 3017 4452 regum
3064 4382 3193 4436 olim
3235 4389 3628 4451 pastorumque

381 4493 516 4530 πτου
544 4479 707 4549 φησιν
742 4478 836 4551 ἔτη
873 4480 1009 4551 πρὸς
1035 4484 1148 4545 τοῖς
1171 4488 1224 4551 φ’
1248 4488 1336 4536 ια’.
1363 4479 1521 4535 Μετὰ
1552 4481 1726 4537 ταῦτα
1754 4482 1810 4537 δὲ
1841 4483 1950 4539 τῶν

2056 4476 2277 4530 nomine
2320 4475 2649 4545 appellatos,
2683 4474 3109 4543 eorumdemque
3153 4480 3403 4543 posteros
3457 4471 3627 4544 Egy—

380 4567 446 4621 ὲκ
469 4568 570 4638 τῆς
596 4568 859 4641 Θηϐαΐδος
898 4572 993 4626 καὶ
1031 4573 1129 4644 τῆς
1166 4572 1332 4644 ἄλλης
1370 4575 1648 4642 Αἰγύπτου
1689 4573 1952 4645 βασιλέων

2056 4568 2128 4637 pti
2199 4566 2540 4622 dominatum
2613 4566 2854 4622 tenuisse
2919 4563 3207 4620 Manethus
3279 4565 3388 4631 ait,
3467 4566 3627 4621 annis

379 4659 629 4726 γενέσθαι
664 4663 827 4733 φησὶν
858 4665 952 4718 ἐπὶ
990 4668 1115 4730 τοὺς
1150 4665 1414 4737 ποιμένας
1444 4665 1831 4732 ἐπανάστασιν,
1858 4669 1951 4722 καὶ

2056 4659 2273 4715 circiter
2319 4659 2573 4716 undecim
2607 4673 2774 4730 supra
2801 4657 3151 4732 quingentos.
3197 4656 3337 4712 Tum
3377 4671 3506 4713 vero
3528 4672 3625 4712 δατ

452 4860 529 4931 (7)
557 4861 831 4936 ’ᾼρξομᾳι
875 4861 961 4917 δέ.
991 4863 1218 4936 Locum
1265 4864 1411 4920 hunc
1438 4866 1583 4936 leges
1626 4867 1766 4936 apud
1796 4864 1950 4923 Jose—
2050 4863 2117 4919 de
2141 4861 2451 4936 reraillius
2476 4859 2836 4936 appellatione
2866 4873 2972 4936 non
3004 4864 3296 4936 constaret.

376 4925 547 5054 [nam
581 4925 682 4986 lib.
709 4925 740 4986 1⁷
752 4934 950 4987 Contra
968 4933 1247 5016 dpianem,
1274 4950 1397 5005 pag.
1423 4925 1561 4991 1039
1587 4925 1716 4992 edit.
1742 4936 1952 5018 Graeco-

426 5008 501 5054 at.
530 5015 597 5054 ex
623 5017 761 5054 vers.
791 5002 1056 5054 Gessenu.
1095 5003 1204 5054 Hos
1230 5013 1411 5054 autem
1471 5014 1659 5054 contra
1683 5006 1944 5054 Anionem

2121 4934 2234 5002 (10)
2276 4925 2578 4986 Ἐκαλεῖτο
2603 4930 2689 4983 δέ.
2720 4928 2939 4997 .loscph.
2973 4942 3093 4997 pag.
3127 4925 3288 4981 1040.

2122 5004 2235 5054 (11)
2281 5000 2357 5054 Τὸ
2396 5001 2645 5054 σύμπαν
2677 4998 2876 5054 αὐτῶν
2905 4998 3082 5054 ἔθνος
3127 4996 3184 5049 Ὺ
3183 5012 3288 5050 κου

426 5008 501 5077 at.
530 5015 761 5077 ex_ver_s.
791 4992 1204 5077 Gesseni'i._llos
1228 4992 1412 5077 autem
1471 5014 1659 5077 contra
1682 5006 1944 5077 Apionem

2122 4992 2235 5077 (11)
2281 5000 2645 5077 Τὸῄρ-ύμσξαν
2677 4992 2876 5077 triatria?
2905 4992 3082 5062 50W}
3127 4993 3481 5077 ’Υκουσρνώᾳ
3512 4992 3622 5077 -.1ο-

2049 5066 2226 5144 εθρὴ.’
2255 5073 2318 5126 τὸ
2358 5066 2509 5144 ἐθνιξς
2551 5069 2783 5134 ’Υκσώς,
2826 5083 3000 5144 (Πηλῆι
3025 5081 3212 5144 yocern
3265 5066 3459 5144 deinde
3509 5073 3618 5144 tam

2048 5133 2363 5198 constanter
2389 5133 2617 5205 retinet,
2646 5155 2828 5210 quam_
2844 5133 3112 5192 Eusebius
3150 5133 3477 5210 ’Υκουσσώς.
3509 5134 3620 5189 Nec

2047 5213 2208 5268 facile
2249 5213 2323 5267 sit
2367 5211 2574 5267 homini
2621 5205 2731 5265 non
2763 5207 3058 5280 Egyptio,
3092 5220 3277 5261 veram
3327 5205 3617 5260 lectionem

2047 5285 2630 5425 ὼἌΙὲῗΓςΫκουονσώς.
2653 5347 2896 5425 _.|oseph.
2943 5355 3155 5401 tantum
3170 5343 3305 5417 Ὗκ,
3324 5342 3420 5398 sed
3454 5342 3617 5409 male,

2046 5431 2109 5477 ut
2129 5420 2590 5491 exsequentibus
2619 5420 2775 5491 plane
2807 5425 3041 5491 constat.

2117 5493 2230 5565 (15)
2272 5481 2635 5565 ’ζκουονσώςῖ
2656 5486 2755 5543 Hic
2787 5488 3025 5542 vicissim
3040 5499 3242 5554 repone
3254 5490 3469 5541 tantum
3482 5481 3615 5546 ’Ύκ,

2044 5577 2112 5618 ex
2126 5559 2255 5617 'cod.
2286 5559 2545 5631 Josepbo.

2117 5632 2229 5705 (M)
2258 5632 2367 5685 Kal
2396 5622 2537 5705 ξοὺς
2559 5631 2677 5684 τῶν
2699 5642 2863 5705 etot”.
2893 5624 3356 5705 losephusdelet‘
3374 5622 3487 5687 καί,
3516 5636 3605 5676 re-

2044 5696 2221 5766 ctius,
2260 5711 2318 5756 ut
2365 5700 2576 5755 videtur
2610 5717 2625 5753 :
2658 5697 2974 5768 nisi,malis
3006 5696 3130 5758 τοὺς
3174 5697 3240 5748 ὲκ
3288 5696 3397 5747 τῶν
3457 5705 3616 5761 ποιμ,

2044 5773 2189 5843 quod
2218 5786 2407 5828 eorum
2436 5786 2504 5827 ex
2534 5782 2760 5826 numero
2790 5781 2945 5838 reges
2977 5776 3308 5824 crearentur.

378 5070 567 5137 libros,
596 5072 734 5142 Περὶ
773 5072 872 5147 τῇς
902 5072 1009 5147 τῶν
1043 5070 1950 5147 Ἰουδαίων-ᾁρχαιότητοςίίιιδρνί-

378 5149 517 5214 ριοελ
539 5156 681 5214 esse,
715 5142 913 5214 εξξῆοο
940 5143 1098 5198 titulo
1128 5145 1195 5198 15
1221 5142 1638 5214 οοηξίιέἴροεδὶὶ.

448 5209 526 5283 (8)
561 5212 683 5285 ορχ
713 5206 845 5285 olor
866 5228 937 5285 τε
956 5228 1166 5285 παρατ.
1192 5206 1499 5268 regem.
1525 5213 1739 5285 Optima
1765 5216 1944 5281 lectio,

374 5278 583 5357 ex_'qu_a
609 5278 831 5351 Josepbi
858 5278 1151 5357 editionem
1179 5286 1451 5357 corrigas,
1479 5285 1534 5338 in
1569 5278 1675 5357 qua
1710 5287 1904 5357 legitur
1928 5278 1942 5339 ἑ

375 5355 490 5420 οὐχ
508 5350 636 5403 οἴων
655 5369 715 5404 τε
742 5350 880 5423 ξπαρ.
903 5352 1188 5406 κάκείνων⁸
1211 5350 1620 5423 quae—interpres
1649 5356 1721 5410 ita
1749 5350 1942 5420 r'eddit,

374 5435 506 5537 tua:
537 5436 644 5474 non
667 5421 1003 5476 arbitrantur
1032 5421 1394 5477 commendare
1427 5421 1543 5495 qua:
1586 5440 1770 5481 nostra
1799 5436 1942 5480 sunt.

426 5489 633 5537 ivinare
662 5493 766 5537 hoc
800 5490 923 5537 fuit-
1038 5504 1042 5508 ·

426 5489 633 5544 ivinare
662 5493 766 5545 hoc
798 5490 923 5546 fuit.
1038 5504 1042 5508 ‘

448 5554 526 5625 (9)
563 5560 676 5634 Τοῆ
710 5561 963 5634 Τίμαιος.
994 5561 1420 5634 ευρριεηᾱυβγει
1462 5565 1818 5634 corrigendos
1856 5566 1946 5622 hic

377 5623 533 5705 locus
557 5623 1266 5705 εξ-Ιοεὲρίιοεόριιιίέίιυεω
1310 5633 1597 5705 Manethus
1612 5623 1720 5690 “ille
1751 5637 1831 5691 sic
1860 5637 1944 5705 iu-

376 5696 542 5776 cipit,
599 5696 870 5776 ’ἰᾷ-γένετο.
895 5696 1146 5776 βασιλεὺς
1201 5704 1337 5776 ἡμῖν
1388 5703 1594 5774 Τίμαος
1642 5704 1831 5776 ὄνομα.
1868 5704 1942 5776 rln

380 5769 600 5822 nomine
630 5769 859 5839 Τίμαιος
891 5769 1026 5828 nihil
1063 5769 1382 5830 mutandum
1418 5769 1603 5844 putavi
1633 5769 1775 5844 quod
1809 5775 1942 5831 mihi
