4194 6430
559 279 668 335 ὃῧὸ

1286 280 1554 337 EUSEBII
1594 279 2070 335 CIESARIENSIS
2101 278 2252 334 OPP.
2273 276 2453 334 PARS
2488 276 2637 333 IL—
2658 274 3157 334 APOLOGETICA.

3705 285 3807 338 836

558 402 802 462 sceptam
876 392 1141 447 adversus
1197 406 1293 446 eos
1341 392 1410 445 ab
1456 390 1748 448 Thebaidis
1801 409 1865 448 ac
1916 392 2126 462 reliqua

2241 390 2474 462 πόλεμον
2533 392 2868 463 συρραγῆναι
2922 393 3096 463 μέγαν
3138 394 3234 446 καὶ
3279 393 3644 464 πολυχρόνιον.
3687 394 3811 450 Ἐπὶ

556 478 778 553 Egypti
816 482 1036 552 regibus
1068 481 1484 550 expeditionem,
1516 482 1828 553 bellumque
1871 498 2035 553 grave
2068 498 2132 537 ac

559 573 884 627 diuturnum
928 574 1069 627 inter
1107 573 1259 643 ipsos
1301 577 1597 631 conﬂatum
1641 575 1832 631 fuisse.
1887 574 2131 629 Tandem

561 666 667 719 sub
728 679 857 735 rege
912 666 1188 734 quodam,
1249 666 1337 720 cui
1392 667 1885 739 Mispbraguthosis
1932 682 2133 721 nomen

558 763 700 818 erat,
756 754 1056 811 debellatos
1107 767 1355 826 pastores
1407 758 1551 821 illos,
1601 774 1667 813 ac
1713 758 1921 826 reliqua
1964 755 2132 826 Egy-

557 856 652 915 pto
693 847 905 916 pulsos,
952 863 1124 901 unum
1169 848 1224 902 in
1269 849 1449 902 locum
1498 849 1739 903 inclusos
1767 863 1889 903 esse
1932 848 2131 912 tradit,

559 938 719 1005 cujus
770 938 1011 994 ambitus
1073 938 1259 994 decem
1303 940 1556 1009 jngerum
1589 940 1759 995 millia
1807 940 2130 995 contineret.

558 1029 754 1084 Avaris
814 1030 968 1086 locus
1012 1031 1103 1085 ille
1153 1031 1469 1096 dicebatur,
1522 1048 1687 1102 quem
1741 1046 1772 1086 a
1819 1030 2131 1101 pastoribus

562 1122 878 1176 universum
940 1122 1149 1192 ingenti
1219 1123 1509 1193 validoque
1563 1139 1723 1178 muro
1790 1132 2002 1193 septum
2067 1137 2133 1177 ac

561 1214 832 1267 munitum
870 1212 1011 1267 idem
1045 1215 1281 1284 scriptor
1309 1216 1418 1280 ait,
1462 1226 1521 1269 ut
1559 1215 1824 1286 quidquid
1873 1215 1976 1270 sibi
2022 1213 2133 1268 for-

563 1311 822 1357 tunarum
870 1313 1018 1358 esset
1061 1321 1125 1359 ac
1161 1306 1379 1375 praedae,
1428 1306 1481 1360 id
1512 1321 1674 1360 omne
1716 1315 1892 1360 tutum
1940 1322 2004 1361 ac
2048 1322 2133 1360 se-

563 1409 759 1447 curum
811 1393 1015 1448 habere
1057 1404 1297 1464 possent.
1348 1395 1418 1449 At
1464 1411 1593 1451 vero
1640 1396 2131 1468 Misphraguthosis

559 1484 729 1538 [ilium
784 1483 1152 1540 Tbmuthosin
1208 1488 1450 1549 nomine,
1508 1488 2027 1559 quadringentorum
2077 1497 2131 1543 et

560 1577 838 1647 octoginta
873 1576 1104 1631 millium
1135 1577 1419 1634 hominum
1456 1579 1697 1634 exercitu
1741 1594 1931 1633 muros
1965 1580 2128 1634 obse--

563 1668 750 1734 disse;
784 1678 948 1737 atque
979 1669 1129 1738 ipsos
1165 1683 1263 1738 per
1290 1670 1397 1724 vim
1430 1685 1746 1741 expugnare
1776 1679 2031 1725 conatum
2064 1670 2128 1723 il-

560 1760 671 1813 lum
702 1759 943 1828 quidem,
986 1759 1081 1814 sed
1105 1760 1409 1815 obsidionis
1451 1761 1599 1817 exitu
1652 1761 1969 1829 desperato,
2003 1774 2126 1814 cum

560 1850 753 1904 iisdem
794 1866 856 1905 ea
900 1852 1214 1907 conditione
1260 1853 1552 1923 pepigisse,
1597 1852 1675 1907 uti
1720 1850 1954 1924 Egypto
2002 1852 2128 1906 reli-

559 1952 669 2006 cta,
707 1957 1037 2012 quocunque
1067 1942 1289 2007 vellent,
1320 1958 1511 1999 omnes
1558 1944 1675 1998 sine
1725 1944 1838 1997 ullo
1886 1959 1987 1998 suo
2032 1945 2127 1999 de-

562 2035 820 2088 trimento
866 2035 1312 2106 commigrarent.
1360 2036 1469 2090 Eos
1512 2035 1676 2105 igitur
1724 2051 1847 2090 cum
1904 2036 2127 2091 univer-

561 2123 640 2179 sis
675 2122 921 2186 familiis,
965 2132 1129 2194 atque
1157 2123 1304 2179 omni
1348 2125 1698 2194 possessione
1742 2140 1865 2189 sua,
1908 2125 1989 2180 uti
2033 2140 2128 2195 per

560 2217 727 2269 ictum
775 2214 954 2271 {medus
1000 2224 1287 2287 poterant,
1335 2217 1477 2271 haud
1539 2217 1826 2285 pauciores
1876 2216 2128 2274 ducentis

559 2314 615 2360 et
665 2305 1027 2376 quadraginta
1077 2305 1339 2370 millibus,
1385 2308 1453 2361 ab
1498 2307 1730 2377 [Egypto
1758 2324 1853 2378 per
1882 2310 2129 2364 solitudi-

561 2410 687 2449 nem
742 2396 796 2449 in
841 2395 1056 2465 Syriam
1115 2395 1435 2451 tetendisse.
1480 2396 1637 2462 Quod
1691 2406 1873 2452 autem
1922 2400 2026 2454 sibi
2060 2402 2128 2456 ab

559 2486 906 2557 Assyriorum
930 2489 1237 2558 principatu
1269 2498 1592 2552 metuerent,
1627 2498 1741 2543 tum
1762 2492 1906 2544 enim
1939 2490 2123 2547 Asiam

558 2579 836 2641 tenebant,
870 2579 925 2632 in
956 2594 1044 2646 ea,
1082 2596 1248 2649 quam
1280 2580 1441 2635 hodie
1488 2579 1727 2636 Judaeam
1765 2584 2124 2654 appellamus.

560 2668 782 2733 regione
812 2669 1003 2723 urbem
1045 2671 1368 2729 aediﬁcasse.
1405 2688 1527 2740 qua:
1571 2681 1651 2727 tot
1690 2672 1973 2736 hominum
2004 2683 2129 2737 mil-

556 2754 630 2809 lia
674 2768 914 2825 eaperet,
963 2760 1321 2830 eamdemque
1362 2756 2125 2836 Ilierosolymancminasse.»

557 2843 767 2910 Quibus
813 2849 1008 2904 deinde
1060 2866 1250 2921 regum
1294 2850 1677 2929 Egyptiorum
1723 2862 2125 2918 successionem

557 2949 901 3009 tempusque,
931 2956 1039 3011 quo
1084 2945 1285 3021 singuli
1331 2963 1650 3023 regnarunt,
1709 2955 1793 3008 ubi
1840 2954 2127 3012 Manetbus

2232 482 2291 535 δὲ
2328 482 2607 552 βασιλέως,
2652 476 2696 550 ᾧ
2741 484 2911 554 ὄνομα
2955 479 3093 537 εἶναι
3137 483 3631 555 Μισφραγούθωσις
3672 485 3806 555 (15),

2233 576 2573 646 ἡττωμένους
2624 578 2757 647 φησί
2802 578 2928 640 τοὺς
2974 577 3260 646 ποιμένας,
3308 577 3405 629 καὶ
3449 578 3513 630 ἐκ
3560 576 3658 647 μὲν
3706 580 3801 646 τῆς

2231 664 2397 735 ἄλλης
2422 665 2693 734 Αἰγύπτου
2721 666 2994 731 ἐκπεσεῖν,
3035 665 3498 738 κατακλεισθῆναι
3529 667 3585 721 δὲ
3612 670 3692 732 εἰς
3716 669 3779 722 τό

2232 773 2333 810 πον
2355 755 2599 828 ἀρουρῶν
2621 755 2810 827 ἔχοντα
2835 759 3041 828 μυρίων
3062 759 3161 830 τὴν
3191 775 3256 811 πε
3266 757 3315 828 ρί
3323 774 3539 829 μετρον.
3561 757 3765 830 Δῦαρις
3779 770 3803 799 ι

2232 848 2401 919 δνομα
2431 847 2509 918 τῷ
2536 848 2722 917 τόπῳ·
2779 847 2966 901 τοῦτόν
3008 864 3171 920 φησιν
3211 850 3240 901 ό
3281 848 3545 911 Μάνεθως
3590 847 3803 902 ἅπαντα

2231 938 2399 1011 τείχει
2433 957 2491 993 τε
2520 939 2739 1011 μεγάλῳ
2763 940 2856 993 καί
2886 940 3094 1011 ἰσχυρῷ
3122 939 3433 1010 περιϐαλεῖν
3467 939 3593 1003 τοὺς
3616 939 3807 1009 ποιμέρ

2232 1050 2348 1096 νας,
2378 1032 2523 1095 ὅπως
2541 1032 2641 1102 τήν
2665 1050 2724 1085 τε
2752 1031 2929 1084 κτίσιν
2950 1032 3168 1085 ἃπασαν
3191 1032 3384 1102 ἔχωσιν
3408 1033 3466 1085 ὲν
3490 1031 3690 1102 ἐχυρῷ,
3712 1032 3807 1084 καὶ⁵

2231 1121 2327 1193 τὴν
2356 1122 2506 1176 λείαν
2534 1121 2632 1192 τὴν
2662 1121 2888 1174 ἑαυτῶν.
2919 1121 3022 1174 Τὸν
3046 1120 3103 1174 δὲ
3125 1121 3673 1192 Μισφραγουθώσεως
3693 1120 3807 1173 υἱὸν

2231 1212 2551 1285 Θμούθωσιν
2575 1210 2706 1283 (16),
2740 1214 3085 1282 ἐπιχειρῆσαι
3116 1212 3212 1282 μὲν
3242 1212 3438 1275 αὐτοὺς
3462 1211 3550 1265 διὰ
3583 1211 3806 1283 πολιορ-

2231 1305 2355 1359 κίαν
2385 1304 2495 1374 (17)
2526 1303 2663 1356 ἐλεῖν
2694 1302 2835 1356 κατὰ
2866 1302 3086 1375 κράτος,
3116 1301 3258 1354 ὀκτὼ
3283 1304 3376 1355 καὶ
3401 1304 3805 1374 τεσσαράκοντα

2234 1395 2458 1467 μυριάσι
2497 1393 2728 1465 στρατοῦ
2767 1391 3237 1464 προσεδρεύσαντα
3263 1395 3371 1455 τοῖς
3397 1392 3654 1463 τείχεσιν·
3681 1393 3804 1445 ἐπεὶ

2229 1487 2287 1540 δὲ
2328 1484 2425 1540 τὴν
2467 1485 2781 1556 πολιορκίαν
2827 1483 3070 1550 ἀπέγνω,
3121 1482 3448 1552 ποιήσασθαι
3484 1482 3801 1552 συμϐάσεις,

2232 1578 2321 1633 ἵνα
2366 1578 2465 1649 τὴν
2484 1577 2751 1643 Αἴγυπτον
2776 1575 3105 1640 ἐκλιπόντες,
3129 1575 3251 1627 δποι
3282 1573 3579 1643 βούλονται,
3604 1574 3802 1636 πάντες

2230 1669 2484 1734 ἀϐλαϐεῖς
2509 1669 2803 1724 ἀπέλθωσι.
2831 1667 2969 1729 Τοὺς
2992 1667 3049 1720 δὲ
3076 1666 3169 1720 ἐπὶ
3187 1668 3305 1728 ταῖς
3330 1664 3641 1736 ὁμολογίαις
3667 1681 3802 1719 παν-

2234 1760 2448 1831 οικεσίᾳ
2480 1758 2615 1829 μετά
2645 1755 2755 1812 τῶν
2783 1760 3046 1830 κτήσεων,
3085 1761 3184 1812 οὐκ
3227 1757 3484 1819 ἐλάσσους
3532 1755 3802 1826 μυριάδων

2234 1852 2393 1915 ὄντας
2434 1852 2606 1905 εἴκοσι
2636 1851 2938 1923 τεσσάρων,
2981 1850 3089 1904 ἀπὸ
3128 1853 3227 1921 τῆς
3255 1848 3528 1917 Αἰγύπτου
3555 1847 3653 1918 τὴν
3677 1846 3805 1918 ἱρη-

2239 1959 2338 2013 μον
2385 1941 2466 2006 εἰς
2508 1942 2705 2014 Συρίαν
2745 1940 3162 2013 διοδοιπορῆσαι.
3209 1939 3576 2010 Φοϐουμένους
3608 1937 3666 1990 δὲ
3704 1937 3803 2008 τὴν

2247 2037 2545 2106 Ἀσσυρίων
2569 2035 2883 2089 δυναστείαν
2916 2034 3056 2104 (τότε
3093 2033 3200 2105 γὰρ
3223 2032 3462 2096 ἐκείνους
3480 2034 3578 2102 τῆς
3618 2031 3804 2095 Ἀσίας

2233 2130 2498 2203 κρατεῖν),
2541 2130 2598 2183 ἐν
2628 2131 2693 2200 τῇ
2725 2126 2821 2181 νῦν
2858 2128 3085 2199 Ἰουδαίᾳ
3120 2127 3426 2197 καλουμένῃ
3466 2125 3621 2179 πόλιν
3659 2127 3803 2178 οἰκο-

2234 2220 2660 2294 δομησαμένους,
2691 2218 2977 2282 τοσαύταις
3011 2218 3265 2291 μυριάσιν
3305 2216 3604 2287 ἀνθρώπων
3632 2215 3801 2287 ἀρκέ-

2236 2330 2464 2375 σουσαν,
2520 2308 2865 2384 Ἱεροσόλυμα
2922 2309 3126 2379 ταύτην
3176 2308 3462 2380 ὀνομάσαι.
3502 2326 3522 2360 ι
3578 2306 3802 2371 Τούτοις

2235 2405 2360 2478 ἑξῆς
2387 2404 2484 2476 τὴν
2509 2403 2757 2474 διαδοχὴν
2789 2401 2895 2456 τῶν
2924 2402 3043 2457 κατ’
3076 2401 3345 2470 Αἴγυπτον
3376 2400 3638 2471 βασιλέων
3665 2399 3802 2472 μετά

2230 2499 2325 2553 τοῦ
2356 2499 2548 2570 χρόνου
2583 2499 2678 2569 τῆς
2699 2498 2873 2572 ἀρχῆς
2896 2495 3075 2553 αὐτῶν
3102 2494 3641 2569 ἀπαριθμησάμενος,
3677 2494 3800 2549 ἐπι-

2233 2595 2403 2663 λέγει·
2436 2613 2453 2645 ι
2495 2590 2681 2646 Ταῦτα
2718 2594 2816 2663 μὲν
2847 2590 2959 2662 (18)
2994 2592 3023 2642 ὁ
3060 2590 3340 2653 Μάνεθως.
3376 2588 3542 2658 Δῆλον
3567 2588 3610 2640 δ’
3630 2587 3799 2651 ἐστὶν,

2233 2686 2297 2738 ἐκ
2311 2684 2419 2737 τῶν
2436 2683 2738 2755 εἰρημένων
2757 2682 2894 2735 ἐτῶν
2914 2681 3008 2734 τοῦ
3030 2681 3219 2752 χρόνου
3242 2680 3694 2748 συλλογισθέντος,
3716 2679 3802 2733 δτι

2233 2778 2282 2829 οἱ
2320 2774 2638 2846 καλούμενοι
2681 2773 2956 2844 ποιμένες,
2990 2772 3246 2843 ἡμέτεροι
3268 2771 3326 2823 δὲ
3352 2770 3628 2843 πρόγονοι,
3655 2767 3802 2840 τρισὶ

2233 2868 2327 2923 καὶ
2354 2868 2704 2937 ἐννενήκοντα
2735 2865 2831 2918 καὶ
2868 2863 3197 2937 τριακοσίοις
3238 2863 3469 2934 πρόσθεν
3510 2861 3703 2927 ἔτεσιν,
3736 2862 3802 2914 ἐκ

2230 2963 2331 3032 τῆς
2359 2959 2630 3028 Αἰγύπτου
2658 2955 3082 3024 ἀπαλλαγέντες,
3111 2954 3211 3026 τὴν
3239 2953 3422 3026 χώραν
3463 2953 3665 3026 ταύτην
3696 2955 3802 3007 ἀπ·-

560 3037 867 3109 δυὶιὶυηκίι,
897 3049 1012 3103 tum
1044 3044 1258 3105 demum
1279 3049 1354 3104 ita
1374 3052 1679 3108 concludit:
1714 3074 1732 3105 ι
1754 3055 1897 3127 Ergo
1913 3054 1960 3110 si
1984 3064 2126 3110 tem-

2230 3050 2451 3124 ᾤκησαν
2474 3050 2605 3122 (19),
2639 3051 2673 3121 ἢ
2701 3048 2904 3104 Δαναὸν
2945 3049 3025 3111 εἰς
3061 3050 3261 3119 Ἀργος
3286 3047 3592 3117 ἀφικέσθαι·
3624 3046 3800 3101 καίτοι

556 3151 660 3204 pus
705 3138 773 3191 ad
810 3138 999 3193 initam
1047 3157 1317 3198 annorum
1364 3142 1593 3199 istorum
1632 3145 1899 3201 rationem
1942 3148 2128 3218 exige-

555 3240 701 3292 mus,
745 3230 1018 3283 constabit
1061 3232 1309 3297 omnino,
1354 3248 1494 3303 quos
1535 3244 1780 3303 pastores
1826 3235 1928 3305 ipsi
1967 3251 2130 3290 voca-

554 3312 704 3381 bam,
741 3318 979 3387 majores
1012 3329 1250 3388 nostros,
1294 3323 1454 3378 annis
1484 3337 1610 3378 ante
1651 3326 1827 3381 tribus
1851 3336 1905 3382 et
1954 3343 2128 3383 nona-

553 3409 704 3477 ginta
738 3422 904 3478 supra
936 3417 1228 3476 trecentos,
1274 3413 1366 3467 ubi
1400 3430 1468 3469 ex
1501 3414 1738 3488 Egypto
1770 3419 2120 3489 migrassent,

557 3499 838 3567 regionem
871 3500 1017 3553 illam
1058 3501 1344 3570 insedisse,
1377 3520 1539 3574 quam
1575 3506 1793 3564 Danaus
1831 3510 2004 3580 Argos
2036 3526 2126 3565 ve-

553 3589 748 3654 nisset,
784 3591 879 3660 qui
926 3600 1106 3647 tamen
1149 3593 1218 3647 ab
1252 3593 1466 3665 Argivis
1497 3612 1591 3666 pro
1622 3599 2009 3670 antiquissimo
2032 3617 2125 3657 ce-

553 3680 817 3738 lebratur.
874 3683 951 3738 lta
992 3684 1101 3739 duo
1154 3684 1313 3756 502
1357 3688 1515 3743 nobis
1554 3705 1726 3760 eaque
1772 3706 1906 3747 sane
1941 3693 2126 3762 praeci—

549 3789 691 3844 pua,
747 3776 854 3831 hoc
895 3776 1165 3844 Manethi,
1217 3779 1364 3849 quod
1393 3778 1769 3852 Egyptiarum
1817 3782 2122 3838 litterarum

549 3866 713 3921 tidem
748 3869 1020 3938 sequitur,
1054 3872 1369 3927 testimonio
1397 3872 1644 3929 confecta
1677 3886 1837 3930 sunt:
1867 3876 2120 3942 alterum,

549 3973 644 4013 eos
686 3959 740 4012 in
780 3958 1075 4032 Egyptum
1119 3963 1336 4018 aliunde
1375 3963 1647 4034 profectos
1679 3981 1834 4030 esse;
1868 3967 2119 4035 alterum,

550 4050 791 4107 indidem
832 4053 982 4123 ipsos
1026 4055 1134 4110 alio
1166 4057 1580 4127 commigrasse,
1627 4059 1773 4125 quod
1816 4058 1979 4112 etiam
2027 4076 2124 4129 po-

549 4143 753 4199 sterius
789 4145 925 4200 adeo
972 4155 1245 4202 vetustum
1289 4157 1455 4212 esset,
1505 4159 1564 4203 ut
1596 4148 1831 4220 Trojana
1874 4161 2120 4222 tempora

548 4234 709 4290 annis
741 4251 908 4306 prope
949 4239 1097 4294 mille
1129 4241 1491 4296 antecederet.
1527 4261 1546 4294 ι
1586 4242 1710 4299 llaec
1750 4243 2021 4316 Josephus
2048 4264 2112 4302 ex

546 4323 863 4396 [Egyptiaca
913 4327 1143 4383 historia
1181 4331 1344 4399 paulo
1382 4334 1635 4390 solutius.
1672 4334 1816 4390 Idem
1848 4352 1914 4391 ex
1954 4335 2119 4394 Phae-

545 4412 709 4478 nicia,
735 4416 1013 4484 productis
1044 4419 1292 4488 ipsismet
1312 4438 1495 4479 rerum
1525 4424 1927 4481 Phreniciarum
1972 4429 2109 4483 scri-

2228 3143 2416 3200 τοῦτον
2458 3144 2814 3217 ἀρχαιότατον
2863 3143 3097 3215 Ἀργεῖοι
3140 3138 3435 3211 νομίζουσι.
3482 3138 3586 3192 Δύο
3622 3137 3801 3192 τοίνυν

2228 3238 2257 3291 ό
2283 3236 2546 3301 Μάνεθως
2577 3239 2708 3307 ἡμῖν
2750 3236 2820 3290 τὰ
2866 3236 3098 3307 μέγιστα
3130 3233 3552 3305 μεμαρτύρηκεν
3584 3233 3650 3285 ἐκ
3691 3228 3802 3284 τῶν

2228 3327 2379 3400 παρὰ
2408 3330 2522 3391 τοῖς
2551 3328 2867 3396 Αἰγυπτίοις
2897 3326 3258 3398 γραμμάτιον·
3307 3323 3521 3396 πρῶτον
3569 3323 3668 3394 μὲν
3702 3323 3801 3391 τὴν

2227 3414 2491 3487 ἑτέρωθεν
2522 3416 2706 3485 ἄφιξιν
2728 3418 2808 3480 εἰς
2833 3415 3129 3485 Αἴγυπτον,
3157 3413 3347 3466 ἔπειτα
3379 3413 3435 3466 δέ
3464 3411 3561 3482 τὴν
3590 3410 3801 3464 ἐκεῖθεν

2226 3507 2565 3578 ἀπαλλαγὴν,
2587 3506 2759 3571 οὕτως
2783 3506 3016 3579 ἀρχαίαν
3038 3508 3151 3569 τοῖς
3171 3504 3381 3574 χρόνοις
3403 3503 3478 3566 ὡς
3504 3501 3670 3571 ἐγγύς
3694 3515 3799 3553 που

2226 3598 2511 3666 προτερεῖν
2545 3595 2714 3665 αὐτὴν
2737 3594 2847 3649 τῶν
2891 3594 3134 3648 Ἰλιακῶν
3159 3593 3303 3646 ἔτεσι
3333 3592 3538 3663 χιλίοις.
3571 3609 3591 3643 ι
3640 3588 3798 3643 Ἀλλά

2224 3684 2293 3738 τά
2321 3686 2418 3756 μὲν
2446 3684 2553 3738 ἀπὸ
2580 3684 2680 3754 τῆς
2712 3685 3091 3755 Αἰγυπτιακῆς
3126 3684 3365 3755 ἰστορίας
3406 3682 3577 3755 ταύτῃ
3616 3698 3692 3750 πη
3719 3679 3798 3752 τῷ

2237 3776 2485 3847 Ἰωσήπῳ
2518 3775 2660 3829 κατὰ
2690 3775 2889 3839 πλάτος
2920 3777 3286 3848 ἀνιστόρηται·
3323 3774 3432 3829 ἀπὸ
3458 3774 3515 3826 δὲ
3547 3772 3649 3844 τῆς
3674 3773 3799 3825 Φοι-

2223 3870 2388 3926 νίκων
2412 3872 2645 3943 μάρτυσι
2667 3871 3010 3944 χρησάμενος
3038 3873 3144 3935 τοῖς
3166 3871 3233 3925 τὰ
3255 3867 3532 3924 Φοινικικά
3559 3882 3798 3937 συγγρα-

2220 3962 2506 4034 ψαμένοις,
2539 3964 2834 4035 παρίστησι
2870 3963 2963 4018 τὸν
3000 3964 3057 4018 ἐν
3094 3962 3485 4036 Ἱεροσολύμοις
3520 3959 3656 4015 νεὼν
3689 3959 3795 4013 ὑπὸ

2221 4054 2531 4126 Σολομῶνος
2568 4054 2662 4108 τοῦ
2707 4054 2970 4127 βασιλέως
3011 4054 3386 4127 ᾠκοδομῆσθαι
3425 4053 3570 4106 ἔτεσι
3603 4051 3796 4106 θᾶττον

2221 4149 2414 4204 ἑκατὸν
2438 4149 2845 4219 τεσσαράκοντα
2875 4149 2970 4203 καὶ
3000 4149 3167 4222 τρισὶ,
3197 4147 3294 4202 καὶ
3318 4146 3482 4218 μησὶν
3503 4144 3669 4210 ὀκτὼ,
3695 4142 3791 4198 τοῦ

2220 4243 2404 4297 κτίσαι
2441 4242 2675 4314 Τυρίους
2716 4243 3059 4315 Καρχηδόνα.
3101 4237 3234 4296 Εἶτα
3273 4238 3532 4312 μεταϐὰς,
3567 4238 3660 4293 καὶ
3686 4236 3795 4292 ἀπὸ

2217 4336 2317 4407 τῆς
2356 4336 2485 4407 περὶ
2512 4335 2792 4389 Χαλδαίων
2829 4335 3066 4408 ἱστορίας
3104 4334 3204 4397 τὰς
3235 4332 3365 4404 περὶ
3395 4330 3494 4403 τῆς
3528 4329 3794 4402 Ἐϐραίων

2216 4428 2572 4500 ἀρχαιότητος
2601 4427 2958 4500 παρατίθεται
2989 4427 3311 4499 μαρτυρίας.

545 4505 815 4573 ptoribus,
862 4508 1156 4566 manifesto
1214 4516 1428 4583 probat,
1481 4519 1740 4587 templum
1789 4518 2344 4593 llierosolymitanum
2387 4523 2457 4576 ab
2488 4522 2781 4576 Salomone
2835 4536 2963 4592 rege
3017 4521 3178 4577 annis
3221 4531 3438 4576 centum
3472 4528 3529 4574 et
3558 4515 3792 4589 quadra-

544 4596 692 4693 ginta
729 4597 923 4663 tribus,
953 4615 1078 4655 cum
1113 4612 1236 4657 octo
1274 4605 1495 4677 insuper
1535 4611 1840 4677 mensibus,
1876 4623 2003 4667 ante
2047 4614 2324 4669 conditam
2369 4629 2400 4668 a
2447 4612 2629 4685 Tyriis
2686 4611 3194 4684 Carthaginensem,
3235 4612 3560 4667 aediﬁcatum
3599 4608 3789 4693 fuisse.

544 4686 682 4743 Tum
724 4705 1047 4762 progressus
1081 4696 1148 4751 ad
1175 4697 1478 4766 Chaldaeos,
1515 4717 1582 4756 ex
1613 4718 1805 4758 eorum
1839 4707 2003 4761 etiam
2045 4707 2400 4763 monimentis
2446 4706 2803 4763 Hebraeorum
2840 4705 3184 4775 antiquitatis
3218 4702 3530 4760 testimonia
3574 4686 3788 4772 repetit.

1124 4789 1353 4845 CAPUT
1388 4792 1529 4849 ΧΠ.

544 4869 799 4929 Πηὶυεηα
823 4873 1491 4959 Πηείινωοιηιηιηίιίςιογὶα
1541 4887 1881 4942 recentiorem
1938 4889 2107 4959 fuisse

819 4942 1123 5003 Crwcurum
1149 4951 1577 5022 philosophorum
1614 4968 1841 5011 wtatem.

611 5096 814 5157 Verum
865 5102 1032 5171 enim,
1088 5104 1220 5176 quid
1273 5122 1438 5176 porro
1472 5108 1970 5170 demonstrationes
2018 5114 2113 5172 de-

542 5193 1033 5249 monstrationibus
1068 5198 1351 5253 cumulare
1381 5214 1605 5256 necesse
1636 5212 1740 5270 est,
1778 5218 1905 5258 cum
1947 5221 2111 5261 nemo

540 5282 634 5348 sit,
679 5282 774 5351 qui
810 5285 976 5340 modo
1008 5288 1255 5344 veritatis
1303 5292 1577 5346 amantior
1610 5307 1734 5349 esse
1764 5296 1913 5360 velit,
1948 5312 2114 5367 quam

609 5409 635 5438 ι
674 5397 789 5454 Jns.
834 5399 1082 5472 'Aﬁapw.

537 5487 721 5621 0mg?
768 5493 1323 5562 Μισφραγούθωσις.
1403 5496 1629 5569 Joseph.

609 5630 1114 5715 (Ι116)ἥρμούθωονιν⁸
1165 5633 1385 5715 .loseph.
1429 5638 1751 5712 Θούμωσιν,
1782 5659 1941 5712 quem
1979 5660 2099 5715 pag.

539 5694 564 5748 1
613 5698 640 5751 ι
653 5699 669 5749 ι
682 5694 709 5765 ,’
727 5694 1008 5771 Τέθμωσιν
1040 5707 1287 5773 appellat.

1712 5501 2107 5576 ’Λλισφραγού-

2735 4800 3132 4854 ΚΕΦΑΛΑΙΟΝ
3179 4801 3275 4852 ΙΔ’.

2228 4892 2322 4959 Ὠς
2346 4891 2590 4959 ἁπάσης
2610 4889 2721 4959 τῆς
2744 4893 2882 4960 παρ’
2921 4892 3197 4959 Ἑϐραίοις
3231 4892 3497 4957 ἱστορίας
3522 4886 3793 4960 νεώτεροι

2288 4957 2679 5031 τυγχάνουσι
2702 4957 2837 5016 τῶν-⁷
2870 4957 3023 5031 παρν
3054 4962 3310 5028 Ἕλλησι
3352 4960 3703 5029 φιλοσόφων
3737 4957 3793 5009 οἰ

2289 5032 2518 5101 χρόνοι.

2302 5121 2461 5175 Ἀλλά
2495 5123 2546 5175 τί
2572 5122 2651 5177 δεῖ
2673 5122 2875 5192 πλῆθος
2905 5125 3025 5188 ταῖς
3055 5121 3389 5189 ἀποδείξεσιν
3414 5118 3789 5191 ἐπισωρεύειν,

2216 5215 2309 5269 τοῦ
2344 5216 2689 5288 φιλαλήθους,
2737 5218 2872 5272 ἀλλὰ
2917 5217 2990 5290 μὴ
3031 5215 3502 5287 φιλαπεχθήμονος
3547 5214 3643 5267 καὶ
3680 5215 3793 5274 τοῖς

2214 5307 2525 5380 εἰρημένοις
2547 5308 2908 5381 ἀρκουμένου,
2939 5309 3188 5380 ποικίλην
3211 5307 3523 5380 περιέχουσι
3541 5306 3641 5378 τὴν
3666 5324 3730 5359 πε
3741 5309 3793 5376 pi.

2289 5503 2398 5577 (ίῖ)
2422 5508 2799 5574 Πολιορκίαγ.
2829 5505 3049 5576 Repone
3080 5506 3414 5577 πολιορκίας,
3439 5521 3504 5561 ex
3529 5505 3786 5576 Iosepao.

2285 5574 2401 5646 (l8)
2437 5577 2625 5646 Ταῦτα
2644 5577 2780 5645 μέν,
2811 5574 2925 5631 etei
2950 5577 3050 5630 Adi
3084 5574 3303 5646 Ioseph.
3338 5593 3458 5646 pag.
3488 5578 3647 5646 1041.

2282 5645 2396 5714 (19)
2438 5642 2809 5713 Ἀπῴκήσαν.
2852 5642 3246 5714 Corrigendutit
3290 5642 3355 5700 ei
3404 5644 3640 5715 Josepho
3692 5642 3788 5692 ἐπ-

2206 5714 2446 5783 ῴκησαν,
2475 5716 2580 5771 nisi
2615 5717 2770 5772 malis
2802 5719 2881 5780 εἰς
2905 5716 3003 5787 τὴν
3028 5716 3211 5787 χώραν
3239 5734 3290 5772 τ.
3327 5716 3506 5786 ἀπῴκ.
