4194 6452
423 342 525 396 857

1642 336 1963 394 ΡΒᾹΖΡΑΒ.
2006 334 2260 393 EVANG.
2302 338 2429 392 LIB.
2474 338 2542 393 Χ.

3575 348 3680 403 858

421 460 517 516 τοῦ
558 475 920 531 προκειμενου
974 458 1268 525 σύστασιν;
1319 457 1617 531 Προῢκειτο
1655 458 1713 511 δὲ
1758 459 1892 529 ἡμῖν
1938 455 1992 509 τέ

2111 457 2508 512 malevolentiae
2553 456 2830 520 tenacior,
2890 458 2977 512 cui
3040 474 3149 514 non
3198 460 3461 518 hactenus
3510 463 3678 519 allata

419 553 667 617 Μωσέως
708 555 805 606 καὶ
833 552 944 605 τῶν
1002 552 1301 625 προφητῶν
1332 552 1638 624 παλαίτερα
1665 552 1778 604 τῶν
1817 550 2005 621 Ἐλλη-

419 647 588 704 νικῶν
612 645 912 711 ὰποδεῖξαι.
951 645 1167 717 Ἐπειδὴ
1200 645 1379 698 τοίνυν
1404 644 1514 716 (20)
1548 644 1743 717 μακρῷ
1771 642 2004 716 πρόσθεν

419 741 532 795 τῶν
576 739 838 811 Τρωῖκῶν
883 738 1086 808 Μωσῆς
1117 736 1386 806 ’γεγονὼς
1432 736 1831 801 ἀποδέδεικται,
1882 736 2003 808 φέρ’

423 834 624 904 ἴδωμεν
654 831 750 885 καὶ
779 832 906 895 τοὺς
942 833 1059 902 μετ’
1090 830 1253 883 αὑτὸν
1311 829 1576 892 ἅπαντας.
1613 828 1819 900 Μωσῆς
1845 828 1888 881 δ’
1921 829 2003 881 ὅτι

420 942 532 978 τω)
571 924 701 996 πρὶν
742 923 960 993 ἀληθῶς
1001 921 1265 994 Ἐϐραίων
1301 921 1470 993 Ἔϐερ
1500 938 1559 974 τε
1590 922 1684 974 καὶ
1727 919 1998 991 Ἀϐραὰμ,

421 1019 515 1088 ἀφ’
540 1012 615 1072 ὧν
648 1017 742 1071 καὶ
767 1017 829 1069 τὸ
862 1017 1192 1089 παρώνυμον
1222 1018 1336 1079 τοῖς
1364 1014 1622 1087 ἀνδράσιν
1646 1014 1998 1081 ἐπιτέθειται,

417 1109 527 1163 τῶν
551 1126 610 1161 τε
632 1106 838 1162 λοιπῶν
860 1107 1128 1177 θεοφιλῶν
1150 1124 1211 1160 τε
1231 1107 1324 1160 καὶ
1344 1105 1588 1161 παλαιῶν
1611 1107 1819 1177 ἀνδρῶν
1839 1106 2002 1160 ὕστα-

415 1219 509 1265 τος
528 1205 641 1265 τοῖς
660 1202 870 1273 χρόνοις
894 1202 1184 1273 παρεφάνη
1203 1199 1283 1271 τῷ
1305 1199 1426 1270 βίῳ,
1453 1200 1608 1270 δῆλον
1633 1200 1740 1253 ἀπὸ
1759 1201 1855 1272 τῆς
1876 1202 1998 1254 κατ’

416 1294 579 1348 αὐτὸν
598 1294 836 1363 ἱστορίας
854 1293 1130 1364 τυγχάνει.
1162 1291 1319 1345 Μετὰ
1340 1292 1544 1345 Μωσέα
1554 1291 1733 1346 τοίνυν
1757 1292 1995 1364 προέστη

414 1383 507 1437 τοῦ
537 1383 807 1437 Ἰουδαίων
833 1382 1016 1446 ἔθνους
1054 1381 1280 1452 Ἰησοῦς,
1309 1381 1385 1446 ῶς
1414 1400 1577 1448 τινες,
1606 1381 1750 1435 ἔτεσι
1771 1382 1834 1435 λ’.
1857 1379 1993 1448 Εἶθ’,

415 1472 491 1536 ῶς
514 1489 678 1543 φησιν
697 1474 729 1543 ὴ
760 1472 971 1545 Γραφὴ,
998 1472 1306 1545 ἐκράτησαν
1327 1472 1611 1542 ἀλλόφυλοι
1636 1471 1811 1526 ἔτεσιν
1830 1472 1991 1527 ὀκτώ·

417 1567 610 1620 ἔπειτα
636 1565 890 1636 Γοθονιὴλ
917 1564 1060 1619 ἔτεσι
1094 1566 1453 1636 πεντήκοντα·
1502 1564 1621 1636 μεθ’
1658 1563 1718 1619 ὃν
1755 1563 1993 1636 Ἐγλὼμ,

420 1652 671 1724 βασιλεὺς
696 1654 891 1719 Μωὰϐ,
910 1653 1004 1725 ἔτη
1036 1660 1123 1726 t-q"
1155 1653 1274 1726 μεθ’
1300 1654 1359 1708 δν
1399 1653 1551 1707 Ἀὼδ“
1575 1655 1670 1726 ἐτη
1694 1662 1768 1708 π’·
1796 1655 1913 1726 μεθ’
1936 1655 1994 1709 ὃν

414 1742 577 1796 πάλιν
599 1742 884 1813 ἀλλόφυλοι
901 1743 995 1815 ἐτη
1015 1749 1084 1797 κ’·
1102 1742 1198 1797 ἕπε
1208 1761 1294 1798 ιτα
1312 1743 1538 1815 Δεϐώρα
1558 1745 1653 1797 καλ⁵
1668 1744 1879 1817 Βαράκ,
1896 1743 1993 1817 ἔτη
2030 1797 2070 1851 Β

416 1839 470 1908 μ’
485 1851 500 1866 ο
528 1835 718 1888 ἔπειτα
738 1834 1061 1905 Μαδιηναῖοι
1088 1834 1182 1906 ἔτη
1205 1835 1249 1900 ζ’
1272 1850 1286 1865 ’
1331 1833 1524 1889 ἔπειτα
1550 1833 1756 1888 Γεδεὼν
1785 1833 1880 1906 ἔτη
1906 1840 1958 1907 μ’
1977 1851 1991 1866 ⁶

425 1916 715 1997 Ἀϐιμέλεχ
738 1926 832 1998 ἐτη
860 1932 910 1997 γ’
927 1942 942 1957 ·
977 1925 1137 1979 Θωλὰ
1162 1932 1247 1995 κγ’
1268 1941 1284 1956 ·
1320 1925 1484 1997 Ἰαεὶρ
1505 1924 1588 1994 κβ¹
1607 1941 1622 1955 ⁸
1667 1925 1993 1997 Ἀμμανῖται

414 2025 485 2090 ιη’
505 2037 519 2051 ο
559 2018 768 2089 Ἰεφθάε
803 2018 899 2089 ἔτη
931 2025 984 2084 ς’
1004 2035 1020 2050 ο
1062 2016 1269 2072 Ἐσϐὼν
1301 2016 1398 2088 ἐτη
1430 2016 1472 2082 ζ’
1493 2034 1507 2048 ο
1552 2016 1766 2071 Αίαλὼν
1803 2016 1900 2088 ἔτη
1928 2024 1990 2071 ι’·

412 2109 638 2165 Λαϐδὼν
659 2110 754 2182 ἔτη
793 2116 873 2182 η’·
920 2109 1204 2179 ἀλλόφυλοι
1249 2109 1344 2182 ἕτη
1374 2116 1454 2181 μ’·
1504 2108 1741 2181 Σαμψὼν
1787 2108 1883 2181 ἔτη
1907 2114 1955 2163 κ’
1974 2125 1989 2140 ⁸

412 2200 603 2254 ἔπειτα
635 2199 786 2254 Ἠλεὶ
819 2202 1017 2272 ἱερεὺς,
1058 2200 1133 2264 ὡς
1172 2200 1232 2254 τὸ
1272 2199 1577 2271 Ἐϐραῖκὸν,
1616 2199 1710 2272 ἔτη
1755 2207 1833 2273 μ⁸’
1866 2201 1994 2271 περὶ

412 2290 472 2347 ὃν
496 2290 784 2362 συμϐαίνει
808 2292 907 2365 τὴν
937 2291 1091 2345 Ἰλίου
1116 2292 1392 2363 καταντᾷν
1408 2291 1614 2345 -ἆλωσιν
1631 2308 1645 2322 ·
1679 2290 1821 2363 μετὰ
1846 2291 1994 2346 Ἠλεὶ

412 2384 506 2437 τὸν
528 2384 687 2455 ἱερέα
703 2385 919 2455 ήγεῖται
943 2384 1037 2436 τοῦ
1066 2383 1196 2436 λαοῦ
1226 2382 1513 2455 Σαμουήλο
1550 2384 1667 2455 μεθ’
1693 2384 1751 2438 ὃν
1777 2384 1992 2457 πρῶτος

414 2476 593 2532 αὐτῶν
616 2474 889 2545 βασιλεύει
906 2476 1077 2530 Σαοὺλ
1092 2476 1235 2529 ἔτεσι
1261 2484 1332 2547 μ’·
1352 2476 1540 2529 ἔπειτα
1552 2476 1731 2540 Δαϐὶδ,
1747 2476 1891 2529 ἔτεσι
1913 2483 1987 2548 μ’·

415 2567 603 2622 ἔπειτα
644 2566 894 2637 Σολομὼν
922 2567 1065 2620 ἔτεσι
1089 2572 1160 2638 μη
1189 2567 1249 2631 ὃς
1278 2569 1372 2622 καὶ
1404 2568 1496 2621 τὸν
1516 2570 1573 2620 ἐν
1602 2567 1992 2640 Ἰεροσολύμοις

414 2658 542 2712 ναὸν
576 2658 828 2731 ἐδείματο
861 2659 1094 2730 πρῶτος.
1114 2658 1271 2715 Μετὰ
1301 2658 1359 2711 δέ
1385 2656 1674 2728 Σολομῶνα
1717 2657 1989 2729 βασιλεύει

423 2747 660 2820 Ῥοίοὰμ
685 2750 778 2822 ἐτη
802 2750 864 2814 ιζ’
880 2766 893 2779 ο
914 2749 1067 2803 Ἀϐιὰ
1083 2748 1239 2820 ἔτηγ¹
1258 2766 1271 2779 ·
1289 2750 1430 2802 Ἀσα
1455 2748 1551 2821 ἔτη
1580 2756 1669 2821 μα’
1690 2767 1704 2780 ·
1722 2746 1988 2818 Ἰωσαφὰθ

412 2839 507 2912 ἔτη
536 2847 614 2893 κε’
634 2858 647 2871 ·
666 2841 868 2913 Ἰωρὰμ
892 2840 987 2911 ἔτη
1016 2847 1066 2912 η’
1081 2858 1092 2871 ο
1123 2840 1367 2912 Ὀχοζίας
1388 2841 1509 2905 ἔτος
1537 2846 1586 2895 α’
1607 2859 1620 2872 ·
1647 2842 1686 2893 Γ
1688 2840 1871 2896 οθολιὰ
1893 2842 1987 2912 ἐτη

411 2933 457 2998 ξ’
479 2948 492 2961 ⁸
523 2931 673 2996 Ἰωὰς
705 2932 801 3002 ἐτη
838 2938 923 3003 μ’·
965 2933 1231 3003 Ἀμασίας
1254 2932 1349 3005 ἐτη
1382 2933 1488 3004 μθό
1531 2932 1711 2998 Ὀζίας
1749 2932 1842 3005 ἔτη
1874 2932 1986 3003 νβι.

410 3022 533 3078 καθ’
590 3023 648 3077 ὃν
695 3022 1129 3095 προφητεύουσιν
1193 3024 1387 3096 Ὠσηὲ,
1448 3024 1665 3096 Ἀμώς,
1725 3025 1984 3091 Ἡσαΐας,

2108 549 2397 608 suiliciant,
2415 548 2615 618 quibus
2645 558 2753 602 tam
2798 550 2945 602 varia
2978 556 3200 620 tamque
3234 554 3516 623 multiplex
3553 571 3679 611 sus-

2105 638 2245 708 cepti
2290 637 2594 701 argumenti
2639 639 2891 707 probatio
2936 640 3285 695 continetur?
3333 640 3392 696 Si
3453 645 3675 713 quidem

2105 730 2159 783 id
2199 730 2517 800 agebamus,
2568 740 2629 783 ut
2669 728 2839 784 Mosis
2892 732 3390 803 prophetarumque
3432 742 3677 804 tempora

2105 818 2422 874 Graecorum
2458 820 2623 875 rebus
2654 820 2963 890 antiquiora
2999 836 3120 877 esse
3151 824 3674 881 demonstraremus.

2102 909 2258 966 Nunc
2283 911 2467 982 igitur,
2513 913 2773 981 quoniam
2806 914 3057 968 eumdem
3104 913 3312 971 Mosem
3348 918 3509 988 longe
3549 927 3678 972 ante

2102 1002 2400 1075 Trojanum
2454 1003 2659 1058 bellum
2710 1004 2961 1060 ﬂoruisse
3010 1009 3389 1074 ostendimus,
3436 1026 3534 1079 age
3580 1013 3676 1081 qui

2101 1105 2225 1168 post
2281 1113 2410 1153 eum
2451 1097 2625 1153 secuti
2667 1106 2829 1164 sunt,
2880 1100 3120 1170 reliquos
3163 1102 3329 1156 etiam
3372 1117 3563 1158 omnes
3593 1105 3677 1158 vi—

2100 1188 2348 1242 deamus.
2397 1186 2609 1259 Quippe
2646 1188 2850 1245 Moscm
2893 1191 3039 1245 enim
3084 1193 3228 1247 veris
3276 1193 3383 1248 illis
3419 1192 3675 1249 Hebraeo-

2098 1294 2220 1333 rum
2259 1280 2599 1350 principibus
2636 1281 2846 1337 Hebere
2873 1293 3038 1353 atque
3067 1283 3402 1351 Abrahamo,
3441 1285 3534 1355 qui
3570 1287 3676 1343 hoc

2101 1372 2346 1428 nominis
2388 1372 2575 1443 generi
2626 1373 2897 1429 dederunt
2952 1390 3092 1443 suo;
3144 1392 3246 1431 nec
3282 1377 3390 1432 illis
3425 1387 3669 1446 tantum,

2096 1464 2192 1518 sed
2234 1466 2397 1518 etiam
2434 1465 2557 1520 aliis
2595 1467 2851 1522 omnibus
2901 1467 2977 1521 uti
3030 1467 3142 1522 Deo
3189 1469 3551 1535 charissimis,
3589 1471 3664 1526 ita

2096 1556 2257 1627 longe
2282 1558 2693 1625 vetustissimis,
2733 1558 3012 1629 juniorem
3044 1575 3109 1614 ac
3134 1562 3485 1631 posteriorem
3534 1562 3672 1619 fuis—

2097 1664 2190 1716 se,
2233 1650 2319 1704 vel
2351 1665 2419 1705 ex
2465 1651 2701 1720 ipsamet
2738 1651 2860 1720 ejus
2891 1651 3123 1708 historia
3163 1653 3531 1708 clarissimum
3563 1665 3666 1711 est.

2093 1742 2313 1799 Primus
2361 1760 2493 1816 ergo
2539 1754 2663 1816 post
2714 1744 2918 1800 Mosem
2967 1743 3213 1801 Iudaicae
3257 1745 3403 1815 genti
3450 1744 3673 1815 praefuit

2095 1833 2279 1900 Jesus,
2313 1838 2472 1891 annis
2505 1845 2567 1890 ut
2606 1837 2887 1892 nonnullis
2922 1836 3121 1907 placet,
3160 1837 3403 1907 triginta.
3442 1836 3669 1904 Deinde,

2095 1936 2158 1983 ut
2203 1926 2487 1997 Scriptura
2529 1936 2796 1996 testatur,
2837 1928 3013 1983 eidem
3053 1929 3371 2000 alienigenae
3411 1936 3536 1983 octo
3577 1927 3674 1983 do-

2095 2020 2289 2074 minati
2328 2029 2475 2075 sunt.
2522 2018 2661 2074 Tum
2697 2019 2991 2075 Gothoniel
3037 2020 3198 2075 annis
3247 2019 3667 2089 quinquaginta.

2096 2110 2227 2166 Post
2252 2111 2397 2166 hunc
2425 2109 2617 2182 Eglom
2652 2126 2745 2165 rex
2772 2111 2951 2176 Moab,
2988 2111 3147 2165 annis
3178 2111 3500 2166 octodecim.
3527 2109 3666 2164 Tum

2093 2201 2233 2270 Aod,
2284 2204 2446 2258 annis
2489 2204 2805 2274 octoginta:
2853 2214 2979 2274 post
3023 2218 3185 2273 quem
3232 2203 3429 2257 iterum
3476 2202 3671 2257 alieni-

2094 2309 2245 2364 genae
2280 2295 2441 2350 annis
2483 2295 2698 2366 viginti.
2748 2295 2955 2352 Deinde
2980 2295 3315 2365 praefuerunt
3351 2294 3562 2349 Debora
3601 2294 3672 2349 si-

2094 2385 2209 2440 tnul
2240 2394 2295 2440 et
2344 2385 2513 2440 Barac
2555 2388 2715 2442 annis
2759 2387 3144 2458 quadraginta.
3178 2386 3337 2458 503
3386 2386 3524 2440 Tum
3563 2386 3673 2440 Ma-

2093 2475 2317 2531 dianitae
2348 2477 2509 2531 annis
2554 2485 2781 2544 septem.
2824 2476 3018 2531 Postea
3053 2476 3274 2532 Gedeon
3325 2476 3485 2531 annis
3532 2494 3672 2547 qua-

2093 2568 2386 2639 draginta:
2423 2568 2738 2625 Abimcleclt
2777 2571 2936 2625 annis
2961 2571 3157 2636 tribus,
3194 2567 3367 2624 Thola
3399 2570 3574 2624 tribus
3612 2579 3669 2624 et

2092 2661 2326 2732 viginti,
2377 2659 2493 2715 Jair
2532 2661 2750 2717 duobus
2796 2672 2850 2717 et
2890 2661 3102 2732 viginti,
3158 2661 3482 2715 Ammanitae
3515 2670 3669 2717 octo-

2091 2752 2301 2818 decim,
2352 2751 2588 2823 Jephthe
2633 2769 2764 2817 sex,
2809 2753 2990 2809 Esbon
3034 2761 3275 2823 septem,
3327 2751 3521 2806 JEalon
3573 2754 3668 2807 de-

2091 2858 2233 2908 cem,
2265 2841 2489 2899 Labdon
2525 2851 2672 2910 octo,
2710 2843 3042 2913 Alienigena
3079 2842 3462 2912 quadraginta,
3501 2840 3665 2895 Sam-

2091 2949 2192 2990 son
2241 2936 2469 3009 viginti;
2512 2946 2624 2991 tum
2678 2935 2794 2991 Heli
2835 2934 3114 3000 sacerdos,
3159 2942 3219 2989 ut
3262 2933 3538 2989 Hebraicaa
3583 2934 3666 2989 lit-

2094 3035 2225 3082 term
2253 3028 2414 3083 ﬁdem
2447 3027 2675 3093 faciunt,
2710 3027 2871 3083 annis
2902 3025 3262 3096 quadraginta
3290 3040 3304 3080 :
3336 3025 3497 3096 cujus
3526 3033 3664 3081 tem-

421 3117 627 3179 Ἰωνᾶς.
656 3116 813 3170 Μετὰ
843 3116 901 3169 δὲ
948 3115 1130 3179 Ὀζίαν
1164 3115 1436 3187 βασιλεύει
1475 3117 1712 3189 ἰωάθαμ
1740 3117 1835 3188 ἔτη
1876 3124 1984 3184 ιςὀ

2091 3136 2222 3194 pore
2253 3131 2473 3191 captum
2519 3132 2603 3178 est
2644 3120 2824 3175 Ilium.
2865 3119 2997 3175 Post
3023 3118 3140 3174 Heli
3173 3120 3532 3184 sacerdotem,
3563 3133 3663 3189 po-

409 3206 533 3279 μεθ’
564 3208 622 3261 ὃν
653 3208 828 3278 ’Δχαξ
852 3207 944 3279 ἔτη
979 3214 1073 3274 ις’.
1103 3207 1258 3262 Κατὰ
1279 3208 1468 3264 τοῦτον
1497 3211 1529 3280 ή
1557 3209 1747 3282 πρώτη
1787 3210 1986 3281 Ὀλυμ-

406 3300 538 3363 πιὰς
562 3300 702 3371 ἤχθη
724 3340 739 3366 ,
770 3301 838 3372 ἢν
878 3300 1035 3354 ἐνίκα
1065 3300 1277 3353 στάδιον
1310 3301 1551 3372 Κόροϐος
1599 3302 1823 3366 Ἠλεῖος.
1858 3304 1987 3358 Δια-

406 3392 619 3465 δέχεται
657 3393 713 3447 δὲ
744 3394 836 3446 τὸν
885 3392 1067 3465 Ἀχαζ
1121 3394 1369 3459 Ἐζεκίας
1417 3393 1561 3447 ἔτεσι
1604 3393 1719 3448 κθν·
1763 3394 1885 3449 καθ’
1927 3395 1986 3449 ὃν

420 3485 696 3557 Ῥωμύλος
735 3485 954 3558 Ῥώμην
988 3487 1202 3550 ἔκτισε,
1233 3486 1327 3540 καὶ
1359 3485 1693 3539 ἐϐασίλευσε.
1729 3486 1885 3541 Μετὰ
1927 3487 1986 3541 δὲ

418 3577 667 3643 Ἐζεκίαν
697 3577 971 3648 βασιλεύει
997 3578 1295 3648 Μανασσῆς
1311 3577 1417 3650 ,ἔτη
1441 3584 1511 3631 νε¹
1531 3596 1544 3608 ·
1581 3577 1769 3632 ἔπειτα
1805 3578 1987 3650 Ἀμὼν

406 3666 501 3740 ἔτη
538 3666 612 3738 β’·
645 3666 834 3720 ἔπειτα
868 3667 1074 3731 Ἰωσίας
1105 3667 1200 3739 ἔτη
1229 3666 1337 3721 λα”
1371 3667 1492 3722 καθ’
1519 3665 1578 3721 ὃν
1610 3668 1985 3739 προφητεύου-

408 3776 493 3815 σιν
528 3760 817 3832 Ἱερεμίας,
850 3761 1087 3833 Βαροὺχ,
1126 3760 1304 3824 Ὀλ6ᾶ,
1336 3760 1431 3812 καὶ
1477 3759 1627 3815 ἄλλοι
1666 3760 1984 3833 προφῆται*

407 3852 596 3907 ἔπειτα
633 3852 864 3923 Ἰωὸιχαιζ,⁹
892 3853 1064 3923 μῆνας
1091 3859 1139 3922 γ’
1158 3870 1172 3884 ’
1220 3852 1338 3924 μεθ’
1370 3853 1430 3908 ὃν
1461 3853 1721 3923 ’Ῑωακεὶμ
1749 3851 1842 3923 ἔτη
1879 3860 1947 3906 ια’
1967 3870 1980 3882 ·

409 3948 528 4020 μεθ’
553 3948 613 4002 ὂν
642 3946 864 4001 πάντων
894 3946 1121 4012 ὕστατος
1148 3947 1400 4012 Σεδεκίας
1431 3946 1526 4017 ἔτη
1565 3946 1651 4000 ιϐ’.
1682 3944 1840 3999 Κατὰ
1866 3944 1988 3999 τοῦ-

403 4055 496 4092 τον
527 4036 980 4109 πολιορκηθείσης
1012 4038 1112 4109 τῆς
1144 4038 1499 4110 Ἰερουσαλὴμ
1525 4037 1631 4090 ὑπὸ
1663 4035 1983 4107 Ἀσσυρίων,

404 4129 502 4183 καὶ
553 4127 648 4181 τοῦ
698 4128 851 4202 ἱεροῦ
907 4130 1237 4201 ἐμπρησμὸν
1292 4131 1719 4202 ὑπομείναντος,
1766 4130 1828 4183 τὺ
1878 4130 1986 4184 πᾶν

416 4220 686 4276 Ἰουδαίων
711 4220 861 4286 ἔθνος
893 4221 1166 4291 ἀπάγεται
1198 4223 1279 4286 είς
1306 4220 1621 4275 Βαϐυλῶνα.
1645 4220 1985 4292 Προφητεύει

403 4315 461 4370 δὲ
488 4314 677 4370 αὐτόθι
714 4314 912 4385 Δανιὴλ
955 4316 1049 4369 καὶ⁸
1086 4312 1357 4385 Ἐζεκιήλ.
1392 4312 1549 4367 Μετὰ
1590 4310 1649 4367 δὲ
1689 4311 1827 4366 ἐτῶν
1865 4313 1987 4385 ἀρι-

406 4408 542 4480 θμὸν
570 4413 611 4460 ο¹
637 4407 666 4459 ὁ
697 4404 880 4479 Κῦρος
909 4404 1181 4477 βασιλεύει
1213 4403 1461 4475 Περσῶν,
1487 4403 1546 4468 ὃς
1578 4403 1673 4456 καὶ
1700 4403 1861 4472 ἐνῆκε
1884 4402 1984 4474 τὴν

2087 3215 2219 3286 pulo
2270 3214 2493 3269 Samuel
2538 3213 2847 3284 imperavit.
2894 3209 3051 3267 Hunc
3097 3209 3230 3265 Saul
3277 3226 3371 3265 rex
3416 3212 3661 3265 omnium

2086 3307 2302 3378 primus
2349 3307 2599 3376 excepit,
2654 3304 3010 3375 regnavitque
3073 3302 3234 3357 annis
3281 3301 3662 3373 quadraginta.

2088 3399 2228 3453 Tum
2262 3398 2430 3454 David
2465 3397 2624 3452 annis
2669 3394 2927 3451 totidem:
2959 3393 3085 3448 inde
3118 3392 3374 3448 Salomon
3414 3392 3663 3455 totidem,

2086 3492 2183 3563 qui
2222 3492 2435 3562 primus
2475 3488 3027 3561 Hierosolymitanum
3073 3468 3333 3555 templum
3371 3486 3663 3540 exstruxit.

2085 3582 2219 3639 Post
2292 3581 2677 3649 Salomonem,
2731 3581 2976 3635 Roboam
3025 3578 3188 3632 annis
3245 3577 3660 3647 septemdecim,

2085 3674 2225 3729 Abia
2284 3674 2446 3728 annis
2499 3673 2694 3739 tribus,
2745 3671 2852 3727 Asa
2903 3686 3013 3726 uno
3058 3678 3113 3725 et
3147 3667 3530 3738 quadraginta,
3577 3665 3666 3719 Jo-

2087 3768 2285 3838 saphat
2344 3766 2537 3836 viginti
2597 3767 2875 3835 quinque,
2953 3761 3136 3818 Joram
3186 3769 3343 3827 octo,
3395 3759 3662 3814 Ocliosias

2085 3871 2234 3911 anno
2284 3855 2553 3911 duntaxat
2598 3870 2740 3915 .uuo,
2781 3852 3036 3908 Gotholia
3073 3858 3302 3920 septem,
3347 3847 3476 3903 Joas
3518 3863 3658 3917 qua-

2084 3948 2356 4019 draginta,
2387 3947 2644 4002 Amasias
2678 3960 2785 4015 qua
2807 3945 3038 4014 lraginta
3076 3958 3293 4007 novem,
3321 3940 3483 3996 Ozias
3513 3940 3656 3994 duos

2085 4049 2139 4094 ct
2164 4039 2583 4110 quinquaginta,
2611 4037 2770 4107 cujus
2814 4044 3059 4106 tempore
3083 4035 3241 4101 Osee,
3266 4035 3455 4095 Amos,
3484 4030 3655 4086 lsaias

2084 4141 2141 4187 et
2180 4130 2349 4186 Jonas
2396 4131 2814 4200 pr0pltetarunt.
2851 4124 2981 4183 Pest
3019 4126 3206 4181 Oziam
3255 4124 3500 4196 regnavit
3533 4122 3662 4179 Joa-

2087 4226 2238 4280 tham
2269 4222 2432 4277 annis
2474 4220 2736 4286 sedecim,
2786 4227 2899 4274 tum
2936 4217 3122 4272 Achaz
3153 4216 3397 4270 totidem.
3429 4213 3549 4281 Quo
3578 4230 3662 4267 re-

2086 4323 2290 4386 gnante
2314 4312 2493 4382 prima
2524 4309 2792 4380 Olympias
2821 4307 3091 4363 celebrata
3137 4316 3238 4371 est,
3270 4305 3326 4360 in
3354 4318 3459 4373 qua
3488 4317 3656 4357 cursu

2086 4405 2219 4459 vicit
2272 4402 2523 4457 Corobus
2574 4400 2761 4456 Eleus.
2812 4398 2946 4454 Post
2996 4398 3181 4453 Achaz
3226 4395 3477 4466 regnavit
3519 4392 3657 4449 Eze-

404 4498 779 4571 αἰχμαλωσίαν
807 4498 914 4552 τῶν
958 4497 1246 4561 Ἰουδαίων,
1276 4496 1576 4567 ἐπιτρέψας
1601 4498 1713 4559 τοῖς
1741 4494 1984 4548 θέλουσιν

2091 4497 2242 4553 chias
2286 4495 2446 4550 annis
2502 4492 2693 4564 viginti
2747 4505 2979 4546 novem:
3038 4489 3199 4559 cujus
3255 4496 3498 4556 tempore
3545 4484 3658 4539 Ro-

405 4590 582 4644 αὑτῶν
610 4589 950 4643 παλινοστεῖν
984 4589 1077 4642 ἐπὶ
1108 4590 1207 4660 τὴν
1234 4588 1442 4641 οἰκείαν
1467 4588 1591 4658 γῆν,
1626 4586 1721 4640 καὶ
1748 4587 1809 4639 τὸ
1838 4586 1982 4656 ἱερὸν

405 4680 738 4753 ἀνεγείρεινο
780 4681 872 4734 ὅτε
912 4679 1009 4734 καὶ
1037 4680 1244 4734 ἄνεισιν
1279 4678 1487 4751 Ἰησοῦς
1525 4680 1554 4732 ὁ
1576 4678 1669 4733 τοῦ
1715 4678 1980 4742 Ἰωσεδὲκ,

404 4773 501 4827 καὶ
526 4771 827 4845 Ζοροϐάϐελ
840 4774 869 4826 ὁ
886 4770 981 4824 τοῦ
998 4768 1286 4840 Σαλαθιὴλ,
1306 4769 1731 4824 καταϐάλλονταί
1751 4787 1809 4822 τε
1830 4768 1888 4822 θε
1897 4785 1986 4840 με·

403 4859 551 4925 λίους
585 4861 1035 4933 προφητευόντων
1074 4858 1281 4913 ὕστατα
1322 4859 1541 4913 πάντων
1586 4858 1864 4927 Ἀγγαίου,
1890 4858 1987 4912 καὶ

403 4952 675 5027 Ζαχαρίου
693 4952 787 5006 καὶ
798 4953 1103 5025 Μαλαχίου,
1120 4952 1342 5023 μεθόὒς
1357 4953 1541 5006 οὐκέτι
1557 4952 1842 5023 προφήτης
1858 4967 1933 5002 πα
1941 4951 1988 5020 ρ’

404 5045 588 5109 αὐτοῖς
613 5044 986 5114 γέγονε.Κατὰ
1000 5045 1057 5098 δὲ
1072 5045 1257 5119 Κῦρον
1270 5045 1447 5098 Σόλων
1467 5044 1496 5096 ὁ
1523 5043 1802 5113 Ἀθηναῖος
1824 5044 1991 5110 ἐγνω-

407 5138 604 5210 ρίζετο,
622 5138 718 5192 καὶ
739 5139 789 5192 οἱ
814 5137 1104 5210 κληθέντες
1121 5138 1262 5192 ἑπτὰ
1284 5138 1439 5207 σοφοὶ
1461 5137 1591 5209 παρ’
1608 5135 1886 5207 Ἕλλησιν,
1914 5128 1989 5188 ὧν

404 5230 762 5303 παλαιότερος
785 5231 960 5294 οὐδεὶς
982 5233 1111 5301 παρ’
1133 5232 1316 5294 αὐτοῖς
1339 5229 1628 5300 φιλόσοφος
1657 5244 1761 5298 μνη
1771 5226 1990 5298 μονεύε-

401 5339 515 5376 ται.
549 5321 768 5374 Τούτων
795 5320 859 5394 δὴ
879 5322 990 5375 τῶν
1014 5322 1155 5376 ἑπτὰ
1184 5321 1365 5392 Θαλῆς
1392 5322 1420 5374 ὁ
1443 5319 1731 5390 Μιλήσιος,
1760 5317 1989 5387 φυσικὸς

403 5410 621 5483 πρῶτος
658 5411 928 5483 Ἐλλήνων
953 5410 1223 5480 γεγονὼς,
1259 5410 1388 5481 περὶ
1428 5407 1647 5480 τροπῶν
1694 5408 1844 5479 ἡλίου
1895 5408 1991 5461 καὶ

405 5503 720 5573 ἐκλείψεως,
769 5506 864 5560 καὶ
913 5502 1211 5574 φωτισμῶν
1253 5501 1504 5572 σελήνης,
1551 5499 1647 5553 καὶ
1699 5499 1989 5571 ἰσημερίας

406 5590 694 5668 διειλέχθη.
736 5597 985 5668 Ἐγένετο
1011 5596 1057 5649 δ’
1088 5597 1118 5648 ὁ
1160 5592 1299 5666 ἀνὴρ
1338 5593 1741 5663 ἐπισημότατος
1778 5595 1837 5648 ἐν
1877 5594 1989 5656 τοίς

2089 4590 2272 4645 mulus
2311 4597 2365 4643 et
2406 4585 2634 4642 Romam
2667 4583 2932 4647 condidit,
2972 4591 3029 4637 et
3058 4581 3325 4652 regnavit.
3361 4579 3494 4634 Post
3527 4577 3663 4632 Eze-

2089 4685 2271 4740 chiam
2308 4681 2590 4736 Manasses
2633 4677 2797 4733 annis
2846 4675 3091 4746 quinque
3140 4681 3194 4727 et
3239 4669 3658 4741 quinquaginta.

2090 4777 2295 4832 Deinde
2351 4775 2527 4829 Amon
2580 4773 2742 4828 annis
2782 4770 3036 4834 duobus,
3083 4765 3266 4821 Josias
3306 4777 3415 4818 uno
3460 4771 3514 4816 et
3556 4760 3649 4814 tri-

2088 4867 2260 4937 ginta,
2315 4865 2420 4921 sub
2474 4879 2583 4934 quo
2633 4860 2922 4924 Jeremias,
2982 4855 3215 4922 Baruch,
3274 4851 3410 4908 Olda
3462 4848 3660 4906 et-alit

2086 4958 2365 5028 propheta:
2408 4956 2728 5010 floruerunt.
2785 4951 2924 5006 Tum
2975 4948 3231 5011 Joachaz,
3262 4942 3544 4998 mensibus
3570 4941 3662 4994 tri-

2089 5045 2213 5110 bus,
2244 5044 2491 5100 Joacbim
2527 5045 2688 5099 annis
2724 5041 3001 5106 undecim,
3031 5047 3086 5092 et
3125 5034 3383 5091 Sedecias
3411 5031 3656 5087 omnium
3690 5060 3693 5061 ν

2087 5147 2403 5208 postremus
2449 5135 2764 5191 duodecim.
2814 5132 2931 5190 Sub
2991 5145 3058 5186 eo
3097 5135 3255 5197 capta
3316 5121 3655 5178 Hierusalem

2089 5228 2160 5281 ab
2189 5226 2453 5297 Assyriis,
2496 5225 2758 5294 templum
2804 5222 3113 5281 incensum,
3143 5216 3401 5270 universa
3442 5210 3655 5267 Judaao-

2086 5334 2210 5373 rum
2255 5317 2405 5372 natio
2435 5314 2764 5386 Babylonem
2801 5312 3057 5375 abducta,
3088 5307 3183 5363 ubi
3211 5303 3400 5359 Daniel
3442 5310 3496 5357 et
3519 5300 3656 5356 Eze-

2086 5409 2227 5463 chiel
2271 5407 2688 5478 prophetarunt.
2730 5403 2864 5459 Post
2904 5415 3082 5456 annos
3114 5398 3241 5452 inde
3277 5392 3656 5465 septuaginta,

2085 5502 2261 5573 Cyrus
2287 5501 2473 5556 Persis
2502 5498 2811 5570 imperavit,
2851 5494 3178 5562 Judaeosque
3218 5489 3480 5546 servitute
3524 5484 3659 5539 libe-

2085 5592 2246 5659 ravit,
2279 5590 2559 5653 omnibus,
2606 5588 2923 5657 quicunque
2950 5583 3173 5648 velient,
3204 5581 3258 5636 in
3291 5578 3527 5649 patriam
3570 5590 3655 5630 re-

480 5708 591 5779 (20)
635 5711 868 5780 Ἐπειδὴ
906 5712 1137 5775 τοίνυν,
1183 5717 1287 5765 etc.
1322 5706 1576 5766 Clemens
1619 5708 1971 5764 Alexandria.
2013 5707 2106 5764 lib.
2146 5705 2478 5772 tStromat.,
2517 5720 2638 5776 pag.
2681 5700 2808 5768 237,
2852 5699 2983 5756 edit.
3035 5690 3383 5751 Graeco-Lat.
3430 5691 3555 5749 eod.
3600 5692 3659 5746 in

409 5791 728 5849 argumento
757 5800 837 5839 vel
854 5794 1025 5839 satur.
