4156 6432
481 323 589 380 839

1046 349 1056 360 -
1119 321 1389 378 EUSEBll
1425 322 1901 379 CIESARIENSIS
1938 318 2088 377 OPP.
2129 317 2307 374 PARS
2345 317 2498 374 ll.—-
2525 317 3031 377 APOLOGETICA.

3632 322 3738 378 8.ίο

483 438 684 494 deundi
719 437 1012 509 templique
1047 438 1385 494 instaurandi
1416 450 1683 510 potestate
1724 440 2051 496 facta.Cum

2166 437 2402 510 Ἕλλησι.
2434 439 2608 493 Θαλοῦ
2636 441 2693 494 δὲ
2732 440 2942 507 γίνεται
2971 437 3243 508 ἀκουστὴς
3289 436 3733 513 Ἀναξίμανδρος,

481 533 647 586 etiam
707 531 868 587 Jesus
924 528 1171 586 Josedeci
1200 571 1215 595 ,
1267 540 1323 587 et
1383 530 1685 587 Zorobabel
1738 532 2053 587 Salathiel-is

483 622 630 678 ﬁlius
673 632 1035 686 reverterunt,
1077 625 1314 694 novique
1354 625 1539 694 templi
1583 623 1935 679 fundamenta
1966 638 2051 690 po-

483 722 735 780 suerunt,
774 729 883 783 quo
919 723 1157 783 tempore
1201 716 1451 786 Aggaeus,
1506 715 1801 772 Zacharias
1851 726 1905 772 et
1942 716 2055 770 Ma-

482 804 691 858 lachias
761 805 1004 858 omnium
1066 807 1347 860 novissimi
1398 809 1830 879 prophetabaut,
1878 808 2053 862 nemi-

483 907 606 945 nem
664 894 809 946 enim
855 903 976 963 post
1030 894 1151 950 illos
1196 893 1369 949 Judaei
1423 900 1745 969 pr0phetam
1790 900 2049 953 habuere.

480 983 601 1038 Jam
656 983 798 1056 Cyro
847 997 1109 1056 regnante
1158 986 1323 1043 Solon
1368 990 1758 1052 Atheniensis.
1805 1006 2055 1062 quosque

482 1082 690 1142 septem
736 1075 1011 1143 sapientes
1058 1075 1237 1132 Graeci
1283 1089 1503 1145 vocant,
1552 1079 1807 1146 ﬂoruere,
1852 1081 2054 1150 quibus

482 1184 616 1223 sane
663 1169 926 1222 vetustior
966 1171 1108 1237 apud
1152 1185 1249 1226 eos
1292 1173 1658 1242 philosophus
1710 1189 1871 1228 nemo
1910 1174 2053 1229 cele-

483 1259 691 1313 bratur.
726 1257 805 1312 Ex
842 1259 911 1313 iis
945 1257 1144 1315 Thales
1169 1260 1412 1317 Milesius
1438 1264 1691 1332 princeps
1733 1265 1873 1318 inter
1901 1264 2054 1319 Grec-

480 1365 578 1404 cos
622 1350 688 1404 de
733 1352 897 1404 rebus
937 1352 1280 1406 naturalibus
1316 1354 1692 1423 philosophari
1731 1355 1915 1425 cmpit,
1953 1357 2052 1411 de-

480 1457 590 1512 que
631 1442 766 1497 solis
795 1444 1272 1509 conversionibus,
1305 1444 1467 1517 504
1503 1446 1753 1515 lunaeque
1799 1463 1923 1501 cum
1965 1448 2055 1503 de-

481 1534 735 1602 fectione,
772 1545 885 1591 tum
917 1537 1303 1601 illustratione,
1338 1554 1439 1592 nec
1480 1554 1589 1593 non
1627 1539 1693 1594 de
1724 1543 2052 1609 aequinoctio

481 1628 804 1699 disputavit.
846 1628 1031 1695 Quare
1084 1630 1426 1685 clarissimus
1475 1632 1528 1685 in
1579 1613 1788 1689 Graecia
1837 1649 2052 1706 semper

482 1719 701 1774 habitus
754 1727 858 1774 est.
900 1720 1139 1776 Thaletis
1193 1722 1411 1776 auditor
1460 1720 1563 1777 fuit
1607 1723 2049 1793 Anaximander,

2157 530 2461 601 Πραξιάδου
2488 532 2585 602 μὲν
2619 535 2769 597 παῖς,
2819 533 2975 600 γένος
3013 532 3072 585 δὲ
3104 532 3200 584 καὶ
3245 530 3407 595 αὐτὸς
3447 532 3709 603 Μιλήσιος

2156 620 2326 687 Οὗτος
2346 625 2561 697 πρῶτος
2585 624 2869 694 γνώμονας
2896 623 3263 678 κατεσκεύασε
3293 624 3430 693 πρὸς
3445 623 3733 694 διάγνωσιν

2156 717 2374 790 τροπῶν
2398 735 2459 771 τε
2497 718 2671 789 ήλίου,
2703 719 2799 772 καὶ
2830 718 3057 789 χρόνων,
3084 719 3178 771 καὶ
3212 717 3391 788 ὡρῶν,
3417 719 3512 773 καὶ
3547 721 3707 790 ίσημε

2161 809 2299 881 ρίας.
2334 808 2753 881 Ἀναξιμάνδρου
2788 810 2845 862 δὲ
2882 809 3157 881 γνώριμος
3188 810 3405 877 ἐγένετο
3451 811 3706 882 ’Δναξιμέ

2158 918 2254 971 νης
2277 903 2678 974 Εὐρυστράτου,
2706 900 2990 971 Μιλήσιος·
3016 901 3205 954 τούτου
3222 902 3278 954 δὲ
3314 900 3683 974 Ἀναξαγόρας
3703 901 3733 952 ὃ

2167 987 2581 1059 Ἡγησιϐούλου,
2622 989 3010 1060 Κλαζομένιος.
3039 982 3295 1063 Οῦτος·δὴ
3337 992 3550 1064 πρῶτος
3577 993 3704 1065 διήρ

2159 1079 2335 1152 θρωσε
2368 1081 2460 1133 τὸν
2487 1081 2615 1153 περὶ
2636 1081 2819 1151 ἀρχῶν
2840 1074 3129 1150 λόγον.⁹ού
3164 1082 3271 1154 γὰρ
3297 1084 3455 1155 μόνον
3484 1086 3610 1157 περὶ
3635 1089 3731 1159 τῆ.

2159 1173 2374 1227 πάντων
2411 1174 2598 1237 οὐσίας
2620 1175 2953 1243 ἀπεφήνατο,
2968 1174 3044 1238 ὡς
3062 1176 3111 1228 oi
3138 1176 3244 1247 πρὸ
3273 1176 3459 1243 αὐτοῦ,
3478 1177 3616 1233 ἀλλὰ
3637 1180 3723 1235 και

2158 1265 2289 1337 περὶ
2315 1264 2408 1318 τοῦ
2441 1265 2714 1330 κινοῦντος
2738 1266 2909 1334 αὐτὴν
2940 1268 3135 1321 αἰτίου.
3169 1287 3187 1320 ι
3219 1264 3327 1323 τΗν
3351 1269 3459 1342 γάρ
3499 1270 3598 1343 τὴν
3631 1274 3716 1346 ἀρ-

2157 1357 2278 1427 χὴν,
2305 1375 2323 1407 ο
2359 1356 2513 1425 φησὶ,
2554 1374 2571 1407 ι
2597 1355 2665 1409 τὰ
2697 1356 2996 1427 πράγματα
3030 1356 3163 1427 ὁμοῦ
3210 1360 3560 1432 πεφυρμέναι
3591 1362 3728 1428 Νοῦς

2156 1444 2501 1509 δ”είσελθὼν,
2536 1444 2768 1517 αὐτάὲκ
2802 1447 2899 1516 τῆς
2920 1443 3145 1509 ἀταξίας
3173 1448 3253 1510 εἰς
3276 1448 3432 1514 τάξιν
3461 1450 3684 1521 ἢγαγεν,
3704 1470 3725 1502 ι

2170 1536 2528 1608 Ἀναξαγόρου
2540 1535 2596 1587 δὲ
2611 1535 2854 1604 ἐγένοντο
2866 1534 3131 1607 γνώριμοι
3140 1540 3307 1607 τρεῖς,
3322 1539 3396 1591 Πε
3403 1540 3675 1612 ρικλῆς,Ἀ
3685 1559 3716 1613 ρ

2157 1631 2365 1702 χέλαος,
2391 1628 2707 1700 Εὐριπίδης.
2726 1627 2996 1699 Περικλῆς
3026 1629 3124 1700 μὲν
3146 1624 3238 1682 οὖν
3254 1628 3551 1701 Ἀθηναίων
3580 1633 3732 1705 πρῶ-

2155 1745 2248 1788 τος
2264 1726 2604 1795 ὲγένετο,καὶ
2620 1724 2835 1795 πλούτῳ
2845 1724 2939 1778 καὶ
2956 1724 3101 1793 γένει
3115 1724 3223 1777 τῶν
3239 1724 3360 1778 καθ’
3379 1724 3588 1779 ἑαυτῶν
3599 1723 3733 1794 (20‘)

484 1810 763 1870 Praxiadae
803 1812 969 1876 ﬁlius,
1017 1828 1217 1882 genere
1260 1812 1505 1872 Milesius
1552 1816 1669 1886 ipse
1711 1832 1951 1888 quoque.
2002 1818 2053 1875 Is

2166 1817 2514 1887 περιήνεγκεν
2530 1817 2582 1855 ι’
2616 1814 2913 1885 Εὐριπίδης
2934 1814 3012 1879 δὲ,
3036 1815 3127 1867 ἐπὶ
3148 1814 3432 1885 ποιητικὴν
3459 1812 3700 1884 μεταϐὰς
3715 1850 3733 1876 ,

482 1899 730 1956 omnium
765 1902 976 1971 primus
1004 1902 1174 1972 stylos
1199 1901 1267 1957 ad
1299 1903 1701 1973 dignoscendas
1732 1907 1889 1974 solis,
1917 1917 2055 1962 tem-

481 2008 699 2063 porum,
756 2002 1165 2063 tempestatum,
1214 2004 1270 2049 et
1312 1996 1627 2063 azquinoctii
1669 1999 2055 2055 conversiones

481 2082 800 2137 elaboravit.
848 2081 989 2138 Huic
1021 2098 1246 2154 operam
1301 2084 1456 2139 dedit
1505 2084 1877 2144 Anaximenes
1922 2088 2054 2143 item

483 2171 728 2228 Milesius
773 2171 1082 2245 Eurystrati
1114 2174 1283 2239 ﬁlius,
1323 2192 1484 2242 quem
1530 2177 1738 2231 audivit
1768 2178 2057 2249 Anaxago-

486 2278 577 2319 ras
620 2263 1030 2329 Clazomenius,
1086 2263 1400 2337 llegesibuli
1443 2268 1609 2323 ﬁlius.
1647 2267 1699 2323 ls
1745 2269 1812 2324 de
1854 2271 2057 2340 princi-

487 2356 591 2423 piis
621 2354 879 2410 distincte
920 2355 1134 2425 primus
1163 2365 1215 2411 et
1262 2357 1546 2413 enucleate
1584 2358 1902 2429 disputavit.
1949 2359 2056 2416 Ne-

486 2461 595 2516 que
640 2447 786 2501 euim
840 2448 907 2502 de
968 2448 1209 2503 imiversi
1262 2456 1474 2503 tantum
1516 2458 1736 2516 natura,
1781 2453 1860 2507 uti
1908 2453 2055 2522 prio-

489 2553 576 2592 res
629 2536 744 2601 illi,
794 2538 888 2591 seil
938 2539 1105 2591 etiam
1152 2538 1221 2593 de
1261 2540 1381 2609 ipso
1435 2549 1618 2597 motus
1662 2542 1783 2612 ejus
1832 2552 2056 2598 auctore

489 2623 904 2693 philosophatus
935 2632 1039 2677 est.
1066 2643 1084 2675 ι
1108 2626 1245 2681 Cum
1262 2627 1409 2682 enim
1443 2644 1529 2683 res
1577 2644 1768 2686 omnes
1788 2672 1804 2698 ,
1847 2632 2052 2701 inquit,

488 2712 734 2770 caurusze
772 2714 941 2769 simul
974 2717 1356 2786 permistarque
1385 2718 1452 2772 ab
1482 2719 1638 2774 initio
1669 2718 1870 2785 forent,
1906 2722 2057 2777 Mens

489 2805 706 2876 penitus
737 2820 831 2861 eas
871 2822 1180 2876 permeans,
1222 2809 1292 2862 ab
1322 2808 1413 2864 illa
1440 2813 1846 2881 perturbatione
1879 2815 1934 2870 in
1968 2831 2057 2870 or-

487 2897 671 2951 dinem
706 2897 1143 2967 elegantiamque
1168 2897 1514 2957 vindicavit.»
1535 2905 1872 2978 Anaxagorae
1891 2907 2061 2963 disci-

490 2988 599 3057 puli
645 2997 753 3044 tres
784 2989 954 3054 fuere,
991 2988 1251 3054 Pericles,
1280 2992 1601 3061 Archelaus,
1639 3006 1694 3050 et
1746 2995 2055 3069 Euripides.

490 3080 727 3136 Pericles
775 3097 883 3137 non
932 3081 1350 3136 Atheniensium
1385 3084 1549 3139 modo
1604 3085 1762 3142 facile
1807 3091 2057 3161 princeps

489 3172 611 3235 fuit,
650 3189 838 3226 verum
871 3172 1036 3227 etiam
1083 3173 1322 3242 aequales
1363 3189 1493 3230 suos
1533 3190 1727 3231 omnes
1768 3180 1969 3247 opibus
1995 3196 2060 3236 ac

490 3264 1121 3335 nobilitate.superavit.
1174 3264 1456 3336 Euripides
1500 3283 1625 3323 cum
1672 3269 1737 3323 ad
1792 3273 2058 3339 poeticam

490 3369 613 3410 sese
646 3358 996 3422 contulisset,
1028 3359 1278 3414 sccnicus
1319 3376 1349 3413 a
1394 3362 2062 3434 nonnulliszphiloSOphus

492 3459 715 3505 vocatus
737 3459 837 3504 est.
856 3450 1159 3505 Archelaus
1181 3452 1414 3523 denique
1430 3453 1711 3524 Lampsaci
1728 3456 2064 3529 Anaxagora:

492 3555 595 3594 suo
632 3542 685 3594 in
724 3541 853 3594 ludo
886 3543 1174 3596 successit.
1212 3541 1342 3598 lndc
1388 3561 1512 3599 cum
1556 3546 1799 3601 Athenas
1832 3549 2064 3619 migras-

493 3640 597 3693 set,
646 3632 864 3685 easdem
916 3632 990 3686 ibi
1035 3633 1264 3689 docendi
1309 3645 1491 3704 partes
1536 3653 1848 3708 munusque
1892 3642 2056 3695 susti-

494 3725 636 3789 nuit,
665 3734 720 3778 et
749 3725 1186 3793 quamplurimos
1224 3727 1585 3785 Athenienses
1627 3731 1946 3801 discipulos,
1983 3733 2067 3786 in-

493 3824 684 3885 terque
715 3826 943 3871 caeteros
985 3817 1266 3874 Socratem
1303 3819 1514 3875 habuit.
1556 3820 1815 3892 Ejusdem
1845 3824 2066 3878 Anaxa-

493 3924 639 3978 gora:
670 3919 932 3979 tempore,
965 3909 1332 3982 Xenophanes
1371 3924 1427 3969 et
1482 3913 1819 3985 Pythagoras
1853 3918 2065 3988 physici

494 4002 758 4054 claruere.
790 4001 868 4056 Ac
890 4000 1207 4073 Pythagora:
1235 4006 1454 4074 quidem
1482 4004 1706 4060 Theano
1731 4023 1889 4071 uxor,
1920 4010 2068 4078 ejus-

493 4106 600 4165 que
620 4091 737 4155 ﬁlii,
762 4090 1029 4163 Telauges
1047 4104 1101 4148 et
1121 4094 1497 4163 Mnesarchus,
1528 4110 1933 4153 successerunt.
1960 4100 2064 4155 'l‘e-

497 4182 671 4253 laugis
696 4185 915 4239 auditor
948 4185 1306 4256 Empedocles
1353 4188 1476 4251 fuit,
1505 4190 1664 4259 cujus
1704 4199 1864 4245 aetate
1895 4190 2066 4247 Hera-

497 4276 656 4329 clitus
703 4276 793 4330 ille
844 4279 1219 4333 tenebricosus
1270 4279 1325 4332 in
1383 4280 1667 4333 hominum
1718 4296 1815 4335 ore
1859 4283 2065 4337 versari

497 4369 680 4437 cmpit.
724 4368 1047 4439 Xenophani
1103 4385 1234 4424 vero
1292 4369 1711 4437 Parmenidem,
1757 4371 2065 4428 Parmenidi

2157 1907 2263 1961 ὑπό
2287 1923 2451 1960 τινων
2485 1905 2743 1976 σκηνικὸς
2790 1905 3076 1973 φιλόσοφος
3112 1904 3312 1976 ἐκλήθη
3337 1922 3351 1935 °
3388 1907 3419 1958 ὁ
3443 1904 3500 1957 δὲ
3542 1903 3734 1975 Ἀρχέ-

2155 1998 2281 2063 λαος
2316 1999 2375 2051 ὲν
2406 1996 2695 2068 Λαμψάκῳ
2726 1994 2995 2062 διεδέξατο
3022 1994 3119 2066 τὴν
3148 1994 3339 2065 σχολὴν
3364 1992 3475 2047 τοῦ.
3507 1991 3732 2059 Ἀναξα-

2156 2091 2340 2161 γόρου.
2366 2089 2620 2152 Μεταϐἀς
2658 2087 2702 2141 δ’
2747 2088 2829 2150 είς
2861 2086 3088 2157 Ἀθήνας
3140 2088 3257 2138 ἐκεῖ
3302 2084 3593 2155 ὲσχόλασε,
3639 2082 3735 2138 καὶ

2156 2179 2383 2242 πολλοὺς
2410 2177 2565 2248 ἔσχεν
2607 2174 2903 2246 Ἀθηναίων
2927 2173 3255 2245 γνωρίμους,
3291 2175 3350 2227 ὲν
3374 2170 3455 2236 οἷς
3486 2173 3581 2227 καὶ
3615 2173 3732 2225 Σω-

2156 2270 2385 2343 κράτην.
2434 2268 2592 2323 Κατά
2631 2267 2689 2322 δὲ
2728 2266 2820 2319 τὸν
2852 2265 3015 2319 αὑτὸν
3045 2265 3124 2336 τῷ
3162 2264 3495 2336 Ἀναξαγόρᾳ
3544 2264 3736 2335 χρόνον

2156 2363 2411 2434 ἤκμασαν
2451 2360 2642 2431 ἄνδρες
2674 2356 2912 2428 φυσικοὶ,
2950 2355 3260 2427 Ξενοφάνης
3309 2373 3369 2409 τε
3408 2355 3501 2409 καὶ
3548 2354 3735 2409 Πυθα-

2155 2457 2344 2528 γόρας.
2384 2455 2487 2507 Τὸν
2535 2454 2632 2524 μὲν
2665 2448 2758 2505 οὖν
2808 2450 3128 2522 Πυθαγόραν
3171 2448 3435 2513 διεδέξατο
3474 2446 3661 2503 θεανὼ
3700 2451 3733 2519 ή

2156 2543 2313 2616 γυνὴ.
2355 2544 2410 2597 οἵ
2449 2560 2507 2596 τε
2553 2543 2659 2595 υἱοὶ
2700 2534 2890 2604 αὑτοῦ,
2924 2538 3212 2611 Τηλαυγὴς
3243 2540 3339 2593 καὶ
3386 2540 3733 2611 Μνήσαρχος.

2157 2633 2473 2707 Τηλαυγοῦς
2493 2630 2549 2684 δὲ
2591 2630 2955 2701 Ἐμπεδοκλῆς
2975 2629 3245 2699 ἀκουστὴς
3267 2627 3496 2697 γίνεται,
3527 2627 3652 2681 καθ’
3679 2626 3737 2679 δν

2170 2727 2517 2803 Ἡράκλειτος
2544 2728 2573 2779 ό
2608 2724 2880 2788 σκοτεινὸς
2912 2722 3254 2794 ὲγνωρίζετο.
3282 2721 3383 2774 Τὸν
3405 2720 3462 2775 δὲ
3501 2720 3739 2790 Ξενοφά-

2159 2838 2258 2891 νην
2288 2819 2504 2888 λέγεται
2531 2821 2560 2872 ὁ
2595 2816 2943 2888 Παρμενίδης
2974 2812 3316 2881 διαδέξασθαι
3335 2852 3350 2877 ,
3392 2811 3739 2885 Παρμενίδην

2158 2911 2526 2975 δὲΜέλισοος,
2562 2910 2829 2965 Μέλισσον
2867 2910 3052 2979 Ζήνων
3098 2908 3127 2960 ὁ
3168 2906 3449 2977 Ἑλεάτης’
3492 2905 3551 2957 ὃν
3576 2920 3737 2973 φασιν

2161 3001 2453 3073 ἐπιϐουλὴν
2500 3001 2643 3054 κατὰ
2699 3000 2794 3053 τοῦ
2844 3001 2967 3053 τότε
3021 2998 3284 3070 τυράννου
3332 2996 3737 3069 συστησάμενον

2162 3094 2389 3158 ἁλῶναι,
2422 3093 2845 3165 στρεϐλούμενον
2872 3092 2928 3146 δὲ
2969 3091 3070 3146 ὑπὸ
3096 3091 3191 3144 τοῦ
3245 3089 3510 3161 τυράννου
3532 3127 3549 3154 ,
3588 3089 3736 3152 ὅπως

2164 3186 2289 3249 τοὺς
2318 3186 2415 3239 σὺν
2452 3184 2601 3255 αὐτῷ
2642 3184 2961 3254 γενομένους
2999 3182 3197 3253 ἄνδρας
3242 3180 3648 3252 ἀπογράψηται,
3676 3180 3736 3234 ού

2164 3278 2596 3351 προσποιηθέντα
2639 3276 2735 3341 τὰς
2766 3275 2859 3330 τοῦ
2898 3275 3158 3347 τυράννου
3192 3275 3460 3346 τιμωρίας
3484 3316 3499 3341 ,
3549 3275 3741 3346 διαμα-

2167 3369 2477 3441 σησάμενον
2498 3368 2596 3438 τὴν
2615 3366 2865 3435 γλῶσσαν
2892 3364 3236 3435 προσπτύσαι
3260 3363 3428 3435 αὐτῷ,
3450 3363 3546 3417 καὶ
3571 3362 3742 3424 οὕτως

2165 3460 2646 3533 ἐγκαρτερήσαντα
2680 3461 2798 3521 ταῖς
2829 3457 3082 3528 βασάνοις
3107 3455 3416 3512 ἀποθανεῖν.
3453 3454 3652 3506 Τούτου
3684 3450 3741 3504 δὲ

2164 3552 2482 3614 Λεύκιππος
2526 3550 2795 3619 ἀκουστὴς
2838 3549 3063 3617 γέγονε,
3099 3547 3413 3601 Λευκίππου
3462 3544 3519 3597 δὲ
3558 3543 3740 3614 Δημό-

2166 3661 2371 3716 κριτος,
2400 3637 2460 3698 οῦ
2497 3632 2898 3714 Πρωταγόρας,
2924 3640 3045 3695 καθ’
3075 3639 3134 3693 ὃν
3169 3641 3387 3710 ἤκμασε
3422 3635 3738 3706 Σωκράτης.

2168 3732 2277 3787 Καὶ
2311 3730 2503 3795 ἄλλους
2537 3731 2593 3784 δὲ
2629 3730 2903 3804 σποράδην
2942 3730 3089 3784 ἐστιν
3120 3730 3299 3799 εὑρεῖν
3348 3725 3608 3796 φυσικοὺς
3651 3741 3741 3794 φι-

2165 3824 2425 3893 λοσόφους
2479 3823 2586 3895 πρὸ
2635 3823 2957 3897 Σωκράτους
3003 3823 3324 3892 γενομένους
3349 3835 3363 3849 ³
3408 3817 3546 3890 πλὴν
3607 3815 3745 3871 ἀλλά

2167 3916 2388 3981 πάντες,
2419 3916 2527 3968 ἀπὸ
2550 3914 2725 3969 Θαλοῦ
2760 3916 3075 3988 ἀρξάμενοι,
3097 3912 3406 3985 κατιῦτερον
3433 3910 3617 3983 Κύρου
3646 3907 3742 3963 τοῦ

2168 4005 2391 4078 Περσῶν
2423 4005 2685 4076 βασιλέως
2714 4007 2992 4075 φαίνονται
3021 4005 3349 4077 ἡκμακότες.
3386 4002 3446 4056 '0
3481 4000 3538 4056 δὲ
3561 3999 3744 4072 Κῦρος

2173 4100 2310 4170 μετὰ
2342 4100 2593 4154 πλεῖστον
2626 4103 2729 4172 τῆς
2773 4103 2852 4165 εἰς
2896 4100 3192 4155 Βαϐυλῶνα
3230 4095 3607 4169 αἰχμαλωσίας
3648 4091 3744 4147 τοῦ

2182 4190 2450 4243 Ἰουδαίων
2494 4189 2679 4254 ἔθνους
2705 4191 2863 4261 δῆλός
2891 4193 3007 4245 ἐστι
3033 4188 3293 4261 γεγονὼς,
3333 4185 3746 4242 διαλελοιπότων

2169 4281 2269 4354 ήδη
2317 4280 2426 4334 τῶν
2468 4283 2596 4353 παρ’
2632 4281 2904 4353 Ἑϐραίοις
2957 4280 3289 4353 προφητῶν,
3342 4279 3435 4332 καὶ
3467 4277 3565 4349 τῆς
3597 4277 3746 4349 ἱερᾶς
3848 4292 3853 4295 ‘

2176 4372 2558 4445 μητροπόλεως
2586 4373 2765 4427 αὐτῶν
2798 4371 3305 4443 πεπολιορκημένης
3322 4386 3335 4399 ·
3363 4368 3504 4423 ὥστε
3533 4386 3593 4422 σε
3620 4368 3749 4439 ὁμο-

495 4459 809 4523 Melissum,
859 4461 1075 4516 Melisso
1135 4461 1410 4516 Zenonem
1456 4461 1697 4516 Eleatem
1735 4465 2060 4520 successisse

2172 4463 2351 4534 λογεῖν
2385 4464 2519 4517 πολὺ
2558 4463 2799 4536 νεώτερα
2857 4465 3102 4527 Μωσέως
3138 4462 3233 4515 καὶ⁵
3274 4459 3384 4514 τῶν
3425 4459 3543 4531 μετ’
3587 4457 3750 4513 αὑτὸν

498 4552 700 4607 ferunt.
739 4552 816 4607 Dc
844 4568 953 4622 quo
991 4551 1212 4608 Zenone
1255 4553 1389 4608 illud
1423 4554 1586 4607 etiam
1633 4563 1912 4621 narratur,
1940 4569 2065 4608 cum

498 4646 544 4700 is
582 4645 981 4714 conjurationis
1017 4645 1280 4699 adversus
1314 4653 1613 4713 tyrannum
1657 4645 1778 4713 ejus
1807 4644 2069 4713 temporis

498 4737 646 4791 inita:
694 4738 950 4806 princeps
1001 4744 1301 4806 auctorque
1354 4736 1729 4805 deprehensus
1779 4744 1960 4799 esset,
2001 4735 2071 4788 ab

497 4845 674 4899 coque
719 4830 797 4884 uti
844 4829 1061 4883 consilii
1109 4829 1293 4883 socios
1341 4828 1631 4892 indicaret,
1688 4836 2068 4897 torqueretur,

498 4922 717 4995 tyranni
765 4920 1048 4990 suppliciis
1101 4929 1361 4989 tanquam
1419 4921 1604 4974 minus
1639 4918 1707 4974 ad
1747 4934 1866 4973 sese
1912 4919 2073 4987 perti-

499 5014 756 5069 nentibus
814 5014 1041 5069 omnino
1082 5011 1441 5082 contemptis,
1496 5026 1857 5081 praemansam
1897 5011 2074 5064 denti-

501 5107 605 5160 bus
649 5106 892 5176 linguam
949 5104 1004 5157 in
1040 5118 1167 5157 eum
1219 5105 1525 5172 exspuisse,
1558 5113 1724 5171 atque
1772 5101 1843 5155 ita
1878 5102 2073 5156 mediis

504 5200 557 5253 in
590 5199 931 5253 cruciatibus
972 5197 1483 5252 constantissimum
1535 5196 1758 5251 obiisse.
1815 5194 2071 5266 Ejusdem

503 5288 719 5342 auditor
749 5286 1056 5357 Leucippus
1099 5285 1231 5352 fuit,
1281 5284 1539 5355 Leucippi
1576 5283 1940 5352 Democritus,
1974 5283 2075 5340 De-

504 5380 720 5434 mocriti
778 5378 1147 5448 Protagoras,
1215 5378 1373 5447 cujus
1433 5386 1591 5431 aztate
1656 5373 1907 5432 Socrates
1971 5375 2074 5431 llo-

507 5472 635 5528 ruit.
682 5472 755 5528 Ut
807 5473 955 5527 enim
1017 5482 1143 5527 ante
1213 5474 1491 5526 Socratem
1539 5470 1794 5540 physicos
1839 5471 2075 5540 sparsim

509 5560 804 5616 nonnullos
867 5561 1139 5630 reperias,
1196 5575 1388 5616 omnes
1444 5570 1626 5614 tamen
1671 5575 1798 5616 cum
1859 5560 2076 5615 initium

582 5664 609 5691 ι
646 5668 746 5705 ms.
782 5652 1066 5723 διήνεγκεν

582 5761 715 5833 (20')
763 5759 1045 5818 'Eavzér.
1075 5761 1217 5832 Lege
1254 5762 1463 5817 ἑαυτὸν.
1494 5761 1654 5819 Εοιτ.

2175 4555 2468 4627 προφητῶν
2513 4554 2583 4609 τὰ
2625 4555 2726 4625 τῆς
2772 4554 3038 4625 Ἑλλήνων
3087 4551 3368 4622 γεγονέναι
3412 4548 3748 4621 φιλοσοφίας,

2173 4647 2269 4699 καὶ
2301 4646 2536 4716 μάλιστα
2572 4647 2672 4718 τῆς
2718 4648 2858 4699 κατὰ
2895 4646 3158 4699 Πλάτωνα
3181 4684 3198 4710 ,
3239 4643 3297 4707 ὃς
3319 4686 3336 4709 ,
3381 4641 3653 4714 ἀκουστὴς
3682 4642 3753 4694 τά

2177 4738 2370 4811 πρῶτα
2396 4739 2687 4810 γενόμενος
2714 4737 3055 4809 Σωκράτους,
3094 4735 3329 4790 κᾶπειτα
3358 4736 3469 4797 τοῖς
3506 4732 3754 4802 Πυθαγο-

2179 4830 2345 4902 ρείοις
2368 4829 2653 4901 ὁμιλήσας,
2680 4829 2804 4893 τοὺς
2832 4829 2938 4899 πρὸ
2971 4828 3135 4883 αὑτοῦ
3162 4827 3368 4891 πάντας
3397 4826 3541 4897 λόγῳ
3566 4842 3626 4878 τε
3660 4825 3755 4880 καὶ

2180 4921 2412 4984 συνέσει,
2451 4922 2545 4975 καὶ
2583 4924 2696 4984 τοῖς
2733 4921 2790 4973 ὲν
2828 4920 3116 4991 φιλοσοφίᾳ
3144 4919 3405 4990 δόγμασιν
3455 4915 3756 4990 ὑπερηκόν-

2177 5026 2315 5062 τισε.
2347 5009 2542 5078 Γέγονε
2570 5008 2614 5062 δ’
2641 5010 2671 5061 ὁ
2699 5008 2929 5063 Πλάτων
2965 5007 3110 5078 ἀμφὶ
3139 5006 3210 5059 τὰ
3242 5006 3447 5060 ὕστατα
3481 5006 3580 5077 τῆς
3617 5006 3755 5077 Περ-

2182 5102 2289 5156 σῶν
2316 5101 2614 5173 βασιλείας,
2643 5101 2824 5173 μικρῷ
2855 5102 3046 5155 θᾶττον
3088 5096 3435 5171 Ἀλεξάνδρου
3455 5099 3549 5153 τοῦ
3572 5098 3755 5153 Μακε-

2179 5193 2350 5256 δόνος,
2375 5193 2685 5263 Αὐγούστου
2710 5192 2767 5245 δὲ
2790 5191 2883 5251 τοῦ
2908 5189 3179 5244 Σεϐαστοῦ
3211 5190 3273 5243 ού
3307 5188 3542 5260 πρόσθεν
3562 5187 3656 5259 ἐτη
3685 5192 3751 5240 υ’.

2182 5287 2245 5339 Ei
2286 5286 2349 5357 δή
2396 5303 2478 5338 σοι
2519 5285 2806 5357 τοιγαροῦν
2857 5287 2886 5337 ὁ
2940 5284 3185 5351 Πλάτων,
3240 5282 3384 5335 οἵτε
3436 5282 3554 5353 μετ’
3597 5279 3758 5335 αὑτὸν

2181 5377 2440 5448 δειχθεῖεν
2481 5377 2549 5431 τὰ
2599 5377 2866 5447 σύμφωνα
2923 5375 3190 5448 Ἑϐραίοις
3229 5374 3758 5445 πεφιλοσοφηκότες,

2183 5466 2302 5539 ὥρα
2329 5469 2551 5520 σκοπεῖν
2570 5467 2664 5520 τὸν
2686 5465 2877 5538 χρόνον
2904 5465 3027 5519 καθ’
3049 5465 3108 5519 δν
3134 5459 3287 5529 οὗτος
3314 5464 3535 5534 γέγονε·
3567 5463 3675 5516 τῶν
3704 5462 3760 5515 δὲ

2186 5561 2316 5631 παρ’
2356 5559 2627 5624 Ἑϐραίοις
2656 5558 2921 5629 θεολόγων
2953 5576 3012 5623 τε
3049 5558 3146 5619 καὶ
3173 5558 3475 5636 ,προφητῶν
3511 5556 3608 5633 τὴν
3659 5564 3756 5604 πα-
3850 5591 3859 5601 .
