4156 6438
468 395 577 451 843

468 510 560 564 24.
590 509 665 564 De
698 508 945 563 Hosarcis
970 508 1122 569 ideis,
1143 524 1207 561 ea:
1228 505 1468 562 Philone.

470 580 561 633 25.
589 580 663 632 De
689 580 894 644 iisdem,
920 594 984 632 ea:
1004 577 1288 632 Clemente.

470 647 671 730 26..οε
697 649 1013 730 adversariis
1043 648 1271 711 naturis,
1314 644 1657 700 Hebraeorum
1698 645 2041 716 Platonisque

472 717 880 869 ΞἸῗίῖίῗὲῗζίῗιξιω
902 786 1330 867 immortalitate,
1357 801 1423 840 ea:
1470 785 1815 842 Hebraeorum
1861 784 2043 840 Plato-

521 859 727 926 .nisque
755 857 1019 910 doctrina.
1268 927 1280 938 .

474 925 565 980 28.
591 925 668 979 De
692 927 894 989 eadem,
922 941 986 979 ex
1014 924 1334 995 Porri/tyrio.

471 995 562 1051 29.
594 996 744 1057 Quod
774 997 997 1049 mundus
1031 1006 1203 1049 ortum
1225 996 1488 1050 habuerit.

473 1066 564 1120 '50.
595 1065 669 1119 De
708 1065 1160 1119 cwli’luminibus.

473 1134 562 1188 5i.
595 1137 788 1189 Omnia
816 1134 913 1189 Dei
952 1151 1108 1204 opera
1133 1136 1267 1188 bona
1300 1150 1427 1188 esse.

474 1204 563 1260 52.
590 1204 665 1258 De
696 1205 1003 1259 alteratione
1025 1222 1087 1259 ac
1113 1205 1403 1259 mutatione
1431 1205 1640 1258 mundi.

475 1340 564 1396 53.
606 1338 681 1394 De
705 1339 1081 1394 resurrectione
1104 1349 1456 1406 mortuorum,
1495 1355 1559 1393 eo:
1594 1339 1794 1393 eodem.

475 1477 564 1531 54.
594 1476 667 1529 De
705 1492 945 1544 supremo
975 1476 1158 1530 mundi
1190 1477 1313 1545 ﬁne.

474 1547 562 1601 35.
592 1542 827 1599 Morinos
880 1548 1138 1616 quosdam
1182 1542 1429 1599 revixisse
1472 1544 1635 1616 Plato
1673 1542 1877 1607 scribit,
1920 1557 2039 1596 cum

547 1615 785 1670 Hebraeis
814 1615 910 1669 hoc
937 1618 1099 1669 etiam
1122 1617 1174 1669 in
1192 1631 1372 1685 genere
1405 1615 1750 1669 consentiens.

472 1685 562 1740 36.
588 1685 672 1738 Ea:
701 1686 989 1739 Plutarcho
1016 1687 1073 1739 in
1107 1702 1161 1739 re
1186 1686 1369 1739 simili.

475 1756 573 1825 37.
582 1755 861 1825 Platonem
889 1756 952 1809 de
989 1765 1128 1808 terra
1166 1756 1261 1808 illa
1282 1797 1296 1818 ,
1321 1771 1478 1825 quam
1509 1754 1773 1808 cwlestem
1827 1763 2036 1820 vocant,

548 1824 786 1879 Hebrteis
808 1825 1080 1879 simillima
1104 1825 1407 1878 tradidisse.

1055 392 1339 465 'EUSEQII
1372 390 1854 449 CIESARIENSIS
1891 390 2043 446 OPP.
2079 389 2261 447 PARS
2298 388 2363 447 11.
2403 422 2473 432 --
2509 390 3007 449 APOLOGETICA.

3598 389 3711 445 εει

2074 512 2120 568 Α
2149 505 2241 586 κδ’.
2286 508 2550 586 ρίλωνος
2569 548 2584 573 ,
2618 509 2753 576 Περὶ
2788 507 2905 586 τῶν
2931 507 3094 586 gran
3119 505 3327 586 Ιιζωσεῖ
3345 504 3537 560 ἰδεῶν.

2145 582 2242 629 κε’.
2282 577 2656 645 Κλήμεντος,
2690 579 2818 646 περὶ
2852 579 2958 631 τοῦ
2991 577 3194 630 αὐτοῦ.

2143 652 2233 710 κς¹
2305 644 2580 713 Ἐϐραίων
2612 649 2707 701 καὶ
2740 644 3079 714 Πλάτωνος,
3110 646 3249 714 Περὶ
3278 644 3398 698 τῶν
3416 646 3714 701 ἐνηντίων

2211 712 2540 769 δυνάμεων.

2250 734 2540 770 υναιιεων.

2211 733 2540 786 ουναμεων.

2142 784 2245 848 κζ’.
2283 788 2424 853 Περὶ
2463 784 2671 855 ψυχῆς
2705 786 3059 853 ἀθανασίας,
3097 785 3377 854 Ἐϐραίων
3408 784 3507 840 καὶ
3552 786 3712 840 Πλάι

2212 871 2418 920 τωνος.

2143 930 2248 995 κη’.
2287 926 2645 995 Πορφυρίου,
2677 925 2809 992 περὶ
2827 925 3177 995 τοῦᾼαύτοῦ.

2144 991 2243 1063 κδ’.
2290 991 2426 1061 Περὶ
2460 991 2563 1048 τοῦ
2596 991 2885 1063 γεννητόν
2920 991 3071 1049 εἶναι
3102 996 3211 1048 τόν
3243 994 3494 1063 κόσμον.

2142 1062 2207 1117 λ’.
2248 1066 2387 1131 Περὶ
2411 1062 2527 1116 τῶν
2550 1062 2676 1117 κατ’
2711 1064 2969 1131 οὐρανόν
2997 1064 3344 1132 φωστήρων.

2143 1133 2242 1187 λα’.
2288 1136 2406 1187 ’Ότι
2430 1132 2623 1203 πάντα
2655 1135 2809 1186 καλὰ
2836 1141 2906 1187 τά
2929 1134 3073 1203 ἔργα
3097 1135 3202 1188 τοῦ
3232 1134 3400 1187 Θεοῦ.

2142 1203 2426 1326 λβ’.όΠερὶ
2483 1201 2591 1270 τῆς
2640 1200 3016 1270 ἀλλοιώσεως
3063 1204 3158 1257 καὶ
3205 1200 3546 1273 μεταϐολῆς
3603 1205 3711 1261 τοῦ

2212 1290 2247 1325 κ
2286 1289 2463 1326 σιλου.

2212 1289 2463 1340 κοσμου.

2141 1341 2240 1414 λγ’.
2278 1343 2418 1410 Περὶ
2436 1342 2557 1414 ,τῆς
2606 1344 2724 1398 τῶν
2764 1343 3269 1411 τετελευτηκότων
3315 1345 3709 1414 ἀναϐιώσεως,

2210 1413 2326 1466 ἀπὸ
2358 1411 2462 1465 τοῦ
2488 1414 2694 1466 αὐτοῦ.

2141 1479 2232 1551 λδ’.
2270 1483 2412 1550 ,Περὶ
2438 1484 2791 1549 συντελείας
2821 1483 2925 1536 τοῦ
2951 1485 3202 1551 κόσμου.

2141 1550 2230 1603 λε’.
2281 1552 2377 1624 ξΩς
2418 1552 2516 1605 καὶ
2542 1554 2791 1624 νεκροὺς
2824 1550 3131 1624 ἐγηγέρθίαι
3159 1556 3193 1606 ό
3220 1552 3469 1609 Πλάτων
3499 1557 3713 1624 ὁμοίως

2210 1620 2335 1686 τοῖς
2367 1620 2653 1689 Ἑϐραίων
2682 1620 2884 1691 λόγοις
2910 1620 3150 1689 ἱστορεῖ.

2141 1689 2252 1761 λς’.
2292 1691 2712 1761 Πλουτάρχου,
2739 1689 2878 1760 ’περὶ
2909 1692 3014 1747 τοῦ
3053 1694 3277 1761 ὁμοίου.

2140 1758 2237 1823 λζ’.
2262 1761 2383 1839 ’Ὡς
2403 1758 2625 1839 ,καὶ-τὰ
2664 1763 2797 1839 περὶ
2816 1758 3317 1839 τῆς-λεγομένης
3352 1765 3714 1839 έετουρανίου

2210 1829 2345 1899 γῆς,
2383 1834 2415 1884 ό
2442 1829 2692 1885 Πλάτων
2719 1831 2930 1900 ὁμοίως
2966 1829 3581 1899 Ἐϐριάίοιςήδιέξεισὶν,

469 1893 671 1972 38.__I)_e
702 1896 950 1972 judici_o,_
978 1894 1116 1966 quod
1144 1906 1399 1972 mortem
1435 1894 1704 1965 excipiat,
1757 1892 2036 1948 Platonem

2147 1892 2243 1971 λη’.
2416 1902 2513 1954 καὶ
2546 1902 2620 1954 τὰ
2652 1892 2792 1972 ,περὶ
2828 1892 2938 1972 τῆς
2973 1892 3121 1971 μετὰ
3167 1892 3413 1957 (id-raro}
3463 1908 3715 1972 κρίσεως

536 1963 785 2020 Ηεὸναῖίε
810 1963 999 2032 αῇἱηία
1015 1965 1258 2019 sensisse.

634 2075 971 2133 SUSCEPTI
1004 2074 1416 2134 ARGUMENTI
1456 2074 1873 2132 PROCEMIUM.

547 2169 809 2239 Superior
858 2168 1109 2237 idemque
1138 2167 1384 2223 decimus
1425 2166 1847 2237 Prteparationis
1885 2183 2043 2222 evan-

475 2260 653 2331 geticis
677 2260 833 2325 liber,
862 2274 971 2314 non
995 2259 1110 2326 jam
1132 2259 1315 2314 verbis
1346 2260 1506 2324 meis,
1525 2259 1621 2314 sed
1640 2258 1889 2328 ipsismet
1915 2274 2044 2328 gen-

475 2351 653 2407 tilium
699 2352 982 2407 hominum
1039 2351 1366 2407 testimoniis
1403 2352 1625 2421 planum
1676 2349 1842 2413 fecit,
1875 2364 2041 2421 quam

476 2442 657 2497 simile
688 2442 804 2496 vcri
829 2441 919 2509 sit,
945 2441 1162 2497 Graecos
1186 2451 1382 2512 praeter
1408 2456 1572 2495 unam
1589 2441 1648 2496 in
1675 2439 1910 2496 dicendo
1932 2442 2041 2496 vim

478 2542 533 2588 et
564 2534 912 2605 elegantiam,
952 2533 1213 2602 sapientis
1243 2542 1297 2588 et
1322 2532 1525 2588 eruditi
1558 2532 1693 2586 nihil
1723 2531 1887 2587 domo
1909 2547 2043 2603 pro-

473 2624 692 2685 tulisse.
717 2624 810 2678 sed
846 2622 1096 2679 barbaris
1119 2624 1304 2679 omnia
1332 2622 1628 2680 sulfuratos
1653 2638 1777 2678 esse
1812 2641 1827 2677 :
1875 2623 2042 2679 adeo-

474 2734 582 2789 que
613 2734 680 2773 ne
705 2719 822 2788 ipsa
856 2718 1073 2787 quidem
1092 2716 1451 2774 Hebraeorum
1486 2718 1769 2788 ignorasse
1799 2718 2040 2786 oracula,

476 2809 572 2864 sed
596 2823 659 2864 ea
678 2808 858 2879 potius
881 2824 947 2862 ex
973 2816 1127 2879 parte
1156 2809 1349 2864 saltem
1396 2808 1642 2878 attigisse
1678 2825 1693 2862 :
1733 2823 1859 2863 cum
1891 2823 1959 2863 ne
1986 2808 2043 2862 in

476 2900 611 2970 ipsis
647 2898 865 2969 quidem
894 2899 1176 2953 hominum
1205 2913 1432 2953 suorum
1459 2898 1716 2967 operibus
1745 2906 1893 2953 tanta
1917 2912 2041 2953 cum

475 2992 771 3046 ambitione
801 2990 1131 3061 conscriptis
1160 2996 1343 3045 castas
1395 2990 1465 3045 ab
1505 2990 1653 3044 omni
1716 2990 1864 3045 furto
1895 2990 2041 3045 inte-

476 3099 711 3156 grasque
750 3098 947 3139 manus
988 3096 1319 3137 conservare
1377 3083 1671 3153 potuerint.
1707 3081 1844 3137 Nam
1893 3080 2043 3139 fures

2213 1971 2425 2039 ὁμοίως
2463 1971 2749 2039 Ἑϐραίοις
2768 1970 2867 2025 καὶ
2889 1970 3140 2027 Πλάτων
3160 1974 3407 2028 ἔσεσθαι
3423 1970 3708 2029 πιστεύει.

2414 2082 2798 2135 ΠΡΟΟΙΜΙΟΝ
2835 2078 2976 2135 ΤΗΣ
3014 2081 3429 2139 ΥΠΟΘΕΣΕΩΣ.

2222 2174 2281 2228 Ὀ
2325 2173 2424 2245 μέν
2451 2173 2516 2245 δὴ
2546 2174 2641 2228 τοῦ
2679 2172 2817 2245 μετὰ
2847 2176 3034 2245 χεῖρας
3066 2175 3352 2246 προάγων,
3389 2177 3491 2247 τῆς
3525 2178 3715 2247 Euar-

2142 2264 2385 2335 γελικπῆς
2430 2262 2942 2333 Προπάρασκευῆς
2991 2262 3214 2328 δέκατος
3263 2264 3338 2318 ὣν
3371 2266 3566 2337 τόμος,
3616 2269 3718 2320 οὐκ

2142 2358 2302 2427 ἐμαῖς
2332 2358 2555 2425 φωναῖς,
2583 2358 2702 2419 ταῖς
2727 2354 2771 2408 δ’
2800 2354 2996 2420 ἔξωθεν
3029 2355 3250 2428 συνίστη
3284 2358 3631 2430 μαρτυρίαις,
3657 2356 3719 2411 τὸ

2146 2447 2221 2519 μὴ
2251 2445 2477 2509 ἀπεικὸς
2515 2443 2652 2499 εἶναι
2677 2446 2803 2509 τοὺς
2833 2446 3100 2517 Ἕλληνας
3131 2446 3294 2518 μηδὲν
3319 2447 3530 2501 οἴκοθεν
3556 2448 3718 2517 σοφὸν

2143 2536 2628 2607 ἐπενηνεγμένους,
2662 2538 2711 2589 εί
2756 2534 2831 2607 μὴ
2857 2536 3139 2607 ὃτιμόνην
3172 2535 3287 2607 τὴν
3309 2537 3367 2591 ἐν
3401 2536 3581 2607 λόγοις
3611 2537 3720 2591 δει-

2143 2626 2341 2697 νότητά
2361 2642 2420 2677 τε
2449 2625 2542 2678 καὶ
2569 2624 2919 2693 εὐγλωττίαν,
2944 2626 3011 2678 τά
3041 2625 3217 2677 πάντα
3247 2624 3305 2677 δὲ
3342 2626 3492 2697 παρά
3517 2626 3719 2698 βαρὸά-

2147 2734 2254 2789 ρων
2304 2717 2823 2787 ἐσκευωρημένους·
2860 2716 2996 2787 μηδέ
3025 2717 3095 2769 τὰ
3144 2714 3411 2787 Ἐϐραίων
3454 2717 3718 2789 ἀγνοῆσαι

2141 2808 2319 2875 λόγια,
2348 2809 2442 2862 καὶ
2469 2808 2676 2861 τούτων
2699 2807 2756 2860 δὲ
2778 2808 2836 2860 ἐν
2872 2807 3030 2879 μέρει
3060 2805 3408 2877 καθάψασθαι
3426 2824 3439 2838 ο
3469 2809 3551 2861 ὅτι
3582 2808 3718 2879 μηδὲ

2142 2903 2240 2972 τῆς
2276 2899 2382 2954 τῶν
2431 2899 2705 2972 σφετέρων
2746 2901 2803 2953 ἐν
2847 2898 3241 2971 συγγράμμασι
3279 2898 3584 2970 φιλοτιμίας
3619 2916 3721 2953 κα-

2145 2990 2315 3062 θαράς
2339 2989 2671 3060 ἐφυλάξαντο
2700 2990 2906 3060 κλοπῆς
2935 2991 3035 3054 τὰς
3065 2992 3271 3061 χεῖρας.
3320 2990 3576 3054 κλέπτας
3608 2991 3721 3059 γὰρ

2144 3082 2341 3146 αὐτοὺς
2374 3083 2473 3152 οὐχ
2510 3084 2539 3135 ό
2572 3083 2699 3154 παρ’
2746 3081 2939 3153 ἡμῶν,
2969 3081 3045 3144 ὡς
3089 3080 3246 3153 ἔφην,
3282 3081 3474 3151 λόγος,
3520 3084 3549 3136 ὁ
3586 3081 3629 3134 δ’
3654 3080 3721 3147 ἐξ

475 3175 598 3231 illos
620 3175 845 3230 omnino
878 3174 1208 3235 fuissegnon
1234 3188 1374 3239 mea,
1400 3175 1481 3229 uti
1504 3175 1619 3244 jam
1645 3173 1782 3240 dixi,
1814 3173 1914 3230 sed
1943 3188 2044 3229 sua

2149 3171 2326 3227 αὐτῶν
2362 3174 2767 3244 παρεστήσατος
2789 3172 2865 3225 Οὐ
2898 3171 3006 3243 μὴν
3036 3171 3173 3227 ἀλλά
3198 3173 3308 3226 καὶ
3341 3173 3545 3244 σφόδρα
3571 3172 3722 3234 νέως

476 3266 718 3337 ipsorum
756 3283 894 3324 voce
946 3266 1338 3323 demonstravi.
1372 3266 1537 3338 508
1569 3265 1859 3332 Praeterea,
1880 3280 2045 3339 quam

476 3357 581 3428 ipsi
610 3358 900 3429 prudentia
934 3358 1101 3414 simul
1129 3365 1396 3429 aetateque
1417 3358 1649 3427 juvenes
1679 3357 1820 3424 sint,
1852 3372 2048 3428 quam-

474 3464 582 3519 que
611 3449 773 3520 longo
804 3449 1092 3504 intervallo
1124 3449 1197 3504 ab
1224 3449 1316 3504 illa
1347 3447 1697 3505 Hebraeorum
1724 3448 2048 3517 antiquitate

474 3538 755 3607 disiuncti,
779 3540 971 3595 eodem
1008 3540 1149 3595 libro
1177 3555 1244 3595 ex
1272 3540 1406 3594 inita
1451 3547 1760 3610 temporum
1793 3544 1936 3595 inter
1961 3555 2047 3596 se-

475 3642 535 3684 se
567 3629 916 3683 contentione
941 3629 1314 3699 cognovimus.
1346 3628 1523 3698 Atque
1545 3629 1628 3684 ba:
1663 3629 1961 3699 superioris
1981 3629 2049 3684 li-

476 3720 560 3774 bri
590 3729 775 3788 partes
807 3720 1033 3775 luerunt
1052 3722 1275 3775 omnino
1291 3720 1433 3775 duae.
1461 3718 1580 3774 Jam
1607 3735 1738 3776 vero
1759 3721 1849 3776 hic
1884 3737 2045 3792 quem

476 3823 590 3881 prie
621 3810 875 3865 manibus
903 3810 1190 3876 habemus,
1228 3810 1283 3866 id
1308 3811 1449 3881 agit,
1485 3820 1545 3865 ut
1572 3809 1769 3865 factam
1806 3826 1837 3865 a
1888 3813 2047 3869 nobis

476 3901 922 3969 promissionem,
950 3902 1226 3973 quoddam
1263 3903 1420 3973 quasi
1448 3918 1646 3957 nomen
1682 3917 1748 3957 ac
1780 3903 2045 3972 debitum,

477 3999 867 4063 repraesentet,
902 3994 1161 4063 illamque
1204 3995 1519 4050 Graecorum
1575 3994 2045 4065 philosophorum,

476 4085 525 4139 si
581 4085 765 4140 minus
824 4086 881 4140 in
936 4086 1214 4152 omnibus,
1243 4087 1295 4140 in
1331 4086 1611 4143 nonnullis
1649 4096 1797 4144 certe
1824 4086 2047 4157 quidem

475 4175 692 4246 placitis
748 4186 911 4246 atque
955 4180 1190 4235 decretis
1241 4195 1364 4233 cum
1416 4179 1768 4235 Hebraeorum
1807 4178 2049 4233 oraculis

374 4302 431 4339 κ,
477 4266 898 4323 consensionem
929 4268 1158 4339 aperiat.
1200 4267 1400 4323 Verum
1449 4277 1508 4323 ut
1548 4268 1685 4324 alios
1739 4273 2047 4338 praetereat,

477 4364 735 4426 tanquam
760 4357 941 4412 minus
966 4359 1073 4412 hoc
1104 4359 1229 4414 loco
1259 4359 1608 4414 necessarios
1629 4397 1646 4422 ,
1678 4358 1923 4412 omnium
1957 4372 2050 4413 co-

476 4448 755 4518 ryphaeum
787 4450 1101 4520 appellabit,
1134 4450 1285 4521 quod
1333 4451 1508 4506 instar
1540 4451 1784 4505 omnium
1828 4448 2052 4503 Platone

2147 3262 2282 3335 ὁμοῦ
2301 3267 2367 3337 τῇ
2393 3267 2648 3336 φρονήσει
2667 3277 2691 3305 ι
2711 3265 2803 3317 καὶ
2824 3264 2923 3335 τὴν
2939 3262 3151 3334 ἡλικίαν
3169 3265 3385 3330 αὐτοὺς,
3399 3265 3549 3338 παρά
3571 3264 3726 3318 πλεῖ-

2130 3366 2271 3408 ·στον
2301 3356 2425 3408 ὅσον
2449 3358 2548 3427 τῆς
2584 3354 2874 3426 Ἑϐραῖκῆς
2910 3353 3263 3425 λειπομένους
3300 3356 3683 3427 ἀρχαιολογίας
3703 3392 3721 3419 ,

2146 3448 2205 3500 ἐν
2231 3446 2413 3519 ταυτῷ
2445 3447 2531 3501 διὰ
2564 3447 2663 3517 τῆς
2696 3445 2804 3500 τῶν
2835 3445 3042 3518 χρόνων
3075 3446 3429 3518 παραθέσεως
3455 3447 3720 3517 ἔγνωμεν.

2149 3537 2333 3592 Ταῦτα
2358 3539 2456 3610 μὲν
2481 3534 2575 3592 οὖν
2603 3539 2632 3590 ό
2666 3537 2773 3609 πρὸ
2803 3537 3016 3593 τούτου.
3061 3538 3119 3591 '0
3158 3538 3216 3591 δέ
3245 3555 3308 3606 γε
3353 3536 3542 3608 παρὼν
3572 3536 3723 3590 ἐπεί-

2147 3646 2304 3697 γεται
2335 3629 2518 3682 λοιπὸν
2541 3630 2663 3701 ἤδη,
2686 3628 2874 3700 ὥσπερ
2894 3646 2956 3682 τι
2989 3629 3167 3700 χρέος,
3186 3628 3283 3699 τὴν
3309 3627 3723 3699 ἐπηγγελμένην

2150 3721 2443 3792 ὑπόσχεσιν
2468 3718 2781 3784 ἀποδοῦναι,
2811 3723 2903 3773 καὶ
2929 3721 3027 3791 τὴν
3054 3720 3110 3773 ἐν
3146 3736 3307 3783 τισιν,
3335 3721 3384 3771 εί
3421 3720 3515 3773 καὶ
3555 3718 3630 3791 μὴ
3665 3720 3723 3771 ἐν

2149 3814 2437 3877 πᾶσι,τοίς
2450 3811 2795 3881 δογματικοῖς
2829 3810 3169 3884 θεωρήμασι,
3195 3811 3330 3885 πρὸς
3361 3811 3428 3864 τά
3459 3808 3723 3881 Ἐϐραίων
3787 3842 3793 3846 -

2150 3904 2306 3972 λόγια
2352 3903 2672 3974 συμφωνίαν
2713 3902 2820 3956 τῶν
2871 3904 3000 3974 παρ’
3041 3903 3267 3975 Ἕλλησι
3301 3902 3599 3973 φιλοσόφων
3632 3902 3723 3953 ἐκ,

2151 3994 2314 4060 φᾶναι
2336 4008 2349 4021 ·
2378 3985 2453 4046 ὧν
2492 3993 2619 4054 τοὺς
2655 3994 2945 4062 περιττοὺς
2972 3994 3476 4065 παραιτησάμενος,
3517 3990 3607 4044 τὸν
3640 4007 3728 4043 κο-

2154 4086 2379 4154 ρυφαῖον
2420 4083 2676 4137 ἁπάντων
2722 4085 3102 4151 ἀνακαλεῖται,
3163 4086 3309 4156 μόνῳ
3366 4084 3562 4158 χρῆναι
3608 4078 3725 4131 ἀντὶ

2153 4178 2368 4231 πάντων
2406 4176 2708 4249 ἡγούμενος
2735 4178 2972 4251 γνώμονι
3016 4177 3322 4251 χρήσασθαι
3350 4179 3445 4235 τοῦ
3482 4172 3723 4244 προϐλή-

2156 4286 2337 4340 ματος.
2353 4269 2626 4324 Πλάτωνι·
2657 4270 2781 4324 ἐπεὶ
2811 4271 2904 4324 καὶ
2937 4263 3093 4333 οὗτος
3112 4269 3279 4339 ,μόνος
3302 4263 3465 4328 ἔοικε,
3500 4266 3566 4335 τῇ
3599 4263 3724 4335 δόξῃ

2151 4361 2276 4424 τοὺς
2309 4360 2518 4423 πάντας
2548 4362 2999 4433 ὑπερακοντίσας,
3029 4359 3310 4430 αὐτάρκης
3342 4358 3473 4427 ἡμῖν
3498 4356 3718 4410 ἐσεταιδ

2153 4451 2289 4522 πρὸς
2322 4450 2419 4522 τὴν
2458 4450 2552 4503 τοῦ
2582 4451 2912 4523 ζητουμένου
2950 4449 3230 4502 σύστασιν.
3274 4447 3338 4499 Et
3381 4445 3441 4499 δέ
3469 4463 3573 4498 που
3617 4446 3726 4499 δέοι

476 4539 744 4592 duntaxat
773 4554 912 4602 uno,
939 4550 1200 4608 tanquam
1245 4550 1515 4610 susceptae
1545 4540 1933 4610 disputationis
1962 4554 2046 4593 re-

2158 4539 2452 4611 σαφηνείας
2483 4540 2643 4593 ἕνεκα
2681 4539 2782 4609 τῆς
2812 4538 2905 4591 τοῦ
2950 4536 3141 4609 ἀνδρὸς
3184 4534 3452 4598 διανοίας,
3500 4534 3727 4596 καὶτοῖς

476 4629 600 4699 gula
633 4628 895 4683 utendum
920 4645 1043 4685 esse
1069 4630 1340 4700 videatur,
1366 4632 1567 4703 quippe
1593 4646 1776 4701 quem,
1816 4631 1892 4685 uti
1928 4629 2053 4684 reli-

479 4734 622 4787 quos
648 4735 791 4776 unus
813 4736 1006 4776 omnes
1032 4721 1358 4778 eruditionis
1390 4723 1562 4794 gloria
1606 4723 1766 4793 longe
1793 4722 2055 4777 multum-

477 4824 585 4879 que
609 4811 910 4878 superavit,
942 4811 1017 4865 ita
1039 4813 1174 4867 satis
1203 4814 1431 4868 omnino
1464 4828 1560 4883 per
1593 4827 1714 4867 sese
1756 4813 1950 4879 nobis,
1984 4812 2053 4867 ad

480 4898 618 4953 hanc
641 4900 999 4968 quaestionem
1026 4902 1388 4957 deliniendam
1407 4912 1460 4957 et
1482 4901 1925 4957 constituendam
1962 4900 2048 4955 fu-

478 4997 659 5044 turum
703 5000 974 5060 putemus.
1026 4991 1184 5058 Quod
1224 4991 1399 5047 sicubi
1450 4992 1518 5046 ad
1550 4992 1927 5048 illustrandam
1954 4993 2052 5046 ho-

479 5082 642 5138 minis
676 5083 1003 5138 sententiam
1032 5099 1171 5153 opus
1195 5082 1381 5151 fuerit,
1409 5098 1601 5138 eorum
1628 5084 1793 5138 etiam
1845 5085 1939 5154 qui
1983 5085 2052 5139 ad

478 5176 651 5244 ipsius
681 5177 1042 5248 philosophiae
1073 5178 1338 5233 rationem
1385 5177 1664 5233 adhaesere
1688 5217 1702 5242 ,
1734 5177 2051 5232 testimonia

479 5266 773 5336 proferam,
800 5269 1091 5337 ipsissimis
1115 5284 1304 5323 eorum
1340 5268 1524 5325 verbis
1550 5269 1615 5324 ad
1643 5267 1902 5338 majorem
1924 5282 2055 5339 pro-

2151 4630 2249 4703 τὴν
2285 4632 2402 4685 κατ’
2436 4633 2598 4685 αὐτὸν
2634 4630 2931 4701 ἐζηλωκόσι
2955 4628 3272 4699 φιλοσοφίαν
3292 4626 3565 4699 μάρτυρσι
3597 4623 3727 4694 χρή-

2155 4739 2338 4793 σομαι,
2379 4722 2479 4786 τὰς
2530 4721 2711 4776 αὐτῶν
2739 4720 3102 4793 ἐκϐησόμενος
3130 4716 3311 4787 φωνάς
3348 4717 3440 4770 ἐπὶ
3476 4713 3730 4769 συστάσει

2150 4813 2245 4867 τοῦ
2270 4814 2649 4886 προκειμένου.
2670 4811 3003 4885 Τετηρήσθω
3025 4812 3082 4864 δέ
3112 4828 3222 4881 μοι,
3245 4810 3308 4863 τὸ
3336 4808 3411 4881 μὴ
3436 4806 3591 4860 πάντ’
3613 4805 3732 4856 ἐπι-

2150 4906 2328 4977 τυχῶς
2368 4905 2616 4977 εἰρῆσθαι
2667 4903 2746 4975 τῷ
2777 4904 2951 4975 ἀνδρὶ,
2983 4906 3030 4957 εί
3059 4904 3152 4957 καὶ
3198 4903 3264 4956 τὰ
3312 4900 3539 4955 πλεῖστα
3581 4891 3733 4963 αὐτῷ

2160 5000 2257 5052 σὺν
2287 4997 2513 5069 ἀληθείᾳ
2546 4996 2949 5068 ἐκπεφώνηται.
2981 4998 3046 5049 Ὃ
3079 4996 3144 5065 δὴ
3177 4996 3271 5048 καὶ
3305 4991 3434 5048 αὐτὸ
3466 4985 3606 5040 κατὰ
3642 4983 3734 5037 τδν

2158 5089 2343 5142 δέοντα
2387 5088 2577 5160 καιρὸν
2622 5089 3067 5160 παραστήσομεν,
3100 5089 3199 5139 οὐκ
3250 5080 3415 5136 αὑτοῦ
3462 5077 3734 5147 διαϐολῆς,

2160 5180 2452 5249 ἀπολογίας
2482 5181 2539 5233 δὲ
2567 5181 2842 5250 ἡμετέρας
2889 5180 3081 5250 χάριν,
3112 5175 3179 5230 δι’
3208 5174 3275 5245 ἢν
3324 5170 3421 5242 τὴν
3464 5168 3737 5245 βάρϐαρον

2162 5269 2480 5341 φιλοσοφίαν
2527 5275 2625 5343 τῆς
2671 5271 2985 5342 Ἑλληνικῆς
3042 5263 3411 5339 ὁμολογοῦμεν
3457 5274 3738 5331 προησμε·

479 5357 643 5427 positi
678 5359 984 5427 argumenti
1018 5358 1174 5413 (idem
1200 5359 1700 5427 ccrtitudinemque
1741 5359 2050 5428 productis.
2080 5416 2093 5427 ,
2162 5361 2393 5415 νικέναι.

481 5447 749 5504 Caeterum
773 5458 833 5504 ut
862 5449 910 5505 is
925 5467 1054 5507 vere
1085 5451 1343 5523 pleraque
1376 5451 1765 5522 pronuntiarit,
1800 5451 1934 5507 illud
1987 5451 2268 5508 observari
2306 5456 2488 5510 tamen
2542 5470 2609 5510 ac
2668 5453 2891 5509 retineri
2932 5451 3111 5515 velim,
3133 5461 3242 5502 non
3287 5457 3412 5499 eum
3443 5454 3657 5511 semper
3678 5436 3736 5490 in

483 5543 735 5599 omnibus
794 5553 965 5611 recte,
992 5555 1156 5616 atque
1187 5546 1263 5600 uti
1302 5562 1392 5603 res
1442 5546 1777 5617 postulabat,
1832 5546 2279 5617 philosophatum
2309 5564 2453 5606 esse.
2477 5548 2634 5616 Quod
2668 5554 2847 5618 ipsum
2880 5560 3097 5617 quoque
3127 5557 3228 5599 suo
3244 5541 3369 5596 loco
3392 5539 3737 5593 demonstra-

484 5636 688 5699 bimus,
714 5654 823 5694 non
854 5641 1043 5712 utique
1073 5641 1398 5697 criminandi
1443 5642 1683 5697 hominis
1711 5642 1916 5709 animo,
1980 5643 2076 5697 sed
2113 5642 2328 5699 consilii
2368 5644 2540 5702 nostri
2569 5641 2896 5701 defendendi
2923 5653 3110 5706 causa,
3132 5633 3537 5708 quibarbaram
3561 5643 3591 5684 a
3629 5638 3739 5681 uo-

484 5727 569 5780 bis
590 5728 985 5799 philosophiam
1030 5728 1219 5785 Grmca
1244 5730 1513 5800 potiorem
1540 5731 1783 5787 habitam
1822 5745 1945 5789 esse
1967 5729 2260 5787 fateamur.

555 5859 584 5886 ι
615 5843 699 5900 ἵσ.
727 5848 825 5913 τήν
853 5863 912 5899 τε
939 5846 1219 5918 φρόνησιν.
1294 5847 1323 5888 ι’
1351 5866 1440 5919 γρ.
1483 5847 1721 5906 ἔσεσθαι.
