4194 6484
465 408 573 469 858

992 519 1391 577 ΚΕΦΔΛΑῘΟΝ
1431 519 1509 570 A'.

466 638 570 706 Ὠς
590 639 629 707 ἡ
656 636 805 692 κατὰ
826 634 1116 690 Πλάτωνα
1144 633 1477 707 φιτὶοσοςρία
1492 629 1569 699 τῇ
1587 630 1717 707 ante"
1747 629 2048 696 Ἐϐραίους

615 702 687 763 ἐν
710 707 834 774 τοῖς
857 703 1351 774 ἀναγκαιοτάτοις
1373 702 1889 770 ἐπηκολούθησεν.

534 820 632 883 El;
667 819 795 890 τρία
818 816 1082 879 διελόντος
1119 813 1258 886 μέρη
1296 812 1388 866 τοῦ
1420 811 1707 876 Πλάτωνος
1738 810 1831 864 τὸν
1871 810 2050 863 πάντα

464 915 563 984 τῆς
596 909 914 981 φιλοσοφίας
950 909 1129 977 λόγον,
1164 908 1245 970 εἰς
1272 905 1520 976 φυσικὸν,
1553 904 1764 973 ἠθικὸν,
1795 902 2045 971 λογικόνο

466 996 563 1052 εἶτ’
609 994 675 1054 αὖ
724 997 887 1051 πάλιν
919 997 1011 1050 τὸν
1070 995 1298 1064 φυσικὸν
1346 992 1656 1064 διελομένων
1714 992 1796 1055 εἴς
1842 1008 1905 1045 τε
1947 990 2048 1061 τὴν

464 1092 574 1146 τῶν
630 1090 906 1162 αἰσθητῶν
961 1089 1229 1162 θεωρίαν,
1266 1089 1362 1143 καὶ
1407 1088 1506 1159 τὴν
1564 1085 1675 1140 τῶν
1740 1084 2049 1156 ἀσωμάτων

464 1182 822 1255 κατανόησιν·
864 1180 1046 1254 εὕροις
1097 1179 1165 1234 ἂν
1208 1180 1305 1232 καὶ
1330 1181 1461 1250 παρ’
1510 1178 1781 1250 Ἑϐραίοις
1825 1176 1884 1229 τὸ
1927 1193 2048 1247 τρι-

467 1276 632 1348 μερὲς
692 1274 851 1329 τοῦτο
908 1274 1009 1343 τῆς
1064 1273 1414 1336 διδασκαλίας
1466 1267 1634 1334 εἶδος,
1695 1270 1777 1323 ὅτι
1837 1269 1900 1341 δὴ
1955 1268 2049 1322 καὶ

462 1369 594 1440 παρ’
626 1367 810 1429 αὐτοῖς
845 1367 913 1420 τὰ
941 1367 1122 1437 ὅμοια,
1157 1364 1390 1436 πρόσθεν
1417 1363 1450 1434 ἢ
1492 1361 1754 1416 Πλάτωνα
1774 1359 2045 1429 γενέσθαι,

464 1459 913 1530 πεφιλοσόφηται.
977 1454 1201 1529 Πρῶτον
1246 1455 1301 1508 δὲ
1324 1454 1433 1508 τῶν
1478 1454 1764 1516 Πλάτωνος
1816 1450 2048 1505 ἀκοῦσαι

461 1548 633 1616 ἀξιον,
663 1546 762 1603 εἷθ’
791 1549 935 1603 οὕτω
959 1549 1054 1603 καὶ
1087 1547 1156 1602 τὰ
1181 1546 1447 1619 Ἐὅραὲων
1471 1545 1860 1615 ἐπισκοπῆσαι.
1888 1544 2049 1614 Θήσω

460 1640 518 1694 δὲ
569 1640 635 1694 τὰ
681 1641 982 1711 ἀρέσκοντα
1020 1640 1265 1693 Πλάτωνι
1314 1640 1424 1693 ἀπὸ
1459 1637 1569 1692 τῶν
1598 1637 1668 1690 τὰ
1715 1635 1878 1691 αὑτοῦ
1913 1652 2049 1708 πρε-

465 1732 786 1799 σϐευόντων,
814 1728 888 1787 ὧν
927 1734 1191 1799 Ἀττικὸς,
1221 1733 1483 1803 διαφανής
1513 1731 1652 1803 ἀνὴρ
1685 1729 1794 1783 τῶν
1829 1728 2051 1782 Πλατω-

462 1823 629 1879 νικῶν
663 1824 986 1895 φιλοσόφων,
1003 1824 1109 1879 ὧδέ
1140 1844 1217 1898 πη
1243 1824 1312 1877 τὰ
1340 1823 1598 1877 δοκοῦντα
1623 1821 1700 1893 τῷ
1733 1821 1887 1893 ἀνδρὶ
1913 1819 2050 1885 διέξ-

1673 396 1996 453 ΡΒίΕΡΑΒ.
2038 394 2292 452 EVANG.
2347 393 2475 449 LIB.
2518 389 2608 449 XI.

2072 521 2119 578 Δ

3625 391 3731 449 816

2779 507 3011 565 CAPUT
3045 509 3085 564 l.

2151 624 2396 679 Platonis
2427 621 2835 692 philosophiam,
2876 623 2934 674 in
2961 622 3039 692 iis
3076 637 3192 692 qua:
3225 621 3466 675 omnium
3494 623 3718 679 maximo

2223 690 2519 748 necessaria
2541 690 2685 760 sunt,
2716 708 2836 746 cum
2860 692 2958 746 illa
2995 690 3339 746 Hebrazorum
3361 694 3654 749 convenire.

2220 808 2300 863 Ac
2329 807 2568 878 primum
2593 806 2838 877 quidem,
2863 821 2991 861 cum
3033 815 3145 861 tres
3177 806 3231 860 in
3270 814 3452 876 partes
3483 822 3513 860 a
3544 806 3727 862 Plato-

2150 916 2222 956 ne
2252 900 2508 955 universa
2552 898 2912 970 philosophiae
2958 898 3103 952 ratio
3136 898 3435 965 dividatur,
3465 899 3521 953 in
3572 909 3729 955 natu-

2151 1009 2293 1059 ram,
2343 1008 2550 1059 mores,
2598 1007 2664 1048 ac
2689 991 2997 1048 disserendi
3037 990 3189 1044 vim:
3225 991 3420 1047 deinde
3455 1007 3584 1063 pars
3630 992 3726 1047 illa

2150 1103 2368 1154 rursus,
2392 1103 2515 1157 quas
2541 1086 2608 1142 de
2629 1094 2823 1141 natura
2844 1086 3106 1155 disputat,
3132 1086 3194 1139 in
3220 1101 3433 1152 eorum,
3453 1101 3576 1155 quae.
3602 1099 3728 1139 sen-

2150 1181 2304 1236 sibus
2330 1187 2687 1249 usurpantur,
2711 1178 3090 1233 tractationem
3111 1185 3165 1232 et
3182 1185 3506 1232 naturarum
3528 1190 3727 1246 corpo-

2150 1272 2227 1328 ris
2268 1273 2573 1341 expertium
2611 1270 3025 1341 intelligentiam
3059 1270 3129 1324 ab
3162 1269 3351 1324 eodem
3405 1269 3678 1322 tribuatur
3708 1285 3725 1323 :

2151 1363 2292 1434 apud
2344 1362 2602 1418 Hebraeos
2650 1377 2871 1433 quoque
2909 1361 3245 1431 tripartilum
3292 1360 3422 1415 illud
3464 1360 3728 1416 doctrinae

2151 1469 2323 1525 genus
2368 1453 2653 1524 reperias,
2709 1453 2858 1524 quod
2916 1453 3177 1506 nimirum
3224 1459 3526 1521 antequam
3570 1451 3728 1506 Plato
3822 1480 3828 1485 -

2151 1556 2493 1611 nasceretur,
2525 1544 2706 1600 alIinia
2745 1560 2974 1614 prorsus
3013 1559 3077 1598 ac
3110 1544 3331 1614 gemina
3372 1543 3726 1613 disputarint.

2150 1639 2229 1693 Ac
2270 1637 2552 1693 Platonem
2583 1639 2802 1707 quidem
2852 1637 3029 1708 ipsum
3078 1637 3133 1690 in
3168 1636 3363 1706 primis
3415 1636 3725 1702 audiamus,

2151 1729 2315 1802 509
2367 1739 2427 1785 ut
2475 1729 2739 1785 Hebraica
2793 1731 3052 1799 dogmata
3097 1729 3557 1799 contemplemur.
3612 1726 3727 1785 Nos

2153 1838 2285 1878 vero
2332 1820 2577 1877 Platonis
2597 1822 2703 1876 hoc
2726 1822 2779 1875 in
2810 1836 3008 1891 genere
3035 1822 3395 1888 sententiam,
3434 1836 3500 1875 ex
3534 1836 3728 1876 eorum

461 1932 620 1981 εισιν,
649 1918 707 1970 ὲν
738 1911 821 1981 οἷς
849 1918 1063 1971 ἵσταται
1086 1919 1221 1989 πρὸς
1253 1918 1381 1982 τοὺς
1402 1917 1491 1970 διὰ
1511 1915 1618 1969 τῶν
1644 1912 2042 1986 Ἀριστοτέλους

2151 1915 2247 1987 qui
2278 1915 2684 1971 studiosissime
2715 1914 2955 1969 hominis
2978 1913 3194 1969 decreta
3219 1913 3538 1978 defendunt,
3567 1928 3730 1969 erue-

459 2008 528 2062 τὰ
562 2008 845 2072 Πλάτωνος
870 2009 1357 2081 ὑπισχνουμένους.

2151 2024 2296 2064 mus.
2324 2006 2408 2062 Ex
2434 2008 2501 2064 iis
2526 2017 2706 2064 autem
2727 2007 2963 2070 Atticus,
2988 2007 3073 2061 vir
3096 2006 3412 2063 Platonicos
3435 2008 3578 2061 inter
3600 2009 3727 2077 phi-

461 2098 720 2170 losophos
774 2102 1153 2165 clarissimus,
1226 2103 1371 2156 hunc
1420 2100 1474 2155 in
1508 2099 1731 2155 modum
1773 2106 2009 2153 mentem
2048 2099 2227 2169 ipsius
2275 2102 2693 2172 doctrinamque
2726 2099 3104 2171 prosequitur,
3157 2100 3250 2154 ubi
3299 2100 3564 2156 adversus
3608 2100 3730 2156 illos

462 2197 721 2269 disputat,
746 2199 844 2271 qui
866 2199 1173 2257 Aristotelis
1203 2200 1451 2256 doctrina
1483 2196 1725 2253 Platonis
1758 2211 1879 2252 sese
1911 2196 2316 2269 philosophiam
2340 2200 2477 2254 tueri
2508 2200 2855 2270 proﬁtentur.

1000 2289 1398 2343 ΚΕΦΑΛΑΙΟΝ
1430 2288 1505 2342 Β¹.

472 2378 740 2434 Ἀττικοῦ
770 2380 911 2448 Περὶ
945 2378 1054 2435 τοῦ
1085 2381 1395 2450 τριμεροῦς
1425 2379 1534 2449 τῆς
1565 2382 1716 2437 κατὰ
1754 2375 2043 2432 Πλάτωνα

1067 2452 1449 2520 φιλοσοφίας.

537 2580 556 2614 ‹
592 2562 764 2635 Τριχῆ
794 2561 973 2616 τοίνυν
1011 2561 1390 2633 διαιρουμένης
1424 2564 1523 2634 τῆς
1552 2564 1800 2630 ἐντελοῦς
1825 2565 2038 2636 φιλοσο-

458 2648 607 2718 φίας,
641 2651 721 2713 εῐς
755 2666 814 2703 τε
855 2650 946 2703 τὸν
980 2649 1169 2720 ἠθικὸν
1197 2650 1530 2723 καλούμενον
1554 2656 1774 2726 τρόπον,
1810 2658 1905 2710 καὶ
1945 2657 2038 2711 τὸν

458 2741 706 2807 φυσικὸν,
734 2744 827 2796 καὶ
872 2742 951 2796 ἔτι
995 2742 1088 2796 τὸν
1135 2742 1384 2812 λογικόν·
1420 2747 1514 2799 καὶ
1553 2747 1645 2801 τοῦ
1678 2749 1776 2819 μὲν
1822 2749 2037 2822 πρώτου

457 2833 962 2897 κατασκευάζοντος
1014 2833 1170 2905 ήμῶν
1201 2835 1431 2890 ἕκαστον
1476 2837 1641 2891 καλὸν
1683 2841 1778 2893 καὶ
1811 2841 2037 2910 ἀγαθὸν,

457 2921 554 2976 καὶ¹
581 2924 708 2987 τοὺς
743 2923 925 2990 οἴκους
953 2925 1108 2989 ὅλους
1136 2927 1217 2990 είς
1242 2927 1304 2980 τὸ
1338 2928 1558 3000 ἄριστον
1590 2931 2039 3003 ὲπανορθοῦντος,

459 3014 560 3084 ήδη
588 3015 644 3069 δὲ
678 3016 771 3070 καὶ
791 3017 963 3088 δῆμον
990 3018 1281 3089 σύμπαντα
1317 3020 1562 3093 πολιτείᾳ
1591 3025 1657 3095 τῇ
1683 3024 2037 3099 διαφεροῦσῃ,

456 3107 555 3158 καὶ
591 3107 778 3177 νόμοις
809 3112 921 3173 τοῖς
948 3109 1364 3181 ἀκριϐεστάτοις
1391 3113 1754 3185 κοσμοῦντοςο
1784 3117 1879 3171 τοῦ
1916 3118 2040 3172 δευ-

2783 2289 3013 2345 CAPUT
3040 2287 3102 2345 11.

2255 2380 2335 2437 De
2361 2381 2635 2452 tripartita
2662 2381 2908 2438 Platonis
2938 2382 3296 2454 philosophia,
3321 2397 3386 2436 ea:
3420 2382 3623 2436 Attico.

2223 2579 2243 2614 ι
2281 2561 2419 2617 Cum
2437 2562 2626 2634 igitur,
2658 2564 2857 2635 inquit,
2890 2573 3003 2620 tres
3036 2565 3091 2619 in
3120 2572 3304 2635 partes
3321 2564 3530 2635 integra
3553 2561 3730 2633 perfe-

2144 2660 2340 2725 ctaque
2386 2654 2729 2725 philosophia
2779 2655 3071 2722 dividatur,
3125 2655 3229 2710 hoc
3271 2662 3355 2709 est
3393 2653 3448 2707 in
3491 2667 3729 2720 morum,

2146 2756 2378 2815 naturae,
2426 2749 2840 2819 disserendique
2868 2748 3209 2813 doctrinam;
3254 2760 3488 2816 quarum
3545 2745 3726 2814 prima

2146 2839 2241 2895 illa
2266 2854 2377 2894 non
2410 2840 2658 2910 singulos
2697 2841 2862 2895 modo
2896 2847 3143 2894 nostrum
3197 2838 3372 2893 bonos
3423 2850 3487 2891 ac
3524 2836 3729 2905 probos

2148 2930 2366 2998 alliciat,
2390 2946 2582 2986 verum
2613 2932 2778 2988 etiam
2829 2930 3065 2986 familias
3116 2930 3357 2999 integras
3380 2928 3447 2982 ad
3484 2927 3729 2982 castissi-

2147 3038 2294 3077 mam
2317 3024 2439 3077 vitae
2461 3024 2723 3078 rationem
2753 3023 3029 3079 informet.
3049 3021 3294 3090 adeoque
3321 3019 3580 3090 populum
3607 3019 3727 3072 uui—

2145 3127 2366 3168 versum
2399 3113 2686 3169 excellenti
2719 3114 2954 3183 quodam
2984 3112 3297 3183 reipublicae
3321 3125 3537 3181 genere,
3570 3118 3624 3165 et
3646 3124 3732 3163 ac-

458 3194 618 3268 τέρου
642 3198 701 3252 δὲ
726 3199 863 3270 πρὸς
892 3199 990 3271 τὴν
1016 3202 1144 3271 περὶ
1171 3200 1279 3256 τῶν
1322 3202 1483 3257 θείων
1524 3205 1724 3274 γνῶσιν
1746 3208 2041 3279 διήκοντος,

2148 3203 2516 3259 curatissimis
2535 3204 2744 3275 legibus
2772 3202 3055 3269 instituat;
3107 3204 3345 3257 secunda
3375 3216 3504 3257 vero
3541 3202 3608 3257 ad
3637 3216 3728 3257 re-

459 3288 639 3343 αὐτῶν
692 3307 753 3344 τε
800 3290 908 3345 τῶν
966 3291 1217 3364 πρώτων,
1265 3297 1360 3349 καὶ
1404 3296 1513 3351 τῶν
1553 3297 1763 3364 αἰτίων,
1798 3300 1891 3354 καὶ
1941 3303 2047 3356 τῶν

457 3380 652 3449 ἄλλων,
680 3383 780 3436 ὃσα
832 3385 897 3435 ὲκ
943 3383 1147 3437 τούτων
1193 3386 1421 3454 γίνεται,
1474 3387 1511 3443 ἀ
1558 3389 1621 3461 δὴ
1657 3392 1784 3464 περὶ
1833 3392 2048 3462 φύσεως

459 3474 699 3546 ἱστορίαν
730 3476 759 3526 ὁ
795 3475 1021 3529 Πλάτων
1061 3476 1378 3549 ὠνόμακεν*
1414 3482 1493 3545 είς
1520 3481 1578 3534 δὲ
1605 3482 1707 3553 τὴν
1752 3485 1881 3555 περὶ
1923 3486 2046 3539 τού-

452 3580 562 3618 των
590 3565 917 3638 ἀμφοτέρων
966 3567 1239 3640 διάκρισίν
1266 3587 1328 3623 τε
1356 3572 1450 3624 καὶ
1492 3572 1710 3642 εὕρεσιν
1738 3574 1832 3628 τοῦ
1860 3577 2045 3646 τρίτου

454 3657 1054 3729 παραλαμόανομένουο
1107 3660 1189 3714 ὅτι
1246 3662 1344 3732 μὲν
1387 3663 1611 3717 Πλάτων
1665 3666 1903 3738 πρῶτος,
1954 3671 2046 3723 καὶ

457 3746 695 3817 μάλιστα
733 3750 1062 3819 συναγείρας
1093 3754 1172 3815 εἰς
1203 3751 1261 3806 ἓν
1292 3754 1472 3808 πάντα
1505 3755 1573 3808 τά
1598 3756 1697 3827 τῆς
1727 3756 2045 3828 φιλοσοφίας

458 3845 621 3916 μέρη,
648 3846 785 3911 τέως
815 3848 1189 3919 ὲσκεδασμένα
1222 3850 1316 3903 καὶ
1343 3850 1725 3923 διερριμμένα,
1762 3852 1952 3926 ὥσπερ
1977 3855 2045 3909 τὰ

453 3935 549 3989 τοῦ
589 3938 837 4003 Πενθέως
875 3939 1031 4010 μέλη,
1060 3941 1311 4013 καθάπερ
1342 3939 1461 3996 εἷπέ
1486 3960 1589 4007 τις,
1628 3944 1825 4015 σῶμάιι
1854 3964 1913 3999 τε
1949 3946 2043 3999 καὶ¹

455 4026 593 4091 ζῶον
614 4030 906 4103 ὁλόκληρον
938 4033 1184 4106 ἀπέφηνε
1224 4036 1320 4105 τὴν
1344 4037 1681 4106 φιλοσοφίαν,
1710 4037 1845 4108 δῆλα
1881 4039 2041 4092 παντὶ

455 4115 741 4189 λεγόμενα.
768 4123 905 4177 Οὔτε
933 4124 1043 4197 γὰρ
1073 4128 1119 4179 οἱ
1153 4127 1280 4198 περὶ
1301 4126 1503 4197 Θαλῆν,
1531 4127 1622 4180 καὶ
1661 4127 2039 4199 Ἀναξιμένην,

457 4212 553 4266 καὶ
592 4215 976 4287 Ἀναξαγόραν,
1025 4218 1120 4270 καὶ
1170 4219 1283 4271 ὅσοι
1333 4218 1475 4272 κατά
1532 4219 1727 4272 ταυτὸν
1783 4220 2041 4289 γεγόνασι

455 4303 685 4371 τούτοις,
716 4307 1037 4376 ἀγνοοῦνται
1067 4309 1193 4380 περὶ
1224 4310 1388 4381 μόνην
1422 4311 1518 4381 τὴν
1546 4312 1687 4383 ὑπὲρ
1706 4311 1806 4382 τῆς
1826 4312 2041 4381 φύσεως

456 4397 566 4452 τῶν
598 4398 766 4452 όντων
806 4400 998 4471 σκέψιν
1047 4400 1458 4473 διατρίψαντες·
1496 4402 1556 4454 οὐ
1605 4402 1711 4473 μὴν
1744 4401 1864 4454 οὐδὲ
1911 4402 2041 4454 Πιτ-

453 4489 638 4554 τακὸς,
686 4491 780 4543 καὶ
815 4491 1164 4563 Περίανδρος,
1196 4492 1290 4545 καὶ
1332 4491 1534 4560 Σόλων,
1561 4492 1655 4546 καὶ
1701 4491 2035 4564 Λυκοῦργος,

2151 3308 2277 3347 rum
2305 3292 2617 3349 divinarum
2646 3294 3019 3364 cognitionem
3048 3293 3120 3346 ita
3144 3291 3430 3362 pertineat,
3452 3291 3529 3346 uti
3560 3291 3728 3346 simul

2150 3394 2205 3439 et
2233 3385 2510 3455 principes
2530 3385 2652 3441 illas
2685 3399 2993 3455 causasque
3027 3394 3371 3449 caeterarum,
3397 3397 3630 3453 quaeque
3656 3398 3727 3439 ex

2150 3478 2258 3531 illis
2286 3478 2442 3543 ﬁunt,
2474 3477 2713 3547 reliquas
2743 3492 2937 3531 omnes
2990 3476 3408 3546 colitempletur,
3441 3488 3607 3545 quam
3632 3490 3728 3529 na-

2148 3573 2287 3621 tura
2336 3566 2620 3621 historiam
2668 3564 2826 3622 Plato
2871 3566 3246 3636 nuncupavit;
3281 3566 3438 3620 tertia
3489 3565 3730 3635 denique

2148 3660 2216 3715 ad
2244 3659 2532 3714 certiorem
2564 3659 2863 3729 superioris
2893 3661 3181 3729 utriusque
3233 3657 3630 3714 discussionem
3672 3667 3729 3713 ct

2148 3750 2515 3806 inventionem
2563 3760 2917 3807 assumatur:
2976 3750 3257 3805 Platonem
3289 3751 3589 3818 exstitisse,
3630 3751 3727 3821 qui

2146 3850 2331 3911 partes
2378 3841 2500 3896 illas
2548 3856 2741 3898 omnes
2784 3842 3146 3913 phil030phia2
3180 3843 3473 3916 dissipatas
3496 3854 3728 3903 eatenus

2146 3942 2312 4003 atque
2370 3933 2649 4003 disjectas,
2682 3934 2765 3989 sic
2795 3944 3055 4004 tanquam
3085 3933 3312 3991 Penthei
3343 3938 3586 3992 membra
3609 3978 3625 4003 ,
3665 3947 3730 3993 ut

2145 4039 2421 4080 nonnemo
2450 4026 2607 4090 dixit,
2638 4018 2851 4095 primus
2878 4026 3021 4080 idem
3081 4027 3429 4096 maximeque
3488 4028 3727 4098 comple-

2145 4133 2270 4183 xus,
2310 4118 2708 4187 philosophiam
2739 4119 2794 4171 in
2832 4121 2994 4173 unius
3025 4119 3307 4187 cujusdam
3339 4120 3605 4189 corporis,
3640 4128 3727 4174 at~

2143 4225 2254 4280 que
2306 4211 2499 4281 integri
2528 4210 2823 4264 animantis
2867 4210 3107 4280 speciem
3130 4210 3452 4266 contlavcrit
3471 4249 3486 4275 ,
3512 4213 3582 4266 ab
3603 4226 3726 4265 om-

2144 4303 2308 4359 nibus
2364 4303 2650 4374 prmdicari
2706 4311 2946 4357 constat.
3003 4300 3218 4357 Nemini
3248 4303 3449 4373 quippe
3490 4304 3721 4359 dubium
3766 4342 3771 4347 -

2143 4402 2228 4449 est
2281 4396 2413 4465 quin
2468 4392 2689 4459 Thales,
2758 4393 3161 4459 Anaximenes,
3211 4394 3611 4464 Anaxagoras,
3665 4404 3723 4450 et

2143 4494 2416 4556 quotquot
2450 4495 2708 4554 praeterea
2741 4484 2843 4540 sub
2875 4483 3018 4537 idem
3044 4483 3226 4539 vixere
3253 4493 3485 4555 tempus,
3523 4486 3576 4539 in
3603 4485 3721 4541 sola

455 4580 549 4633 καὶ
585 4583 634 4633 οἱ
677 4580 1051 4653 παραπλήσιοι
1088 4581 1321 4646 τούτοις,
1372 4581 1698 4637 λανθάνουσί
1745 4600 1896 4646 τινας
1938 4583 2040 4654 τὴν

2148 4576 2349 4632 fuerint
2401 4584 2610 4631 natura:
2650 4590 2834 4631 rerum
2875 4575 3310 4631 consideratione
3352 4576 3578 4632 versati.
3607 4574 3730 4630 Pit-

456 4672 633 4725 αὐτῶν
677 4672 989 4742 φιλοσοφίαν
1029 4675 1109 4737 είς
1141 4673 1415 4728 πολιτείαν
1453 4674 1780 4737 καταθέντες
1802 4692 1813 4702 ·
1850 4676 2039 4745 Ζήνων

455 4760 533 4825 δὲ,
566 4763 661 4815 καὶ
687 4767 792 4818 πᾶν
829 4765 891 4817 τὸ
935 4766 1241 4821 Ἐλεατικὸν
1291 4766 1449 4820 τοῦτο
1503 4765 1893 4828 διδασκαλεῖον,
1943 4766 2038 4819 καὶ

457 4856 587 4910 αὐτὸ
610 4857 883 4930 γνώριμον
906 4861 997 4913 ἐπὶ
1020 4863 1083 4931 τῇ
1109 4861 1272 4935 τέχνῃ
1286 4861 1395 4915 τῶν
1415 4862 1587 4931 λόγων
1607 4860 1840 4933 μάλιστα
1869 4878 2037 4914 σπου-

454 4945 644 4999 δάσαν.
676 4949 898 5013 Τούτοις
942 4950 1000 5003 δὲ
1052 4952 1435 5023 ἐπιγενόμενος
1488 4953 1735 5017 Πλάτων,
1783 4954 1924 5025 ἀνὴρ
1971 4954 2037 5005 ἐκ

455 5035 671 5105 φύσεως
697 5037 998 5111 ἀρτιτελὴς,
1018 5042 1112 5094 καὶ
1144 5042 1276 5095 πολὺ
1301 5043 1613 5112 διενεγκὼν,
1628 5039 1715 5097 οἷα
1747 5044 2037 5114 κατάπεμ-

455 5138 607 5186 πτος,
633 5122 708 5186 ὡς
736 5124 968 5196 ἀληθῶς,
994 5130 1058 5181 ὲκ
1106 5128 1265 5193 θεῶν,
1305 5132 1371 5184 ἵν’
1396 5131 1689 5202 ὁλόκληρος
1723 5132 1861 5204 ὀφθῇ
1903 5134 1936 5203 ἡ
1970 5133 2037 5186 δι’

454 5210 619 5266 αὐτοῦ
654 5213 764 5284 (21)
808 5217 1113 5286 φιλοσοφία,
1151 5222 1366 5293 παρῆκέ
1399 5240 1460 5276 τε
1493 5224 1669 5287 οὐδὲν,
1704 5224 1799 5277 καὶ
1827 5225 2036 5278 ἕκαστα

451 5305 749 5376 ἡκρίϐωσε,
765 5309 899 5379 μήτε
915 5310 1177 5366 ἐλλείπων
1193 5315 1332 5385 πρὸς
1342 5315 1401 5367 τὸ
1413 5316 1727 5383 ἀναγκαῖον,
1747 5317 1883 5385 μήτε
1901 5316 2038 5387 πρὸς

451 5397 513 5450 τὸ
536 5397 804 5470 ἄχρηστον
831 5400 1146 5473 έξενεχθείς.
1188 5406 1340 5460 Ἐπεὶ
1371 5406 1550 5460 τοίνυν
1583 5407 1802 5461 πάντων
1827 5406 2038 5478 ἔφαμεν

456 5492 696 5560 μετεῖναι
719 5491 796 5562 τῷ
822 5492 1171 5566 Πλατωνικῷ,
1201 5499 1297 5552 καὶ
1328 5499 1756 5569 φυσιολογοῦντι,
1781 5501 1877 5555 καὶ
1908 5503 2037 5573 περὶ

451 5579 600 5652 ἠθῶν
635 5581 863 5653 λέγοντι,
889 5587 986 5639 καὶ
1019 5586 1405 5661 διαλεγομένῳ,
1433 5590 1587 5661 φέρε,
1628 5591 1751 5645 καθ’
1806 5592 2038 5647 ἕκαστον

453 5674 894 5748 ἐπισκεψώμεθα.
939 5699 959 5732 ι
986 5678 1169 5734 Ταῦτα
1205 5681 1303 5753 μὲν
1328 5684 1357 5735 ό
1398 5682 1665 5748 ’Δττικός.
1695 5685 2039 5756 Ἐπιμαρτνι-

524 5799 550 5828 α
581 5789 666 5845 ῑσ.
702 5807 774 5846 τι.

525 5900 637 5976 (2t)
674 5904 735 5962 Ἠ
769 5904 844 5960 δι’
872 5904 1079 5965 αὐτοῦ.
1108 5906 1291 5965 Malim
1321 5908 1513 5966 abesse
1540 5908 1834 5966 articulum
1862 5912 1922 5979 ή.

2144 4676 2300 4724 tacus
2331 4679 2538 4734 autem,
2558 4667 2874 4733 Periander,
2900 4655 3089 4730 Solon,
3117 4665 3421 4739 Lycurgus,
3446 4683 3511 4723 ac
3540 4668 3721 4724 caeteri

2140 4760 2196 4816 id
2223 4775 2416 4830 genus,
2442 4776 2599 4816 suam
2639 4776 2859 4817 omnem
2886 4761 3286 4832 philosowiiam
3325 4762 3379 4814 in
3408 4760 3721 4830 reipublicae

2140 4867 2333 4907 curam
2377 4867 2441 4908 ac
2480 4853 2722 4909 studium
2758 4863 2943 4923 aperte
2971 4853 3343 4910 contulerunt.
3374 4851 3523 4921 Zeno
3558 4853 3718 4908 deni-

2141 4961 2250 5016 que
2302 4955 2358 5002 et
2421 4946 2515 5001 illa
2566 4948 2747 5002 omnis
2801 4945 3048 5002 Eleatica
3111 4947 3320 5007 schola,
3370 4947 3503 5016 quin
3542 4946 3717 5016 potis—

2141 5039 2345 5093 simum
2424 5040 2479 5093 in
2525 5039 2828 5095 disserendi
2896 5049 3068 5094 artem
3127 5039 3483 5105 incubuerit,
3556 5053 3719 5093 nemo

2139 5132 2303 5187 etiam
2333 5140 2436 5199 est,
2466 5132 2560 5203 qui
2606 5132 2835 5188 nesciat.
2866 5133 2935 5186 At
2981 5147 3111 5186 vero
3148 5132 3233 5187 his
3264 5131 3521 5186 omnibus
3562 5129 3718 5184 Plato

2141 5226 2465 5292 succedens,
2500 5227 2587 5280 vir
2617 5241 2655 5279 a
2676 5234 2871 5280 natura
2906 5224 3069 5295 510
3094 5224 3345 5295 partibus
3371 5223 3630 5278 omnibus
3650 5238 3721 5277 ac

2140 5316 2389 5372 numeris
2411 5317 2713 5383 absolutus,
2740 5317 3006 5386 longeque
3035 5315 3245 5371 caeteris
3262 5314 3610 5380 antecellens,
3630 5323 3720 5369 ut-

2140 5415 2267 5478 pote
2300 5411 2524 5465 deorum
2580 5411 2741 5480 plane
2787 5424 3014 5465 munere
3047 5410 3302 5477 donoque
3343 5406 3567 5472 mlssus,
3620 5421 3719 5476 per

2139 5516 2303 5573 quem
2341 5502 2547 5574 integra
2579 5502 2796 5556 tandem
2838 5488 3130 5570 aliquando
3160 5497 3505 5568 philosophia
3530 5512 3721 5552 cerne-

2137 5603 2311 5660 retur,
2344 5600 2399 5647 et
2421 5592 2685 5662 praeteriit
2714 5591 2938 5646 omnino
2966 5590 3125 5649 nihil.
3148 5600 3202 5644 et
3226 5588 3439 5659 singula
3454 5602 3624 5644 suam
3648 5588 3718 5643 ad

2137 5687 2507 5744 maturitatem
2541 5685 2614 5741 ita
2639 5685 2914 5758 perduxit,
2944 5698 3003 5739 ut
3025 5698 3203 5760 neque
3233 5682 3527 5740 necessarii
3563 5679 3724 5752 quid.
