  <div class='ocr_page' id='page_1' title='image "/cluster/home/n/w/nwhite01/storage/ocr_20150623/21:no.3/coo.31924054873017/439.png"; bbox 0 0 4156 6420; ppageno 0'>
   <div class='ocr_carea' id='block_1_1' title="bbox 470 348 3740 412">
    <p class='ocr_par' dir='ltr' id='par_1_1' title="bbox 470 348 3740 412">
     <span class='ocr_line' id='line_1_1' title="bbox 470 348 3740 412; baseline -0.002 -1"><span class='ocrx_word' id='word_1_1' title='bbox 470 352 577 411; x_wconf 76' lang='grc' dir='ltr'><strong>ειτ</strong></span> <span class='ocrx_word' id='word_1_2' title='bbox 1132 354 1397 411; x_wconf 83' lang='lat' dir='ltr'><strong>EUSEBII</strong></span> <span class='ocrx_word' id='word_1_3' title='bbox 1432 350 1911 412; x_wconf 67' lang='lat' dir='ltr'><strong>CAESARIENSIS</strong></span> <span class='ocrx_word' id='word_1_4' title='bbox 1947 350 2098 406; x_wconf 85' lang='lat' dir='ltr'><strong>OPP.</strong></span> <span class='ocrx_word' id='word_1_5' title='bbox 2139 348 2325 405; x_wconf 81' lang='lat' dir='ltr'><strong>PARS</strong></span> <span class='ocrx_word' id='word_1_6' title='bbox 2364 350 2428 406; x_wconf 89' lang='lat' dir='ltr'><strong>ll.</strong></span> <span class='ocrx_word' id='word_1_7' title='bbox 2468 380 2539 392; x_wconf 90' lang='lat'><strong>—-</strong></span> <span class='ocrx_word' id='word_1_8' title='bbox 2578 349 3081 407; x_wconf 81' lang='lat' dir='ltr'><strong>APOLOGETICA.</strong></span> <span class='ocrx_word' id='word_1_9' title='bbox 3634 349 3740 405; x_wconf 65' lang='grc'><strong>848</strong></span> 
     </span>
    </p>
   </div>
   <div class='ocr_carea' id='block_1_2' title="bbox 471 466 2040 541">
    <p class='ocr_par' dir='ltr' id='par_1_2' title="bbox 471 468 2040 539">
     <span class='ocr_line' id='line_1_2' title="bbox 471 468 2040 539; baseline -0.002 -14"><span class='ocrx_word' id='word_1_10' title='bbox 471 485 638 539; x_wconf 83' lang='lat' dir='ltr'><strong>quant</strong></span> <span class='ocrx_word' id='word_1_11' title='bbox 670 468 994 534; x_wconf 88' lang='lat' dir='ltr'><strong>desiderari,</strong></span> <span class='ocrx_word' id='word_1_12' title='bbox 1026 484 1205 539; x_wconf 87' lang='lat' dir='ltr'><strong>neque</strong></span> <span class='ocrx_word' id='word_1_13' title='bbox 1231 469 1409 539; x_wconf 82' lang='lat' dir='ltr'><strong>abripi</strong></span> <span class='ocrx_word' id='word_1_14' title='bbox 1432 484 1554 524; x_wconf 88' lang='lat' dir='ltr'><strong>sese</strong></span> <span class='ocrx_word' id='word_1_15' title='bbox 1580 468 1646 523; x_wconf 87' lang='lat' dir='ltr'><strong>ad</strong></span> <span class='ocrx_word' id='word_1_16' title='bbox 1679 468 1866 523; x_wconf 90' lang='lat' dir='ltr'><strong>inania</strong></span> <span class='ocrx_word' id='word_1_17' title='bbox 1891 479 2040 538; x_wconf 84' lang='lat' dir='ltr'><strong>pate-</strong></span> 
     </span>
    </p>
   </div>
   <div class='ocr_carea' id='block_1_3' title="bbox 2144 466 3735 541">
    <p class='ocr_par' dir='ltr' id='par_1_3' title="bbox 2150 466 3735 541">
     <span class='ocr_line' id='line_1_3' title="bbox 2150 466 3735 541; baseline 0.001 -21"><span class='ocrx_word' id='word_1_18' title='bbox 2150 470 2234 538; x_wconf 87' lang='grc' dir='ltr'><strong>ρεῖ</strong></span> <span class='ocrx_word' id='word_1_19' title='bbox 2255 467 2313 521; x_wconf 81' lang='grc' dir='ltr'>δὲ</span> <span class='ocrx_word' id='word_1_20' title='bbox 2342 470 2457 531; x_wconf 91' lang='grc' dir='ltr'>τοῖς</span> <span class='ocrx_word' id='word_1_21' title='bbox 2481 467 2666 532; x_wconf 75' lang='grc' dir='ltr'>αὐτοῖς</span> <span class='ocrx_word' id='word_1_22' title='bbox 2709 469 2803 522; x_wconf 79' lang='grc' dir='ltr'><strong>καὶ</strong></span> <span class='ocrx_word' id='word_1_23' title='bbox 2833 469 2864 521; x_wconf 85' lang='grc' dir='ltr'><strong>ό</strong></span> <span class='ocrx_word' id='word_1_24' title='bbox 2891 466 3331 541; x_wconf 79' lang='grc' dir='ltr'>Περιπατητικὸς</span> <span class='ocrx_word' id='word_1_25' title='bbox 3354 466 3735 541; x_wconf 74' lang='grc' dir='ltr'>Ἀριστοκλῆς,</span> 
     </span>
    </p>
   </div>
   <div class='ocr_carea' id='block_1_4' title="bbox 467 555 2040 633">
    <p class='ocr_par' dir='ltr' id='par_1_4' title="bbox 467 560 2040 633">
     <span class='ocr_line' id='line_1_4' title="bbox 467 560 2040 633; baseline -0.004 -14"><span class='ocrx_word' id='word_1_26' title='bbox 467 575 635 619; x_wconf 89' lang='lat' dir='ltr'><strong>retur.</strong></span> <span class='ocrx_word' id='word_1_27' title='bbox 668 563 939 631; x_wconf 82' lang='lat' dir='ltr'><strong>Quoniam</strong></span> <span class='ocrx_word' id='word_1_28' title='bbox 957 563 1121 633; x_wconf 78' lang='lat' dir='ltr'><strong>igitur</strong></span> <span class='ocrx_word' id='word_1_29' title='bbox 1143 561 1407 617; x_wconf 77' lang='lat' dir='ltr'><strong>Platonici</strong></span> <span class='ocrx_word' id='word_1_30' title='bbox 1428 560 1737 631; x_wconf 86' lang='lat' dir='ltr'><strong>philosophi</strong></span> <span class='ocrx_word' id='word_1_31' title='bbox 1758 560 2040 630; x_wconf 78' lang='lat' dir='ltr'><strong>proprium</strong></span> 
     </span>
    </p>
   </div>
   <div class='ocr_carea' id='block_1_5' title="bbox 2144 555 3739 633">
    <p class='ocr_par' dir='ltr' id='par_1_5' title="bbox 2150 555 3739 632">
     <span class='ocr_line' id='line_1_5' title="bbox 2150 555 3739 632; baseline 0.001 -19"><span class='ocrx_word' id='word_1_32' title='bbox 2150 562 2208 613; x_wconf 81' lang='grc' dir='ltr'><strong>ὲν</strong></span> <span class='ocrx_word' id='word_1_33' title='bbox 2232 559 2445 631; x_wconf 76' lang='grc' dir='ltr'>ἑϐδόμῳ</span> <span class='ocrx_word' id='word_1_34' title='bbox 2459 562 2873 632; x_wconf 76' lang='grc' dir='ltr'>συγγράμματι,</span> <span class='ocrx_word' id='word_1_35' title='bbox 2889 555 2963 614; x_wconf 81' lang='grc' dir='ltr'>ὧν</span> <span class='ocrx_word' id='word_1_36' title='bbox 2980 562 3118 630; x_wconf 83' lang='grc' dir='ltr'>Περὶ</span> <span class='ocrx_word' id='word_1_37' title='bbox 3146 562 3549 632; x_wconf 69' lang='grc' dir='ltr'><strong>φυσιολογίας</strong></span> <span class='ocrx_word' id='word_1_38' title='bbox 3584 559 3739 614; x_wconf 81' lang='grc' dir='ltr'>συνέ-</span> 
     </span>
    </p>
   </div>
   <div class='ocr_carea' id='block_1_6' title="bbox 466 646 2040 725">
    <p class='ocr_par' dir='ltr' id='par_1_6' title="bbox 466 651 2040 723">
     <span class='ocr_line' id='line_1_6' title="bbox 466 651 2040 723; baseline -0.001 -16"><span class='ocrx_word' id='word_1_39' title='bbox 466 652 610 709; x_wconf 87' lang='lat' dir='ltr'><strong>hanc</strong></span> <span class='ocrx_word' id='word_1_40' title='bbox 638 656 803 709; x_wconf 90' lang='lat' dir='ltr'><strong>trium</strong></span> <span class='ocrx_word' id='word_1_41' title='bbox 834 654 1052 709; x_wconf 90' lang='lat' dir='ltr'><strong>illorum</strong></span> <span class='ocrx_word' id='word_1_42' title='bbox 1069 653 1512 723; x_wconf 76' lang='lat' dir='ltr'><strong>coniunctionem</strong></span> <span class='ocrx_word' id='word_1_43' title='bbox 1539 667 1662 707; x_wconf 85' lang='lat' dir='ltr'><strong>esse</strong></span> <span class='ocrx_word' id='word_1_44' title='bbox 1675 651 2040 716; x_wconf 79' lang='lat' dir='ltr'><strong>defendimus,</strong></span> 
     </span>
    </p>
   </div>
   <div class='ocr_carea' id='block_1_7' title="bbox 2144 646 3065 725">
    <p class='ocr_par' dir='ltr' id='par_1_7' title="bbox 2146 646 3065 725">
     <span class='ocr_line' id='line_1_7' title="bbox 2146 646 3065 725; baseline 0.002 -21"><span class='ocrx_word' id='word_1_45' title='bbox 2146 651 2329 718; x_wconf 78' lang='grc' dir='ltr'>ταξεν,</span> <span class='ocrx_word' id='word_1_46' title='bbox 2371 646 2475 708; x_wconf 82' lang='grc' dir='ltr'>ὧδε</span> <span class='ocrx_word' id='word_1_47' title='bbox 2507 652 2683 721; x_wconf 77' lang='grc' dir='ltr'>λέγων</span> <span class='ocrx_word' id='word_1_48' title='bbox 2721 653 2860 724; x_wconf 78' lang='grc' dir='ltr'>πρὸς</span> <span class='ocrx_word' id='word_1_49' title='bbox 2890 650 3065 725; x_wconf 73' lang='grc' dir='ltr'>ῥῆμα.</span> 
     </span>
    </p>
   </div>
   <div class='ocr_carea' id='block_1_8' title="bbox 466 742 3740 813">
    <p class='ocr_par' dir='ltr' id='par_1_8' title="bbox 466 742 3740 813">
     <span class='ocr_line' id='line_1_8' title="bbox 466 742 3740 813; baseline 0 -14"><span class='ocrx_word' id='word_1_50' title='bbox 466 746 543 800; x_wconf 89' lang='lat' dir='ltr'><strong>uti</strong></span> <span class='ocrx_word' id='word_1_51' title='bbox 570 746 637 801; x_wconf 92' lang='lat' dir='ltr'><strong>de</strong></span> <span class='ocrx_word' id='word_1_52' title='bbox 664 761 849 802; x_wconf 85' lang='lat' dir='ltr'><strong>rerum</strong></span> <span class='ocrx_word' id='word_1_53' title='bbox 879 753 1076 802; x_wconf 91' lang='lat' dir='ltr'><strong>natura</strong></span> <span class='ocrx_word' id='word_1_54' title='bbox 1101 744 1363 813; x_wconf 83' lang='lat' dir='ltr'><strong>disputet,</strong></span> <span class='ocrx_word' id='word_1_55' title='bbox 1397 744 1468 799; x_wconf 92' lang='lat' dir='ltr'><strong>de</strong></span> <span class='ocrx_word' id='word_1_56' title='bbox 1520 758 1738 798; x_wconf 88' lang='lat' dir='ltr'><strong>morum</strong></span> <span class='ocrx_word' id='word_1_57' title='bbox 1801 742 2237 800; x_wconf 90' lang='lat' dir='ltr'><strong>conformatione</strong></span> <span class='ocrx_word' id='word_1_58' title='bbox 2271 753 2487 804; x_wconf 88' lang='lat' dir='ltr'><strong>tractet.</strong></span> <span class='ocrx_word' id='word_1_59' title='bbox 2513 760 2578 800; x_wconf 86' lang='lat' dir='ltr'><strong>ac</strong></span> <span class='ocrx_word' id='word_1_60' title='bbox 2609 746 2771 802; x_wconf 91' lang='lat' dir='ltr'><strong>simul</strong></span> <span class='ocrx_word' id='word_1_61' title='bbox 2824 747 2880 801; x_wconf 93' lang='lat' dir='ltr'><strong>in</strong></span> <span class='ocrx_word' id='word_1_62' title='bbox 2921 745 3229 802; x_wconf 75' lang='lat' dir='ltr'><strong>disserendi</strong></span> <span class='ocrx_word' id='word_1_63' title='bbox 3262 744 3522 800; x_wconf 80' lang='lat' dir='ltr'><strong>facultate</strong></span> <span class='ocrx_word' id='word_1_64' title='bbox 3550 758 3740 800; x_wconf 84' lang='lat' dir='ltr'><strong>versa-</strong></span> 
     </span>
    </p>
   </div>
   <div class='ocr_carea' id='block_1_9' title="bbox 466 836 3737 913">
    <p class='ocr_par' dir='ltr' id='par_1_9' title="bbox 466 836 3737 913">
     <span class='ocr_line' id='line_1_9' title="bbox 466 836 3737 913; baseline -0.001 -17"><span class='ocrx_word' id='word_1_65' title='bbox 466 851 558 897; x_wconf 86' lang='lat' dir='ltr'><strong>tus</strong></span> <span class='ocrx_word' id='word_1_66' title='bbox 581 843 677 906; x_wconf 86' lang='lat' dir='ltr'><strong>sit,</strong></span> <span class='ocrx_word' id='word_1_67' title='bbox 714 856 834 913; x_wconf 82' lang='lat' dir='ltr'><strong>age,</strong></span> <span class='ocrx_word' id='word_1_68' title='bbox 871 840 1087 911; x_wconf 87' lang='lat' dir='ltr'><strong>singula</strong></span> <span class='ocrx_word' id='word_1_69' title='bbox 1104 854 1204 910; x_wconf 88' lang='lat' dir='ltr'><strong>per</strong></span> <span class='ocrx_word' id='word_1_70' title='bbox 1235 854 1355 895; x_wconf 88' lang='lat' dir='ltr'><strong>sese</strong></span> <span class='ocrx_word' id='word_1_71' title='bbox 1404 839 1712 896; x_wconf 83' lang='lat' dir='ltr'><strong>videamus.</strong></span> <span class='ocrx_word' id='word_1_72' title='bbox 1770 857 1790 891; x_wconf 69' lang='lat' dir='ltr'><strong>i</strong></span> <span class='ocrx_word' id='word_1_73' title='bbox 1820 836 1948 894; x_wconf 82' lang='lat' dir='ltr'><strong>Haec</strong></span> <span class='ocrx_word' id='word_1_74' title='bbox 2009 838 2244 895; x_wconf 78' lang='lat' dir='ltr'><strong>Atticus.</strong></span> <span class='ocrx_word' id='word_1_75' title='bbox 2296 841 2378 895; x_wconf 88' lang='lat' dir='ltr'><strong>Ad</strong></span> <span class='ocrx_word' id='word_1_76' title='bbox 2428 856 2552 911; x_wconf 73' lang='lat' dir='ltr'><strong>quae</strong></span> <span class='ocrx_word' id='word_1_77' title='bbox 2617 841 2910 897; x_wconf 82' lang='lat' dir='ltr'><strong>Aristoclis</strong></span> <span class='ocrx_word' id='word_1_78' title='bbox 2968 841 3314 912; x_wconf 85' lang='lat' dir='ltr'><strong>Peripatetici</strong></span> <span class='ocrx_word' id='word_1_79' title='bbox 3360 840 3737 896; x_wconf 88' lang='lat' dir='ltr'><strong>testimonium</strong></span> 
     </span>
    </p>
   </div>
   <div class='ocr_carea' id='block_1_10' title="bbox 462 930 3362 1007">
    <p class='ocr_par' dir='ltr' id='par_1_10' title="bbox 462 930 3362 1007">
     <span class='ocr_line' id='line_1_10' title="bbox 462 930 3362 1007; baseline -0.001 -15"><span class='ocrx_word' id='word_1_80' title='bbox 462 936 692 1003; x_wconf 79' lang='lat' dir='ltr'><strong>accedit,</strong></span> <span class='ocrx_word' id='word_1_81' title='bbox 742 934 841 1007; x_wconf 88' lang='lat' dir='ltr'><strong>qui</strong></span> <span class='ocrx_word' id='word_1_82' title='bbox 876 933 1027 1003; x_wconf 88' lang='lat' dir='ltr'><strong>libro</strong></span> <span class='ocrx_word' id='word_1_83' title='bbox 1059 932 1293 1002; x_wconf 88' lang='lat' dir='ltr'><strong>septimo</strong></span> <span class='ocrx_word' id='word_1_84' title='bbox 1319 946 1511 987; x_wconf 89' lang='lat' dir='ltr'><strong>eorum</strong></span> <span class='ocrx_word' id='word_1_85' title='bbox 1544 946 1685 1002; x_wconf 89' lang='lat' dir='ltr'><strong>quos</strong></span> <span class='ocrx_word' id='word_1_86' title='bbox 1732 930 1809 986; x_wconf 82' lang='lat' dir='ltr'><strong>De</strong></span> <span class='ocrx_word' id='word_1_87' title='bbox 1846 940 2043 985; x_wconf 71' lang='lat' dir='ltr'><strong>natura</strong></span> <span class='ocrx_word' id='word_1_88' title='bbox 2080 932 2433 1003; x_wconf 87' lang='lat' dir='ltr'><strong>conscripsit,</strong></span> <span class='ocrx_word' id='word_1_89' title='bbox 2462 933 2743 1004; x_wconf 87' lang='lat' dir='ltr'><strong>conceptis</strong></span> <span class='ocrx_word' id='word_1_90' title='bbox 2774 934 2956 990; x_wconf 84' lang='lat' dir='ltr'><strong>verbis</strong></span> <span class='ocrx_word' id='word_1_91' title='bbox 2982 935 3060 989; x_wconf 86' lang='lat' dir='ltr'><strong>ita</strong></span> <span class='ocrx_word' id='word_1_92' title='bbox 3096 932 3362 1005; x_wconf 86' lang='lat' dir='ltr'><strong>loquitur.</strong></span> 
     </span>
    </p>
   </div>
   <div class='ocr_carea' id='block_1_11' title="bbox 1076 1046 2040 1104">
    <p class='ocr_par' dir='ltr' id='par_1_11' title="bbox 1076 1046 1427 1104">
     <span class='ocr_line' id='line_1_11' title="bbox 1076 1046 1427 1104; baseline -0.009 0"><span class='ocrx_word' id='word_1_93' title='bbox 1076 1046 1305 1104; x_wconf 82' lang='lat' dir='ltr'><strong>CAPUT</strong></span> <span class='ocrx_word' id='word_1_94' title='bbox 1339 1047 1427 1101; x_wconf 89' lang='grc'><strong>111.</strong></span> 
     </span>
    </p>
   </div>
   <div class='ocr_carea' id='block_1_12' title="bbox 2144 1046 3210 1104">
    <p class='ocr_par' dir='ltr' id='par_1_12' title="bbox 2690 1049 3210 1104">
     <span class='ocr_line' id='line_1_12' title="bbox 2690 1049 3210 1104; baseline 0.004 -2"><span class='ocrx_word' id='word_1_95' title='bbox 2690 1049 3085 1103; x_wconf 80' lang='grc' dir='ltr'><strong>ΚΕΦΑΛΔΙΟΝ</strong></span> <span class='ocrx_word' id='word_1_96' title='bbox 3134 1049 3210 1104; x_wconf 85' lang='grc' dir='ltr'><strong>Γ’.</strong></span> 
     </span>
    </p>
   </div>
   <div class='ocr_carea' id='block_1_13' title="bbox 654 1138 2040 1266">
    <p class='ocr_par' dir='ltr' id='par_1_13' title="bbox 654 1138 1843 1210">
     <span class='ocr_line' id='line_1_13' title="bbox 654 1138 1843 1210; baseline -0.004 -12"><span class='ocrx_word' id='word_1_97' title='bbox 654 1143 733 1198; x_wconf 82' lang='lat' dir='ltr'><strong>De</strong></span> <span class='ocrx_word' id='word_1_98' title='bbox 765 1142 1050 1197; x_wconf 78' lang='lat' dir='ltr'><strong>Platonica</strong></span> <span class='ocrx_word' id='word_1_99' title='bbox 1077 1138 1429 1210; x_wconf 69' lang='lat' dir='ltr'><strong>philosophia,</strong></span> <span class='ocrx_word' id='word_1_100' title='bbox 1463 1155 1527 1194; x_wconf 81' lang='lat' dir='ltr'><strong>ea:</strong></span> <span class='ocrx_word' id='word_1_101' title='bbox 1566 1140 1843 1193; x_wconf 81' lang='lat' dir='ltr'><strong>Aristocle.</strong></span> 
     </span>
    </p>
   </div>
   <div class='ocr_carea' id='block_1_14' title="bbox 2144 1138 3741 1266">
    <p class='ocr_par' dir='ltr' id='par_1_14' title="bbox 2163 1139 3741 1266">
     <span class='ocr_line' id='line_1_14' title="bbox 2163 1139 3741 1266; baseline -0.002 -69"><span class='ocrx_word' id='word_1_102' title='bbox 2163 1142 2639 1212; x_wconf 72' lang='grc' dir='ltr'><strong>Ἀριστοκλέους,</strong></span> <span class='ocrx_word' id='word_1_103' title='bbox 2660 1141 2798 1210; x_wconf 77' lang='grc' dir='ltr'>Περὶ</span> <span class='ocrx_word' id='word_1_104' title='bbox 2831 1141 2942 1266; x_wconf 59' lang='grc' dir='ltr'>τῆις</span> <span class='ocrx_word' id='word_1_105' title='bbox 2984 1142 3135 1199; x_wconf 75' lang='grc' dir='ltr'>κατὰ</span> <span class='ocrx_word' id='word_1_106' title='bbox 3163 1139 3456 1197; x_wconf 76' lang='grc' dir='ltr'>Πλάτωνα</span> <span class='ocrx_word' id='word_1_107' title='bbox 3490 1141 3741 1196; x_wconf 69' lang='grc' dir='ltr'>φιλοσοο</span> 
     </span>
     <span class='ocr_line' id='line_1_15' title="bbox 2860 1229 3023 1266; baseline 0 0"><span class='ocrx_word' id='word_1_108' title='bbox 2860 1231 2900 1266; x_wconf 74' lang='grc' dir='ltr'><strong>φ</strong></span> <span class='ocrx_word' id='word_1_109' title='bbox 2929 1229 3023 1266; x_wconf 82' lang='lat' dir='ltr'><strong>ac.</strong></span> 
     </span>
    </p>
   </div>
   <div class='ocr_carea' id='block_1_15' title="bbox 2858 1229 3023 1282">
    <p class='ocr_par' dir='ltr' id='par_1_15' title="bbox 2858 1229 3023 1282">
     <span class='ocr_line' id='line_1_16' title="bbox 2858 1229 3023 1282; baseline 0 -16"><span class='ocrx_word' id='word_1_110' title='bbox 2858 1229 3023 1282; x_wconf 69' lang='grc' dir='ltr'>φίας.</span> 
     </span>
    </p>
   </div>
   <div class='ocr_carea' id='block_1_16' title="bbox 536 1295 2040 1380">
    <p class='ocr_par' dir='ltr' id='par_1_16' title="bbox 536 1295 2040 1373">
     <span class='ocr_line' id='line_1_17' title="bbox 536 1295 2040 1373; baseline -0.001 -19"><span class='ocrx_word' id='word_1_111' title='bbox 536 1322 555 1354; x_wconf 75' lang='grc' dir='ltr'><strong>ι</strong></span> <span class='ocrx_word' id='word_1_112' title='bbox 588 1301 766 1368; x_wconf 86' lang='lat' dir='ltr'><strong>Plato,</strong></span> <span class='ocrx_word' id='word_1_113' title='bbox 804 1301 991 1373; x_wconf 78' lang='lat' dir='ltr'><strong>inquit</strong></span> <span class='ocrx_word' id='word_1_114' title='bbox 1035 1299 1146 1364; x_wconf 89' lang='lat' dir='ltr'><strong>ille,</strong></span> <span class='ocrx_word' id='word_1_115' title='bbox 1177 1313 1495 1371; x_wconf 87' lang='lat' dir='ltr'><strong>germanum</strong></span> <span class='ocrx_word' id='word_1_116' title='bbox 1522 1295 1952 1367; x_wconf 86' lang='lat' dir='ltr'><strong>perfectumque,</strong></span> <span class='ocrx_word' id='word_1_117' title='bbox 1992 1297 2040 1352; x_wconf 92' lang='lat' dir='ltr'><strong>si</strong></span> 
     </span>
    </p>
   </div>
   <div class='ocr_carea' id='block_1_17' title="bbox 2144 1295 3737 1380">
    <p class='ocr_par' dir='ltr' id='par_1_17' title="bbox 2228 1304 3737 1380">
     <span class='ocr_line' id='line_1_18' title="bbox 2228 1304 3737 1380; baseline -0.003 -18"><span class='ocrx_word' id='word_1_118' title='bbox 2228 1324 2249 1357; x_wconf 75' lang='grc' dir='ltr'><strong>ι</strong></span> <span class='ocrx_word' id='word_1_119' title='bbox 2275 1306 2666 1380; x_wconf 85' lang='grc' dir='ltr'>Ἐφιλοσόφησε</span> <span class='ocrx_word' id='word_1_120' title='bbox 2686 1308 2743 1361; x_wconf 80' lang='grc' dir='ltr'>δὲ</span> <span class='ocrx_word' id='word_1_121' title='bbox 2758 1307 3008 1370; x_wconf 78' lang='grc' dir='ltr'><strong>Πλάτων,</strong></span> <span class='ocrx_word' id='word_1_122' title='bbox 3026 1307 3074 1358; x_wconf 88' lang='grc' dir='ltr'><strong>εί</strong></span> <span class='ocrx_word' id='word_1_123' title='bbox 3092 1304 3185 1359; x_wconf 88' lang='grc' dir='ltr'><strong>καί</strong></span> <span class='ocrx_word' id='word_1_124' title='bbox 3208 1323 3292 1369; x_wconf 89' lang='grc' dir='ltr'><strong>τις</strong></span> <span class='ocrx_word' id='word_1_125' title='bbox 3318 1305 3476 1369; x_wconf 83' lang='grc' dir='ltr'>ἄλλος</span> <span class='ocrx_word' id='word_1_126' title='bbox 3491 1304 3599 1358; x_wconf 82' lang='grc' dir='ltr'>τῶν</span> <span class='ocrx_word' id='word_1_127' title='bbox 3617 1304 3737 1359; x_wconf 76' lang='grc' dir='ltr'><strong>πώ-</strong></span> 
     </span>
    </p>
   </div>
   <div class='ocr_carea' id='block_1_18' title="bbox 459 1385 2040 1469">
    <p class='ocr_par' dir='ltr' id='par_1_18' title="bbox 459 1385 2036 1467">
     <span class='ocr_line' id='line_1_19' title="bbox 459 1385 2036 1467; baseline -0.006 -16"><span class='ocrx_word' id='word_1_128' title='bbox 459 1396 754 1467; x_wconf 88' lang='lat' dir='ltr'><strong>quisquam</strong></span> <span class='ocrx_word' id='word_1_129' title='bbox 787 1394 951 1456; x_wconf 87' lang='lat' dir='ltr'><strong>alius.</strong></span> <span class='ocrx_word' id='word_1_130' title='bbox 981 1390 1401 1465; x_wconf 82' lang='lat' dir='ltr'><strong>philosophandi</strong></span> <span class='ocrx_word' id='word_1_131' title='bbox 1429 1405 1603 1461; x_wconf 89' lang='lat' dir='ltr'><strong>genus</strong></span> <span class='ocrx_word' id='word_1_132' title='bbox 1641 1388 1855 1444; x_wconf 87' lang='lat' dir='ltr'><strong>habuit.</strong></span> <span class='ocrx_word' id='word_1_133' title='bbox 1898 1385 2036 1442; x_wconf 89' lang='lat' dir='ltr'><strong>Nam</strong></span> 
     </span>
    </p>
   </div>
   <div class='ocr_carea' id='block_1_19' title="bbox 2144 1385 3733 1469">
    <p class='ocr_par' dir='ltr' id='par_1_19' title="bbox 2147 1396 3733 1469">
     <span class='ocr_line' id='line_1_20' title="bbox 2147 1396 3733 1469; baseline 0 -18"><span class='ocrx_word' id='word_1_134' title='bbox 2147 1414 2299 1462; x_wconf 88' lang='grc' dir='ltr'>ποτε,</span> <span class='ocrx_word' id='word_1_135' title='bbox 2328 1398 2565 1469; x_wconf 82' lang='grc' dir='ltr'><strong>γνησίως</strong></span> <span class='ocrx_word' id='word_1_136' title='bbox 2596 1400 2692 1451; x_wconf 75' lang='grc' dir='ltr'>καὶ</span> <span class='ocrx_word' id='word_1_137' title='bbox 2739 1398 2980 1462; x_wconf 81' lang='grc' dir='ltr'><strong>τελείως.</strong></span> <span class='ocrx_word' id='word_1_138' title='bbox 3010 1398 3073 1451; x_wconf 81' lang='lat' dir='ltr'><strong>Oi.</strong></span> <span class='ocrx_word' id='word_1_139' title='bbox 3110 1396 3209 1467; x_wconf 81' lang='grc' dir='ltr'>μὲν</span> <span class='ocrx_word' id='word_1_140' title='bbox 3254 1396 3364 1468; x_wconf 75' lang='grc' dir='ltr'><strong>γὰρ</strong></span> <span class='ocrx_word' id='word_1_141' title='bbox 3412 1396 3521 1450; x_wconf 81' lang='grc' dir='ltr'><strong>ἀπὸ</strong></span> <span class='ocrx_word' id='word_1_142' title='bbox 3554 1396 3733 1451; x_wconf 79' lang='grc' dir='ltr'>Θαλοῦ</span> 
     </span>
    </p>
   </div>
   <div class='ocr_carea' id='block_1_20' title="bbox 458 1480 2040 1561">
    <p class='ocr_par' dir='ltr' id='par_1_20' title="bbox 458 1480 2036 1554">
     <span class='ocr_line' id='line_1_21' title="bbox 458 1480 2036 1554; baseline -0.006 -11"><span class='ocrx_word' id='word_1_143' title='bbox 458 1488 705 1547; x_wconf 76' lang='lat' dir='ltr'><strong>Thaletis</strong></span> <span class='ocrx_word' id='word_1_144' title='bbox 738 1497 1041 1544; x_wconf 87' lang='lat' dir='ltr'><strong>sectatores</strong></span> <span class='ocrx_word' id='word_1_145' title='bbox 1084 1488 1142 1542; x_wconf 89' lang='lat' dir='ltr'><strong>in</strong></span> <span class='ocrx_word' id='word_1_146' title='bbox 1180 1496 1393 1542; x_wconf 63' lang='lat' dir='ltr'><strong>naturae</strong></span> <span class='ocrx_word' id='word_1_147' title='bbox 1426 1482 1898 1554; x_wconf 85' lang='lat' dir='ltr'><strong>disputationibus</strong></span> <span class='ocrx_word' id='word_1_148' title='bbox 1932 1480 2036 1535; x_wconf 88' lang='lat' dir='ltr'><strong>toti</strong></span> 
     </span>
    </p>
   </div>
   <div class='ocr_carea' id='block_1_21' title="bbox 2144 1480 3736 1561">
    <p class='ocr_par' dir='ltr' id='par_1_21' title="bbox 2146 1489 3736 1561">
     <span class='ocr_line' id='line_1_22' title="bbox 2146 1489 3736 1561; baseline 0 -17"><span class='ocrx_word' id='word_1_149' title='bbox 2146 1491 2588 1561; x_wconf 75' lang='grc' dir='ltr'><strong>φυσιολογοῦντες</strong></span> <span class='ocrx_word' id='word_1_150' title='bbox 2622 1491 2948 1545; x_wconf 72' lang='grc' dir='ltr'>διετέλεσανο</span> <span class='ocrx_word' id='word_1_151' title='bbox 2966 1491 3015 1543; x_wconf 87' lang='grc' dir='ltr'>οί</span> <span class='ocrx_word' id='word_1_152' title='bbox 3054 1489 3111 1543; x_wconf 86' lang='grc' dir='ltr'>δὲ</span> <span class='ocrx_word' id='word_1_153' title='bbox 3134 1491 3262 1561; x_wconf 75' lang='grc' dir='ltr'>περὶ</span> <span class='ocrx_word' id='word_1_154' title='bbox 3286 1489 3610 1561; x_wconf 83' lang='grc' dir='ltr'><strong>Πυθαγόραν</strong></span> <span class='ocrx_word' id='word_1_155' title='bbox 3628 1490 3736 1544; x_wconf 84' lang='grc' dir='ltr'>ἀπ-</span> 
     </span>
    </p>
   </div>
   <div class='ocr_carea' id='block_1_22' title="bbox 456 1575 2040 1654">
    <p class='ocr_par' dir='ltr' id='par_1_22' title="bbox 456 1575 2038 1654">
     <span class='ocr_line' id='line_1_23' title="bbox 456 1575 2038 1654; baseline -0.008 -13"><span class='ocrx_word' id='word_1_156' title='bbox 456 1592 616 1641; x_wconf 85' lang='lat' dir='ltr'><strong>erant</strong></span> <span class='ocrx_word' id='word_1_157' title='bbox 651 1600 668 1639; x_wconf 90' lang='lat'><strong>:</strong></span> <span class='ocrx_word' id='word_1_158' title='bbox 706 1582 1032 1654; x_wconf 80' lang='lat' dir='ltr'><strong>Pythagorei</strong></span> <span class='ocrx_word' id='word_1_159' title='bbox 1061 1588 1316 1636; x_wconf 80' lang='lat' dir='ltr'><strong>texerunt</strong></span> <span class='ocrx_word' id='word_1_160' title='bbox 1337 1587 1503 1647; x_wconf 89' lang='lat' dir='ltr'><strong>atque</strong></span> <span class='ocrx_word' id='word_1_161' title='bbox 1529 1575 1879 1630; x_wconf 84' lang='lat' dir='ltr'><strong>involverunt</strong></span> <span class='ocrx_word' id='word_1_162' title='bbox 1918 1588 2038 1629; x_wconf 87' lang='lat' dir='ltr'><strong>om-</strong></span> 
     </span>
    </p>
   </div>
   <div class='ocr_carea' id='block_1_23' title="bbox 2144 1575 3736 1654">
    <p class='ocr_par' dir='ltr' id='par_1_23' title="bbox 2147 1579 3736 1653">
     <span class='ocr_line' id='line_1_24' title="bbox 2147 1579 3736 1653; baseline 0.001 -21"><span class='ocrx_word' id='word_1_163' title='bbox 2147 1581 2455 1652; x_wconf 73' lang='grc' dir='ltr'>εκρύψαντο</span> <span class='ocrx_word' id='word_1_164' title='bbox 2514 1582 2722 1636; x_wconf 81' lang='grc' dir='ltr'>πάντα’</span> <span class='ocrx_word' id='word_1_165' title='bbox 2752 1579 3062 1653; x_wconf 75' lang='grc' dir='ltr'><strong>Ξενοφάνης</strong></span> <span class='ocrx_word' id='word_1_166' title='bbox 3091 1580 3147 1633; x_wconf 87' lang='grc' dir='ltr'>δὲ</span> <span class='ocrx_word' id='word_1_167' title='bbox 3181 1580 3276 1634; x_wconf 74' lang='grc' dir='ltr'>καὶ</span> <span class='ocrx_word' id='word_1_168' title='bbox 3295 1582 3342 1634; x_wconf 88' lang='grc' dir='ltr'>οί</span> <span class='ocrx_word' id='word_1_169' title='bbox 3376 1580 3472 1633; x_wconf 82' lang='grc' dir='ltr'>ἀπ’</span> <span class='ocrx_word' id='word_1_170' title='bbox 3502 1581 3736 1647; x_wconf 78' lang='grc' dir='ltr'>ἐκείνου,</span> 
     </span>
    </p>
   </div>
   <div class='ocr_carea' id='block_1_24' title="bbox 456 1666 2040 1746">
    <p class='ocr_par' dir='ltr' id='par_1_24' title="bbox 456 1666 2036 1746">
     <span class='ocr_line' id='line_1_25' title="bbox 456 1666 2036 1746; baseline -0.008 -14"><span class='ocrx_word' id='word_1_171' title='bbox 456 1678 547 1732; x_wconf 90' lang='lat' dir='ltr'><strong>nia</strong></span> <span class='ocrx_word' id='word_1_172' title='bbox 574 1695 588 1731; x_wconf 89' lang='lat'><strong>:</strong></span> <span class='ocrx_word' id='word_1_173' title='bbox 615 1674 984 1746; x_wconf 79' lang='lat' dir='ltr'><strong>Xenophanes</strong></span> <span class='ocrx_word' id='word_1_174' title='bbox 1014 1673 1247 1743; x_wconf 86' lang='lat' dir='ltr'><strong>ejusque</strong></span> <span class='ocrx_word' id='word_1_175' title='bbox 1276 1669 1534 1740; x_wconf 89' lang='lat' dir='ltr'><strong>discipuli</strong></span> <span class='ocrx_word' id='word_1_176' title='bbox 1564 1668 1682 1723; x_wconf 89' lang='lat' dir='ltr'><strong>suis</strong></span> <span class='ocrx_word' id='word_1_177' title='bbox 1723 1666 1833 1722; x_wconf 89' lang='lat' dir='ltr'><strong>illis</strong></span> <span class='ocrx_word' id='word_1_178' title='bbox 1867 1681 2036 1737; x_wconf 84' lang='lat' dir='ltr'><strong>argu-</strong></span> 
     </span>
    </p>
   </div>
   <div class='ocr_carea' id='block_1_25' title="bbox 2144 1666 3738 1746">
    <p class='ocr_par' dir='ltr' id='par_1_25' title="bbox 2144 1671 3738 1746">
     <span class='ocr_line' id='line_1_26' title="bbox 2144 1671 3738 1746; baseline 0 -20"><span class='ocrx_word' id='word_1_179' title='bbox 2144 1675 2271 1738; x_wconf 81' lang='grc' dir='ltr'>τοὺς</span> <span class='ocrx_word' id='word_1_180' title='bbox 2313 1675 2622 1746; x_wconf 80' lang='grc' dir='ltr'>ἐριστικοὺς</span> <span class='ocrx_word' id='word_1_181' title='bbox 2663 1674 2986 1745; x_wconf 79' lang='grc' dir='ltr'><strong>κινήσαντες</strong></span> <span class='ocrx_word' id='word_1_182' title='bbox 3032 1672 3243 1741; x_wconf 81' lang='grc' dir='ltr'>λόγους,</span> <span class='ocrx_word' id='word_1_183' title='bbox 3285 1671 3454 1724; x_wconf 82' lang='grc' dir='ltr'>πολὺν</span> <span class='ocrx_word' id='word_1_184' title='bbox 3505 1672 3602 1743; x_wconf 82' lang='grc' dir='ltr'><strong>μὲν</strong></span> <span class='ocrx_word' id='word_1_185' title='bbox 3650 1674 3738 1726; x_wconf 82' lang='grc' dir='ltr'><strong>ὲν·-</strong></span> 
     </span>
    </p>
   </div>
   <div class='ocr_carea' id='block_1_26' title="bbox 458 1756 2040 1834">
    <p class='ocr_par' dir='ltr' id='par_1_26' title="bbox 458 1756 2032 1830">
     <span class='ocr_line' id='line_1_27' title="bbox 458 1756 2032 1830; baseline -0.007 -7"><span class='ocrx_word' id='word_1_186' title='bbox 458 1776 771 1823; x_wconf 89' lang='lat' dir='ltr'><strong>mentorum</strong></span> <span class='ocrx_word' id='word_1_187' title='bbox 841 1764 1327 1827; x_wconf 83' lang='lat' dir='ltr'><strong>contentionibus,</strong></span> <span class='ocrx_word' id='word_1_188' title='bbox 1383 1759 1668 1830; x_wconf 75' lang='lat' dir='ltr'><strong>vertiginis</strong></span> <span class='ocrx_word' id='word_1_189' title='bbox 1728 1756 2032 1828; x_wconf 91' lang='lat' dir='ltr'><strong>plurimum</strong></span> 
     </span>
    </p>
   </div>
   <div class='ocr_carea' id='block_1_27' title="bbox 2144 1756 3739 1834">
    <p class='ocr_par' dir='ltr' id='par_1_27' title="bbox 2144 1761 3739 1834">
     <span class='ocr_line' id='line_1_28' title="bbox 2144 1761 3739 1834; baseline -0.002 -15"><span class='ocrx_word' id='word_1_190' title='bbox 2144 1765 2333 1820; x_wconf 80' lang='grc' dir='ltr'>ἐὸαλον</span> <span class='ocrx_word' id='word_1_191' title='bbox 2373 1764 2576 1834; x_wconf 82' lang='grc' dir='ltr'>ῑλιγγον</span> <span class='ocrx_word' id='word_1_192' title='bbox 2619 1767 2731 1828; x_wconf 83' lang='grc' dir='ltr'>τοῖς</span> <span class='ocrx_word' id='word_1_193' title='bbox 2777 1764 3105 1833; x_wconf 72' lang='grc' dir='ltr'><strong>φιλοσόφοις,</strong></span> <span class='ocrx_word' id='word_1_194' title='bbox 3137 1763 3199 1816; x_wconf 81' lang='grc' dir='ltr'>οὐ</span> <span class='ocrx_word' id='word_1_195' title='bbox 3233 1761 3338 1834; x_wconf 76' lang='grc' dir='ltr'>μὴν</span> <span class='ocrx_word' id='word_1_196' title='bbox 3380 1762 3641 1833; x_wconf 81' lang='grc' dir='ltr'>ὲπόρισάν</span> <span class='ocrx_word' id='word_1_197' title='bbox 3675 1762 3739 1831; x_wconf 75' lang='grc' dir='ltr'><strong>γέ</strong></span> 
     </span>
    </p>
   </div>
   <div class='ocr_carea' id='block_1_28' title="bbox 458 1850 2040 1931">
    <p class='ocr_par' dir='ltr' id='par_1_28' title="bbox 458 1850 2033 1931">
     <span class='ocr_line' id='line_1_29' title="bbox 458 1850 2033 1931; baseline -0.008 -17"><span class='ocrx_word' id='word_1_198' title='bbox 458 1859 800 1931; x_wconf 77' lang='lat' dir='ltr'><strong>philosOphis</strong></span> <span class='ocrx_word' id='word_1_199' title='bbox 846 1858 1169 1920; x_wconf 88' lang='lat' dir='ltr'><strong>attulerunt,</strong></span> <span class='ocrx_word' id='word_1_200' title='bbox 1198 1853 1320 1925; x_wconf 91' lang='lat' dir='ltr'><strong>opis</strong></span> <span class='ocrx_word' id='word_1_201' title='bbox 1354 1861 1537 1909; x_wconf 89' lang='lat' dir='ltr'><strong>autem</strong></span> <span class='ocrx_word' id='word_1_202' title='bbox 1570 1851 1917 1921; x_wconf 87' lang='lat' dir='ltr'><strong>subsidiique</strong></span> <span class='ocrx_word' id='word_1_203' title='bbox 1943 1850 2033 1903; x_wconf 80' lang='lat' dir='ltr'><strong>ni-</strong></span> 
     </span>
    </p>
   </div>
   <div class='ocr_carea' id='block_1_29' title="bbox 2144 1850 3740 1931">
    <p class='ocr_par' dir='ltr' id='par_1_29' title="bbox 2144 1852 3740 1927">
     <span class='ocr_line' id='line_1_30' title="bbox 2144 1852 3740 1927; baseline -0.003 -17"><span class='ocrx_word' id='word_1_204' title='bbox 2144 1873 2265 1911; x_wconf 85' lang='grc' dir='ltr'>τινα</span> <span class='ocrx_word' id='word_1_205' title='bbox 2299 1854 2573 1927; x_wconf 72' lang='grc' dir='ltr'>βοήθειαν.</span> <span class='ocrx_word' id='word_1_206' title='bbox 2608 1856 2721 1927; x_wconf 80' lang='grc' dir='ltr'><strong>Οὐχ</strong></span> <span class='ocrx_word' id='word_1_207' title='bbox 2772 1856 2975 1925; x_wconf 75' lang='grc' dir='ltr'>ἥκιστα</span> <span class='ocrx_word' id='word_1_208' title='bbox 3024 1854 3082 1908; x_wconf 84' lang='grc' dir='ltr'>δὲ</span> <span class='ocrx_word' id='word_1_209' title='bbox 3126 1853 3222 1907; x_wconf 77' lang='grc' dir='ltr'><strong>καὶ</strong></span> <span class='ocrx_word' id='word_1_210' title='bbox 3259 1852 3576 1924; x_wconf 76' lang='grc' dir='ltr'><strong>Σωκράτης,</strong></span> <span class='ocrx_word' id='word_1_211' title='bbox 3608 1853 3740 1907; x_wconf 77' lang='grc' dir='ltr'>αὐτὸ</span> 
     </span>
    </p>
   </div>
   <div class='ocr_carea' id='block_1_30' title="bbox 460 1942 2040 2019">
    <p class='ocr_par' dir='ltr' id='par_1_30' title="bbox 460 1943 2040 2017">
     <span class='ocr_line' id='line_1_31' title="bbox 460 1943 2040 2017; baseline -0.006 -11"><span class='ocrx_word' id='word_1_212' title='bbox 460 1952 575 2007; x_wconf 87' lang='lat' dir='ltr'><strong>hil:</strong></span> <span class='ocrx_word' id='word_1_213' title='bbox 606 1949 863 2008; x_wconf 86' lang='lat' dir='ltr'><strong>Socrates</strong></span> <span class='ocrx_word' id='word_1_214' title='bbox 883 1949 1143 2013; x_wconf 81' lang='lat' dir='ltr'><strong>maxime,</strong></span> <span class='ocrx_word' id='word_1_215' title='bbox 1171 1947 1375 2017; x_wconf 82' lang='lat' dir='ltr'><strong>ignem,</strong></span> <span class='ocrx_word' id='word_1_216' title='bbox 1407 1945 1554 2017; x_wconf 89' lang='lat' dir='ltr'><strong>quod</strong></span> <span class='ocrx_word' id='word_1_217' title='bbox 1586 1944 1761 2008; x_wconf 90' lang='lat' dir='ltr'><strong>aiunt,</strong></span> <span class='ocrx_word' id='word_1_218' title='bbox 1784 1943 2040 2015; x_wconf 85' lang='lat' dir='ltr'><strong>quodque</strong></span> 
     </span>
    </p>
   </div>
   <div class='ocr_carea' id='block_1_31' title="bbox 2144 1942 3738 2019">
    <p class='ocr_par' dir='ltr' id='par_1_31' title="bbox 2144 1942 3738 2019">
     <span class='ocr_line' id='line_1_32' title="bbox 2144 1942 3738 2019; baseline -0.002 -19"><span class='ocrx_word' id='word_1_219' title='bbox 2144 1947 2207 2019; x_wconf 85' lang='grc' dir='ltr'>δὴ</span> <span class='ocrx_word' id='word_1_220' title='bbox 2252 1947 2314 2000; x_wconf 83' lang='grc' dir='ltr'><strong>τὸ</strong></span> <span class='ocrx_word' id='word_1_221' title='bbox 2352 1946 2667 2017; x_wconf 82' lang='grc' dir='ltr'>λεγόμενον,</span> <span class='ocrx_word' id='word_1_222' title='bbox 2712 1948 2933 2015; x_wconf 80' lang='grc' dir='ltr'>ἐγένετο</span> <span class='ocrx_word' id='word_1_223' title='bbox 2985 1942 3097 2015; x_wconf 81' lang='grc' dir='ltr'>πῦρ</span> <span class='ocrx_word' id='word_1_224' title='bbox 3147 1944 3242 1997; x_wconf 77' lang='grc' dir='ltr'>ἐπὶ</span> <span class='ocrx_word' id='word_1_225' title='bbox 3273 1944 3427 2015; x_wconf 70' lang='grc' dir='ltr'>πυρὶ,</span> <span class='ocrx_word' id='word_1_226' title='bbox 3486 1943 3738 2015; x_wconf 86' lang='grc' dir='ltr'>καθάπερ</span> 
     </span>
    </p>
   </div>
   <div class='ocr_carea' id='block_1_32' title="bbox 456 2032 2040 2113">
    <p class='ocr_par' dir='ltr' id='par_1_32' title="bbox 456 2034 2040 2113">
     <span class='ocr_line' id='line_1_33' title="bbox 456 2034 2040 2113; baseline -0.008 -15"><span class='ocrx_word' id='word_1_227' title='bbox 456 2041 612 2099; x_wconf 84' lang='lat' dir='ltr'><strong>Plato</strong></span> <span class='ocrx_word' id='word_1_228' title='bbox 641 2042 758 2113; x_wconf 89' lang='lat' dir='ltr'><strong>ipse</strong></span> <span class='ocrx_word' id='word_1_229' title='bbox 785 2041 1093 2103; x_wconf 82' lang='lat' dir='ltr'><strong>dictitabat,</strong></span> <span class='ocrx_word' id='word_1_230' title='bbox 1123 2037 1237 2108; x_wconf 84' lang='lat' dir='ltr'><strong>igni</strong></span> <span class='ocrx_word' id='word_1_231' title='bbox 1263 2036 1491 2092; x_wconf 86' lang='lat' dir='ltr'><strong>addidit.</strong></span> <span class='ocrx_word' id='word_1_232' title='bbox 1521 2034 1658 2090; x_wconf 87' lang='lat' dir='ltr'><strong>Nam</strong></span> <span class='ocrx_word' id='word_1_233' title='bbox 1685 2034 1869 2089; x_wconf 90' lang='lat' dir='ltr'><strong>indole</strong></span> <span class='ocrx_word' id='word_1_234' title='bbox 1911 2047 2040 2089; x_wconf 91' lang='lat' dir='ltr'><strong>cum</strong></span> 
     </span>
    </p>
   </div>
   <div class='ocr_carea' id='block_1_33' title="bbox 2144 2032 3738 2113">
    <p class='ocr_par' dir='ltr' id='par_1_33' title="bbox 2144 2032 3738 2109">
     <span class='ocr_line' id='line_1_34' title="bbox 2144 2032 3738 2109; baseline -0.004 -16"><span class='ocrx_word' id='word_1_235' title='bbox 2144 2038 2304 2102; x_wconf 82' lang='grc' dir='ltr'>αὐτὸς</span> <span class='ocrx_word' id='word_1_236' title='bbox 2337 2036 2441 2109; x_wconf 77' lang='grc' dir='ltr'><strong>ἔφη</strong></span> <span class='ocrx_word' id='word_1_237' title='bbox 2479 2037 2723 2092; x_wconf 80' lang='grc' dir='ltr'><strong>Πλάτων.</strong></span> <span class='ocrx_word' id='word_1_238' title='bbox 2756 2036 3141 2106; x_wconf 83' lang='grc' dir='ltr'>Εὑφυέστατος</span> <span class='ocrx_word' id='word_1_239' title='bbox 3178 2034 3289 2107; x_wconf 84' lang='grc' dir='ltr'><strong>γὰρ</strong></span> <span class='ocrx_word' id='word_1_240' title='bbox 3314 2032 3411 2100; x_wconf 82' lang='grc' dir='ltr'>ὢν,</span> <span class='ocrx_word' id='word_1_241' title='bbox 3446 2035 3544 2089; x_wconf 83' lang='grc' dir='ltr'><strong>καί</strong></span> <span class='ocrx_word' id='word_1_242' title='bbox 3568 2034 3738 2098; x_wconf 83' lang='grc' dir='ltr'>δεινὸς</span> 
     </span>
    </p>
   </div>
   <div class='ocr_carea' id='block_1_34' title="bbox 457 2124 2040 2203">
    <p class='ocr_par' dir='ltr' id='par_1_34' title="bbox 457 2124 2040 2201">
     <span class='ocr_line' id='line_1_35' title="bbox 457 2124 2040 2201; baseline -0.005 -13"><span class='ocrx_word' id='word_1_243' title='bbox 457 2141 604 2188; x_wconf 86' lang='lat' dir='ltr'><strong>esset</strong></span> <span class='ocrx_word' id='word_1_244' title='bbox 630 2130 958 2201; x_wconf 78' lang='lat' dir='ltr'><strong>ingenioque</strong></span> <span class='ocrx_word' id='word_1_245' title='bbox 999 2126 1286 2200; x_wconf 77' lang='lat' dir='ltr'><strong>singulari,</strong></span> <span class='ocrx_word' id='word_1_246' title='bbox 1321 2126 1568 2196; x_wconf 85' lang='lat' dir='ltr'><strong>adeoque</strong></span> <span class='ocrx_word' id='word_1_247' title='bbox 1606 2124 1675 2181; x_wconf 90' lang='lat' dir='ltr'><strong>de</strong></span> <span class='ocrx_word' id='word_1_248' title='bbox 1707 2140 1768 2180; x_wconf 89' lang='lat' dir='ltr'><strong>re</strong></span> <span class='ocrx_word' id='word_1_249' title='bbox 1796 2124 2040 2196; x_wconf 89' lang='lat' dir='ltr'><strong>qualibet</strong></span> 
     </span>
    </p>
   </div>
   <div class='ocr_carea' id='block_1_35' title="bbox 2144 2124 3736 2203">
    <p class='ocr_par' dir='ltr' id='par_1_35' title="bbox 2144 2128 3736 2203">
     <span class='ocr_line' id='line_1_36' title="bbox 2144 2128 3736 2203; baseline -0.004 -18"><span class='ocrx_word' id='word_1_250' title='bbox 2144 2131 2417 2203; x_wconf 83' lang='grc' dir='ltr'>ἀπορῆσαι</span> <span class='ocrx_word' id='word_1_251' title='bbox 2468 2131 2597 2203; x_wconf 68' lang='grc' dir='ltr'>περὶ</span> <span class='ocrx_word' id='word_1_252' title='bbox 2641 2130 2844 2193; x_wconf 85' lang='grc' dir='ltr'>παντὸς</span> <span class='ocrx_word' id='word_1_253' title='bbox 2884 2128 3125 2195; x_wconf 78' lang='grc' dir='ltr'><strong>ὁτουοῦν,</strong></span> <span class='ocrx_word' id='word_1_254' title='bbox 3156 2128 3515 2200; x_wconf 78' lang='grc' dir='ltr'>ὲπεισήνεγκε</span> <span class='ocrx_word' id='word_1_255' title='bbox 3542 2128 3642 2191; x_wconf 86' lang='grc' dir='ltr'><strong>τάς</strong></span> <span class='ocrx_word' id='word_1_256' title='bbox 3674 2143 3736 2180; x_wconf 89' lang='grc' dir='ltr'><strong>τε</strong></span> 
     </span>
    </p>
   </div>
   <div class='ocr_carea' id='block_1_36' title="bbox 459 2215 2042 2297">
    <p class='ocr_par' dir='ltr' id='par_1_36' title="bbox 459 2215 2042 2297">
     <span class='ocr_line' id='line_1_37' title="bbox 459 2215 2042 2297; baseline -0.007 -17"><span class='ocrx_word' id='word_1_257' title='bbox 459 2224 818 2297; x_wconf 66' lang='lat' dir='ltr'><strong>quaestionem</strong></span> <span class='ocrx_word' id='word_1_258' title='bbox 848 2235 1068 2276; x_wconf 88' lang='lat' dir='ltr'><strong>movere</strong></span> <span class='ocrx_word' id='word_1_259' title='bbox 1099 2219 1329 2275; x_wconf 89' lang='lat' dir='ltr'><strong>solerter</strong></span> <span class='ocrx_word' id='word_1_260' title='bbox 1362 2217 1418 2272; x_wconf 92' lang='lat' dir='ltr'><strong>in</strong></span> <span class='ocrx_word' id='word_1_261' title='bbox 1463 2216 1656 2288; x_wconf 86' lang='lat' dir='ltr'><strong>primis</strong></span> <span class='ocrx_word' id='word_1_262' title='bbox 1693 2215 2042 2288; x_wconf 86' lang='lat' dir='ltr'><strong>graviterque</strong></span> 
     </span>
    </p>
   </div>
   <div class='ocr_carea' id='block_1_37' title="bbox 458 2304 2040 2390">
    <p class='ocr_par' dir='ltr' id='par_1_37' title="bbox 458 2304 2040 2390">
     <span class='ocr_line' id='line_1_38' title="bbox 458 2304 2040 2390; baseline -0.008 -17"><span class='ocrx_word' id='word_1_263' title='bbox 458 2324 665 2390; x_wconf 86' lang='lat' dir='ltr'><strong>posset,</strong></span> <span class='ocrx_word' id='word_1_264' title='bbox 720 2328 891 2370; x_wconf 88' lang='lat' dir='ltr'><strong>novas</strong></span> <span class='ocrx_word' id='word_1_265' title='bbox 930 2313 1046 2382; x_wconf 91' lang='lat' dir='ltr'><strong>ipse</strong></span> <span class='ocrx_word' id='word_1_266' title='bbox 1093 2311 1162 2366; x_wconf 92' lang='lat' dir='ltr'><strong>de</strong></span> <span class='ocrx_word' id='word_1_267' title='bbox 1203 2309 1451 2365; x_wconf 88' lang='lat' dir='ltr'><strong>moribus</strong></span> <span class='ocrx_word' id='word_1_268' title='bbox 1479 2347 1494 2373; x_wconf 90' lang='lat'><strong>,</strong></span> <span class='ocrx_word' id='word_1_269' title='bbox 1519 2307 1715 2380; x_wconf 73' lang='lat' dir='ltr'><strong>,deque</strong></span> <span class='ocrx_word' id='word_1_270' title='bbox 1758 2304 2040 2377; x_wconf 83' lang='lat' dir='ltr'><strong>republica</strong></span> 
     </span>
    </p>
   </div>
   <div class='ocr_carea' id='block_1_38' title="bbox 457 2400 2041 2479">
    <p class='ocr_par' dir='ltr' id='par_1_38' title="bbox 457 2400 2041 2479">
     <span class='ocr_line' id='line_1_39' title="bbox 457 2400 2041 2479; baseline -0.007 -14"><span class='ocrx_word' id='word_1_271' title='bbox 457 2406 860 2479; x_wconf 89' lang='lat' dir='ltr'><strong>disputationes</strong></span> <span class='ocrx_word' id='word_1_272' title='bbox 890 2403 1114 2469; x_wconf 79' lang='lat' dir='ltr'><strong>invexit,</strong></span> <span class='ocrx_word' id='word_1_273' title='bbox 1152 2403 1263 2458; x_wconf 89' lang='lat' dir='ltr'><strong>imo</strong></span> <span class='ocrx_word' id='word_1_274' title='bbox 1280 2402 1445 2458; x_wconf 90' lang='lat' dir='ltr'><strong>etiam</strong></span> <span class='ocrx_word' id='word_1_275' title='bbox 1463 2401 1530 2456; x_wconf 91' lang='lat' dir='ltr'><strong>de</strong></span> <span class='ocrx_word' id='word_1_276' title='bbox 1558 2400 1695 2456; x_wconf 88' lang='lat' dir='ltr'><strong>ideis</strong></span> <span class='ocrx_word' id='word_1_277' title='bbox 1726 2414 1886 2471; x_wconf 87' lang='lat' dir='ltr'><strong>agere</strong></span> <span class='ocrx_word' id='word_1_278' title='bbox 1916 2414 2041 2455; x_wconf 86' lang='lat' dir='ltr'><strong>om-</strong></span> 
     </span>
    </p>
   </div>
   <div class='ocr_carea' id='block_1_39' title="bbox 458 2492 2038 2571">
    <p class='ocr_par' dir='ltr' id='par_1_39' title="bbox 458 2492 2038 2571">
     <span class='ocr_line' id='line_1_40' title="bbox 458 2492 2038 2571; baseline -0.007 -15"><span class='ocrx_word' id='word_1_279' title='bbox 458 2502 611 2556; x_wconf 89' lang='lat' dir='ltr'><strong>nium</strong></span> <span class='ocrx_word' id='word_1_280' title='bbox 638 2498 851 2571; x_wconf 87' lang='lat' dir='ltr'><strong>primus</strong></span> <span class='ocrx_word' id='word_1_281' title='bbox 877 2496 1113 2553; x_wconf 90' lang='lat' dir='ltr'><strong>instituit</strong></span> <span class='ocrx_word' id='word_1_282' title='bbox 1145 2514 1159 2550; x_wconf 90' lang='lat'><strong>:</strong></span> <span class='ocrx_word' id='word_1_283' title='bbox 1195 2494 1447 2550; x_wconf 86' lang='lat' dir='ltr'><strong>eumdem</strong></span> <span class='ocrx_word' id='word_1_284' title='bbox 1472 2506 1605 2548; x_wconf 87' lang='lat' dir='ltr'><strong>vero</strong></span> <span class='ocrx_word' id='word_1_285' title='bbox 1629 2492 1780 2547; x_wconf 90' lang='lat' dir='ltr'><strong>nullo</strong></span> <span class='ocrx_word' id='word_1_286' title='bbox 1802 2506 1912 2546; x_wconf 90' lang='lat' dir='ltr'><strong>non</strong></span> <span class='ocrx_word' id='word_1_287' title='bbox 1938 2505 2038 2546; x_wconf 81' lang='lat' dir='ltr'><strong>ex-</strong></span> 
     </span>
    </p>
   </div>
   <div class='ocr_carea' id='block_1_40' title="bbox 460 2584 2040 2658">
    <p class='ocr_par' dir='ltr' id='par_1_40' title="bbox 460 2584 2040 2658">
     <span class='ocr_line' id='line_1_41' title="bbox 460 2584 2040 2658; baseline -0.006 -9"><span class='ocrx_word' id='word_1_288' title='bbox 460 2594 629 2650; x_wconf 86' lang='lat' dir='ltr'><strong>citato</strong></span> <span class='ocrx_word' id='word_1_289' title='bbox 680 2590 1071 2647; x_wconf 70' lang='lat' dir='ltr'><strong>controversia:</strong></span> <span class='ocrx_word' id='word_1_290' title='bbox 1127 2601 1345 2658; x_wconf 84' lang='lat' dir='ltr'><strong>genere,</strong></span> <span class='ocrx_word' id='word_1_291' title='bbox 1377 2585 1556 2655; x_wconf 87' lang='lat' dir='ltr'><strong>deque</strong></span> <span class='ocrx_word' id='word_1_292' title='bbox 1589 2584 1847 2639; x_wconf 90' lang='lat' dir='ltr'><strong>omnibus</strong></span> <span class='ocrx_word' id='word_1_293' title='bbox 1880 2586 2040 2654; x_wconf 71' lang='lat' dir='ltr'><strong>‘quzc-</strong></span> 
     </span>
    </p>
   </div>
   <div class='ocr_carea' id='block_1_41' title="bbox 460 2675 2034 2752">
    <p class='ocr_par' dir='ltr' id='par_1_41' title="bbox 460 2675 2034 2752">
     <span class='ocr_line' id='line_1_42' title="bbox 460 2675 2034 2752; baseline -0.009 -9"><span class='ocrx_word' id='word_1_294' title='bbox 460 2698 671 2743; x_wconf 88' lang='lat' dir='ltr'><strong>rentem</strong></span> <span class='ocrx_word' id='word_1_295' title='bbox 730 2684 909 2739; x_wconf 90' lang='lat' dir='ltr'><strong>adhuc</strong></span> <span class='ocrx_word' id='word_1_296' title='bbox 959 2693 1123 2752; x_wconf 90' lang='lat' dir='ltr'><strong>atque</strong></span> <span class='ocrx_word' id='word_1_297' title='bbox 1156 2680 1498 2736; x_wconf 89' lang='lat' dir='ltr'><strong>dubitantem</strong></span> <span class='ocrx_word' id='word_1_298' title='bbox 1536 2692 1686 2734; x_wconf 83' lang='lat' dir='ltr'><strong>mors</strong></span> <span class='ocrx_word' id='word_1_299' title='bbox 1725 2675 2034 2745; x_wconf 86' lang='lat' dir='ltr'><strong>occupavit.</strong></span> 
     </span>
    </p>
   </div>
   <div class='ocr_carea' id='block_1_42' title="bbox 459 2767 2039 2848">
    <p class='ocr_par' dir='ltr' id='par_1_42' title="bbox 459 2767 2039 2848">
     <span class='ocr_line' id='line_1_43' title="bbox 459 2767 2039 2848; baseline -0.008 -13"><span class='ocrx_word' id='word_1_300' title='bbox 459 2781 579 2836; x_wconf 83' lang='lat' dir='ltr'><strong>Jam</strong></span> <span class='ocrx_word' id='word_1_301' title='bbox 608 2778 699 2833; x_wconf 87' lang='lat' dir='ltr'><strong>alii</strong></span> <span class='ocrx_word' id='word_1_302' title='bbox 723 2792 862 2848; x_wconf 89' lang='lat' dir='ltr'><strong>quas</strong></span> <span class='ocrx_word' id='word_1_303' title='bbox 888 2776 993 2831; x_wconf 89' lang='lat' dir='ltr'><strong>sibi</strong></span> <span class='ocrx_word' id='word_1_304' title='bbox 1017 2775 1251 2844; x_wconf 88' lang='lat' dir='ltr'><strong>quisque</strong></span> <span class='ocrx_word' id='word_1_305' title='bbox 1275 2772 1571 2843; x_wconf 89' lang='lat' dir='ltr'><strong>particulas</strong></span> <span class='ocrx_word' id='word_1_306' title='bbox 1584 2768 1959 2833; x_wconf 87' lang='lat' dir='ltr'><strong>ahsciderant,</strong></span> <span class='ocrx_word' id='word_1_307' title='bbox 1982 2767 2039 2822; x_wconf 92' lang='lat' dir='ltr'><strong>in</strong></span> 
     </span>
    </p>
   </div>
   <div class='ocr_carea' id='block_1_43' title="bbox 460 2862 2035 2941">
    <p class='ocr_par' dir='ltr' id='par_1_43' title="bbox 460 2862 2035 2941">
     <span class='ocr_line' id='line_1_44' title="bbox 460 2862 2035 2941; baseline -0.01 -11"><span class='ocrx_word' id='word_1_308' title='bbox 460 2875 528 2930; x_wconf 84' lang='lat' dir='ltr'><strong>iis</strong></span> <span class='ocrx_word' id='word_1_309' title='bbox 560 2874 767 2928; x_wconf 62' lang='lat' dir='ltr'><strong>hmsere</strong></span> <span class='ocrx_word' id='word_1_310' title='bbox 800 2879 1060 2941; x_wconf 80' lang='lat' dir='ltr'><strong>perpetuo</strong></span> <span class='ocrx_word' id='word_1_311' title='bbox 1089 2884 1104 2922; x_wconf 85' lang='lat'><strong>:</strong></span> <span class='ocrx_word' id='word_1_312' title='bbox 1132 2878 1295 2938; x_wconf 88' lang='lat' dir='ltr'><strong>atque</strong></span> <span class='ocrx_word' id='word_1_313' title='bbox 1318 2868 1388 2921; x_wconf 83' lang='lat' dir='ltr'><strong>ita</strong></span> <span class='ocrx_word' id='word_1_314' title='bbox 1407 2863 1653 2921; x_wconf 89' lang='lat' dir='ltr'><strong>nonnulli</strong></span> <span class='ocrx_word' id='word_1_315' title='bbox 1681 2862 2035 2927; x_wconf 87' lang='lat' dir='ltr'><strong>medicinam,</strong></span> 
     </span>
    </p>
   </div>
   <div class='ocr_carea' id='block_1_44' title="bbox 457 2953 2038 3033">
    <p class='ocr_par' dir='ltr' id='par_1_44' title="bbox 457 2953 2038 3033">
     <span class='ocr_line' id='line_1_45' title="bbox 457 2953 2038 3033; baseline -0.009 -10"><span class='ocrx_word' id='word_1_316' title='bbox 457 2966 774 3033; x_wconf 86' lang='lat' dir='ltr'><strong>disciplinas</strong></span> <span class='ocrx_word' id='word_1_317' title='bbox 804 2964 898 3019; x_wconf 90' lang='lat' dir='ltr'><strong>alii</strong></span> <span class='ocrx_word' id='word_1_318' title='bbox 948 2960 1388 3026; x_wconf 84' lang='lat' dir='ltr'><strong>mathematicas,</strong></span> <span class='ocrx_word' id='word_1_319' title='bbox 1421 2957 1694 3029; x_wconf 86' lang='lat' dir='ltr'><strong>poeticam</strong></span> <span class='ocrx_word' id='word_1_320' title='bbox 1725 2955 1818 3010; x_wconf 88' lang='lat' dir='ltr'><strong>alii</strong></span> <span class='ocrx_word' id='word_1_321' title='bbox 1864 2953 2038 3009; x_wconf 90' lang='lat' dir='ltr'><strong>musi-</strong></span> 
     </span>
    </p>
   </div>
   <div class='ocr_carea' id='block_1_45' title="bbox 459 3043 2036 3130">
    <p class='ocr_par' dir='ltr' id='par_1_45' title="bbox 459 3043 2036 3130">
     <span class='ocr_line' id='line_1_46' title="bbox 459 3043 2036 3130; baseline -0.01 -14"><span class='ocrx_word' id='word_1_322' title='bbox 459 3074 691 3130; x_wconf 87' lang='lat' dir='ltr'><strong>camque</strong></span> <span class='ocrx_word' id='word_1_323' title='bbox 727 3055 918 3113; x_wconf 87' lang='lat' dir='ltr'><strong>sectati</strong></span> <span class='ocrx_word' id='word_1_324' title='bbox 942 3063 1089 3110; x_wconf 87' lang='lat' dir='ltr'><strong>sunt.</strong></span> <span class='ocrx_word' id='word_1_325' title='bbox 1126 3052 1383 3122; x_wconf 88' lang='lat' dir='ltr'><strong>Plerique</strong></span> <span class='ocrx_word' id='word_1_326' title='bbox 1403 3047 1708 3106; x_wconf 88' lang='lat' dir='ltr'><strong>disserendi</strong></span> <span class='ocrx_word' id='word_1_327' title='bbox 1757 3047 1809 3101; x_wconf 89' lang='lat' dir='ltr'><strong>vi</strong></span> <span class='ocrx_word' id='word_1_328' title='bbox 1858 3060 1924 3101; x_wconf 89' lang='lat' dir='ltr'><strong>ac</strong></span> <span class='ocrx_word' id='word_1_329' title='bbox 1950 3043 2036 3101; x_wconf 51' lang='lat' dir='ltr'><strong>fa-</strong></span> 
     </span>
    </p>
   </div>
   <div class='ocr_carea' id='block_1_46' title="bbox 2139 2219 3738 2294">
    <p class='ocr_par' dir='ltr' id='par_1_46' title="bbox 2139 2219 3738 2294">
     <span class='ocr_line' id='line_1_47' title="bbox 2139 2219 3738 2294; baseline -0.001 -19"><span class='ocrx_word' id='word_1_330' title='bbox 2139 2222 2336 2294; x_wconf 78' lang='grc' dir='ltr'>ὴθικάς</span> <span class='ocrx_word' id='word_1_331' title='bbox 2387 2222 2481 2276; x_wconf 61' lang='grc' dir='ltr'><strong>καὶ⁵</strong></span> <span class='ocrx_word' id='word_1_332' title='bbox 2524 2221 2811 2285; x_wconf 76' lang='grc' dir='ltr'>πολιτικὰς</span> <span class='ocrx_word' id='word_1_333' title='bbox 2846 2220 3088 2291; x_wconf 69' lang='grc' dir='ltr'>σκέψεις,</span> <span class='ocrx_word' id='word_1_334' title='bbox 3118 2221 3198 2275; x_wconf 79' lang='grc' dir='ltr'>ἔτι</span> <span class='ocrx_word' id='word_1_335' title='bbox 3232 2220 3290 2274; x_wconf 79' lang='grc' dir='ltr'>δὲ</span> <span class='ocrx_word' id='word_1_336' title='bbox 3329 2219 3427 2293; x_wconf 83' lang='grc' dir='ltr'>τὴν</span> <span class='ocrx_word' id='word_1_337' title='bbox 3457 2221 3587 2292; x_wconf 75' lang='grc' dir='ltr'>περὶ</span> <span class='ocrx_word' id='word_1_338' title='bbox 3629 2219 3738 2273; x_wconf 84' lang='grc' dir='ltr'><strong>τῶν</strong></span> 
     </span>
    </p>
   </div>
   <div class='ocr_carea' id='block_1_47' title="bbox 2145 2312 3740 2387">
    <p class='ocr_par' dir='ltr' id='par_1_47' title="bbox 2145 2312 3740 2387">
     <span class='ocr_line' id='line_1_48' title="bbox 2145 2312 3740 2387; baseline 0 -20"><span class='ocrx_word' id='word_1_339' title='bbox 2145 2315 2297 2369; x_wconf 85' lang='grc' dir='ltr'>ίδεῶν</span> <span class='ocrx_word' id='word_1_340' title='bbox 2328 2314 2543 2387; x_wconf 84' lang='grc' dir='ltr'>πρῶτος</span> <span class='ocrx_word' id='word_1_341' title='bbox 2569 2316 2924 2385; x_wconf 77' lang='grc' dir='ltr'><strong>ἐπιχειρήσας</strong></span> <span class='ocrx_word' id='word_1_342' title='bbox 2956 2312 3233 2385; x_wconf 73' lang='grc' dir='ltr'>ὁρίζεσθαι</span> <span class='ocrx_word' id='word_1_343' title='bbox 3268 2330 3281 2342; x_wconf 90' lang='grc'><strong>·</strong></span> <span class='ocrx_word' id='word_1_344' title='bbox 3312 2313 3492 2367; x_wconf 86' lang='grc' dir='ltr'>πάντα</span> <span class='ocrx_word' id='word_1_345' title='bbox 3512 2312 3569 2366; x_wconf 80' lang='grc' dir='ltr'>δὲ</span> <span class='ocrx_word' id='word_1_346' title='bbox 3594 2312 3740 2383; x_wconf 71' lang='grc' dir='ltr'>ὲγείι-</span> 
     </span>
    </p>
   </div>
   <div class='ocr_carea' id='block_1_48' title="bbox 2146 2401 3733 2478">
    <p class='ocr_par' dir='ltr' id='par_1_48' title="bbox 2146 2401 3733 2478">
     <span class='ocr_line' id='line_1_49' title="bbox 2146 2401 3733 2478; baseline -0.002 -18"><span class='ocrx_word' id='word_1_347' title='bbox 2146 2424 2253 2478; x_wconf 91' lang='grc' dir='ltr'><strong>ρων</strong></span> <span class='ocrx_word' id='word_1_348' title='bbox 2285 2406 2463 2475; x_wconf 89' lang='grc' dir='ltr'>λόγον,</span> <span class='ocrx_word' id='word_1_349' title='bbox 2489 2407 2586 2459; x_wconf 73' lang='grc' dir='ltr'><strong>καὶ</strong></span> <span class='ocrx_word' id='word_1_350' title='bbox 2612 2406 2744 2477; x_wconf 72' lang='grc' dir='ltr'>περὶ</span> <span class='ocrx_word' id='word_1_351' title='bbox 2771 2404 2986 2459; x_wconf 90' lang='grc' dir='ltr'>πάντων</span> <span class='ocrx_word' id='word_1_352' title='bbox 3009 2401 3209 2476; x_wconf 75' lang='grc' dir='ltr'>ζητῶν,</span> <span class='ocrx_word' id='word_1_353' title='bbox 3226 2403 3362 2475; x_wconf 76' lang='grc' dir='ltr'>ἔφθη</span> <span class='ocrx_word' id='word_1_354' title='bbox 3384 2403 3733 2475; x_wconf 83' lang='grc' dir='ltr'>τελευτήσας.</span> 
     </span>
    </p>
   </div>
   <div class='ocr_carea' id='block_1_49' title="bbox 2146 2495 3739 2569">
    <p class='ocr_par' dir='ltr' id='par_1_49' title="bbox 2146 2495 3739 2569">
     <span class='ocr_line' id='line_1_50' title="bbox 2146 2495 3739 2569; baseline -0.001 -16"><span class='ocrx_word' id='word_1_355' title='bbox 2146 2497 2327 2553; x_wconf 80' lang='grc' dir='ltr'>Ἀλλοι</span> <span class='ocrx_word' id='word_1_356' title='bbox 2365 2498 2409 2551; x_wconf 76' lang='grc' dir='ltr'>δ’</span> <span class='ocrx_word' id='word_1_357' title='bbox 2451 2498 2852 2569; x_wconf 77' lang='grc' dir='ltr'><strong>ἀποτεμόμενοι</strong></span> <span class='ocrx_word' id='word_1_358' title='bbox 2892 2498 3034 2569; x_wconf 78' lang='grc' dir='ltr'>μέρη</span> <span class='ocrx_word' id='word_1_359' title='bbox 3081 2495 3226 2560; x_wconf 79' lang='grc' dir='ltr'>τινὰ,</span> <span class='ocrx_word' id='word_1_360' title='bbox 3274 2497 3404 2569; x_wconf 77' lang='grc' dir='ltr'>περὶ</span> <span class='ocrx_word' id='word_1_361' title='bbox 3450 2496 3627 2551; x_wconf 79' lang='grc' dir='ltr'>ταῦτα</span> <span class='ocrx_word' id='word_1_362' title='bbox 3659 2497 3739 2551; x_wconf 85' lang='grc' dir='ltr'>δι-</span> 
     </span>
    </p>
   </div>
   <div class='ocr_carea' id='block_1_50' title="bbox 2142 2588 3737 2663">
    <p class='ocr_par' dir='ltr' id='par_1_50' title="bbox 2142 2588 3737 2663">
     <span class='ocr_line' id='line_1_51' title="bbox 2142 2588 3737 2663; baseline 0.001 -20"><span class='ocrx_word' id='word_1_363' title='bbox 2142 2589 2393 2661; x_wconf 66' lang='grc' dir='ltr'>έτριψαν,</span> <span class='ocrx_word' id='word_1_364' title='bbox 2411 2590 2577 2663; x_wconf 80' lang='grc' dir='ltr'>οἱμὲν</span> <span class='ocrx_word' id='word_1_365' title='bbox 2612 2589 2877 2662; x_wconf 78' lang='grc' dir='ltr'>ἰατρικὴν,</span> <span class='ocrx_word' id='word_1_366' title='bbox 2912 2592 2962 2644; x_wconf 85' lang='grc' dir='ltr'>οί</span> <span class='ocrx_word' id='word_1_367' title='bbox 2991 2590 3048 2644; x_wconf 86' lang='grc' dir='ltr'>δὲ</span> <span class='ocrx_word' id='word_1_368' title='bbox 3079 2588 3177 2653; x_wconf 87' lang='grc' dir='ltr'><strong>τὰς</strong></span> <span class='ocrx_word' id='word_1_369' title='bbox 3201 2588 3589 2660; x_wconf 80' lang='grc' dir='ltr'>μαθηματικὰς</span> <span class='ocrx_word' id='word_1_370' title='bbox 3612 2592 3737 2644; x_wconf 73' lang='grc' dir='ltr'>ἐπι-</span> 
     </span>
    </p>
   </div>
   <div class='ocr_carea' id='block_1_51' title="bbox 2144 2682 3733 2754">
    <p class='ocr_par' dir='ltr' id='par_1_51' title="bbox 2144 2682 3733 2754">
     <span class='ocr_line' id='line_1_52' title="bbox 2144 2682 3733 2754; baseline 0.001 -20"><span class='ocrx_word' id='word_1_371' title='bbox 2144 2684 2388 2754; x_wconf 83' lang='grc' dir='ltr'>στήμας·</span> <span class='ocrx_word' id='word_1_372' title='bbox 2428 2682 2559 2736; x_wconf 80' lang='grc' dir='ltr'>ἔνιοι</span> <span class='ocrx_word' id='word_1_373' title='bbox 2599 2682 2657 2737; x_wconf 85' lang='grc' dir='ltr'>δὲ</span> <span class='ocrx_word' id='word_1_374' title='bbox 2698 2683 2827 2754; x_wconf 78' lang='grc' dir='ltr'>περὶ</span> <span class='ocrx_word' id='word_1_375' title='bbox 2856 2683 2981 2746; x_wconf 73' lang='grc' dir='ltr'>τοὺς</span> <span class='ocrx_word' id='word_1_376' title='bbox 3012 2682 3241 2753; x_wconf 80' lang='grc' dir='ltr'>ποιητὰς</span> <span class='ocrx_word' id='word_1_377' title='bbox 3278 2683 3375 2736; x_wconf 75' lang='grc' dir='ltr'><strong>καὶ</strong></span> <span class='ocrx_word' id='word_1_378' title='bbox 3405 2683 3505 2754; x_wconf 79' lang='grc' dir='ltr'><strong>τὴν</strong></span> <span class='ocrx_word' id='word_1_379' title='bbox 3542 2699 3733 2754; x_wconf 84' lang='grc' dir='ltr'>μουσι-</span> 
     </span>
    </p>
   </div>
   <div class='ocr_carea' id='block_1_52' title="bbox 2142 2773 3734 2845">
    <p class='ocr_par' dir='ltr' id='par_1_52' title="bbox 2142 2773 3734 2845">
     <span class='ocr_line' id='line_1_53' title="bbox 2142 2773 3734 2845; baseline 0.003 -18"><span class='ocrx_word' id='word_1_380' title='bbox 2142 2774 2265 2844; x_wconf 81' lang='grc' dir='ltr'>κήν.</span> <span class='ocrx_word' id='word_1_381' title='bbox 2298 2776 2361 2828; x_wconf 85' lang='grc' dir='ltr'>Οἱ</span> <span class='ocrx_word' id='word_1_382' title='bbox 2395 2774 2579 2845; x_wconf 84' lang='grc' dir='ltr'>μέντοι</span> <span class='ocrx_word' id='word_1_383' title='bbox 2603 2774 2788 2828; x_wconf 77' lang='grc' dir='ltr'>πολλοὶ</span> <span class='ocrx_word' id='word_1_384' title='bbox 2811 2773 2910 2839; x_wconf 90' lang='grc' dir='ltr'><strong>τάς</strong></span> <span class='ocrx_word' id='word_1_385' title='bbox 2932 2773 3041 2827; x_wconf 85' lang='grc' dir='ltr'>τῶν</span> <span class='ocrx_word' id='word_1_386' title='bbox 3075 2773 3250 2842; x_wconf 84' lang='grc' dir='ltr'>λόγων</span> <span class='ocrx_word' id='word_1_387' title='bbox 3283 2773 3541 2845; x_wconf 86' lang='grc' dir='ltr'>δυνάμεις</span> <span class='ocrx_word' id='word_1_388' title='bbox 3574 2773 3734 2831; x_wconf 73' lang='grc' dir='ltr'>ἐθαύ-</span> 
     </span>
    </p>
   </div>
   <div class='ocr_carea' id='block_1_53' title="bbox 2146 2860 3733 2938">
    <p class='ocr_par' dir='ltr' id='par_1_53' title="bbox 2146 2860 3733 2938">
     <span class='ocr_line' id='line_1_54' title="bbox 2146 2860 3733 2938; baseline -0.001 -19"><span class='ocrx_word' id='word_1_389' title='bbox 2146 2883 2346 2937; x_wconf 81' lang='grc' dir='ltr'>μασαν,</span> <span class='ocrx_word' id='word_1_390' title='bbox 2377 2860 2452 2919; x_wconf 84' lang='grc' dir='ltr'><strong>ὧν</strong></span> <span class='ocrx_word' id='word_1_391' title='bbox 2473 2867 2522 2920; x_wconf 89' lang='grc' dir='ltr'>οἱ</span> <span class='ocrx_word' id='word_1_392' title='bbox 2555 2866 2653 2938; x_wconf 83' lang='grc' dir='ltr'><strong>μὲν</strong></span> <span class='ocrx_word' id='word_1_393' title='bbox 2687 2866 2940 2937; x_wconf 79' lang='grc' dir='ltr'>ῥήτορας,</span> <span class='ocrx_word' id='word_1_394' title='bbox 2981 2865 3030 2918; x_wconf 86' lang='grc' dir='ltr'>οἱ</span> <span class='ocrx_word' id='word_1_395' title='bbox 3069 2863 3126 2918; x_wconf 87' lang='grc' dir='ltr'>δὲ</span> <span class='ocrx_word' id='word_1_396' title='bbox 3156 2864 3532 2928; x_wconf 78' lang='grc' dir='ltr'>διαλεκτικοὺς</span> <span class='ocrx_word' id='word_1_397' title='bbox 3561 2881 3733 2938; x_wconf 81' lang='grc' dir='ltr'>προσ-</span> 
     </span>
    </p>
   </div>
   <div class='ocr_carea' id='block_1_54' title="bbox 2142 2955 3735 3029">
    <p class='ocr_par' dir='ltr' id='par_1_54' title="bbox 2142 2955 3735 3029">
     <span class='ocr_line' id='line_1_55' title="bbox 2142 2955 3735 3029; baseline 0 -18"><span class='ocrx_word' id='word_1_398' title='bbox 2142 2961 2293 3011; x_wconf 84' lang='grc' dir='ltr'>εῖπον</span> <span class='ocrx_word' id='word_1_399' title='bbox 2320 2958 2566 3022; x_wconf 74' lang='grc' dir='ltr'>ἑαυτούς.</span> <span class='ocrx_word' id='word_1_400' title='bbox 2605 2958 2670 3011; x_wconf 85' lang='grc' dir='ltr'><strong>Οἱ</strong></span> <span class='ocrx_word' id='word_1_401' title='bbox 2697 2958 2880 3028; x_wconf 83' lang='grc' dir='ltr'>μέντοι</span> <span class='ocrx_word' id='word_1_402' title='bbox 2904 2957 3201 3029; x_wconf 78' lang='grc' dir='ltr'><strong>Σωκράτην</strong></span> <span class='ocrx_word' id='word_1_403' title='bbox 3229 2955 3601 3029; x_wconf 79' lang='grc' dir='ltr'>διαδεξάμενοι</span> <span class='ocrx_word' id='word_1_404' title='bbox 3639 2956 3735 3012; x_wconf 63' lang='grc' dir='ltr'>καὶ</span> 
     </span>
    </p>
   </div>
   <div class='ocr_carea' id='block_1_55' title="bbox 2141 3051 3736 3122">
    <p class='ocr_par' dir='ltr' id='par_1_55' title="bbox 2141 3051 3736 3122">
     <span class='ocr_line' id='line_1_56' title="bbox 2141 3051 3736 3122; baseline 0.001 -16"><span class='ocrx_word' id='word_1_405' title='bbox 2141 3055 2281 3108; x_wconf 85' lang='grc' dir='ltr'>πάνυ</span> <span class='ocrx_word' id='word_1_406' title='bbox 2346 3052 2491 3117; x_wconf 81' lang='grc' dir='ltr'>τινὲς</span> <span class='ocrx_word' id='word_1_407' title='bbox 2550 3051 2798 3122; x_wconf 76' lang='grc' dir='ltr'>ἐγένοντο</span> <span class='ocrx_word' id='word_1_408' title='bbox 2851 3056 3118 3118; x_wconf 83' lang='grc' dir='ltr'>παντοῖοι,</span> <span class='ocrx_word' id='word_1_409' title='bbox 3151 3054 3246 3107; x_wconf 75' lang='grc' dir='ltr'>καὶ</span> <span class='ocrx_word' id='word_1_410' title='bbox 3286 3053 3598 3108; x_wconf 82' lang='grc' dir='ltr'>ὑπεναντίοι</span> <span class='ocrx_word' id='word_1_411' title='bbox 3636 3054 3736 3116; x_wconf 83' lang='grc' dir='ltr'>τὰς</span> 
     </span>
    </p>
   </div>
   <div class='ocr_carea' id='block_1_56' title="bbox 459 3137 2040 3220">
    <p class='ocr_par' dir='ltr' id='par_1_56' title="bbox 459 3137 2036 3220">
     <span class='ocr_line' id='line_1_57' title="bbox 459 3137 2036 3220; baseline -0.011 -11"><span class='ocrx_word' id='word_1_412' title='bbox 459 3152 661 3209; x_wconf 85' lang='lat' dir='ltr'><strong>cultate</strong></span> <span class='ocrx_word' id='word_1_413' title='bbox 691 3149 854 3220; x_wconf 90' lang='lat' dir='ltr'><strong>capti,</strong></span> <span class='ocrx_word' id='word_1_414' title='bbox 883 3161 1120 3219; x_wconf 91' lang='lat' dir='ltr'><strong>quorum</strong></span> <span class='ocrx_word' id='word_1_415' title='bbox 1156 3145 1248 3200; x_wconf 89' lang='lat' dir='ltr'><strong>alii</strong></span> <span class='ocrx_word' id='word_1_416' title='bbox 1275 3158 1398 3200; x_wconf 90' lang='lat' dir='ltr'><strong>sese</strong></span> <span class='ocrx_word' id='word_1_417' title='bbox 1418 3143 1688 3207; x_wconf 85' lang='lat' dir='ltr'><strong>rhetores,</strong></span> <span class='ocrx_word' id='word_1_418' title='bbox 1720 3137 2036 3194; x_wconf 89' lang='lat' dir='ltr'><strong>dialecticos</strong></span> 
     </span>
    </p>
   </div>
   <div class='ocr_carea' id='block_1_57' title="bbox 2144 3137 3737 3220">
    <p class='ocr_par' dir='ltr' id='par_1_57' title="bbox 2144 3146 3737 3220">
     <span class='ocr_line' id='line_1_58' title="bbox 2144 3146 3737 3220; baseline 0.001 -20"><span class='ocrx_word' id='word_1_419' title='bbox 2144 3146 2388 3219; x_wconf 81' lang='grc' dir='ltr'>γνώμας.</span> <span class='ocrx_word' id='word_1_420' title='bbox 2440 3148 2505 3200; x_wconf 80' lang='lat' dir='ltr'><strong>Ol</strong></span> <span class='ocrx_word' id='word_1_421' title='bbox 2564 3146 2663 3218; x_wconf 85' lang='grc' dir='ltr'><strong>μὲν</strong></span> <span class='ocrx_word' id='word_1_422' title='bbox 2706 3146 2818 3219; x_wconf 83' lang='grc' dir='ltr'><strong>γάρ</strong></span> <span class='ocrx_word' id='word_1_423' title='bbox 2865 3149 3186 3219; x_wconf 80' lang='grc' dir='ltr'>κυνισμοὺς,</span> <span class='ocrx_word' id='word_1_424' title='bbox 3214 3148 3313 3202; x_wconf 73' lang='grc' dir='ltr'>καὶ</span> <span class='ocrx_word' id='word_1_425' title='bbox 3352 3149 3609 3220; x_wconf 79' lang='grc' dir='ltr'>ἀτυφίας,</span> <span class='ocrx_word' id='word_1_426' title='bbox 3642 3149 3737 3203; x_wconf 73' lang='grc' dir='ltr'><strong>καὶ</strong></span> 
     </span>
    </p>
   </div>
   <div class='ocr_carea' id='block_1_58' title="bbox 459 3217 2040 3313">
    <p class='ocr_par' dir='ltr' id='par_1_58' title="bbox 459 3235 2037 3312">
     <span class='ocr_line' id='line_1_59' title="bbox 459 3235 2037 3312; baseline -0.01 -12"><span class='ocrx_word' id='word_1_427' title='bbox 459 3244 547 3300; x_wconf 80' lang='lat' dir='ltr'><strong>alii</strong></span> <span class='ocrx_word' id='word_1_428' title='bbox 570 3253 976 3312; x_wconf 83' lang='lat' dir='ltr'><strong>nuncuparunt.</strong></span> <span class='ocrx_word' id='word_1_429' title='bbox 999 3237 1135 3293; x_wconf 86' lang='lat' dir='ltr'><strong>Nam</strong></span> <span class='ocrx_word' id='word_1_430' title='bbox 1162 3237 1257 3308; x_wconf 89' lang='lat' dir='ltr'><strong>qui</strong></span> <span class='ocrx_word' id='word_1_431' title='bbox 1291 3235 1503 3293; x_wconf 86' lang='lat' dir='ltr'><strong>Socrati</strong></span> <span class='ocrx_word' id='word_1_432' title='bbox 1538 3246 1877 3299; x_wconf 87' lang='lat' dir='ltr'><strong>successere,</strong></span> <span class='ocrx_word' id='word_1_433' title='bbox 1911 3245 2037 3287; x_wconf 92' lang='lat' dir='ltr'><strong>cum</strong></span> 
     </span>
    </p>
   </div>
   <div class='ocr_carea' id='block_1_59' title="bbox 2144 3217 3736 3313">
    <p class='ocr_par' dir='ltr' id='par_1_59' title="bbox 2144 3217 3736 3313">
     <span class='ocr_line' id='line_1_60' title="bbox 2144 3217 3736 3313; baseline 0.001 -19"><span class='ocrx_word' id='word_1_434' title='bbox 2144 3217 2411 3304; x_wconf 82' lang='grc' dir='ltr'>ἀπαθείας</span> <span class='ocrx_word' id='word_1_435' title='bbox 2460 3217 2661 3311; x_wconf 81' lang='grc' dir='ltr'>ὓμνουν</span> <span class='ocrx_word' id='word_1_436' title='bbox 2682 3258 2696 3273; x_wconf 80' lang='grc'><em>’</em></span> <span class='ocrx_word' id='word_1_437' title='bbox 2725 3217 2874 3296; x_wconf 82' lang='grc' dir='ltr'>ἄλλοι</span> <span class='ocrx_word' id='word_1_438' title='bbox 2906 3241 2950 3295; x_wconf 82' lang='grc' dir='ltr'>δ’</span> <span class='ocrx_word' id='word_1_439' title='bbox 2980 3217 3048 3295; x_wconf 57' lang='grc' dir='ltr'>αὖ</span> <span class='ocrx_word' id='word_1_440' title='bbox 3082 3240 3248 3295; x_wconf 87' lang='grc' dir='ltr'>πάλιν</span> <span class='ocrx_word' id='word_1_441' title='bbox 3295 3217 3512 3313; x_wconf 74' lang='grc' dir='ltr'>ἡδονάς.</span> <span class='ocrx_word' id='word_1_442' title='bbox 3545 3242 3655 3297; x_wconf 76' lang='grc' dir='ltr'><strong>Καὶ</strong></span> <span class='ocrx_word' id='word_1_443' title='bbox 3685 3242 3736 3296; x_wconf 70' lang='grc' dir='ltr'>οἱ</span> 
     </span>
    </p>
   </div>
   <div class='ocr_carea' id='block_1_60' title="bbox 464 3321 2036 3405">
    <p class='ocr_par' dir='ltr' id='par_1_60' title="bbox 464 3321 2036 3405">
     <span class='ocr_line' id='line_1_61' title="bbox 464 3321 2036 3405; baseline -0.01 -14"><span class='ocrx_word' id='word_1_444' title='bbox 464 3334 795 3405; x_wconf 87' lang='lat' dir='ltr'><strong>multiplices</strong></span> <span class='ocrx_word' id='word_1_445' title='bbox 849 3331 1143 3388; x_wconf 89' lang='lat' dir='ltr'><strong>admodum</strong></span> <span class='ocrx_word' id='word_1_446' title='bbox 1196 3345 1261 3385; x_wconf 91' lang='lat' dir='ltr'><strong>ac</strong></span> <span class='ocrx_word' id='word_1_447' title='bbox 1312 3327 1449 3383; x_wconf 90' lang='lat' dir='ltr'><strong>varii</strong></span> <span class='ocrx_word' id='word_1_448' title='bbox 1494 3326 1667 3390; x_wconf 88' lang='lat' dir='ltr'><strong>fuere,</strong></span> <span class='ocrx_word' id='word_1_449' title='bbox 1709 3332 1826 3379; x_wconf 90' lang='lat' dir='ltr'><strong>tum</strong></span> <span class='ocrx_word' id='word_1_450' title='bbox 1871 3321 2036 3377; x_wconf 84' lang='lat' dir='ltr'><strong>etiam</strong></span> 
     </span>
    </p>
   </div>
   <div class='ocr_carea' id='block_1_61' title="bbox 464 3413 2037 3499">
    <p class='ocr_par' dir='ltr' id='par_1_61' title="bbox 464 3413 2037 3499">
     <span class='ocr_line' id='line_1_62' title="bbox 464 3413 2037 3499; baseline -0.011 -16"><span class='ocrx_word' id='word_1_451' title='bbox 464 3425 818 3499; x_wconf 85' lang='lat' dir='ltr'><strong>opinionibus</strong></span> <span class='ocrx_word' id='word_1_452' title='bbox 858 3423 1095 3479; x_wconf 78' lang='lat' dir='ltr'><strong>maxime</strong></span> <span class='ocrx_word' id='word_1_453' title='bbox 1127 3420 1408 3477; x_wconf 89' lang='lat' dir='ltr'><strong>contrarii.</strong></span> <span class='ocrx_word' id='word_1_454' title='bbox 1450 3416 1589 3472; x_wconf 83' lang='lat' dir='ltr'><strong>Nam</strong></span> <span class='ocrx_word' id='word_1_455' title='bbox 1641 3415 1735 3471; x_wconf 89' lang='lat' dir='ltr'><strong>alii</strong></span> <span class='ocrx_word' id='word_1_456' title='bbox 1783 3413 2037 3486; x_wconf 88' lang='lat' dir='ltr'><strong>cynicum</strong></span> 
     </span>
    </p>
   </div>
   <div class='ocr_carea' id='block_1_62' title="bbox 460 3504 2040 3587">
    <p class='ocr_par' dir='ltr' id='par_1_62' title="bbox 460 3504 2040 3587">
     <span class='ocr_line' id='line_1_63' title="bbox 460 3504 2040 3587; baseline -0.011 -10"><span class='ocrx_word' id='word_1_457' title='bbox 460 3519 854 3587; x_wconf 82' lang='lat' dir='ltr'><strong>sordidumque</strong></span> <span class='ocrx_word' id='word_1_458' title='bbox 907 3517 1036 3571; x_wconf 63' lang='lat' dir='ltr'><strong>vitae</strong></span> <span class='ocrx_word' id='word_1_459' title='bbox 1086 3529 1278 3585; x_wconf 86' lang='lat' dir='ltr'><strong>genus,</strong></span> <span class='ocrx_word' id='word_1_460' title='bbox 1334 3511 1661 3582; x_wconf 88' lang='lat' dir='ltr'><strong>simplicem,</strong></span> <span class='ocrx_word' id='word_1_461' title='bbox 1693 3515 1749 3563; x_wconf 89' lang='lat' dir='ltr'><strong>et</strong></span> <span class='ocrx_word' id='word_1_462' title='bbox 1787 3506 1858 3562; x_wconf 90' lang='lat' dir='ltr'><strong>ab</strong></span> <span class='ocrx_word' id='word_1_463' title='bbox 1887 3504 2040 3562; x_wconf 86' lang='lat' dir='ltr'><strong>omni</strong></span> 
     </span>
    </p>
   </div>
   <div class='ocr_carea' id='block_1_63' title="bbox 460 3598 2040 3686">
    <p class='ocr_par' dir='ltr' id='par_1_63' title="bbox 460 3598 2040 3686">
     <span class='ocr_line' id='line_1_64' title="bbox 460 3598 2040 3686; baseline -0.009 -19"><span class='ocrx_word' id='word_1_464' title='bbox 460 3608 895 3669; x_wconf 81' lang='lat' dir='ltr'><strong>perturbationis</strong></span> <span class='ocrx_word' id='word_1_465' title='bbox 925 3622 1090 3686; x_wconf 82' lang='lat' dir='ltr'><strong>sensu</strong></span> <span class='ocrx_word' id='word_1_466' title='bbox 1120 3618 1359 3660; x_wconf 84' lang='lat' dir='ltr'><strong>vacuum</strong></span> <span class='ocrx_word' id='word_1_467' title='bbox 1391 3602 1640 3657; x_wconf 90' lang='lat' dir='ltr'><strong>animum</strong></span> <span class='ocrx_word' id='word_1_468' title='bbox 1675 3617 1689 3654; x_wconf 90' lang='lat'><strong>:</strong></span> <span class='ocrx_word' id='word_1_469' title='bbox 1732 3598 2040 3668; x_wconf 85' lang='lat' dir='ltr'><strong>voluptates</strong></span> 
     </span>
    </p>
   </div>
   <div class='ocr_carea' id='block_1_64' title="bbox 465 3689 2042 3770">
    <p class='ocr_par' dir='ltr' id='par_1_64' title="bbox 465 3689 2042 3770">
     <span class='ocr_line' id='line_1_65' title="bbox 465 3689 2042 3770; baseline -0.008 -13"><span class='ocrx_word' id='word_1_470' title='bbox 465 3701 557 3757; x_wconf 85' lang='lat' dir='ltr'><strong>alii</strong></span> <span class='ocrx_word' id='word_1_471' title='bbox 582 3710 775 3757; x_wconf 91' lang='lat' dir='ltr'><strong>contra</strong></span> <span class='ocrx_word' id='word_1_472' title='bbox 806 3698 1195 3770; x_wconf 70' lang='lat' dir='ltr'><strong>praedicabant.</strong></span> <span class='ocrx_word' id='word_1_473' title='bbox 1216 3694 1283 3749; x_wconf 83' lang='lat' dir='ltr'><strong>Hi</strong></span> <span class='ocrx_word' id='word_1_474' title='bbox 1314 3709 1435 3750; x_wconf 87' lang='lat' dir='ltr'><strong>sese</strong></span> <span class='ocrx_word' id='word_1_475' title='bbox 1477 3692 1662 3748; x_wconf 86' lang='lat' dir='ltr'><strong>omnia</strong></span> <span class='ocrx_word' id='word_1_476' title='bbox 1697 3692 1840 3748; x_wconf 85' lang='lat' dir='ltr'><strong>scire</strong></span> <span class='ocrx_word' id='word_1_477' title='bbox 1873 3689 2042 3760; x_wconf 86' lang='lat' dir='ltr'><strong>jacta-</strong></span> 
     </span>
    </p>
   </div>
   <div class='ocr_carea' id='block_1_65' title="bbox 462 3784 2041 3862">
    <p class='ocr_par' dir='ltr' id='par_1_65' title="bbox 462 3784 2041 3862">
     <span class='ocr_line' id='line_1_66' title="bbox 462 3784 2041 3862; baseline -0.007 -12"><span class='ocrx_word' id='word_1_478' title='bbox 462 3796 612 3860; x_wconf 91' lang='lat' dir='ltr'><strong>bant,</strong></span> <span class='ocrx_word' id='word_1_479' title='bbox 646 3792 723 3847; x_wconf 89' lang='lat' dir='ltr'><strong>illi</strong></span> <span class='ocrx_word' id='word_1_480' title='bbox 749 3792 909 3862; x_wconf 89' lang='lat' dir='ltr'><strong>plane</strong></span> <span class='ocrx_word' id='word_1_481' title='bbox 937 3788 1093 3845; x_wconf 89' lang='lat' dir='ltr'><strong>nihil.</strong></span> <span class='ocrx_word' id='word_1_482' title='bbox 1120 3787 1354 3854; x_wconf 85' lang='lat' dir='ltr'><strong>Quidam</strong></span> <span class='ocrx_word' id='word_1_483' title='bbox 1387 3786 1442 3841; x_wconf 92' lang='lat' dir='ltr'><strong>in</strong></span> <span class='ocrx_word' id='word_1_484' title='bbox 1472 3785 1652 3840; x_wconf 86' lang='lat' dir='ltr'><strong>media</strong></span> <span class='ocrx_word' id='word_1_485' title='bbox 1681 3784 1842 3840; x_wconf 86' lang='lat' dir='ltr'><strong>turba</strong></span> <span class='ocrx_word' id='word_1_486' title='bbox 1873 3791 2041 3853; x_wconf 88' lang='lat' dir='ltr'><strong>atque</strong></span> 
     </span>
    </p>
   </div>
   <div class='ocr_carea' id='block_1_66' title="bbox 459 3876 2042 3950">
    <p class='ocr_par' dir='ltr' id='par_1_66' title="bbox 459 3876 2042 3950">
     <span class='ocr_line' id='line_1_67' title="bbox 459 3876 2042 3950; baseline -0.006 -8"><span class='ocrx_word' id='word_1_487' title='bbox 459 3886 705 3942; x_wconf 87' lang='lat' dir='ltr'><strong>omnium</strong></span> <span class='ocrx_word' id='word_1_488' title='bbox 728 3882 902 3940; x_wconf 88' lang='lat' dir='ltr'><strong>oculis</strong></span> <span class='ocrx_word' id='word_1_489' title='bbox 925 3881 1278 3937; x_wconf 84' lang='lat' dir='ltr'><strong>volvebantur</strong></span> <span class='ocrx_word' id='word_1_490' title='bbox 1293 3878 1477 3950; x_wconf 74' lang='lat'><strong>511,</strong></span> <span class='ocrx_word' id='word_1_491' title='bbox 1507 3892 1632 3933; x_wconf 90' lang='lat' dir='ltr'><strong>cum</strong></span> <span class='ocrx_word' id='word_1_492' title='bbox 1665 3876 1850 3932; x_wconf 85' lang='lat' dir='ltr'><strong>infima</strong></span> <span class='ocrx_word' id='word_1_493' title='bbox 1884 3876 2042 3947; x_wconf 83' lang='lat' dir='ltr'><strong>plebe</strong></span> 
     </span>
    </p>
   </div>
   <div class='ocr_carea' id='block_1_67' title="bbox 462 3968 2032 4039">
    <p class='ocr_par' dir='ltr' id='par_1_67' title="bbox 462 3968 2032 4039">
     <span class='ocr_line' id='line_1_68' title="bbox 462 3968 2032 4039; baseline -0.005 -6"><span class='ocrx_word' id='word_1_494' title='bbox 462 3976 710 4034; x_wconf 87' lang='lat' dir='ltr'><strong>assidui:</strong></span> <span class='ocrx_word' id='word_1_495' title='bbox 751 3976 888 4031; x_wconf 87' lang='lat' dir='ltr'><strong>alios</strong></span> <span class='ocrx_word' id='word_1_496' title='bbox 921 3972 1076 4029; x_wconf 89' lang='lat' dir='ltr'><strong>adire</strong></span> <span class='ocrx_word' id='word_1_497' title='bbox 1112 3986 1296 4037; x_wconf 88' lang='lat' dir='ltr'><strong>nemo,</strong></span> <span class='ocrx_word' id='word_1_498' title='bbox 1331 3985 1494 4027; x_wconf 89' lang='lat' dir='ltr'><strong>nemo</strong></span> <span class='ocrx_word' id='word_1_499' title='bbox 1515 3968 2032 4039; x_wconf 87' lang='lat' dir='ltr'><strong>alloquipotuisset.</strong></span> 
     </span>
    </p>
   </div>
   <div class='ocr_carea' id='block_1_68' title="bbox 465 4060 2041 4134">
    <p class='ocr_par' dir='ltr' id='par_1_68' title="bbox 465 4060 2041 4134">
     <span class='ocr_line' id='line_1_69' title="bbox 465 4060 2041 4134; baseline -0.005 -8"><span class='ocrx_word' id='word_1_500' title='bbox 465 4071 536 4126; x_wconf 81' lang='lat' dir='ltr'><strong>At</strong></span> <span class='ocrx_word' id='word_1_501' title='bbox 588 4067 746 4124; x_wconf 88' lang='lat' dir='ltr'><strong>Plato</strong></span> <span class='ocrx_word' id='word_1_502' title='bbox 799 4083 927 4123; x_wconf 88' lang='lat' dir='ltr'><strong>cum</strong></span> <span class='ocrx_word' id='word_1_503' title='bbox 974 4080 1138 4121; x_wconf 90' lang='lat' dir='ltr'><strong>unam</strong></span> <span class='ocrx_word' id='word_1_504' title='bbox 1172 4064 1532 4134; x_wconf 88' lang='lat' dir='ltr'><strong>eamdemque</strong></span> <span class='ocrx_word' id='word_1_505' title='bbox 1567 4060 1880 4118; x_wconf 86' lang='lat' dir='ltr'><strong>divinarum</strong></span> <span class='ocrx_word' id='word_1_506' title='bbox 1912 4076 2041 4118; x_wconf 89' lang='lat' dir='ltr'><strong>esse</strong></span> 
     </span>
    </p>
   </div>
   <div class='ocr_carea' id='block_1_69' title="bbox 460 4155 2035 4230">
    <p class='ocr_par' dir='ltr' id='par_1_69' title="bbox 460 4155 2035 4230">
     <span class='ocr_line' id='line_1_70' title="bbox 460 4155 2035 4230; baseline -0.004 -14"><span class='ocrx_word' id='word_1_507' title='bbox 460 4160 936 4230; x_wconf 87' lang='lat' dir='ltr'><strong>humanarumque</strong></span> <span class='ocrx_word' id='word_1_508' title='bbox 962 4173 1147 4213; x_wconf 84' lang='lat' dir='ltr'><strong>rerum</strong></span> <span class='ocrx_word' id='word_1_509' title='bbox 1173 4156 1457 4213; x_wconf 87' lang='lat' dir='ltr'><strong>scientiam</strong></span> <span class='ocrx_word' id='word_1_510' title='bbox 1484 4156 1659 4227; x_wconf 90' lang='lat' dir='ltr'><strong>probe</strong></span> <span class='ocrx_word' id='word_1_511' title='bbox 1688 4155 2035 4226; x_wconf 83' lang='lat' dir='ltr'><strong>intelligeret,</strong></span> 
     </span>
    </p>
   </div>
   <div class='ocr_carea' id='block_1_70' title="bbox 459 4247 2040 4323">
    <p class='ocr_par' dir='ltr' id='par_1_70' title="bbox 459 4247 2040 4323">
     <span class='ocr_line' id='line_1_71' title="bbox 459 4247 2040 4323; baseline -0.005 -14"><span class='ocrx_word' id='word_1_512' title='bbox 459 4268 580 4310; x_wconf 89' lang='lat' dir='ltr'><strong>eam</strong></span> <span class='ocrx_word' id='word_1_513' title='bbox 615 4252 824 4323; x_wconf 90' lang='lat' dir='ltr'><strong>primus</strong></span> <span class='ocrx_word' id='word_1_514' title='bbox 855 4252 931 4306; x_wconf 91' lang='lat' dir='ltr'><strong>ita</strong></span> <span class='ocrx_word' id='word_1_515' title='bbox 963 4249 1211 4321; x_wconf 87' lang='lat' dir='ltr'><strong>digessit,</strong></span> <span class='ocrx_word' id='word_1_516' title='bbox 1245 4258 1307 4305; x_wconf 90' lang='lat' dir='ltr'><strong>ut</strong></span> <span class='ocrx_word' id='word_1_517' title='bbox 1338 4256 1548 4319; x_wconf 90' lang='lat' dir='ltr'><strong>partem</strong></span> <span class='ocrx_word' id='word_1_518' title='bbox 1576 4247 1724 4302; x_wconf 82' lang='lat' dir='ltr'><strong>illius</strong></span> <span class='ocrx_word' id='word_1_519' title='bbox 1750 4262 1916 4302; x_wconf 89' lang='lat' dir='ltr'><strong>unam</strong></span> <span class='ocrx_word' id='word_1_520' title='bbox 1942 4261 2040 4301; x_wconf 77' lang='lat' dir='ltr'><strong>ex-</strong></span> 
     </span>
    </p>
   </div>
   <div class='ocr_carea' id='block_1_71' title="bbox 460 4339 2039 4418">
    <p class='ocr_par' dir='ltr' id='par_1_71' title="bbox 460 4339 2039 4418">
     <span class='ocr_line' id='line_1_72' title="bbox 460 4339 2039 4418; baseline -0.003 -19"><span class='ocrx_word' id='word_1_521' title='bbox 460 4345 726 4418; x_wconf 59' lang='lat' dir='ltr'><strong>plicanda!</strong></span> <span class='ocrx_word' id='word_1_522' title='bbox 748 4342 991 4399; x_wconf 89' lang='lat' dir='ltr'><strong>universi</strong></span> <span class='ocrx_word' id='word_1_523' title='bbox 1022 4351 1250 4409; x_wconf 65' lang='lat' dir='ltr'><strong>naturae,</strong></span> <span class='ocrx_word' id='word_1_524' title='bbox 1281 4341 1507 4397; x_wconf 87' lang='lat' dir='ltr'><strong>alteram</strong></span> <span class='ocrx_word' id='word_1_525' title='bbox 1542 4355 1729 4396; x_wconf 83' lang='lat' dir='ltr'><strong>rerum</strong></span> <span class='ocrx_word' id='word_1_526' title='bbox 1766 4339 2039 4394; x_wconf 89' lang='lat' dir='ltr'><strong>humana-</strong></span> 
     </span>
    </p>
   </div>
   <div class='ocr_carea' id='block_1_72' title="bbox 460 4430 2042 4507">
    <p class='ocr_par' dir='ltr' id='par_1_72' title="bbox 460 4430 2042 4507">
     <span class='ocr_line' id='line_1_73' title="bbox 460 4430 2042 4507; baseline -0.003 -15"><span class='ocrx_word' id='word_1_527' title='bbox 460 4452 582 4492; x_wconf 89' lang='lat' dir='ltr'><strong>rum</strong></span> <span class='ocrx_word' id='word_1_528' title='bbox 608 4434 946 4507; x_wconf 77' lang='lat' dir='ltr'><strong>tractationi,</strong></span> <span class='ocrx_word' id='word_1_529' title='bbox 974 4432 1381 4490; x_wconf 70' lang='lat' dir='ltr'><strong>conformandae</strong></span> <span class='ocrx_word' id='word_1_530' title='bbox 1404 4430 1639 4487; x_wconf 91' lang='lat' dir='ltr'><strong>orationi</strong></span> <span class='ocrx_word' id='word_1_531' title='bbox 1673 4430 1888 4486; x_wconf 88' lang='lat' dir='ltr'><strong>tertiam</strong></span> <span class='ocrx_word' id='word_1_532' title='bbox 1913 4445 2042 4501; x_wconf 57' lang='lat' dir='ltr'><strong>pos-</strong></span> 
     </span>
    </p>
   </div>
   <div class='ocr_carea' id='block_1_73' title="bbox 461 4521 2038 4595">
    <p class='ocr_par' dir='ltr' id='par_1_73' title="bbox 461 4521 2038 4595">
     <span class='ocr_line' id='line_1_74' title="bbox 461 4521 2038 4595; baseline -0.004 -13"><span class='ocrx_word' id='word_1_533' title='bbox 461 4538 804 4595; x_wconf 89' lang='lat' dir='ltr'><strong>tremamque</strong></span> <span class='ocrx_word' id='word_1_534' title='bbox 860 4524 1147 4579; x_wconf 89' lang='lat' dir='ltr'><strong>tribueret.</strong></span> <span class='ocrx_word' id='word_1_535' title='bbox 1203 4522 1496 4590; x_wconf 60' lang='lat' dir='ltr'><strong>Ceterum,</strong></span> <span class='ocrx_word' id='word_1_536' title='bbox 1535 4522 1643 4578; x_wconf 90' lang='lat' dir='ltr'><strong>nisi</strong></span> <span class='ocrx_word' id='word_1_537' title='bbox 1676 4521 1858 4577; x_wconf 90' lang='lat' dir='ltr'><strong>divina</strong></span> <span class='ocrx_word' id='word_1_538' title='bbox 1910 4536 2038 4591; x_wconf 86' lang='lat' dir='ltr'><strong>per-</strong></span> 
     </span>
    </p>
   </div>
   <div class='ocr_carea' id='block_1_74' title="bbox 461 4614 2044 4691">
    <p class='ocr_par' dir='ltr' id='par_1_74' title="bbox 461 4614 2044 4691">
     <span class='ocr_line' id='line_1_75' title="bbox 461 4614 2044 4691; baseline -0.003 -15"><span class='ocrx_word' id='word_1_539' title='bbox 461 4629 645 4691; x_wconf 82' lang='lat' dir='ltr'><strong>specta</strong></span> <span class='ocrx_word' id='word_1_540' title='bbox 672 4619 827 4689; x_wconf 89' lang='lat' dir='ltr'><strong>prius</strong></span> <span class='ocrx_word' id='word_1_541' title='bbox 848 4626 904 4673; x_wconf 91' lang='lat' dir='ltr'><strong>et</strong></span> <span class='ocrx_word' id='word_1_542' title='bbox 930 4616 1146 4687; x_wconf 81' lang='lat' dir='ltr'><strong>cognita</strong></span> <span class='ocrx_word' id='word_1_543' title='bbox 1168 4617 1493 4683; x_wconf 80' lang='lat' dir='ltr'><strong>habeamus,</strong></span> <span class='ocrx_word' id='word_1_544' title='bbox 1515 4614 1786 4686; x_wconf 89' lang='lat' dir='ltr'><strong>pervideri</strong></span> <span class='ocrx_word' id='word_1_545' title='bbox 1816 4630 1848 4669; x_wconf 86' lang='lat' dir='ltr'><strong>a</strong></span> <span class='ocrx_word' id='word_1_546' title='bbox 1882 4614 2044 4671; x_wconf 88' lang='lat' dir='ltr'><strong>nobis</strong></span> 
     </span>
    </p>
   </div>
   <div class='ocr_carea' id='block_1_75' title="bbox 464 4706 2044 4781">
    <p class='ocr_par' dir='ltr' id='par_1_75' title="bbox 464 4706 2044 4781">
     <span class='ocr_line' id='line_1_76' title="bbox 464 4706 2044 4781; baseline -0.005 -12"><span class='ocrx_word' id='word_1_547' title='bbox 464 4714 704 4769; x_wconf 85' lang='lat' dir='ltr'><strong>humana</strong></span> <span class='ocrx_word' id='word_1_548' title='bbox 730 4726 843 4767; x_wconf 90' lang='lat' dir='ltr'><strong>non</strong></span> <span class='ocrx_word' id='word_1_549' title='bbox 874 4725 1038 4781; x_wconf 88' lang='lat' dir='ltr'><strong>posse</strong></span> <span class='ocrx_word' id='word_1_550' title='bbox 1062 4710 1354 4766; x_wconf 88' lang='lat' dir='ltr'><strong>statuebat.</strong></span> <span class='ocrx_word' id='word_1_551' title='bbox 1386 4707 1862 4776; x_wconf 83' lang='lat' dir='ltr'><strong>Quemadmodum</strong></span> <span class='ocrx_word' id='word_1_552' title='bbox 1892 4706 2044 4762; x_wconf 89' lang='lat' dir='ltr'><strong>enim</strong></span> 
     </span>
    </p>
   </div>
   <div class='ocr_carea' id='block_1_76' title="bbox 463 4800 2040 4875">
    <p class='ocr_par' dir='ltr' id='par_1_76' title="bbox 463 4800 2040 4875">
     <span class='ocr_line' id='line_1_77' title="bbox 463 4800 2040 4875; baseline -0.004 -13"><span class='ocrx_word' id='word_1_553' title='bbox 463 4805 683 4872; x_wconf 90' lang='lat' dir='ltr'><strong>medici,</strong></span> <span class='ocrx_word' id='word_1_554' title='bbox 732 4805 810 4861; x_wconf 92' lang='lat' dir='ltr'><strong>uti</strong></span> <span class='ocrx_word' id='word_1_555' title='bbox 840 4803 1091 4875; x_wconf 89' lang='lat' dir='ltr'><strong>partibus</strong></span> <span class='ocrx_word' id='word_1_556' title='bbox 1118 4802 1451 4874; x_wconf 88' lang='lat' dir='ltr'><strong>quibusdam</strong></span> <span class='ocrx_word' id='word_1_557' title='bbox 1484 4802 1833 4865; x_wconf 85' lang='lat' dir='ltr'><strong>medeantur,</strong></span> <span class='ocrx_word' id='word_1_558' title='bbox 1865 4800 1922 4855; x_wconf 87' lang='lat' dir='ltr'><strong>in</strong></span> <span class='ocrx_word' id='word_1_559' title='bbox 1953 4810 2040 4856; x_wconf 82' lang='lat' dir='ltr'><strong>to-</strong></span> 
     </span>
    </p>
   </div>
   <div class='ocr_carea' id='block_1_77' title="bbox 462 4894 2042 4968">
    <p class='ocr_par' dir='ltr' id='par_1_77' title="bbox 462 4894 2042 4968">
     <span class='ocr_line' id='line_1_78' title="bbox 462 4894 2042 4968; baseline -0.003 -14"><span class='ocrx_word' id='word_1_560' title='bbox 462 4899 573 4955; x_wconf 90' lang='lat' dir='ltr'><strong>tius</strong></span> <span class='ocrx_word' id='word_1_561' title='bbox 601 4905 728 4953; x_wconf 84' lang='lat' dir='ltr'><strong>ante</strong></span> <span class='ocrx_word' id='word_1_562' title='bbox 753 4897 1001 4968; x_wconf 88' lang='lat' dir='ltr'><strong>corporis</strong></span> <span class='ocrx_word' id='word_1_563' title='bbox 1030 4896 1373 4952; x_wconf 86' lang='lat' dir='ltr'><strong>curationem</strong></span> <span class='ocrx_word' id='word_1_564' title='bbox 1404 4896 1753 4957; x_wconf 86' lang='lat' dir='ltr'><strong>incumbunt,</strong></span> <span class='ocrx_word' id='word_1_565' title='bbox 1771 4894 1845 4951; x_wconf 87' lang='lat' dir='ltr'><strong>ita</strong></span> <span class='ocrx_word' id='word_1_566' title='bbox 1878 4909 2042 4965; x_wconf 88' lang='lat' dir='ltr'><strong>pror-</strong></span> 
     </span>
    </p>
   </div>
   <div class='ocr_carea' id='block_1_78' title="bbox 464 4988 2043 5062">
    <p class='ocr_par' dir='ltr' id='par_1_78' title="bbox 464 4988 2043 5062">
     <span class='ocr_line' id='line_1_79' title="bbox 464 4988 2043 5062; baseline -0.003 -15"><span class='ocrx_word' id='word_1_567' title='bbox 464 5007 584 5056; x_wconf 82' lang='lat' dir='ltr'><strong>sus,</strong></span> <span class='ocrx_word' id='word_1_568' title='bbox 617 4991 713 5062; x_wconf 90' lang='lat' dir='ltr'><strong>qui</strong></span> <span class='ocrx_word' id='word_1_569' title='bbox 735 5006 826 5046; x_wconf 92' lang='lat' dir='ltr'><strong>res</strong></span> <span class='ocrx_word' id='word_1_570' title='bbox 856 4998 1078 5046; x_wconf 88' lang='lat' dir='ltr'><strong>nostras</strong></span> <span class='ocrx_word' id='word_1_571' title='bbox 1104 4989 1305 5045; x_wconf 91' lang='lat' dir='ltr'><strong>intueri</strong></span> <span class='ocrx_word' id='word_1_572' title='bbox 1329 4989 1479 5053; x_wconf 91' lang='lat' dir='ltr'><strong>velit,</strong></span> <span class='ocrx_word' id='word_1_573' title='bbox 1510 4988 1755 5043; x_wconf 89' lang='lat' dir='ltr'><strong>universi</strong></span> <span class='ocrx_word' id='word_1_574' title='bbox 1787 4995 2043 5042; x_wconf 86' lang='lat' dir='ltr'><strong>naturam</strong></span> 
     </span>
    </p>
   </div>
   <div class='ocr_carea' id='block_1_79' title="bbox 460 5080 2044 5155">
    <p class='ocr_par' dir='ltr' id='par_1_79' title="bbox 460 5080 2044 5155">
     <span class='ocr_line' id='line_1_80' title="bbox 460 5080 2044 5155; baseline -0.005 -16"><span class='ocrx_word' id='word_1_575' title='bbox 460 5085 617 5155; x_wconf 87' lang='lat' dir='ltr'><strong>prius</strong></span> <span class='ocrx_word' id='word_1_576' title='bbox 647 5083 699 5139; x_wconf 91' lang='lat' dir='ltr'><strong>ei</strong></span> <span class='ocrx_word' id='word_1_577' title='bbox 735 5081 1176 5153; x_wconf 86' lang='lat' dir='ltr'><strong>cognoscendam</strong></span> <span class='ocrx_word' id='word_1_578' title='bbox 1234 5096 1356 5139; x_wconf 90' lang='lat' dir='ltr'><strong>esse</strong></span> <span class='ocrx_word' id='word_1_579' title='bbox 1386 5099 1399 5136; x_wconf 87' lang='lat'><strong>:</strong></span> <span class='ocrx_word' id='word_1_580' title='bbox 1430 5096 1554 5135; x_wconf 90' lang='lat' dir='ltr'><strong>cum</strong></span> <span class='ocrx_word' id='word_1_581' title='bbox 1573 5080 1720 5135; x_wconf 89' lang='lat' dir='ltr'><strong>illius</strong></span> <span class='ocrx_word' id='word_1_582' title='bbox 1742 5094 1869 5149; x_wconf 89' lang='lat' dir='ltr'><strong>pars</strong></span> <span class='ocrx_word' id='word_1_583' title='bbox 1892 5092 2044 5149; x_wconf 80' lang='lat' dir='ltr'><strong>quae-</strong></span> 
     </span>
    </p>
   </div>
   <div class='ocr_carea' id='block_1_80' title="bbox 461 5165 2045 5241">
    <p class='ocr_par' dir='ltr' id='par_1_80' title="bbox 461 5165 2045 5241">
     <span class='ocr_line' id='line_1_81' title="bbox 461 5165 2045 5241; baseline -0.007 -12"><span class='ocrx_word' id='word_1_584' title='bbox 461 5174 591 5229; x_wconf 87' lang='lat' dir='ltr'><strong>dam</strong></span> <span class='ocrx_word' id='word_1_585' title='bbox 621 5172 789 5227; x_wconf 91' lang='lat' dir='ltr'><strong>homo</strong></span> <span class='ocrx_word' id='word_1_586' title='bbox 822 5172 916 5237; x_wconf 88' lang='lat' dir='ltr'><strong>sit,</strong></span> <span class='ocrx_word' id='word_1_587' title='bbox 941 5178 1107 5241; x_wconf 88' lang='lat' dir='ltr'><strong>atque</strong></span> <span class='ocrx_word' id='word_1_588' title='bbox 1139 5185 1206 5225; x_wconf 78' lang='lat' dir='ltr'><strong>ex</strong></span> <span class='ocrx_word' id='word_1_589' title='bbox 1239 5169 1400 5225; x_wconf 91' lang='lat' dir='ltr'><strong>bonis</strong></span> <span class='ocrx_word' id='word_1_590' title='bbox 1427 5167 1667 5233; x_wconf 91' lang='lat' dir='ltr'><strong>duobus,</strong></span> <span class='ocrx_word' id='word_1_591' title='bbox 1698 5182 1938 5238; x_wconf 90' lang='lat' dir='ltr'><strong>quorum</strong></span> <span class='ocrx_word' id='word_1_592' title='bbox 1965 5165 2045 5219; x_wconf 80' lang='lat' dir='ltr'><strong>al-</strong></span> 
     </span>
    </p>
   </div>
   <div class='ocr_carea' id='block_1_81' title="bbox 463 5259 2044 5330">
    <p class='ocr_par' dir='ltr' id='par_1_81' title="bbox 463 5259 2044 5330">
     <span class='ocr_line' id='line_1_82' title="bbox 463 5259 2044 5330; baseline -0.006 -10"><span class='ocrx_word' id='word_1_593' title='bbox 463 5273 642 5320; x_wconf 90' lang='lat' dir='ltr'><strong>terum</strong></span> <span class='ocrx_word' id='word_1_594' title='bbox 670 5263 738 5317; x_wconf 88' lang='lat' dir='ltr'><strong>ad</strong></span> <span class='ocrx_word' id='word_1_595' title='bbox 763 5277 884 5329; x_wconf 89' lang='lat' dir='ltr'><strong>nos,</strong></span> <span class='ocrx_word' id='word_1_596' title='bbox 918 5262 986 5317; x_wconf 91' lang='lat' dir='ltr'><strong>ad</strong></span> <span class='ocrx_word' id='word_1_597' title='bbox 1019 5261 1337 5316; x_wconf 89' lang='lat' dir='ltr'><strong>universum</strong></span> <span class='ocrx_word' id='word_1_598' title='bbox 1362 5260 1593 5314; x_wconf 88' lang='lat' dir='ltr'><strong>alterum</strong></span> <span class='ocrx_word' id='word_1_599' title='bbox 1610 5259 1869 5330; x_wconf 86' lang='lat' dir='ltr'><strong>pertinet,</strong></span> <span class='ocrx_word' id='word_1_600' title='bbox 1903 5271 2044 5327; x_wconf 67' lang='lat' dir='ltr'><strong>prte-</strong></span> 
     </span>
    </p>
   </div>
   <div class='ocr_carea' id='block_1_82' title="bbox 463 5348 2046 5424">
    <p class='ocr_par' dir='ltr' id='par_1_82' title="bbox 463 5348 2046 5424">
     <span class='ocr_line' id='line_1_83' title="bbox 463 5348 2046 5424; baseline -0.004 -16"><span class='ocrx_word' id='word_1_601' title='bbox 463 5353 684 5424; x_wconf 87' lang='lat' dir='ltr'><strong>cipuum</strong></span> <span class='ocrx_word' id='word_1_602' title='bbox 713 5352 785 5407; x_wconf 86' lang='lat' dir='ltr'><strong>sit</strong></span> <span class='ocrx_word' id='word_1_603' title='bbox 814 5351 1059 5407; x_wconf 86' lang='lat' dir='ltr'><strong>universi</strong></span> <span class='ocrx_word' id='word_1_604' title='bbox 1086 5351 1316 5418; x_wconf 88' lang='lat' dir='ltr'><strong>bonum,</strong></span> <span class='ocrx_word' id='word_1_605' title='bbox 1344 5350 1494 5421; x_wconf 92' lang='lat' dir='ltr'><strong>quod</strong></span> <span class='ocrx_word' id='word_1_606' title='bbox 1519 5350 1754 5405; x_wconf 88' lang='lat' dir='ltr'><strong>alterum</strong></span> <span class='ocrx_word' id='word_1_607' title='bbox 1767 5348 1886 5418; x_wconf 89' lang='lat' dir='ltr'><strong>ejus</strong></span> <span class='ocrx_word' id='word_1_608' title='bbox 1920 5363 2046 5403; x_wconf 89' lang='lat' dir='ltr'><strong>cau-</strong></span> 
     </span>
    </p>
   </div>
   <div class='ocr_carea' id='block_1_83' title="bbox 463 5439 2043 5515">
    <p class='ocr_par' dir='ltr' id='par_1_83' title="bbox 463 5439 2043 5515">
     <span class='ocr_line' id='line_1_84' title="bbox 463 5439 2043 5515; baseline -0.004 -15"><span class='ocrx_word' id='word_1_609' title='bbox 463 5459 526 5500; x_wconf 84' lang='lat' dir='ltr'><strong>sa</strong></span> <span class='ocrx_word' id='word_1_610' title='bbox 577 5451 911 5515; x_wconf 83' lang='lat' dir='ltr'><strong>procreetur.</strong></span> <span class='ocrx_word' id='word_1_611' title='bbox 947 5441 1122 5513; x_wconf 85' lang='lat' dir='ltr'><strong>Atque</strong></span> <span class='ocrx_word' id='word_1_612' title='bbox 1145 5442 1287 5497; x_wconf 89' lang='lat' dir='ltr'><strong>hanc</strong></span> <span class='ocrx_word' id='word_1_613' title='bbox 1310 5441 1571 5497; x_wconf 88' lang='lat' dir='ltr'><strong>Indorum</strong></span> <span class='ocrx_word' id='word_1_614' title='bbox 1612 5455 1734 5497; x_wconf 90' lang='lat' dir='ltr'><strong>esse</strong></span> <span class='ocrx_word' id='word_1_615' title='bbox 1772 5439 2043 5494; x_wconf 89' lang='lat' dir='ltr'><strong>rationem</strong></span> 
     </span>
    </p>
   </div>
   <div class='ocr_carea' id='block_1_84' title="bbox 460 5532 2044 5604">
    <p class='ocr_par' dir='ltr' id='par_1_84' title="bbox 460 5532 2044 5604">
     <span class='ocr_line' id='line_1_85' title="bbox 460 5532 2044 5604; baseline -0.005 -11"><span class='ocrx_word' id='word_1_616' title='bbox 460 5537 823 5593; x_wconf 81' lang='lat' dir='ltr'><strong>Aristoxenus</strong></span> <span class='ocrx_word' id='word_1_617' title='bbox 849 5534 1094 5590; x_wconf 87' lang='lat' dir='ltr'><strong>musicus</strong></span> <span class='ocrx_word' id='word_1_618' title='bbox 1120 5542 1351 5590; x_wconf 89' lang='lat' dir='ltr'><strong>testatur</strong></span> <span class='ocrx_word' id='word_1_619' title='bbox 1387 5551 1401 5587; x_wconf 90' lang='lat'><strong>:</strong></span> <span class='ocrx_word' id='word_1_620' title='bbox 1434 5532 1658 5604; x_wconf 89' lang='lat' dir='ltr'><strong>quippe,</strong></span> <span class='ocrx_word' id='word_1_621' title='bbox 1688 5546 1860 5587; x_wconf 90' lang='lat' dir='ltr'><strong>unum</strong></span> <span class='ocrx_word' id='word_1_622' title='bbox 1885 5546 1951 5587; x_wconf 78' lang='lat' dir='ltr'><strong>ex</strong></span> <span class='ocrx_word' id='word_1_623' title='bbox 1977 5545 2044 5586; x_wconf 90' lang='lat' dir='ltr'><strong>ea</strong></span> 
     </span>
    </p>
   </div>
   <div class='ocr_carea' id='block_1_85' title="bbox 463 5622 2043 5698">
    <p class='ocr_par' dir='ltr' id='par_1_85' title="bbox 463 5622 2043 5698">
     <span class='ocr_line' id='line_1_86' title="bbox 463 5622 2043 5698; baseline -0.004 -15"><span class='ocrx_word' id='word_1_624' title='bbox 463 5628 684 5683; x_wconf 89' lang='lat' dir='ltr'><strong>natione</strong></span> <span class='ocrx_word' id='word_1_625' title='bbox 705 5627 944 5697; x_wconf 87' lang='lat' dir='ltr'><strong>aliquem</strong></span> <span class='ocrx_word' id='word_1_626' title='bbox 964 5626 1193 5682; x_wconf 85' lang='lat' dir='ltr'><strong>Athenis</strong></span> <span class='ocrx_word' id='word_1_627' title='bbox 1216 5639 1575 5698; x_wconf 85' lang='lat' dir='ltr'><strong>congressum</strong></span> <span class='ocrx_word' id='word_1_628' title='bbox 1612 5639 1735 5681; x_wconf 90' lang='lat' dir='ltr'><strong>esse</strong></span> <span class='ocrx_word' id='word_1_629' title='bbox 1782 5639 1906 5679; x_wconf 91' lang='lat' dir='ltr'><strong>cum</strong></span> <span class='ocrx_word' id='word_1_630' title='bbox 1935 5622 2043 5678; x_wconf 88' lang='lat' dir='ltr'><strong>So-</strong></span> 
     </span>
    </p>
   </div>
   <div class='ocr_carea' id='block_1_86' title="bbox 465 5715 2046 5790">
    <p class='ocr_par' dir='ltr' id='par_1_86' title="bbox 465 5715 2046 5790">
     <span class='ocr_line' id='line_1_87' title="bbox 465 5715 2046 5790; baseline -0.001 -20"><span class='ocrx_word' id='word_1_631' title='bbox 465 5724 634 5782; x_wconf 79' lang='lat' dir='ltr'><strong>crate,</strong></span> <span class='ocrx_word' id='word_1_632' title='bbox 660 5732 728 5773; x_wconf 78' lang='lat' dir='ltr'><strong>ex</strong></span> <span class='ocrx_word' id='word_1_633' title='bbox 761 5732 937 5786; x_wconf 90' lang='lat' dir='ltr'><strong>eoque</strong></span> <span class='ocrx_word' id='word_1_634' title='bbox 958 5718 1324 5784; x_wconf 89' lang='lat' dir='ltr'><strong>sciscitatum,</strong></span> <span class='ocrx_word' id='word_1_635' title='bbox 1358 5718 1492 5790; x_wconf 87' lang='lat' dir='ltr'><strong>quid</strong></span> <span class='ocrx_word' id='word_1_636' title='bbox 1527 5717 1797 5789; x_wconf 84' lang='lat' dir='ltr'><strong>agendum</strong></span> <span class='ocrx_word' id='word_1_637' title='bbox 1822 5715 1929 5771; x_wconf 88' lang='lat' dir='ltr'><strong>sibi</strong></span> <span class='ocrx_word' id='word_1_638' title='bbox 1959 5728 2046 5770; x_wconf 86' lang='lat' dir='ltr'><strong>re—</strong></span> 
     </span>
    </p>
   </div>
   <div class='ocr_carea' id='block_1_87' title="bbox 530 5828 979 5886">
    <p class='ocr_par' dir='ltr' id='par_1_87' title="bbox 530 5828 979 5886">
     <span class='ocr_line' id='line_1_88' title="bbox 530 5828 979 5886; baseline 0 -1"><span class='ocrx_word' id='word_1_639' title='bbox 530 5843 566 5885; x_wconf 81' lang='grc' dir='ltr'><strong>,ι</strong></span> <span class='ocrx_word' id='word_1_640' title='bbox 605 5828 765 5886; x_wconf 81' lang='lat' dir='ltr'><strong>Forte</strong></span> <span class='ocrx_word' id='word_1_641' title='bbox 783 5831 979 5886; x_wconf 74' lang='grc' dir='ltr'>ἐκεῖνο.</span> 
     </span>
    </p>
   </div>
   <div class='ocr_carea' id='block_1_88' title="bbox 2145 3332 3733 3406">
    <p class='ocr_par' dir='ltr' id='par_1_88' title="bbox 2145 3332 3733 3406">
     <span class='ocr_line' id='line_1_89' title="bbox 2145 3332 3733 3406; baseline 0.002 -20"><span class='ocrx_word' id='word_1_642' title='bbox 2145 3333 2243 3404; x_wconf 82' lang='grc' dir='ltr'><strong>μὲν</strong></span> <span class='ocrx_word' id='word_1_643' title='bbox 2276 3333 2473 3386; x_wconf 81' lang='grc' dir='ltr'>ειδέναι</span> <span class='ocrx_word' id='word_1_644' title='bbox 2525 3332 2702 3387; x_wconf 85' lang='grc' dir='ltr'>πάντα</span> <span class='ocrx_word' id='word_1_645' title='bbox 2738 3332 3075 3404; x_wconf 72' lang='grc' dir='ltr'>ἐκόμπαζον,</span> <span class='ocrx_word' id='word_1_646' title='bbox 3110 3333 3161 3389; x_wconf 75' lang='grc' dir='ltr'>οἱ</span> <span class='ocrx_word' id='word_1_647' title='bbox 3209 3332 3269 3387; x_wconf 82' lang='grc' dir='ltr'>δὲ</span> <span class='ocrx_word' id='word_1_648' title='bbox 3311 3334 3501 3398; x_wconf 81' lang='grc' dir='ltr'>ἁπλῶς</span> <span class='ocrx_word' id='word_1_649' title='bbox 3536 3333 3733 3406; x_wconf 77' lang='grc' dir='ltr'>μηθέν.</span> 
     </span>
    </p>
   </div>
   <div class='ocr_carea' id='block_1_89' title="bbox 2146 3424 3732 3496">
    <p class='ocr_par' dir='ltr' id='par_1_89' title="bbox 2146 3424 3732 3496">
     <span class='ocr_line' id='line_1_90' title="bbox 2146 3424 3732 3496; baseline -0.001 -17"><span class='ocrx_word' id='word_1_650' title='bbox 2146 3426 2267 3479; x_wconf 85' lang='grc' dir='ltr'>Ἔτι</span> <span class='ocrx_word' id='word_1_651' title='bbox 2292 3424 2337 3477; x_wconf 85' lang='grc' dir='ltr'>δ’</span> <span class='ocrx_word' id='word_1_652' title='bbox 2365 3426 2415 3478; x_wconf 90' lang='grc' dir='ltr'>οί</span> <span class='ocrx_word' id='word_1_653' title='bbox 2452 3426 2550 3495; x_wconf 85' lang='grc' dir='ltr'><strong>μὲν</strong></span> <span class='ocrx_word' id='word_1_654' title='bbox 2597 3426 2655 3478; x_wconf 82' lang='grc' dir='ltr'><strong>ὲν</strong></span> <span class='ocrx_word' id='word_1_655' title='bbox 2702 3424 2852 3496; x_wconf 79' lang='grc' dir='ltr'>μέσῳ</span> <span class='ocrx_word' id='word_1_656' title='bbox 2892 3426 2986 3479; x_wconf 74' lang='grc' dir='ltr'><strong>καὶ</strong></span> <span class='ocrx_word' id='word_1_657' title='bbox 3017 3426 3076 3479; x_wconf 82' lang='grc' dir='ltr'>ὲν</span> <span class='ocrx_word' id='word_1_658' title='bbox 3107 3424 3229 3495; x_wconf 70' lang='grc' dir='ltr'>ὄψει</span> <span class='ocrx_word' id='word_1_659' title='bbox 3264 3424 3483 3481; x_wconf 89' lang='grc' dir='ltr'>πάντων</span> <span class='ocrx_word' id='word_1_660' title='bbox 3515 3425 3732 3480; x_wconf 73' lang='grc' dir='ltr'>ἐκαλιν-</span> 
     </span>
    </p>
   </div>
   <div class='ocr_carea' id='block_1_90' title="bbox 2139 3513 3733 3590">
    <p class='ocr_par' dir='ltr' id='par_1_90' title="bbox 2139 3513 3733 3590">
     <span class='ocr_line' id='line_1_91' title="bbox 2139 3513 3733 3590; baseline -0.001 -18"><span class='ocrx_word' id='word_1_661' title='bbox 2139 3516 2347 3583; x_wconf 76' lang='grc' dir='ltr'>δοῦντο,</span> <span class='ocrx_word' id='word_1_662' title='bbox 2372 3521 2485 3581; x_wconf 87' lang='grc' dir='ltr'>τοῖς</span> <span class='ocrx_word' id='word_1_663' title='bbox 2519 3517 2732 3583; x_wconf 85' lang='grc' dir='ltr'>πολλοῖς</span> <span class='ocrx_word' id='word_1_664' title='bbox 2762 3518 3164 3590; x_wconf 80' lang='grc' dir='ltr'>ὲξομιλοῦντες·</span> <span class='ocrx_word' id='word_1_665' title='bbox 3187 3517 3338 3573; x_wconf 76' lang='grc' dir='ltr'>ἄλλοι</span> <span class='ocrx_word' id='word_1_666' title='bbox 3358 3519 3403 3572; x_wconf 88' lang='grc' dir='ltr'>δ’</span> <span class='ocrx_word' id='word_1_667' title='bbox 3424 3513 3490 3573; x_wconf 79' lang='grc' dir='ltr'><strong>αὖ</strong></span> <span class='ocrx_word' id='word_1_668' title='bbox 3510 3518 3733 3572; x_wconf 86' lang='grc' dir='ltr'>τούναν-</span> 
     </span>
    </p>
   </div>
   <div class='ocr_carea' id='block_1_91' title="bbox 2140 3607 3730 3683">
    <p class='ocr_par' dir='ltr' id='par_1_91' title="bbox 2140 3607 3730 3683">
     <span class='ocr_line' id='line_1_92' title="bbox 2140 3607 3730 3683; baseline -0.001 -22"><span class='ocrx_word' id='word_1_669' title='bbox 2140 3607 2255 3661; x_wconf 88' lang='grc' dir='ltr'>τίον</span> <span class='ocrx_word' id='word_1_670' title='bbox 2308 3608 2596 3680; x_wconf 83' lang='grc' dir='ltr'>ἀπρόσιτοι</span> <span class='ocrx_word' id='word_1_671' title='bbox 2648 3610 2744 3663; x_wconf 79' lang='grc' dir='ltr'>καὶ</span> <span class='ocrx_word' id='word_1_672' title='bbox 2797 3610 3204 3683; x_wconf 86' lang='grc' dir='ltr'>ἀπροσαύδητοι</span> <span class='ocrx_word' id='word_1_673' title='bbox 3244 3608 3511 3663; x_wconf 83' lang='grc' dir='ltr'>διετέλουν</span> <span class='ocrx_word' id='word_1_674' title='bbox 3555 3608 3730 3671; x_wconf 69' lang='grc' dir='ltr'>ὄντες.</span> 
     </span>
    </p>
   </div>
   <div class='ocr_carea' id='block_1_92' title="bbox 2142 3700 3721 3775">
    <p class='ocr_par' dir='ltr' id='par_1_92' title="bbox 2142 3700 3721 3775">
     <span class='ocr_line' id='line_1_93' title="bbox 2142 3700 3721 3775; baseline -0.001 -21"><span class='ocrx_word' id='word_1_675' title='bbox 2142 3700 2369 3755; x_wconf 86' lang='grc' dir='ltr'>Πλάτων</span> <span class='ocrx_word' id='word_1_676' title='bbox 2422 3702 2626 3773; x_wconf 82' lang='grc' dir='ltr'>μέντοι,</span> <span class='ocrx_word' id='word_1_677' title='bbox 2662 3704 3026 3775; x_wconf 79' lang='grc' dir='ltr'>κατανοήσας,</span> <span class='ocrx_word' id='word_1_678' title='bbox 3069 3703 3146 3767; x_wconf 86' lang='grc' dir='ltr'>ὡς</span> <span class='ocrx_word' id='word_1_679' title='bbox 3193 3702 3277 3775; x_wconf 87' lang='grc' dir='ltr'><strong>είη</strong></span> <span class='ocrx_word' id='word_1_680' title='bbox 3313 3702 3411 3773; x_wconf 90' lang='grc' dir='ltr'><strong>μία</strong></span> <span class='ocrx_word' id='word_1_681' title='bbox 3441 3719 3524 3766; x_wconf 87' lang='grc' dir='ltr'><strong>τις</strong></span> <span class='ocrx_word' id='word_1_682' title='bbox 3550 3704 3583 3774; x_wconf 79' lang='grc' dir='ltr'><strong>η</strong></span> <span class='ocrx_word' id='word_1_683' title='bbox 3610 3700 3721 3754; x_wconf 82' lang='grc' dir='ltr'>τῶν</span> 
     </span>
    </p>
   </div>
   <div class='ocr_carea' id='block_1_93' title="bbox 2142 3791 3732 3869">
    <p class='ocr_par' dir='ltr' id='par_1_93' title="bbox 2142 3791 3732 3869">
     <span class='ocr_line' id='line_1_94' title="bbox 2142 3791 3732 3869; baseline 0.001 -24"><span class='ocrx_word' id='word_1_684' title='bbox 2142 3791 2301 3847; x_wconf 87' lang='grc' dir='ltr'>θείων</span> <span class='ocrx_word' id='word_1_685' title='bbox 2334 3795 2427 3847; x_wconf 76' lang='grc' dir='ltr'>καὶ</span> <span class='ocrx_word' id='word_1_686' title='bbox 2457 3794 2814 3866; x_wconf 88' lang='grc' dir='ltr'>ἀνθρωπίνων</span> <span class='ocrx_word' id='word_1_687' title='bbox 2856 3797 3161 3869; x_wconf 78' lang='grc' dir='ltr'>ἐπιστήμη,</span> <span class='ocrx_word' id='word_1_688' title='bbox 3186 3795 3400 3866; x_wconf 80' lang='grc' dir='ltr'>πρῶτος</span> <span class='ocrx_word' id='word_1_689' title='bbox 3427 3794 3611 3858; x_wconf 83' lang='grc' dir='ltr'>διεῖλε,</span> <span class='ocrx_word' id='word_1_690' title='bbox 3636 3793 3732 3849; x_wconf 71' lang='grc' dir='ltr'><strong>καὶ</strong></span> 
     </span>
    </p>
   </div>
   <div class='ocr_carea' id='block_1_94' title="bbox 2141 3882 3735 3960">
    <p class='ocr_par' dir='ltr' id='par_1_94' title="bbox 2141 3882 3735 3960">
     <span class='ocr_line' id='line_1_95' title="bbox 2141 3882 3735 3960; baseline 0.001 -23"><span class='ocrx_word' id='word_1_691' title='bbox 2141 3884 2245 3956; x_wconf 73' lang='grc' dir='ltr'>ἔφη</span> <span class='ocrx_word' id='word_1_692' title='bbox 2270 3885 2370 3958; x_wconf 86' lang='grc' dir='ltr'>τὴν</span> <span class='ocrx_word' id='word_1_693' title='bbox 2402 3885 2502 3958; x_wconf 85' lang='grc' dir='ltr'>μέν</span> <span class='ocrx_word' id='word_1_694' title='bbox 2528 3903 2651 3941; x_wconf 88' lang='grc' dir='ltr'>τινα</span> <span class='ocrx_word' id='word_1_695' title='bbox 2685 3888 2814 3960; x_wconf 78' lang='grc' dir='ltr'>περὶ</span> <span class='ocrx_word' id='word_1_696' title='bbox 2844 3888 2943 3960; x_wconf 80' lang='grc' dir='ltr'><strong>τῆς</strong></span> <span class='ocrx_word' id='word_1_697' title='bbox 2979 3888 3075 3942; x_wconf 77' lang='grc' dir='ltr'><strong>τοῦ</strong></span> <span class='ocrx_word' id='word_1_698' title='bbox 3116 3888 3321 3953; x_wconf 77' lang='grc' dir='ltr'>παντὸς</span> <span class='ocrx_word' id='word_1_699' title='bbox 3355 3886 3569 3957; x_wconf 84' lang='grc' dir='ltr'>φύσεως</span> <span class='ocrx_word' id='word_1_700' title='bbox 3597 3882 3735 3941; x_wconf 76' lang='grc' dir='ltr'>εἶναι</span> 
     </span>
    </p>
   </div>
   <div class='ocr_carea' id='block_1_95' title="bbox 2141 3973 3738 4049">
    <p class='ocr_par' dir='ltr' id='par_1_95' title="bbox 2141 3973 3738 4049">
     <span class='ocr_line' id='line_1_96' title="bbox 2141 3973 3738 4049; baseline 0.001 -23"><span class='ocrx_word' id='word_1_701' title='bbox 2141 3975 2547 4046; x_wconf 85' lang='grc' dir='ltr'>πραγματείαν,</span> <span class='ocrx_word' id='word_1_702' title='bbox 2580 3975 2679 4047; x_wconf 82' lang='grc' dir='ltr'><strong>τὴν</strong></span> <span class='ocrx_word' id='word_1_703' title='bbox 2702 3976 2760 4030; x_wconf 87' lang='grc' dir='ltr'>δὲ</span> <span class='ocrx_word' id='word_1_704' title='bbox 2784 3978 2911 4049; x_wconf 74' lang='grc' dir='ltr'>περὶ</span> <span class='ocrx_word' id='word_1_705' title='bbox 2941 3976 3049 4031; x_wconf 81' lang='grc' dir='ltr'>τῶν</span> <span class='ocrx_word' id='word_1_706' title='bbox 3070 3977 3450 4049; x_wconf 86' lang='grc' dir='ltr'>ἀνθρωπίνων,</span> <span class='ocrx_word' id='word_1_707' title='bbox 3473 3976 3660 4047; x_wconf 81' lang='grc' dir='ltr'>τρίτην</span> <span class='ocrx_word' id='word_1_708' title='bbox 3678 3973 3738 4028; x_wconf 69' lang='grc' dir='ltr'>δὶ</span> 
     </span>
    </p>
   </div>
   <div class='ocr_carea' id='block_1_96' title="bbox 2140 4064 3735 4139">
    <p class='ocr_par' dir='ltr' id='par_1_96' title="bbox 2140 4064 3735 4139">
     <span class='ocr_line' id='line_1_97' title="bbox 2140 4064 3735 4139; baseline -0.013 -3"><span class='ocrx_word' id='word_1_709' title='bbox 2140 4065 2238 4138; x_wconf 82' lang='grc' dir='ltr'><strong>τὴν</strong></span> <span class='ocrx_word' id='word_1_710' title='bbox 2284 4066 2413 4138; x_wconf 69' lang='grc' dir='ltr'>περὶ</span> <span class='ocrx_word' id='word_1_711' title='bbox 2440 4067 2567 4130; x_wconf 78' lang='grc' dir='ltr'>τοὺς</span> <span class='ocrx_word' id='word_1_712' title='bbox 2598 4065 2809 4136; x_wconf 83' lang='grc' dir='ltr'>λόγους.</span> <span class='ocrx_word' id='word_1_713' title='bbox 2854 4068 3037 4137; x_wconf 78' lang='grc' dir='ltr'>Ἦξίου</span> <span class='ocrx_word' id='word_1_714' title='bbox 3063 4068 3120 4123; x_wconf 77' lang='grc' dir='ltr'>δὲ</span> <span class='ocrx_word' id='word_1_715' title='bbox 3145 4068 3220 4139; x_wconf 82' lang='grc' dir='ltr'>μὴ</span> <span class='ocrx_word' id='word_1_716' title='bbox 3250 4066 3511 4121; x_wconf 82' lang='grc' dir='ltr'>δύνασθαι</span> <span class='ocrx_word' id='word_1_717' title='bbox 3540 4064 3611 4118; x_wconf 84' lang='grc' dir='ltr'>τὰ</span> <span class='ocrx_word' id='word_1_718' title='bbox 3644 4064 3735 4118; x_wconf 87' lang='grc' dir='ltr'>ἀν-</span> 
     </span>
    </p>
   </div>
   <div class='ocr_carea' id='block_1_97' title="bbox 2142 4155 3733 4232">
    <p class='ocr_par' dir='ltr' id='par_1_97' title="bbox 2142 4155 3733 4232">
     <span class='ocr_line' id='line_1_98' title="bbox 2142 4155 3733 4232; baseline -0.005 -19"><span class='ocrx_word' id='word_1_719' title='bbox 2142 4158 2391 4232; x_wconf 83' lang='grc' dir='ltr'>θρώπινα</span> <span class='ocrx_word' id='word_1_720' title='bbox 2438 4158 2676 4213; x_wconf 82' lang='grc' dir='ltr'>κατιδεῖν</span> <span class='ocrx_word' id='word_1_721' title='bbox 2737 4162 2905 4231; x_wconf 78' lang='grc' dir='ltr'>ἡμᾶς,</span> <span class='ocrx_word' id='word_1_722' title='bbox 2957 4163 3007 4215; x_wconf 87' lang='grc' dir='ltr'>εἰ</span> <span class='ocrx_word' id='word_1_723' title='bbox 3068 4160 3145 4232; x_wconf 79' lang='grc' dir='ltr'>μὴ</span> <span class='ocrx_word' id='word_1_724' title='bbox 3191 4160 3260 4212; x_wconf 88' lang='grc' dir='ltr'><strong>τά</strong></span> <span class='ocrx_word' id='word_1_725' title='bbox 3304 4159 3423 4212; x_wconf 82' lang='grc' dir='ltr'>Θεῖα</span> <span class='ocrx_word' id='word_1_726' title='bbox 3471 4155 3733 4225; x_wconf 81' lang='grc' dir='ltr'>πρότερον</span> 
     </span>
    </p>
   </div>
   <div class='ocr_carea' id='block_1_98' title="bbox 2142 4247 3736 4326">
    <p class='ocr_par' dir='ltr' id='par_1_98' title="bbox 2142 4247 3736 4326">
     <span class='ocr_line' id='line_1_99' title="bbox 2142 4247 3736 4326; baseline -0.004 -19"><span class='ocrx_word' id='word_1_727' title='bbox 2142 4253 2354 4324; x_wconf 83' lang='grc' dir='ltr'>ὀφθείη.</span> <span class='ocrx_word' id='word_1_728' title='bbox 2392 4252 2662 4325; x_wconf 82' lang='grc' dir='ltr'>Καθάπερ</span> <span class='ocrx_word' id='word_1_729' title='bbox 2700 4253 2811 4326; x_wconf 83' lang='grc' dir='ltr'>γὰρ</span> <span class='ocrx_word' id='word_1_730' title='bbox 2871 4256 2921 4308; x_wconf 79' lang='lat' dir='ltr'><strong>oi</strong></span> <span class='ocrx_word' id='word_1_731' title='bbox 2975 4253 3170 4325; x_wconf 72' lang='grc' dir='ltr'>ἰατροὶ,</span> <span class='ocrx_word' id='word_1_732' title='bbox 3226 4252 3366 4321; x_wconf 81' lang='grc' dir='ltr'>μέρη</span> <span class='ocrx_word' id='word_1_733' title='bbox 3408 4247 3531 4301; x_wconf 86' lang='grc' dir='ltr'>τινὰ</span> <span class='ocrx_word' id='word_1_734' title='bbox 3576 4247 3736 4319; x_wconf 88' lang='grc' dir='ltr'>θερα-</span> 
     </span>
    </p>
   </div>
   <div class='ocr_carea' id='block_1_99' title="bbox 2143 4335 3733 4417">
    <p class='ocr_par' dir='ltr' id='par_1_99' title="bbox 2143 4335 3733 4417">
     <span class='ocr_line' id='line_1_100' title="bbox 2143 4335 3733 4417; baseline -0.007 -17"><span class='ocrx_word' id='word_1_735' title='bbox 2143 4345 2419 4409; x_wconf 81' lang='grc' dir='ltr'>πεύοντες,</span> <span class='ocrx_word' id='word_1_736' title='bbox 2449 4344 2835 4417; x_wconf 73' lang='grc' dir='ltr'>ἐπιμελοῦνται</span> <span class='ocrx_word' id='word_1_737' title='bbox 2866 4344 2973 4399; x_wconf 83' lang='grc' dir='ltr'><strong>τῶν</strong></span> <span class='ocrx_word' id='word_1_738' title='bbox 3021 4344 3157 4398; x_wconf 79' lang='grc' dir='ltr'>ὅλων</span> <span class='ocrx_word' id='word_1_739' title='bbox 3191 4340 3460 4411; x_wconf 87' lang='grc' dir='ltr'>σωμάτων</span> <span class='ocrx_word' id='word_1_740' title='bbox 3493 4335 3733 4410; x_wconf 76' lang='grc' dir='ltr'>πρῶτον,</span> 
     </span>
    </p>
   </div>
   <div class='ocr_carea' id='block_1_100' title="bbox 2144 4429 3732 4510">
    <p class='ocr_par' dir='ltr' id='par_1_100' title="bbox 2144 4429 3732 4510">
     <span class='ocr_line' id='line_1_101' title="bbox 2144 4429 3732 4510; baseline -0.004 -19"><span class='ocrx_word' id='word_1_741' title='bbox 2144 4438 2287 4492; x_wconf 73' lang='grc' dir='ltr'>οὕτω</span> <span class='ocrx_word' id='word_1_742' title='bbox 2331 4438 2529 4510; x_wconf 83' lang='grc' dir='ltr'>χρῆναι</span> <span class='ocrx_word' id='word_1_743' title='bbox 2574 4438 2671 4492; x_wconf 74' lang='grc' dir='ltr'>καὶ</span> <span class='ocrx_word' id='word_1_744' title='bbox 2698 4438 2789 4492; x_wconf 83' lang='grc' dir='ltr'>τὸν</span> <span class='ocrx_word' id='word_1_745' title='bbox 2824 4436 3086 4509; x_wconf 85' lang='grc' dir='ltr'>μέλλοντα</span> <span class='ocrx_word' id='word_1_746' title='bbox 3116 4431 3345 4487; x_wconf 86' lang='grc' dir='ltr'>τάνθάδε</span> <span class='ocrx_word' id='word_1_747' title='bbox 3379 4429 3732 4500; x_wconf 73' lang='grc' dir='ltr'>κατόψεσθαι,</span> 
     </span>
    </p>
   </div>
   <div class='ocr_carea' id='block_1_101' title="bbox 2149 4520 3736 4603">
    <p class='ocr_par' dir='ltr' id='par_1_101' title="bbox 2149 4520 3736 4603">
     <span class='ocr_line' id='line_1_102' title="bbox 2149 4520 3736 4603; baseline -0.006 -18"><span class='ocrx_word' id='word_1_748' title='bbox 2149 4530 2250 4603; x_wconf 84' lang='grc' dir='ltr'><strong>τὴν</strong></span> <span class='ocrx_word' id='word_1_749' title='bbox 2281 4530 2391 4584; x_wconf 85' lang='grc' dir='ltr'>τῶν</span> <span class='ocrx_word' id='word_1_750' title='bbox 2430 4530 2567 4585; x_wconf 80' lang='grc' dir='ltr'>ὅλων</span> <span class='ocrx_word' id='word_1_751' title='bbox 2601 4528 2765 4602; x_wconf 81' lang='grc' dir='ltr'>φύσιν</span> <span class='ocrx_word' id='word_1_752' title='bbox 2796 4522 2996 4584; x_wconf 70' lang='grc' dir='ltr'>εἰδέναι</span> <span class='ocrx_word' id='word_1_753' title='bbox 3024 4528 3311 4600; x_wconf 83' lang='grc' dir='ltr'>πρότερον,</span> <span class='ocrx_word' id='word_1_754' title='bbox 3347 4524 3510 4596; x_wconf 86' lang='grc' dir='ltr'>μέρος</span> <span class='ocrx_word' id='word_1_755' title='bbox 3540 4538 3600 4576; x_wconf 77' lang='grc' dir='ltr'><strong>τε</strong></span> <span class='ocrx_word' id='word_1_756' title='bbox 3626 4520 3736 4576; x_wconf 80' lang='grc' dir='ltr'><strong>τῶν</strong></span> 
     </span>
    </p>
   </div>
   <div class='ocr_carea' id='block_1_102' title="bbox 2149 4612 3734 4697">
    <p class='ocr_par' dir='ltr' id='par_1_102' title="bbox 2149 4612 3734 4697">
     <span class='ocr_line' id='line_1_103' title="bbox 2149 4612 3734 4697; baseline -0.008 -18"><span class='ocrx_word' id='word_1_757' title='bbox 2149 4624 2319 4679; x_wconf 81' lang='grc' dir='ltr'>όντων</span> <span class='ocrx_word' id='word_1_758' title='bbox 2376 4622 2469 4678; x_wconf 81' lang='grc' dir='ltr'><strong>τὸν</strong></span> <span class='ocrx_word' id='word_1_759' title='bbox 2531 4623 2818 4697; x_wconf 77' lang='grc' dir='ltr'>ἄνθρωπον</span> <span class='ocrx_word' id='word_1_760' title='bbox 2837 4638 2853 4653; x_wconf 76' lang='lat'><strong><em>°</em></strong></span> <span class='ocrx_word' id='word_1_761' title='bbox 2899 4622 2995 4676; x_wconf 77' lang='grc' dir='ltr'><strong>καὶ</strong></span> <span class='ocrx_word' id='word_1_762' title='bbox 3043 4618 3281 4689; x_wconf 83' lang='grc' dir='ltr'>τάγαθὸν</span> <span class='ocrx_word' id='word_1_763' title='bbox 3319 4616 3516 4680; x_wconf 81' lang='grc' dir='ltr'>διττὸν,</span> <span class='ocrx_word' id='word_1_764' title='bbox 3531 4614 3595 4670; x_wconf 80' lang='grc' dir='ltr'>τὸ</span> <span class='ocrx_word' id='word_1_765' title='bbox 3635 4612 3734 4684; x_wconf 77' lang='grc' dir='ltr'><strong>μὲν</strong></span> 
     </span>
    </p>
   </div>
   <div class='ocr_carea' id='block_1_103' title="bbox 2143 4701 3736 4789">
    <p class='ocr_par' dir='ltr' id='par_1_103' title="bbox 2143 4701 3736 4789">
     <span class='ocr_line' id='line_1_104' title="bbox 2143 4701 3736 4789; baseline -0.009 -17"><span class='ocrx_word' id='word_1_766' title='bbox 2143 4718 2437 4789; x_wconf 80' lang='grc' dir='ltr'>ἡμέτερον,</span> <span class='ocrx_word' id='word_1_767' title='bbox 2469 4717 2530 4771; x_wconf 84' lang='grc' dir='ltr'>τὺ</span> <span class='ocrx_word' id='word_1_768' title='bbox 2580 4717 2638 4771; x_wconf 80' lang='grc' dir='ltr'>δὲ</span> <span class='ocrx_word' id='word_1_769' title='bbox 2688 4714 2785 4769; x_wconf 80' lang='grc' dir='ltr'><strong>τοῦ</strong></span> <span class='ocrx_word' id='word_1_770' title='bbox 2835 4714 3058 4778; x_wconf 79' lang='grc' dir='ltr'>παντὸς,</span> <span class='ocrx_word' id='word_1_771' title='bbox 3093 4710 3426 4785; x_wconf 78' lang='grc' dir='ltr'>κυριώτερον</span> <span class='ocrx_word' id='word_1_772' title='bbox 3463 4708 3521 4763; x_wconf 76' lang='grc' dir='ltr'>δὲ</span> <span class='ocrx_word' id='word_1_773' title='bbox 3547 4706 3610 4761; x_wconf 78' lang='grc' dir='ltr'>τὸ</span> <span class='ocrx_word' id='word_1_774' title='bbox 3639 4701 3736 4759; x_wconf 81' lang='grc' dir='ltr'><strong>τοῦ</strong></span> 
     </span>
    </p>
   </div>
   <div class='ocr_carea' id='block_1_104' title="bbox 2146 4796 3737 4880">
    <p class='ocr_par' dir='ltr' id='par_1_104' title="bbox 2146 4796 3737 4880">
     <span class='ocr_line' id='line_1_105' title="bbox 2146 4796 3737 4880; baseline -0.01 -16"><span class='ocrx_word' id='word_1_775' title='bbox 2146 4810 2348 4874; x_wconf 89' lang='grc' dir='ltr'>παντός</span> <span class='ocrx_word' id='word_1_776' title='bbox 2370 4827 2382 4840; x_wconf 89' lang='grc'><strong>·</strong></span> <span class='ocrx_word' id='word_1_777' title='bbox 2423 4808 2513 4863; x_wconf 84' lang='grc' dir='ltr'>διὰ</span> <span class='ocrx_word' id='word_1_778' title='bbox 2556 4807 2666 4880; x_wconf 83' lang='grc' dir='ltr'><strong>γὰρ</strong></span> <span class='ocrx_word' id='word_1_779' title='bbox 2702 4807 2956 4861; x_wconf 77' lang='grc' dir='ltr'>ὲκείνουι</span> <span class='ocrx_word' id='word_1_780' title='bbox 2987 4806 3082 4859; x_wconf 73' lang='grc' dir='ltr'><strong>καὶ</strong></span> <span class='ocrx_word' id='word_1_781' title='bbox 3112 4803 3274 4858; x_wconf 79' lang='grc' dir='ltr'>τοῦτο</span> <span class='ocrx_word' id='word_1_782' title='bbox 3304 4800 3569 4871; x_wconf 86' lang='grc' dir='ltr'>γίνεσθαι.</span> <span class='ocrx_word' id='word_1_783' title='bbox 3598 4796 3737 4866; x_wconf 77' lang='grc' dir='ltr'>Φησὶ</span> 
     </span>
    </p>
   </div>
   <div class='ocr_carea' id='block_1_105' title="bbox 2144 4884 3738 4972">
    <p class='ocr_par' dir='ltr' id='par_1_105' title="bbox 2144 4884 3738 4972">
     <span class='ocr_line' id='line_1_106' title="bbox 2144 4884 3738 4972; baseline -0.011 -18"><span class='ocrx_word' id='word_1_784' title='bbox 2144 4899 2189 4953; x_wconf 83' lang='grc' dir='ltr'>δ’</span> <span class='ocrx_word' id='word_1_785' title='bbox 2223 4896 2589 4972; x_wconf 80' lang='grc' dir='ltr'>Ἀριστόξενος</span> <span class='ocrx_word' id='word_1_786' title='bbox 2620 4901 2649 4953; x_wconf 87' lang='grc' dir='ltr'>ὁ</span> <span class='ocrx_word' id='word_1_787' title='bbox 2675 4897 2933 4968; x_wconf 82' lang='grc' dir='ltr'>μουσικὸς</span> <span class='ocrx_word' id='word_1_788' title='bbox 2958 4895 3134 4950; x_wconf 80' lang='grc' dir='ltr'>Ἰνδῶν</span> <span class='ocrx_word' id='word_1_789' title='bbox 3159 4890 3300 4947; x_wconf 83' lang='grc' dir='ltr'>εἶναι</span> <span class='ocrx_word' id='word_1_790' title='bbox 3321 4891 3412 4945; x_wconf 85' lang='grc' dir='ltr'><strong>τὸν</strong></span> <span class='ocrx_word' id='word_1_791' title='bbox 3436 4889 3593 4957; x_wconf 86' lang='grc' dir='ltr'>λόγον</span> <span class='ocrx_word' id='word_1_792' title='bbox 3614 4884 3738 4938; x_wconf 82' lang='grc' dir='ltr'><strong>τοῦ-</strong></span> 
     </span>
    </p>
   </div>
   <div class='ocr_carea' id='block_1_106' title="bbox 2145 4974 3735 5062">
    <p class='ocr_par' dir='ltr' id='par_1_106' title="bbox 2145 4974 3735 5062">
     <span class='ocr_line' id='line_1_107' title="bbox 2145 4974 3735 5062; baseline -0.012 -17"><span class='ocrx_word' id='word_1_793' title='bbox 2145 5009 2257 5046; x_wconf 87' lang='grc' dir='ltr'>τον.</span> <span class='ocrx_word' id='word_1_794' title='bbox 2311 4990 2570 5062; x_wconf 80' lang='grc' dir='ltr'>Ἀθήνῃσι</span> <span class='ocrx_word' id='word_1_795' title='bbox 2604 4988 2715 5061; x_wconf 80' lang='grc' dir='ltr'>γὰρ</span> <span class='ocrx_word' id='word_1_796' title='bbox 2763 4989 3002 5058; x_wconf 74' lang='grc' dir='ltr'>ἐντυχεῖν</span> <span class='ocrx_word' id='word_1_797' title='bbox 3046 4984 3327 5056; x_wconf 83' lang='grc' dir='ltr'>Σωκράτει</span> <span class='ocrx_word' id='word_1_798' title='bbox 3374 4981 3481 5031; x_wconf 84' lang='grc' dir='ltr'>τῶν</span> <span class='ocrx_word' id='word_1_799' title='bbox 3526 4974 3735 5048; x_wconf 83' lang='grc' dir='ltr'>ἀνδρῶν</span> 
     </span>
    </p>
   </div>
   <div class='ocr_carea' id='block_1_107' title="bbox 2145 5063 3735 5146">
    <p class='ocr_par' dir='ltr' id='par_1_107' title="bbox 2145 5063 3735 5146">
     <span class='ocr_line' id='line_1_108' title="bbox 2145 5063 3735 5146; baseline -0.012 -10"><span class='ocrx_word' id='word_1_800' title='bbox 2145 5082 2370 5136; x_wconf 74' lang='grc' dir='ltr'>ἐκείνων</span> <span class='ocrx_word' id='word_1_801' title='bbox 2411 5081 2508 5134; x_wconf 74' lang='grc' dir='ltr'><strong>ἕνα</strong></span> <span class='ocrx_word' id='word_1_802' title='bbox 2551 5080 2694 5146; x_wconf 83' lang='grc' dir='ltr'>τινὰ,</span> <span class='ocrx_word' id='word_1_803' title='bbox 2743 5080 2979 5133; x_wconf 81' lang='grc' dir='ltr'>κᾶπειτα</span> <span class='ocrx_word' id='word_1_804' title='bbox 3025 5076 3189 5131; x_wconf 83' lang='grc' dir='ltr'>αὑτοῦ</span> <span class='ocrx_word' id='word_1_805' title='bbox 3247 5066 3635 5130; x_wconf 85' lang='grc' dir='ltr'>πυνθάνεσθαι,</span> <span class='ocrx_word' id='word_1_806' title='bbox 3682 5063 3735 5119; x_wconf 87' lang='grc' dir='ltr'><strong>τί</strong></span> 
     </span>
    </p>
   </div>
   <div class='ocr_carea' id='block_1_108' title="bbox 2147 5158 3736 5245">
    <p class='ocr_par' dir='ltr' id='par_1_108' title="bbox 2147 5158 3736 5245">
     <span class='ocr_line' id='line_1_109' title="bbox 2147 5158 3736 5245; baseline -0.013 -16"><span class='ocrx_word' id='word_1_807' title='bbox 2147 5174 2316 5228; x_wconf 78' lang='grc' dir='ltr'>ποιῶν</span> <span class='ocrx_word' id='word_1_808' title='bbox 2359 5172 2674 5245; x_wconf 78' lang='grc' dir='ltr'>φιλοσοφοίη</span> <span class='ocrx_word' id='word_1_809' title='bbox 2696 5190 2709 5203; x_wconf 73' lang='grc' dir='ltr'><strong>ο</strong></span> <span class='ocrx_word' id='word_1_810' title='bbox 2740 5170 2835 5225; x_wconf 82' lang='grc' dir='ltr'><strong>τοῦ</strong></span> <span class='ocrx_word' id='word_1_811' title='bbox 2884 5171 2942 5224; x_wconf 79' lang='grc' dir='ltr'>δὲ</span> <span class='ocrx_word' id='word_1_812' title='bbox 2984 5169 3251 5230; x_wconf 81' lang='grc' dir='ltr'>εἰπόντος,</span> <span class='ocrx_word' id='word_1_813' title='bbox 3282 5165 3365 5218; x_wconf 82' lang='grc' dir='ltr'>ὅτι</span> <span class='ocrx_word' id='word_1_814' title='bbox 3402 5159 3580 5231; x_wconf 81' lang='grc' dir='ltr'>ζητῶν</span> <span class='ocrx_word' id='word_1_815' title='bbox 3607 5158 3736 5229; x_wconf 74' lang='grc' dir='ltr'>περὶ</span> 
     </span>
    </p>
   </div>
   <div class='ocr_carea' id='block_1_109' title="bbox 2145 5247 3736 5338">
    <p class='ocr_par' dir='ltr' id='par_1_109' title="bbox 2145 5247 3736 5338">
     <span class='ocr_line' id='line_1_110' title="bbox 2145 5247 3736 5338; baseline -0.011 -20"><span class='ocrx_word' id='word_1_816' title='bbox 2145 5266 2240 5318; x_wconf 76' lang='grc' dir='ltr'><strong>τοῦ</strong></span> <span class='ocrx_word' id='word_1_817' title='bbox 2288 5265 2629 5338; x_wconf 81' lang='grc' dir='ltr'>ἀνθρωπίνου</span> <span class='ocrx_word' id='word_1_818' title='bbox 2684 5264 2823 5336; x_wconf 86' lang='grc' dir='ltr'>βίου,</span> <span class='ocrx_word' id='word_1_819' title='bbox 2868 5260 3240 5331; x_wconf 87' lang='grc' dir='ltr'>καταγελάσαι</span> <span class='ocrx_word' id='word_1_820' title='bbox 3292 5254 3383 5309; x_wconf 82' lang='grc' dir='ltr'><strong>τὸν</strong></span> <span class='ocrx_word' id='word_1_821' title='bbox 3430 5250 3610 5314; x_wconf 83' lang='grc' dir='ltr'>Ἰνδὸν,</span> <span class='ocrx_word' id='word_1_822' title='bbox 3649 5247 3736 5301; x_wconf 73' lang='grc' dir='ltr'><strong>λέ-</strong></span> 
     </span>
    </p>
   </div>
   <div class='ocr_carea' id='block_1_110' title="bbox 2146 5343 3734 5430">
    <p class='ocr_par' dir='ltr' id='par_1_110' title="bbox 2146 5343 3734 5430">
     <span class='ocr_line' id='line_1_111' title="bbox 2146 5343 3734 5430; baseline -0.012 -18"><span class='ocrx_word' id='word_1_823' title='bbox 2146 5376 2313 5429; x_wconf 82' lang='grc' dir='ltr'>γοντα</span> <span class='ocrx_word' id='word_1_824' title='bbox 2355 5360 2428 5430; x_wconf 83' lang='grc' dir='ltr'><strong>μὴ</strong></span> <span class='ocrx_word' id='word_1_825' title='bbox 2476 5357 2737 5414; x_wconf 79' lang='grc' dir='ltr'>δύνασθαί</span> <span class='ocrx_word' id='word_1_826' title='bbox 2791 5374 2915 5411; x_wconf 84' lang='grc' dir='ltr'>τινα</span> <span class='ocrx_word' id='word_1_827' title='bbox 2968 5355 3039 5408; x_wconf 84' lang='grc' dir='ltr'><strong>τά</strong></span> <span class='ocrx_word' id='word_1_828' title='bbox 3090 5348 3410 5421; x_wconf 83' lang='grc' dir='ltr'>ἀνθρώπινα</span> <span class='ocrx_word' id='word_1_829' title='bbox 3475 5343 3734 5407; x_wconf 85' lang='grc' dir='ltr'>κατιδεῖν,</span> 
     </span>
    </p>
   </div>
   <div class='ocr_carea' id='block_1_111' title="bbox 2148 5436 3733 5521">
    <p class='ocr_par' dir='ltr' id='par_1_111' title="bbox 2148 5436 3733 5521">
     <span class='ocr_line' id='line_1_112' title="bbox 2148 5436 3733 5521; baseline -0.013 -16"><span class='ocrx_word' id='word_1_830' title='bbox 2148 5450 2449 5521; x_wconf 84' lang='grc' dir='ltr'>ἀγνοοῦντά</span> <span class='ocrx_word' id='word_1_831' title='bbox 2484 5468 2548 5520; x_wconf 87' lang='grc' dir='ltr'>γε</span> <span class='ocrx_word' id='word_1_832' title='bbox 2578 5451 2646 5505; x_wconf 75' lang='grc' dir='ltr'>τὰ</span> <span class='ocrx_word' id='word_1_833' title='bbox 2676 5448 2994 5505; x_wconf 80' lang='grc' dir='ltr'>θεῖα.Τοῦτο</span> <span class='ocrx_word' id='word_1_834' title='bbox 3026 5446 3124 5517; x_wconf 86' lang='grc' dir='ltr'>μὲν</span> <span class='ocrx_word' id='word_1_835' title='bbox 3153 5438 3247 5497; x_wconf 83' lang='grc' dir='ltr'>οὖν</span> <span class='ocrx_word' id='word_1_836' title='bbox 3273 5441 3322 5492; x_wconf 89' lang='grc' dir='ltr'><strong>εί</strong></span> <span class='ocrx_word' id='word_1_837' title='bbox 3340 5436 3539 5508; x_wconf 82' lang='grc' dir='ltr'>ἀληθές</span> <span class='ocrx_word' id='word_1_838' title='bbox 3565 5438 3733 5497; x_wconf 68' lang='grc' dir='ltr'>ἐστιν,</span> 
     </span>
    </p>
   </div>
   <div class='ocr_carea' id='block_1_112' title="bbox 2148 5523 3738 5609">
    <p class='ocr_par' dir='ltr' id='par_1_112' title="bbox 2148 5523 3738 5609">
     <span class='ocr_line' id='line_1_113' title="bbox 2148 5523 3738 5609; baseline -0.011 -12"><span class='ocrx_word' id='word_1_839' title='bbox 2148 5545 2247 5598; x_wconf 76' lang='grc' dir='ltr'><strong>οὐκ</strong></span> <span class='ocrx_word' id='word_1_840' title='bbox 2277 5544 2341 5599; x_wconf 78' lang='grc' dir='ltr'>ἂν</span> <span class='ocrx_word' id='word_1_841' title='bbox 2361 5544 2580 5599; x_wconf 84' lang='grc' dir='ltr'>δύναιτό</span> <span class='ocrx_word' id='word_1_842' title='bbox 2611 5560 2696 5607; x_wconf 89' lang='grc' dir='ltr'><strong>τις</strong></span> <span class='ocrx_word' id='word_1_843' title='bbox 2727 5540 3126 5609; x_wconf 85' lang='grc' dir='ltr'>διατεινόμενος</span> <span class='ocrx_word' id='word_1_844' title='bbox 3153 5534 3355 5587; x_wconf 72' lang='grc' dir='ltr'>εἰπεῖν.</span> <span class='ocrx_word' id='word_1_845' title='bbox 3375 5530 3549 5584; x_wconf 89' lang='grc' dir='ltr'>Διεῖλε</span> <span class='ocrx_word' id='word_1_846' title='bbox 3569 5528 3614 5581; x_wconf 86' lang='grc' dir='ltr'>δ’</span> <span class='ocrx_word' id='word_1_847' title='bbox 3643 5523 3738 5582; x_wconf 79' lang='grc' dir='ltr'>οὖν</span> 
     </span>
    </p>
   </div>
   <div class='ocr_carea' id='block_1_113' title="bbox 2150 5616 3738 5704">
    <p class='ocr_par' dir='ltr' id='par_1_113' title="bbox 2150 5616 3738 5704">
     <span class='ocr_line' id='line_1_114' title="bbox 2150 5616 3738 5704; baseline -0.011 -18"><span class='ocrx_word' id='word_1_848' title='bbox 2150 5633 2374 5686; x_wconf 86' lang='grc' dir='ltr'>Πλάτων</span> <span class='ocrx_word' id='word_1_849' title='bbox 2420 5633 2517 5704; x_wconf 83' lang='grc' dir='ltr'><strong>τήν</strong></span> <span class='ocrx_word' id='word_1_850' title='bbox 2570 5648 2631 5684; x_wconf 88' lang='grc' dir='ltr'><strong>τε</strong></span> <span class='ocrx_word' id='word_1_851' title='bbox 2670 5632 2800 5702; x_wconf 80' lang='grc' dir='ltr'><strong>περὶ</strong></span> <span class='ocrx_word' id='word_1_852' title='bbox 2835 5629 2944 5683; x_wconf 84' lang='grc' dir='ltr'>τῶν</span> <span class='ocrx_word' id='word_1_853' title='bbox 2982 5627 3117 5680; x_wconf 87' lang='grc' dir='ltr'>ὅλων</span> <span class='ocrx_word' id='word_1_854' title='bbox 3145 5622 3488 5693; x_wconf 74' lang='grc' dir='ltr'>φιλοσοφίαν,</span> <span class='ocrx_word' id='word_1_855' title='bbox 3519 5618 3613 5673; x_wconf 71' lang='grc' dir='ltr'>καὶ</span> <span class='ocrx_word' id='word_1_856' title='bbox 3638 5616 3738 5688; x_wconf 84' lang='grc' dir='ltr'>τὴν</span> 
     </span>
    </p>
   </div>
   <div class='ocr_carea' id='block_1_114' title="bbox 2152 5707 3740 5793">
    <p class='ocr_par' dir='ltr' id='par_1_114' title="bbox 2152 5707 3740 5793">
     <span class='ocr_line' id='line_1_115' title="bbox 2152 5707 3740 5793; baseline -0.01 -14"><span class='ocrx_word' id='word_1_857' title='bbox 2152 5723 2452 5784; x_wconf 67' lang='grc' dir='ltr'>πολιτικὶην,</span> <span class='ocrx_word' id='word_1_858' title='bbox 2485 5722 2564 5777; x_wconf 75' lang='grc' dir='ltr'>ἔτι</span> <span class='ocrx_word' id='word_1_859' title='bbox 2596 5722 2654 5776; x_wconf 80' lang='grc' dir='ltr'>δὲ</span> <span class='ocrx_word' id='word_1_860' title='bbox 2682 5721 2780 5793; x_wconf 80' lang='grc' dir='ltr'>τὴν</span> <span class='ocrx_word' id='word_1_861' title='bbox 2808 5720 3050 5790; x_wconf 75' lang='grc' dir='ltr'>λογικήν.</span> <span class='ocrx_word' id='word_1_862' title='bbox 3087 5737 3106 5771; x_wconf 75' lang='grc' dir='ltr'><strong>ι</strong></span> <span class='ocrx_word' id='word_1_863' title='bbox 3137 5713 3407 5784; x_wconf 77' lang='grc' dir='ltr'>Τοιαύτης</span> <span class='ocrx_word' id='word_1_864' title='bbox 3438 5711 3607 5783; x_wconf 73' lang='grc' dir='ltr'>οῦσης</span> <span class='ocrx_word' id='word_1_865' title='bbox 3635 5707 3740 5779; x_wconf 83' lang='grc' dir='ltr'>τῆς</span> 
     </span>
    </p>
   </div>
  </div>
