4156 6426
464 355 567 414 851
1132 353 1407 413 EUSEBll
1440 351 1926 412 CASSARIENSIS
1957 351 2109 408 OPP.
2151 352 2343 409 PARS-
2369 351 2431 409 ll.
2470 384 2541 396 —
2578 351 3077 413 APOLOGETICA.
3631 350 3737 409 852

458 474 770 546 perioribus
798 473 957 530 libris
986 474 1346 531 ostendimus.
1373 474 1446 529 At
1465 474 1689 546 longum
1726 488 1858 529 sane
1881 472 2042 540 foret,

2152 491 2259 546 μας
2289 473 2705 545 ἀποφθέγμασιν
2738 475 2978 539 ἐοικυίας
2998 474 3251 528 ὑποθέσει
3277 474 3587 546 περιλαϐὼν
3613 478 3732 549 μιᾷ.

455 581 581 620 cum
613 567 751 623 alios
779 568 1035 638 deinceps
1083 568 1375 638 prophetas
1399 610 1414 635 ,
1460 569 1556 639 qui
1596 567 1802 623 Mosem
1866 567 2039 623 secuti

2146 565 2256 618 Καὶ
2275 566 2367 619 τὸν
2394 568 2492 638 μὲν
2514 566 2704 637 ἠθικὸν
2731 568 2930 639 τρόπον
2954 566 3124 639 ταύτῃ
3155 585 3228 639 πη
3256 568 3444 631 παῖδες
3471 567 3736 640 Ἐϐραίων

456 667 605 723 sunt,
638 667 751 713 tum
788 659 1032 729 singulos
1062 659 1303 729 ipsorum
1325 701 1341 726 ,
1394 660 1596 731 quibus
1644 660 1730 714 vel
1761 660 1829 715 ad
1867 664 2040 715 virtu-

2148 659 2213 709 ὲκ
2246 658 2512 723 παλαιῶν,
2546 659 2676 730 πρὶν
2722 659 2754 730 ἥ
2808 660 2901 712 καὶ
2936 659 3006 712 τά
3039 659 3232 732 πρῶτα
3265 661 3505 730 στοιχεῖα
3546 660 3737 731 μαθεῖν

456 758 566 805 tem
606 749 989 815 adhortantur.
1025 754 1108 807 vel
1168 754 1528 808 dehortantur
1564 769 1596 808 a
1636 753 1806 819 vitiis,
1837 752 2039 808 oratio-

2152 750 2438 821 Ἕλληνας,
2471 752 2626 805 αὐτοί
2666 769 2726 804 τε
2769 752 3133 816 ἐπαιδεύοντο,
3161 752 3256 805 καὶ
3298 754 3411 816 τοῖς
3452 752 3773 825 προσιοῦσι,

455 857 555 898 nes
596 843 702 899 hoc
722 844 783 899 in
810 846 1066 900 volumen
1096 846 1392 902 includere.
1428 845 1568 914 Quid
1604 861 1769 917 porro
1793 888 1809 913 ,
1854 846 1900 901 si
1943 845 2043 900 tibi

2148 842 2251 913 τῆς
2284 844 2452 916 αὐτῆς
2480 845 2727 913 ἀφθόνως
2755 844 3071 898 ἐκοινώνουν
3099 843 3367 908 παιδείας.

455 941 686 996 moralia
717 943 1106 1012 sapientissimi
1154 942 1462 1001 Salomonis
1493 954 1759 1014 praecepta
1792 955 2239 1004 commemorem,
2280 941 2480 1011 quibus
2505 941 2775 1011 peculiare
2790 939 3064 1010 quoddam
3093 936 3441 993 familiarium
3465 938 3732 995 dictorum

454 1053 595 1107 opus
623 1038 899 1094 addictum
923 1040 1114 1105 voluit,
1143 1057 1265 1111 qua:
1293 1041 1585 1097 Proverbia
1624 1041 1978 1111 nuncupavit,
2021 1037 2269 1093 concisas
2296 1038 2599 1107 brevesque
2627 1036 2927 1092 sententias
2951 1034 3469 1106 apophthegmatum
3502 1034 3732 1100 similes,

454 1149 569 1189 uno
591 1134 826 1205 quodam
854 1137 1160 1207 argumenti
1197 1153 1393 1207 genere
1424 1138 1793 1207 complexus?
1831 1138 2009 1207 Atque
2042 1134 2116 1188 ita
2152 1133 2365 1189 Hebraei
2418 1133 2532 1203 jam
2577 1133 2729 1201 olim,
2783 1130 2943 1203 513
2976 1131 3296 1201 priusquam
3341 1130 3514 1185 ϐιτεοί
3558 1130 3732 1200 prima

452 1228 719 1284 elementa
748 1229 1086 1299 didicissent,
1121 1248 1244 1287 cum
1274 1234 1494 1303 Optimis
1525 1235 1626 1304 ipsi
1658 1234 1901 1288 moribus
1927 1230 2157 1286 instituti
2192 1238 2340 1293 sunt,
2375 1239 2487 1284 tum
2514 1229 2566 1283 in
2598 1228 2840 1297 ejusdem
2871 1227 3033 1283 etiam
3056 1226 3355 1296 disciplinae
3386 1227 3733 1283 communio-

455 1333 603 1385 nem,
634 1330 899 1393 quotquot
936 1340 1055 1380 sese
1085 1326 1460 1392 convenirent,
1502 1326 1712 1396 prolixe
1753 1325 2043 1379 admodum
2073 1338 2136 1377 ac
2156 1321 2456 1380 liberaliter
2480 1329 2827 1391 acceperunt.

1087 1420 1320 1476 CAPUT
1356 1420 1422 1475 ν.

1087 1420 1221 1475 CAP
1279 1421 1320 1476 T
1356 1420 1422 1475 ν.

525 1504 605 1561 De
624 1505 969 1562 Hebra'orum
997 1420 1329 1581 pliilosoplliia
1364 1514 1420 1566 in
1448 1512 1751 1567 disserendo
1785 1513 1978 1582 posita.

2689 1416 3085 1471 ΚΕΦΑΛΑΙΟΝ
3125 1415 3199 1469 Ε’.

2219 1511 2362 1579 Περὶ
2386 1510 2499 1580 τῆς
2513 1510 2648 1579 παρ’
2673 1509 2963 1577 Ἑϐραίοις
2977 1507 3227 1578 λογικῆς
3241 1507 3658 1577 πραγματείας.

534 1593 655 1651 Jam
679 1613 811 1654 vero
850 1610 1058 1670 partem
1100 1602 1247 1657 illam
1280 1604 1659 1675 phil050phim,
1687 1622 1808 1677 qua:
1844 1607 1898 1661 in
1933 1606 2044 1662 dis-

2218 1603 2330 1656 Kul.
2359 1602 2451 1656 τὸν
2479 1601 2693 1671 λογικὸν
2725 1602 2781 1655 δὲ
2821 1602 3021 1673 τρόπον
3064 1601 3165 1671 τῆς
3208 1600 3479 1672 Ἐϐραίων
3520 1600 3732 1670 φιλοσο-

465 1690 685 1745 serendi
726 1692 937 1747 ratione
977 1706 1249 1761 versatur,
1292 1711 1400 1751 non
1441 1698 1703 1752 contortis
1736 1699 2043 1768 sophisma-

459 1781 551 1845 tis,
588 1790 642 1836 et
676 1781 964 1839 fallacibus
999 1786 1489 1852 conclusiunculis,
1527 1797 1585 1843 ut
1625 1787 1797 1844 Graeci
1832 1791 2040 1855 solent,

457 1873 817 1929 excolendam
885 1875 986 1944 ipsi
1040 1878 1489 1949 tractandamque
1541 1889 1905 1950 putaverunt,
1947 1880 2043 1935 sed

458 1965 824 2034 percipienda:
865 1966 1049 2023 studio
1079 1968 1358 2024 veritatis:
1395 1969 1462 2023 ad
1499 1985 1665 2040 quam
1698 1970 1736 2025 ii
1768 1985 1921 2034 sane,
1946 1970 2042 2041 qui

460 2055 704 2111 divinam
740 2057 884 2126 apud
912 2056 1036 2114 illos
1065 2058 1389 2129 sapientiam
1425 2060 1842 2129 prolltebantnr,
1879 2059 2041 2115 intel-

461 2146 685 2217 ligentia
720 2146 981 2201 diviniori
1026 2147 1148 2202 luce
1177 2148 1520 2215 collustrata,
1564 2149 1794 2205 feliciter
1832 2148 2047 2219 aspira-

457 2244 610 2290 runt.
661 2236 857 2305 Iidem,
895 2238 974 2293 uti
1001 2253 1193 2294 eorum
1226 2240 1391 2294 etiam
1440 2240 1680 2307 animos,
1708 2256 1849 2312 quos
1874 2239 2042 2296 disci-

458 2329 624 2399 plinis
646 2329 763 2385 suis
792 2331 1119 2387 imbuendos
1147 2333 1538 2403 suscipiebant,
1568 2334 1635 2389 ad
1670 2335 1819 2388 illam
1851 2349 2040 2404 capes-

461 2421 689 2476 sendam
733 2431 1015 2488 acuerent,
1052 2439 1239 2480 sacras
1276 2425 1344 2479 iis
1376 2426 1697 2492 sententias,
1742 2426 2041 2496 plenasque

460 2512 748 2583 gravitatis
790 2523 845 2568 et
891 2513 1195 2570 honestatis
1245 2516 1525 2584 historias,
1580 2532 1704 2570 cum
1742 2516 2041 2571 modulatis

458 2607 796 2680 alternisque
867 2610 1243 2677 carminibus,
1311 2621 1459 2666 certa
1508 2626 1864 2666 numerorum
1922 2612 2041 2681 lege

460 2702 896 2773 comprehensis,
924 2702 1261 2773 problemata
1292 2703 1516 2774 insuper
1537 2713 1700 2775 atque
1726 2705 2036 2775 aenigmata,

461 2793 867 2865 nonnullasque
895 2795 1163 2861 eruditas,
1190 2804 1245 2851 et
1273 2796 1552 2866 allegoriis
1584 2780 1859 2852 involutas
1893 2812 2040 2867 quae-

460 2887 694 2952 stiones,
734 2903 860 2943 cum
891 2888 1186 2943 verborum
1220 2888 1514 2959 elegantia,
1540 2899 1596 2944 et
1621 2889 1775 2945 suavi
1809 2904 1908 2959 pro
1934 2889 2040 2943 lin-

459 2996 580 3053 guaa
620 2982 834 3037 ratione
862 2981 1121 3038 dictionis
1161 2983 1347 3053 lepore
1376 2983 1722 3054 coniunctas,
1767 2997 1798 3038 a
1834 2983 2040 3039 teneris
2067 2971 2111 3029 (ἒ

461 3073 775 3146 unguiculis
809 3074 1153 3146 ingerebant.
1182 3073 1299 3131 lmo
1331 3075 1719 3145 primariarum
1752 3075 1916 3130 etiam
1951 3074 2039 3129 di-

456 3164 813 3235 sciplinarum
841 3165 1159 3221 deuterotas
1180 3167 1451 3234 quosdam
1480 3165 1722 3220 habuere
1760 3165 1864 3236 (sic
1891 3163 2038 3221 enim

454 3256 763 3313 litterarum
806 3273 1032 3314 suarum
1065 3259 1394 3327 interpretes
1424 3272 1622 3312 vocare
1654 3255 1801 3312 soliti
1833 3253 2037 3326 erant),

458 3348 556 3418 qui
588 3364 678 3406 res
709 3349 1019 3421 aenigmatis
1058 3349 1435 3415 adumbratas,
1481 3363 1592 3402 non
1625 3348 1790 3418 vulgo
1818 3347 2040 3418 quidem

458 3452 525 3492 ac
552 3439 866 3508 promiscue
900 3437 1180 3500 omnibus,
1224 3438 1319 3493 sed
1361 3436 1428 3491 iis
1460 3444 1663 3500 tamen,
1706 3436 1800 3505 qui
1844 3433 1914 3490 ad
1944 3449 2042 3491 eo-

456 3545 582 3584 rum
635 3530 1050 3601 intelligentiam
1099 3529 1283 3584 idOnei
1330 3537 1709 3593 censerentur,
1761 3525 2042 3582 illustriori

463 3621 834 3692 explicatione
864 3622 1161 3691 aperirent.
1210 3618 1269 3675 ld
1303 3619 1467 3690 plane
1500 3628 1724 3676 secutus
1752 3618 2045 3690 sapientis-

460 3715 638 3771 simus
682 3713 827 3784 apud
864 3727 961 3767 eos
999 3710 1282 3773 Salomon,
1326 3710 1453 3766 inde
1490 3725 1711 3781 quoque
1760 3710 1846 3764 sui
1906 3707 2044 3762 Pro-

461 3807 761 3862 verbiorum
792 3805 975 3875 operis
1017 3806 1235 3860 initium
1271 3803 1419 3871 fecit,
1463 3805 1567 3859 hac
1612 3803 1725 3858 fere
1763 3803 1831 3857 de
1876 3818 2045 3859 causa

464 3900 534 3954 ad
570 3899 674 3955 hoc
704 3898 977 3955 scribendi
1004 3913 1178 3968 genus
1209 3897 1507 3953 adductum
1548 3911 1608 3951 se
1643 3910 1765 3951 esse
1791 3903 2043 3960 testatus,

461 4006 588 4049 cum
637 3990 861 4047 disertis
912 3990 1307 4060 conceptisque
1361 3988 1546 4043 verbis
1590 3999 1844 4057 oportere
1875 3986 2044 4052 ait”,

467 4102 489 4134 σ
523 4082 824 4153 quemlibet
872 4082 1153 4137 hominem
1207 4081 1351 4137 scire
1392 4079 1744 4151 sapientiam,
1785 4088 1841 4135 et
1878 4078 2041 4134 disci-

460 4174 696 4243 plinam,
732 4181 787 4228 et
819 4173 1124 4243 intelligere
1162 4172 1327 4228 verba
1376 4171 1714 4242 prudentiae:
1764 4169 2046 4240 suscipere

459 4267 841 4324 cavillationes
867 4282 1209 4333 sermonum,
1243 4276 1295 4321 et
1327 4265 1627 4337 intelligere
1653 4265 1924 4336 justitiam
1951 4279 2044 4320 ve-

459 4372 602 4423 ram,
636 4366 692 4413 et
718 4357 987 4427 judicium
1017 4358 1273 4429 dirigere.
1307 4355 1378 4413 Ut
1401 4358 1513 4421 det,
1548 4358 1747 4428 inquit,
1784 4357 2046 4412 innocen-

460 4449 611 4505 tibus
646 4451 928 4516 astutiam,
985 4459 1040 4505 et
1083 4450 1415 4506 adolescenti
1457 4466 1706 4519 sensum,
1753 4461 1808 4508 et
1846 4450 2046 4506 intelli-

460 4544 718 4614 gentiam.
748 4542 877 4600 Hazc
901 4543 1048 4599 enim
1078 4545 1307 4600 audiens
1331 4544 1569 4614 sapiens,
1598 4543 1897 4614 sapientior
1917 4543 2043 4608 erit,

460 4647 517 4693 et
559 4638 871 4710 intelligens
908 4637 1277 4709 gubernacula
1314 4636 1636 4707 possidebit.
1688 4634 1754 4689 Et
1798 4634 2047 4690 animad-

463 4739 641 4786 vertet
666 4730 1005 4801 parabolam,
1036 4738 1091 4784 et
1119 4728 1471 4783 tenebrosum
1512 4740 1843 4792 sermonem,
1880 4726 2047 4780 verba

465 4823 802 4894 sapientum,
832 4831 888 4878 et
918 4821 1230 4893 aenigmata.
1266 4838 1287 4872 ι
1319 4818 1454 4885 Quae
1476 4818 1699 4889 quidem
1733 4818 1917 4888 operis
1948 4817 2045 4871 bu-

459 4915 559 4984 jus-
580 4913 852 4985 promissa
883 4913 1155 4983 ejusmodi
1199 4926 1325 4967 cum
1371 4914 1515 4967 slnt:
1553 4920 1668 4965 tum
1700 4923 1832 4963 vero
1858 4908 2047 4981 singu-

463 5005 549 5062 las
594 5020 810 5073 eorum,
844 5020 968 5077 qua:
995 5003 1143 5060 dicta
1190 5005 1320 5070 sint,
1362 5001 1789 5073 propositiones,
1827 5015 2050 5057 earum-

464 5115 579 5171 que
635 5098 802 5172 515
862 5099 1197 5164 solutiones,
1257 5097 1413 5152 illam
1455 5093 1696 5166 denique
1744 5094 2047 5151 disserendi

2148 1692 2277 1762 φίας
2303 1692 2365 1745 οὗ
2392 1691 2646 1765 καθάπερ
2676 1691 2903 1762 Ἕλλησι
2940 1690 3127 1761 φίλον,
3154 1690 3417 1761 δεινότητι
3466 1691 3732 1762 σοφισμά-

2142 1801 2251 1837 των
2283 1784 2379 1837 xui.
2405 1783 2687 1855 λογισμοῖς
2716 1783 2853 1855 πρός
2885 1783 3099 1854 ἀπάτην
3132 1782 3600 1853 τετεχνασμένοις,
3623 1783 3731 1837 δεῖν

2143 1875 2311 1947 ῷοντο
2368 1876 2632 1947 μετιέναι,
2684 1874 2985 1946 καταλήψει
3039 1875 3095 1929 δὲ
3148 1875 3317 1945 αὐτῆς
3347 1874 3625 1946 ἀληθείας,
3663 1875 3732 1944 ἢν

2143 1968 2250 2021 ὑπὸ
2276 1967 2420 2021 θείου
2447 1968 2624 2037 φωτὸς
2653 1966 2751 2030 τάς
2777 1967 2956 2038 ψυχὰς
2999 1967 3471 2037 καταυγασθέντες
3503 1969 3553 2022 οἱ
3601 1967 3731 2041 παρ’

2142 2060 2326 2123 αὐτοῖς
2359 2060 2628 2128 θεόσοφοι,
2666 2053 2825 2133 εὖρον
2870 2077 2928 2114 τε
2961 2060 3056 2114 καὶ
3087 2059 3486 2131 ὲφωτίσθησαν.
3525 2059 3641 2130 Ἐφ’
3665 2061 3733 2131 ἢν

2142 2154 2449 2218 ἀκονῶντες
2486 2134 2613 2217 τοὺς
2646 2152 2716 2206 τὰ
2741 2155 2915 2207 οἰκεῖα
2951 2153 3249 2225 μαθήματα
3285 2152 3728 2224 παιδευομένους,

2141 2245 2315 2314 λόγων
2359 2263 2418 2299 τε
2472 2246 2654 2309 αὐτοῖς
2685 2245 2844 2317 ίερῶν
2884 2244 3242 2314 ἀπαγγελίας,
3272 2246 3521 2317 ἱστοριῶν
3548 2264 3608 2300 τε
3642 2264 3731 2300 σε-

2146 2338 2293 2409 μνῶν
2325 2339 2659 2411 διηγήματα,
2695 2338 2848 2410 ᾠδῶν
2896 2354 2956 2391 τε
3006 2336 3101 2390 καὶ
3156 2337 3380 2409 ἐπῳδῶν
3421 2339 3732 2411 ἐμμέτρους

2143 2432 2443 2499 συνθέσεις,
2491 2434 2587 2486 xul.
2633 2431 2714 2484 ἔτι
2758 2431 3120 2503 προϐλήματα
3154 2433 3247 2485 xui.
3288 2434 3609 2503 αἰνίγματα,
3637 2432 3732 2486 καί

2140 2541 2291 2589 τινας
2338 2523 2508 2594 σοφάς
2544 2524 2638 2578 καὶ
2671 2522 3036 2595 ἀλληγορικάς
3069 2522 3299 2595 θεωρίας
3333 2523 3471 2596 μετά
3501 2524 3731 2588 κάλλους

2141 2616 2417 2680 εὐεπείας,
2451 2614 2548 2670 καὶ
2573 2615 2672 2686 τῆς
2701 2615 2842 2669 κατά
2864 2615 2965 2687 τὴν
3000 2614 3210 2670 οἰκείαν
3238 2614 3485 2684 γλῶτταν
3526 2615 3731 2687 εὐφρα-

2141 2707 2267 2772 δοῦς
2314 2707 2679 2777 ἀπαγγελίας,
2715 2706 2774 2773 ἐξ
2818 2705 2898 2759 ἔτι
2937 2706 3139 2777 νηπίας
3166 2707 3349 2771 αὐτοῖς
3374 2706 3731 2779 παρεδίδοσαν

2140 2801 2377 2873 ἡλικίας.
2430 2802 2540 2856 Ναὶ
2570 2800 2677 2873 μὴν
2709 2801 2801 2854 καὶ
2830 2801 2939 2855 τῶν
2966 2798 3196 2871 πρώτων
3232 2801 3572 2874 μαθημάτων
3613 2799 3733 2853 δευ-

2141 2893 2376 2965 τερωταί
2420 2909 2564 2955 τινες
2590 2887 2733 2963 ἦσαν
2765 2890 2948 2953 αὐτοῖς
2969 2904 2982 2918 °
3014 2888 3158 2942 οὕτω
3192 2888 3249 2941 δὲ
3273 2888 3426 2959 φίλον
3451 2888 3579 2952 τοὺς
3602 2888 3729 2958 ἐξη-

2142 2986 2316 3057 γητὰς
2361 2984 2468 3039 τῶν
2526 2984 2654 3054 παρ’
2701 2986 2884 3047 αυτοῖς
2932 2980 3167 3054 Γραφῶν
3204 2977 3525 3049 ὀνομάζειν·
3562 2978 3613 3033 οἳ
3660 2978 3731 3039 τά

2140 3076 2206 3130 δι’
2236 3076 2577 3147 αἰνιγμάτων
2620 3072 3053 3144 ὲπεσκιασμένα,
3092 3073 3141 3124 εί
3175 3070 3271 3125 καὶ
3306 3069 3380 3142 μὴ
3413 3072 3528 3134 τοῖς
3570 3069 3727 3132 πᾶσι,

2138 3170 2252 3232 τοῖς
2287 3166 2418 3237 γοῦν
2465 3166 2602 3237 πρὸς
2649 3163 2747 3237 τὴν
2796 3164 3000 3218 τούτων
3057 3162 3227 3233 ἀκοὴν
3269 3161 3617 3233 ἐπιτηδείοις,
3665 3159 3732 3215 δι’

2141 3259 2432 3332 ἑρμηνείας
2457 3258 2552 3312 καὶ
2585 3256 2887 3328 σαφηνείας
2915 3254 3217 3325 ἐξέφαινον.
3245 3252 3434 3328 Ταύτῃ
3457 3271 3540 3307 τοι
3572 3253 3732 3308 πάλιν

2140 3353 2169 3403 ὁ
2193 3350 2502 3419 σοφώτατος
2531 3347 2680 3420 παρά
2707 3346 2879 3400 τοῖσδε
2904 3345 3173 3417 Σολομὼν,
3199 3344 3409 3398 ἐνθένδε
3447 3344 3611 3400 ποθὲν
3632 3343 3731 3415 τὴν

2142 3442 2423 3516 καταρχὴν
2447 3440 2543 3494 τοῦ
2568 3440 2675 3494 τῶν
2705 3436 3037 3509 Παροιμιῶν
3059 3439 3350 3510 ἐποιήσατο
3371 3436 3729 3509 συγγράμμα-

2143 3553 2254 3600 τος,
2280 3533 2563 3607 μονονουχὶ
2589 3532 2689 3603 τήν
2741 3531 2920 3585 αἰτίαν
2964 3529 3114 3601 αὐτῷ
3148 3530 3248 3601 τῆς
3281 3529 3494 3601 γραφῆς
3524 3527 3727 3598 ταύτην

2144 3624 2283 3681 εἶναι
2327 3624 2565 3692 διδάξας,
2603 3624 2667 3677 δι’
2700 3615 2777 3677 ὧν
2822 3624 3006 3686 αὐτοῖς
3033 3623 3257 3694 ῥήμασι,
3297 3640 3315 3672 ι
3349 3621 3459 3673 δεῖν
3500 3639 3519 3672 ι
3556 3619 3725 3691 ἔφησε

2150 3739 2170 3772 ι
2204 3719 2380 3773 πάντα
2415 3717 2581 3790 ἄνδρα
2609 3715 2813 3785 γνῶναι
2842 3716 3034 3785 σοφίαν
3068 3716 3161 3769 καὶ
3187 3713 3456 3778 παιδείαν,
3486 3714 3578 3767 καὶ
3605 3713 3726 3785 νοῆ-

2148 3830 2237 3867 σαι
2271 3811 2462 3879 λόγους
2508 3811 2843 3882 φρονήσεως,
2871 3807 3126 3872 δέξασθαί
3167 3823 3227 3860 τε
3259 3804 3496 3878 στροφάς
3530 3804 3725 3873 λόγων,

2145 3904 2334 3977 νοῆσαί
2361 3921 2419 3957 τε
2453 3901 2798 3973 δικαιοσύνην
2829 3900 3024 3973 ἀληθῆ,
3051 3901 3145 3955 xui.
3177 3902 3355 3972 κρῖμα
3368 3894 3736 3952 κατευθύνειν.

2148 3999 2235 4051 ἵνα
2284 3995 2382 4067 δῷ,
2439 3996 2623 4066 φησὶν,
2660 3995 2889 4058 ἀκάκοις
2941 3991 3300 4064 πανουργίαν,
3342 3987 3496 4043 παιδί
3541 4002 3599 4039 τε
3630 3984 3733 4054 νέῳ

2147 4089 2399 4160 αἴσθησιν
2445 4088 2540 4141 καὶ
2589 4085 2813 4140 ἔννοιαν.
2873 4084 3053 4139 Τῶνδε
3108 4081 3215 4153 γὰρ
3267 4079 3508 4142 ἀκούσας
3550 4075 3729 4142 σοφὸς,

2150 4180 2453 4252 σοφώτερος
2476 4179 2629 4233 ἔσται
2649 4195 2662 4208 ·
2697 4180 2726 4232 ὁ
2753 4177 2809 4231 δὲ
2835 4178 2929 4249 νοή
2940 4194 3056 4248 μων
3092 4174 3420 4244 κυϐέρνησιν
3451 4170 3730 4239 κτήσεται,

2148 4274 2332 4343 νοήσει
2354 4289 2414 4325 τε
2445 4268 2781 4343 παραϐολὴν,
2813 4268 2908 4322 xui.
2936 4263 3210 4319 σκοτεινὸν
3238 4260 3415 4329 λόγον,
3452 4259 3640 4329 ῥήσεις
3671 4271 3733 4307 τε

2152 4366 2353 4438 σοφῶν,
2391 4366 2488 4421 καὶ
2533 4366 2851 4436 αἰνίγματα.
2884 4382 2901 4415 ι
2942 4362 3054 4416 Καὶ
3083 4359 3153 4413 τά
3184 4357 3282 4430 μὲν
3309 4355 3411 4425 τῆς
3435 4354 3530 4408 τοῦ
3562 4353 3736 4425 δηλω-

2150 4456 2345 4521 θέντος
2364 4456 2798 4528 συγγράμματος
2857 4449 3189 4520 ἐπαγγελίας
3217 4444 3447 4501 τοιαῦτά
3476 4461 3598 4500 τινα
3628 4441 3731 4514 ἦν’

2131 4548 2247 4611 τὰς
2271 4547 2318 4601 δ’
2346 4548 2404 4600 ὲν
2432 4546 2586 4620 μέρει
2612 4544 2722 4598 τῶν
2749 4541 3045 4614 λεχθέντων
3072 4538 3383 4612 προτάσεις,
3406 4534 3502 4590 καὶ
3529 4534 3733 4587 τούτων

2149 4639 2247 4703 τὰς
2279 4637 2575 4702 ὲπιλύσεις,
2610 4637 2711 4708 τήν
2736 4652 2796 4687 τε
2828 4632 3051 4703 λογικὴν
3078 4628 3485 4704 πραγματείαν,
3519 4622 3735 4688 οίκείως

2152 4733 2218 4803 τῇ
2270 4729 2379 4783 τῶν
2419 4728 2630 4803 ἀνδρῶν
2668 4725 2830 4798 σοφίᾳ.
2873 4742 2933 4778 τε
2966 4724 3061 4778 καὶ
3101 4724 3253 4793 φωνῇ
3282 4720 3372 4774 διὰ
3415 4716 3603 4771 πασῶν
3625 4715 3735 4769 τῶν

2153 4824 2287 4894 παρ’
2331 4824 2513 4885 αὐτοῖς
2554 4817 2913 4891 προφητικῶν
2962 4815 3195 4890 Γραφῶν
3252 4811 3582 4885 φερομένην,
3628 4808 3737 4879 ὅτῳ

2156 4915 2327 4986 φίλον,
2354 4915 2453 4985 τῆς
2479 4911 2683 4965 τούτων
2717 4907 3007 4976 ἐντεύξεως
3025 4907 3125 4971 τὰς
3159 4905 3372 4977 βίϐλους
3409 4902 3502 4956 ἐπὶ
3543 4897 3737 4971 σχολῆς

2160 5004 2300 5076 μετὰ
2330 5008 2517 5077 χεῖρας
2552 5003 2735 5058 λαϐὼν
2765 5002 2992 5055 εἴσεται.
3026 5001 3089 5054 Εἰ
3122 4998 3185 5052 δέ
3206 5014 3290 5061 τις
3317 4997 3413 5050 καὶ
3439 4993 3538 5063 τῆς
3566 4989 3739 5077 γλώτ-

2156 5115 2263 5170 της
2313 5076 2485 5168 αὑτῆς
2526 5095 2830 5166 φιλοκάλως
2869 5094 3079 5165 γένοιτο
3118 5093 3176 5145 ὲν
3209 5090 3393 5160 πείρᾳ,
3426 5085 3524 5139 ῐδοι
3550 5082 3617 5138 ἂν
3649 5076 3739 5136 οἷα

467 5203 667 5259 artem,
705 5208 832 5247 cum
866 5192 1159 5247 hominum
1183 5191 1404 5246 illorum
1449 5188 1721 5258 sapientia
1748 5187 2044 5257 linguaque

2161 5189 2312 5262 παρά
2362 5188 2675 5261 βαρϐάροις,
2714 5186 2913 5258 ἄνδρας
2965 5175 3552 5254 λογικωτάτους,ούδὲν
3585 5190 3739 5245 σοφι-

467 5292 888 5355 congruentem,
927 5299 1050 5354 quae
1088 5283 1294 5353 passim
1328 5281 1384 5337 in
1420 5279 1755 5352 propheticis
1794 5277 2044 5333 omnibus

2161 5282 2305 5336 στῶν
2354 5281 2474 5334 οὐδὲ
2523 5280 2768 5352 ρητόρων
2808 5278 3138 5338 ἀποδέοντας
3188 5275 3254 5344 τῇ
3298 5267 3475 5340 οἰκείᾳ
3501 5265 3737 5338 γλώττῃ.

467 5376 716 5448 ipsorum
751 5377 948 5433 litteris
977 5377 1212 5440 exsistit,
1242 5376 1535 5431 observare
1554 5373 1783 5445 quilibet
1812 5371 2047 5443 poterit,

470 5469 566 5541 qui
600 5470 764 5526 modo
792 5471 966 5527 libros
992 5469 1259 5525 orationis
1290 5482 1404 5522 sua:
1436 5467 1771 5522 monimenta
1806 5465 2049 5535 comple-

473 5576 574 5616 xos
602 5561 777 5617 otiose
803 5562 1049 5616 volutare
1076 5576 1141 5617 ac
1168 5559 1446 5630 perlegere
1469 5557 1721 5613 voluerit.
1752 5555 2045 5619 Praeterea,

474 5651 520 5707 Ii
555 5652 644 5707 cui
674 5650 814 5706 forte
840 5652 1069 5709 honesta
1101 5651 1368 5724 cupiditas
1393 5649 1567 5721 ipsius
1601 5662 1823 5721 quoque
1846 5647 2048 5718 linguae

546 5765 592 5797 ”
626 5763 782 5820 Prov.
825 5782 867 5829 ι,
905 5766 953 5821 l.

2161 5369 2283 5425 Εἶεν
2324 5372 2369 5425 δ’
2417 5370 2483 5425 ἂν
2526 5372 2710 5434 αὐτοῖς
2762 5368 2855 5423 καὶ
2892 5367 3157 5439 ἐμμετροι
3185 5363 3450 5433 ποιήσεις,
3480 5356 3555 5422 ὡς
3585 5359 3617 5428 ή
3644 5374 3742 5429 με.-

2156 5464 2296 5534 γάλη
2357 5462 2600 5526 Μωσέως
2633 5462 2747 5533 ᾠδὴ
2787 5461 2883 5514 καὶ
2934 5458 3029 5512 τοῦ
3078 5454 3242 5511 Δαϐὶδ
3291 5456 3321 5506 ό
3368 5450 3471 5520 ριη¹
3504 5446 3737 5519 ψαλμὸς,

2156 5555 2234 5626 τῷ
2277 5555 2599 5625 καλουμένῳ
2637 5553 2766 5625 παρ’
2798 5552 3053 5621 Ἕλλησιν
3072 5547 3235 5621 ὴρὼῳ
3270 5546 3452 5617 μέτρῳ
3485 5558 3740 5598 συντεταέ

2160 5648 2366 5719 γμένοι.
2395 5648 2531 5702 Φασὶ
2563 5645 2693 5715 γοῦν
2740 5643 3012 5716 ἑξάμετρα
3055 5638 3191 5696 εἶναι
3230 5638 3423 5705 ταῦτα,
3447 5636 3513 5715 δι’
3553 5632 3742 5690 ἑκκαι
