4156 6426
482 342 593 401 855

1154 345 1428 403 EUSEBII
1463 346 1943 405 CIESABIENSIS
1979 347 2131 406 OPP.
2168 349 2353 406 PARS
2389 349 2453 405 II.
2495 379 2567 391 --
2604 347 3110 405 APOLOGETICA.

3642 349 3751 402 858

487 475 602 517 rem
652 458 963 516 habendum
1007 474 1151 518 esse.
1191 482 1212 516 ι
1239 462 1381 520 Tum
1430 464 1526 539 ubi
1573 481 1769 523 rursus
1794 481 1943 535 eum,
1974 482 2048 524 cu

2171 467 2372 540 στάτην
2422 467 2637 539 ἔχοντος
2678 465 3015 521 διαλεκτικὸν
3061 464 3250 537 ἄνδρα,
3273 463 3321 517 εἰ
3353 463 3536 535 μέλλοι
3564 461 3748 529 καλῶς

485 560 635 608 recta
668 551 958 607 nominum
1006 553 1149 609 ratio
1179 556 1397 627 cognita
1443 557 1515 612 sit
1544 565 1707 629 atque
1752 567 2060 630 perspecta,

483 642 830 699 dialecticum
871 658 1173 716 verumque
1201 645 1485 701 nominum
1516 657 1795 703 auctorem
1826 650 2062 719 appella-

483 736 582 803 vit,
617 736 693 790 ita
719 736 1071 807 prosequitur
1103 754 1117 789 :
1156 756 1175 789 ι
1214 736 1378 793 Fabri
1400 742 1616 810 quidem
1646 740 1862 811 lignarii
1883 757 2063 812 opera:

480 825 667 890 fuerit,
692 828 1075 898 gubernatoris
1095 828 1255 900 jussu
1279 830 1495 886 clavum
1528 831 1729 898 moliri,
1757 832 1851 903 qui
1873 840 2059 903 aptum

480 918 644 973 modo
670 919 886 975 clavum
922 920 1088 976 istum
1117 921 1317 978 habere
1338 923 1505 979 volet.
1530 922 1716 980 Fuerit
1737 940 1887 981 sane.
1916 924 2063 996 Ergo

479 1007 814 1078 legislatoris
837 1010 1026 1081 utique
1054 1010 1239 1083 fuerit,
1270 1030 1337 1070 ex
1367 1014 1607 1072 hominis
1628 1016 1896 1072 dialectici
1921 1033 2061 1088 prae-

479 1105 653 1175 ceptis
685 1119 886 1159 nomen
924 1104 1227 1174 imponere,
1260 1108 1306 1163 si
1342 1108 1506 1163 modo
1537 1108 1639 1163 rite
1670 1110 2060 1179 imponendum

476 1199 603 1255 erit.
638 1196 731 1253 Sic
757 1206 859 1253 est.
898 1195 1022 1253 Tibi
1054 1198 1241 1269 igitur,
1269 1216 1302 1255 ο
1332 1197 1722 1272 Hermogenes,
1755 1200 2056 1268 fatendum,

476 1291 695 1359 opinor,
745 1290 883 1356 erit,
934 1288 1076 1346 hanc
1129 1291 1412 1346 nominum
1468 1293 1893 1362 impositionem,
1945 1309 2057 1349 non

476 1379 594 1436 leve
623 1382 908 1451 quiddam,
944 1391 1005 1438 ut
1029 1382 1331 1449 existimas,
1378 1399 1477 1439 nec
1506 1384 1811 1455 vulgarium
1848 1400 1913 1440 ac
1945 1386 2059 1457 ple-

472 1474 725 1529 beiorum
753 1474 1038 1530 hominum
1070 1490 1208 1547 opus
1237 1491 1381 1543 esse,
1418 1477 1665 1547 adeoque
1698 1492 1823 1532 vere
1848 1478 2055 1533 dictum

474 1583 506 1621 a
535 1567 752 1638 Cratylo
777 1582 880 1636 est,
913 1584 1078 1624 suum
1123 1584 1154 1623 a
1200 1578 1395 1625 natura
1424 1569 1590 1626 rebus
1612 1570 1793 1626 inesse
1828 1586 2051 1638 nomen,

476 1674 579 1715 nec
607 1660 872 1716 artiﬁcem
922 1660 1207 1716 nominum
1257 1661 1506 1731 quemvis
1554 1676 1676 1717 esse
1721 1678 1904 1732 posse,
1958 1665 2053 1720 sed

2162 560 2332 631 ὄνομα
2359 559 2685 631 τεθήσεσθαι
2707 559 2843 630 (25).
2877 560 3034 613 Ἐστι
3062 558 3254 612 ταῦτα.
3283 555 3745 628 Κινδυνεύειάρα,

2161 646 2211 707 ὦ
2251 652 2598 724 Ἑρμόγενες,
2649 648 2789 705 εἶναι
2846 650 2908 703 οὑ
2940 648 3163 719 φαῦλον,
3218 648 3294 712 ὡς
3324 648 3386 701 σὺ
3417 648 3542 713 οἴει,
3586 649 3621 719 ἡ
3648 642 3747 702 τοῦ

2161 744 2423 814 ὀνόματος
2454 743 2625 809 θέσις,
2642 743 2765 797 οὐδὲ
2784 741 3004 813 φαύλων
3027 741 3257 813 ἀνδρῶν,
3279 741 3400 794 οὐδὲ
3418 739 3528 794 τῶν
3554 742 3744 794 ἐπιτυ-

2161 835 2499 907 χόντων.Κα“ι
2514 837 2560 888 Κ
2570 835 2794 906 ράτυλος
2806 833 2980 905 ἀληθῆ
2993 833 3164 902 λέγει,
3181 834 3353 903 λέγων
3370 833 3526 905 φύσει
3535 834 3596 888 τό
3608 834 3745 908 (25')

2160 928 2400 997 ὀνόματα
2420 922 2561 981 εἶναι
2590 930 2704 991 τοῖς
2736 926 3047 998 πράγμασι,
3071 927 3165 980 καὶ
3188 927 3249 980 οὐ
3280 927 3457 980 πάντα
3486 926 3747 999 δημιουρ-

2159 1021 2255 1090 γὸν
2294 1020 2573 1092 ὀνομάτων
2626 1015 2768 1074 εἶναι
2791 1060 2805 1085 ,
2843 1019 2980 1073 ἀλλὰ
3008 1019 3169 1090 μόνον
3217 1021 3444 1084 ἐκεῖνον,
3476 1018 3570 1071 τὸν
3601 1020 3743 1072 ἁποα

2159 1111 2426 1164 ϐλέποντα
2452 1112 2532 1175 εἰς
2560 1110 2622 1164 τὸ
2650 1112 2718 1182 τῇ
2747 1110 2908 1180 φύσει
2940 1110 3108 1181 ὄνομα
3141 1109 3202 1163 ὂν
3231 1108 3446 1181 ἑκάστῳ
3466 1149 3483 1174 ,
3523 1108 3620 1162 καὶ
3651 1107 3745 1162 δυ-

2159 1203 2392 1273 νάμενον
2430 1199 2597 1255 αὑτοῦ
2630 1200 2691 1253 τὸ
2732 1198 2871 1264 εἶδος
2902 1200 3108 1254 τιθέναι
3144 1200 3225 1264 εἷς
3258 1217 3318 1253 τε
3343 1200 3411 1254 τά
3435 1199 3744 1272 γράμματα

2159 1291 2380 1357 καὶτὰς
2428 1290 2719 1355 συλλαϐάς.
2754 1311 2773 1344 ι
2805 1291 3062 1345 Τοσαῦτα
3099 1289 3290 1355 εἰπὼν,
3344 1291 3480 1363 μετὰ
3512 1290 3741 1345 πλεῖστα

2160 1384 2453 1457 βαρϐάρων
2479 1381 2635 1448 αὖθις
2664 1384 2925 1456 ἀναφέρει
2957 1384 3057 1456 τὴν
3089 1386 3309 1456 μνήμην
3333 1424 3347 1449 ,
3391 1383 3627 1439 κᾶπειτα
3661 1385 3745 1448 εἰς

2159 1477 2428 1549 Ἕλληνας
2460 1476 2613 1549 παρὰ
2638 1475 2929 1549 βαρϐάρων
2963 1478 3122 1549 ἥκειν
3153 1476 3222 1530 τά
3253 1475 3422 1530 πολλὰ
3469 1475 3579 1529 τῶν
3620 1477 3741 1532 ὀνο·

2160 1567 2346 1638 μάτων
2370 1566 2667 1639 διαρρήδην
2699 1566 2971 1638 ὁμολογεῖ,
3006 1566 3230 1636 φάσκων
3257 1569 3438 1631 αὐτοῖς
3470 1569 3737 1637 ῥήμασιν’

2162 1679 2181 1713 ι
2205 1658 2429 1723 Ἐννοῶ,
2456 1661 2540 1714 ὃτι
2559 1658 2731 1714 πολλὰ
2755 1662 2803 1713 oi
2824 1660 3083 1731 Ἕλληνες
3104 1659 3550 1731 ὀνόματα,άλλως
3567 1676 3627 1712 τε
3644 1658 3740 1713 καὶ

473 1768 601 1808 eum
634 1753 920 1820 duntaxat,
956 1755 1051 1824 qui
1095 1762 1148 1809 et
1199 1756 1445 1810 innatum
1494 1759 1570 1812 rei
1618 1757 1813 1828 cuique
1851 1773 2048 1814 nomen

2156 1753 2207 1804 οἱ
2251 1751 2356 1805 ὑπὸ
2402 1755 2521 1816 τοῖς
2553 1750 2663 1822 (26)
2706 1750 3005 1823 βαρϐάροις
3054 1749 3329 1814 οἰκοῦντες
3357 1791 3371 1814 ,
3418 1750 3573 1822 παρὰ
3630 1748 3739 1803 τῶν

473 1845 781 1915 pervidere,
804 1854 859 1901 et
882 1816 1030 1904 illius
1050 1847 1220 1919 quasi
1266 1846 1499 1903 formam
1527 1816 1947 1907 litteris-deinde
1989 1866 2048 1907 ac

2156 1842 2455 1915 βαρϐάρων
2481 1816 2757 1913 εἰλήφασι.
2781 1816 2854 1895 ’Τί
2885 1816 2978 1896 οὖν
3010 1842 3073 1915 δή
3096 1842 3243 1914 (27);
3294 1843 3362 1895 Εἴ
3398 1859 3482 1906 τις
3504 1816 3737 1913 ξητοίη,

473 1938 700 2010 syllabis
730 1950 1124 2010 repraesentare
1153 1942 1347 2011 possit.
1381 1962 1401 1995 ι
1442 1941 1569 1998 Haec
1605 1943 1713 1999 ille.
1748 1943 1889 1999 Tum
1928 1944 2052 2015 plu.-

471 2030 627 2086 ribus
670 2032 1007 2103 interjectis,
1062 2033 1424 2089 barbarorum
1473 2033 1671 2090 iterum
1722 2036 2051 2091 mentionem

471 2124 648 2193 facit;
700 2125 897 2182 deinde
931 2127 1042 2191 vim
1094 2142 1316 2199 quoque
1345 2129 1633 2183 nominum
1680 2128 1978 2183 maximam
2020 2145 2052 2184 a

471 2216 722 2272 barbaris
746 2217 813 2273 ad
841 2216 1061 2275 Graecos
1085 2217 1384 2289 profectam
1414 2232 1559 2283 esse,
1591 2219 1677 2275 his
1711 2220 1845 2290 ipsis
1871 2223 2053 2278 verbis

471 2311 707 2381 ingenue
733 2310 1056 2366 conﬁtetur:
1083 2329 1103 2362 ι
1142 2310 1406 2382 Equidem
1436 2315 1519 2370 sic
1547 2313 1822 2382 existimo,
1852 2315 2049 2387 inquit,

469 2400 726 2471 Graecos,
779 2418 987 2475 eosque
1039 2404 1338 2475 praesertim
1392 2405 1488 2476 qui
1537 2405 1642 2462 sub
1692 2406 2052 2464 barbarorum

468 2505 741 2566 potestate
775 2499 1051 2567 vixerunt,
1088 2502 1349 2573 pleraque
1376 2503 1601 2559 nomina
1628 2520 1659 2558 a
1679 2504 1929 2562 barbaris
1954 2522 2050 2563 ac-

469 2588 702 2657 cepisse.
742 2590 884 2658 Quid
910 2601 1025 2646 tum
1062 2602 1252 2663 postea
1277 2596 1301 2649 ?
1326 2593 1620 2662 Nimirum,
1652 2597 1699 2651 si
1733 2596 1858 2667 quis
1883 2613 2050 2668 quam

469 2680 561 2736 illa
601 2691 748 2738 recte
797 2694 1031 2756 apteque
1079 2687 1425 2756 conveniant,
1470 2705 1540 2743 ex
1587 2688 1789 2744 Graecae
1827 2689 2046 2760 linguae,

466 2789 578 2830 non
626 2790 692 2831 ex
721 2777 862 2847 ejus,
913 2778 1057 2834 unde
1083 2789 1273 2835 natum
1306 2780 1564 2851 quodque
1590 2779 1774 2848 fuerit,
1806 2781 2051 2852 proprie—

467 2873 576 2920 tate
627 2876 856 2937 quaeret,
905 2882 1031 2923 eum
1086 2870 1273 2941 utique
1318 2870 1597 2926 haesurum
1651 2871 1927 2944 intelligis.
1981 2870 2050 2927 Et

466 2955 663 3011 merito
706 2958 950 3028 quidem.
992 2978 1015 3012 ι
1065 2957 1340 3016 Hactenus
1378 2958 1555 3018 Plato.
1610 2961 1680 3017 At
1726 2962 1880 3017 illum
1914 2977 2048 3019 sane

464 3047 683 3122 Moyses
727 3052 1037 3119 antevertit,
1069 3051 1166 3123 qui
1214 3061 1401 3125 utpote
1453 3054 1894 3125 sapientissimus
1935 3071 2043 3110 non

2154 1935 2325 1989 ταῦτα
2359 1934 2502 1989 κατὰ
2526 1934 2625 2006 τὴν
2659 1932 2979 2006 Ἑλληνικὴν
3009 1936 3192 2005 φωνὴν
3221 1935 3297 1998 ὼς
3329 1934 3582 1996 έοικότως
3623 1932 3736 2006 (28)

2154 2030 2352 2092 κεῖται,
2388 2026 2524 2080 ἀλλά
2562 2025 2636 2097 μὴ
2666 2027 2788 2079 κατ’
2817 2025 3050 2097 ἐκείνην,
3070 2026 3131 2092 ἐξ
3150 2021 3217 2098 ἦς
3243 2026 3305 2079 τὸ
3331 2026 3500 2097 ὄνομα
3532 2025 3737 2095 τυγχά-

2152 2136 2233 2173 νει
2257 2119 2337 2185 ὃν,
2391 2115 2567 2184 οἶσθα,
2617 2118 2699 2172 ὃτι
2730 2119 2961 2191 ἀποροίη
2992 2119 3079 2174 ἄν.
3132 2120 3395 2183 Εἰκότως.
3436 2138 3455 2172 ι
3485 2118 3669 2172 Ταῦτα
3708 2119 3739 2172 ὀ

2152 2224 2398 2279 Πλάτων.
2440 2224 2636 2280 Φθάνει
2690 2243 2754 2295 γε
2805 2226 2911 2298 μὴν
2946 2226 3110 2280 αὐτὸν
3156 2226 3417 2296 Μωῦσῆς,
3441 2225 3521 2289 ὃς,
3553 2221 3642 2278 οἷα
3670 2224 3736 2297 δὴ

2155 2316 2316 2385 σοφὸς
2341 2317 2641 2387 νομοθέτης
2683 2315 2759 2371 ὢν
2788 2316 2925 2388 ὁμοῦ
2955 2317 3050 2372 καὶ
3083 2316 3455 2380 διαλεκτικὸς,
3502 2315 3739 2370 ἐπάκου-

2152 2426 2244 2462 σον
2269 2409 2322 2461 τί
2346 2426 2502 2480 φησι·
2537 2428 2555 2461 ι
2587 2410 2699 2463 Καὶ
2720 2410 2953 2465 ἔπλασεν
2968 2412 3011 2476 ,ὁ
3037 2410 3168 2473 Θεὸς
3195 2411 3259 2464 ἐκ
3284 2410 3384 2482 τῆς
3426 2410 3530 2481 γῆς
3560 2410 3739 2465 πάντα

2150 2499 2219 2553 τά
2242 2499 2406 2571 θηρία
2426 2499 2519 2553 τοῦ
2555 2502 2748 2573 ἀγροῦ,
2777 2502 2870 2555 καὶ
2895 2501 3070 2556 πάντα
3102 2500 3170 2555 τά
3200 2500 3423 2555 πετεινά
3449 2500 3543 2555 τοῦ
3572 2502 3737 2573 οὐρα-

2150 2590 2263 2656 νοῦ,
2294 2590 2390 2645 καὶ
2422 2592 2633 2663 ήγαγεν
2672 2591 2813 2645 αὐτὰ
2840 2592 2977 2665 πρὸς
3008 2592 3102 2646 τὸν
3141 2591 3333 2663 Ἀδάμ,
3372 2592 3521 2654 ἰδεῖν,
3546 2590 3600 2644 τῑ
3634 2608 3736 2646 κα-

2149 2680 2295 2734 λέσει
2320 2682 2492 2736 αὐτά·
2525 2682 2620 2735 καὶ
2655 2682 2761 2735 πᾶν
2794 2680 2823 2735 ὃ
2869 2679 2936 2734 ἂν
2977 2678 3233 2734 ἐκάλεσεν
3256 2678 3387 2733 αὐτὸ
3431 2677 3607 2749 Ἀδὰμ
3634 2677 3739 2749 ψυ-

2149 2771 2251 2844 χὴν
2298 2773 2501 2839 ζῶσαν,
2551 2772 2710 2827 τοῦτο
2737 2769 2806 2845 ἧν
2838 2773 3007 2846 ὄνομα
3062 2772 3248 2827 αὑτοῦ,
3311 2792 3331 2825 ι
3368 2771 3467 2825 Διὰ
3505 2771 3615 2843 γὰρ
3639 2769 3733 2825 τοῦ

2149 2863 2340 2932 φάναι,
2405 2883 2424 2916 ι
2467 2863 2626 2917 τοῦτο
2661 2858 2729 2934 ἦν
2782 2862 2954 2934 ὄνομα
2998 2861 3161 2916 αὐτοῦ
3185 2905 3203 2929 ,
3251 2881 3269 2912 ι
3306 2860 3359 2913 τί
3387 2860 3514 2917 ἄλλο
3538 2860 3571 2929 ἢ
3596 2858 3737 2913 κατὰ

2149 2951 2313 3021 φύσιν
2334 2951 2605 3007 τεθεῖσθαι
2635 2953 2734 3017 τάς
2760 2952 3134 3025 προσηγορίας
3164 2951 3490 3024 παρίστησι;
3528 2949 3591 3003 τὸ
3628 2949 3735 3020 γάρ

2148 3040 2446 3112 ἐπικληθὲν
2475 3040 2601 3113 ἄρτι
2630 3040 2763 3111 φησὶ
2788 3041 2947 3094 τοῦτο
2972 3041 3065 3095 καὶ
3089 3040 3256 3094 πάλαι
3286 3040 3551 3113 πρότερον
3577 3041 3634 3092 ἐν
3666 3038 3732 3110 τῇ

464 3137 746 3209 legislator
793 3141 978 3207 modo,
1029 3142 1125 3198 sed
1168 3142 1332 3197 etiam
1371 3142 1715 3211 dialecticus,
1760 3145 1863 3201 hac
1888 3146 1956 3202 de
1984 3160 2045 3202 re

2151 3131 2311 3201 φύσει
2341 3132 2713 3205 περιέχεσθαι,
2744 3126 2882 3185 εἶναι
2912 3149 2971 3186 τε
3002 3132 3096 3186 καὶ
3128 3132 3505 3203 προϋπάρχειν
3522 3130 3735 3203 ἑκάστῳ

463 3230 596 3300 quid
638 3232 842 3288 scribat
877 3233 1062 3303 accipe
1104 3250 1122 3294 ς
1153 3251 1171 3286 ι
1207 3232 1481 3290 Formatis
1527 3233 1697 3308 516
1732 3236 1933 3306 igitur,
1963 3238 2047 3292 in-

461 3322 582 3392 quit
606 3322 679 3390 9’,
707 3321 850 3379 Deus
878 3324 945 3380 de
972 3324 1105 3380 limo
1127 3327 1341 3382 cunctis
1372 3326 1747 3383 animantibus
1776 3336 1957 3395 terrae,
1993 3337 2047 3384 et

466 3414 741 3470 universis
795 3416 1111 3473 volatilibus
1156 3418 1301 3482 cmli,
1349 3418 1577 3475 adduxit
1626 3433 1691 3473 ea
1735 3419 1802 3474 ad
1848 3419 2045 3486 Adam,

465 3516 525 3561 ut
555 3506 783 3576 videret,
812 3508 943 3580 quid
970 3519 1192 3566 vocaret
1223 3525 1287 3566 ea
1315 3528 1329 3565 :
1360 3518 1415 3566 et
1445 3525 1632 3576 omne,
1659 3512 1806 3581 quod
1836 3513 2046 3568 vocavit

460 3600 633 3654 Adam
656 3600 852 3656 anima:
870 3600 1126 3669 viventis,
1148 3602 1327 3675 ipsum
1342 3610 1462 3658 erat
1477 3617 1676 3657 nomen
1694 3602 1833 3673 ejus.
1861 3623 1880 3656 ι
1905 3604 2044 3660 Cum

463 3691 609 3745 enim
628 3691 724 3760 ait,
747 3711 768 3743 ι
789 3693 966 3763 ipsum
989 3703 1108 3749 erat
1129 3709 1329 3750 nomen
1352 3695 1524 3765 ejus,»
1551 3696 1682 3767 quid
1707 3695 1857 3751 aliud
1878 3712 2043 3768 quam

461 3785 875 3854 appellationes,
928 3786 1007 3841 uti
1042 3796 1237 3842 natura
1288 3788 1621 3857 postulabat,
1669 3788 1872 3844 inditas
1923 3803 2047 3845 esse

461 3877 779 3949 signiﬁcat?
807 3878 1019 3949 Quippe
1056 3882 1202 3951 quod
1228 3880 1457 3953 jamjam
1485 3882 1803 3952 impositum
1842 3896 2043 3937 nomen

462 3968 663 4031 fuerat,
700 3970 843 4024 idem
894 3971 1067 4026 multo
1110 3981 1237 4028 ante
1282 3974 1336 4028 in
1378 3974 1496 4045 ipsa
1533 3983 1730 4030 natura
1769 3975 2042 4032 inclusum

460 4058 655 4125 fuisse,
706 4060 953 4132 adeoque
1002 4078 1160 4119 suam
1215 4064 1364 4119 illam
1413 4066 1469 4120 in
1508 4065 1780 4137 appellato
1826 4083 2046 4138 quoque

461 4150 877 4221 appellationem
910 4163 1283 4226 antegressam
1319 4173 1443 4215 esse
1463 4158 1728 4228 declarat,
1756 4175 1921 4231 quam
1949 4161 2042 4215 de—

460 4239 591 4297 inde
623 4242 707 4296 vir
754 4242 845 4298 ille
892 4244 1080 4300 divino
1133 4246 1340 4317 Spiritu
1382 4249 1632 4319 aﬁlatus,
1709 4251 1763 4306 vi
1807 4252 2042 4323 quadam

462 4334 747 4403 superiore
794 4336 1072 4407 imposuit.
1104 4338 1247 4406 Quin
1279 4341 1459 4411 ipsum
1499 4344 1664 4398 etiam
1693 4343 1891 4399 Adami
1938 4359 2042 4399 no-

2146 3219 2256 3274 τῶν
2288 3220 2769 3293 ὲπωνομασμένων
2793 3221 2950 3275 τοῦτο
2972 3221 3161 3293 ὄνομα,
3194 3221 3332 3293 ὅπερ
3358 3224 3387 3274 ὁ
3412 3221 3736 3293 δηλούμενος

2148 3313 2436 3387 ἄνθρωπος
2466 3312 2786 3378 ἐπιθειάσας
2808 3313 3323 3386 δυνάμεικρεῐττονι
3352 3313 3609 3368 τέθειται.
3624 3314 3734 3368 Καὶ

2147 3420 2280 3474 αὐτὸ
2314 3420 2370 3474 δὲ
2416 3421 2478 3475 τὸ
2541 3420 2733 3493 Ἀδάμ,
2780 3420 3046 3494 Ἐϐραίων
3087 3420 3330 3493 ὑπάρχον
3361 3418 3548 3490 ὄνομα,
3578 3415 3730 3489 παρά

2145 3510 2224 3584 τῷ
2242 3513 2434 3566 Μωσεί
2470 3510 2564 3565 τοῦ
2589 3511 2857 3583 γηγενοῦς
2900 3511 3191 3583 ἀνθρώπου
3211 3510 3405 3582 γένοιτ’
3424 3508 3491 3564 ἂν
3516 3506 3726 3562 ἐπώνυ-

2150 3618 2270 3674 μον,
2318 3602 2402 3656 ὅτι
2434 3602 2499 3672 δὴ
2542 3602 2672 3674 παρ’
2723 3601 2995 3675 Ἑϐραίοις
3032 3601 3201 3674 Ἀδάμ
3243 3601 3278 3671 ή
3309 3597 3403 3671 ξγῆ
3426 3597 3721 3653 ’καλεῖται’

2147 3696 2280 3766 παρ’
2308 3693 2337 3746 ὅ
2365 3693 2459 3747 καὶ
2507 3696 2537 3748 ὁ
2582 3692 2802 3766 πρῶτος
2856 3693 3095 3767 γηγενὴς
3135 3692 3346 3764 ἐτύμως
3392 3689 3563 3761 Ἀδάμ
3619 3689 3725 3743 ὑπὸ

2145 3784 2391 3849 Μωσέως
2445 3784 2755 3858 ἀνείρηται.
2797 3787 2953 3857 Ἐχοι
2977 3786 3021 3840 δ’
3049 3786 3115 3840 ἂν
3154 3784 3248 3839 καὶ
3276 3783 3439 3854 ἄλλην
3493 3783 3528 3853 ὴ
3561 3796 3728 3853 προσ-

2145 3876 2343 3949 ηγορία
2387 3876 2625 3931 διάνοιαν
2651 3916 2667 3941 ,
2707 3879 2786 3942 εἰς
2820 3877 2881 3931 τὸ
2906 3878 3134 3951 ἐρυθρὸν
3183 3873 3726 3949 μεταλαμϐανομένης

2146 3968 2242 4021 καὶ
2267 3969 2367 4040 τὴν
2398 3968 2493 4022 τοῦ
2540 3968 2794 4041 σώματος
2834 3970 3161 4043 παριστῶσα
3202 3971 3385 4041 φύσιν.
3437 3966 3597 4020 Ἀλλὰ
3638 3966 3729 4019 τὸν

2149 4059 2250 4132 μὲν
2280 4059 2455 4134 γεώδη
2486 4060 2621 4133 (29),
2652 4062 2749 4115 καὶ
2778 4063 2986 4135 γήϊνον,
3011 4063 3107 4116 καὶ
3138 4061 3351 4133 γηγενῆ
3376 4102 3392 4128 ,
3427 4060 3461 4132 ἦ
3490 4060 3579 4113 τὸν
3628 4074 3731 4111 σω-

2149 4164 2378 4235 ματικὸν
2408 4167 2504 4219 καὶ
2533 4165 2790 4237 σάρκινον
2846 4165 3154 4240 ἄνθρωπον,
3180 4164 3261 4237 τῷ
3291 4164 3385 4218 τοῦ
3428 4162 3597 4233 ’Δδάμ
3636 4162 3731 4215 ἐπ-

2144 4257 2458 4329 εσημήνατο
2486 4259 2855 4331 προσρήματι.
2874 4255 3113 4312 Καλοῦσι
3139 4255 3196 4311 δὲ
3222 4255 3317 4310 καὶ
3342 4252 3517 4316 ἄλλως
3544 4252 3733 4316 παῖδες

2160 4346 2426 4418 Ἐϐραίων
2455 4348 2546 4402 τὸν
2568 4348 2665 4403 ὅ.νο
2675 4366 2877 4421 ρωπον,
2915 4345 3082 4414 Ἐνὼς
3113 4342 3561 4417 ἐπονομάζοντες,
3584 4343 3642 4396 ὃν
3664 4342 3729 4413 δή

461 4440 609 4491 men,
664 4428 811 4498 quod
856 4428 1184 4488 Hebraicum
1236 4449 1332 4505 per
1386 4450 1508 4492 sese
1555 4445 1660 4505 est,
1713 4440 1839 4508 jure
1896 4438 2040 4509 apud

2151 4456 2314 4509 φασιν
2338 4433 2479 4493 εἶναι
2506 4440 2598 4494 τὸν
2630 4442 2689 4493 ἐν
2714 4442 2845 4514 ἡμῖν
2866 4438 3102 4511 λογικὸν,
3131 4437 3316 4509 ἕτερον
3345 4435 3473 4489 ὄντα
3503 4435 3601 4507 τήν
3625 4435 3727 4506 φύ-

458 4517 664 4575 Mosem
697 4521 934 4578 hominis
961 4540 991 4577 e
1023 4533 1168 4580 terra
1218 4528 1334 4583 nati
1364 4538 1789 4601 cognomentum
1810 4545 2038 4586 censea-

457 4619 570 4679 tur,
597 4628 721 4668 cum
752 4613 896 4684 apud
930 4614 1189 4673 Hebraeos
1236 4619 1408 4673 Adam
1458 4629 1601 4675 terra
1642 4632 1988 4692 nuncupetur
2022 4642 2036 4678 :

454 4716 525 4759 ex
551 4719 662 4775 quo
688 4703 890 4761 factum
921 4707 1016 4773 sit,
1048 4717 1109 4763 ut
1133 4710 1229 4779 qui
1256 4710 1468 4780 primus
1496 4727 1526 4766 e
1551 4721 1696 4767 terra
1720 4722 1883 4769 natus
1901 4722 2045 4781 erat,

529 4792 578 4825 ”
614 4792 749 4850 Gen.
792 4811 854 4857 ιι,
898 4796 953 4850 7.

453 4895 744 4963 cx‘ngstro
778 4889 1220 4963 perspicue‘satis
1249 4891 1485 4961 auferes,
1517 4892 1657 4948 infra
1688 4906 1813 4963 pag.
1843 4892 1970 4949 5‘20.

675 4955 862 5031 Platol
886 4958 1169 5031 θήσεσθαι.

528 5026 666 5097 (25‘)
706 5028 797 5082 Τὸ.
822 5026 984 5084 Forte
1014 5031 1103 5085 τά.
1131 5031 1293 5087 Eon.

456 5096 736 5221 σίξξέθί
769 5100 883 5153 ὑπὸ
918 5099 1063 5167 τοῖς.
1094 5102 1403 5159 Articulum
1437 5104 1493 5159 ot
1521 5118 1583 5160 ex
1616 5103 1841 5161 Platone
1885 5105 2039 5162 addi-

496 5182 657 5221 Imus.

529 5237 643 5309 (27)
675 5240 737 5294 Tt
768 5235 882 5295 οὖν
906 5238 1021 5307 δή;
1055 5252 1159 5297 etc.
1191 5240 1270 5298 lta
1305 5242 1495 5310 locum,
1519 5244 1888 5310 distinximus,
1919 5245 2043 5302 Pla-

458 5315 645 5386 tonem
698 5312 892 5386 secuti,
930 5314 1072 5386 ap_ud
1118 5328 1282 5386 quem
1326 5313 1391 5366 Τί
1438 5309 1531 5368 οὖν
1573 5314 1673 5386 δή;
1708 5309 1883 5371 verba
1912 5328 2044 5373 sunt

462 5376 818 5454 Hermogenis
844 5376 948 5437 :‘at
967 5376 1246 5454 Socratis.
1275 5398 1397 5454 quae
1428 5376 1754 5454 sequuntur.

530 5446 946 5537 Εἰκότως.
980 5451 1060 5537 ita
1092 5446 1754 5537 rugshsdistingjuegdum
1785 5454 1924 5537 fuit;
1958 5470 2045 5514 est

464 5520 608 5595 enim
658 5520 764 5595 hoc
810 5523 1127 5595 adverbium
1180 5520 1539 5595 Hermogenis
1587 5524 1799 5581 Socrati
1847 5520 2038 5584 assen-

462 5589 665 5668 tientis.
696 5588 835 5644 'lum
866 5607 1017 5668 v_e_ro,
1049 5592 1181 5668 πῦρ,
1219 5588 1613 5668 ὖδωρξκύνας,
1641 5606 1695 5651 et
1723 5598 1861 5652 alias
1893 5599 2041 5668 ejus-

462 5657 608 5737 πιοιῇ
659 5675 846 5724 voces,
882 5657 1145 5737 Phrygias
1198 5657 1381 5737 potius
1423 5657 1759 5737 essequam
1795 5657 2035 5732 Graecas,

458 5728 534 5807 ait
569 5726 843 5807 Socrates.
888 5726 1057 5785 ideiii'
1078 5726 1257 5807 tamen
1291 5734 1451 5807 infra,
1484 5726 1763 5806 pag.'274,
1796 5726 2040 5793 indicare

456 5799 511 5852 vi
547 5806 686 5868 etur,
712 5799 1013 5869 primorum
1045 5805 1325 5860 nominum
1354 5799 1643 5875 rationein,
1670 5799 1759 5863 vel
1781 5808 1846 5864 ad
1882 5808 2034 5876 deos,

2151 4546 2236 4583 σιν
2266 4529 2361 4584 τοῦ
2390 4529 2627 4600 γεώδους
2668 4530 2860 4603 Ἀδάμ.
2900 4529 3147 4585 Διάνοιαν
3186 4527 3242 4582 δὲ
3273 4526 3516 4599 περιέχει
3563 4527 3658 4580 καὶ
3699 4526 3731 4580 ὁ

2158 4616 2323 4685 Ἐνὼς
2348 4622 2573 4688 οἰκείαν,
2586 4621 2936 4693 ἐπιλήσμων
2963 4624 3030 4693 τῇ
3062 4620 3329 4692 Ἑλλήνων
3356 4619 3731 4692 ἑρμηνευόμε-

2146 4731 2236 4779 νος
2271 4718 2443 4787 φωνῇ.
2474 4715 2726 4770 Τοιοῦτον
2755 4714 2810 4768 δὲ
2841 4706 3084 4785 πέφυκεν
3118 4714 3384 4787 ὑπάρχειν
3426 4713 3487 4766 τὸ
3516 4714 3573 4767 ἐν
3596 4715 3728 4786 ἡμῖν

2146 4900 2233 4955 vel
2259 4900 2326 4955 ad
2360 4899 2627 4955 barbaros
2656 4898 2910 4971 homines
2944 4913 3202 4955 revocare
3232 4896 3726 4971 velle,_speciosum

2147 4971 2419 5039 quoddam
2472 4970 2620 5025 illius
2669 4969 2930 5039 eﬁugium
2977 4984 3132 5033 esse,
3168 4970 3259 5039 qui
3305 4968 3532 5039 ratiOnis
3564 4968 3730 5039 hujus

2144 5036 2440 5128 reddenda:
2486 5036 2806 5128 molestiam
2830 5038 3147 5128 d’epreceti’nr
3179 5036 3201 5093 Ξ
3342 5037 3603 5128 μξὶιιάρα³

2146 5111 2344 5181 inquit,
2372 5110 2567 5181 ὥσπερ
2588 5112 2637 5163 oi
2658 5108 3070 5195 τραγῳδοποιοὶ,
3093 5110 3313 5196 ἐπειδάν
3342 5108 3722 5179 τιάπορῶσιν,

2146 5181 2239 5234 ἐπὶ
2284 5182 2385 5245 τὰς
2419 5178 3603 5252 μηχανὰςκαταφευγουσιηθεουςιαῖροντες,
3621 5178 3730 5252 καὶ

2146 5252 2309 5321 ἡμεῖς
2346 5246 2530 5314 οὕτως’
2560 5249 2806 5321 εἰπόντες
2853 5246 3280 5321 ἀπαλλαγῶμεν.
3310 5246 3492 5304 and;
3527 5246 3729 5321 frtpé'rta

2145 5318 2390 5403 ὁέόματα,
2421 5324 2471 5403 oi
2505 5321 2628 5403 ,θεοὶ
2678 5320 2891 5403 ἔθεσανί
2927 5318 3089 5403 Ἆρα
3121 5318 3216 5374 καὶ
3259 5322 3390 5403 ήμξν
3435 5318 3728 5403 ,κράτιστος

2144 5384 2300 5462 οὗτος
2322 5391 2432 5447 τῶν
2458 5392 2639 5462 λόγων
2654 5407 2670 5456 ;
2700 5390 2732 5462 ἢ
2765 5392 2993 5456 ἐκεῖνος,
3006 5384 3117 5462 ’ὅτι
3143 5384 3615 5462 παράίβαρϐάρων
3644 5404 3729 5441 τι-

2144 5460 2426 5533 νῶνίαύτὰ
2463 5458 2910 5533 παρειλήφαμεη
2947 5464 3075 5533 (εἰσὶ
3101 5461 3158 5515 δέ
3194 5458 3727 5533 ήμῷνξᾶρχαιότεροι

2148 5530 2469 5604 βάρϐαρον)
2496 5529 2847 5604 ηὸτι-’ὑπο
2872 5529 3243 5604 παλαιότητος
3281 5529 3541 5604 scema);
3584 5529 3726 5604 αὑτά

2143 5595 2573 5671 ἐπισκέψασθαὶ;
2604 5596 2769 5655 Abram.
2790 5602 2899 5671 γὰρ
2924 5602 2990 5656 ἂν
3014 5595 3183 5655 πᾶσαι
3209 5601 3454 5663 ἐκδύσεις
3473 5595 3603 5671 εἷεν,
3630 5598 3729 5671 καὶ

2147 5672 2291 5742 μάλα
2322 5667 2530 5742 κομψαὶ
2554 5670 2632 5740 τῷ
2665 5672 2753 5742 μὴ,
2778 5667 3012 5742 ἐθέλοντι
3041 5671 3197 5738 λόγον
3224 5671 3428 5725 διδόναι
3455 5669 3585 5739 περὶ
3615 5667 3727 5721 τῶν

2143 5740 2374 5815 πρῴτων
2395 5740 2700 5815 ὀνομάτων,
2830 5740 3004 5815 ὀρθῷς
3032 5745 3226 5815 κεῖται..

2211 5811 2324 5883 (29)
2359 5808 2535 5871 Ἀλλὰ
2564 5810 2671 5865 τὸν
2687 5809 2806 5881 μὲν
2827 5808 3032 5881 γεώδη,
3054 5820 3159 5868 etc.
3177 5809 3309 5868 Vide
3331 5824 3495 5882 supra
3517 5823 3570 5881 p.
3593 5808 3719 5865 307.
