4156 6410
370 358 476 416 857

1511 334 1831 392 PRAEPAR.
1875 329 2131 388 EVANG.
2174 327 2303 383 LIB.
2344 322 2438 379 XI.

3530 302 3636 359 858

374 475 586 547 Αογικδν
625 472 726 545 τῆς
757 471 894 544 πρὸς
918 469 981 524 τδ
1025 466 1219 540 θνητὸν
1263 466 1357 519 καὶ
1393 460 1590 531 ἄλογον
1633 458 1952 531 συμπλοκῆς

2077 471 2100 510 s
2123 471 2153 509 a
2180 452 2330 508 Mose
2353 449 2593 503 Adamus
2618 457 2747 499 vere
2787 455 2852 496 ac
2886 436 3105 510 proprie
3129 434 3422 490 diceretur.
3451 429 3637 499 Quan-

372 566 556 620 ἕνεκα.
600 561 673 616 Τὸ
725 558 828 633 μὲν
857 557 965 630 γάρ
1008 557 1186 626 πάντη
1224 552 1485 625 καθαρὸν,
1510 551 1605 604 καὶ
1641 547 1951 619 ἀσώματον,

376 657 470 712 καὶ
503 655 665 720 θεῖον,
700 653 795 707 καί¹
813 649 1049 719 λογικὸν,
1080 648 1139 701 οὐ
1179 646 1337 717 μόνον
1364 642 1477 697 τῶν
1516 640 1750 714 πρόσθεν
1796 655 1953 708 γενο-

379 745 555 816 μένων
582 742 683 815 τὴν
715 741 958 812 μνήμην,
983 737 1119 792 ἀλλὰ
1152 736 1247 789 καὶ
1275 733 1383 787 τῶν
1409 730 1708 804 μελλόντων
1734 727 1954 781 ἔσεσθαι

375 837 473 908 τὴν
505 835 705 905 γνῶσιν
733 832 799 885 δι’
826 830 1002 903 ἄκραν
1025 827 1227 899 ἀρετὴν
1256 824 1491 896 Θεωρίας
1514 820 1835 894 περιείληφε
1856 836 1870 850 ·
1895 816 1957 870 τὸ

378 930 418 985 δ’
459 932 516 984 ἐν
558 926 716 999 σαρξὶ
746 922 1132 995 πεπιλημένον,
1167 917 1375 981 ὀστέοις
1402 934 1461 969 τε
1489 914 1584 968 καὶ
1612 912 1827 984 νεύροις
1858 927 1959 965 κα-

377 1016 903 1091 ταπεπαραμένονα,
955 1013 1119 1082 ὄγκον
1158 1029 1219 1065 τε
1266 1010 1436 1082 μέγαν
1498 1007 1594 1060 καὶ
1635 1004 1804 1078 βαρὺν
1855 1004 1956 1055 ἐπ-

381 1109 712 1184 ηχθισμένον
766 1105 827 1159 τὸ
873 1103 1053 1173 σῶμα,
1114 1101 1283 1172 λήθης
1322 1097 1523 1167 πολλῆς
1548 1095 1644 1150 καὶ
1689 1091 1958 1164 ἀμαθείας

379 1200 600 1257 συνιδὼν
643 1200 671 1252 ὁ
721 1198 849 1267 παρ’
891 1195 1162 1267 Ἑϐραίοις
1194 1192 1383 1260 λόγος,
1416 1188 1690 1257 εὐθυϐόλῳ
1717 1186 1956 1257 κέκληκε

384 1289 750 1360 προσρήματι,
794 1283 960 1348 Ἐνὼς
991 1282 1352 1353 ἐπονομάσας,
1385 1282 1523 1351 ὅπερ
1537 1277 1689 1349 δηλοῖ
1706 1277 1796 1329 τὸν
1838 1276 1959 1327 ἐπι-

376 1379 642 1451 λήσμονα.
671 1381 864 1432 Κεῖται
893 1374 1024 1445 γοῦν
1051 1375 1201 1447 παρά
1233 1390 1339 1427 τινι
1370 1372 1623 1444 προφήτῃ
1644 1388 1657 1401 σ
1693 1389 1711 1422 ι
1754 1369 1818 1421 Τί
1844 1370 1959 1420 εστι

377 1469 689 1542 ἅνθρωπος,
736 1470 817 1522 ὅτι
856 1468 1139 1539 μιμνήσκῃ
1180 1464 1382 1529 αὐτοῦ;
1421 1463 1453 1533 ἢ
1503 1464 1616 1526 υἱὸς
1646 1459 1957 1532 ἀνθρώπου,

376 1563 458 1617 ὅτι
488 1561 796 1634 ἐπισκέπτῃ
827 1560 1028 1623 αύτὸν;
1060 1578 1078 1610 ι
1122 1557 1261 1611 Ἀνθ’
1306 1550 1368 1611 οῦ
1423 1556 1483 1608 τὸ
1533 1551 1818 1625 Ἐϐραῖκδν
1868 1550 1962 1602 ἐπὶ

383 1656 479 1726 μὲν
513 1654 611 1725 τῆς
663 1651 885 1724 πρώτης
932 1649 1028 1704 τοῦ
1077 1646 1366 1720 ἀνθρώπου
1396 1645 1642 1717 κλήσεως
1680 1643 1742 1696 τὸ
1798 1639 1962 1703 Ἐνὼς

381 1745 729 1821 περιείληφεν
748 1761 763 1775 ·
791 1743 922 1797 ὡσεὶ
943 1742 1096 1810 ἔλεγε
1120 1740 1452 1810 σαφέστερον
1477 1755 1490 1768 ·
1532 1737 1596 1790 Τί
1629 1729 1781 1798 οῦτός
1812 1735 1962 1786 ἐστιν

2061 561 2226 616 quam
2258 553 2313 598 et
2341 542 2446 596 alia
2487 548 2708 608 quoque
2731 530 3107 603 appellationis
3136 526 3301 597 hujus
3334 525 3474 580 ratio
3514 538 3640 580 esse

2063 612 2263 705 potest,
2293 629 2454 701 quasi
2490 643 2557 682 ex
2586 625 2756 678 rubro
2790 621 2971 676 colore
3015 619 3269 682 ducatur,
3310 624 3365 669 et
3392 612 3640 684 corporis

2063 702 2318 778 naturam
2360 721 2734 786 reprzesentet.
2781 712 3053 766 Cancrum
3095 706 3373 761 hominem
3422 702 3639 772 quidem

2061 814 2297 879 Hebraei,
2331 812 2425 867 sed
2456 818 2756 870 terrenum,
2804 813 2967 872 atque
3013 816 3076 854 ex
3118 808 3261 853 terra
3308 796 3493 851 ﬁctum
3538 809 3641 847 na-

2063 915 2308 976 tumque,
2334 902 2419 957 vel
2452 917 2520 955 ex
2552 911 2780 968 corpore
2816 907 3091 962 caraeque
3122 888 3414 945 conﬂatum
3447 883 3642 940 Adami

2064 997 2288 1052 nomine
2316 992 2632 1063 signiﬁcant
2664 1007 2677 1043 :
2712 996 2768 1042 at
2810 984 3089 1039 hominem
3128 982 3257 1035 dum
3291 979 3512 1049 proprie
3549 991 3646 1048 ap-

2064 1091 2268 1163 pellare
2312 1086 2525 1147 volunt,
2557 1096 2748 1137 vocem
2799 1077 2946 1132 Euos
2973 1088 3241 1143 usurpare
3287 1072 3481 1133 solent,
3535 1084 3643 1138 qua

2066 1162 2231 1236 homo
2258 1178 2351 1233 ille
2379 1184 2564 1231 noster
2596 1172 2808 1227 ratione
2836 1167 3117 1239 prmditus,
3150 1173 3309 1233 atque
3337 1162 3404 1216 ab
3431 1170 3647 1215 terreno

2064 1272 2275 1326 Adamo
2322 1276 2518 1322 natura
2577 1266 2862 1334 sejunctus
2910 1259 3270 1328 exprimatur.
3322 1252 3437 1307 Hoc
3482 1252 3647 1307 etiam

2065 1360 2214 1416 Enos
2246 1358 2524 1428 singulare
2554 1355 2738 1415 habet,
2772 1360 2832 1406 ut
2858 1352 3214 1403 immemorem
3245 1343 3434 1399 erca
3461 1342 3649 1411 lingua

2068 1452 2358 1523 signiticet.
2394 1448 2688 1501 Enimvero
2738 1444 2789 1499 id
2824 1443 2874 1497 ei
2910 1439 3046 1510 parti
3104 1448 3344 1500 nostrae,
3387 1449 3510 1503 quae
3553 1432 3649 1486 ad-

2062 1553 2308 1622 junctam
2350 1546 2619 1601 rationem
2658 1541 2842 1602 habet,
2873 1545 3094 1607 propter
3123 1534 3242 1601 ejus
3271 1547 3393 1586 cum
3428 1528 3649 1584 mortali

2067 1651 2123 1698 et
2158 1640 2391 1695 rationis
2421 1645 2644 1705 experte
2675 1630 3099 1694 commercium,
3136 1643 3238 1681 usu
3293 1623 3462 1678 venit.
3510 1620 3650 1676 Nam

2070 1733 2123 1787 id
2163 1746 2318 1795 sane,
2358 1728 2502 1798 quod
2531 1739 2728 1796 purum
2781 1721 3041 1781 omnino,
3076 1716 3219 1786 quod
3254 1715 3372 1769 sine
3400 1724 3648 1781 corpore,

380 1839 409 1891 ὁ
432 1835 767 1907 ἐπιλήσμων,
794 1835 875 1888 ὅτι
905 1834 992 1898 σὺ,
1019 1827 1064 1886 ὦ
1084 1830 1206 1894 Θεὲ,
1239 1830 1521 1901 μιμνήσκῃ
1546 1825 1732 1891 αὑτοῦ,
1762 1824 1964 1895 καίπερ

2077 1823 2212 1894 quod
2239 1821 2484 1876 divinum
2517 1833 2581 1871 ac
2608 1815 2819 1870 ratione
2851 1811 3134 1882 praeditum
3163 1818 3265 1871 est,
3285 1821 3393 1860 non
3426 1812 3651 1875 printer-

382 1928 535 1993 ὄντος
561 1926 957 1998 ὲπιλήσμονος;
986 1924 1061 1977 Τὸ
1091 1924 1168 1987 δὲ,
1200 1942 1219 1975 ι
1252 1923 1324 1975 Ἦ
1354 1922 1469 1984 υίὸς
1502 1919 1787 1990 ἀνθρώπου
1809 1958 1824 1981 ,
1883 1917 1964 1969 ὅτι

382 2022 689 2093 ἐπισκέπτῃ
720 2019 914 2084 αὐτόν;
940 2037 958 2071 ι
995 2037 1013 2070 ι
1048 2018 1121 2070 "H
1164 2017 1279 2079 υίὸς
1328 2014 1500 2084 Ἀδὰμ
1536 2032 1554 2064 ι
1586 2014 1766 2066 κεῖται
1815 2008 1966 2080 παρά

382 2118 495 2179 τοῖς
520 2113 900 2187 δηλουμένοις·
943 2112 1018 2175 ὡς
1041 2106 1179 2164 εἶναι
1214 2111 1305 2163 τὸν
1337 2109 1498 2162 αὑτὸν
1537 2108 1632 2160 καὶ
1680 2104 1851 2175 Ἀδάμ
1872 2103 1967 2157 καὶ

397 2204 563 2270 Ἐνώς
583 2221 597 2235 ’
627 2205 722 2258 τοῦ
759 2204 858 2275 μὲν
893 2201 1158 2275 σαρκικοῦ
1190 2201 1277 2255 διὰ
1297 2199 1392 2254 τοῦ
1434 2199 1626 2270 Ἀδὰμ,
1658 2197 1752 2253 τοῦ
1790 2197 1847 2250 δὲ
1881 2197 1968 2249 λο-

384 2296 540 2370 γικοῦ
593 2297 682 2351 διά
730 2295 824 2350 τοῦ
893 2295 1059 2359 Ἐνὼς
1108 2292 1537 2365 παρισταμένου.
1594 2290 1706 2345 Καὶ
1735 2288 1807 2343 τὰ
1870 2289 1968 2360 μὲν

398 2392 663 2464 Ἐϐραίων
704 2390 859 2459 λόγια
892 2388 1037 2442 οὓτω
1060 2405 1177 2457 πως
1203 2387 1401 2457 διαιρεῖ
1442 2385 1540 2457 τὴν
1592 2382 1967 2454 ὲτυμολογίαν.

395 2483 457 2537 Ὀ
479 2484 536 2537 δὲ
574 2482 800 2536 Πλάτων
828 2481 920 2534 τὸν
941 2480 1225 2550 ἄνθρωπον
1246 2480 1311 2549 τῇ
1351 2476 1616 2548 Ἑλλήνων
1637 2477 1786 2546 φωνῇ
1817 2473 1970 2545 παρὰ

383 2575 446 2631 τὸ
474 2576 726 2647 ἀναθρεῖν
763 2591 894 2646 φησι
923 2571 1243 2642 κεκλῆσθαι,
1278 2569 1449 2638 λέγων
1471 2585 1483 2597 ·
1517 2587 1536 2620 ι
1584 2567 1643 2621 ὐ
1669 2568 1726 2620 δὲ
1760 2566 1972 2639 ἄνθρω-

385 2684 486 2731 πος
512 2666 630 2738 ἅμα
662 2665 895 2737 ἑώρακε,
926 2663 1084 2717 τοῦτο
1105 2662 1162 2716 δέ
1219 2664 1336 2715 ἐστι
1371 2660 1582 2726 ὄπωπε,
1619 2659 1714 2714 καὶ
1748 2658 1973 2729 ἀναθρεῖ

385 2761 480 2814 καὶ
536 2758 808 2829 λογίζεται
858 2756 1016 2809 τοῦτο
1067 2754 1096 2807 ὃ
1141 2754 1390 2817 ὄπωπεν,
1445 2752 1534 2805 ἴνα
1665 2747 1974 2822 ἀναθρῶνά

383 2851 592 2905 ὄπωπε.
619 2869 637 2901 ι
671 2850 839 2903 Πάλιν
882 2848 1119 2919 Ἑϐραῖοι
1146 2846 1236 2899 τὸν
1266 2845 1433 2916 ἄνδρα
1462 2845 1516 2909 ἲς
1540 2843 1785 2898 καλοῦσι.
1826 2843 1980 2913 Παρ-

386 2945 548 3017 ῆκται
580 2943 638 2996 δὲ
690 2943 874 3005 αὐτοῖς
911 2939 1151 3008 τοῦνομα
1202 2934 1428 2990 ἀπὸτοῦ
1468 2935 1547 3001 ἒς,
1576 2936 1642 2989 δι’
1680 2929 1742 2988 οῦ
1774 2934 1976 3006 σημαί-

387 3052 535 3088 νουσι
563 3034 626 3087 τὸ
657 3032 770 3117 πῦρ
792 3072 807 3094 ,
837 3032 924 3085 ἵνα
1036 3038 1189 3100 παρα
1224 3028 1286 3081 τὸ
1336 3025 1539 3098 θερμὸν
1591 3026 1687 3079 καὶ
1713 3026 1976 3097 διάπυρον

386 3123 489 3196 τῆς
519 3122 613 3177 τοῦ
641 3122 832 3194 ἀνδρὸς
859 3121 1075 3192 φύσεως
1104 3120 1132 3172 ὁ
1157 3117 1296 3189 ἀνὴρ
1339 3116 1747 3188 ὠνομασμένος.
1798 3116 1861 3169 Ἡ
1916 3115 1974 3189 δὲ

389 3214 547 3286 γυνὴ,
571 3214 799 3285 ἐπείπερ
824 3214 1037 3285 εἴρηται
1062 3213 1125 3264 ὲκ
1147 3210 1242 3264 τοῦ
1263 3210 1454 3284 ἀνδρὸς
1470 3208 1745 3280 εἰλῆφθαι,
1760 3200 1853 3263 καὶ
1876 3208 1973 3281 τὴν

391 3305 759 3376 προσηγορίαν
784 3305 1127 3357 ἐπικοινωνεῖ
1156 3301 1233 3372 τῷ
1255 3301 1431 3374 ἀνδρί.
1474 3300 1622 3354 Ἰσσά
1649 3301 1760 3372 γὰρ
1782 3302 1816 3372 ἡ
1838 3298 1976 3371 γυνὴ

389 3396 604 3464 λέγεται
637 3394 765 3467 παρ’
789 3396 992 3457 αὐτοῖς,
1018 3392 1208 3464 ὥσπερ
1242 3392 1295 3454 ἲς
1322 3393 1350 3444 ὁ
1374 3392 1474 3460 ἀνή
1486 3407 1535 3462 ρ.
1576 3390 1633 3443 '0
1664 3389 1723 3443 δὲ
1750 3390 1977 3443 Πλάτων

389 3488 479 3542 τὸν
496 3486 665 3559 ἄνδρα
692 3504 711 3537 ι
750 3485 899 3557 παρά
931 3485 1030 3556 τὴν
1060 3484 1173 3538 ἄνω
1207 3485 1336 3556 ῥοὴν
1369 3504 1388 3536 ι
1413 3481 1776 3554 ὀνομάζεσθαι
1807 3481 1976 3548 λέγει.

390 3579 503 3636 Καὶ
526 3579 766 3646 ἐπιλέγει
784 3595 797 3608 ·
837 3596 856 3629 ι
906 3578 970 3630 Ἦ
999 3577 1057 3631 δὲ
1080 3576 1218 3649 γυνὴ
1242 3577 1375 3647 γονή
1409 3591 1499 3646 μοι
1522 3574 1771 3644 φαίνεται
1796 3571 1982 3640 βούλε-

394 3672 519 3727 σθαι
563 3667 724 3726 εἶναι.
768 3690 786 3724 ι
818 3668 988 3723 Πάλιν
1029 3670 1236 3741 Μωσῆς
1274 3668 1367 3722 τὸν
1405 3664 1632 3739 οὐρανὸν
1670 3664 1883 3736 ἐτύμως
1910 3667 1976 3735 τῇ

404 3756 671 3837 Ἑϐραίων
698 3762 919 3834 γλώσσῃ
949 3760 1236 3831 στερέωμα
1264 3756 1699 3831 προσαγορεύει,
1736 3754 1890 3828 παρὰ
1918 3754 1980 3808 τὸ

395 3857 607 3928 πρῶτον
635 3851 794 3919 εἶναι,
822 3853 959 3925 μετά
986 3853 1085 3924 τὴν
1109 3850 1401 3924 ἀσώματον
1420 3850 1516 3905 καὶ
1543 3848 1739 3920 νοεράν
1767 3848 1978 3915 οὐσίαν,

395 3948 548 4002 τοῦδε
575 3945 670 4000 τοῦ
710 3947 916 4015 κόσμου
939 3944 1154 4014 στερεὸν
1188 3943 1284 3997 καὶ
1310 3942 1567 4013 αἰσθητὸν
1596 3940 1779 4011 σῶμα.
1826 3939 1886 3993 Ὃ
1922 3939 1981 3993 δὲ

397 4037 621 4091 Πλάτων
632 4035 712 4107 τῷ
738 4033 952 4109 οὐρανῷ
967 4051 1130 4106 φησιν
1159 4032 1336 4106 ὀρθῶς
1358 4034 1529 4105 ὄνομα
1551 4032 1786 4098 κεῖσθαι,
1805 4030 1892 4086 διὰ
1920 4031 1982 4085 τὸ

397 4129 653 4199 ἇνωόρᾷν
667 4129 859 4180 ποιεῖν.
882 4125 1051 4181 Πάλιν
1077 4125 1321 4196 Ἑϐραῖοι
1344 4123 1423 4195 τῷ
1443 4123 1540 4195 μὲν
1568 4123 1829 4194 ἀνωτάτῳ
1847 4122 1984 4194 (29‘)

398 4219 491 4275 τοῦ
518 4218 653 4273 Θεοῦ
688 4217 875 4290 κύριον
901 4217 1070 4287 ὄνομα
1102 4216 1344 4288 ἄρρητον
1374 4212 1512 4268 εἶναι
1539 4216 1633 4268 καὶ
1658 4213 1983 4284 ἄφθεγκτον,

397 4308 519 4362 οὐδὲ
553 4307 823 4378 φαντασίᾳ
846 4306 1084 4369 διανοίας
1116 4305 1322 4377 ληπτόν
1341 4321 1356 4336 ·
1383 4305 1516 4358 αὐτὸ
1541 4304 1597 4357 δὲ
1627 4304 1786 4357 τοῦτο
1807 4304 1929 4357 καθ’
1957 4303 1986 4357 ὃ

399 4400 531 4454 Θεὸν
550 4395 908 4470 ὀνομάζομεν,
949 4395 1150 4467 Ἑλωῒμ
1177 4394 1434 4461 καλοῦσι,
1484 4393 1636 4466 παρὰ
1667 4395 1728 4447 τὸ
1758 4394 1824 4465 ἢλ
1850 4394 1985 4465 (50),

2001 3172 2048 3235 C

2065 1917 2266 1971 itorum
2303 1910 2467 1966 modo
2515 1906 2871 1970 memoriam,
2915 1903 3009 1957 sed
3033 1902 3196 1955 etiam
3225 1899 3531 1953 futurorum
3563 1910 3656 1950 co-

2066 2008 2382 2079 gnitionem,
2433 2002 2504 2056 ob
2555 2001 2667 2053 vim
2712 1993 3119 2065 contemplandi
3172 2005 3444 2048 summam
3497 2002 3655 2043 conr-

2066 2098 2348 2171 plectitur.
2385 2093 2544 2161 Quod
2575 2100 2755 2145 autem
2786 2088 2938 2143 carni
2975 2096 3233 2155 tanquam
3285 2083 3400 2137 luto
3433 2082 3657 2135 immer-

2068 2206 2190 2245 sum
2223 2197 2332 2251 est,
2371 2185 2520 2256 quod
2570 2198 2638 2239 ex
2682 2180 2902 2236 ossibus
2946 2177 3240 2246 nervisque
3289 2181 3655 2243 compactum,

2068 2279 2215 2348 quod
2246 2274 2506 2344 imposito
2540 2285 2799 2340 corpore,
2829 2267 2976 2323 velut
3006 2265 3212 2334 ingenti
3247 2264 3481 2334 quadam
3516 2260 3659 2315 mole

2070 2381 2420 2440 oppressum,
2452 2363 2504 2417 id
2535 2377 2663 2418 cum
2709 2359 2972 2414 Hebrrcus
3000 2358 3174 2412 multa
3203 2371 3326 2411 cum
3362 2353 3656 2420 oblivione,

2071 2471 2186 2515 tum
2232 2458 2509 2529 imperitia
2562 2454 2818 2509 laborare
2864 2451 3211 2518 intelligeret,
3262 2446 3409 2501 Enos
3453 2460 3658 2500 conve-

2070 2552 2245 2608 nienti
2276 2549 2596 2613 admodum,
2626 2553 2680 2600 et
2704 2541 3038 2597 oblivionem
3069 2532 3414 2610 signiﬁcante
3438 2536 3662 2591 nomine

2072 2644 2383 2715 appellavit.
2447 2639 2515 2693 Et
2562 2637 2784 2710 quidem
2845 2633 2987 2703 apud
3041 2632 3281 2702 aliquem
3333 2628 3662 2700 prophetam

2073 2738 2306 2808 legimus
2328 2735 2408 2789 ⁸⁵2
2453 2753 2471 2785 ι
2509 2729 2651 2798 Quid
2682 2738 2766 2783 est
2790 2728 2976 2792 homo,
3002 2726 3146 2794 quod
3178 2736 3389 2777 memor
3411 2735 3470 2776 es
3496 2720 3614 2789 ejus
3638 2718 3662 2770 ?

2075 2840 2170 2887 aut
2217 2830 2364 2885 ﬁlius
2398 2822 2640 2881 hominis
2665 2861 2681 2886 ,
2726 2818 2992 2889 quoniam
3042 2817 3234 2872 visitas
3263 2814 3437 2869 eum?
3472 2832 3491 2863 ι
3543 2812 3664 2878 Quo

2077 2925 2203 2978 loco
2223 2920 2491 2977 Hebraica
2521 2917 2709 2986 lingua
2737 2928 2837 2984 pro
2872 2913 2964 2967 illa
2997 2909 3165 2979 priori
3201 2906 3440 2961 hominis
3480 2903 3666 2973 appel-

2076 3013 2302 3078 latione,
2334 3022 2526 3063 vocem
2571 3005 2737 3076 Enos,
2764 3002 3050 3069 adhibuit;
3087 2998 3244 3071 quasi
3274 2995 3477 3051 clarius
3513 2994 3664 3048 dice-

2078 3111 2200 3159 ret:
2250 3100 2396 3168 Quid
2445 3097 2747 3153 ohliviosus
2801 3095 2904 3150 iste
2950 3100 3056 3156 est,
3106 3099 3167 3145 ut
3218 3089 3359 3158 ejus,
3412 3102 3446 3140 ο
3494 3084 3663 3149 Deus,

2078 3196 2399 3252 meminisse
2442 3191 2598 3256 velis,
2649 3203 2776 3245 cum
2822 3202 2999 3258 usque
3043 3185 3180 3240 adeo
3229 3183 3301 3237 sit
3330 3177 3670 3235 immemor?

2077 3288 2235 3355 Quod
2268 3293 2452 3340 autem
2484 3281 2840 3351 subjungitur
2866 3320 2881 3345 ,
2917 3277 3079 3348 517
3116 3295 3135 3327 ι
3170 3282 3265 3329 aut
3290 3274 3436 3328 ﬁlius
3490 3269 3669 3325 homi-

2077 3381 2186 3445 nis,
2213 3378 2477 3451 quoniam
2509 3377 2704 3431 visitas
2731 3371 2903 3428 eum?
2935 3390 2953 3421 ι
3006 3366 3214 3424 Hebrazi
3266 3367 3474 3436 legunt,
3514 3381 3533 3414 ι
3573 3368 3671 3416 aut

2078 3473 2224 3531 illius
2251 3471 2446 3526 Adam.
2486 3488 2505 3521 ι
2540 3468 2617 3522 lta
2647 3481 2773 3521 eum
2804 3477 2974 3517 unum
3003 3469 3058 3516 et
3099 3458 3353 3515 eumdem
3380 3470 3487 3509 vox
3516 3463 3669 3507 utra-

2078 3581 2187 3638 que
2216 3562 2510 3634 signiﬁcet,
2544 3572 2850 3630 corporeus
2878 3566 3063 3610 tamen
3095 3551 3311 3616 Adami,
3356 3551 3503 3603 linos
3539 3560 3670 3601 vero

2078 3659 2323 3721 nomine,
2356 3656 2571 3711 ratione
2618 3653 2880 3723 praeditus
2929 3648 3272 3719 designatur.
3314 3643 3493 3713 Atque
3521 3642 3670 3695 hunc

2084 3752 2140 3807 in
2177 3752 2402 3807 modum
2433 3747 2716 3803 Hebraica:
2750 3746 2947 3799 litterae
2982 3742 3270 3797 ambarum
3315 3751 3510 3793 vocum
3555 3743 3671 3805 ety-

2082 3843 2381 3914 mologiam
2431 3839 2799 3909 distinguunt.
2853 3837 2924 3890 At
2967 3848 3098 3889 vero
3130 3831 3308 3894 Plato,
3342 3828 3625 3900 άνθρωπον
3652 3867 3669 3892 ,

2081 3936 2368 3998 hominem,
2404 3931 2592 3988 Graeca
2635 3930 2821 4001 lingua
2856 3926 3009 4000 παρὰ
3059 3925 3121 3979 τὸ
3154 3923 3409 3992 ἀναθρεῖν
3430 3960 3444 3985 ,
3482 3935 3512 3974 a
3542 3933 3673 3973 con—

2080 4030 2394 4101 templaudo
2419 4029 2760 4084 nominatum
2788 4038 2911 4078 esse
2927 4018 3237 4076 contendit:
3263 4034 3282 4068 ι
3306 4014 3482 4070 Homo
3502 4012 3670 4077 enim,

2083 4123 2283 4192 inquit,
2309 4120 2472 4176 simul
2512 4128 2675 4189 atque
2705 4116 2839 4170 vidit
2865 4112 3072 4183 aliquid
3102 4110 3120 4181 (
3146 4110 3336 4162 ὄπωπε
3389 4105 3563 4161 Graeci
3592 4103 3676 4158 di-

2085 4225 2218 4269 cunt
2242 4214 2284 4284 ),
2316 4213 2369 4267 id
2399 4212 2579 4282 ipsum
2616 4207 2763 4279 quod
2792 4204 3013 4271 viderit,
3043 4198 3447 4267 contemplatur
3490 4210 3555 4250 ac
3588 4209 3677 4249 se-

2085 4323 2211 4362 cum
2265 4306 2384 4375 ipse
2446 4309 2683 4373 reputat,
2742 4307 2804 4353 ut
2854 4296 3143 4368 ἄνθρωπος
3200 4291 3459 4354 dicatur,
3513 4288 3675 4358 quasi

2086 4396 2331 4469 ἀναθρῶν
2352 4395 2388 4450 δι
2409 4395 2618 4453 ὄπωπε,
2642 4389 3001 4460 contemplans
3029 4404 3093 4441 ea
3127 4400 3245 4457 quae
3285 4383 3495 4438 viderit.
3526 4400 3545 4433 ι
3582 4377 3675 4433 Ἢ·-

398 4492 476 4556 ὼς
505 4467 679 4544 ἔοικεν·
715 4467 873 4543 τοῦτο
899 4489 956 4543 δὲ
986 4486 1348 4560 έρμηνεύουσι
1386 4488 1562 4557 ίσχὺν,
1591 4487 1686 4539 καὶ
1720 4485 1974 4556 δύναμιν·

2087 4505 2209 4544 rum
2238 4497 2498 4558 praeterea
2530 4483 2741 4539 Hebraei
2785 4488 2985 4559 vocant
3022 4479 3068 4531 is
3101 4494 3116 4544 ;
3186 4474 3330 4545 quod
3378 4486 3576 4526 nomen
3608 4467 3678 4523 ab

403 4582 531 4637 ὥστ’
579 4578 719 4636 εῖναι
759 4580 853 4635 τοῦ
913 4581 1049 4634 Θεοῦ
1093 4578 1333 4651 τοῦνομα
1372 4578 1500 4652 παρ’
1524 4578 1730 4642 αὐτοῖς,
1757 4577 1864 4631 ἀπὸ
1887 4578 1988 4647 τῆς

404 4675 548 4745 ἀμφὶ
573 4673 735 4727 αὐτὸν
761 4671 1044 4744 δυνάμεώς
1066 4690 1126 4725 τε
1153 4673 1249 4726 καὶ
1277 4672 1459 4743 ἰσχύος
1493 4670 1988 4741 ὲπιλελογισμένον,

405 4766 472 4819 δι’
497 4760 565 4836 ἧς
590 4767 788 4818 νοεῖται
810 4763 1242 4835 παντοδύναμος,
1275 4765 1370 4817 καὶ
1417 4763 1597 4817 πάντα
1647 4761 1846 4833 ἰσχύων
1870 4801 1884 4827 ,
1912 4761 1989 4825 ὡς

406 4856 474 4909 ἂν
504 4855 572 4909 τά
603 4854 782 4910 πάντα
810 4854 1237 4927 συστησάμενος.
1278 4856 1339 4909 '0
1358 4854 1415 4908 δὲ
1454 4854 1682 4909 Πλάτων
1721 4853 1854 4906 Θεὸν
1891 4852 1989 4906 καὶ

410 4946 587 5010 θεοὺς,
624 4944 776 5017 παρὰ
812 4946 874 4998 τὸ
899 4945 1079 5012 θέειν,
1132 4947 1271 5018 ὅπερ
1323 4946 1442 4999 ἐστὶ
1496 4944 1731 5017 τρέχειν,
1764 4943 1891 5007 τοὺς
1935 4944 1996 4996 ἐν

408 5034 622 5109 οὐρανῷ
645 5035 935 5106 φωστῆρας
962 5035 1259 5107 κεκλῆσθαί
1286 5053 1439 5106 φησι.
1478 5032 1716 5087 Τοιαῦτα
1755 5032 1818 5104 δή
1849 5049 1992 5099 τινα,

410 5127 489 5193 ὡς
521 5131 579 5183 ὲν
603 5127 761 5198 τύπῳ
781 5126 967 5196 φάναι,
989 5126 1058 5180 τά
1080 5127 1211 5199 παρ’
1253 5127 1527 5200 Ἑϐραίοις
1556 5126 1652 5179 καὶ
1682 5123 1832 5197 παρὰ
1852 5124 1998 5177 Πλά-

411 5236 541 5275 τωνι
569 5219 697 5290 περὶ
728 5217 1014 5291 ὀρθώσεως
1043 5219 1321 5290 ὀνομάτων
1343 5218 1719 5291 διηκρίϐωται.
1759 5217 1870 5270 Καὶ
1896 5217 1995 5282 τὰς

414 5313 473 5365 ὲν
523 5308 830 5382 ἀνθρώποις
870 5310 927 5363 δὲ
964 5310 1338 5383 προσηγορίας
1393 5310 1532 5382 μετά
1568 5326 1714 5373 τινος
1757 5308 1997 5373 διανοίας

416 5403 580 5476 φησὶν
606 5406 636 5458 ὁ
659 5403 883 5457 Πλάτων
909 5401 1184 5457 τεθεῖσθαι
1202 5420 1216 5434 ο
1250 5404 1347 5457 καὶ
1374 5404 1464 5457 τόν
1506 5420 1570 5472 γε
1610 5402 1767 5471 λόγον
1813 5401 2000 5455 ἀποδι-

486 5494 534 5527 ⁹⁸
564 5494 711 5551 Psal.
751 5508 872 5560 vm,
913 5493 968 5548 5.

485 5599 513 5629 ι
555 5585 684 5652 Ms.,
711 5581 1228 5654 καταπεπαρμένον.

489 5678 622 5749 (29‘)
664 5676 750 5743 Τῷ
776 5674 1074 5749 ἁνωτᾴτφ.
1136 5673 1229 5728 Sic
1283 5673 1434 5749 editi.
1497 5673 1661 5749 Forte
1720 5672 2009 5742 legendum

421 5748 478 5801 τὸ
510 5742 785 5810 ἀνωτάτω,
816 5746 970 5816 quod
990 5744 1257 5816 referatur
1284 5746 1349 5798 ad
1375 5742 1757 5816 bvom.,Eotr.

490 5798 613 5889 (Ξθῖ
631 5798 798 5887 ἠάρὰ
820 5798 886 5871 id
911 5798 1037 5885 νῆλ.
1063 5814 1247 5873 Recte.
1275 5816 1372 5870 Est
1398 5798 1542 5870 eeim
1573 5798 1669 5875 θτκ
1696 5811 1996 5875 fortitudo:

2092 4600 2168 4647 es,
2199 4581 2350 4652 quod
2381 4581 2555 4649 ignem
2582 4575 2877 4648 signiﬁcat,
2910 4571 3209 4635 derivatur,
3254 4576 3311 4622 ut
3332 4566 3445 4622 .viri
3478 4577 3679 4617 nomen

2094 4676 2162 4730 ab
2192 4673 2368 4730 calida
2395 4682 2450 4728 et
2472 4672 2630 4742 ignea
2660 4669 2761 4723 viri
2794 4676 2991 4721 natura
3018 4663 3248 4718 inditum
3279 4659 3460 4715 fuerit.
3488 4656 3683 4710 Mulier

2092 4782 2244 4832 vero,
2275 4765 2351 4820 uti
2385 4779 2453 4819 ex
2493 4762 2613 4816 viro
2664 4765 2884 4827 sumpta
2933 4754 3274 4825 perhibetur,
3335 4750 3411 4804 ita
3468 4746 3524 4800 in
3559 4746 3681 4814 ejus

2092 4857 2334 4915 nominis
2353 4855 2795 4913 communionem
2819 4858 3012 4906 vocata
3033 4858 3137 4912 est;
3168 4846 3281 4898 issa
3303 4841 3447 4897 enim
3476 4837 3544 4893 ab
3572 4837 3684 4891 illis

2092 4959 2461 5019 nuncupatur,
2491 4956 2553 5002 ut
2578 4948 2661 4999 vir
2696 4946 2764 4998 is.
2792 4944 2863 4997 At
2892 4942 3066 5002 Plato,
3089 4952 3223 4997 ,cum
3257 4933 3449 5005 ἄνδρα,
3485 4930 3680 4994 virum,

2094 5042 2247 5114 παρὰ
2292 5042 2393 5114 τὴν
2433 5039 2547 5094 ἄνω
2592 5039 2741 5110 ῥοήν,
2776 5037 2881 5091 hoc
2914 5041 2999 5088 est
3046 5030 3110 5084 ab
3157 5027 3424 5097 superiore
3468 5021 3685 5091 deﬂuxu

2093 5134 2296 5190 dictum
2315 5148 2436 5188 esse
2456 5130 2712 5194 defendit,
2730 5139 2841 5183 tum
2859 5127 2933 5180 ita
2946 5121 3226 5193 subjungit
3244 5135 3257 5170 :
3280 5137 3298 5168 ι
3318 5116 3459 5186 Γυνή
3479 5122 3683 5176 autem,

2097 5224 2294 5279 mulier
2328 5265 2342 5291 ,
2378 5222 2537 5292 quasi
2561 5221 2718 5291 γονή,
2762 5219 2921 5287 fetus,
2950 5221 3042 5268 aut
3063 5226 3237 5265 semen
3260 5206 3525 5278 appellata
3550 5203 3688 5258 mihi

2101 5319 2336 5374 videtur.
2360 5336 2378 5368 ι
2421 5317 2633 5370 Rursus
2660 5310 2838 5366 Moses
2864 5307 3061 5363 coelum
3096 5316 3224 5357 vere
3256 5316 3319 5354 ac
3352 5296 3569 5368 proprie
3595 5295 3690 5350 ﬁr-

2105 5417 2448 5467 mamentum
2487 5403 2753 5459 Hebraica
2802 5414 2936 5455 voce
2965 5399 3266 5463 nuncupat,
3297 5389 3444 5460 quod
3492 5401 3691 5443 secun-

2120 5671 2262 5725 unde
2307 5666 2549 5722 nascitur
2587 5647 2660 5722 ἢκ
2704 5662 2849 5731 quod
2893 5664 3085 5727 praeter
3112 5651 3502 5719 fortitudinem,
3529 5649 3692 5705 etiam

2109 5742 2325 5807 fortem,
2359 5738 2635 5806 Deumque
2667 5732 2953 5804 signiﬁcat.
