4156 6474
491 361 600 418 859
1161 358 1432 416 EUSEBII
1470 355 1948 413 CAESARIENSIS
1985 354 2134 411 OPP.
2178 354 2359 411 PARS
2392 354 2453 411 Π.
2492 387 2559 398 —-
2596 353 3093 413 APOLOGETICA.
3622 353 3733 410 860

494 485 624 540 dum
656 483 801 539 illam
832 481 1077 552 corporis
1110 489 1383 550 eXpertem
1437 480 1931 549 intelligentemque
1959 494 2056 531 na-

2188 479 2303 531 όναι
2354 480 2635 549 πειρᾶται·
2669 479 2768 530 ούκ
2803 473 2899 530 οἷδ’
2937 477 3084 540 ὅπως
3116 474 3207 528 τὸν
3238 474 3337 544 μὲν
3373 473 3610 543 Ἕκτορα
3638 492 3737 528 κε-

499 587 699 639 turam,
747 576 981 645 primum
1026 574 1191 643 hujus
1236 574 1423 627 mundi
1474 572 1688 625 ﬁrmum
1743 573 1813 625 sit
1864 585 2062 639 corpus

2188 569 2392 640 ελῆσθαι
2422 568 2589 621 εἰπὼν
2634 570 2742 622 ἀπὸ
2792 568 2884 621 τοῦ
2918 567 3059 637 ἔχειν
3093 567 3185 619 καὶ
3224 569 3446 637 κρατεῖν
3471 604 3487 629 ,
3543 566 3629 619 διὰ
3667 567 3739 618 τὸ

498 680 773 734 sensuque
806 672 1139 732 perceptum.
1176 663 1245 716 At
1295 661 1444 715 Plato
1479 662 1580 714 rite
1626 659 1858 731 οὐρανῷ,
1895 660 2021 713 εωιυ
2045 703 2059 725 ,

2188 662 2387 714 ὶασιὶέα
2416 658 2554 714 εἶναι
2580 660 2689 714 τῶν
2718 660 2918 730 Τρώων
2940 678 2953 690 ·
2989 660 3080 712 τὸν
3111 659 3168 711 δὲ
3211 657 3619 729 Ἀγαμέμνονα,
3641 658 3740 713 διὰ

499 756 553 810 id
581 756 816 809 nominis
847 755 1075 808 inditum
1103 769 1222 808 esse
1255 753 1350 816 ait,
1386 752 1529 821 quod
1559 752 1620 805 τὸ
1644 753 1754 806 ἄνω
1778 752 1929 822 ὁρᾷν,
1960 752 2065 806 hoc

2188 752 2223 804 :6
2251 752 2387 820 ἄγαν
2415 753 2612 822 μένειν,
2654 751 2747 804 καὶ
2774 755 2886 814 τοῖς
2913 750 3094 815 δόξασι
3134 749 3284 821 παρὰ
3317 762 3343 789 ι
3371 749 3480 803 τῶν
3527 750 3743 821 Τρώων

498 856 581 899 est
616 847 696 899 uti
722 846 1072 915 suspiciamus
1108 845 1320 899 eﬁiciat.
1361 844 1565 898 Hebraei
1610 859 1805 897 nomen
1840 859 2066 897 summa:

2188 844 2392 908 ,ὐτὸνως
2422 846 2515 897 καὶ
2539 843 2819 914 καρτερῶς
2850 842 3214 914 παραμένειν·
3246 842 3335 895 τὸν
3361 843 3419 896 δὲ
3448 843 3740 915 Ὀρέστην,

498 938 649 991 illius
701 935 792 991 Dei
832 946 1038 991 naturae
1066 938 1371 1005 proprium,
1411 951 1511 989 nec
1542 936 1650 988 ulla
1700 951 1834 989 voce
1863 950 2065 1003 reprae-

2188 936 2252 988 ῑιὰ
2277 937 2335 989 τὸ
2367 936 2589 1007 ὀρεινὸν,
2619 935 2711 987 καὶ
2738 937 2945 1006 ἄγριον,
2972 935 3066 987 καὶ
3091 934 3353 1005 θηριῶδες
3379 934 3472 987 τοῦ
3502 935 3740 1006 τρόπου·

498 1028 728 1091 sentari,
782 1043 881 1082 nec
914 1027 1080 1080 animi
1115 1028 1442 1097 cogitatione
1472 1026 1858 1095 comprehendi
1908 1040 2067 1093 posse

2188 1025 2261 1078 ιαὶ
2295 1025 2384 1077 τὸν
2419 1024 2517 1094 μὲν
2556 1024 2768 1094 Ἀτρέα,
2803 1021 2890 1075 διὰ
2916 1022 2975 1075 τὸ
3001 1023 3199 1093 ἀτηρὸν
3224 1041 3344 1077 τινα
3374 1023 3653 1091 γεγονέναι
3677 1021 3751 1077 τὸ

501 1136 628 1175 cum
657 1128 923 1184 statuant,
956 1122 1099 1190 quod
1128 1137 1155 1173 a
1184 1122 1344 1175 nobis
1369 1109 1462 1175 Dei
1486 1121 1705 1174 nomine
1726 1121 2065 1188 exprimitur,

2188 1114 2294 1187 ᾖθος
2315 1133 2327 1144 ·
2352 1115 2441 1167 τὸν
2473 1114 2527 1167 δὲ
2564 1114 2801 1176 Πέλοπα,
2827 1107 2938 1165 οἷόν
2968 1130 3089 1165 τινα
3118 1114 3177 1165 ού
3223 1112 3291 1166 τά
3333 1115 3521 1184 πόρρω
3541 1152 3555 1170 .
3595 1112 3750 1167 ἀλλὰ

501 1212 557 1266 id
590 1213 768 1281 ipsum
816 1211 987 1267 Eloim
1022 1213 1202 1266 dicere
1235 1220 1656 1275 consueverunt,
1703 1212 1772 1265 ab
1805 1212 1873 1277 et,
1904 1220 1962 1265 ut
1988 1212 2071 1264 vi-

501 1301 680 1366 detur,
710 1300 854 1368 quod
905 1301 1044 1370 apud
1104 1302 1224 1355 illos
1271 1302 1430 1354 robur
1459 1311 1865 1370 potestatemque
1898 1302 2066 1370 signi-

502 1388 650 1452 ﬁcat,
684 1397 742 1443 ut
774 1389 866 1441 Dei
904 1406 1099 1445 nomen
1126 1392 1265 1460 apud
1296 1392 1439 1461 ipsos
1469 1394 1538 1445 ab
1563 1392 1680 1462 ejus
1716 1400 1980 1461 potestate
2007 1407 2071 1446 ac

502 1481 701 1535 robore
727 1480 1021 1548 derivetur,
1057 1484 1201 1536 unde
1242 1483 1390 1536 illum
1424 1484 1606 1537 omnia
1637 1484 1860 1537 omnino
1888 1498 2067 1552 posse,

506 1578 694 1639 utpote
742 1570 836 1640 qui
876 1573 1098 1627 molitus
1147 1575 1328 1627 omnia
1364 1573 1546 1638 fuerit,
1578 1574 1948 1643 intelligimus.
2005 1575 2073 1628 At

504 1660 659 1716 Plato
703 1661 870 1717 Deum
907 1675 1069 1734 atque
1095 1664 1247 1730 deos,
1280 1665 1410 1718 Θεὸν
1445 1667 1538 1718 καὶ
1559 1665 1734 1729 θεούς,
1764 1668 2074 1722 nominatos

503 1766 627 1805 esse
674 1753 919 1818 mavult,
950 1755 1095 1823 quod
1141 1756 1229 1808 illa
1277 1757 1398 1809 mali
1449 1756 1623 1810 sidera
1677 1757 1838 1823 θέειν,
1880 1759 1933 1812 id
1968 1767 2070 1821 est,

504 1858 735 1906 currere,
760 1844 1064 1901 videamus.
1099 1846 1276 1915 Atque
1323 1846 1396 1900 ita
1446 1846 1653 1902 llebrtei
1700 1848 1861 1901 simul
1910 1859 2072 1917 atque

505 1933 699 2002 Plato;
753 1951 864 1990 rem
907 1939 1050 1993 enim
1099 1940 1452 1993 adumbrasse
1500 1940 1635 1994 satis
1665 1949 1767 2003 est,
1822 1941 1888 1995 de
1926 1950 2071 1995 recta

508 2026 792 2080 nominum
826 2029 1171 2096 impositione
1200 2039 1523 2085 statuerunt.
1552 2030 1693 2096 Quin
1732 2031 1893 2085 etiam
1927 2032 2073 2100 ipsas

506 2131 726 2186 quoque
772 2118 1052 2173 hominum
1099 2122 1487 2190 appellationes
1532 2131 1678 2177 certo
1726 2123 1956 2177 consilio
2000 2126 2078 2176 in-

507 2208 649 2262 ditas
680 2207 850 2264 fuisse
896 2206 1049 2264 Plato
1103 2212 1411 2276 continuat,
1462 2221 1515 2267 et
1564 2215 1832 2269 rationem
1887 2230 2074 2269 earum

506 2299 747 2367 aliquam
798 2299 991 2354 aﬁerre
1048 2310 1295 2356 conatur.
1345 2303 1529 2372 Itaque
1564 2303 1843 2359 Hectorem
1895 2306 2079 2360 nescio

509 2402 620 2457 quo
651 2397 841 2455 pacto,
875 2389 1019 2457 quod
1069 2406 1164 2443 res
1214 2388 1575 2459 Troianorum
1628 2399 1793 2454 esset,
1846 2391 1954 2444 ἀπὸ
1984 2390 2079 2444 τοῦ

510 2478 654 2549 ἔχειν
696 2482 789 2534 καὶ
831 2484 1072 2551 κρατεῖν,
1105 2498 1226 2551 quae
1257 2483 1444 2537 habere
1475 2500 1536 2536 ac
1575 2484 1838 2553 imperare
1877 2483 2081 2553 signiﬁ—

510 2582 659 2637 cant,
720 2575 1049 2643 appellatum
1113 2590 1234 2630 esse
1285 2575 1567 2644 coniicit;
1618 2576 2081 2646 Agamemnonem

512 2664 681 2736 518
708 2682 856 2731 vero,
885 2666 973 2720 διά
1004 2666 1066 2719 τὸ
1103 2667 1240 2735 ἄγαν
1282 2668 1483 2738 μένειν,
1528 2671 1670 2738 quod
1702 2669 1927 2722 nimium
1957 2682 2083 2737 per-

513 2759 751 2822 sisteret,
781 2768 945 2828 atque
978 2761 1029 2814 in
1067 2762 1153 2827 iis,
1180 2777 1302 2830 qua:
1328 2762 1589 2816 adversus
1609 2760 1876 2831 Trojanos
1900 2776 2085 2817 susce-

513 2859 688 2920 perat,
745 2852 991 2907 consiliis
1040 2854 1270 2908 tirmiter
1323 2854 1616 2909 admodum
1667 2863 1722 2909 et
1772 2862 2086 2908 constanter

514 2945 764 3000 haereret.
791 2946 882 3001 Sic
902 2944 1169 3011 Orestem,
1187 2946 1275 2999 διὰ
1289 2947 1350 3000 τὸ
1373 2947 1600 3019 ὀρεινόν,
1621 2948 1766 3017 quod
1789 2946 2082 3008 montanis,

513 3034 621 3089 hoc
664 3043 748 3090 est
797 3036 1101 3106 agrestibus
1159 3053 1223 3092 ac
1270 3036 1505 3103 ferinis;
1567 3039 1789 3091 Atreum
1821 3076 1835 3101 ,
1883 3035 1971 3089 διὰ
2026 3036 2086 3087 τὸ

2172 1208 2307 1278 μόνα
2336 1206 2403 1260 τά
2432 1206 2599 1269 πέλας
2630 1205 2723 1259 καὶ
2752 1206 2916 1274 ἐγγὺς
2946 1204 3155 1275 ὁρῶντα
3173 1221 3187 1235 ’
3224 1204 3315 1257 τὸν
3360 1205 3417 1257 δὲ
3461 1204 3752 1258 Τάνταλον

2167 1298 2498 1352 ταλάπατὸν
2528 1315 2646 1350 τινα
2674 1314 2839 1367 φησι,
2872 1297 2963 1349 διὰ
3002 1297 3069 1349 τά
3110 1296 3235 1367 περὶ
3271 1296 3430 1349 αὑτὸν
3468 1295 3753 1366 δυστυχή-

2174 1409 2337 1462 ματα,
2361 1390 2663 1461 σημαίνειν.
2706 1388 2889 1442 Ταῦτα
2921 1391 3013 1442 καὶ
3045 1388 3111 1442 τὰ
3137 1388 3361 1443 τοιαῦτα
3392 1388 3559 1459 μυρία
3601 1389 3755 1443 ἄλλα

2172 1484 2350 1554 εὕροις
2380 1483 2444 1536 ἂν
2487 1483 2751 1553 εἰρημένα
2800 1481 2873 1551 τῷ
2904 1483 3182 1540 Πλάτωνι.
3235 1480 3393 1550 φύσει
3444 1480 3750 1545 τεθεῖσθαι,

2172 1574 2284 1628 ἁλλ’
2309 1576 2369 1627 ού
2400 1573 2543 1627 θέσει
2571 1577 2682 1637 τοῖς
2707 1574 2941 1645 πρώτοις
2962 1573 3028 1627 τά
3061 1574 3297 1643 ὀνόματα
3325 1573 3596 1626 διδάσκειν
3623 1590 3755 1625 πει-

2177 1666 2420 1736 ρωμένῳ.
2471 1665 2607 1717 Ἀλλ’
2646 1666 2705 1717 ού
2748 1666 2841 1718 καὶ
2873 1665 2940 1717 τά
2980 1664 3129 1733 παρὰ
3166 1666 3355 1717 Μωσεῖ
3407 1664 3753 1735 βεϐιασμένα

2173 1756 2238 1809 ἂν
2269 1757 2469 1819 εἴποις,
2503 1757 2623 1808 οὐδέ
2656 1773 2718 1824 γε
2770 1752 2912 1809 κατά
2946 1773 3067 1808 τινα
3110 1755 3424 1825 σοφιστικὴν
3469 1755 3756 1827 εὑρεσιλο-

2173 1848 2298 1915 γίαν
2332 1847 2702 1917 πεποιημένα·
2742 1847 2948 1917 μαθὼν,
2976 1848 3050 1911 ὡς
3077 1850 3105 1901 6
3154 1848 3252 1918 μὲν
3296 1849 3424 1920 παρ’
3472 1847 3755 1919 Ἑϐραίοις

2174 1941 2311 1993 Κάῖν
2354 1939 2513 2008 ζῆλος
2557 1940 2683 2009 παρ’
2732 1938 2958 2008 Ἕλλησι
3013 1937 3515 2008 μεταλαμϐάνεται·
3548 1937 3752 1991 τούτου

2173 2032 2217 2086 δ’
2255 2032 2458 2102 ἠξιώθη
2501 2031 2594 2084 τοῦ
2647 2033 3031 2101 προσρήματος
3059 2032 3087 2083 6
3139 2030 3465 2101 δηλούμενος
3490 2070 3503 2092 ,
3537 2029 3631 2083 διὰ
3692 2030 3755 2083 τὸ

2177 2122 2413 2194 ζηλῶσαι
2444 2123 2532 2174 τὸν
2564 2122 2788 2190 ἀδελφὸν
2821 2123 2911 2173 τὸν
2942 2120 3126 2173 Ἅϐελ.
3152 2122 3262 2174 Kal.
3290 2122 3318 2173 6
3358 2120 3523 2173 Ἀϐελ
3569 2121 3632 2175 δὲ
3662 2122 3758 2192 ἐρ·-

2181 2215 2469 2285 μηνεύεται
2512 2213 2703 2276 πένθος
2726 2254 2739 2277 ,
2765 2212 2858 2266 τοῦ
2895 2213 3094 2266 τοιοῦδε
3138 2213 3342 2277 πάθους
3362 2211 3606 2282 γεγονὼς
3658 2214 3756 2266 καὶ

2178 2306 2337 2369 αὐτὸς
2368 2308 2479 2369 τοῖς
2510 2305 2756 2373 γονεῦσιν
2784 2304 2987 2368 αἴτιος,
3026 2304 3076 2356 οἳ
3116 2304 3257 2358 κατά
3306 2322 3428 2358 τινα
3467 2303 3757 2375 θειοτέραν

2180 2397 2518 2467 προμήθειαν
2538 2396 2846 2467 γενομένοις
2883 2399 2994 2460 τοῖς
3039 2397 3196 2450 παισὶ
3232 2396 3433 2461 ταύτας
3481 2396 3755 2451 τέθεινται

2179 2488 2279 2552 τάς
2310 2488 2641 2559 ἐπωνυμίας.
2675 2489 2740 2540 Τί
2768 2488 2812 2540 δ’
2840 2490 2892 2542 εῖ
2910 2506 2990 2542 σοι
3012 2490 3101 2542 τὸν
3143 2488 3392 2560 ’Ἀϐραάμ
3427 2489 3541 2560 (51)
3574 2506 3757 2561 παρα-

2183 2582 2436 2652 φέροιμι;
2491 2580 2907 2653 Μετεωρολόγος
2969 2597 3053 2644 τις
3102 2571 3293 2644 οὗτος,
3347 2579 3441 2633 καὶ
3495 2579 3597 2651 τῆς
3644 2580 3756 2634 τῶν

2183 2674 2398 2744 ἄστρων
2446 2672 2699 2744 θεωρίας,
2752 2671 2860 2725 τῶν
2904 2689 2963 2725 τε
3010 2670 3129 2725 κατ’
3157 2670 3381 2742 οὐρανὸν
3410 2670 3759 2743 μαθημάτων

2183 2766 2418 2836 εἰδήμων
2456 2764 2515 2817 τὸ
2567 2765 2715 2836 πρὶν,
2755 2765 2843 2817 ὅτε
2898 2766 2997 2834 τῆς
3044 2762 3354 2834 Χαλδαῖκῆς
3412 2766 3755 2834 μετεποιεῖτο

2186 2856 2397 2925 σοφίας,
2428 2854 2685 2924 γεγονὼς,
2727 2854 2938 2925 Ἀϐράμ
2962 2854 3240 2908 ἐκαλεῖτοσ
3283 2847 3440 2909 τοῦτο
3480 2855 3524 2908 δ’
3562 2855 3751 2925 Ἐλλή-

2185 2963 2291 2999 νων
2334 2949 2481 3017 φωνῇ
2523 2945 2737 3017 πατέρα.
2770 2944 3038 3016 μετέωρον
3083 2944 3357 3015 σημαίνει.
3403 2945 3540 2998 Ἀλλ’
3565 2947 3594 2998 6
3620 2943 3767 3008 856;

2184 3054 2248 3106 γε
2275 3038 2458 3099 αὐτὸν,
2490 3036 2597 3092 τῶν
2628 3038 2755 3107 τῇδε
2785 3037 2877 3089 ἐπὶ
2901 3036 2969 3089 τά
2995 3035 3232 3107 ἐπιφανῆ
3273 3038 3367 3090 καὶ
3401 3036 3508 3114 τῶν
3539 3036 3761 3109 ὁρωμέ-

515 3129 760 3201 ἁτηρόν,
819 3131 964 3199 quod
1016 3130 1339 3200 perniciosis
1390 3146 1454 3186 ac
1502 3128 1778 3200 pestiferis
1840 3128 2085 3184 moribus

2188 3149 2292 3186 νων
2321 3131 2577 3186 ἐπέκεινα
2598 3130 2871 3202 προάγων,
2902 3129 3173 3201 εὐθυϐόλῳ
3202 3129 3466 3201 κέχρηται
3514 3146 3775 3201 μετωνυ-

516 3229 663 3276 esset
695 3239 708 3283 ;
735 3220 1006 3292 Pelopem,
1032 3224 1178 3293 quod
1207 3239 1314 3278 non
1345 3239 1430 3286 ea,
1459 3238 1579 3293 quae
1608 3231 1813 3278 semota
1845 3221 2081 3292 longius,

517 3312 611 3366 sed
640 3327 704 3366 ea
734 3313 1016 3377 duntaxat,
1064 3329 1186 3382 quae
1231 3314 1420 3377 πέλας,
1473 3315 1575 3368 hoc
1603 3324 1683 3368 est
1711 3313 2087 3383 propinquiora

516 3413 723 3468 essent,
754 3405 963 3459 videret
988 3424 1002 3471 ;
1030 3403 1316 3460 Tantalum
1344 3406 1501 3474 quasi
1526 3405 1873 3469 ταλάντατον,
1904 3406 2090 3458 miser-

518 3509 737 3560 rimum,
769 3494 838 3547 ob
867 3510 1078 3561 earum,
1107 3495 1307 3566 quibus
1356 3510 1656 3565 oppressus
1684 3506 1786 3561 est,
1842 3496 2089 3551 miseria-

520 3599 643 3638 rum
694 3586 1146 3653 magnitudinem.
1186 3587 1294 3640 lsta
1329 3586 1547 3655 quidem
1579 3587 1794 3655 aliaque
1836 3596 2089 3640 sexcenta

523 3694 554 3731 a
586 3677 813 3732 Platone
842 3678 985 3732 dicta
1012 3679 1271 3746 reperias,
1295 3677 1493 3746 quibus
1521 3678 1740 3730 nomina
1773 3675 1962 3744 primis
1986 3674 2092 3729 illis

521 3769 839 3825 hominibus
869 3784 976 3823 non
1010 3785 1107 3839 pro
1151 3768 1398 3836 arbitrio,
1451 3769 1543 3823 sed
1597 3784 1696 3837 pro
1724 3776 1932 3821 natura:
1959 3782 2091 3822 con-

523 3861 730 3916 ditione
760 3862 1013 3930 imposita
1050 3863 1245 3916 docere
1275 3869 1522 3916 conatur.
1556 3860 1625 3913 At
1655 3861 1931 3913 enimvero
1973 3874 2093 3926 quae

523 3953 666 4021 apud
694 3950 880 4007 Mosen
914 3953 1185 4021 leguntur,
1210 3966 1273 4005 ea
1301 3966 1578 4019 nunquam
1613 3958 1704 4003 aut
1737 3959 1922 4004 coacta
1951 3949 2096 4003 dixe-

524 4045 624 4107 ris,
649 4051 743 4097 aut
774 4052 962 4112 arguta
987 4044 1077 4096 illa
1107 4043 1475 4111 sophistarum
1507 4042 1561 4095 in
1594 4040 1855 4095 cudendis
1885 4040 2094 4094 voculis

524 4145 642 4190 arte
694 4134 945 4190 conﬁcta.
1002 4134 1280 4205 Agnosces
1333 4132 1622 4195 videlicet,
1675 4146 1837 4200 quem
1884 4128 2093 4185 Hebrzei

523 4228 751 4282 Cainum
781 4233 996 4287 vocant,
1045 4223 1437 4278 wnmlationem
1469 4223 1608 4291 apud
1638 4220 1855 4276 Graecos
1886 4222 2094 4291 signiﬁ-

524 4334 671 4383 care,
713 4332 823 4387 quo
854 4316 1074 4370 nomine
1107 4315 1409 4384 appellatus
1440 4314 1683 4368 nefarius
1717 4314 1881 4367 homo
1910 4312 2092 4379 fuerit,

523 4407 671 4477 quod
709 4408 968 4462 adversus
998 4404 1218 4459 fratrem
1251 4404 1597 4458 aemulatione
1639 4402 1955 4472 invidiaque
1998 4402 2095 4456 ﬂa—

2191 3226 2351 3297 μίᾳ,‹
2374 3224 2607 3287 Οὐκέτι,
2665 3223 2879 3293 φήσας.
2932 3220 3260 3293 κληθήσεται
3317 3222 3379 3274 τὸ
3427 3219 3597 3290 ὄνομά
3663 3236 3781 3273 σους

2198 3316 2430 3388 Ἀϐράμ,
2458 3314 2593 3369 ἀλλὰ
2638 3312 2886 3385 Ἀϐραάμ
2918 3311 3068 3365 ἔσται
3093 3312 3152 3365 τὸ
3178 3311 3347 3383 ὄνομά
3375 3329 3467 3366 σου
3489 3351 3504 3377 ,
3535 3312 3616 3365 ὅτι
3651 3327 3756 3364 πα-

2187 3411 2320 3481 τέρα
2349 3408 2554 3462 πολλῶν
2607 3407 2799 3462 ἐθνῶνι
2819 3405 3038 3460 τέθεικά
3065 3422 3145 3460 σε.
3185 3423 3204 3458 ι
3268 3405 3436 3460 Τοῦτο
3487 3403 3534 3457 δ’
3566 3402 3769 3467 ὁποίας·

2188 3500 2369 3571 ἔχεται
2393 3499 2650 3562 διανοίας,
2689 3496 2896 3570 μακρὸς
2951 3497 3016 3551 ἂν
3043 3497 3127 3569 εἴη
3162 3495 3334 3565 λόγος.
3388 3491 3655 3564 ’Δπαρκεϊ
3696 3491 3768 3544 δὲ’

2190 3593 2293 3646 κάν
2319 3592 2494 3661 τούτῳ
2522 3592 2612 3644 τὸν
2638 3590 2898 3644 Πλάτωνα
2929 3589 3177 3662 μάρτυρα
3205 3586 3298 3643 τοῦ
3325 3586 3482 3655 λόγου
3524 3581 3779 3656 παραθέο

2194 3683 2335 3748 σθαι,
2380 3684 2484 3736 ὑπὸ
2514 3682 2789 3753 θειοτέρας
2828 3681 3106 3752 δυνάμεως
3153 3678 3268 3733 ἔνια
3312 3676 3417 3731 τῶν
3472 3676 3762 3746 ὀνομάτων

2190 3773 2463 3827 τεθεῖσθαι
2508 3774 2763 3842 φάμενον.
2815 3772 2977 3840 Λέγει
3026 3768 3070 3823 δ’
3124 3764 3215 3823 οὖν
3267 3770 3445 3832 αὐτοῖς
3498 3767 3758 3838 ῥήμασιν-

2199 3885 2217 3917 (
2264 3863 2654 3918 Ἐσπουδάσθαι
2701 3863 2810 3936 γάρ
2862 3862 3092 3917 ἐνταῦθα
3151 3861 3383 3932 μάλιστα
3416 3859 3614 3930 πρέπει
3660 3856 3768 3927 τὴν

2195 3957 2340 4010 θέσιν
2362 3957 2468 4009 τῶν
2494 3956 2772 4025 ὀνομάτων
2790 3972 2803 3985 ο
2834 3956 2963 4018 ἴσως
2977 3955 3033 4007 δὲ
3056 3953 3172 4008 ἔνια
3197 3952 3374 4007 αύτῶν
3391 3951 3484 4003 καὶ
3510 3949 3615 4002 ὑπὸ
3630 3947 3763 3999 θειο-

2194 4048 2357 4118 τέρας
2376 4047 2702 4117 δυνάμεωςῆ
2726 4048 2823 4116 τῆς
2841 4044 2949 4098 τῶν
2965 4044 3268 4117 ἀνθρώπων
3289 4039 3542 4110 ἐγενήθη.
3558 4058 3577 4089 t
3596 4036 3778 4090 Τοῦτό·

2193 4139 2257 4208 γέ
2279 4156 2359 4192 τοι
2378 4140 2508 4192 αὐτὸ
2522 4137 2609 4191 διὰ
2626 4138 2883 4190 πλειόνων
2906 4137 3001 4190 καὶ
3030 4138 3063 4205 ἡ
3089 4137 3218 4204 παρ’
3242 4132 3511 4204 Ἑϐραίοις
3531 4129 3651 4201 ἱερᾶ
3681 4145 3768 4181 πι-

2196 4232 2412 4286 στοῦται
2446 4232 2656 4303 Γραφή·
2683 4230 2898 4303 πρῶτός
2940 4244 2998 4280 τε
3034 4228 3239 4295 Μωσῆς
3276 4222 3552 4283 ἁπάντων,
3605 4221 3664 4283 ὃς
3709 4223 3773 4273 ὲκ

2196 4324 2471 4395 θειοτέρας
2486 4323 2763 4393 δυνάμεως
2788 4320 2876 4373 τὸν
2901 4316 3169 4390 Ἀϐραὰμ,
3187 4315 3280 4366 καὶ
3294 4312 3384 4364 τὸν
3395 4311 3586 4364 τούτου
3608 4311 3770 4364 παῖδα

2194 4414 2285 4467 τὸν
2327 4412 2531 4479 Ἰσαὰκ,
2577 4411 2672 4466 καὶ
2702 4410 2782 4463 ἔτι
2821 4410 2912 4463 τὸν
2965 4403 3178 4477 Ἰσραὴλ
3235 4400 3626 4469 ἐπωνομάσθαι
3667 4403 3773 4455 66t-

523 4510 706 4571 grarcl‘.
735 4518 749 4566 ;
790 4499 1005 4554 Abelem
1036 4509 1223 4553 contra
1245 4497 1444 4550 lactant
1473 4511 1688 4559 sonare,
1722 4496 1865 4564 quod
1898 4511 2086 4565 parem

2201 4502 2347 4568 δαξε.
2394 4503 2569 4566 Γέλως
2590 4503 2646 4556 δὲ
2684 4503 2712 4555 6
2759 4500 2945 4555 Ἰσαάκ
2999 4492 3381 4568 ἑρμηνεύεται,
3438 4493 3500 4544 τὸ
3529 4493 3632 4562 τῆς
3686 4495 3771 4546 ὲν-

524 4592 675 4646 tibus
704 4592 820 4646 suis
846 4591 1049 4644 luctum
1087 4589 1361 4643 attulisset
1397 4606 1410 4642 :
1447 4588 1539 4657 qui
1572 4587 1839 4641 diviniore
1857 4587 2095 4656 quodam

524 4682 784 4737 instinctu
819 4664 1155 4750 consilioque
1190 4679 1419 4749 permoti
1454 4679 1722 4750 ejusmodi
1766 4679 1953 4735 liberis
1982 4679 2097 4733 suis

526 4776 749 4829 nomina
785 4774 1098 4828 indidetint.
1132 4772 1273 4839 Quid
1297 4772 1340 4827 si
1370 4772 1741 4827 Abrahamum
1772 4769 2047 4840 proferam
2075 4768 2099 4822 Ἰ

525 4866 620 4922 Ille
667 4867 925 4920 nimirum
974 4875 1153 4927 antea,
1201 4864 1329 4919 dum
1377 4865 1697 4934 sapientiam
1747 4862 2097 4917 Chaldaicam

527 4958 896 5029 proﬁteretur,
927 4958 982 5012 in
1018 4974 1201 5013 rerum
1233 4959 1576 5028 superiorum
1603 4957 1974 5027 disputatione
2000 4970 2097 5011 oc-

526 5057 779 5118 cupatus,
819 5058 983 5119 atque
1011 5048 1064 5103 in
1099 5049 1361 5117 siderum,
1389 5064 1618 5119 quatque
1653 5049 1720 5102 ad
1746 5047 1943 5101 ccelum
1976 5062 2101 5115 per-

527 5144 722 5210 tinent,
759 5143 1005 5197 omnium
1059 5143 1521 5211 contemplatione
1574 5140 1851 5204 assiduus,
1897 5138 2097 5192 Abram

528 5235 865 5299 vocabatur,
916 5249 1038 5303 quae
1074 5250 1181 5289 vox
1227 5233 1413 5289 Graece
1473 5232 1761 5288 sublimem
1820 5238 2098 5299 parentem

528 5324 819 5395 signiﬁcat.
856 5327 922 5380 At
957 5325 1121 5391 Deus,
1158 5341 1283 5380 cum
1312 5324 1561 5379 eumdem
1597 5340 1628 5377 a
1659 5338 1839 5377 rerum
1888 5332 2102 5375 nostra-

529 5432 651 5472 rum
683 5417 1098 5483 consuetudine,
1120 5418 1184 5472 ad
1214 5417 1572 5472 illustriorum
1605 5416 1845 5479 illarum,
1874 5427 2101 5483 quaeque

531 5508 891 5578 aspectabilcs
924 5523 1115 5563 omnes
1152 5514 1434 5577 superant,
1467 5504 1857 5562 commercium
1906 5504 2102 5559 evelle-

601 5653 631 5683 ι
670 5639 829 5694 Forte
851 5641 1008 5694 κατά.

2201 4593 2393 4664 αρέτου
2425 4594 2596 4662 χαρᾶς
2614 4590 2945 4660 ἐπαγόμενος
2974 4583 3257 4655 σύμϐολον,
3286 4582 3352 4652 ἢν
3370 4583 3483 4644 τοῖς
3500 4581 3714 4650 θεοφιλέ
3724 4599 3787 4635 σι·

2200 4685 2367 4756 γέρας
2404 4683 2677 4753 ἐξαίρετον
2730 4680 2918 4735 δώσειν
2951 4680 2978 4731 ὁ
3026 4676 3157 4738 Θεὸς
3199 4671 3553 4741 ἐπήγγελται.
3623 4674 3681 4726 '0
3721 4672 3777 4725 δὲ

2193 4776 2380 4829 τούτου
2408 4780 2534 4839 παῖς
2580 4772 2813 4844 Ἰσραὴλ,
2836 4769 2903 4843 ἦν
2940 4771 3036 4840 μὲν
3067 4768 3128 4822 τὸ
3174 4766 3302 4837 πρὶν
3347 4763 3408 4817 τὸ
3433 4764 3529 4817 τοῦ
3583 4764 3779 4818 Ἰακὼϐ

2195 4869 2365 4939 ὄνομα
2386 4866 2834 4938 ἐπενηνεγμένος,
2856 4865 2975 4919 ἀντὶ
2994 4864 3050 4917 δὲ
3078 4860 3168 4915 τοῦ
3197 4856 3391 4913 Ἰακὼϐ
3417 4859 3446 4911 6
3469 4857 3606 4922 Θεὸς
3628 4856 3779 4927 αὐτῷ

2196 4962 2257 5014 τὸ
2284 4960 2377 5013 τοῦ
2412 4957 2627 5030 Ἰσραὴλ
2672 4956 2845 5027 ὄνομα
2894 4955 3169 5026 δωρεῖται,
3236 4949 3326 5002 τὸν
3388 4949 3636 5020 άσκητὴν
3687 4950 3782 5003 καὶ

2200 5050 2501 5123 πρακτικὸν
2563 5050 2654 5103 ἐπὶ
2712 5049 2803 5101 τὸν
2879 5041 3211 5117 θεωρητικὸν
3273 5041 3778 5112 μεταστησάμενος.

2204 5142 2535 5217 Πτερνιστὴς
2562 5140 2670 5212 γὰρ
2691 5142 2720 5194 6
2759 5138 2951 5193 Ἰακὼϐ
3008 5132 3389 5209 ἑρμηνεύεται,
3431 5131 3508 5196 ὡς
3536 5133 3628 5185 τὸν
3656 5133 3781 5205 άρεο

2204 5236 2303 5307 τῆς
2333 5231 2568 5287 ὲναθλῶν
2595 5229 2801 5299 ἀγῶνα·
2852 5226 3069 5300 Ἰσραὴλ
3100 5225 3158 5278 δὲ
3202 5220 3344 5294 ὀρῶν
3389 5222 3545 5286 θεὸν,
3601 5224 3784 5285 ὁποῖος

2207 5325 2272 5378 ἂν
2300 5323 2384 5393 εἴη
2408 5325 2435 5376 6
2457 5320 2755 5391 γνωστικὸς
2774 5318 2867 5373 καὶ
2890 5313 3222 5388 θεωρητικὸς
3253 5311 3311 5363 ὲν
3341 5310 3617 5383 ἀνθρώπῳ
3636 5311 3781 5375 νοῦς.

2207 5414 2272 5466 Τί
2310 5428 2378 5481 με
2414 5411 2494 5464 δεῖ
2536 5410 2631 5462 νῦν
2669 5408 2762 5461 τοῦ
2798 5406 3073 5474 πανσόφου
3118 5397 3364 5460 Μωσέως
3387 5436 3401 5460 ,
3432 5396 3464 5468 ἢ
3495 5397 3604 5451 τῶν
3652 5395 3782 5467 παρ’

2219 5500 2488 5576 Ἑϐραίοις
2513 5499 2677 5569 ἱερῶν
2708 5498 2902 5566 λόγων,
2936 5493 3023 5548 διὰ
3060 5490 3268 5564 μυρίων
3295 5487 3470 5542 ἄλλων
3502 5485 3599 5560 τὴν
3633 5486 3787 5548 ὀρθό-

605 5758 715 5830 (5|)
748 5758 863 5812 Τὸν
904 5755 1145 5827 Ἀόίίιάμ
1199 5755 1334 5813 Vide
1383 5773 1503 5827 qua:
1544 5757 1720 5813 obiter
1750 5770 1915 5826 supra
1946 5754 2276 5817 notavimus,
2310 5765 2430 5820 pag.
2462 5744 2585 5814 420,
2618 5746 2683 5803 de
2713 5743 2988 5799 Abraham
3018 5737 3261 5795 nomine.
