4156 6414
366 332 461 387 861

1520 324 1839 381 PIUEPAR.
1881 322 2134 379 EVANG.
2192 320 2320 375 LIB.
2350 315 2441 373 XI.

3497 308 3602 364 862

368 458 504 515 τητιι
535 442 634 512 τῆς
672 438 778 494 τῶν
824 438 1037 493 οἰκείων
1085 438 1364 509 ὀνομάτων
1410 437 1608 502 θέσεως
1658 436 1937 502 ἐξαπλοῦν,

2061 443 2144 499 'et,
2197 439 2654 503 percpportunam
2690 428 2810 498 ejus
2838 426 3091 489 nominis
3128 423 3481 479 mutationem
3518 422 3603 475 in-

374 532 712 605 μακροτὲρας
774 532 968 602 σχολῆς
1003 528 1266 599 δεομένων
1298 528 1404 581 τῶν
1460 529 1597 580 κατὰ
1628 529 1717 581 τὸν
1739 528 1935 591 τόπον;

367 625 573 682 Αὐτίκα
594 624 658 695 δὴ
682 623 775 677 καὶ
804 623 911 676 τῶν
964 622 1193 695 πρώτων
1226 620 1323 691 τῆς
1373 620 1763 691 γραμματικῆς
1798 636 1940 671 στοι-

366 717 527 789 χείων
552 715 807 787 ’Έλληνες
832 714 930 783 μὲν
957 715 1056 766 οὐκ
1107 712 1172 766 ἂν
1220 712 1391 782 ἔχοιεν
1447 712 1545 774 τὰς
1588 709 1939 780 ἐτυμολογίας

368 811 559 871 εἰπεῖν,
585 806 693 859 οὐδ’
719 806 880 869 αὑτός
912 807 962 872 γ’
992 804 1056 858 ἂν
1085 804 1216 874 φαίη
1242 804 1464 856 Πλάτων
1490 802 1581 854 τὸν
1603 800 1756 870 λόγον
1782 800 1814 871 ἢ
1846 799 1938 853 τὸν

367 898 621 969 λογισμὸν
646 896 753 950 τῶν
782 896 1122 966 φωνηέντων,
1141 894 1173 963 ἢ
1195 894 1300 947 τῶν
1323 891 1642 964 συμφώνων·
1674 888 1939 961 Ἐϐραίων

367 992 413 1045 δ’
439 989 504 1045 ἂν
528 991 727 1045 εἴποιεν
758 988 944 1051 παῖδες
970 987 1062 1041 τοῦ
1087 1005 1146 1040 τε
1182 986 1324 1056 ἄλφα
1353 986 1449 1057 τὴν
1497 985 1696 1046 αἰτίαν,
1726 984 1754 1037 ὃ
1806 985 1936 1055 παρ’

368 1082 549 1145 αὐτοῖς
574 1081 817 1135 καλεῖται
850 1078 977 1147 ἂλφ,
1011 1079 1168 1132 τοῦτο
1187 1078 1243 1131 δὲ
1272 1077 1524 1147 σημαίνει
1566 1076 1817 1147 μάθησιν·
1847 1076 1940 1128 καὶ

367 1174 458 1228 τοῦ
492 1174 645 1245 βῆτα,
661 1173 798 1243 ὅπερ
948 1169 1100 1240 φίλον
1129 1171 1312 1234 αὐτοῖς
1341 1167 1943 1240 προσαγορεύειν,οὓτω

367 1269 424 1321 δὲ
452 1267 543 1320 τὸν
569 1263 713 1319 οἷκον
738 1264 1112 1335 ὀνομάζουσιν
1143 1261 1281 1315 ὥστε
1300 1261 1508 1335 ⁴δηλοῦν
1555 1260 1652 1331 τὴν
1683 1259 1936 1313 διάνοιαν·

368 1357 617 1428 Μάθησις
660 1356 830 1409 οἴκου*
886 1355 1019 1407 ὡσεὶ
1067 1354 1400 1425 σαφέστερον
1454 1352 1689 1421 ἐλέγετο·
1742 1350 1939 1421 Διδαχή

368 1465 452 1512 τις
474 1449 567 1501 καὶ
595 1447 828 1518 μάθησις
875 1445 1203 1515 οἰκονομίας.
1253 1444 1363 1498 Kal.
1403 1444 1464 1497 τὸ
1505 1445 1701 1513 γάμμα
1724 1443 1780 1496 δὲ
1812 1444 1941 1511 παρ’

371 1540 553 1602 αὐτοῖς
579 1539 760 1611 τρίτον
792 1536 1052 1606 κέκληται
1076 1537 1254 1607 γῖμελ·
1279 1536 1419 1589 οὕτω
1449 1536 1505 1589 δὲ
1537 1536 1634 1606 τὴν
1667 1536 1945 1607 πλήρωσιν

369 1628 745 1700 ὀνομάζουσιν.
768 1623 883 1681 Εἶτ’
912 1626 1099 1697 ἐπειδὴ
1145 1626 1244 1689 τὰς
1273 1626 1488 1689 δέλτους
1538 1625 1657 1678 δὲλθ
1699 1624 1942 1687 καλοῦσι,

370 1721 434 1774 τὸ
457 1721 712 1791 τέταρτον
743 1720 1001 1788 στοιχεῖον
1032 1716 1174 1770 οὕτω
1198 1721 1510 1787 προσεῖπον,
1550 1716 1685 1787 ὀμοῦ
1719 1716 1806 1770 διὰ
1838 1717 1945 1771 τῶν

2041 524 2236 589 stituit,
2272 523 2359 577 his
2388 522 2606 575 verbis:
2646 538 2664 569 ι
2701 518 2819 571 Νοη
2843 520 3076 587 εῐηιιίιιε
3107 515 3387 569 vocabitur
3402 527 3600 565 nomen

2039 624 2191 670 tuum
2222 612 2445 679 Abram,
2473 612 2564 668 sed
2591 611 2866 665 Abraham
2908 608 3007 662 erit
3037 621 3233 660 nomen
3273 613 3447 669 tuum,
3476 604 3605 672 quia

2039 713 2245 776 patrem
2279 704 2569 756 multarum
2604 700 2842 770 gentium
2875 696 3029 767 posui
3065 705 3113 749 te
3128 693 3193 748 θ’.
3228 713 3246 745 ι
3282 692 3451 761 Cujus
3476 706 3605 745 ora-

2040 794 2149 849 culi
2176 793 2282 847 vim
2316 802 2479 861 atque
2508 790 2830 846 sententiam
2871 786 3142 855 explicare
3183 786 3404 854 longum
3439 790 3604 837 esset.

2040 884 2242 940 Verum
2275 884 2409 938 satis
2437 883 2539 937 hoc
2575 883 2739 936 etiam
2771 881 2893 935 loco
2942 879 3105 933 fuerit
3138 878 3279 931 hanc
3310 875 3376 928 ad
3410 872 3610 927 verita-

2042 989 2152 1034 tem
2192 977 2436 1031 Platonis
2480 974 2797 1043 suffragium
2848 971 3163 1041 adjuugere,
3216 966 3307 1037 qui
3346 963 3611 1019 (liviniore

2040 1072 2221 1140 aliqua
2235 1071 2289 1123 vi
2309 1067 2530 1123 nomina
2546 1064 2790 1134 quaedam
2815 1061 3066 1130 imposita
3087 1058 3255 1112 fuisse
3272 1055 3608 1126 pronuntiat.

2043 1163 2134 1220 Sic
2184 1163 2329 1217 enim
2377 1161 2442 1214 ad
2500 1157 2723 1211 verbum
2774 1156 2912 1224 ipse,
2968 1171 2986 1203 ι
3044 1150 3144 1204 Hic
3193 1149 3361 1213 enim,
3412 1146 3610 1211 inquit,

2043 1255 2303 1320 maxime,
2357 1250 2693 1321 praecipuum
2739 1243 3010 1314 quoddam
3061 1241 3115 1294 in
3165 1238 3477 1294 nominibus
3511 1237 3615 1292 rite

2043 1342 2396 1415 imponendis
2447 1339 2749 1395 adhibitum
2785 1334 3022 1390 studium
3057 1331 3224 1386 fuisse
3266 1330 3420 1384 decet
3452 1346 3467 1394 ;
3504 1328 3616 1383 imo

2045 1452 2114 1491 ex
2164 1436 2234 1489 iis
2268 1434 2430 1487 etiam
2467 1430 2732 1485 nonnulla
2773 1426 3026 1487 fortasse,
3065 1423 3119 1476 vi
3149 1421 3381 1492 quadam
3428 1427 3614 1473 nostra

2046 1526 2149 1580 hac
2180 1526 2340 1594 longe
2369 1521 2625 1577 diviniori
2653 1519 2944 1574 constituta
2971 1522 3115 1571 sunt.
3147 1533 3165 1566 ι
3194 1513 3262 1565 At
3284 1510 3412 1565 illud
3434 1510 3613 1579 ipsum

2046 1616 2242 1671 divinae
2285 1615 2479 1669 litterae
2530 1612 2689 1682 longe
2737 1625 2869 1666 sane
2914 1606 3243 1661 lueulentius
3292 1603 3621 1671 uberiusque

2050 1710 2407 1769 conﬁrmant,
2446 1721 2509 1759 ac
2543 1704 2721 1758 Moses
2761 1703 2877 1771 ipse
2935 1714 3043 1769 prze
3077 1696 3306 1762 caeteris,
3355 1694 3444 1762 qui
3482 1693 3621 1747 divi—

373 1807 465 1862 δύο
500 1783 776 1878 στοιχείων
806 1783 1176 1875 σημαίνοντες,
1207 1783 1288 1857 ὅτι
1320 1806 1351 1875 ἡ
1389 1783 1661 1876 ἔγγραφος
1713 1805 1947 1875 μάθησις

2061 1802 2202 1855 uitus
2232 1797 2608 1853 Abrahamum
2647 1794 2873 1863 ejusque
2922 1790 3090 1845 ﬁlium
3127 1786 3289 1858 519
3336 1784 3577 1840 Isaacum
3604 1823 3621 1848 ,

377 1899 655 1971 πλήρωσις
687 1901 801 1952 ἐστι
824 1897 1041 1951 δέλτων.
1088 1895 1286 1950 Ἐπιὼν
1316 1896 1371 1949 δέ
1419 1913 1504 1960 τις
1552 1896 1646 1949 καὶ
1691 1895 1759 1949 τὰ
1787 1894 1947 1949 λοιπὰ

375 1990 476 2060 τῆς
500 1992 890 2062 γραμματικῆς
914 1992 1172 2061 στοιχεῖα,
1201 1987 1339 2058 μετά
1365 2004 1509 2050 τινος
1535 1988 1716 2049 αἰτίας
1739 1987 1833 2041 καὶ
1859 1988 1948 2039 λο-

377 2082 574 2152 γισμοῢ
602 2080 752 2152 εὕροι
806 2080 871 2134 ἂν
931 2080 1137 2135 ἕκαστα
1167 2080 1295 2150 παρ’
1329 2078 1512 2140 αὐτοῖς
1567 2077 1946 2148 ὠνομασμένα.

391 2173 543 2226 Ἐπεὶ
594 2172 688 2225 καὶ
737 2172 845 2225 τῶν
901 2172 1042 2225 ἑπτὰ
1082 2170 1404 2241 φωνηέντων
1464 2169 1561 2239 τὴν
1592 2169 1685 2221 ἐπὶ
1736 2168 1798 2221 τὸ
1822 2168 1951 2221 αὐτὸ

385 2263 634 2317 σύνθεσιν
676 2265 805 2334 μιᾶς
850 2280 996 2326 τινος
1042 2262 1351 2333 ἀπορρήτου
1397 2258 1763 2331 προσηγορίας
1799 2275 1955 2328 περι-

380 2352 525 2423 έχειν
562 2353 724 2422 φασὶν
755 2351 1081 2423 ὲκφὼνησιν,
1122 2352 1188 2420 ἣν
1223 2349 1311 2403 διά
1343 2347 1622 2419 τεσσάρων
1674 2347 1951 2417 στοιχείων

381 2445 566 2509 παῖδες
598 2444 866 2517 Ἐϐραίων
890 2443 1295 2515 σημειούμενοι,
1324 2439 1416 2492 ἐπὶ
1448 2441 1545 2510 τῆς
1577 2438 1835 2491 ἀνωτάτω
1856 2437 1949 2490 τοῦ

374 2537 513 2591 Θεοῦ
533 2537 814 2608 δυνάμεως
837 2536 1289 2597 κατατάττουσιν,
1318 2531 1542 2586 ἄλεκτον
1578 2547 1630 2584 τι
1678 2533 1790 2592 τοῖς
1830 2530 1953 2582 πολ-

382 2621 495 2686 λοῖς
520 2622 614 2676 καὶ
640 2623 947 2694 ἀπόρρητον
997 2621 1142 2675 τοῦτ’
1171 2617 1307 2674 εῖναι
1366 2622 1494 2682 παῖς
1557 2618 1707 2689 παρὰ
1755 2618 1961 2689 πατρὸς

382 2714 683 2784 εἰληφότες.
719 2716 828 2768 Καὶ
853 2715 959 2769 τῶν
993 2715 1121 2786 παρ’
1155 2712 1379 2783 Ἕλλησι
1418 2711 1474 2763 δὲ
1504 2709 1702 2779 σοφῶν,
1742 2710 1840 2762 οὐκ
1866 2705 1962 2762 οἷδ’

380 2805 574 2860 ὁπόθεν
616 2824 701 2871 τις
753 2806 910 2860 τοῦτο
945 2804 1131 2877 μαθὼν
1178 2802 1415 2875 ᾐνίξατο,
1478 2794 1579 2854 ὧδέ
1612 2817 1688 2872 πη
1722 2799 1788 2853 δι’
1813 2799 1960 2853 ἐπῶν

384 2896 583 2967 φήσας·

2054 1906 2156 1945 nec
2204 1904 2312 1942 non
2363 1895 2418 1941 et
2449 1884 2701 1941 lsraclem
2752 1882 3048 1952 appellatos
3081 1895 3202 1934 esse
3254 1886 3502 1931 testatur.
3558 1873 3627 1926 Et

2064 1983 2232 2035 risum
2299 1979 2518 2048 quidem
2566 1976 2783 2030 Isaacus
2831 1972 3120 2043 signiﬁcat,
3153 1980 3212 2024 ut
3262 1970 3366 2022 hoc
3396 1981 3496 2020 suo
3528 1979 3626 2019 uo-

2066 2073 2215 2126 mine
2264 2080 2476 2125 castam
2543 2068 2690 2121 illam
2759 2074 3112 2133 sanctamque
3149 2060 3389 2115 laetitiam
3428 2071 3626 2125 reprae-

2061 2169 2324 2227 sentaret,
2350 2174 2513 2229 quam
2543 2156 2735 2211 amicis
2760 2154 2875 2211 suis
2896 2153 3039 2208 Deus
3065 2162 3322 2220 tanquam
3354 2147 3629 2214 singulare

2059 2267 2260 2306 munus
2322 2265 2387 2305 ac
2439 2249 2721 2320 praemium
2788 2246 3093 2316 pollicetur.
3160 2241 3413 2310 Ejusdem
3482 2237 3628 2292 ﬁlius

2062 2341 2250 2407 Israel,
2281 2357 2403 2397 eum
2438 2350 2593 2394 antea
2626 2338 2813 2392 Jacobi
2845 2350 3038 2389 nomen
3068 2333 3367 2394 habuisset,
3394 2328 3491 2383 abs
3519 2326 3629 2381 Deo

2061 2442 2248 2502 postea
2281 2431 2497 2487 lsraelis
2529 2445 2728 2484 nomen
2778 2428 3005 2497 accepit,
3040 2440 3105 2479 ex
3140 2433 3367 2477 actuoso
3402 2429 3455 2474 et
3480 2420 3633 2473 labo-

2057 2524 2208 2577 rioso
2247 2524 2468 2577 homine
2516 2519 2909 2590 contemplator
2936 2517 3177 2572 eﬂ'ectus.
3215 2513 3348 2568 Nam
3399 2510 3634 2566 Iacobus

2058 2628 2191 2668 sane
2220 2613 2362 2668 calce
2396 2614 2723 2683 impetenlem
2762 2619 2940 2671 sonat,
2989 2607 3147 2676 quasi
3196 2605 3414 2659 virtutis
3458 2611 3637 2657 certa-

2061 2704 2211 2757 mine
2236 2702 2620 2773 defungentem
2652 2719 2667 2768 ;
2703 2710 2758 2754 at
2789 2700 2975 2764 Israel,
3007 2714 3122 2752 eum
3149 2697 3237 2767 qui
3275 2695 3441 2749 Deum
3472 2691 3634 2757 vider,

2065 2795 2358 2866 signiﬁcat,
2411 2793 2723 2864 cujusmodi
2776 2805 2931 2845 mens
2981 2789 3221 2843 hominis
3248 2801 3369 2842 esse
3422 2784 3636 2849 debeat,

2066 2903 2187 2959 qua:
2214 2888 2269 2942 in
2297 2888 2611 2958 cognitione
2643 2894 2698 2941 et
2721 2884 3184 2953 contemplatione
3210 2888 3477 2936 versetur.
3531 2875 3641 2931 Sed

384 2986 529 3040 enim
557 2985 688 3056 quid
739 2986 1064 3040 attinethoc
1119 2984 1267 3050 loco,
1332 2983 1417 3037 vel
1466 2980 1632 3036 Mosis
1678 2980 1824 3035 illius
1866 2978 2277 3048 sapientissimi,
2342 2978 2428 3033 vel
2485 2992 2765 3033 sacrarum
2818 2974 2960 3045 apud
3003 2972 3259 3028 Hebr-mos
3309 2971 3638 3033 litterarum,

386 3092 658 3134 summam
727 3078 783 3131 in
822 3076 1058 3145 propriis
1102 3073 1416 3129 nominibus
1475 3073 1819 3142 imponendis
1885 3072 2257 3126 maturitatem
2310 3077 2473 3141 atque
2524 3070 2823 3135 solertiam,
2877 3066 3147 3124 sexcentis
3196 3063 3318 3118 aliis
3380 3060 3646 3129 exemplis

388 3172 678 3237 illustrare,
708 3187 831 3226 cum
854 3172 958 3227 hoc
982 3170 1364 3241 disputationis
1391 3184 1563 3240 genus
1587 3169 1748 3239 longe
1778 3168 1956 3238 majus
1993 3170 2164 3223 otium
2198 3168 2470 3223 desideret
2500 3168 2522 3221 ?
2561 3166 2851 3222 Enimvero
2884 3181 2952 3221 ne
3016 3164 3320 3235 primorum
3383 3156 3602 3230 quidem
3623 3200 3643 3225 ,

389 3285 511 3339 quas
560 3269 679 3337 ipso
714 3268 896 3322 statim
948 3266 1125 3331 initio,
1158 3281 1217 3321 se
1269 3265 1525 3329 oﬁ'erunt,
1581 3264 1965 3335 grammatices
2001 3264 2439 3327 elementorum,
2497 3263 2671 3318 Graeci
2735 3261 2984 3315 homines
3046 3256 3386 3312 notationem
3445 3250 3645 3305 aﬁerre

389 3361 601 3431 possint
628 3380 640 3414 :
675 3361 805 3431 quin
837 3360 1038 3414 haereat
1067 3358 1228 3413 etiam
1254 3357 1372 3428 ipse
1401 3356 1579 3421 Plato,
1646 3357 1692 3412 si
1756 3357 2029 3411 vocalium
2069 3366 2162 3411 aut
2190 3357 2611 3412 consonantium
2638 3355 2958 3425 explicanda
2991 3351 3129 3406 ratio
3159 3360 3322 3419 atque
3351 3343 3646 3416 appellatio

389 3455 480 3509 sit.
509 3455 579 3508 At
619 3469 746 3508 vero
790 3451 999 3508 I‘Iebrazi
1043 3468 1163 3506 eam
1198 3451 1252 3504 in
1317 3459 1573 3520 promptu
1614 3451 1836 3504 habent.
1879 3448 2016 3504 Nam
2055 3449 2217 3519 alpha
2245 3449 2485 3519 quidem,
2534 3450 2677 3519 quod
2728 3448 2854 3517 alph
2898 3445 3001 3514 ipsi
3049 3449 3264 3506 vocant,
3297 3436 3639 3506 disciplinam

294 3579 301 3585 -
389 3547 704 3615 signiﬁcat;
739 3547 900 3601 betha
933 3560 1093 3608 vero,
1158 3545 1305 3615 quod
1360 3544 1487 3598 beth
1537 3544 1809 3614 appellare
1860 3545 2054 3610 solent,
2094 3547 2309 3599 domum
2342 3554 2537 3601 sonat:
2569 3554 2864 3611 utrumque
2906 3536 3228 3607 sententiam
3262 3533 3404 3587 hanc
3452 3527 3636 3591 elﬁcit,

393 3640 687 3711 Disciplina
710 3637 943 3692 domus:
986 3637 1142 3707 quasi
1186 3634 1428 3705 apertius
1487 3634 1779 3701 diceretur,
1804 3635 2050 3691 doctrina
2089 3638 2338 3707 quaedam
2391 3653 2486 3692 seu
2543 3635 2830 3704 disciplina
2889 3633 2967 3686 rei
3016 3627 3347 3685 domestica.
3396 3621 3646 3682 Gamma,

396 3734 545 3805 quod
615 3734 750 3804 ipsis
817 3746 1035 3803 quoque
1074 3730 1293 3786 tertium
1344 3729 1672 3783 elementum
1722 3739 1826 3792 est,
1883 3732 2043 3800 gimcl
2081 3731 2290 3796 dicunt,
2340 3746 2514 3801 eoque
2561 3727 2938 3799 plenitudinem
2974 3721 3268 3795 quamdam
3321 3714 3647 3787 signiﬁcant.

395 3827 538 3884 Tum
608 3828 867 3899 quoniam
937 3825 1152 3907 δέλτους
1196 3826 1303 3880 hoc
1330 3835 1412 3879 est
1446 3825 1679 3888 tabulas,
1725 3824 1873 3879 delth
1924 3827 2241 3893 nominant;
2291 3837 2489 3897 quarto
2553 3826 2823 3881 elemento
2870 3821 3012 3875 idem
3070 3818 3231 3873 etiam
3266 3827 3465 3869 nomen
3501 3809 3645 3863 indi-

398 3923 546 3989 dere,
575 3932 635 3977 ut
662 3922 946 3976 ambarum
973 3920 1278 3973 litterarum
1333 3917 1722 3986 conjunctione
1780 3917 2031 3984 doceant,
2072 3920 2523 3986 comprehensam
2556 3920 2762 3987 scripto
2794 3912 3160 3983 disciplinam,
3188 3906 3494 3961 tabularum
3536 3901 3647 3970 ple—

398 4014 704 4070 nitudinem
748 4026 889 4067 esse.
932 4011 1106 4080 Atque
1141 4012 1214 4064 ita
1261 4010 1514 4080 deinceps
1556 4011 1822 4065 elementa
1877 4014 2244 4082 grammaticae
2293 4014 2525 4082 reliqua,
2581 4010 2818 4066 nominis
2849 4020 3066 4078 quoque
3113 4002 3195 4057 sui
3242 3998 3478 4069 reperies
3520 4007 3648 4064 pro-

399 4109 574 4181 priam
609 4108 751 4179 apud
786 4106 1044 4162 Hebraeos
1074 4120 1137 4161 ac
1175 4106 1504 4176 singularem
1548 4106 1747 4159 habere
1787 4108 2072 4161 rationem.
2114 4106 2248 4161 Nam
2280 4116 2334 4162 et
2384 4117 2585 4177 septem
2615 4119 2829 4174 quoque
2857 4101 3127 4155 vocalium
3171 4098 3314 4150 inter
3337 4108 3459 4148 sese
3500 4104 3653 4145 corn-

402 4202 745 4264 missionem,
783 4196 1051 4268 ejusmodi
1097 4211 1292 4250 nomen
1362 4195 1571 4249 eﬁicere
1603 4196 1813 4261 volunt,
1846 4198 1989 4266 quod
2029 4198 2291 4267 explicari
2330 4212 2463 4251 voce
2503 4212 2609 4250 non
2658 4194 2850 4264 possit,
2884 4191 3138 4261 quodque
3169 4185 3379 4239 Hebraei
3412 4190 3645 4253 quatuor

400 4293 682 4351 elementis
716 4290 989 4345 inclusum
1037 4302 1266 4343 summa:
1312 4284 1406 4340 Dei
1452 4288 1707 4355 potestati
1747 4288 2115 4356 exprimenda:
2156 4289 2482 4355 attribuunt,
2514 4289 2593 4343 sic
2622 4296 2799 4340 tamen
2830 4294 2888 4337 ut
2913 4286 3053 4336 idem
3085 4279 3313 4350 proferri
3353 4277 3513 4346 vulgo
3543 4290 3651 4329 non

402 4401 565 4457 posse
609 4385 768 4454 longa
823 4379 966 4437 serie
1014 4379 1217 4449 posteri
1262 4392 1292 4431 a
1325 4376 1627 4448 majoribus
1666 4379 1993 4448 acceperint.
2041 4378 2109 4433 Et
2138 4396 2288 4443 vero,
2323 4395 2467 4434 unus
2497 4378 2658 4433 etiam
2689 4376 2885 4444 aliquis
2916 4390 2945 4428 e
2967 4372 3188 4429 Graeciae
3214 4368 3569 4440 sapientibus,
3600 4368 3654 4422 id

404 4483 606 4552 ipsum,
661 4476 804 4532 unde
854 4475 996 4530 unde
1042 4472 1308 4537 hauserit,
1337 4471 1675 4527 subobscure
1703 4472 1790 4527 his
1817 4474 2069 4529 versibus
2098 4475 2444 4529 adumbravit

418 4597 602 4655 Ἑπτά
626 4613 702 4666 με
746 4594 1064 4666 φωνήεντα
1103 4592 1253 4647 Θεὸν
1270 4592 1471 4666 μέγαν
1493 4590 1746 4666 ἄφθιτον
1768 4592 1925 4647 alvei

2094 4593 2255 4665 520
2289 4594 2373 4649 Me
2402 4602 2592 4664 septem
2616 4591 2861 4666 interitus
2889 4604 3070 4657 expers
3105 4579 3567 4666 peculia-Numen,

476 4660 815 4737 Γράιὶμαὲα,
842 4660 949 4737 τὸν
986 4663 1226 4737 πάντων
1244 4660 1557 4737 κάκάμᾳτον
1587 4663 1829 4737 πατέρα,

411 4730 543 4808 Εἰμὶ
580 4730 656 4791 δ”
686 4730 809 4807 ἐγὼ
854 4736 1095 4789 πάντων
1145 4731 1335 4802 χέλυς
1386 4730 1651 4801 ἄφθιτος,
1689 4731 1726 4808 7]
1776 4734 1847 4808 τὰ
1873 4736 1984 4786 λυ-

1763 4801 1846 4855 ώὸε

494 4874 878 4947 Ἦρμοσάμην
902 4874 1074 4942 δίνης
1097 4876 1397 4943 οὐρανίοιο
1419 4876 1605 4945 μέλη.
1706 4801 1883 4874 [pawn

409 4989 609 5063 Εὖροις
640 4989 685 5042 δ’
717 4988 783 5042 ἃν
815 4987 908 5042 καὶ
936 4988 1045 5041 τῶν
1095 4988 1297 5042 λοιπῶν
1358 4986 1490 5058 παρ’
1531 4984 1804 5056 Ἑϐραίοις
1837 4999 1986 5037 στοι-

411 5083 594 5152 χείων,
625 5080 924 5150 ἐπιστήσας
956 5080 1189 5151 ἑκάστῳ,
1217 5081 1284 5135 τά
1315 5079 1711 5151 σημαινόμενα.
1742 5075 1914 5129 Τοῦτο
1931 5075 1988 5129 δὲ

416 5171 516 5242 ἠδη
573 5169 666 5222 καὶ
709 5168 798 5222 διὰ
833 5169 941 5223 τῶν
993 5170 1226 5242 πρόσθεν
1267 5173 1396 5241 ἡμῖν
1457 5168 1706 5239 συνέστη,
1756 5165 1993 5235 ὁπηνίκα

414 5262 565 5334 παρὰ
598 5260 887 5334 βαρϐάρων
919 5262 986 5316 τὰ
1017 5264 1191 5316 πάντα
1218 5261 1529 5333 ὠφελῆσθαι
1565 5261 1692 5322 τοὺς
1727 5257 1991 5328 Ἕλληνας

414 5356 860 5427 άπεδεικνύομεν.
905 5353 1112 5425 Πολλὴν
1161 5354 1205 5407 δ’
1239 5353 1304 5407 ἄν
1357 5370 1439 5415 τις
1491 5348 1832 5420 καταμάθοι,
1892 5347 1991 5418 τὴν

433 5449 691 5521 Ἐϐραίων
715 5446 958 5516 γλῶτταν
989 5442 1475 5515 πολυπραγμονῶν,
1525 5439 1803 5508 ὀνομάτων
1833 5437 1990 5511 ὀρθό-

416 5559 553 5614 τητα
576 5541 730 5612 παρὰ
780 5541 892 5600 τοῖς
931 5536 1156 5609 ἀνδράσι
1216 5532 1540 5604 φερομένην*
1592 5532 1713 5585 ἐπεὶ
1742 5530 1835 5585 καὶ
1861 5526 1991 5582 αὐτὸ

416 5635 511 5689 τοῦ
546 5633 743 5696 παντὸς
798 5630 981 5695 ἔθνους
1030 5629 1092 5684 τὸ
1124 5628 1520 5701 προσηγορικὸν
1558 5625 1727 5688 ὄνομα
1758 5621 1864 5677 ἀπὸ
1895 5620 1988 5676 τοῦ

490 5748 536 5781 ’⁸
576 5745 710 5803 Gen.
751 5759 887 5812 xm,
927 5744 981 5799 5.

2165 4657 2583 4723 ῖῆηειοτιιήιααε
2619 4664 2830 4715 Patrem
2855 4670 3048 4728 septem
3073 4657 3329 4728 elementa
3353 4661 3556 4728 vocant.

2096 4734 2245 4791 Idem
2276 4747 2473 4791 (eterna
2504 4722 2690 4803 chelys
2718 4722 2919 4792 rerum,
2939 4743 3152 4799 qumque
3177 4725 3360 4778 ordine
3373 4722 3536 4791 jussit

2163 4871 2541 4941 Constantique
2564 4866 2742 4938 polum
2768 4865 2956 4917 ducere
2983 4861 3092 4931 lege
3122 4858 3323 4912 modos.

2092 4986 2428 5042 Creterorum
2462 4983 2589 5037 item
2617 4978 2759 5049 apud
2794 4975 3052 5032 Hebraeos
3078 4972 3470 5026 elementorum
3495 4961 3662 5033 signi-

2097 5078 2404 5140 licationes,
2439 5075 2484 5130 si
2522 5073 2812 5128 enucleare
2862 5065 3076 5136 singula
3127 5060 3386 5121 volueris,
3439 5055 3664 5111 omnino

2094 5170 2333 5241 reperies
2361 5188 2372 5221 :
2404 5168 2550 5238 quod
2578 5167 2756 5234 ipsum
2785 5161 2897 5231 jam
2928 5174 2957 5212 a
2990 5153 3148 5210 nobis
3176 5159 3335 5205 antea
3363 5147 3662 5217 praestitum

2096 5235 2200 5323 est,
2235 5274 2361 5314 cum
2404 5235 2540 5311 nihil
2589 5270 2696 5307 non
2749 5249 2968 5305 Graecos
3016 5260 3046 5298 a
3095 5239 3344 5296 barbaris
3388 5235 3664 5304 accepisse

2096 5353 2617 5407 demonstraremus.
2638 5345 2922 5397 Postremo
2942 5336 3035 5406 qui
3059 5332 3406 5387 Hebraeorum
3424 5327 3662 5395 linguam

2101 5439 2290 5495 rimari
2315 5435 2630 5507 diligentius
2657 5427 2999 5494 scrutarique
3027 5420 3278 5482 voluerit,
3326 5417 3372 5472 is
3420 5412 3668 5486 profecto

2097 5546 2368 5589 summam
2402 5504 2697 5594 quamdam
2729 5518 2868 5590 apud
2903 5517 3026 5571 illos
3050 5512 3331 5570 nominum
3367 5504 3666 5578 proprieta-

2096 5634 2204 5682 tem
2255 5636 2378 5679 esse
2423 5623 2735 5689 cognoscet.
2787 5611 2963 5679 Atque
3015 5606 3069 5661 id
3114 5604 3217 5676 ’psi
3253 5601 3337 5657 vel
3381 5614 3448 5655 ex
3498 5594 3670 5652 unico
