4156 6408
525 322 636 379 865

1178 330 1449 387 EL'SEBII
1488 332 1972 390 CESARIENSlS
2004 332 2153 389 OPP.
2196 333 2377 390 PARS
2410 335 2473 391 11.
2516 367 2586 378 -
2622 334 3124 393 APOLOGETICA.

3696 334 3803 391 εει

526 441 709 512 gentis
742 440 1014 498 universae
1044 446 1268 502 nomine
1298 458 1555 505 constare
1602 460 1803 521 potest,
1850 451 1995 522 quod
2041 451 2087 505 al

2218 451 2387 523 Ἔϐερ
2420 452 2480 507 τὸ
2508 453 2842 525 παρώνυμον
2875 452 3088 525 εἴληφε.
3146 452 3407 525 Σημαίνει
3433 451 3492 505 δὲ
3528 450 3687 505 τοῦτο
3712 452 3803 507 τὸν

527 531 737 591 Hebere
762 536 1062 591 derivatur.
1086 537 1465 595 Transeuntem
1493 543 1637 597 enim
1667 543 1957 614 signiﬁcat,
1982 560 2105 600 cum

525 637 581 684 et
615 631 908 685 transitum
927 641 979 686 et
1009 641 1382 688 transeuntem
1425 633 1695 691 Hebraica
1733 637 1938 706 lingua,
1976 652 2109 691 voce

524 727 710 785 unica,
742 721 916 777 Heber
955 727 1207 794 appellet.
1238 727 1301 781 Et
1333 743 1394 782 ea
1418 729 1638 798 quidem
1671 729 1912 784 nominis
1943 729 2107 799 hujus

523 812 669 864 ratio
700 821 805 877 est,
839 814 917 866 uti
956 815 1025 866 ab
1054 831 1234 869 rerum
1276 818 1627 885 prmsentium
1659 818 1898 873 vanitate
1923 820 1990 873 ad
2025 819 2108 872 di-

521 902 783 957 vinarum
815 906 996 959 studia
1035 922 1156 961 sese
1190 911 1463 974 conferre,
1497 926 1598 965 nec
1634 910 1689 964 in
1738 926 1951 976 eorum,
1984 927 2108 982 qua:

519 994 800 1061 videntur,
831 998 1293 1065 contemplatione
1332 999 1440 1053 ullo
1468 1000 1633 1055 modo
1658 1001 2006 1072 acquiescere
2041 1018 2107 1057 ac

519 1087 739 1153 sistere,
773 1089 867 1144 sed
904 1089 974 1143 ab
1001 1090 1068 1145 iis
1095 1093 1274 1160 potius
1304 1094 1370 1147 ad
1411 1105 1624 1150 semota
1652 1095 1743 1149 illa
1779 1095 2106 1165 penitusque

518 1185 797 1239 recondita
845 1187 911 1241 dc
947 1189 1184 1243 universi
1216 1187 1514 1245 Conditore
1552 1206 1616 1244 ac
1649 1189 1919 1251 molitore,
1953 1188 2107 1243 theo-

519 1275 677 1345 logia:
712 1281 971 1349 mysteria
1002 1281 1235 1337 transire
1264 1284 1578 1340 doceantur.
1611 1281 1688 1337 Ita
1711 1282 1868 1352 plane
1896 1282 2104 1351 primos

518 1365 645 1421 illos
706 1369 799 1437 qui
830 1385 950 1424 sese
993 1375 1310 1441 praepotenti
1346 1390 1526 1429 rerum
1558 1376 1805 1429 omnium
1855 1375 2105 1429 modera-

519 1458 623 1511 tori
689 1461 1013 1530 auctorique
1062 1462 1173 1517 Deo
1228 1474 1652 1529 consecrarent,
1716 1474 1771 1521 et
1830 1466 2099 1522 sinceram

513 1566 811 1622 "eramque
865 1554 1184 1624 religionem
1241 1557 1531 1627 diligenter
1584 1559 1940 1623 cxcolerent,
1997 1558 2102 1615 lle—

513 1643 734 1708 braros,
797 1646 953 1713 quasi
1008 1656 1189 1702 mente
1247 1657 1596 1705 transeuntes
1649 1666 1713 1706 ac
1767 1651 2101 1721 trajicientes

513 1746 928 1803 nuncuparunt.
961 1734 1065 1792 Sed
1098 1755 1362 1809 quorsum
1397 1741 1450 1795 in
1480 1740 1782 1813 colligenda
1814 1746 2097 1797 nominum

513 1825 659 1894 apml
696 1827 950 1883 llebrmos
986 1831 1232 1886 omnium
1264 1834 1616 1904 proprietate,
1651 1842 1974 1906 matureque
2007 1837 2101 1890 ad-

511 1918 735 1971 modum
768 1919 1115 1989 impositioue
1144 1924 1354 1980 diutius
1413 1926 1792 1994 inunoremur,
1846 1943 1971 1982 cum
2032 1928 2097 1981 ad

2216 545 2579 618 διαπερῶντα·
2648 547 2769 600 ἐπεὶ
2819 545 2916 599 καὶ
2958 545 3209 608 διάϐασις
3265 546 3360 599 καί
3421 544 3697 617 διαπερῶν
3731 547 3799 616 τῇ

2228 638 2496 710 Ἐϐραίων
2552 641 2701 710 φωνῇ
2757 638 2926 708 Ἔϐερ
2979 636 3323 707 ὀνομάζεται.
3382 635 3631 689 Διδάσκει
3674 635 3731 688 δὲ
3774 637 3804 688 ὁ

2213 728 2371 797 λόγος
2402 732 2576 802 περᾷν
2627 733 2722 784 καὶ
2775 729 3073 784 διαϐαίνειν
3106 729 3214 781 ἀπὸ
3259 728 3369 781 τῶν
3423 727 3552 798 τῇδε
3613 725 3705 779 ἐπὶ
3735 725 3804 779 τὰ

2215 820 2355 885 θεῖα,
2387 822 2653 892 μηδαμῶς
2687 840 2745 875 τε
2776 824 3130 895 ἐναπομένειν
3165 824 3260 876 καὶ
3290 819 3543 874 ἵστασθαι
3587 819 3679 872 ἐπὶ
3733 821 3801 890 τῇ

2215 912 2314 985 θέα
2352 914 2460 966 τῶν
2496 915 2813 985 ὁρωμένων·
2854 916 2961 969 ἀπὸ
3015 915 3071 967 δὲ
3125 914 3331 968 τούτων
3376 912 3469 965 ἐπὶ
3514 910 3582 965 τά
3618 910 3801 981 ἀφανῆ

2213 1006 2309 1060 καὶ
2332 1007 2539 1078 ἀόρατα
2563 1007 2661 1077 τῆς
2694 1008 2820 1080 περὶ
2869 1007 2964 1060 τοῦ
3020 1007 3127 1061 τῶν
3170 1006 3306 1060 ϐλων
3349 1002 3574 1074 ποιητοῦ
3617 1020 3677 1056 τε
3707 1003 3802 1059 καὶ

2211 1098 2546 1170 δημιουργοῦ
2604 1098 2882 1167 θεολογίας
2943 1099 3257 1152 διαϐαίνειν.
3310 1095 3496 1168 Ταύτῃ
3545 1113 3626 1149 τοι
3672 1096 3799 1158 τοὺς

2213 1190 2464 1261 πρώτους
2504 1190 2650 1262 μόνῳ
2711 1190 2790 1261 τῷ
2848 1190 3186 1261 πανηγεμόνι
3211 1189 3305 1243 καί
3332 1188 3490 1258 αἰτίῳ
3521 1188 3629 1241 τῶν
3661 1185 3797 1239 ὅλων

2211 1280 2623 1351 ἀνακειμένους,
2658 1280 2910 1352 εὐσεϐείᾳ
2938 1297 2996 1333 τε
3027 1279 3242 1351 καθαρᾷ
3264 1279 3355 1332 καὶ
3394 1278 3591 1349 ἀληθεί
3626 1294 3793 1350 προσ-

2212 1372 2528 1443 ανέχοντας,
2575 1372 2859 1445 Ἐϐραίους
2912 1371 3181 1442 ἐφώνουν,
3237 1370 3565 1444 περατικούς
3642 1386 3795 1433 τινας

2210 1466 2305 1519 καὶ
2325 1467 2717 1539 διαϐεϐηκότας
2751 1468 2815 1537 τῇ
2849 1465 3059 1536 διανοίᾳ
3111 1465 3237 1528 τοὺς
3285 1463 3559 1527 τοιούτους
3580 1465 3794 1518 ἀποκα-

2208 1556 2445 1621 λοῦντες.
2474 1559 2586 1611 Καὶ
2606 1558 2659 1611 τί
2686 1574 2753 1629 με
2785 1556 2865 1610 δεῖ
2896 1555 2991 1609 ἐπὶ
3018 1555 3201 1609 πλεῖον
3233 1554 3597 1627 μηκύνειν,τά
3616 1555 3791 1608 πάντα

2211 1651 2513 1719 συνάγοντα
2565 1650 2665 1720 τῆς
2719 1649 2825 1704 τῶν
2864 1649 3127 1721 Ἐϐραίων
3174 1648 3453 1719 ὀνομάτων
3502 1646 3789 1718 ὀρθότητός

2207 1760 2267 1795 τε
2288 1742 2382 1795 καὶ
2409 1740 2714 1811 ἀκριϐείας,
2742 1742 2834 1795 τοῦ
2861 1742 3245 1813 προϐλήματος
3285 1739 3489 1801 οἰκείας
3537 1736 3789 1807 δεομένου

2210 1832 2629 1906 πραγματείας;
2662 1832 2829 1904 Πλὴν,
2858 1832 2934 1896 ώς
2955 1834 3011 1886 ἐν
3038 1833 3193 1901 τύπῳ
3222 1832 3406 1899 φάναι,
3434 1828 3674 1901 ἠγοῦμαι
3698 1829 3791 1879 καί

2207 1926 2295 1979 διὰ
2320 1924 2429 1979 τῶν
2461 1925 2762 1996 λεχθέντων
2812 1925 2912 1994 τῆς
2950 1926 3080 1995 παρ’
3140 1922 3411 1993 Ἑϐραίοις
3447 1920 3671 1990 λογικῆς
3714 1918 3791 1970 δι-

511 2007 656 2063 banc
709 2011 1066 2078 quaestionem
1122 2014 1331 2085 integra
1382 2018 1629 2087 quaedam
1686 2033 1751 2074 ac
1806 2019 2087 2087 singularis

2205 2017 2501 2081 δασκαλίας
2524 2017 2624 2089 τὴν
2645 2013 2921 2081 ἀπόδειξιν
2958 2015 3384 2086 παρεσχηκέναι·
3418 2015 3465 2065 εἰ
3513 2012 3597 2082 δὴ,
3648 2010 3790 2063 κατά

508 2112 676 2167 opera
705 2100 1046 2169 requiratur?
1081 2103 1350 2159 Caeterum
1372 2148 1387 2172 ,
1436 2108 1569 2161 mihi
1615 2108 1832 2176 quidem
1866 2109 2055 2163 videor
2082 2152 2097 2174 ,

510 2190 792 2257 quomodo
840 2192 1030 2246 saltem
1087 2193 1434 2251 informanda
1489 2213 1547 2252 re
1602 2197 1717 2251 ﬁeri
1763 2200 1960 2267 potuit,
1993 2197 2100 2253 He-

506 2280 783 2337 braeorum
838 2284 891 2337 in
921 2285 1244 2343 disserendo
1288 2288 1398 2342 vim
1450 2299 1614 2360 atque
1650 2290 1986 2357 facultatem,
2013 2293 2100 2346 vel

504 2376 699 2444 paucis
739 2377 827 2442 iis,
860 2393 983 2447 quae
1029 2379 1127 2435 abs
1162 2395 1250 2435 me
1296 2393 1725 2437 commemorata
1773 2393 1922 2448 sunt,
1958 2386 2094 2441 satis

505 2468 851 2525 illustrasse:
881 2471 1152 2540 siquidem
1191 2487 1256 2526 ea
1287 2471 1536 2529 Platonis
1586 2476 1853 2529 sententia
1895 2477 2090 2546 placet,

504 2559 635 2614 dum
685 2562 730 2615 is
781 2561 1120 2630 plebeiorum
1171 2577 1235 2617 ac
1284 2564 1592 2633 vulgarium
1640 2565 1925 2620 hominum
1969 2582 2092 2622 esse

504 2661 686 2721 negat,
718 2652 948 2725 pmpria
997 2652 1291 2724 nativaque
1325 2670 1510 2709 rerum
1559 2657 1782 2711 nomina
1820 2658 2087 2725 invenire,

2202 2108 2294 2164 τὸν
2322 2109 2607 2174 Πλάτωνα,
2628 2109 2689 2161 ού
2717 2108 2934 2178 φαύλων
2958 2103 3024 2179 ῆν
3050 2106 3256 2179 ἀνδρῶν
3280 2105 3403 2158 οὐδὲ
3445 2103 3552 2157 τῶν
3602 2102 3789 2173 τυχόν-

2201 2219 2331 2265 των,
2364 2201 2503 2256 ἀλλά
2542 2199 2708 2271 σοφοῦ
2750 2200 2845 2253 καὶ
2886 2199 3226 2253 διαλεκτικοῦ
3274 2215 3418 2262 τινος
3473 2194 3784 2265 νομοθέτου,

2203 2292 2364 2361 φύσιν
2403 2291 2683 2361 ὀνομάτων
2732 2289 2937 2342 οἰκείαν
2989 2292 3101 2353 τοῖς
3146 2289 3468 2360 πράγμασιν
3512 2284 3787 2357 εὑρέσθαι,

2200 2380 2310 2447 οἷος
2348 2384 2479 2455 ἡμῖν
2504 2383 2532 2435 ὁ
2574 2384 2778 2453 Μωσῆς
2804 2383 2898 2435 καὶ
2917 2381 2984 2435 τά
3012 2382 3280 2454 Ἐϐραίων
3302 2381 3676 2435 ἀποδέδεικται
3700 2373 3789 2429 λό-

2200 2494 2314 2545 για.
2372 2478 2437 2530 Τί
2480 2475 2545 2546 δὴ
2569 2472 2663 2529 οὖν
2694 2474 2833 2547 μετά
2876 2475 2943 2529 τὰ
2966 2474 3163 2543 λογικὰ
3200 2473 3462 2543 ἐπεται,ἦ
3488 2473 3555 2525 τὰ
3584 2469 3786 2541 φυσικά

2198 2566 2632 2635 ἐπισκέψασθαι,
2685 2566 2835 2629 ὅπως
2887 2564 3017 2618 ποτε
3065 2564 3161 2618 καὶ
3229 2563 3357 2635 περὶ
3420 2560 3594 2615 ταῦτα
3641 2553 3786 2629 εἶχον

2210 2660 2477 2732 Ἐϐραίων
2513 2659 2702 2722 παῖδες
2720 2675 2736 2725 ;

501 2742 597 2797 sed
669 2751 881 2798 tantum
942 2746 1206 2815 sapientis
1267 2746 1619 2816 legislatoris,
1673 2762 1727 2805 et
1789 2750 2024 2806 scienter
2063 2752 2345 2823 periteque
2392 2751 2793 2812 ratiocinantis,
2843 2750 3060 2820 qualem
3102 2750 3345 2821 profecto
3401 2765 3526 2805 cum
3579 2748 3781 2803 Mosem

501 2836 705 2905 ipsum,
740 2849 854 2890 tum
889 2836 1282 2892 llebraieorum
1339 2840 1692 2895 oraculorum
1746 2843 1855 2896 vim
1912 2858 2035 2897 esse
2104 2843 2495 2899 demonstravi.
2553 2842 2696 2911 Quid
2722 2858 2853 2915 ergo
2881 2843 3193 2914 proximum
3225 2851 3329 2912 est,
3358 2843 3463 2899 nisi
3492 2852 3546 2897 ut
3583 2856 3778 2914 quem-

501 2931 794 2986 admodum
834 2930 935 3001 ipsi
969 2932 1037 2986 de
1083 2947 1268 2987 rerum
1300 2946 1496 2990 natura
1542 2936 1913 3007 philosophati
1958 2938 2087 3003 sint,
2129 2939 2532 3010 quuiramus?

998 3114 1155 3185 521
1188 3113 1417 3170 CAPUT
1462 3115 1568 3171 vu.

738 3245 816 3301 De
842 3247 1083 3301 naturali
1112 3247 1461 3305 Hebraeorum
1491 3252 1850 3324 philosophias

2752 3118 3150 3173 ΚΕΦΛΛΑΙΟΝ
3174 3120 3249 3173 Z'.

2366 3222 2509 3318 Περὶ
2541 3249 2653 3318 τῆς
2674 3252 2804 3304 καθ’
2852 3250 3156 3318 Ἑϐραίους
3197 3253 3614 3321 φυσιολογίας.

566 3380 809 3436 Tertiam
838 3382 980 3436 hanc
1003 3380 1282 3438 Ilebraicze
1305 3384 1669 3456 philosophia:
1708 3397 1940 3457 partem,
1960 3406 2083 3461 qua:

2259 3385 2372 3439 Καὶ
2395 3387 2458 3440 τὸ
2480 3386 2666 3458 τρίτον
2690 3386 2748 3441 δὲ
2779 3387 2945 3459 μέρος
2970 3390 3070 3459 τῆς
3095 3386 3217 3441 καθ’
3258 3386 3544 3458 Ἑϐραίους
3565 3388 3780 3456 φιλοσο-

499 3472 765 3527 naturalis
799 3484 1048 3540 vocatur,
1102 3489 1334 3543 quaeque
1390 3477 1460 3530 ab
1516 3478 1708 3533 iisdem
1742 3495 1980 3551 quoque,
2024 3483 2079 3536 in

498 3579 681 3619 rerum
734 3564 850 3618 sola
887 3573 1069 3618 mente
1096 3574 1513 3635 perceptarum,
1545 3578 1599 3623 et
1626 3572 1876 3639 corporis
1898 3573 2082 3629 omnis

497 3657 796 3726 expertium
832 3657 1379 3728 contemplationem,
1414 3661 1539 3715 etin
1570 3677 1783 3727 earum,
1818 3679 1940 3733 quae
1956 3680 2082 3719 sen-

496 3750 645 3805 sibus
676 3760 1037 3819 usurpantur,
1070 3751 1454 3806 tractationem
1492 3753 1778 3820 dividitur,
1811 3756 2079 3811 laudatis-

495 3842 617 3898 εἰηιί
646 3842 922 3912 prophetae
946 3857 1069 3897 cum
1096 3854 1364 3899 noverant
1390 3846 1497 3916 ipsi
1536 3862 1636 3917 per
1658 3863 1802 3914 sese,
1830 3851 2077 3916 tum,ubi

494 3934 797 4004 posmlaret
855 3936 1112 4000 oecasio,
1143 3937 1259 3992 suis
1289 3938 1494 4007 passim
1539 3940 1779 3995 oraculis
1828 3956 2080 4012 asperge-

494 4028 663 4082 bant:
726 4043 891 4098 quam
922 4030 996 4083 illi
1029 4039 1211 4083 tamen
1240 4045 1419 4101 neque
1463 4031 1797 4101 coniecturis
1843 4034 2076 4102 quibus-

492 4118 639 4181 dam,
664 4122 1030 4177 autmortalis
1061 4121 1413 4191 cogitationis
1442 4123 1714 4181 industria
1747 4127 2074 4195 didicerant,

492 4225 675 4279 neque
707 4211 876 4267 uilius
911 4227 1032 4267 sese
1068 4212 1294 4266 humani
1345 4215 1695 4285 praeceptoris
1753 4216 2079 4270 auctoritate

488 4299 803 4369 iactabant:
840 4301 935 4355 sed
971 4300 1170 4355 divina:
1192 4301 1410 4356 cuidam
1449 4305 1753 4374 superioris
1789 4306 2077 4376 potestatis

492 4390 566 4456 vi,
604 4392 886 4462 divinique
926 4391 1165 4462 Spiritus
1189 4393 1397 4449 aﬁiatui
1426 4405 1593 4451 totam
1622 4397 1771 4452 illam
1800 4398 2073 4468 cognitio-

2190 3466 2319 3546 φίας
2347 3477 2526 3547 (τοῦτο
2551 3478 2602 3530 δ’
2623 3473 2692 3549 ἦν
2721 3478 2782 3531 τὸ
2803 3478 3054 3545 φυσικὸν,
3105 3476 3483 3549 διαιρούμενον
3530 3478 3625 3531 καί
3651 3478 3780 3547 παρ’

2190 3569 2373 3632 αὐτοῖς
2398 3568 2479 3632 εἷς
2512 3586 2572 3622 τε
2619 3567 2719 3639 τὴν
2763 3567 2872 3621 τῶν
2907 3566 3115 3637 νοητῶν
3178 3568 3272 3621 καὶ
3323 3567 3629 3637 ἀσωμάτων
3682 3569 3781 3620 ἐπ-

2186 3660 2432 3725 οπτείαν,
2467 3660 2561 3713 καὶ
2587 3661 2666 3722 εἰς
2702 3658 2799 3727 τὴν
2826 3657 2932 3713 τῶν
2979 3656 3251 3727 αἰσθητῶν
3305 3658 3675 3729 φυσιολογίαν)
3726 3660 3777 3712 oi

2183 3747 2328 3803 κατά
2379 3749 2558 3802 πάντα
2604 3747 2801 3801 τέλειοι
2864 3750 3140 3820 προφῆται
3173 3746 3367 3819 ᾕδεσάν
3415 3766 3497 3813 τε,
3545 3751 3776 3813 καὶτοῖς

2180 3841 2421 3906 οἰκείοις,
2449 3841 2539 3893 ὅτε
2565 3839 2628 3912 δὴ
2660 3840 2850 3914 καιρὸς
2900 3841 3107 3905 ἐκάλει,
3157 3841 3521 3912 κατεμίγνυον
3570 3842 3770 3911 λόγοις·

2180 3934 2242 3986 ού
2284 3935 2606 4003 στοχασμοίς
2634 3933 2729 3986 καὶ
2781 3932 2981 4004 θνητῆς
3007 3933 3245 3997 διανοίας
3292 3932 3635 4005 ἐπιτηδεύσει
3672 3951 3776 4004 μα-

2182 4025 2383 4090 θόντες,
2419 4026 2528 4078 οὐδ’
2563 4025 2654 4079 ἐπὶ
2680 4024 3022 4090 διδασκάλοις
3080 4026 3307 4098 ἀνδράσι
3359 4027 3771 4097 σεμνυνόμενοι,

2183 4117 2503 4190 θεοφορήσει
2530 4119 2587 4172 δέ
2615 4118 2925 4190 κρείττονος
2955 4119 3256 4188 δυνάμεως,
3284 4119 3378 4172 καί
3426 4119 3571 4173 θείου
3602 4120 3773 4175 Πνεύ-

2185 4225 2354 4280 ματος
2379 4210 2591 4279 ἐπινοίᾳ
2623 4209 2722 4281 τὴν
2748 4209 2951 4279 γνῶσιν
2980 4210 3343 4275 ἀνατιθέντες.
3380 4210 3569 4264 Ἔνθεν
3601 4212 3772 4283 μυρία

2183 4301 2283 4370 μὲν
2306 4300 2489 4364 αὐτοῖς
2515 4302 2643 4373 περὶ
2666 4301 2775 4354 τῶν
2802 4301 3103 4373 μελλόντων
3134 4302 3478 4364 τεθέσπιστο,
3523 4303 3691 4373 μυρία
3713 4303 3771 4354 δέ

2181 4391 2311 4461 περὶ
2350 4390 2450 4462 τῆς
2473 4390 2566 4444 τοῦ
2602 4390 2807 4455 παντὸς
2838 4392 3153 4456 συστάσεως
3188 4392 3636 4465 πεφυσιολόγητο·
3674 4394 3770 4447 καὶ

492 4497 615 4536 nem
645 4494 923 4553 acceptam
962 4486 1226 4541 ferebant.
1286 4485 1461 4553 Quem
1511 4488 1587 4543 illi
1613 4488 1836 4559 quidem
1871 4491 2070 4556 secuti,

2193 4478 2248 4536 πιῦ
2288 4482 2448 4537 πάλιν
2475 4482 2642 4554 μυρία
2664 4483 2795 4555 περὶ
2825 4482 2978 4547 ζώων
3028 4483 3243 4552 φύσεως
3290 4483 3584 4556 διείληπτο·
3619 4483 3769 4537 πλεῖ-

491 4583 553 4628 ut
576 4574 644 4629 de
679 4578 844 4630 rebus
881 4574 1084 4630 futuris
1112 4577 1328 4631 inﬁnita
1384 4576 1653 4633 divinitus
1683 4578 2074 4648 praedixerunt,

490 4666 573 4722 sic
595 4666 760 4720 etiam
792 4675 846 4721 et
869 4666 935 4721 de
965 4667 1205 4723 universi
1225 4667 1507 4723 molitione
1536 4669 1771 4736 inﬁnita,
1803 4686 1914 4741 quo
1952 4687 2074 4726 mo-

489 4751 560 4812 do
580 4767 772 4811 natura
797 4759 1130 4827 postulabat,
1154 4759 1523 4829 disputarunt,
1543 4769 1598 4815 et
1623 4762 1690 4816 de
1709 4761 2075 4819 animantium

490 4849 735 4918 ipsarum
768 4851 981 4905 naturis
1014 4850 1225 4905 inﬁnita
1249 4860 1556 4907 tractarunt
1585 4871 1600 4918 ;
1632 4854 1834 4923 quibus
1862 4865 1919 4911 et
1949 4872 2075 4911 sex-

488 4951 647 4994 centa
679 4941 746 4995 de
776 4942 980 5011 plantis
1006 4941 1061 4995 in
1098 4943 1215 4998 suis
1250 4944 1456 5013 quique
1520 4945 1823 5015 prophetiis
1852 4948 2075 5004 addide-

486 5045 637 5088 runt.
661 5034 725 5087 Et
749 5050 883 5089 sane
914 5033 1237 5104 Moses,'qui
1265 5036 1692 5105 lapidumetiam
1720 5039 1867 5095 vires
1893 5041 2076 5111 appri-

487 5143 576 5182 me
602 5129 846 5189 calleret,
898 5145 1010 5183 non
1064 5129 1243 5184 obiter
1290 5138 1386 5183 aut
1430 5130 1819 5200 perfunctorie,
1847 5147 1972 5187 cum
2006 5134 2076 5189 de

488 5221 692 5275 summi
724 5220 1029 5277 sacerdotis
1053 5221 1203 5277 cultu
1238 5224 1569 5288 dissereret,
1604 5224 1660 5277 in
1693 5238 1883 5279 eorum
1934 5239 2070 5280 con-

488 5310 819 5366 sideratione
860 5321 1109 5368 versatus
1134 5321 1239 5370 est.
1271 5315 1336 5368 At
1364 5328 1494 5369 vero
1519 5313 1803 5380 Salomon,
1829 5315 1877 5370 si
1920 5315 2075 5385 quis-

486 5418 652 5473 quam
678 5403 839 5468 alius,
874 5405 928 5458 in
963 5406 1064 5460 hac
1093 5406 1452 5476 physiologia:
1478 5415 1631 5476 parte
1656 5421 1929 5461 summam
1954 5421 2073 5460 om-

488 5496 620 5551 nino
671 5497 888 5551 laudem
920 5507 1027 5565 est,
1059 5499 1143 5553 vel
1174 5501 1293 5569 ipso
1345 5500 1545 5554 divinae
1575 5499 1876 5569 Scriptum
1909 5498 2065 5554 testi-

486 5588 696 5651 monio,
742 5599 1092 5645 consecutus.
1153 5590 1246 5646 Sic
1288 5591 1436 5647 enim
1484 5592 1574 5645 illa
1611 5610 1625 5645 :
1669 5611 1687 5642 ι
1719 5589 1961 5645 Locutus
1987 5599 2073 5645 est

487 5695 706 5749 quoque
736 5682 1017 5747 Salomon,
1059 5684 1258 5753 inquit,
1296 5685 1398 5739 tria
1451 5684 1618 5739 millia
1670 5683 1981 5754 parabolas,
2018 5694 2069 5739 et

490 5771 711 5828 fuerunt
740 5774 990 5831 carmina
1011 5773 1133 5845 ejus
1157 5775 1402 5846 quinque
1445 5786 1500 5831 et
1524 5775 1693 5830 mille.
1727 5772 1794 5831 Et
1818 5775 2067 5845 disputa-

2182 4592 2283 4628 στα
2307 4574 2365 4627 δέ
2398 4576 2499 4629 ὅσα
2548 4577 2645 4630 καὶ
2699 4576 2829 4647 περί
2858 4574 3041 4645 φυτῶν
3094 4578 3215 4639 ταῖς
3270 4577 3499 4637 οἰκείαις
3539 4575 3768 4640 ἕκαστος

2179 4667 2541 4738 προφητείαις
2580 4665 2963 4737 κατεϐέϐλητο.
2995 4665 3203 4737 Μωσῆς
3242 4667 3319 4731 δὲ,
3350 4667 3446 4721 καὶ
3490 4666 3653 4721 λίθων
3675 4667 3767 4721 δυ-

2177 4758 2371 4829 νάμεις
2401 4753 2461 4812 εὖ
2491 4759 2637 4830 μάλα
2666 4758 3110 4828 ἐξεπιστάμενος,
3146 4759 3205 4811 ού
3241 4758 3531 4830 παρέργως
3555 4758 3647 4811 ἐπὶ
3667 4758 3765 4829 τῆς

2176 4851 2271 4905 τοῦ
2295 4852 2596 4923 ἀρχιερέως
2622 4851 2815 4921 στολῆς
2844 4853 2910 4922 τῇ
2937 4851 3144 4905 τούτων
3171 4852 3407 4923 κέχρητο
3429 4852 3650 4924 θεωρία·
3670 4853 3767 4906 καὶ

2178 4937 2245 4995 αὖ
2274 4941 2436 4996 πάλιν
2458 4941 2731 5013 Σολομὼν,
2765 4944 2815 4995 εί
2844 4943 2938 4996 καί
2980 4959 3065 5006 τις
3110 4942 3290 5006 ἄλλος,
3344 4946 3401 4997 ἐν
3446 4947 3512 5015 τῇ
3557 4944 3763 4998 τούτων

2175 5033 2474 5108 διαπρέψαι
2497 5036 2817 5108 φυσιολογίᾳ
2867 5036 3003 5109 πρὸς
3054 5037 3155 5107 τῆς
3188 5038 3337 5101 θείας
3403 5042 3761 5110 μαρτυρεῖται

2175 5119 2549 5198 Γραφῆς,ὧδε
2579 5127 2959 5200 περιεχούσης·
3014 5148 3032 5181 ι
3081 5132 3191 5183 Καὶ
3231 5130 3458 5201 ἐλάλησε
3507 5131 3760 5203 Σολομὼν

2174 5220 2479 5292 τρισχιλίας
2525 5220 2859 5293 παραϐολὰς,
2914 5222 3009 5275 καί
3062 5217 3203 5293 ἦσαν
3262 5223 3394 5293 ᾠδαί
3441 5223 3607 5277 αὐτοῦ
3634 5242 3764 5280 πεν-

2174 5312 2533 5384 τακισχίλιαι.
2570 5314 2681 5367 Καὶ
2705 5313 2932 5384 ἐλάλησε
2980 5316 3108 5385 περί
3150 5314 3259 5368 τῶν
3289 5315 3463 5382 ξύλων
3520 5316 3628 5370 ἀπὸ
3658 5317 3763 5387 τῆς

2174 5405 2370 5476 κέδρου
2402 5406 2501 5476 τῆς
2532 5408 2590 5460 ἐν
2617 5405 2695 5476 τῷ
2717 5406 2936 5477 Λιϐάνῳ
2973 5408 3068 5461 καί
3095 5407 3199 5471 ἕως
3229 5407 3329 5479 τῆς
3373 5408 3626 5463 ὑσσώπου
3658 5410 3761 5480 τῆς

2173 5499 2613 5571 ἐκπορευομένης
2662 5498 2748 5552 διὰ
2807 5498 2900 5552 τοῦ
2954 5498 3155 5569 τοίχου.
3207 5501 3318 5553 Καὶ
3368 5500 3594 5570 ἐλάλησε
3629 5503 3760 5573 περὶ

2173 5589 2285 5643 τῶν
2310 5590 2545 5660 κτηνῶν,
2573 5591 2667 5643 καὶ
2696 5589 2823 5660 περὶ
2856 5589 2963 5643 τῶν
2999 5590 3276 5654 πετεινῶν,
3320 5592 3429 5644 καὶ³
3462 5591 3591 5661 περὶ
3643 5591 3759 5645 τῶν

2174 5682 2444 5755 ἑρπετῶν,
2474 5682 2569 5736 καὶ
2620 5683 2749 5754 περί
2796 5682 2905 5735 τῶν
2961 5682 3177 5753 ἰχθύων.
3222 5682 3331 5735 Καὶ
3395 5683 3757 5752 παρεγένοντο

2174 5775 2374 5839 πάντες
2403 5776 2454 5829 οἰ
2477 5775 2595 5831 λαοί
2620 5773 2849 5829 ἀκοῦσαι
2873 5774 2972 5846 τῆς
3016 5773 3206 5845 σοφίας
3246 5773 3607 5846 Σολομῶντος,
3663 5775 3759 5828 καὶ
