4156 6412
542 377 648 433 867

1187 370 1459 428 EUSEBII
1495 366 1975 427 CAESARIENSIS
2012 365 2162 423 OPP.
2206 363 2388 419 PARS
2430 363 2491 418 11.
2535 395 2603 404 -
2641 360 3143 418 APOLOGETICA.

3696 363 3803 420 868

541 496 783 565 objectas
822 492 1220 564 complectitur,
1265 505 1375 544 non
1431 488 1702 543 subtiliter
1741 494 1795 542 et
1837 485 2101 540 enucleati

2219 500 2365 548 νους,
2392 484 2471 546 εἰς
2503 480 2768 551 ἀνάληψιν
2792 477 3051 542 εὐλαὸοὖς
3081 476 3177 530 καὶ
3218 475 3494 548 σώφρονος
3529 474 3665 547 βίου.
3698 478 3803 534 Τὸν

537 589 702 658 vulgo
732 587 1139 657 explicandum,
1168 599 1268 638 nec
1302 583 1643 653 singularum
1681 588 1892 634 natura:
1919 592 2117 632 causas

539 680 763 749 plebeiae
808 677 1143 733 multitudini
1211 675 1535 745 aperiendas
1592 679 1959 742 putaverunt,
2008 668 2117 723 nisi

537 776 806 839 quantum
837 784 1062 823 necesse
1095 776 1233 831 erat,
1270 774 1329 820 ut
1353 780 1545 819 omnes
1578 759 2115 832 intelligerent,nni-

535 876 754 915 versum
783 861 888 915 hoc
923 875 1098 928 neque
1120 874 1214 927 per
1237 873 1380 922 sese,
1419 870 1597 926 neque
1630 869 1761 908 casu
1790 867 1853 906 ac
1887 860 2114 917 temere,

538 950 764 1006 fortuito
781 953 1015 1022 quodam
1044 951 1242 1019 impetu
1271 949 1593 1004 exstitisse:
1621 954 1676 1000 at
1700 944 1900 1000 summi
1934 942 2115 996 Mode-

536 1044 737 1098 ratoris
772 1044 861 1098 Dei
916 1044 1151 1107 ratione,
1185 1050 1238 1095 et
1270 1040 1495 1093 inlinitze
1554 1036 1849 1105 Sapientiae
1891 1033 2116 1087 numine

2222 573 2277 626 δὲ
2300 573 2464 643 βαθὺν
2497 572 2592 627 καὶ
2643 570 2905 643 λεληθότα
2939 569 3069 641 περὶ⁵
3110 567 3315 622 τούτων
3347 568 3507 636 λόγον
3531 569 3591 623 ἐν
3632 569 3804 629 ἀποι-

2226 666 2411 736 ρήτοις
2445 665 2628 734 ζητεῖν
2656 680 2715 716 τε
2759 663 2852 716 καὶ
2879 660 3226 715 διδάσκεσθαι
3256 659 3664 732 κατελίμπανον
3690 663 3804 725 τοῖς

2221 756 2354 818 οἵοις
2379 772 2439 807 τε
2466 756 2535 808 τά
2560 755 2737 809 τοιάδε
2780 753 3011 824 μνῆσθαι
3049 765 3095 805 ει.
3132 752 3350 824 Βραχέα
3384 751 3442 805 δὲ
3481 752 3575 806 καὶ
3617 751 3695 816 ὼς
3747 754 3805 805 ὲν

2220 847 2376 916 τύπῳ
2399 846 2583 915 φάναι,
2611 842 2669 899 εὖ
2702 847 2768 899 ἂν
2795 845 2906 916 ἔχοι
2930 845 3025 898 καὶ
3056 846 3153 916 τῆς
3212 844 3416 898 τούτων
3448 844 3674 898 διελθεῖν
3707 846 3807 897 ἐπ·-

2222 938 2463 1003 οπτείας,
2484 939 2575 992 τόν
2613 955 2671 991 τε
2701 937 2962 992 Πλάτωνα
3005 939 3108 991 κάν
3133 936 3308 1007 τούτῳ
3331 937 3402 991 τὰ
3437 937 3566 1007 φίλα
3594 954 3802 1009 πεφροε-

2220 1031 2426 1101 νηκότα
2450 1033 2564 1095 τοῖς
2589 1030 2938 1102 δηλουμένοις
2968 1034 3340 1102 παραστῆσαι.

530 1139 850 1208 gubernari.
888 1136 993 1191 Res
1026 1144 1208 1189 autem
1247 1134 1367 1187 illas
1397 1131 1543 1202 quod
1597 1134 1822 1193 attinet,
1854 1143 1977 1198 quae
2015 1126 2131 1181 sola
2171 1133 2351 1179 mente
2382 1124 2705 1194 capiuntur,
2755 1139 2878 1178 cum
2920 1123 3189 1192 ejusmodi
3236 1125 3452 1193 aliquas
3483 1138 3636 1188 esse,
3681 1129 3801 1178 tum

537 1231 753 1284 illarum
788 1243 1007 1298 quoque
1030 1229 1281 1294 gradum,
1308 1226 1440 1287 vim,
1474 1232 1637 1292 atque
1686 1220 1981 1275 discrimen
2012 1233 2120 1272 non
2162 1217 2324 1271 modo
2351 1231 2521 1271 sacrae
2555 1217 2759 1286 passim
2800 1216 2997 1270 litterae
3031 1217 3356 1281 docuerunt,
3404 1217 3499 1272 sed
3542 1216 3705 1270 etiam
3733 1230 3798 1269 ea

532 1320 845 1391 promiscue
878 1334 1093 1388 semper
1119 1316 1377 1391 omnibus
1406 1315 1597 1368 audire
1644 1311 1824 1374 licuit,
1853 1318 2121 1380 quantum
2159 1307 2228 1361 iis
2264 1306 2482 1377 quidem
2516 1315 2646 1360 nota
2686 1321 2808 1361 esse
2839 1305 3174 1373 debuerunt,
3215 1305 3376 1377 523
3407 1308 3501 1376 qui
3538 1307 3797 1376 pietatem

532 1416 886 1485 profitentur,
950 1425 1008 1467 ut
1053 1411 1417 1482 castigatioris
1460 1418 1514 1463 ct
1546 1406 1881 1461 honestioris
1920 1404 2046 1460 vita:
2088 1403 2329 1457 rationes
2371 1401 2694 1472 intelligant.
2743 1400 2848 1457 Sed
2899 1410 3079 1456 tamen
3131 1402 3379 1456 altiorem
3422 1402 3578 1456 illum
3612 1403 3798 1457 occul-

535 1508 837 1576 tioremque
882 1521 1138 1570 sensum,
1178 1520 1339 1572 quem
1378 1503 1706 1568 includunt,
1752 1501 1819 1554 iis
1862 1500 2153 1562 duntaxat,
2194 1495 2287 1566 qui
2312 1494 2431 1563 ejus
2465 1495 2785 1549 meminisse
2821 1503 3064 1565 possent,
3113 1495 3216 1550 sub
3246 1495 3461 1551 arcanis
3499 1494 3793 1549 verborum

530 1598 1002 1653 acsententiarum
1058 1596 1396 1661 involucris,
1439 1593 1793 1663 qumrendum
1827 1590 2260 1658 discendumque
2310 1587 2668 1657 reliquerunt.
2711 1586 2888 1657 Atque
2949 1586 3037 1641 hic
3077 1601 3258 1656 opera;
3304 1586 3539 1655 pretium
3609 1584 3790 1653 fuerit,

524 1706 700 1760 pauca
749 1690 998 1760 quaedam
1050 1689 1133 1743 vel
1184 1686 1542 1742 informandze
1589 1686 1665 1740 rei
1710 1685 1919 1754 gratia,
1955 1683 2021 1738 de
2056 1682 2161 1737 hoc
2197 1681 2361 1735 etiam
2414 1680 2587 1735 altero
2619 1694 2817 1750 genere
2864 1680 3155 1744 disserere,
3210 1693 3486 1751 quamque
3512 1678 3568 1732 in
3601 1677 3789 1733 eodem

527 1785 769 1842 Hebrreis
802 1785 983 1840 aﬂinia
1023 1784 1277 1841 similiter
1306 1799 1369 1838 ac
1402 1782 1637 1853 genuina
1665 1780 1818 1836 Plato
1846 1778 2101 1843 senserit,
2141 1778 2541 1833 demonstrare.

1094 1874 1325 1931 CAPUT
1368 1874 1506 1928 VIII.

806 1969 882 2023 De
910 1985 1087 2022 rerum
1109 1968 1433 2037 spiritalium
1458 1965 1813 2037 physiologia.

596 2082 889 2137 Enimvero
926 2081 1220 2137 Platonem.
1245 2082 1432 2147 illum,
1482 2096 1644 2150 quem
1680 2088 1963 2148 tantopere
1992 2094 2110 2133 om-

524 2189 624 2230 nes
649 2174 1011 2239 admirantur,
1033 2174 1087 2227 in
1107 2174 1211 2228 hac
1239 2188 1458 2242 quoque
1487 2186 1671 2225 rerum
1702 2171 2027 2240 spiritalium
2055 2179 2111 2225 et

524 2267 972 2338 incorporearum
1006 2267 1254 2322 doctrina
1289 2274 1345 2320 et
1377 2265 1589 2319 ratione
1615 2264 1962 2333 explicanda,
1994 2278 2103 2316 nou

524 2360 689 2414 modo
740 2358 1207 2429 sapientissimum
1261 2355 1488 2421 Mosem,
1536 2370 1723 2408 verum
1765 2354 1932 2409 etiam
1966 2353 2104 2407 alios

518 2448 877 2505 Hebraeorum
924 2451 1239 2520 prophetas,
1269 2456 1520 2504 secutum
1549 2460 1694 2514 esse,
1719 2446 1806 2501 vel
1852 2461 1920 2500 ex
1970 2444 2105 2515 ipsis

523 2540 645 2610 ejus
679 2541 857 2596 verbis
908 2540 1199 2595 manifeste
1247 2547 1511 2594 constat:
1560 2538 1675 2593 sive
1721 2552 1844 2592 eam
1884 2535 2026 2590 fama
2054 2545 2108 2590 et

523 2633 804 2688 auditione
826 2633 1115 2703 acceperit,
1153 2647 1277 2687 cum
1302 2640 1512 2686 certum
1545 2631 1636 2696 sit,
1657 2629 1801 2699 apud
1819 2628 2105 2701 Egyptios

515 2733 656 2779 tunc
697 2725 965 2794 temporis
1021 2724 1175 2779 illum
1208 2723 1458 2794 degisse,
1503 2737 1630 2776 cum
1668 2714 1880 2775 Hebraei
1932 2718 2105 2789 patria

514 2816 762 2872 secundo
791 2816 975 2887 pulsi,
1005 2815 1192 2872 Persis
1237 2814 1652 2872 dominantibus
1676 2855 1692 2881 ,
1753 2813 1808 2868 in
1865 2811 2103 2883 Egypto

520 2918 873 2963 versarentur
905 2926 918 2962 :
961 2908 1076 2963 sive
1102 2923 1198 2978 per
1231 2922 1355 2964 sese
1402 2906 1684 2977 prapriam
1723 2920 1910 2960 rerum
1938 2916 2103 2959 natu-

516 3013 639 3053 tam
670 2997 922 3066 rimatus,
955 2998 1071 3054 sive
1110 3011 1443 3068 quocunque
1480 2995 1646 3051 modo
1675 2996 1730 3049 in
1755 3010 1876 3050 eam
1905 2993 2105 3049 divini-

517 3096 611 3143 tus
666 3089 1034 3160 cognitionem
1077 3089 1374 3159 perductus
1415 3087 1597 3143 fuerit.
1632 3105 1650 3139 ι
1685 3086 1827 3141 Deus
1879 3085 2047 3148 enim,
2075 3102 2093 3134 ι

515 3180 698 3250 inquit
722 3181 1018 3251 Apostolus
1047 3181 1116 3248 ⁹⁹,
1157 3199 1176 3233 ι
1210 3182 1346 3252 ipsis
1371 3179 1763 3236 manifestavit.
1802 3178 2096 3233 invisibilia

512 3273 667 3327 enim
700 3271 894 3342 ipsius,
941 3286 972 3326 a
1010 3280 1261 3327 creatura
1308 3271 1500 3326 mundi
1533 3312 1548 3339 ,
1576 3286 1672 3341 per
1697 3286 1759 3326 ea
1787 3285 1908 3342 quae
1953 3268 2097 3326 facta

519 3372 670 3428 sunt,
729 3364 1004 3419 intellecta
1058 3365 1509 3435 conspiciuntur,
1568 3365 1688 3435 ipsa
1729 3380 1949 3436 quoque
1978 3366 2098 3437 ejus

516 3454 850 3526 sempiterna
877 3456 1054 3511 virtus
1081 3465 1244 3526 atque
1274 3456 1554 3522 divinitas,
1587 3467 1648 3510 ut
1678 3457 1789 3511 sint
1810 3457 2100 3512 inexcusa-

517 3544 679 3601 biles.
719 3564 737 3597 ι
763 3544 842 3601 Tu
870 3561 1001 3601 vero
1015 3546 1173 3602 facile
1196 3547 1361 3618 hujus
1377 3549 1457 3604 rei
1475 3550 1757 3604 veritatem
1776 3564 1843 3604 ex
1865 3565 2100 3619 sequen-

520 3641 667 3695 tibus
695 3638 988 3708 intelligas.

1149 3730 1380 3787 CAPUT
1418 3732 1514 3788 IX.

711 3821 790 3877 De
818 3834 952 3888 ente,
986 3822 1070 3877 Ea:
1095 3822 1262 3879 Hosis
1294 3822 1637 3895 Platonisque
1652 3824 1917 3880 doctrina.

589 3913 872 3983 Ejusmodi
907 3917 1192 3972 oraculum
1246 3914 1425 3972 Moses
1457 3917 1633 3973 sacris
1674 3918 1731 3972 in
1780 3917 1977 3972 litteris
2030 3932 2097 3972 ex

515 4021 746 4075 persona
776 4006 869 4063 Dei
902 4009 1223 4077 pronuntiat
1245 4009 1261 4039 ¹
1305 4027 1319 4062 :
1359 4027 1377 4059 ι
1414 4008 1528 4080 Ego
1560 4025 1681 4065 sum
1708 4010 1799 4081 qui
1835 4026 1979 4065 sum.
2005 4009 2099 4066 Sic

496 4098 665 4153 .dices
694 4099 818 4154 filiis
844 4099 1010 4169 Israel
1043 4099 1181 4166 :Qui
1206 4108 1314 4163 est,
1338 4101 1487 4156 misit
1508 4100 1577 4155 ad
1600 4116 1689 4157 me
1721 4117 1838 4158 vos.
1866 4120 1885 4154 ι
1915 4101 2095 4173 Atque

493 4190 591 4244 lita
615 4189 982 4271 Deumunum
1002 4208 1069 4247 ex
1086 4193 1343 4248 omnibus
1370 4206 1494 4249 vere
1523 4208 1667 4257 esse,
1702 4208 1767 4249 ac
1798 4195 2095 4264 genushoc

492 4283 756 4351 nominis
783 4284 840 4336 in
877 4299 1001 4339 cum
1040 4283 1258 4353 proprie
1293 4283 1471 4338 solum
1501 4291 1735 4354 apteque
1774 4284 2091 4348 convenire,

490 4374 771 4429 .declarat.
831 4372 1095 4447 Similiter
1122 4374 1190 4429 de
1213 4389 1395 4429 rerum
1432 4392 1555 4445 quae
1583 4392 1748 4431 sensu
1780 4377 2095 4447 percipiun-

516 4472 627 4529 tur,
655 4451 885 4535 quzequ'e
913 4482 1143 4536 corpore
1201 4468 1439 4536 praedita:
1472 4476 1620 4531 sunt,
1655 4476 1777 4523 ortu
1816 4468 1980 4522 simul
2009 4475 2094 4523 at-

2731 1868 3129 1921 ΚΕΦΑΛᾹΙΟΝ
3156 1867 3240 1920 H'.

2426 1959 2562 2029 Περὶ
2591 1957 2700 2028 τῆς
2731 1957 2849 2012 τῶν
2888 1958 3120 2027 νοητῶν
3166 1957 3577 2026 φυσιολογίας.

2285 2077 2360 2130 Οὐ
2394 2077 2500 2148 μὴν
2534 2074 2670 2129 ἀλλά
2696 2076 2791 2129 καὶ
2817 2075 2944 2145 περὶ
2966 2073 3064 2144 τῆς
3086 2072 3193 2125 τῶν
3215 2070 3419 2140 νοητῶν
3447 2070 3541 2123 καὶ
3566 2066 3790 2137 ἀσωμά-

2212 2189 2319 2224 των
2345 2169 2680 2232 παιδεύσεως
2717 2169 2813 2221 καὶ
2839 2168 3071 2239 Θεωρίας
3106 2165 3183 2236 τῷ
3208 2164 3465 2234 πανσόφῳ
3486 2163 3675 2217 Μωσεί
3694 2160 3789 2214 καὶ

2210 2265 2324 2326 τοῖς
2362 2261 2625 2333 Ἐϐραίων
2662 2261 2967 2333 προφήταις
3015 2260 3242 2313 Πλάτων
3289 2260 3318 2311 ό
3348 2257 3648 2328 θαυμάσιος
3693 2257 3793 2308 επ-

2209 2354 2592 2427 ηκολουθηκὼς
2615 2354 2704 2408 διὰ
2729 2354 2839 2407 τῶν
2864 2353 3079 2407 οἰκείων
3102 2350 3309 2422 φωνῶν’
3326 2352 3441 2404 ἐστι
3477 2349 3650 2421 δῆλος·
3695 2347 3789 2401 εἴτ’

2210 2448 2270 2515 ἐξ
2296 2450 2466 2519 ἀκοῆς
2496 2450 2577 2511 εἰς
2599 2446 2759 2501 αὐτὸν
2789 2445 3029 2517 ἡκούσης
3060 2442 3266 2515 μαθὼν,
3285 2444 3408 2496 ἐπεὶ
3429 2443 3522 2495 καὶ
3551 2441 3791 2494 συνίστα-

2209 2556 2299 2593 ται
2328 2540 2457 2611 παρ’
2481 2539 2799 2608 Αἰγυπτίοις
2821 2536 3074 2608 τηνικάδε
3116 2534 3213 2597 τὰς
3259 2532 3540 2605 διατριϐάς
3564 2549 3790 2603 πεποιη-

2212 2632 2392 2703 μένος,
2418 2632 2539 2686 καθ⁹
2559 2632 2618 2685 ὃν
2662 2631 2923 2703 Ἑϐραῖοι,
2944 2632 3044 2701 τῆς
3068 2626 3271 2691 οἰκείας
3302 2626 3551 2697 δεύτερον
3576 2627 3785 2678 ἀποπε-

2212 2725 2394 2789 σόντες
2416 2728 2537 2797 γῆς,
2586 2723 2901 2793 Αἰγυπτίοις
2957 2717 3349 2791 ὲπεχωρίαζον,
3383 2715 3606 2788 Περσῶν
3664 2718 3786 2769 ὲπι-

2210 2820 2569 2892 κρατούντων·
2598 2818 2707 2871 εἴτε
2745 2817 2841 2871 καὶ
2870 2816 2999 2887 παρ’
3041 2814 3232 2868 ἑαυτοῦ
3287 2816 3354 2884 τῇ
3377 2811 3483 2865 τῶν
3523 2809 3785 2881 πραγμά-

2208 2929 2317 2965 των
2341 2909 2614 2965 ὲπιὸαλὼν
2673 2908 2851 2979 φύσει·
2883 2909 2994 2962 εἴτε
3040 2905 3288 2961 ὁπωσοῦν
3340 2904 3445 2958 ὑπὸ
3478 2901 3612 2956 Θεοῦ
3655 2918 3788 2954 κατ-

2209 3002 2460 3068 αξιωθεὶς
2480 3006 2578 3075 τῆς
2602 3000 2874 3073 γνώσεως.
2911 3020 2930 3053 ι
2967 3001 3027 3053 '0
3060 2998 3193 3063 Θεὸς
3220 2999 3381 3071 γὰρ,ι
3424 2995 3609 3067 φησὶν,
3645 3013 3664 3045 ι
3686 2993 3786 3046 αύ-

2208 3099 2319 3161 τοῖς
2346 3096 2677 3168 ὲφανέρωσε.
2706 3094 2786 3148 Τά
2824 3095 2933 3166 γάρ
2961 3094 3167 3167 ἀόρατα
3195 3090 3357 3146 αὑτοῦ
3398 3088 3508 3144 ἀπὸ
3558 3088 3787 3151 κτίσεως

2209 3188 2416 3259 κόσμου
2453 3191 2567 3252 τοῖς
2596 3190 2864 3259 ποιήμασι
2889 3185 3157 3256 νοούμενα
3187 3184 3508 3255 καθορᾶται,
3535 3182 3570 3252 ἥ
3604 3198 3664 3234 τε
3698 3181 3788 3235 αὺ-

2201 3279 2296 3333 τοῦ
2325 3280 2494 3344 ἀΐδιος
2524 3279 2752 3350 δύναμις
2783 3279 2878 3333 καὶ
2941 3278 3172 3349 θειότης,
3210 3278 3288 3340 εἰς
3316 3276 3378 3328 τὸ
3403 3270 3542 3327 εἶναι
3588 3272 3784 3334 αὐτοὺς

2201 3371 2660 3441 ἀναπολογήτους.
2678 3390 2695 3422 ι
2725 3370 2935 3434 Μάθοις
2960 3369 3005 3422 δ’
3033 3368 3099 3421 ἂν
3128 3369 3188 3421 τδ
3211 3365 3500 3439 εἰρημένον
3550 3357 3653 3417 ὧδέ
3704 3380 3780 3432 πη

2199 3462 2676 3533 διασκοπούμενος.

2742 3730 3135 3788 ΚΕΦΑΛΑΙΟΝ
3173 3730 3228 3785 Θ’
3237 3773 3248 3785 .

2359 3826 2500 3896 Περί
2530 3825 2634 3879 τοῦ
2663 3824 2857 3891 ὄντος,
2882 3824 3141 3890 Μωσέως
3155 3824 3253 3877 καὶ
3276 3821 3619 3888 Πλάτωνος.

2269 3918 2515 3981 Μωσέως
2559 3919 2616 3970 ὲν
2643 3919 2764 3980 ταῖς
2791 3916 3160 3988 ἱεροφαντίαις
3207 3914 3453 3987 χρησμὸν
3499 3915 3565 3968 ὲκ
3607 3927 3780 3984 προσ-

2200 4009 2351 4063 ώπου
2383 4007 2476 4062 τοῦ
2517 4008 2652 4062 Θεοῦ
2681 4010 2968 4079 φήσαντος·
3001 4024 3020 4057 ι
3064 4005 3205 4074 Ἐγώ
3256 4006 3371 4075 εἰμι
3404 4004 3432 4056 ό
3459 4002 3552 4056 ὧν.
3590 4003 3778 4066 Οὕτως

2197 4103 2343 4172 ἐρεῖς
2373 4102 2487 4164 τοῖς
2506 4101 2643 4162 υἱοῖς
2683 4098 2923 4170 Ἰσραήλ·
2979 4098 3037 4151 Ὅ
3080 4096 3153 4150 ὢν
3182 4095 3492 4150 ἀπέσταλκε
3540 4112 3606 4166 με
3640 4095 3777 4168 πρὸς

2199 4195 2396 4264 ὑμᾶς’»
2435 4191 2814 4263 παραθεμένου
2842 4190 2898 4244 δὲ
2918 4191 3013 4244 καὶ
3040 4189 3131 4242 τὸν
3168 4189 3300 4242 Θεὸν
3334 4187 3493 4259 μόνον
3520 4188 3777 4260 ἄντικρυς

2197 4287 2348 4351 ὄντα,
2373 4284 2465 4338 καὶ
2497 4283 2658 4355 τῆσδε
2692 4284 2897 4355 κυρίως
2943 4284 3038 4336 καὶ
3063 4281 3335 4353 ἁρμοδίως
3356 4280 3655 4352 ἠξιωμένον
3679 4281 3777 4352 τῆς

2197 4377 2441 4450 κλήσεως
2495 4376 2940 4446 ἀποφηναμένου*
2994 4373 3152 4427 πάλιν
3188 4391 3246 4426 τε
3304 4368 3371 4425 αὖ
3434 4372 3775 4443 Σολομῶντος

2196 4472 2326 4544 περὶ
2351 4473 2450 4542 τῆς
2473 4470 2581 4524 τῶν
2627 4466 2898 4540 αἰσθητῶν
2937 4466 3030 4520 καὶ
3061 4464 3388 4536 σωματικῶν
3411 4464 3676 4534 γενέσεώς
3714 4480 3775 4517 τε

489 4570 622 4626 .que
657 4556 878 4611 interitu
907 4556 1167 4612 Salomon
1200 4558 1273 4612 ita
1310 4559 1554 4627 loquitur
1585 4560 1604 4588 ‘
1641 4577 1654 4612 :
1694 4559 1859 4631 524
1892 4578 1911 4611 ι
1948 4558 2091 4625 Quid

2203 4564 2291 4617 καὶ
2316 4562 2522 4634 φθορᾶς
2545 4562 2874 4622 ἀνειπόντος·
2909 4577 2928 4609 ι
2958 4558 3023 4610 Τί
3043 4556 3103 4609 τό
3136 4556 3386 4625 γεγονός;
3411 4557 3543 4611 αὐτὸ
3583 4553 3645 4607 τὸ
3679 4569 3773 4623 γε-

512 4655 617 4710 est,
641 4647 788 4717 q‘uod
820 4645 921 4701 fuit
952 4648 974 4699 ?
1000 4649 1181 4718 ipsum
1214 4649 1360 4719 quod
1383 4649 1633 4704 futurum
1670 4660 1772 4706 est.
1812 4650 1963 4705 Nihil
1989 4652 2092 4708 sub

513 4739 631 4793 sole
662 4755 884 4794 novum.
917 4739 1029 4795 Nec
1075 4742 1217 4795 valet
1246 4743 1537 4812 quisquam
1569 4744 1750 4799 dicere
1782 4761 1796 4798 :
1825 4744 1963 4799 Ecce
1989 4746 2092 4801 hoc

514 4843 704 4883 recens
724 4839 840 4884 est:
869 4829 981 4899 jam
1013 4831 1158 4884 enim
1182 4835 1461 4901 praecessit
1495 4835 1550 4887 in
1579 4835 1953 4905 saeculis,qu:e
1973 4834 2090 4890 fue-

511 4929 643 4974 runt
668 4928 794 4974 ante
825 4937 946 4978 nos.
982 4940 999 4973 ι
1029 4920 1195 4977 Iidem
1225 4924 1384 4978 nobis
1408 4935 1806 4994 consequenter
1845 4926 1898 4980 id
1925 4941 2089 4982 omne

512 5010 661 5081 quod
687 5020 790 5075 est,
822 5012 875 5065 in
909 5012 1016 5066 duo
1046 5028 1243 5083 genera
1296 5015 1634 5083 partiuntur,
1666 5017 1927 5084 spiritale,
1958 5032 2087 5071 sen-

512 5116 688 5172 suque
725 5116 1093 5172 perceptum:
1149 5113 1202 5158 et
1250 5106 1515 5174 spiritalia
1572 5107 1793 5177 quidem
1853 5123 2084 5178 corpore

512 5193 707 5258 libera,
737 5195 829 5249 sed
855 5210 885 5249 a
908 5204 1102 5249 natura
1133 5211 1257 5250 cum
1292 5198 1553 5253 instructa
1588 5200 1817 5267 ratione,
1852 5208 1966 5253 tum
1998 5201 2084 5254 in-

515 5285 706 5339 teritus
726 5300 791 5340 ac
817 5286 1008 5340 mortis
1030 5288 1268 5356 expertia
1302 5304 1422 5343 csse
1444 5298 1691 5345 statuunt
1716 5309 1729 5357 ;
1748 5301 1938 5347 contra
1956 5308 2085 5346 vero

514 5376 767 5433 sensibus
810 5376 989 5441 obvia,
1026 5377 1083 5431 in
1128 5377 1277 5432 ﬂuxu
1318 5388 1371 5435 et
1396 5383 1786 5451 corruptione,
1830 5394 1997 5453 atque
2026 5385 2078 5438 in

513 5467 734 5522 assidua
762 5476 972 5523 natura:
1003 5484 1117 5524 suae
1153 5472 1455 5527 mutatione
1488 5477 1716 5529 versari.
1757 5475 1825 5528 At
1862 5476 2079 5530 univer-

514 5560 594 5614 sis
620 5574 789 5614 unum
817 5560 883 5613 ad
904 5560 1232 5631 principium
1264 5572 1536 5634 caputque
1585 5566 1874 5621 revocatis.
1909 5583 2080 5622 unum

2200 4653 2519 4723 νησόμενον·
2578 4650 2670 4705 καὶ
2718 4652 2818 4704 οὐκ
2867 4649 2983 4701 ἔστι
3036 4652 3145 4702 πᾶν
3188 4648 3516 4720 πρόσφατον
3550 4649 3655 4703 ὑπὸ
3681 4649 3773 4703 τὸν

2194 4742 2364 4812 ἥλιον.
2394 4742 2489 4802 Ὃς
2515 4739 2734 4809 λαλήσει
2760 4736 2852 4790 καὶ
2882 4737 3014 4808 ὲρεί·
3045 4736 3170 4801 Ἴδε,
3203 4739 3360 4791 τοῦτο
3391 4740 3576 4795 καινόν
3597 4743 3765 4795 ἐστιν·

2193 4832 2293 4904 ἤδη
2324 4833 2544 4901 γέγονεν
2578 4832 2635 4883 ἐν
2663 4832 2776 4892 τοῖς
2819 4829 2980 4881 αἰῶσι
3021 4832 3133 4892 τοῖς
3177 4832 3493 4901 γενομένοις
3520 4831 3630 4887 ἀπὸ
3666 4831 3767 4905 ἔμ-

2192 4923 2427 4996 προσθεν
2450 4920 2659 4993 ἡμῶνσι
2690 4918 2895 4972 τούτων
2922 4917 2978 4969 δὲ
3013 4918 3103 4971 καὶ
3153 4921 3281 4990 ἡμῖν
3330 4920 3639 4985 ἀκολούθως
3688 4924 3769 4987 εἰς

2192 5015 2285 5069 δύο
2309 5015 2370 5068 τὸ
2400 5015 2507 5068 πᾶν
2534 5011 2904 5084 διαιρούντων,
2930 5011 3008 5075 είς
3042 5028 3100 5063 τε
3126 5013 3314 5083 νοητὸν
3370 5014 3464 5067 καὶ
3489 5015 3766 5086 αἰσθητόν·

2194 5108 2288 5162 καὶ
2319 5106 2380 5159 τὸ
2411 5107 2507 5177 μὲν
2550 5107 2736 5175 νοητὸν
2768 5102 3057 5173 ἀσώματον
3095 5105 3188 5156 καὶ
3212 5104 3425 5172 λογικὸν
3454 5106 3550 5177 τὴν
3584 5106 3766 5177 φύσιν,

2193 5195 2466 5266 ἄφθαρτόν
2512 5209 2571 5245 τε
2631 5193 2724 5245 καὶ
2774 5192 3038 5245 ἀθάνατον
3070 5187 3579 5265 εἶναιόριζομένων·
3616 5197 3676 5251 τὸ
3721 5196 3768 5251 δ’

2192 5289 2446 5358 αἰσθητὸν
2477 5286 2710 5355 ὲν.ῥύσει
2735 5286 2828 5338 καὶ
2862 5284 3056 5356 φθορᾷ,
3092 5286 3358 5357 μεταϐολῇ
3382 5304 3440 5340 τε
3469 5291 3563 5342 καὶ
3588 5293 3766 5363 τροπῇ

2192 5385 2291 5453 τῆς
2322 5381 2508 5442 ούσίας
2532 5380 2814 5450 ὑπάρχειν·
2850 5379 3066 5431 πάντων
3088 5378 3133 5430 δ’
3158 5379 3252 5433 ἐπὶ
3279 5380 3408 5450 μίαν
3437 5380 3612 5453 ἀρχὴν
3642 5385 3768 5436 ἀνα-

2192 5470 2688 5542 κεφαλαιουμένων,
2716 5471 2773 5522 ἓν
2801 5486 2859 5522 τε
2881 5464 3019 5523 εἶναι
3044 5468 3328 5540 ἀγένητον,
3357 5472 3451 5524 καὶ
3480 5473 3539 5525 τὸ
3559 5475 3764 5544 κυρίως

2192 5566 2284 5619 καὶ
2306 5563 2518 5634 ἀληθῶς
2550 5562 2608 5618 ὃν
2632 5561 3082 5634 ὣγματιζὸντων,
3115 5560 3176 5614 τὸ
3209 5562 3425 5619 πάντων
3458 5565 3762 5636 ἀσωμάτων

583 5671 629 5702 ⁹⁹
669 5668 826 5722 Rom.
868 5684 908 5733 ι,
943 5669 1036 5724 20.
1114 5672 1131 5702 ι
1173 5671 1345 5732 Exod.
1389 5693 1471 5745 ιιι,
1514 5678 1599 5732 ﬂ.
1680 5680 1700 5710 ¹
1740 5660 1919 5735 Eccle.
1968 5696 2008 5743 ι,
2040 5679 2093 5747 9,
2130 5677 2215 5732 10.

586 5794 615 5824 ι
652 5779 814 5837 Forte
850 5783 1178 5858 μεμνῆσθαι.
