4156 6410
410 367 527 425 ’869

1582 368 1909 423 -ΡΒᾸΞΡΑΒ,
1950 368 2202 425 EVANG.
2246 369 2373 426 LIB.
2412 369 2504 425 XI.

3565 368 3668 424 870

417 501 480 542 τε
498 487 593 542 καὶ
628 484 893 558 σωμάτων
921 485 1111 539 αἴτιονο
1136 485 1234 538 θέα
1256 485 1379 538 τίνα
1402 483 1601 555 τρόπον
1624 486 1686 537 οὐ
1715 485 1873 555 μόνον
1896 485 1994 555 τὴν

2102 500 2223 541 esse
2247 487 2514 541 duntaxat
2561 486 2705 555 quod
2739 501 2914 555 neque
2945 494 3125 541 ortum
3154 485 3427 553 habuerit,
3456 496 3512 541 et
3539 500 3669 556 pro-

418 580 677 642 διάνοιαν,
709 578 844 632 ἀλλὰ
877 579 971 631 καὶ
1003 577 1103 640 τὰς
1131 577 1304 641 λέξεις
1326 577 1515 641 αὑτὰς,
1549 578 1645 630 καὶ
1676 576 1744 630 τὰ
1771 577 1995 648 ῥήματα

418 672 520 743 τῆς
558 670 825 741 Ἑϐραίων
871 671 1088 740 γραφῆς
1123 668 1438 740 παραξέσας
1487 671 1517 721 ὁ
1562 667 1810 733 Πλάτων,
1860 667 1997 731 ὲξοι-

422 759 664 815 κειοῦται
693 760 757 813 τὸ
783 760 981 831 δόγμα,
1028 760 1360 831 πλατύτερον
1417 754 1519 813 ὧδέ
1567 778 1643 831 πη
1694 759 1992 833 διασαφῶνο

429 871 449 905 ι
469 853 615 907 me
638 852 698 906 δν
731 852 842 924 (54)
872 854 979 917 ἀεὶ,
1038 853 1249 920 γένεσιν
1282 853 1339 906 δὲ
1362 854 1462 905 οὐκ
1510 852 1663 922 έχονς
1715 854 1824 905 Καὶ
1855 852 1908 905 τί
1936 851 1997 904 τὸ

423 941 708 1012 γινόμενον
737 942 835 1011 μὲν
861 943 949 994 ἀεὶ
1005 942 1138 1011 (55),
1172 942 1230 995 ὃν
1257 942 1314 993 δὲ
1346 942 1634 1008 osseum;
1673 942 1746 995 Τὸ
1788 943 1886 1012 μὲν
1910 941 1995 1013 δὴ,

424 1033 607 1103 νοήσει
646 1032 783 1102 μετὰ
822 1032 980 1100 λόγου
1037 1033 1389 1103 περιληπτὸν,
1431 1033 1518 1085 ἀεὶ
1567 1033 1709 1086 κατὰ
1759 1032 1827 1085 τὰ
1859 1033 1998 1086 αὐτὰ

425 1122 484 1174 ὃν
510 1122 643 1191 (56)·
669 1123 731 1175 τὸ
754 1123 831 1187 δὲ,
866 1123 1118 1192 αἰσθήσει
1171 1123 1351 1193 ἀλόγῳ
1398 1121 1677 1187 δοξαστὸν,
1717 1124 1998 1193 γινόμενον

427 1215 519 1267 καὶ
565 1214 953 1284 ἀπολλύμενον,
1009 1214 1178 1279 ὅντως
1232 1215 1288 1268 δὲ
1326 1216 1579 1270 οὐδέποτε
1616 1215 1730 1268 όν.»
1776 1211 1903 1286 ’Ἆρ’
1937 1215 1997 1266 οὐ

430 1305 614 1374 σαφῶς
639 1305 876 1375 πέφηνεν
899 1306 927 1357 ὁ
956 1305 1256 1376 Θαυμάσιος
1282 1306 1342 1360 τὸ
1379 1307 1476 1377 μὲν
1499 1306 1648 1378 παρὰ
1690 1308 1879 1359 Μωσεῖ
1906 1308 2003 1376 φῆ-

430 1416 527 1452 σαν
553 1398 728 1465 λόγιον
748 1415 760 1426 ·
796 1417 815 1447 ι
857 1392 996 1465 Ἐγώ
1014 1399 1133 1468 εἰμι
1159 1399 1189 1449 ό
1221 1396 1348 1460 dav,»
1403 1397 1774 1468 μεταποιήσας
1811 1396 1879 1450 δι’
1906 1398 2002 1449 αὐ-

427 1487 540 1540 τοῦ·
572 1506 590 1538 ι
618 1487 683 1539 Τί
706 1486 767 1539 τὸ
790 1485 849 1540 ὃν
870 1486 975 1550 ἀεὶ,
998 1485 1209 1554 γένεσιν
1233 1485 1289 1538 δὲ
1339 1486 1438 1539 οὐκ
1460 1477 1614 1555 ἔχον;
1655 1503 1674 1538 ι
1719 1487 1827 1539 Καὶ
1848 1486 2003 1539 τοῦτό

429 1593 493 1646 γε
523 1576 840 1647 λευκότερον
861 1576 1202 1644 διασαφήσας
1256 1575 1370 1646 (57)
1403 1577 1461 1629 ἐν
1486 1575 1564 1646 τῷ
1592 1577 1775 1646 φάναι,
1834 1595 1852 1627 ‹
1880 1577 2001 1647 μηδ’

420 1666 555 1720 ἄλλο
597 1661 733 1718 εἶναι
753 1665 814 1717 τὸ
837 1664 894 1718 ὃν
918 1665 951 1735 ἢ
982 1664 1042 1717 τὸ
1066 1665 1126 1717 οὺ
1157 1664 1358 1735 σαρκὸς
1383 1665 1682 1735 ὀφθαλμοῖς
1703 1666 2000 1736 ὁρώμενον,

2094 576 2214 645 prie
2242 577 2419 629 solum
2454 590 2689 644 vereque
2729 574 2821 640 sit,
2852 576 3103 644 idemque
3133 575 3378 628 omnium
3407 575 3657 639 omnino,

2096 682 2193 721 seu
2244 682 2473 736 corpore
2523 679 2778 734 careant,
2807 686 2900 725 seu
2936 685 3061 724 cum
3096 683 3161 723 eo
3186 667 3479 736 conjuncta
3534 668 3668 732 sint,

2098 772 2324 812 causam
2360 765 2524 829 atque
2552 763 2884 832 principium
2914 776 3035 816 esse
3058 760 3379 815 decernunt.
3405 757 3525 814 Jam
3550 761 3673 816 vide

2098 859 2154 904 tu
2180 850 2333 916 mihi,
2366 868 2476 921 quo
2510 862 2670 921 pacto
2698 870 2764 908 ex
2798 852 3147 908 Hebraeorum
3178 852 3374 907 litteris
3399 867 3506 905 non
3538 868 3666 907 sen-

2098 942 2268 995 tentia
2299 943 2482 1009 modo,
2510 944 2603 998 sed
2640 945 2772 1013 ipsis
2804 945 2968 999 etiam
3018 944 3241 999 vocibus
3267 944 3554 1013 verbisque
3582 945 3677 998 de-

2100 1032 2261 1095 rasis,
2292 1032 2396 1087 hoc
2425 1034 2530 1088 sibi
2559 1034 2712 1089 Plato
2737 1035 2933 1105 dogma
2957 1035 3221 1100 vindicet,
3256 1035 3478 1089 uberius
3512 1035 3676 1103 paulo

2099 1137 2214 1175 rem
2251 1123 2324 1175 ita
2358 1123 2682 1179 declarans:
2725 1143 2742 1175 ι
2786 1124 2928 1189 Quid
2959 1125 3093 1178 illud
3142 1133 3247 1187 εει,
3284 1123 3429 1193 quod
3459 1139 3677 1194 semper

2099 1223 2201 1279 est,
2236 1229 2333 1267 nec
2358 1222 2539 1268 tamen
2572 1223 2751 1269 ortum
2786 1217 2956 1269 ullum
2978 1217 3138 1270 habet
3167 1218 3190 1268 ?
3218 1214 3358 1280 Quid
3384 1216 3517 1269 illud
3541 1230 3679 1269 con-

2102 1310 2205 1369 tra,
2236 1304 2381 1373 quod
2408 1319 2621 1373 semper
2649 1306 2893 1359 nascitur
2916 1347 2930 1372 ,
2959 1316 3012 1360 et
3042 1321 3325 1376 nunquam
3349 1305 3477 1361 est?
3514 1305 3677 1361 Prius

2102 1395 2235 1449 illud
2264 1396 2505 1464 quidem,
2542 1396 2688 1465 quod
2735 1412 2950 1467 semper
2983 1407 3145 1466 atque
3176 1399 3363 1452 eodem
3393 1399 3552 1452 modo
3593 1409 3678 1453 est

2102 1487 2170 1541 ab
2214 1489 2324 1541 sola
2358 1488 2712 1558 intelligentia
2758 1504 2882 1543 cum
2918 1491 3132 1545 ratione
3160 1490 3479 1559 percipitur.
3525 1489 3676 1543 Alte-

2104 1593 2227 1630 rum
2279 1578 2403 1643 hoc,
2435 1579 2580 1647 quod
2607 1578 2783 1632 oritur
2832 1579 2994 1633 simul
3027 1589 3081 1635 et
3106 1581 3328 1647 occidit,
3362 1597 3538 1649 neque
3574 1597 3680 1635 un-

2104 1682 2267 1736 quam
2299 1683 2427 1720 vcre
2469 1676 2570 1731 est,
2624 1667 2678 1720 in
2738 1683 2802 1722 ea
2834 1669 3119 1735 duntaxat,
3163 1684 3325 1738 quam
3375 1684 3571 1723 sensus
3608 1671 3679 1723 ab

430 1757 506 1827 νῷ
531 1756 589 1809 δὲ
618 1754 1217 1825 καταλαμϐανόμενον.)
1260 1755 1568 1825 Ἐρωτήσας
1595 1754 1745 1823 γοῦν,
1787 1774 1805 1807 ι
1851 1756 1914 1809 Τί
1944 1757 2002 1809 τὸ

2106 1760 2254 1812 omni
2302 1759 2512 1813 ratione
2563 1775 2766 1814 vacuus
2824 1761 3021 1827 ellicit,
3058 1762 3316 1832 opinione
3347 1769 3611 1816 versatur.
3652 1781 3672 1813 ο

431 1846 512 1910 ὃν,
539 1865 558 1899 ι
597 1846 761 1909 αὐτὸς
792 1843 968 1915 ἐαυτῷ
994 1844 1370 1915 ἀποκρίνεται,
1402 1845 1594 1913 λέγων’
1629 1864 1647 1897 ι
1670 1846 1743 1917 Te
1796 1847 1893 1917 μὲν
1940 1848 2002 1918 δὴ

2106 1847 2247 1915 Quid
2268 1850 2291 1903 ι
2312 1850 2507 1904 Annon
2532 1850 2661 1904 illud
2701 1850 2865 1906 Mosis
2890 1827 3170 1906 oraculum
3203 1871 3215 1905 ε
3250 1871 3268 1903 ι
3291 1853 3401 1923 ego
3429 1868 3550 1907 sum
3578 1852 3672 1922 qui

431 1938 611 2009 νοήσει
630 1937 767 2009 μετὰ
777 1936 934 2005 λόγου
952 1935 1282 2007 περιληπτὸν
1296 1936 1375 1991 ὅν.
1405 1957 1424 1990 ι
1446 1938 1518 1991 Τὸ
1539 1938 1596 1992 δὲ
1617 1938 1922 2011 Σολομώντε
1932 1958 2007 1994 ιον

433 2033 629 2102 φῆσαν,
658 2048 677 2080 t
710 2029 775 2082 Τί
806 2029 869 2082 τὸ
916 2029 1167 2097 γεγονός;
1190 2030 1332 2084 Αὐτὸ
1375 2026 1437 2081 τὸ
1484 2027 1863 2099 γενησόμενον·
1914 2031 2010 2084 καί

432 2121 486 2172 τί
542 2118 606 2172 τὸ
682 2119 1088 2191 πεποιημένον;
1146 2121 1289 2174 Αὐτὸ
1310 2121 1369 2174 τὸ
1390 2122 1872 2194 ποιηθησόμενονο»
1905 2124 2001 2177 αὐ-

429 2209 543 2270 τοῖς
573 2209 761 2278 σχεδὸν
787 2212 996 2281 ῥήμασι
1045 2211 1441 2283 διερμηνεύσας
1494 2213 1650 2285 δῆλος
1676 2215 1744 2268 ἂν
1788 2216 1894 2285 εἴη,
1928 2215 2008 2268 λέ-

430 2313 563 2365 γωνο
594 2315 612 2348 ι
633 2298 705 2351 Τὸ
731 2299 829 2369 μὲν
857 2311 905 2363 α,
939 2298 1187 2371 αἰσθήσει
1223 2300 1403 2371 ἀλόγῳ
1423 2301 1695 2370 δοξαστὸν,
1726 2305 2006 2375 γινόμενον

426 2388 523 2441 καὶ
549 2388 937 2460 ἀπολλύμενον,
989 2390 1157 2454 ὅντως
1205 2391 1263 2445 δὲ
1304 2392 1557 2446 οὐδέποτε
1601 2394 1715 2447 ὃν.»
1776 2393 1870 2459 Οἷς
1913 2397 2007 2450 καὶ

431 2479 701 2550 ἐπιφέρει·
737 2498 756 2530 ι
783 2480 863 2532 Τὰ
887 2480 1109 2534 τοιαῦτα
1134 2483 1242 2552 (58)
1266 2483 1374 2554 γὰρ
1417 2487 1593 2538 πάντα
1617 2486 1758 2556 μέρη
1790 2489 2003 2558 χρόνου,

430 2571 492 2623 τὸ
513 2569 612 2642 ἦν,
637 2572 729 2626 καὶ
760 2573 949 2627 ἔσται’
985 2573 1021 2627 ἃ
1052 2574 1115 2645 δὴ
1144 2576 1399 2646 φέροντες
1419 2576 1752 2650 λανθάνομεν
1785 2582 1878 2634 ἐπὶ
1906 2582 2005 2653 τὴν

412 2663 597 2718 ιάἲδιον
628 2664 832 2730 οὐσίαν,
875 2666 975 2720 οὐκ
1017 2666 1211 2738 ὀρθῶς.
1258 2668 1500 2739 Λέγομεν
1531 2669 1640 2742 γὰρ
1690 2671 1784 2743 δὴ,
1806 2672 1882 2736 ὡς
1902 2670 2002 2744 ἦν,

429 2754 561 2809 ἐστι
591 2773 652 2810 τε
702 2758 797 2810 καὶ
837 2757 1027 2811 ἔσται·
1057 2761 1124 2829 τῇ
1166 2758 1223 2812 δὲ
1279 2760 1341 2813 τὸ
1380 2761 1509 2814 ἐστι
1536 2762 1695 2832 μόνον
1727 2764 1865 2818 κατὰ
1915 2765 2005 2818 τὸν

414 2845 604 2919 ἀληθῆ
636 2847 790 2917 λόγον
821 2850 1105 2921 προσήκει.
1133 2850 1205 2903 Τὸ
1233 2850 1289 2904 δὲ
1314 2850 1412 2921 ἦν,
1444 2853 1537 2907 κα)⁵
1568 2853 1630 2907 τὸ
1659 2853 1852 2919 ἔσται,
1876 2856 2006 2925 περὶ

429 2936 527 3009 τὴν
553 2939 612 2991 ὲν
630 2939 806 3010 χρόνῳ
834 2940 1047 3008 γένεσιν
1100 2938 1264 2996 οὖσαν
1309 2944 1417 3015 (59)
1483 2945 1682 3017 πρέπει
1726 2945 2001 3016 λέγεσθαυ

414 3032 670 3100 κινήσεις
696 3031 804 3103 γάρ
828 3033 1004 3086 ἐστον.
1056 3033 1129 3086 Τὸ
1149 3033 1205 3087 δὲ
1252 3036 1339 3089 ἀεὶ
1390 3037 1533 3091 κατὰ
1579 3037 1648 3091 τὰ
1690 3039 1829 3093 αὐτὰ
1882 3040 2004 3112 ἔχον

2108 1956 2250 2006 sum,
2280 1959 2299 1993 ι
2332 1941 2583 2011 egregius
2611 1941 2765 1995 Plato
2793 1943 3078 1998 manifeste
3139 1952 3506 2012 repraesentat,
3547 1943 3677 1997 dum

2108 2031 2224 2084 suis
2276 2030 2453 2099 ipsum
2486 2032 2558 2085 ita
2592 2033 2773 2087 verbis
2822 2034 3079 2102 exprimit
3115 2048 3132 2088 :
3171 2052 3188 2085 ι
3223 2032 3362 2098 Quid
3395 2032 3525 2087 illud
3574 2042 3677 2097 est,

2106 2122 2251 2190 quod
2268 2138 2481 2191 semper
2504 2133 2607 2189 est,
2637 2140 2735 2177 nec
2768 2134 2946 2179 tamen
2971 2138 3152 2180 ortum
3189 2126 3360 2179 ullum
3396 2127 3555 2180 habet
3584 2127 3609 2178 ‘l
3639 2144 3660 2179 ι

2105 2211 2261 2277 Quod
2288 2214 2455 2267 etiam
2493 2215 2776 2269 candidius
2809 2223 2864 2270 ct
2891 2217 3131 2285 apertius
3165 2216 3483 2277 illustravit,
3540 2217 3672 2270 dum

2106 2301 2200 2366 ait,
2222 2301 2368 2356 aliud
2402 2304 2545 2372 quod
2580 2304 2671 2371 sit,
2703 2319 2824 2359 esse
2854 2305 3009 2370 nihil,
3036 2306 3139 2359 nis'i
3162 2307 3309 2375 quod
3336 2321 3443 2360 non
3478 2321 3680 2376 carpo-

2106 2395 2183 2448 ris
2216 2395 2389 2449 oculis
2447 2396 2716 2461 videatur,
2753 2398 2845 2451 sed
2878 2408 3058 2452 mente
3092 2398 3206 2453 sola
3241 2399 3507 2467 capiatur.
3540 2397 3678 2452 Nam

2106 2487 2194 2541 whi
2225 2488 2494 2557 quaesivit,
2528 2490 2657 2560 quid
2686 2492 2758 2543 sit
2792 2491 2944 2552 illud,
2978 2490 3123 2561 quod
3170 2500 3253 2563 est
3282 2510 3295 2556 ;
3328 2492 3403 2545 ita
3444 2506 3672 2560 respon-

2106 2577 2198 2632 det
2232 2580 2345 2648 ipse
2375 2580 2477 2633 sibi
2518 2597 2530 2631 :
2562 2600 2579 2631 ι
2613 2579 2880 2635 Nimirum
2905 2582 3061 2645 illud,
3090 2582 3231 2651 quod
3263 2580 3332 2634 ab
3368 2581 3481 2635 sola
3517 2580 3682 2635 intel-

2105 2669 2323 2739 ligentia
2353 2672 2671 2741 percipitur.
2714 2692 2732 2724 ι
2771 2671 3056 2736 Similiter,
3110 2673 3338 2727 alterum
3372 2672 3475 2725 hoc
3523 2671 3682 2725 Salo-

2105 2761 2288 2816 monis
2327 2779 2340 2815 :
2384 2761 2558 2828 «Quid
2591 2772 2675 2818 est
2705 2764 2851 2832 quod
2880 2763 3027 2817 iuit?
3054 2764 3231 2832 ipsum
3263 2763 3406 2832 quod
3436 2763 3679 2817 futurum

2104 2862 2207 2908 est.
2241 2853 2382 2920 Quid
2405 2864 2489 2909 est
2523 2856 2668 2925 quod
2698 2855 2902 2909 factum
2928 2854 3061 2908 est?
3099 2856 3272 2923 ipsum
3296 2855 3439 2923 quod
3477 2853 3682 2909 facien-

2104 2950 2234 3006 dum
2272 2960 2375 3019 est,
2417 2971 2437 3004 ι
2477 2952 2658 3007 verbis
2683 2968 2818 3021 pene
2846 2951 3072 3006 totidem
3105 2952 3514 3020 interpretatur,
3544 2952 3676 3006 dum

2106 3044 2182 3097 ait
2209 3060 2223 3097 :
2262 3061 2280 3094 ι
2321 3043 2378 3098 ld
2413 3052 2616 3109 autem,
2638 3043 2781 3113 quod
2811 3042 2987 3097 oritur
3003 3042 3166 3096 simul
3185 3052 3238 3095 et
3257 3043 3476 3109 occidit,
3501 3058 3680 3112 neque

416 3120 698 3193 ἀκινήτως
728 3122 850 3176 οὔτε
874 3124 1244 3197 πρεσϐύτερον
1289 3125 1412 3181 οὔτε
1436 3128 1699 3202 νεώτερον
1738 3134 2002 3203 προσήκει

2107 3149 2347 3204 unquam
2373 3150 2499 3189 vere
2530 3144 2633 3201 est,
2668 3136 2723 3188 in
2756 3149 2818 3188 ea
2849 3134 3137 3198 duntaxat,
3164 3148 3331 3202 quam
3369 3147 3563 3187 sensus
3606 3132 3678 3188 ab

414 3214 668 3283 ’γίνεσθαι
700 3217 787 3271 διὰ
847 3218 1039 3288 χρόνον
1091 3218 1223 3290 (40)·
1248 3220 1370 3273 οὐδὲ
1413 3222 1665 3291 γενέσθαι
1702 3224 1833 3277 ποτὲ
1866 3224 1999 3298 (Al),

427 3304 547 3358 οὐδὲ
571 3306 852 3374 γεγονέναι
884 3306 999 3372 νῦν,
1056 3310 1164 3363 οὐδ’
1198 3310 1440 3375 εἰσαῦθις
1483 3312 1699 3367 ἔσεσθαι
1748 3315 1809 3368 τὸ
1835 3318 2003 3387 παρά-

429 3410 536 3448 παν
571 3395 702 3467 (42),
725 3397 831 3450 οὐδ’
857 3398 958 3451 ὅσα
987 3398 1200 3466 γένεσις
1228 3403 1341 3464 τοῖς
1396 3404 1454 3454 ὲν
1503 3403 1749 3476 αἰσθήσει
1780 3408 2005 3478 φερομέ-

429 3503 539 3550 νοις
570 3489 869 3560 προσῆψεν·
904 3490 1038 3543 ἀλλὰ
1070 3490 1260 3561 χρόνου
1310 3492 1499 3559 ταῦτα,
1538 3495 1709 3549 αἰῶνα
1736 3499 2004 3570 μιμουμέ-

420 3597 520 3634 νου
548 3583 641 3636 καὶ
698 3584 820 3637 κατ’
851 3584 1084 3654 ἀριθμὸν
1111 3585 1503 3657 κυκλουμένου,
1556 3591 1779 3658 γέγονεν
1828 3593 1997 3664 εἶδη.ι

416 3672 539 3727 ’Καὶ
570 3674 708 3745 πρὸς
743 3674 854 3748 (45)
881 3675 1092 3739 τούτοις
1117 3676 1197 3730 ἔτι
1228 3677 1296 3731 τὰ
1323 3678 1520 3732 τοιάδεο
1561 3699 1580 3732 ι
1604 3681 1676 3733 Τὸ
1705 3681 1762 3735 δὲ
1783 3686 2005 3752 γεγονὸς

430 3761 567 3819 εἶναι
590 3767 832 3835 γεγονὸς,
862 3767 958 3821 καὶ
989 3768 1049 3821 τὸ
1074 3770 1356 3841 γινόμενον
1402 3767 1541 3825 εἷναι
1589 3774 1891 3844 γινόμενον·
1923 3776 2004 3831 ἔτι

415 3874 486 3910 τε
512 3857 573 3911 τὸ
599 3858 962 3929 γενησόμενον
995 3855 1133 3917 εἶναι
1170 3862 1532 3933 γενησόμενον
1558 3863 1693 3935 (44).
1728 3884 1746 3917 ι
1779 3867 1888 3919 Καὶ
1917 3868 2004 3921 ἵνα

429 3963 493 4015 γε
523 3949 596 4020 μή
625 3966 711 4013 τις
750 3951 896 4019 ἡμᾶς
952 3952 1389 4021 παρερμηνεύειν
1452 3955 1725 4025 ἡγήσηται
1776 3956 1876 4021 τὰς
1907 3959 2003 4012 τοῦ

418 4038 719 4109 φιλοσόφου
746 4041 950 4110 φωνὰς,
976 4041 1332 4113 ὑπομνήμασι
1377 4045 1674 4116 χρήσομαι,
1698 4047 1866 4102 τῶνδε
1896 4049 2004 4103 τῶν

497 4189 525 4219 ιι
549 4176 713 4231 Forte
735 4178 813 4235 δέ.

499 4267 710 4349 (54·)Λζί
893 4270 1000 4349 gr,
1032 4278 1135 4349 etc.
1182 4270 1309 4349 Alli“
1340 4270 1621 4349 Platonem
1674 4268 1725 4349 in
1756 4266 2002 4349 Timere,

428 4337 704 4421 pag.‘52t_l,
728 4339 861 4421 edit.
887 4338 1224 4396 Graeco-Lat.
1251 4341 1446 4404 Ficini,
1479 4338 1568 4393 ubi
1594 4337 1812 4407 legitur,
1845 4343 1909 4394 Tt
1939 4343 2001 4396 τὸ

427 4407 513 4461 ὃν
567 4407 624 4459 ὲν
654 4408 761 4462 ὰεί.

500 4425 612 4545 (55)
640 4477 770 4531 Μὲν
792 4477 903 4531 ἀεί.
931 4477 1086 4535 Plato
1115 4479 1257 4535 delet
1285 4480 1391 4534 ἀεί.

498 4535 770 4623 (semper
793 4548 1062 4623 antur,
1091 4547 1244 4623 Plato
1279 4553 1365 4623 sic
1399 4551 1500 4622 leg.
1541 4550 1601 4604 τὸ
1631 4551 1675 4604 δ’
1705 4546 1796 4606 οὖν
1851 4550 1998 4623 δόξῃ,
2031 4535 2083 4595 D

433 4616 549 4697 μετ’
580 4616 898 4698 αἰσθήσεως.
930 4618 1121 4699 αλόγου
1145 4619 1397 4686 δοξαστόν
1421 4616 1641 4703 ,’γιγν..
1662 4662 1677 4685 ,
1724 4631 1829 4676 etc.
1885 4616 1999 4744 fit:

433 4702 572 4741 enim
604 4701 670 4741 eo
697 4688 818 4742 loco
846 4687 1336 4744 disttntruendum.)
1361 4691 1519 4744 Plura
1552 4692 1769 4744 uuudem
1799 4705 1890 4743 ver
1931 4707 1994 4744 a:

428 4687 572 4741 enim
604 4701 670 4741 eo
697 4688 818 4742 loco
846 4687 1336 4761 distinguendum.)
1361 4687 1519 4761 Plura
1552 4687 1769 4761 quidem
1799 4687 1994 4761 verba:

429 4772 623 4829 sensus
650 4765 831 4829 tamen
860 4757 1032 4829 idem.
1055 4757 1322 4814 Cancrum
1358 4757 1705 4829 longior-iste
1734 4760 1999 4815 orationis

425 4827 640 4902 ductus,
669 4827 844 4902 magis
878 4825 1120 4902 Platonis
1150 4845 1217 4883 ex
1244 4830 1422 4902 genio,
1448 4825 1589 4902 intra
1615 4846 1737 4902 pag.
1764 4829 1885 4884 526.

500 4893 611 4965 (57)
645 4893 1014 4970 ᾼευᾶιότερον
1055 4893 1459 4970 ᾷιασαῷήσας.
1502 4893 1631 4955 Ηοίξ
1653 4893 1738 4955 est
1772 4899 1997 4970 ἐναργέ-

429 4981 640 5036 στερον.
678 4965 973 5040 l_ta_e_tiamA
1001 4967 1165 5040 intra,
1202 4965 1416 5040 clivom
1457 4970 1552 5023 τοῦ
1589 4971 1856 5040 δόγματος
1873 4965 2000 5040 ’διά-

427 5035 581 5112 χοιαν.
754 5035 928 5112 (Ιξίλων
942 5038 983 5112 Δό
1021 5035 1269 5112 Ἐβραῖος
1308 5038 1626 5112 λευκότερον
1657 5035 1994 5112 ἑρμηνεύων.

429 5103 495 5158 Ει
525 5105 626 5180 lib:
658 5107 753 5180 ult.
781 5106 993 5180 λευκοῖς
1014 5103 1132 5171 τοῖς
1152 5108 1393 5178 ἐλέγχοις
1418 5103 1821 5180 ἀπεγύμνὼσαζν
1842 5107 1997 5163 Stra-

426 5175 573 5230 tonis
596 5176 984 5246 rlambographi
1015 5175 1262 5245 versum,
1282 5175 1425 5246 apud
1452 5175 1767 5234 Athenaeum
1792 5179 1888 5234 lib.
1920 5194 1996 5245 Ix,

425 5259 548 5313 pag.
594 5245 720 5310 585,
764 5245 1124 5316 Casaubonus
1169 5245 1390 5302 sensum
1437 5250 1583 5304 hunc
1615 5258 1855 5316 secutus,
1904 5263 1997 5305 so-

426 5318 591 5368 lerter
622 5316 950 5386 emendavit.
979 5315 1269 5385 Perperam
1306 5326 1432 5373 ante
1460 5320 1763 5386 legebatur:

496 5383 699 5457 ῌηγρς
723 5383 1045 5457 πάρεστιν;
1071 5383 1299 5455 Πηγός;
1326 5390 1462 5457 οὺχί
1489 5383 1711 5455 λευκὰς
1735 5391 1789 5443 εἰ

509 5454 709 5522 Ἐρεῖς,
740 5453 1117 5524 σαφέστερόν
1141 5453 1191 5510 θ’
1222 5458 1253 5511 ὃ
1275 5453 1491 5522 βούλει
1512 5477 1614 5529 μοι
1640 5453 1874 5530 λέγειν;

428 5522 691 5581 Beuosuit
716 5525 826 5581 ille.

476 5535 691 5593 eposutt
716 5535 826 5588 ille,

496 5595 696 5718 14:1;ch
723 5594 1015 5718 Ἔξεστιν
1029 5612 1050 5661 ;
1075 5597 1309 5666 Πηγός;
1333 5598 1470 5668 οὐχὶ
1492 5599 1681 5653 λευκὰ
1705 5599 1787 5653 σὺ

575 5683 609 5718 o
644 5684 719 5718 ιο.
837 5706 851 5718 .

511 5665 719 5729 Ἐρεῖς,
746 5675 851 5720 etc.

430 5731 603 5807 Herus
649 5735 731 5790 sal
772 5736 1082 5803 postulabat
1106 5752 1135 5791 a
1165 5752 1363 5803 coquo,
1408 5739 1460 5791 id
1489 5740 1634 5792 enim
1664 5747 1780 5795 erat
1819 5736 1997 5807 πηγὸς

430 5805 719 5877 πάρεστιν;
753 5819 963 5877 coquus
1000 5808 1149 5864 vocis
1178 5808 1340 5878 hujus
1378 5811 1639 5874 insolens,
1667 5825 1729 5864 ac
1771 5805 1991 5874 dubius,

2104 3227 2253 3281 omni
2294 3225 2506 3281 ratione
2556 3240 2766 3282 vacuus
2803 3225 2996 3289 edicit,
3040 3226 3300 3294 opinione
3345 3235 3612 3281 versatur.
3654 3245 3673 3278 ι

2103 3314 2312 3381 Ουῶυε
2342 3316 2504 3369 etiam
2543 3331 2665 3384 qua:
2698 3321 3024 3384 sequuntur,
3068 3313 3316 3385 adjungit
3348 3332 3363 3369 :
3397 3332 3415 3364 ι
3445 3313 3676 3383 Quippe,

2108 3408 2373 3477 temporis
2402 3408 2571 3472 enim,
2588 3407 2785 3477 inquit,
2812 3414 2995 3475 partes
3026 3406 3141 3461 istae
3165 3415 3313 3469 sunt,
3335 3414 3467 3469 erat,
3492 3415 3676 3476 atque,

2105 3498 2410 3566 erit;quas
2476 3497 2855 3566 imprudentes
2905 3497 3252 3565 sempiterna:
3278 3498 3439 3550 etiam
3472 3507 3682 3552 naturae

2103 3588 2305 3658 injuria
2371 3587 2685 3643 tribuimus.
2717 3584 2892 3657 Vulgo
2927 3588 3165 3641 enimita
3212 3588 3508 3657 loquimur,
3539 3599 3678 3653 erat,

2103 3690 2202 3745 est,
2252 3680 2385 3732 erit:
2409 3694 2531 3733 cum
2556 3687 2742 3733 tamen
2773 3679 2826 3733 ei
2854 3678 3052 3741 solum,
3081 3689 3179 3742 est,
3201 3681 3420 3749 proprie
3448 3695 3684 3750 vereque

2104 3771 2413 3824 conveniat.
2461 3770 2614 3832 Erat,
2650 3779 2852 3837 autem,
2887 3770 2995 3834 vel,
3030 3771 3152 3835 erit;
3187 3771 3253 3824 de
3282 3781 3425 3837 ortu,
3465 3773 3558 3840 qui
3580 3774 3682 3825 ali-

2105 3877 2216 3928 quo
2242 3871 2481 3932 tempore
2538 3858 2653 3929 ﬁat,
2687 3862 3042 3931 pronuntiare
3076 3863 3254 3929 decet,
3277 3864 3421 3931 quod
3453 3871 3683 3934 utraque

2106 3971 2239 4011 voce
2267 3964 2451 4010 motus
2498 3954 2696 4023 aliquis
2729 3954 3087 4025 signiﬁcetur.
3119 3955 3187 4007 A‘t
3212 3956 3355 4023 quod
3402 3957 3593 4010 eodem
3623 3972 3683 4011 se

2106 4049 2270 4103 modo
2302 4061 2517 4117 semper
2550 4061 2614 4102 ac
2633 4045 2774 4101 citra
2798 4055 3007 4101 motum
3035 4044 3203 4100 ullum
3230 4045 3450 4109 habeat,
3483 4046 3535 4100 id
3554 4062 3684 4117 pro-

2105 4265 2314 4336 πηγόςς
2350 4265 2546 4335 inquit,
2574 4264 2865 4319 admiranti
2913 4263 3126 4336 similis.
3152 4262 3308 4336 Tum
3338 4263 3569 4336 instans,
3599 4267 3677 4320 uti

2100 4332 2229 4404 quid
2259 4336 2388 4390 velit
2422 4332 2622 4389 clarius
2652 4336 2877 4401 aperiat,
2906 4334 3025 4402 οὐχὶ
3066 4332 3231 4386 λευκὰ
3263 4333 3327 4386 σὺ
3360 4334 3533 4403 ὲρεῖς;
3569 4344 3678 4392 etc.

2102 4404 2182 4458 ita
2230 4404 2433 4470 λευκά,
2486 4412 2540 4458 ει
2584 4404 2915 4477 σαφέστερον
2961 4404 3146 4475 ἐρεῖν,
3193 4418 3294 4472 pro
3346 4404 3534 4458 eodem
3583 4420 3678 4459 su-

2105 4483 2345 4529 muntur.

2179 4543 2290 4612 (58)
2328 4542 2402 4597 Τὰ
2450 4542 2724 4607 τοιαῦτα,
2750 4552 2852 4596 etc.
2885 4541 3086 4596 Eodem
3120 4542 3171 4595 in
3204 4537 3428 4602 Timaeo,
3460 4557 3515 4611 p.
3548 4540 3674 4599 529.

2106 4612 2210 4667 Sed
2244 4612 2316 4667 ibi
2361 4614 2512 4666 locus
2556 4614 2641 4665 hie
2681 4614 2753 4666 ita
2798 4614 3141 4681 concipitur:
3175 4612 3360 4664 Ταῦτα
3389 4612 3445 4665 δὲ
3476 4618 3674 4676 πάντα,

2105 4682 2269 4753 μέρος
2293 4682 2504 4753 χρόνου·
2536 4683 2629 4753 καὶ
2673 4683 2732 4736 τό
2769 4700 2827 4735 τε
2869 4678 2971 4753 ἦν,
2995 4682 3056 4735 τό
3086 4683 3131 4733 τ’
3158 4681 3307 4753 ἕσται
3326 4721 3341 4745 ,
3373 4682 3562 4753 χρόνου
3584 4700 3678 4752 γε-

2099 4751 2458 4823 γονότοςξεῖδη
2484 4752 2738 4823 φέροντες
2763 4751 3004 4816 λανθᾶν.,
3031 4761 3134 4806 etc.
3165 4751 3427 4823 Eusebius
3454 4767 3675 4808 sensum

2100 4822 2360 4890 relinquit
2386 4822 2686 4891 integrum,
2712 4824 2873 4877 verba
2906 4822 3232 4877 decurtavit.

2173 4889 2283 4963 (59)
2317 4889 2570 4945 Γένεσὶν
2598 4889 2813 4946 οὖσαν.
2847 4891 3001 4947 Plato
3028 4891 3240 4959 γένεσιν
3276 4889 3459 4944 ἰοῦσαν
3479 4929 3495 4957 ,
3529 4890 3675 4960 quod

2099 4972 2182 5016 est
2212 4976 2338 5031 eum
2368 4971 2515 5015 motu
2546 4963 2916 5031 coniunctius.

2099 5075 2102 5078 .
2173 5030 2285 5100 (40)
2321 5031 2424 5085 Διὰ
2457 5030 2700 5100 χρόνον.
2730 5030 2905 5095 Plato,
2939 5031 3086 5084 ποτέ.

2171 5097 2770 5171 (41)οὺδέ’ἓγενέσθαι
2813 5099 2975 5155 ποτέ.
3010 5099 3135 5153 llaec
3163 5097 3315 5171 Plato
3346 5114 3455 5171 non
3492 5097 3674 5167 habet,

2098 5170 2221 5241 qua:
2253 5170 2432 5225 tamen
2463 5172 2693 5241 libenter
2721 5186 2843 5224 cum
2868 5171 3102 5223 Eusebio
3137 5170 3476 5241 retinuerim.

2171 5240 2281 5310 (42)
2314 5243 2595 5294 Ἕσεσθαι
2638 5240 2703 5293 τὸ
2749 5240 3051 5310 παράπαν,
3077 5247 3182 5292 etc.
3216 5238 3528 5310 iSinceriora
3559 5237 3677 5310 hac

2098 5306 2370 5375 videntur,
2403 5327 2566 5379 quam
2615 5320 2676 5363 ut
2715 5306 2857 5377 apud
2901 5308 3180 5361 Platonem
3214 5308 3408 5377 legitur
3453 5306 3676 5363 ἔσεσθαι

2097 5380 2159 5434 τὺ
2188 5382 2449 5451 παράπαν
2470 5398 2569 5451 Ατε,
2596 5379 2757 5451 οὐδὲν
2783 5380 2883 5432 ὅσα
2912 5379 3151 5447 γένεσις,
3183 5386 3310 5441 etc.,
3338 5391 3460 5447 qua:
3491 5385 3675 5438 tamen

2097 5449 2641 5517 lectio'improbanda
2669 5463 2775 5501 non
2806 5456 2910 5501 est.

2170 5521 2283 5591 (45)
2319 5513 2439 5591 Kal
2456 5590 2463 5591 ί
2486 5520 2633 5591 πρὸς
2696 5518 2927 5584 τούτοις
2951 5515 3065 5591 *ἔτι
3227 5513 3448 5591 rodios.
3497 5515 3673 5573 Verba

2097 5585 2395 5657 etiam'haec
2409 5585 2648 5642 Platonis
2661 5595 2805 5649 sunt,
2824 5602 2928 5640 non
2950 5585 3185 5657 Eusebii,
3201 5595 3261 5657 ut
3280 5585 3449 5657 videri
3465 5596 3669 5657 posset.

2170 5660 2281 5730 (44)
2314 5655 2487 5713 Εἶναι
2519 5657 2945 5726 γενησόμενον.
2975 5654 3181 5713 Sensus
3207 5654 3490 5730 integritas
3537 5671 3670 5730 patr-

2097 5725 2217 5785 cuia
2253 5725 2367 5784 htee
2396 5725 2643 5795 exigebat
2664 5767 2679 5791 ,
2707 5742 2831 5795 quin
2879 5733 3181 5792 sequuntur
3212 5727 3263 5779 in
3295 5725 3547 5783 Platone.
3573 5726 3673 5783 καὶ

2096 5800 2157 5854 τὸ
2190 5799 2265 5871 μὴ
2291 5798 2371 5868 ὃν,
2403 5790 2561 5869 μὴ’ὃν
2584 5790 2742 5851 suae
2774 5790 2849 5853 ὧν
2877 5790 3026 5851 οὐδὲν
3055 5795 3297 5866 ἀκριϐῶς
3327 5796 3578 5868 λέγομεν.
