4156 6408
503 348 602 408 871
1182 344 1455 401 EUSEBII
1493 341 1978 398 CAESARIENSIS
2016 341 2167 398 OPP.
2206 340 2389 399 PARS
2427 342 2492 398 ll.
2538 375 2610 384 —
2645 341 3149 401 APOLOGETICA.
3338 354 3343 359 '
3689 345 3796 400 872

503 477 626 537 pter
653 467 831 537 ipsum
859 474 1072 536 tempus
1099 481 1278 535 neque
1312 465 1581 520 vetustius
1610 481 1879 540 unquam,
1912 480 2092 534 neque

2201 463 2371 533 λόγων
2405 466 2505 537 τὴν
2547 464 2785 520 διάνοιαν
2811 464 3149 534 ἐκφαίνουσι.
3191 465 3419 532 Πλείους
3460 465 3560 538 μὲν
3591 461 3686 521 οὖν
3716 468 3797 530 εἱς

506 560 783 615 recentius
805 558 922 613 ﬁeri
950 566 1128 627 potest
1157 576 1169 610 :
1200 557 1359 627 525
1386 559 1496 611 imo
1527 573 1705 627 neque
1736 556 1939 611 factum
1971 572 2096 613 esse

2201 555 2299 627 τὴν
2333 554 2539 610 τούτων
2596 555 2995 628 ἐπιϐεϐλήκασι
3053 554 3311 628 Θεωρίαν·
3340 557 3466 627 ἐμοὶ
3491 558 3535 611 δ’
3565 556 3792 628 ἐξαρκεῖ

505 649 822 717 aliquando,
866 664 1044 718 neque
1094 663 1242 700 nunc
1271 649 1508 717 primum
1556 648 1835 701 exstitisse
1862 687 1877 706 .
1916 663 2093 717 neque

2201 646 2363 699 τανῦν
2399 646 2592 717 ἀνδρός
2625 645 2924 717 ἐπιφανοῦς
2948 646 3260 718 Νουμηνίου
3296 648 3390 702 τοῦ
3420 648 3795 721 Πυθαγορείου

504 741 732 795 omnino
761 738 1008 794 futurum
1038 754 1162 793 esse
1184 780 1199 803 ,
1249 753 1351 793 nec
1391 754 1581 793 eorum
1613 738 1762 792 aliud
1791 738 2091 808 quidquam

2201 739 2541 812 παραθέσθαι
2560 738 2756 804 λέξεις,
2785 738 2852 803 ἃς
2876 742 2935 793 ὲν
2962 739 3039 810 τῷ
3096 738 3241 808 Περὶ
3269 740 3532 814 τάγαθοῦ
3555 741 3797 815 δευτέρῳ

503 830 712 895 subire,
742 847 863 899 quae
893 831 1126 900 ipsemet
1148 840 1304 885 ortus
1349 831 1438 893 iis,
1474 846 1599 900 qua:
1620 846 1883 886 sensuum
1916 831 2094 884 incer-

2201 835 2598 906 συγγράμματι
2620 826 2724 887 ὧδέ
2748 849 2825 905 πη
2852 834 3132 902 διέξεισιν.

503 921 737 976 titudine
759 923 1058 991 jactantur,
1090 921 1376 991 adjunxit:
1407 936 1535 976 cum
1594 922 1701 976 ista
1759 919 1951 975 formae
1999 922 2249 991 quaedam
2289 926 2398 979 sint
2423 934 2716 996 partesque
2740 926 3024 995 temporis,
3043 927 3192 998 quod
3250 929 3615 985 aeternitatem
3662 927 3796 984 imi-

504 1024 650 1070 tetur
673 1016 920 1086 quidem,
952 1014 1048 1070 sed
1074 1024 1254 1069 tamen
1307 1023 1457 1069 certa
1522 1013 1758 1083 quadam
1809 1028 2165 1067 numerorum
2205 1015 2569 1070 conversione
2598 1016 2866 1072 volvatur.
2900 1035 2919 1067 ι
2956 1016 3076 1083 Quo
3114 1020 3281 1073 etiam
3313 1020 3416 1075 ista
3468 1020 3743 1089 pertinent
3774 1034 3791 1073 :

507 1125 526 1155 ι
564 1105 719 1173 Quod
756 1106 956 1160 factum
987 1108 1078 1171 sit,
1112 1106 1166 1161 id
1194 1121 1315 1161 esse
1340 1104 1546 1160 factum
1588 1105 1779 1175 :quod
1831 1106 1941 1170 ﬁat,
1975 1104 2027 1160 id
2058 1122 2181 1162 esse
2218 1108 2364 1177 quod
2401 1110 2462 1163 tit
2496 1127 2510 1162 :
2550 1108 2788 1178 denique
2842 1110 2988 1179 quod
3042 1110 3288 1167 futurum
3318 1113 3413 1177 sit,
3460 1112 3706 1168 futurum
3738 1110 3793 1167 id

504 1214 648 1253 esse.
685 1219 704 1250 ι
737 1199 816 1253 Ac
846 1215 913 1253 ne
941 1199 1065 1267 quis
1105 1197 1413 1267 philosophi
1442 1198 1604 1251 verba
1638 1197 1691 1250 in
1718 1195 1959 1251 alienum
1993 1212 2080 1251 me
2118 1212 2342 1252 sensum
2384 1209 2642 1270 torquere
2691 1199 3039 1268 criminetur,
3101 1218 3198 1259 eos
3243 1204 3394 1274 ipsos
3444 1211 3792 1260 commenta-

505 1293 637 1354 rios,
670 1291 872 1361 quibus
914 1291 1130 1345 illorum
1179 1290 1449 1345 sententia
1477 1291 1810 1356 declaratur,
1836 1292 2082 1361 proferre
2117 1292 2292 1362 juvat.
2324 1292 2463 1348 Cum
2495 1302 2682 1348 autem
2711 1295 2816 1351 hoc
2866 1295 2932 1349 in‘
2985 1296 3382 1367 interpretandi
3428 1313 3626 1368 genere
3672 1299 3791 1370 ple.

502 1387 660 1455 rique
683 1384 881 1437 versati
907 1383 1035 1448 sint,
1072 1380 1205 1436 mihi
1244 1382 1465 1450 quidem
1500 1382 1635 1437 satis
1689 1383 1794 1437 hoc
1847 1383 1968 1437 loco
2033 1381 2222 1446 fuerit,
2272 1380 2529 1438 Numenii
2582 1381 2954 1456 Pythagorici,
3021 1385 3181 1457 cujus
3244 1388 3558 1458 percelebre
3590 1402 3791 1447 nomen

504 1490 610 1546 est,
638 1478 910 1551 ipsissima
941 1476 1141 1546 quibus
1164 1474 1409 1530 secundo
1440 1473 1517 1527 De
1541 1473 1675 1526 bona
1698 1474 1892 1541 utitur,
1925 1474 2091 1529 verba
2131 1474 2400 1546 proferre.

1121 1565 1352 1622 CAPUT
1391 1563 1467 1622 Χ.

572 1663 657 1718 Ea:
683 1663 818 1717 libro
858 1664 1085 1716 secundo
1114 1659 1373 1714 Numenii
1399 1657 1754 1729 pythagorici,
1784 1655 1861 1711 De
1879 1656 2036 1711 bono.

582 1840 601 1874 ι
646 1821 759 1892 Age
781 1837 934 1885 vero,
956 1821 1135 1892 inquit
1166 1821 1278 1883 ille,
1316 1829 1481 1889 atque
1518 1818 1587 1873 ad
1616 1818 1773 1880 illud,
1811 1818 1961 1889 quod
1990 1826 2096 1884 est,

505 1915 1241 1985 quantumlicet,aspircmus
1272 1931 1285 1968 :
1313 1912 1650 1982 omninoque
1683 1912 2099 1981 pronuntiemus

2750 1566 3152 1620 ΚΕΦΑΛΔΙΟΝ
3203 1568 3255 1619 l’.

2210 1656 2348 1710 Ἀπὸ
2374 1657 2481 1712 τοῦ
2512 1657 2797 1727 δευτέρου
2823 1658 2964 1725 Περὶ
2992 1656 3274 1727 τάγαθοῦ,
3309 1659 3654 1728 Νουμηνίου
3683 1661 3791 1718 τοῦ

2780 1730 3207 1797 Πυθαγορείου.

2280 1836 2300 1869 ι
2355 1819 2492 1891 Φέρε
2522 1814 2637 1885 οὖν,
2682 1820 2781 1892 ὅση
2830 1819 3080 1892 δύναμις,
3126 1819 3403 1890 ἐγγύτατα
3451 1821 3588 1893 πρὸς
3633 1821 3695 1876 τὸ
3733 1822 3793 1877 ὄν

2204 1910 2557 1982 ἀναγώμεθα,
2588 1912 2685 1966 καὶ
2716 1909 3074 1982 λέγωμεν,Τὸ
3108 1912 3168 1967 ὃν
3194 1911 3320 1966 οὔτε
3364 1915 3495 1967 ποτὲ
3526 1909 3618 1986 ἦν,
3665 1913 3793 1969 οὔτε

504 2005 651 2073 quod
670 2014 772 2066 est,
801 2004 852 2059 id
870 2020 1045 2074 neque
1063 2004 1231 2059 fuisse
1245 2017 1488 2073 unquam
1504 2017 1681 2070 neque
1701 2018 1943 2072 unquam
1961 2000 2100 2057 futu-

2203 2002 2333 2054 ποτὲ
2361 2002 2433 2072 μὴ
2457 2002 2681 2073 γένηται
2703 2019 2715 2031 ·
2746 2001 2859 2055 ἀλλ’
2896 2001 3042 2055 ἔστιν
3069 2002 3155 2055 ἀεὶ
3197 2004 3254 2054 ἐν
3280 2003 3455 2073 χρόνῳ
3478 2003 3789 2075 ὡρισμένῳ,

504 2110 627 2152 rum
646 2111 786 2161 esse,
803 2105 856 2149 at
870 2105 1017 2149 certo
1032 2096 1295 2150 duntaxat
1311 2095 1676 2165 prmsentique
1701 2105 1943 2165 tempore
1956 2110 2100 2150 sem-

505 2203 603 2258 per
628 2201 747 2240 esse
764 2203 777 2238 :
796 2188 941 2257 quod
967 2202 1099 2242 sane
1119 2196 1333 2257 tempus
1348 2186 1450 2241 hoc
1463 2187 1626 2242 modo
1645 2186 2098 2257 prtesens,siquis

509 2279 869 2334 aeternitatem
902 2279 1085 2334 dicere
1134 2278 1389 2345 voluerit,
1425 2294 1513 2333 me
1542 2286 1769 2334 auctore
1788 2278 2007 2349 quidem
2044 2278 2097 2335 id

505 2370 688 2425 faciat.
722 2370 790 2423 At
816 2386 945 2425 vero
992 2377 1209 2439 tempus
1266 2369 1644 2440 praeteritum,
1696 2367 1965 2438 ejusmodi
1996 2382 2097 2422 nos

505 2463 818 2518 existimare
876 2461 1052 2526 decet,
1103 2461 1248 2531 quod
1295 2461 1411 2531 jam
1474 2475 1708 2531 prorsus
1793 2458 2093 2529 aufugerit,

506 2565 670 2625 atque
698 2555 771 2608 ita
803 2553 1117 2619 eianuerit,
1147 2561 1206 2607 ut
1234 2553 1456 2622 penitus
1492 2566 1615 2607 esse
1643 2550 1869 2606 desierit
1896 2568 1909 2605 :
1951 2549 2097 2605 futu-

506 2663 629 2701 rum
663 2655 864 2708 autem.
922 2645 1069 2715 quod
1105 2644 1354 2700 nondum
1409 2644 1516 2708 sit,
1547 2642 1766 2699 tametsi
1803 2650 1864 2698 ut
1898 2646 1970 2697 sit
1993 2643 2096 2697 ali-

505 2738 745 2808 quando,
771 2737 972 2792 habere
1005 2751 1169 2807 posse
1219 2737 1454 2791 dicatur.
1498 2735 1676 2791 Minus
1703 2751 1832 2807 ergo
1864 2751 2097 2793 consen—

505 2840 665 2886 tanec
687 2829 1031 2900 fecerit,qui,
1056 2831 1200 2899 quod
1228 2835 1332 2891 est,
1363 2827 1416 2882 id
1449 2826 1632 2896 ipsum
1664 2842 1774 2882 uno
1799 2828 2097 2898 eodemque

511 2922 697 2986 modo,
728 2922 814 2977 vel
841 2922 1089 2977 absolute
1122 2936 1232 2975 non
1276 2936 1418 2986 esse,
1444 2921 1525 2975 vel
1563 2936 1673 2974 non
1703 2919 1964 2990 amplius,
2010 2920 2097 2975 vel

508 3014 752 3069 nondum
795 3027 918 3067 esse
965 3012 1241 3068 statuerit.
1279 3010 1385 3078 Qui
1440 3011 1587 3066 enim
1621 3013 1703 3066 sic
1739 3012 2020 3082 loquatur,
2049 3012 2096 3068 is

508 3121 650 3171 rem,
685 3120 809 3176 quae
868 3118 1150 3174 nunquam
1205 3103 1362 3174 plane
1395 3102 1512 3158 ﬁeri
1564 3103 1784 3175 possit,
1840 3104 2096 3174 loquatur

2200 2093 2277 2164 τῷ
2320 2094 2575 2147 ἐνεστῶτι
2607 2094 2774 2166 μόνῳ.
2808 2094 3009 2148 Τοῦτον
3041 2094 3141 2165 μὲν
3171 2090 3266 2147 οὖν
3293 2094 3386 2150 τὸν
3435 2096 3705 2149 ἐνεστῶτα
3740 2095 3797 2148 εῐ

2199 2204 2281 2249 τις
2310 2186 2481 2239 ἐθέλει
2511 2186 2696 2240 καλεῖν
2724 2185 2918 2252 αἰῶνα,
2950 2184 3108 2255 κάγὼ
3146 2185 3502 2257 συμϐουλεύω
3526 2198 3552 2227 ι
3575 2201 3593 2217 ’
3620 2186 3711 2240 τὸν
3735 2185 3795 2240 δὲ

2200 2275 2535 2347 παρελθόντα
2567 2276 2759 2346 χρόνον
2784 2276 2991 2331 οἴεσθαι
3022 2277 3129 2348 χρὴ
3162 2279 3334 2347 ἡμᾶς,
3361 2276 3790 2346 διαπεφευγότα,

2198 2367 2298 2437 ἥδη
2346 2366 2790 2436 διαπεφευγέναι,
2840 2367 3270 2439 ἀποδεδρακέναι
3322 2386 3382 2422 τε
3425 2370 3506 2432 είς
3553 2368 3617 2422 τὸ
3648 2364 3791 2422 εἶναι

2202 2459 2430 2532 μηκέτν
2465 2459 2495 2512 ὃ
2526 2475 2586 2511 τε
2619 2455 2686 2513 αὖ
2724 2459 2933 2529 μέλλων
2963 2460 3081 2513 ἐστὶ
3117 2459 3215 2530 μὲν
3253 2460 3487 2521 οὐδέπω,
3519 2459 3793 2529 ἐπαγγέλ-

2195 2550 2350 2605 λεται
2403 2550 2461 2604 δὲ
2510 2544 2622 2614 οἷός
2669 2568 2729 2604 τε
2779 2550 2997 2604 ἔσεσθαι
3041 2551 3192 2622 ἥξειν
3243 2555 3325 2615 εἰς
3367 2553 3429 2605 τὸ
3460 2548 3619 2606 εἶναι.
3649 2552 3793 2606 Οὐκ-

2195 2644 2291 2699 οῦν
2336 2643 2449 2715 (45)
2502 2642 2649 2706 εἰκός
2697 2644 2844 2695 ἐστιν
2887 2641 2966 2694 ἑνί
2998 2658 3062 2710 γε
3112 2642 3300 2713 τρόπῳ
3341 2642 3582 2713 νομίζειν
3626 2641 3687 2695 τὸ
3730 2642 3791 2697 ὄν

2196 2736 2319 2808 ἦτοι
2363 2735 2436 2807 μὴ
2466 2730 2628 2798 εἶναι,
2670 2734 2703 2805 ἦ
2742 2734 2961 2807 μηκέτι,
3004 2734 3038 2805 ἢ
3095 2734 3339 2805 μηδέπω.
3374 2735 3559 2798 Ὥστε,
3598 2733 3789 2788 τούτου

2198 2843 2262 2896 γε
2286 2825 2459 2890 οὕτως
2498 2826 2815 2897 λεγομένου,
2845 2826 2904 2878 ἓν
2935 2826 3146 2894 γίνεται
3172 2842 3225 2880 τι
3267 2827 3326 2879 ὲν
3360 2824 3439 2897 τῷ
3468 2824 3613 2897 λόγῳ
3649 2825 3791 2897 μέγα

2198 2917 2481 2982 ἀδύνατον,
2509 2914 2648 2972 εἷναί
2673 2935 2733 2971 τε
2777 2917 2915 2989 ὁμοῦ
2960 2915 3177 2983 ταυτὸν,
3206 2919 3301 2970 καὶ
3337 2918 3413 2989 μὴ
3440 2912 3599 2971 εἶναι.
3646 2917 3710 2970 Ei
3733 2916 3792 2970 δὲ

2198 3012 2370 3078 οὓτως
2408 3013 2542 3085 ἔχει,
2586 3015 2749 3086 σχολῇ
2775 3016 2827 3085 γ’
2870 3014 2937 3069 ἂν
2982 3012 3111 3068 ἄλλο
3152 3030 3208 3066 τι
3248 3009 3386 3068 εἶναι
3418 3013 3655 3079 δύναιτο,
3694 3008 3790 3065 τοῦ

2199 3104 2350 3169 ὄντος
2390 3106 2558 3160 αὑτοῦ
2595 3108 2669 3179 μὴ
2714 3106 2867 3173 ὄντος
2909 3111 3051 3166 κατὰ
3094 3108 3228 3164 αὐτὸ
3262 3107 3324 3161 τὸ
3363 3107 3444 3161 ὄν.
3475 3106 3549 3160 Τὸ
3580 3104 3689 3176 γὰρ
3731 3102 3792 3157 δν

508 3199 651 3255 idem
677 3213 800 3253 esse
827 3196 993 3253 simul
1016 3211 1078 3251 ac
1108 3210 1218 3250 non
1256 3211 1399 3251 esse.
1424 3195 1660 3266 Quippe,
1692 3196 1795 3253 hoc
1826 3198 1874 3253 si
1925 3196 2097 3254 semel

2201 3200 2371 3255 ἀΐδιόν
2403 3218 2486 3265 τε,
2523 3200 2742 3272 βέϐαιόν
2793 3201 2853 3255 τέ
2894 3204 3066 3269 ἐστιν,
3110 3202 3200 3257 ἀεὶ
3243 3199 3385 3255 κατὰ
3437 3197 3657 3264 ταυτὸν,
3699 3196 3795 3250 καὶ

507 3276 697 3344 verum
715 3302 837 3342 esse
868 3286 1108 3348 dabitur,
1135 3301 1278 3355 aegre
1303 3301 1434 3341 sane
1454 3287 1748 3341 admodum
1777 3286 1924 3342 aliud
1940 3286 2101 3357 quid-

508 3382 593 3437 vis
646 3395 769 3436 esse
811 3377 1031 3449 poterit,
1092 3378 1185 3432 ubi
1233 3376 1288 3431 id
1324 3378 1502 3447 ipsum
1538 3418 1554 3443 ,
1591 3379 1740 3447 quod
1770 3387 1893 3442 est,
1930 3379 2097 3432 etiam

509 3490 618 3545 qua
658 3472 763 3527 tale
786 3483 889 3537 est,
918 3470 1128 3524 nullum
1151 3470 1277 3524 erit.
1312 3466 1471 3535 Quod
1504 3469 1649 3524 enim
1683 3477 1787 3532 est,
1817 3468 1870 3523 id
1896 3467 2100 3538 sempi-

512 3577 726 3621 ternum
788 3571 893 3629 est,
941 3569 1106 3631 atque
1153 3560 1344 3615 eodem
1387 3576 1509 3615 sese
1556 3560 1722 3615 modo
1780 3568 2100 3616 constanter

512 3657 675 3711 habet
703 3672 718 3722 ;
753 3670 864 3709 non
889 3663 1070 3708 autem
1103 3652 1189 3707 vel
1226 3653 1299 3707 ita
1324 3651 1448 3719 fuit,
1488 3659 1550 3705 ut
1581 3651 1776 3707 deinde
1805 3651 2096 3714 interierit,

512 3749 597 3803 vel
619 3747 793 3801 crevit
819 3746 1006 3809 modo,
1037 3745 1200 3800 modo
1228 3744 1494 3809 decrevit,
1525 3742 1612 3797 vel
1642 3742 1824 3813 majus
1852 3743 2099 3799 nondum

513 3848 608 3893 aut
631 3839 812 3893 minus
842 3837 1038 3893 evasit.
1085 3836 1356 3891 Praeterea
1384 3850 1484 3890 nec
1528 3835 1636 3889 alio
1665 3835 1862 3904 quovis
1917 3841 2101 3888 motus

514 3947 731 4003 genere,
763 3947 865 3986 nec
908 3931 1196 3987 loc0tcnus
1212 3944 1455 4000 unquam
1475 3928 1802 3984 movebitur.
1821 3925 1929 3982 Fas
1951 3927 2100 3981 enim

514 4027 705 4095 utique
744 4039 853 4079 non
876 4033 980 4088 est.
1014 4025 1091 4080 uti
1118 4023 1265 4094 quod
1296 4038 1426 4078 vere
1461 4030 1569 4087 est,
1619 4021 1764 4076 idem
1796 4028 2101 4075 retrorsum

514 4120 598 4174 vel
626 4127 938 4174 antrorsum
966 4136 981 4181 ;
1027 4132 1249 4173 sursum
1287 4126 1384 4171 aut
1414 4115 1672 4171 deorsum
1708 4130 1724 4179 ;
1752 4112 2100 4170 dextrorsum

514 4206 600 4261 vel
641 4205 804 4278 526
826 4207 1209 4262 sinistrorsum
1244 4204 1454 4260 moveri
1488 4203 1715 4258 omnino
1742 4198 2103 4257 transferrive

515 4298 692 4370 possit
725 4314 828 4353 :ac
851 4313 920 4352 ne
948 4297 1093 4353 circa
1124 4296 1211 4353 sui
1235 4296 1457 4366 quidem
1506 4295 1681 4363 ipsius
1704 4292 1947 4349 medium
1982 4306 2103 4346 mo-

516 4393 785 4450 vebitur:
838 4391 933 4447 sed
982 4390 1209 4445 hmrebit
1238 4389 1445 4460 potius,
1507 4395 1563 4442 et
1592 4387 1885 4441 immotum
1940 4392 2105 4453 atque

518 4484 910 4540 inconcussum
940 4496 1036 4553 per
1063 4496 1186 4537 sese
1243 4495 1461 4551 semper
1485 4518 1500 4545 ,
1532 4478 1834 4547 eademque
1888 4476 2104 4530 ratione

2202 3294 2400 3348 ταυτόν
2417 3311 2430 3324 ·
2464 3294 2558 3348 καὶ
2587 3294 2710 3349 οὐδὲ
2735 3294 2930 3363 γέγονε
2955 3296 3074 3367 μὲν,
3109 3293 3323 3365 ἐφθάρη
3350 3292 3427 3356 δὲ,
3454 3291 3563 3344 οὐδ’
3596 3292 3793 3360 ἐμαγε-

2200 3386 2399 3440 θύνατο
2435 3386 2557 3457 μὲν,
2589 3386 2827 3457 ὲμειὼθη
2852 3386 2943 3439 δέ’
2972 3387 3094 3440 οὐδὲ
3138 3385 3211 3456 μὴ
3242 3384 3460 3453 ἐγένετό
3491 3399 3580 3434 πω
3608 3380 3793 3433 πλεῖον

2199 3478 2234 3551 ἢ
2264 3478 2516 3533 ἔλασσον·
2554 3479 2650 3531 καὶ
2683 3478 2784 3548 μὲν
2809 3476 2875 3548 δὴ
2907 3476 2977 3530 τά
2999 3494 3058 3529 τε
3091 3475 3249 3538 ἄλλα,
3274 3474 3375 3527 ’καὶ
3402 3473 3523 3525 οὐδὲ
3551 3472 3792 3534 τοπικῶς

2199 3569 2575 3641 κινηθήσεται.
2621 3567 2757 3621 Οὐδὲ
2785 3567 2894 3639 γὰρ
2934 3567 3093 3637 θέμις
3137 3564 3287 3636 αὑτῷ
3330 3562 3638 3634 κινηθῆναι,
3672 3562 3792 3615 οὐδὲ

2204 3663 2304 3736 μὲν
2325 3662 2522 3728 ὀπίσω,
2560 3660 2681 3715 οὐδὲ
2713 3660 2903 3732 πρόσω
2927 3676 2940 3690 ·
2972 3657 3095 3713 οὔτε
3126 3659 3238 3714 ἄνω
3274 3658 3423 3719 ποτὲ,
3454 3654 3577 3708 οὔτε
3605 3655 3789 3708 κάτω·

2199 3755 2306 3808 οὐδ’
2337 3755 2418 3818 είς
2449 3753 2619 3819 δεξιὰ,
2651 3752 2759 3805 οὐδ’
2786 3753 2867 3815 εἰς
2897 3749 3161 3822 ἀριστερὰ
3194 3746 3622 3820 μετατεθήσεταί
3656 3761 3791 3797 ποτε

2200 3846 2262 3901 τὸ
2288 3846 2347 3900 ὄν
2366 3863 2380 3877 ο
2412 3844 2537 3899 οὔτε
2564 3846 2693 3917 περὶ
2713 3844 2775 3897 τὸ
2812 3844 2977 3914 μέσον
3005 3842 3134 3896 ποτὲ
3167 3840 3359 3895 ἑαυτοῦ
3396 3838 3748 3910 κινηθήσεται
3770 3851 3789 3870 ο

2202 3938 2340 3993 ἀλλὰ
2365 3937 2563 4009 μᾶλλον
2596 3937 2691 3991 κα)⁸
2730 3934 3035 4007 ἑστήξεται,
3067 3934 3162 3987 καὶ
3187 3931 3391 4005 ἀραρός
3425 3947 3484 3983 τε
3514 3928 3607 3983 καὶ
3633 3929 3796 3998 ἑστη-

2202 4030 2297 4094 κὸς
2330 4029 2480 4084 ἔσται
2507 4027 2650 4083 κατὰ
2692 4026 2864 4081 ταυτὰ
2905 4026 3026 4097 ἔχον
3058 4026 3165 4087 ἀεὶ,
3191 4025 3285 4078 καὶ
3316 4020 3596 4085 ὡσαύτως.
3626 4038 3646 4071 ι
3683 4019 3794 4073 Kal

2203 4121 2330 4192 ἑξῆς
2367 4120 2485 4191 μεθ’
2530 4121 2693 4191 ἕτερα
2740 4118 3015 4187 ἐπιλέγει·
3072 4136 3091 4169 ι
3126 4113 3374 4169 Τοσαῦτα
3414 4112 3511 4183 μὲν
3556 4106 3650 4164 οὖν
3702 4126 3793 4181 μοι

2205 4215 2311 4288 πρὸ
2350 4214 2493 4268 ὁδοῦ.
2542 4213 2717 4277 Αὐτὸς
2768 4212 2813 4265 δ’
2859 4210 3042 4264 οὐκέτι
3091 4204 3625 4279 σχηματισθήσομαι,
3683 4201 3791 4255 οὐδ’

2208 4309 2423 4377 ἀγνοεῖν
2450 4307 2609 4376 φήσω
2636 4305 2697 4359 τὸ
2725 4303 2895 4374 ὄνομα
2926 4300 3021 4355 τοῦ
3054 4299 3349 4369 ἀσωμάτου
3377 4312 3390 4324 ·
3423 4295 3518 4348 καὶ
3549 4293 3659 4364 γὰρ
3685 4309 3796 4346 κιν-

2205 4398 2414 4451 δυνεύει
2436 4397 2531 4451 νῦν
2562 4396 2662 4468 ἥδη
2688 4395 2819 4448 ἴδιον
2850 4394 2879 4434 δ
2912 4389 3050 4446 εἶναι
3080 4391 3254 4443 εἰπεῖν
3288 4386 3505 4458 μᾶλλον,
3540 4384 3575 4456 ἢ
3609 4383 3683 4456 μὴ
3718 4385 3797 4437 ei-

2206 4492 2350 4542 πεῖν.
2385 4488 2498 4541 Καὶ
2529 4487 2664 4558 δῆτα
2707 4485 2853 4554 λέγω
2889 4484 2951 4537 τὸ
2978 4483 3149 4552 ὄνομα
3180 4478 3328 4549 αὐτῷ
3366 4473 3504 4532 εἶναι
3547 4475 3706 4529 τοῦτο
3732 4474 3795 4529 τὸ

518 4576 804 4631 consistet.
841 4592 861 4625 ι
895 4572 1153 4644 Idemque
1202 4571 1484 4627 nonnullis
1539 4568 1842 4640 interjectis
1869 4608 1885 4634 ,
1938 4567 2098 4622 dein-

2208 4580 2374 4634 πὰλαι
2408 4578 2759 4649 ζητούμενον.
2801 4574 2964 4629 Ἀλλὰ
3015 4574 3091 4646 μὴ
3120 4571 3407 4643 γελασάτω
3436 4587 3541 4635 τις,
3582 4569 3678 4624 ἐὰν
3708 4569 3795 4639 φῶ

520 4682 649 4736 ceps
679 4667 753 4720 ita
782 4664 1134 4734 prosequitur
1160 4682 1175 4717 :
1223 4682 1243 4715 ι
1289 4665 1469 4734 Atque
1499 4662 1616 4717 hzec
1660 4659 1971 4715 munienda:
2003 4659 2102 4713 viae

520 4761 693 4829 gratia
719 4758 851 4812 mihi
881 4757 1027 4811 dicta
1058 4764 1223 4811 sunto
1261 4754 1384 4809 Jam
1408 4768 1539 4809 vero
1574 4751 1924 4808 simulatione
1949 4750 2101 4807 omni

522 4856 721 4924 posita,
770 4866 935 4907 nosse
962 4865 1048 4903 me
1073 4849 1385 4919 incorporei
1418 4862 1620 4902 nomen
1672 4846 1909 4916 ingenue
1931 4844 2101 4914 proli-

522 4946 677 4999 lt'bt)!‘
703 4963 716 5010 ;
747 4961 873 4998 eum
906 4944 957 4997 id
1002 4958 1149 4998 nunc
1185 4942 1409 5010 quidem
1438 4936 2103 5010 pronuntiarijucundius

523 5036 767 5090 futurum
794 5034 1067 5096 videatur,
1098 5049 1265 5102 quam
1312 5032 1482 5087 sileri.
1513 5030 1579 5084 Et
1605 5030 1825 5100 quidem
1859 5028 1991 5083 illud
2023 5029 2106 5096 ip-

522 5143 666 5190 sum,
698 5144 807 5197 quo
835 5128 903 5181 dc
940 5125 1270 5197 jampridem
1320 5123 1609 5194 quaeritur,
1641 5122 1692 5178 ei
1732 5136 1935 5176 nomen
1978 5134 2103 5174 esse

522 5218 816 5273 contendo.
848 5215 961 5272 Nec
982 5218 1158 5272 rideat
1179 5217 1267 5270 hic
1300 5216 1616 5287 quisquam,
1637 5214 1768 5269 dum
1793 5212 1948 5268 audit
1973 5226 2071 5282 pro
2088 5240 2103 5251 -

524 5312 703 5380 prium
730 5310 1036 5380 incorporei
1062 5324 1285 5372 nomen,
1306 5307 1674 5363 substantiam
1695 5315 1858 5377 atque
1884 5303 1937 5358 id
1955 5302 2103 5373 quod

524 5413 627 5468 est,
661 5403 759 5459 abs
785 5417 872 5457 me
900 5402 1180 5457 constitui.
1221 5399 1475 5456 Nominis
1526 5398 1727 5469 quippe
1783 5397 1949 5467 hujus
1981 5410 2103 5449 eam

525 5509 646 5549 esse
679 5509 904 5549 causam
958 5493 1244 5564 intelligat,
1271 5492 1418 5562 quod
1474 5505 1652 5559 neque
1682 5498 1864 5545 ortum
1896 5487 2105 5542 habue-

598 5599 625 5628 ι
664 5586 791 5651 Με.,
830 5585 1226 5656 συμϐούλομαι.
1305 5585 1334 5625 ι)
1375 5583 1504 5647 ML,
1542 5583 1712 5654 ἥδιον.

600 5701 712 5762 (liti)
744 5700 996 5771 υὺκοῦν.
1046 5698 1251 5771 chere
1280 5697 1710 5771 maluiobxouv.
1748 5695 1925 5771 Negat
1949 5694 2102 5749 enim

530 5771 743 5896 πῖκον,
771 5769 916 5831 εἰκός
944 5786 1085 5836 esse,
1130 5768 1274 5839 Quod
1328 5770 1607 5839 sequitur;
1660 5783 1771 5823 non
1820 5768 2101 5823 allirmat:

586 5840 730 5896 iouui
760 5840 1056 5896 pugnantia
1093 5840 1428 5896 louueretur.

586 5840 730 5912 ioqui
760 5840 1056 5910 pugnantia
1093 5840 1428 5910 loqueretur.

2203 4668 2297 4721 τοῦ
2325 4668 2619 4738 ἀσωμάτου
2644 4662 2783 4720 εἶναι
2811 4665 2984 4735 ὄνομα
3007 4663 3195 4716 οὐσίαν
3221 4662 3315 4715 καὶ¹
3341 4662 3419 4714 ὄν.
3460 4661 3522 4713 Ἦ
3556 4659 3613 4713 δὲ
3646 4659 3795 4713 αἰτία

2201 4760 2294 4814 τοῦ
2323 4737 2476 4824 ὄντος
2500 4758 2765 4830 ὀνόματός
2812 4755 2921 4828 (46)
2957 4757 3072 4807 ἐστι
3111 4753 3172 4805 τὸ
3214 4751 3290 4824 μὴ
3318 4737 3625 4819 γεγονέναι,
3660 4749 3794 4821 μηδὲ

2205 4851 2599 4925 φθαρήσεσθαι,
2636 4848 2757 4921 μηδ’
2790 4848 2954 4919 ἄλλην
2991 4848 3128 4919 μήτε
3167 4846 3382 4916 κίνησιν
3414 4843 3679 4915 μηδεμίαν
3708 4844 3796 4897 έν-

2202 4944 2473 5015 δέχεσθαι,
2495 4942 2628 5014 μηδὲ
2645 4939 2779 5012 με)
2797 4939 3098 5012 μεταϐολὴν
3111 4938 3342 5011 κρείττω
3362 4936 3393 5007 ἢ
3409 4936 3639 5007 φαύλην·
3655 4931 3795 4991 εἶναι

2204 5037 2261 5090 δὲ
2284 5035 2489 5090 ἁπλοῦν
2522 5034 2618 5088 καὶ
2643 5032 3023 5098 ἀναλλοίωτον,
3056 5032 3149 5085 καὶ
3177 5033 3235 5083 ὲν
3269 5029 3382 5100 ἰδέᾳ
3415 5032 3481 5099 τῇ
3508 5029 3669 5099 αὐτῇ,
3699 5027 3795 5080 καὶ

2208 5132 2348 5202 μήτε
2392 5126 2694 5182 ἐθελούσιον
2738 5126 3052 5192 ἐξίστασθαι
3097 5127 3197 5197 τῆς
3243 5125 3596 5192 ταυτότητος,
3665 5121 3791 5192 μήθ’

2206 5220 2295 5290 ὑφ’
2340 5218 2527 5289 ἑτέρου
2580 5214 3150 5288 προσαναγκάζεσθαι.
3209 5217 3354 5285 Ἔφη
3384 5214 3441 5267 δὲ
3473 5214 3568 5267 καὶ
3598 5213 3627 5266 ό
3653 5211 3796 5265 Πλά-

2204 5330 2311 5367 των
2340 5312 2395 5363 ὲν
2421 5312 2714 5379 Κρατύλῳ
2736 5310 2806 5363 τὰ
2837 5309 3083 5380 ὀνόματα
3106 5306 3364 5379 ὁμοιώσει
3402 5307 3510 5361 τῶν
3537 5305 3795 5377 πραγμά-

2205 5421 2311 5457 των
2338 5398 2478 5456 εῐναι
2500 5402 2641 5456 αὐτὰ
2672 5401 2921 5455 ἐπίθετα.
2951 5402 3130 5454 Ἔστω
3156 5393 3249 5453 οὖν
3276 5398 3370 5452 καὶ
3392 5396 3626 5451 δεδόσθω
3655 5392 3792 5450 εἶναι

2205 5494 2267 5548 τὸ
2289 5494 2349 5548 ὃν
2380 5494 2442 5548 τὸ
2468 5493 2782 5566 ἀσώματον.
2807 5513 2825 5546 ›
2850 5489 2966 5546 Εἶθ’
2983 5489 3338 5554 ὑποκαταϐὰς
3365 5489 3638 5559 ἐπιλέγει·
3665 5507 3685 5541 ί
3706 5488 3784 5542 Τδ

2276 5696 2390 5769 (46)
2430 5699 2538 5781 Τοῦ
2570 5698 2744 5765 ὄντος
2775 5698 3086 5769 ὀνόματος.
3115 5696 3319 5754 Vocem
3363 5696 3516 5764 ὄντος
3563 5695 3796 5753 libenter

2207 5786 2586 5841 expunxerim.

2195 5880 2200 5885 .
2278 5837 2415 5914 (46⁸)
2450 5838 2633 5911 Μηδὲ.
2673 5839 2838 5895 Forte
2868 5839 3026 5910 μήτε.
3060 5837 3220 5896 Enn.
