4156 6414
496 392 603 449 873

1640 402 1961 461 PBA‘ZPAR.
2003 400 2260 460 EVANG.
2302 402 2430 462 LIB.
2474 405 2564 461 XI.

477 504 534 556 ὃν
575 500 726 557 εἶπον
766 506 877 578 (47)
916 508 1235 580 ἀσώματον,
1275 512 1430 566 τοῦτο
1468 514 1523 567 δὲ
1563 516 1699 573 εἶναι
1735 522 1798 573 τὸ
1835 524 2031 593 νοητόν.

2154 516 2242 579 rit,
2287 533 2461 587 neque
2500 520 2845 576 interiturum
2883 522 2991 577 sit:
3038 524 3148 580 imo
3181 539 3279 579 nec
3310 524 3454 580 aliud
3485 542 3716 596 prorsus

481 595 560 648 Τὰ
588 596 686 666 μὲν
717 593 810 652 οὖν
847 599 1119 670 λεχθέντα,
1148 603 1247 656 ὅσα
1275 607 1632 676 μνημονεύειν
1656 610 1769 664 ἐστι
1801 630 1909 682 μοι,
1936 632 2046 668 τοι-

477 685 616 739 αῦτα
637 687 766 754 γοῦν
807 685 903 760 ἦν·
936 691 1028 743 τὸν
1064 692 1108 744 δ’
1143 693 1498 766 ἐπιζητοῦντα
1546 699 1700 769 λόγον
1742 704 1852 774 (48)
1880 704 2046 758 ἐθέλω

477 778 1006 850 παραμυθήσασθαι,
1053 785 1267 838 τοσόνδε
1320 789 1585 854 ὑπειπὼν,
1616 792 1696 845 ὅτι
1738 792 1908 846 ταῦτα
1934 797 2046 857 τοῖς

477 864 712 936 δόγμασι
746 870 839 922 τοῦ
870 872 1153 938 Πλάτωνος
1178 879 1226 930 εἰ
1258 876 1332 948 μὴ
1368 880 1683 951 ωμὸαίνει,
1709 883 1822 936 ἀλλ’
1857 884 2042 956 ἑτέρου

474 959 527 1026 γ’
555 960 721 1032 ἐχρῆν
749 962 954 1019 οἴεσθαί
998 984 1138 1032 τινος
1180 970 1370 1041 ἀνδρὸς
1412 974 1646 1043 μεγάλου
1667 1017 1681 1041 ,
1717 977 1856 1047 μέγα
1883 978 2044 1033 δυνα-

479 1051 673 1142 μένου,
719 1054 835 1142 οἴου
879 1057 1217 1131 Πυθαγόρου.
1274 1063 1435 1131 Λέγει
1472 1065 1601 1133 γοῦν
1633 1067 1887 1122 Πλάτων·
1923 1072 2044 1142 φέρ’

475 1140 804 1211 ἀναμνησθῶ
834 1145 951 1206 πῶς
973 1145 1154 1213 λέγει·
1197 1149 1262 1201 Τί
1299 1151 1360 1203 τὸ
1399 1151 1459 1206 δν
1484 1155 1590 1217 ἀεὶ,
1620 1157 1828 1225 γένεσιν
1859 1158 1915 1211 δὲ
1945 1140 2044 1213 ούκ

473 1228 629 1299 ἐχονς
658 1233 781 1288 Καιι
798 1234 851 1286 τί
897 1236 957 1288 τὸ
996 1238 1274 1309 γινόμενον
1322 1244 1443 1313 μὲν,
1478 1244 1538 1297 ὂν
1577 1246 1633 1299 δὲ
1666 1249 1954 1313 οὐδέποτε;
1983 1249 2045 1302 τὸ

477 1318 573 1387 μὲν
634 1319 697 1391 δὴ
752 1324 931 1394 νοήσει
982 1328 1119 1396 μετὰ
1165 1330 1322 1398 λόγου
1372 1335 1732 1406 περιληπτὸν,
1781 1338 1842 1391 τὸ
1885 1338 1928 1390 δ’
1974 1334 2040 1392 αὖ

471 1410 598 1483 δόξῃ
650 1415 787 1483 μετὰ
841 1418 1142 1490 αἰσθήσεως
1197 1425 1392 1494 ἀλόγου
1440 1428 1726 1497 δοξαστὸν,
1764 1432 2043 1503 γινόμενον

472 1504 978 1596 καὶγάπολλύμενον,
1009 1511 1176 1579 ὅντως
1200 1514 1257 1569 δὲ
1293 1518 1544 1573 οὐδέποτε
1578 1520 1655 1575 ὅν.
1685 1524 1883 1594 Ἥρετο
1908 1523 2037 1596 γὰρ,

473 1590 528 1643 τί
573 1595 688 1647 ἐστι
732 1598 793 1649 τὸ
834 1597 926 1663 ὃν,
981 1600 1086 1670 φὰς
1128 1604 1259 1657 αὐτὸ
1309 1607 1567 1679 ἀγένητον
1608 1590 2040 1680 ἀναμᾲιλέκτως.

474 1683 688 1739 Γένεσιν
711 1686 818 1758 γὰρ
838 1690 938 1743 οὒκ
966 1691 1068 1761 ἔφη
1092 1690 1230 1747 εἶναι
1252 1695 1329 1766 τῷ
1365 1697 1475 1751 δντι
1495 1717 1508 1729 θ
1532 1701 1788 1771 ἐτρέπετο
1808 1703 1915 1773 γὰρ
1940 1702 2003 1756 ἄν
2021 1719 2037 1735 ⁸

470 1775 802 1848 τρεπόμενον
839 1781 896 1833 δὲ
938 1783 1037 1836 οὐκ
1071 1779 1136 1855 ἦν
1173 1786 1358 1840 ἀΐδιον.
1390 1807 1410 1839 ι
1434 1785 1565 1842 Εἶτα
1612 1790 1817 1855 ὑποϐάς
1847 1807 2037 1861 φησιν’

2156 608 2325 662 ullum
2349 625 2446 665 seu
2483 621 2684 679 motus,
2712 628 2807 669 seu
2851 615 3165 671 mutationis
3185 657 3199 682 ,
3228 616 3455 687 ejusque
3488 619 3569 672 vel
3598 636 3684 675 me

2154 702 2334 766 lioris,
2358 705 2441 758 vel
2464 705 2748 760 deterioris
2775 721 2944 776 genus
2999 706 3294 776 aliquando
3355 709 3662 764 subiturum
3698 731 3710 744 -

2155 794 2251 849 sed
2276 797 2502 851 omnino
2531 797 2762 866 simplex
2799 805 2855 851 et
2877 798 3237 865 immutabile,
3276 800 3519 870 adeoque
3544 801 3597 854 in
3624 817 3717 856 ea-

2154 886 2276 940 dem
2315 901 2527 956 semper
2558 897 2766 941 naturae
2789 902 2901 943 suae
2938 889 3147 943 ratione
3174 889 3446 959 persistat,
3470 892 3615 961 quod
3646 894 3715 947 ab

2153 977 2245 1031 illa
2280 991 2381 1032 nec
2411 985 2601 1048 suapte
2621 987 2833 1047 sponte,
2861 994 2963 1034 nec
3003 978 3176 1034 aliena
3204 980 3256 1035 vi
3286 996 3351 1036 ac
3388 983 3717 1040 necessitate

2152 1066 2414 1121 discedat.
2459 1067 2525 1125 Et
2580 1081 2710 1121 sane
2732 1066 2886 1122 Plato
2915 1069 3144 1139 ipsemet
3163 1071 3219 1123 in
3236 1068 3475 1141 Cralylo,
3495 1074 3716 1129 nomina

2152 1170 2218 1210 ex
2248 1155 2467 1225 propria
2491 1161 2729 1226 quadam
2751 1173 2932 1215 rerum
2951 1161 3305 1217 similitudine
3328 1163 3581 1233 imposita
3592 1179 3716 1220 esse

2151 1245 2329 1301 docet.
2364 1245 2580 1302 Maneat
2608 1249 2792 1319 igitur,
2820 1261 2872 1306 et
2917 1258 3177 1323 tauquam
3201 1267 3390 1307 verum
3442 1262 3710 1318 sumatur,

2151 1337 2529 1404 incorporeum
2563 1354 2685 1394 esse
2714 1339 2767 1394 id
2792 1342 2938 1411 quod
2981 1354 3115 1398 εει.»
3139 1342 3348 1409 Quibus
3378 1343 3540 1412 paulo
3584 1353 3708 1414 post

2150 1429 2346 1483 iterum
2370 1430 2474 1484 ista
2503 1430 2783 1502 subjungit
2812 1452 2825 1487 :
2880 1452 2899 1485 ι
2933 1433 2989 1489 ld
3021 1435 3165 1504 quod
3189 1444 3275 1489 est
3305 1436 3708 1505 incorporeum.

2148 1518 2397 1589 idemque
2409 1521 2523 1575 sola
2542 1530 2722 1577 mente
2736 1534 3049 1593 perceptum
3077 1540 3197 1582 esse
3230 1526 3504 1585 dicebant.
3534 1526 3712 1596 Atque

2148 1609 2262 1664 haec
2289 1621 2438 1676 sunt,
2482 1627 2605 1682 quae
2633 1622 2747 1668 tum
2782 1614 3058 1684 disputata
3086 1614 3259 1671 fuisse
3296 1617 3539 1671 memini.
3579 1616 3708 1671 Mihi

2145 1714 2296 1766 vero,
2354 1703 2402 1757 si
2437 1703 2563 1772 quis
2599 1704 2746 1758 illam
2778 1704 3022 1762 Platonis
3081 1707 3387 1761 orationem
3445 1707 3709 1776 requirat,

2145 1792 2294 1849 hunc
2314 1793 2416 1865 ipsi
2445 1796 2686 1852 laborem
2706 1798 2873 1852 alleva
2883 1814 2938 1852 re
2954 1814 3018 1852 ac
3038 1799 3249 1853 mollire
3264 1800 3440 1869 placet
3460 1817 3473 1866 ;
3495 1800 3540 1854 si
3559 1800 3711 1870 prius

478 1891 498 1926 ι
543 1874 605 1926 El
639 1874 737 1944 μὲν
769 1874 831 1945 δὴ
860 1875 919 1928 τὸ
956 1875 1014 1929 ὃν
1052 1876 1269 1940 πάντως
1301 1878 1474 1948 πάντη
1503 1878 1669 1932 ἀΐδιόν
1701 1881 1761 1933 τέ
1803 1882 1920 1932 ἐστι
1946 1881 2031 1934 καὶ

2143 1884 2543 1955 hocmonuero,
2569 1903 2689 1958 quae
2714 1888 2833 1944 loco
2850 1889 2943 1943 illo
2958 1889 3325 1959 disputantur,
3356 1905 3420 1945 ea
3447 1891 3492 1946 si
3523 1892 3708 1945 minus

469 1962 753 2036 ἄτρεπτον,
788 1968 880 2020 καὶ
913 1967 1159 2040 οὐδαμῶς
1190 1969 1396 2040 οὐδαμῆ
1432 1968 1779 2039 ἐξιστάμενον
1827 1969 1886 2036 ἐξ
1912 1972 2038 2025 ἑαυ-

468 2054 584 2121 τοῦ,
635 2057 783 2128 μένει
816 2058 873 2111 δὲ
918 2059 1055 2113 κατὰ
1087 2060 1156 2114 τὰ
1199 2060 1338 2114 αὐτὰ
1387 2063 1481 2115 καὶ
1512 2060 1771 2126 ὡσαύτως
1818 2063 2036 2134 ἕστηκε,

465 2149 625 2205 τοῦτο
645 2152 814 2223 δήπου
841 2152 906 2207 ἂν
934 2154 1018 2228 εἴη
1052 2154 1114 2210 τὸ
1143 2157 1210 2229 τῇ
1239 2158 1420 2229 νοήσει
1456 2156 1594 2228 μετὰ
1625 2157 1782 2226 λόγου
1816 2157 2039 2229 περιλη-

466 2240 623 2303 πυόν.
670 2242 734 2298 El
771 2245 828 2298 δὲ
857 2245 917 2298 τὸ
956 2245 1113 2315 σῶμα
1144 2247 1228 2316 ῥεῖ
1252 2245 1346 2298 καὶ
1372 2245 1592 2317 φέρεται
1621 2246 1724 2297 ὑπὸ
1756 2249 1854 2317 τῆς
1878 2244 2038 2307 εὐθὺς

467 2334 790 2405 μεταϐολῆς,
843 2336 1224 2407 ἀποδιδράσκει
1271 2336 1365 2388 καὶ
1414 2334 1512 2387 οὐκ
1560 2334 1726 2390 ἐστιν.
1773 2336 1933 2389 Ὅθεν
1974 2335 2035 2387 οὐ

464 2428 633 2499 πολλὴ
666 2429 832 2499 μανία
885 2429 959 2499 μὴ
988 2429 1050 2481 οὐ
1079 2429 1235 2481 τοῦτο
1281 2424 1416 2481 εἶναι
1449 2429 1697 2500 ἀόριστον
1745 2429 1876 2501 (49),
1907 2429 2033 2501 δόξῃ

461 2521 519 2574 δὲ
553 2520 686 2592 μόνῃ
720 2520 992 2588 δοξαστὸν,
1026 2521 1121 2574 καὶ
1141 2519 1214 2584 ὥς
1240 2538 1372 2592 φησι
1407 2521 1631 2574 Πλάτων
1662 2520 1794 2592 (50),
1823 2521 2033 2591 γινόμε-

463 2629 552 2665 νον
588 2612 680 2665 καὶ
701 2612 1089 2683 ἀπολλύμενον,
1119 2612 1285 2677 ὅντως
1314 2613 1370 2667 δέ
1398 2613 1653 2667 οὐδέποτε
1685 2613 1763 2667 ὅν.
1799 2634 1815 2666 ι
1845 2613 2030 2667 Ταῦτα

463 2702 562 2773 μὲν
594 2704 623 2755 6
653 2703 976 2774 Νουμήνιος,
1008 2702 1143 2773 όμοῦ
1172 2703 1239 2757 τὰ
1269 2704 1576 2769 Πλάτωνος,
1611 2705 1704 2758 καὶ
1733 2705 1865 2759 πολὺ
1896 2705 2029 2776 πρό-

458 2810 617 2866 τερον
646 2793 717 2847 τὰ
759 2795 1003 2860 Μωσέως
1050 2797 1143 2850 ἐπὶ
1190 2796 1252 2849 τὸ
1298 2797 1466 2866 σαφὲς
1506 2796 1896 2869 διερμηνεύων.
1933 2797 2027 2849 El—

460 2885 634 2948 κότως
669 2885 804 2957 δῆτα
844 2888 924 2950 είς
955 2888 1086 2941 αὐτὸ
1131 2890 1304 2941 ἐκεῖνο
1335 2888 1398 2942 τὸ
1437 2889 1614 2956 λόγιον
1651 2889 2026 2960 περιφέρεται,

458 2977 526 3030 δι’
562 2971 624 3030 οὗ
660 2979 824 3047 φάναι
859 2979 1285 3051 μνημονεύεταιο
1328 2999 1346 3031 ι
1389 2980 1454 3032 Τί
1496 2980 1603 3051 γάρ
1638 2982 1754 3032 ἐστι
1802 2980 2026 3033 Πλάτων

458 3071 492 3143 ῆ
525 3071 725 3142 Μωσῆς
776 3071 1126 3136 Ἀττικίζων;
1158 3091 1176 3124 ι
1211 3072 1322 3125 Θέα
1352 3072 1408 3125 δέ
1442 3071 1578 3142 πρὸς
1611 3070 1840 3134 τούτοις,
1872 3072 1919 3123 εί
1950 3070 2024 3143 μὴ

2142 1976 2209 2030 ad
2234 1975 2478 2034 Platonis
2527 1978 2782 2049 dogmata
2815 1980 3123 2051 pertineant
3154 2022 3168 2047 ,
3216 1983 3375 2037 alteri
3406 1992 3552 2038 certe
3587 1985 3708 2040 eui-

2139 2069 2306 2138 piam,
2340 2071 2433 2126 sed
2454 2072 2737 2128 excellenti
2766 2074 2905 2140 viro,
2933 2088 3256 2143 summaque
3281 2074 3703 2144 philosophandi

2138 2158 2191 2211 vi
2210 2158 2437 2228 praedito
2468 2161 2797 2230 assignanda
2825 2177 2966 2228 esse,
2997 2162 3305 2232 eujusmodi
3342 2161 3705 2235 Pythagoram

2137 2246 2309 2304 fuisse
2341 2250 2562 2306 dixeris.
2591 2250 2683 2305 Sic
2706 2252 2872 2322 igitur
2892 2252 3047 2308 Plato
3075 2272 3088 2308 :
3118 2269 3244 2309 nam
3273 2255 3558 2312 verborum
3590 2273 3704 2314 me-

2137 2342 2364 2396 minisse
2379 2343 2685 2397 conandum
2704 2354 2784 2399 est
2818 2361 2834 2398 :
2882 2342 3022 2410 Quid
3043 2345 3175 2401 illud
3200 2354 3304 2415 est,
3333 2348 3531 2419 inquit,
3557 2352 3723 2420 quod.

2136 2448 2351 2503 semper
2375 2435 2501 2488 est?
2528 2450 2628 2490 nec
2671 2444 2849 2490 tamen
2876 2448 3055 2493 ortum
3092 2438 3259 2496 habet
3307 2441 3524 2497 ullum?
3559 2442 3703 2509 Quid

2135 2524 2268 2581 illud
2297 2533 2508 2591 contra,
2554 2528 2699 2597 quod
2731 2529 2939 2597 oritur,
2975 2540 3028 2585 et
3077 2548 3354 2603 nunquam
3386 2543 3469 2589 est
3496 2535 3520 2587 ?
3543 2533 3702 2591 Prius

2134 2616 2265 2670 illud
2286 2617 2506 2687 quidem
2547 2620 2616 2674 ab
2648 2620 2761 2675 sola
2784 2621 3136 2692 intelligentia
3178 2639 3303 2680 cum
3343 2625 3554 2680 ratione
3578 2641 3703 2696 per-
3745 2658 3755 2666 -

2133 2709 2330 2780 cipitur
2365 2727 2380 2765 :
2419 2711 2650 2767 alterum
2686 2713 2809 2778 hoe,
2841 2715 2987 2783 quod
3010 2717 3188 2772 oritur
3206 2716 3371 2772 simul
3402 2727 3457 2772 et
3480 2716 3699 2788 occidit,

2130 2817 2308 2871 neque
2341 2818 2583 2873 unquam
2615 2819 2741 2860 vere
2757 2814 2858 2871 est,
2894 2805 2948 2860 in
2970 2820 3034 2861 ea
3057 2807 3344 2872 duntaxat,
3379 2824 3540 2879 quam
3569 2824 3700 2867 sen-

2131 2908 2227 2948 sus
2255 2894 2324 2949 ab
2346 2894 2497 2949 omni
2522 2894 2735 2950 ratione
2762 2911 2965 2951 vacuus
3006 2897 3185 2963 efficit,
3223 2898 3480 2967 opinione
3513 2914 3697 2955 versa-

2130 2989 2237 3034 tur.
2275 2979 2480 3048 Quaerit
2521 2981 2694 3048 Plato,
2725 2983 2854 3053 quid
2882 2984 3014 3039 illud
3036 2984 3129 3050 sit,
3164 2984 3310 3055 quod
3343 2994 3463 3054 est;
3497 2987 3550 3042 id
3577 2988 3697 3045 sine

2128 3071 2295 3127 dubio
2344 3088 2532 3129 carere
2587 3082 2709 3129 ortu
2757 3084 3022 3143 statuens,
3073 3078 3275 3148 quippe
3309 3088 3488 3134 ortum
3520 3080 3574 3135 in
3603 3095 3695 3150 eo,

456 3160 546 3213 τὸν
570 3163 810 3232 παρόντα
833 3162 954 3217 νοῦν
984 3162 1076 3216 ἐπὶ
1118 3163 1297 3217 πλεῖον
1335 3164 1429 3216 καὶ
1471 3164 1499 3215 6
1545 3162 1889 3234 Πλούταρχος
1936 3161 2024 3227 ἐξ-

2133 3164 2272 3230 quod
2287 3171 2391 3229 est,
2417 3164 2592 3220 locum
2621 3164 2822 3219 habere
2848 3176 3005 3234 negat
3029 3184 3042 3220 :
3070 3174 3367 3221 mutaretur
3392 3168 3536 3222 enim
3561 3168 3697 3224 alio-

457 3253 667 3319 απλῶν,
689 3253 968 3325 συντρέχοι
994 3254 1059 3307 ἂν
1081 3257 1198 3318 ταῖς
1211 3272 1270 3307 τε
1288 3254 1674 3326 προκειμέναις
1699 3257 1903 3322 φωναῖς
1917 3254 2027 3308 τῶν

2133 3257 2268 3326 qui:
2319 3257 2365 3311 si
2402 3266 2581 3311 autem
2636 3264 2979 3323 mutaretur,
3037 3258 3427 3328 sempiternum
3468 3260 3523 3314 id
3581 3276 3691 3316 non

455 3345 778 3414 φιλοσόφων,
824 3348 917 3399 καὶ
959 3350 1080 3410 ταῖς
1130 3343 1285 3409 αὖθις
1324 3346 1590 3419 Ἐϐραίων
1639 3346 1918 3419 κειμέναις
1966 3351 2026 3403 ἐν

454 3437 665 3507 ἑτέραις
705 3438 1021 3506 θεολογίαις,
1055 3440 1122 3492 δι’
1149 3432 1224 3492 ὧν
1253 3440 1376 3492 τοτέ
1411 3440 1510 3509 μὲν
1539 3440 1818 3509 εἰσάγεται
1851 3440 2024 3508 λέγων

452 3533 480 3583 ὁ
529 3530 881 3602 χρηματίζων
929 3530 1090 3594 Θεός·
1133 3549 1152 3582 ι
1203 3531 1347 3584 Διότι
1400 3530 1511 3599 ἐγὼ
1560 3530 1766 3603 Κύριος
1811 3533 1840 3584 6
1891 3530 2023 3595 Θεὸς

453 3625 625 3693 ὑμῶν,
656 3626 749 3678 καὶ
786 3625 885 3678 οὐκ
923 3624 1251 3695 ἡλλοίωμαν
1294 3644 1312 3676 ι
1342 3625 1466 3677 τοτέ
1503 3625 1548 3678 δ’
1596 3628 1676 3689 είς
1710 3625 1870 3679 αὐτὸν
1913 3624 2022 3693 ἀφ-

451 3716 589 3787 ορῶν
612 3718 640 3771 6
664 3717 956 3788 Προφήτης
986 3717 1325 3770 ἀποτείνεται
1345 3734 1357 3747 ’
1391 3737 1409 3769 ι
1425 3718 1546 3771 Ὅτι
1568 3717 1631 3788 δὴ
1654 3716 1723 3770 τὰ
1740 3719 1836 3789 μὲν
1851 3716 2020 3790 ὁρατὰ

450 3811 626 3863 πάντα
670 3809 900 3880 τραπείη
938 3809 1001 3864 ἄν
1041 3827 1169 3862 ποτε
1213 3811 1307 3863 καὶ
1348 3810 1738 3882 μεταϐληθείηο
1781 3812 1845 3864 σὺ
1888 3811 1944 3864 δὲ
1991 3814 2020 3865 6

449 3898 610 3962 αὐτὸς
655 3894 725 3966 εἷ,
767 3900 861 3953 καὶ
891 3899 961 3953 τὰ
1002 3899 1095 3971 ἐτη
1130 3918 1221 3953 σου
1254 3902 1354 3954 οὐκ
1393 3902 1720 3971 ἐκλείψουσι.
1768 3923 1786 3954 ι
1820 3903 2017 3957 Σκόπει

442 3984 596 4058 γοῦν,
628 3993 676 4043 εί
722 3990 796 4061 μὴ
836 3990 913 4054 ὡς
965 3992 1023 4043 ἐν
1069 3992 1330 4063 προτάσει
1377 3992 1471 4045 τοῦ
1524 4009 1585 4045 τε
1632 3987 1784 4066 παρὰ
1830 3995 2019 4048 Μωσεί

447 4081 736 4150 φήσαντος,
777 4100 795 4133 ι
843 4081 983 4151 Ἐγώ
1011 4084 1123 4153 εἰμι
1153 4086 1181 4136 ό
1211 4082 1315 4137 ὤν’
1351 4102 1369 4134 ι
1403 4083 1495 4136 καὶ
1527 4082 1642 4150 τοῦ,
1675 4104 1694 4136 ι
1742 4084 1881 4153 Ἐγὼ
1910 4085 2016 4139 Κύ-

447 4190 559 4245 ριος
599 4177 627 4227 ό
659 4174 790 4238 Θεὸς
839 4175 1012 4242 ὑμῶν,
1049 4177 1143 4229 καὶ
1184 4178 1283 4230 οὐκ
1328 4177 1624 4248 ήλλοίωμαι
1648 4194 1661 4206 ο
1704 4196 1723 4229 ι
1764 4178 1857 4231 καὶ
1894 4178 2011 4246 τοῦ,

437 4283 469 4315 ·ι
500 4266 572 4318 Σὺ
599 4264 656 4318 δὲ
679 4266 708 4318 ό
756 4265 917 4329 αὐτὸς
958 4262 1027 4330 εἴ,
1066 4285 1083 4316 ι
1115 4266 1261 4331 δόξαι
1289 4268 1354 4321 ἂν
1402 4270 1430 4321 6
1463 4267 1812 4339 Πλούταρχος
1847 4270 1905 4323 ἐν
1933 4270 2010 4340 τῷ

447 4356 587 4427 Περὶ
611 4356 714 4411 τοῦ
739 4358 832 4421 ΕΤ,
855 4356 944 4410 τοῦ
987 4359 1044 4411 ἐν
1085 4359 1326 4428 Δελφοῖς,
1354 4360 1452 4430 τὴν
1477 4358 1714 4413 διάνοιαν
1760 4361 2009 4433 ὑφερμη-

442 4445 636 4513 νεύειν,
665 4448 790 4501 τάδε
818 4450 990 4518 λέγων
1014 4452 1149 4523 πρὸς
1177 4449 1341 4514 λέξιν.

2127 3357 2291 3404 esset.
2338 3368 2357 3400 ι
2412 3347 2539 3404 lude
2585 3350 2922 3421 aliquantum
2976 3365 3301 3421 progressus
3344 3353 3459 3408 hac
3488 3351 3690 3409 addit:

2133 3457 2153 3491 ι
2189 3437 2243 3493 Si
2271 3439 2417 3510 quod
2448 3448 2553 3505 est,
2585 3440 2637 3495 id
2673 3441 2897 3496 omnino
2930 3443 3319 3512 sempiternum
3354 3454 3407 3498 et
3437 3443 3693 3499 immuta-

2125 3532 2231 3586 bile
2260 3540 2361 3598 est,
2381 3546 2482 3586 nec
2515 3531 2582 3586 ab
2601 3546 2722 3588 sese
2766 3531 2873 3586 ulla
2903 3548 3143 3603 unquam
3160 3534 3420 3589 varietate
3440 3534 3691 3602 discedit,

2124 3625 2217 3680 sed
2259 3624 2313 3678 in
2346 3640 2454 3679 una
2504 3639 2718 3694 semper
2768 3624 3067 3694 eademque
3126 3628 3337 3681 ratione
3386 3637 3689 3697 permanet,

2122 3716 2255 3772 illud
2293 3732 2463 3771 unum
2493 3717 2738 3787 profecto
2772 3717 2842 3772 sit
2867 3725 3111 3787 oportet,
3147 3717 3292 3788 quod
3337 3718 3689 3789 intelligentia

2119 3825 2243 3865 eum
2269 3810 2481 3863 ratione
2527 3809 2793 3879 capiatur.
2823 3808 3025 3864 Contra
3053 3824 3206 3874 vero,
3234 3808 3280 3864 si
3310 3824 3512 3880 corpus
3544 3808 3685 3873 ﬂuit,

2122 3900 2283 3971 527
2338 3908 2393 3957 et
2427 3902 2711 3971 repentina
2765 3901 3003 3969 quadam
3057 3902 3357 3957 mutatione
3396 3900 3684 3971 abripitur,

2118 3993 2394 4047 evanescit
2447 3992 2581 4046 illud
2637 3992 2880 4062 quidem,
2937 3990 3274 4063 proindeque
3326 3992 3535 4046 nullum
3577 4000 3682 4047 est.

2117 4086 2295 4152 Quare
2328 4085 2464 4139 nihil
2489 4083 2782 4138 admodum
2812 4083 2903 4137 ille
2931 4083 3184 4153 desipiat,
3230 4084 3324 4153 qui
3358 4097 3558 4153 corpus
3586 4083 3684 4139 de-

2112 4178 2260 4234 liniri
2292 4192 2402 4232 non
2427 4190 2587 4247 posse
2607 4175 2825 4240 dixerit,
2856 4173 2951 4228 sed
2980 4174 3247 4244 ejusmodi
3279 4188 3424 4238 esse,
3454 4174 3597 4244 quod
3623 4175 3681 4230 in

2113 4270 2252 4336 sola,
2289 4275 2351 4323 ut
2378 4268 2452 4321 ait
2479 4265 2654 4330 Plato,
2683 4264 2941 4334 opinione
2994 4274 3259 4329 versetur,
3311 4264 3444 4318 dum
3500 4265 3704 4320 oritur‘

2112 4361 2301 4427 simul,
2335 4367 2391 4415 et
2415 4356 2636 4422 occidit,
2681 4371 2858 4425 neque
2904 4369 3146 4424 unquam
3196 4369 3323 4411 vere
3352 4363 3455 4412 est.
3494 4374 3515 4409 ι
3552 4353 3678 4411 Haec

2109 4454 2433 4517 Numenius,
2471 4449 2673 4521 quibus
2718 4462 2828 4502 non
2880 4445 3122 4502 Platonis
3167 4447 3351 4516 modo,
3384 4448 3479 4503 sed
3511 4449 3674 4504 etiam

3613 414 3718 470 ετι
3792 401 3795 409 ’

388 4608 400 4621 η
441 4545 598 4608 iunge
627 4535 989 4610 antiquioris"
1015 4540 1241 4595 Platone
1278 4539 1481 4611 Moysis
1524 4541 1827 4597 doctrinam
1865 4549 2177 4605 illustravit.
2206 4550 2394 4616 Itaque
2419 4542 2615 4598 merito
2674 4554 2804 4595 sane
2833 4539 3037 4594 dictum
3098 4537 3232 4593 illud
3276 4538 3419 4595 hanc
3450 4538 3509 4594 in
3557 4555 3673 4594 rem

438 4630 649 4685 celebre
674 4630 1074 4700 circumfertur,
1108 4650 1127 4683 ι
1158 4630 1299 4698 Quid
1327 4633 1473 4687 enim
1507 4632 1652 4687 aliud
1689 4633 1845 4690 Plato
1875 4646 1980 4703 est,
2019 4656 2186 4711 quam
2215 4638 2427 4709 Moyses
2454 4632 2630 4688 Attice
2662 4630 2929 4701 loquens?
2961 4649 2981 4682 ι
3014 4628 3118 4685 Sed
3161 4638 3341 4686 tamen
3372 4629 3497 4686 vide
3537 4631 3672 4686 mihi

433 4709 535 4785 Isis,
572 4735 704 4777 nutu
753 4721 999 4790 ejusdem
1055 4723 1334 4778 sententiae
1379 4723 1492 4778 vim
1545 4723 1766 4781 uberius
1814 4727 1994 4784 adhuc
2031 4709 2353 4785 Plutarchus
2384 4724 2656 4797 aperiens,
2688 4736 2813 4777 cum
2866 4721 3085 4776 laudata
3134 4720 3480 4791 superiorum
3543 4720 3667 4791 phi-

431 4813 789 4883 losophorum
842 4816 1112 4883 oratione,
1176 4826 1231 4871 et
1271 4815 1621 4872 Hebraeorum
1674 4819 1837 4875 simul
1894 4823 2165 4896 theologia
2215 4822 2382 4878 variis
2431 4818 2638 4891 passim
2691 4817 2747 4871 in
2797 4815 2934 4872 locis
2984 4814 3252 4884 explicata
3303 4815 3607 4870 consentiat
3648 4832 3663 4867 :

434 4910 562 4963 dum
611 4909 775 4963 modo
816 4909 920 4964 ista
956 4909 1067 4965 Deo
1103 4910 1267 4965 verba
1314 4912 1644 4980 tribuuntur,
1680 4931 1699 4963 ι
1734 4911 2006 4978 Quoniam
2043 4932 2145 4987 ego
2190 4916 2453 4972 Dominus
2486 4913 2631 4968 Deus
2663 4920 2862 4976 vester,
2906 4920 2961 4966 et
3007 4925 3118 4965 non
3143 4921 3324 4964 mutor
3346 4909 3389 4975 ³,
3431 4926 3451 4959 ι
3504 4908 3667 4964 modo

429 4997 490 5054 in
535 4999 791 5054 eumdem
831 4995 1100 5069 Propheta
1149 5001 1463 5070 respiciens,
1514 5003 1586 5055 ita
1628 5004 1992 5071 pronuntiat:
2040 5023 2059 5057 ι
2100 5004 2350 5062 Visihilia
2377 5004 2561 5059 omnia
2586 5002 2897 5058 transibunt
2916 5014 2969 5057 et
3016 5008 3397 5082 mutabuntur.
3421 4997 3501 5053 Tu
3564 5015 3663 5053 au-

432 5097 540 5144 tem
571 5091 712 5145 idem
745 5090 863 5161 ipse
889 5106 970 5157 es,
1013 5100 1068 5147 et
1096 5093 1225 5145 anui
1282 5092 1363 5145 tui
1412 5108 1519 5147 non
1563 5092 1815 5148 deﬁcient
1838 5097 1882 5148 ⁵.
1923 5113 1943 5146 ι
1986 5093 2140 5164 Vide,
2197 5098 2442 5168 inquam.
2485 5110 2616 5149 num
2647 5094 2923 5164 proposita
2973 5092 3139 5148 veluti
3182 5091 3505 5162 quaestione,
3536 5106 3658 5146 cum

422 5187 546 5256 ejus
583 5187 677 5256 qui
729 5186 811 5242 sic
853 5186 999 5256 apud
1046 5184 1286 5256 Moysem
1316 5186 1659 5254 loquebatur,
1694 5204 1712 5236 ι
1746 5184 1858 5256 Ego
1889 5202 2010 5243 sum
2050 5190 2148 5259 qui
2192 5205 2337 5256 sum,
2372 5207 2391 5240 ι
2431 5197 2486 5244 et
2520 5201 2734 5252 rursus,
2766 5202 2785 5236 ι
2822 5183 2934 5255 Εςο
2980 5181 3244 5239 Dominus
3275 5183 3417 5238 Deus
3459 5192 3657 5252 vester,

499 5346 522 5378 ³
553 5345 778 5433 ῌεὶεειι.
819 5360 907 5413 ιιι,
947 5345 1003 5399 6.
1076 5345 1099 5377 ⁸
1121 5344 1265 5399 Psal.
1292 5359 1366 5409 Cl,
1394 5342 1485 5399 28.

496 5461 607 5533 (47)
638 5458 845 5517 Εἶπον.
889 5459 1193 5541 Numenius
1237 5459 1389 5541 ipse?
1435 5474 1504 5513 an
1551 5457 1681 5538 alii?
1708 5456 1985 5512 Posterius
2157 5461 2274 5584 £49)
2316 5462 2639 5530 Ἀόριστον.
2695 5454 2923 5521 Sensus,
2955 5454 3012 5508 ni
3055 5452 3234 5519 fallor,
3264 5452 3503 5523 postulat
3539 5454 3657 5527 ὀρι-

500 5549 529 5584 c
574 5533 773 5584 malui.
819 5532 965 5584 quod
1016 5528 1467 5584 addiderinuuae
1516 5528 1780 5584 audierat.
1808 5542 1873 5581 ea
1902 5540 1982 5584 se.
2093 5547 2156 5584 στ
2187 5550 2236 5584 ν.

424 5528 529 5588 hoc
574 5528 773 5598 malui,
819 5532 965 5605 quod
1016 5528 1312 5605 addiderit,
1337 5543 1467 5605 quae
1516 5528 1780 5592 audierat,
1808 5542 1873 5581 ea
1902 5540 1982 5591 se,
2093 5528 2264 5605 cit-63.:
2311 5602 2355 5605 __
2396 5528 2420 5605 ς
2452 5597 2475 5605 _
2731 5599 2809 5605 ω
2837 5594 2850 5605 ,
2935 5593 2984 5605 __
3019 5593 3055 5605 υ

422 5614 683 5672 quantum
715 5592 1030 5672 meminisse
1056 5599 1252 5672 potuit,
1278 5592 1547 5672 retulisse.
1870 5664 1924 5672 Δ.

2161 5601 2272 5672 (50)
2303 5599 2412 5672 Καὶ
2440 5597 2522 5665 ὣς
2548 5611 2699 5666 φησι
2721 5594 2909 5672 ῌλᾴτ.
2934 5593 3114 5648 Malim
3149 5592 3650 5672 @g_¢qat_ﬂléeuw,

494 5673 606 5745 (48)
633 5670 760 5745 Legi
792 5670 1006 5745 mallem
1142 5662 1333 5745 ,λόγον
1362 5667 1840 5745 ipsammet__porro
1868 5664 1987 5745 Pla-

2133 5662 2183 5745 αξ
2215 5662 2516 5745 γὶχόμενον,
2550 5662 2688 5745 ’θείω
2718 5666 2852 5723 illud
2889 5678 3128 5736 quoque,
3157 5663 3285 5737 δόξῃ
3312 5662 3468 5735 μόνῃ
3496 5662 3649 5730 Gaia.-

419 5735 563 5795 tonis
587 5735 886 5794 orationem
930 5738 1203 5807 intelligit,
1231 5735 1298 5793 'ut
1328 5735 1398 5793 ex
1423 5735 1774 5807 sequentibus
1807 5735 1984 5790 mani—
2090 5735 2237 5796 στόν⁷
2263 5735 2501 5795 Platonis
2527 5744 2664 5793 erat.

418 5817 551 5871 (este
579 5817 811 5866 constat.

730 5903 923 5961 Pun.
967 5900 1087 5963 Gn.
1134 5897 1309 5960 XXI.
3412 5883 3494 5949 28
