4156 6406
539 416 650 474 879
1202 411 1469 470 EUSEBII
1505 411 1982 470 CESA-RIENSIS
2020 411 2167 469 OPP.
2206 411 2384 468 PARS
2416 411 2479 467 II.
2521 443 2590 454 --
2622 410 3122 468 APOLOGETICA.
3659 411 3763 473 880

539 532 669 592 dum
700 535 784 589 vel
817 535 1046 599 instans,
1079 533 1166 587 vel
1207 548 1465 602 praesens,
1513 535 1597 588 vel
1638 551 1781 589 nunc
1824 534 2092 598 dicimus,

2203 532 2613 604 παρῳχημένον,
2673 532 2793 586 οὐδὲ
2845 532 3231 605 πρεσϐύτερον,
3299 533 3417 587 οὐδὲ
3472 530 3760 607 νεώτερον·

537 624 714 681 soluta
741 625 1111 694 dissipataque
1131 624 1271 678 ratio
1301 623 1586 679 confestim
1619 626 1845 680 amittit:
1874 627 2096 696 perinde

2203 624 2311 677 ἀλλ’
2346 619 2425 687 εἷς
2468 623 2563 686 ὢν,
2604 625 2683 677 ἐνὶ
2724 624 2801 694 τῷ
2832 615 2926 678 νῦν
2952 625 3010 677 τὸ
3039 624 3122 677 ἀεὶ
3151 627 3477 696 πεπλήρωκε
3501 642 3516 657 ⁸
3544 627 3637 679 καὶ
3673 627 3768 698 μό·

536 718 684 773 enim
715 716 768 771 in
818 715 1062 771 futurum
1098 731 1163 771 ac
1204 717 1539 786 praeteritum
1583 717 1717 771 elisa
1750 716 2092 785 distrahitur,

2203 731 2284 767 νον
2316 715 2431 768 ἐστὶ
2469 714 2530 767 τὸ
2567 717 2688 768 κατ’
2734 715 2864 768 αὐτὸ
2902 715 3012 782 (71)
3042 715 3209 780 ὅντως
3247 714 3326 778 ὃν,
3361 716 3479 769 οὐδὲ
3525 716 3765 786 γεγονὸς,

538 814 599 862 ιιι
626 807 681 861 in
722 807 1002 861 oculorum
1036 806 1206 862 radiis
1242 823 1343 861 usu
1378 807 1544 871 venit,
1579 806 1625 861 si
1660 806 1785 876 quis
1813 807 1953 875 quod
1996 823 2094 861 sua

2203 805 2316 858 οὐδὲ
2370 806 2646 875 ἐσόμενον,
2693 806 2813 859 οὐδὲ
2859 806 3181 877 ἀρξάμενον,
3232 807 3354 859 οὐδὲ
3406 808 3765 879 παυσόμενον.

2197 892 2380 956 Οὕτως
2407 890 2500 946 οὖν
2526 894 2656 946 αὐτὸ
2675 894 2756 946 δεῖ
2778 894 3099 965 σεϐομένους
3120 896 3460 961 ἀσπάζεσθαι
3484 897 3577 950 καὶ
3602 914 3771 968 προσ-

2200 983 2501 1055 αγορεύειν,
2531 985 2564 1055 ἢ
2595 986 2686 1038 καὶ
2717 986 2782 1055 νὴ
2809 985 2905 1050 Δί’,
2933 985 3008 1049 ὼς
3032 986 3158 1040 ἔνιοι
3180 988 3287 1041 τῶν
3312 988 3573 1053 παλαιῶν,
3599 985 3665 1043 EI
3687 990 3766 1043 ἓν.

2201 1076 2277 1129 Οὐ
2326 1078 2434 1147 γὰρ
2467 1076 2635 1130 πολλὰ
2660 1077 2721 1129 τὸ
2750 1077 2901 1131 Θεῖόν
2925 1081 3091 1142 ἐστιν,
3126 1080 3200 1143 ὡς
3230 1080 3387 1150 ἡμῶν
3425 1082 3675 1147 ἕκαστος,
3706 1083 3772 1135 ὲκ

2204 1167 2411 1237 μυρίων
2429 1167 2694 1240 διαφορῶν
2714 1170 2982 1238 ὲμπάθεσι
3002 1186 3027 1215 ιι
3045 1172 3338 1241 γινομένων
3357 1171 3627 1245 ἄθροισμα
3648 1191 3764 1227 παν-

2196 1263 2443 1326 τοδαπὸν,
2471 1266 2564 1317 καὶ
2593 1266 2959 1336 πανηγυρικὸν
2984 1266 3013 1305 ι)
3046 1267 3397 1337 μεμιγμένον.
3440 1267 3574 1321 Ἀλλ’
3600 1267 3658 1320 ἓν
3697 1263 3779 1321 εἷ-

537 896 771 967 qnadam
819 899 1144 954 necessitate
1213 898 1546 968 disjunctum
1610 906 1773 966 atque
1820 898 2092 953 divulsum

535 998 642 1053 est,
674 989 728 1043 id
759 990 925 1045 semel
956 990 1153 1045 intueri
1184 990 1331 1044 velit.
1365 987 1483 1043 Jam
1513 990 1557 1044 si
1588 989 1774 1044 eadem
1805 990 1941 1058 ipsa,
1974 1004 2095 1059 quae

534 1078 766 1148 tempori
821 1079 1061 1134 metienti
1105 1080 1453 1140 conveniunt,
1503 1094 1589 1143 ea,
1642 1093 1804 1148 quam
1850 1078 2091 1143 metitur,

534 1174 730 1223 natura
759 1168 971 1232 subeat,
997 1184 1066 1223 ne
1097 1168 1213 1238 ipsa
1245 1169 1462 1239 quidem
1492 1178 1586 1223 aut
1616 1178 1816 1230 manet,
1846 1177 1941 1223 aut
1969 1185 2093 1224 vere

535 1265 642 1321 est,
675 1258 768 1313 sed
800 1265 961 1327 prout
1001 1258 1233 1327 tempori
1269 1258 1655 1322 contribuitur,
1697 1258 1780 1312 vel
1824 1259 2090 1322 nascitur,

533 1348 621 1403 vel
652 1349 855 1403 interit.
890 1349 1070 1415 Quare
1105 1348 1241 1402 nihil
1286 1348 1572 1417 ejusmodi,
1620 1348 1766 1417 quod
1811 1363 1907 1417 per
1944 1360 2093 1412 erat,

2203 1370 2288 1407 ναι
2326 1353 2404 1406 δεῖ
2447 1354 2508 1407 τὸ
2556 1354 2636 1422 ὃν,
2682 1355 2868 1426 ὥσπερ
2896 1355 2955 1408 δν
2994 1354 3053 1408 τὸ
3080 1357 3172 1409 ἓν·
3202 1360 3233 1428 ή
3263 1357 3317 1410 δὲ
3350 1357 3621 1429 ἑτερότης,
3654 1359 3744 1412 δια

534 1439 769 1503 velerit,
816 1439 1170 1509 signiﬁcetur,
1205 1438 1274 1493 de
1303 1452 1368 1492 eo
1408 1437 1553 1504 quod
1587 1444 1690 1503 εει,
1733 1437 1841 1492 dici
1885 1447 2089 1508 queat:

2203 1443 2341 1515 φορά
2372 1444 2466 1497 τοῦ
2514 1446 2685 1510 ὄντος,
2733 1448 2811 1510 είς
2851 1447 3061 1514 γένεσιν
3105 1447 3380 1514 ἐξίσταται
3424 1447 3517 1502 τοῦ
3559 1448 3635 1520 μὴ
3683 1448 3743 1501 δν

533 1543 660 1584 cum
697 1529 802 1584 ista
852 1528 1121 1599 ejusmodi
1170 1529 1271 1595 rei,
1315 1543 1438 1599 qua:
1466 1543 1561 1598 per
1590 1543 1711 1584 sese
1760 1528 1990 1583 ﬁrmiter
2040 1538 2094 1584 et
2197 1551 2309 1597 τος.
2350 1554 2369 1585 ι

534 1632 846 1679 constanter
895 1639 1015 1678 esse
1063 1638 1171 1678 non
1243 1630 1441 1693 potest,
1508 1623 1888 1678 inclinationes
1929 1624 2175 1693 quaedam
2215 1642 2311 1682 seu
2361 1629 2707 1699 traiectiones
2753 1632 3193 1705 deﬂexionesque
3241 1636 3369 1690 sint.
3414 1635 3484 1689 At
3536 1650 3663 1690 vero
3697 1636 3770 1691 ita

535 1712 695 1781 plane
754 1710 1107 1780 loquendum,
1178 1708 1320 1764 Deus
1362 1718 1466 1774 est,
1498 1725 1598 1764 nec
1638 1721 1815 1765 tamen
1861 1712 1978 1781 ipse
2024 1721 2264 1783 tempore
2323 1717 2437 1772 ullo
2491 1727 2593 1786 est,
2638 1720 2732 1775 sed
2784 1724 3085 1778 aeternitate
3128 1723 3421 1788 duntaxat,
3469 1740 3590 1792 quae
3620 1736 3770 1779 motu

534 1806 682 1861 omni
710 1807 967 1876 omnique
990 1813 1232 1874 tempore
1259 1803 1420 1858 simul
1467 1812 1523 1860 et
1551 1804 1900 1861 inclinatione
1948 1815 2098 1862 caret
2133 1815 2350 1879 :‘cujus
2383 1826 2483 1867 nec
2534 1813 2684 1882 prius
2715 1815 3011 1886 quidquam
3044 1826 3146 1884 est,
3193 1832 3295 1873 nec
3332 1819 3627 1887 quidquam
3670 1833 3771 1887 poo

534 1902 753 1970 sterius,
783 1900 1025 1956 futurum
1057 1900 1213 1966 nihil,
1255 1900 1391 1953 nihil
1419 1903 1748 1970 praeteritum
1773 1942 1789 1967 ,
1830 1904 2097 1958 vetustius
2135 1905 2293 1971 nihil,
2335 1906 2580 1977 nihilque
2626 1909 2918 1965 recentius.
2982 1909 3086 1965 Sed
3126 1911 3217 1981 qui
3283 1927 3426 1966 unus
3469 1921 3571 1973 est,
3623 1910 3769 1965 idem

535 2005 647 2045 uno
692 1990 857 2044 etiam
914 2002 1078 2052 nunc,
1127 1987 1443 2057 sempiterni
1491 1988 1833 2043 durationem
1884 1990 2069 2059 implet
2111 2007 2125 2042 :
2167 1992 2411 2063 adeoque
2456 1995 2590 2049 illud
2637 2012 2806 2051 unum
2847 2006 2950 2063 est,
2993 1999 3135 2069 quod
3185 2015 3311 2056 vere
3353 2015 3451 2070 per
3510 2014 3628 2056 sese
3661 2008 3767 2065 est,

535 2094 645 2136 non
676 2088 858 2134 autem
914 2085 1009 2132 aut
1043 2075 1181 2144 fuit,
1242 2085 1334 2132 aut
1396 2075 1638 2132 futurum
1694 2088 1811 2145 est;
1853 2081 2310 2149 quemadmodum
2342 2100 2442 2140 nec
2475 2086 2770 2156 aliquando
2819 2090 3004 2160 coepit,
3050 2105 3151 2146 nec
3194 2107 3432 2162 unquam
3466 2093 3766 2147 desiturum

534 2180 639 2228 εει.
671 2171 763 2227 Sic
789 2171 950 2242 igitur
972 2170 1114 2226 idem
1169 2171 1349 2241 ipsum
1401 2171 1729 2239 venerando,
1780 2173 2018 2229 salutare
2046 2190 2168 2242 nos,
2207 2184 2261 2231 et
2292 2180 2562 2248 appellare
2593 2182 2768 2250 decet,
2817 2193 2912 2238 aut
2952 2185 3179 2253 saltem,
3214 2185 3301 2241 his
3345 2186 3553 2253 verbis,
3594 2186 3768 2242 Unum

534 2278 611 2326 es,
687 2263 743 2318 id
781 2261 926 2332 quod
973 2261 1281 2331 priscorum
1329 2262 1576 2317 nonnulli
1631 2261 1967 2318 factitabant.
2024 2263 2135 2321 Nec
2169 2268 2313 2322 enim
2370 2270 2528 2339 plura
2575 2272 2717 2329 Deus
2763 2285 2875 2340 est,
2917 2278 2996 2331 uti
3056 2286 3303 2333 nostrum
3368 2279 3626 2349 quilibet,
3669 2268 3768 2349 qui

535 2355 818 2426 congeries
865 2353 1109 2424 quadam
1176 2367 1390 2419 sumus,
1450 2368 1517 2408 ex
1572 2354 1721 2407 omni
1774 2364 2154 2411 sexcentarum
2192 2360 2516 2416 varietatum
2571 2363 2804 2420 diversis
2870 2382 2937 2422 ex
2990 2369 3206 2425 casibus
3264 2371 3768 2442 mutationibusque

536 2450 875 2506 nascentium
925 2462 1139 2520 genere,
1177 2456 1233 2503 et
1263 2446 1498 2518 quadam
1531 2447 1696 2501 veluti
1731 2449 2081 2504 universitate
2117 2451 2346 2507 conﬂata
2410 2466 2575 2526 atque
2623 2459 2902 2528 permista.
2963 2459 3068 2516 Sed
3107 2478 3277 2517 unum
3330 2471 3542 2533 oportet
3570 2465 3622 2518 id
3642 2479 3768 2519 esse

536 2542 683 2612 quod
709 2551 810 2608 εει,
841 2556 904 2596 ac
935 2540 1177 2596 vicissim
1245 2539 1297 2594 id
1354 2554 1478 2595 esse
1526 2539 1669 2603 quod
1704 2555 1871 2593 unum
1905 2550 2008 2596 est.
2040 2540 2175 2597 Nam
2215 2546 2444 2602 alterum
2482 2549 2611 2618 quid
2656 2550 2703 2604 si
2747 2551 2983 2619 additur,
3026 2553 3159 2609 illud
3194 2569 3324 2609 sane
3361 2562 3617 2623 tanquam
3647 2554 3770 2625 ejus

535 2636 678 2707 quod
724 2644 827 2704 est,
883 2635 1204 2699 differentia,
1251 2633 1317 2687 ad
1364 2634 1483 2701 ejus
1527 2634 1672 2704 quod
1704 2635 1909 2690 nullum
1957 2645 2060 2704 est,
2100 2644 2528 2707 procreationem
2569 2645 2820 2701 declinat.
2853 2668 2871 2698 ι
2906 2646 3179 2704 Hactenus
3207 2649 3531 2704 Plutarchus

1125 2725 1353 2781 CAPUT
1384 2725 1499 2782 XII.

814 2818 979 2874 Deum
1009 2817 1175 2874 verbis
1206 2817 1464 2886 explicari
1498 2833 1601 2870 non
1643 2834 1816 2887 posse.

608 2910 869 2966 Similiter
904 2926 1030 2965 cum
1069 2908 1284 2979 Moyses
1330 2922 1393 2962 ac
1433 2908 1708 2978 prophetae
1747 2907 2095 2965 Hebraeorum

536 3004 800 3070 universi,
835 3010 1086 3057 naturam
1134 2997 1295 3069 530
1337 2997 1574 3053 divinam
1616 3000 1796 3056 verbis
1840 3001 2097 3071 explicari

535 3111 645 3153 non
668 3110 830 3168 posse
853 3097 1104 3159 doceant,
1123 3095 1350 3164 ejusque
1372 3092 1633 3147 reconditi
1660 3095 1897 3149 nominis
1915 3110 2101 3164 quam-

533 3190 661 3246 dam
690 3187 856 3244 veluti
886 3197 1096 3250 notam,
1133 3185 1420 3256 singulari,
1456 3199 1619 3254 quam
1659 3184 1877 3255 ipsimet
1906 3185 2100 3242 efferre

533 3298 647 3340 non
698 3280 946 3353 possint,
1002 3279 1398 3334 elementorum
1458 3276 1843 3334 informatione
1899 3294 2101 3351 repra-

536 3380 775 3438 sentent,
821 3370 1024 3425 videsis
1058 3383 1226 3439 quam
1280 3369 1421 3424 belle
1452 3366 1606 3423 Plato
1635 3385 1758 3424 cum
1812 3370 2003 3425 iisdem
2043 3370 2097 3424 in

534 3477 731 3532 magna
771 3463 862 3515 illa
887 3461 1116 3531 epistola
1167 3461 1496 3523 consentiat,
1530 3460 1659 3515 dum
1706 3461 1781 3515 ita
1812 3461 2095 3530 loquitur:

542 3573 561 3607 ι
603 3551 716 3607 Nec
743 3552 911 3615 enim,
957 3551 1155 3620 inquit,
1205 3551 1283 3604 uti
1320 3551 1530 3621 reliqua
1571 3550 1983 3620 disciplinarum
2016 3566 2102 3622 ge-

537 3656 671 3696 nera
719 3640 915 3705 solent,
959 3641 1068 3694 ulla
1104 3639 1319 3710 penitus
1360 3638 1591 3709 exprimi
1610 3640 1897 3694 verborum
1927 3640 2099 3710 signi-

536 3732 793 3787 ﬁcatione
820 3739 1034 3801 potest:
1081 3731 1172 3786 sed
1209 3742 1441 3798 tantum,
1477 3741 1601 3801 post
1632 3732 1847 3802 longam
1876 3746 2000 3785 cum
2034 3747 2100 3787 eo

454 3856 459 3861 ·
534 3824 663 3880 vitae
694 3822 1166 3886 consuetudinem,
1222 3832 1442 3893 repente
1493 3823 1679 3878 lumen
1730 3822 1970 3891 aliquod,
2022 3824 2101 3878 sic

535 3924 797 3984 tanquam
824 3914 1109 3969 exsiliente
1156 3915 1279 3985 igne
1310 3929 1657 3982 succensum,
1702 3914 1794 3968 ubi
1830 3914 1998 3968 semel
2044 3915 2098 3967 in

536 4007 783 4062 animum
836 4006 1046 4072 incidit,
1096 4022 1154 4062 se
1204 4007 1325 4076 ipso
1371 4006 1626 4075 deinceps
1676 4005 1839 4059 alitur
1901 4013 1955 4058 et
1999 4004 2101 4075 gli-

2717 2742 3110 2796 ΚΕΦΑΛΑΙΟΝ
3152 2745 3251 2797 1Β’.

2629 2833 2743 2886 Ὀτι
2765 2833 3023 2902 ἆρῤητον
3054 2834 3118 2887 τὸ
3152 2836 3338 2889 Θεῖον.

2269 2917 2510 2982 Μωσέως
2551 2923 2644 2974 καὶ
2674 2923 2783 2976 τῶν
2812 2927 2940 2996 παρ’
2977 2926 3245 2998 Ἑϐραίοις
3285 2928 3578 2998 προφητῶν
3602 2927 3769 2983 ἁπάν-

2197 3023 2305 3059 των
2338 3008 2572 3081 ἄρρητον
2600 3008 2737 3066 εἶναι
2765 3013 2826 3067 τὸ
2856 3014 3011 3070 Θεῖον
3032 3015 3407 3083 διδασκόντων,
3436 3018 3527 3070 καὶ
3556 3018 3654 3089 τῆς
3678 3019 3772 3091 ἀρα

2202 3099 2371 3169 ρήτου
2408 3105 2777 3177 προσηγορίας
2808 3107 2870 3159 τὸ
2892 3106 3157 3179 σύμϐολον
3184 3108 3273 3163 διὰ
3298 3109 3398 3179 τῆς
3429 3111 3557 3181 παρ’
3587 3110 3771 3173 αὐτοῖς

2198 3190 2580 3265 άνεκφωνήτου
2616 3197 2963 3268 σημειώσεως
2987 3200 3409 3269 ὑποφαινόντων,
3439 3201 3647 3264 τούτοις
3674 3202 3771 3255 καὶ

2198 3284 2228 3335 ὁ
2262 3283 2485 3338 Πλάτων
2517 3289 2820 3359 συμφώνως
2862 3291 3044 3354 αὐτοῖς
3079 3293 3315 3363 ῥήμασιν
3349 3294 3407 3345 ἐν
3449 3296 3514 3364 τῇ
3558 3293 3772 3367 μεγάλῃ

2200 3373 2453 3447 ἐπιστολῇ
2490 3370 2578 3432 οἷά
2626 3396 2790 3449 φησιν
2826 3381 3025 3439 ,ἄκουεο
3077 3399 3097 3432 ι
3143 3382 3329 3452 Ῥητὸν
3373 3381 3480 3450 γὰρ
3522 3382 3772 3451 οὐδαμῶς

2202 3465 2371 3529 ἐστιν,
2396 3466 2470 3531 ὡς
2501 3468 2635 3521 ἄλλα
2684 3470 2998 3540 μαθήματα,
3024 3470 3137 3522 ἀλλ’
3162 3472 3227 3523 ἐκ
3259 3469 3454 3540 πολλῆς
3488 3470 3770 3535 συνουσίας

2201 3556 2488 3628 γινομένης
2520 3560 2647 3630 περὶ
2667 3560 2728 3613 τὸ
2748 3561 2977 3631 πρᾶγμα
3001 3561 3149 3625 αὐτὸ,
3173 3561 3267 3613 καὶ
3294 3559 3387 3612 τοῦ
3418 3558 3604 3631 συζῆν,
3633 3560 3770 3626 ὲξαι·

2203 3662 2341 3717 φνης
2370 3643 2481 3701 οἷον
2509 3648 2618 3701 ἀπὸ
2661 3651 2833 3721 πυρὸς
2884 3650 3222 3720 πηδήσαντος
3271 3649 3500 3719 ἐξαφθὲν
3542 3650 3657 3720 φῶς
3701 3653 3767 3724 τῇ

2200 3738 2344 3809 ψυχῇ
2374 3740 2681 3810 γενόμενον,
2715 3742 2845 3795 αὐτὸ
2882 3742 3043 3796 ἑαυτὸ
3078 3742 3174 3815 ήδη
3202 3742 3409 3815 τρέφει.
3451 3761 3471 3795 ι
3514 3744 3624 3796 Καὶ
3652 3744 3772 3799 τόδι

2201 3828 2258 3881 δὲ
2322 3830 2413 3882 τοῦ
2482 3832 2659 3899 φωτὸς
2726 3832 2786 3887 τὸ
2859 3834 3207 3906 παράδειγμα
3269 3834 3553 3905 προλαϐὼν
3616 3835 3773 3897 ἄλλος

2214 3918 2477 3990 Ἐϐραίων
2532 3926 2816 3996 προφήτης
2875 3926 3216 3998 παρέστησεν
3267 3924 3436 3979 εἰπών
3473 3943 3487 3955 ·
3552 3945 3570 3978 ι
3615 3926 3773 3978 Ἑσ-η-

2206 4012 2410 4083 μειώθη
2454 4015 2537 4083 ἐφ’
2579 4017 2725 4086 ἡμᾶς
2764 4017 2824 4070 τὸ
2871 4018 2986 4087 φῶς
3030 4018 3121 4072 τοῦ
3173 4018 3464 4088 προσώπου
3517 4035 3630 4083 σου,
3656 4017 3773 4071 Κύ-

539 4098 660 4153 scit.
709 4115 730 4149 ›
786 4096 964 4168 Atque
1007 4098 1149 4153 hanc
1187 4099 1349 4153 etiam
1394 4097 1617 4151 luminis
1662 4095 2097 4161 similitudinem,

2206 4078 2286 4173 ῥιε
2309 4119 2323 4132 ·
2358 4123 2376 4154 ι
2399 4078 2516 4159 ἰκαι
2542 4078 2914 4172 ᾶὶλξλοςήίιτιὶιλιν⁸
3008 4110 3095 4164 Ἐν
3139 4078 3232 4181 τῷῖ
3247 4111 3384 4179 φωτί
3412 4127 3505 4163 σου
3534 4078 3775 4181 ὀψόμεθα

538 4187 679 4242 alius
702 4185 1055 4243 Hebraeorum
1088 4187 1476 4258 prophetarum
1508 4202 1619 4241 non
1649 4200 1811 4241 nemo
1836 4186 1946 4257 jam
1976 4197 2100 4242 ante

2206 4194 2341 4261 φῶς.
2388 4219 2407 4253 ι

539 4291 918 4351 occupaverat,
964 4282 1051 4338 his
1088 4283 1292 4348 verbis,
1324 4302 1343 4333 ι
1383 4280 1666 4353 Signatum
1708 4289 1794 4337 est
1853 4298 2017 4353 super
2056 4300 2157 4342 nos
2195 4288 2376 4346 lumen
2438 4294 2618 4352 vultus
2656 4296 2755 4363 lui,
2803 4297 3027 4353 Domine
3051 4300 3092 4352 ⁵.
3132 4317 3150 4350 ι
3188 4298 3431 4367 Itemque
3459 4298 3619 4365 alius,
3649 4315 3668 4347 ι
3712 4297 3773 4349 ln

537 4376 744 4433 lumine
768 4385 881 4444 tuo,
936 4378 1128 4449 inquit,
1183 4378 1487 4432 videbimus
1512 4378 1698 4432 lumen
1724 4377 1765 4432 ⁸.
1801 4395 1821 4430 ι

1123 4471 1351 4527 CAPUT
1388 4471 1529 4526 XIII.

892 4562 1066 4618 Unum
1095 4581 1156 4618 ac
1200 4564 1369 4618 solum
1409 4580 1518 4619 esse
1556 4564 1747 4619 Deum.

609 4651 904 4718 Pmterea,
956 4670 1081 4710 cum
1140 4655 1207 4710 de
1270 4655 1512 4709 universi
1566 4655 1913 4711 moderatore
1958 4654 2104 4723 Deo,

540 4760 714 4803 unum
750 4743 963 4816 Moyses
1011 4745 1181 4800 Deum
1225 4746 1377 4801 illum
1403 4760 1525 4801 esse
1569 4747 1919 4815 pronuntiet,
1980 4749 2103 4803 dum

542 4836 620 4892 ait
642 4836 687 4905 ',
736 4855 757 4888 ι
788 4835 951 4899 Audi,
986 4836 1171 4903 Israel,
1217 4836 1483 4892 Dominus
1532 4835 1675 4891 Deus
1720 4847 1932 4902 noster,
1993 4838 2103 4893 Do-

541 4927 722 4984 minus
750 4943 893 4983 unus
921 4937 1023 4993 est,
1061 4947 1079 4981 ι
1108 4927 1263 4983 Plato
1293 4942 1486 4983 rursus
1517 4942 1638 4983 cum
1665 4943 1730 4983 eo
1752 4930 2103 4993 convenicns,

540 5020 622 5074 uti
662 5020 860 5075 coelum
894 5035 1087 5087 unum,
1138 5021 1213 5074 ita
1247 5018 1418 5073 Deum
1451 5034 1623 5073 unum
1655 5035 1776 5075 esse
1810 5019 2011 5075 docens
2050 5020 2102 5072 in

2725 4481 3115 4534 ΚΕΦΑΛΑῙΟΝ
3149 4481 3246 4534 ll".

2599 4571 2717 4623 ’Ότι
2750 4570 2893 4636 Θεὸς
2916 4566 3003 4637 εἷς
3036 4573 3166 4625 ἐστι
3179 4574 3381 4640 μόνος.

2280 4659 2519 4722 Μωσέως
2561 4659 2692 4730 περὶ
2730 4658 2824 4711 τοῦ
2861 4658 2967 4712 τῶν
3004 4658 3140 4712 ὅλων
3189 4659 3323 4712 Θεοῦ
3366 4662 3657 4731 φήσαντος,
3689 4659 3774 4716 ὅτι

2210 4750 2343 4813 Θεὸς
2388 4745 2473 4814 εἷς
2521 4753 2637 4804 ἐστι
2680 4751 2868 4821 μόνος’
2918 4769 2938 4802 ι
2980 4751 3197 4818 Ἀκουε,
3230 4751 3467 4823 Ἰσραὴλ,
3502 4751 3702 4822 Κύριος
3742 4750 3775 4805 6

2211 4841 2341 4904 Θεὸς
2382 4841 2558 4913 ἡμῶν,
2606 4843 2809 4914 Κύριος
2851 4834 2931 4903 εἷς
2972 4841 3121 4894 ἐστι·
3170 4860 3189 4892 ι
3243 4841 3404 4895 πάλιν
3452 4842 3481 4893 ὁ
3527 4842 3771 4908 Πλάτων,

2210 4930 2383 5002 τούτῳ
2427 4931 2750 5002 συντρέχων,
2789 4931 2887 4984 ἕνα
2926 4930 3056 4983 Θεὸν
3096 4927 3253 4997 εἶναι,
3292 4931 3367 4993 ὡς
3414 4931 3509 4985 καὶ
3548 4930 3776 5002 οὐρανὸν

2210 5021 2305 5075 ἕνα
2330 5021 2593 5084 διδάσκει,
2635 5014 2738 5074 ὧδέ
2767 5039 2845 5091 πη
2885 5021 3053 5090 λέγων
3092 5024 3149 5075 ὲν
3192 5022 3433 5091 Τιμαίῳ’
3483 5040 3506 5076 ι
3540 5022 3776 5095 Πότερον

543 5109 778 5167 Τὶηιωοε
810 5130 829 5163 ι
856 5109 1086 5168 Rectene
1117 5111 1300 5182 igitur,
1334 5112 1530 5182 inquit,
1559 5111 1757 5166 ctelum
1788 5127 1954 5165 unum
1984 5126 2100 5165 esse

2208 5106 2299 5164 οὖν
2332 5110 2507 5181 ὀρθῶς
2534 5110 2629 5163 ἕνα
2657 5109 2883 5183 οὐρανὸν
2915 5113 3340 5184 προειρήκαμεν,
3372 5112 3405 5182 ἢ
3438 5111 3663 5175 πολλοὺς
3683 5113 3779 5166 καὶ

541 5210 701 5256 antea
735 5202 1045 5268 statuimus,
1095 5218 1164 5255 an
1193 5217 1323 5256 vero
1356 5201 1583 5264 multos,
1630 5201 1874 5271 adeoque
1923 5199 2104 5253 inlini-

544 5301 627 5349 tos
670 5293 918 5362 posuisse
956 5292 1289 5362 praestabat?
1341 5289 1520 5347 Unum
1576 5292 1798 5361 utique,
1843 5289 1888 5343 si
1942 5289 2105 5344 modo

542 5397 703 5437 suum
744 5384 810 5439 ad
858 5384 1134 5453 exemplar
1177 5381 1578 5439 conformatum
1628 5381 1761 5435 illud
1815 5395 1936 5435 esse
1973 5395 2104 5435 con-

543 5474 807 5529 cedimus.
854 5473 1009 5541 Quod
1040 5490 1183 5530 enim
1215 5476 1521 5529 animantes
1562 5487 1756 5527 omnes
1802 5472 2107 5540 intelligen-

614 5590 638 5621 '
670 5588 810 5645 PsaI.
854 5606 928 5658 tv,
969 5590 1021 5645 7.
1097 5592 1118 5622 ⁸
1157 5589 1295 5644 Psal.
1337 5605 1495 5643 xxxv.
1543 5588 1628 5646 50.
1704 5587 1724 5619 ⁷
1764 5586 1920 5642 Deut.
1960 5602 2035 5652 Vl,
2070 5586 2105 5640 4

618 5717 644 5743 ι
673 5705 754 5756 Ρι.
781 5704 838 5756 ὲν
867 5703 1084 5757 πάθεσι.
1161 5706 1189 5745 ιι
1220 5703 1310 5759 Ρί.
1345 5699 1751 5770 πανηγυρικῶς.

2209 5201 2465 5271 ἀπείρους
2492 5201 2674 5270 λέγειν
2700 5197 2767 5273 ἦν
2811 5202 3126 5274 ὀρθότερον;
3160 5204 3312 5269 Ἕνα,
3344 5202 3501 5274 εἴπερ
3531 5202 3670 5257 κατά
3716 5202 3779 5257 τὸ

2210 5290 2556 5361 παράδειγμα
2582 5290 3105 5364 δεδημιουργημένος
3133 5293 3303 5347 ἔσται.
3334 5293 3409 5346 Τὸ
3453 5293 3563 5364 γὰρ
3616 5310 3778 5363 περι-

2207 5378 2329 5448 έχον
2360 5379 2537 5433 πάντα
2576 5382 2750 5436 ὁπόσα
2787 5383 2952 5453 νοητὰ
2990 5377 3125 5448 ζῶα,
3160 5384 3279 5456 μεθ’
3311 5384 3499 5455 ἑτέρου
3528 5382 3780 5454 δεύτερον

2206 5472 2305 5523 οὐκ
2334 5472 2398 5525 ἄν
2428 5489 2556 5526 ποτε
2584 5472 2694 5542 εἴη.
2733 5493 2751 5526 ι
2784 5475 2952 5547 Δῆλος
2966 5470 3036 5530 ’δέ
3064 5478 3211 5530 ἐστιν
3239 5475 3334 5531 ἕνα
3361 5475 3491 5531 Θεὸν
3520 5472 3699 5541 εἰδὼς,
3728 5475 3783 5532 ει

618 5790 730 5865 Ut)
755 5795 893 5850 Κατ’
919 5796 1079 5851 αὐτό.
1123 5788 1191 5851 Εἰ
1232 5796 1337 5853 hoc
1371 5793 1594 5859 rectius,
1639 5805 1803 5862 quam
1832 5799 1893 5848 ut
1934 5788 2078 5862 apud

2206 5787 2381 5846 tarch.
2412 5785 2553 5851 κατὰ
2583 5784 2793 5841 τοῦτον.
