4156 6410
404 406 504 465 [ει
1563 417 1883 473 ΡΗΛΞΡΑΒ.
1927 418 1952 471 Ε

2055 417 2176 473 .NG.
2212 418 2340 474 LlB.
2381 417 2477 473 XI.
3531 416 3638 473 889

404 528 497 582 καὶ
539 528 782 599 συνήθως
816 533 1058 605 Ἕλλησι,
1091 538 1155 607 τῇ
1200 533 1308 588 τῶν
1347 537 1606 590 πλειόνων
1646 539 1803 592 εἴωθε
1847 540 1952 612 χρῆ

2083 540 2154 594 tia
2202 540 2455 609 praeditas
2491 540 2902 610 complectatur,
2958 538 3013 592 id
3060 552 3191 592 sane
3240 552 3517 607 nunquam
3555 538 3639 593 al-

407 620 528 672 σθαι
560 624 900 695 προσηγορίᾳ
929 628 1021 678 καὶ
1043 627 1149 679 ἀπὸ
1176 627 1274 698 τῆς
1305 628 1440 699 πρὸς
1468 624 1738 682 Διονύσιον
1768 630 1952 683 ἐπιστο

2082 635 2256 686 tarum
2298 631 2367 685 ab
2397 631 2568 685 altero
2610 619 2791 685 fuerit.
2830 649 2848 682 ι
2894 627 3155 682 Eumdem
3197 642 3379 696 porro,
3416 636 3477 683 ut
3513 627 3636 682 vul-

403 709 523 781 λῆς,
554 713 612 764 ἐν
718 713 959 785 σύμϐολα
987 716 1177 779 διδοὺς,
1211 718 1318 771 τῶν
1348 736 1405 771 τε
1435 717 1522 771 διὰ
1568 720 1800 790 σπουδῆς
1827 719 1974 790 αὐτῷ

402 804 761 873 γραφομένων
790 807 1106 873 ἐπιστολῶν,
1154 810 1381 864 καὶτῶν
1420 811 1593 875 ἄλλως
1632 812 1974 883 ἀπερριμμέ-

402 908 527 956 νων,
567 892 675 946 τῶν
715 896 814 965 μὲν
856 896 1020 967 μηδὲν
1062 899 1298 969 ἐχουσῶν
1330 900 1611 954 σπουδαῖον
1650 904 1872 971 σημεῖον
1911 902 1971 954 τὸ

401 980 512 1036 τῶν
540 982 679 1038 θεῶν
705 984 872 1055 ὄνομα
904 989 1222 1058 προστάξειν
1253 1003 1279 1031 ει
1309 991 1500 1062 ἔφησε,
1531 993 1638 1046 τῶν
1664 992 1719 1045 δὲ
1749 1010 1972 1066 πεφρον-

399 1071 667 1141 τισμένως
695 1075 844 1145 αὑτῴ
892 1079 1328 1150 συνταττομένων
1365 1081 1427 1134 τὸ
1474 1081 1566 1134 τοῦ
1606 1082 1760 1135 Θεοῦ.
1805 1083 1969 1150 Λέγει

396 1163 446 1218 δ’
472 1160 566 1218 οῦν
594 1159 694 1219 ὧδε
724 1169 861 1222 κατά
901 1168 1042 1234 λέξιν
1063 1188 1075 1201 ·
1125 1191 1144 1219 ι
1185 1174 1319 1244 Περὶ
1346 1174 1401 1227 δὲ
1431 1173 1523 1228 τοῦ
1556 1174 1822 1246 συμϐόλου
1855 1175 1966 1246 (72)

397 1253 490 1309 τοῦ
522 1256 657 1327 πρὸς
694 1258 791 1321 τὰς
833 1260 1119 1325 ἐπιστολὰς
1149 1263 1280 1332 (75),
1314 1265 1443 1328 ὅσας
1490 1282 1548 1318 τε
1578 1264 1642 1318 ἂν
1671 1265 1968 1319 ἐπιστέλλω

401 1346 625 1415 σπουδῇ,
674 1349 768 1401 καὶ
822 1349 949 1412 ὅσας
1012 1350 1106 1420 μὴ,
1156 1347 1307 1419 οἶμαι
1360 1353 1456 1421 μέν
1516 1370 1576 1406 σε
1635 1353 1963 1426 μεμνῆσθαι,

396 1434 544 1504 ὅμως
580 1435 624 1488 δ’
656 1437 843 1501 ἐννόει,
877 1442 970 1493 καὶ
1014 1442 1217 1515 σφόδρα
1246 1444 1475 1515 πρόσεχε
1511 1445 1603 1499 τὸν
1649 1446 1772 1499 νοῦν
1792 1463 1805 1476 ’
1837 1447 1965 1499 πολ-

395 1523 479 1577 λοὶ
517 1526 624 1597 γὰρ
668 1530 716 1580 οἱ
746 1528 1056 1596 κελεύοντες
1085 1534 1337 1604 γράφειν,
1396 1536 1490 1599 οὒς
1534 1538 1595 1591 οὐ
1635 1537 1814 1608 ῥᾴδιον
1870 1556 1963 1608 τρα-

395 1616 569 1688 νερῶς
594 1618 916 1675 διωθεῖσθαι.
950 1624 1062 1694 Τῆς
1103 1626 1202 1697 μὲν
1230 1623 1322 1680 οὖν
1345 1629 1637 1692 σπουδαίας
1678 1629 1963 1702 ἐπιστολῆς

394 1706 425 1757 ὀ
464 1707 595 1770 Θεὸς
639 1710 816 1780 ἄρχει,
860 1711 973 1766 θεοὶ
1017 1713 1074 1767 δὲ
1115 1718 1212 1787 τῆς
1249 1711 1431 1789 ἦττον.
1476 1738 1492 1769 ι
1546 1720 1850 1791 Διαρρήδην
1904 1721 1961 1774 δέ

396 1799 426 1852 ὁ
466 1800 625 1863 αὐτὸς
669 1804 919 1874 ὁμολογεῖ
971 1807 1034 1859 ἐκ
1082 1809 1324 1864 παλαιῶν
1379 1811 1439 1865 τὸ
1493 1813 1622 1884 περὶ
1676 1811 1768 1867 τοῦ
1823 1813 1958 1867 Θεοῦ

2076 720 2189 786 gari
2243 719 2557 777 Graecorum
2613 735 2765 774 more
2807 719 3045 790 plurium
3084 719 3364 773 numinum
3407 718 3637 789 appella-

2076 810 2223 864 tione
2264 809 2342 863 uti
2390 810 2584 875 soleat,
2630 807 2799 864 Deum
2854 818 3031 862 tamen
3083 824 3253 865 unum
3306 823 3630 879 agnoscere,

2072 899 2157 953 vel
2200 913 2266 952 ex
2323 914 2407 964 ea,
2445 914 2611 967 quam
2663 898 2729 951 ad
2785 896 3100 968 Dionysium
3144 897 3358 963 scribit,
3404 895 3632 965 epistola

2071 990 2251 1059 quivis
2282 990 2578 1061 intelligat:
2616 990 2708 1044 ubi
2761 1005 2898 1059 quas
2929 990 3173 1044 studiose
3215 1004 3289 1043 ac.
3326 990 3468 1044 serio
3499 989 3648 1044 con;

2071 1081 2336 1137 scriberet
2385 1081 2671 1150 epistolas,
2720 1082 2790 1135 ab
2837 1080 2987 1145 aliis,
3036 1095 3174 1151 quas
3212 1089 3415 1136 temere
3463 1068 3651 1153 negli?

2069 1179 2364 1241 genterque
2417 1172 2787 1240 profunderet,
2823 1186 2922 1226 sua
2969 1171 3201 1239 quadam
3258 1181 3384 1228 uota
3446 1186 3630 1228 secer-

2070 1278 2244 1331 nens;
2280 1277 2402 1333 qu:e
2443 1278 2607 1333 grave
2647 1261 2787 1316 nihil
2836 1276 2902 1316 ac
2943 1260 3144 1315 serium
3175 1262 3533 1329 continerent,
3561 1262 3629 1318 iis

2071 1353 2298 1408 deorum
2321 1393 2336 1418 ,
2378 1369 2499 1422 quae
2544 1367 2674 1408 vero
2723 1352 3010 1422 diligenter
3038 1352 3135 1407 abs
3176 1367 3235 1407 se
3269 1366 3334 1407 ac
3371 1353 3628 1408 meditato

2066 1444 2451 1509 scriberentur,
2484 1444 2592 1499 illis
2632 1443 2726 1498 Dei
2759 1458 2879 1499 sese
2922 1459 3145 1508 nomen,
3186 1444 3464 1512 pr0prium
3511 1443 3629 1499 vel-

2068 1534 2143 1588 uti
2191 1534 2560 1590 characterem
2622 1536 3015 1605 impressurum
3058 1549 3180 1589 esse
3225 1532 3483 1588 declarat.
3536 1533 3630 1591 Sic

2064 1625 2209 1679 enim
2238 1624 2306 1679 ad
2353 1625 2577 1679 verbum
2633 1626 2868 1681 scribit:
2928 1645 2946 1676 ι
2982 1622 3262 1694 Propriam
3302 1623 3448 1694 quod
3496 1625 3626 1681 atti-

2064 1723 2156 1770 net
2201 1715 2557 1785 epistolarum
2593 1727 2804 1784 notam,
2857 1731 2953 1772 seu
2999 1730 3138 1785 quas
3181 1716 3352 1781 serio,
3392 1715 3626 1786 dataque

2064 1819 2251 1874 opera,
2297 1821 2393 1861 seu
2434 1821 2572 1877 quas
2615 1808 2975 1877 negligentius
3004 1808 3204 1870 scribo,
3251 1808 3465 1863 tametsi
3504 1808 3626 1877 ejus

392 1887 565 1961 δόγμα
593 1891 985 1965 μεμαθηκέναι,
1013 1895 1185 1965 λέγων
1205 1898 1262 1950 ἐν
1292 1900 1405 1961 τοῖς
1431 1875 1668 1968 Νόμοις⁸
1709 1920 1728 1953 ι
1779 1901 1835 1955 '0
1863 1901 1952 1972 μὲν

2065 1906 2116 1950 te
2146 1898 2459 1953 meminisse
2487 1898 2761 1965 existimo,
2810 1914 2957 1954 nunc
2990 1909 3174 1954 tamen
3226 1898 3375 1953 illam
3419 1899 3625 1970 cogites

390 1979 456 2050 δὴ
496 1980 627 2045 Θεὸς
671 1983 806 2055 (74),
849 1985 925 2049 ὡς
965 1987 1058 2040 καὶ
1099 1990 1127 2040 ὁ
1165 1987 1391 2053 παλαιὸς
1434 1989 1609 2059 λόγος,
1655 1993 1828 2064 ἀρχὴν
1868 1994 1961 2047 καὶ

387 2069 644 2143 τελευτὴν
667 2074 761 2127 καὶ
792 2075 932 2144 μέσα
960 2077 1069 2131 τῶν
1097 2079 1263 2133 ὄντων
1292 2081 1541 2136 ἁπάντων
1561 2125 1575 2150 ,
1610 2085 1823 2139 εὐθεῖαν
1846 2088 1957 2160 (75)

389 2161 637 2230 περαίνει
669 2163 810 2216 κατὰ
862 2165 1021 2233 φύσιν
1067 2171 1578 2243 περιπορευόμενος.
1622 2170 1711 2245 Τῷ
1763 2174 1806 2227 δ’
1849 2178 1959 2230 αἰεὶ

388 2245 678 2312 ξυνέπεται
701 2251 853 2323 Δίκη,
889 2252 995 2306 τῶν
1016 2254 1456 2328 ἀπολειπομένων
1488 2256 1582 2312 τοῦ
1616 2258 1760 2314 θείου
1791 2263 1955 2334 νόμου

383 2338 657 2408 τιμωρός·
689 2335 757 2412 ἦς
786 2343 814 2393 ὁ
863 2342 958 2412 μὲν
1014 2344 1420 2417 εὐδαιμονήσειν
1463 2349 1668 2418 μέλλων
1705 2352 1957 2422 ἐχόμενος

386 2428 695 2497 ξυνέπεται,
745 2434 1015 2499 ταπεινὸς,
1058 2437 1466 2507 κεκοσμημένος
1486 2456 1497 2468 ·
1535 2441 1563 2492 ό
1593 2439 1650 2492 δέ
1677 2456 1760 2504 τις
1794 2440 1955 2513 ἐξαρ-

386 2518 500 2582 θεὶς
544 2519 648 2571 ὑπὸ
702 2522 1089 2593 μεγαλαυχίας,
1133 2525 1441 2597 ἢχρήμασι
1493 2529 1868 2602 ἐπαιρόμενος,
1920 2533 1952 2605 ἢ

384 2612 590 2703 τιμαῖς,
624 2609 783 2703 qui.
840 2612 1086 2683 σώματος
1138 2617 1427 2703 εὐμορφίᾳ,
1474 2618 1588 2691 ἅμα
1611 2621 1820 2695 νεότητι
1860 2626 1954 2679 καὶ

385 2699 563 2770 ἀνοίᾳ,
596 2699 848 2769 φλέγεται
900 2704 999 2775 τὴν
1027 2704 1202 2777 ψυχὴν
1223 2699 1348 2776 ’μεθ’
1382 2706 1613 2778 ὕϐρεως,
1650 2708 1789 2763 ὥστε
1830 2711 1953 2766 οὔτε

383 2790 643 2862 ἄρχοντος
664 2791 786 2846 οὔτε
812 2783 952 2858 τινὸς
997 2798 1261 2869 ἡγεμόνος
1281 2800 1549 2870 δεόμενος,
1595 2801 1727 2856 ἀλλά
1753 2806 1844 2857 καὶ
1868 2805 1955 2859 ἀλ-

384 2878 500 2944 λοις
528 2883 707 2947 ἱκανὸς
736 2883 811 2937 ῶν
845 2888 1114 2957 ἡγεῖσθαι,
1145 2891 1529 2945 καταλείπεται
1566 2896 1773 2966 ἔρημος
1794 2896 1949 2950 Θεοῦ.

388 2971 781 3042 Καταλειφθεὶς
810 2976 885 3041 δὲ,
932 2979 1026 3031 καὶ
1066 2978 1145 3032 ἔτι
1188 2981 1378 3045 ἄλλους
1417 2983 1686 3047 τοιούτους
1727 2986 1954 3057 προσλα-

2058 1987 2245 2054 velim,
2277 2003 2342 2044 ac
2368 1988 2656 2059 diligenter
2698 1990 2967 2044 attendas.
3013 1988 3126 2046 Nos
3178 1992 3324 2045 enim
3368 1990 3624 2059 permulti

2060 2078 2127 2132 ad
2158 2078 2260 2133 sibi
2310 2080 2658 2135 scribendum
2710 2080 2959 2149 invitant,
2995 2082 3194 2151 quibus
3229 2083 3281 2136 id
3330 2080 3487 2137 facile
3528 2097 3625 2137 ne-

2058 2170 2172 2238 gari
2194 2185 2300 2224 non
2330 2180 2521 2239 possit.
2551 2169 2718 2241 igitur
2747 2171 2827 2226 sic
2861 2171 3058 2226 habeto
3087 2187 3279 2241 :quam
3316 2171 3460 2226 serio
3493 2172 3623 2228 scri-

2058 2260 2258 2328 bimus,
2304 2261 2448 2317 hanc
2476 2276 2506 2315 a
2544 2259 2655 2317 Deo
2683 2262 3052 2332 auspicamur,
3100 2276 3130 2317 a
3172 2262 3278 2317 diis
3314 2277 3460 2326 vero,
3500 2277 3623 2332 quae

2057 2352 2238 2408 minus
2278 2352 2439 2407 habet
2475 2353 2660 2408 studii.
2707 2371 2726 2405 ι
2764 2352 2829 2406 Et
2858 2364 2987 2406 vero
3029 2368 3089 2408 se
3128 2352 3196 2407 ab
3223 2352 3620 2423 antiquioribus

2056 2457 2244 2497 sanam
2277 2444 2344 2498 de
2392 2442 2501 2499 Deo
2546 2445 2868 2499 sententiam
2910 2444 3065 2515 531
3119 2445 3369 2500 hausisse
3423 2460 3621 2500 concc-

2054 2536 2161 2605 ptis
2205 2536 2320 2605 ipse
2360 2535 2691 2605 disertisque
2732 2536 2911 2591 verbis
2960 2536 3015 2590 in
3045 2535 3269 2607 Legibus
3310 2536 3622 2605 conﬁtetur,

2054 2627 2181 2681 dum
2222 2628 2331 2683 ait:
2375 2647 2393 2680 ι
2428 2626 2572 2684 Deus
2619 2637 2767 2683 certe
2815 2628 3058 2698 quidem,
3104 2629 3180 2682 uti
3213 2643 3280 2683 ex
3312 2629 3622 2698 priscorum

2053 2718 2300 2773 doctrina
2353 2727 2601 2784 constat,
2654 2733 2836 2773 rerum
2896 2719 3272 2773 universarum
3312 2718 3618 2787 principia,

2054 2809 2215 2863 ﬁnem
2246 2810 2595 2880 mediumque
2627 2810 2967 2878 complexus,
3017 2818 3164 2864 recta
3194 2809 3307 2875 illa,
3342 2809 3621 2879 quomodo

2053 2908 2250 2955 natura
2290 2901 2562 2971 postulat,
2609 2900 2860 2954 obeundo
2902 2900 3131 2969 perlicit.
3176 2899 3312 2953 Eum
3360 2907 3621 2970 perpetuo

2052 2992 2269 3048 Iustitia
2311 2992 2578 3060 sequitur,
2630 3004 2840 3057 eorum,
2881 2991 2973 3060 qui
3015 2990 3113 3045 abs
3142 2990 3327 3045 divina
3360 2990 3478 3061 lege
3502 2992 3621 3046 dis-

385 3060 514 3127 ϐὼν,
531 3067 725 3137 σκιρτᾷ
749 3068 1031 3138 ταράττων
1046 3071 1219 3125 πάντα
1244 3073 1377 3143 ὁμοῦ
1396 3074 1446 3140 b,
1464 3076 1556 3128 καὶ
1586 3075 1799 3140 πολλοῖς
1812 3095 1952 3133 τισιν

2055 3082 2277 3145 cedunt,
2342 3082 2507 3135 ultrix
2549 3090 2711 3151 atque
2756 3081 2994 3136 vindex:
3047 3081 3134 3137 cui
3170 3082 3388 3151 quidem
3422 3060 3620 3138 aﬁixus

384 3151 720 3259 εδοξενεῐναί
781 3177 884 3223 τις,
914 3161 1051 3230 μετά
1073 3162 1131 3215 δέ
1174 3165 1363 3237 χρόνον
1394 3167 1454 3219 οὐ
1491 3167 1656 3220 πολὺν
1696 3168 1949 3240 ὑποσχὼν

2055 3175 2292 3231 demisso
2327 3174 2739 3245 compositoque
2784 3174 2971 3229 animo
3014 3175 3326 3240 comitatur,
3366 3175 3621 3246 quisquis

380 3245 649 3316 τιμωρίαν
679 3249 741 3301 οὐ
785 3251 1039 3323 μεμπτὴν
1072 3254 1138 3322 τῇ
1163 3253 1311 3326 Δίκῃ,
1345 3254 1537 3309 ἐαυτόν
1563 3273 1622 3309 τε
1657 3258 1748 3311 καὶ
1779 3255 1946 3324 οἷκον,

2055 3266 2122 3320 ad
2176 3264 2486 3321 felicitatem
2542 3265 2787 3334 aSpirat:
2838 3274 3028 3321 contra
3075 3281 3204 3321 vero
3252 3266 3346 3337 qui
3394 3245 3479 3321 vel
3514 3245 3621 3322 Vsu-

380 3337 475 3390 καὶ
509 3337 660 3392 πόλιν
687 3339 856 3412 ἄρδην
883 3342 1179 3397 ἀνάστατον
1211 3346 1450 3416 ἐποίησε.
1494 3366 1511 3398 ι
1542 3348 1726 3404 Ταῦτα
1749 3352 1777 3403 ὁ
1808 3349 1949 3403 Πλά-

2055 3357 2238 3426 perbia
2272 3357 2662 3421 intumescens,
2713 3358 2797 3412 vel
2839 3372 3001 3427 opum
3032 3358 3084 3412 vi
3128 3358 3391 3428 copiaque
3435 3358 3620 3414 subla-

379 3442 507 3518 των.
544 3429 614 3482 Σὺ
643 3429 701 3482 δέ
725 3447 788 3499 γε
804 3431 904 3500 τῷ,
938 3450 956 3483 ι
997 3434 1054 3489 Ὁ
1076 3435 1173 3505 μὲν
1195 3434 1256 3506 δὴ
1282 3435 1415 3500 Θεὸς
1443 3438 1616 3508 ἀρχὴν
1641 3441 1735 3494 καὶ
1767 3440 1951 3494 τελευ-

2055 3456 2163 3511 tus,
2208 3446 2293 3502 vel
2340 3448 2508 3505 etiam
2558 3447 2832 3502 honorum
2873 3448 3262 3517 amplitudine,
3308 3448 3620 3518 corporisve

498 3519 589 3570 κα)⁵
637 3520 778 3591 μέσα
817 3521 926 3575 τῶν
960 3522 1129 3577 ὄντων
1168 3522 1420 3581 ἁπάντων
1462 3528 1618 3598 ἔχων,
1651 3548 1670 3581 ι
1705 3532 1949 3602 παράθες

2055 3536 2252 3607 specie,
2303 3552 2426 3591 cum
2469 3536 2778 3607 iuventutis
2826 3536 2961 3592 llore
3014 3537 3351 3608 stultitiaque
3389 3517 3620 3607 conjun—

378 3607 486 3662 ἀπὸ
506 3611 605 3682 τῆς
643 3612 906 3684 Ἐϐραίων
931 3617 1265 3687 προφητείας
1286 3618 1366 3685 τὸ,
1405 3638 1424 3670 ι
1476 3619 1615 3686 Ἐγὼ
1636 3620 1767 3687 Θεὸς
1800 3624 1949 3695 πρῶ-

2055 3634 2132 3679 cta
2176 3624 2531 3691 insolescens,
2559 3624 2743 3680 animo
2776 3625 3105 3695 petulantius
3147 3626 3472 3693 exardescit,
3502 3641 3619 3696 per-

375 3717 488 3764 τος,
522 3703 615 3756 ml.
644 3702 754 3771 ἐγὼ
776 3704 912 3774 μετά
945 3706 1144 3761 ταῦτα’
1181 3727 1200 3763 ι
1230 3709 1309 3780 τῷ
1349 3710 1426 3777 δὲ,
1453 3728 1471 3761 ι
1500 3710 1726 3768 Εὐθεῖαν
1754 3716 1946 3787 περαί-

2055 3716 2173 3772 inde
2226 3725 2286 3770 ut
2313 3715 2359 3771 si
2402 3730 2503 3771 nec
2544 3716 2811 3785 principe,
2862 3732 2963 3771 nec
3014 3717 3356 3773 moderatore
3395 3716 3506 3772 ullo
3533 3716 3619 3770 in-

379 3807 459 3881 νει
495 3792 636 3847 κατά
680 3795 838 3864 φύσιν
891 3796 1363 3869 ἐπιπορευόμενος,
1403 3819 1421 3852 ι
1459 3801 1537 3867 τὸ,
1562 3821 1581 3853 ι
1633 3803 1946 3870 Εὑθύτητας

2055 3807 2244 3878 digeat,
2304 3807 2397 3863 sed
2450 3808 2631 3881 potius
2670 3807 2738 3863 ad
2782 3808 2995 3864 caeteris
3037 3807 3412 3878 imperandum
3457 3814 3618 3878 aptus

378 3878 484 3935 εἶδε
515 3885 576 3937 τὸ
612 3886 900 3957 πρόσωπον
916 3889 1101 3942 αὐτοῦ.
1126 3909 1144 3941 ι
1178 3890 1287 3944 Καὶ
1309 3891 1447 3963 πρὸς
1476 3893 1559 3956 τὸ,
1602 3912 1621 3944 ι
1648 3895 1738 3966 Τῷ
1763 3895 1812 3948 δ’
1833 3897 1944 3951 αἰεὶ

376 3972 658 4042 ξυνέπεται
694 3977 823 4049 Δίκη
865 3979 975 4033 τῶν
1005 3982 1442 4056 ἀπολειπομένων
1474 3984 1569 4038 τοῦ
1598 3985 1741 4039 θείου
1779 3987 1943 4059 νόμου

373 4070 632 4139 τιμωρὸς,
665 4088 682 4121 ι
713 4071 1000 4143 σύγκρινον
1045 4073 1127 4138 τὸ,
1162 4092 1181 4125 ι
1227 4076 1443 4140 Δίκαιος
1476 4076 1697 4149 Κύριος,
1748 4081 1841 4134 καὶ
1875 4080 1947 4133 δι-

374 4160 668 4225 καιοσύνας
713 4163 1036 4236 ἠγάπησεν
1075 4189 1093 4217 ι
1128 4167 1221 4220 καὶ
1259 4167 1338 4232 τὸ,
1374 4186 1393 4219 ι
1440 4170 1593 4240 Ἐμοὶ
1644 4171 1941 4242 ἐκδίκησις,

374 4250 486 4319 ἐγὼ
541 4253 923 4323 ἀνταποδώσω,
979 4258 1128 4328 λέγει
1179 4261 1442 4333 Κύριοςοι
1478 4263 1571 4316 καὶ
1617 4265 1701 4327 τὸ,
1742 4282 1760 4315 ι
1799 4265 1944 4319 Διότι

374 4341 588 4407 ἔκδικος
640 4346 869 4417 Κύριος,
927 4350 1021 4402 καὶ
1060 4352 1451 4413 ἀνταποδίδωσι
1509 4356 1623 4417 τοῖς
1670 4356 1944 4427 περισσῶς

373 4435 615 4489 ποιοῦσιν
649 4438 1041 4511 ὑπερηφανίαν·
1084 4461 1103 4493 ι
1135 4440 1217 4514 τῷ
1258 4443 1334 4512 δέ,
1377 4463 1396 4497 ι
1424 4439 1532 4509 *Ης
1564 4449 1593 4500 ὁ
1626 4447 1941 4520 εὐδαιμονή-

2043 3900 2279 3970 ipsemet
2325 3900 2660 3970 idoneusque
2707 3900 2800 3965 sit,
2854 3900 2901 3954 is
2959 3898 3069 3955 Deo
3106 3914 3314 3954 vacuus
3359 3898 3618 3968 relinqui-

2047 4000 2175 4045 tur:
2224 3990 2448 4045 relictus
2489 3998 2695 4069 autem,
2728 3989 2985 4045 adhibitis
3028 3989 3175 4044 illico
3217 3989 3444 4059 geminae
3483 4001 3614 4058 pro-

2047 4080 2232 4135 tervis:
2271 4080 2456 4147 sociis,
2492 4079 2729 4135 exsultat
2758 4087 2955 4134 cuncta
2979 4078 3301 4143 miscendo;
3343 4085 3502 4147 atque
3535 4079 3618 4131 in-

2048 4169 2206 4223 terim
2259 4169 2465 4237 aliquid
2507 4182 2628 4223 esse
2676 4167 2964 4237 permultis
3016 4168 3250 4232 videtur,
3295 4176 3352 4221 at
3397 4165 3616 4221 modico

2045 4269 2170 4329 post
2209 4271 2471 4330 tempore,
2505 4259 2700 4331 dignas
2737 4257 2806 4313 ab
2837 4273 2904 4313 eo
2946 4273 3135 4326 poenas
3168 4258 3418 4329 exigente
3458 4255 3616 4312 lustio

2046 4353 2140 4419 tia,
2173 4351 2438 4421 seipsum,
2470 4350 2803 4421 domumque
2832 4350 3014 4414 simul,
3057 4364 3181 4405 cum
3214 4358 3324 4404 tota
3368 4348 3615 4404 funditus

2045 4443 2262 4498 civitate
2301 4442 2498 4512 perdit.
2536 4461 2555 4493 ι
2589 4440 2713 4496 Haec
2745 4440 2920 4495 Plato.
2962 4440 3082 4497 Jam
3128 4455 3280 4504 vero,
3311 4456 3433 4496 cum
3469 4438 3612 4505 illis,

374 4544 488 4580 σειν
514 4526 722 4596 μέλλων
750 4531 1005 4600 ἐχόμενος
1030 4531 1335 4599 ξυνέπεται,
1357 4536 1630 4600 ταπεινὸς,
1668 4526 1941 4611 κεκοσμη-

2055 4553 2070 4586 ι
2114 4534 2256 4590 Deus
2287 4542 2434 4589 certe
2472 4533 2714 4604 quidem,
2761 4549 2942 4588 rerum
2988 4533 3368 4588 universarum
3410 4530 3617 4601 princi-

374 4619 553 4690 μένος,
583 4638 603 4671 ›
629 4620 892 4691 ἐπόμενὸν
923 4624 1038 4677 ἐστι
1059 4624 1139 4691 τὸ,
1160 4644 1178 4676 ι
1217 4625 1420 4679 Ὀπίσω
1451 4626 1654 4697 Κυρίου
1682 4629 1775 4681 τοῦ
1806 4629 1938 4683 Θεοῦ

370 4731 464 4767 σου
497 4715 770 4790 πορεύσῖγ
799 4736 818 4769 ι
838 4717 916 4789 τῷ
934 4720 1012 4786 δὲ,
1043 4738 1062 4769 ι
1109 4721 1166 4773 Ὀ
1192 4721 1237 4773 δ’
1269 4720 1515 4792 ἐξαρθεὶς
1536 4722 1639 4774 ὑπὸ
1666 4722 1938 4793 μεγαλαυ-

367 4804 491 4875 χίας
509 4805 893 4861 καταλείπεται
914 4808 1116 4880 ἔρημος
1140 4809 1296 4873 Θεοῦ,
1324 4831 1341 4860 ι
1386 4808 1468 4874 τὸ,
1517 4827 1535 4859 ι
1554 4809 1727 4873 ὀΘεὸς
1772 4811 1939 4883 ὑπερ-

373 4897 605 4967 ηφάνοις
631 4899 1031 4966 ἀντιτάσσεται,
1077 4903 1350 4964 ταπεινοῖς
1396 4902 1454 4955 δὲ
1477 4902 1659 4956 δίδωσι
1689 4902 1846 4974 χάριν
1868 4920 1880 4932 ·
1913 4922 1931 4953 ι

365 4987 480 5051 καὶ,
511 5006 530 5038 ι
565 4988 826 5060 Χαρμονὴ
851 4987 907 5040 δὲ
933 4988 1162 5055 ἀσεϐῶν,
1189 4989 1386 5061 πτῶμα
1418 4990 1669 5056 ἐξαίσιον.
1696 5011 1715 5044 ι
1754 4991 1938 5046 Ταῦτα

366 5095 465 5146 μεν
521 5075 615 5133 οῦν
663 5080 772 5133 ἀπὸ
824 5082 1035 5153 μυρίων
1085 5082 1291 5154 σμικρὰ
1329 5083 1458 5154 περὶ
1483 5082 1577 5137 τοῦ
1603 5084 1694 5137 ἐπὶ
1723 5084 1938 5137 πάντων

362 5169 519 5223 Θεοῦ.
564 5170 675 5224 Θέα
726 5171 783 5224 δέ
809 5173 903 5227 καὶ
927 5173 995 5226 τὰ
1059 5174 1185 5245 περὶ
1228 5172 1323 5228 τοῦ
1367 5173 1619 5247 δευτέρου
1646 5176 1818 5229 αἰτίου
1851 5170 1938 5229 οἷα

359 5263 427 5334 τῇ
457 5262 663 5334 διανοίᾳ
696 5264 853 5319 εἰσίν.

438 5355 459 5387 ⁸
496 5356 600 5411 lsa.
647 5374 756 5422 xu,
799 5359 851 5416 4.
928 5361 948 5392 θ
987 5358 1134 5415 Psal.
1175 5377 1228 5424 κ,
1270 5360 1324 5415 8.
1405 5362 1446 5393 ¹⁰
1486 5361 1616 5415 ibid.

432 5458 460 5487 ι
504 5448 662 5503 Forte
697 5451 920 5522 προτάξ.
999 5452 1027 5491 ι)
1069 5451 1169 5507 Ms.
1206 5464 1253 5507 et
1288 5454 1372 5506 ρι.
1414 5453 1547 5524 ἅμα.

438 5543 551 5621 (72)
582 5544 723 5621 Περὶ
770 5545 840 5621 δὲ
884 5548 991 5602 τοῦ
1020 5550 1363 5621 (συμϐόλου.
1397 5547 1638 5621 Platonis
1675 5549 1792 5604 hac
1825 5550 1942 5621 epi-

369 5614 507 5670 stola
530 5624 633 5689 est
666 5614 1186 5689 decima_tertia,_'ad
1218 5617 1535 5689 Dionysium
1564 5633 1691 5689 vero
1726 5614 1941 5689 quarta,

367 5698 493 5754 pag.
530 5682 634 5757 7_28
693 5686 824 5740 edit.
867 5682 1214 5743 Ficini.'Fuit
1253 5682 1418 5757 igitur
1449 5703 1515 5742 ex
1552 5689 1619 5743 iis
1644 5682 1820 5752 Plato,
1850 5691 1945 5757 qui

369 5752 712 5832 eumnneum
762 5758 1164 5827 cognovissent,
1221 5752 1328 5817 non
1373 5767 1553 5815 tamen
1595 5760 1733 5822 sicut
1775 5752 1944 5822 Deum

364 5824 825 5884 (.orilicaverunt.

2046 4626 2169 4696 pia,
2226 4627 2416 4691 linem,
2464 4624 2813 4694 mediumque
2857 4625 3197 4695 complexus,
3233 4641 3253 4674 ι
3304 4624 3417 4677 haec
3454 4629 3513 4676 tu
3547 4635 3616 4676 ex

2047 4717 2399 4773 Hebrteorum
2444 4716 2727 4786 prophetia
2770 4712 3058 4786 compone,
3096 4734 3116 4767 ι
3173 4713 3288 4785 Ego
3324 4715 3466 4769 Deus
3509 4714 3620 4784 pri-

2047 4825 2193 4873 mus,
2220 4817 2276 4864 et
2306 4808 2637 4863 novissimus
2667 4823 2766 4877 ego
2796 4822 2913 4863 sum
2939 4807 2993 4874 8;
3030 4826 3049 4860 ι
3086 4806 3326 4877 itemque
3351 4819 3476 4860 cum
3498 4803 3613 4873 illo,

2052 4919 2071 4952 ι
2113 4898 2279 4956 Recta
2309 4899 2540 4969 perlicit,
2581 4916 2600 4950 ι
2635 4898 2865 4952 alterum
2899 4898 3022 4963 hoc,
3060 4915 3078 4948 ι
3119 4895 3493 4952 Rectitudines
3522 4908 3618 4950 no-

2044 4993 2123 5046 vit
2164 4991 2347 5046 vultus
2371 4991 2491 5061 ejus
2521 4990 2562 5043 ⁹.
2598 5008 2617 5042 ›
2674 4988 2876 5045 Deinde
2914 5004 3038 5044 cum
3094 4988 3224 5053 illis,
3258 5005 3277 5038 ι
3326 4986 3464 5041 Eum
3492 5000 3616 5056 per-

2045 5093 2210 5154 petuo
2231 5079 2447 5137 Iustitia
2476 5080 2746 5151 sequitur,
2777 5096 2988 5146 eorum,
3021 5079 3115 5150 qui
3149 5080 3246 5134 abs
3273 5078 3456 5134 divina
3498 5076 3616 5147 lege

2045 5175 2357 5239 discedunt,
2393 5172 2555 5228 ultrix
2590 5180 2757 5242 atque
2782 5172 2999 5235 vindex,
3037 5189 3055 5221 ι
3090 5171 3190 5226 ista
3226 5168 3435 5235 confer,
3467 5187 3487 5220 ι
3518 5166 3616 5224 Ju-

2043 5274 2163 5323 stus
2194 5264 2475 5330 Dominus,
2504 5271 2559 5319 et
2583 5262 2824 5333 justitias
2854 5261 3043 5317 dilexit
3068 5262 3151 5328 ¹⁰;
3183 5280 3202 5313 ι
3238 5261 3474 5331 itemque
3499 5260 3617 5318 hac

2119 5547 2236 5619 (75)
2265 5541 2944 5619 Πρός-τὰςΑέπισντ.-ΡΙσεο
2970 5541 3096 5619 περὶ
3122 5542 3222 5619 τὰς
3251 5542 3368 5605 ἐπ.,
3395 5539 3614 5598 melius.

2119 5611 2233 5687 (74)
2271 5611 2325 5687 ’ρ
2370 5614 2487 5682 μὲν
2534 5612 2611 5682 δὴ
2668 5613 2831 5687 Θεός.
2864 5611 3144 5687 prompta
3191 5612 3318 5687 haec
3344 5620 3512 5687 __s_unt_
3543 5622 3614 5668 ex

2048 5679 2244 5757 quarto
2277 5679 2490 5757 Legum,
2515 5679 2637 5757 pag.
2670 5682 2773 5735 600
2816 5683 2954 5757 edit.
2976 5679 3316 5757 βτέεροτιειε
3344 5679 3537 5757 Ficinj.

2122 5756 2234 5840 (75)
2268 5750 2543 5840 Ιξιξθείαῇ.
2570 5750 2840 5840 Manuscr.
2855 5751 3064 5840 fd'fiéa.
3084 5750 3190 5809 Sed
3232 5750 3371 5818 infra
3401 5765 3465 5823 ρει
3487 5750 3610 5821 798,

2052 5820 2226 5893 huius
2238 5820 2367 5889 edit.
2390 5822 2600 5881 Atticus
2629 5822 2767 5889 legit
2790 5820 2995 5887 εὐθείᾳ.
