4156 6430
552 350 659 407 833
1229 343 1495 412 ECSEDII
1526 356 2009 413 CJESARIENSIS
2044 355 2196 414 OPP.
2247 358 2425 414 PARS
2463 357 2526 415 ll.
2549 393 2607 402 —
2660 359 3161 418 APOLOGETICA.
3691 362 3798 420 88$

550 474 654 527 alia
684 458 712 526 ε’
751 492 771 527 ι
809 474 923 530 Mea
963 486 1047 531 est
1110 477 1266 544 ultio,
1303 488 1356 533 et
1392 494 1492 548 ego
1531 479 1850 543 retribuam,
1916 477 2049 534 dicit
2108 479 2371 534 Dominus
2401 482 2488 547 ”;
2532 500 2551 534 ι
2609 497 2817 537 necnon
2886 485 3019 548 ista,
3061 501 3080 533 ι
3128 481 3397 548 Quoniam
3441 481 3637 537 vindex
3691 481 3799 536 Do-

550 565 755 628 minus,
822 575 875 619 et
918 567 1177 622 retribuet
1226 566 1551 623 facientibus
1612 568 1951 624 abundanter
1994 569 2301 655 superbiam
2330 570 2397 622 ’³.
2459 589 2476 621 ι
2531 569 2795 627 Przeterea
2857 588 2979 627 eum
3054 573 3194 637 illis,
3244 572 3387 627 «Cui
3435 573 3651 644 quidem
3693 574 3801 629 am-

548 672 652 711 xus
711 657 945 715 demisso
997 665 1408 733 compositoque
1462 664 1646 719 animo
1702 664 2016 731 comitatur,
2050 654 2305 735 quisquis
2371 666 2439 721 ad
2486 666 2795 721 felicitatem
2844 668 3089 738 aSpirat,
3130 688 3149 720 ›
3193 668 3444 738 congruit
3483 684 3613 723 sane
3655 670 3799 739 quod

550 749 827 818 sequitur,
870 774 894 801 τ
934 753 1065 807 Post
1121 752 1405 808 Dominum
1460 754 1627 810 Deum
1681 765 1831 810 tuum
1899 756 2204 812 ambulabis
2243 757 2310 810 ".
2371 777 2389 810 ι
2425 757 2669 827 Denique
2722 775 2846 814 cum
2902 760 3029 824 illis,
3075 780 3094 811 ι
3145 761 3213 814 At
3251 777 3379 815 vero
3422 762 3674 831 superbia
3725 763 3802 818 in.

552 846 893 905 tumescens,
940 848 1037 895 abs
1092 841 1202 897 Deo
1259 859 1468 899 vacuus
1527 845 1887 914 relinquitur,
1948 865 1968 898 ι
2022 847 2138 901 base
2175 862 2475 917 compone,
2532 848 2729 903 tDcus
2789 850 3036 919 superbis
3078 851 3315 917 resistit,
3360 852 3657 908 humilibus
3712 868 3801 908 ευ·

514 994 521 1003 ι
553 937 658 983 tem
688 931 779 986 dat
810 945 1039 1003 gramm
1077 936 1170 1000 “,i
1203 947 1277 1003 et,
1320 957 1337 989 ι
1378 938 1584 992 Laztitia
1630 940 1941 1010 impiorum,
1992 957 2153 997 casus
2192 942 2449 999 terribilis
2473 945 2539 997 η.
2580 964 2599 996 ι
2627 945 2704 1000 Ae
2739 946 2804 1000 de
2838 961 3053 999 summo
3078 946 3294 1016 quidem
3326 963 3506 1002 rerum
3555 949 3799 1003 omnium

551 1022 895 1080 moderatore
940 1025 1071 1091 Deo,
1111 1027 1227 1083 haec
1261 1031 1328 1083 de
1392 1031 1621 1087 inﬁnitis
1673 1049 1846 1103 pauca
1896 1034 2201 1102 sulliciant;
2241 1036 2503 1106 deinceps
2539 1038 2847 1108 cujusmodi
2897 1038 3026 1104 sint,
3066 1054 3187 1107 quae
3228 1040 3527 1095 secundum
3556 1040 3621 1095 ad
3662 1042 3801 1111 prin-

553 1114 763 1186 cipium
814 1119 1118 1187 pertinent,
1162 1121 1468 1177 considera.

1131 1212 1259 1265 CAP
1273 1212 1359 1266 UT
1392 1211 1532 1268 .\'lV.

623 1298 700 1352 De
734 1301 958 1354 secundo
1002 1301 1342 1358 Hebra’oi'um
1385 1305 1731 1377 Platonisque
1765 1309 2046 1378 principio.

628 1388 701 1445 De
730 1390 909 1461 primo
945 1392 1111 1447 totius
1148 1394 1386 1449 universi
1432 1396 1700 1465 principio
1740 1398 1855 1451 haec
1901 1413 1930 1450 a
1962 1397 2121 1453 nobis

553 1498 653 1554 pro
696 1483 964 1541 confessis
1010 1487 1333 1541 habeantur.
1381 1487 1542 1559 532
1581 1486 1736 1542 Nune
1766 1502 1894 1542 vero
1938 1489 1991 1542 in
2028 1504 2119 1543 se-

550 1573 713 1628 cundi
755 1577 1274 1645 contemplationem
1313 1578 1615 1648 ingredere,
1658 1578 1802 1647 quod
1844 1576 1941 1631 Dei
1990 1577 2121 1632 Ver—

551 1669 712 1733 bum,
760 1682 825 1721 ac
869 1665 1038 1722 Deum
1092 1685 1157 1723 ex
1199 1668 1308 1723 Deo
1350 1685 1472 1725 esse
1517 1668 1866 1724 Hebraeorum
1923 1671 2119 1724 docent

552 1758 795 1823 oracula,
831 1759 1137 1828 cujusmodi
1182 1759 1454 1831 theologia
1493 1776 1593 1815 nos
1634 1761 1799 1814 etiam
1842 1760 2036 1814 imbuti
2062 1770 2115 1815 et

2745 1211 3140 1266 ΚΕΦΛΛΛῘΟΝ
3180 1214 3272 1264 ΙΔ⁹.

2226 1305 2367 1372 Περὶ
2387 1304 2493 1357 τοῦ
2509 1301 2750 1369 δευτέρο
2760 1320 2791 1355 υ
2804 1303 3017 1363 αἰτίου,
3047 1302 3328 1369 Ἐἅοαίων
3338 1302 3437 1354 καὶ
3459 1301 3796 1371 Πλάτωνος.

2297 1395 2378 1449 Τὰ
2408 1395 2505 1465 μὲν
2528 1394 2591 1465 δὴ
2629 1392 2869 1465 περὶτοῦ
2901 1392 3119 1462 πρώτου
3143 1392 3249 1445 τῶν
3285 1393 3420 1447 ὅλων
3449 1394 3643 1459 αἰτίου,
3674 1392 3802 1449 τοῦ-

2224 1506 2314 1541 τον
2343 1489 2473 1558 ἡμῖν
2525 1485 2963 1556 ἀνωμολογήσθω
2993 1484 3083 1537 τὸν
3126 1486 3346 1556 τρόπον.
3395 1486 3713 1557 Ἐπίσκεῲαι
3743 1485 3803 1542 δὲ

2220 1582 2315 1634 καὶ
2344 1578 2413 1631 τὰ
2447 1580 2575 1650 περὶ
2601 1576 2694 1648 τοῦ
2718 1576 2995 1647 δευτέρου,
3026 1575 3084 1630 ὃν
3110 1576 3175 1646 δὴ
3190 1576 3323 1629 Θεοῦ
3341 1578 3532 1645 Λόγον,
3549 1580 3639 1631 καὶ
3669 1578 3802 1635 Θεὸν

2217 1674 2283 1725 ἐκ
2305 1671 2440 1723 Θεοῦ
2468 1666 2606 1722 εἶναι
2650 1668 2718 1722 τὰ
2759 1667 3027 1739 Ἐϐραίων
3054 1668 3298 1722 παιδεύει
3336 1669 3512 1737 λόγια,
3554 1669 3803 1742 καθάπερ

2220 1765 2313 1817 καὶ
2353 1765 2513 1833 ἡμεῖς
2537 1761 2692 1815 αὐτοὶ
2736 1761 3006 1829 θεολογεῖν
3061 1760 3437 1833 δεδιδάγμεθα.
3487 1764 3542 1815 '0
3579 1764 3677 1833 μέν
3711 1759 3803 1817 οὖν

549 1847 826 1905 informati
872 1865 1082 1905 sumus.
1138 1849 1347 1922 Moyses
1398 1860 1543 1906 certe
1590 1852 1808 1922 quidem
1863 1853 2108 1908 dominos

2220 1856 2421 1925 Μωσῆς
2467 1853 2763 1925 διαρρήδην
2835 1853 2929 1906 δύο
2986 1851 3225 1921 θεολογεῖ
3283 1855 3561 1924 Κυρίους,
3613 1857 3670 1907 ἐν
3724 1851 3803 1920 οἷς

549 1942 799 2010 agnoscit
842 1942 1207 2011 prtedicatque
1256 1943 1416 2008 duos,
1461 1943 1591 1997 dum
1642 1943 1749 2009 ait,
1794 1962 1812 1995 ι
1871 1942 1937 1997 Ει
1980 1944 2116 2014 pluit

552 2029 816 2087 Dominus
864 2048 894 2086 a
927 2032 1157 2087 Domino
1193 2034 1373 2103 ignem
1413 2043 1467 2088 et
1520 2035 1768 2104 sulphur,
1816 2052 1979 2105 super
2023 2038 2118 2091 im-

548 2123 760 2193 piorum
786 2124 1055 2179 civitatem
1083 2126 1151 2191 ιθ,
1187 2144 1204 2176 ι
1235 2126 1324 2179 ubi
1349 2126 1507 2181 solito
1539 2142 1687 2181 more
1709 2129 1942 2182 similem
1974 2128 2117 2196 apud

548 2210 807 2268 Hebraeos
842 2214 895 2267 in
930 2214 1195 2270 ambobus
1245 2215 1551 2271 litterarum
1596 2228 1775 2272 notam
1818 2217 2113 2287 expressit,

544 2319 667 2375 quae
697 2305 802 2359 alia
836 2321 944 2360 non
977 2314 1061 2360 est
1093 2321 1254 2377 quam
1286 2308 1376 2362 illa
1415 2308 1554 2377 ipsa,
1587 2325 1748 2378 quam
1793 2310 1986 2364 etl‘erre
2020 2326 2116 2365 ne-

543 2406 783 2468 queunt,
835 2398 1118 2453 clementis
1164 2410 1398 2468 quatuor
1443 2400 1735 2455 informata
1789 2401 1957 2456 divini
2002 2399 2117 2455 Nu-

548 2491 715 2548 minis
757 2492 1068 2562 appellatio.
1116 2490 1303 2547 Eidem
1351 2509 1569 2564 quoque
1626 2493 1791 2548 David
1836 2494 2111 2555 accinens,

548 2584 689 2639 alius
736 2592 791 2639 et
839 2584 953 2655 ipse
992 2584 1342 2639 llebrazorum
1398 2586 1661 2656 propheta
1706 2585 1867 2640 simul
1901 2594 1955 2639 et
1996 2600 2111 2647 rex,

544 2676 618 2730 ita
659 2676 920 2746 loquitur:
971 2697 989 2728 ι
1037 2678 1181 2732 Dixit
1215 2678 1482 2735 Dominus
1533 2676 1766 2731 Domino
1797 2691 1939 2741 meo,
1985 2678 2113 2732 sede

542 2783 573 2822 a
615 2768 820 2823 dextris
852 2768 985 2824 meis
1011 2768 1081 2821 "z
1129 2789 1147 2821 ι
1180 2770 1269 2824 ubi
1308 2767 1762 2840 quemadmodum
1792 2766 1988 2836 prioris
2017 2765 2117 2819 Do-

553 2859 685 2913 mini
731 2873 864 2916 voce
912 2861 1081 2915 Deum
1119 2861 1440 2921 maximum,
1489 2858 1562 2911 ita
1599 2857 1885 2926 posteriori
1938 2858 2115 2928 appel-

544 2950 745 3007 latione
802 2952 1033 3007 alterum
1091 2952 1158 3006 ab
1200 2951 1294 3007 illo
1355 2948 1672 3005 declaravit.
1738 2948 1909 3014 Quem
1966 2948 2111 3003 enim

540 3042 783 3112 cogitare
831 3043 914 3098 fas
972 3051 1091 3109 est,
1147 3042 1238 3111 qui
1304 3041 1371 3096 ab
1427 3041 1664 3111 ingenita
1712 3040 1995 3095 divinitate
2041 3039 2110 3094 ad

540 3133 711 3202 ipsius
755 3132 1038 3188 dexteram
1084 3132 1401 3188 considcndi
1443 3132 1535 3202 jus
1577 3132 1875 3203 acceperit,
1917 3143 2111 3202 prauer

540 3239 709 3279 unum
754 3224 930 3291 illum,
980 3241 1091 3295 quo
1142 3224 1208 3279 de
1254 3239 1433 3278 sermo
1478 3241 1506 3279 a
1552 3226 1709 3281 nobis
1769 3224 2111 3280 instituitur?

540 3314 713 3384 Quem
762 3316 905 3372 idem
962 3317 1077 3385 ipse
1120 3316 1418 3385 propheta,
1476 3317 1696 3387 planius
1752 3317 1933 3372 adhuc
1980 3317 2109 3370 alibi

537 3404 712 3462 Patris
739 3405 975 3460 Verbum
1006 3421 1128 3461 esse
1166 3408 1501 3474 pronuntiat,
1527 3409 1655 3463 dum
1690 3409 1841 3463 illum
1868 3408 2110 3463 universi

540 3498 847 3553 molitorem
911 3511 1033 3551 esse
1092 3504 1323 3556 testatur
1363 3515 1425 3554 ac
1466 3500 1639 3567 ponit,
1669 3517 1687 3549 ι
1727 3498 1929 3565 Verbo,
1971 3519 1989 3550 ι
2030 3500 2111 3551 in-

539 3592 754 3663 quiens,
783 3608 800 3641 ι
828 3587 1038 3643 Domini
1054 3589 1176 3645 coeli
1195 3591 1390 3644 ﬁrmati
1418 3601 1547 3646 sunt
1574 3593 1636 3647 ’⁸.
1663 3612 1682 3645 ι
1703 3591 1843 3658 Quin
1865 3592 2109 3647 omnium

540 3683 729 3743 etiam.
761 3680 881 3750 ejus
916 3695 1018 3751 ope
1044 3689 1100 3737 et
1132 3682 1419 3738 curatione
1444 3684 1831 3751 indigentium,
1860 3682 2109 3739 Servato-

541 3789 660 3828 rem
708 3772 861 3827 illum
905 3787 1027 3829 esse
1065 3772 1419 3841 conﬁrmans,
1470 3792 1490 3826 ι
1530 3773 1696 3842 Misit,
1737 3776 1932 3846 inquit,
1978 3774 2111 3829 Ver-

540 3864 669 3918 bum
712 3878 896 3930 suum,
930 3873 985 3919 et
1015 3863 1226 3919 sanavit
1253 3878 1345 3918 cos
1386 3866 1451 3919 ι’.
1495 3884 1515 3918 ι
1561 3865 1824 3919 Similiter
1862 3866 2105 3935 ejusdem

541 3955 685 4010 tilius
718 3955 885 4010 simul
932 3965 1094 4027 atque
1132 3972 1421 4011 successor
1465 3955 1747 4024 Salomon,
1784 3958 2105 4027 appellatio-

542 4063 614 4104 ne
642 4050 859 4118 quidem
900 4051 1030 4116 alia,
1071 4064 1232 4104 sensu
1268 4057 1445 4107 tamen
1492 4064 1719 4118 prorsus
1761 4050 1971 4114 eodem,
2013 4066 2109 4119 pro

540 4137 719 4196 Verbo
756 4139 1087 4211 Sapientiam
1121 4142 1432 4205 nominans,
1468 4143 1583 4197 haec
1612 4141 1757 4197 illius
1787 4157 1850 4197 ex
1879 4158 2107 4212 persona

537 4236 965 4286 commemorat:
1021 4248 1039 4282 ι
1092 4231 1202 4301 Ego
1251 4230 1525 4301 Sapientia
1576 4232 1829 4286 habitans
1879 4234 1933 4286 in
1974 4248 2107 4287 eon-

540 4323 682 4388 silio,
701 4329 755 4377 et
774 4322 1137 4393 cognitionem
1172 4333 1225 4377 et
1259 4324 1670 4394 intelligentiam
1704 4324 1952 4378 invocavi
1982 4325 2046 4376 ²⁰.
2084 4344 2102 4374 ι

543 4412 679 4468 Tum
703 4415 864 4483 paulo
894 4422 1019 4485 post
1051 4414 1122 4467 ita
1152 4417 1528 4486 prosequitur:
1555 4433 1573 4466 ‹
1603 4416 1864 4469 Dominus
1908 4418 2109 4471 creavit

538 4517 626 4559 me
656 4502 872 4556 initium
909 4503 1122 4557 viarum
1160 4517 1380 4561 suarum
1415 4505 1467 4556 in
1497 4518 1662 4573 opera
1690 4520 1809 4559 sua.
1840 4505 1979 4559 Ante
2008 4521 2107 4573 sa:-

2224 1961 2389 2017 φησιο
2437 1964 2454 1995 ι
2493 1946 2603 1998 Καὶ
2651 1943 2835 2014 ἔϐρεξε
2883 1942 3086 2014 Κύριος
3119 1942 3271 2015 παρὰ
3322 1945 3526 2015 Κυρίου
3565 1945 3677 2017 πῦρ
3711 1946 3803 2000 καὶ

2221 2037 2359 2090 θεῖον
2402 2036 2495 2090 ἐπὶ
2544 2036 2642 2106 τὴν
2675 2036 2782 2089 τῶν
2818 2036 3031 2089 ἀσεϐῶν
3083 2036 3255 2088 πόλιν.
3290 2055 3306 2087 ι
3345 2037 3512 2089 Ἔνθα
3560 2038 3802 2107 συνήθως

2220 2128 2311 2179 ἐπὶ
2344 2126 2452 2179 τῶν
2473 2127 2565 2180 δύο
2595 2128 2695 2198 τὴν
2728 2126 2917 2198 ὁμοίαν
2937 2126 3047 2179 τῶν
3072 2127 3202 2197 παρ’
3232 2126 3501 2197 Ἑϐραίοις
3529 2130 3801 2198 χαρακτή-

2221 2236 2328 2288 ρων
2358 2220 2651 2289 ἐποιήσατο
2700 2219 3031 2290 παράθεσιν·
3064 2219 3203 2290 αὕτη
3255 2220 3312 2272 δέ
3361 2222 3476 2272 ἐστι
3507 2222 3538 2289 ἡ
3574 2219 3663 2271 διὰ
3691 2218 3801 2273 τῶν

2215 2309 2497 2379 τεσσάρων
2538 2310 2813 2379 στοιχείων
2844 2308 3222 2381 ἀνεκφὼνητος
3255 2311 3385 2379 παρ’
3416 2311 3598 2372 αὐτοῖς
3628 2309 3803 2362 θεολο-

2217 2397 2329 2463 γία.
2363 2398 2549 2468 Τούτῳ
2576 2399 2633 2450 δέ
2672 2401 2764 2451 καὶ
2808 2400 2991 2463 Δαϐὶδ,
3036 2400 3193 2463 ἄλλος
3217 2402 3503 2470 προφήτης
3543 2399 3678 2470 ὁμοῦ
3706 2399 3803 2454 καὶ

2219 2489 2468 2558 βασιλεὺς
2500 2489 2783 2561 Ἐϐραίων,
2814 2492 3051 2560 συνᾴδων
3081 2492 3264 2562 φησίν·
3297 2511 3314 2542 ι
3361 2488 3572 2546 Εἶπενὸ
3601 2492 3800 2562 Κύριος

2214 2586 2293 2656 τῷ
2327 2585 2517 2656 Κυρίῳ
2553 2603 2673 2655 μου·
2702 2584 2884 2637 Κάθου
2908 2587 2970 2637 ἐκ
2997 2583 3183 2648 δεξιῶν
3215 2602 3335 2655 μου’
3366 2605 3383 2635 ι
3416 2585 3506 2638 τὸν
3533 2586 3629 2655 μὲν
3661 2588 3798 2639 ἀνω-

2215 2676 2362 2728 τάτω
2413 2675 2544 2727 Θεὸν
2600 2675 2687 2728 διὰ
2738 2675 2831 2727 τοῦ
2869 2674 3086 2745 πρώτου
3134 2676 3361 2746 Κυρίου,
3398 2674 3490 2727 τὸν
3517 2675 3574 2727 δέ
3606 2676 3797 2730 τούτου

2214 2765 2463 2836 δεύτερον
2503 2765 2590 2818 διὰ
2640 2766 2737 2835 τῆς
2781 2764 3037 2834 δευτέρας
3078 2766 3363 2833 ἀποφήνας
3403 2765 3794 2836 προσηγορίας.

2215 2861 2333 2912 Τίνι
2365 2859 2473 2930 γὰρ
2511 2859 2654 2929 ἄλλῳ
2681 2858 2838 2929 Θέμις
2859 2860 3105 2912 ὑπονοεῖν
3139 2858 3206 2911 τὰ
3235 2858 3384 2924 δεξιὰ
3406 2858 3493 2911 διὰ
3513 2860 3611 2930 τῆς
3640 2861 3796 2927 ἀγεν-

2213 2951 2372 3021 νήτου
2404 2949 2665 3020 Θεότητος
2716 2950 3157 3021 παραχωρείσθαι
3192 2951 3223 3022 ἦ
3267 2951 3412 3022 μόνῳ
3440 2950 3517 3021 τῷ
3541 2946 3749 3029 περὶοῖξ
3771 2953 3798 2996 δ

2213 3041 2396 3109 λόγος;
2431 3042 2488 3095 ὃν
2516 3043 2544 3094 ὁ
2593 3043 2750 3105 αὐτὸς
2800 3044 3083 3113 προφήτης
3129 3044 3187 3095 ἐν
3240 3043 3445 3112 ἐτέροις
3477 3042 3795 3113 λευκότερον

2212 3134 2463 3202 διασαφεῖ
2502 3134 2674 3203 Λόγον
2719 3133 2814 3187 τοῦ
2856 3135 3087 3205 Πατρὸς,
3127 3134 3456 3207 δημιουργὸν
3510 3136 3616 3187 τῶν
3659 3135 3796 3189 ὅλων

2143 3240 2183 3293 Β
2213 3227 2580 3297 ὑφιστάμενος
2640 3223 2776 3280 εἷναι
2813 3227 2901 3279 τὸν
2932 3226 3368 3297 θεολογούμενον,
3402 3228 3460 3279 ἐν
3500 3222 3582 3290 οἷς
3622 3243 3787 3296 φησι·

2226 3337 2242 3367 ι
2270 3317 2359 3387 Τῷ
2398 3317 2554 3388 Λόγῳ
2585 3316 2787 3387 Κυρίου
2830 3319 2880 3369 οἱ
2912 3317 3128 3387 οὐρανοὶ
3162 3316 3591 3388 ἐστερεώθησαν.
3635 3338 3652 3369 ι
3688 3318 3797 3371 Καὶ

2214 3408 2442 3479 Σωτῆρα
2473 3407 2529 3459 δέ
2578 3408 2668 3460 τὸν
2708 3407 2868 3461 αὑτὸν
2898 3406 3007 3459 τῶν
3039 3406 3305 3476 δεομένων
3328 3408 3428 3475 τῆς
3468 3408 3596 3477 παρ’
3628 3409 3792 3461 αὐτοῦ

2214 3501 2504 3571 θεραπείας
2537 3499 2769 3567 εἰσάγει,
2819 3499 3021 3566 λέγων·
3065 3516 3083 3548 ι
3138 3498 3447 3551 Ἀπέστειλε
3485 3500 3575 3551 τὸν
3622 3500 3793 3567 Λόγον

2212 3592 2397 3655 αὑτοῦ,
2467 3591 2560 3643 καλ¹
2614 3591 2800 3642 ἰάσατο
2842 3587 3059 3650 αὐτούς.
3104 3606 3122 3639 ι
3160 3589 3269 3640 Καὶ
3298 3591 3326 3641 ὁ
3358 3589 3548 3641 τούτου
3574 3589 3630 3640 δέ
3663 3593 3792 3653 παῖς

2211 3683 2345 3752 ὁμοῦ
2402 3683 2495 3734 καὶ
2540 3679 2779 3749 διάδοχος
2810 3678 3082 3748 Σολομὼν,
3109 3678 3284 3751 ἐτέρῳ
3313 3683 3661 3752 προσρήματι
3693 3684 3792 3751 τὴν

2212 3772 2381 3840 αὐτὴν
2416 3769 2686 3838 παριστὰς
2720 3769 2977 3831 διάνοιαν,
3020 3770 3139 3821 ἀντὶ
3166 3771 3339 3833 Λόγου
3377 3772 3576 3838 Σοφίαν
3600 3772 3790 3838 εἰπὼν,

2210 3863 2336 3915 τάδε
2367 3863 2447 3925 ὡς
2465 3861 2525 3927 ἐξ
2553 3862 2723 3931 αὐτῆς
2753 3861 3041 3931 προσώπου
3078 3862 3328 3927 διέξεισιν
3347 3881 3359 3893 ·
3395 3883 3414 3916 ι
3469 3864 3608 3933 Ἐγὼ
3637 3868 3669 3935 ή
3698 3866 3794 3919 Σο-

2213 3955 2309 4022 φία
2363 3955 2754 4025 κατεσκήνωσα
2806 3954 3023 4024 βουλὴν,
3052 3955 3143 4007 καὶ
3187 3955 3410 4023 γνῶσιν,
3447 3956 3542 4010 καὶ
3585 3957 3793 4012 ἔννοιαν

2212 4045 2321 4114 ἐγὼ
2353 4045 2790 4116 ἐπεκαλεσὰμην.
2836 4065 2852 4097 ι
2886 4043 3000 4099 Εἶθ’
3050 4047 3177 4117 ἑξῆς
3222 4048 3500 4117 ἐπιλέγει·
3534 4068 3552 4100 ι
3590 4049 3794 4121 Κύριος

2211 4136 2389 4188 ἐκτισέ
2418 4152 2483 4205 με
2549 4136 2721 4206 ἀρχὴν
2760 4136 2894 4188 ὁδῶν
2941 4137 3105 4190 αὑτοῦ
3142 4140 3221 4200 είς
3270 4139 3408 4210 ἔργα
3441 4140 3626 4193 αὐτοῦ.
3681 4141 3793 4213 Πρὸ

2210 4226 2301 4279 τοῦ
2336 4226 2529 4289 αἰῶνος
2556 4227 2883 4296 ἐθεμελίωσέ
2919 4245 3005 4297 με,
3039 4230 3095 4279 ἐν
3128 4230 3268 4299 ἀρχῇ
3299 4230 3402 4298 πρὸ
3435 4230 3528 4282 τοῦ
3561 4232 3657 4303 τὴν
3689 4234 3792 4303 γῆν

2211 4319 2453 4389 ποιῆσαι,
2490 4318 2595 4389 πρὸ
2615 4319 2707 4371 τοῦ
2726 4319 2824 4390 ὅρη
2858 4320 3198 4389 ἑδρασθῆναι.
3220 4320 3333 4390 Πρὸ
3364 4320 3419 4373 δέ
3442 4322 3659 4375 πάντων
3683 4324 3791 4377 τῶν

2212 4408 2413 4477 βουνῶν
2446 4411 2607 4479 γεννᾷ
2636 4426 2721 4479 με.
2754 4409 2944 4462 Ἡνίκα
2976 4410 3237 4479 ήτοίμαξε
3264 4410 3353 4462 τὸν
3379 4411 3625 4482 οὐρανὸν,
3656 4430 3791 4482 συμ-

2211 4504 2473 4573 παρήμην
2503 4500 2670 4571 αὐτῷ.
2696 4520 2714 4551 ι
2748 4500 2853 4553 Τοῦ
2877 4501 2919 4553 δ’
2960 4500 3123 4554 αὐτοῦ
3167 4501 3326 4554 πάλιν
3368 4505 3461 4555 καὶ
3488 4504 3613 4557 τάδε
3637 4506 3783 4557 ἐστί·

534 4594 719 4650 culum
758 4592 1005 4648 fundavit
1031 4610 1139 4659 me,
1174 4595 1224 4648 in
1267 4595 1538 4664 principio
1568 4606 1862 4666 antequam
1907 4607 2103 4653 terram

2218 4614 2235 4643 ι
2281 4594 2337 4646 Ὀ
2360 4594 2491 4656 Θεὸς
2513 4595 2569 4645 ἐν
2592 4595 2656 4663 τῇ
2691 4593 2861 4663 Σοφίᾳ
2906 4592 3232 4662 ἐθεμελίωσε
3259 4594 3357 4663 τὴν
3396 4595 3499 4665 γῆν
3519 4636 3534 4661 ,
3562 4596 3788 4667 ἡτοίμα-

534 4684 761 4753 faceret,
780 4695 1073 4756 antequam
1101 4695 1313 4742 montes
1330 4688 1728 4742 constitissent.
1754 4689 1893 4743 Ante
1915 4705 2104 4745 omnes

535 4778 702 4832 colTes
745 4778 917 4847 gignit
952 4792 1057 4831 me.
1094 4776 1322 4843 Quando
1366 4779 1703 4847 praeparabat
1746 4781 1967 4845 cmlum,
2003 4783 2101 4835 ad-

531 4884 681 4922 eram
708 4867 891 4937 ipsi".
936 4886 956 4919 ι
998 4866 1254 4936 Ejusdem
1288 4882 1503 4937 quoque
1543 4875 1689 4936 sunt,
1716 4884 1837 4939 qua:
1862 4887 2100 4939 sequun-

535 4970 659 5024 tur,
713 4980 733 5011 ι
775 4960 917 5015 Deus
969 4960 1020 5013 in
1071 4957 1347 5029 Sapientia
1402 4958 1650 5015 fundavit
1688 4970 1911 5029 terram,
1960 4978 2099 5031 prae-

531 5053 741 5127 paravit
790 5052 956 5107 caalos
1008 5052 1062 5106 in
1118 5052 1447 5121 prudentia;
1512 5070 1531 5104 ι
1589 5061 1702 5108 tum
1759 5054 1920 5107 etiam
1972 5054 2095 5119 ista,

538 5163 560 5199 ι
598 5142 788 5200 Omnia
819 5144 1028 5198 occulta
1061 5154 1116 5198 et
1146 5154 1326 5214 aperta
1364 5144 1525 5198 novi:
1562 5144 1806 5199 omnium
1838 5145 1982 5197 enim
2019 5161 2102 5198 ar-

530 5232 662 5290 tifex
707 5232 892 5288 docuit
938 5247 1026 5288 me
1056 5233 1330 5304 Sapientia
1360 5234 1426 5288 ²¹.
1484 5252 1503 5286 ι
1558 5231 1769 5299 Quibus
1814 5235 2094 5302 sequentia

530 5327 786 5393 deinceps
828 5325 1110 5393 adjungit,
1156 5343 1175 5375 ι
1224 5324 1363 5390 Quid
1399 5331 1577 5379 autem
1606 5332 1692 5378 est
1730 5323 2004 5392 Sapientia
2042 5332 2096 5377 et

528 5417 807 5489 quomodo
833 5417 1015 5486 genita
1058 5416 1180 5472 est?
1208 5414 1322 5483 Ego
1356 5414 1594 5469 referam
1633 5423 1686 5469 et
1730 5428 1838 5467 non
1867 5427 2098 5469 abscon—

527 5506 653 5563 dam
702 5523 731 5561 a
766 5507 920 5562 vobis
965 5515 1329 5570 sacramenta,
1367 5507 1461 5561 sed
1498 5505 1566 5559 ab
1613 5504 1768 5559 initio
1796 5505 2099 5559 nativitatis

528 5599 866 5668 investigabo
895 5600 961 5654 ”.
1018 5618 1037 5652 ι
1091 5598 1293 5654 Deinde
1351 5613 1463 5652 rem
1517 5597 1797 5654 illustrans
1856 5597 2099 5662 uberius,

598 5716 638 5748 ¹¹
659 5714 789 5769 Deut
828 5716 1065 5779 xxxu,7.
1127 5717 1169 5748 "
1186 5714 1327 5768 Psal.
1352 5713 1584 5779 111,29.
1662 5713 1708 5745 "
1725 5713 1881 5768 Deut.
1909 5712 2098 5777 xnt,4.
2178 5710 2346 5766 “Jac.
2369 5712 2509 5772 tv.8.
2587 5710 2745 5765 "Job
2774 5727 2863 5775 xv,
2896 5710 3259 5771 5,sec.LXX.

983 5757 997 5781 ’
1025 5757 1076 5818 ἰδ
1102 5757 1584 5851 Ρειξιῖἶὲξιῖζὶςῗ”’
1600 5757 2031 5855 ηΡεΞιῖὶῖῖιζέὸῖ
2054 5757 2098 5768 ”

2211 5757 2578 5847 ιέοῖῖξῦἰιὶζιε.
2643 5757 2863 5837 “ibid:
2899 5757 3285 5861 ᾖξ”ὶῖἱῦἷᾶζ
3338 5757 3779 5855 ἰξεὶίὶἆίῖίξὶζ

528 5782 573 5820 "
589 5784 737 5845 Psal.
757 5801 865 5854 cu,
903 5788 953 5845 1.

2215 4704 2304 4739 σεν
2354 4686 2615 4758 οὐρανοὺς
2681 4687 2739 4737 ἐν
2786 4686 3063 4755 φρονήσει.
3113 4704 3131 4736 ι
3178 4687 3298 4738 Ἔτι
3337 4686 3393 4739 δὲ
3421 4688 3544 4741 τάδε
3572 4688 3786 4757 λέγεται

2212 4774 2454 4830 εἶναιτοῦ
2492 4773 2656 4828 αὑτοῦ
2682 4790 2695 4802 ο
2729 4792 2746 4823 ι
2782 4774 2892 4824 Καὶ
2920 4773 3020 4824 ὅσα
3056 4770 3173 4825 ἐστὶ
3206 4774 3423 4843 κρυπτὰ
3454 4776 3547 4827 καὶ
3568 4776 3787 4847 ἐμφανῆ

2210 4868 2378 4935 ἔγνων
2406 4884 2416 4894 ·
2444 4868 2476 4935 ἡ
2497 4866 2606 4935 γὰρ
2623 4863 2839 4916 πάντων
2861 4865 3094 4933 τεχνῖτις
3121 4862 3326 4927 ἐδίδαξέ
3347 4882 3414 4934 με
3434 4866 3621 4934 Σοφία.
3638 4884 3655 4915 ι
3675 4866 3784 4919 Εἶτ’

2208 4957 2446 5025 ἐπιλέγει
2470 4973 2483 4986 σ
2517 4976 2533 5006 ι
2577 4955 2640 5007 Τί
2663 4954 2707 5007 δ’
2734 4953 2852 5006 ἐστὶ
2874 4954 3063 5021 Σοφία,
3085 4955 3178 5008 καὶ
3203 4954 3318 5018 πῶς
3345 4957 3561 5024 ἐγένετο
3585 4974 3601 5022 ;
3644 4955 3786 5025 Ἐγὼ

2204 5046 2522 5115 ἀπαγγελῶ,
2557 5046 2650 5098 καὶ
2698 5045 2798 5096 οὐκ
2840 5043 3145 5113 ἀποκρύψω
3185 5045 3311 5113 ὑμῖν
3340 5046 3634 5117 μυστήρια,
3670 5045 3784 5101 ἀλλ’

2201 5139 2262 5205 ἐξ
2296 5142 2471 5209 ἀρχῆς
2508 5138 2774 5206 γενέσεως
2831 5135 3137 5205 ἐξιχνιάσω.
3173 5155 3190 5187 ι
3231 5138 3341 5189 Καὶ
3384 5139 3511 5207 ἑξῆς
3536 5138 3787 5207 διασαφεῖ

2196 5231 2266 5284 τὰ
2293 5230 2470 5284 τοιάδε
2493 5247 2506 5261 ·
2545 5251 2564 5282 ι
2600 5230 2754 5282 Ἔστι
2805 5228 2914 5299 γὰρ
2943 5227 3079 5298 αῦτη
3112 5228 3329 5299 πνεῦμα
3355 5232 3557 5301 νοερὸν,
3606 5231 3780 5300 ἆγιον,

2203 5320 2509 5392 μονογενὲς,
2566 5318 2892 5389 πολυμερὲς,
2948 5319 3160 5385 λεπτὸν,
3193 5319 3512 5390 εὐκίνητον,
3565 5321 3779 5392 τρανὸν,

2204 5411 2522 5482 ἀμόλυντον,
2576 5408 2999 5479 παντοδύναμον,
3060 5410 3486 5474 πανεπίσκοπον,
3549 5412 3646 5465 καὶ
3695 5412 3785 5467 διὰ

2204 5502 2421 5556 πάντων
2448 5499 2656 5572 χωροῦν
2690 5499 3013 5570 πνευμάτων
3036 5501 3256 5571 νοερῶν,
3287 5502 3562 5574 καθαρῶν,
3593 5504 3785 5560 λεπτο-

2200 5594 2398 5647 τάτων.
2468 5594 2654 5663 Πὰσης
2707 5592 2814 5664 γὰρ
2851 5594 3115 5664 κινήσεως
3155 5595 3573 5667 κινητικώτερον
3592 5597 3781 5666 Σοφία.

3337 5714 3381 5745 ’⁸
3401 5712 3536 5768 Gen.
3556 5714 3778 5781 111,24.
