4156 6412
400 361 507 418 885

1547 350 1866 411 ΡΒᾹΞΡΛΒ.
1905 346 2157 404 EVANG.
2200 343 2327 399 LIB.
2357 340 2449 399 X1.

3542 310 3649 372 836

396 485 583 556 Διήκει
607 482 665 536 δὲ
700 482 791 536 καὶ
823 485 993 553 χωρεῖ
1018 481 1108 537 διὰ
1127 482 1347 536 πάντων
1371 479 1459 534 διὰ
1479 478 1575 549 τὴν
1611 475 1975 547 καθαρότητα.

2146 469 2243 523 Est
2295 464 2463 527 enim,
2514 459 2721 530 inquit,
2774 456 2891 524 ipsa
2951 448 3188 523 Spiritus
3237 435 3679 513 intelligentiae,

2570 553 2580 556 -
2834 547 2847 556 ·
2879 546 2890 556 ·
2937 544 2948 556 ·
3164 537 3310 556 ινιειε-
3395 527 3616 556 “nun.

411 577 603 647 Ἀτμὶς
631 578 739 647 γάρ
774 578 889 627 ἐστι
913 576 1010 647 τῆς
1058 574 1152 628 τοῦ
1183 572 1318 626 Θεοῦ
1350 573 1650 643 δυνάμεως,
1690 570 1785 623 καὶ
1808 566 1979 636 ἀπόρ-

403 670 522 739 ροια
558 667 655 737 τῆς
699 665 792 719 τοῦ
831 666 1278 738 Παντοκράτορος
1327 664 1485 734 δόξης
1533 661 1849 731 εἰλικρινής.
1882 657 1981 710 Διὰ

400 757 557 811 τοῦτο
606 756 759 810 οὐδὲν
812 756 1218 828 μεμολυσμένον
1254 757 1335 819 εἰς
1374 753 1540 825 αὐτὴν
1580 750 1975 822 παρεμπίπτει.

413 846 779 918 Ἀπαύγασμα
828 847 939 920 γάρ
992 848 1107 900 ἐστι
1145 845 1320 916 φωτὸς
1349 844 1548 909 ἀϊδίου,
1582 842 1678 896 καὶ
1721 841 1980 909 ἔσοπτρον

401 939 732 1009 ἁκηλίδωτον
767 941 867 1011 τῆς
897 938 991 993 τοῦ
1037 939 1172 992 Θεοῦ
1217 936 1518 1007 ἐνεργείας,
1566 935 1661 989 καὶ
1702 932 1863 986 εἰκὼν
1886 929 1985 1000 τῆς

406 1031 739 1102 ἀγαθότητος
763 1030 946 1085 αὑτοῦ.
994 1051 1081 1081 ισ-
1099 1049 1117 1082 ‹
1153 1029 1414 1083 Διατείνει
1450 1027 1507 1080 δὲ
1530 1025 1636 1079 ἀπὸ
1658 1024 1891 1095 πέρατος
1909 1022 1988 1083 εἰς

2083 568 2334 623 sanctus,
2364 527 2701 625 unigenitus,
2738 544 3045 616 multiplex,
3096 537 3348 600 subtilis,
3395 527 3651 594 mobilis,

2085 652 2349 713 disertus,
2385 643 2856 714 incoinquinatus,
2886 648 3105 691 omnem
3138 630 3345 685 habens
3370 625 3651 687 virtutem,

2086 742 2272 798 omnia
2303 738 2661 810 prospiciens,
2699 746 2890 787 omnes
2935 737 3225 799 permeans
3270 718 3526 789 spiritus,
3569 712 3656 767 in-

2086 803 2411 901 telligibiles,
2432 803 2621 898 puros,
2643 822 2993 879 tenuissimos
3014 836 3026 871 :
3049 814 3207 886 533
3232 808 3489 873 omnibus
3508 803 3655 859 enim

2085 921 2382 978 mobilibus
2418 917 2673 973 mobilior
2699 923 2784 968 est
2819 907 3134 979 Sapientia:
3180 906 3430 972 penetrat
3474 904 3657 949 autem

2085 1032 2152 1072 ac
2188 1011 2431 1085 pervadit
2481 1009 2666 1064 omnia
2709 1012 2930 1075 propter
2960 1013 3116 1056 suam
3165 993 3509 1051 munditiam.
3552 984 3659 1040 Va-

405 1124 577 1196 πέρας
615 1123 923 1196 εὐρώστως,
950 1125 1042 1177 καὶ
1069 1123 1348 1175 διοικεῖται
1375 1120 1442 1173 τὰ
1464 1119 1640 1173 πάντα
1663 1085 1934 1188 χρῖηστῶς-
1963 1131 1982 1164 ³

2108 1122 2187 1160 ιον
2218 1104 2475 1161 est'enim
2517 1100 2735 1156 virtutis
2758 1096 2872 1158 Dei,
2908 1102 2962 1151 et
2991 1089 3269 1147 euitanatio
3299 1085 3548 1155 quaedam
3576 1091 3661 1135 est

2108 1194 2119 1196 ρ
2447 1194 2454 1196 -
2561 1192 2570 1196 -
2647 1190 2659 1196 -
2782 1188 2794 1196 .
3024 1181 3082 1196 η-
3130 1180 3180 1196 ..
3227 1193 3241 1196 ,
3295 1174 3423 1196 με...
3472 1168 3651 1196 ,ηηι

406 1168 591 1270 Ταῦτα
611 1168 708 1287 pe:
737 1217 769 1286 ἡ
801 1168 1014 1289 Γραῖφή.
1033 1215 1142 1286 Τὴν
1166 1213 1222 1267 δὲ
1250 1213 1335 1266 διὰ
1358 1168 1728 1281 τοῦ
1754 1168 1988 1259 διάνοιαν

2108 1194 2490 1265 )mnipotentis
2524 1190 2712 1263 glorias
2751 1188 2985 1244 sincera.
3024 1181 3091 1235 Et
3126 1180 3251 1235 ideo
3295 1174 3428 1230 nihil
3472 1168 3657 1241 inqui-

2345 1285 2356 1289 -
2636 1280 2648 1289 -
2829 1278 2861 1289 --
2936 1275 2970 1289 η
3066 1273 3145 1289 ιη
3203 1276 3277 1289 Δ.ι
3330 1266 3469 1289 -..ιω
3521 1260 3657 1289 τηατ.

403 1306 574 1360 Φίλων
608 1260 648 1361 ἕ
675 1260 1798 1379 Ἐέραῖοςτλευκότερον*ἑρμηνεύωντόνδε
1827 1293 1988 1366 παρί-

2108 1296 2286 1341 satum
2343 1285 2398 1339 in
2455 1260 2576 1338 eam
2636 1278 2888 1335 incurrit.
2932 1273 3147 1330 Candor
3197 1276 3282 1323 est
3326 1266 3471 1319 enim
3521 1260 3661 1316 lucis

2627 1373 2640 1379 ·
2811 1369 2822 1379 ·
3092 1363 3131 1379 1-
3179 1359 3270 1379 ἢ-2
3308 1353 3636 1379 -m---:c-a:-

610 1353 633 1361 ν
691 1353 920 1379 -ττη-ντ
955 1353 1256 1376 mum—rw
1302 1353 1491 1374 -ηρνν
1550 1353 1553 1354 ν
1908 1353 1919 1366 .

405 1411 565 1470 στησι
598 1398 686 1451 τὸν
706 1397 926 1469 τρόπον.

2108 1388 2331 1443 sternte,
2362 1384 2417 1432 et
2459 1373 2740 1446 speculum
2780 1369 2901 1425 sine
2929 1363 3143 1421 macula
3179 1359 3275 1414 Dei
3303 1353 3664 1419 efﬁcacitatis,

402 1495 461 1544 et
484 1445 664 1559 imago
707 1445 966 1543 bbuitatis
1001 1486 1145 1541 illius
1165 1485 1233 1539 “.
1270 1502 1289 1535 ι
1334 1515 1386 1523 -
1421 1499 1439 1533 ι
1467 1478 1694 1550 Attingit
1722 1483 1901 1531 autem
1937 1487 1967 1526 a
1996 1470 2100 1525 ﬁne
2139 1485 2312 1541 usque
2348 1467 2413 1524 ad
2454 1468 2616 1522 ﬁnem
2650 1462 2883 1524 fortiter,
2914 1468 2968 1513 et
2988 1454 3225 1525 disponit
3258 1451 3443 1507 omnia
3477 1445 3665 1501 suavi-

405 1587 491 1637 ter
517 1582 583 1634 ".
630 1601 649 1634 ι
700 1580 826 1637 Haec
879 1581 1181 1650 Scriptura.
1236 1576 1409 1648 Cujus
1454 1576 1674 1648 quidem
1731 1568 1992 1627 doctrinae
2030 1540 2251 1621 sensum
2310 1563 2470 1619 Philo
2526 1560 2785 1616 Hebraeus
2822 1566 3118 1625 exponens,
3178 1547 3380 1604 clarius
3423 1544 3568 1598 hunc
3608 1540 3665 1595 in

410 1679 634 1733 modum
669 1679 1051 1749 illustriusque
1087 1684 1458 1750 repraesentat.

924 1735 1320 1827 ιξΕΦΑΑλιοΝ
1365 1772 1467 1824 IE'.

2683 1738 2912 1800 CAPUT
2955 1735 3077 1793 XV.

648 1867 914 1932 Φίλωνος
942 1866 1077 1935 περί
1102 1866 1207 1920 τοῦ
1236 1862 1519 1932 δευτέρου
1544 1862 1755 1916 αἰτίου.

486 1976 506 2008 ι
535 1957 818 2030 Εύπρεπὲς
836 1957 943 2028 (76)
970 1958 1077 2030 γὰρ
1102 1960 1214 2021 τοῖς
1246 1956 1490 2028 ἑταιρίαν
1517 1953 1651 2023 πρὸς
1680 1949 1991 2019 ἐπιστήμην

411 2048 658 2120 θεμένοις
689 2048 933 2119 ἐφίεσθαι
969 2049 1068 2120 μὲν
1101 2047 1194 2101 τοῦ
1229 2047 1291 2100 τὸ
1337 2045 1396 2100 ὃν
1433 2046 1587 2099 ἰδεῖν·
1625 2045 1673 2096 εἰ
1713 2041 1768 2095 δὲ
1800 2040 1872 2111 μὴ
1903 2037 1992 2091 δύ-

409 2158 610 2205 ναιντο,
634 2141 731 2212 τὴν
764 2139 895 2210 γοῦν
923 2140 1109 2194 εἰκόνα
1140 2138 1305 2192 αὐτοῦ
1325 2138 1417 2191 τὸν
1447 2135 1735 2208 ἱερώτατον
1764 2131 1986 2200 Λόγον.»

424 2232 513 2283 Ἑν
546 2229 623 2301 τῷ
652 2230 696 2282 δ’
726 2230 873 2302 αὐτῷ
925 2230 1311 2303 συγγράμματι
1340 2228 1434 2283 καὶ
1460 2226 1585 2280 τάδε
1615 2224 1781 2296 φησί·
1817 2241 1835 2274 ι
1875 2220 1992 2274 Κᾶν

414 2322 641 2392 μηδέπω
707 2321 887 2391 μέντοι
944 2322 1182 2391 τυγχάνῃ
1230 2337 1315 2384 τις
1367 2319 1661 2390 ἀξιόχρεως
1700 2314 1812 2377 υἱὸς
1857 2309 1992 2366 Θεοῦ

410 2415 938 2488 προσαγορεύεσθαι,
987 2413 1338 2479 σπουδαζέτω
1371 2411 1693 2483 κοσμεῖσθαι
1734 2406 1873 2462 κατὰ
1903 2405 1995 2459 τὸν

413 2508 754 2581 πρωτόγονον
788 2505 950 2560 αὑτοῦ
985 2507 1176 2575 Λόγον,
1214 2506 1306 2559 τὸν
1338 2503 1581 2573 ἀγγέλων
1604 2498 1992 2572 πρεσϐύτατον,

413 2599 509 2654 καὶ
534 2598 607 2662 ὡς
636 2597 704 2652 ἂν
756 2596 1090 2669 ἀρχάγγελον
1136 2595 1486 2665 πολυώνυμον
1520 2591 1850 2663 ὑπάρχοντα.
1886 2588 1995 2640 Καὶ

415 2691 526 2764 γὰρ
585 2690 746 2762 ἀρχὴ,
779 2690 874 2743 καὶ
904 2689 1071 2760 ὄνομα
1086 2688 1243 2753 Θεοῦ,
1266 2688 1360 2742 καὶ
1378 2686 1570 2755 Λόγος,
1602 2684 1697 2737 καὶ
1720 2683 1750 2735 ὁ
1776 2683 1893 2735 κατ’
1923 2681 1998 2732 εἰ-

415 2784 547 2839 κόνα
586 2782 887 2853 ἄνθρωπος,
920 2782 1014 2836 καὶ
1043 2783 1071 2835 ὁ
1093 2779 1483 2853 ὁρῶνίσραὴλ,
1512 2773 1995 2845 προσαγορεύεται.

425 2875 509 2930 Διὸ
540 2872 820 2946 προήχθην
853 2872 1018 2943 ὀλίγῳ
1062 2873 1323 2944 πρότερον
1363 2869 1644 2925 ἐπαινέσαι
1669 2868 1767 2932 τὰς
1800 2864 1999 2939 ἀρετὰς

419 2968 527 3022 τῶν
554 2966 869 3036 φασκόντων
900 2967 983 3020 ὅτι
1014 2966 1210 3028 πάντες
1233 2964 1398 3034 ἐσμὲν
1421 2947 1528 3016 υἰοῖ
1548 2961 1666 3024 ἐνὸς
1686 2958 1996 3031 ἀνθρώπου.

421 3061 531 3115 Καὶ
555 3061 664 3132 γὰρ
684 3060 732 3112 εἰ
777 3058 943 3130 μήπω
987 3057 1162 3111 ἱκανοὶ
1184 3056 1316 3109 Θεοῦ
1342 3055 1529 3118 παῖδες
1567 3050 1883 3124 νομίζεσθαι
1909 3066 2001 3117 γε-

2372 1840 2449 1897 De
2483 1837 2710 1896 secundo
2744 1833 3032 1906 principio,
3066 1843 3133 1884 ex
3162 1824 3400 1881 Philone.

2121 2008 2138 2026 ,
2173 1977 2192 2010 ι
2226 1956 2393 2014 Decet
2420 1956 2590 2023 enim,
2621 1952 2820 2023 inquit,
2860 1964 2988 2014 eos,
3031 1945 3124 2017 qui
3160 1957 3284 1999 cum
3314 1938 3542 1996 scientia
3580 1945 3672 1988 so-

2098 2051 2347 2106 cietatem
2388 2049 2633 2104 inierunt
2670 2045 2792 2116 ejus
2824 2041 2971 2114 quod
3017 2048 3121 2105 est,
3154 2032 3374 2091 vivendi
3403 2029 3672 2086 desiderio

2101 2143 2274 2199 teneri
2301 2160 2316 2210 ;
2358 2149 2473 2209 aut,
2522 2140 2568 2197 si
2599 2140 2782 2195 minus
2829 2136 2882 2191 id
2911 2131 3146 2204 possint,
3171 2126 3290 2198 ejus
3316 2124 3507 2181 saltem
3538 2121 3675 2175 ima-

2100 2235 2263 2306 ginis,
2304 2235 2410 2290 hoc
2454 2240 2540 2289 est
2577 2227 2935 2287 sacratissimi
2982 2223 3167 2280 Verbi.
3218 2242 3238 2276 i
3287 2218 3443 2306 Quod
3483 2215 3675 2272 eodem

2100 2298 2261 2392 libro,
2315 2327 2435 2382 haec
2493 2325 2679 2385 etiam,
2734 2336 2859 2393 quae.
2904 2326 3226 2390 sequuntur,
3263 2298 3470 2369 habet:
3526 2327 3545 2361 ι
3603 2305 3677 2363 Ut

2102 2420 2234 2491 quis
2269 2418 2456 2474 minus
2483 2416 2663 2471 adhuc
2688 2413 2813 2469 Filii
2834 2412 2929 2467 Dei
2948 2409 3307 2482 appellatione
3332 2404 3528 2473 dignus
3555 2399 3676 2491 fue—

2103 2490 2191 2578 rit,
2226 2526 2285 2569 se
2329 2510 2507 2581 ipsum
2556 2516 2741 2563 tamen
2772 2506 2839 2561 ad
2872 2502 3296 2574 primogenitum
3345 2495 3492 2550 illius
3541 2490 3680 2547 Ver-

2103 2607 2256 2669 bum,
2293 2604 2389 2674 qui
2431 2602 2751 2672 angelorum
2789 2596 3231 2668 antiquissimus,
3279 2606 3345 2647 ac
3386 2588 3550 2644 veluti
3585 2601 3678 2641 ar—

2103 2695 2405 2767 changelus
2446 2692 2704 2764 plurimis
2751 2689 3071 2745 nominibus
3110 2683 3343 2755 insignis
3389 2690 3493 2745 est,
3541 2691 3679 2733 con-

2105 2787 2343 2843 formare
2382 2794 2633 2841 conetur.
2671 2781 2885 2837 Etenim
2923 2777 3274 2850 principium,
3316 2772 3411 2827 Dei
3443 2768 3677 2834 Nomen,

2104 2878 2377 2946 Verbum,
2420 2875 2598 2931 Homo
2656 2872 2957 2930 secundum
3012 2869 3340 2939 imaginem,
3390 2870 3446 2919 et
3492 2859 3681 2921 videns

2106 2970 2271 3026 Israel
2321 2969 2645 3039 appellatur.
2707 2965 2895 3036 Itaque
2975 2962 3044 3017 ad
3087 2957 3443 3019 celebrandas
3487 2967 3680 3009 eorum

2106 3061 2335 3115 virtutes
2364 3058 2529 3130 paulo
2557 3064 2685 3113 ante
2723 3060 3007 3126 permotus
3037 3066 3182 3114 sum,
3228 3048 3322 3120 qui
3355 3060 3458 3101 nos
3489 3056 3681 3098 omnes

423 3131 681 3223 γόναμεν,
713 3151 849 3205 ἀλλά
891 3167 973 3203 τοι
1017 3149 1117 3218 τῆς
1142 3146 1353 3212 ἀειδοῦς
1395 3148 1602 3211 εἰκόνος
1631 3143 1795 3198 αὐτοῦ
1829 3143 2002 3212 Λόγου

2108 3149 2348 3207 hominis
2399 3149 2563 3203 unius
2613 3147 2756 3202 ﬁlios
2804 3160 2929 3201 esse
2979 3144 3190 3199 dicunt.
3252 3136 3389 3192 Nam
3438 3143 3500 3191 ut
3547 3147 3685 3188 non-

421 3245 515 3299 τοῦ
550 3245 843 3317 ἱερωτάτου
864 3260 878 3274 ·
934 3240 1070 3296 Θεοῦ
1117 3241 1225 3314 γὰρ
1257 3239 1421 3295 εἰκὼν
1454 3239 1672 3307 Λόγοςὸ
1698 3235 2005 3308 πρεσϐύτα-

426 3345 537 3391 τος.
572 3350 591 3379 ι
640 3331 749 3382 Καὶ
794 3330 952 3382 πάλιν
1000 3328 1270 3394 ἐπιλέγει·
1326 3346 1343 3377 ι
1386 3328 1629 3381 ’Ἤκουσα
1671 3327 1851 3398 μέντοι
1901 3325 1996 3379 καὶ

430 3417 538 3470 τῶν
570 3420 812 3481 Μωσέως
844 3417 1072 3488 ἑταίρων
1110 3416 1253 3477 τινὸς
1291 3416 1772 3487 ἀποφθεγξαμένου
1797 3414 1994 3468 τοιόνδε

427 3510 605 3577 λόγιον
628 3526 641 3539 ·
683 3510 816 3564 Ἰδοὺ
856 3507 1137 3579 ἄνθρωπος
1176 3500 1220 3573 ᾦ
1262 3507 1431 3578 ὄνομα
1479 3505 1755 3577 Ἀνατολή.
1795 3508 1997 3559 Καινο-

424 3606 560 3677 τάτη
595 3605 913 3679 πρόσρησις,
943 3604 1040 3658 ὲάν
1086 3620 1148 3672 γε
1181 3603 1270 3655 τὸν
1301 3602 1365 3654 ὲκ
1415 3600 1664 3671 σώματος
1697 3599 1791 3653 καὶ
1828 3598 2007 3668 ψυχῆς

427 3697 737 3753 συνεστῶτα
779 3696 1032 3765 λέγεσθαι
1076 3693 1333 3765 νομίσῃς’
1371 3690 1467 3744 ἐὰν
1506 3690 1563 3742 δὲ
1594 3690 1684 3743 τὸν
1720 3687 2006 3760 ἀσώματον

429 3790 634 3842 ἐκεῖνον
663 3787 813 3842 θείαν
850 3787 994 3841 ἰδέαν
1039 3783 1328 3856 φοροῦντα,
1389 3780 1588 3863 ίκανῶς
1631 3779 2005 3850 ὁμολογήσεις,

429 3883 510 3937 ὅτι
558 3879 993 3935 εὐθυϐολώτατον
1032 3878 1202 3948 ὄνομα
1254 3873 1603 3945 ὲπεφημίσθη
1642 3872 1703 3926 τὸ
1758 3871 2007 3943 ΔΑνατολὴ

431 3973 597 4045 αὐτῷ.
625 3972 825 4027 Τοῦτον
860 3972 956 4043 μὲν
990 3970 1096 4042 γὰρ
1129 3967 1502 4040 πρεσϐύτατον
1530 3966 1657 4019 Υίὸν
1679 3967 1707 4018 ὁ
1739 3964 1846 4021 τῶν
1874 3965 2009 4018 ὅλων

433 4066 671 4123 ἀνέτειλε
714 4064 924 4135 Πατὴρ,
960 4062 1018 4116 ὃν
1066 4060 1291 4132 ἑτέρωθι
1342 4058 1693 4131 Πρωτόγονον
1738 4056 2005 4127 ὠνόμασε.

431 4161 542 4217 Καὶ
573 4160 602 4211 ὁ
633 4157 915 4228 γεννηθεὶς
947 4154 1148 4227 μέντοι,
1191 4150 1525 4223 μιμούμενος
1552 4149 1649 4214 τὰς
1672 4147 1767 4202 τοῦ
1800 4148 2011 4219 Πατρὸς

431 4251 603 4315 ὀδοὺς,
615 4250 747 4321 πρὸς
763 4267 839 4302 πα
846 4248 1177 4321 ραδείνματα
1188 4243 1466 4316 ἀρχέτυπα
1478 4242 1547 4296 τὰ
1559 4242 1764 4296 ἐκείνου
1778 4241 2010 4313 βλέπων,

433 4343 675 4414 ὲμόρφου
698 4342 766 4396 τὰ
799 4340 935 4411 εἴδη.
975 4363 993 4391 ι
1029 4335 1216 4391 Ταῦτά
1244 4352 1333 4407 μοι
1366 4334 1475 4389 ἀπὸ
1500 4333 1595 4388 τοῦ
1642 4334 1891 4405 Ἐϐραίου
1919 4333 2013 4385 Φί-

432 4434 600 4498 λωνος
633 4432 866 4488 ἐνταῦθα
902 4430 1124 4507 κείσθω,
1162 4426 1437 4498 ληφθέντα
1466 4429 1529 4479 ὲκ
1563 4426 2011 4498 συγγράμματος,

435 4517 482 4594 ᾧ
531 4525 770 4579 τέθειται
823 4520 1124 4593 ἐπιγραφὴ,
1187 4519 1325 4587 Περί
1360 4516 1470 4571 τοῦ
1511 4518 1578 4571 τὸ
1620 4517 1816 4586 χεῖρον
1858 4516 2018 4582 αὐτῷ

438 4617 730 4685 κρείττονι
760 4613 870 4685 (77)
906 4611 1106 4682 φιλεῖν
1132 4611 1522 4664 ἐπιτίθεσθαι.
1550 4607 1686 4679 Ἤδη
1710 4606 1769 4660 δέ
1805 4623 1893 4676 μοι
1928 4606 2022 4659 καὶ

437 4704 625 4758 ἄλλοτε
677 4703 745 4757 τὰ
788 4704 887 4773 τῆς
950 4701 1060 4755 τῶν
1106 4699 1352 4753 παλαιῶν
1422 4697 1689 4770 Ἑϐραίων
1745 4696 2024 4759 εὐσεϐείας

436 4797 679 4868 δόγματα
707 4793 1071 4867 παραθεμένῳ
1098 4795 1154 4847 ὲν
1176 4794 1286 4855 τοῖς
1315 4791 1410 4862 τῆς
1436 4788 1847 4860 Εὐαγγελικῆς
1874 4792 2023 4857 Προ-

441 4886 851 4956 παρασκευῆς,
878 4885 1065 4939 καὶτὰ
1098 4883 1224 4955 περὶ
1263 4881 1357 4935 τοῦ
1405 4880 1658 4951 δευτέρου
1692 4878 1862 4933 αἰτίου
1892 4878 2026 4931 διεί-

440 4979 639 5053 ληπται
696 4978 1007 5050 αὐτάρκως,
1059 4978 1142 5047 ἐφ’
1196 4975 1231 5030 ἃ.
1284 4976 1378 5028 καὶ
1412 4971 1508 5027 νῦν
1550 4973 1675 5036 τοὺς
1704 4970 2022 5042 φιλομαθεῖς

2109 3243 2238 3296 dum
2269 3239 2447 3296 idonei
2487 3239 2697 3305 simus,
2743 3237 2836 3308 qui
2882 3250 2984 3307 pro
3012 3232 3110 3290 Dei
3143 3229 3329 3287 liberis
3360 3226 3683 3286 babeamur,

2111 3334 2232 3403 ejus
2260 3330 2481 3402 quidem
2528 3327 2784 3400 imaginis
2826 3341 3048 3382 sensum
3083 3335 3300 3378 omnem
3346 3313 3683 3388 superantis,

2110 3422 2296 3491 Verbi,
2343 3422 2608 3492 inquam,
2656 3416 3016 3475 sacratissimi
3044 3429 3166 3472 esse
3220 3425 3540 3484 possumus.
3587 3406 3684 3461 Dei

2111 3514 2257 3570 enim
2309 3513 2491 3585 imago
2548 3509 2786 3566 Verbum
2852 3508 2957 3562 hoc
3010 3502 3456 3575 antiquissimum
3503 3505 3604 3552 est.
3660 3512 3683 3548 ι

2113 3600 2253 3662 Tum
2282 3606 2387 3661 ista
2411 3603 2728 3674 subiungit:
2767 3619 2786 3653 ι
2821 3598 2965 3666 Quin
2992 3598 3157 3653 etiam
3193 3596 3261 3651 ab
3297 3592 3450 3650 socio
3481 3589 3689 3661 Moysis

2114 3699 2300 3769 aliquo
2341 3694 2617 3769 ejusmodi
2650 3692 3063 3766 pronuntiatum
3106 3701 3229 3744 esse
3259 3683 3545 3741 oraculum
3581 3696 3683 3735 au-

2114 3793 2351 3849 divimus
2390 3811 2407 3849 -.
2459 3789 2601 3845 Ecce
2624 3788 2812 3851 homo,
2846 3785 2934 3842 cui
2965 3796 3167 3838 nomen
3202 3776 3395 3834 Oriens
3452 3772 3525 3831 '°.
3580 3771 3690 3828 No-

2114 3902 2243 3940 vum
2276 3882 2522 3956 profecto
2555 3894 2780 3945 nomen,
2829 3877 2877 3934 si
2916 3876 3157 3946 aliquem
3191 3887 3259 3929 ex
3287 3881 3519 3940 corpore
3564 3864 3690 3920 ani-

2117 3990 2318 4044 moque
2361 3970 2659 4028 conﬂatum
2713 3966 3004 4037 intelligas.
3058 3962 3155 4018 Sin
3207 3969 3389 4019 autem
3433 3957 3691 4026 incorpo-

2118 4082 2271 4120 reum
2303 4065 2456 4119 illum
2480 4077 2545 4117 ac
2570 4059 2814 4115 divinum
2841 4055 3122 4125 exemplar
3144 4051 3407 4108 ferentem
3433 4044 3693 4117 accipias,

2119 4165 2235 4211 tum
2269 4154 2570 4218 enimvero,
2601 4145 3181 4204 convenientissimum
3217 4143 3323 4197 hoc
3354 4139 3459 4210 ipsi
3501 4136 3694 4192 Orien-

2119 4247 2190 4302 tis
2219 4260 2416 4300 nomen
2459 4240 2775 4310 impositum
2822 4251 2965 4301 esse,
2999 4234 3158 4289 facile
3196 4230 3490 4288 admodum
3521 4228 3697 4283 liben-

2120 4346 2307 4405 terque
2365 4331 2642 4388 fateberis.
2694 4328 2831 4382 Eum
2880 4325 3078 4397 quippe
3124 4320 3324 4377 Filium
3372 4318 3696 4389 antiquissi-

2122 4441 2271 4480 mum
2302 4422 2470 4479 edidit
2497 4420 2738 4477 universi
2769 4417 2999 4482 Parens,
3029 4429 3191 4486 quem
3226 4412 3390 4469 etiam
3424 4410 3553 4467 alibi
3581 4407 3698 4464 Pri-

2122 4516 2456 4586 m0genitum
2503 4514 2814 4584 appellavit.
2862 4509 3144 4567 lsautem
3177 4522 3244 4562 ex
3288 4503 3403 4560 Deo
3444 4502 3696 4574 genitus,

2123 4605 2285 4678 53h.
2335 4606 2390 4661 in
2441 4605 2732 4674 archetypa
2776 4602 2922 4657 illius
2970 4595 3305 4668 exemplaria
3352 4591 3699 4663 respiciendo

2123 4698 2395 4754 formavit.
2436 4716 2455 4749 ›
2492 4694 2764 4751 Hactenus
2794 4708 2859 4749 ex
2902 4692 2999 4747 illo
3042 4689 3256 4755 Hebraei
3284 4684 3534 4742 Philonis
3563 4696 3697 4752 epe-

2123 4804 2217 4854 re,
2247 4787 2406 4857 cujus
2432 4785 2522 4840 hic
2558 4784 2750 4840 titulus
2790 4790 2907 4838 est:
2951 4779 3201 4835 Deterius
3231 4773 3535 4848 perfectiori
3564 4786 3696 4827 sem-

2122 4896 2214 4948 per
2255 4879 2510 4949 infestum
2552 4893 2684 4932 esse.
2719 4872 2922 4930 Verum
2963 4886 3088 4927 cum
3129 4869 3243 4941 jam
3282 4865 3411 4922 alibi
3449 4871 3695 4920 veterum

2132 4972 2487 5026 Hebraeorum
2519 4968 2771 5038 dogmata
2807 4966 3065 5036 pietatem
3092 4960 3522 5032 religionemque
3549 4968 3702 5009 com-

438 5044 768 5141 ἀναπέμψω.
807 5044 1217 5122 Ἰξοσούτωννοῦν
1260 5066 1391 5138 παρ’
1424 5063 1717 5136 Ἑϐραίοις,
1748 5063 1842 5117 καὶ
1872 5062 2002 5115 τόνδε

2130 5063 2288 5133 plexa
2318 5060 2659 5132 protulerim,
2680 5067 2796 5114 tum
2820 5069 2950 5110 vero
2974 5067 3096 5125 qum
3120 5049 3420 5106 secundum
3445 5047 3511 5101 ad
3540 5044 3693 5115 prin-

438 5164 530 5218 τὸν
559 5135 757 5236 τρόπον
791 5163 920 5235 περὶ
943 5162 1036 5217 τοῦ
1064 5161 1314 5232 δευτέρου
1345 5135 1453 5212 τῶν
1481 5135 1618 5211 ὅλων
1649 5156 1823 5209 αἰτίου
1843 5155 2002 5208 τεθεο

2127 5154 2330 5223 cipium
2363 5152 2655 5223 pertinent,
2688 5150 2792 5203 hoc
2835 5147 2891 5200 in
2914 5141 3246 5213 Evangelia:
3284 5135 3701 5205 Prwparationis

438 5225 778 5328 λογημένων,
832 5225 1021 5327 καιρὸς
1064 5254 1165 5325 ἤδη
1213 5225 1307 5306 καὶ
1361 5250 1456 5303 τοῦ
1510 5248 1796 5311 Πλάτωνος
1839 5249 1897 5301 ὲν
1944 5248 2002 5317 τῖε

2130 5260 2315 5315 opere,
2352 5244 2488 5300 satis
2513 5241 2612 5297 abs
2643 5255 2730 5294 me
2758 5252 2859 5308 pro
2885 5235 3138 5290 instituto
3167 5229 3388 5301 quidem
3426 5241 3550 5283 meo
3586 5225 3698 5281 dis-

454 5319 798 5419 ’έπιρενίδῃ
822 5319 939 5417 (78j
958 5319 1098 5400 τάδε.
1114 5319 1362 5414 λέγοντος
1401 5339 1723 5395 ἐπακοῦσαι.

2131 5346 2323 5409 putata
2379 5343 2529 5404 sunt,
2574 5332 2643 5388 ad
2681 5344 2804 5402 quae
2845 5326 3073 5399 proinde
3115 5337 3261 5378 nunc
3300 5321 3381 5391 rei
3426 5319 3706 5377 studiosos

510 5484 562 5520 ’⁵
593 5485 725 5555 Sap.
759 5500 857 5554 vn,
894 5484 987 5541 22.
1061 5483 1107 5515 ’⁸
1131 5481 1258 5553 Sap.
1292 5497 1413 5548 vm,
1452 5479 1506 5535 1.
1581 5478 1628 5509 ³⁸
1649 5476 1815 5532 Zaeh.
1855 5491 1929 5541 γι,
1970 5476 2058 5532 l2.

518 5597 631 5667 (76)
656 5594 1013 5667 iEdzpméc.
1049 5592 1307 5667 Dandum
1351 5590 1591 5667 occurrit
1628 5588 1728 5667 hic
1776 5586 2023 5667 Philonis

446 5657 626 5724 locus.
648 5657 939 5720 Proﬁt'etur
968 5657 1187 5734 quidem
1222 5661 1491 5734 Eusebius
1523 5659 1736 5734 pagina
1761 5657 2026 5734 seq._ha:c

448 5737 589 5808 apud
625 5736 909 5808 Philonem
949 5726 1259 5808 haberi,_eo
1290 5732 1345 5808 in
1377 5731 1472 5782 lih.
1500 5726 1853 5808 enititulum?
1880 5726 2027 5808 fece-

448 5797 538 5876 rit,
570 5807 709 5877 Περί
746 5805 852 5860 τοῦ
874 5803 1077 5875 χεῖρον
1107 5802 1187 5869 τῷ
1213 5800 1503 5869 κρείττονι
1544 5797 1742 5867 φιλεῖν
1772 5797 2028 5851 ἐπιτιθε-

2129 5591 2291 5643 σθαι.
2338 5582 2443 5649 Qui
2493 5580 2627 5633 liher
2676 5576 2971 5631 etiamnum
3026 5578 3243 5649 exstat,
3294 5580 3473 5637 neque
3524 5574 3709 5621 tamen

2140 5657 2284 5711 hanc
2312 5648 2432 5721 ejus
2457 5650 2756 5721 orationem
2781 5648 3160 5721 represent-at.

2207 5706 2323 5787 (ᾖ)
2341 5706 2531 5783 Ἀὖτῷ
2556 5716 2737 5785 κρείτ.
2781 5706 3001 5787 Repone
3028 5709 3106 5787 τῷ
3128 5706 3335 5779 κρείττ.

2204 5779 2221 5848 ί
2230 5779 2318 5849 ’18ἱ
2365 5792 2466 5847 Ἐν
2500 5779 2605 5852 τᾶὶ
2627 5779 2996 5847 Ἐπιμενίδῃ.
3031 5779 3108 5836 Ita
3133 5792 3344 5836 omnes.
3370 5789 3472 5832 nec
3495 5781 3710 5831 mutare
