4156 6406
537 327 644 385 887

1210 324 1473 382 EUSEBII
1511 326 1992 383 CASSARIENSIS
2029 326 2080 384 Oi

2211 326 2391 382 PARS
2427 325 2490 382 ll.
2506 355 2577 368 -
2607 321 3099 380 APOLOGETICA.

3668 314 3768 369 888

534 443 830 497 remittam.
877 441 1014 497 Cum
1050 442 1215 513 igitur
1282 442 1548 513 ejusmodi
1620 445 1759 513 apud
1810 443 2063 501 Hebraeos
2103 446 2170 500 de
2207 461 2447 501 secundo
2507 461 2693 501 rerum
2739 444 3117 500 universarum
3163 437 3435 510 principio
3485 434 3772 509 theologia

531 531 674 586 ratio
704 531 886 599 tuerit,
915 540 1126 601 tempus
1154 532 1266 601 jam
1294 541 1400 598 est,
1441 533 1520 586 uti
1560 531 1840 589 Platonem
1876 535 1929 589 in
1966 535 2269 604 Epimenide
2304 536 2375 589 ita
2421 536 2775 592 disserentem
2807 534 3112 589 audiamus.

1102 624 1331 680 CAPUT
1390 625 1532 681 XVI.

804 714 880 770 De
910 719 1139 770 secundo
1167 718 1454 787 principio,
1484 734 1549 772 ea:
1579 718 1822 774 Platone.

611 823 629 856 ι
668 805 733 858 Et
762 805 1020 868 honores,
1068 807 1265 877 inquit,
1305 808 1625 875 habeamus,
1675 811 1755 866 sic
1796 819 1997 877 tamen,
2036 818 2094 865 ut

533 909 645 949 non
681 894 792 963 jam
834 910 1036 949 annum
1081 896 1257 960 alteri,
1295 898 1448 953 alteri
1492 914 1765 963 mensem,
1816 899 1931 954 dies
1972 900 2093 955 aliis

531 986 859 1051 tribuamus,
896 996 991 1040 aut
1040 987 1209 1041 ullum
1249 989 1473 1042 omnino
1511 999 1745 1059 tempus,
1791 1005 1901 1061 quo
1937 1007 2091 1046 suam

530 1076 760 1145 quilibet
804 1078 1220 1133 conversionem
1264 1080 1543 1146 absolvat,
1587 1082 1716 1135 dum
1765 1083 1832 1137 ad
1882 1084 2091 1150 mundi,

529 1181 691 1236 quem
739 1166 979 1223 Verbum
1032 1171 1275 1224 omnium
1313 1171 1471 1242 longe
1518 1172 1918 1228 divinissimum
1963 1191 2093 1230 con-

528 1256 803 1324 formavit,
849 1259 1234 1327 perfectionem
1269 1261 1385 1331 ipse
1431 1264 1725 1318 concurrit.
1769 1263 1922 1329 Quod
1970 1266 2092 1334 qui-

531 1348 655 1402 dem
684 1346 945 1414 Verbum,
979 1351 1227 1419 quisquis
1270 1352 1459 1407 beatus
1501 1362 1604 1419 est,
1649 1355 1884 1423 primum
1917 1356 2091 1409 admi-

531 1440 664 1505 rari,
716 1447 830 1494 tum
874 1441 1140 1510 ejusdem,
1177 1453 1447 1512 quatenus
1496 1445 1709 1499 mortali
1754 1453 1961 1501 natura:
2010 1446 2090 1502 fas

526 1541 629 1596 est,
671 1533 1032 1603 cognoscendi
1074 1550 1256 1589 amore
1310 1550 1373 1589 ac
1417 1536 1598 1591 studio
1646 1537 1814 1591 teneri
1867 1538 2021 1592 solet.
2065 1558 2085 1590 ι

529 1621 672 1677 Idem
708 1624 764 1677 in
812 1637 899 1688 ea,
937 1640 1103 1693 quam
1136 1625 1202 1679 ad
1248 1623 1542 1692 Hermiam,
1596 1626 1867 1692 Erastum,
1900 1637 1954 1683 et
1984 1628 2092 1684 Co-

530 1713 734 1767 riscum
766 1714 957 1768 scribit
980 1715 1231 1785 epistola,
1272 1717 1539 1787 dogmatis
1570 1717 1733 1787 hujus
1764 1719 2086 1774 sententiam

526 1805 824 1871 prudenter
871 1805 1163 1860 admodum
1205 1806 1452 1875 inseruit,
1501 1808 1586 1863 his
1625 1808 1835 1864 verbis:
1895 1828 1915 1861 ς
1962 1810 2088 1881 Epi-

525 1894 722 1947 stolam
756 1894 901 1949 hanc
942 1910 973 1949 a
1006 1896 1161 1951 vobis
1207 1898 1402 1961 tribus,
1449 1899 1644 1968 inquit,
1687 1899 1849 1954 simul
1896 1915 2090 1955 conve-

2123 635 2171 691 Α

2707 627 3099 683 ΚΕΦΑΑΑΙΟΝ
3127 626 3246 692 ις’.

2413 720 2731 785 Πλάτωνος
2754 719 2886 785 περὶ
2910 717 3015 770 τοῦ
3035 716 3314 783 δευτέρου
3336 716 3546 769 αἰτίου.

2272 829 2291 861 ι
2331 812 2439 865 Καὶ
2461 812 2625 882 τιμὰς
2648 810 2982 880 ἀποδιδῶμεν
3008 807 3120 879 (79)
3159 807 3233 879 μὴ
3261 806 3338 877 τῷ
3372 806 3467 878 μὲν
3501 805 3761 870 ἐνιαυτὸν,

2193 902 2270 974 τῷ
2300 903 2355 956 δὲ
2386 903 2551 973 μῆνα,
2611 904 2721 963 τοῖς
2762 900 2817 952 δὲ
2848 911 2896 963 ι,
2936 899 3072 969 μήτε
3120 897 3239 950 τινὰ
3280 899 3468 966 μοῖραν
3503 894 3612 963 (80)
3637 894 3764 947 τάτ-

2194 1011 2393 1064 τωμεν,
2423 995 2558 1063 μήτε
2587 992 2708 1043 τινὰ
2736 992 2943 1061 χρόνον,
2980 990 3037 1041 ὲν
3062 980 3106 1055 ᾧ
3134 987 3464 1058 διεξέρχεται
3490 986 3578 1038 τὸν
3597 984 3763 1039 αὑτοῦ

2195 1085 2375 1146 πόλον,
2414 1080 2791 1135 συναποτελῶν
2840 1081 3061 1149 κόσμον,
3109 1078 3167 1130 ὃν
3198 1076 3353 1140 ἔταξε
3385 1077 3554 1145 Λόγος
3577 1079 3605 1129 ὁ
3632 1076 3766 1129 πάν-

2193 1192 2299 1228 των
2322 1174 2594 1235 θειότατος
2614 1190 2626 1201 ·
2663 1172 2722 1224 ὃν
2761 1171 2789 1222 ὁ
2828 1170 2924 1241 μὲν
2949 1169 3220 1239 εὐδαίμων
3245 1167 3456 1239 πρῶτον
3481 1168 3578 1238 μὲν
3605 1166 3765 1221 ἐθαύ-

2195 1281 2384 1334 μασεν,
2415 1263 2605 1318 ἔπειτα
2638 1262 2695 1314 δὲ
2727 1261 2902 1333 ἔρωτα
2931 1260 3055 1331 ἔσχε
3097 1258 3189 1313 τοῦ
3232 1258 3566 1330 καταμαθεῖν
3592 1260 3762 1312 ὁπόσα

2193 1353 2357 1425 θνητῇ
2412 1353 2569 1421 φύσει
2625 1352 2844 1406 δυνατά.
2880 1371 2897 1403 ι
2926 1353 3035 1405 Καὶ
3085 1354 3142 1404 ὲν
3171 1349 3422 1420 ἐπιστολῇ
3476 1349 3584 1420 (81)
3619 1350 3759 1421 δὲτῇ

2193 1446 2326 1516 πρὸς
2373 1446 2649 1517 Ἑρμείαν,
2699 1445 2957 1515 Ἐραστόν
2989 1461 3047 1497 τε
3083 1444 3177 1497 καὶ
3199 1443 3486 1514 Κορίσκον,
3523 1437 3580 1495 εὖ
3617 1443 3760 1511 μάλα

2192 1537 2619 1606 πεφυλαγμένως
2678 1536 2909 1588 τέθειται
2965 1535 3026 1587 τὸ
3077 1535 3269 1604 δόγμα,
3318 1528 3418 1588 ὧδε
3451 1533 3584 1603 πρὸς
3618 1532 3759 1597 λέξιν

2192 1626 2546 1679 ἐπιστέλλων·
2584 1645 2603 1677 ι
2643 1624 2860 1694 Ταύτην
2911 1625 3006 1695 τὴν
3041 1625 3328 1695 ἐπιστολὴν
3378 1625 3582 1689 πάντας
3610 1626 3760 1695 ἡμᾶς

2189 1718 2338 1784 τρεῖς
2366 1715 2523 1778 ὄντας
2571 1715 2874 1783 ἀναγνῶναι
2903 1716 3029 1787 χρὴ,
3080 1716 3311 1785 μάλιστα
3361 1716 3457 1785 μὲν
3498 1714 3756 1785 ἁθρόους⁶

2189 1807 2237 1857 εί
2260 1805 2317 1858 δὲ
2349 1804 2444 1875 μὴ,
2475 1804 2615 1858 κατὰ
2645 1804 2737 1857 δύο
2764 1808 2913 1875 κοινῇ
2949 1804 3081 1874 (82),
3113 1804 3252 1857 κατά
3275 1805 3520 1875 δύναμιν,
3554 1804 3629 1867 ὡς
3649 1800 3761 1860 οἷόν

2187 1895 2247 1946 τέ
2279 1897 2394 1948 ἐστι
2430 1894 2741 1958 πλειστάκις
2764 1912 2776 1925 ε
2808 1897 2901 1948 καὶ
2935 1896 3166 1966 χρῆσθαι
3190 1895 3451 1967 συνθήκῃ,
3487 1897 3579 1948 καὶ
3611 1895 3760 1966 νόμῳ

526 1986 805 2041 nientibus
847 1985 950 2054 legi
982 1987 1170 2053 decet;
1213 1988 1299 2043 sin
1334 1966 1539 2054 autem,
1587 2006 1617 2044 a
1660 1991 1873 2046 duobus
1921 1993 2080 2047 vici's-

2190 1986 2362 2057 κυρίῳ
2395 1985 2526 2053 (85),
2557 1986 2585 2038 ὃ
2635 1987 2748 2039 ἐστι
2798 1985 3002 2040 δίκαιον
3049 1966 3419 2056 ὲπομνύνταςλ
3458 1985 3657 2055 σπουδῇ
3697 2001 3758 2037 τι

524 2075 628 2130 sim
654 2092 874 2146 unaque
905 2077 1231 2145 conjunctis,
1265 2078 1429 2148 idque
1454 2095 1615 2148 quam
1648 2080 1945 2149 saepissime
1973 2081 2086 2135 neri

522 2167 740 2237 poterit.
782 2167 1044 2223 Prazterea
1090 2180 1305 2239 pactum
1357 2171 1497 2224 inter
1535 2186 1630 2226 vos
1670 2172 1954 2242 legemque
1996 2187 2087 2226 ra-

522 2259 939 2331 tam_ﬂxamque
967 2262 1194 2324 servari,
1235 2262 1314 2317 sic
1348 2262 1482 2316 utin
1518 2277 1731 2331 aequum
1767 2262 1971 2316 bonum
1998 2261 2089 2331 ju-

521 2350 685 2406 retis:
726 2351 968 2421 adeoque
1005 2354 1185 2408 studio
1216 2368 1323 2407 non
1361 2353 1629 2419 illiberali,
1673 2367 1738 2407 ac
1782 2353 1949 2407 studii
1997 2367 2088 2407 so-

520 2453 643 2493 rore
702 2440 950 2496 doctrina
998 2456 1189 2498 mutuo
1234 2443 1531 2513 conjuncti,
1577 2444 1633 2497 in
1684 2442 1856 2497 Deum
1907 2443 2084 2513 ipsum

519 2546 704 2585 rerum
749 2534 992 2588 omnium
1028 2535 1142 2591 sive
1187 2534 1571 2605 praesentium,
1618 2535 1732 2590 sive
1775 2534 2083 2589 futurarum

518 2612 847 2683 Praesidem,
923 2636 1132 2675 necnon
1207 2622 1450 2692 praesidis
1509 2624 1672 2678 etiam
1726 2624 2085 2693 principiique

518 2716 797 2776 parentem
863 2708 1153 2766 Dominum
1205 2713 1435 2781 juretis,
1507 2728 1669 2784 quem
1722 2713 1982 2782 quidem,
2037 2713 2082 2767 si

516 2798 681 2854 modo
730 2808 876 2855 recte
939 2802 1481 2873 philosophabimur,
1522 2813 1788 2874 quantum
1832 2803 2083 2857 homines

517 2891 663 2947 beati
713 2902 978 2961 possunt,
1027 2896 1172 2950 clare
1218 2912 1412 2951 omnes
1465 2897 1732 2966 planeque
1780 2909 2081 2966 cognosce-

2191 2079 2305 2149 ἅμα
2335 2078 2409 2148 μὴ
2442 2077 2683 2148 ἀμούσῳ,
2715 2079 2807 2130 καὶ
2826 2080 2891 2148 τῇ
2923 2079 3023 2148 τῆς
3042 2077 3275 2147 σπουδῆς
3297 2077 3495 2148 ἀδελφῇ
3521 2077 3755 2147 παιδείᾳ,

2191 2170 2282 2222 καὶ
2308 2170 2398 2221 τὸν
2426 2168 2534 2222 τῶν
2566 2170 2781 2223 πάντων
2805 2169 2934 2221 Θεὸν
2950 2170 3208 2239 ἡγεμόνα,
3237 2169 3343 2221 τῶν
3367 2185 3426 2221 τε
3450 2169 3638 2229 ὄντων,
3664 2169 3757 2221 καὶ

2190 2260 2297 2311 τῶν
2326 2257 2648 2328 μελλόντων,
2684 2256 2775 2309 τοῦ
2804 2273 2863 2309 τε
2896 2256 3159 2326 ἡγεμόνος
3191 2256 3284 2308 καὶ
3330 2257 3503 2308 αἰτίου
3541 2254 3756 2324 Πατέρα

2187 2344 2392 2416 Κύριον
2451 2344 2821 2415 ἐπομνύντας·
2877 2344 2955 2409 ὃν,
3004 2343 3097 2396 ἐὰν
3128 2343 3301 2414 ὀρθῶς
3344 2341 3757 2413 φιλοσοφῶμεν,

2188 2437 2446 2507 εἰσόμεθα
2485 2439 2684 2501 πάντες
2738 2438 2923 2506 σαφῶς
2955 2439 3034 2501 είς
3067 2438 3294 2507 δύναμιν
3339 2436 3637 2508 ἀνθρώπων
3666 2437 3758 2488 εύ-

2185 2528 2471 2599 δαιμόνων.
2505 2548 2523 2579 )
2556 2524 2701 2599 Ἀρά
2749 2545 2830 2580 σοι
2877 2529 3023 2581 δοκεῖ
3059 2528 3230 2581 ταῦτα
3253 2528 3424 2595 λέγων
3462 2530 3491 2581 ὁ
3530 2528 3757 2581 Πλάτων

2183 2623 2295 2683 τοῖς
2344 2618 2605 2692 Ἐὂραίων
2626 2618 3119 2689 ἐπηκολουθηκέναι
3151 2619 3449 2688 δόγμασιν;
3489 2620 3558 2671 Ἢ
3593 2618 3754 2671 πόθεν

2185 2708 2404 2763 ἄλλοθεν
2472 2708 2705 2779 ἐπῆλθεν
2760 2707 2904 2778 αὐτῷ
2969 2707 3054 2761 τοῦ
3113 2708 3325 2760 πάντων
3365 2707 3472 2760 τῶν
3512 2706 3756 2777 γενητῶν

2184 2800 2356 2853 αἰτίου
2389 2800 2672 2871 κρείττονα
2712 2797 2867 2853 ἄλλον
2908 2798 3039 2851 Θεὸν
3063 2837 3077 2861 ,
3104 2798 3195 2850 τὸν
3214 2797 3278 2869 δὴ
3298 2798 3391 2851 καὶ
3414 2798 3632 2869 Πατέρα
3658 2795 3751 2850 τοῦ

2184 2891 2559 2961 πανηγεμόνος
2593 2893 2939 2961 προσειπεῖν;
2975 2890 3147 2943 Πόθεν
3182 2890 3227 2943 δ’
3252 2889 3401 2961 αὐτῷ
3426 2890 3487 2942 τὸ
3512 2889 3606 2942 τοῦ
3641 2889 3752 2940 Κυ-

514 2997 658 3035 mus.
697 3001 717 3035 ι
782 2982 979 3039 Annon
1022 2986 1118 3040 tibi
1171 2986 1382 3042 videtur
1447 2985 1602 3041 Plato
1643 2987 1772 3041 dum
1812 2987 1927 3042 haec
1971 2986 2077 3051 ait,

2183 2983 2300 3056 ρίου
2323 2983 2417 3036 ἐπὶ
2459 2982 2553 3036 τοῦ
2607 2982 2819 3053 Πατρὸς
2859 2981 2952 3035 τοῦ
2994 2981 3327 3053 δημιουργοῦ
3360 2980 3517 3045 τάξαι
3558 2980 3749 3050 δνομα,

514 3068 863 3129 Hebraeorum
897 3077 1168 3147 dogmatis
1214 3078 1505 3134 insistere?
1553 3077 1708 3134 Unde
1751 3079 1897 3133 enim
1939 3078 2078 3133 alio-

2184 3070 2410 3141 μηδενός
2439 3087 2525 3123 πω
2557 3070 2661 3141 πρὸ
2712 3069 2874 3123 αὐτοῦ
2921 3070 3184 3142 Ἑλλήνων
3211 3072 3419 3136 ἀκοαῖς,
3446 3069 3579 3124 ἀλλά
3618 3068 3751 3141 μηδι

513 3162 605 3231 qui
658 3163 712 3217 in
756 3174 993 3220 mentem
1040 3167 1141 3237 ipsi
1194 3169 1421 3233 veniret,
1469 3167 1638 3223 Deum
1705 3167 1934 3223 alterum
1997 3168 2079 3238 ip-

2182 3163 2260 3225 είς
2286 3161 2409 3215 νοῦν
2456 3162 2627 3215 ταῦτα
2688 3162 3193 3233 καταϐεϐλημένους
3226 3164 3289 3216 Et
3321 3163 3376 3218 δὲ
3412 3164 3505 3218 καὶ
3550 3163 3751 3235 ἑτέρων

514 3263 689 3309 somet
749 3272 967 3324 rerum,
1019 3275 1140 3328 qua:
1197 3271 1581 3328 procreantur,
1635 3261 1879 3315 omnium
1928 3261 2078 3329 prin-

2182 3256 2312 3324 ἡμῖν
2339 3254 2499 3308 πάλιν
2519 3256 2832 3327 μαρτυριῶν
2849 3256 2929 3308 δεῖ
2942 3257 3021 3319 εἰς
3050 3256 3447 3326 ἀναμφίλεκτον
3471 3256 3753 3325 παράστα-

512 3347 654 3414 cipio
727 3349 1104 3420 superiorem,
1156 3351 1267 3404 imo
1319 3361 1371 3405 et
1443 3352 1680 3407 universi
1759 3352 2071 3407 moderato-

2182 3363 2267 3399 σιν
2298 3347 2396 3416 τῆς
2427 3363 2486 3399 τε
2513 3346 2607 3399 τοῦ
2633 3347 2919 3417 φιλοσόφου
2945 3348 3201 3410 διανοίας,
3222 3347 3315 3399 καὶ
3343 3346 3443 3415 τῆς
3469 3346 3561 3405 τοῦ
3590 3345 3748 3411 λόγου

516 3436 591 3489 ris
643 3447 917 3503 parentem
975 3437 1289 3507 appellare?
1343 3436 1498 3492 Unde
1550 3453 1734 3506 porro,
1792 3438 1922 3493 huic
1971 3436 2074 3507 ipsi

2182 3439 2553 3508 κατασκευῆςο
2590 3438 2891 3490 ἐπάκουσον
2946 3432 3032 3489 οἷα
3080 3437 3369 3500 Πλωτῖνος,
3404 3437 3460 3487 ὲν
3502 3430 3581 3496 οἷς
3609 3434 3748 3499 Περὶ

511 3530 670 3603 535
723 3550 905 3589 rerum
948 3533 1257 3598 conditoris
1332 3535 1541 3604 parenti
1614 3532 1829 3587 Domini
1877 3546 2075 3585 nomen

2182 3528 2297 3580 τῶν
2316 3527 2490 3595 τριῶν
2513 3527 2778 3596 ἀρχικῶν
2796 3525 3189 3582 ὐποστάσεων
3208 3525 3478 3589 συνέταξε,
3500 3524 3750 3591 διασαφεῖ

514 3626 829 3693 imponere?
850 3640 971 3695 quze
1005 3625 1250 3695 profecto
1282 3625 1591 3681 Graecorum
1626 3638 1905 3695 nunquam
1936 3624 2079 3676 auri-
2181 3619 2423 3689 γράφων.

511 3721 649 3786 bus,
696 3735 805 3775 imo
857 3736 925 3775 ne
971 3721 1169 3775 animis
1216 3721 1435 3791 quidem
1487 3721 1799 3776 mortalium
1849 3728 1973 3772 ante
2022 3731 2081 3772 se
2116 3715 2403 3783 quisquam
2467 3714 2741 3783 injecerat.
2793 3712 2913 3767 Jam
2968 3713 3013 3766 si
3069 3712 3134 3765 ad
3178 3719 3377 3766 certam
3408 3723 3463 3767 et
3497 3712 3746 3782 explora-

508 3817 621 3863 tam
676 3812 760 3865 vel
818 3811 983 3881 hujus
1037 3812 1342 3882 philosophi
1402 3813 1681 3869 sententiae.
1734 3812 1935 3867 ﬁdem.
1998 3808 2084 3862 vel
2123 3815 2387 3876 susceptae
2433 3805 2817 3875 disputationis
2859 3803 3352 3870 conﬁrmationem,
3418 3804 3744 3859 testimoniis

512 3905 736 3975 insuper
759 3906 880 3961 aliis
936 3923 1073 3978 opus
1106 3918 1228 3964 est:
1282 3908 1408 3964 audi
1457 3917 1717 3977 praeterea
1748 3948 1763 3973 ,
1799 3921 1920 3976 qua:
1968 3902 2217 3959 Plotinus
2261 3901 2315 3955 in
2366 3916 2466 3956 suo
2508 3901 2583 3954 De
2627 3902 2793 3954 tribus
2840 3899 3149 3954 substantiis
3181 3900 3427 3968 principii
3452 3900 3552 3953 vim
3582 3907 3632 3954 et
3657 3916 3743 3953 ra-

510 3999 704 4057 tionem
738 3999 1047 4057 habentibus
1069 4017 1253 4073 opere,
1280 4002 1394 4058 haec
1427 4004 1482 4056 in
1511 4003 1677 4058 verba
1710 3999 2077 4073 persequitur.

1065 4095 1291 4152 CAPUT
1345 4097 1508 4152 XVII.

790 4186 866 4242 De
898 4190 1123 4244 secundo
1155 4191 1435 4261 principio,
1462 4208 1526 4245 ea:
1558 4189 1787 4245 Plotina.

580 4292 599 4325 ι
646 4273 701 4336 Si
731 4278 892 4345 quis,
942 4278 1137 4349 inquit,
1177 4282 1561 4350 aspectabilem
1610 4282 1756 4336 hunc
1802 4281 2066 4336 mundum

504 4366 823 4433 admiratur,
852 4368 971 4438 ejus
1001 4371 1423 4440 magnitudinem
1446 4411 1461 4435 ,
1518 4373 1750 4441 speciem
1774 4412 1788 4437 ,
1838 4388 2064 4427 conver-

506 4458 677 4514 sionis
702 4459 947 4514 ordinem
970 4462 1329 4531 sempitemae,
1349 4465 1553 4535 quique
1583 4465 1639 4518 in
1657 4478 1723 4519 co
1756 4478 2060 4532 versantur,

574 4565 599 4594 ι
640 4552 800 4607 Forte
820 4554 960 4610 'add.
1004 4558 1229 4628 ἡμέρας.

2686 4081 3080 4136 ΚΕΦΑΛΑῙΟΝ
3133 4081 3229 4134 IZ'.

2379 4174 2683 4230 Πλωτίνου
2716 4174 2849 4241 περὶ
2885 4174 2988 4226 τοῦ
3018 4172 3294 4239 δευτέρου
3326 4172 3535 4225 αἰτίου.

2251 4290 2268 4322 ‹
2299 4270 2518 4340 Κόσμον
2552 4268 2805 4339 αἰσθητὸν
2840 4267 2951 4338 (84)
2989 4267 3135 4319 τόνδε
3167 4268 3220 4319 ετ
3242 4283 3324 4327 τις
3368 4265 3743 4335 θαυμάζει,εε’-

2173 4379 2230 4415 τε
2256 4361 2315 4414 τὸ
2340 4359 2585 4430 μέγεθος,
2611 4359 2704 4411 καὶ
2730 4357 2790 4410 τὸ
2844 4357 3054 4420 κάλλος,
3086 4357 3177 4409 καὶ
3196 4356 3289 4427 τὴν
3315 4355 3465 4421 τάξιν
3510 4355 3605 4425 τῆς
3641 4372 3738 4423 φο-

2175 4455 2271 4525 ρᾶς
2294 4453 2394 4523 τῆς
2422 4451 2591 4505 ἀϊδίου
2627 4450 2856 4521 βλέπων,
2892 4450 2983 4502 καὶ
3021 4448 3173 4511 asoti;
3198 4449 3321 4511 τοὺς
3347 4449 3404 4501 ὲν
3428 4447 3593 4516 αὐτῷ,
3613 4446 3741 4511 τοὺς

505 4647 676 4702 ιίῠυίι.
704 4647 926 4723 Certum
950 4656 1129 4704 tamen
1152 4651 1575 4723 εει,Ἐπινομίδι
1602 4653 1884 4723 legendum
1917 4671 2059 4721 esse,

2237 4659 2349 4723 (8-1)
2390 4655 2500 4709 Καὶ
2536 4654 2604 4707 ἐν
2640 4649 2955 4723 ἐπιστολῇ.
3009 4649 3169 4723 Sexta
3210 4660 3312 4723 est_
3342 4649 3602 4723 Platonis
3627 4651 3742 4719 cpi-

502 4731 624 4795 cnm
650 4731 750 4795 nec
772 4717 917 4795 ullus
945 4727 1120 4795 caste}
1152 4718 1392 4795 Platonis
1422 4717 1687 4793 dialogus",
1718 4724 1820 4777 hoc
1854 4717 2065 4795 Epime.

502 4786 644 4863 nidis
690 4787 879 4863 titulo”:
911 4799 963 4840 et
990 4788 1041 4863 in
1081 4787 1415 4863 Epinomide,
1440 4786 1913 4863 quae'sequuntur,
1943 4797 2066 4863 plu-

502 4856 654 4930 ribus
684 4870 726 4930 a_
761 4856 1478 4930 philosophodisputentur,
1511 4876 1564 4930 p.
1599 4856 1723 4915 702.
1759 4860 1861 4926 Qui
1900 4856 2064 4918 etiam

501 4924 655 4979 locus
679 4925 880 4994 citatur
912 4941 941 4978 a
965 4924 1023 4979 Β.
1060 4924 1260 4994 Cyrillo
1300 4924 1688 4994 Alexandrino,
1719 4924 1812 4984 liii.
1846 4948 1937 4988 vm
1968 4936 2066 4987 ad-

501 4944 655 4979 locus
679 4944 880 4979 crtatur
912 4944 941 4978 a
966 4944 1023 4979 rs.
1060 4944 1099 4979 ιλ
1141 4944 1260 4980 nuo
1300 4944 1688 4994 Alexandrino,
1720 4944 1812 4984 III).
1846 4948 1937 4988 vm
1968 4944 2065 4987 ad-

499 5009 676 5073 geritis
704 4993 1022 5073 lulianum,
1046 4944 1139 5050 IoI:
1176 4997 1501 5073 168Lcodic.
1532 5001 1924 5073 manuscripti;
1954 5015 2005 5057 et
2034 5020 2065 5058 a

496 5061 559 5117 Β.
578 5061 1502 5141 Ῑῂοοᾴονειοηϐτςεσαςκαίγεειὶοιε.
1532 5069 1629 5141 lib.
1655 5061 1864 5141 u,_pafg.
1902 5061 1989 5126 32.

570 5131 812 5207 _(_79l_Kai
840 5131 1425 5207 τιμᾲςνᾴποδιδῶμεν.
1460 5138 1571 5193 Soli
1603 5131 1868 5205 videlicet,
1902 5143 2063 5207 lunae,

503 5201 838 5279 reliquisque
871 5201 1180 5279 sideribus,
1232 5201 1307 5279 ςίεὲ
1325 5209 1524 5279 quibus
1568 5210 1675 5275 ibi,
1708 5201 1966 5279 tanquam
2001 5201 2068 5268 de

502 5272 649 5345 σει-ξε
674 5273 1015 5345 numinibus.
1048 5275 1214 5345 impie
1237 5272 1497 5344 loquitur.

567 5340 681 5420 (89)
725 5342 852 5420 Τρζς
874 5342 961 5407 δὲ,
976 5340 1283 5420 μήτεξτινὰ
1306 5340 1539 5415 μοῖραν.
1571 5349 1700 5404 Post
1730 5352 1843 5413 τοῖς
1864 5350 1941 5413 δέ,
1968 5351 2065 5404 ad-

495 5408 667 5465 dend.
688 5408 995 5485 videbatur,
1032 5408 1263 5485 ἡμέρας·
1300 5408 1359 5469 ut
1390 5408 1534 5471 enim
1570 5420 1671 5473 soli
1699 5408 1890 5482 annos,
1919 5408 2057 5475 l'unte

498 5495 733 5559 menses,
764 5482 1375 5559 ita_cmteris,__luna‘que
1403 5488 1538 5542 adeo
1570 5489 1692 5557 ipsi,
1724 5490 1973 5559 proprios
1999 5490 2055 5543 iu

498 5552 799 5616 septimana
831 5552 1337 5625 digascribeban—t.
1363 5552 1603 5625 quorum
1634 5552 1854 5612 nomina
1892 5560 2055 5613 etiam

498 5628 861 5703 perseverant.
903 5619 1273 5682 Theodoretus
1322 5619 1448 5697 legit
1488 5627 1566 5698 τῷ
1611 5627 1667 5685 δὲ
1719 5630 1885 5700 μηνός
1917 5645 2059 5691 τινος

499 5702 691 5761 μοιραν
724 5702 875 5747 ταττ.

2174 4719 2341 4787 stola,
2387 4726 2545 4792 cujus
2575 4725 2662 4777 hic
2686 4721 2990 4792 clausulam
3027 4720 3250 4792 ascribit
3280 4719 3743 4792 EusebiusLi‘tem-

2174 4814 2277 4866 que
2311 4796 2415 4849 BB.
2447 4788 2703 4866 Clemens
2737 4791 3025 4866 Alexandr.
3056 4789 3257 4866 Strom.
3285 4804 3498 4866 v,_pag.
3524 4788 3649 4853 456,
3686 4800 3741 4845 et

2171 4858 2406 4931 Cyrinus
2430 4864 2721 4917 Alexandr.
2760 4861 2884 4931 loco
2900 4860 3060 4928 paulo
3093 4868 3216 4931 ante
3245 4858 3483 4931 laudato.

2218 4927 2353 5005 "(82)
2394 4934 2553 5005 Kurd
2586 4931 2693 4984 δύο
2720 4927 2932 5005 κοινῇ,
2962 4938 3065 5005 e_tc_.
3106 4927 3258 5005 Plato
3292 4929 3371 4982 sic
3399 4936 3607 5005 tantum
3656 4929 3732 4983 leo

2173 4997 2415 5075 εἰιγκατά
2444 5003 2669 5075 δύναμιν
2704 5001 2778 5062 ὡς
2812 4997 2920 5051 οἷόν
2949 4999 3006 5053 τέ
3038 4999 3384 5075 ἐστι-πλειστ.
3432 4997 3523 5052 Illa
3557 5008 3734 5075 tamen

2173 5067 2313 5129 κατά
2333 5075 2426 5126 δύο
2451 5067 2602 5141 κοινῇ
2624 5111 2639 5125 .
2670 5079 2723 5123 et
2755 5078 3035 5141 vertuntur
3053 5084 3100 5141 _ai
3122 5067 3330 5129 Ficino,
3353 5076 3406 5120 et
3428 5070 3735 5141 necessaria

2169 5157 2327 5205 sunt;
2350 5158 2448 5196 nec
2481 5136 2689 5201 dubito,
2723 5139 2853 5207 quin
2876 5138 3017 5191 κατὰ
3047 5138 3271 5207 δύναμιν
3300 5136 3570 5205 superﬂua
3603 5139 3734 5203 sint,

2167 5231 2290 5268 cum
2322 5222 2582 5279 sequatur
2604 5210 2680 5272 ὡς
2708 5208 2817 5263 οἷόν
2852 5208 2911 5260 τέ
2934 5211 3069 5261 ἐστι.

2150 5312 2154 5325 ι
2238 5284 2348 5350 (85)
2387 5274 2497 5334 Καὶ
2531 5281 2691 5347 νόμῳ
2722 5279 2924 5344 κιφίῳ.
2973 5280 3049 5331 Ita
3104 5274 3454 5350 Plato._Hinc
3480 5284 3534 5329 et
3567 5274 3735 5328 Eusc-

2166 5346 2315 5407 bium
2332 5346 2586 5404 nostrum
2604 5346 2969 5411 correximus,
2986 5358 3039 5401 et
3061 5346 3255 5416 corrigi
3276 5346 3508 5416 Cyrillus
3533 5354 3730 5416 potest,

2167 5423 2307 5490 apud
2335 5435 2494 5490 quos,
2516 5420 2608 5471 καὶ
2633 5419 2802 5490 νόμῳ,
2841 5418 2932 5468 καὶ
2959 5417 3131 5488 κυρίῳ
3157 5415 3348 5485 τούτῳ,
3384 5431 3544 5490 sensu
3576 5415 3733 5482 plane

2166 5483 2335 5544 nhllo.
2360 5483 2507 5541 ‘Erat
2534 5498 2587 5542 et
2621 5483 2763 5543 alius
2788 5503 2940 5542 error
2972 5483 3276 5551 itt'nOstro,
3302 5483 3602 5556 κεχρῆσθαι
3631 5499 3730 5551 pro

2166 5561 2257 5612 καὶ
2284 5558 2533 5681 γλρῆσθαι.
3436 5623 3447 5635 .
3637 5622 3650 5634 .

2240 5630 2294 5681 (8
2338 5636 2349 5681 ι
2394 5628 2630 5681 Κόσμον
2663 5628 2973 5681 αἰσθητόν.
3017 5623 3218 5676 Locum
3260 5625 3404 5679 hunc
3435 5640 3488 5679 In
3515 5620 3650 5681 Plotl

2240 5620 2349 5695 (8'1)
2374 5620 2630 5695 ’Κόσμον
2663 5628 2973 5691 αἰσθητόν.
3017 5623 3218 5695 Locum
3260 5625 3404 5679 hunc
3435 5623 3488 5679 in
3515 5620 3729 5681 Plotina

2167 5694 2339 5769 leges,
2361 5697 2593 5753 Enncad.
2634 5712 2684 5763 v,
2715 5697 2805 5749 lib.
2838 5715 2874 5760 ι,
2911 5711 3027 5765 cap.
3066 5694 3178 5748 4-8.
