4156 6478
413 370 517 426 395

1612 373 1932 429 PRIEPAR.
1976 371 2227 428 EVANG.
2268 371 2396 426 LIB.
2436 369 2527 425 XI.

3559 368 3665 427 894

412 485 571 539 πάθω
581 502 677 538 αεν
699 486 860 556 ἡμεῖς
878 488 1073 541 ταυτόν
1093 505 1105 518 ·
1130 486 1262 540 Θεὸν
1292 487 1349 540 δὲ
1374 487 1872 559 προσκαλεσάμενοι
1895 488 1977 560 (9)

2102 498 2318 558 tequam
2348 488 2584 556 primum
2632 485 2760 540 illud
2793 483 2996 541 factum
3033 490 3086 540 et
3113 484 3467 540 constitutum
3522 486 3661 545 erit.

412 574 606 632 ἑαυτοῦ
632 577 884 648 γνώμονα
907 582 1195 647 γενόμενον
1228 576 1304 649 τῷ
1331 578 1493 648 λόγῳ,
1521 577 1689 644 δεῖξαι
1719 580 1989 650 θησαυρὸν

413 666 749 738 φροντίδων,
809 668 1101 741 ἀρχώμεθα
1159 671 1333 736 οὕτως
1389 672 1520 742 (10).
1587 671 1820 724 Εὑκτέον
1892 670 1989 741 μὲν

413 756 536 827 ήδη,
563 756 830 811 διελέσθαι
853 759 909 811 δὲ
936 760 1017 812 δεῖ
1046 761 1182 831 (li).
1217 762 1275 815 Ὀ
1305 762 1456 826 Θεὸς,
1486 765 1514 815 ό
1545 762 1644 832 μὲν
1681 762 1894 833 πρῶτος
1932 764 1989 815 ὲν

415 850 591 920 ἑαυτῴ
610 849 715 915 ὢν,
745 852 893 905 ἐστὶν
929 852 1151 918 ἁπλοῦς,
1175 854 1262 908 διὰ
1284 855 1363 918 τὸ,
1394 854 1571 924 ἑαυτῷ
1608 855 1991 924 συγγινόμενος

413 938 615 1003 διόλου,
669 942 877 1011 μήποτε
921 938 1055 997 εἶναι
1122 944 1419 1016 διαιρετός·
1473 945 1502 997 ό
1553 944 1684 1007 Θεὸς
1732 944 1912 1014 μέντοι
1961 945 1991 996 ὁ

412 1030 658 1104 δεύτερος
683 1033 773 1085 καὶ
797 1034 977 1105 τρίτος
1012 1035 1159 1089 ἐστὶν
1196 1032 1276 1100 εἷς
1304 1034 1414 1108 (12)
1436 1053 1450 1068 ο
1499 1036 1904 1107 συμφερόμενος
1933 1035 1992 1089 δὲ

413 1125 477 1193 τῇ
516 1123 616 1197 ὕλῃ
668 1125 818 1180 δυάδι
863 1126 1034 1198 οῠσῃ,
1090 1129 1201 1197 ἑνοῖ
1258 1129 1355 1199 μὲν
1395 1128 1598 1200 αὐτὴν,
1654 1128 1895 1199 σχίζεται
1932 1125 1990 1178 δὲ

414 1216 504 1268 ὑπ’
530 1217 722 1287 αὐτῆς,
753 1218 1144 1291 ἐπιθυμητικὸν
1187 1218 1324 1285 εἶδος
1359 1221 1590 1291 ἐχούσης
1616 1222 1709 1275 καὶ
1739 1221 1987 1291 ῥεούσης.

412 1309 501 1380 Τῷ
533 1306 626 1364 οῦν
682 1312 756 1381 μὴ
791 1310 929 1366 εἶναι
965 1314 1102 1385 πρὸς
1142 1313 1219 1384 τῷ
1261 1314 1467 1386 νοητῷ,
1496 1311 1563 1387 ἦν
1601 1315 1710 1387 γὰρ
1740 1313 1804 1368 ἂν
1853 1314 1990 1386 πρὸς

412 1401 609 1472 ἑαυτῷ,
655 1401 744 1455 διὰ
794 1402 854 1456 τὸ
885 1404 983 1475 τὴν
1008 1404 1138 1476 ὕλην
1174 1406 1424 1476 βλέπειν,
1455 1406 1659 1478 ταύτης
1700 1406 1989 1476 ἐπιμελού-

414 1510 595 1564 μενος,
622 1495 949 1565 ἀπερίοπτος
984 1497 1175 1551 ἑαυτοῦ
1212 1499 1435 1567 γίνεται.
1466 1500 1577 1554 Καὶ
1618 1499 1847 1553 ἅπτεται
1895 1497 1988 1551 τοῦ

411 1582 669 1654 αἰσθητοῦ
702 1585 796 1637 καὶ
843 1585 1125 1656 περιέπει,
1165 1588 1358 1656 ἀνάγει
1407 1606 1465 1641 τε
1496 1588 1608 1661 (15)
1660 1588 1742 1641 ἔτι
1797 1588 1877 1651 εἰς
1928 1586 1990 1640 τὸ

412 1674 542 1728 Ιδιον
572 1671 702 1748 ἦθος
728 1677 1126 1749 ἀπορεξόμενος
1145 1692 1170 1720 ιι
1196 1681 1295 1751 τῆς
1317 1680 1468 1753 ὕλης.
1493 1701 1512 1733 ι
1545 1682 1653 1735 Καὶ
1682 1680 1800 1751 μεθ’
1827 1680 1990 1751 ἕτερά

412 1781 565 1836 φησι·
595 1786 614 1819 t
638 1768 748 1822 Kal.
772 1771 879 1840 γὰρ
899 1770 1021 1824 οὔτε
1039 1771 1387 1843 δημιουργεῖν
1409 1775 1523 1826 ἐστι
1538 1771 1716 1843 χρεὼν
1734 1773 1823 1825 τὸν
1834 1772 1986 1843 πρῶ--

409 1872 519 1922 τον,
556 1859 648 1911 καὶ
688 1858 783 1912 τοῦ
835 1861 1289 1933 δημιουργοῦντος,
1322 1862 1433 1931 (M)
1486 1862 1542 1915 δὲ
1598 1862 1724 1935 περὶ
1769 1863 1979 1932 Πατρὸς

408 1950 501 2002 καὶ
545 1950 674 2003 Υῐοῦ
712 1952 816 2022 χρὴ
848 1948 985 2005 εἶναι
1018 1953 1331 2024 νομίζεσθαι
1372 1955 1592 2025 Πατέρα
1642 1955 1733 2007 τὸν
1765 1954 1978 2025 πρῶτον

408 2039 557 2094 Θ;όν.
602 2043 661 2094 Εἰ
699 2043 796 2111 μὲν
839 2039 933 2096 οῦν
986 2044 1115 2115 περὶ
1155 2045 1249 2097 τοῦ
1294 2044 1633 2116 Δημιουργοῦ
1688 2045 1975 2116 ζητοῖμεν,

304 2152 311 2161 ο
407 2130 707 2201 φάσκοντες
736 2134 847 2186 δεῖν
886 2134 976 2187 τὸν
1005 2136 1268 2206 πρότερον
1305 2136 1621 2205 ὑπάρξαντα
1643 2178 1658 2203 ,
1704 2135 1878 2194 οὕτως
1910 2138 1976 2190 ἂν

405 2225 576 2275 ποιεῖν
604 2223 748 2293 ἔχειν
789 2223 1173 2297 διαφερόντως,
1200 2228 1423 2281 οίκείαὶ)
1465 2230 1499 2299 ὴ
1542 2228 1800 2300 πρόσοδος
1837 2227 1975 2299 αῦτη

414 2316 657 2381 γεγονυῖα
681 2314 746 2368 ἂν
778 2314 863 2386 εἴη
901 2316 995 2369 τοῦ
1023 2316 1180 2386 λόγου
1205 2335 1221 2349 ο
1253 2321 1301 2372 εἰ
1343 2318 1401 2372 δὲ
1428 2320 1555 2390 περὶ
1586 2318 1678 2372 τοῦ
1710 2321 1978 2391 Δημιουρ-

412 2403 501 2475 γοῦ
538 2406 609 2474 μή
634 2406 779 2458 ἐστιν
803 2406 831 2458 ό
866 2405 1038 2475 λόγος,
1067 2407 1333 2479 ζητοῦμεν
1363 2410 1418 2463 δὲ
1449 2410 1573 2481 περὶ
1605 2410 1698 2464 τοῦ
1734 2411 1972 2483 πρώτου,

404 2496 732 2566 ἀφοσιοῦμαί
758 2514 817 2549 τε
849 2497 916 2551 τὰ
940 2498 1218 2569 λεχθέντα,
1241 2501 1335 2553 καὶ
1368 2500 1507 2554 ἔστω
1541 2502 1638 2571 μὲν
1665 2503 1845 2556 ἐκεῖνα
1873 2503 1974 2574 ἄῤ-

405 2589 562 2658 ρητα,
585 2589 800 2659 μέτειμι
828 2590 883 2643 δὲ
917 2591 1055 2644 ἑλεῖν
1072 2592 1162 2645 τὸν
1186 2592 1339 2661 λόγον
1359 2591 1496 2663 (15),
1521 2593 1785 2665 ἑτέρωθεν
1807 2594 1870 2666 θη
1882 2595 1975 2665 ρά-

406 2695 522 2741 σας.
558 2680 671 2750 Πρὸ
708 2680 889 2751 μέντοι
921 2683 1015 2736 τοῦ
1048 2683 1205 2751 λόγου
1239 2685 1338 2754 τῆς
1370 2684 1624 2749 ἁλώσεως
1661 2686 1975 2759 διομολογη-

404 2767 623 2839 σώμεθα
653 2772 784 2841 ἡμῖν
813 2773 997 2836 αὐτοῖς
1028 2774 1335 2844 ὁμολογίαν,
1370 2778 1470 2830 οὐκ
1493 2777 1974 2850 ἀμφισϐητήσιμον

405 2860 655 2925 ἀκοῦσαι,
687 2862 779 2915 τὸν
815 2863 914 2933 μὲν
964 2864 1177 2936 πρῶτον
1221 2867 1354 2921 Θεὸν
1397 2868 1568 2939 ἀργὸν
1612 2865 1750 2923 εἶναι
1798 2870 1973 2942 ἔργων

404 2947 726 3020 ξυμπάντων
759 2954 852 3007 καὶ
891 2953 1144 3023 βασιλέα,
1189 2955 1282 3009 τὸν
1312 2955 1699 3029 δημιουργικὸν
1741 2959 1798 3012 δὲ
1841 2959 1972 3013 Θεὸν

404 3044 717 3114 ἠγεμονεῖν,
748 3044 813 3097 δι’
864 3046 1093 3116 ούρανοῦ
1156 3047 1323 3102 ἰόντα.
1370 3047 1470 3102 Διὰ
1495 3049 1554 3101 δὲ
1598 3048 1785 3103 τούτου
1819 3052 1912 3104 καὶ
1942 3051 1970 3103 ό

404 3135 584 3241 στόλος
607 3138 740 3207 ἡμῖν
773 3138 910 3200 ἐστι,
942 3138 1093 3192 κάτω
1123 3138 1216 3192 τοῦ
1238 3138 1331 3192 νοῦ
1366 3141 1719 3211 πεμπομένου
1753 3145 1809 3196 ὲν
1834 3144 1972 3208 διεξ-
1998 3184 2040 3241 C

400 3224 504 3296 ὁδῳ
548 3228 681 3279 πᾶσι
722 3229 836 3289 τοῖς
875 3229 1200 3298 κοινωνῆσαι
1234 3230 1701 3300 συντεταγμένοις.
1743 3232 1973 3287 Βλέπον-

399 3330 489 3379 τος
519 3315 617 3385 μὲν
646 3312 740 3369 οὖν
769 3317 864 3370 καὶ
903 3319 1354 3390 ἐπεστραμμένου
1386 3319 1521 3389 πρὸς
1562 3322 1715 3390 ἡμῶν
1745 3322 1972 3375 ἕκαστον

398 3405 491 3458 τοῦ
518 3406 651 3460 Θεοῦ
672 3446 686 3471 ,
723 3407 1012 3477 συμϐαίνει
1042 3408 1139 3480 ζῇν
1168 3426 1227 3462 τε
1261 3411 1354 3462 καὶ
1386 3408 1713 3479 βιώσκεσθαι
1737 3413 1859 3465 τότε
1905 3413 1973 3466 τὰ

400 3495 645 3566 σώματα,
672 3498 965 3568 κηδεύοντα
987 3499 1097 3569 (16)
1119 3500 1212 3553 τοῦ
1240 3500 1374 3554 Θεοῦ
1400 3504 1512 3565 τοῖς
1534 3502 1968 3575 ἀκροϐολισμοῖς·

401 3589 864 3660 μεταστρέφοντος
911 3591 968 3644 δὲ
1022 3593 1101 3655 εἰς
1144 3591 1241 3662 τὴν
1296 3591 1489 3645 ἑαυτοῦ
1551 3595 1837 3667 περιωπὴν
1879 3596 1971 3649 τοῦ

398 3681 553 3748 Θεοῦ,
576 3683 746 3737 ταῦτα
789 3686 886 3755 μὲν
941 3685 1406 3749 ἀποσϐέννυσθαι,
1436 3686 1526 3739 τὸν
1572 3687 1629 3740 δὲ
1679 3689 1804 3742 νοῦν
1851 3689 1970 3761 ζῇν,

401 3772 514 3841 βίου
549 3775 920 3844 ὲπαυρόμενον
947 3777 1281 3847 εὐδαίμονος.
1315 3798 1334 3829 ι
1368 3779 1553 3832 Ταῦτα
1586 3781 1614 3832 ό
1641 3781 1968 3853 Νουμήνιος.

398 3862 469 3915 Σὺ
500 3862 558 3916 δέ
591 3880 654 3932 γε
694 3864 940 3935 παράθες
969 3865 1150 3928 αὐτοῖς
1179 3866 1246 3920 τὰ
1275 3866 1382 3920 ἀπὸ
1405 3868 1502 3938 τῆς
1527 3866 1617 3921 τοῦ
1650 3870 1814 3923 Δαὸὶδ
1842 3888 1973 3943 προ-

399 3955 623 4024 φητείας
664 3955 832 4008 πάλαι
894 3958 1021 4027 παρ’
1065 3956 1335 4028 Ἐὅραίοις
1390 3958 1578 4011 τοῦτον
1612 3959 1846 4031 ᾀδόμενα
1881 3963 1971 4015 τὸν

395 4046 626 4113 τρόπον·
684 4066 703 4098 ι
749 4047 836 4110 Ὡς
884 4047 1225 4119 ὲμεγαλύνθη
1272 4049 1342 4102 τὰ
1403 4049 1539 4121 ἔργα
1587 4068 1715 4116 σου,
1767 4053 1967 4125 Κύριεῑ

396 4136 575 4190 πάντα
640 4140 699 4191 ἐν
750 4139 912 4210 σοφίᾳ
967 4141 1251 4210 ἐποίησας.
1298 4142 1619 4214 Ἐπληρώθη
1670 4148 1703 4215 ἡ
1753 4147 1823 4218 γῆ
1873 4149 1970 4219 τῆς

397 4227 627 4291 κτίσεώς
669 4246 782 4282 σου·
819 4230 995 4283 πάντα
1039 4231 1176 4303 πρὸς
1206 4232 1264 4283 σὲ
1295 4233 1632 4304 προσδοκῶσι
1664 4235 1847 4290 δοῦναι
1873 4239 1970 4310 τὴν

393 4320 598 4391 τροφὴν
626 4321 808 4385 αὐτοῖς
841 4323 921 4386 είς
948 4321 1222 4395 εὔκαιρον.
1251 4325 1442 4390 Δόντος
1471 4345 1562 4380 σου
1602 4329 1805 4394 αὐτοῖς,
1849 4333 1971 4385 συλ-

394 4410 669 4476 λέξουσιν
701 4413 1011 4479 ἀωίξαντος
1064 4415 1123 4468 δέ
1156 4433 1250 4470 σου
1304 4417 1403 4489 τὴν
1451 4423 1609 4490 χεῖρα
1632 4461 1645 4485 ,
1698 4422 1766 4475 τὰ
1795 4424 1971 4477 πάντα

2095 581 2260 636 citius
2287 580 2493 649 aliquid
2513 619 2529 643 ,
2577 592 2739 647 quam
2767 592 2865 646 par
2901 583 3080 642 esset,
3130 576 3449 646 avidiusque
3474 590 3662 629 susce-

2097 672 2270 741 perit,
2334 685 2468 725 suus
2502 668 2551 725 ei
2591 669 2883 724 thesaurus
2937 668 3077 723 cinis
3144 666 3362 722 futurus
3424 673 3528 722 est.
3581 661 3661 720 Ne

2092 763 2236 816 idem
2300 760 2465 829 igitur
2518 759 2677 814 nobis
2725 760 2971 826 eveniat,
3030 758 3270 813 studiose
3329 770 3659 811 caveamus:

2096 852 2379 921 Deumque
2400 849 2629 920 proinde
2655 849 2931 912 obtestati,
2964 858 3023 904 ut
3046 859 3245 904 nostrae
3268 848 3395 902 huic
3413 847 3662 918 disputa-

2093 942 2225 996 tioni
2253 942 2450 996 suimet
2478 939 2649 1009 ipsius
2673 954 2846 993 canon
2889 954 2952 995 ac
2995 939 3178 1008 regula
3202 951 3322 991 esse
3350 935 3518 999 velit,
3563 946 3666 988 no-

2088 1035 2281 1103 bisque
2306 1032 2692 1103 cogitationum
2728 1033 3043 1087 thesaurum
3077 1030 3309 1100 aperire,
3337 1028 3412 1082 ita
3442 1027 3663 1081 demum

2090 1126 2391 1181 ordiamur.
2431 1122 2591 1178 Prius
2640 1122 2784 1178 enim
2834 1120 3121 1176 fundendae
3175 1134 3386 1189 preces,
3420 1124 3537 1170 tum
3592 1114 3663 1172 ad

2090 1217 2413 1287 explicatam
2458 1216 2538 1270 rei
2586 1214 2961 1270 tractationem
3003 1211 3389 1266 accedendum.
3442 1207 3659 1261 Primus

2090 1309 2179 1364 ille
2209 1308 2373 1371 Deus,
2410 1314 2472 1361 ut
2492 1308 2545 1361 in
2579 1322 2638 1362 se
2662 1306 2780 1375 ipso
2813 1312 2917 1371 est,
2947 1304 3020 1358 ita
3050 1303 3281 1371 simplex
3312 1300 3535 1355 omnino
3552 1307 3657 1366 est,

2089 1401 2232 1472 quod
2262 1400 2355 1471 qui
2382 1414 2566 1455 secum
2603 1399 2719 1469 ipse
2769 1407 2918 1452 totus
2959 1402 3327 1467 perpetuoque
3376 1401 3659 1459 versatur,

2089 1492 2333 1546 divulsus
2386 1504 2508 1545 esse
2563 1503 2844 1559 nunquam
2891 1487 3294 1554 distractusque
3326 1483 3518 1553 possit.
3579 1482 3661 1535 Ac

2089 1584 2361 1640 secundus
2394 1581 2613 1652 quidem
2659 1581 2961 1649 tertiusque
2984 1578 3128 1633 Deus
3162 1592 3306 1631 unus
3348 1583 3465 1641 est,
3513 1573 3659 1629 idem

2089 1686 2289 1742 tamen,
2322 1672 2465 1745 quod
2497 1675 2660 1730 simul
2690 1689 2814 1729 cum
2860 1674 3109 1735 materia,
3140 1670 3233 1739 qui
3260 1668 3508 1724 binarius
3531 1667 3659 1737 qui-

2088 1769 2212 1824 dam
2236 1778 2341 1836 est,
2365 1769 2781 1824 circumferatur
2802 1807 2818 1831 ,
2866 1774 2926 1821 ut
2953 1782 3072 1821 eam
3101 1765 3397 1836 conjungat
3417 1804 3431 1828 ,
3480 1763 3548 1818 ab
3594 1777 3658 1817 ea

2089 1870 2290 1928 tamen,
2318 1877 2438 1932 quae
2460 1863 2566 1915 vim
2600 1862 2838 1931 aliquam
2865 1859 3287 1929 concupiscendi
3318 1859 3499 1923 habet,
3527 1858 3662 1914 assi-

2083 1955 2295 2023 dueque
2327 1953 2465 2016 ﬂuit,
2488 1952 2765 2008 dividitur.
2795 1950 2949 2017 Quod
2988 1950 3151 2020 igitur
3184 1949 3248 2003 ad
3285 1949 3336 2003 id
3378 1946 3521 2017 quod
3546 1948 3660 2017 spi-

2082 2048 2239 2102 ritale
2264 2054 2381 2109 est,
2436 2044 2618 2099 minus
2666 2043 3000 2098 adhaerescet
3054 2040 3279 2112 (alioqui
3310 2042 3453 2094 enim
3485 2039 3552 2094 ad
3597 2055 3657 2097 se

2084 2139 2260 2208 ipsum
2290 2134 2729 2207 adhaeresceret),
2760 2135 2889 2189 dum
2936 2136 2991 2189 in
3027 2134 3444 2204 contemplanda
3484 2143 3657 2189 mate-

2082 2229 2161 2284 ria
2199 2227 2511 2298 diligentius
2561 2233 2902 2294 occupatur,
2957 2240 3017 2280 se
3067 2225 3245 2294 ipsum
3299 2223 3654 2294 contemplari

2082 2335 2188 2374 non
2208 2329 2401 2389 potest.
2430 2316 2631 2374 Verum
2652 2331 2773 2387 quae
2801 2315 3054 2371 sensibus
3078 2323 3410 2384 usurpantur
3433 2331 3541 2369 non
3572 2324 3656 2369 at-

2081 2415 2242 2485 tingit
2270 2420 2573 2481 tractatque
2604 2410 2789 2476 modo,
2818 2410 2912 2464 sed
2955 2409 3119 2464 etiam
3156 2409 3210 2462 in
3240 2408 3489 2478 proprias
3528 2408 3654 2478 ejus

2079 2523 2243 2578 quam
2268 2508 2471 2576 expetit
2497 2512 2815 2574 versatque,
2839 2502 3080 2557 materia;
3105 2503 3444 2556 conditiones
3468 2501 3655 2556 devol-

2081 2600 2240 2653 vitur.
2278 2617 2297 2650 ι
2332 2596 2586 2667 Idemque
2613 2596 2889 2651 nonnullis
2912 2594 3207 2666 interjcctis
3237 2611 3250 2646 :
3282 2610 3301 2643 ι
3343 2594 3457 2648 Nec
3482 2593 3651 2661 enim,

2080 2690 2276 2763 inquit,
2297 2691 2532 2762 primum
2554 2690 2701 2745 illum
2730 2688 2899 2744 Deum
2915 2689 3213 2758 quidquam
3241 2686 3419 2742 moliri
3444 2684 3526 2741 fas
3546 2698 3649 2752 est,

2079 2784 2172 2837 sed
2201 2784 2382 2852 potius
2416 2781 2643 2836 artiﬁcis
2690 2779 2783 2834 Dei
2830 2779 3049 2834 Patrem
3094 2778 3273 2848 ipsum
3313 2777 3513 2832 habere
3550 2791 3652 2832 nos

2079 2881 2312 2941 oportet.
2376 2872 2442 2927 Et
2469 2873 2689 2942 quidem
2718 2872 2764 2926 si
2792 2871 2860 2925 de
2890 2870 3095 2926 artiﬁce
3123 2869 3354 2939 quaestio
3381 2876 3497 2935 est,
3526 2882 3651 2922 cum

2079 2966 2229 3019 illum
2265 2974 2392 3019 ante
2421 2965 2532 3033 jam
2559 2962 2836 3019 exstitisse
2879 2961 3212 3025 necessario,
3235 2969 3398 3029 atque
3440 2958 3512 3013 ita
3558 2958 3654 3012 de-

2077 3066 2227 3104 mum
2275 3051 2559 3106 excellenti
2595 3050 2829 3119 quodam
2879 3048 3252 3118 singularique
3283 3047 3446 3102 modo
3492 3061 3653 3116 agere

2078 3156 2238 3209 posse
2267 3141 2522 3205 dicimus,
2553 3140 2873 3195 commodus
2920 3139 3010 3193 hic
3055 3147 3108 3193 et
3153 3145 3495 3207 opportunus
3528 3151 3652 3191 ora-

2079 3232 2241 3286 tionis
2287 3231 2565 3302 ingressus
2609 3233 2733 3301 jure
2784 3231 3050 3286 videatur.
3084 3231 3155 3284 At
3184 3230 3252 3295 si,
3277 3228 3487 3284 omisso
3516 3231 3649 3282 arti—

2077 3325 2196 3383 Iice,
2245 3320 2313 3375 de
2338 3323 2513 3392 primo
2536 3321 2648 3377 Deo
2679 3322 2827 3390 loqui
2856 3322 3051 3393 placet,
3097 3335 3272 3390 genus
3308 3319 3359 3373 id
3383 3317 3649 3372 orationis

2077 3429 2339 3483 usurpare
2385 3414 2578 3483 religio
2622 3417 2711 3469 sit.
2774 3413 2976 3479 Quare,
3014 3428 3135 3482 quae
3160 3413 3303 3466 dicta
3333 3421 3479 3477 sunt,
3507 3410 3650 3464 dicta

2073 3521 2195 3560 esse
2227 3506 2393 3583 nolim
2427 3524 2440 3561 :
2475 3506 2781 3561 ducendam
2805 3507 3023 3562 aliunde
3056 3505 3188 3559 mihi
3224 3504 3648 3573 disputationem

2075 3599 2216 3654 hanc
2245 3608 2502 3655 statuam.
2558 3599 2636 3654 Ac
2674 3599 2908 3668 primum
2952 3598 3171 3667 quidem
3201 3606 3491 3666 antequam
3521 3610 3646 3649 eum

2074 3693 2127 3746 in
2153 3708 2458 3748 sermonem
2507 3693 2862 3763 ingredimur,
2911 3692 2966 3747 id
3015 3691 3157 3761 apud
3184 3705 3285 3746 nos
3314 3691 3366 3744 in
3397 3689 3650 3745 confesso

2073 3794 2310 3850 maneat,
2343 3799 2453 3854 quo
2485 3785 2552 3839 de
2579 3800 2804 3855 prorsus
2833 3785 2926 3854 qui
2956 3784 3161 3847 audiat,
3209 3796 3373 3838 nemo
3398 3781 3650 3837 dubitare

2073 3876 2266 3931 merito
2294 3878 2487 3946 possit,
2524 3876 2694 3931 Deum
2726 3878 2960 3948 primum
2999 3886 3054 3932 et
3088 3877 3157 3930 ab
3186 3890 3346 3946 opere
3368 3874 3518 3929 omni
3551 3888 3648 3928 va~

2072 3984 2218 4034 care,
2254 3977 2309 4023 et
2333 3984 2512 4039 regem
2543 3984 2666 4024 esse
2693 3968 2934 4033 universi
2961 3986 2974 4021 :
3005 3967 3266 4022 artiticem
3293 3980 3423 4021 vero
3453 3965 3646 4028 Deum,

2074 4062 2272 4116 uelum
2306 4062 2656 4131 permeando,
2686 4071 2880 4116 cuncta
2912 4060 3207 4114 moderari.
3242 4057 3308 4112 Et
3333 4074 3465 4113 sane
3492 4072 3647 4112 com-

2076 4165 2287 4210 meatus
2316 4165 2498 4211 noster
2521 4167 2685 4226 atque
2716 4163 3007 4225 apparatus
3033 4153 3212 4209 omnis
3231 4193 3246 4218 ,
3274 4153 3447 4222 ipsius
3480 4153 3646 4207 bene-

2072 4247 2253 4301 ﬁcium
2300 4256 2404 4314 est,
2446 4248 2574 4302 dum
2625 4256 2769 4301 ccrta
2814 4247 3230 4316 progressione,
3264 4245 3370 4299 huc
3396 4259 3550 4298 mens
3579 4243 3647 4297 ad

2071 4355 2165 4394 eos
2193 4354 2382 4393 omnes
2412 4338 2819 4399 transmittitur,
2857 4352 2995 4405 quos
3044 4338 3097 4390 in
3143 4337 3261 4404 ejus
3304 4334 3647 4391 communio-

2073 4446 2195 4485 nem
2229 4430 2411 4484 vocari
2456 4445 2556 4498 pro
2601 4444 2702 4483 suo
2750 4428 3017 4498 cujusque
3049 4430 3218 4498 gradu
3249 4438 3304 4481 et
3333 4426 3649 4481 conditione

394 4504 811 4576 πληρωθήσεται
852 4507 1234 4578 χρηστότητος.
1280 4509 1744 4581 Ἀποστρέψαντος
1786 4514 1842 4567 δέ
1876 4533 1967 4568 σου

2079 4520 2158 4576 fas
2188 4521 2278 4577 sit.
2334 4521 2522 4593 Itaque
2550 4521 2681 4576 dum
2718 4521 2771 4575 in
2805 4535 3077 4592 quemque
3118 4530 3369 4575 nostrum
3410 4531 3659 4574 conver-.

464 4663 493 4693 ι
534 4651 696 4707 Forte
720 4655 1140 4727 ἐπορεξάμενος.
1217 4658 1247 4699 1³
1287 4658 1418 4723 Max,
1457 4661 1687 4717 ὲοικυῖα.

393 4786 1149 4911 λεξὲὶὲρὶιέσκαλεσάμενοι.
1182 4792 1317 4849 Male
1340 4795 1481 4866 apud
1513 4795 1699 4868 Cyrill.
1727 4814 1966 4870 προσκα-

427 4875 709 4912 εσαμενος.

467 4876 947 5015 ﬂigi;me
968 4931 1173 5015 οὕτως.
1202 4934 1628 5015 δίο-ἰθεεῃάυιῃ,
1654 4953 1764 4992 non
1794 4941 1962 5012 ἀρχό-

400 4997 544 5076 μεθα.
560 4997 824 5076 eaedem};
848 5041 862 5065 ,
895 5011 964 5076 ut_
980 4997 1139 5076 apud,
1154 4997 1404 5076 eumdem
1435 4997 1716 5076 Cyrillum.

454 5067 575 5153 ΑΗ)
607 5069 872 5153 Edita»:
892 5067 1174 5141 mean,
1201 5073 1257 5128 δ.
1287 5074 1344 5129 ὃ.
1463 5067 1602 5153 Sunt
1632 5078 1745 5132 haec
1771 5080 1965 5153 ἀνδρὸς

398 5136 989 5216 μάλαέιεύέιόουμένου,
1014 5136 1344 5216 quaeltanien
1368 5145 1603 5216 Cyrinus
1630 5136 1890 5216 praeterit:

466 5207 578 5290 _(
632 5205 833 5290 Ἐσςρώο
873 5205 983 5290 εἷς.
1018 5205 1236 5290 Cyrill._,
1283 5205 1473 5290 ὲστίἶό
1506 5210 1605 5279 εἷς.
1631 5205 1758 5290 ’Νεο
1809 5222 1963 5290 plura

394 5276 593 5357 subdit.
622 5292 690 5332 ex
733 5277 1002 5336 Numenio
1025 5322 1040 5348 ,
1063 5276 1250 5337 'credo
1279 5284 1424 5352 quod
1469 5276 1750 5355 sequentia
1781 5276 1963 5347 minus

393 5347 704 5401 Christiana
736 5358 935 5403 essent.

465 5416 847 5499 (ίὸλᾎνάγει
874 5436 967 5484 τε,
996 5429 1118 5499 _etc.
1173 5420 1641 5499 Rectius,opinor,‘
1687 5435 1743 5499 et
1790 5431 1963 5499 magis

394 5490 636 5564 angoris
684 5504 973 5564 ex__sensu‘
996 5490 1291 5561 legeretur,
1325 5490 1652 5564 παράγει-τε
1679 5496 1724 5550 έ.
1758 5515 1805 5552 ε.
1837 5490 1959 5554 τῘῐ.

391 5549 451 5624 ἦ.
480 5549 548 5627 ἧς
583 5555 893 5628 ἐπωρέξατο
927 5549 1090 5631 omni,
1116 5549 1288 5631 quam.
1313 5549 1595 5621 lectionem
1625 5549 1963 5626 inversione

394 5633 615 5679 δεουιυε
643 5641 784 5679 sum.

467 5691 591 5776 (Mi
618 5696 730 5776 Καὶ
768 5697 873 5751 τοῦ
905 5697 1426 5776 δημιοιφτοῦντος.
1464 5703 1825 5776 lnterpolatus
1872 5709 1962 5766 hic

397 5762 553 5816 locus
575 5773 685 5831 est,
714 5781 875 5839 quem
907 5762 1203 5840 partim'c'x
1245 5762 1547 5854 mentiset.
1567 5762 1762 5847 partim
1796 5762 1958 5837 etiam

2067 4817 2133 4857 ex
2164 4801 2367 4873 Cyrillo
2395 4842 2410 4866 ,
2455 4803 2547 4873 qui
2576 4804 2827 4873 paucula
2869 4803 2987 4857 hmc
3020 4801 3296 4873 prioribus
3328 4799 3657 4873 s‘ubjungit-L

2067 4870 2363 4945 emerit-lare
2384 4870 2653 4945 licet.#Sic
2677 4891 2806 4945 ergp
2830 4870 3114 4945 legendum
3145 4872 3239 4945 κα).
3268 4870 3361 4945 τοῦ
3383 4871 3659 4945 δημιουρ-ν-

2065 4943 2286 5067 γοῦντιὲς
2322 4942 2379 4996 δὲ
2419 4943 2553 4997 Θεοῦ
2598 4945 2704 5016 χρὴ
2743 4940 2915 5010 εἶναι’,
2948 4943 3043 4997 καὶ
3078 4942 3392 5014 νομίζεσθαι
3424 4940 3644 5012 Πατέρα

2065 5030 2115 5066 τ.
2149 5035 2208 5067 π.
2279 5056 2292 5067 .

2064 5030 2115 5066 τ.
2149 5035 2208 5068 π.
2242 5030 2292 5069 υ.

2139 5085 2250 5155 (15)
2306 5084 2507 5140 Ἐλεῑν
2546 5086 2653 5140 τόν
2691 5085 2897 5153 λόγον.
2972 5080 3240 5149 Prorsus,
3295 5090 3355 5137 ut
3404 5081 3649 5155 Gallice,

2064 5159 2287 5222 prendre
2325 5173 2421 5209 son
2467 5156 2728 5210 discours.
2768 5155 2878 5209 Nec
2926 5155 3029 5209 alia
3076 5163 3161 5209 est
3206 5169 3327 5222 quae
3372 5154 3645 5222 sequitur,

2067 5223 2269 5297 ἅλωσις
2320 5226 2412 5279 τοῦ
2468 5225 2643 5297 λόγου.
2688 5225 3007 5297 Cujusmodi
3054 5221 3647 5297 tamen_'l€)t).~qva6v

2065 5296 2208 5361 apud
2254 5306 2461 5351 veteres
2497 5290 2789 5352 observare
2826 5312 2911 5348 me
2962 5295 3052 5349 vix
3098 5293 3342 5348 memini.
3393 5290 3643 5361 sequens

2064 5365 2231 5435 dictio
2262 5367 2433 5435 magis
2462 5367 2639 5421 adhuc
2669 5366 2938 5435 intricata.

2137 5434 2252 5520 QQ)
2292 5433 2669 5520 Κῇδερονῖα,
2705 5444 2810 5520 etc;
2840 5433 3491 5520 ‘Ohse‘er‘omquidjstuc
3517 5443 3639 5520 est,

2065 5503 2310 5574 κηδεύειν
2331 5506 2465 5559 Θεοῦ
2493 5510 2603 5569 τοῖς
2637 5503 3086 5575 ἀκροϐολισμοῖςῖ
3130 5503 3379 5575 Reddidi,
3418 5506 3647 5575 perinde

2064 5573 2131 5646 ac
2175 5576 2219 5629 si
2251 5576 2519 5644 legeretur
2549 5573 2905 5646 κηδευόμενα.
2933 5573 3067 5628 Nam
3097 5573 3488 5646 ἀκροϐολισμοί
3516 5575 3641 5646 qui-

2064 5644 2207 5716 dem,
2233 5643 2540 5715 signiﬁcare
2567 5643 2817 5716 videntur
2846 5645 3039 5716 iixpag
3062 5643 3430 5716 τῶνάκτίνων
3455 5644 3641 5714 βολάς,

2068 5712 2194 5771 Haec
2221 5712 2399 5771 tamen
2430 5730 2554 5786 pag.
2584 5730 2699 5784 seq.
2726 5712 2955 5771 totidem
2983 5715 3164 5773 verbis
3192 5712 3531 5785 repetuntur.
