4156 6436
521 335 630 399 995

1200 343 1478 403 EUSEBll
1516 345 1997 403 CAESARIENSIS
2034 346 2183 403 OPP.
2221 347 2401 404 PARS
2433 349 2498 405 11.
2523 348 3126 408 -“ΑΡοιο(;ΕΤι(;Α.

3664 352 3771 410 896

519 477 619 519 sus
648 463 887 521 intuetur
917 464 1080 531 Deus,
1116 472 1231 520 tum
1279 467 1423 522 enim
1471 483 1600 523 vero
1634 482 1732 523 sua
1777 465 2056 536 corporibu

2160 492 2171 527 ι
2201 466 2260 520 τὸ
2306 469 2626 538 πρόσωπον,
2668 469 3127 541 ταραχθήσονται·
3164 468 3470 534 ἁντανελεῖς
3517 470 3577 523 τὸ
3606 473 3771 525 πνεῦ-

516 553 652 620 vita,
684 571 818 612 suus
838 557 1001 626 vigor
1032 558 1209 620 inest,
1242 559 1386 627 quod
1414 558 1675 612 immissis
1714 557 1974 612 divinitus
2003 571 2081 609 ra-

515 645 625 702 diis
657 646 965 703 foveantur.
1017 647 1113 703 Sin
1146 660 1328 704 autem
1359 649 1424 703 ad
1452 649 1535 705 sui
1560 649 1732 719 ipsius
1756 647 2082 717 contempla-

514 741 720 795 tionem
766 741 954 795 oculos
972 742 1243 795 revocarit
1265 781 1279 801 ,
1307 750 1423 796 tum
1453 756 1540 795 res
1572 740 1857 796 inferiores
1881 740 2090 794 exstin-

512 830 603 901 gui
635 830 836 897 subito,
868 846 1022 886 mens
1052 841 1229 886 autem
1284 834 1399 903 ipsa
1434 849 1542 889 non
1573 834 1753 886 vivere
1780 831 1962 898 modo,
1992 831 2087 886 sed

510 920 674 974 etiam
730 920 886 975 beate
934 921 1225 976 admodum
1269 923 1472 977 vivere.
1511 942 1530 975 ι
1588 922 1714 978 Haec
1762 920 2081 977 Numenius.

509 1008 645 1076 Quae
681 1025 806 1065 cum
861 1012 931 1068 iis
978 1013 1190 1075 confer,
1212 1015 1442 1079 amabo,
1497 1015 1751 1085 qum-jam
1782 1015 1910 1069 olim
1942 1014 2084 1084 apud

508 1099 766 1158 Hebraeos
800 1103 886 1158 his
933 1104 1118 1160 verbis
1169 1103 1335 1160 David
1382 1107 1645 1175 propheta
1690 1107 1961 1161 cecinerat
1984 1105 2028 1136 ⁸⁷
2066 1123 2081 1159 :

513 1210 533 1242 ι
571 1192 745 1258 Quam
775 1194 1115 1263 inagnilicata
1142 1203 1271 1250 sunt
1297 1210 1460 1264 opera
1487 1195 1608 1248 tua!
1629 1193 1813 1249 omnia
1839 1193 1892 1246 in
1922 1191 2084 1263 538

507 1284 774 1353 sapientia
822 1284 1003 1340 fecisti
1033 1305 1047 1340 :
1076 1286 1298 1356 impleta
1344 1296 1429 1342 est
1474 1296 1615 1342 terra
1663 1286 1940 1340 creatione
1964 1295 2077 1339 tua.

507 1374 701 1429 Omnia
728 1391 755 1428 a
783 1384 834 1429 te
847 1386 1183 1446 exspectant,
1203 1386 1262 1432 ut
1281 1378 1375 1433 des
1400 1379 1503 1433 illis
1527 1393 1707 1433 escam
1733 1378 1786 1431 in
1813 1386 2076 1446 tempore.

505 1462 677 1521 Dante
715 1475 766 1521 te
792 1467 901 1522 illis
926 1468 1182 1539 colligent
1214 1488 1226 1523 :
1257 1470 1533 1540 aperiente
1557 1481 1609 1526 te
1651 1486 1873 1526 manum
1901 1478 2074 1533 tuam,

502 1558 687 1612 omnia
716 1560 1086 1629 implebuntur
1110 1561 1370 1617 bonitate.
1401 1563 1689 1618 Avertente
1713 1570 1892 1617 autem
1916 1569 1966 1616 te
1991 1560 2077 1615 fa-

501 1649 662 1715 ciem,
690 1651 1056 1706 turbabuntur
1090 1671 1102 1706 :
1138 1651 1355 1708 auferes
1379 1654 1631 1724 spiritum
1656 1668 1865 1719 eorum,
1892 1663 1948 1708 et
1983 1654 2075 1708 de-

501 1739 707 1805 ﬁcient,
734 1751 789 1796 et
828 1742 882 1796 in
920 1744 1197 1812 pulverem
1240 1759 1400 1799 suum
1445 1750 1802 1799 revertentur.
1846 1743 2073 1800 Emittes

2200 574 2276 626 μα
2309 560 2508 623 αὐτῶν,
2548 561 2640 614 καὶ
2667 561 3005 627 έκλείῲουσι,
3039 561 3133 614 κα)¹
3182 564 3261 625 είς
3301 562 3392 615 τὸν
3430 562 3558 633 χνοῦν
3593 564 3769 619 αὐτῶν

2193 650 2632 720 ἐπιστρέφουσιν.
2697 650 3103 715 Ἐξαποστελεῖς
3148 651 3209 704 τὸ
3256 652 3480 723 Πνεῦμά
3513 669 3637 716 σου,
3672 655 3769 709 καὶ

2192 740 2590 810 κτισθήσονται,
2609 743 2702 796 καὶ
2722 742 3053 805 ἀνακαινιεῖς
3085 740 3145 795 τὸ
3169 743 3455 811 πρόσωπον
3482 744 3582 814 τῆς
3608 745 3727 816 γῆς.
3742 765 3761 798 ι

2192 831 2256 883 Τί
2281 831 2390 902 γὰρ
2409 833 2581 887 ταῦτα
2600 832 2844 904 διαφέροι
2869 833 2935 886 ἂν
2961 834 3059 903 τῆς
3084 833 3399 906 φασκούσης
3431 835 3523 888 τοῦ
3552 836 3767 905 φιλοσό-

2190 940 2290 992 φου
2305 923 2562 988 διανοίας,
2580 923 2655 988 ὡς
2666 925 2771 996 ἄρα
2786 924 3072 994 βλέποντος
3091 925 3189 996 μὲν
3204 927 3296 979 καὶ
3312 927 3762 998 ἐπεστραμμένου

2188 1013 2324 1082 πρὸς
2359 1013 2514 1085 ἡμῶν
2546 1013 2778 1067 ἕκαστον
2809 1014 2903 1067 τοῦ
2930 1014 3087 1081 Θεοῦ,
3124 1013 3408 1086 συμϐαίνει
3441 1016 3539 1087 ζῇν
3564 1033 3623 1070 τε
3666 1017 3761 1071 καὶ

2187 1103 2512 1174 βιώσκεσθαι
2536 1106 2655 1159 τότε
2681 1106 2749 1159 τὰ
2790 1104 3017 1176 σώματα
3044 1105 3339 1176 κηδεύοντα
3365 1105 3459 1159 τοῦ
3482 1106 3617 1161 Θεοῦ
3646 1109 3760 1173 τοῖς

2184 1195 2624 1269 ἀκροϐολισμοῖς·
2688 1197 3149 1267 μεταπρὲφοντος
3198 1196 3255 1250 δὲ
3301 1197 3381 1261 είς
3429 1195 3526 1269 τὴν
3563 1199 3755 1252 ἑαυτοῦ

2184 1287 2468 1358 περιωπὴν
2500 1288 2590 1341 τοῦ
2637 1288 2813 1352 Θεοῦ,
2858 1287 3031 1342 ταῦτα
3076 1288 3535 1356 ἀποσϐέννυσθαι;
3587 1290 3756 1344 Πάλιν

2180 1378 2223 1430 δ’
2251 1375 2319 1432 αὖ
2351 1378 2444 1431 τοῦ
2486 1379 2759 1451 Σωτηρίου
2792 1379 2949 1448 λόγου
2985 1380 3112 1450 παρ’
3136 1381 3270 1450 ἡμῖν
3312 1380 3529 1448 φάντος,
3560 1399 3577 1430 ι
3614 1381 3753 1449 Ἐγώ

2179 1471 2294 1540 είμι
2327 1472 2359 1542 ἡ
2393 1470 2654 1541 ἄμπελος,
2693 1472 2721 1524 6
2752 1472 2943 1543 Πατήρ
2992 1490 3091 1543 μου
3119 1473 3148 1524 ὁ
3188 1471 3450 1542 γεωργὸς,
3488 1473 3645 1542 ὑμεῖς
3683 1472 3753 1525 τὰ

2180 1562 2466 1632 κλήματα·
2499 1582 2518 1614 ι
2562 1564 2590 1615 6
2634 1564 2941 1635 Νουμήνιος
2991 1565 3290 1618 ἐπάκουσον
3342 1559 3430 1618 οἷα
3472 1566 3598 1636 περὶ
3655 1563 3748 1620 τοῦ

2175 1650 2423 1721 δευτέρου
2474 1645 2644 1703 αἰτίου
2684 1651 2921 1719 θεολογεῖ
2945 1668 2959 1682 ·
2991 1670 3009 1701 ι
3037 1652 3243 1721 ’Ὠσπερ
3272 1651 3329 1703 δὲ
3385 1650 3544 1704 πάλιν
3592 1650 3750 1720 λόγος

2177 1743 2292 1795 ἐστὶ
2320 1740 2549 1813 γεωργῷ
2575 1741 2711 1812 πρὸς
2740 1741 2806 1794 τὰ
2844 1741 3141 1811 φυτεύοντα
3164 1741 3275 1811 (17)
3304 1742 3706 1813 ἀναφερόμενος
3727 1755 3746 1773 ·

502 1834 761 1905 Spiritum
793 1845 968 1902 tuum,
1001 1845 1056 1891 et
1091 1838 1443 1903 creabuntur,
1473 1847 1529 1894 et
1559 1839 1846 1894 renovabis
1870 1838 2056 1894 faciem

2175 1834 2265 1885 τὸν
2289 1812 2450 1886 αὑτὸν
2499 1832 2655 1901 λόγον
2691 1832 2925 1903 μάλιστά
2955 1834 3101 1886 ἐστιν
3147 1832 3260 1905 (18)
3310 1835 3339 1888 6
3368 1812 3582 1905 πρῶτος
3613 1834 3746 1897 Θεὸς

499 1934 676 1981 terrae.
706 1946 725 1978 ι
745 1926 885 1993 Quid
903 1929 1047 1982 enim
1076 1930 1191 1984 haec
1218 1930 1287 1984 ab
1311 1930 1397 1984 illa
1416 1931 1721 2000 philosophi
1751 1940 1928 1986 mente
1955 1931 2067 1986 dis-

495 2029 742 2089 crepant,
793 2019 922 2073 dum
954 2020 1048 2086 ait,
1104 2019 1243 2075 Dum
1273 2022 1327 2075 in
1358 2036 1629 2091 quemque
1656 2029 1903 2077 nostrum
1935 2038 2066 2077 con-

494 2125 687 2165 versus
725 2111 966 2165 intuetur
1013 2111 1194 2179 Deus,
1240 2120 1357 2166 tum
1385 2112 1661 2167 enimvero
1691 2127 1789 2167 sua
1821 2110 2064 2182 corpori-

493 2198 596 2253 bus
624 2200 757 2267 vita,
795 2215 930 2255 suus
956 2200 1112 2272 vigor
1144 2200 1307 2266 inest,
1338 2201 1483 2272 quod
1510 2202 1775 2260 immissis
1802 2204 2061 2259 divinitus

491 2290 661 2343 radiis
689 2289 1013 2346 foveantur?
1066 2289 1161 2345 Sin
1184 2300 1362 2347 autem
1390 2292 1456 2347 ad
1486 2292 1570 2348 sui
1611 2293 1782 2362 ipsius
1818 2301 2062 2348 contem-

490 2380 788 2449 plationem
832 2382 1022 2437 oculos
1067 2384 1354 2446 revocarit,
1389 2392 1506 2438 tum
1534 2399 1624 2439 res
1648 2383 1936 2439 inferiores
1965 2400 2060 2439 su-

489 2470 604 2525 bito
629 2471 1045 2541 cxstinguantur
1063 2486 1284 2528 necesse
1308 2471 1634 2528 est.Rursus
1658 2487 1781 2527 cum
1810 2472 1883 2526 ita
1902 2470 2059 2526 Chri-

487 2572 607 2619 stus
638 2563 692 2617 in
730 2565 954 2620 salutari
982 2565 1273 2638 Evangelia
1301 2568 1368 2623 de
1397 2567 1577 2638 seipso
1600 2568 1878 2638 loquatur,
1914 2567 2057 2639 «Ego

489 2668 610 2706 sum
640 2654 785 2720 vitis,
818 2653 978 2709 Pater
1005 2670 1161 2710 meus
1208 2656 1466 2725 agricola,
1495 2671 1591 2711 vos
1632 2655 1881 2725 palmites
1910 2655 1991 2722 '3;
2031 2674 2050 2705 ι

390 2782 391 2785 η
489 2740 612 2795 vide
638 2757 798 2811 porro
831 2742 1138 2813 cujusmodi
1167 2742 1239 2797 sit
1265 2741 1519 2799 Numenii
1547 2742 1614 2797 de
1642 2742 1880 2797 secundo
1906 2741 2053 2810 prin-

488 2832 632 2901 cipio
666 2834 954 2904 theologia.
1015 2854 1033 2887 ι
1064 2835 1556 2903 Quemadmodum,
1604 2834 1797 2903 inquit,
1843 2834 2046 2904 agrico-

484 2923 591 2975 lam
623 2922 764 2977 inter
802 2933 858 2978 et
894 2940 1018 2979 eum
1050 2925 1143 2996 qui
1187 2925 1414 2993 plantat,
1447 2921 1638 2977 relatio
1670 2922 1916 2991 quaedam
1946 2929 2048 2985 est,

482 3012 559 3067 ita
587 3013 745 3082 plane
777 3014 920 3071 Deus
964 3017 1175 3096 primus
1206 3015 1273 3069 ad
1299 3015 1557 3069 artiﬁcem
1591 3012 1761 3067 Deum
1793 3013 2047 3068 refertur.

481 3103 616 3158 Nam
646 3107 851 3174 primus
882 3109 1123 3178 quidem,
1171 3119 1231 3164 ut
1262 3108 1441 3163 omnis
1485 3106 1681 3162 anima;
1730 3122 1912 3163 semen
1942 3115 2045 3168 est,

482 3194 537 3249 in
563 3196 629 3251 iis
654 3198 909 3252 omnibus
939 3200 1190 3267 seminat,
1222 3216 1345 3271 quae
1373 3200 1439 3254 ad
1466 3199 1683 3270 aliquod
1711 3200 1795 3254 sui
1824 3214 2051 3255 consor-

480 3288 616 3341 tium
657 3296 710 3343 et
747 3290 1189 3347 communionem
1218 3292 1431 3347 vocavit
1466 3312 1478 3347 :
1513 3303 1568 3348 at
1594 3308 1722 3347 vero
1753 3292 2050 3361 legislator,

481 3393 601 3447 qua:
625 3379 739 3449 jam
771 3380 840 3436 ab
870 3381 965 3437 illo
1017 3384 1378 3453 proseminata
1425 3395 1579 3449 sunt,
1632 3385 1819 3441 eadem
1865 3385 2056 3440 inserit

481 3467 598 3538 ipse
626 3484 692 3525 ac
722 3469 946 3538 dividit,
981 3485 1143 3542 atque
1176 3473 1231 3526 in
1261 3483 1507 3529 nostrum
1555 3489 1828 3545 quemque
1874 3485 2054 3529 trans-

479 3559 708 3628 plantat.
743 3577 764 3612 ι
818 3558 1061 3631 Itemque
1087 3571 1297 3632 postea,
1349 3566 1478 3618 dum
1510 3565 1612 3619 hac
1640 3565 1693 3618 in
1732 3564 2051 3635 explicanda

480 3650 781 3718 quaestione
825 3662 1075 3706 versatur
1094 3695 1108 3718 ,
1164 3652 1622 3718 Quemadmodum
1648 3673 1679 3709 a
1706 3658 1874 3724 primo
1901 3657 2052 3725 prin-

478 3744 617 3812 cipio
636 3743 919 3796 secundum
932 3745 1136 3797 oriatur
1158 3745 1231 3800 ita
1251 3746 1468 3802 scribit:
1496 3765 1513 3797 ι
1538 3746 1885 3817 Quaecunque
1900 3754 2051 3817 post-

547 3870 595 3904 ’⁷
632 3870 776 3928 Psal.
816 3888 932 3938 Clll,
972 3874 1061 3928 24.
1138 3877 1183 3908 ’⁸
1221 3875 1378 3931 Joan.
1418 3893 1506 3945 xv,
1552 3877 1599 3931 5.

542 3997 687 4084 (l7)__
709 4009 783 4063 Τὰ
825 4012 1179 4084 sperauerat.
1213 4012 1353 4083 Lege
1382 4015 1471 4068 τὸν
1505 4014 1820 4084 φυτεύοντα.
1856 4013 1936 4067 Ex
1960 4028 2047 4067 se-

479 4079 775 4153 quentibus
809 4082 951 4153 enim
989 4083 1276 4137 manifeste
1295 4079 1551 4149 'constat',
1599 4086 1830 4153 primum
1875 4084 2044 4137 Deum

478 4164 601 4201 cum
638 4150 893 4218 agricola,
918 4154 1215 4206 secundum
1248 4168 1372 4209 νει-ο
1402 4171 1524 4209 cum
1577 4150 1755 4209 satore
1783 4154 2042 4209 conferri.

551 4218 662 4293 (18)
696 4220 937 4293 -Ῐῌστίιπ
973 4221 1110 4293 Quid
1143 4223 1187 4276 si
1224 4223 1371 4293 ἔχειῖ
1421 4226 1525 4280 nisi
1568 4225 1706 4279 forte
1747 4225 1835 4279 hic
1880 4226 2044 4280 etiam

478 4287 565 4361 sic
581 4287 851 4361 intelligas
880 4287 1047 4361 ἀναφε
1057 4287 1298 4361 ρόμενος.

510 4358 659 4478 i
694 4359 870 4413 Ἐστι.
913 4358 1223 4433 Legeud'um
1251 4364 1462 4420 videtur
1486 4359 1575 4418 οἷα
1602 4364 1665 4437 δή
1695 4366 1832 4428 ἐστι,
1860 4365 1945 4421 vel
1969 4365 2041 4421 al.

477 4441 675 4481 smine.

2174 1923 2309 1995 πρὸς
2336 1923 2426 1975 τὸν
2463 1924 2822 1995 Δημιουργόν.
2854 1924 2910 1978 '0
2959 1925 3057 1996 μέν
3082 1941 3167 1993 γε,
3197 1924 3272 1978 ὢν
3315 1925 3535 1996 σπέρμα
3564 1924 3743 1994 πάσης

2170 2011 2368 2082 ψυχῆς,
2401 2013 2608 2083 σπείρει
2649 2016 2727 2076 είς
2767 2015 2835 2067 τὰ
2866 2014 3340 2085 μεταλαγχάνοντα
3388 2013 3552 2068 αὐτοῦ
3602 2014 3739 2084 χρή-

2172 2121 2316 2174 ματα
2344 2104 2663 2175 σύμπαντα·
2700 2106 2728 2157 ὁ
2756 2106 3051 2177 νομοθέτης
3083 2106 3140 2159 δὲ
3172 2104 3391 2176 φυτεύει
3435 2106 3529 2158 καὶ
3560 2104 3739 2158 διανέ-

2172 2211 2281 2265 μει,
2317 2197 2410 2248 κα)⁵
2442 2196 2802 2266 μεταφυτεύει
2834 2199 2915 2261 είς
2942 2200 3092 2269 ἡμᾶς
3130 2199 3390 2262 ἑκάστους
3417 2199 3485 2252 τὰ
3530 2198 3739 2252 ἐκεῖθεν

2167 2286 2744 2359 πῳκαταὸεϐλημένα.
2769 2307 2788 2339 ι
2822 2290 2929 2342 Καὶ
2962 2289 3089 2359 ἑξῆς
3119 2289 3177 2343 δὲ
3241 2290 3401 2343 πάλιν
3446 2291 3574 2362 περὶ
3618 2289 3736 2358 τοῦ,

2165 2378 2297 2445 Πῶς
2313 2380 2427 2434 ἀπὸ
2458 2380 2565 2433 τοῦ
2583 2381 2814 2448 πρώτου
2838 2382 3032 2435 αίτίου
3066 2383 3131 2435 τὸ
3163 2382 3443 2451 δεύτερον
3477 2380 3734 2453 ὑπέστη,

2162 2470 2338 2524 τοιάδε
2363 2470 2524 2541 φησίν
2543 2488 2555 2500 ·
2586 2489 2605 2522 ι
2648 2471 2853 2526 Ὁπόσα
2877 2472 2957 2536 δὲ,
2979 2472 3218 2539 δοθέντα,
3254 2474 3459 2545 μέτεισι
3485 2473 3620 2544 πρὸς
3642 2473 3734 2527 τὸν

2162 2561 2523 2633 λαμϐάνοντα,
2574 2562 2875 2616 ἀπελθόντα
2906 2565 2971 2616 ὲκ
2998 2564 3091 2617 τοῦ
3117 2564 3429 2627 δεδωκότος,
3476 2565 3593 2617 ἐστὶ
3619 2564 3730 2635 (19)

2162 2651 2445 2723 θεραπεία,
2478 2653 2752 2722 χρήματα,
2787 2652 3027 2723 νόμισμα
3053 2652 3230 2706 κοῖλον
3268 2653 3398 2724 (20),
3428 2655 3727 2725 ἐπίσημον·

2158 2743 2314 2795 ταυτὶ
2346 2744 2442 2813 μὲν
2507 2739 2600 2796 οὖν
2632 2745 2746 2796 ἐστι
2793 2743 2962 2814 θνητὰ
3009 2745 3103 2798 καὶ
3162 2745 3495 2816 ἀνθρώπινα,
3544 2746 3624 2799 Τὰ
3670 2747 3729 2802 δὲ

2159 2833 2278 2888 θεῖά
2308 2832 2418 2905 (21)
2449 2835 2617 2899 ἐστιν,
2640 2831 2728 2887 οἷα
2761 2834 3137 2904 μεταδοθέντα,
3161 2836 3358 2890 ἐνθένδ’
3386 2837 3554 2890 ἐκεῖθι
3569 2855 3729 2907 γεγε-

2157 2923 2385 2994 νημένα,
2412 2922 2618 2978 ἐνθένδε
2644 2940 2702 2976 τε
2734 2924 2834 2977 οὐκ
2859 2924 3181 2995 ἀπελήλυθε,
3205 2925 3416 2978 κάκεῖθι
3439 2927 3725 2997 γενόμενα.

2155 3012 2246 3066 τὸν
2282 3013 2379 3083 μὲν
2408 3012 2604 3085 ὢνησε,
2638 3014 2729 3067 τὸν
2770 3014 2815 3067 δ’
2844 3015 2944 3068 οὐκ
2973 3015 3170 3085 ἔϐλαψε
3190 3056 3204 3081 ,
3258 3016 3352 3069 καὶ
3407 3016 3725 3087 προσώνησε

2154 3106 2221 3174 τῇ
2267 3103 2393 3175 περὶ
2425 3097 2499 3158 ὧν
2530 3105 2800 3175 ἠπίστατο
2838 3106 3160 3177 ἀναμνήσει.
3196 3108 3349 3160 Ἐστι
3380 3105 3437 3159 δὲ
3479 3103 3635 3159 τοῦτο
3662 3105 3726 3160 τὸ

2155 3194 2317 3249 καλὸν
2332 3194 2438 3267 χρῆ
2448 3213 2522 3266 μα
2539 3197 2814 3268 ἐπιστήμη
2830 3197 2863 3266 ἡ
2880 3196 3037 3268 καλὴ,
3059 3193 3125 3268 ἦς
3145 3196 3320 3251 ὤνατο
3343 3198 3441 3268 μὲν
3468 3198 3497 3249 6
3525 3196 3720 3257 λαϐὼν,

2154 3288 2254 3340 οὐκ
2300 3287 2654 3342 ἀπολείπεται
2692 3289 2736 3341 δ’
2768 3290 2937 3358 αὐτῆς
2984 3292 3011 3342 ὁ
3037 3289 3301 3352 δεδωκώς.
3327 3285 3451 3342 υἷον
3484 3290 3550 3341 ἂν
3593 3290 3723 3351 ἴδοις

2153 3377 2451 3447 ἐξαφθέντα
2482 3381 2575 3449 ἀφ’
2599 3380 2786 3450 ἐτέρου
2820 3379 3010 3449 λύχνου
3048 3379 3256 3448 λύχνον,
3296 3379 3409 3448 φῶς
3448 3378 3725 3447 ἔχοντα.γὸ

2157 3469 2231 3540 μὴ
2260 3471 2320 3523 τὸ
2364 3471 2627 3541 πρότερον
2677 3469 2928 3538 ἀφείλετο
2950 3509 2964 3533 ,
3002 3468 3135 3521 ἀλλὰ
3167 3469 3264 3538 τῆς
3294 3472 3352 3520 ὲν
3388 3468 3537 3537 αὐτῷ
3588 3466 3722 3537 θλης

2153 3561 2290 3633 πρὸς
2313 3561 2375 3614 τὸ
2408 3562 2617 3614 ἐκείνου
2645 3560 2756 3628 πῦρ
2789 3560 3143 3628 ὲξαφθείσης·
3173 3558 3411 3612 τοιοῦτον
3441 3560 3502 3611 τὸ
3531 3560 3719 3630 χρῆμά

2150 3656 2268 3707 ἐστι
2301 3653 2361 3707 τὸ
2400 3652 2500 3721 τῆς
2532 3653 2869 3722 ἐπιστήμης,
2906 3652 2938 3720 ἣ
2984 3650 3225 3717 δοθεῖσα,
3270 3651 3363 3703 καὶ
3417 3649 3713 3719 ληφθεῖσα,

2150 3745 2454 3815 παραμένει
2487 3743 2583 3815 μὲν
2614 3742 2691 3795 τῶ
2721 3742 3002 3806 δεδωκότι,
3033 3741 3246 3795 σύνεστι
3281 3741 3338 3795 δὲ
3387 3742 3467 3795 τῶ
3499 3741 3714 3796 λαϐόντι

2148 4017 2435 4072 dehiscens
2484 4033 2654 4081 mare,
2683 4015 2911 4081 Polluci,
2946 4018 3039 4073 lib.
3069 4034 3107 4083 l,
3138 4033 3187 4073 c.
3221 4019 3311 4083 19,
3346 4029 3479 4076 sect.
3516 4018 3604 4073 16.
3636 4018 3709 4074 Ita

2148 4088 2325 4160 κοῖλος
2367 4088 2508 4160 ῥέειν
2557 4090 2749 4143 ﬂuvius
2782 4089 3217 4160 dicebatur,qui
3246 4089 3329 4143 vel
3357 4090 3709 4160 _depressior,

2149 4158 2230 4210 vel
2278 4158 2534 4211 tumidior
2565 4160 2770 4214 flueret.
2808 4158 3059 4213 {Elianus
3097 4159 3190 4213 lib.
3230 4175 3299 4212 xv
3345 4158 3421 4212 De
3448 4158 3709 4225 _animal"

2145 4240 2196 4281 c.
2224 4226 2317 4299 ‘27,
2341 4228 2528 4299 scribit
2554 4229 2607 4281 in
2643 4230 2905 4299 .‘Egyptq,
2945 4229 3037 4299 “50:13
3068 4228 3309 4298 ποταμοῦ
3344 4229 3523 4282 κοίλου
3556 4229 3711 4299 ῥυέν-

2144 4314 2261 4362 τος,
2307 4297 2490 4367 λοιμὸν
2521 4297 2789 4367 γενέσθαι.
2842 4298 2972 4364 Quae
3001 4297 3242 4352 Socratis
3270 4300 3430 4351 verba
3457 4297 3616 4360 sunt,
3652 4307 3712 4353 ut

2145 4377 2461 4437 (-onstatrex
2506 4370 2754 4423 Athenazo
2795 4369 2891 4423 lib.
2922 4385 2974 4422 Ix
2997 4407 3011 4431 ,
3048 4384 3169 4437 pag.
3218 4367 3343 4430 588,
3386 4367 3541 4421 initio
3572 4384 3585 4419 :
3615 4369 3709 4424 ubi

2147 4446 2327 4491 tamen
2368 4436 2521 4507 λιμός
2557 4440 2833 4502 scribitur,
2870 4454 2977 4492 non
3021 4436 3223 4507 λοιμός.
3272 4438 3451 4507 Apage
3488 4437 3704 4503 ﬂuvios.

549 4496 662 4578 32.0)
704 4499 979 4578 Νόμιοξιιθ
1002 4503 1229 4578 κοῖβον.
1277 4503 1489 4578 Aptius,
1513 4505 1727 4573 opinor,
1758 4503 2039 4576 ἀργύριον,

2160 4507 2365 4578 uelum,
2394 4496 2446 4561 et
2476 4496 2693 4578 Olyram
2716 4550 2731 4574 ,
2775 4496 2911 4578 quos
2937 4496 3482 4562 etiam'Casaubodus
3510 4496 3704 4574 rejicit;

476 4568 559 4645 vel
584 4568 825 4645 ῥὶργυρον
856 4570 1282 4645 κῡῖλοι-(ῘῘῼΒΓΘΙ,
1312 4568 1456 4642 quod
1484 4568 1733 4630 cailatum
1755 4568 2035 4645 argentum

476 4634 1217 4716 _lfatini‘vocarunt.Eodem
1262 4634 1513 4716 fortassis
1554 4634 2043 4716 excapitevPollux

476 4706 646 4784 lib._i,
675 4722 723 4760 c.
754 4708 814 4784 1,
829 4719 961 4784 sect.
997 4712 1405 4784 15,_hzecinter
1438 4729 1495 4767 se
1521 4706 1825 4784 coniungit,
1859 4724 1917 4768 ut
1947 4716 2043 4768 ad-

474 4776 698 4854 {nod‘nm
732 4776 1207 4854 allinia,_x0t)tdtv_ott
1246 4782 1391 4835 λίθον
1426 4784 1503 4846 είς
1529 4776 1662 4854 ideo?)
1692 4776 1925 4854 μορφὴν,
1950 4787 2043 4838 καὶ

474 4802 698 4829 uluuum
732 4802 938 4841 amula,
964 4802 1207 4834 κοιΑαναι
1247 4802 1391 4835 Λιυον
1426 4802 1503 4846 εις
1529 4802 1662 4836 υεου
1692 4802 1760 4853 μο
1801 4802 1925 4854 φην,
1950 4802 2041 4838 και

473 4845 783 4927 διαγλύψαι,
814 4848 906 4899 καὶ
931 4849 1314 4927 διατυπῶσαι,
1338 4855 1430 4905 καὶ
1456 4852 1715 4927 διαξέσαι,
1761 4802 2041 4927 Excavan-

474 4924 576 4995 tur.
620 4922 764 4969 enim
810 4932 930 4995 quae
974 4922 1254 4995 celantur,
1284 4923 1408 4976 licet
1436 4924 1554 4995 alim
1581 4924 1811 4978 subinde
1843 4935 2038 4995 partes

470 4986 766 5058 emineant.
801 4986 1117 5044 Aristoteles
1151 4990 1435 5045 (Econom.
1475 4994 1566 5046 lib.
1607 5009 1644 5046 ιι
1667 5035 1681 5058 ,
1714 4995 1805 5047 ubi
1838 4986 2038 5049 Didalis

470 5050 655 5134 Persae
696 5055 896 5134 factum
929 5072 1320 5134 commemorat
1353 5082 1365 5117 :
1393 5050 1708 5133 Προελθὼν,
1741 5064 1945 5134 inquit,
1981 5068 2037 5127 ἐς

471 5123 722 5207 967.61%
749 5126 809 5178 τὸ
828 5128 1077 5207 λωρίον)
1117 5130 1410 5207 ἐλαϐεν-ὲκ
1445 5123 1555 5185 τῶν
1590 5123 1831 5207 ἐνόντων’
1854 5123 2033 5205 ἱερῶν,

406 5242 411 5271 ρ
470 5192 595 5256 ὅκος
618 5192 741 5275 ὲῇνῆν
764 5192 940 5261 κοῖῖοξ
957 5192 1215 5275 ἄργυρος,
1248 5204 1338 5257 ubi
1366 5218 1555 5258 omnes
1578 5204 1754 5275 κοῖλον
1780 5192 2034 5275 ἄργυρον,

407 5292 415 5319 ε
473 5273 887 5341 argenteavasa
935 5272 1241 5341 accipiunt,
1292 5276 1434 5341 quod
1471 5290 1533 5327 ea
1582 5273 1694 5329 fere
1733 5272 1863 5328 cava
1914 5272 2036 5329 esse

474 5334 928 5415 sofantdiausae
968 5334 1104 5415 nihil
1141 5334 1328 5407 video,
1376 5348 1728 5412 quamobrem
1775 5344 2034 5415 ἀργύριον

474 5403 648 5485 κοῖλον
695 5402 986 5485 Plutarcho
1039 5411 1111 5464 sit
1152 5402 1443 5485 argentum
1474 5416 1766 5485 caelatum,
1795 5402 2034 5485 ἀργύρος

474 5472 651 5553 κοῖλος
690 5474 964 5553 Aristoteli
992 5494 1095 5533 non
1134 5472 1327 5553 sitflta
1357 5484 1619 5552 quidquid
1653 5472 2034 5553 prmcipue,'ac

475 5542 834 5623 veluti,__xardt
852 5546 911 5598 τὸ
941 5542 1387 5623 προηγούμενον,’
1413 5542 1575 5607 altius
1606 5542 2032 5623 profundiusqne

477 5610 739 5675 subsidit,
767 5610 1129 5671 etiamsi-xci?
1145 5610 1475 5675 ’ἀκολουθίαν
1504 5610 1722 5679 alin-nde
1756 5624 1919 5677 simul
1946 5610 2031 5677 in-

478 5688 777 5767 tumescat;
907 5687 1101 5753 κοῖλον,
1143 5701 1244 5767 aut
1272 5691 1669 5767 κοιλαινόμενον
1706 5695 2026 5767 dicebatur:

478 5760 539 5805 ut
568 5749 718 5824 κοίλη
751 5752 981 5810 θάλαττα
1002 5798 1017 5825 ,
1052 5749 1104 5814 et
1143 5749 1553 5829 κοιλαινουιένη,
1597 5766 1917 5829 subsidens.
1966 5780 2030 5820 ac

2150 4576 2370 4632 Fluvius
2395 4588 2489 4631 aut
2511 4576 2820 4647 depressior
2845 4577 3072 4647 ﬂuebat,
3106 4586 3211 4647 aut,
3229 4578 3509 4647 tumidior,
3539 4594 3705 4647 quam

2145 4662 2242 4718 par
2288 4658 2466 4713 esset;
2513 4646 2637 4702 inde
2679 4648 2884 4717 regioni
2932 4646 3120 4701 fames.
3168 4646 3305 4699 Nam
3339 4649 3383 4700 si
3413 4646 3600 4718 λοιμον
3639 4664 3705 4702 ex

2145 4716 2362 4770 IEliano
2392 4719 2704 4779 retinemus,
2731 4716 3076 4770 tumidiorem
3104 4719 3284 4785 potius
3313 4716 3514 4785 accipe,
3539 4733 3703 4786 quam

2142 4787 2539 4855 depressiorem
2591 4804 2606 4839 :
2655 4786 2942 4840 immodica
2987 4787 3133 4839 enim
3179 4787 3392 4849 eluvio,
3440 4796 3706 4841 aestuante

2142 4859 2441 4925 praesertim
2471 4859 2628 4917 melo,
2654 4856 2867 4909 facilius
2909 4857 3227 4926 pestilentiae
3258 4870 3422 4926 causa
3456 4871 3575 4909 esse
3604 4872 3702 4926 po-

2143 4924 2262 4981 tuit.
2293 4925 2523 4980 Videant
2551 4928 2727 4982 obiter
2758 4925 3186 4994 ὲτυμολογισταί,
3220 4941 3349 4979 num
3380 4924 3556 4978 Latini
3588 4924 3701 4981 cce-

2142 4997 2251 5050 lum
2281 4999 2443 5050 etiam
2489 4997 2644 5064 quasi
2679 4996 2855 5049 κοῖλον
2889 4996 3149 5059 dixerint;
3203 4997 3254 5049 id
3289 4996 3435 5049 enim
3480 4998 3703 5064 pronius

2139 5066 2323 5128 fuerit,
2350 5081 2510 5134 quam
2540 5080 2757 5131 cavum,
2782 5064 2926 5119 unde
2949 5066 3054 5119 hoc
3078 5081 3275 5119 nomen
3310 5074 3611 5119 arcessunt.

2208 5136 2320 5204 (21)
2369 5136 2444 5188 Τὰ
2491 5133 2558 5187 δὲ
2597 5134 2744 5189 θεῖα.
2784 5135 2939 5187 A-llini
2977 5136 3134 5203 plane
3173 5150 3336 5190 sensu
3377 5135 3701 5203 loquebatur

2141 5203 2364 5269 SeneCa,
2390 5206 2549 5273 epist.
2576 5206 2664 5270 41,
2694 5220 2814 5259 cum
2840 5205 3041 5258 diceret
3072 5224 3082 5257 :
3118 5204 3287 5273 Prope
3313 5214 3389 5257 est
3413 5221 3444 5255 a
3468 5214 3515 5257 te
3536 5204 3697 5271 Deus,

2139 5284 2305 5327 tecum
2329 5283 2427 5338 est,
2450 5275 2594 5328 intus
2624 5283 2721 5328 est.
2755 5274 2843 5327 Ita
2865 5275 3005 5337 dico,
3036 5274 3229 5340 Lucili,
3258 5289 3406 5328 sacer
3432 5276 3575 5327 intra
3605 5291 3699 5328 nos

2138 5342 2369 5413 Spiritus
2401 5343 2580 5408 sedet,
2620 5354 2716 5397 etc.
2759 5344 3212 5409 Quemadmodum
3252 5345 3392 5397 radii
3422 5344 3550 5398 solis
3575 5359 3701 5397 con-

2137 5417 2342 5484 tingunt
2370 5413 2579 5484 quidem
2607 5425 2820 5477 terram,
2849 5414 2936 5466 sed
2962 5414 3034 5466 ibi
3056 5426 3197 5476 sunt,
3221 5415 3357 5468 unde
3380 5414 3660 5467 mittuntur
3677 5430 3698 5469 :

2132 5486 2209 5536 sic
2252 5484 2461 5535 animus
2497 5498 2716 5553 magnus
2752 5495 2799 5537 et
2835 5499 3015 5549 sacer,
3042 5493 3090 5536 et
3118 5485 3174 5537 in
3206 5485 3300 5537 hoc
3328 5485 3608 5547 demissus,
3640 5492 3700 5538 ut

2132 5555 2346 5622 propius
2382 5554 2561 5624 divina
2584 5566 2873 5617 noscamus,
2914 5565 3252 5607 conversatur
3284 5554 3495 5624 quidem
3519 5553 3698 5606 nobis-

2132 5640 2271 5686 eum,
2294 5623 2383 5677 sed
2416 5623 2578 5678 lueret
2610 5625 2803 5693 origini
2834 5638 2944 5677 sua:
2965 5640 2981 5676 :
3004 5623 3152 5676 illinc
3185 5623 3390 5692 pendet,
3426 5623 3557 5677 illuc
3578 5637 3705 5692 ιρις

2131 5703 2261 5761 ctat,
2286 5709 2348 5747 ac
2367 5694 2557 5748 nititur
2577 5710 2596 5748 :
2622 5694 2817 5749 nostris
2841 5704 3093 5765 tanquam
3122 5694 3308 5749 melior
3334 5695 3573 5751 interest.
