4156 6476
442 430 550 485 89.7

1607 429 1929 485 ΡΒᾹΞΡΛΠ.
1973 428 2226 487 EVANG.
2261 429 2390 485 LIB.
2424 429 2518 483 Xl.

3594 437 3695 494 898

437 556 472 627 ή
502 554 666 625 αὐτή.
709 554 909 608 Τούτου
953 553 1010 608 δὲ
1052 552 1113 606 τὸ
1145 553 1336 619 αἴτιον,
1370 546 1415 607 ὦ
1467 552 1617 618 ξένε,
1668 554 1823 609 οὐδέν
1864 555 1994 606 ἐστιη

2113 566 2279 619 quam
2307 552 2506 607 donata
2540 548 2762 618 fuerint,
2796 551 2877 607 sic
2910 552 2977 606 ad
3024 566 3174 617 eum,
3207 552 3301 623 qui
3330 552 3546 623 accipit,
3581 562 3696 611 tra-

436 645 773 718 ἀνθρὼπινον
793 664 807 679 ⁸
838 646 955 701 ἀλλ’
984 649 1067 700 ὅτι
1100 646 1214 712 ἕξις
1238 665 1296 701 τε
1323 647 1415 700 καὶ
1444 648 1656 719 ούσίαὴ
1685 648 1881 719 ἔχουσα
1912 647 2009 718 τὴν

436 740 744 810 ἐπιστήμην
778 741 809 809 ἡ
840 740 977 810 αὐτή
1010 742 1128 792 ἐστι
1162 739 1314 811 παρὰ
1344 739 1421 809 τῷ
1465 739 1718 793 δεδωκότι
1759 740 1876 811 Θεῷ
1915 741 2009 795 καὶ

436 830 586 903 παρὰ
626 830 705 901 τῷ
733 830 974 901 εἰληφότι
1008 832 1131 901 ἐμοὶ
1161 833 1255 885 καὶ
1299 831 1401 884 σοί.
1451 831 1543 884 Διὸ
1593 833 1685 885 καὶ
1723 834 1752 885 6
1783 832 2009 886 Πλάτων

433 921 531 993 τὴν
563 922 754 991 σοφίαν
799 921 904 975 ὑπὸ
960 922 1297 994 Προμηθέως
1344 922 1513 976 ἐλθεῖν
1560 926 1640 987 εἰς
1689 923 2008 996 ἀνθρώπους

437 1015 572 1086 μετὰ
606 1014 920 1085 φανωτάτου
957 1017 1100 1080 τινὸς
1126 1016 1296 1087 πυρὸς
1324 1017 1448 1087 ἔφη.
1484 1036 1501 1067 ι
1538 1018 1649 1070 Καὶ
1682 1016 1839 1071 πάλιν
1873 1019 2006 1070 ὑπο-

434 1105 533 1170 ϐὰς
555 1105 683 1178 ἑξῆς
716 1124 909 1177 φησιν·
950 1126 968 1158 ‹
998 1108 1119 1161 Εἰσὶ
1150 1107 1194 1160 δ’
1226 1102 1370 1161 οὗτοι
1415 1108 1519 1177 βίοι
1560 1111 1588 1161 6
1636 1108 1735 1179 μὲν
1765 1109 2003 1181 πρώτου,

430 1199 460 1253 6
509 1198 567 1252 66
606 1199 859 1271 δευτέρου
907 1199 1064 1253 Θεοῦ.
1101 1199 1350 1271 Δηλονότι
1394 1202 1422 1253 6
1473 1201 1572 1271 μὲν
1617 1199 1832 1271 πρῶτος
1875 1201 2005 1265 Θεὸς

432 1287 585 1343 ἔσται
613 1288 785 1353 ἑστὼς
811 1290 942 1361 (22),
973 1293 1000 1344 6
1028 1290 1084 1343 66
1121 1289 1373 1362 δεύτερος
1393 1290 1629 1362 ἔμπαλίν
1675 1293 1791 1343 ἐστι
1827 1291 2005 1345 κινού-

435 1398 613 1453 μενος.
659 1382 716 1435 Ὀ
745 1383 842 1452 μὲν
873 1378 966 1435 οῦν
995 1383 1210 1455 πρῶτος
1235 1384 1363 1455 περὶ
1392 1382 1460 1436 τὰ
1492 1382 1677 1452 νοητὰ,
1714 1384 1743 1436 6
1780 1382 1838 1435 66
1883 1382 2003 1435 δεύ-

429 1490 585 1545 τερος
625 1474 753 1545 περὶ
802 1473 873 1527 τὰ
918 1475 1086 1544 νοητὰ
1139 1474 1232 1528 καὶ
1279 1474 1533 1545 αἰσθητά.
1577 1474 1668 1545 Μὴ
1716 1474 2003 1546 θαυμάσῃς

429 1565 475 1619 δ’
508 1566 558 1618 εί
584 1565 728 1618 τοῦτ’
764 1565 926 1637 ἔφην·
962 1566 1096 1621 πολὺ
1129 1566 1238 1637 γὰρ
1263 1566 1343 1620 ἔτι
1373 1566 1811 1637 θαυμαστότερον
1840 1564 2004 1619 ἀκού-

430 1667 516 1726 σῃ.
556 1654 700 1706 Ἀντ).
724 1654 831 1726 γὰρ
863 1655 963 1725 τῆς
990 1655 1297 1727 προσούσης
1328 1655 1405 1727 τῷ
1435 1655 1669 1728 δευτέρῳ
1715 1657 1998 1727 κινήσεως,

425 1745 526 1816 τὴν
555 1747 861 1818 προσοῦσαν
886 1748 962 1819 τῷ
1001 1748 1198 1821 πρώτῳ
1228 1749 1415 1802 στάσιν
1447 1752 1588 1821 φημὶ
1619 1745 1755 1802 εἶναι
1790 1750 2001 1820 κίνησιν

429 1834 741 1906 σύμφυτονο
791 1840 882 1909 ἀφ’
920 1836 987 1911 ἧς
1026 1842 1060 1911 ἦ
1094 1858 1155 1893 τε
1206 1840 1359 1906 τάξις
1413 1841 1507 1894 τοῦ
1553 1841 1791 1912 κόσμου,
1824 1841 1919 1893 καὶ
1962 1843 1994 1912 ὴ

2117 644 2415 710 ducuntur,
2453 653 2511 697 ut
2537 643 2606 697 ab
2634 658 2700 698 eo
2725 642 2820 713 qui
2844 643 3071 711 dederit,
3103 644 3479 715 sejungantur,
3510 662 3696 701 exent-

2116 735 2186 803 pli
2210 735 2382 805 gratia
2408 736 2617 789 curatio
2642 776 2655 799 ,
2692 733 2893 790 divitia:
2911 780 2925 801 ,
2962 745 3247 806 argentum
3275 737 3522 792 caelatum
3546 778 3560 801 ,
3598 748 3693 795 aut

2115 826 2409 896 signatum,
2444 842 2508 881 ea
2548 827 2801 881 mortalia
2834 836 2962 883 sunt
2993 828 3342 899 humanaque
3371 830 3574 885 omnia.
3625 831 3698 888 At

2113 933 2243 970 vero
2267 918 2449 973 divina
2479 918 2747 988 ejusmodi
2775 928 2936 984 sunt,
2974 935 3095 989 quae
3122 936 3247 974 cum
3276 921 3398 976 aliis
3434 922 3504 977 ita
3537 939 3692 978 com»

2113 1009 2562 1076 municantur,ut
2591 1025 2767 1080 neque
2795 1019 3084 1081 postquam
3112 1011 3241 1066 illuc
3263 1011 3388 1066 inde
3419 1028 3695 1069 commea-

2111 1107 2260 1165 runt,
2291 1100 2414 1155 inde
2443 1109 2621 1156 tamen
2654 1102 3056 1168 abscesserint;
3088 1112 3142 1157 et
3168 1103 3296 1157 illuc
3322 1103 3584 1173 profecta,
3613 1107 3697 1162 sic

2109 1207 2235 1246 eum
2265 1193 2490 1263 juvent,
2521 1196 2617 1264 qui
2650 1196 2954 1263 acceperit,
2984 1205 3043 1250 ut
3075 1196 3123 1250 ei
3147 1195 3242 1266 qui
3274 1195 3519 1260 dederit,
3556 1198 3693 1255 nihil

2109 1283 2540 1352 incommodent,
2577 1287 2689 1342 imo
2725 1290 2937 1358 prosint
2971 1290 3134 1344 etiam
3165 1290 3391 1359 aliquid,
3439 1291 3568 1345 dum
3599 1306 3695 1346 eo-

2110 1392 2257 1441 rum,
2291 1394 2412 1448 quae
2433 1379 2545 1449 jam
2574 1387 2699 1434 ante
2728 1389 2908 1447 norat,
2944 1381 3061 1450 ipse
3108 1381 3446 1437 recordatur.
3495 1384 3692 1454 Cujus-

2109 1469 2255 1522 modi
2310 1484 2441 1524 sane
2490 1471 2718 1526 honesta
2770 1486 2836 1526 ac
2881 1471 3124 1528 liberalis
3153 1473 3402 1528 doctrina
3435 1484 3549 1537 est,
3602 1490 3691 1530 res

2106 1559 2263 1628 plane
2312 1559 2606 1630 singularis
2656 1570 2710 1615 et
2753 1562 3059 1628 excellens,
3106 1578 3227 1633 quae
3271 1578 3397 1618 cum
3434 1565 3687 1621 utilitatis

2106 1650 2393 1720 accipienti
2422 1652 2715 1721 plurimum
2742 1650 2953 1720 alferat,
2978 1654 3046 1708 ab
3076 1669 3144 1709 eo
3170 1665 3374 1719 tamen,
3402 1655 3495 1725 qui
3525 1655 3689 1710 dede-

2105 1747 2211 1814 ‘rit,
2245 1762 2355 1801 non
2387 1746 2652 1801 aufertur.
2710 1746 2849 1803 Nam
2893 1747 3353 1820 quemadmodum
3406 1749 3685 1805 lucernam

2104 1854 2225 1894 eam
2258 1840 2428 1907 vides,
2447 1856 2569 1910 quae
2595 1855 2823 1896 accensa
2851 1841 2919 1896 ab
2942 1842 3111 1898 altera
3135 1841 3521 1909 fuerit,lumen
3553 1842 3684 1895 illud

430 1904 565 2001 μονή
591 1931 624 2002 ἡ
656 1904 851 1999 ἀΐδιος,
871 1904 963 1985 κα).
984 1935 1017 2003 ή
1042 1904 1589 2005 σωτηρία-ἀναχεῖται
1619 1904 1699 1999 είς
1726 1904 1794 1987 τά
1824 1932 1941 1987 ὅλα.

2100 1931 2368 1998 retinere,
2414 1904 2563 2002 quod
2604 1932 2773 2002 priori
2805 1946 2914 1987 non
2957 1904 3429 1999 abstulerit,’sed
3470 1940 3681 1987 tantum

437 2022 561 2077 Ἐπὶ
594 2022 805 2087 τούτοις
848 2024 941 2078 καὶ
987 2027 1045 2079 ὲν
1095 2024 1175 2096 τῷ
1221 2025 1366 2097 ἕκτῳ
1418 2026 1738 2097 προστίθησι
1787 2025 1994 2080 ταῦτα’

429 2131 448 2165 ι
496 2115 711 2187 Ἐπειδὴ
744 2116 856 2187 ᾔδει
903 2119 931 2170 6
964 2116 1187 2171 Πλάτων
1239 2116 1389 2188 παρὰ
1431 2120 1543 2181 τοῖς
1570 2116 1878 2189 ἀνθρώποις
1909 2117 1999 2171 τὸν

426 2207 526 2278 μὲν
580 2207 920 2280 Δημιουργὸν
962 2210 1362 2279 γινωσκόμενον
1417 2210 1574 2280 μόνον
1600 2250 1614 2274 ,
1667 2209 1756 2263 τὸν
1817 2209 1998 2280 μέντοι

421 2297 639 2369 πρῶτον
677 2298 800 2353 νοῦν
825 2339 838 2365 ,
889 2300 1036 2363 ὅστις
1080 2300 1365 2366 καλεῖται,
1433 2300 1596 2354 αὑτὸν
1654 2300 1997 2354 παντάπασιν

419 2383 784 2454 ἀγνοούμενον
836 2386 964 2456 παρ’
1003 2387 1206 2451 αὐτοῖς,
1256 2386 1342 2439 διὰ
1386 2386 1542 2440 τοῦτο
1583 2386 1756 2450 οὕτως
1806 2381 1956 2440 εἶπεν
1979 2425 1994 2451 ,

420 2471 612 2542 ὥσπερ
643 2475 707 2528 ἄν
737 2492 819 2536 τις
845 2474 988 2528 οὕτω
1020 2474 1165 2543 λέγοι
1190 2492 1205 2505 ο
1226 2470 1296 2527 Ὦ
1325 2475 1617 2546 ἄνθρωποι,
1648 2476 1706 2529 ὃν
1731 2475 1996 2539 τοπάζετε

418 2566 578 2637 ὑμεῖς
607 2565 749 2631 νοῦν,
783 2567 884 2619 οὐκ
912 2565 1025 2619 ἔστι
1055 2565 1288 2638 πρῶτος,
1314 2565 1448 2620 ἀλλὰ
1486 2567 1671 2638 ἕτερος
1709 2567 1844 2638 πρὸς
1875 2565 1997 2619 τού-

420 2674 514 2709 του
557 2655 717 2722 νοῦς,
766 2655 1136 2729 πρεσϐύτερος
1181 2655 1276 2710 καὶ
1319 2655 1608 2728 θειότερος.
1653 2677 1671 2709 ι
1714 2657 1826 2710 Καὶ
1877 2657 1994 2729 μεθ’

420 2746 582 2818 ἔτερα
605 2746 845 2816 ἐπιλέγει
867 2764 879 2777 ·
909 2766 926 2797 ι
958 2746 1309 2819 Κυϐερνήτης
1347 2748 1445 2817 μέν
1476 2765 1577 2801 που
1620 2751 1677 2801 ὲν
1718 2749 1868 2819 μέσῳ
1898 2767 1995 2802 πε-

419 2837 574 2906 λάγει
624 2838 992 2910 φορούμενος,
1051 2840 1190 2912 ὑπὲρ
1225 2840 1486 2909 πηδαλίου
1537 2839 1832 2909 ὑψίζυγος,
1883 2842 1998 2904 τοῖς

420 2930 560 2997 οἴαξι
585 2929 806 2985 διιθύνει
830 2932 930 3003 τὴν
963 2931 1098 2985 ναῦν
1140 2931 1467 3003 ἐφεζόμενος
1487 2950 1501 2962 ⁶
1554 2932 1778 3003 ὄμματα
1810 2933 1855 2986 δ’
1898 2935 1996 2987 αὐ-

419 3022 513 3076 τοῦ
533 3023 642 3094 (25)
661 3024 756 3077 καὶ
776 3024 899 3087 νοῦς
926 3024 1053 3078 εὐθὺ
1083 3023 1174 3077 τοῦ
1202 3024 1417 3095 αἰθέρος
1435 3024 1748 3089 ξυντέταται
1770 3024 1905 3096 πρὸς
1928 3024 1997 3078 τὰ

422 3116 710 3189 μετάρσια.
739 3117 833 3170 καὶ
867 3118 900 3188 ἡ
943 3118 1060 3182 ὁδὸς
1091 3116 1239 3188 αὐτῷ
1272 3117 1384 3171 ἄνω
1411 3118 1476 3171 δι’
1520 3117 1750 3188 ούρανοῦ
1785 3117 1992 3183 ἄπεισι,

418 3207 637 3289 πλέοντι
673 3210 823 3263 κάτω
856 3210 996 3263 κατὰ
1046 3210 1143 3281 τὴν
1173 3208 1443 3264 θάλατταν
1462 3227 1476 3240 ·
1508 3209 1651 3263 οὕτω
1680 3211 1774 3264 καὶ
1819 3213 1848 3263 6
1886 3213 1992 3281 Δη-

421 3299 706 3370 μιουργὸς,
735 3300 835 3371 τὴν
865 3299 1017 3372 ὕλην,
1049 3300 1144 3355 τοῦ
1189 3304 1324 3373 μήτε
1357 3301 1670 3374 διακροῦσαι
1709 3302 1820 3373 (24)
1851 3304 1989 3373 μήτε

415 3389 823 3462 ἀποπλεχθῆναι
848 3392 1047 3464 αὐτὴν,
1087 3393 1323 3464 ἁρμονίᾳ
1358 3391 1777 3465 ξυνδησάμενος,
1829 3394 1992 3457 αὐτὸς

420 3480 518 3552 μὲν
546 3482 685 3554 ὑπὲρ
710 3482 913 3555 ταύτης
953 3483 1184 3554 ἵδρυται,
1222 3478 1333 3537 οἷον
1377 3484 1517 3555 ὑπὲρ
1549 3483 1685 3548 νεὼς
1741 3485 1834 3538 ἐπὶ
1893 3487 1991 3538 θα-

417 3573 635 3647 λάττης,
671 3576 771 3646 τῆς
802 3576 932 3647 ὕλης
958 3577 1067 3648 (25)
1089 3595 1102 3607 ·
1141 3576 1237 3649 τὴν
1267 3578 1530 3649 ἁρμονίαν
1570 3577 1626 3630 δὲ
1674 3577 1841 3631 ἰθύνει
1873 3580 1993 3641 ταῖς

420 3664 585 3730 ἰδέαις
615 3666 897 3731 οἰακίζων,
923 3667 1107 3738 βλέπει
1144 3686 1203 3722 τε
1234 3670 1355 3722 ἀντὶ
1384 3667 1479 3722 τοῦ
1520 3668 1748 3741 ούρανοῦ
1796 3672 1875 3732 εἰς
1902 3670 1993 3722 τὸν

330 3820 339 3829 ι
414 3756 529 3813 ἂνω
552 3757 683 3812 Θεὸν
712 3759 1117 3829 προσαγόμενον
1153 3759 1317 3813 αὐτοῦ
1354 3760 1422 3813 τὰ
1451 3760 1695 3832 ὄμματα,
1725 3761 1990 3832 λαμϐάνει

415 3865 475 3901 τε
501 3847 563 3901 τὸ
589 3850 685 3919 μὲν
708 3850 952 3922 κριτικὸν
976 3852 1083 3905 ἀπὸ
1111 3851 1211 3921 τῆς
1235 3851 1488 3923 θεωρίας,
1518 3852 1579 3906 τὸ
1610 3852 1667 3905 δὲ
1695 3853 1992 3924 ὁρμητικὸν

418 3940 526 3994 ἀπὺ
548 3942 645 4012 τῆς
676 3941 937 4011 ἐφέσεως.
967 3962 985 3993 ι
1012 3943 1120 3995 Καὶ
1145 3945 1173 3996 6
1196 3943 1468 4014 Σωτήριος
1484 3946 1612 4014 παρ’
1650 3947 1780 4016 ἡμῖν
1811 3945 1987 4015 λόγος,

420 4051 441 4084 ι
462 4034 645 4098 Οὐδὲν,
683 4035 836 4106 φησὶ,
866 4034 1086 4089 δύναται
1114 4037 1143 4089 6
1179 4036 1304 4100 Υἱὸς
1326 4039 1500 4089 ποιεῖν
1539 4038 1633 4106 ἀφ’
1664 4038 1992 4105 ἐαυτοῦ,ὲὰν

420 4124 494 4194 μή
539 4142 594 4176 τι
627 4124 800 4198 βλέπῃ
831 4124 922 4179 τὸν
950 4124 1169 4194 Πατέρα
1197 4125 1467 4178 ποιοῦντα.
1505 4144 1522 4176 ι
1545 4125 1705 4179 Ἀλλὰ
1731 4126 1837 4200 γάρ
1870 4146 1992 4182 τοσ-

414 4214 553 4269 αῦτα
596 4218 691 4270 καὶ
723 4217 851 4288 περὶ
876 4215 1028 4269 τοῦδε
1050 4218 1078 4269 6
1099 4217 1424 4287 Νουμήνιος.
1445 4216 1563 4270 Ὅτι
1585 4218 1642 4271 δὲ
1670 4219 1770 4272 οὐκ
1792 4221 1987 4288 οἰκεῖα,

416 4307 485 4361 τὰ
511 4306 567 4360 66
597 4307 844 4361 Πλάτωνι
887 4304 1147 4361 δοκοῦντα
1177 4307 1422 4377 διεσάφει
1448 4346 1463 4370 ,
1511 4308 1666 4362 οὐδὲν
1717 4309 1990 4378 ἐπιλέγειν

415 4398 498 4454 δεῖ
522 4401 641 4462 ταῖς
675 4398 838 4453 αὑτοῦ
863 4402 1084 4468 φωναῖς.
1121 4401 1179 4453 '0
1207 4399 1262 4453 δέ
1284 4417 1347 4469 γε
1379 4400 1605 4456 Πλάτων
1625 4402 1707 4455 ὅτι
1736 4403 1810 4474 μὴ
1842 4403 1992 4475 πρῶ-

416 4505 509 4554 τος
532 4491 712 4543 ταῖσδε
740 4490 975 4562 κέχρητο
1005 4494 1125 4555 ταῖς
1152 4492 1448 4559 ἐπιϐολαῖς,
1466 4494 1745 4562 φαίνονται
1763 4495 1807 4548 δ’
1828 4496 1988 4551 αὐτὸν

489 4666 601 4738 (22)
623 4669 839 4738 Ἔσται
862 4665 1069 4734 ἑστώς.
1108 4665 1268 4738 Forte
1297 4667 1641 4738 scribendum
1668 4669 1816 4722 ἐστὶν
1850 4670 1987 4732 ἐστη

417 4736 598 4808 ιιιίίὸ
638 4737 882 4808 secundo
921 4739 1022 4793 deo
1066 4737 1302 4800 dicitur,
1333 4737 1450 4790 ἐστὶ
1493 4736 1827 4808 κινούμενος.
1875 4738 1989 4794 Nisi

418 4807 558 4878 forte
583 4822 677 4876 per
694 4806 938 4878 futurum
960 4808 1089 4878 illud
1124 4815 1354 4877 tempus,
1375 4806 1775 4878 ἀμετακίνητον
1800 4809 1987 4863 στάσιν

418 4877 663 4932 indicare
688 4877 880 4941 voluit,
898 4892 1021 4946 quae
1045 4877 1113 4932 de
1139 4879 1461 4932 constantiie
1486 4893 1598 4934 suae
1623 4880 1814 4947 gradu,
1840 4881 1989 4934 nullo

418 4962 662 5016 unquam
691 4956 933 5016 tempore
962 4947 1033 5002 sit
1061 4947 1344 5001 movenda.
1368 4947 1546 5017 Atque
1570 4949 1616 5002 is
1639 4948 1989 5004 Hebraeorum

420 5017 731 5098 idiotismus
771 5018 1236 5100 est,_apud‘quos
1279 5017 1523 5100 futurum
1555 5019 1840 5100 praesentis
1870 5020 1990 5100 loco

417 5087 658 5158 maxime
687 5095 1004 5155 usurpatur,
1044 5087 1138 5141 ubi
1166 5087 1411 5158 eamdem
1443 5087 1656 5158 semper
1689 5089 1883 5158 suique
1916 5091 1992 5143 si-

418 5157 606 5212 milem
667 5157 745 5211 rei
802 5158 1215 5227 perpetuitatem
1270 5157 1597 5227 signiﬁcant.
1661 5158 1798 5213 Hinc
1857 5160 1987 5214 illud

418 5226 591 5299 Exodi
615 5241 699 5299 ιιι,
726 5227 820 5299 id,
850 5225 962 5295 Ego
991 5244 1109 5281 sum
1134 5229 1222 5297 qui
1248 5225 1386 5286 sum.
1419 5227 1529 5296 ἐγώ
1560 5230 1676 5299 εἰμι
1704 5227 1861 5299 όέῦν,
1886 5229 1990 5284 He-

418 5298 604 5352 braice
626 5297 834 5368 legitur
849 5305 987 5357 mna
1011 5307 1142 5356 ηωκ
1170 5305 1331 5368 mnu.
1371 5298 1476 5368 Ero
1500 5300 1589 5368 qui
1613 5297 1723 5351 ero.
1745 5297 1807 5351 Et
1827 5301 1987 5368 paulo

420 5377 579 5436 post,
609 5365 715 5432 Qui
742 5376 850 5428 est,
890 5368 1035 5438 misit
1065 5383 1184 5421 me:
1226 5370 1254 5420 6
1293 5367 1387 5431 ὢν,
1425 5365 1585 5422 Hebr.
1627 5376 1802 5433 nime,
1827 5365 1986 5438 quod

402 5438 647 5491 rverbunt
715 5445 903 5500 sonat,
949 5436 1102 5501 Erit,
1140 5440 1283 5491 misit
1337 5454 1417 5491 me
1464 5438 1533 5491 ad
1578 5455 1685 5493 vos.
1735 5436 1987 5494 Clemens

403 5506 986 5596 ίὲίῗλνὶίέἷίέἐίδῑξίξ
1017 5506 1591 5596 δίνῩΨ·τΡ¹ξ¹ε¹ΪῙ¹ξἨὶἷί¹
1618 5508 1988 5596 δβίιρέειξίρερ

426 5591 519 5644 qui
575 5584 836 5646 perpetuo
887 5586 1028 5641 stet,
1097 5587 1277 5632 erecto
1323 5577 1572 5633 similiter
1619 5577 1676 5634 et
1716 5580 1986 5646 constanti

426 5644 611 5735 animo
628 5644 956 5735 serviamus
993 5646 1176 5735 Οὕτως
1205 5646 1699 5735 ξΑίξραάμηίῐξηιιίι,
1727 5646 1896 5735 ὲστςρς
1919 5644 1987 5735 ἦν

426 5716 729 5789 κατέναντιμ
748 5716 993 5789 Κυρίουή
1034 5717 1127 5789 καὶ
1161 5715 1240 5789 τῷ
1278 5715 1501 5771 Μωῦσεῖ
1541 5715 1782 5789 λέγεται·
1819 5717 1892 5771 Σὺ
1930 5715 1987 5771 66

428 5786 609 5857 αὐτοῦ
638 5784 794 5856 στῆθι
826 5784 946 5857 μετ’
981 5787 1134 5857 ἐμοῦ.
1174 5784 1294 5852 Quo
1337 5789 1499 5843 etiam
1547 5784 1987 5844 Simonianorum

429 5856 804 5912 haereticorum
850 5856 1301 5913 consuetudinem
1352 5867 1605 5917 revocat.
1665 5861 1758 5922 qui
1821 5874 1985 5917 suum

2023 4606 2070 4665 D

2097 2037 2203 2091 qua
2229 2022 2497 2078 instructa
2524 2026 2642 2093 ipsa
2657 2033 2743 2080 est
2757 2025 3008 2089 materia,
3029 2024 3254 2079 alterius
3279 2024 3403 2094 igne
3429 2038 3682 2089 accensa,

2097 2114 2368 2182 acceperit
2398 2131 2411 2166 :
2444 2112 2520 2168 ita
2546 2113 2792 2184 profecto
2827 2114 3100 2179 doctrina,
3136 2124 3197 2170 ut
3227 2116 3465 2170 donetur
3495 2115 3564 2169 ab
3597 2116 3680 2169 al-

2098 2212 2237 2271 tero,
2288 2204 2356 2259 ah
2396 2204 2568 2261 altero
2603 2206 2936 2275 accipiatur,
2974 2206 3164 2261 eadem
3199 2215 3381 2261 tamen
3426 2213 3481 2260 et
3526 2205 3584 2260 in
3616 2221 3682 2261 eo

2097 2297 2190 2366 qui
2219 2296 2448 2362 dederit,
2473 2306 2660 2366 postea
2693 2305 2958 2362 remanet,
2991 2297 3132 2359 etin
3162 2311 3228 2352 eo
3262 2305 3442 2352 tamen
3468 2295 3562 2365 qui
3587 2311 3683 2351 ac»

2093 2386 2318 2455 ceperit,
2371 2387 2487 2457 ipsa
2520 2395 2793 2443 versatur.
2824 2387 2988 2459 539
3015 2387 3187 2457 Cujus
3218 2402 3350 2442 sane
3378 2388 3457 2442 rei
3490 2403 3678 2450 causa,

2095 2479 2169 2532 mi
2200 2481 2422 2550 hospes,
2460 2480 2684 2536 humani
2720 2482 2858 2535 nihil
2883 2490 2966 2537 est
2993 2499 3007 2548 ;
3046 2481 3140 2535 sed
3165 2478 3309 2550 quod
3334 2479 3557 2534 habitus
3588 2479 3681 2533 illa

2096 2578 2414 2641 naturaeque
2443 2572 2586 2627 ratio
2605 2613 2621 2638 ,
2671 2573 2831 2643 cujus
2859 2573 3063 2628 ambitu
3096 2573 3323 2628 scientia
3350 2572 3679 2639 continetur,

2095 2662 2283 2717 eadem
2310 2663 2536 2718 omnino
2577 2679 2700 2719 cum
2728 2664 2783 2718 in
2814 2663 2923 2720 Deo
2949 2664 3042 2730 sit,
3076 2679 3107 2718 a
3134 2680 3243 2734 quo
3268 2662 3528 2733 profecta,
3562 2672 3681 2718 tum

2094 2753 2148 2806 in
2174 2769 2259 2808 me
2285 2753 2451 2809 simul
2483 2770 2547 2808 ac
2577 2764 2648 2819 te,
2676 2755 2769 2826 qui
2803 2754 3138 2825 accepimus.
3193 2753 3381 2824 Itaque
3408 2754 3562 2809 Plato
3585 2770 3679 2809 sa-

2092 2845 2352 2913 pientiam
2380 2846 2446 2900 ad
2475 2846 2764 2912 homines,
2809 2861 2918 2900 una
2957 2861 3082 2901 cum
3117 2847 3242 2915 igne
3270 2845 3613 2909 clarissimo,
3647 2859 3680 2899 a

2093 2933 2418 2992 Prometheo
2441 2937 2672 2992 delatam
2700 2935 2822 2993 esse
2848 2937 3114 2992 dicebat.»
3161 2934 3305 2991 Idem
3337 2936 3678 3006 aliquantum

2092 3041 2418 3097 progressus
2441 3027 2545 3082 ista
2568 3027 2848 3097 subjungit
2873 3046 2886 3082 :
2911 3047 2929 3078 ι
2954 3026 3031 3080 Ea
3061 3036 3209 3095 sunt,
3229 3027 3406 3099 inquit
3448 3028 3575 3083 vita:
3595 3043 3681 3099 ge-

2095 3131 2259 3181 nera;
2292 3116 2454 3187 primi
2495 3117 2583 3172 dei
2618 3119 2870 3184 alterum,
2900 3118 3129 3172 alterum
3156 3117 3402 3172 secundi.
3461 3115 3682 3171 Primus

2020 3250 2062 3307 Ο
2096 3207 2298 3278 quippe
2344 3207 2490 3263 Deus
2524 3225 2668 3264 unus
2719 3224 2934 3279 semper
2985 3210 3237 3273 idemque
3266 3209 3510 3278 persistit
3546 3227 3560 3262 :
3590 3225 3681 3265 se-

2095 3303 2308 3377 cundus
2335 3301 2570 3357 subinde
2606 3301 2814 3356 moveri
2845 3301 3001 3357 solet.
3036 3300 3129 3356 ille
3165 3302 3502 3373 spiritalibus
3534 3302 3680 3357 dun-

2094 3402 2246 3448 taxat
2275 3393 2327 3447 in
2357 3394 2543 3460 rebus,
2591 3393 2681 3448 hic
2723 3393 2779 3447 in
2826 3393 2916 3458 iis,
2967 3403 3078 3449 tam
3118 3409 3238 3465 quae
3264 3409 3480 3459 sensus,
3510 3409 3678 3465 quam

2093 3500 2217 3555 quae
2263 3486 2479 3540 animus
2529 3484 2779 3555 percipit,
2824 3494 3144 3555 occupatur.
3203 3484 3391 3555 Neque
3418 3501 3549 3541 vero
3578 3485 3680 3541 tibi

2094 3576 2294 3631 mirum
2338 3576 2392 3632 id
2420 3577 2699 3643 videatur;
2739 3577 2862 3646 plus
2903 3579 3069 3632 etiam
3104 3578 3547 3634 admirabilitatis
3578 3579 3681 3634 ba-

2094 3671 2204 3735 bet,
2233 3671 2379 3741 quod
2413 3672 2621 3727 audies.
2654 3670 2791 3727 Nam
2821 3673 2943 3728 loco
2974 3681 3157 3727 motus
3180 3673 3324 3743 ejus,
3355 3672 3410 3727 in
3442 3687 3554 3743 quo
3586 3689 3680 3728 se-

2094 3762 2308 3817 cundus
2337 3772 2609 3830 versatur,
2644 3763 2795 3818 illum
2828 3779 2950 3834 ego,
2982 3763 3077 3834 qui
3104 3763 3265 3833 primi
3290 3764 3544 3834 proprius
3572 3772 3676 3830 est,

2094 3860 2295 3907 statum
2320 3867 2383 3909 ac
2401 3852 2713 3909 ﬁrmitatem
2736 3853 2956 3924 quietis,
2981 3854 3222 3909 nativum
3246 3854 3534 3924 quemdam
3560 3868 3680 3908 mo-

2093 3955 2208 4001 tum
2235 3961 2356 4002 esse
2384 3945 2636 4011 defendo,
2670 3962 2735 4001 ex
2768 3960 2877 4017 quo
2901 3947 3043 4001 hanc
3066 3945 3122 4000 in
3147 3961 3328 4000 rerum
3354 3943 3679 4000 universita-

2095 4047 2199 4094 tem
2218 4079 2234 4106 ,
2260 4038 2450 4093 mundi
2484 4038 2622 4093 ordo
2670 4053 2735 4093 ac
2760 4038 3093 4107 sempiterna
3121 4037 3462 4101 constantia,
3497 4036 3680 4092 salus.

2092 4145 2200 4201 que
2227 4129 2519 4185 derivetur.
2556 4147 2575 4181 ι
2638 4128 2818 4199 Atque
2859 4129 3056 4182 iterum
3081 4127 3222 4183 libro
3249 4136 3406 4182 sexto
3435 4145 3447 4181 :
3486 4145 3505 4177 ι
3536 4127 3673 4181 Cum

2090 4218 2280 4284 Plato,
2323 4219 2538 4288 inquit,
2585 4218 2754 4287 probe
2799 4217 3156 4286 intelligeret,
3202 4215 3378 4271 solum
3411 4215 3675 4270 artiﬁcem

2090 4310 2263 4367 Deum
2322 4320 2508 4364 notum
2563 4308 2880 4364 hominibus
2929 4322 2995 4361 ac
3038 4316 3380 4376 perspectum
3425 4322 3569 4372 esse,
3620 4320 3677 4361 at

2090 4403 2282 4472 primae
2309 4402 2457 4456 illius
2485 4400 2687 4455 mentis
2717 4414 2916 4453 nomen
2951 4398 3249 4452 obscurum
3293 4398 3513 4467 penitus
3538 4398 3675 4467 ipsis

2091 4507 2257 4569 atque
2288 4494 2534 4565 ignotum
2568 4506 2790 4546 manere
2821 4509 2834 4545 :
2865 4490 2971 4545 hoc
2998 4489 3229 4560 proinde
3272 4506 3445 4562 genus
3473 4491 3675 4546 oratio-

2095 4670 2229 4727 illud
2271 4684 2472 4724 numen
2508 4674 2717 4723 stantes
2745 4673 3132 4721 venerarentur
3160 4681 3176 4721 :
3207 4667 3271 4718 Οί
3302 4663 3359 4717 δὲ
3404 4665 3548 4734 ἀμφὶ
3581 4663 3674 4719 τὸν

2089 4739 2552 4813 Σίμωναηίιιςμιίι,
2575 4735 2651 4807 τῷ
2680 4735 2894 4813 ἑστῶτι,
2928 4736 2987 4790 ὃν
3018 4735 3258 4813 σέϐουσι,
3292 4733 3672 4813 ἐξομοιοῦσθαι

2091 4805 2294 4882 τρόπον
2340 4805 2639 4882 βούλονται,
2676 4805 2760 4862 An
2804 4806 2972 4882 forte,
3010 4817 3072 4861 ut
3105 4806 3402 4882 Platonici,
3432 4806 3668 4874 primum

2090 4875 2238 4935 hunc
2257 4875 2419 4936 deum
2445 4878 2684 4944 ἑστῶτα,
2723 4878 3025 4933 secundum
3057 4892 3186 4932 vero
3225 4875 3542 4945 κινούμενον
3569 4890 3671 4946 pu-

2090 4960 2343 5007 taverunt
2363 4951 2386 5004 ?
2835 4994 2842 5001 .

2163 5022 2276 5091 (25)
2323 5017 2688 5091 "Oyyata__6’
2726 5016 2933 5091 αὑτοῦἶ
2987 5015 3144 5091 Ωιιοᾴ
3180 5013 3534 5091 de_secundo
3562 5014 3671 5091 _ill_o

2090 5085 2559 5146 Nu'menius'falso
2592 5088 2841 5150 dicebat,
2882 5088 2934 5141 id
2979 5089 3046 5141 de
3075 5086 3375 5142 Christiani
3431 5085 3668 5140 hominis

2090 5162 2306 5225 animo,
2337 5160 2427 5231 qui
2467 5159 2687 5215 cteleste
2728 5157 3162 5231 qtto_ddam__vita:
3190 5171 3361 5231 genus
3387 5156 3666 5231 instituat,

2090 5222 2578 5301 usurpari'merito
2606 5222 2798 5297 possit.
2826 5224 2940 5301 _Nec
2967 5227 3111 5280 aliud
3136 5222 3430 5301 spectabat
3458 5222 3664 5279 Paulus

2089 5295 2504 5356 cum—diceret:
2534 5295 2869 5353 conversatio
2909 5306 3089 5348 nostra
3128 5296 3181 5347 in
3230 5295 3373 5347 caelis
3416 5303 3523 5357 est,
3569 5303 3668 5349 aut

2089 5387 2214 5425 cum
2258 5371 2506 5425 homines
2538 5367 2879 5423 Christianos
2903 5406 2918 5433 ,
2947 5366 3080 5420 cives
3105 5373 3410 5419 sanctorum
3428 5404 3444 5430 ,
3474 5380 3536 5418 ac
3565 5363 3668 5419 Dct'

2089 5441 2403 5513 domesticos
2435 5454 2557 5513 esse
2570 5437 2831 5513 cupiebgt.
2996 5503 3021 5513 _
3186 5501 3213 5513 υ

2160 5502 2684 5582 (24).7Διακροῦσάι.
2743 5504 2938 5569 Forte,
2991 5502 3381 5582 διακροῦσθαι,
3417 5503 3504 5558 vel
3545 5503 3663 5558 διαο

2091 5572 2463 5652 κρουσθῆναιξ
2507 5588 2565 5632 ut
2606 5592 2733 5631 eum
2776 5574 3027 5646 sequenti
3073 5572 3481 5645 ἀποπλεχβῆναι
3530 5588 3666 5629 cott-

2089 5652 2289 5705 veniat.

2160 5720 2293 5792 (25)
2319 5717 2434 5792 Τῆς
2461 5718 2643 5792 eam.
2664 5713 3016 5785 Perspicuum
3055 5714 3327 5785 glossema
3367 5722 3489 5785 est,
3534 5727 3663 5771 cum

2088 5785 2357 5861 praecedat
2381 5788 2522 5859 ὑπὲρ
2549 5785 2771 5857 ταύτης.
