4156 6424
478 384 584 443 899
1106 380 1375 438 EUSEBH
1412 376 1890 435 CESARIENSIS
1929 378 2080 435 OPP.
2110 378 2292 434 PARS
2332 378 2398 436 ll.
2429 412 2498 421 —
2534 378 3035 437 APOLOGETICA.
3616 382 3730 439 900

480 499 568 557 nis
596 494 864 561 adhibuit,
891 491 1112 563 perinde
1134 501 1195 547 ut
1222 493 1267 547 si
1298 492 1422 562 quis
1451 493 1598 546 hunc
1633 491 1687 546 in
1720 492 1941 547 modum
1971 493 2050 546 lo-

2180 495 2547 565 προειληφότες
2585 496 2846 567 Ἐϐραίων
2888 499 2937 550 οἱ
2985 499 3165 567 σοφοὶ,
3202 499 3469 553 δέδεικται
3503 500 3591 553 διὰ
3620 500 3729 553 τῶν

480 596 758 660 queretur.
812 583 985 650 Quam
1011 597 1111 636 vos
1142 590 1378 635 mentem
1407 580 1658 636 homines
1686 597 1807 636 esse
1834 582 2058 651 conjici-

2180 585 2570 656 κτεθειμένων.
2598 586 2835 651 Εἰκότως
2856 588 2991 658 δῆτα
3023 589 3115 641 καὶ
3151 588 3259 642 τῶν
3281 589 3584 659 φιλοσόφων
3617 590 3734 643 δια-

480 686 587 745 tis.
636 697 697 738 ea
744 679 962 751 quidem
1017 676 1190 747 prima
1244 690 1353 731 non
1406 683 1533 729 est:
1571 674 1846 745 antiquior
1891 676 2059 729 altera

2180 676 2333 746 ρανὴς
2366 676 2604 744 γεγονὼς
2638 678 2899 748 Ἀμέλιος,
2928 679 3025 748 τῆς
3052 675 3337 742 Πλάτωνος
3358 680 3450 734 καὶ
3478 680 3659 745 αὐτὸς,
3684 683 3733 733 εἰ

481 774 730 845 quadam
768 778 863 826 est
912 780 1075 839 atque
1127 768 1382 823 divinior.
1420 786 1438 818 ι
1501 765 1741 836 [temque
1783 766 2063 821 nonnullis

2180 768 2252 819 ιαί
2277 785 2359 830 τις
2386 768 2562 832 ἄλλος,
2594 768 2839 841 ζηλωτὴς
2887 771 3220 840 φιλοσοφίας,
3257 772 3397 841 πλὴν
3428 772 3562 825 ἀλλὰ
3604 771 3735 844 βάρ-

482 865 839 935 interpositis,
880 880 900 914 ι
935 860 1137 931 Utique
1188 862 1345 914 navis
1396 860 1744 931 gubernator,
1774 857 1953 911 medio
1975 857 2059 927 ja-

2180 859 2325 929 iapov
2368 860 2642 929 ὀνομάσας
2684 861 2772 914 τὸν
2809 862 3072 933 Ἐϐραίων
3100 862 3207 933 (26)
3255 862 3520 930 Θεολόγον,
3558 865 3607 915 εί
3642 864 3736 917 καὶ

482 969 659 1016 ctatus
683 956 841 1019 mari,
870 955 1025 1010 clavo
1053 952 1271 1024 quidem
1299 952 1549 1008 sublimis
1579 950 1844 1011 insidens,
1877 950 2057 1002 navim

2180 949 2242 1021 si]
2274 951 2361 1002 én'
2389 951 2649 1021 ὀνόματος
2679 952 2877 1021 ἠξίωσε
2911 953 3003 1006 τοῦ
3052 953 3437 1022 εὐαγγελιστοῦ
3488 955 3735 1008 Ἰωάννου

483 1048 863 1119 gubernaculis
886 1046 1024 1116 regit
1055 1063 1071 1100 :
1106 1054 1158 1099 at
1180 1044 1369 1099 oculos
1400 1042 1561 1098 simul
1607 1049 1769 1108 atque
1800 1049 2059 1103 mentem,

2180 1044 2386 1113 μνήμην
2426 1044 2750 1113 ποιήσασθαι
2772 1085 2785 1108 ,
2821 1048 3181 1117 ἐπιμαρτυρεῖ
3220 1048 3264 1100 δ’
3291 1044 3383 1101 οὖν
3430 1048 3579 1118 ὅμως
3616 1048 3737 1111 ταῖς

486 1150 630 1193 recta
656 1152 930 1191 summum
962 1136 1017 1189 in
1060 1136 1259 1189 coelum
1307 1132 1569 1187 intentam
1614 1130 1955 1197 delixamque
1983 1136 2062 1183 te-

2180 1132 2330 1185 ιύτοῦ
2378 1136 2581 1201 φωναῖς
2608 1172 2623 1197 ,
2678 1134 2818 1188 αὐτὰ
2867 1135 2930 1206 δὴ
2991 1136 3161 1189 ταῦτα
3213 1136 3348 1207 πρὸς
3396 1136 3544 1207 ῥῆμα
3595 1134 3736 1206 γρά-

487 1240 608 1299 net,
643 1245 848 1300 suaque
883 1228 1257 1292 hommi,dum
1283 1226 1510 1281 inferius
1539 1238 1687 1278 mare
1723 1223 1943 1293 trajicit,
1978 1223 2063 1275 via
2169 1241 2303 1292 φων.

486 1324 739 1395 superius
765 1338 857 1391 per
901 1322 1100 1375 coelum
1163 1318 1469 1373 conﬁcitur.
1522 1317 1599 1370 lta
1666 1325 1852 1369 noster
1883 1314 1971 1368 hic
1999 1312 2215 1379 artifex,
2250 1330 2317 1369 ne
2378 1324 2471 1370 aut
2530 1318 2813 1372 materiam
2857 1317 2974 1389 ipse
3018 1319 3272 1389 disjieiat,
3319 1327 3415 1373 aut
3443 1318 3738 1388 dissipetur

486 1420 603 1492 ipsa
657 1434 753 1488 per
798 1432 950 1481 sese,
978 1432 1098 1471 eam
1163 1415 1256 1469 ubi
1323 1411 1714 1482 temperatione
1756 1411 2066 1480 colligavit,
2093 1410 2265 1465 eidem
2287 1449 2301 1475 ,
2332 1412 2555 1480 perinde
2613 1422 2671 1467 ut
2712 1414 2767 1468 in
2798 1415 2932 1468 mari
2965 1430 3191 1469 summa:
3222 1415 3378 1479 navi,
3412 1414 3492 1468 sic
3518 1413 3737 1478 insidet,

487 1522 548 1567 ut
598 1513 743 1567 illam
787 1510 957 1581 ipsius
1010 1509 1453 1578 temperatiouem
1521 1507 1656 1561 idcis
1723 1506 2072 1575 quibusdam.
2122 1506 2277 1574 quasi
2327 1506 2730 1576 gubernaculis,
2775 1510 3086 1564 moderetur
3134 1526 3147 1563 :
3217 1509 3447 1573 caelique
3496 1508 3616 1562 loco
3643 1524 3738 1562 su-

489 1607 757 1676 periorem
789 1606 842 1659 in
890 1604 1082 1671 Deum,
1141 1620 1271 1659 suos
1323 1604 1496 1672 ipsius
1535 1601 1726 1655 oculos
1786 1602 1841 1653 in
1898 1615 2016 1655 sese
2071 1609 2470 1655 convertentem
2524 1603 2789 1669 intuitus,
2838 1619 2903 1657 ex
2950 1600 3403 1672 contemplatione
3458 1603 3738 1673 judicandi

486 1701 619 1767 vim,
653 1709 714 1753 ut
739 1714 807 1753 ex
838 1708 1029 1768 suopte
1058 1697 1329 1752 desiderio
1388 1696 1804 1765 propensionem
1844 1703 1895 1749 et
1955 1694 2217 1764 impetum
2271 1696 2520 1765 accipiat.
2557 1717 2575 1749 ι
2611 1696 2821 1763 Quibus
2871 1714 3003 1752 sane
3042 1698 3353 1769 philosophi
3380 1698 3558 1752 verbis
3582 1696 3740 1753 aliine

487 1793 620 1849 illud
680 1802 763 1847 est
814 1792 1118 1847 Servatoris
1185 1792 1357 1845 nostri
1383 1790 1449 1853 ”,
1490 1808 1508 1841 ι
1552 1788 1720 1854 Nihil,
1769 1789 1966 1859 inquit,
2012 1799 2189 1860 potest
2248 1789 2417 1846 Filius
2478 1790 2656 1846 facere
2691 1808 2721 1845 a
2769 1794 3095 1863 semetipso,
3136 1794 3238 1847 nisi
3279 1792 3476 1848 viderit
3520 1791 3739 1846 Patrem

489 1882 794 1942 facientem.
835 1906 854 1938 ι
908 1884 1105 1939 Verum
1132 1900 1198 1940 ex
1227 1882 1495 1937 Numenio
1547 1884 1766 1952 quidem
1824 1885 1928 1939 hac
1952 1884 2018 1939 de
2078 1901 2136 1940 re
2173 1887 2336 1941 modo
2363 1886 2516 1942 satis.
2552 1884 2712 1957 5&0
2743 1884 2858 1951 Qua
2893 1886 3110 1956 quidem
3140 1888 3417 1953 oratione,
3457 1900 3514 1940 ut
3555 1884 3738 1941 Plato-

492 1977 579 2033 nis
628 1991 774 2038 vere,
822 1990 927 2028 non
978 1990 1132 2029 suam
1169 1974 1236 2028 ab
1264 1988 1329 2029 eo
1361 1973 1747 2043 propriamque
1774 1974 2079 2028 doctrinam
2118 1976 2376 2044 explicari
2408 1976 2587 2045 quivis
2616 1975 2897 2045 intelligat,
2943 1992 3165 2032 necesse
3216 1978 3351 2031 nihil
3402 1986 3486 2032 est
3526 1978 3638 2031 haec
3669 1975 3739 2029 ad

488 2071 608 2141 ejus
631 2073 791 2126 verba
821 2056 1119 2141 quidquam
1162 2070 1473 2140 adjungere.
1507 2069 1552 2123 A
1583 2068 1807 2124 Platone
1855 2084 1983 2125 vero
2032 2086 2139 2125 non
2178 2072 2283 2126 hoc
2324 2072 2558 2142 primum
2606 2072 2867 2126 doctrina:
2908 2088 3077 2141 genus
3108 2074 3400 2138 traditum,
3435 2073 3526 2127 sed
3570 2072 3637 2126 ab
3672 2071 3740 2126 iis

489 2159 581 2234 qiii
610 2164 751 2235 apud
783 2162 1040 2219 Hebrteos
1090 2162 1356 2233 sapientia
1385 2162 1728 2227 eminebant,
1761 2170 2085 2231 occupatum
2126 2162 2330 2229 fuisse,
2382 2163 2686 2217 manifestis
2722 2164 2829 2216 iam
2870 2166 3201 2233 argumentis
3258 2164 3539 2219 evicimus.
3593 2163 3736 2229 Quin

490 2258 656 2312 etiam
681 2256 943 2318 Amelius,
1008 2255 1337 2309 recentiores
1398 2254 1538 2307 inter
1577 2254 1930 2323 philosophos
1983 2254 2351 2319 clarissimus,
2404 2254 2655 2325 idemque
2688 2253 2978 2309 Platonica:
3005 2256 3359 2325 philosophiae
3400 2254 3741 2311 studiosissi-

490 2364 616 2404 mus
638 2389 655 2415 ,
689 2349 737 2403 si
778 2348 1067 2418 quisquam
1096 2349 1256 2414 alius,
1305 2347 1623 2414 :emulator,
1657 2347 1891 2416 ingenue
1922 2356 2069 2402 certe
2106 2348 2348 2417 quidem,
2386 2349 2490 2403 nisi
2541 2351 2688 2418 quod
2735 2345 3017 2402 Hebraeum
3071 2348 3187 2417 ipse
3211 2347 3515 2416 theologum
3541 2346 3743 2401 barba-

491 2458 614 2498 rum
647 2442 902 2511 appellat,
936 2440 1241 2496 utJoannis
1287 2442 1630 2512 evangelist
1687 2457 1882 2496 nomen
1946 2457 2148 2512 ponere
2186 2443 2452 2509 noluerit,
2502 2442 2620 2513 ejus
2669 2450 2849 2498 tamen
2894 2444 3193 2497 orationem
3244 2442 3359 2498 suis
3393 2444 3510 2513 ipse
3561 2440 3743 2497 verbis

494 2534 918 2604 testimonioque
973 2535 1297 2596 conﬁrmat,
1347 2534 1475 2588 dum
1534 2534 1680 2591 hunc
1729 2535 1783 2589 in
1842 2535 2067 2590 modum
2104 2534 2313 2589 scribit.

1074 2626 1302 2685 CAPUT
1350 2626 1489 2682 XIX.

495 2740 574 2797 De
622 2740 847 2797 Joannis
901 2740 1042 2811 apud
1106 2754 1211 2862 no;
1251 2738 1584 2859 erlqngelislae
1649 2734 1953 2805 theologia,
2005 2749 2071 2787 ea:

1219 2825 1296 2861 me
1321 2824 1389 2860 to.

1219 2824 1389 2861 metro.

570 2903 776 2973 «Atque
812 2904 916 2959 hoc
944 2902 1102 2973 plane
1126 2900 1366 2956 Verbum
1392 2909 1531 2963 erat,
1560 2898 1758 2969 inquit,
1786 2912 1882 2967 per
1901 2895 2070 2967 quod,

498 2997 885 3065 sempiternum
934 3010 1057 3050 cum
1088 3003 1268 3059 esset,
1302 2993 1641 3048 exsistebant
1685 2988 1897 3051 omnia,
1953 3002 2075 3057 qua:

496 3089 717 3157 ﬁebant,
745 3088 1199 3159 quemadmodum
1219 3084 1525 3141 Heraclitus
1552 3084 1867 3154 loqueretur
1892 3099 1906 3135 :
1928 3079 2073 3151 quod

499 3180 677 3251 ipsum
704 3180 953 3235 videlicet
987 3178 1256 3233 barbarus
1305 3178 1469 3231 etiam
1503 3176 1612 3240 ille,
1645 3174 1785 3244 apud
1820 3172 1987 3228 Deum
2019 3173 2073 3226 in

500 3273 751 3343 principii
800 3271 971 3343 gradu
1017 3285 1081 3324 ac
1124 3268 1389 3337 dignitate
1438 3267 1821 3332 constitutum,
1874 3265 1984 3320 imo
2022 3274 2077 3318 et

499 3360 671 3417 Deum
718 3361 882 3415 simul
922 3375 1044 3414 esse
1074 3359 1393 3428 pronuntiat
1422 3374 1436 3412 :
1471 3372 1565 3426 per
1591 3358 1736 3426 quod
1763 3355 1905 3409 facta
1946 3356 2076 3410 sim-

500 3452 715 3523 pliciter
746 3451 929 3505 omnia
961 3451 1090 3514 sint,
1128 3449 1182 3501 in
1211 3462 1321 3517 quo
1356 3446 1621 3517 quidquid
1653 3446 1854 3500 factum
1877 3454 1981 3510 est,
2023 3453 2077 3498 et

499 3544 711 3606 vivens,
738 3550 792 3594 et
837 3540 964 3604 vita,
992 3546 1046 3592 et
1072 3537 1274 3606 aliquid
1317 3550 1415 3605 pro
1448 3550 1545 3590 sua
1598 3535 1854 3605 quodque
1882 3542 2075 3587 natura

502 3633 668 3688 fuerit
696 3651 709 3686 :
738 3631 877 3686 idem
904 3644 1067 3699 porro
1096 3629 1149 3681 in
1174 3641 1402 3696 corpora
1430 3625 1606 3679 delabi
1628 3625 1813 3690 tradit,
1831 3634 1884 3679 et
1914 3639 2079 3678 carne

505 3725 754 3778 indutum
776 3761 792 3788 ,
830 3722 1125 3774 humanam
1175 3718 1411 3787 speciem
1445 3732 1558 3785 pra:
1583 3730 1643 3770 se
1672 3715 1845 3777 ferre,
1890 3717 1967 3769 sic
1996 3724 2079 3767 ta-

502 3830 628 3871 men
659 3823 717 3868 ut
751 3828 865 3869 suae
911 3811 1116 3864 interra
1166 3818 1373 3863 natura:
1418 3807 1756 3877 maiestatem
1785 3807 2033 3861 ostendat
2063 3843 2078 3867 ,

2693 2628 3091 2681 ΚΕΦΑΛΑΙΟΝ
3128 2627 3228 2681 ΙΘ’.

2185 2742 2456 2811 Ἀμελίου
2505 2742 2615 2813 (27)
2650 2743 2779 2810 περὶ
2823 2740 2930 2809 τῆς
2962 2741 3247 2813 κἸωά-ιηηου
3293 2743 3399 2797 τοῦ
3438 2744 3572 2813 παρ’
3601 2741 3746 2813 ἡμῖν

2554 2812 2985 2882 εὐαγγελιστοῦ
3024 2813 3351 2880 θεολογίας.

2250 2923 2268 2955 ι
2296 2905 2407 2957 Καὶ
2436 2900 2589 2968 οὗτος
2616 2905 2723 2976 ἄρα
2750 2901 2817 2975 ἦν
2849 2905 2877 2956 ὁ
2907 2904 3096 2973 Λόγος,
3128 2904 3247 2957 καθ’
3272 2905 3330 2958 ὃν
3372 2905 3480 2959 αἰεὶ
3519 2905 3647 2960 ὄντα
3676 2904 3746 2961 τὰ

2172 2996 2433 3068 γινόμενα
2494 2997 2735 3066 ἐγίνετο,
2784 2997 2858 3060 ὡς
2905 2996 2970 3050 ἂν
3026 2997 3119 3050 καὶ
3176 2997 3524 3069 Ἡράκλειτος
3582 2996 3746 3065 ἀξιώ-

2177 3104 2289 3142 σειε
2318 3088 2449 3158 (28),
2484 3088 2577 3142 καὶ
2611 3089 2675 3160 νὴ
2720 3087 2800 3141 Δί’
2826 3088 2883 3142 ὃν
2912 3092 2940 3143 ὁ
2976 3090 3249 3162 βάρϐαρος
3270 3091 3411 3156 ἁξιοῖ
3445 3091 3503 3142 ὲν
3530 3092 3596 3161 τῇ
3646 3090 3745 3159 τῆς

2174 3179 2349 3251 ἀρχῆς
2380 3179 2526 3243 τάξει
2556 3198 2615 3233 τε
2654 3181 2747 3233 καὶ
2773 3179 2897 3251 ἀξίᾳ
2920 3182 3029 3253 (‘29)
3056 3181 3426 3252 καθεστηκότα
3454 3180 3592 3251 πρὸς
3614 3179 3745 3234 Θεὸν

2176 3268 2333 3335 εἶναι,
2357 3272 2450 3325 καὶ
2474 3272 2605 3325 Θεὸν
2628 3268 2790 3325 εἶναι·
2816 3271 2882 3324 δι’
2908 3267 2967 3326 οὗ
2995 3272 3149 3326 πάνθ’
3176 3272 3359 3333 ἁπλῶς
3381 3269 3707 3339 γεγενῆσθαι
3726 3285 3742 3301 ’

2177 3364 2234 3415 ὲν
2322 3361 2383 3413 τὸ
2408 3362 2697 3431 γενόμενον
2731 3360 2858 3425 ζῶν,
2880 3360 2973 3412 καὶ
2996 3360 3159 3431 ζωὴν,
3196 3361 3289 3413 καὶ
3314 3360 3378 3411 ὃν
3416 3359 3742 3425 πεφυκέναι·

2178 3453 2271 3504 καὶ
2300 3454 2379 3514 εἰς
2405 3453 2473 3505 τὰ
2510 3451 2735 3521 σώματα
2764 3450 3001 3513 πίπτειν,
3026 3451 3118 3502 καὶ
3151 3451 3326 3518 σάρκα
3368 3448 3742 3517 ἐνδοσάμενον,

2179 3542 2539 3613 φαντάζεσθαι
2567 3541 2871 3611 ἄνθρωπον,
2897 3540 3034 3611 μετὰ
3070 3541 3162 3591 καὶ
3185 3538 3277 3591 τοῦ
3306 3536 3604 3608 τηνικαῦτα
3643 3536 3748 3588 δει-

2179 3632 2360 3685 κνύειν
2387 3632 2483 3701 τῆς
2534 3630 2747 3699 φύσεως
2784 3628 2844 3681 τὸ
2893 3627 3206 3698 μεγαλεῖον·
3248 3627 3438 3697 ἀμέλει
3477 3627 3570 3679 καὶ
3607 3628 3745 3679 ἀνα-

2178 3724 2403 3776 λυθέντα
2433 3723 2592 3776 πάλιν
2628 3720 3008 3781 ἀποϐεοῦσθαι,
3049 3720 3142 3773 καὶ
3177 3720 3307 3772 Θεὸν
3344 3715 3503 3782 εἶναι,
3539 3716 3647 3782 οἶος
3678 3714 3747 3789 ἦν

2182 3812 2285 3885 πρὸ
2313 3812 2405 3866 τοῦ
2428 3814 2507 3875 εἰς
2537 3812 2597 3864 τὸ
2626 3812 2803 3881 σῶμα,
2837 3812 2930 3864 καὶ
2961 3811 3053 3881 τὴν
3082 3811 3277 3882 σάρκα,
3310 3811 3402 3863 καὶ
3429 3810 3517 3862 τὸν
3542 3811 3749 3881 ἄνθρω-

504 3907 749 3975 adeoque
794 3905 1030 3960 solutum
1065 3904 1157 3958 ubi
1197 3902 1310 3972 jam
1351 3900 1545 3965 fuerit,
1577 3900 1670 3955 Dei
1699 3901 1876 3954 locum
1903 3900 2078 3953 denuo

2184 3920 2283 3955 πον
2312 3902 2647 3972 καταχθῆναι
2685 3899 3018 3971 (50).»Ταῦτ’
3058 3901 3232 3954 οὐκέτ’
3283 3901 3746 3969 ὲπεσκιασμένως,

504 4011 812 4066 capessere,
840 4011 904 4050 ac
928 3994 1098 4048 Deum
1125 4007 1350 4063 prorsus
1377 3993 1629 4047 eumdem
1644 4006 1786 4057 esse,
1817 3992 1911 4061 qui
1941 4002 2078 4060 erat,

2183 3995 2295 4048 ἀλλ’
2349 3969 2604 4067 ἄντικρὺς
2637 3994 2737 4065 ἤδη
2777 3969 2961 4065 γυμνῇ
3016 3996 3081 4065 τῇ
3137 3995 3341 4065 κεφαλῇ
3397 4010 3747 4064 μεταπειρρα-

507 4088 827 4159 priusquam
855 4087 909 4139 in
935 4101 1138 4155 corpus
1168 4093 1330 4154 atque
1362 4085 1419 4137 in
1447 4099 1665 4139 carnem
1697 4083 2079 4151 hominemque

508 4181 881 4237 descenderet.
909 4198 927 4231 ›
967 4177 1094 4234 Haec
1116 4178 1227 4244 ille,
1254 4192 1376 4245 quae
1398 4176 1641 4245 profecto
1670 4191 1778 4229 non
1806 4176 1919 4243 jam
1951 4174 2080 4229 sub-

509 4274 744 4329 obscure
783 4271 1141 4337 adumbrata,
1201 4268 1296 4322 sed
1343 4268 1555 4336 palam,
1600 4266 1887 4336 nudaque,
1935 4263 2079 4334 quod

508 4364 697 4428 aiunt,
743 4362 957 4429 fronte,
1006 4377 1074 4417 ex
1119 4360 1210 4415 illa
1258 4359 1474 4414 barbari
1527 4359 1766 4413 hominis
1810 4356 2078 4425 theologia

511 4456 775 4511 translata
803 4470 924 4511 esse
950 4469 1111 4509 nemo
1135 4468 1246 4509 non
1273 4452 1442 4507 videt.
1473 4449 1746 4505 Barbarus
1765 4457 1945 4503 autem
1968 4448 2077 4513 ille,

512 4565 675 4621 quem
697 4559 871 4614 vocat,
902 4548 1091 4617 ecquis
1120 4561 1285 4616 porro
1326 4545 1447 4609 fuit,
1474 4544 1580 4599 nisi
1614 4541 1853 4597 Joannes
1884 4540 2081 4595 Serva-

515 4646 650 4700 toris
692 4641 862 4695 nostri
908 4638 1260 4710 evangelista,
1302 4637 1395 4705 qui
1438 4634 1695 4689 Hebraeus
1740 4648 1807 4687 ex
1841 4630 2081 4687 Hebraeis

513 4734 673 4790 erat?
700 4731 868 4799 Cujus
900 4735 1013 4784 haec
1037 4737 1122 4783 est
1151 4729 1270 4796 ipso
1299 4727 1480 4781 statim
1512 4723 1787 4794 Evangelii
1814 4724 1897 4779 sui
1920 4739 2082 4779 exor-

512 4824 603 4876 dio
628 4819 897 4890 theologia
928 4837 941 4872 :
980 4836 999 4869 ι
1034 4821 1090 4870 ln
1121 4816 1386 4886 principio
1419 4822 1538 4870 erat
1567 4812 1800 4868 Verbum
1820 4852 1836 4877 ,
1867 4823 1921 4868 et
1946 4812 2081 4867 Ver-

514 4914 644 4967 bum
674 4919 791 4966 erat
828 4909 969 4979 apud
1012 4907 1207 4973 Deum,
1233 4915 1289 4960 et
1328 4904 1470 4961 Deus
1515 4913 1634 4960 erat
1661 4904 1921 4960 Verbum.
1971 4903 2084 4959 Hoc

584 5024 629 5055 "
664 5020 824 5078 Joau.
859 5037 914 5088 v,
954 5020 1040 5076 i9.

590 5157 704 5240 (‘26)
748 5156 1050 5240 Ἐϐραίων.
1079 5152 1304 5208 Rectius
1341 5152 1609 5223 'E6paiov,
1637 5165 1759 5206 cum
1792 5149 1948 5205 alter.
1977 5166 2087 5206 ma-

519 5238 817 5297 nuscripto.

2185 4087 2359 4157 σμένα
2384 4088 2446 4140 ὲκ
2474 4088 2571 4158 τῆς
2589 4085 2864 4157 βαρϐάρου
2889 4085 3163 4155 θεολογίας
3184 4085 3317 4156 δῆλα
3343 4084 3407 4138 ἂν
3424 4086 3530 4155 εἴη.
3563 4102 3581 4135 ι
3605 4085 3660 4136 '0
3692 4082 3750 4135 δέ

2181 4196 2244 4249 γε
2270 4180 2541 4252 βάρϐαρος
2577 4181 2660 4243 τίς
2689 4175 2756 4250 ἦν
2795 4178 2962 4249 αὐτῷ,
2994 4180 3042 4231 εί
3069 4177 3142 4249 μὴ
3176 4177 3267 4230 τοῦ
3314 4175 3566 4247 Σωτῆρος
3594 4175 3749 4246 ἡμῶν

2181 4271 2567 4342 εὐαγγελιστὴς
2615 4271 2902 4341 Ἰωάννης,
2949 4269 3194 4339 Ἐϐραῖος
3226 4268 3301 4321 ὢν
3337 4266 3396 4331 ἐξ
3452 4266 3748 4337 Ἐϐραίων;

2180 4363 2238 4426 ὃς
2270 4380 2369 4415 που
2404 4363 2707 4434 ἀρχόμενος
2743 4362 2843 4431 τῆς
2877 4361 3082 4423 οἰκείας
3112 4360 3347 4429 γραφῆς,
3379 4352 3482 4411 ὦδέ
3526 4374 3601 4427 πη
3630 4358 3749 4410 θεο-

2181 4456 2356 4524 λογεί·
2388 4474 2405 4506 t
2442 4456 2530 4510 Ἑν
2562 4457 2702 4525 ἀρχῇ
2725 4451 2791 4525 ἦν
2823 4457 2851 4508 ὁ
2888 4455 3057 4521 Λόγος
3077 4471 3090 4484 ·
3122 4454 3216 4506 καὶ
3244 4455 3271 4505 ὁ
3309 4451 3477 4519 Λόγος
3517 4446 3584 4521 ἦν
3613 4450 3752 4521 πρὸς

2181 4547 2271 4600 τὸν
2305 4547 2468 4599 Θεόν⁹
2493 4546 2586 4599 καὶ
2629 4546 2759 4608 Θεὸς
2805 4540 2872 4615 ἦν
2911 4547 2939 4598 ὁ
2979 4544 3167 4612 Λόγος.
3198 4536 3365 4605 Οὗτος
3393 4537 3461 4612 ἦν
3508 4544 3566 4593 ἐν
3607 4541 3747 4610 ἀρχῇ

2185 4640 2319 4711 πρὸς
2341 4640 2429 4692 τὸν
2444 4638 2576 4691 Θεόν
2588 4638 2668 4707 (51
2681 4638 2718 4705 ).
2737 4638 2920 4691 Πάντα
2938 4635 3003 4689 δι’
3024 4633 3188 4688 αὐτοῦ
3216 4634 3446 4702 ἐγένετο,
3472 4633 3565 4686 καὶ
3583 4633 3751 4702 χωρὶς

2184 4731 2347 4786 αὐτοῦ
2385 4732 2598 4800 ἐγένετο
2634 4730 2753 4783 οὐδὲ
2781 4730 2861 4795 ἓν,
2890 4727 2918 4781 ὃ
2948 4727 3168 4795 γέγονεν
3190 4744 3201 4755 ·
3250 4728 3307 4778 ὲν
3335 4724 3482 4794 αὐτῷ
3511 4724 3623 4793 ζωὴ
3660 4720 3749 4794 ἦν,

2184 4826 2277 4878 καὶ
2312 4827 2344 4894 ή
2383 4822 2495 4895 ζωὴ
2534 4819 2601 4893 ἦν
2628 4823 2688 4874 τὸ
2719 4820 2833 4889 φῶς
2880 4819 2986 4872 τῶν
3026 4818 3327 4890 ἀνθρώπων
3392 4816 3505 4870 Καὶ
3527 4818 3554 4868 ὁ
3582 4816 3753 4884 Λόγος

2186 4914 2323 4989 σὰρξ
2348 4915 2590 4983 ἐγένετο,
2628 4913 2718 4966 καὶ
2762 4913 3070 4983 ἐσκήνωσεν
3113 4912 3169 4964 ὲν
3207 4913 3358 4981 ἡμῖν.
3385 4910 3493 4964 Καὶ
3521 4908 3752 4962 ἐθεασὰ-

2187 5174 2373 5297 mai)
2415 5226 2521 5281 Καὶ
2537 5225 2711 5298 gem.
2750 5225 2827 5280 lta
2858 5227 3201 5298 reposuimus
3242 5242 3308 5283 ex
3353 5227 3751 5298 manuscripto,

592 5289 1031 5372 (27)"Ayellgy.
1064 5290 1592 5372 Adi‘Tlieodoretu_tn
1622 5291 1723 5372 lib.
1750 5305 1790 5370 tt
1814 5289 2079 5372 Dea-firme.
2115 5315 2158 5370 ι)
2188 5289 2279 5372 cui
2304 5289 2509 5352 similes
2536 5289 2983 5372 Theodoretus'et
3016 5296 3273 5368 Cyrillus,
3306 5314 3431 5352 cum
3464 5289 3749 5369 perperam

520 5361 720 5438 αῙῙὲεῑζ,
770 5361 890 5436 pag.
930 5365 1045 5438 ’ὀῗξἈ
1082 5363 1437 5438 e_t_§yrillum
1488 5361 1837 5438 Aleytndriu.
1880 5361 1972 5414 lib.
2026 5362 2078 5414 in

2187 5369 2389 5438 editum
2416 5377 2558 5419 esset
2583 5364 2797 5438 ἀταξία.

520 5431 799 5493 Iulianum
833 5431 949 5498 nu,
977 5435 1071 5489 fol.
1104 5431 1304 5502 i77,‘p.
1338 5434 1362 5486 1
1416 5432 1537 5487 cod.
1578 5431 1757 5502 Graeci
1803 5446 2098 5502 manuscr”

564 5509 617 5562 ui
656 5509 814 5562 ambo
847 5507 1024 5560 locum
1054 5507 1196 5560 hunc
1226 5500 1420 5558 Aurelii
1464 5501 1767 5571 proferunt,
1798 5501 1902 5555 nisi
1937 5500 2082 5568 quod

522 5528 755 5634 Evrillus
784 5592 908 5630 eum
952 5591 1015 5629 ex
1066 5574 1364 5634 Porphyrio
1395 5574 1575 5634 potius
1602 5612 1617 5634 ,
1666 5571 1761 5625 sed
1811 5571 2081 5623 Amelium

2257 5436 2368 5508 (50)
2397 5436 2796 5508 Καιναχσλῆναι.
2821 5434 3006 5508 Cyrill.
3037 5436 3444 5508 κατενεχθῆναι.

2250 5504 2361 5585 (51)
2398 5504 2552 5585 ῌρὸς
2582 5506 2688 5585 τὸν
2717 5504 2882 5585 Bede.
2931 5506 3196 5561 Hactenus
3230 5504 3288 5560 Β.
3322 5504 3559 5562 ’.Ιυίιηηίε
3588 5507 3750 5585 verba

573 5579 755 5650 yrillus
784 5592 908 5650 eum
952 5591 1015 5629 ex
1066 5574 1364 5650 Porphyrio
1395 5574 1575 5642 potius
1602 5612 1631 5650 ,_
1666 5571 1774 5650 sed
1811 5571 2081 5650 Aurelium
2180 5576 2235 5650 in
2262 5571 3045 5650 'priorileditione‘citabantur
3068 5594 3095 5650 _:r
3128 5593 3227 5631 nos
3259 5586 3463 5644 tamen,
3499 5579 3641 5646 quod
3675 5579 3748 5632 ita

525 5640 685 5719 suum
719 5647 1004 5711 laudante,
1043 5640 1208 5712 quam
1240 5640 1305 5699 ex
1338 5640 1569 5713 ipsomet
1607 5641 1844 5707 Amelio,
1874 5640 2086 5694 videtur
2180 5640 2355 5719 locus
2384 5646 2600 5714 exigere
2644 5645 2955 5713 videretur,
3004 5647 3213 5717 reliqua
3262 5662 3329 5703 ex
3374 5640 3748 5719 manuscripto

527 5720 1077 5859 “filiam...
1125 5782 1257 5839 Post
1296 5779 1611 5849 ἀξιώσειεν,
1654 5779 1807 5837 addit
1848 5778 2084 5852 Cyrillus

2181 5715 2508 5772 addidimus.
