4156 6480
381 401 484 459 901

1514 393 1838 459 PREPAB.
1881 394 2131 449 EV'ANG.
2174 393 2304 450 LiB.
2346 394 2436 448 XI.

3522 398 3626 455 902

387 515 527 590 μεθα
556 510 658 586 τὴν
701 510 857 576 δόξαν
888 510 1072 575 αὑτοῦ,
1117 510 1271 574 δόξαν
1299 509 1375 572 ὡς
1420 509 1753 577 Μονογενοῦς
1804 511 1945 581 παρὰ

2054 520 2171 565 erat
2220 511 2276 563 in
2325 511 2592 581 principio
2643 512 2782 582 apud
2816 511 3007 569 Deum.
3073 512 3268 568 Omnia
3309 527 3405 583 per
3448 512 3626 583 ipsum

380 606 611 673 Πατρός.
645 624 665 656 ›
691 604 796 656 Τοῦ
819 604 863 656 δ’
884 602 1048 656 αὑτοῦ
1068 603 1193 674 πὲρι
1224 602 1317 655 καὶ
1340 601 1495 664 ἄλλος
1510 602 1752 672 Ἐϐραῖος
1774 600 1950 653 θεολό-

379 714 478 767 γος
500 694 801 749 ἐπάκουσον
818 688 904 747 οἶα
921 692 1169 758 διέξεισιν
1186 708 1198 722 ·
1233 711 1251 743 ι
1282 692 1377 754 Ὃς
1394 692 1508 742 ἐστι
1529 688 1689 743 εἰκὼν
1705 690 1798 742 τοῦ
1815 688 1950 742 Θεοῦ

380 785 475 839 τοῦ
502 784 734 855 ἀοράτου
752 824 768 849 ,
797 783 1145 853 Πρωτότοκος
1170 780 1350 849 πάσης
1381 779 1480 849 τῆς
1507 779 1758 840 κτίσεως.
1782 778 1861 830 ὅτι
1892 778 1951 833 ὲν

380 872 531 946 αὖτῷ
562 875 787 945 ἐκτίσθη
836 874 1009 927 πάντα
1042 872 1111 925 τὰ
1144 874 1200 926 ὲν
1230 876 1343 934 τοῖς
1375 874 1625 943 οὐρανοῖς
1656 873 1749 925 καὶ
1772 873 1839 925 τὰ
1861 873 1951 925 ἐπὶ

380 966 479 1036 τῆς
508 967 628 1035 γῆς’
650 968 740 1018 καὶ
763 966 937 1019 πάντα
960 964 1025 1016 δι’
1052 963 1215 1016 αὑτοῦ
1243 964 1556 1034 συνέστηκε,
1575 965 1668 1015 καὶ
1687 963 1755 1016 τὰ
1777 964 1951 1016 πάντα

2050 599 2193 655 facta
2223 612 2369 665 sunt,
2387 611 2441 656 et
2470 605 2585 655 sine
2616 602 2731 671 ipso
2749 602 2951 656 factum
2976 604 3233 668 estnihil,
3264 605 3406 673 quod
3425 604 3625 660 factum

2051 700 2155 745 est.
2191 690 2250 744 In
2286 693 2405 761 ipso
2432 693 2539 746 vita
2567 702 2702 758 erat,
2725 702 2778 746 et
2805 695 2910 746 vita
2932 704 3047 747 erat
3072 694 3170 747 ius
3203 694 3505 748 hominum.
3561 695 3628 751 Et

2053 781 2288 836 Verbum
2321 798 2449 837 caro
2479 783 2678 837 factum
2702 793 2869 849 est,et
2893 785 3153 837 habitavit
3182 785 3233 837 in
3260 785 3435 839 nobis.
3456 784 3521 839 Et
3547 787 3627 839 vi-

2051 874 2232 927 dimus
2247 875 2474 943 gloriam
2492 875 2630 943 ejus,
2648 876 2871 945 gloriam
2890 875 3044 943 quasi
3061 873 3333 943 Unigeniti
3355 891 3384 928 a
3408 869 3585 929 Patre.
3601 892 3620 927 ι

2060 964 2216 1034 541
2258 964 2361 1018 Sed
2400 965 2525 1017 audi
2559 966 2686 1034 quid
2719 966 2857 1018 alius
2885 981 3102 1033 quoque
3130 967 3413 1035 theologus
3437 966 3503 1019 de
3531 979 3624 1019 θοι

380 1059 439 1110 ὲν
466 1056 611 1127 αὐτῷ
639 1055 881 1126 ἐκτίσθη,
907 1056 974 1108 τά
1001 1071 1057 1106 τε
1086 1053 1256 1124 ὀρατά
1287 1055 1380 1106 καὶ
1406 1055 1473 1106 τά
1497 1055 1720 1125 ἀόρατα.
1750 1073 1767 1107 ι
1801 1054 1945 1107 Ἀλλᾶ

2058 1057 2201 1120 dem,
2254 1056 2511 1109 Hebraeus
2553 1065 2606 1110 et
2651 1058 2788 1125 ipse,
2825 1057 3164 1125 pronuntiet:
3221 1057 3351 1121 «Qui
3388 1065 3492 1120 est,
3534 1056 3625 1110 in-

381 1148 473 1200 καὶ
502 1148 570 1199 τὰ
596 1146 723 1217 περὶ
752 1146 849 1215 τῆς
865 1145 957 1198 τοῦ
984 1144 1234 1217 δευτέρου
1261 1145 1432 1198 αἰτίου
1457 1144 1762 1209 συστάσεώς
1786 1163 1843 1198 τε
1866 1146 1945 1199 καί

2060 1148 2198 1218 quit,
2259 1148 2437 1217 imago
2487 1146 2580 1200 Dei
2640 1148 2948 1213 invisibilis,
3001 1149 3393 1218 primogenitus
3445 1149 3626 1203 omnis

378 1236 682 1300 οὑσιώσεως
704 1230 803 1290 ὦδε
830 1239 942 1299 τοῖς
982 1236 1231 1306 Ελλήνων
1249 1240 1429 1303 σοφοῖς
1450 1238 1586 1308 πρὸς
1602 1238 1669 1291 τά
1695 1238 1945 1308 Ἐϐραίωι

2058 1248 2341 1304 creaturae,
2374 1239 2631 1307 quoniam
2669 1239 2723 1293 in
2760 1240 2877 1309 ipso
2917 1241 3134 1294 condita
3177 1250 3305 1295 sunt
3341 1241 3620 1303 universa,

382 1329 846 1400 συμπεφώνηται·
880 1328 1151 1398 μετίωμεν
1178 1327 1312 1396 δῆτα
1342 1329 1435 1381 καὶ
1464 1331 1548 1397 ἐφ’
1578 1329 1783 1399 ἕτερον.

2062 1328 2115 1382 in
2140 1329 2292 1383 caelis
2319 1339 2369 1381 et
2398 1327 2450 1380 in
2481 1337 2657 1382 terra:
2687 1337 2738 1383 et
2770 1331 2952 1383 omnia
2988 1346 3082 1399 per
3121 1332 3295 1400 ipsum
3326 1332 3623 1389 constituta

381 1435 527 1488 sunt,
559 1432 613 1476 et
645 1420 828 1475 omnia
873 1420 927 1473 in
980 1420 1097 1487 ipso
1148 1430 1327 1472 creata
1389 1429 1535 1485 sunt,
1585 1436 1707 1475 cum
1747 1419 2001 1483 visibilia,
2042 1427 2155 1473 tum
2194 1420 2487 1473 invisibilia
2506 1420 2576 1473 ³ο.
2614 1439 2634 1472 ι
2672 1420 2747 1475 Ac
2777 1421 2843 1475 de
2872 1422 3094 1475 secundi
3125 1424 3340 1492 quidem
3372 1423 3624 1493 principii

386 1512 749 1583 generatione,
809 1519 864 1564 et
914 1509 1315 1563 communicata
1378 1524 1501 1563 cum
1557 1511 1649 1565 illo
1703 1510 1938 1565 essentia
2004 1510 2264 1564 hactenus
2301 1525 2397 1573 ea,
2463 1512 2517 1565 in
2565 1512 2761 1581 quibus
2814 1512 3123 1568 Grascorum
3180 1515 3449 1583 sapientes
3496 1530 3621 1570 cum

384 1605 736 1663 Hebraeorum
791 1602 1039 1659 doctrina
1100 1602 1471 1656 consentiunt.
1544 1601 1663 1656 Jam
1719 1602 1787 1656 ad
1835 1603 1939 1657 alia
1980 1613 2341 1657 transeamus.

906 1697 1297 1749 ΚΕΦΑΛΑΙΟΝ
1339 1697 1423 1749 K'.

531 1790 671 1858 Περὶ
711 1788 828 1843 τῶν
864 1787 1040 1856 τριῶν
1078 1786 1339 1855 dp);th
1369 1785 1784 1840 ὑποστάσεων.

447 1882 566 1936 Τῶν
595 1884 722 1953 παρ’
756 1880 1028 1952 Ἑϐραίοις
1057 1878 1252 1945 λογίων
1284 1877 1421 1948 μετά
1453 1878 1542 1930 τὸν
1576 1878 1703 1948 περὶ
1743 1877 1952 1948 Πατρός
1982 1915 2024 1971 Β

379 1976 472 2028 καὶ
504 1972 635 2027 Υίοῦ
660 1973 816 2042 λόγον
849 1975 907 2025 ὲν
932 1970 1091 2042 τρίτῃ
1112 1969 1262 2034 τάξει
1282 1968 1341 2021 τὸ
1362 1969 1517 2037 ἆγιον
1544 1968 1765 2039 Πνεῦμα
1787 1986 1949 2022 κατα-

375 2064 659 2133 λεγόντων,
694 2063 787 2117 καὶ
829 2062 928 2133 τήν
959 2076 1022 2128 γε
1068 2058 1228 2127 ἁγίαν
1272 2058 1369 2111 καὶ
1423 2058 1694 2128 μακαρίαν
1747 2057 1949 2129 Τριάδα

373 2157 562 2209 τοῦτον
602 2152 1004 2223 ὑποτιθεμένων
1047 2150 1137 2201 τὸν
1177 2147 1407 2218 τρόπον,
1435 2147 1510 2209 ὡς
1535 2146 1600 2199 ἂν
1634 2146 1730 2216 τῆς
1760 2147 1949 2216 τρίτης

372 2248 655 2318 δυνάμεως
680 2245 858 2298 πᾶσαν
901 2238 1337 2311 ὑπερϐεϐηκυίας
1372 2239 1604 2308 γενητὴν
1632 2236 1791 2305 φύσιν
1810 2253 1823 2267 ·
1856 2233 1947 2289 οὗ-

373 2337 475 2391 σάν
525 2353 583 2388 τε
637 2331 859 2404 πρώτην
912 2331 1009 2400 μὲν
1058 2329 1163 2382 τῶν
1207 2328 1294 2381 διὰ
1342 2327 1436 2382 τοῦ
1478 2328 1609 2380 Υἰοῢ
1666 2325 1947 2380 συστασῶν

373 2425 577 2496 νοερῶν
604 2422 829 2487 οὐσιῶν,
864 2420 1053 2490 τρίτην
1096 2419 1152 2470 δὲ
1183 2418 1290 2471 ἀπὸ
1330 2417 1424 2470 τοῦ
1466 2415 1680 2486 πρώτου
1732 2415 1905 2468 αίτίου
1929 2430 1943 2444 ’

376 2517 472 2570 θέα
508 2516 655 2577 ὅπως
700 2514 793 2565 καὶ
833 2512 861 2562 ὁ
901 2511 1123 2565 Πλάτων
1158 2508 1385 2563 τοιαῦτά
1416 2525 1535 2561 τινα
1590 2505 1808 2577 ᾐνίξατο
1860 2504 1947 2557 διὰ

376 2607 475 2676 τῆς
504 2605 639 2676 πρὸς
658 2602 929 2656 Διονύσιον
958 2600 1262 2669 ἐπιστολῆς,
1298 2599 1469 2667 λέγων
1487 2615 1500 2628 ·
1537 2616 1555 2648 ι
1580 2597 1849 2667 Φραστέον
1882 2595 1944 2666 δή

380 2706 461 2747 σοι
490 2692 556 2746 δι’
584 2690 938 2762 αἰνιγμάτων,
963 2690 1029 2743 ἶν’
1052 2689 1116 2742 άν
1144 2706 1195 2740 τι
1224 2687 1422 2752 δέλτος,
1447 2686 1479 2756 ἦ
1507 2687 1724 2750 πόντου,
1756 2685 1787 2755 ἢ
1819 2683 1943 2753 γῆς,

378 2786 434 2837 ἐν
457 2786 683 2853 πτυχαῖς
710 2782 877 2855 πάθῃ,
898 2784 926 2835 ό
956 2780 1219 2848 ἀναγνοὺς
1247 2777 1321 2849 μὴ
1348 2776 1479 2847 γνῷ.
1505 2770 1633 2829 Ὧδε
1666 2778 1775 2847 γὰρ
1798 2775 1908 2845 ἔχει
1927 2792 1941 2805 ·

377 2876 533 2945 Παρά
588 2873 677 2926 τὸν
721 2872 938 2924 πάντων
996 2868 1219 2938 βασιλέα
1278 2867 1435 2919 πάντ’
1475 2865 1614 2928 ἐστὶ,
1658 2866 1751 2917 καὶ
1798 2864 1944 2916 ὲκείο

379 2983 466 3019 νου
495 2966 657 3019 ἕνεκα
688 2964 882 3025 πάντα,
907 2960 1000 3014 καὶ
1031 2961 1236 3020 ἐκεῖνος
1259 2959 1428 3010 αῐτιον
1455 2957 1706 3008 ἁπάντων
1735 2953 1940 3008 καλῶν·

378 3056 625 3127 δεύτερον
656 3055 712 3108 δὲ
756 3053 907 3125 παρὰ
936 3052 1005 3106 τὰ
1049 3050 1305 3120 δεύτερα,
1339 3048 1432 3101 καὶ
1463 3047 1643 3117 τρίτον
1685 3045 1832 3116 παρά
1877 3044 1945 3098 τὰ

379 3148 552 3219 τρίτα.
596 3147 660 3199 Ἡ
704 3142 796 3199 οὖν
840 3142 1152 3214 ἀνθρωπίνη
1180 3139 1324 3210 ψυχὴ
1362 3138 1490 3208 περὶ¹
1520 3137 1656 3191 αὑτά
1693 3138 1942 3208 ὀρέγεται

2633 1693 2862 1750 CAPUT
2898 1695 3016 1750 XX.

2148 1784 2223 1838 De
2253 1785 2418 1839 tribus
2449 1784 2779 1849 substantiis,
2806 1786 3051 1854 principii
3081 1786 3183 1840 vim
3212 1786 3539 1840 habentibus.

2130 1875 2441 1931 Secundum
2494 1876 2707 1930 Patrem
2757 1891 2820 1930 ac
2872 1875 3096 1943 Filium,
3154 1878 3371 1933 tertium
3429 1879 3622 1934 ordine

2054 1965 2316 2037 Spiritum
2380 1976 2626 2022 sanctum
2688 1965 2912 2019 Hebraea
2968 1968 3188 2023 oracula
3256 1970 3618 2034 constituunt,

2050 2071 2402 2130 sanctamque
2429 2075 2493 2113 ac
2527 2060 2737 2113 beatam
2774 2057 3096 2113 Trinitatem
3127 2076 3192 2113 eo
3227 2075 3283 2113 se
3321 2060 3482 2115 modo
3523 2062 3622 2116 ha-

2048 2150 2198 2217 bere,
2252 2151 2626 2220 pronuntiant.
2662 2157 2721 2203 ut
2760 2150 2857 2205 abs
2884 2152 3077 2206 virtute
3112 2154 3211 2205 hac
3246 2152 3422 2216 tertia,
3462 2152 3622 2223 quid-

2046 2240 2176 2309 quid
2204 2241 2396 2309 genita:
2426 2244 2634 2297 natura:
2669 2252 2751 2297 est
2779 2243 3048 2312 superari,
3102 2242 3440 2311 eandemque
3489 2258 3616 2298 cum

2047 2334 2395 2403 spiritalium,
2437 2350 2559 2403 quae
2605 2351 2698 2404 per
2729 2335 2927 2389 Filium
2976 2336 3253 2399 exstitere,
3296 2347 3615 2390 naturarum

2047 2427 2369 2497 principem,
2420 2438 2534 2480 tum
2588 2429 2657 2481 ab
2710 2429 2887 2496 primo
2938 2427 3204 2497 principio
3236 2426 3450 2481 tertiam
3495 2441 3620 2482 esse

2046 2517 2234 2570 velint.
2266 2514 2384 2569 Jam
2421 2517 2641 2583 videsis,
2681 2518 3140 2586 quemadmodum
3174 2517 3263 2570 illa
3297 2518 3412 2587 ipsa
3435 2515 3613 2582 Plato,

2047 2608 2383 2661 subobscure
2405 2607 2549 2673 licet,
2582 2608 2634 2661 in
2661 2623 2722 2662 ea
2749 2623 2910 2677 quam
2942 2606 3009 2661 ad
3030 2606 3344 2677 Dionysium
3375 2606 3616 2675 scripsit,

2044 2697 2292 2767 epistola,
2324 2698 2410 2752 his
2454 2699 2635 2753 verbis
2670 2699 3007 2752 adumbrarit
3037 2698 3223 2752 :iﬂazc
3254 2698 3617 2767 aenigmatice,

2046 2788 2242 2857 inquit,
2302 2788 2591 2856 aperienda
2652 2790 2745 2842 tibi
2802 2797 2949 2852 sunt,
2985 2787 3064 2841 uti
3101 2802 3188 2852 ne,
3222 2786 3267 2840 si
3303 2785 3433 2855 quid
3477 2784 3619 2839 forte

2045 2880 2183 2933 mari
2216 2888 2447 2944 terrave,
2502 2879 2746 2948 epistola:
2793 2880 2957 2949 hujus
2990 2878 3205 2947 paginis
3252 2875 3456 2931 factum
3487 2876 3615 2940 erit,

2044 2970 2343 3040 intelligere
2378 2970 2569 3039 possit,
2605 2971 2697 3039 qui
2748 2970 2956 3040 legerit.
3014 2968 3104 3022 Sic
3134 2968 3279 3022 enim
3314 2982 3371 3021 se
3397 2983 3483 3021 res
3516 2968 3617 3019 ha-

2044 3063 2133 3117 bet
2159 3061 2339 3116 :Circa
2370 3063 2747 3115 universorum
2782 3076 2959 3131 regem
3010 3059 3191 3113 omnia
3227 3070 3371 3125 sunt,
3401 3072 3463 3111 ac
3486 3072 3617 3125 pro-

2044 3163 2163 3223 pter
2194 3154 2371 3222 ipsum
2424 3153 2628 3206 omnia.
2689 3152 2833 3206 Idem
2869 3153 3134 3205 bonorum
3179 3149 3423 3204 omnium
3457 3148 3613 3217 prin-

381 3239 567 3309 μαθεῖν
597 3240 724 3290 ποία
760 3237 893 3290 ἄττα
922 3234 1059 3293 ἐστὶ,
1102 3231 1374 3302 βλέπουσα
1401 3231 1480 3291 είς
1511 3228 1577 3280 τὰ
1606 3227 1779 3296 αὐτῆς
1812 3244 1944 3295 συγ-

2046 3244 2249 3313 cipium
2276 3252 2378 3297 est.
2421 3244 2489 3295 At
2524 3244 2669 3296 circa
2714 3243 3034 3307 secundum,
3072 3255 3134 3293 ea
3177 3254 3298 3309 quae
3342 3237 3613 3292 secundo:

377 3330 525 3400 γενῆ.
554 3348 573 3380 ι
600 3327 781 3382 Ταῦτα
814 3327 864 3377 οί
889 3325 978 3377 τὸν
1016 3322 1276 3376 Πλάτωνα
1303 3320 1582 3387 διασαφεῖν
1612 3317 1940 3388 πειρώμενοι

377 3423 465 3474 ἐπὶ
494 3422 584 3474 τὸν
620 3418 834 3490 πρῶτον
864 3416 997 3469 Θεὸν
1034 3417 1341 3484 ἀνάγουσιν,
1370 3413 1460 3465 ὲπί
1501 3430 1560 3465 τε
1590 3411 1648 3466 τὸ
1694 3411 1940 3482 δεύτερον

377 3513 566 3577 αἴτιον,
594 3511 686 3563 καὶ
711 3510 891 3580 τρίτον
911 3506 1007 3577 τὴν
1036 3505 1127 3559 τοῦ
1155 3505 1359 3576 κόσμου
1387 3505 1584 3575 ψυχὴν,
1602 3504 1733 3556 Θεὸν
1762 3502 1940 3575 τρίτον

376 3604 468 3656 καὶ
493 3602 661 3671 αὐτὴν
691 3601 992 3673 ὁριζόμενοι
1017 3595 1175 3651 εἶναι.
1205 3599 1267 3650 Oi
1298 3597 1356 3650 δέ
1388 3614 1451 3666 γε
1485 3596 1616 3649 θεῖοι
1659 3596 1805 3663 λόγοι
1843 3595 1940 3665 τὴν

375 3694 533 3762 ἁγίαν
566 3694 659 3745 καὶ
685 3692 958 3763 μακαρίαν
992 3690 1218 3761 Τριάδα,
1254 3689 1486 3760 Πατρὸς,
1523 3689 1615 3742 καὶ
1653 3688 1801 3752 Υίοῦ,
1848 3689 1942 3741 καὶ

376 3784 527 3854 ἁγίου
558 3783 868 3854 Πνεῦματος
896 3785 954 3835 ὲν
987 3783 1161 3852 ἀρχῆς
1193 3780 1334 3851 λόγῳ
1362 3780 1647 3845 τάττουσι,
1690 3779 1831 3832 κατὰ
1873 3777 1941 3833 τά

376 3874 766 3945 ἀποδεδομέναο
798 3873 988 3926 ἕπεται
1014 3872 1219 3935 τούτοις
1247 3871 1344 3942 τὴν
1378 3870 1472 3924 τοῦ
1514 3868 1717 3939 ἀγαθοῦ
1760 3868 1941 3934 ὲξετά-

378 3984 467 4022 σαι
497 3967 704 4020 οὐσίαν.

2045 3334 2187 3388 circa
2224 3333 2461 3399 tertium,
2513 3347 2575 3386 ea
2618 3347 2740 3401 quae
2802 3331 2961 3386 tertio
3012 3331 3203 3387 ordine
3235 3328 3612 3394 continentur,

2043 3430 2240 3476 cuncta
2285 3428 2589 3475 versantur.
2644 3421 2775 3485 Quae
2827 3420 3043 3489 quidem
3101 3417 3342 3472 hominis
3371 3416 3609 3480 animus,

2046 3513 2099 3566 in
2133 3528 2220 3566 res
2251 3512 2356 3566 sibi
2388 3520 2648 3580 cognatas
2682 3512 2950 3572 intentus,
2980 3509 3289 3578 cujusmodi
3320 3507 3448 3574 sint,
3487 3520 3611 3575 per-

2044 3611 2226 3670 specta
2278 3610 2331 3654 et
2372 3602 2649 3667 explorata
2685 3600 2884 3655 habere
2931 3600 3110 3667 gestit.
3147 3617 3167 3650 ι
3206 3596 3330 3651 Haec
3372 3594 3614 3649 Platonis

2045 3692 2232 3756 verba,
2256 3692 2350 3760 qui
2380 3691 2756 3760 explicandam
2798 3689 3111 3759 philosophi
3159 3696 3391 3741 mentem
3421 3700 3614 3741 susce-

2046 3797 2192 3850 pere,
2232 3782 2298 3836 ad
2324 3783 2555 3851 primum
2605 3780 2798 3845 Deum,
2846 3783 3252 3848 secundumque
3286 3777 3611 3847 principium

2046 3872 2308 3936 referunt,
2327 3888 2426 3927 nec
2453 3888 2559 3927 non
2582 3874 2646 3925 ad
2673 3873 2891 3926 tertium
2910 3887 3102 3942 .quam
3132 3869 3319 3924 mundi
3344 3868 3609 3931 animam,

2045 3962 2316 4031 deumque
2342 3963 2561 4017 tertium
2595 3963 2697 4040 ipsi
2722 3977 2940 4032 quoque
2980 3961 3251 4031 appellare
3296 3959 3490 4013 solent.
3542 3957 3613 4011 At

376 4068 616 4119 sanctam
645 4060 793 4116 illam
832 4058 1155 4126 beatamque
1202 4053 1383 4108 Patris
1439 4061 1496 4108 et
1550 4050 1693 4112 Filii,
1745 4059 1799 4105 et
1822 4049 2061 4120 Spiritus
2109 4054 2281 4108 sancti
2344 4053 2667 4119 trinitatem,
2719 4051 2990 4122 principii,
3056 4059 3116 4104 ut
3156 4049 3267 4118 jam
3315 4059 3440 4103 ante
3469 4046 3613 4103 dixi-

377 4171 520 4221 mus,
553 4155 663 4209 vim
713 4162 768 4207 et
802 4150 1069 4204 rationem
1113 4144 1312 4199 habere
1362 4144 1559 4198 divina:
1590 4144 1786 4198 littera:
1817 4143 2101 4199 deﬁniunt.
2144 4142 2420 4214 Sequitur,
2449 4152 2508 4198 ut
2532 4143 2658 4196 boni
2684 4150 2932 4195 naturam
2964 4141 3339 4210 exquiramus.

878 4240 1268 4297 ΚΕΦΛΛΑΙΟΝ
1307 4238 1438 4292 KA'.

662 4336 803 4407 Περὶ
845 4334 955 4403 τῆς
985 4332 1092 4387 τοῦ
1136 4328 1360 4400 ἀγαθοῦ
1403 4328 1637 4393 οὐσίας.

2525 4234 2686 4305 542
2731 4233 2960 4288 CAPUT
3010 4231 3150 4287 XXI.

2584 4326 2661 4379 De
2689 4335 2879 4378 natura
2911 4325 3051 4379 boni.

442 4435 553 4505 Τῆς
591 4432 717 4502 παρ’
764 4426 1030 4498 Ἑϐραίοις
1076 4422 1225 4485 θείας
1270 4418 1493 4491 Γραφῆς
1538 4417 1808 4508 διαφᾷρως
1835 4417 1934 4508 τὴν

2106 4415 2240 4473 Boni
2271 4426 2541 4481 naturam,
2573 4417 2861 4486 ipsumque
2889 4418 3024 4470 adeo
3056 4415 3282 4480 bonum,
3314 4414 3459 4469 aliud
3484 4430 3606 4472 esse

375 4526 467 4579 τοῦ
517 4517 719 4591 ἀγαθοῦ
774 4518 1000 4578 οὐσίαν,
1070 4514 1165 4567 καὶ
1221 4510 1351 4564 αὐτὸ
1410 4509 1470 4562 τὸ
1528 4507 1729 4576 ἀγαθὸν
1789 4507 1938 4561 οὐδὲν

373 4616 498 4670 ἄλλο
555 4609 694 4666 εἶναι
755 4609 789 4681 ἢ
839 4607 931 4662 τοῦ
976 4605 1111 4660 Θεοῦ
1159 4600 1554 4666 διδασκούσης,
1620 4599 1685 4651 δι’
1739 4591 1815 4652 ὧν
1878 4597 1936 4650 τέ

374 4723 569 4778 φησιν,
614 4723 634 4756 ι
682 4699 906 4770 Ἀγαθδς
958 4697 1161 4767 Κύριος
1214 4695 1347 4747 πᾶσι
1405 4693 1518 4753 τοῖς
1580 4689 1938 4759 ὑπομένουσιν

377 4798 565 4853 αὐτόν·
610 4795 778 4865 ψυχῇ,
805 4793 841 4863 ἢ
893 4789 1181 4859 ὲκζητήσει
1212 4785 1402 4840 αὐτόν·
1440 4801 1459 4834 ι
1494 4781 1624 4845 καὶ,
1658 4799 1676 4831 ι
1723 4780 1941 4849 Ἐξομο-

373 4887 619 4958 λογεῖσθε
651 4885 728 4956 τῷ
757 4884 965 4955 Κυρίῳ,
994 4882 1073 4934 ὅτι
1102 4876 1323 4946 ἀγαθὸς,
1344 4877 1425 4929 ὅτι
1463 4876 1539 4938 είς
1567 4873 1657 4925 τὸν
1686 4872 1852 4924 αἰῶνα
1880 4871 1939 4924 τὸ

377 4984 522 5045 ἔλεος
553 4978 718 5034 αὑτοῦ
739 4997 752 5009 ·
786 4997 805 5029 ι
828 4976 893 5029 δι’
929 4968 1004 5027 ὧν
1026 4990 1084 5027 τε
1108 4974 1138 5026 ό
1170 4971 1443 5041 Σωτήριος
1470 4967 1625 5035 λόγος
1663 4964 1799 5035 πρὸς
1846 4962 1937 5015 τὸν

379 5074 504 5145 περὶ
532 5070 683 5125 τοῦδε
723 5068 980 5138 ἐρόμενον
1003 5064 1318 5133 ἀπεφήνατο
1340 5058 1530 5121 εἰπὼν,
1563 5076 1583 5109 ‹
1608 5056 1672 5108 Τί
1701 5072 1767 5126 με
1803 5055 1939 5145 ego).

373 5139 469 5237 τᾷς
496 5162 621 5234 περί⁵
662 5157 756 5212 τοῦ
796 5153 1040 5226 άγαθοῦ;
1102 5154 1288 5215 Οὐδεὶς
1334 5149 1536 5219 ἀγαθὸς
1564 5150 1613 5201 εἰ
1662 5147 1735 5217 μὴ
1786 5139 1865 5208 εἷς
1908 5145 1937 5196 ὁ

374 5257 522 5319 Θεός.
557 5273 575 5305 ι
624 5250 957 5304 Ἔπάκουσον
998 5245 1091 5298 τοῦ
1124 5244 1438 5304 Πλάτωνος,
1471 5241 1507 5294 ἆ
1545 5254 1710 5309 φησιν
1747 5238 1805 5289 ὲν
1850 5239 1937 5290 Tt-

378 5348 541 5417 μαίῳ*
567 5363 586 5398 ι
606 5344 868 5411 Λέγωμεν
884 5339 947 5409 δὴ
969 5336 1167 5408 (δε-55)
1194 5335 1259 5387 δι’
1288 5334 1476 5403 ἥντινα
1507 5330 1681 5385 αίτίαν
1701 5329 1932 5417 γένεσιν,

377 5413 468 5491 ita}.
496 5438 556 5490 τὸ
588 5437 692 5489 πᾶν
719 5432 837 5486 τόδε
869 5433 897 5484 ὁ
924 5427 1171 5494 ξυνιστὰς
1210 5423 1551 5495 ξυνέστησεν.
1584 5419 1809 5488 Ἀγαθὸς
1835 5413 1930 5488 ἦν’

379 5527 563 5599 ἀγαθῴ
605 5527 649 5580 δ’
694 5524 867 5588 οὐδεὶς
912 5522 1040 5593 περὶ
1101 5517 1313 5580 οὐδενὸς
1361 5514 1600 5570 οὐδέποτ’
1646 5509 1933 5580 ὲγγίγνοιτ’

2040 4508 2194 4573 nihil,
2227 4522 2387 4576 quam
2417 4505 2509 4560 Dei
2533 4515 2783 4559 naturam
2810 4516 2972 4575 atque
3001 4504 3295 4559 bonitatem
3325 4504 3606 4576 Scriptura

2039 4597 2385 4653 Hebraeorum
2415 4597 2598 4651 divina
2638 4596 2886 4665 pluribus
2917 4605 3145 4651 testatur
3167 4595 3365 4660 modis,
3396 4605 3456 4650 ut
3476 4612 3602 4652 cum

2038 4691 2114 4743 ait
2130 4690 2204 4744 "z
2231 4707 2250 4739 ι
2277 4688 2459 4743 Bonus
2477 4687 2741 4742 Dominus
2764 4689 3018 4743 omnibus
3034 4688 3427 4744 sustinentibus
3441 4704 3564 4745 eum
3587 4707 3603 4744 :

2038 4781 2232 4835 animae
2252 4794 2372 4849 quae
2393 4780 2630 4849 requiret
2650 4773 3219 4847 ipsum,iitemque"‘,
3233 4780 3605 4835 «Conﬁtemini

2042 4870 2292 4934 Do'mino,
2323 4871 2579 4940 quoniam
2610 4871 2806 4936 bonus,
2837 4872 3093 4941 quoniam
3124 4872 3177 4925 in
3209 4872 3465 4926 sazculum
3502 4872 3605 4926 mi-

2037 4960 2331 5015 sericordia
2357 4959 2498 5029 ejus.
2531 4978 2550 5011 ι
2594 4960 2666 5015 lla
2693 4960 2948 5015 Servator
2978 4963 3092 5031 ipse
3124 4971 3330 5027 noster,
3360 4961 3428 5016 ad
3451 4961 3601 5016 illum

2037 5054 2134 5107 abs
2158 5067 2267 5121 quo
2284 5052 2596 5122 rogabatur,
2625 5070 2645 5103 ι
2673 5051 2813 5118 Quid
2842 5068 2929 5107 me
2956 5055 3262 5123 interrogas
3290 5052 3358 5107 de
3383 5052 3597 5107 bono?»

2035 5141 2245 5210 inquit:
2291 5158 2310 5191 ι
2346 5139 2515 5195 Nemo
2550 5144 2744 5209 bonus,
2781 5144 2885 5198 nisi
2936 5144 3084 5199 solus
3116 5141 3259 5198 Deus
3282 5142 3346 5194 ³⁵.
3387 5162 3407 5195 ι
3446 5142 3603 5198 Nunc

2035 5233 2279 5287 Platonis
2323 5233 2377 5286 in
2414 5231 2610 5288 Timaao
2645 5236 2968 5289 sententiam
3030 5224 3255 5303 accipe:
3293 5253 3311 5286 ι
3347 5233 3602 5289 Dicamus

2038 5341 2189 5397 ergo,
2219 5340 2385 5394 quam
2411 5327 2482 5380 ob
2510 5343 2754 5393 causam,
2790 5327 2990 5394 inquit,
3017 5337 3207 5380 auctor
3244 5326 3333 5380 ille
3362 5325 3603 5380 molitor‘

2037 5436 2146 5490 que
2199 5419 2340 5474 Deus
2386 5422 2547 5474 rebus
2590 5426 2769 5473 ortum
2808 5418 2957 5479 dare,
3002 5426 3164 5485 atque
3211 5416 3315 5471 hoc
3378 5414 3603 5469 univer-

2040 5527 2158 5566 sum
2197 5515 2432 5568 condere
2460 5510 2730 5568 statuerit.
2786 5507 2971 5563 Bonus
3014 5519 3164 5575 erat;
3198 5508 3375 5563 bonus
3416 5512 3603 5560 autem

447 5643 492 5675 ³ο
527 5642 738 5697 Coloss,
779 5655 820 5708 ι,
859 5639 947 5694 15,
1034 5634 1080 5668 ⁸⁸
1122 5628 1325 5684 Thren.
1353 5629 1554 5694 111,25.
1616 5630 1683 5662 ³¹⁶
1710 5627 1856 5686 Psal.
1889 5639 1945 5683 ει

2047 5663 2063 5679 .
2124 5623 2169 5658 ³⁸
2199 5620 2388 5681 Matth.
2415 5645 2529 5699 nx,
2564 5632 2649 5687 17.

449 5772 656 5842 (32-35)
684 5768 957 5844 Λέγωμεν
988 5764 1087 5838 δή.
1134 5760 1373 5823 Paucula
1415 5759 1530 5815 haec
1565 5756 1709 5828 leges
1749 5755 1803 5810 in
1847 5753 2041 5809 Timaeo
2059 5791 2077 5820 ,
2106 5751 2209 5809 sub
2239 5750 2453 5806 initium
2482 5767 2603 5824 pag.
2632 5748 2737 5807 527
2764 5748 3033 5807 versionis
3059 5747 3254 5809 Ficini.
