4156 6416
548 364 654 424 δοε
1220 356 1492 421 EUSEBII
1525 359 2003 419 (LESARIENSIS
2028 359 2179 415 OPP.
2220 357 2400 414 PARS
2432 356 2495 412 ll.
2531 385 2599 398 --
2625 353 3122 414 APOLOGETICA.
3687 349 3795 405 τοι

548 480 698 536 nulla
738 495 977 550 unquam
1013 480 1124 535 ullo
1155 480 1209 535 in
1241 495 1439 551 genere
1463 479 1675 535 laborat
1714 479 1937 535 invidia.
1983 479 2106 533 Cum

2218 475 2283 530 ἂν
2311 475 2420 546 (54)
2452 473 2661 544 φθόνος.
2694 473 2894 527 Τούτου
2938 472 2995 525 δὲ
3028 469 3185 531 ἐκτὸς
3215 466 3312 531 ὣν,
3362 464 3542 519 πάντα
3572 463 3655 517 ὅτι
3693 465 3783 534 μάλ

550 572 717 640 igitur
744 586 805 625 ea
840 580 1078 635 vacaret,
1129 571 1314 624 omnia
1346 571 1448 625 sibi
1491 587 1655 639 quam
1693 570 1970 624 simillima
2000 584 2106 624 esst

2224 569 2381 621 λιστα
2395 566 2657 639 ἐϐουλήθη
2685 565 2935 636 γενέσθαι
2952 560 3305 634 παραπλήσια
3329 557 3526 627 ἑαυτῷ.
3550 574 3569 606 ι
3595 556 3707 608 Καὶ
3734 557 3790 608 ὲν

546 663 769 716 voluit.»
806 661 947 716 Idem
988 663 1042 716 in
1091 661 1205 716 suis
1238 661 1314 717 De
1362 662 1540 731 repub.
1588 662 1786 716 libris:
1824 679 1843 712 ί
1867 660 2106 729 Nunquid

2219 663 2286 732 τῇ
2307 660 2585 726 Πολιτείᾳ
2615 659 2673 711 δὲ
2713 656 2883 711 ταῦτά
2921 671 3101 727 φησιν·
3128 672 3145 704 ι
3170 648 3296 722 ’Ἆρ’
3317 645 3409 703 οὖν
3430 649 3490 702 οὑ
3511 648 3601 698 καὶ
3619 646 3727 717 (55)
3763 648 3793 699 6

545 767 696 821 vero,
727 755 827 820 ait,
854 769 976 808 cum
1027 754 1110 809 sol
1142 756 1260 824 ipse
1295 754 1446 808 visus
1477 769 1584 807 non
1617 754 1706 820 sit,
1739 754 1806 808 ab
1829 768 1895 807 eo
1917 762 2117 820 tamen,

547 846 708 916 cujus
752 846 844 901 ille
878 842 1180 909 causaest,
1227 847 1516 902 cernitur?
1578 846 1764 911 Plane,
1798 845 1975 915 inquit
2009 846 2116 899 ille.

546 934 701 990 Hunc
741 937 907 1007 igitur
961 937 1181 1003 habeto,
1239 937 1484 1006 inquam,
1542 936 1678 991 Boni
1708 936 1876 990 tilium
1909 936 2006 990 abs
2034 950 2120 989 me

548 1027 750 1093 vocari,
801 1043 960 1096 quem
1038 1030 1245 1084 Bonum
1303 1031 1389 1082 sui
1440 1028 1673 1083 similem
1728 1027 2007 1097 genuerit:
2061 1036 2120 1081 ut

545 1117 692 1188 quod
729 1118 907 1187 ipsum
959 1119 1016 1171 in
1077 1118 1198 1173 loco
1230 1119 1456 1189 spiritali
1502 1128 1606 1183 est,
1639 1133 1763 1172 cum
1812 1125 2011 1183 mente,
2038 1131 2120 1172 re-

546 1214 759 1278 busque
786 1218 965 1263 mente
988 1211 1258 1279 perceptis
1298 1218 1710 1278 comparatum;
1743 1209 1796 1263 id
1827 1209 1910 1263 sol
1951 1209 2005 1261 in
2036 1208 2117 1262 ιο-

545 1313 611 1353 co
643 1299 956 1367 aspectabili
990 1300 1079 1366 sit,
1117 1300 1160 1354 si
1191 1316 1314 1355 cum
1350 1300 1473 1354 visu
1513 1316 1577 1355 ac
1609 1301 1774 1356 rebus
1800 1300 1903 1355 sub
1932 1301 2110 1354 visum

544 1391 863 1445 cadentibus
913 1390 1279 1445 conferetur.»
1305 1390 1371 1445 Et
1394 1393 1556 1461 paulo
1608 1403 1749 1461 post,
1787 1410 1804 1441 ι
1835 1391 1993 1458 Quod
2024 1391 2117 1462 igi-

544 1490 639 1537 tur
665 1492 719 1537 et
770 1483 837 1537 iis
881 1483 1048 1537 rebus
1100 1498 1221 1552 quis
1253 1496 1661 1552 cognoscuntur
1700 1485 1981 1539 veritatem
2018 1488 2115 1539 tri—

544 1572 683 1639 buit,
717 1581 771 1627 et
799 1572 1162 1642 cognoscendi
1188 1572 1293 1626 vim
1330 1572 1753 1643 facultatemque
1780 1577 2110 1645 suppeditat,

542 1664 598 1718 id
652 1673 707 1718 tu
763 1664 893 1718 boni
941 1664 1116 1718 ideam
1151 1679 1270 1719 esse
1324 1666 1569 1720 statuito.
1632 1665 1874 1736 Itemque
1920 1669 2110 1737 solent,

542 1755 760 1825 opinor,
813 1753 882 1809 iis
932 1768 1054 1823 qua:
1082 1752 1357 1819 videntur,
1403 1768 1513 1807 non
1549 1754 1602 1808 id
1658 1754 1822 1809 modo
1873 1755 2112 1811 tribuere

2219 750 2367 822 ἥλιος
2401 749 2521 820 δψις
2553 750 2651 821 μὲν
2680 750 2779 803 οὑκ
2815 748 2980 813 ἔστιν,
3006 747 3174 808 αἴτιος
3208 743 3251 795 δ’
3274 742 3347 795 ὣν
3400 741 3567 811 αὐτῆς
3597 741 3791 810 ὁρᾶται

2221 842 2493 911 ὑπἀὐτῆς
2515 840 2717 910 ταύτης
2737 857 2750 904 ;
2772 838 2977 904 Οὕτως,
2995 833 3084 909 ἧδ’
3102 837 3178 899 ὃς.
3198 834 3398 887 Τοῦτον
3420 832 3621 895 τοίνυν,
3648 825 3716 901 ἦν
3745 829 3790 882 δ’

2219 931 2347 1000 ἐγὼ,
2389 932 2551 999 φάναι
2585 931 2651 1001 μὲ
2692 930 2870 997 λέγειν
2898 928 2988 981 τὸν
3016 925 3110 980 τοῦ
3138 924 3363 993 Ἀγαθοῦ
3382 923 3622 991 ἔκγονον,
3653 919 3712 972 ὃν
3729 919 3792 973 τὸ

2216 1021 2437 1091 Ἀγαθὸν
2453 1022 2742 1093 ἐγέννησεν
2772 1020 3031 1088 ἀνάλογον
3072 1015 3269 1087 ἐαυτῷ,
3303 1015 3332 1067 ὃ
3362 1019 3415 1070 τί
3441 1029 3547 1083 περ
3575 1011 3709 1066 αὑτὸ
3730 1011 3792 1065 ὲν

2215 1114 2293 1185 τῷ
2312 1113 2486 1184 νοητῷ
2514 1113 2664 1183 τόπῳ
2692 1113 2826 1183 πρός
2854 1128 2913 1163 τε
2936 1108 3058 1163 νοῦν
3080 1108 3174 1162 καὶ
3201 1107 3270 1159 τὰ
3292 1104 3576 1175 νοούμενα,
3603 1101 3790 1154 τοῦτον

2217 1209 2273 1260 ἐν
2290 1206 2367 1277 τῷ
2381 1208 2560 1278 ὁρατῷ
2589 1205 2724 1276 πρός
2754 1222 2812 1257 τε
2840 1203 2959 1273 ὄψιν
2993 1203 3087 1255 καὶ
3113 1197 3500 1269 τὰόρὼμενα.»
3520 1194 3631 1247 Καὶ
3660 1193 3787 1262 ἑξῆς

2215 1299 2486 1367 ἐπιλέγει·
2523 1317 2541 1350 ι
2573 1296 2744 1349 Τοῦτο
2773 1295 2954 1348 τοίνυν
3000 1294 3060 1345 τὸ
3105 1290 3202 1362 τὴν
3252 1288 3507 1358 ἀλήθειαν
3549 1284 3788 1355 παρέχον

2214 1392 2328 1454 τοῖς
2351 1387 2830 1459 γιγνωσκομένοις,
2865 1385 2957 1438 καὶ
2987 1384 3049 1437 τὸ
3080 1381 3440 1451 γιγνώσκοντι
3484 1377 3583 1451 τὴν
3628 1376 3787 1430 δύνα-

2217 1500 2307 1553 μιν
2336 1478 2637 1543 ἀποδιδοῦν,
2686 1477 2784 1549 τὴν
2817 1476 2910 1528 τοῦ
2951 1473 3156 1542 ἀγαθοῦ
3204 1472 3345 1525 ίδέαν
3392 1467 3522 1538 φάθι
3565 1462 3724 1519 εἶναι.
3760 1483 3780 1516 ι

2213 1574 2322 1626 Καὶ
2354 1571 2512 1625 πάλιν
2547 1570 2711 1641 φησί’
2749 1588 2766 1618 ‹
2792 1569 2894 1621 Τὸν
2922 1567 3214 1642 ἦλιονλτοῖς
3247 1561 3545 1633 ὁρωμένοις
3581 1557 3642 1610 οὐ
3684 1555 3785 1626 μό-

2212 1681 2321 1729 νον,
2348 1658 2520 1734 οῐμαι,
2542 1662 2641 1731 τὴν
2663 1658 2756 1712 τοῦ
2784 1656 3013 1730 ὁρᾶσθαι
3040 1655 3266 1724 δύναμιν
3288 1650 3546 1721 παρέχειν
3571 1647 3781 1716 φήσεις,

2213 1755 2347 1809 ἀλλὰ
2375 1755 2467 1808 καὶ
2493 1754 2591 1824 τὴν
2617 1751 2827 1820 γένεσιν
2874 1750 2967 1803 καὶ
3006 1748 3176 1817 αὔξην
3222 1746 3316 1799 καὶ
3342 1741 3567 1815 τροφὴν,
3602 1740 3661 1793 οὐ
3691 1738 3784 1807 γέ-

543 1846 713 1909 dices,
748 1853 808 1898 ut
837 1842 1009 1898 videri
1040 1853 1261 1912 queant,
1293 1860 1479 1900 verum
1512 1846 1673 1899 etiam
1728 1853 1907 1899 ortum
1956 1846 2106 1915 ipsis,

2212 1864 2358 1902 νεσιν
2386 1823 2724 1899 αὐτδνγὸντασ
2762 1841 2880 1904 πῶς
2912 1840 3054 1910 γάρ;
3080 1838 3190 1892 Καὶ
3222 1838 3333 1899 τοῖς
3366 1830 3785 1903 γινωσκομένοις

546 1936 909 2001 incrementa,
987 1935 1456 2005 nutritionemque
1505 1935 1712 2006 largiri,
1768 1952 1890 1990 cum
1931 1948 2114 1993 tamen

547 2036 702 2081 ortus
736 2026 850 2095 ipse
886 2040 995 2079 non
1020 2028 1125 2082 sit:
1152 2026 1243 2096 qui
1279 2028 1424 2081 enim
1455 2041 1576 2081 esse
1597 2027 1820 2096 possit?
1868 2027 2008 2099 Ergo
2040 2028 2113 2083 si-

542 2119 741 2175 militer
787 2132 874 2172 res
916 2131 1032 2181 eas,
1071 2133 1193 2187 quae
1228 2127 1651 2188 cognoscuntur,
1688 2132 1718 2171 a
1766 2116 1915 2172 Bono
1944 2119 2110 2185 dices,

547 2227 655 2265 non
683 2218 741 2265 ut
764 2220 1165 2280 cognoscantur
1191 2211 1374 2277 modo,
1406 2209 1499 2264 sed
1522 2192 1683 2264 etiam
1711 2218 1771 2263 ut
1798 2209 1928 2275 sint,
1957 2209 2114 2264 adeo-

546 2319 654 2370 que
700 2300 979 2372 propriam
1034 2301 1286 2355 essentiae
1339 2315 1452 2355 suae
1497 2301 1762 2355 rationem
1810 2302 1879 2355 ab
1918 2301 2109 2356 eodem

542 2394 811 2463 accipere,
842 2393 1059 2448 tametsi
1082 2392 1294 2446 Bonum
1318 2393 1554 2448 essentia
1580 2409 1687 2447 non
1715 2394 1807 2458 sit,
1834 2394 1927 2448 sed
1952 2394 2111 2464 longe

539 2497 706 2551 supra
738 2480 1031 2536 essentiam
1075 2496 1294 2536 omnem
1334 2482 1622 2551 majestate
1664 2482 1827 2536 simul
1869 2497 1932 2536 ac
1961 2490 2105 2551 pote-

541 2583 683 2631 state.
738 2575 1025 2629 emineat.»
1067 2573 1195 2629 Han:
1230 2573 1406 2642 Plato,
1435 2575 1635 2646 quibus
1666 2575 1972 2631 clarissime
2010 2576 2109 2631 do-

538 2675 650 2733 cet,
693 2668 971 2738 spiritales
1005 2667 1474 2738 intelligentesque
1512 2677 1735 2722 naturas
1764 2682 1795 2721 a
1830 2666 1978 2722 Bono
2009 2668 2110 2737 (sic

538 2768 723 2812 autem
763 2755 935 2812 Deum
969 2758 1222 2827 appellat)
1250 2774 1358 2813 non
1400 2770 1460 2812 ut
1498 2757 1752 2828 cognosci
1784 2757 1951 2812 modo
1976 2773 2109 2827 pos-

539 2850 674 2915 sint,
718 2864 911 2902 verum
952 2849 1114 2903 etiam
1174 2858 1236 2904 ut
1277 2851 1405 2916 sint,
1453 2863 1517 2903 ac
1549 2848 1826 2919 propriam
1857 2849 2109 2903 essentize

536 2954 653 2994 sua:
691 2939 957 2992 rationem
1003 2938 1292 3008 accipere:
1336 2937 1545 2993 Bonum
1588 2946 1768 2992 tamen
1813 2937 1990 3007 ipsum
2020 2952 2109 2992 es—

535 3030 767 3083 sentiam
799 3045 905 3083 non
944 3044 1086 3095 esse,
1115 3030 1209 3084 sed
1238 3030 1530 3085 essentiam
1573 3043 1789 3083 omnem
1826 3027 2107 3095 majestate

2213 1939 2427 2000 τοίνυν,
2466 1936 2541 2006 μὴ
2597 1934 2757 2005 μόνον
2801 1932 2864 1985 τὸ
2909 1928 3270 2000 γινώσκεσθαι
3317 1926 3479 1995 φάναι
3525 1921 3630 1975 ὑπὸ
3686 1918 3781 1971 τοῦ

2208 2025 2438 2093 Ἀγαθοῦ
2459 2029 2724 2101 παρεῖναι,
2744 2021 2882 2078 ἀλλὰ
2914 2022 3008 2076 καὶ
3033 2022 3095 2074 τὸ
3134 2016 3272 2072 εἷναί
3302 2016 3413 2088 (56)
3446 2031 3505 2067 τε
3548 2012 3640 2066 καὶ
3681 2009 3785 2080 τὴν

2211 2117 2415 2181 οὐσίαν,
2454 2118 2544 2169 ὑπ’
2591 2114 2802 2168 ἐκείνου
2853 2114 3036 2176 αὑτοῖς
3090 2112 3403 2184 προσεῖναι,
3450 2105 3549 2158 οὐκ
3594 2102 3783 2164 οὐσίας

2210 2207 2363 2271 ὄντος
2397 2207 2490 2261 τοῦ
2533 2204 2785 2275 Ἀγαθοῦ,
2820 2204 2933 2258 ἀλλ’
2970 2205 3229 2257 ἐπέκεινα
3270 2198 3475 2261 οὐσίας,
3518 2192 3785 2265 πρεσϐείᾳ.

2209 2299 2301 2353 καὶ
2326 2299 2549 2368 δυνάμει
2575 2297 2951 2369 ὑπερέχοντος.
2979 2314 2997 2347 ι
3036 2293 3353 2361 Σαφέστατα
3378 2288 3466 2341 διὰ
3493 2286 3696 2340 τούτων
3721 2284 3782 2336 οὐ

2212 2390 2371 2474 μόνον
2389 2389 2450 2442 τὸ
2468 2387 2829 2459 γινώσκεσθαι
2859 2390 2979 2450 ταῖς
2995 2398 3023 2426 ιι
3042 2387 3258 2455 νοηταῖς
3281 2381 3509 2474 οὐσίαις,
3526 2376 3784 2474 Δάλλὰᾼκιιιῒι

2208 2465 2269 2534 τὸ
2305 2482 2447 2536 εἶναί
2484 2499 2542 2534 τε
2578 2481 2673 2534 καὶ
2696 2479 2794 2550 τὴν
2821 2478 3008 2531 οὐσίαν
3041 2476 3184 2547 ἔχειν
3213 2473 3365 2544 παρὰ
3400 2470 3494 2525 τοῦ
3526 2465 3779 2536 Ἀγαθοῦ,

2207 2573 2405 2644 δηλαδὴ
2443 2571 2537 2625 τοῦ
2554 2569 2710 2634 Θεοῦ,
2744 2569 2908 2639 φησὶν
2935 2571 2964 2621 6
2992 2567 3244 2621 Πλάτων’
3268 2564 3329 2617 τό
3353 2580 3413 2616 τε
3447 2558 3676 2629 Ἀγαθὸν
3706 2556 3782 2628 μὴ

2209 2660 2347 2717 εἶναι
2379 2664 2587 2726 οὐσίαν,
2611 2661 2723 2716 ἀλλ’
2759 2660 3012 2713 ἐπέκεινα
3037 2659 3137 2728 τῆς
3160 2655 3369 2719 οὐσίας,
3398 2650 3661 2724 πρεσὸεία
3687 2649 3782 2702 καὶ

2207 2754 2434 2824 δυνάμει
2467 2751 2761 2823 ὑπερέχον·
2788 2750 2928 2803 ὥστε
2953 2748 3026 2820 μὴ
3057 2745 3315 2818 ὁμοούσια
3347 2742 3484 2798 αὐτὰ
3512 2740 3779 2804 τίθεσθαι,

2207 2845 2342 2902 ἀλλὰ
2391 2844 2524 2917 μηδὲ
2571 2843 2837 2914 ἀγέννητα
2867 2839 3106 2911 νομίζειν
3133 2879 3147 2904 ,
3177 2840 3258 2891 ὅτι
3307 2837 3371 2908 δὴ
3421 2836 3515 2889 καὶ
3554 2835 3615 2887 τὸ
3640 2829 3781 2887 εἷναι

2209 2935 2301 2987 καὶ
2320 2934 2417 3005 τὴν
2459 2934 2644 2986 οὐσίαν
2696 2932 2885 3002 εἴληφε
2939 2930 3091 3002 παρὰ
3128 2928 3221 2983 τοῦ
3272 2929 3345 2999 μὴ
3393 2927 3545 2988 ὄντος
3567 2925 3777 2988 οὐσίας,

2209 3025 2321 3078 ἁλλ’
2355 3027 2611 3079 ἐπέκεινα
2659 3025 2846 3087 οὐσίας
2880 3021 3141 3095 πρεσϐεία
3187 3021 3283 3075 καὶ
3339 3019 3564 3089 δυνάμει
3614 3019 3782 3088 ὑπερ-

535 3121 703 3176 simul
757 3137 821 3177 ac
874 3130 1141 3191 potestate
1200 3122 1359 3192 longe
1420 3122 1765 3192 multumque
1816 3135 2097 3189 superare.

2210 3115 2452 3186 ἔχοντος·
2487 3116 2545 3168 ὃν
2576 3113 2639 3185 δὴ
2673 3114 2767 3166 καὶ
2796 3112 2954 3183 μόνον
2995 3110 3218 3171 εἰκότως
3250 3107 3381 3159 Θεὸν
3411 3104 3479 3158 τὰ
3516 3103 3781 3175 Ἑϐραίων

534 3212 722 3282 Itaque
758 3222 985 3268 naturas
1036 3213 1157 3267 illas
1206 3228 1306 3268 nec
1339 3212 1585 3281 ejusdem
1620 3227 1745 3268 cum
1776 3211 1870 3265 illo
1905 3226 2095 3266 esscno

535 3306 623 3359 tiae
654 3306 865 3369 statuit,
898 3321 999 3360 nec
1030 3315 1153 3360 ortu
1186 3320 1373 3360 carere
1406 3304 1726 3369 arbitratur,
1754 3303 1955 3373 quippe
1979 3317 2102 3372 quae

535 3400 597 3445 ut
622 3401 826 3457 essent,
854 3408 918 3448 ac
967 3392 1241 3463 propriam
1285 3393 1535 3446 essentiae
1570 3408 1683 3447 suae
1715 3393 2006 3457 rationem,
2034 3392 2102 3447 ab

533 3499 600 3540 eo
628 3486 775 3555 quod
800 3485 1039 3541 essentia
1069 3499 1181 3540 non
1230 3493 1334 3551 est,
1387 3483 1548 3556 543
1584 3484 1680 3539 sed
1723 3485 2009 3554 majestate
2039 3498 2103 3538 ac

530 3586 800 3648 potestate
848 3577 1143 3633 essentiam
1175 3591 1393 3632 omnem
1438 3577 1756 3647 longissime
1785 3587 2102 3647 praetergre-

531 3668 681 3724 ditur
699 3707 716 3736 ,
742 3667 1083 3737 acceperint:
1114 3682 1275 3736 quem
1299 3676 1585 3737 propterea
1620 3668 1746 3737 jure
1768 3668 1988 3737 quidem
2038 3681 2101 3722 ac

534 3758 734 3837 merito
786 3758 964 3814 solum
1024 3757 1252 3814 Hebraea
1300 3759 1520 3814 oracula
1565 3758 1734 3813 Deum
1781 3759 2096 3829 praedicant,

535 3865 663 3906 cum
698 3850 858 3905 rebus
886 3850 1098 3905 caeteris
1142 3850 1398 3905 omnibus
1438 3850 1692 3904 essentia!
1727 3848 1851 3905 l‘ons
1891 3848 2100 3919 princi-

532 3943 796 4014 piumque
826 3943 917 3998 sit.
951 3942 1075 3998 lllas
1105 3951 1287 3997 autem
1334 3957 1548 4006 omnes,
1594 3942 1793 4011 quibus
1823 3956 2002 4011 neque
2042 3948 2100 3993 ut

532 4035 663 4099 sint,
712 4050 889 4104 neque
939 4050 1036 4089 sua
1068 4034 1336 4104 cujusque
1378 4033 1629 4088 essentiae
1674 4032 1815 4086 ratio
1840 4048 1868 4086 a
1901 4030 2095 4100 seipsis

530 4126 694 4190 inest,
726 4125 837 4180 imo
867 4140 935 4179 ne
964 4123 1098 4179 Boni
1132 4123 1353 4193 quidem
1385 4130 1594 4177 natura:
1623 4122 1963 4185 communio,
2001 4120 2101 4174 ab-

2205 3206 2523 3278 ἀναγορεύει
2549 3206 2724 3273 λόγια,
2757 3204 2831 3267 ὡς
2859 3201 2924 3256 ἂν
2956 3204 3066 3264 τοῖς
3097 3199 3303 3253 πᾶσινιι
3324 3198 3490 3250 αἴτιον
3519 3196 3666 3248 ὄντα.
3700 3193 3782 3246 Τὰ

2204 3298 2268 3369 δὴ
2292 3295 2381 3352 οὖν
2416 3300 2551 3369 μήτε
2593 3298 2652 3350 τὸ
2694 3293 2851 3361 εἶναι,
2892 3297 3029 3366 μήτε
3073 3291 3170 3361 τὴν
3195 3282 3381 3342 οὐοίίαν
3414 3288 3543 3358 παρ’
3571 3285 3780 3339 ἑαυτῶν

2208 3388 2414 3459 ἔχοντα,
2452 3389 2586 3442 ἀλλὰ
2615 3388 2748 3459 μηδὲ
2780 3388 2879 3456 τῆς
2911 3381 3148 3452 τάγαθοῦ
3188 3381 3398 3448 φύσεως
3429 3377 3577 3439 ὅντα,
3621 3377 3681 3429 οὐ
3713 3375 3778 3445 δὴ

2208 3480 2426 3548 εὔλογον
2457 3479 2613 3541 θεοὺς
2636 3475 2771 3532 εἶναι
2800 3475 3070 3546 ἡγεῖσθαι,
3092 3470 3172 3535 οἷς
3198 3471 3271 3542 μὴ
3302 3472 3459 3537 φύσει
3489 3466 3547 3519 τὸ
3575 3465 3779 3532 ἀγαθὸν

2210 3575 2517 3645 πρόσεστιν.
2561 3572 2671 3625 Ἑνὶ
2700 3569 2808 3641 γὰρ
2860 3567 3018 3621 τοῦτο
3071 3563 3236 3632 μόνῳ,
3290 3559 3382 3612 καὶ
3419 3556 3592 3609 οὐδενὶ
3635 3554 3779 3624 ἄλλῳ

2206 3664 2513 3735 ρναθετέον,
2546 3663 2624 3732 τῷ
2656 3660 2798 3730 μόνῳ
2815 3654 3084 3729 Ἀγαθῷβ
3106 3655 3169 3724 δὴ
3198 3653 3290 3705 καὶ
3318 3648 3570 3702 ἐπέκεινα
3598 3646 3774 3715 πάσης

2202 3756 2407 3819 οὐσίας,
2433 3750 2699 3826 πρεσϐεία
2725 3767 2782 3801 τε
2805 3747 2898 3800 καὶ
2925 3747 3148 3815 δυνάμει
3174 3742 3432 3813 ὑπερέχον
3460 3737 3777 3808 θαυμασίως

2204 3847 2233 3897 ὁ
2256 3843 2478 3897 Πλάτων
2506 3839 2838 3908 ἀνεφώνησε.
2883 3835 3050 3889 Πάλιν
3085 3834 3140 3887 δὲ
3166 3837 3195 3886 6
3231 3832 3536 3901 Νουμήνιος
3575 3832 3632 3882 ὲν
3662 3830 3776 3890 τοῖς

2202 3935 2340 4003 Περὶ
2362 3934 2468 3987 τοῦ
2510 3930 2753 4000 ἀγαθοῦ,
2781 3928 2876 3999 τὴν
2909 3928 3001 3980 τοῦ
3028 3926 3310 3987 Πλάτωνος
3331 3923 3565 3977 διάνοιαν
3598 3921 3772 3991 ἑρμη-

2202 4024 2389 4090 νεύων,
2426 4021 2612 4076 τοῦτον
2642 4020 2858 4084 διέξεισι
2884 4017 2974 4071 τὸν
3006 4016 3222 4088 τρόπον.

531 4221 696 4276 surde
720 4236 946 4291 prorsus
993 4234 1057 4274 ac
1084 4218 1253 4274 stulte
1293 4219 1426 4273 deos
1467 4233 1589 4274 esse
1630 4218 1931 4288 putaveris,
1967 4230 2090 4270 cum
2132 4214 2251 4282 ipso
2296 4224 2515 4281 quoque
2566 4210 2711 4262 bono
2749 4221 2848 4261 sua
2904 4219 2997 4274 per
3055 4216 3175 4257 sese
3224 4207 3416 4291 natura
3447 4195 3770 4291 spolientur.

532 4311 650 4367 Hoc
711 4285 996 4367 enimvero
1060 4311 1154 4365 uni
1209 4312 1475 4366 duntaxat
1522 4285 1870 4365 tribuendum
1927 4315 2043 4374 est,
2088 4314 2347 4376 praeterea
2396 4300 2620 4365 nemini,
2657 4299 2782 4364 soli,
2828 4298 3072 4365 inquam,
3104 4292 3183 4346 illi
3223 4290 3394 4348 Bono.
3425 4287 3570 4357 quod
3605 4285 3774 4355 maje-

533 4416 673 4462 state
709 4407 869 4461 simul
909 4422 972 4461 ac
1002 4413 1267 4476 potestate
1293 4404 1465 4466 Plato.
1500 4405 1657 4477 longe
1684 4418 1847 4474 supra
1876 4402 2167 4457 essentiam
2193 4413 2409 4455 omnem
2425 4395 2668 4452 eminere
2694 4402 2803 4449 tam
2861 4390 3076 4461 egregie
3129 4386 3495 4457 praeclareque
3522 4395 3772 4477 pronun-

527 4503 649 4558 tiat.
672 4500 840 4571 Cujus
867 4501 1061 4555 iterum
1085 4500 1405 4555 sententiam
1433 4496 1734 4553 Numenius
1755 4498 1809 4551 in
1845 4497 1959 4553 suis
1993 4495 2070 4550 De
2094 4494 2242 4550 Bono
2264 4491 2419 4548 libris
2445 4503 2741 4559 exponens,
2770 4486 2916 4539 hunc
2938 4484 2990 4537 in
3023 4482 3242 4536 modum
3266 4476 3694 4548 philosophatur.

1097 4614 1327 4670 CAPUT
1359 4614 1524 4670 XXII.

2704 4601 3097 4659 ΚΕΦΑΛΑΙΟΝ
3129 4599 3256 4652 ΚΒ’.

945 4727 1199 4782 Numenii
1229 4728 1294 4781 de
1319 4726 1466 4781 Bono
1491 4728 1666 4783 verba.

597 4843 955 4913 «Corporum,
1010 4842 1210 4910 inquit,
1255 4850 1507 4895 naturam
1564 4836 1866 4908 intelligere
1895 4851 2091 4906 possu-

523 4951 669 5000 mus,
701 4936 829 4991 dum
869 4935 1065 5003 partim
1094 4935 1148 4987 in
1170 4934 1398 4988 aliorum
1432 4931 1691 4987 similium
1724 4929 2090 4991 conditiones,

519 5028 721 5099 partim
755 5029 810 5082 in
858 5028 1108 5097 proprias
1156 5034 1211 5080 et
1249 5025 1442 5079 insitas
1483 5023 1644 5077 obvio
1697 5021 1895 5090 cuique
1935 5030 2092 5075 notas

522 5123 823 5176 intuemur.
860 5121 930 5174 At
978 5118 1108 5172 boni
1145 5118 1411 5182 rationem
1438 5129 1651 5184 capere,
1696 5112 1846 5166 nullo
1868 5127 2096 5181 prorsus

523 5212 709 5279 modo,
741 5227 918 5282 neque
944 5211 1107 5265 ullius
1136 5225 1202 5264 ex
1225 5209 1303 5264 rei
1329 5207 1617 5278 praesentis
1644 5212 1891 5274 aspectu,
1915 5219 2092 5273 neque

593 5358 620 5387 ι
639 5344 799 5398 Forte
818 5344 935 5407 τάς.
1011 5344 1041 5382 ι)
1059 5340 1221 5395 Forte
1246 5340 1373 5396 add.
1409 5338 1503 5393 τοῦ
1526 5332 1686 5393 εἶναι.

596 5517 704 5585 (54)
752 5517 1095 5589 Ἐγτίγνοιτ’
1127 5515 1222 5569 ἄν.
1255 5514 1407 5568 Plato
1448 5511 1625 5567 Ficini
1664 5519 1717 5565 et
1746 5506 2095 5589 Serrani}?-

526 5574 1173 5657 γίγνεται,’ἀιιῖι›ιιδουιιι
1227 5594 1607 5657 et__manuscr.
1661 5579 1929 5650 congruit.
1982 5574 2096 5629 Hoc

529 5653 670 5709 certe
703 5653 961 5712 magisex
991 5658 1254 5710 suavitate
1285 5653 1549 5708 Platonis.

597 5725 707 5793 (55)
756 5712 878 5794 "Xp‘
917 5722 1143 5794 0:51:06
1185 5723 1303 5779 καί.
1348 5722 1538 5778 Exstat
1584 5720 1741 5777 locus
1790 5717 1886 5774 lib.
1932 5730 1986 5772 Vt
2018 5712 2095 5770 De

530 5789 703 5849 reoub.
732 5789 853 5862 pag.
884 5794 987 5850 474
1016 5789 1129 5850 Fic.

2573 4717 2913 4788 Νουμηνίου
2943 4712 3074 4781 περὶ
3101 4710 3378 4782 τάγαθοῦ.

2271 4855 2290 4888 ι
2338 4834 2419 4888 Τὰ
2444 4827 2536 4887 οῦν
2566 4830 2793 4901 σώματα
2831 4826 3012 4880 λαϐεῖν
3046 4827 3175 4895 ημῖν
3203 4823 3398 4889 ἔξεστι,
3437 4818 3774 4891 σημαινομέ⁴

2196 4943 2306 4989 νοις
2338 4926 2402 4979 ἔκ
2430 4942 2490 4977 τε
2520 4922 2741 4993 ὁμοίων,
2774 4917 2883 4972 ἀπό
2901 4934 2960 4968 τε
2991 4914 3096 4968 τῶν
3121 4917 3177 4967 ὲν
3203 4916 3312 4976 τοῖς
3345 4910 3772 4981 παρακειμένοις

2197 5014 2592 5087 γνωρισμάτων
2622 5011 2847 5064 ἐνόντων
2868 5025 2880 5037 ·
2908 5006 3144 5074 τάγαθὸν
3162 5004 3240 5067 δὲ,
3270 5000 3482 5064 οὐδενὸς
3505 5001 3570 5053 ἐκ
3592 5015 3770 5069 παρα-

2199 5107 2473 5178 κειμένου,
2492 5104 2598 5157 οὐδ’
2617 5098 2708 5156 οὖν
2725 5101 2831 5155 ἀπὸ
2846 5098 3030 5170 ὁμοίου
3047 5094 3303 5166 αἰσθητοῦ
3322 5096 3437 5147 ἐστι
3463 5091 3646 5144 λαϐεῖν
3670 5107 3774 5159 μη-

2199 5200 2335 5270 χανή
2358 5215 2439 5261 τις
2461 5194 2702 5265 οὐδεμία.
2735 5190 2896 5245 Ἀλλὰ
2920 5191 3121 5259 δεήσει,
3147 5183 3258 5241 οἷον
3280 5186 3333 5239 εί
3354 5201 3434 5246 τις
3456 5182 3559 5251 ,ἐπὶ
3592 5182 3769 5251 σκοπῇ

2269 5498 2376 5569 (56)
2421 5495 2605 5569 Ἀλᾴὰ
2631 5494 2728 5547 καὶ
2760 5494 2826 5546 τὸ
2852 5488 3037 5569 εἶναι..
3066 5487 3193 5543 Haec
3228 5499 3400 5569 usque
3433 5482 3508 5564 ⁸ειά

2200 5549 2373 5631 ciae:
2406 5549 2477 5621 sit
2526 5566 2752 5619 Platone
2797 5562 3191 5634 supplevimus,
3243 5549 3473 5634 alioqui.
3500 5549 3771 5631 pendebat

2196 5622 2356 5693 illud
2384 5638 2459 5709 μὴ
2516 5636 2720 5709 μόνον,
2774 5622 2920 5709 quod
2972 5622 3340 5709 praecesSerat:
3369 5622 3768 5709 'Librariorum

2197 5687 2719 5796 oc‘ulpsrv'erborum'
2752 5687 3005 5775 παρείνοίι
3047 5711 3101 5757 et
3148 5697 3429 5768 προσεῖναι
3473 5687 3771 5750 similitudo

2197 5795 2503 5851 παρηγαγε.
