4156 6412
407 314 511 370 995

1506 315 1831 371 PREPAR.
1876 315 2130 372 EVANG.
2177 316 2302 370 LIB.
2347 315 2439 370 XI.

3551 314 3656 370 906

408 429 745 500 καθήμενος,
819 429 950 482 ναῦν
1021 428 1210 482 ἁλιάδα
1268 427 1522 498 βραχεῖάν
1597 445 1718 482 τινα
1778 430 1983 484 τούτων

2088 448 2152 486 ex
2199 432 2523 501 cujusquam
2571 429 2815 494 omnino,
2865 443 2988 498 quae
3033 429 3283 506 sensibus
3329 430 3660 500 percipiatur

406 521 513 574 τῶν
560 519 923 591 ὲπακτρίδων,
964 520 1071 572 τῶν
1109 519 1304 590 μόνων,
1350 518 1496 589 μίαν,
1537 520 1724 592 μόνην,
1755 520 1984 594 ἔρημον,

410 612 770 683 μετακυμίαις
795 611 1057 682 ἐχομένην
1091 610 1470 682 όξυδεδορκὼς,
1491 613 1590 683 μιᾷ
1616 611 1741 684 βολῇ
1776 614 1985 667 κατεῖδε

406 705 502 778 τὴν
544 704 708 759 ναῦνο
749 703 890 758 οὕτω
917 705 981 773 δή
1024 721 1147 757 τινα
1193 703 1494 757 ἀπελθόντα
1537 705 1725 777 πόρρω
1749 705 1857 759 ἀπὸ
1879 705 1986 759 τῶν

405 797 698 868 αἰσθητῶν,
757 797 1017 868 ὁμιλῆσαι
1055 793 1133 866 τῷ
1186 795 1374 866 ἀγαθῷ
1429 796 1572 867 μόνῳ
1619 796 1799 867 μόνον,
1859 797 1987 850 ἔνθα

410 890 544 960 μήτε
567 906 650 951 τις
672 886 978 960 ἄνθρωπος,
1019 888 1152 958 μήτε
1181 905 1233 940 τι
1263 886 1399 951 ζῶον
1423 887 1632 959 ἕτερον,
1667 888 1800 959 μηδὲ
1828 888 1985 959 σῶμα

409 982 570 1052 μέγα,
615 981 750 1053 μηδὲ
780 981 1030 1052 σμικρὸν,
1061 980 1195 1034 ἀλλά
1217 997 1299 1043 τις
1331 979 1536 1049 ἄφατος
1572 981 1666 1032 καὶ
1696 981 1986 1052 ἀδιήγητος

406 1072 645 1142 ἀτεχνῶς
693 1071 897 1142 ὲρημία
940 1071 1244 1134 θεσπέσιος,
1294 1069 1422 1124 ἔνθα
1457 1070 1550 1123 τοῦ
1606 1070 1811 1139 ἀγαθοῦ
1857 1070 1983 1142 ἢθη,

406 1166 675 1238 διατριϐαί
708 1184 767 1218 τε
809 1165 902 1220 καὶ
936 1165 1178 1234 ἀγλαΐαι,
1217 1163 1347 1215 αὐτὸ
1376 1161 1433 1214 δὲ
1474 1163 1532 1214 ὲν
1564 1163 1775 1236 εἰρήνῃ,
1811 1165 1868 1216 ἐν
1899 1163 1988 1216 εὐ-

409 1259 620 1329 μενείᾳ,
648 1259 708 1312 τὸ
741 1245 1056 1330 ἤρεμον,”τὺ
1089 1253 1431 1326 ἡγεμονικὸν,
1478 1253 1653 1317 ἵλεων,
1686 1254 1985 1325 ἐποχούμε-

405 1370 492 1406 νον
523 1353 614 1405 ἐπὶ
654 1355 721 1424 τῇ
756 1351 934 1422 οὐσίᾳ.
965 1351 1028 1403 Εἰ
1073 1349 1130 1402 δέ
1162 1365 1244 1412 τις
1279 1347 1415 1418 πρὸς
1459 1349 1568 1410 τοῖς
1601 1347 1876 1418 αἰσθητοῖς
1903 1347 1985 1400 λι-

407 1443 618 1515 παρῶν,
649 1444 710 1496 τὸ
732 1443 932 1512 ἀγαθὸν
969 1441 1334 1511 ὲφιπτάμενον
1358 1437 1711 1509 φαντάζεται,
1754 1439 1987 1492 κᾶπειτα

403 1536 623 1607 τρυφῶν
663 1535 827 1589 οἴοιτο
849 1533 926 1606 τῷ
963 1533 1152 1604 ἀγαθῷ
1179 1531 1615 1604 ἐντετυχηκέναι,
1650 1531 1744 1584 τοῦ
1788 1531 1986 1595 παντὸς

405 1627 728 1699 ἁμαρτάνει.
781 1627 872 1698 Τῷ
906 1625 1012 1698 γὰρ
1051 1626 1162 1680 ὄντι
1208 1626 1268 1679 οὐ
1318 1624 1525 1696 ῥᾳδίας,
1562 1623 1710 1687 θείας
1755 1623 1812 1676 δὲ
1851 1625 1986 1696 πρὸς

407 1721 536 1773 αὐτὸ
563 1721 644 1775 δεῖ
673 1720 892 1792 μεθόδου
911 1735 925 1750 ⁸
960 1719 1052 1772 καὶ
1083 1718 1196 1772 ἔστι
1227 1717 1535 1790 κράτιστον,
1580 1717 1686 1771 τῶν
1717 1717 1984 1788 αἰσθητῶν

406 1811 758 1884 ἀμελήσαντι,
792 1809 1229 1880 νεανιευσαμένῳ
1247 1809 1384 1881 πρὸς
1411 1807 1478 1862 τὰ
1512 1808 1829 1879 μαθήματα,
1861 1811 1985 1872 τοὺς

405 1903 671 1975 ἀριθμοὺς
700 1902 1038 1973 θεασαμένῳ,
1065 1901 1237 1965 οὕτως
1266 1899 1627 1970 ὲκμελετῆσαι
1650 1899 1894 1970 μάθημα·
1919 1899 1983 1952 Τί

403 1994 518 2046 ἐστι
572 1993 634 2046 τὸ
683 1992 761 2046 ἓν.
807 2012 825 2046 ι
858 1992 1042 2046 Ταῦτα
1085 1992 1182 2062 μὲν
1225 1993 1283 2044 ἐν
1332 1990 1411 2062 τῷ
1455 1989 1684 2061 πρὼτῳο
1720 1991 1776 2042 ὲν
1808 1990 1865 2043 δὲ
1905 1990 1984 2061 τῷ

402 2085 641 2156 πέμπτῳ
682 2084 859 2139 ταῦτά
908 2101 1106 2155 φησιν·
1145 2102 1164 2134 ι
1199 2084 1261 2136 Εἰ
1319 2082 1363 2136 δ’
1407 2083 1522 2136 ἐστὶ
1574 2083 1672 2154 μὲν
1722 2083 1908 2154 νοητὸν
1948 2085 1982 2153 ή

402 2175 561 2230 οὐσία
589 2177 684 2230 καὶ
711 2177 744 2247 ἡ
777 2176 908 2242 ἰδέα,
949 2176 1154 2246 ταύτης
1183 2175 1226 2228 δ’
1261 2175 1584 2246 ὡμολογήθη
1617 2174 1983 2246 πρεσϐύτερον

403 2267 497 2319 καὶ
527 2267 697 2320 αἴτιον
721 2261 857 2320 εἶναι
881 2269 910 2320 6
940 2265 1085 2331 νοῦς,
1114 2265 1275 2329 αὐτὸς
1296 2259 1452 2329 οὗτος
1477 2266 1635 2335 μόνος
1661 2266 1884 2337 εὕρηται
1910 2265 1984 2318 ὢν

402 2357 460 2410 τὺ
492 2357 713 2426 ἀγαθόν.
746 2359 855 2410 Καὶ
895 2357 1002 2429 γὰρ
1031 2360 1078 2411 εἰ
1108 2359 1136 2411 6
1168 2357 1268 2428 μὲν
1293 2358 1322 2410 6
1353 2357 1680 2428 δημιουργὸς
1705 2357 1837 2421 Θεός
1868 2359 1985 2410 ἐστι

403 2448 672 2516 γενέσεως
710 2449 875 2520 ἀρχὴ,
915 2449 977 2502 τὸ
999 2449 1199 2518 ἀγαθὸν
1224 2449 1412 2514 οὐσίας
1446 2449 1592 2502 ἐστὶν
1625 2449 1785 2520 ἀρχή.
1825 2449 1984 2501 Ἀνά-

403 2541 558 2609 λογον
594 2541 651 2594 δὲ
699 2542 872 2612 τούτῳ
921 2541 1020 2611 μὲν
1065 2543 1094 2595 6
1139 2541 1465 2613 δημιουργὸς
1509 2541 1660 2605 Θεὸς,
1695 2541 1771 2594 ὢν
1819 2540 1984 2594 αὐτοῦ

316 2615 324 2626 ’
409 2632 667 2703 μιμητὴς,
695 2636 760 2703 τῇ
783 2632 840 2685 δὲ
865 2633 1023 2704 οὐσίᾳ
1045 2635 1078 2703 ἡ
1101 2632 1333 2701 γένεσις,
1356 2632 1517 2686 εἰκὼν
1543 2633 1711 2704 αὐτῆς
1737 2629 1870 2687 οὖσα
1892 2632 1986 2686 καὶ

407 2725 650 2795 μίμημα.
687 2725 748 2777 Εἰ
793 2723 901 2794 γὰρ
935 2725 962 2776 6
990 2724 1337 2796 δημιουργὸς,
1359 2727 1388 2778 6
1415 2725 1514 2795 τῆς
1541 2723 1810 2794 γενέσεώς
1838 2727 1986 2778 ἐστιν

404 2816 624 2884 ἀγαθὸς,
672 2812 815 2887 ἦπου
883 2814 1032 2869 ἔσται
1073 2817 1168 2870 καὶ
1200 2819 1229 2870 6
1277 2818 1374 2888 τῆς
1419 2817 1607 2880 οὐσίας
1660 2817 1987 2888 δημιουργὸς

405 2907 759 2976 αὐτοαγαθόν,
791 2906 1069 2976 σύμφυτον
1093 2910 1158 2979 τῇ
1185 2907 1362 2978 οὐσίᾳ.
1380 2908 1439 2960 '0
1460 2907 1568 2978 γὰρ
1593 2907 1864 2977 δεύτερος,
1884 2907 1987 2959 διτ-

403 3000 492 3063 τὸς
516 2999 591 3053 ὢν
619 3000 801 3064 αὐτὸς,
838 3003 979 3054 ποιεῖ
1006 3001 1106 3072 τήν
1136 3017 1196 3052 τε
1227 3000 1370 3054 ἰδέαν
1413 2999 1607 3053 ἑαυτοῦ
1634 3000 1728 3052 καὶ
1773 2999 1863 3051 τὸν
1893 2999 1986 3052 κό-

406 3107 560 3161 σμον,
586 3092 914 3164 δημιουργὸς
940 3091 1017 3146 ὢν
1039 3108 1054 3122 ο
1081 3091 1274 3145 ἔπειτα
1307 3090 1638 3163 θεωρητικὸς
1664 3091 1819 3153 ὅλως.
1846 3090 1982 3143 Συλ-

403 3183 794 3257 λελογισμένων
816 3186 862 3239 δ’
886 3183 1041 3256 ἡμῶν
1069 3185 1309 3255 ὀνόματα
1341 3183 1618 3256 τεττάρων
1647 3183 1984 3254 πραγμάτων

402 3278 636 3348 τέτταρα
669 3277 810 3331 ἔστω
834 3278 1037 3331 ταῦτα’
1078 3276 1136 3329 '0
1165 3277 1262 3346 μὲν
1297 3276 1510 3348 πρῶτος
1534 3276 1684 3340 Θεὸς,
1720 3275 1988 3343 αὐτοάγα-

404 3367 525 3423 θον⁶
551 3373 578 3423 6
609 3369 668 3422 δὲ
710 3369 900 3423 τούτου
949 3370 1211 3440 μιμητὴς,
1253 3367 1578 3440 δημιουργὸς
1623 3367 1824 3436 ἀγαθός
1843 3383 1856 3396 °
1882 3368 1916 3438 ἡ
1943 3366 1988 3419 δ’

403 3463 558 3516 οὐσία
588 3463 684 3534 μία
709 3463 806 3534 μὲν
825 3466 858 3533 ὴ
885 3461 978 3514 τοῦ
1007 3461 1243 3531 πρώτου,
1273 3460 1434 3531 ἑτέρα
1452 3460 1510 3512 δὲ
1539 3461 1572 3529 ή
1592 3458 1684 3512 τοῦ
1709 3457 1983 3530 δευτέρον

402 3552 468 3626 ἧς
518 3558 762 3628 μίμημα,
795 3556 1004 3620 ὁκαλδς
1053 3556 1275 3625 κόσμος,
1303 3551 1811 3623 κεκαλλωπισμένος
1858 3569 1986 3622 μετ-

403 3649 561 3720 ουσίᾳ
627 3648 722 3701 τοῦ
770 3648 957 3703 καλοῦ.
1000 3669 1018 3701 ο
1061 3648 1172 3700 Καὶ
1200 3647 1258 3698 ἐν
1289 3644 1367 3716 τῷ
1409 3645 1552 3716 ἕκτῳ
1599 3644 1657 3696 δὲ
1703 3643 1984 3712 ἐπιλέγει·

411 3748 430 3790 ι
467 3741 697 3812 Μετέχει
720 3742 778 3794 δὲ
818 3740 982 3794 αὐτοῦ
1014 3740 1084 3794 τὰ
1129 3738 1447 3812 μετέχοντα,
1486 3736 1582 3788 καὶ
1625 3735 1683 3789 ἐν
1714 3734 1860 3806 ἄλλῳ
1889 3736 1986 3806 μὲν

403 3832 596 3896 οὐδενὶ,
631 3836 691 3887 ἐν
725 3833 782 3886 δὲ
816 3833 962 3905 μόνῳ
1006 3833 1084 3904 τῷ
1129 3835 1344 3904 φρονεῖν
1368 3849 1380 3862 ·
1413 3831 1586 3902 ταύτῃ
1619 3831 1726 3902 ἄρα
1765 3831 1860 3884 καὶ
1885 3831 1986 3899 τῆς

407 3924 611 3992 ἀγαθοῦ
645 3926 965 3997 συμϐἀσεως
993 3928 1212 3981 ὀνίναιτ’
1246 3925 1333 3990 ἂν,
1357 3924 1530 3988 ἄλλως
1563 3925 1607 3977 δ’
1630 3922 1712 3976 οῦ.
1741 3923 1852 3976 Καὶ
1887 3923 1985 3994 μὲν

407 4015 470 4088 δὴ
503 4017 564 4070 τὸ
591 4021 806 4090 φρονεῖν
835 4017 992 4071 τοῦτο
1021 4017 1131 4070 δεῖν
1180 4015 1538 4087 συντετύχηκε
1573 4015 1685 4083 ('57)
1734 4014 1879 4085 μόνῳ
1905 4014 1985 4084 τῷ

407 4107 624 4180 πρώτῳ.
666 4109 784 4178 Ὑφ’
818 4104 878 4164 οῦ
903 4105 996 4163 οὖν
1026 4109 1094 4163 τά
1131 4109 1264 4163 ἄλλα
1296 4108 1684 4179 ἀποχραίνεται
1717 4107 1816 4158 καὶ
1851 4108 1986 4174 ἀγα-

409 4199 614 4265 θοῦται,
647 4201 744 4254 ὲάν
768 4201 927 4255 τοῦτο
953 4202 1145 4270 ἐκείνῳ
1182 4203 1339 4272 μόνον
1368 4201 1514 4271 μόνῳ
1539 4203 1738 4270 προσῇ,
1769 4199 1986 4252 ἀϐελτέ-

410 4311 508 4364 ρας
555 4293 622 4348 ἂν
664 4295 750 4366 εἴη
802 4294 982 4366 ψυχῆς
1024 4294 1104 4348 ἔτι
1149 4293 1484 4366 ἀμφιλογεῖν.
1520 4294 1583 4346 Εἰ
1628 4291 1738 4363 γὰρ
1783 4290 1984 4360 ἀγαθός

408 4386 555 4438 ἐστιν
585 4387 615 4439 6
652 4386 899 4455 δεύτερος
927 4387 986 4439 οὐ
1033 4385 1161 4458 παρ’
1195 4384 1406 4448 ἑαυτοῦ,
1440 4383 1588 4454 παρά
1609 4383 1665 4436 δὲ
1707 4382 1800 4434 τοῦ
1834 4381 1984 4452 πρώ-

2089 518 2448 574 siinilitudinc
2473 531 2791 587 possumus.
2829 515 2934 572 Sed
2969 532 3192 572 necesse
3216 517 3398 585 fuerit,
3432 521 3658 589 perinde

2091 620 2151 665 ut
2177 611 2222 666 si
2254 611 2380 682 quis
2405 611 2631 666 inedita
2654 610 2875 682 specula
2903 611 3218 675 considens,
3253 613 3501 683 cymbam
3533 629 3652 669 me-

2088 704 2177 757 dio
2210 704 2266 758 in
2309 705 2446 758 mari
2478 706 2825 774 perexiguam
2875 720 3040 759 unam
3095 721 3160 760 ex
3190 705 3503 775 piscatoriis
3553 706 3661 763 illis

2090 799 2351 867 aliquam,
2393 815 2515 868 quae
2538 799 2667 853 sola:
2696 814 2958 868 apparere
2988 799 3185 860 solent,
3220 798 3367 850 omni
3400 797 3660 854 comitatu

2090 890 2314 956 nudam,
2363 890 2700 960 alternisque
2753 889 3010 944 ﬂuctibus
3059 889 3346 952 inclusam,
3381 904 3486 958 qua
3517 890 3663 945 valet

2089 984 2205 1036 acie
2228 982 2586 1051 prospiciens,
2615 983 2859 1052 conjectu
2888 982 3167 1036 oculorum
3197 996 3306 1035 uno
3340 991 3505 1035 totam
3540 997 3662 1050 per-

2088 1073 2289 1139 videat,
2345 1075 2416 1128 ita
2452 1090 2724 1145 quemque
2774 1075 2963 1145 procul
2997 1075 3065 1129 ab
3094 1075 3243 1128 omni
3291 1090 3494 1138 rerum,
3538 1090 3662 1144 qua:

2089 1183 2255 1222 sensu
2319 1167 2632 1238 capiuntur,
2674 1183 2776 1222 usu
2833 1167 3272 1236 commercioque
3322 1165 3658 1235 scjunctum,

2091 1275 2216 1313 cum
2249 1259 2368 1314 solo
2412 1260 2557 1313 bono
2608 1260 2782 1314 solum
2817 1275 2998 1330 agere,
3032 1259 3122 1314 ubi
3153 1275 3259 1312 non
3310 1259 3494 1321 homo,
3548 1274 3660 1314 non

2090 1352 2296 1417 anima,
2347 1367 2458 1406 non
2514 1352 2684 1406 ullum
2727 1353 2956 1406 omnino
3001 1368 3206 1421 corpus
3251 1359 3525 1416 occurrat,
3563 1351 3659 1405 sed

2087 1452 2240 1498 vasta
2287 1442 2535 1512 quaedam
2582 1444 2842 1513 omnique
2880 1445 3128 1500 oratione
3175 1445 3372 1515 major,
3407 1459 3471 1500 ac
3500 1444 3662 1512 plane

2087 1534 2272 1589 divina
2313 1535 2550 1590 solitudo
2583 1551 2596 1587 :
2656 1536 2709 1590 in
2743 1526 2857 1606 qua
2892 1537 3018 1591 boni
3057 1551 3258 1601 mores,
3296 1536 3659 1599 consuetudo,

2087 1626 2402 1696 deliciaeque
2419 1637 2706 1682 versantur
2725 1628 3013 1698 ipsumque
3036 1629 3170 1684 adeo
3189 1629 3416 1694 bonum,
3445 1644 3659 1684 summa

2088 1731 2240 1785 pace,
2287 1732 2352 1772 ac
2377 1717 2750 1786 placidissima
2783 1719 3015 1787 quadam
3052 1719 3222 1773 animi
3264 1719 3660 1788 tranquillitate

2018 1789 2059 1843 Β
2091 1808 2298 1872 fruens,
2330 1809 2584 1879 princeps
2634 1809 2777 1864 idem
2805 1811 3172 1880 omnibusque
3212 1811 3506 1880 propitium
3560 1827 3660 1866 na-

2085 1907 2222 1954 tura;
2255 1900 2454 1955 insidet
2498 1901 2783 1957 universae.
2819 1900 2956 1956 Nam
2987 1903 3079 1972 qui
3123 1903 3254 1958 dum
3280 1903 3334 1956 in
3372 1903 3536 1958 rebus
3568 1903 3658 1968 iis,

2085 2004 2208 2058 qua:
2232 2005 2450 2045 sensum
2473 1990 2694 2057 feriunt,
2725 1991 2979 2047 assiduus
3003 2007 3067 2046 ac
3095 1999 3242 2047 totus
3270 1999 3375 2057 est,
3408 1991 3536 2046 boni
3567 2007 3662 2046 ne-

2086 2081 2203 2136 scio
2228 2098 2392 2152 quam
2424 2083 2570 2138 velut
2621 2100 2686 2140 eo
2716 2083 3021 2140 devolantis
3066 2083 3452 2154 cogitationem
3489 2081 3661 2137 infor-

2086 2183 2220 2236 mat,
2271 2190 2336 2230 ac
2381 2176 2576 2231 deinde
2611 2176 2758 2233 illius
2806 2193 2866 2233 se
2895 2177 3264 2232 familiaritate
3305 2191 3465 2230 usum
3497 2176 3663 2230 homo

2086 2268 2350 2324 delicatus
2379 2285 2444 2324 ac
2473 2270 2848 2340 voluptuarius
2873 2270 3170 2335 existimat,
3193 2285 3278 2325 na:
3305 2270 3352 2326 is
3378 2270 3664 2325 vehemeno

2089 2367 2168 2412 ter
2214 2365 2378 2413 errat.
2433 2357 2546 2416 Nec
2595 2361 2740 2416 enim
2776 2361 2956 2432 ipsum
2989 2361 3137 2417 facili
3179 2376 3245 2416 ac
3288 2360 3518 2425 ludicra,
3568 2360 3662 2416 sed

2087 2452 2248 2520 plane
2273 2452 2454 2508 divina
2490 2455 2726 2525 quadam
2755 2465 2872 2510 arte
2893 2453 3272 2526 industriaque
3310 2454 3663 2526 quaerendum

2085 2554 2190 2600 est.
2244 2543 2366 2612 Quo
2397 2545 2451 2600 in
2482 2561 2680 2618 genere
2710 2547 2976 2617 optimum
3008 2561 3140 2602 sane
3175 2544 3358 2610 fuerit,
3405 2547 3664 2602 omnibus

2085 2635 2173 2702 iis,
2195 2651 2319 2706 quae
2351 2637 2406 2690 in
2433 2651 2657 2692 sensum
2692 2638 2914 2702 cadunt,
2946 2638 3252 2707 praeteritis,
3280 2638 3336 2692 in
3364 2636 3666 2696 mathema-

2085 2729 2222 2786 ticas
2249 2727 2566 2799 disciplinas
2605 2729 2848 2783 animose
2895 2728 2947 2782 in
2972 2728 3163 2797 primis
3202 2735 3366 2797 atque
3411 2728 3666 2783 ardenter

2086 2820 2422 2886 incumbere,
2451 2832 2616 2890 atque
2647 2820 2738 2874 ubi
2767 2834 3122 2874 numerorum
3155 2818 3471 2875 discrimina
3499 2821 3666 2876 ratio-

2084 2923 2292 2978 nesque
2335 2909 2632 2978 pervideris
2683 2916 2798 2963 tum
2851 2908 2905 2961 in
2952 2908 3055 2963 hac
3091 2909 3312 2963 demum
3338 2911 3662 2980 quastione,

2085 2997 2228 3066 Quid
2257 3015 2428 3054 unum
2481 3009 2536 3056 et
2578 2999 2885 3070 cuiusmodi
2919 3000 3008 3061 sit,
3045 2999 3269 3055 assidua
3311 2999 3666 3056 meditatione

2086 3089 2517 3162 versarinsu
2542 3088 2669 3145 Haec
2693 3090 2746 3144 in
2773 3090 2950 3159 primo
2974 3089 3275 3147 Numenius
3299 3109 3313 3159 ;
3338 3103 3393 3147 at
3423 3107 3542 3162 quae
3573 3107 3664 3148 se-

2091 3188 2354 3250 quuntur,
2399 3183 2456 3236 in
2495 3183 2687 3252 quinto
2720 3200 2733 3236 :
2777 3200 2796 3233 ι
2824 3179 2966 3248 Jam,
3004 3182 3203 3252 inquit,
3238 3183 3284 3239 si
3315 3192 3427 3238 tam
3472 3198 3664 3238 esseu-

2093 3273 2187 3336 tia,
2226 3287 2392 3342 quam
2423 3272 2544 3328 idea
2577 3271 2822 3342 spiritale
2858 3271 3116 3342 quiddam
3151 3281 3256 3338 est,
3283 3282 3334 3328 et
3358 3272 3404 3328 si
3436 3282 3665 3343 utraque

2089 3363 2473 3435 antiquiorem,
2498 3366 2609 3420 imo
2639 3374 2693 3420 et
2720 3382 2941 3422 causam
2972 3365 3257 3437 utriusque
3283 3374 3518 3422 mentem
3544 3382 3669 3423 esse

2091 3459 2451 3522 conﬁtemur,
2488 3475 2610 3513 eam
2658 3458 2904 3530 profecto
2951 3458 3122 3514 solam
3171 3458 3375 3513 bonum
3419 3473 3541 3514 esse
3566 3473 3665 3512 ne-

2089 3567 2244 3609 cesse
2277 3562 2379 3607 est.
2413 3550 2548 3605 Nam
2581 3551 2626 3606 si
2659 3550 2853 3605 artifex
2890 3550 3032 3606 Deus
3065 3551 3432 3620 generationis
3456 3549 3664 3620 princi-

2088 3646 2239 3715 pium
2284 3654 2390 3711 est,
2434 3645 2635 3699 bonum
2681 3645 2856 3714 ipsum
2899 3642 3140 3711 profecto
3173 3645 3422 3699 essentia:
3461 3643 3666 3714 princi—

2088 3738 2238 3808 pium
2259 3738 2383 3793 erit.
2413 3737 2705 3792 Enimvero
2735 3745 2794 3790 ut
2833 3735 3025 3791 artifex
3058 3736 3148 3791 ille
3181 3735 3322 3792 Deus
3345 3751 3471 3791 cum
3495 3736 3662 3801 bono,

2088 3830 2247 3899 cujus
2284 3831 2570 3884 aemulator
2597 3840 2699 3893 est,
2755 3829 2828 3882 ita
2852 3845 2974 3883 cum
3010 3829 3248 3885 essentia
3279 3828 3559 3898 generatio
3587 3829 3666 3885 si-

2087 3920 2410 3975 militudinis
2435 3929 2598 3990 atque
2628 3918 2900 3973 afﬁnitatis
2934 3917 3136 3988 aliquid
3161 3917 3340 3982 habet,
3366 3917 3510 3987 quod
3542 3917 3664 3987 ejus

2089 4012 2268 4082 imago
2301 4013 2547 4081 quaedam
2576 4019 2631 4064 et
2671 4009 2902 4064 imitatio
2932 4009 3022 4063 sit.
3077 4007 3234 4073 Quod
3259 4007 3306 4062 si
3340 4006 3538 4062 artifex
3571 4023 3664 4077 ge-

2088 4104 2386 4157 nerationis
2415 4110 2606 4156 auctor
2632 4103 2808 4156 bonus
2836 4109 2919 4155 est
2939 4138 2954 4161 ,
3001 4098 3253 4154 essentia:
3281 4098 3500 4166 quidem
3529 4099 3664 4154 arti-

2087 4194 2197 4256 fex,
2226 4195 2518 4264 ipsummet
2539 4208 2634 4261 per
2659 4205 2780 4247 sese
2809 4190 3013 4244 bonum
3047 4189 3172 4249 erit,
3201 4197 3364 4258 atque
3395 4189 3449 4243 in
3475 4203 3664 4244 essen-

2087 4287 2174 4340 tiae
2204 4288 2468 4340 rationem
2518 4292 2572 4338 et
2617 4294 2865 4338 naturam
2899 4282 3237 4336 immersum.
3295 4279 3430 4334 Nam
3463 4297 3664 4338 secun-

2085 4380 2190 4432 dus
2239 4392 2404 4443 sane,
2457 4375 2655 4444 duplex
2700 4375 2814 4444 ipse
2860 4389 2984 4427 cum
3021 4372 3124 4437 sit,
3162 4372 3412 4441 idemque
3441 4371 3662 4436 artifex,

407 4493 522 4544 του,
546 4479 662 4542 πῶς
676 4473 785 4532 οἷόν
807 4497 866 4532 τε
889 4479 978 4548 ὑφ’
1005 4472 1066 4531 οὐ
1097 4478 1385 4548 μετουσίας
1409 4477 1556 4529 ἐστὶν
1577 4470 1734 4537 οὗτος
1757 4474 1978 4543 ἀγαθὸς,

2086 4471 2320 4540 primum
2367 4468 2586 4538 quidem
2636 4478 2690 4522 et
2727 4467 2902 4520 ideam
2947 4465 3064 4535 ipse
3107 4480 3264 4518 suam
3309 4473 3365 4518 et
3395 4464 3663 4518 mundum

412 4571 486 4641 μὴ
516 4571 718 4641 ἀγαθὸν
751 4568 906 4635 εἶναι,
937 4571 1110 4632 ἄλλως
1139 4588 1220 4634 τε,
1248 4568 1350 4624 κᾶν
1373 4569 1510 4640 τύχῃ
1548 4566 1713 4621 αὐτοῦ
1743 4567 1819 4629 ὡς
1847 4567 1982 4633 ἀγα-

409 4663 502 4716 θοῦ
541 4663 857 4734 μεταλαχὼν
896 4667 924 4718 6
966 4663 1250 4734 δεύτερος;
1296 4661 1439 4715 οῦτω
1463 4677 1546 4714 τοι
1590 4662 1619 4713 6
1651 4659 1876 4713 Πλάτων
1916 4660 1981 4711 ὲκ

411 4754 765 4826 συλλογισμοῦ
807 4755 884 4826 τῷ
922 4757 1014 4822 ὀξὺ
1051 4755 1300 4826 βλέποντι
1338 4754 1583 4807 ἀπέδωκε
1610 4752 1721 4823 (‘58)
1749 4752 1809 4804 τὸ
1840 4752 1978 4820 ἀγα-

411 4845 522 4908 θὸν,
545 4848 625 4900 ὅτι
652 4848 798 4901 ἐστὶν
827 4847 905 4900 ἓν.
931 4867 948 4899 ι
972 4849 1082 4901 Καὶ
1113 4847 1272 4901 πάλιν
1298 4847 1426 4916 ἑξῆς
1459 4862 1619 4916 φησι·
1655 4863 1674 4894 ‹
1705 4843 1886 4898 Ταῦτα
1925 4845 1981 4897 δὲ

409 4936 580 5001 οὕτως
626 4938 833 5009 ἔχοντα,
875 4938 970 5008 ἔθη
993 4951 1019 4980 ιι
1054 4939 1148 5009 μὲν
1179 4941 1208 4992 6
1252 4939 1494 5001 Πλάτων,
1543 4937 1676 5010 ἄλλῃ
1706 4938 1799 4990 καὶ
1847 4937 1980 5010 ἄλλῃ

411 5029 648 5101 χωρίσας
665 5046 680 5060 ο
713 5029 818 5101 ἰδίᾳ
850 5030 948 5100 μὲν
973 5031 1082 5100 γὰρ
1111 5031 1201 5084 τὸν
1225 5029 1479 5082 κυκλικὸν
1508 5029 1620 5099 ('59)
1646 5030 1738 5080 ἐπὶ
1756 5027 1852 5080 τοῦ
1879 5030 1980 5097 Δη-

481 5155 507 5182 ει
549 5143 683 5208 forte
720 5142 819 5195 ἔτι,

482 5277 591 5348 (37)
620 5278 1206 5348 Δεῖνσυντετυχηκε.
1238 5275 1584 5348 Subobscura
1611 5276 1822 5331 videtur
1848 5277 1980 5347 hyp—

411 5345 600 5414 allage,
633 5363 732 5416 pro
756 5347 839 5400 δεῖ
863 5348 945 5401 vel
972 5345 1080 5417 εδει
1113 5345 1586 5417 συντετυχηκέναι.

481 5417 592 5484 (58)
628 5417 939 5472 Ἀπέδωκε.
974 5416 1086 5471 Vox
1110 5419 1342 5472 contrita
1372 5416 1729 5485 philosophis,
1757 5431 1820 5469 ac
1846 5416 1978 5470 viris

411 5488 640 5543 eruditis
673 5489 878 5558 pridem
912 5490 1217 5558 observata,
1252 5489 1355 5542 hoc
1382 5496 1464 5558 est
1484 5528 1498 5551 ,
1530 5487 1815 5540 dialectico
1842 5501 1978 5556 pra:-

411 5559 598 5612 sertim
649 5556 801 5627 more
851 5558 1054 5627 aliquid
1085 5556 1314 5621 efﬁcere,
1364 5557 1770 5627 demonstrare,
1800 5567 1852 5609 et
1905 5558 1979 5609 si-

413 5629 631 5681 militer.
660 5626 781 5693 Quo
835 5625 996 5682 sensu
1025 5629 1317 5695 aliquando
1354 5625 1444 5678 τὸν
1475 5626 1628 5692 λόγον
1661 5627 1975 5695 adjunctum

414 5697 594 5759 habet,
635 5699 927 5766 aliquando
968 5713 1062 5766 per
1106 5694 1164 5750 se
1195 5697 1368 5750 solum
1403 5697 1640 5766 ponitur,
1672 5694 1976 5766 Numenius

417 5766 506 5822 hic
529 5769 630 5822 ista
655 5765 1049 5837 conjunxit,’éx
1079 5766 1432 5836 συλλογισμοῦ
1464 5765 1792 5819 ἀποδιδόναι.

849 5860 1041 5919 Pam.
1074 5857 1195 5922 Gn.
1223 5857 1397 5920 XXI.

2085 4559 2232 4613 hunc
2253 4563 2522 4626 procreat,
2557 4557 2752 4611 deinde
2783 4571 2913 4610 vero
2939 4563 3087 4609 totus
3114 4554 3168 4608 in
3205 4553 3662 4624 contemplatione

2084 4661 2352 4706 versatur.
2386 4649 2566 4716 Quare
2585 4691 2600 4716 ,
2629 4658 2690 4704 ut
2714 4664 2896 4703 rerum
2923 4657 3159 4718 quatuor
3184 4648 3403 4702 nomina
3432 4645 3660 4716 colliga-

2083 4761 2226 4809 mus,
2258 4753 2495 4814 quatuor
2520 4743 2634 4798 haec
2661 4757 2782 4798 esse
2810 4742 3057 4810 possint:
3079 4741 3226 4796 Deus
3250 4740 3480 4810 primus,
3511 4739 3660 4808 quod

2081 4838 2261 4907 ipsum
2285 4851 2381 4907 per
2425 4849 2544 4891 sese
2570 4835 2774 4890 bonum
2805 4841 2890 4889 est
2919 4851 2934 4898 ;
2977 4832 3222 4903 ejusdem
3257 4831 3494 4885 imitator
3521 4829 3660 4884 arti-

2082 4932 2170 4986 fex
2226 4932 2450 4994 bonus;
2487 4929 2724 4984 essentia
2767 4927 2987 4996 duplex,
3038 4925 3198 4995 primi
3253 4923 3443 4986 altera,
3489 4921 3658 4977 altera

2082 5023 2329 5089 secundi,
2371 5021 2530 5091 cujus
2575 5019 2806 5076 imitatio
2847 5028 2933 5074 est
2973 5018 3198 5087 pulcher
3250 5016 3339 5070 ille
3396 5013 3657 5080 mundus,

2153 5273 2264 5342 (39)
2300 5271 2424 5339 Γὰρ
2460 5265 2898 5342 τὸν-κυκλικὸν.
2930 5261 3140 5342 Mallem
3184 5261 3398 5342 abesset
3424 5255 3654 5342 τδγάρ,

2081 5355 2141 5400 ut
2157 5329 2411 5412 ‘postula't
2455 5338 2719 5412 orationis
2759 5349 2951 5412 nexus.
2984 5331 3385 5412 Cgeternni‘vel.
3409 5329 3656 5412 addenda

2079 5400 2186 5467 ινοὲ
2230 5414 2420 5480 λόγον,
2467 5409 2550 5462 vel
2593 5415 2737 5480 certe
2778 5403 3118 5480 supplenda:
3163 5400 3418 5480 κυκλικὸν
3454 5403 3654 5480 autem

2079 5486 2235 5552 λόγον
2288 5468 2554 5552 appellat,
2574 5478 2769 5544 opinor
2806 5468 3080 5552 vulgatam
3115 5482 3169 5552 et
3199 5468 3653 5552 philosophorum

2080 5539 2173 5610 ore
2207 5539 2389 5606 tritam
2420 5539 2743 5608 orationem,
2771 5539 3074 5614 quze'nihil
3104 5540 3398 5614 admodum
3429 5539 3654 5614 balicret

2080 5608 2360 5694 exquisiti,
2407 5616 2724 5694 cujusmodi
2772 5608 2855 5670 est
2917 5613 3390 5694 quod-sequitur,
3436 5608 3652 5663 Bonum

2079 5682 2238 5760 Boni,
2266 5682 2510 5760 adeoque
2534 5685 2757 5742 artiﬁcis
2782 5683 3021 5744 numinis
3050 5682 3226 5737 ideam
3254 5697 3397 5735 esse.

3295 5836 3374 5894 :29
