2078 3230
263 159 317 188 807
547 157 681 186 EUSEBII
702 155 943 185 CESARIENS‘S
959 156 1038 184 OPP.
1060 156 1150 184 PARS
1171 156 1203 184 ll.
1224 172 1258 177 —
1277 156 1533 185 APOLOGETICA.
1834 158 1889 186 9(‘8

262 215 369 251 pulchri
393 214 584 243 communione
605 218 762 241 exornatus.
779 222 791 239 ι
811 211 882 239 idem
906 220 1001 240 rursus
1019 212 1033 239 il

1099 212 1228 248 μιουργοῦ
1240 212 1378 248 ἐγράψατο
1389 213 1417 239 ὲν
1434 213 1540 247 Τιμαίῳ
1551 212 1635 240 εἰπών
1644 221 1650 228 ·
1670 223 1679 239 1
1691 213 1718 239 Ἀ
1724 213 1804 248 γαθὸς
1818 212 1862 249 ἦν’
1877 223 1887 240 ι

261 268 338 291 sexto
354 271 361 288 ε
380 271 389 286 ι
407 260 558 293 Cmtcrum,
580 259 685 294 inquit.
706 258 837 294 quidquid
853 259 913 293 ejus
932 258 958 285 in
972 265 1031 285 com

1099 258 1128 284 tv
1141 257 1168 284 δὲ
1181 259 1213 293 τῇ
1229 259 1367 292 Πολιτείᾳ
1377 259 1407 285 τὺ
1425 258 1538 293 Ἀγαθὸν
1546 257 1622 286 εἶπεν
1633 268 1642 285 1
1659 259 1773 293 Ἅγαθοῦ
1789 260 1886 286 ἰδέαν-ι

263 308 418 335 munionern
431 311 554 338 voratur,
578 306 658 333 unius
675 310 777 331 tantum
799 305 824 331 in
841 305 981 339 sapientia:
998 312 1033 330 vo

1099 304 1136 335 ὡς
1148 303 1180 339 δὴ
1196 303 1241 330 τοῦ
1259 304 1429 340 Δημιουργοῦ
1455 305 1525 332 ἰδέαν
1541 303 1623 332 οὖσαν
1636 306 1666 332 τὸ
1688 306 1800 340 ἀγαθὸν,
1815 306 1888 338 ὅστις

262 360 350 385 ratur,
370 354 469 387 quippe
482 352 553 386 quod
572 352 607 378 ita
625 352 733 378 demum
749 359 781 377 ex
798 351 883 385 ipsius
898 351 963 377 boni
978 358 1033 377 coni

1100 351 1235 385 πέφανται
1260 351 1326 385 ἡμῖν
1350 349 1451 384 ἀγαθὸς
1467 350 1595 386 μετουσίᾳ
1610 350 1658 377 τοῦ
1677 351 1784 387 πρώτου
1798 360 1828 378 τε
1841 350 1892 378 καὶ

258 400 399 433 junctione
416 398 532 424 fructum
550 397 667 431 aliquem
686 404 782 431 capere
796 396 892 430 possit,
908 402 986 422 secus
999 402 1032 421 au

1102 395 1193 430 μόνου.
1209 395 1302 426 Ὅπως
1322 394 1377 430 γὰρ
1394 394 1530 431 ἄνθρωποι
1549 396 1598 431 μὲν
1611 396 1734 430 λέγονται
1752 396 1890 423 τυπωθέν-

259 451 311 471 tum
328 445 441 470 nullum.
473 443 558 477 Cujus
572 443 681 478 quidem
698 442 835 476 sapientize
862 441 923 468 Ions
938 441 1033 468 nonuis

1099 449 1145 471 τες
1161 440 1213 467 ὑπὸ
1235 440 1284 474 τῆς
1309 440 1453 476 ἀνθρώπου
1465 441 1546 472 ἰδέας,
1565 441 1624 476 βόες
1635 441 1657 467 δ’
1670 442 1722 468 ὑπὸ
1741 442 1790 476 τῆς
1804 441 1888 477 [βοὸς.

259 497 341 523 penes
360 490 476 523 primum
496 489 570 514 illum
589 496 649 514 esse
669 487 771 513 debuit.
805 486 944 520 Siquidem
962 492 1033 520 aqu1

1097 486 1144 512 καὶ
1161 486 1238 511 ἵπποι
1253 486 1305 512 ὑπὸ
1316 485 1377 522 τῆς]
1396 487 1479 513 ἵππου
1498 487 1568 518 ἰδέας
1579 495 1586 501 ·
1604 486 1675 514 οὕτω
1699 488 1747 514 καὶ
1762 488 1888 519 εἰκότως.

258 542 354 562 caetera
381 535 470 561 omnia
497 542 559 561 cum
583 533 777 568 perfectionem
796 532 853 567 ipsa
877 539 966 562 suam.
985 535 1033 558 tun

1096 532 1110 557 ὸ
1125 532 1161 566 Δη
1167 531 1294 567 μιουργδς
1308 531 1387 567 εἴπερ
1400 533 1457 559 ἐστὶ
1466 533 1594 569 μετουσίᾳ
1602 534 1648 561 τοῦ
1662 533 1768 570 πρώτου
1784 532 1890 568 ἀγαθοῦ

258 582 376 615 aliquam
395 580 457 607 boni
475 580 604 606 rationem
619 578 770 613 accipiunt,
788 578 849 604 eine
876 581 979 603 tantum
992 577 1033 603 uni

1093 576 1205 611 ἀγαθὸς,
1219 577 1275 604 ἰδέα
1288 577 1320 605 ἂν
1337 578 1379 614 εἴη
1394 579 1409 605 ό
1424 579 1531 614 πρῶτος
1545 579 1617 612 νοῦς,
1633 579 1670 606 ὢν
1683 579 1860 613 αὐτοαγαθόν.
1876 589 1886 605 ι

258 628 315 653 hec
331 626 441 661 perfecti
467 626 530 653 boni
545 625 661 660 dignitas
683 625 756 657 insit,
787 628 916 658 praeterea
948 623 1082 654 dubitare,
1102 622 1193 650 stolidi
1209 623 1330 659 profecto
1342 632 1374 652 ac
1387 625 1512 653 vec0rdis
1536 626 1619 652 animi
1643 626 1735 653 fuerit.
1765 625 1793 652 Si
1813 626 1886 652 enim

258 673 392 700 secundus
406 680 459 698 non
474 679 520 706 per
535 679 594 698 sese
607 672 694 698 bonus
708 677 764 701 est,
778 669 824 696 sed
841 673 944 695 tantum
957 668 1037 703 primi
1057 669 1204 701 beneﬁcio;
1230 670 1277 704 qui
1301 670 1409 697 tandem
1432 671 1489 698 lieri
1521 676 1628 706 posset,
1646 677 1676 699 ut
1692 672 1772 705 cujus
1805 672 1888 700 unius

257 718 447 746 communione
466 718 554 744 bonus
572 717 639 744 alter
651 718 702 743 iste
734 716 778 748 sit,
798 715 819 743 is
841 715 929 750 ipsum
965 722 1011 749 per
1025 722 1085 742 sese
1103 715 1205 742 bonum
1223 723 1276 743 non
1292 721 1378 750 esset;
1395 717 1514 745 maxime
1529 725 1608 750 vero,
1627 726 1688 745 cum
1703 718 1838 746 secundus
1854 726 1888 746 eo

257 767 388 793 duntaxat
403 772 455 799 qua
473 764 561 791 bonus
579 768 620 791 est
631 763 801 798 perfruatur?
825 762 863 788 lla
896 770 961 789 sane
974 761 1061 794 Plato,
1081 761 1103 788 si
1138 769 1193 789 rem
1210 768 1290 791 acute
1315 763 1463 798 dispicias,
1488 764 1590 791 bonum
1614 773 1699 791 unum
1721 772 1782 792 esse
1804 773 1887 800 argu-

257 816 348 839 mento
380 809 507 838 coniecit.
543 819 551 835 ι
579 809 697 843 Itemque
719 808 798 843 paulo
824 812 906 842 post:
926 817 934 832 1
961 806 1018 834 Hoc
1050 806 1230 841 philosophia:
1252 815 1354 843 genus,
1379 809 1442 836 alibi
1467 809 1576 844 quidem
1605 810 1683 837 aliter
1709 810 1886 838 informatum

256 858 332 885 Plato
364 864 395 884 ac
424 855 582 883 distinctum
606 853 723 888 reliquit.
751 852 817 879 Nam
845 852 889 886 qui
915 853 1038 887 privatim
1054 852 1081 879 in
1103 851 1215 885 Tima'o,
1241 853 1379 889 vulgarem
1404 854 1550 889 quamdam
1570 855 1667 882 artiﬁci
1679 854 1734 882 Deo
1749 855 1884 884 rationem

255 902 410 937 descripsit,
425 901 488 927 dum
501 900 548 931 ait,
561 909 570 925 1
583 900 672 926 bonus
683 903 741 925 erat
756 907 762 924 :
781 908 789 923 )
800 899 868 925 idem
883 900 908 925 in
922 898 1074 932 Republica,
1083 898 1183 926 bonum
1196 908 1204 924 1
1220 899 1283 926 boni
1295 899 1382 926 ideam
1395 909 1404 925 ι
1420 907 1480 927 esse
1491 901 1659 935 pronuntiat,
1671 901 1770 936 quippe
1780 902 1882 929 bonum

256 948 367 976 artiﬁcis
383 954 444 975 esse
456 946 603 979 deﬁniens,
631 952 709 979 quem
736 946 843 972 nonnisi
866 946 945 979 primi
967 945 1041 972 illius
1067 945 1206 981 soliusque
1230 946 1294 973 boni
1319 947 1511 974 communione
1543 947 1644 975 bonum
1676 956 1737 976 esse
1755 949 1881 984 cognovi-

255 993 571 1027 mus.Quemadmodum
604 991 674 1019 enim
708 991 832 1018 homines
861 991 990 1024 hominis,
1018 991 1149 1026 bovisque
1163 992 1256 1024 boves,
1281 992 1343 1027 equi
1367 992 1492 1020 similiter
1512 993 1571 1020 idea
1593 992 1778 1022 conformatos
1797 1002 1884 1030 equos

255 1041 394 1071 dicimus;
410 1041 446 1067 ita
463 1047 546 1072 sane,
560 1047 621 1066 cum
638 1038 732 1064 allifcx
748 1038 827 1071 primi
851 1038 913 1064 boni
945 1037 1138 1065 communione
1151 1038 1240 1065 bonus
1256 1038 1308 1071 sit,
1328 1045 1406 1066 mens
1437 1039 1495 1074 ipsa
1526 1039 1632 1074 prima,
1653 1047 1713 1075 qua:
1736 1040 1884 1075 ipsummet

255 1084 375 1121 per‘sese
387 1086 487 1113 bonum
506 1086 550 1117 sit,
570 1084 628 1111 idea
644 1084 705 1118 jure
720 1084 837 1110 dicatur.
854 1092 863 1109 ι

486 1132 566 1168 545
583 1131 697 1159 CAPUT
711 1131 804 1158 xxut.

499 1179 537 1205 De
551 1178 699 1204 Platonicis
712 1178 788 1204 ideis.

290 1234 300 1252 1
315 1225 384 1252 Cum
402 1225 494 1260 igitur,
516 1224 605 1259 inquit
619 1223 707 1254 Plato,
729 1227 887 1257 procreatus
908 1222 943 1248 ita
959 1222 1037 1248 fuerit

253 1271 382 1306 (mundus
394 1271 540 1304 videlicet).
566 1270 688 1304 sequitur
700 1270 789 1304 ipsum
819 1269 851 1295 ad
874 1268 1036 1301 exemplaris

253 1318 382 1352 alicujus,
395 1317 468 1352 quod
495 1317 600 1343 ratione
622 1320 725 1342 tantum
745 1323 776 1342 ac
798 1321 888 1341 mente
903 1315 1035 1348 capiatur,

252 1364 380 1399 quodque
398 1363 492 1390 eodem
508 1370 537 1389 se
552 1361 633 1388 modo
660 1369 767 1395 semper
783 1360 890 1393 habeat,
908 1360 1037 1387 imitatio-

252 1418 312 1438 nem
328 1409 497 1437 elaboratum
510 1408 604 1435 fuisse.
628 1407 655 1433 1d
682 1408 753 1441 quod
769 1408 790 1433 si
809 1407 892 1433 semel
911 1406 1036 1433 concedi-

251 1462 306 1490 tur,
324 1455 457 1483 mundum
474 1455 556 1482 etiam
583 1454 657 1481 hunc
672 1453 788 1488 alicujus
812 1452 958 1488 imaginem
976 1460 1037 1479 esse

251 1501 427 1532 concedatur,
440 1507 553 1527 necesse
565 1504 616 1527 est.
629 1498 696 1526 Nam
715 1499 854 1534 exemplar
865 1499 975 1533 quidem
1004 1499 1037 1525 il-

250 1548 297 1574 iud
311 1546 365 1573 vim
378 1546 541 1581 spiritalium
556 1545 734 1572 animantium
750 1545 917 1576 universam,
935 1545 973 1571 uti
987 1552 1036 1572 nos

250 1594 301 1621 iste
323 1593 452 1625 mundus,
468 1592 495 1619 iu
513 1599 573 1620 sese
595 1591 794 1626 complectitur.
808 1600 817 1616 ι
836 1589 899 1618 Hmc
915 1590 993 1618 Plato
1008 1591 1035 1617 in

248 1639 360 1666 Timrro.
378 1638 463 1672 Cujus
479 1646 529 1674 ego
543 1638 594 1665 loci
618 1637 792 1670 sententiam,
813 1644 848 1665 ex
861 1637 904 1669 iis,
920 1644 980 1672 quae
995 1636 1037 1663 Di-

249 1685 347 1720 dymus
366 1684 400 1712 de
413 1684 535 1711 Platonis
550 1683 726 1718 opinionibus
747 1682 921 1717 conscripsit,
936 1682 963 1708 in
980 1689 1036 1708 me-

250 1730 324 1756 dium
341 1728 486 1764 proferam.
499 1727 544 1755 Sic
555 1731 646 1755 autem
662 1728 719 1762 ipse
735 1727 856 1761 loquitur
873 1735 879 1753 :
901 1736 910 1752 ι
921 1725 1034 1758 Eorum,

250 1775 348 1810 inquit,
358 1782 419 1810 quae
431 1782 481 1809 pro
495 1777 599 1801 naturae
618 1781 675 1801 sua:
685 1774 801 1806 ratione,
815 1773 943 1801 sensibus
956 1781 1036 1801 usur—

247 1826 359 1856 pantur,
375 1825 449 1848 certa
461 1820 585 1855 quaedam
605 1820 632 1847 in
662 1827 769 1855 quoque
799 1826 896 1854 genere
920 1827 952 1847 ac
972 1819 1035 1847 deli~

248 1867 305 1894 nitu
317 1866 481 1901 exemplaria
492 1887 500 1899 ,
517 1873 586 1900 quas
614 1865 689 1893 ideas
699 1865 826 1897 vocabat,
844 1863 920 1892 Plato
932 1865 1034 1892 consti-

248 1914 309 1947 tuit,
324 1913 424 1948 quibus
432 1912 541 1948 proprie
552 1919 614 1939 cum
637 1911 768 1943 scientiae,
784 1916 841 1938 tum
868 1911 1034 1939 deﬁnitionis

248 1960 318 1987 ratio
342 1959 496 1987 conveniat.
525 1958 632 1990 Etenim
659 1963 757 1993 praeter
781 1965 877 1984 omnes
897 1957 1032 1990 homines,

248 2005 405 2037 hominem;
421 2009 518 2039 prater
527 2011 623 2038 equos,
639 2010 756 2037 equum;
783 2007 865 2037 atque
880 2003 908 2034 in
925 2004 1035 2030 univer-

247 2058 307 2077 sum
319 2054 421 2085 prteter
441 2050 595 2077 animantes
622 2057 729 2082 omnes,
755 2048 920 2076 animantem
938 2056 1035 2083 quem-

247 2098 309 2124 dam
322 2102 384 2125 ortu
396 2096 478 2127 simul
493 2097 661 2131 interituque
675 2100 813 2122 carentem
840 2094 933 2121 animo
957 2093 1031 2128 cogi-

246 2143 310 2169 tari.
330 2142 602 2177 thuemadmodum
633 2142 715 2169 unius
742 2140 921 2175 ejusdemque
951 2140 1033 2175 sigilli

246 2193 382 2221 expressa:
393 2187 548 2222 complures
557 2186 652 2214 forma:
666 2186 772 2220 virique
803 2184 886 2212 unius
901 2185 1033 2220 imagines

247 2232 388 2266 permulta
414 2239 474 2260 esse
496 2238 628 2268 possunt;
642 2233 678 2260 ila
693 2240 805 2267 prorsus
820 2240 854 2259 ex
868 2237 1033 2266 unaquaque

246 2284 329 2304 sensu
342 2281 534 2313 perceptorum
547 2285 693 2312 corporum
705 2278 777 2310 idea,
800 2278 854 2304 vim
871 2281 1032 2304 naturarum

246 2324 384 2358 ingentem
396 2323 543 2351 exsistere:
556 2324 630 2351 verbi
645 2331 729 2351 causa
744 2331 778 2350 ex
804 2323 946 2350 hominum
960 2322 1031 2353 idea,

245 2368 371 2396 homines
391 2369 550 2403 universos;
567 2369 640 2404 quod
655 2370 747 2404 ipsum
761 2369 795 2396 de
809 2369 915 2396 caeteris
941 2368 1032 2395 omni-

244 2417 296 2444 bus
309 2416 345 2444 sit
360 2423 410 2452 pro
418 2424 467 2444 sua
483 2417 616 2452 cujusque
627 2421 724 2444 natura
742 2415 927 2444 statuendum.
940 2415 1031 2442 Ideam

1343 1131 1539 1158 ΚΕΦΑΛΔΙΟΝ
1555 1132 1618 1158 KI".

1228 1177 1297 1212 Περί
1318 1177 1377 1204 τῶν
1399 1178 1479 1212 παρὰ
1494 1178 1630 1205 Πλάτωνι
1646 1177 1742 1205 ἰδεῶν.

1126 1233 1135 1249 1
1166 1223 1244 1251 Οὕτω
1272 1224 1300 1251 δὲ
1324 1225 1507 1260 γεγενημένος
1537 1224 1593 1261 (40)
1623 1225 1761 1261 (δηλονότι
1787 1227 1801 1252 ό
1835 1225 1882 1252 κό-

1089 1277 1155 1304 σμος
1169 1269 1236 1305 (Η),
1245 1270 1253 1304 )
1262 1270 1330 1306 πρὸς
1339 1271 1369 1297 τὸ
1377 1270 1448 1306 λόγῳ
1457 1272 1503 1298 καὶ
1512 1272 1641 1307 φρονήσει
1648 1271 1823 1307 περιληπτὸν,
1834 1271 1884 1299 καὶ

1088 1315 1158 1342 κατὰ
1174 1316 1209 1343 τὰ
1224 1316 1293 1343 αὐτά
1309 1316 1369 1352 ἔχον
1383 1317 1622 1353 δεδημιούργηται.
1635 1318 1743 1345 Τούτων
1756 1318 1784 1345 δὲ
1796 1319 1883 1355 ὑπαρ-

1087 1360 1199 1395 χόντων,
1217 1359 1250 1388 αὖ
1275 1362 1351 1388 πᾶσα
1369 1362 1476 1398 ἀνάγκη
1501 1362 1574 1388 τόνδε
1599 1363 1644 1389 τὸν
1666 1363 1767 1398 κόσμον
1789 1364 1881 1391 εἰκόνα

1087 1406 1158 1439 τινὸς
1171 1404 1240 1434 εῖναι
1257 1408 1324 1443 (42).
1341 1407 1382 1434 Τὰ
1397 1409 1452 1444 γὰρ
1468 1408 1501 1444 δὴ
1518 1408 1601 1444 νοητὰ
1617 1408 1674 1441 ζῶα
1690 1409 1779 1437 πάντα
1793 1410 1882 1436 ἐκεῖνο

1087 1460 1121 1478 πε
1126 1452 1232 1487 ριλαὸὸν
1244 1453 1300 1488 ἔχει
1314 1454 1342 1480 tv
1354 1454 1452 1490 ἐαυτῷ,
1462 1455 1587 1491 καθάπερ
1596 1455 1631 1482 ὅδ’
1641 1456 1655 1481 ὁ
1668 1456 1769 1491 κόσμος
1777 1457 1860 1492 ἡμᾶς.
1868 1465 1878 1482 ι

1087 1498 1180 1525 Ταῦτα
1206 1500 1255 1535 μὲν
1272 1501 1286 1526 ὁ
1303 1500 1414 1527 Πλάτων
1428 1501 1457 1527 tv
1482 1502 1597 1536 Τιμαίῳ.
1615 1502 1670 1538 Τὴν
1683 1502 1712 1528 δὲ
1737 1502 1789 1529 τῶν
1806 1504 1881 1538 εἰρη-

1088 1545 1175 1579 μένων
1192 1544 1311 1572 διάνοιαν
1333 1546 1364 1572 ὲκ
1389 1546 1444 1573 τῶν
1463 1547 1573 1583 Διδύμῳ
1588 1547 1644 1582 (45)
1665 1548 1728 1583 περὶ
1747 1548 1801 1575 τῶν
1815 1549 1880 1584 ἀρε-

1087 1591 1205 1618 σκόντων
1224 1591 1347 1619 Πλάτωνι
1364 1593 1586 1629 συντεταγμένων
1602 1594 1762 1630 ἐκθήσομαι.
1777 1594 1879 1630 Γράφει

1085 1635 1113 1662 δὲ
1131 1635 1235 1668 οὕτως’
1252 1646 1260 1661 1
1281 1636 1341 1663 Τῶν
1361 1638 1431 1664 κατὰ
1454 1638 1534 1672 φύσιν
1557 1639 1692 1674 αἰσθητῶν
1709 1640 1780 1666 κατὰ
1801 1640 1879 1673 γένος

1086 1680 1225 1718 ὡρισμένα
1238 1683 1299 1709 τινὰ
1307 1683 1516 1718 παραδείγματα
1527 1683 1646 1718 φάμενος
1657 1681 1725 1710 εἶναι
1733 1684 1782 1716 τὰς
1795 1684 1878 1717 ἰδέας,

1085 1724 1122 1754 ὧν
1145 1727 1195 1760 τὰς
1219 1729 1373 1764 ἐπιστήμας
1393 1729 1516 1763 γίνεσθαι
1531 1729 1579 1755 καὶ
1602 1730 1666 1761 τοὺς
1692 1729 1780 1764 ὅρους.
1799 1730 1878 1765 Παρὰ

1087 1773 1191 1805 πάντας
1210 1773 1263 1809 γὰρ
1276 1772 1436 1809 ἀνθρώπους
1451 1773 1593 1809 ἄνθρωπόν
1609 1782 1669 1800 τινα
1683 1773 1815 1800 νοεῖσθαι·
1831 1775 1878 1800 καὶ

1086 1817 1161 1853 παρὰ
1177 1819 1280 1849 πάντας
1292 1818 1392 1850 ἵππους
1405 1818 1502 1845 ἳππων
1513 1818 1559 1845 καὶ
1574 1818 1671 1850 κοινῶς
1686 1819 1761 1854 παρὰ
1773 1819 1807 1845 τὰ
1820 1819 1877 1850 ζῶα

1084 1864 1153 1897 ζῶον
1169 1866 1300 1901 ἀγένητον
1321 1865 1369 1892 καὶ
1388 1865 1534 1901 ἄφθαρτον.
1555 1866 1602 1892 Ὃν
1624 1867 1725 1902 τρόπον
1746 1867 1773 1893 δὲ
1795 1875 1877 1902 σφρα·

1083 1911 1157 1945 γῖδος
1172 1911 1236 1946 μιᾶς
1251 1911 1387 1945 ἐκμαγεῖα
1398 1910 1520 1944 γίνεσθαι
1535 1910 1631 1941 πολλὰ,
1649 1912 1696 1938 καὶ
1719 1912 1818 1947 συχνὰς
1837 1913 1876 1939 εἰ-

1084 1957 1165 1988 κόνας
1191 1956 1249 1988 ἐνὸς
1274 1956 1388 1992 ἀνδρῶν
1403 1956 1489 1989 οὕτως
1514 1958 1547 1984 ὲκ
1574 1958 1638 1993 μιᾶς
1659 1958 1776 1994 ἑκάστης
1803 1958 1875 1990 ἰδέας

1084 2003 1220 2038 αἰσθητῶν
1233 2002 1367 2038 σωμάτων
1381 2002 1476 2038 φύσεις
1496 2003 1680 2039 παμπληθεῖς,
1698 2004 1747 2038 τῆς
1766 2005 1814 2039 μὲν
1827 2005 1875 2031 ἀν-

1084 2048 1200 2084 θρώπων
1216 2048 1375 2084 ἀνθρώπους
1391 2049 1524 2083 ἅπαντας,
1537 2050 1584 2076 καὶ
1600 2049 1670 2076 κατὰ
1681 2049 1725 2076 τὸν
1740 2050 1820 2076 αὑτὸν
1836 2050 1876 2076 λό-

1083 2103 1131 2130 γον
1154 2095 1201 2121 ὲπὶ
1225 2094 1279 2121 τῶν
1301 2095 1388 2121 ἄλλων
1411 2095 1464 2122 τῶν
1482 2095 1552 2122 κατὰ
1569 2095 1659 2130 φύσιν.
1674 2093 1750 2122 Εἶναι
1776 2096 1806 2122 δὲ
1825 2095 1875 2131 τὴν

1085 2141 1167 2173 ἰδέαν,
1192 2141 1276 2168 ἀΐδιον
1292 2141 1385 2168 οὐσίαν
1409 2141 1499 2168 αἰτίαν
1522 2141 1569 2167 καὶ
1586 2141 1672 2176 ἀρχὴν
1688 2140 1735 2167 τοῦ
1759 2141 1874 2169 ἕκαστον

1083 2184 1153 2213 εἶναι
1164 2186 1294 2218 τοιοῦτον,
1304 2186 1348 2213 οἵα
1362 2188 1434 2213 ἐστὶν
1445 2186 1527 2222 αὕτη.
1540 2186 1672 2221 Καθάπερ
1685 2184 1731 2212 οὖν
1743 2186 1791 2218 τὰς
1803 2186 1874 2214 κατὰ

1085 2232 1166 2267 μέρος
1182 2232 1276 2267 ὥσπερ
1292 2233 1444 2268 ἀρχέτυπον
1465 2232 1518 2258 τῶν
1539 2231 1674 2266 αἰσθητῶν
1694 2232 1873 2267 προηγεῖσθαι

1083 2279 1226 2314 σωμάτων,
1249 2278 1334 2310 οὕτως
1350 2278 1398 2314 τὴν
1417 2278 1506 2309 πάσας
1530 2279 1558 2304 tv
1576 2278 1660 2313 ἑαυτῇ
1682 2278 1872 2314 περιέχουσαν,

1083 2324 1229 2361 καλλίστην
1242 2325 1289 2352 καὶ
1301 2324 1470 2360 τελειοτάτην
1484 2322 1576 2357 οὖσαν,
1592 2324 1723 2360 ὑπάρχειν
1733 2324 1810 2350 τοῦδε
1824 2333 1872 2350 πα-

1084 2371 1216 2407 ράδειγμα
1237 2371 1284 2397 τοῦ
1309 2371 1421 2406 κόσμου.
1446 2371 1517 2406 Πρὸς
1532 2370 1585 2406 γὰρ
1614 2370 1715 2405 ταύτην
1735 2370 1872 2405 ἀφομοιω-

1084 2418 1163 2445 θέντα
1181 2417 1234 2444 ὑπὸ
1247 2417 1293 2443 τοῦ
1318 2417 1567 2452 δημιουργήσαντος
1589 2416 1668 2443 αὑτὸν
1688 2416 1870 2455 ἀπειργάσθαι

244 2470 326 2498 porro
337 2462 531 2498 sempiternam
544 2463 691 2497 quamdam
718 2462 866 2490 essentiam
891 2469 952 2489 esse
963 2461 1030 2492 vult,

1085 2463 1161 2493 Θεοῦ,
1182 2462 1251 2489 κατὰ
1264 2462 1401 2497 πρόνοιαν,
1417 2463 1449 2488 ὲκ
1465 2461 1513 2496 τῆς
1524 2461 1613 2496 πάσης
1626 2461 1729 2493 οὐσίας.
1751 2471 1761 2487 ι
1780 2460 1870 2487 Ταῦτα

244 2516 306 2543 qua:
317 2509 399 2536 rebus
413 2509 527 2544 singulis
542 2516 625 2536 causa
639 2508 859 2543 principiumque
871 2508 917 2539 sit,
929 2511 1031 2542 utqua-

245 2555 278 2581 lis
295 2554 354 2589 ipsa
364 2559 416 2587 est,
429 2555 497 2582 tales
506 2562 569 2582 esse
581 2555 697 2590 possint.
722 2553 758 2582 Ut
782 2554 865 2589 igitur
879 2553 1031 2588 peculiares

244 2600 312 2627 ideae
329 2607 411 2628 sensu
420 2605 545 2636 percepta
562 2607 689 2635 corpora,
710 2600 750 2627 sic
780 2605 910 2634 tanquam
935 2598 1032 2625 arche-

281 2677 336 2717 (ιο)
351 2678 438 2717 οὕτω.
447 2676 774 2717 δὲ-τςεγενιτυιένοςλῌζς
792 2676 880 2716 fusius
891 2683 906 2703 a
920 2675 1031 2703 Platone

244 2711 419 2746 d'is‘putantur
433 2713 459 2740 in
477 2711 661 2748 Tiniceo,"pag.
678 2711 730 2748 526
744 2711 841 2738 Ficini.

280 2744 336 2788 (at)
350 2749 491 2781 Δηλονότι
515 2751 531 2776 d
549 2744 672 2783 κόᾱμὸς.
696 2747 759 2774 Haec
779 2746 951 2782 parenthesis
974 2744 1028 2772 Eu-

244 2782 438 2852 301322§$trdc
451 2815 534 2845 εἶναι.
549 2818 613 2845 Post
626 2818 683 2844 haec
697 2817 788 2848 verba,
808 2816 891 2843 multa
907 2823 1028 2852 sequun-

246 2854 288 2878 tur
303 2852 330 2878 in
346 2851 457 2880 Platone
472 2861 532 2886 quze
549 2853 730 2886 prietermittit
752 2852 893 2880 Eusebius.
907 2851 1026 2879 Paucula

1079 2509 1126 2536 καὶ
1143 2508 1197 2535 ἀπὸ
1213 2507 1260 2534 τοῦ
1275 2507 1458 2543 δεδηλωμένου
1474 2507 1580 2543 ἀνδρός.
1596 2507 1693 2533 «rem:
1712 2516 1743 2542 γε
1758 2507 1810 2544 μὴν
1823 2508 1870 2535 καὶ

1078 2554 1164 2581 ταῦτα
1176 2554 1295 2589 Μωῦσῆς
1306 2555 1321 2580 ὸ
1336 2554 1483 2587 πάνσοφος,
1494 2553 1548 2589 πρὸ
1558 2553 1606 2580 τοῦ
1617 2553 1780 2589 φαινομένου
1793 2553 1868 2589 ἡλίου

1078 2601 1126 2627 καὶ
1147 2601 1265 2635 ἄστρων,
1290 2600 1337 2626 καὶ
1353 2599 1406 2635 πρὸ
1429 2599 1476 2626 τοῦ
1502 2600 1641 2635 ὁρωμένου
1663 2599 1790 2634 οὐρανοῦ,
1804 2599 1818 2625 ὃ
1836 2599 1869 2635 δὴ

1083 2698 1148 2718 vero
1163 2698 1222 2725 qua!
1239 2689 1387 2725 subtexuit.
1403 2696 1474 2725 .egcs
1489 2688 1554 2715 ibid.
1569 2696 1631 2725 pag.
1645 2687 1705 2725 δεῖ.

1120 2722 1179 2759 (ιιὸῖ
1192 2725 1305 2759 Διδύμῳ
1329 2723 1414 2751 Notus
1434 2722 1479 2750 ille
1492 2728 1543 2756 est,
1561 2724 1594 2749 de
1612 2722 1667 2757 quo
1686 2722 1742 2759 haec
1757 2722 1868 2758 Suidas,

1081 2757 1206 2796 Δίδυμος,
1222 2757 1319 2795 inquit,
1337 2760 1452 2796 ’Ᾱτήῖος,
1466 2759 1483 2794 ἦ
1498 2759 1607 2796 ᾎττιιος
1622 2757 1808 2796 χρηματίσαςι
1821 2767 1864 2792 φι-

1081 2793 1193 2830 λόσοῲος
1222 2793 1422 2830 Ἀκαδημαῖκδς
1435 2814 1442 2825 ,
1471 2793 1598 2830 πιθανῶν
1613 2793 1661 2830 καὶ
1693 2793 1866 2828 σοφισμάτων

1081 2828 1172 2862 λύσεις
1183 2832 1213 2857 ὲν
1226 2828 1337 2866 βιϐλίοις
1352 2829 1383 2865 β’,
1400 2830 1445 2856 καὶ
1457 2829 1524 2856 ἄλλα
1542 2828 1635 2855 πολλά.
