4156 6406
412 337 519 391 909

1581 342 1901 399 PREPAR.
1940 341 2192 398 EVANG.
2235 342 2361 397 LIB.
2410 342 2499 397 XI.

3554 347 3659 396 ωιυ

407 458 691 529 στερέωμα
742 459 915 524 καλεῖ,
952 462 1057 532 πρό
1085 479 1140 514 τε
1175 462 1270 532 τῆς
1311 462 1432 515 καθ’
1464 464 1609 533 ἡμᾶς
1658 462 1826 534 ξηρᾶς
1860 465 1973 534 γῆς,

2090 472 2274 532 typum
2327 464 2550 534 aliquod
2605 462 3090 534 antegrediuntur:
3133 464 3207 518 ita
3241 461 3665 532 pulcherrimam

405 551 500 602 καὶ
532 549 639 620 πρὸ
668 551 767 621 τῆς
798 555 926 623 παρ’
957 555 1086 623 ἡμῖν
1116 553 1350 625 ἡμέρας,
1378 555 1470 606 καὶ
1499 555 1712 618 νυκτὸς,
1743 555 1855 622 φῶς
1881 557 1988 608 ἓτε-

407 659 497 712 ρον
532 642 684 710 παρὰ
730 643 791 696 τὸ
818 644 911 697 τοῦ
961 644 1133 715 ἡλίου,
1170 647 1383 717 ἡμέραν
1419 664 1478 699 τε
1517 646 1626 715 (44)
1662 647 1756 699 καὶ
1796 647 1986 709 νύκτα,

401 734 496 786 καὶ
524 733 592 787 τὰ
615 735 777 788 λοιπὰ
809 737 944 808 πρὸς
974 739 1068 790 τοῦ
1115 740 1491 808 πανηγεμόνος
1536 743 1626 792 καὶ
1657 741 1830 793 αἰτίου
1881 741 1988 793 τῶν

400 827 537 879 ὅλων
565 826 700 880 Θεοῦ
734 827 1062 898 πεποιῆσθαι
1097 828 1380 882 διδάσκων.
1435 829 1590 882 Ἀλλὰ
1632 833 1725 883 καὶ
1767 833 1815 884 οἰ
1851 831 1990 901 μετά

401 922 641 975 Μωῡσέα
673 923 860 986 παῖδες
904 923 1167 996 Ἐὁραίων
1197 923 1346 993 ήλιόν
1375 942 1497 978 τινα
1528 922 1668 979 εἶναι
1700 926 1988 996 ἀσώματον

399 1015 460 1066 οὐ
491 1016 656 1068 πᾶσιν
687 1013 902 1085 ὁρατὸν,
938 1016 1057 1068 οὐδὲ
1086 1015 1300 1086 θνητοῖς
1327 1017 1623 1088 ὀφθαλμοῖς
1646 1019 1987 1088 ὑπαγόμενον

399 1107 691 1177 ὁρίζονται,
732 1106 807 1167 ὡς
833 1108 861 1158 6
893 1109 1177 1178 προφήτης
1209 1111 1274 1160 ἐκ
1295 1107 1587 1178 προσώπου
1610 1109 1744 1162 Θεοῦ
1778 1109 1950 1177 λέγων
1970 1126 1983 1140 ·

405 1217 425 1249 ι
461 1199 584 1263 Τοῖς
630 1199 684 1251 δὲ
720 1199 1071 1269 φοϐουμένοις
1108 1217 1177 1270 με
1223 1200 1473 1253 ἀνατελεί
1517 1201 1668 1271 ἥλιος
1707 1201 1986 1254 δικαιοσύ-

401 1308 518 1362 νης.
555 1310 572 1341 ι
612 1292 723 1344 Ka‘t
764 1291 934 1361 αὐτὴν
967 1291 1024 1344 δὲ
1053 1291 1419 1361 δικαιοσύνην,
1460 1293 1580 1360 ούχὶ
1609 1291 1707 1362 τὴν
1741 1292 1901 1345 ποιὰν
1929 1295 1985 1345 ὲν

401 1382 729 1453 ἀνθρώποις,
764 1383 898 1437 ἀλλὰ
948 1383 1046 1454 τὴν
1079 1383 1282 1454 ταύτης
1329 1383 1470 1437 ἰδέαν
1511 1380 1647 1438 οἶδεν
1704 1384 1862 1448 ἄλλος
1903 1387 1987 1438 Ἐ-

401 1474 598 1545 6ραίωκ
627 1477 932 1547 προφήτης,
955 1477 984 1528 6
1010 1481 1188 1546 φήσας
1219 1477 1344 1548 περὶ
1370 1476 1464 1530 τοῦ
1494 1477 1650 1530 Θεοῦ⁶
1692 1497 1710 1528 ι
1746 1479 1841 1542 Τίς
1871 1478 1987 1550 ἐξή-

400 1583 581 1635 γειρεν
606 1567 716 1636 (45)
751 1567 858 1620 ἀπὸ
891 1567 1162 1621 ἀνατολῶν
1191 1568 1572 1638 δικαιοσύνην;
1609 1569 1864 1623 ἐκάλεσεν
1890 1572 1986 1622 αὐ-

400 1659 496 1730 τὴν
531 1659 672 1712 κατὰ
712 1661 1003 1731 πρόσωπον
1050 1660 1236 1723 αὑτοῦ,
1268 1660 1362 1712 καί⁵
1407 1659 1734 1730 πορεύσεται
1766 1662 1810 1714 δ’
1854 1662 1986 1716 ὡσεὶ

399 1747 627 1802 ἐνώπιον
653 1747 842 1803 ἐθνῶν.
887 1769 904 1801 ι
933 1749 1041 1802 Καὶ
1069 1749 1237 1818 Λόγον
1265 1749 1320 1801 δὲ
1347 1748 1506 1814 θεῖον,
1551 1749 1862 1820 ἀσώματον,
1893 1755 1984 1806 καὶ

396 1839 626 1910 οὐσιώδη
661 1841 862 1911 ἀρτίως
905 1842 1036 1910 ἡμῖν
1077 1843 1106 1893 6
1139 1843 1316 1905 κοινὸς
1367 1842 1526 1913 ήμῶν
1567 1842 1726 1911 λόγος
1765 1842 1898 1913 (46),
1925 1845 1983 1896 ὲν

394 1937 506 1996 τοῖς
541 1933 776 2004 πρόσθεν
813 1932 920 1985 ἀπὸ
949 1934 1050 2003 τῆς
1097 1934 1361 2005 Ἐϐραίων
1406 1936 1704 2006 παρίστησι
1740 1937 1979 2008 Γραφῆς.

395 2017 471 2077 (δῦ
509 2027 637 2096 περὶ
676 2025 833 2094 λόγου
883 2027 974 2079 καὶ
1004 2026 1128 2078 τάδε
1170 2030 1298 2097 παρ’
1326 2028 1507 2091 αὐτοῖς
1540 2027 1788 2099 εἴρηται·
1826 2049 1844 2081 ι
1887 2031 1983 2094 Ὃς

393 2117 657 2188 ἐγεννήθη
707 2117 816 2189 (47)
841 2119 970 2188 ἡμῖν
1014 2118 1174 2187 σοφία
1203 2118 1310 2171 ἀπὸ
1345 2118 1500 2182 Θεοῦ,
1537 2119 1850 2191 δικαιοσύνη
1899 2138 1980 2185 τε,

391 2209 488 2262 καὶ
514 2209 804 2279 ἁγιασμὸς,
837 2211 929 2262 καὶ
958 2209 1356 2282 ἀπολύτρωσις.
1401 2230 1418 2262 ι
1458 2212 1691 2280 Λέγεται
1725 2215 1818 2265 καὶ
1843 2213 1978 2284 ζωὴ,

388 2302 610 2370 λέγεται
659 2303 752 2355 καὶ
781 2302 961 2370 σοφία,
1007 2303 1223 2372 λέγεται
1264 2305 1359 2358 καὶ
1390 2304 1633 2376 ἀλήθειαο
1667 2307 1761 2359 καὶ
1803 2306 1983 2360 πάντα

388 2394 461 2447 τὰ
516 2395 636 2446 κατ’
669 2395 856 2447 οὐσίαν
885 2394 1013 2447 ὄντα
1061 2411 1120 2447 τε
1170 2395 1264 2449 καὶ
1303 2395 1587 2464 ὑφεστῶτα
1623 2399 1673 2449 οἰ
1715 2397 1981 2468 Ἐϐραίων

388 2484 539 2552 λόγοι
589 2485 964 2541 διδάσκουσιν·
998 2486 1070 2556 (εί
1113 2487 1177 2559 δὴ
1225 2486 1334 2558 (48)
1379 2487 1619 2559 Ἑϐραῖοι
1665 2489 1759 2541 καὶ
1806 2490 1856 2541 οἰ
1884 2490 1978 2542 τοῦ

391 2577 642 2648 Σωτῆρος
686 2578 842 2649 ήμῶν
870 2578 1157 2631 ἀπόστολοί
1193 2595 1252 2631 τε
1287 2580 1380 2632 καὶ
1416 2579 1702 2650 μαθηταὶ),
1733 2581 1820 2633 ναὶ
1872 2581 1978 2652 μὴν

391 2669 486 2721 καὶ
529 2669 732 2739 μυρίας
763 2669 928 2733 ἄλλας
965 2671 1284 2741 ἀσωμάτους
1330 2671 1608 2742 δυνάμεις,
1659 2673 1889 2744 οὐρανοῦ
1920 2691 1978 2726 τε

389 2759 664 2823 ἐπέκεινα,
692 2764 784 2814 καὶ
818 2763 998 2833 πάσης
1028 2763 1126 2832 τῆς
1147 2763 1336 2833 ὑλικῆς
1365 2765 1456 2817 καὶ
1489 2765 1719 2834 ροὡδους
1747 2767 1935 2830 οὐσίας
1959 2783 1973 2798 ·

389 2845 464 2906 ὧν
491 2853 589 2916 τὰς
614 2853 827 2917 εἰκόνας
856 2856 911 2907 ἐν
931 2857 1040 2918 τοῖς
1063 2854 1340 2925 αἰσθητοῖς
1357 2874 1488 2926 φασι
1518 2859 1974 2915 κατατυπῶσαιι.

401 2948 515 3019 Ἐφ’
543 2945 617 3003 ὧν
643 2950 742 3022 ήδη
774 2950 866 3004 καὶ
907 2950 1144 3022 τοῦνομα
1183 2953 1282 3024 τῆς
1325 2954 1531 3018 εἰκόνος
1571 2957 1972 3027 παρειλήφασι·

387 3037 476 3091 τὸν
522 3039 653 3108 γοῦν
693 3040 977 3111 ἄνθρωπον
1005 3041 1190 3095 εἰκόνα
1239 3043 1540 3114 διαρρήδην
1580 3044 1773 3116 νοητοῦ
1807 3064 1976 3119 παραυ

2094 551 2241 606 illam
2295 562 2458 622 atque
2505 552 2993 623 perfectissimam,
3051 569 3172 624 qua
3218 563 3442 608 cateras
3475 568 3667 607 omnes

2093 645 2216 699 sinu
2249 661 2350 698 suo
2371 647 2770 713 complectitur,
2810 647 3002 701 mundi
3029 647 3192 716 hujus
3243 647 3521 714 exemplar
3544 662 3667 700 esse

2091 738 2331 793 defendit
2362 754 2373 788 :
2435 741 2578 808 quod
2625 740 2746 809 ejus
2779 741 2843 795 ad
2880 739 3260 803 imitationem,
3312 737 3556 792 auctoris
3579 740 3667 792 sui

2092 829 2468 898 molitorisque
2499 828 2592 884 Dei
2626 831 2964 900 providentia
3013 831 3288 892 conditus,
3328 837 3492 898 atque
3514 830 3666 884 omni

2089 935 2155 974 ex
2182 928 2501 974 naturarum
2527 937 2722 990 genere
2743 921 3010 977 conﬂatus
3029 922 3314 976 exstiterit.
3348 941 3367 973 ›
3394 919 3665 976 Hactenus

2088 1026 2156 1066 ex
2189 1011 2436 1082 Didyme.
2468 1013 2536 1066 At
2584 1015 2861 1068 enimvero
2899 1022 3071 1068 totum
3106 1013 3270 1068 etiam
3329 1013 3433 1067 hoc
3487 1011 3667 1082 philo-

2089 1103 2295 1172 sophia
2322 1120 2494 1174 genus
2530 1103 2708 1160 Moses
2750 1107 2840 1160 ille
2896 1106 3334 1175 sapientissimus
3351 1107 3662 1174 occupavit,

2088 1197 2220 1251 dum
2250 1205 2377 1251 ante
2403 1197 2571 1252 solem
2628 1198 2793 1252 istum
2828 1213 2990 1266 quem
3023 1197 3302 1252 cernimus
3347 1205 3472 1250 ante
3514 1205 3662 1250 astra

2087 1295 2304 1356 catera,
2352 1298 2406 1344 et
2435 1290 2635 1344 coelum
2691 1290 3040 1358 aspectabile,
3081 1289 3227 1358 quod
3259 1288 3664 1342 ﬁrmamentum

2086 1392 2268 1447 vocat,
2299 1395 2425 1437 ante
2456 1392 2700 1438 nostram
2751 1383 2892 1437 hanc
2934 1382 3222 1438 siceiorem
3266 1390 3488 1445 terram,
3537 1395 3664 1435 ante

2086 1475 2232 1529 diem
2255 1482 2526 1538 nostrum,
2553 1483 2909 1544 nostramque
2960 1484 3201 1538 noctem,
3265 1473 3426 1526 aliam
3459 1485 3658 1540 quam-

2085 1568 2209 1620 dam
2241 1566 2437 1630 lucem,
2466 1567 2534 1620 ab
2556 1568 2688 1622 solis
2728 1568 3039 1622 distinctam
3088 1565 3314 1631 lumine,
3353 1574 3516 1633 atque
3562 1564 3664 1618 abs

2087 1660 2194 1722 die,
2228 1671 2410 1726 nocte,
2437 1662 2759 1730 caterisque
2780 1661 3036 1715 omnibus
3066 1659 3359 1719 diversam,
3380 1673 3409 1710 a
3443 1673 3662 1713 summo

2090 1751 2255 1806 totius
2279 1752 2516 1806 universi
2553 1752 2894 1807 moderatore
2922 1767 2987 1806 ac
3017 1751 3268 1806 molitore
3321 1747 3429 1804 Deo
3459 1748 3660 1804 factam

2085 1857 2206 1896 esse
2233 1843 2409 1900 docet.
2435 1843 2595 1914 546
2615 1842 2756 1909 Quin
2781 1844 2944 1898 etiam
2969 1843 3140 1898 secuti
3179 1841 3384 1897 Mosem
3425 1840 3661 1905 llebrai,

2086 1933 2254 1988 solem
2287 1936 2576 2004 quemdam
2605 1950 2724 1988 esse
2755 1942 3023 1998 statuunt,
3057 1935 3150 2003 qui
3191 1947 3420 2002 corpore
3451 1942 3658 1996 careat,

2084 2039 2185 2076 nec
2207 2023 2274 2077 ab
2297 2024 2550 2078 omnibus
2579 2024 2812 2092 spectari
2849 2023 3040 2092 possit,
3077 2024 3186 2076 imo
3225 2037 3326 2077 nec
3363 2022 3467 2076 sub
3512 2038 3661 2075 mor-

2087 2117 2221 2171 tales
2243 2117 2432 2172 oculos
2463 2117 2690 2172 omnino
2737 2119 2916 2179 cadat,
2967 2127 3024 2170 ut
3059 2131 3183 2171 cum
3246 2117 3510 2186 propheta
3567 2114 3661 2170 Dei

2084 2223 2374 2278 personam
2430 2209 2766 2264 sustinens:
2830 2227 2849 2261 ι
2889 2208 3232 2264 Timentibus
3296 2224 3403 2272 me,
3458 2209 3658 2279 inquit,

2083 2301 2291 2355 orietur
2329 2300 2422 2356 Sol
2448 2302 2677 2371 justitia
2701 2303 2770 2358 ³³.
2797 2323 2814 2354 ι
2848 2301 2912 2357 Et
2941 2318 3071 2357 vero
3099 2303 3270 2372 ipsam
3300 2317 3519 2373 quoque
3565 2303 3663 2372 ju-

2083 2394 2287 2448 SIitiam
2323 2409 2430 2448 non
2454 2405 2654 2450 certam
2675 2396 2814 2450 hanc
2835 2405 2997 2466 atque
3013 2396 3365 2467 singularem,
3394 2395 3479 2450 cui
3505 2395 3662 2450 locus

2082 2487 2224 2542 inter
2251 2487 2499 2543 homines
2522 2495 2624 2555 est,
2645 2489 2740 2543 sed
2767 2487 2886 2558 ejus
2909 2487 3083 2542 ideam
3137 2489 3470 2558 agnoscebat
3515 2487 3660 2541 alius

2080 2580 2170 2634 ille
2229 2577 2580 2635 Hebraorum
2623 2580 2909 2649 propheta,
2955 2579 3048 2650 qui
3103 2579 3170 2634 de
3221 2579 3326 2634 Deo
3381 2580 3655 2649 loquens:

2086 2692 2105 2724 ι
2136 2671 2292 2738 Quis,
2326 2672 2524 2742 inquit,
2553 2671 2845 2727 suscitavit
2872 2671 2942 2725 ab
2990 2671 3202 2725 oriente
3226 2668 3542 2738 justitiam?
3569 2682 3662 2724 vo-

2078 2765 2224 2820 cavit
2253 2780 2374 2819 eam
2407 2775 2531 2819 ante
2564 2762 2760 2819 faciem
2787 2778 2965 2827 suam,
3013 2771 3066 2816 et
3111 2763 3366 2832 procedet
3416 2761 3574 2832 quasi
3603 2763 3657 2818 in

2078 2863 2370 2925 conspectu
2396 2855 2636 2924 gentium
2659 2854 2724 2906 “.
2753 2873 2770 2904 ›
2798 2852 2865 2907 Et
2892 2852 3135 2907 divinum
3159 2868 3376 2923 quoque
3396 2852 3658 2920 Verbum,

2076 2959 2202 3003 ortu
2256 2949 2408 3004 omni
2457 2963 2666 3014 carere,
2717 2963 2782 3002 ac
2817 2947 3107 3002 nobiscum
3145 2948 3398 3002 essentia
3441 2948 3658 3002 ratione

2076 3039 2387 3106 convenire,
2413 3048 2662 3094 nostrum
2688 3039 2792 3092 hoc
2823 3053 3114 3093 commune
3139 3036 3360 3092 verbum
3399 3035 3656 3092 Hebraeo-

386 3129 676 3201 δείγματος
719 3128 876 3196 εἶναι,
918 3131 1010 3184 καὶ
1045 3132 1221 3185 πάντα
1254 3133 1344 3186 τὸν
1382 3134 1489 3186 τῶν
1521 3135 1822 3206 ἀνθρώπων
1857 3137 1970 3207 βίον

2078 3147 2196 3184 rum
2226 3137 2280 3184 et
2307 3130 2503 3186 litteris
2531 3129 2642 3198 iam
2679 3139 2804 3184 ante
2824 3127 3096 3198 patefecit.
3128 3127 3332 3194 Quode
3362 3130 3657 3185 verbohac

393 3240 411 3271 ι
433 3223 488 3274 ἐν
515 3222 682 3276 εἰκόνι
698 3223 1110 3296 διαπορεύεσθαι
1133 3243 1150 3276 ›
1170 3224 1441 3295 εἰρήκασι.
1457 3225 1618 3292 Λέγει
1636 3226 1680 3278 δ’
1693 3221 1824 3280 οῦνό
1840 3229 1970 3280 Μω-

390 3313 508 3384 σῆς·
529 3334 547 3366 ι
576 3315 686 3368 Καὶ
703 3316 958 3388 ἐποίησεν
982 3316 1156 3379 ὁΘεὸς
1179 3317 1271 3368 τὸν
1303 3317 1606 3388 ἄνθρωπον,
1635 3319 1756 3371 κατ’
1786 3320 1970 3373 εἰκόνα

385 3403 518 3459 Θεοῦ
549 3407 804 3480 ἐποίησεν
832 3409 1012 3464 αὐτόν.
1047 3428 1065 3462 ι
1100 3411 1209 3464 Καὶ
1237 3410 1398 3463 πάλιν
1435 3409 1592 3474 ἄλλος
1635 3412 1881 3482 Ἐϐραῖος
1901 3413 1971 3466 τὰ

389 3498 593 3570 πάτρια
651 3499 977 3571 φιλοσοφῶν,
1020 3521 1038 3552 ι
1075 3502 1366 3571 Μέντοιγε,
1430 3505 1632 3573 φησὶν,
1683 3505 1741 3557 ὲν
1800 3507 1968 3560 εἰκόνι

384 3593 760 3669 διαπορεύεται
788 3598 1091 3670 ἅνθρωπος.
1123 3600 1292 3670 »Ἤδη
1341 3599 1397 3652 δὲ
1443 3599 1538 3653 καὶ
1579 3602 1628 3654 οἰ
1660 3601 1769 3654 τῶν
1805 3603 1968 3673 ίερῶν

383 3687 562 3758 νόμων
583 3688 868 3761 ἐξηγηταὶ,
902 3691 1227 3755 ἐπάκουσον,
1258 3692 1406 3755 ὅπως
1445 3691 1542 3762 τὴν
1575 3693 1634 3744 ἐν
1665 3695 1779 3757 τοῖς
1805 3696 1969 3749 Μωῦ-

385 3781 520 3846 σέως
548 3782 841 3854 γράμμασι
883 3782 1119 3836 διάνοιαν
1163 3780 1536 3852 σαφηνίζουσι.
1573 3782 1733 3850 Λέγει
1754 3782 1797 3834 δ’
1829 3780 1920 3837 οὖν
1941 3787 1968 3836 6

395 3871 640 3942 Ἐϐραῖος
683 3872 877 3939 Φίλων,
905 3871 974 3924 τὰ
1021 3873 1224 3944 πάτρια
1257 3871 1595 3942 ἑρμηνεύων,
1645 3873 1826 3938 αὐτοῖς
1879 3877 1965 3946 ῥή-

384 3979 564 4034 μασιν.

2080 3224 2304 3293 insuper
2332 3223 2474 3293 apud
2503 3223 2624 3278 illos
2647 3221 2912 3276 habentur
2939 3239 2952 3275 :
3001 3240 3020 3273 ι
3051 3221 3156 3288 Qui
3185 3229 3346 3277 natus
3375 3232 3459 3278 est
3497 3225 3656 3278 nobis

2077 3315 2347 3384 sapientia
2401 3329 2432 3369 a
2480 3313 2612 3380 Deo,
2645 3313 2883 3384 justitia,
2945 3321 3000 3369 et
3052 3313 3436 3379 sanctiﬁcatio,
3488 3324 3542 3369 et
3571 3331 3658 3370 re-

2075 3403 2316 3473 demptio
2342 3401 2409 3457 ³⁸.
2437 3421 2457 3454 ι
2485 3402 2697 3472 Quippe
2721 3402 2828 3456 vita
2871 3402 3056 3466 etiam,
3080 3410 3137 3456 et
3169 3403 3457 3473 sapientia,
3491 3411 3545 3458 et
3565 3419 3658 3458 vc-

2077 3497 2212 3552 ritas
2239 3495 2562 3566 appellatur.
2597 3493 2887 3559 Praeterea,
2912 3507 3252 3564 quacunque
3274 3495 3498 3565 proprio
3524 3495 3658 3549 sub-

2075 3591 2287 3648 stantia
2331 3606 2482 3646 more
2537 3599 2686 3654 sunt,
2738 3597 2903 3659 atque
2961 3589 3286 3652 subsistunt,
3336 3603 3400 3643 ea
3432 3587 3655 3657 quidem

2074 3685 2259 3740 omnia
2326 3682 2676 3738 Hebraorum
2729 3690 3088 3737 monumenta
3143 3682 3343 3737 docent
3395 3681 3544 3752 (nam
3595 3683 3652 3734 in

2076 3778 2314 3832 Hebraeis
2330 3776 2435 3846 ipsi
2463 3791 2681 3846 quoque
2713 3773 3021 3830 Servatoris
3040 3774 3212 3830 nostri
3235 3774 3465 3843 apostoli
3490 3781 3656 3842 atque

2072 3869 2325 3939 discipuli
2354 3868 2761 3934 numerantur),
2791 3866 3067 3937 simulque
3089 3866 3199 3920 vim
3221 3865 3517 3934 quamdam
3550 3878 3654 3919 na-

2072 3974 2321 4018 turarum
2374 3961 2606 4016 aliarum
2669 3961 2918 4030 corporis
2981 3959 3287 4030 expertium
3343 3958 3610 4012 inﬁnitam
3627 3975 3652 4024 ί

378 4097 902 4170 calumqueipsum,
927 4107 981 4154 et
1013 4098 1279 4169 quidquid
1336 4099 1389 4153 in
1455 4101 1738 4154 materiam
1783 4101 2056 4160 immersa
2092 4101 2362 4169 ﬁuxaque
2382 4098 2703 4154 substantia
2729 4106 2814 4152 est
2838 4096 3155 4164 longissime
3182 4105 3650 4165 pratergressam.

382 4191 626 4259 Quarum
696 4192 920 4261 quidem
969 4191 1238 4260 imagines
1306 4191 1360 4244 in
1420 4191 1488 4246 iis
1533 4207 1655 4261 qua
1697 4209 1862 4249 sensu
1926 4193 2299 4266 percipiuntur
2343 4204 2632 4260 expressas
2681 4203 2803 4244 esse
2859 4189 3069 4252 volunt,
3113 4187 3312 4257 quibus
3361 4195 3648 4255 propterea

379 4301 577 4340 nomen
627 4285 879 4355 imaginis
914 4284 1152 4338 tribuere
1201 4283 1358 4352 vulgo
1410 4283 1606 4339 solent.
1662 4283 1946 4342 Hominem
1987 4297 2133 4344 certe
2190 4284 2412 4356 quidem
2467 4281 2728 4352 spiritalis
2773 4279 3101 4350 exemplaris
3175 4278 3468 4348 imaginem
3515 4293 3646 4334 con-

378 4379 556 4448 ceptis
576 4378 758 4433 verbis
793 4378 1092 4448 appellant,
1127 4385 1182 4431 et
1233 4377 1400 4433 vitam
1435 4377 1720 4433 hominum
1783 4382 2100 4438 universam
2137 4399 2155 4431 ‹
2182 4380 2235 4434 in
2271 4377 2510 4446 imagine
2565 4375 2902 4445 pertransire
2937 4392 2956 4425 ι
2985 4373 3367 4444 pronuntiant.
3433 4373 3651 4444 Quippe

380 4475 455 4528 ita
497 4473 674 4529 Moses
701 4472 746 4504 ³⁸
782 4489 798 4525 °.
839 4493 856 4524 ‹
879 4472 946 4528 Et
1002 4473 1149 4538 fecit,
1183 4473 1382 4542 inquit,
1411 4471 1554 4528 Deus
1597 4473 1896 4542 hominem,
1923 4476 1990 4530 ad
2031 4475 2325 4547 imaginem
2379 4472 2474 4526 Dei
2507 4471 2635 4526 fecit
2659 4470 2834 4524 illum.
2859 4488 2878 4520 ι
2916 4466 3177 4522 Hebraus
3202 4469 3331 4522 item
3373 4466 3514 4522 alius
3551 4483 3650 4538 pa-

381 4566 486 4620 trio
534 4576 588 4621 et
645 4567 761 4635 ipse
803 4567 910 4621 ritu
963 4565 1356 4636 philosophans
1390 4607 1406 4633 ,
1485 4563 1893 4632 Verumtamen,
1946 4569 2146 4639 inquit,
2190 4569 2244 4622 in
2276 4567 2512 4636 imagine
2555 4564 2850 4634 pertransit
2900 4562 3068 4616 homo
3095 4560 3208 4632 ³⁷.)
3275 4559 3382 4616 Sed
3421 4561 3640 4616 auditu

444 4668 494 4715 ’³³
534 4682 724 4738 Malae.
770 4699 842 4750 Iv,
883 4683 939 4736 2.
1015 4683 1061 4715 “
1099 4683 1205 4738 lsa.
1241 4699 1350 4748 xu,
1385 4681 1440 4736 '2.
1521 4682 1566 4714 ³⁸
1609 4682 1625 4736 l
1670 4683 1792 4737 Cor.
1831 4700 1871 4748 ι,
1909 4683 1999 4742 30.
2077 4687 2122 4717 ³⁸
2161 4685 2298 4741 Gen.
2343 4701 2382 4750 ι,
2420 4684 2509 4737 27.
2589 4682 2629 4713 "’
2667 4679 2814 4735 Psal.
2858 4693 3090 4736 xxxvnt.
3132 4677 3163 4730 7

447 4813 473 4838 ι
499 4801 582 4852 ἵσ.
613 4798 1080 4854 κατατυποῦσθαι.

447 4870 558 4939 (Μ)
578 4870 846 4943 ,Ἡμέραν
873 4887 956 4924 τε.
1004 4871 1134 4923 Ἀπὸ
1164 4870 1343 4925 κοινοῦ
1374 4871 1716 4943 subintellige
1752 4872 1904 4943 παρά
1937 4891 1950 4925 :

375 4955 477 4996 nec
503 4941 646 4994 enim
697 4943 843 5006 vult,
878 4943 1093 5009 opinor,
1123 4943 1264 4996 diem
1296 4943 1500 5007 alium,
1541 4942 1816 5010 aliamque
1837 4941 1952 4997 ⁷ηο-

374 5019 513 5082 ctem
545 5020 850 5079 eateraque
895 5011 1173 5082 similiter,
1207 5021 1468 5082 tanquam
1515 5012 1803 5067 distinctas
1842 5013 1955 5068 sin-

414 5081 622 5134 alarum
671 5091 1044 5136 creaturarum
1094 5081 1243 5136 ideas
1287 5081 1443 5137 z’sed
1495 5083 1642 5136 illam
1688 5082 1953 5137 duntaxat

399 5166 572 5215 ueem,
601 5167 708 5220 qua
736 5153 803 5206 de
826 5151 1103 5217 Scriptura
1133 5153 1393 5221 loquitur,
1422 5153 1578 5220 quasi
1603 5167 1950 5208 communem

373 5221 613 5276 universi
649 5222 810 5291 hujus
837 5223 1037 5284 ideam,
1069 5231 1194 5275 ante
1225 5223 1328 5276 alia
1357 5224 1539 5276 omnia
1580 5222 1863 5286 divinitus,
1900 5234 1954 5278 et

375 5291 1008 5364 quasinpoqyoupévwc,
1032 5292 1330 5364 exstitisse.

446 5362 559 5432 (45)
594 5360 699 5429 Τίς(
715 5360 1045 5432 ἐξήγειρεν,
1083 5373 1188 5416 etc.
1227 5363 1404 5417 Locus
1435 5363 1522 5416 hic
1564 5361 1721 5432 aliter
1750 5362 1803 5415 in
1835 5365 1952 5416 vul-

374 5433 512 5500 gatis
566 5431 845 5502 Septuag.
876 5433 1202 5500 concipitur,
1246 5432 1341 5502 Τίς
1386 5432 1463 5497 ἐξ.
1502 5449 1573 5502 α.
1607 5434 1660 5486 ἁ.
1703 5431 1751 5486 δ.
1803 5433 1848 5485 ὲ.
1892 5434 1945 5486 ἀ.

373 5502 514 5556 κατὰ
539 5501 704 5566 πόδας
735 5502 898 5557 αὑτοῦ
920 5543 936 5567 ,
978 5504 1072 5556 καὶ
1115 5501 1440 5571 πορεύσεται
1459 5517 1471 5530 ·
1515 5501 1677 5555 δώσει
1708 5502 1948 5555 ἐναντίον

372 5573 578 5637 ἐθνῶνς
609 5573 843 5628 Dubium
879 5589 987 5628 non
1009 5581 1114 5628 est.
1143 5574 1273 5641 quin
1297 5575 1438 5641 apud
1461 5571 1660 5628 Euseb.
1695 5583 1949 5641 corrupta

371 5673 646 5732 po<trema
687 5663 816 5716 sint.
864 5660 1000 5716 Nam
1035 5668 1090 5716 et
1136 5658 1401 5732 Hebraice
1447 5660 1645 5732 le‘gitur
1689 5642 1845 5718 ’θλ-15
1880 5661 1948 5714 ad

370 5728 553 5796 putem
583 5735 695 5800 ejus
733 5750 750 5786 :
784 5744 838 5788 et
875 5733 921 5786 δ’
946 5732 1112 5793 ὡσεί,
1144 5745 1242 5800 pro
1286 5728 1467 5793 δώσει,
1507 5728 1680 5784 Hebr.
1727 5739 1835 5815 (nt,
1870 5731 1949 5783 vi-

368 5832 510 5882 tiesc
559 5825 820 5893 scriptum
871 5832 974 5880 est.
1025 5821 1202 5877 Latin.
1251 5819 1466 5892 Vulgat.
1513 5837 1612 5892 pro
1653 5821 1946 5891 justitiam,

2055 4890 2263 4956 justum
2310 4886 2544 4942 reddidit
2574 4905 2585 4938 :
2613 4886 2737 4940 licet
2765 4885 2908 4938 enim
2939 4891 3052 4961 βπ
3079 4921 3093 4945 ,
3121 4882 3338 4951 praprie
3371 4881 3640 4950 justitiam

2063 4989 2239 5046 sonet,
2269 4989 2416 5034 recte
2463 4989 2644 5033 tamen
2676 4975 3319 5048 signiﬁeationispotius,
3349 4989 3513 5048 quam
3545 4989 3642 5048 vo-

2064 5053 2144 5106 cis
2175 5043 2438 5105 rationem
2485 5043 2786 5104 habemla'm
2834 5054 3060 5116 putavrt.
3096 5043 3312 5097 Justum
3349 5044 3493 5116 enim
3538 5045 3641 5100 ali-

2061 5137 2222 5191 quem
2253 5122 2518 5191 propheta
2551 5114 2849 5191 indicabat,
2878 5131 2973 5168 seu
3003 5114 3231 5191 Cyrum,
3259 5128 3360 5191 seu
3389 5114 3641 5191 Abraha-

2059 5184 2508 5259 mum,seu,quod
2525 5189 2728 5259 mavult
2745 5185 3125 5259 Hieronymus,
3142 5184 3417 5236 Christum
3437 5184 3637 5259 ipsum.

2129 5201 2508 5259 am,seu,quou
2525 5201 2728 5242 mavult
2745 5201 3125 5254 Hieronymus,
3142 5201 3417 5236 unristum
3437 5201 3636 5305 Ipsum.

2129 5261 2240 5331 (66)
2265 5259 2477 5324 Κοινὸς
2510 5263 2612 5328 ἠμ.
2649 5254 3137 5331 .Zdroc._Ludit_in
3179 5269 3243 5306 ea
3273 5269 3420 5331 voce
3492 5255 3636 5321 όγος,

2059 5323 2186 5401 quia
2217 5323 2463 5396 vulgaris
2482 5323 2570 5382 hic
2597 5323 3014 5401 communisque
3051 5323 3323 5401 _).610;,_id
3353 5333 3436 5401 est
3477 5341 3640 5401 supe-

2062 5393 2175 5456 rior
2212 5393 2430 5456 Irae—Vde
2476 5414 2534 5452 re
2569 5398 2848 5458 tractatio,
2881 5394 3162 5462 proprium
3207 5393 3356 5446 illum
3394 5394 3639 5462 singula-

2059 5487 2285 5541 remque
2312 5471 2506 5541 Λόγον,
2536 5467 2790 5541 Verbum,
2821 5467 3065 5541 inquam,
3091 5465 3356 5526 divinum,
3381 5464 3639 5541 humana

2059 5533 2268 5596 natura
2299 5533 2616 5594 conditione
2655 5538 2812 5590 nobis
2843 5534 3076 5587 similem
3113 5549 3232 5587 esse
3266 5533 3633 5588 conﬁrmavit.

2130 5611 2242 5681 (47)
2280 5609 2620 5679 Ἐγεννήθη.
2656 5606 2714 5660 In
2752 5604 2965 5673 \‘ulgat.
3012 5603 3142 5657 edit.
3189 5602 3444 5674 ἐγενήθη,
3477 5606 3641 5660 unico

2057 5698 2122 5737 ac
2154 5681 2409 5737 simplici.

2520 5747 2596 5802 Ita
2633 5761 2892 5826 manuscr
2953 5761 3017 5799 ex
3047 5766 3178 5821 quo,
3211 5749 3261 5802 oi
3294 5746 3380 5818 δή,
3403 5744 3628 5800 alterius

2058 5820 2315 5877 editionis
2348 5822 2561 5888 vitium,
2589 5820 2854 5888 corrigas.
