4156 6418
540 335 641 394 9H

1179 336 1450 394 EUSEBII
1490 335 1969 392 CESARIENSIS
2010 334 2161 390 OPP.
2205 333 2386 393 PARS
2422 339 2482 393 ll.
2525 373 2593 383 —
2627 343 3128 407 APOLOGETICA.

3688 352 3796 406 919

538 473 695 520 vero,
725 458 1184 530 quemadmodum
1229 475 1508 516 sacrarum
1553 461 1728 532 legum
1782 462 2108 530 interpretes
2150 455 2404 517 Mosaicae
2443 464 2705 522 doctrina?
2756 479 3077 524 sententiam
3137 472 3401 541 aperiant.
3459 468 3617 525 Philo
3667 486 3799 527 sane

540 551 802 609 Hebraeus
823 553 1007 621 homo,
1035 554 1214 624 gentis
1245 569 1358 608 suae
1402 554 1599 610 litteris
1629 555 1928 625 explicans,
1983 551 2207 608 totidem
2235 557 2420 613 verbis
2453 559 2525 614 ita
2559 563 2798 617 disserit.

1099 645 1328 702 CAPUT
1352 648 1544 704 XXIV.

855 735 932 793 De
971 736 1222 793 Mosaicis
1248 740 1380 794 ideis
1402 780 1417 804 ,
1449 757 1514 795 ea:
1546 740 1785 797 Philone.

617 848 636 879 ι
662 827 722 884 Si
756 827 903 898 quis,
921 828 1097 899 inquit
1113 829 1223 895 ille,
1251 830 1589 900 planioribus
1621 833 1803 890 verbis
1834 833 1911 888 uti
1943 835 2106 899 volet,

540 920 587 975 is
632 920 776 974 aliud
824 920 961 975 nihil
1015 921 1281 976 mundum
1328 923 1480 978 illum
1536 931 1718 980 mente
1769 933 2108 994 perceptum,

538 1026 702 1082 quam
733 1011 827 1066 Dei
858 1014 1121 1067 mundum
1148 1013 1293 1070 hunc
1315 1029 1374 1070 re
1400 1015 1517 1085 ipsa
1560 1015 1835 1071 molientis
1870 1014 2110 1071 Verbum

534 1117 657 1157 esse
684 1101 848 1158 dicat.
883 1102 1043 1175 55.7
1074 1103 1186 1161 Nec
1219 1106 1366 1161 enim
1404 1106 1552 1161 aliud
1609 1115 1696 1163 est
1745 1107 1878 1163 urbs
1926 1118 2109 1163 mente

534 1204 808 1266 percepta,
842 1210 1007 1266 quam
1065 1197 1297 1267 ipsamet
1349 1198 1634 1254 architecti
1695 1200 1861 1265 ratio,
1915 1199 2108 1255 urbem

536 1287 683 1341 illam
711 1302 877 1357 quam
907 1288 1092 1343 animo
1146 1287 1460 1345 informavit
1486 1305 1607 1357 suo,
1641 1290 1823 1360 reipsa
1870 1291 2108 1347 condere

535 1379 850 1434 statuentis.
889 1376 1023 1445 Quae
1050 1379 1271 1449 quidem
1331 1381 1581 1438 doctrina
1632 1381 1800 1439 Mosis
1847 1392 1951 1449 est,
1997 1398 2108 1439 non

533 1486 677 1528 mea.
716 1470 1029 1537 Enimvero,
1086 1472 1181 1528 ubi
1229 1474 1468 1530 hominis
1499 1475 1938 1545 procreationem
1992 1476 2108 1546 ipse

531 1563 810 1628 describit,
837 1580 1159 1637 progressus
1187 1566 1548 1636 aliquantum,
1577 1567 1644 1623 ad
1684 1568 1977 1638 imaginem
2012 1567 2106 1623 Dei

531 1657 827 1712 formatum
855 1657 1005 1713 illum
1024 1657 1211 1725 fuisse,
1233 1659 1438 1716 diserte
1461 1660 1756 1718 conﬁtetur
1779 1662 1847 1715 ³⁸.
1876 1660 2031 1727 Quod
2058 1660 2106 1717 si

528 1754 658 1817 pars
684 1748 874 1803 mundi
916 1749 1098 1821 aliqua
1143 1751 1399 1822 imaginis
1455 1754 1637 1825 imago
1661 1763 1766 1819 est,
1800 1753 1940 1808 idem
1977 1768 2107 1823 pro-

528 1838 674 1895 fecto
700 1839 768 1895 de
795 1840 1053 1897 universa
1082 1840 1185 1897 hac
1211 1843 1414 1913 specie,
1446 1851 1581 1910 toto,
1618 1844 1870 1915 inquam,
1898 1845 2104 1899 mundo

532 1932 634 1988 hoc
660 1932 976 2003 aspectabili
1029 1934 1376 1990 statuendum
1411 1936 1537 2000 erit,
1575 1936 1669 2006 qui
1712 1937 1932 2008 quidem
1959 1938 2100 1992 ima.

529 2023 674 2094 ginis
688 2021 1126 2078 divinasimitatio
1145 2029 1250 2087 est,
1277 2023 1517 2080 humana
1549 2025 1711 2096 longe
1740 2026 1916 2097 major
1937 2036 2103 2097 atque

526 2112 841 2184 perfectior.
879 2114 956 2169 Ex
990 2129 1102 2182 quo
1154 2117 1320 2172 etiam
1365 2117 1545 2187 quivis
1597 2117 1882 2189 intelligat,
1909 2119 2103 2173 arche-

528 2215 715 2277 typum
773 2205 906 2261 illud
963 2205 1398 2277 primariumque
1451 2207 1728 2278 sigillum,
1789 2224 1952 2279 quem
1999 2223 2105 2264 nos

527 2296 792 2351 mundum
814 2304 995 2352 mente
1020 2307 1355 2368 perceptum,
1383 2315 1665 2366 vocamus,
1697 2301 1978 2370 exemplar
2013 2316 2105 2355 ar-

526 2389 821 2461 chetypum
879 2390 1168 2461 ideamque
1201 2392 1469 2459 idearum,
1508 2393 1611 2450 hoc
1667 2404 1752 2449 est
1804 2394 2103 2464 ipsummet

528 2480 621 2538 Dei
643 2482 875 2539 Verbum
903 2498 1045 2541 esse.
1068 2482 1317 2556 Explicat
1330 2485 1475 2542 enim
1498 2486 1617 2557 ipse
1639 2489 2101 2558 quemadmodum

524 2574 581 2629 in
612 2575 883 2645 principio
931 2574 1120 2632 fecerit
1181 2576 1323 2634 Deus
1377 2578 1579 2634 cmlum
1634 2585 1691 2633 et
1742 2584 1968 2645 terram,
2006 2580 2101 2635 ubi

525 2665 777 2736 principii
814 2666 1059 2732 nomine,
1118 2683 1228 2723 non
1281 2668 1414 2723 illud
1438 2683 1591 2737 sane,
1625 2679 1685 2724 ut
1715 2669 1964 2724 nonnulli
1994 2685 2100 2740 pu-

525 2766 664 2819 tant,
690 2757 916 2827 quodex
949 2766 1196 2828 tempore
1226 2759 1445 2815 ducitur
1478 2759 1766 2830 intelligit;
1800 2776 1903 2816 nec
1952 2761 2100 2815 enim

524 2856 652 2902 ante
698 2847 964 2902 mundum
1021 2857 1235 2919 tempus
1271 2856 1411 2915 erat,
1446 2851 1539 2907 sed
1572 2860 1817 2907 autcum
1842 2866 1907 2907 eo
1933 2852 2100 2909 simul

523 2946 620 2992 aut
649 2947 773 3009 post
801 2953 927 2994 eum
955 2953 1078 2994 esse
1107 2938 1293 3009 ompit.
1317 2937 1455 2994 Cum
1488 2939 1636 2994 enim
1663 2947 1879 3011 tempus
1903 2941 2096 2995 mundi

523 3042 707 3087 motus
732 3030 1082 3085 intervallum
1109 3030 1384 3101 quoddam
1405 3032 1496 3097 sit,
1523 3046 1626 3087 nee
1651 3041 1834 3087 motus
1864 3046 1931 3088 eo
1951 3030 2099 3103 quod

527 3130 777 3179 movetur
799 3121 951 3193 prior
974 3137 1099 3179 esse
1127 3132 1316 3193 queat,
1362 3122 1461 3179 sed
1501 3123 1816 3179 necessario
1840 3122 1927 3177 vel
1979 3122 2099 3193 ipso

523 3212 812 3283 posterior,
838 3213 924 3268 vel
955 3228 1083 3270 cum
1104 3228 1171 3269 eo
1204 3213 1369 3270 simul
1394 3215 1647 3280 exsistat,
1684 3222 1901 3284 tempus
1931 3214 2096 3270 etiam

2727 653 3126 709 ΚΕΦΔΛΙΑΟΝ
3158 656 3283 711 ΚΔ’.

2383 742 2649 810 Φίλωνος
2675 746 2807 812 περὶ
2842 745 2963 799 τῶν
2992 746 3151 814 παρὰ
3179 747 3424 800 Μωῦσεῒ
3439 744 3631 800 ἰδεῶν.

2308 832 2418 889 ΙΕΞ
2471 832 2527 888 δέ
2583 852 2667 899 τις
2713 834 2823 907 (49)
2866 835 3109 908 ἐθελήσει
3160 839 3495 909 γυμνότερον
3522 850 3548 879 ι
3591 840 3795 911 χρήσα-

2215 923 2339 977 σθαι
2404 928 2513 990 τοῖς
2566 928 2852 999 ὀνόμασιν,
2919 929 3070 983 οὐδὲν
3133 928 3199 983 ἂν
3254 930 3440 1003 ἕτερον
3498 931 3642 985 εἴποι
3702 929 3797 985 τὸν

2210 1018 2403 1088 νοητὸν
2462 1018 2669 1090 κόσμον
2725 1020 2758 1092 ἢ
2808 1020 2945 1075 Θεοῦ
3008 1022 3182 1091 Λόγον
3230 1022 3335 1094 ἤθη
3393 1023 3796 1093 κοσμοποιοῦν-

2212 1125 2321 1173 τος.
2350 1110 2488 1164 Οὐδὲ
2538 1110 2646 1185 γὰρ
2690 1115 2724 1184 ἡ
2753 1112 2918 1184 νοητὴ
2975 1113 3131 1178 πόλις
3176 1114 3358 1186 ἕτερόν
3414 1131 3462 1167 τι
3501 1114 3731 1187 ὲστὶν,ἢ
3764 1116 3796 1171 ὁ

2209 1198 2301 1252 τοῦ
2352 1200 2729 1273 ἀρχιτέκτονος
2782 1202 3059 1274 λογισμὸς,
3115 1203 3214 1275 ήδη
3262 1204 3362 1276 τὴν
3401 1205 3599 1276 νοητὴν
3639 1205 3795 1261 πόλιν

2210 1290 2417 1356 κτίζειν
2459 1292 2863 1365 διανοουμένου.
2897 1295 2970 1347 Τὸ
2998 1295 3055 1349 δὲ
3117 1295 3293 1367 δόγμα
3336 1295 3495 1349 τοῦτο
3549 1296 3795 1361 Μωσέως

2209 1382 2377 1448 ἐστὶν,
2399 1382 2499 1436 οὐκ
2530 1384 2680 1454 ἐμόν.
2715 1385 2826 1457 Τὴν
2856 1384 2989 1454 γοῦν
3014 1384 3303 1459 ἀνθρώπου
3323 1386 3535 1455 γένεσιν
3552 1388 3794 1460 ἀναγρά-

2210 1490 2358 1542 φων,
2390 1474 2449 1526 ἐν
2484 1477 2595 1538 τοῖς
2639 1475 2843 1530 1ἔπειτα
2910 1478 3206 1551 διαρρήδην
3258 1478 3542 1550 ὁμολογεῖ,
3583 1478 3659 1543 ὡς
3687 1480 3797 1551 ἄρα

2209 1562 2330 1615 κατ’
2353 1565 2538 1617 εἰκόνα
2584 1564 2720 1618 Θεοῦ
2765 1565 3090 1637 διετυπώθη.
3157 1566 3221 1619 El
3243 1565 3300 1619 δὲ
3332 1566 3394 1620 τὸ
3425 1566 3591 1638 μέρος
3629 1564 3799 1622 είκὼν

2198 1652 2435 1727 εἰκόνος,
2472 1654 2714 1725 δηλονότι
2745 1657 2841 1709 καὶ
2888 1656 2951 1709 τὺ
2982 1656 3102 1710 ὅλον
3133 1652 3274 1722 εῐδος
3298 1697 3315 1722 ,
3364 1656 3586 1728 σύμπας
3639 1650 3793 1721 οὗτος

2206 1746 2235 1797 ὁ
2260 1743 2517 1815 αἱσθητὺς
2553 1746 2779 1817 κόσμος,
2833 1750 2883 1801 ει
2910 1747 3111 1818 μείζων
3144 1747 3258 1819 (50)
3302 1748 3400 1827 τῆς
3443 1747 3792 1819 ἀνθρωπίνης

2206 1836 2325 1889 ἐστὶ
2356 1836 2582 1908 μίμημα
2607 1837 2757 1903 θείας
2779 1839 2986 1902 εἰκόνος
3017 1838 3289 1910 δηλονότι’
3345 1839 3438 1893 καὶ
3477 1840 3511 1911 ἡ
3558 1838 3794 1910 ἀρχέτυ-

2209 1940 2308 1987 πος
2330 1927 2565 1997 σφραγὶς
2591 1926 2650 1981 ὅν
2676 1944 2857 1998 φαμεν
2890 1928 3080 1999 νοητὸν
3113 1925 3252 1981 εἶναι
3272 1927 3501 1998 κόσμον,
3534 1928 3697 1986 αὐτὸς
3724 1926 3793 1981 ἂν

2134 1997 2177 2053 Β
2206 2019 2315 2091 εἴη,
2353 2018 2418 2073 τὸ
2457 1997 2845 2091 παράδειγμα,
2877 1997 3184 2091 ἀρχέτυπος
3233 2019 3348 2073 ἰδέα
3376 1997 3484 2073 τῶν
3548 2019 3722 2085 ἰδεῶν,
3763 2017 3793 2073 ὁ

2202 2110 2337 2166 Θεοῦ
2372 2111 2565 2180 Λόγος.
2598 2112 2736 2184 Φησὶ
2760 2111 2806 2165 δ’
2858 2111 2935 2167 ὡς
2984 2114 3048 2165 ὲν
3102 2114 3245 2185 ἀρχῇ
3304 2110 3560 2182 ἐποίησεν
3601 2112 3631 2165 ὁ
3657 2110 3793 2175 Θεὸς

2204 2204 2297 2256 τὸν
2323 2202 2550 2274 οὐρανὸν
2608 2203 2702 2256 καὶ
2744 2203 2841 2274 τὴν
2870 2201 2976 2272 γῆν
2999 2220 3014 2233 ·
3072 2204 3174 2274 τὴν
3218 2202 3393 2273 ἀρχὴν
3426 2200 3791 2273 παραλαμϐά-

2203 2313 2331 2361 νων,
2360 2296 2481 2367 οὐχ,
2509 2297 2585 2360 ὼς
2610 2297 2810 2350 οἴονταί
2853 2313 3018 2362 τινες,
3046 2297 3147 2367 τὴν
3181 2295 3323 2351 κατὰ
3375 2296 3567 2367 χρόνον
3586 2312 3600 2326 ·
3657 2296 3790 2367 χρό-

2203 2405 2293 2453 νος
2322 2388 2432 2460 γὰρ
2464 2388 2565 2442 οὐκ
2595 2383 2664 2458 ἦν
2693 2388 2800 2459 πρὸ
2822 2390 3050 2459 κόσμου,
3079 2387 3195 2442 ἀλλ’
3227 2388 3260 2459 ἢ
3300 2386 3398 2441 σὺν
3443 2386 3594 2459 αὐτῷ
3630 2388 3791 2459 γέγο-

2202 2495 2312 2541 νεν,
2344 2477 2377 2549 ἢ
2416 2478 2534 2549 μετ’
2565 2477 2762 2532 αὐτόν·
2794 2479 2916 2532 ἐπεὶ
2954 2478 3064 2551 γὰρ
3111 2478 3389 2550 διάστημα
3430 2478 3530 2549 τῆς
3563 2478 3657 2533 τοῦ
3697 2480 3791 2535 κό-

2204 2587 2344 2642 σμου
2372 2569 2486 2641 (51)
2523 2568 2786 2643 κινήσεώς
2825 2572 2972 2624 ἐστιν
3004 2571 3034 2623 ὁ
3055 2570 3280 2643 χρόνος,
3311 2571 3577 2644 πρότερον
3607 2572 3665 2626 δὲ
3691 2573 3788 2629 τοῦ

2201 2662 2525 2733 κινουμένου
2555 2663 2769 2735 κίνησις
2790 2663 2889 2717 οὐκ
2913 2663 2978 2717 ἂν
3000 2663 3233 2733 γένοιτο,
3268 2663 3384 2719 ἀλλ’
3422 2664 3456 2738 ἢ
3487 2666 3788 2736 ἀναγκαῖον

2200 2754 2370 2827 αὐτὴν
2392 2753 2640 2827 ὕστερον,
2684 2754 2863 2827 ῆᾶμα
2905 2755 3292 2811 συνίστασθαι·
3340 2757 3638 2827 ἀναγκαῖον
3678 2759 3790 2834 ἄρα

2200 2846 2296 2901 καὶ
2327 2845 2419 2900 τόν
2452 2846 2640 2918 χρόνον
2667 2845 2700 2917 ἢ
2739 2845 2958 2916 ίσήλικα
3002 2845 3211 2917 κόσμου
3236 2847 3518 2917 γεγονέναι
3537 2887 3554 2915 ,
3589 2849 3623 2921 ἢ
3654 2850 3786 2903 νεώ-

2199 2955 2355 3010 τερον
2379 2939 2591 2992 ἐκείνου
2610 2953 2623 2967 ·
2648 2937 3019 3009 πρεσϐύτερον
3049 2938 3107 2992 δὲ
3136 2939 3539 3010 ἀποφαίνεσθαι
3576 2941 3784 3014 τολμᾷν

2199 3029 2527 3100 ἀφιλόσοφον
2577 3030 2710 3101 (52).
2761 3031 2827 3084 Εἰ
2856 3030 2902 3084 δ’
2950 3030 3093 3103 ἁρχὴ
3150 3030 3227 3104 μὴ
3292 3031 3785 3105 παραλαμϐάνεται

2198 3120 2429 3192 τανῦνή
2480 3119 2624 3175 κατὰ
2649 3120 2862 3193 χρόνον,
2909 3121 3057 3185 εἰκὸς
3085 3121 3152 3175 ἂν
3202 3123 3287 3193 εἴη
3327 3123 3630 3195 μηνύεσθαι
3682 3125 3785 3197 τὴν

2199 3212 2319 3267 κατ’
2341 3211 2595 3284 ἀριθμὸν,
2629 3213 2707 3277 ὡς
2726 3212 2788 3267 τὸ
2824 3233 2843 3265 ι
2885 3214 2972 3267 Ἐν
2996 3213 3140 3284 ἀρχῇ
3169 3214 3427 3286 ἐποίησεν
3459 3235 3477 3268 ι
3508 3218 3621 3271 τσον
3644 3211 3787 3272 εἶναι

522 3306 709 3376 utique
730 3305 816 3360 vel
844 3305 1053 3376 aequale
1076 3305 1289 3371 mundi,
1313 3305 1400 3361 vel
1412 3306 1575 3361 etiam
1594 3320 1659 3361 eo
1677 3305 1953 3361 recentius
1972 3320 2095 3362 esse

2199 3304 2297 3375 τῷ,
2358 3303 2580 3377 Πρῶτον
2614 3304 2839 3377 ἐποίησε
2870 3305 2962 3358 τὸν
2993 3305 3244 3376 οὐρανόν.
3288 3301 3406 3360 Εἴθ’
3438 3306 3565 3379 ἑξῆς
3611 3308 3781 3379 λέγει·

521 3411 745 3453 necesse
772 3404 882 3464 est;
918 3412 1045 3451 nam
1074 3396 1355 3467 antiquius
1384 3395 1562 3453 facere
1588 3396 1745 3462 velle,
1790 3412 1914 3452 cum
1942 3396 2095 3453 omni

2199 3397 2423 3468 Πρῶτον
2444 3393 2538 3451 οῦν
2571 3397 2732 3468 (55)ὁ
2766 3395 2937 3451 ποιῶν
2976 3396 3150 3449 ὲποίει
3191 3397 3421 3467 οὐρανὸν
3464 3398 3780 3470 ἀσώματον,

518 3486 865 3557 philosophia
889 3502 1134 3559 pugnare
1170 3498 1273 3545 est.
1307 3486 1465 3555 Quod
1514 3488 1563 3544 si
1614 3487 1719 3544 hoc
1741 3488 1862 3545 loco
1890 3488 2098 3559 princi-

518 3595 670 3647 pium
702 3579 837 3635 illud
869 3594 978 3635 non
1004 3578 1280 3652 intelligit,
1314 3580 1463 3651 quod
1494 3595 1559 3637 ex
1588 3589 1831 3652 tempore
1856 3580 2093 3649 ducitur,

519 3661 619 3742 par
647 3671 873 3729 omnino
897 3672 1060 3728 fuerit
1088 3673 1238 3744 quod
1302 3672 1361 3728 in
1410 3688 1644 3730 numero
1673 3682 1926 3730 versatur
1952 3675 2097 3730 acci-

518 3780 667 3835 pere,
694 3774 754 3819 ut
780 3765 936 3831 illud,
970 3782 989 3816 ι
1022 3765 1075 3820 in
1105 3764 1377 3836 principio
1407 3763 1554 3830 fecit,
1585 3785 1604 3818 ι
1631 3765 1773 3822 idem
1801 3766 2093 3837 signiticet,

518 3870 583 3909 ac
604 3854 837 3925 primum
865 3854 992 3911 fecit
1016 3856 1236 3911 ccelum.
1267 3855 1393 3911 Inde
1418 3856 1626 3927 aliquot
1641 3856 1960 3927 interiectis,
1976 3856 2096 3911 Pri-

517 3963 667 4002 mum
688 3962 839 4018 ergo,
862 3947 1060 4019 inquit,
1089 3948 1340 4004 conditor
1361 3948 1451 4003 ille
1476 3947 1615 4004 Deus
1629 3949 1876 4020 corporis
1900 3964 2097 4019 expers

516 4038 716 4094 ctelum
771 4040 994 4105 ereavit,
1034 4053 1135 4094 nec
1192 4055 1300 4093 non
1369 4048 1607 4095 «terram
1661 4039 2034 4106 iuvisibilem,
2070 4058 2089 4091 ι

517 4130 769 4200 aerisque
791 4128 956 4185 simul
986 4129 1160 4184 ideam
1185 4138 1241 4185 et
1276 4131 1456 4187 vacui.
1474 4129 1519 4184 E
1539 4130 1740 4202 quibus
1764 4131 1995 4187 alterum
2027 4131 2094 4185 il-

516 4221 608 4277 lud
628 4224 878 4278 tenebras
906 4223 1218 4293 appellavit,
1253 4224 1397 4293 quod
1445 4232 1638 4279 natura
1679 4240 1779 4280 sua
1817 4224 2092 4295 nigrorem

515 4332 610 4371 aer
629 4315 948 4387 adiunctum
985 4316 1224 4384 habeat;
1254 4315 1485 4372 alterum
1535 4316 1641 4372 hoc
1675 4316 1957 4388 abyssum,
1988 4316 2094 4372 hoc

512 4418 598 4465 est
615 4409 733 4465 sine
759 4408 948 4473 fundo,
976 4409 1122 4480 quod
1167 4409 1500 4465 altissimum
1531 4410 1789 4481 quiddam
1856 4424 2092 4465 vacuum

513 4501 607 4567 sit,
633 4512 798 4573 atque
814 4502 1209 4558 vastissimum.
1231 4501 1369 4557 Tum
1396 4518 1551 4573 aquae
1569 4503 1824 4560 similiter
1851 4518 1914 4559 ac
1930 4504 2093 4574 spiri-

426 4620 429 4623 ν
512 4602 602 4648 tus
627 4601 901 4663 expertem
937 4593 1186 4660 corporis
1235 4593 1598 4649 substantiam
1627 4613 1640 4649 :
1691 4595 1831 4650 lucis
1856 4595 2091 4666 denique

2196 3492 2294 3546 καὶ
2329 3512 2347 3544 ι
2378 3492 2485 3563 γῆν
2512 3491 2762 3563 ἀόρατον,
2796 3508 2816 3541 ι
2849 3488 2944 3543 καὶ
2974 3488 3138 3559 ἀέρος
3185 3489 3327 3543 ἰδέαν
3354 3490 3445 3543 καὶ
3475 3490 3634 3544 κενοῦ
3656 3508 3669 3521 ·
3700 3485 3780 3546 ὧν

2194 3586 2256 3639 τὸ
2292 3586 2389 3657 μὲν
2427 3585 2735 3655 ὲπεφήμισε
2792 3581 3003 3645 σκότος,
3047 3581 3236 3653 ἐπειδὴ
3288 3580 3457 3653 μέλας
3486 3583 3515 3634 ό
3556 3582 3665 3654 ἀὴρ
3710 3586 3779 3656 τῇ

2197 3678 2357 3748 φύσει
2380 3694 2396 3712 ι
2428 3676 2529 3748 τὴν
2553 3675 2611 3729 δὲ
2648 3673 2917 3728 ἄϐυσσον
2948 3672 3251 3728 πολύϐυθον
3292 3673 3404 3746 γὰρ
3444 3675 3506 3728 τό
3548 3690 3613 3743 γε
3658 3692 3782 3729 και-

2195 3768 2285 3821 νὸν
2341 3765 2450 3836 (54)
2495 3766 2590 3819 καὶ
2618 3764 2852 3834 ἀχανές·
2880 3761 2979 3819 εἷθ’
3009 3764 3198 3829 ὓδατος
3250 3764 3543 3838 ἀσώματον
3594 3767 3782 3823 οὐσίαν

2196 3857 2290 3911 καὶ
2323 3854 2665 3925 πνεύματος·
2685 3852 2780 3909 καὶ
2823 3855 2919 3908 ἐπὶ
2946 3856 3112 3907 πᾶσιν
3134 3854 3364 3926 ἑϐδόμου
3394 3854 3591 3923 φωτὸς,
3621 3854 3649 3907 ὃ
3674 3854 3781 3908 πά-

2196 3950 2278 4003 λιν
2310 3947 2600 4019 ἀσώματον
2626 3943 2716 4017 ἦν,
2746 3946 2843 4001 καὶ
2869 3946 3059 4019 νοητὸν
3090 3946 3243 4019 ἡλίου
3274 3946 3650 4017 παράδειγμα,
3686 3947 3783 4000 καὶ

2196 4039 2375 4092 πάντα
2407 4036 2542 4108 (55),
2582 4036 2682 4090 ὅσα
2728 4037 2993 4109 φωσφόρα
3027 4037 3203 4110 ἄστρα
3234 4036 3379 4091 κατὰ
3432 4036 3520 4090 τὸν
3552 4037 3781 4108 οὐρανὸν

2196 4129 2389 4203 ἔμελλε
2430 4126 2805 4182 συνίστασθαι.
2825 4128 3133 4200 Προνομίας
3162 4128 3218 4182 δὲ
3249 4128 3311 4181 τό
3337 4145 3400 4181 τε
3433 4127 3653 4198 πνεῦμα
3685 4127 3781 4180 καὶ

2193 4222 2255 4275 τὸ
2282 4220 2396 4291 φῶς
2418 4218 2635 4292 ἠξιοῦτο
2653 4235 2667 4249 ’
2694 4218 2757 4272 τὸ
2790 4220 2890 4289 μὲν
2908 4219 3016 4290 γὰρ
3040 4219 3292 4289 ὠνόμασε
3316 4217 3450 4270 Θεοῦ
3474 4216 3619 4285 (56),
3645 4216 3781 4269 διότι

2195 4312 2572 4380 ζωτικάηατον
2596 4313 2656 4367 τὸ
2691 4312 2927 4383 πνεῦμα,
2963 4312 3108 4382 ζωῆς
3132 4310 3189 4363 δὲ
3219 4309 3354 4373 Θεὸς
3390 4309 3595 4372 αἴτιος·
3623 4307 3686 4361 τὸ
3720 4307 3781 4361 δέ

2196 4405 2332 4475 φῶς,
2371 4406 2454 4458 ὅτι
2509 4403 2850 4477 ὑπερϐάλλον
2904 4402 3019 4474 (57)
3060 4401 3243 4455 καλόν.
3294 4398 3547 4470 Τοσούτῳ
3586 4399 3696 4473 γὰρ
3718 4397 3785 4453 τὺ

2194 4500 2383 4571 νοητὸν
2405 4499 2499 4553 τοῦ
2531 4498 2729 4572 ὁρατοῦ
2759 4496 3141 4567 λαμπρότερόν
3184 4512 3244 4547 τε
3279 4494 3373 4548 καὶ
3402 4491 3782 4562 αὑγοειδέστε-

2199 4609 2311 4664 ρον,
2337 4593 2556 4663 ὅσῳπερ
2579 4591 2752 4662 ἥλιος,
2769 4584 2945 4659 οἶμαι,
2969 4586 3219 4649 σκότους,
3236 4585 3331 4638 καὶ
3355 4584 3539 4657 ἡμέρα
3564 4582 3778 4645 νυκτὸς,

511 4682 777 4750 septimm,
793 4695 916 4752 quae
959 4696 1190 4751 corpore
1235 4696 1429 4738 carens
1471 4685 1589 4753 ipsa
1620 4699 1861 4755 quoque,
1907 4695 2090 4741 mente

2199 4683 2292 4737 καὶ
2317 4682 2387 4736 τὰ
2415 4683 2678 4753 κριτήρια
2711 4678 2822 4750 (58)
2848 4677 2974 4741 νοῦς
3003 4679 3032 4731 ὁ
3056 4676 3154 4748 τῆς
3180 4675 3310 4747 ὅλης
3329 4674 3507 4746 ψυχῆς
3526 4670 3778 4745 ἡγεμὼν,

508 4783 823 4845 perceptum
851 4772 1005 4839 solis,
1058 4787 1125 4827 ac
1173 4782 1493 4828 cancrorum
1550 4776 1796 4830 omnium
1842 4776 2092 4832 clarissi-

581 4888 626 4920 ³⁸
662 4886 799 4942 Gen.
841 4903 879 4954 ι,
910 4886 1002 4940 27.

580 4991 610 5023 ι
650 4977 829 5046 Philo,
868 4977 1247 5051 γυμνοτέροις.

577 5072 793 5153 (49)..ῌὶ
822 5070 889 5153 δέ
923 5089 1034 5139 τις,
1067 5084 1171 5153 etc.
1216 5071 1498 5153 lﬁegumur
1546 5069 1665 5153 lucc
1713 5070 1855 5141 apud
1898 5069 2086 5126 Philo-

509 5141 656 5225 nem.
675 5141 783 5198 lib.
820 5143 894 5197 De
923 5145 1106 5196 mundi
1142 5141 1372 5266 opiﬁcio,
1402 5156 1525 5267 pag].
1553 5141 1608 5195 4.
1943 5210 1955 5223 ο

577 5214 690 5267 (50)
717 5216 787 5267 El
831 5212 1058 5267 μείζων.
1093 5224 1198 5267 etc.
1276 5227 1435 5267 ecum
1523 5226 1630 5266 unc
1673 5211 1955 5267 emendabi

577 5214 787 5286 (§0)JEl
826 5212 1058 5286 μείζων,
1093 5211 1198 5268 etc.
1230 5211 1435 5286 Locum
1482 5211 1630 5267 hunc
1673 5211 2083 5286 emendabirnus

506 5281 856 5355 ex'Pliiloue,
888 5283 1053 5355 apud
1068 5299 1228 5353 quem
1260 5283 1334 5355 ita
1366 5291 1662 5355 conceptus
1692 5291 1796 5355 est,
1832 5281 1861 5335 ὃ
1896 5282 2081 5355 μεῖζόν

506 5359 644 5427 ἐστι,
677 5353 783 5427 τῆς
805 5350 1175 5427 ἀνθνρωπίνής,
1213 5352 1440 5426 μίμημα
1470 5350 1621 5417 θείας
1663 5350 2083 5423 εἰκόνοςίδῆλον

502 5426 561 5479 δὲ
585 5426 667 5496 δτι
701 5423 862 5496 κβ).ᾼὴ
890 5423 1041 5496 ἆρχ..
1069 5423 1175 5496 etc2

599 5494 687 5565 51)
718 5491 1120 5565 Τοῦκόάμου.
1156 5493 1332 5565 Pliilo,
1365 5491 1456 5565 τοῦ
1489 5491 1739 5565 οὐρανοῦ.

599 5562 688 5635 52)
728 5562 1152 5635 Ἀςριλόσοςρρη
1195 5562 1356 5635 Philo
1385 5563 1509 5619 add.
1537 5562 1614 5635 τῷ
1642 5564 1776 5617 ὄντι.

599 5631 687 5703 55)
718 5631 961 5703 Πρῶτον
1005 5631 1139 5689 οὖν.
1188 5633 1344 5703 Philo
1394 5643 1517 5689 oost
1549 5631 1649 5689 has
1702 5650 1823 5688 voc.
1874 5642 2000 5688 ante
2050 5635 2079 5686 ό

501 5702 675 5760 ποιῶν
706 5702 921 5777 iuSerit,
946 5704 1095 5775 παρὰ
1126 5702 1239 5777 τοῦΔ
1265 5704 1453 5777 νοητοῦ
1480 5704 1712 5777 κόσμου.
1769 5705 1851 5758 Ea:
1898 5705 2078 5757 niundi

501 5785 669 5830 mente
696 5774 922 5843 percepti
951 5774 1260 5843 exemplari,
1286 5774 1393 5842 vel,
1420 5775 1489 5829 ad
1510 5774 1694 5829 mundi
1717 5790 1788 5830 m.
1815 5792 1868 5845 p.
1900 5789 2078 5831 exem-

670 5495 688 5704 Ξ

574 5499 593 5705 ἒ

2195 4773 2488 4845 ὀφθαλμῶν
2518 4772 2626 4843 (59)
2662 4768 2934 4841 σώματος.
2962 4766 3036 4821 Τὸ
3058 4767 3116 4820 δὲ
3149 4767 3378 4838 ἀόρατον
3405 4764 3514 4837 (60)
3538 4764 3633 4819 καὶ
3657 4781 3781 4835 νοη-

2192 5078 2331 5145 plur,
2364 5092 2497 5139 non,
2526 5083 2586 5129 ut
2614 5073 2770 5145 al._in
2798 5073 2993 5145 mundo
3019 5070 3363 5145 uitelligioili.

2266 5147 2378 5215 (54)
2413 5145 2652 5199 Καινόν.
2680 5142 2832 5215 Lege
2864 5142 3021 5196 κενόν
3046 5157 3112 5196 ex
3140 5140 3387 5197 Philone.

2264 5218 2379 5287 (55)
2410 5216 2584 5287 Philo,
2618 5214 2858 5287 ⁸πάντων.

2264 5285 2376 5355 (56)
2408 5285 2585 5348 Philo,
2617 5285 2783 5337 θείου.

2262 5349 2378 5423 (57)
2415 5352 3032 5424 ὙπερϐἀλλονκΡιιὶιο
3063 5349 3535 5424 ὑπερϐαλλόντως.

2260 5420 2374 5497 (58)
2412 5426 2497 5497 Τιξ
2519 5420 2811 5494 κριτήρια.
2845 5422 3067 5492 Repone
3091 5420 3199 5475 τῶν
3226 5420 3561 5491 αἰσθητικῶν
3583 5439 3778 5494 κριτη-

2191 5495 2453 5569 ρίων,ίε]ι
2474 5495 2720 5569 Philone.

2257 5567 2696 5644 (§9)13!!i|9-.x.a?
2726 5564 3013 5636 ὀφθαλμοί·
3059 5633 3174 5644 -.η
3380 5631 3421 5644 ..
3524 5632 3576 5644 ..

2260 5631 2372 5707 (60)
2414 5638 2484 5692 Τό
2515 5637 2586 5691 δὲ
2613 5631 3027 5707 ἀόραὲονίεβο.
3056 5633 3343 5707 Philonem
3380 5631 3649 5707 Eusebius
3680 5632 3775 5707 de-

2185 5703 2439 5765 curtavit.
2476 5707 2568 5763 Sic
2598 5703 2744 5762 enim
2774 5708 2881 5769 ille,
2926 5706 3016 5758 τὸν
3055 5704 3111 5758 δὲ
3146 5704 3405 5776 ἀόρατον,
3454 5703 3547 5776 καὶ
3585 5703 3775 5776 νοητὸν

2186 5783 2326 5836 θεῖον
2353 5780 2545 5846 Λόγον,
2577 5779 2667 5832 καὶ
2699 5776 2833 5830 Θεοῦ
2869 5776 3063 5843 Λόγον,
3098 5772 3283 5828 εἰκόνα
3314 5774 3463 5841 λέγει
3485 5772 3642 5827 Θεοῦο
3678 5773 3775 5825 καὶ
