4156 6420
442 363 547 418 915

1603 360 1924 415 Ρίὶ.ιΕΡΑΙὶ.
1965 361 2212 416 EVANG.
2256 362 2380 416 LIB.
2426 362 2513 415 XI.

3589 359 3692 414 9M

440 480 530 532 τὸν
559 472 672 546 φῶς
697 481 872 531 ἐκεῖνο
905 479 1046 532 θείου
1084 481 1255 548 Λόγου
1287 481 1508 548 γέγονεν
1540 481 1723 547 εἰκὼν,
1751 483 1847 535 τοῦ
1877 484 2020 555 διερ-

2123 503 2334 540 morum
2386 485 2644 548 siderum,
2686 500 2807 554 qua:
2862 484 3209 552 producenda
3245 483 3439 538 deinde
3493 481 3693 545 forent,

443 566 807 638 μηνεύσαντος
850 568 945 639 τὴν
981 569 1193 637 γένεσιν
1233 569 1430 623 αὐτοῦ·
1470 571 1565 623 καὶ
1599 571 1744 625 ἐστιν
1789 574 2021 643 ὑπερου-

443 659 623 729 ράνιος
647 659 844 731 ἀστὴρ,
870 661 1020 731 πηγὴ
1051 661 1159 715 τῶν
1183 662 1453 733 αἰσθητῶν
1503 664 1746 734 ἀστέρων
1765 706 1778 728 ,
1819 666 1885 736 ἢν
1921 668 2020 720 οὐκ

440 749 505 802 ἂν
539 749 652 803 ἀπὸ
680 751 884 804 σκοποῦ
919 753 1195 806 καλέσειεν
1221 754 1285 808 ἄν
1314 771 1397 818 τις
1422 755 1788 824 παναύγειαν,
1821 758 1912 826 ἀφ’
1953 751 2019 828 ἧς

439 841 588 912 ἥλιος
610 841 707 894 καὶ
732 842 951 914 σελήνη,
982 845 1075 898 καὶ
1097 847 1146 896 οἰ
1176 845 1324 898 ἄλλοι
1350 847 1619 917 πλανῆται
1645 887 1660 912 ,
1705 849 1798 902 καὶ
1844 850 2018 902 ἀπλα-

440 936 548 998 νεῖς
576 934 867 1006 ἀρύονται,
902 935 1022 989 καθ’
1054 938 1177 990 ὅσον
1223 939 1438 1009 ἑκάστῳ
1483 939 1711 1010 δύναμις
1731 980 1744 1003 ,
1799 941 1866 994 τὰ
1889 942 2020 1012 πρέ-

441 1043 610 1079 ποντα
643 1026 820 1098 φέγγη
842 1044 855 1056 ·
891 1028 990 1098 τῆς
1018 1027 1254 1098 άμιγοῦς
1283 1030 1376 1083 καὶ
1402 1030 1647 1103 καθαρᾶς
1673 1031 1848 1102 αὐγῆς
1877 1033 2020 1086 ὲκεί-

439 1135 536 1187 νης
584 1119 1030 1191 άμαυρουμένης,
1077 1116 1138 1174 οὗ
1168 1120 1234 1175 ἂν
1279 1121 1390 1192 (6-1)
1445 1120 1676 1193 ἄρξηται
1723 1123 2018 1195 τρέπεσθαι

439 1209 578 1262 κατά
619 1211 720 1279 τὴν
771 1212 836 1264 ὲκ
860 1212 956 1264 τοῦ
987 1212 1178 1283 νοητοῦ
1227 1213 1363 1282 πρὸς
1406 1213 1662 1284 αἰσθητὸν
1694 1215 2014 1286 μεταϐολήν.

440 1299 742 1370 Εἰλικρινὲς
790 1301 898 1372 γὰρ
947 1301 1098 1355 οὐδὲν
1128 1302 1234 1355 τῶν
1280 1305 1338 1355 ὲν
1389 1303 1660 1375 αἰσθήσει.
1700 1326 1717 1357 ι
1745 1307 1854 1360 Καὶ
1881 1306 2020 1376 μετὰ

441 1391 644 1462 βραχέα
669 1391 939 1461 ἐπιλέγειο
979 1413 996 1446 ι
1042 1395 1197 1447 Ἐπεὶ
1225 1395 1281 1447 δὲ
1311 1395 1426 1464 φῶς
1463 1397 1561 1467 μὲν
1602 1397 1838 1464 ἐγένετο,
1894 1399 2020 1452 σκό-

438 1499 527 1546 τος
557 1483 601 1535 δ’
640 1484 908 1556 ὑπεξέστη
940 1485 1032 1540 καὶ
1065 1485 1412 1558 ἀνεχώρησεν
1443 1488 1580 1558 (62),
1608 1489 1723 1560 ὅροι
1752 1490 1798 1542 δ’
1825 1491 1880 1543 ὲν
1907 1493 2019 1554 τοῖς

443 1575 642 1646 μεταξὺ
675 1577 1037 1648 διαστήμασιν
1069 1580 1378 1650 ὲπάγησαν,
1399 1581 1608 1652 ἑσπέρα
1629 1599 1689 1634 τε
1719 1583 1812 1635 καὶ
1837 1583 2018 1654 πρωῒα

439 1669 558 1720 κατ’
583 1668 876 1737 ἀναγκαῖον
903 1670 996 1723 τοῦ
1030 1672 1224 1742 χρόνου
1270 1675 1467 1747 μέτρον
1492 1674 1805 1728 ἀπετελείτο
1832 1674 2014 1740 εὐθὺς,

436 1755 466 1808 ὃ
488 1757 579 1810 κα)⁴
597 1759 810 1830 ἡμέραν
834 1760 1012 1826 καλῶς
1045 1762 1216 1817 ποιῶν
1248 1759 1504 1818 ὲκάλεσεέ
1534 1764 1628 1818 καὶ
1655 1764 1868 1836 ἡμέραν
1897 1767 2018 1836 οὐχ).

440 1844 680 1917 πρώτην,
707 1846 840 1900 ἀλλὰ
866 1850 1071 1922 μίαν,ἢ
1103 1849 1348 1905 λέλεκται
1383 1852 1492 1925 (65)
1519 1853 1606 1907 διὰ
1641 1833 1740 1924 τήν
1766 1833 1858 1908 τοῦ
1893 1833 2016 1926 νοη-
2048 1833 2091 1886 Β

439 1931 529 1985 τοῦ
561 1934 762 2006 κόσμου
789 1938 1046 2008 μόνωσιν,
1077 1941 1371 2014 μοναδικὴν
1407 1943 1621 2015 ἔχοντος
1675 1945 1775 2016 τὴν
1830 1945 2009 2014 φύσιν.

448 2023 507 2077 ⁸0
544 2027 640 2095 μὲν
665 2023 758 2081 οὖν
780 2028 1070 2100 ἀσώματος
1098 2033 1301 2104 κόσμος
1330 2035 1430 2106 ήδη
1459 2036 1632 2108 πέρας
1669 2032 1836 2107 εἶχεν,
1869 2038 2015 2110 ἱδρυ-

436 2115 548 2180 θεὶς
572 2120 628 2172 ἐν
649 2119 727 2189 τῷ
745 2119 872 2192 θείῳ
889 2123 1048 2194 Λόγῳ
1064 2139 1078 2153 ·
1099 2126 1127 2178 6
1152 2125 1198 2178 δ’
1220 2125 1476 2197 αἰσθητὸς
1502 2127 1637 2200 πρὸς
1664 2128 2016 2200 παράδειγμα

433 2207 624 2260 τούτου
678 2209 1108 2280 ὲτελειογονεῖτο.
1159 2217 1269 2270 Καὶ
1299 2217 1516 2289 πρῶτον
1557 2219 1722 2272 αὐτοῦ
1771 2219 1878 2274 τῶν
1915 2237 2016 2291 με·

437 2297 568 2368 ρῶν,
599 2298 628 2352 ὃ
658 2301 750 2353 καὶ
777 2301 994 2358 πάντων
1013 2304 1253 2376 ἄριστον,
1278 2307 1448 2362 ἐποίει
1479 2309 1571 2361 τὸν
1595 2309 1821 2379 οὐρανὸν
1861 2311 1888 2362 6
1913 2313 2017 2380 Δη-

437 2389 717 2458 μιουργὸς,
748 2391 806 2444 ὃν
832 2394 1048 2465 ἐτύμως
1075 2397 1362 2468 στερέωμα
1393 2400 1833 2471 προσηγόρευσεν
1852 2443 1868 2467 ,
1920 2402 2017 2456 ἆτε

435 2482 748 2550 σωματικὸν
788 2482 936 2538 ὄντα.
968 2486 1040 2538 Τὸ
1091 2487 1199 2558 γὰρ
1253 2487 1411 2560 σῶμα
1434 2489 1593 2558 φύσει
1640 2491 1876 2563 στερεὸν,
1907 2493 1934 2546 ὅ
1963 2493 2016 2544 τί

439 2585 543 2641 περ
588 2573 684 2625 καί⁵
738 2576 897 2646 τριχῆ
934 2575 1239 2634 διαστατόν.
1305 2580 1506 2653 Στεροῦ
1532 2582 1590 2634 δὲ
1643 2583 1737 2636 καὶ
1766 2581 2016 2653 σώματος

439 2661 615 2716 ἔννοια
643 2664 723 2728 τίς
760 2665 918 2738 ἑτέρα
948 2667 1086 2740 πλὴν
1109 2669 1169 2723 τὸ
1197 2671 1373 2743 πάντη
1418 2671 1736 2744 διεστηκός;
1778 2673 2016 2738 Εἰκότως

438 2747 551 2818 οὖν,
581 2753 814 2819 ἀντιθεὶς
849 2755 927 2828 τῷ
949 2758 1123 2830 νοητῷ
1173 2760 1269 2813 καὶ
1310 2761 1586 2830 ἀσωμάτῳ
1632 2759 1722 2813 τὸν
1760 2760 2016 2831 αἰσθητὸν

442 2845 535 2897 καὶ
569 2849 932 2920 σωματοειδῆ,
967 2849 1155 2904 τοῦτον
1179 2851 1398 2923 στερεὸν
1429 2852 1677 2905 ἐκάλεσε.
1713 2871 1732 2903 ι
1761 2852 1946 2905 Ταῦτα
1995 2854 2024 2906 ὁ

439 2937 629 2993 Φίλων.
684 2941 904 3013 Συνᾴδει
951 2943 1007 2996 δὲ
1038 2943 1186 3006 αὑτῷ
1215 2945 1306 2997 καὶ
1327 2945 1355 2997 6
1386 2945 1637 3016 Κλήμης,
1677 2947 1735 2998 έν
1768 2944 1844 3015 τῷ
1881 2944 2025 3014 ἕκτῳ

442 3027 552 3116 (64)
577 3033 911 3102 Στρωματεῖ
936 3034 1108 3104 λέγων
1133 3028 1256 3089 ὧδε.

2120 577 2396 645 exemplar
2427 586 2563 630 erat.
2617 575 2735 629 Jam
2776 576 3010 644 Spiritus
3059 584 3220 645 atque
3271 575 3408 630 lucis
3431 573 3693 628 eximium

2120 666 2324 736 aliquid
2355 681 2420 720 ac
2449 665 2778 735 praecipuum
2801 679 2924 719 esse
2955 665 3126 718 voluit
3152 680 3163 714 :
3203 679 3328 718 nam
3379 664 3555 730 illum,
3594 660 3694 716 Dei

2121 757 2384 827 Spiritum
2443 756 2764 819 nominavit,
2819 755 2963 825 quod
3017 752 3254 824 Spiritus
3290 754 3482 820 vitam,
3534 753 3694 822 cujus

2121 857 2315 904 auctor
2349 847 2492 903 Deus
2514 857 2617 914 est,
2642 847 2882 902 maxime
2903 847 3110 912 foveat;
3150 853 3290 901 hanc
3313 861 3462 910 vero,
3494 845 3693 909 lucem,

2121 942 2262 1012 quod
2291 942 2574 996 excellenti
2609 940 3016 1011 pulchritudine
3067 939 3362 1008 conspicua
3392 938 3483 992 sit.
3519 935 3696 990 Tanto

2119 1035 2264 1088 enim
2298 1033 2486 1103 utique
2501 1033 2594 1086 lux
2627 1033 2716 1087 illa
2745 1048 2868 1102 quae
2897 1039 3075 1086 mente
3091 1030 3409 1100 percipitur,
3447 1036 3694 1098 aspecta-

2119 1126 2215 1181 bili
2256 1127 2358 1180 hac
2398 1125 2662 1180 illustrior
2698 1140 2762 1179 ac
2799 1123 3134 1192 splendidior
3197 1129 3302 1189 est,
3354 1127 3561 1190 quanto
3610 1118 3695 1171 vel

2123 1217 2357 1272 tenebras
2392 1216 2545 1281 solis,
2581 1216 2664 1269 vel
2696 1231 2802 1268 nox
2835 1215 2964 1277 diei,
3000 1215 3086 1269 vel
3109 1213 3379 1269 sentiendi
3409 1212 3490 1266 vis
3513 1225 3579 1264 ac
3611 1209 3694 1262 fa-

2121 1309 2318 1372 cultas,
2359 1307 2560 1362 mentis
2610 1305 2776 1378 548
2807 1305 2974 1360 animi
3030 1305 3197 1360 totius
3255 1303 3539 1372 principis,
3611 1301 3695 1355 vel

2121 1399 2358 1470 denique
2422 1413 2624 1468 corpus
2682 1396 2967 1452 oculorum
3025 1394 3314 1466 splendore
3383 1401 3694 1463 superatur.

2119 1488 2291 1544 Porro
2321 1489 2415 1544 lux
2442 1489 2555 1555 illa,
2582 1497 2763 1544 mente
2783 1488 2919 1555 sola,
2950 1504 3058 1542 non
3086 1489 3207 1542 visu
3231 1496 3507 1556 percepta,
3531 1484 3697 1540 Verbi

2119 1579 2312 1646 divini,
2347 1588 2502 1636 ortus
2552 1579 2641 1635 sui
2702 1579 3012 1648 interpretis
3062 1579 3352 1648 imaginem
3407 1576 3695 1647 expressit,

2120 1679 2331 1727 astrum
2355 1671 2494 1727 emlo
2526 1670 2798 1742 superius,
2824 1670 3061 1739 fonsque
3093 1670 3336 1725 siderum
3391 1668 3698 1739 aspectabi-

2123 1762 2280 1828 lium,
2317 1775 2480 1831 quam
2515 1760 2738 1815 luminis
2786 1760 3195 1816 universitatem
3215 1759 3318 1814 rite
3369 1773 3434 1812 ac
3491 1757 3700 1829 signiﬁ-

2121 1861 2308 1908 canter
2330 1852 2587 1922 appelles,
2614 1852 2756 1907 unde
2805 1852 2907 1918 sol,
2968 1853 3118 1919 luna,
3168 1850 3448 1921 stellaeque
3490 1861 3699 1906 caetera:

2121 1953 2232 1999 tam
2266 1943 2409 2009 fixae,
2439 1959 2602 2013 quam
2635 1953 2902 2008 errantes,
2928 1959 3026 2013 pro
3080 1945 3196 2000 suis
3240 1958 3468 2014 quaeque
3487 1943 3697 1997 viribus

2121 2035 2537 2092 convenientem
2597 2033 2943 2102 splendorem
2998 2033 3294 2098 hauriunt,
3332 2032 3462 2087 dum
3492 2033 3696 2087 sensim

2121 2126 2366 2182 hebescit
2393 2141 2562 2195 purus
2595 2124 2685 2179 ille
2714 2125 3052 2194 simplexque
3082 2124 3282 2192 fulgor,
3329 2123 3419 2178 ubi
3475 2123 3702 2192 coeperit

2121 2217 2228 2272 hac
2284 2216 2550 2286 spiritalis
2591 2216 2649 2270 in
2703 2216 3035 2285 aspeCtabile
3084 2215 3442 2271 conversione
3474 2215 3698 2269 mutari.

2124 2304 2410 2362 Sincerum
2433 2306 2632 2376 quippe
2682 2305 2815 2358 nihil
2858 2305 3108 2376 estquod
3141 2306 3195 2359 in
3227 2319 3424 2360 sensus
3465 2303 3632 2359 cadit.
3673 2321 3692 2355 ι

2124 2397 2364 2468 itemque
2386 2407 2508 2468 post
2531 2414 2724 2469 pauca.
2759 2415 2776 2449 ι
2812 2396 2915 2452 Ubi
2936 2405 3145 2463 autem,
3174 2397 3370 2467 inquit,
3420 2397 3513 2450 lux
3541 2395 3704 2451 exsti-

2125 2490 2299 2554 tisset,
2331 2488 2673 2558 tenebraeque
2700 2487 2967 2544 submota;
3012 2487 3134 2542 loco
3164 2488 3477 2550 cessissent,
3508 2486 3701 2540 termi-

2124 2582 2210 2637 nis
2243 2582 2406 2636 etiam
2444 2581 2624 2636 medio
2667 2579 2952 2636 intervallo
3001 2578 3128 2634 fixis
3156 2589 3321 2649 atque
3363 2579 3698 2640 constitutis,

2124 2687 2346 2742 vespera
2368 2671 2628 2726 nimirum
2669 2680 2832 2740 atque
2871 2671 3141 2733 diluculo,
3172 2678 3336 2740 prout
3389 2667 3699 2724 necessaria

2125 2762 2382 2832 temporis
2413 2777 2670 2843 mensura
2711 2761 3042 2832 postulabat,
3075 2763 3129 2816 id
3175 2759 3471 2830 perfectum
3525 2757 3703 2831 conti;-

2122 2868 2234 2907 nuo
2258 2861 2362 2915 est,
2381 2853 2528 2922 quod
2577 2853 2692 2921 ipse
2723 2853 2866 2906 diem
2888 2853 3011 2922 jure
3069 2852 3445 2922 nuncupavit;
3473 2858 3528 2905 et
3557 2849 3700 2904 diem

2121 2957 2231 2996 non
2254 2941 2512 3011 primum,
2548 2943 2642 2998 sed
2673 2941 2917 3006 unicum,
2969 2942 3132 3011 idque
3184 2951 3403 3012 propter
3435 2940 3702 3011 spiritalis

2121 3031 2289 3097 illius,
2341 3031 2435 3101 qui
2492 3031 2806 3101 adjunctam
2864 3046 2895 3085 a
2947 3041 3142 3086 natura
3216 3032 3480 3086 unitatem
3534 3031 3700 3086 habet

441 3119 628 3179 mundi
652 3125 1020 3182 solitudinem.
1050 3124 1280 3196 Jamque
1329 3142 1484 3181 suam
1535 3127 1890 3197 incorporeus
1951 3127 2039 3182 ille
2078 3125 2315 3182 mundus
2344 3123 2733 3196 perfectionem
2757 3125 2984 3180 sortitus
3010 3137 3145 3192 erat,
3175 3125 3361 3180 divino
3399 3125 3455 3180 in
3515 3122 3694 3180 Verbo

440 3217 598 3284 situs,
658 3233 782 3273 cum
815 3219 934 3288 ejus
961 3220 1027 3273 ad
1077 3219 1355 3288 exemplar
1387 3218 1732 3289 aspectabilis
1780 3220 1881 3274 iste
1913 3217 2308 3274 absolveretur.
2362 3215 2533 3285 Cujus
2579 3224 2788 3286 partem
2840 3216 3087 3270 omnium
3155 3216 3234 3271 uti
3266 3216 3553 3280 optimam,
3624 3216 3700 3271 ita

439 3322 494 3367 et
518 3313 817 3384 principem
845 3315 1068 3378 coelum,
1101 3313 1296 3369 artifex
1355 3313 1675 3380 elaboravit,
1703 3314 1851 3384 quod
1879 3329 2006 3369 vere
2044 3312 2187 3368 idem
2243 3328 2308 3367 ac
2362 3310 2580 3381 proprie
2633 3310 3059 3375 firmamentum,
3103 3320 3288 3376 utpote
3308 3327 3537 3382 corpore
3560 3325 3700 3381 prte-

441 3408 614 3463 ditum
639 3409 946 3480 appellavit.
995 3409 1212 3480 Corpus
1243 3410 1443 3480 quippe
1492 3419 1687 3464 natura
1729 3426 1828 3466 sua
1887 3409 2104 3464 firmum
2143 3417 2249 3474 est,
2304 3407 2556 3477 idemque
2613 3403 2878 3460 trifariam
2913 3405 3080 3460 dividi
3111 3413 3311 3475 potest.
3376 3403 3514 3460 Nam
3559 3404 3702 3460 firmi

441 3501 658 3570 quidem
686 3509 741 3556 et
765 3501 1030 3571 corporis,
1081 3517 1332 3571 quaenam
1375 3502 1482 3557 alia
1530 3504 1681 3558 notio
1703 3511 1807 3564 est.
1865 3517 2031 3571 quam
2068 3501 2188 3571 ejus
2246 3500 2344 3565 rei,
2377 3514 2543 3569 quam
2592 3497 2742 3552 omni
2770 3514 2838 3553 ex
2867 3507 3020 3567 parte
3049 3497 3289 3554 dividere
3306 3500 3530 3568 possis?
3561 3498 3694 3554 lure

441 3591 622 3664 ’taque
651 3593 885 3664 spiritali
913 3604 968 3650 et
1021 3595 1268 3662 corporis
1317 3596 1546 3664 experti,
1603 3595 1931 3666 aspectabile
1961 3595 2063 3648 hoc
2099 3601 2155 3648 et
2186 3607 2507 3662 corporeum
2535 3606 2838 3662 opponens,
2882 3592 3100 3646 firmum
3125 3593 3435 3663 appellavit.
3473 3613 3490 3645 ι
3519 3595 3703 3665 Atque

444 3689 703 3746 hactenus
724 3687 901 3754 Philo,
932 3690 1020 3744 cui
1077 3689 1257 3744 aﬂinia
1308 3690 1468 3759 plane
1511 3705 1575 3746 ac
1625 3691 1840 3762 gemina
1881 3689 2135 3746 Clemens
2162 3687 2431 3742 Stromate
2448 3696 2604 3742 sexto
2651 3686 2798 3741 hunc
2852 3685 2907 3739 in
2940 3686 3164 3742 modum
3190 3689 3556 3760 persequitur.

948 3782 1348 3837 ΚΕΦΑΛΑΙΟΝ
1380 3781 1507 3836 KE'.

792 3875 1138 3944 Κλήμεντος
1161 3876 1294 3944 περὶ
1328 3877 1434 3931 τοῦ
1456 3876 1664 3931 αὑτοῦ.

518 3986 536 4019 ι
570 3966 789 4037 Κόσμον
817 3983 879 4019 τε
901 3962 1057 4029 αὖθις
1084 3967 1176 4020 τὸν
1208 3969 1305 4037 μὲν
1329 3967 1517 4038 νοητὸν
1559 3963 1699 4023 οἶδεν
1743 3970 1776 4040 ή
1817 3969 2021 4040 βάρϐα-

447 4073 537 4127 ρος
568 4054 878 4125 φιλοσοφία,
907 4055 999 4108 τὸν
1022 4055 1080 4109 δὲ
1107 4056 1362 4126 αἰσθητόν
1380 4075 1393 4087 ο
1420 4057 1510 4112 τὸν
1558 4059 1656 4130 μὲν
1690 4059 2019 4130 ἀρχέτυπον,

443 4147 533 4201 τὸν
581 4146 640 4199 δὲ
696 4146 880 4200 εἰκόνα
916 4145 1010 4198 τοῦ
1046 4146 1212 4200 καλοῦ
1256 4147 1860 4222 (65)·παραδείγματος.
1910 4152 2022 4205 Kal

441 4237 532 4291 τὸν
567 4237 664 4308 μὲν
692 4236 973 4307 ἀνατίθησι
1004 4238 1212 4308 μονάδι,
1239 4237 1314 4302 ὡς
1352 4238 1419 4293 ἂν
1452 4241 1641 4312 νοητὸν
1662 4283 1678 4307 ,
1725 4243 1815 4296 τὸν
1856 4243 1914 4296 δὲ
1939 4246 2023 4298 αἰ-

444 4327 638 4399 σθητὸν
685 4326 852 4392 ὲξάδι.
894 4328 933 4380 Γ
938 4328 1076 4400 ἀμος
1117 4331 1226 4402 γὰρ
1263 4331 1414 4402 παρά
1441 4335 1554 4397 τοῖς
1610 4333 2020 4408 Πυθαγορείοις,

440 4421 516 4483 ὡς
548 4419 612 4474 ἂν
641 4419 864 4489 γόνιμος
892 4421 1143 4492 ἀριθμὸς,
1183 4424 1216 4494 ή
1246 4421 1376 4488 ἑξὰς
1409 4423 1672 4477 καλεῖται.
1708 4427 1818 4480 Kal
1838 4429 1895 4480 ὲν
1925 4427 2022 4497 μὲν

441 4511 508 4579 τῇ
537 4507 723 4579 μονάδι
747 4509 1056 4580 συνίστησιν
1073 4511 1300 4582 οὐρανὸν
1321 4511 1573 4582 ἀόρατον,
1604 4514 1699 4566 καὶ
1713 4515 1814 4584 γῆν
1837 4515 2021 4583 ἁγίαν,

443 4600 538 4653 καὶ
567 4599 681 4668 φῶς
714 4599 924 4670 νοητόν.
967 4601 1096 4654 (Ἐν
1143 4604 1286 4673 ἀρχῇ
1347 4603 1481 4672 γὰρ,
1541 4603 1725 4674 φησὶν,
1769 4605 2024 4675 ἐποίησεν

441 4693 471 4744 6
492 4689 624 4754 Θεὸς
644 4691 734 4746 τὸν
753 4691 982 4763 οὐρανὸν
997 4693 1091 4745 καὶ
1122 4694 1221 4763 τὴν
1247 4695 1350 4765 γῆν
1368 4711 1382 4723 ν
1407 4695 1440 4765 ή
1467 4693 1523 4746 δὲ
1542 4695 1612 4764 γῆ
1643 4690 1710 4766 ἦν
1735 4695 1985 4768 ἀόρατος.
1999 4715 2018 4748 ι

443 4778 554 4836 Εἶτ’
577 4783 828 4854 ἐπιφέρει
847 4799 860 4812 ·
895 4802 914 4833 ι
944 4785 1055 4836 Kal
1079 4779 1231 4837 εἶπεν
1257 4787 1286 4838 ὁ
1309 4785 1440 4849 Θεός
1459 4803 1472 4816 ο
1500 4787 1746 4840 Γενέσθω
1769 4787 1906 4857 φῶς,
1933 4790 2024 4843 καὶ

443 4871 660 4941 ἐγένετο
689 4873 824 4942 φῶς.
839 4892 857 4925 ι
878 4873 967 4927 Ἐν
990 4873 1048 4926 δὲ
1062 4877 1128 4945 τῇ
1153 4877 1512 4949 κοσμογενείᾳ
1535 4877 1645 4949 (66)
1657 4882 1724 4950 τῇ
1753 4880 1985 4952 αἰσθητῇ
2007 4919 2022 4945 ,

445 4963 663 5033 στερεὸν
705 4963 936 5035 οὐρανὸν
955 4964 1304 5037 δημιουργεῖ·
1337 4968 1398 5020 τὸ
1420 4969 1474 5022 δὲ
1505 4970 1721 5042 στερεὸν
1749 4971 2023 5043 αἰσθητὸν,

444 5054 549 5123 γῆν
571 5069 632 5104 τε
657 5054 859 5124 ὁρατὴν
887 5055 981 5106 καὶ
1003 5053 1118 5124 φῶς
1139 5055 1486 5127 βλεπόμενον.
1513 5055 1638 5132 Ἆρ’
1671 5061 1732 5113 οὐ
1771 5062 1918 5115 δοκεῖ
1942 5081 2026 5118 σοι

2687 3777 2918 3834 CAPUT
2956 3778 3127 3836 XXV.

2556 3869 2632 3924 De
2663 3871 2874 3937 iisdem,
2895 3887 2960 3924 ea:
2987 3871 3272 3927 Clemente.

2201 3981 2219 4013 ι
2252 3961 2520 4017 Praeterea
2555 3960 2843 4028 mundum,
2877 3962 3075 4031 inquit,
3108 3971 3288 4018 mente
3320 3963 3552 4018 alterum
3579 4003 3596 4029 ,
3628 3966 3704 4020 al-

2123 4061 2298 4107 terum
2329 4068 2494 4108 sensu
2519 4061 2832 4122 perceptum
2855 4052 3087 4107 barbara
3105 4053 3699 4123 agnovitphilosophia,

2121 4153 2176 4201 et
2199 4145 2352 4199 illum
2376 4145 2598 4214 quidem
2652 4143 3030 4212 archetypum,
3089 4144 3238 4198 hunc
3291 4159 3419 4199 vero
3451 4146 3699 4219 praeclari

2121 4237 2450 4306 exemplaris
2472 4236 2784 4304 imaginem.
2819 4233 2975 4289 lllum
3001 4236 3153 4298 item,
3183 4236 3330 4305 quod
3377 4237 3495 4292 sola
3519 4248 3702 4292 mente

2123 4329 2386 4398 capiatur,
2425 4327 2620 4382 unitati
2646 4343 2662 4393 ;
2695 4326 2862 4392 hunc,
2890 4326 2985 4396 qui
3017 4326 3070 4380 in
3091 4341 3316 4382 sensum
3355 4329 3522 4394 cadit,
3543 4345 3703 4386 sena-

2123 4421 2205 4475 rio
2225 4419 2492 4474 attribuit.
2523 4416 2812 4472 Senarium
2857 4418 3000 4472 enim
3041 4417 3388 4490 Pythagorei,
3432 4423 3580 4491 quod
3611 4437 3699 4478 se-

2125 4511 2338 4566 cundus
2369 4510 2416 4565 is
2443 4523 2706 4564 numerus
2735 4509 2826 4575 sit,
2851 4509 3166 4580 conjugium
3190 4523 3471 4566 vocarunt.
3498 4512 3563 4568 Et
3587 4514 3703 4580 qui-

2124 4603 2246 4657 dem
2268 4603 2322 4655 in
2351 4601 2575 4665 unitate,
2595 4603 2792 4658 ctelum
2821 4602 2952 4657 illud
2998 4604 3143 4674 quod
3170 4603 3338 4658 videri
3361 4621 3470 4659 non
3528 4615 3704 4676 potest

2128 4705 2436 4766 terramque
2452 4695 2615 4767 549
2641 4705 2909 4764 sanctam,
2927 4697 3170 4752 etlucem
3189 4706 3370 4752 mente
3390 4708 3702 4769 perceptam

2127 4786 2426 4842 constituit.
2467 4806 2486 4838 ι
2513 4787 2570 4841 In
2606 4788 2877 4858 principio
2907 4789 3076 4852 enim,
3125 4789 3322 4858 inquit,
3380 4789 3510 4845 fecit
3557 4789 3704 4846 Deus

2127 4875 2328 4930 coelum
2374 4885 2425 4930 et
2475 4886 2707 4942 terram;
2763 4887 2910 4932 terra
2947 4887 3130 4932 autem
3179 4888 3296 4933 erat
3325 4879 3636 4936 invisibilis.
3676 4900 3696 4933 ι

2127 4967 2264 5020 Τιιιιι
2292 4967 2460 5030 addit,
2499 4986 2519 5019 ι
2550 4976 2605 5022 ει
2635 4969 2772 5023 dixit
2805 4968 2971 5036 Deus,
3025 4969 3148 5024 Fiat
3179 4971 3293 5033 lux,
3326 4981 3381 5025 et
3427 4971 3570 5026 facta
3617 4981 3702 5028 est

2127 5057 2218 5111 lux
2250 5059 2349 5109 ³³.»
2379 5058 2516 5112 Atin
2535 5075 2596 5114 ea
2625 5060 2836 5124 mundi,
2866 5077 2988 5131 quae
3017 5063 3119 5116 sub
3143 5077 3366 5117 sensum
3390 5064 3555 5126 cadit,
3574 5079 3702 5133 pro-

444 5142 690 5196 ἐντεῦθεν
705 5145 734 5196 6
753 5143 979 5199 Πλάτων
1002 5146 1155 5211 ζώων
1177 5147 1317 5210 ἰδέας
1339 5149 1396 5200 ἐν
1423 5149 1500 5220 τῷ
1510 5150 1686 5222 νοητῷ
1708 5153 2020 5208 ἀπολείπειν

2127 5150 2423 5216 creatione,
2458 5151 2692 5206 solidum
2718 5153 2918 5206 caelum
2945 5153 3200 5220 molitur;
3227 5153 3372 5222 quod
3394 5161 3574 5208 autem
3607 5169 3698 5210 so-

446 5233 656 5305 κὸσμῳ,
688 5236 783 5290 καὶ
809 5236 884 5290 τά
908 5237 1024 5308 εἴδη
1072 5238 1144 5292 τὰ
1190 5240 1446 5312 αἰσθητὰ,
1477 5243 1623 5298 κατὰ
1644 5243 1713 5298 τά
1737 5245 1868 5318 γένη
1909 5247 2020 5319 (6'1)

519 5327 567 5360 "
601 5328 738 5383 Gen.
769 5346 806 5383 ι.

447 5418 650 5508 ﬁalich
678 5421 900 5508 ἐἰκόναθ
931 5421 1023 5475 τὸν
1058 5422 1196 5508 [lege
1242 5425 1323 5497 τὸ]
1354 5428 1553 5508 γολητὸν
1605 5429 1720 5498 φῶς
1765 5433 1959 5497 ἐκεῖνο,
1992 5433 2021 5486 δ

448 5488 794 5558 θείουήΛόγου
829 5488 1261 5561 γέγονενέἰκὼν,
1287 5488 1380 5548 τοῦ
1408 5488 1544 5570 δίερ.
1569 5488 1672 5555 etc.

522 5559 633 5614 (61)
660 5559 835 5614 Philo.
866 5563 1013 5614 ὅταν.

522 5560 633 5628 (61)
660 5560 835 5624 Philo,
866 5563 1013 5616 ὅταν.

523 5629 633 5710 (.9122
664 5629 840 5710 ἐῖῐιὶἰον
867 5632 1238 5710 ἐδτξεκώρησεν»

524 5697 636 5769 (θῖι)
666 5698 842 5769 Philo,
873 5697 1113 5769 λέγεται.

525 5767 633 5837 (64)
691 5767 776 5834 Τῷ
818 5767 987 5838 ἕκτῳ.
1043 5773 1276 5844 Legend.
1312 5775 1387 5846 τῷ
1437 5778 1688 5850 πέμπτῳ.
1745 5782 1822 5838 lbi
1875 5783 2018 5838 cnim

2125 5243 2294 5299 lidum
2320 5255 2423 5310 est,
2447 5246 2588 5301 idem
2617 5260 2838 5315 quoque
2865 5261 3063 5302 sensus
3087 5256 3268 5302 movet
3300 5265 3314 5300 :
3343 5254 3544 5302 terram
3571 5248 3698 5304 item

2217 5505 2306 5576 65)
2340 5505 2450 5579 Τοῦ
2473 5505 2684 5561 καλοῦ.
2713 5506 2956 5570 Rectius,
2983 5523 3147 5577 quam
3175 5519 3235 5563 ut
3261 5510 3402 5579 apud
3427 5510 3694 5565 Clement.

2124 5575 2291 5646 καλου
2297 5575 2476 5646 μένου.

2196 5645 2307 5717 (βὲ)
2339 5645 2445 5708 Cl»
2471 5646 2822 5717 κοσμοιονίᾳτ

2195 5713 2308 5784 (67)
2334 5713 2594 5790 Καζάῥτὰ
2623 5713 2790 5785 γένηξ
2817 5713 2955 5770 Vera
2979 5715 3160 5783 lectio,
3195 5734 3300 5774 non
3328 5718 3420 5773 ml
3447 5719 3512 5773 τά
3543 5719 3696 5790 γένη,

2126 5793 2185 5838 ιιι
2212 5783 2295 5840 est
2322 5784 2459 5852 apud
2484 5783 2838 5844 Clementem.

2125 5449 2189 5505 pa
2235 5477 2246 5489 .
2286 5435 2412 5497 432,
2436 5436 2564 5490 edit.
2594 5436 2930 5492 Graeco-Lat.
2970 5437 3122 5492 locus
3159 5439 3247 5492 hic
3276 5439 3528 5494 habetur,

2125 5451 2684 5626 καξῗῗὶέιέῇκαλοῦ.
2713 5506 2956 5570 Rectius,
2983 5523 3147 5577 quam
3175 5519 3235 5563 ut
3261 5510 3402 5579 apud
3427 5510 3528 5564 ωε]
