4156 6414
509 339 617 392 9ἳό

1177 342 1442 398 EUSEBII
1521 347 2001 407 CrESARlENSlS
2040 351 2194 407 OPP:
2234 354 2414 412 PARS
2456 358 2522 412 ll.
2565 388 2634 399 --
2672 357 3177 415 APOLOGETICA.

3659 363 3766 419 9l6

505 467 571 506 ac
597 453 770 508 lucem
805 455 1209 522 aspc-labiletn.
1244 457 1383 513 Num
1416 461 1514 517 tibi
1543 437 1648 518 hbe
1674 464 1826 520 Plato
1861 478 2066 524 secutus

2181 469 2531 542 δημιουργεῖν
2567 473 2633 526 τὰ
2676 473 2872 545 νοητά;
2919 475 3156 538 Εἰκότως
3184 474 3291 546 ἄρα
3317 475 3382 527 ἐκ
3430 475 3532 544 γῆς
3577 477 3678 546 μὲν
3703 476 3766 529 τὸ

505 545 740 612 videtur,
763 546 890 600 dum
918 548 1276 604 animantium
1303 552 1470 617 i'deis,
1497 570 1565 608 eo
1596 557 1648 609 in
1683 558 1886 614 mundo
1915 577 2077 630 quem

505 637 620 690 sola
649 652 802 691 mens
831 638 996 706 capit,
1044 640 1267 706 relictis,
1327 643 1531 698 formas
1577 647 1700 702 illas
1725 664 1848 718 quas
1873 649 1925 703 in
1953 667 2079 706 sen-

501 744 622 782 sum
649 731 870 794 cadunt,
906 746 1004 800 pro
1031 734 1359 802 spiritalium
1390 752 1649 807 generum
1684 741 1944 797 varietate
1968 759 2080 798 mo-

498 819 672 873 litnr?
703 819 997 878 Enimvero
1016 824 1152 892 jure
1188 843 1319 882 sane
1345 829 1521 885 Moses
1547 848 1745 902 corpus
1775 833 1898 898 hoc,
1929 837 2076 905 quod

499 923 757 967 terrestre
801 913 1211 972 tabernaculum
1257 936 1288 974 a
1335 920 1559 978 Platone
1609 925 1839 993 dicitur,
1869 936 2075 983 eterra

495 1004 717 1069 tietum;
769 1013 826 1058 at
866 1008 1079 1062 ratione
1119 1009 1404 1078 praeditum
1439 1015 1716 1082 animum,
1759 1017 1992 1086 desuper
2019 1019 2076 1073 in

496 1090 688 1146 faciem
719 1110 749 1148 a
774 1094 886 1149 Deo
915 1098 1233 1167 inspiratum
1276 1101 1446 1158 fuisse
1470 1119 1881 1162 commemorat.
1935 1107 2072 1162 Tum

493 1184 641 1237 enim
677 1187 976 1257 principem
1008 1191 1153 1244 illam
1187 1194 1354 1246 animi
1385 1194 1697 1252 facultatem
1721 1199 2072 1252 constitutam

493 1288 617 1329 esse
643 1275 853 1344 dicunt,
889 1295 990 1334 nec
1020 1282 1167 1336 aliud
1215 1285 1513 1355 quidquam
1548 1289 1715 1342 animi
1749 1290 1984 1358 psimum
2017 1289 2072 1342 in

492 1375 774 1431 parentem
808 1371 1093 1427 subeuntis
1135 1374 1442 1444 ingressum
1465 1417 1480 1440 ,
1514 1393 1678 1448 quam
1711 1379 1954 1448 ejusdem
1981 1395 2076 1450 per

2189 559 2347 631 σῶμα
2380 561 2802 616 διαπλάττεσθαι
2828 562 2974 632 λέγει
3030 565 3254 634 Μωσῆς,
3290 564 3318 617 ὃ
3337 565 3521 635 γήῖνόν
3549 581 3712 635 φησιν
3728 567 3766 618 ’ό

2187 652 2410 706 Πλάτων
2442 655 2659 726 σκῆνος,
2717 655 2892 727 ψυχὴν
2919 655 2974 708 δὲ
3007 655 3105 727 τὴν
3136 656 3367 728 λογικὴν
3412 656 3618 710 ἀνωθεν
3665 658 3763 727 ἐμ-

2186 745 2646 814 πνευσθῆναιιὺπὸ
2671 747 2806 801 Θεοῦ
2851 750 2933 812 εἰς
2967 749 3278 819 πρόσωπον.
3343 749 3607 803 Ἐνταῦθα
3653 749 3762 821 γὰρ

2181 835 2242 886 τὸ
2275 836 2598 905 ἡγεμονικὸν
2622 836 2867 906 ἱδρῦσθαι
2896 837 3110 906 λέγουσι
3135 878 3149 901 ,
3182 839 3281 908 τὴν
3312 837 3402 890 διὰ
3433 838 3543 891 τῶν
3567 838 3760 907 αἰσθη-

2177 927 2382 997 τηρίων
2427 928 2721 981 ἐπεισόδιον
2746 941 2777 970 ι
2819 930 2917 1000 τῆς
2956 929 3136 1000 ψυχῆς
3180 931 3273 984 ἐπὶ
3300 930 3394 984 τοῦ
3438 932 3761 1002 πρωτοπλά-

2182 1034 2308 1071 στου
2343 1020 2547 1073 εἴσοδον
2587 1022 3007 1093 ἑρμηνεύοντες·
3044 1023 3124 1076 διὸ
3146 1025 3240 1077 καὶ
3271 1026 3390 1077 κατ’
3424 1025 3608 1077 εἰκόνα
3666 1025 3760 1078 καὶ

2181 1108 2304 1162 καθ’
2334 1111 2592 1180 ὁμοίωσιν
2627 1113 2720 1166 τὸν
2767 1114 3052 1186 ἄνθρωπον
3086 1116 3383 1184 γεγονέναι.
3432 1115 3609 1170 Εῑκὼν
3661 1118 3760 1188 μὲν

2179 1201 2287 1270 γὰρ
2317 1201 2450 1254 Θεοῦ
2503 1203 2674 1271 Λόγος
2715 1205 2744 1256 ὁ
2779 1205 2920 1270 θεῖος
2957 1207 3051 1259 καὶ
3109 1207 3418 1276 βασιλικὸς,
3473 1207 3760 1280 ἄνθρωπος

2181 1291 2398 1364 ἀπαθής
2417 1311 2430 1323 ·
2461 1294 2625 1348 εἰκὼν
2651 1297 2708 1350 δὲ
2732 1299 2938 1362 εἰκόνος
2963 1299 3300 1372 ἀνθρώπινος
3323 1299 3466 1364 νοῦς.
3505 1319 3523 1351 ι
3573 1299 3761 1354 Ἀκού-

2182 1399 2364 1454 σωμεν
2390 1385 2446 1438 δὲ
2469 1387 2562 1438 καὶ
2594 1387 2702 1442 τῶν
2728 1389 3138 1462 ῥηθησομένων.

493 1473 690 1515 sensus
733 1465 1103 1521 accessi-onem
1151 1483 1275 1525 esse
1311 1471 1517 1526 volunt.
1582 1472 1762 1542 Atque
1790 1473 1932 1527 hanc
1991 1487 2114 1528 esse
2149 1488 2393 1543 causam,
2425 1480 2783 1546 quamobrem
2818 1483 2882 1536 ad
2947 1484 3238 1554 imaginem
3263 1492 3318 1539 et
3346 1484 3754 1541 similitudinem

491 1551 672 1606 factus
702 1553 865 1609 homo
890 1555 1130 1612 dicatur.
1158 1557 1341 1631 imago
1360 1562 1559 1632 quippe
1617 1562 1713 1617 Dei
1755 1571 1858 1622 est,
1910 1562 2156 1618 divinum
2194 1566 2326 1620 illud
2375 1569 2694 1640 regiumque
2737 1570 2998 1638 Verbum,
3028 1551 3193 1640 homo
3236 1575 3472 1646 patiendi
3513 1591 3705 1646 expers
3735 1592 3758 1630 τ

491 1653 589 1697 aut
609 1643 866 1715 imaginis
895 1647 1098 1719 imago,
1128 1651 1363 1708 humana
1401 1671 1555 1711 mens
1581 1666 1716 1712 est.»
1752 1655 1950 1712 Verum
1982 1658 2264 1727 sequentia
2289 1674 2451 1728 porro
2473 1662 2781 1721 audiamus.

1051 1743 1283 1802 CAPUT
1317 1747 1512 1804 XXVI.

492 1845 571 1902 De
595 1847 916 1909 adversariis
946 1857 1178 1927 naturis,
1223 1859 1572 1942 Hebraeorum
1601 1862 1948 1936 Platonisque
1974 1865 2069 1920 do-

1180 1940 1375 1985 ctrina.

561 2009 704 2078 Quin
732 2013 896 2070 etiam
943 2015 1297 2076 Hebrmerum
1324 2023 1629 2079 doctrinam
1655 2037 1874 2083 secutus
1890 2027 2066 2093 Plato,

491 2113 601 2154 non
629 2113 877 2171 expertes
914 2107 1081 2162 modo
1121 2111 1370 2180 corporis
1413 2112 1788 2184 benignasque
1819 2125 2066 2184 naturas,

490 2193 584 2248 sed
632 2195 768 2252 alias
811 2199 975 2254 etiam
1013 2202 1242 2258 hostiles
1292 2206 1627 2278 infestasque
1654 2211 1839 2279 ponit,
1869 2211 2066 2282 Legum

486 2285 705 2342 decimo
731 2289 880 2346 hunc
901 2292 962 2345 in
985 2294 1207 2349 modum
1231 2297 1473 2353 scribens
1490 2299 1801 2372 :t‘Nunquid
1821 2300 2065 2359 animum

487 2375 666 2444 illum,
690 2380 785 2448 qui
813 2389 868 2436 et
892 2383 1076 2438 omnia
1107 2385 1458 2449 moderatur,
1494 2400 1548 2444 et
1581 2391 1633 2444 in
1665 2392 1920 2449 omnibus
1945 2409 2069 2463 quae

489 2469 697 2538 passim
737 2483 1044 2540 moventur,
1077 2475 1318 2546 habitat,
1353 2481 1550 2535 ctelum
1577 2482 1741 2536 etiam
1771 2485 1947 2553 ipsum
1973 2502 2063 2540 re-

485 2572 612 2626 gere
641 2564 953 2618 necessario
1001 2563 1282 2622 fatendum
1317 2570 1454 2624 erit?
1513 2570 1630 2625 Erit
1681 2588 1828 2630 sane.
1883 2574 2063 2631 Unum

483 2656 690 2714 autem,
721 2667 788 2706 an
824 2654 1005 2723 plures
1047 2673 1168 2714 esse
1210 2664 1558 2718 statuemus?
1585 2663 1778 2721 Plures
1814 2668 2062 2737 equidem

481 2750 668 2795 vestro
700 2741 818 2812 ipse
849 2745 969 2799 loco
1001 2750 1376 2818 respondeam.
1443 2751 1554 2810 Nos
1583 2770 1714 2810 vero
1757 2772 1826 2812 ne
1849 2759 2064 2816 duobus

483 2832 673 2886 saltem
702 2835 986 2903 pauciores
1011 2854 1132 2894 esse
1161 2841 1431 2910 dicamus,
1483 2845 1786 2904 beneficum
1817 2865 1885 2905 ac
1906 2851 2062 2906 beni-

480 2939 644 2991 gnum
693 2926 960 2996 alterum,
1015 2931 1243 2986 alterum
1297 2937 1570 2992 contraria
1618 2940 1669 2993 vi
1714 2949 1768 2994 et
1807 2940 2063 2998 facultate

478 3018 782 3082 praeditum.
828 3039 847 3071 ι
900 3021 1028 3078 Inde
1069 3024 1286 3095 longius
1335 3029 1631 3098 aliquando
1681 3047 2054 3104 progressus:

415 3099 418 3102 ’
484 3125 502 3156 ι
537 3108 673 3162 Cum
703 3112 849 3167 enim
884 3114 996 3184 jam
1027 3117 1170 3172 inter
1203 3135 1305 3175 nos
1339 3125 1678 3191 convenerit,
1710 3127 1908 3181 caalum
1936 3144 2062 3198 pcr-

477 3197 662 3255 multis
707 3204 926 3272 quidem
972 3209 1168 3276 partim
1217 3211 1372 3267 bonis
1411 3214 1630 3283 plenum
1670 3231 1824 3284 esse,
1860 3220 2058 3287 partim

477 3295 787 3362 contrariis,
834 3297 1163 3366 quibuscum
1222 3311 1403 3358 tamen
1447 3322 1618 3376 genus
1663 3308 1809 3363 aliud
1850 3312 2058 3367 nullum

479 3384 776 3440 misceatur
806 3404 819 3441 :
855 3387 1178 3446 immortalis
1227 3394 1472 3462 profecto
1514 3411 1694 3466 pugna
1729 3398 1800 3453 sit
1829 3400 1930 3454 ista
1958 3416 2058 3456 ne-

475 3488 631 3530 cesse
661 3487 778 3541 est,
825 3487 880 3533 et
909 3483 1217 3535 cautionem
1270 3486 1511 3552 postulat
1554 3489 1776 3544 omnino
1819 3491 2060 3560 singula-

479 3579 614 3618 retu.
642 3565 711 3621 At
737 3582 863 3622 vero
893 3568 974 3622 uti
998 3570 1156 3625 nobis
1187 3573 1263 3626 dii
1293 3575 1456 3630 simul
1482 3593 1544 3633 ac
1573 3580 1847 3637 dmones
1877 3585 2056 3653 opitu-

475 3654 682 3722 lantur,
712 3657 789 3712 ita
817 3675 916 3714 nos
943 3662 1190 3730 quaedam
1217 3665 1458 3721 vicissim
1479 3669 1703 3724 deorum
1729 3687 1920 3728 sumus
1945 3675 2054 3730 dae-

476 3761 811 3820 monumque
831 3753 1127 3820 possessio.
1172 3774 1191 3807 ι
1225 3755 1375 3813 Unde
1407 3761 1510 3814 ista
1541 3777 1706 3831 porro
1739 3765 1792 3818 in
1815 3774 2050 3820 mentem

475 3834 689 3892 Platoni
734 3843 1015 3906 venerint,
1067 3846 1322 3916 equidem
1372 3859 1617 3908 statuere
1653 3869 1760 3909 non
1791 3871 2048 3925 possum;

474 3925 638 3999 550
668 3945 792 3986 vere
823 3945 1000 3989 tamen
1035 3936 1138 3993 hoc
1169 3943 1523 4008 pronuntiare
1551 3960 1794 4014 possum,
1824 3963 2051 4004 sexcen-

474 4021 544 4076 tis
585 4031 880 4093 antequam
915 4026 1067 4084 Plato
1098 4046 1414 4089 nasceretur
1453 4038 1633 4103 annis,
1671 4038 1924 4097 Hebraaos
1949 4043 2048 4097 ho-

2690 1761 3084 1817 ΚΕΦᾹΛΑῙΟΝ
3116 1766 3226 1832 Κ.ίῖ
3245 1805 3259 1820 .

2256 1871 2532 1941 Ἐϐραίων
2561 1875 2663 1928 καῖ
2697 1879 3038 1943 Πλάτωνος,
3071 1876 3206 1945 περὶ
3248 1879 3365 1930 τῶν
3392 1879 3682 1932 ἐναντίων

2751 1945 3084 2015 δυνάμεων.

2246 2036 2367 2089 Ἔτι
2424 2038 2561 2109 πρὸς
2629 2039 2841 2102 τούτοις
2867 2041 2895 2091 ὁ
2927 2039 3153 2093 Πλάτων
3200 2042 3312 2102 τοῖς
3351 2039 3615 2111 Ἐϐραίων
3658 2040 3758 2092 ὲπ-

2169 2127 2539 2200 ακολουθήσας
2571 2129 2768 2199 λόγοις,
2795 2133 2856 2184 οὐ
2895 2131 3051 2202 μόνον
3072 2131 3393 2201 ἀσωμάτους
3422 2131 3516 2184 καὶ
3540 2131 3749 2199 ἀγαθὰς

2167 2214 2444 2288 δυνάμεις,
2497 2219 2637 2273 ἀλλά
2685 2221 2778 2274 καὶ
2834 2221 3083 2284 ἐναντίοις
3133 2223 3297 2290 φησὶν
3329 2217 3488 2286 εἶναι,
3539 2215 3642 2274 ὧδέ
3671 2239 3745 2292 πη

2166 2312 2394 2381 γράφων
2421 2315 2478 2365 ἐν
2509 2311 2590 2384 τῷ
2613 2312 2822 2383 δεκάτῳ
2841 2313 2947 2366 τῶν
2973 2313 3202 2382 Νόμων·
3234 2331 3253 2364 ι
3291 2313 3483 2384 Ψυχὴν
3512 2311 3746 2366 διοικοῦ-

2168 2416 2267 2454 σαν
2296 2399 2402 2471 (68)
2429 2401 2524 2454 καὶ
2548 2400 2864 2456 ἐνοικοῦσαν
2894 2403 3005 2464 τοῖς
3049 2401 3226 2471 πάντη
3267 2401 3606 2472 κινουμένοις
3635 2400 3754 2468 (69)

2166 2493 2285 2557 πῶς
2322 2491 2382 2546 οῦ
2426 2494 2521 2547 καὶ
2558 2493 2649 2546 τὸν
2687 2492 2914 2564 οὐρανὸν
2942 2493 3153 2562 ἀνάγκη
3191 2492 3410 2545 διοικεῖν
3442 2493 3643 2562 φάναι;
3680 2492 3757 2545 Τι-

2169 2585 2307 2654 μήν;
2347 2584 2495 2654 μίαν,
2519 2584 2551 2655 ἦ
2582 2583 2834 2647 πλείους;
2865 2583 3110 2647 Πλεῑους,
3136 2583 3246 2651 ἐγὼ
3275 2584 3414 2653 ὑπὲρ
3440 2583 3590 2652 σφῶν
3611 2584 3745 2638 ἀπο-

2164 2673 2473 2746 κρινοῦμαι.
2524 2676 2679 2727 Δυοῖν
2725 2675 2822 2745 μέν
2879 2693 2979 2728 που
3027 2674 3245 2727 ἔλαττον
3285 2675 3450 2745 μηδὲν
3482 2673 3750 2747 τιθῶμεν..

2163 2767 2262 2836 τῆς
2292 2785 2352 2820 τε
2386 2767 2722 2839 εὐεργέτιδος
2755 2767 2847 2821 καὶ
2868 2768 2966 2836 τῆς
2983 2766 3239 2820 τάναντία
3269 2766 3574 2838 δυναμένης
3592 2768 3744 2840 ἐξερ-

2163 2857 2444 2926 γάζεσθαι.
2488 2879 2506 2912 ι
2537 2856 2649 2912 Εἴθ’
2683 2858 2892 2922 ὑποϐάς
2921 2875 3112 2930 φησιν·
3157 2877 3175 2909 ι
3225 2857 3440 2929 Ἐπειδὴ
3488 2858 3596 2930 γὰρ
3629 2860 3740 2931 (70)

2165 2951 2622 3022 συνεχωρήσαμεν
2673 2951 2803 3022 ἡμῖν
2834 2951 3016 3014 αὐτοῖς
3048 2946 3185 3002 εἶναι
3248 2949 3347 3021 μὲν
3379 2949 3470 3002 τὸν
3514 2951 3741 3022 οὐρανὸν

2164 3041 2377 3094 πολλῶν
2415 3042 2610 3111 μεστὸν
2641 3042 2880 3110 ἀγαθῶν,
2913 3038 3052 3097 εἶναι
3085 3043 3143 3096 δὲ
3176 3043 3270 3097 καὶ
3303 3043 3410 3098 τῶν
3461 3041 3748 3105 ἐναντίων,

2165 3131 2421 3185 πλειόνων
2443 3132 2498 3185 δὲ
2531 3131 2636 3186 τῶν
2673 3133 2748 3205 μὴ
2776 3133 2886 3203 (71)
2928 3134 3073 3205 μάχη
3101 3133 3185 3205 δὴ,
3230 3135 3410 3204 φαμέν
3430 3151 3443 3164 ·
3477 3134 3740 3196 ἀθάνατός

2163 3222 2275 3276 ἐσθ’
2324 3224 2636 3294 ἡτοιαύτη,
2694 3225 2786 3277 καὶ
2832 3225 3080 3294 φυλακῆς
3120 3223 3440 3295 θαυμαστῆς
3488 3225 3735 3294 δεομένη.

2161 3314 2450 3387 Ξύμμαχοι
2482 3317 2539 3370 δὲ
2570 3319 2700 3388 ἡμῖν
2727 3316 2838 3369 θεοί
2869 3334 2928 3369 τε
2960 3317 3054 3368 καὶ
3081 3316 3368 3385 δαίμονες,
3404 3317 3564 3385 ἡμεῖς
3587 3316 3632 3368 δ’
3667 3312 3740 3368 αὖ

2161 3411 2414 3479 κτήματα
2444 3408 2580 3462 θεῶν
2610 3407 2704 3460 καὶ
2725 3405 3012 3476 δαιμόνων.
3057 3424 3080 3457 ι
3124 3405 3294 3458 Πόθεν
3319 3405 3413 3457 καὶ
3442 3404 3613 3457 ταῦτα
3657 3404 3736 3474 τῷ

2159 3501 2430 3563 Πλάτωνι,
2463 3499 2573 3568 ἐγὼ
2616 3499 2712 3568 μὲν
2744 3499 2843 3551 οὐκ
2874 3498 2939 3551 ἂν
2987 3497 3166 3566 ἔχοιμι
3205 3494 3459 3564 φράζειν·
3495 3496 3522 3546 ὃ
3549 3495 3593 3546 δ’
3627 3493 3737 3562 ἔχω

2159 3593 2324 3662 φάναι
2365 3591 2582 3662 ἀληθὲς,
2617 3590 2828 3660 μυρίοις
2871 3587 3107 3658 πρόσθεν
3145 3586 3176 3654 ἢ
3230 3583 3490 3636 Πλάτωνα
3523 3584 3735 3654 χρόνοις

2155 3683 2451 3752 γενέσθαι,
2504 3683 2598 3734 καὶ
2639 3679 2785 3733 τοῦθ’
2842 3678 3112 3748 Ἑϐραίοις
3173 3674 3621 3746 ἀνωμολογῆσθαι
3669 3674 3744 3727 τὸς

2155 3774 2351 3844 δόγμα.
2378 3773 2539 3840 Λέγει
2565 3771 2610 3822 δ’
2636 3766 2728 3823 οὖν
2761 3772 2793 3840 ἡ
2824 3771 2956 3841 παρ’
2995 3769 3178 3832 αὐτοῖς
3209 3768 3396 3838 Γραφή
3421 3783 3432 3795 ·
3479 3787 3496 3818 ι
3530 3766 3638 3820 Καὶ
3663 3761 3731 3836 ἦν

2153 3866 2228 3927 ὡς
2253 3867 2284 3934 ἡ
2313 3864 2495 3935 ἡμέρα
2520 3862 2680 3932 αῦτη,
2707 3863 2800 3915 καὶ
2820 3857 2981 3932 ἦλθον
3003 3863 3049 3914 οἱ
3077 3861 3295 3929 ἄγγελοι
3327 3857 3422 3912 τοῦ
3461 3858 3595 3911 Θεοῦ
3626 3874 3735 3912 πα-

2155 3957 2415 4028 ραστῆναι
2438 3952 2667 4007 ἐνώπιον
2700 3952 2793 4006 τοῦ
2828 3952 2983 4007 Θεοῦ.
3013 3955 3123 4007 Καὶ
3149 3955 3178 4007 ὁ
3204 3952 3447 4014 διάϐολος
3481 3945 3642 4021 ἦλθεν
3670 3951 3730 4004 ὲν

2154 4048 2304 4118 μέσῳ
2327 4045 2526 4111 αὐτῶν,
2556 4045 2854 4116 περιελθὼν
2883 4047 2981 4117 τὴν
3007 4047 3110 4117 γῆν
3149 4047 3244 4099 καὶ
3273 4045 3737 4116 ὲμπεριπατήσας

473 4113 648 4168 mines
675 4115 727 4168 id
756 4118 920 4172 etiam
951 4113 1214 4180 doctrinae
1236 4141 1404 4195 genus
1431 4143 1552 4184 esse
1578 4130 1875 4199 professos.
1907 4133 2050 4190 Sane

2165 4113 2318 4208 ιύτην
2336 4156 2349 4170 δ
2374 4158 2392 4190 ι
2422 4113 2663 4192 διάϐολον
2690 4139 2785 4209 μὲν
2802 4138 2901 4210 τὴν
2921 4113 3168 4192 ἐναντίαν
3189 4113 3437 4207 δύναμιν,
3462 4113 3738 4204 ἀγγέλους

472 4205 690 4274 quidem
731 4211 906 4267 sacris
931 4227 1120 4269 eorum
1165 4217 1358 4274 litteris
1403 4221 1476 4275 ita
1504 4224 1766 4291 scriptum
1796 4226 2044 4293 habetur,

2165 4231 2205 4283 Ξὲ
2222 4205 2355 4283 Θεοῦ
2381 4229 2480 4294 τὰς
2498 4205 2708 4298 ἀγαθὰς
2737 4205 3127 4301 προσειποῦσα.
3152 4205 3369 4290 Ταύτας
3391 4227 3448 4279 δὲ
3467 4227 3565 4290 τὰς
3587 4228 3734 4293 άγα-

477 4314 495 4348 ι
526 4297 662 4353 Cum
689 4301 774 4356 die
795 4305 1029 4372 quadam
1058 4311 1336 4365 venissent
1363 4315 1544 4383 angeli.
1570 4314 1688 4381 Dei,
1727 4328 1783 4372 ut
1822 4319 2046 4374 assiste-

2165 4323 2246 4387 ὶὰς
2301 4324 2557 4394 δυνάμεις
2615 4322 2709 4376 καὶ
2763 4297 3051 4392 πνεύματα
3094 4321 3230 4384 θεῖα,
3258 4320 3350 4373 καὶ
3380 4318 3724 4391 λειτουργοὺς

471 4398 594 4444 rent
633 4407 818 4446 coram
848 4393 980 4460 Deo,
1033 4398 1209 4455 adfuit
1256 4403 1419 4457 etiam
1456 4405 1598 4460 inter
1636 4422 1730 4462 eos
1771 4409 2043 4476 diabolus,

2165 4416 2285 4472 θεοῦ
2319 4416 2716 4490 προσαγορεύει
2776 4418 2842 4469 ἐν
2866 4410 2948 4478 οῖς
2978 4431 3142 4485 φησιν
3163 4431 3176 4443 ·
3209 4433 3228 4464 ι
3279 4415 3337 4466 Ὀ
3383 4412 3548 4466 ποιῶν
3597 4412 3736 4474 τοὺς

469 4496 594 4535 cum
625 4481 968 4541 circuivisset
996 4497 1227 4556 terram,
1256 4501 1309 4548 et
1338 4497 1767 4563 perambulasset
1787 4514 1907 4553 eam
1939 4501 2037 4555 ⁸⁸.»

2165 4508 2410 4576 ἱγγελους
2441 4506 2605 4560 αὑτοῦ
2633 4505 2938 4576 πνεύματα,
2965 4504 3058 4557 καὶ
3094 4505 3222 4566 τοὺς
3248 4502 3592 4573 λειτουργοὺς
3629 4501 3727 4555 αὐ-

468 4570 589 4638 Quo
617 4575 776 4640 loco,
808 4577 1009 4634 diaboli
1054 4583 1272 4639 nomine
1319 4585 1518 4643 infesta
1563 4589 1654 4644 illa
1682 4599 1910 4656 natura,
1948 4591 2041 4648 Dei

2165 4570 2245 4654 ςοῦ
2292 4600 2464 4673 πυρὸς
2506 4598 2700 4668 φλόγα.
2740 4570 2964 4650 ίἈλλὰ
2997 4597 3090 4650 καὶ
3138 4594 3236 4665 τὴν
3293 4570 3564 4664 διαμάχην
3619 4593 3725 4647 τῶν

466 4679 599 4719 vero
627 4669 967 4738 angelorum,
1013 4673 1267 4732 benefica:
1314 4678 1434 4733 alite
1461 4681 1830 4751 designantur.
1893 4683 2040 4750 Quas

2165 4669 2404 4744 ιναντίων
2436 4685 2537 4743 ὧδε
2573 4687 2903 4761 παρίστησιν
2933 4688 2962 4740 ὁ
2983 4688 3160 4758 φήσας
3179 4703 3192 4716 °
3231 4705 3249 4736 ι
3281 4686 3393 4738 Οὐκ
3420 4684 3565 4738 ἔστιν
3592 4686 3724 4754 ἡμῖν

467 4757 684 4824 quidem
728 4763 980 4819 meliores
1023 4776 1282 4835 naturas,
1331 4773 1556 4840 spiritus
1601 4777 1762 4830 etiam
1803 4778 2036 4834 divinos.

2165 4786 2180 4854 ᾖ
2213 4784 2355 4854 πάλη
2392 4783 2528 4855 πρὸς
2553 4757 2692 4851 αἷμα
2723 4781 2818 4834 καὶ
2862 4779 3060 4850 σάρκα,
3098 4779 3234 4832 ἀλλὰ
3287 4778 3423 4850 πρὸς
3447 4777 3544 4840 τὰς
3569 4775 3721 4840 ἐξου-

467 4848 670 4920 Deique
697 4854 1048 4913 administros
1077 4863 1503 4930 appellant,dum
1529 4867 1704 4935 aiunt,
1735 4869 1806 4918 c“
1826 4869 1929 4936 Qui
1959 4872 2034 4926 fa-

2165 4875 2282 4940 rlaq,
2343 4875 2480 4946 πρὸς
2525 4874 2652 4936 τοὺς
2707 4872 3157 4943 κοσμοκράτορας
3206 4869 3292 4922 τοῦ
3347 4868 3572 4931 σκότους
3627 4868 3718 4920 τοῦ

461 4943 544 5004 cis
567 4946 788 5014 angelos
811 4956 934 5002 tuos
957 4949 1200 5017 spiritus,
1228 4961 1283 5006 et
1310 4954 1587 5018 ministros
1615 4969 1735 5014 tuos
1755 4959 2029 5016 flammam

2165 4965 2334 5029 ιιῶνος
2357 4943 2470 5035 (i2)
2496 4965 2708 5029 τούτου,
2742 4963 2877 5036 πρὸς
2922 4963 2990 5016 τὰ
3033 4961 3373 5032 πνευματικὰ
3414 4962 3512 5030 τῆς
3558 4977 3722 5029 πονη-

536 5035 583 5068 ⁸⁰
619 5034 742 5090 Job.
787 5038 928 5103 11,1.
1006 5040 1045 5071 “
1089 5040 1233 5098 Psal.
1263 5058 1381 5112 cm,
1421 5045 1478 5098 4.
2244 5057 2257 5076 ⁵

533 5141 560 5170 ι
602 5130 736 5199 forte
773 5130 1064 5185 ὲπείσοδον.

539 5225 650 5306 (βξ)
686 5225 903 5294 Ψυχὴν
926 5226 1298 5281 διοικοῦσαν.
1326 5227 1500 5293 Plato,
1533 5227 1658 5300 Leg.
1691 5247 1745 5297 χ,
1783 5247 1906 5304 pag.
1935 5233 2044 5290 669

2165 5235 2276 5319 λῶν.
2313 5236 2416 5292 Sed
2447 5239 2562 5320 haec
2592 5255 2741 5295 mera
2776 5241 2988 5320 videtur
3016 5240 3364 5320 dxupohyiqt.
3397 5238 3714 5320 Cogitabam

465 5294 658 5350 Ficini.
1315 5368 1326 5380 ⁸
1609 5294 1629 5300 ⁷
1733 5294 1740 5297 ’
1783 5294 1800 5302 ’
1854 5294 1884 5304 “’
2143 5307 2306 5380 τινῶν
2352 5324 2450 5377 pro
2483 5311 2610 5374 τῶν,
2642 5294 2871 5366 rescribi
2918 5294 3214 5380 possefnt
3254 5294 3416 5363 vellet
3463 5310 3632 5371 Plato,
3662 5311 3714 5362 in

536 5366 649 5433 (69)
689 5366 794 5432 PL,
823 5368 881 5420 ὲν
912 5367 1084 5423 ἅπασι
1112 5371 1226 5450 τοῖς
1258 5368 1456 5439 πάντη.
1678 5441 1705 5454 _

539 5435 651 5459 1-H“
688 5437 916 5459 ςη---ιη.
958 5436 1025 5459 ...Σ
1045 5458 1054 5459 κ
1114 5438 1186 5459 ΙΙ,Δ
1212 5442 1223 5459 ι
1280 5438 1422 5459 ΠΙ-.-
1485 5454 1544 5459 _._
1566 5457 1587 5459 _,
1641 5441 1670 5459 η
1698 5443 1744 5459 λη·

2165 5379 2284 5432 ξωιο
2327 5366 2434 5433 σὐο
2477 5366 2696 5459 tantum
2737 5397 2857 5459 esse
2890 5366 3070 5459 rerum
3103 5366 3334 5450 'gt-nera,
3369 5381 3630 5433 bonarum
3665 5389 3720 5459 et

538 5435 652 5522 (Z9)
682 5437 920 5522 ίζῖξτειξὴ
951 5436 1082 5522 τιξθ.
1114 5438 1247 5519 lljid.
1278 5435 1449 5522 P'lalnri,
1476 5454 1607 5522 pag.
1639 5441 1760 5522 673.
1997 5515 2008 5522 _
2145 5449 2436 5511 malarum,
2475 5464 2582 5503 non
2629 5451 2774 5504 aliud
2809 5435 3146 5522 quidquam,
3167 5467 3235 5504 ex
3285 5435 3519 5522 utroque
3558 5451 3716 5517 quasi

536 5506 974 5584 (“fluetm'w
1002 5509 1070 5564 δὲ
1093 5510 1212 5562 τῶν
1236 5509 1341 5578 μή.
1378 5506 1598 5584 Ρὶοξὴιιέ
1627 5514 1814 5584 vertit,
1846 5524 1896 5567 et
1920 5515 2037 5584 qui-

466 5575 581 5628 dem
617 5575 849 5643 plurium
880 5594 897 5631 :
925 5595 1085 5646 quem
1133 5575 1353 5634 sensum
1405 5582 1624 5649 vulgata
1687 5575 1849 5639 lectio
1897 5575 2038 5639 ferre

468 5662 575 5698 non
623 5655 824 5721 potest,
875 5649 980 5701 nisi
1019 5651 1286 5711 dicamus,
1324 5659 1447 5718 post
1474 5653 1569 5721 μή,
1599 5653 2034 5721 subaudiendum

465 5730 586 5784 esse
618 5715 898 5784 ἐναντίων.
929 5728 986 5772 ιιι
1019 5734 1214 5774 sensus
1258 5715 1348 5784 sit,
1382 5715 1598 5774 ἐναντία
1643 5723 1858 5776 πλείονα
1897 5717 2035 5777 εἶναι

465 5782 580 5845 τῶν,
605 5783 679 5856 μὴ
710 5786 992 5851 ἐναντίων,
1031 5789 1130 5844 hoc
1174 5799 1289 5856 est,
1317 5782 1464 5845 κακὰ
1504 5791 1721 5846 πλείονα
1764 5795 1870 5847 τῶν
1900 5796 2035 5862 ἁγα-

2145 5525 2524 5599 temperatum,
2560 5522 2706 5588 quod
2735 5536 2970 5590 pugnam
3015 5523 3158 5575 illaut
3192 5523 3271 5574 vel
3307 5521 3494 5574 tullct‘c
3522 5521 3714 5590 pussit,

2195 5605 2205 5620 '
2259 5590 2360 5638 le'
2432 5629 2444 5640 .
2738 5589 2749 5590 ί
2818 5589 2825 5590 ί

2140 5589 2481 5724 πληῗιῆῦ
2529 5659 2766 5727 αἰῶνος.
2831 5659 2955 5715 Haec
3009 5678 3114 5715 vox
3173 5661 3226 5714 in
3279 5657 3496 5727 Vulgat.
3550 5660 3712 5712 etiam

2143 5725 2358 5807 (ὶνεεοίε
2400 5729 2630 5800 legitur,
2682 5725 2845 5802 quam
2911 5729 3100 5786 Latina
3173 5725 3548 5799 interpretatio
3609 5746 3714 5783 tum

2141 5807 2406 5863 agnoscu.
