4156 6466
446 391 553 448 917

1618 393 1934 448 ΡΒᾸΞΡΑΒ.
1978 391 2224 451 EVANG.
2268 394 2394 449 LIB.
2437 394 2526 449 ΧῙ.

3591 390 3711 513 9ιῆ

448 512 569 583 ρίας
609 513 667 565 ὲν
705 517 816 579 τοῖς
854 515 1215 587 επουρανίοις.
1258 533 1277 566 ι
1329 516 1625 585 Ἀντικρυς
1669 515 1715 568 δ’
1761 515 1934 568 ἔοικεν
1990 517 2006 568 ἐ

2120 517 2278 586 ignis.
2317 537 2336 567 ι
2385 515 2529 582 Quin
2581 514 2743 570 etiam
2798 514 3073 569 hostilium
3103 519 3418 566 naturarum
3458 525 3694 579 pugnam

449 603 672 657 Πλάτων
698 606 761 658 τὸ
798 608 1039 670 Μωσέως
1095 607 1273 675 λόγιον
1303 608 1688 679 μεταφράζειν,
1715 609 1776 661 τὸ
1813 609 2020 679 φῆσανον

455 710 472 741 ι
485 693 614 745 Ὅτε
634 692 936 768 διεμέριζεν
956 699 984 750 6
1000 697 1260 766 ’Υψιστος
1288 698 1412 770 ἔθνη
1422 699 1528 763 {dig
1551 700 1853 772 διέσπειρεν
1871 703 2018 766 υίοὺς

459 782 648 853 Ἀδὰμ,
685 783 912 856 ἔστησεν
955 789 1077 859 ὅρια
1114 787 1282 843 ἐθνῶν
1333 791 1473 844 κατά
1515 791 1746 862 ἀριθμὸν
1772 793 2017 861 ἀγγέλων

444 874 579 927 Θεοῦ
608 874 743 946 (73),
792 897 811 930 ι
843 879 911 932 δι’
942 874 1018 933 ὧν
1050 883 1304 952 κτήματα
1338 881 1475 935 θεῶν
1515 885 1610 937 καὶ
1647 885 1916 956 δαιμόνων
1957 885 2017 939 τὸ

447 970 554 1023 πᾶν
588 970 745 1038 γένος
771 972 1070 1045 ἀνθρώπων
1103 971 1518 1047 είναιῶρίσατο.

2124 608 2410 679 expressit,
2446 607 2541 676 qui
2567 607 2722 671 dixit,
2761 625 2780 658 ι
2813 604 2931 660 Non
2959 613 3042 659 est
3071 603 3227 659 nobis
3255 601 3703 657 colluctatio-ad-

2124 711 2316 751 versus
2343 695 2663 766 sanguinem
2707 703 2760 748 et
2789 709 3033 758 carnem,
3063 693 3157 748 sed
3198 691 3460 746 adversus
3487 691 3695 760 princi—

2122 803 2218 858 pes
2249 795 2304 842 et
2324 795 2638 857 potestates,
2671 785 2936 840 adversus
2960 783 3146 838 mundi
3183 791 3418 838 rectores
3443 781 3698 837 tenebra-

2123 894 2244 934 rum
2283 878 2448 947 hujus
2501 875 2722 941 saaculi,
2771 884 2960 932 contra
3008 873 3310 944 spiritualia
3353 873 3609 942 nequitia:
3642 873 3694 925 in

2121 970 2436 1027 caelestibus
2457 969 2552 1021 ‘l‘.
2591 988 2612 1021 ι
2656 967 2947 1022 Enimvero
2965 966 3092 1020 illud
3107 965 3271 1020 etiam
3303 963 3471 1019 Mosis
3501 978 3696 1018 oracu-

443 1064 556 1118 lum
585 1063 744 1132 plane
787 1065 1170 1136 interpretatus
1199 1068 1404 1123 videtur
1425 1067 1600 1137 Plato,
1629 1072 1775 1141 quod
1807 1073 1879 1126 sic
1952 1070 2118 1124 habet
2154 1085 2167 1121 :
2208 1084 2226 1117 ι
2257 1064 2487 1131 Quando
2511 1063 2786 1118 dividebat
2817 1061 3132 1116 Altissimus
3199 1066 3408 1128 gentes,
3476 1059 3697 1127 quando

444 1160 732 1229 separabat
759 1159 896 1216 filios
923 1161 1094 1216 Adam
1116 1202 1132 1226 ,
1161 1164 1444 1220 constituit
1479 1166 1744 1220 terminos
1782 1169 2105 1236 populorum
2162 1163 2318 1232 juxta
2369 1173 2667 1214 numerum.
2701 1158 3020 1226 angelorum
3091 1154 3185 1208 Dei
3220 1154 3266 1185 “
3294 1194 3308 1217 ,
3342 1170 3362 1203 ι
3401 1167 3526 1207 cum
3561 1152 3682 1206 uni-

442 1268 661 1308 versum
683 1253 969 1309 hominum
998 1271 1188 1326 genus,
1215 1259 1440 1313 deorum
1475 1275 1539 1316 ac
1567 1261 1872 1316 daemonum
1901 1259 2304 1332 possessionem
2337 1271 2459 1312 esse
2482 1253 2854 1326 pronuntiavit

947 1349 1338 1406 ΚΕΦΑΛΑῙΟΝ
1370 1353 1494 1407 KZ'.

441 1435 580 1502 Περὶ
608 1435 817 1506 ψυχῆς
841 1438 1194 1507 ἀθανασίας,
1252 1443 1528 1511 Ἑϐραίων
1549 1445 1652 1498 καί
1673 1446 2010 1513 Πλάτωνος.

511 1614 620 1666 Καὶ
648 1615 706 1667 ὲν
736 1634 847 1682 τοις
877 1620 1006 1691 περὶ
1033 1620 1208 1693 ψυχῆς
1228 1623 1526 1689 ἀθανασίας
1547 1627 1695 1680 οὐδὲν
1713 1629 1958 1693 Μωσέως
1989 1632 2016 1683 6

440 1705 664 1762 Πλάτων
691 1709 945 1782 διέστηκε
974 1717 1038 1786 τῇ
1061 1715 1203 1787 δόξῃ.
1240 1718 1296 1770 '0
1317 1718 1417 1789 μέν
1429 1736 1494 1787 γε
1511 1719 1729 1792 πρῶτος
1751 1721 2016 1776 ἀθάνατον

440 1799 625 1852 οὗσίαν
645 1797 779 1855 εἶναι
796 1803 892 1874 τὴν
907 1806 962 1858 ἐν
979 1805 1075 1858 ἀνθ
1085 1805 1249 1877 ρώπῳ
1265 1807 1441 1881 ψυχὴν
1457 1811 1902 1882 ὼρίσατο,είκόνα
1920 1816 2018 1886 φή-

443 1905 540 1954 σας
553 1891 816 1964 ὑπάρχειν
836 1896 1004 1968 αὐτὴν
1025 1898 1182 1964 Θεοῦ,
1209 1901 1407 1970 μᾶλλον
1436 1901 1492 1954 δὲ
1521 1907 1641 1956 κατ’
1671 1905 1852 1958 είκόνα
1881 1906 2015 1960 Θεοῦ

437 1983 781 2055 γεγενῆσθαι.
830 2004 850 2037 ι
892 1983 1022 2041 Εἷπε
1051 1989 1180 2060 γάρ,
1200 1993 1386 2060 φησὶν,
1423 1997 1449 2046 6
1486 1995 1618 2059 Θεός
1640 2014 1652 2026 ·
1688 1997 2015 2068 Ποιήσωμεν

435 2070 720 2144 ἄνθρωπον
735 2076 852 2130 κατ’
865 2079 1046 2132 εἰκόνα
1059 2081 1152 2133 καὶ
1168 2083 1422 2153 ὁμοίωσιν
1441 2087 1608 2156 ὴμιτέ
1617 2105 1732 2158 ραν.
1751 2091 1862 2144 Καὶ
1876 2091 2018 2143 ἐποί-

436 2179 569 2230 ησεν
597 2165 625 2216 6
641 2165 773 2229 Θεὸς
799 2168 890 2220 τὸν
919 2169 1226 2241 ἄνθρωπον·
1259 2176 1378 2226 κατ’
1397 2175 1579 2228 εἰκόνα
1599 2177 1732 2230 Θεοῦ
1751 2179 2008 2248 ἐποίησεν

432 2256 616 2309 αὐτόν.
650 2277 668 2309 ι
703 2259 813 2311 Καὶ
834 2260 961 2332 ἑξῆς
988 2263 1078 2316 τὸν
1103 2263 1355 2318 σύνθετον
1385 2265 1461 2336 τῷ
1489 2267 1631 2338 λόγῳ
1650 2268 1902 2341 διαιρῶν,
1935 2271 2015 2335 είς

431 2365 492 2400 τε
514 2347 574 2400 τὸ
596 2352 916 2420 φαινόμενον
950 2355 1106 2426 σῶμα
1135 2356 1228 2408 καὶ
1257 2358 1336 2418 είς
1363 2358 1454 2410 τὸν
1477 2359 1617 2412 κατὰ
1651 2359 1828 2432 ψυχὴν
1858 2362 2010 2415 νοού-

435 2453 598 2506 μενον
618 2477 632 2500 ,
665 2439 908 2509 ἐπιλέγει
928 2459 941 2472 ’
981 2461 999 2494 ι
1037 2445 1148 2498 Καὶ
1177 2444 1370 2501 ἐλαϐεν
1399 2449 1428 2499 6
1455 2449 1589 2512 Θεὸς
1617 2449 1748 2519 χοῦν
1776 2451 1886 2505 ἀπὸ
1913 2456 2011 2522 τῆς

431 2531 554 2598 γῆς,
587 2531 682 2582 καὶ
711 2531 944 2587 ἔπλασεν
987 2537 1014 2588 6
1052 2536 1183 2600 Θεὸς
1209 2538 1301 2590 τὸν
1330 2539 1616 2612 ἄνθρωπον
1636 2583 1650 2608 ,
1699 2545 1794 2597 καὶ
1822 2545 2012 2614 ἐνεφύέ-

435 2637 597 2690 σησεν
639 2623 718 2686 είς
773 2624 836 2677 τὸ
881 2626 1172 2698 πρόσωπον
1227 2631 1391 2684 αὐτοῦ
1455 2634 1624 2706 πνοὴν
1681 2634 1862 2704 ζωῆς,
1915 2638 2009 2690 καὶ

433 2708 648 2776 ἐγένετο
696 2714 722 2764 ό
791 2712 1075 2786 ἄνθρωπος
1125 2719 1208 2782 εἰς
1258 2719 1436 2793 ψυχὴν
1501 2721 1698 2786 ζῶσαν.
1759 2743 1778 2776 ›
1850 2725 2010 2779 Ἀλλὰ

431 2803 525 2854 καὶ
552 2803 778 2876 ἀρχικόν
807 2824 970 2878 φησιν
1000 2811 1162 2866 αὐτὸν
1191 2813 1285 2866 καὶ
1308 2813 1582 2884 βασιλικὸν
1617 2817 1870 2884 γενέσθαι
1899 2818 2008 2872 τῶν

429 2894 521 2946 ἐπὶ
548 2898 652 2967 γῆς
681 2897 917 2954 πάντων.
949 2903 1111 2972 Λέγει
1140 2905 1184 2958 δ’
1214 2901 1336 2959 οὖν·
1375 2926 1394 2958 ι
1423 2909 1532 2961 Καὶ
1552 2909 1868 2980 ἀρχέτωσαν
1898 2910 2006 2964 τῶν

2672 1343 2902 1402 CAPUT
2939 1344 3149 1399 XXVII.

2119 1442 2198 1497 De
2227 1442 2419 1496 animle
2449 1440 2868 1560 immortalitcge,
2889 1453 2954 1519 ea}
2983 1436 3325 1490 Hebrworum
3353 1433 3699 1501 Platonisque

2817 1518 3038 1560 octrma.

2817 1518 3038 1561 octrma.

2195 1625 2314 1680 Jam
2341 1640 2471 1680 vero
2503 1625 2570 1680 de
2612 1622 3022 1678 immortalitate
3071 1621 3267 1674 animae
3306 1618 3522 1688 gemina
3560 1631 3701 1686 quo-

2048 1685 2092 1740 B
2119 1734 2226 1789 que
2253 1716 2424 1773 Mosis
2451 1716 2556 1770 fuit
2580 1714 2934 1784 Platonisque
2953 1713 3245 1768 sententia.
3277 1685 3344 1765 Et
3365 1711 3455 1765 ille
3474 1685 3694 1779 quidem

2120 1809 2484 1865 immortalem
2541 1822 2663 1863 esse
2713 1806 2770 1861 in
2820 1806 3040 1860 homine
3089 1803 3257 1858 animi
3307 1801 3696 1863 substantiam,

2118 1902 2266 1971 prior
2299 1909 2413 1954 tum
2447 1898 2675 1963 statuit,
2703 1913 2828 1954 cum
2851 1911 2974 1952 eam
3006 1895 3100 1957 Dei
3124 1893 3414 1965 imaginem
3438 1933 3454 1959 ,
3485 1891 3570 1947 vel
3601 1905 3700 1962 po-

2120 1993 2227 2047 tius
2286 1991 2526 2046 divinam
2579 1988 2648 2044 ad
2713 1989 3004 2060 imaginem
3060 1985 3259 2041 factam
3316 2001 3438 2041 esse
3488 1984 3695 2040 docuit.

2122 2103 2141 2136 ι
2189 2083 2337 2139 Dixit
2390 2084 2537 2138 enim
2573 2081 2738 2149 Deus,
2798 2083 2998 2150 inquit,
3062 2079 3353 2135 Faciamus
3417 2079 3695 2133 hominem

2115 2176 2183 2230 ad
2207 2174 2498 2245 imaginem
2521 2182 2577 2228 et
2597 2173 3008 2229 similitudinem
3035 2181 3303 2225 nostram.
3326 2167 3393 2222 Et
3410 2167 3537 2222 fecit
3553 2165 3698 2221 Deus

2113 2267 2389 2322 hominem
2429 2284 2442 2319 :
2477 2265 2543 2320 ad
2565 2265 2856 2336 imaginem
2878 2262 2974 2317 Dei
3011 2263 3140 2318 fecit
3173 2263 3325 2317 illum
3355 2260 3696 2315 “'aDeindc

2114 2348 2499 2427 compositum,
2537 2357 2591 2409 in
2617 2371 2818 2426 corpus
2839 2354 2944 2410 hoc
2969 2353 3297 2424 aspectabile
3316 2393 3331 2418 ,
3369 2362 3424 2408 ct
3451 2367 3575 2406 eum
3601 2350 3698 2421 qui

2113 2453 2297 2506 animo
2327 2461 2484 2506 tenus
2513 2449 2835 2521 intelligitur
2862 2451 3113 2505 oratione
3127 2447 3487 2518 distinguens,
3504 2445 3654 2500 addit
3679 2462 3694 2499 :

2117 2562 2136 2596 ι
2169 2542 2235 2598 Et
2263 2545 2474 2614 accepit
2521 2543 2665 2600 Deus
2713 2544 2992 2614 pulverem
3035 2557 3101 2596 ex
3137 2549 3304 2606 terra,
3353 2548 3410 2594 et
3440 2537 3698 2594 formavit

2111 2633 2256 2690 Deus
2274 2635 2574 2700 hominem,
2594 2643 2651 2690 et
2687 2636 2976 2705 inspiravit
2998 2633 3054 2688 in
3082 2630 3276 2688 faciem
3300 2629 3420 2699 ejus
3449 2629 3700 2698 spiracu-

2109 2724 2222 2778 lum
2247 2724 2391 2790 vitae,
2409 2733 2462 2779 et
2488 2723 2663 2780 factus
2679 2732 2762 2778 est
2786 2725 2948 2777 homo
2965 2723 3018 2776 in
3035 2720 3276 2775 animam
3293 2717 3562 2772 viventem
3585 2713 3654 2767 ¹⁵³.
3669 2733 3692 2764 ι

2110 2813 2266 2884 551,
2304 2815 2566 2870 Eumdem
2590 2823 2851 2886 praeterea
2885 2813 3131 2869 omnium
3162 2827 3285 2881 quae
3318 2809 3373 2863 in
3402 2817 3545 2862 terra
3566 2815 3697 2862 sunt

2107 2907 2409 2977 principem
2446 2922 2510 2962 ac
2536 2922 2717 2978 regem
2744 2915 2992 2962 creatum
3014 2903 3188 2958 fuisse
3220 2902 3407 2965 tradit,
3436 2899 3567 2954 dum
3593 2899 3692 2965 ait,

433 2985 628 3087 ἰχθύων
657 2992 756 3062 τῆς
783 2991 1076 3066 θαλάσσης,
1109 2997 1203 3049 καὶ
1245 2996 1354 3050 τῶν
1401 2999 1662 3052 πετεινῶν
1700 3000 1794 3054 τοῦ
1838 3003 2004 3074 οὐρα-

2113 3019 2134 3052 ι
2170 2999 2237 3054 Ει
2274 3001 2500 3072 praesint
2527 3001 2772 3072 piscibus
2804 3000 2994 3063 maris,
3029 3008 3083 3053 et
3124 2995 3436 3052 volatilibus
3462 2991 3609 3061 cmii,
3640 3002 3697 3048 et

429 3077 542 3145 νοῦ,
574 3081 668 3136 καὶ
685 3084 795 3137 τῶν
826 3086 1038 3156 κτηνῶν
1068 3089 1248 3158 πάσης
1276 3092 1376 3160 τῆς
1395 3093 1515 3162 γῆς.
1550 3093 1660 3146 Καὶ
1691 3094 1946 3165 ἐποίησεν
1975 3097 2004 3148 6

428 3175 560 3240 Θεὸς
585 3178 678 3232 τὸν
707 3178 990 3250 ἄνθρωπον
1009 3197 1022 3210 ·
1058 3181 1180 3233 κατ’
1209 3182 1392 3236 εἰκόνα
1430 3183 1566 3237 Θεοῦ
1611 3186 1865 3257 ἐποίησεν
1909 3189 2005 3242 αὑ·-

427 3267 536 3320 τόν.
577 3287 596 3319 ι
648 3267 773 3332 Πῶς
798 3269 842 3322 δ’
885 3269 950 3324 ἂν
991 3271 1166 3336 άλλως
1207 3272 1370 3328 εἰκὼν
1417 3275 1682 3331 ἔπινοοῖτο
1731 3278 1863 3333 Θεοῦ
1911 3282 2005 3335 καὶ⁸

425 3359 676 3430 ὁμοίωμα
703 3361 736 3434 ἢ
768 3362 909 3416 κατὰ
938 3362 1036 3426 τὰς
1055 3365 1112 3416 ὲν
1131 3363 1210 3434 τῷ
1229 3363 1346 3436 Θεῷ
1361 3365 1641 3437 δυνάμεις,
1660 3370 1752 3422 καὶ
1779 3370 1877 3442 τὴν
1905 3375 2004 3444 τῆς

425 3450 629 3522 ἀρετῆς
656 3453 984 3524 ὁμοιότητα;
1030 3457 1220 3509 Μωσεϊ
1258 3456 1314 3509 δὲ
1344 3459 1440 3510 καὶ
1478 3459 1535 3511 ἐν
1563 3460 1774 3526 τούτοις
1815 3463 2005 3536 ὥσπερ

430 3542 913 3615 μεμαθητευμένος
966 3547 995 3600 6
1049 3546 1298 3614 Πλάτων,
1356 3551 1522 3604 τοιάδ’
1566 3553 1624 3605 ἐν
1678 3553 1757 3624 τῷ
1818 3553 2005 3608 Ἀλκι-

425 3633 594 3704 ϐιάδῃ
625 3634 737 3706 (74)
769 3637 933 3707 φησίν
954 3656 966 3669 ·
1008 3658 1026 3690 ι
1070 3640 1304 3711 ’Έχομεν
1324 3638 1416 3695 οὖν
1445 3644 1617 3698 εἰπεῖν
1646 3645 1674 3698 ὅ
1700 3663 1752 3698 τι
1785 3649 1881 3717 τῆς
1901 3647 2007 3716 ψυ-

423 3725 527 3796 χῆς
555 3727 672 3780 ἐστι
702 3727 972 3800 θειότερον
999 3730 1237 3801 ἢιτοῦτο,
1271 3733 1399 3806 περὶ¹
1440 3735 1468 3788 ὃ
1497 3736 1556 3788 τὸ
1584 3736 1782 3790 εἰδέναι
1827 3756 1880 3791 τε
1912 3739 2004 3792 καὶ

425 3822 641 3890 φρονεῖν
670 3823 852 3887 ὲστιν;
886 3824 999 3876 Οὐκ
1027 3823 1242 3904 ἔχομεν.
1277 3826 1366 3896 Τῷ
1395 3825 1526 3898 θείῳ
1566 3827 1674 3900 ἄρα
1712 3828 1871 3883 τοῦτο
1900 3830 2006 3885 ἐοι-

425 3927 518 3964 κεν
548 3911 751 3982 αὔτῆς’
795 3913 888 3966 καί
935 3929 1018 3976 τις
1069 3915 1147 3977 είς
1190 3914 1346 3968 τοῦτο
1386 3917 1636 3987 βλέπων,
1684 3921 1780 3973 καὶ
1809 3922 1915 3975 πᾶν
1943 3922 2005 3976 τὸ

424 4003 565 4056 Θεῖον
593 4005 773 4073 γνοὺς,
805 4004 939 4058 Θεόν
965 4022 1026 4058 τε
1056 4007 1150 4062 καὶ
1172 4009 1454 4080 φρόνησιν,
1497 4009 1639 4064 οὕτω
1668 4014 1763 4065 καὶ
1813 4013 2004 4070 ἑαυτὸν

419 4096 487 4150 ἂν
513 4097 665 4169 γνοίη
699 4097 953 4169 μάλιστα.
985 4100 1235 4153 Φαίνεται
1266 4097 1376 4170 (75)
1407 4101 1516 4174 γὰρ
1549 4098 1642 4157 οὖν
1662 4144 1677 4168 ,
1709 4103 1786 4157 ὅθ’
1815 4104 2005 4178 ὥσπερ

421 4188 700 4262 κάτοπτρά
729 4193 844 4244 ὲστι
868 4191 1181 4262 σαφέστατα
1209 4203 1236 4232 ι
1264 4191 1360 4245 τοῦ
1389 4195 1446 4246 ὲν
1474 4193 1552 4264 τῷ
1609 4194 1872 4268 ὀφθαλμῷ
1915 4199 2004 4250 ὲν-

419 4281 643 4355 όπτρου,
675 4283 771 4336 καὶ
799 4281 1178 4355 καθαρώτερα,
1211 4285 1305 4338 καὶ
1334 4285 1688 4356 λαμπρότερα
1708 4304 1721 4317 ο
1743 4287 1884 4341 οὕτω
1913 4290 2006 4342 καὶ

2107 3091 2298 3146 bestiis
2330 3093 2598 3148 universa:
2626 3100 2806 3147 terrae.
2847 3089 2914 3145 Et
2945 3089 3074 3145 fecit
3099 3087 3240 3143 Deus
3269 3085 3548 3141 hominem
3580 3102 3594 3140 :
3625 3085 3695 3140 ad

2107 3181 2400 3252 imaginem
2433 3182 2530 3239 Dei
2563 3183 2690 3239 fecit
2719 3183 2872 3236 illum
2903 3181 2974 3236 “.
3015 3200 3033 3232 ι
3058 3178 3344 3245 Quomodo
3377 3185 3560 3232 autem
3588 3177 3692 3230 ali~

2107 3285 2190 3332 ter
2221 3274 2317 3332 Dei
2358 3276 2540 3348 imago
2583 3291 2648 3332 ac
2687 3275 2990 3331 similitudo
3035 3266 3402 3343 intelligatur,
3429 3286 3596 3342 quam
3625 3284 3691 3326 ex

2106 3368 2420 3423 divinarum
2468 3368 2791 3423 facultatum
2824 3366 3149 3431 imitatione,
3184 3364 3513 3433 virtutisque
3541 3362 3696 3419 simi-

2104 3459 2373 3515 litudine?
2404 3458 2525 3526 Quo
2558 3459 2721 3514 etiam
2751 3458 2806 3512 in
2835 3471 3032 3527 genere
3057 3453 3216 3509 Plato
3236 3497 3250 3521 ,
3297 3455 3522 3525 perinde
3555 3462 3614 3507 ut
3647 3452 3695 3507 si

2103 3551 2273 3608 Mosis
2328 3551 2635 3620 discipulus
2684 3549 2912 3613 fuisset,
2964 3550 3078 3605 haec
3127 3549 3179 3602 in
3213 3546 3487 3600 Alcibiade
3515 3546 3694 3616 philo—

2104 3643 2369 3714 sophatur
2387 3662 2401 3697 :
2421 3641 2705 3698 «Potestne
2720 3657 2750 3696 a
2769 3641 2928 3696 nobis
2950 3640 3186 3696 divinius
3201 3638 3405 3709 aliquid
3427 3639 3480 3692 in
3508 3637 3698 3694 animo

2105 3736 2302 3800 statui,
2355 3750 2519 3806 quam
2565 3734 2648 3800 id,
2683 3735 2736 3788 in
2767 3748 2877 3804 quo
2920 3731 3273 3803 intelligentia
3319 3729 3695 3800 sapientiaque

2103 3829 2395 3884 versatur?
2424 3826 2542 3882 Non
2567 3836 2766 3898 potest.
2801 3826 2893 3880 Illa
2923 3826 3090 3898 igitur
3122 3824 3290 3879 animi
3324 3823 3576 3889 facultas,
3610 3821 3700 3876 di“:

2101 3920 2246 3976 vina
2273 3920 2468 3976 similis
2509 3921 2701 3990 utique
2750 3917 2916 3973 fuerit
2947 3936 2959 3972 :
2997 3934 3062 3974 ac
3089 3917 3320 3988 proinde
3351 3915 3446 3986 qui
3475 3915 3531 3968 in
3570 3928 3693 3968 eam

2105 4013 2425 4080 intuebitur,
2461 4028 2526 4068 ac
2557 4012 2722 4068 simul
2751 4011 3014 4082 quidquid
3045 4010 3215 4065 divini
3249 4017 3353 4074 est,
3388 4006 3583 4069 Deum,
3607 4003 3694 4059 iu-

2106 4120 2296 4174 quam,
2332 4113 2388 4160 et
2413 4105 2735 4174 sapientiam
2768 4102 3064 4178 intelliget;
3115 4101 3162 4156 is
3183 4101 3404 4156 demum
3429 4114 3490 4154 se
3512 4100 3692 4167 ipsum

2105 4214 2214 4252 una
2243 4196 2750 4268 perfectissimeque
2797 4200 3111 4264 cognoscet.
3181 4190 3472 4246 Enimvero
3499 4190 3691 4258 liquet,

2105 4291 2322 4360 opinor,
2344 4288 2508 4354 illud;
2537 4285 3000 4358 quemadmodum
3025 4283 3244 4353 specula
3267 4281 3516 4352 quadam
3539 4286 3691 4342 sunt,

418 4375 445 4426 ὁ
479 4373 612 4436 Θεὸς
645 4373 748 4428 τοῦ
787 4377 846 4428 ὲν
874 4377 940 4446 τῇ
973 4376 1219 4449 ἡμετέρᾳ
1247 4376 1392 4447 ψυχῇ
1428 4376 1704 4446 βελτίστου
1752 4379 2006 4451 καθαρώ-

2107 4397 2229 4451 qua:
2259 4380 2401 4436 oculi
2435 4379 2611 4434 nostri
2640 4377 2900 4449 pupillam
2925 4374 3310 4446 perspicuitate
3330 4414 3347 4439 ,
3403 4373 3581 4427 nitore
3627 4386 3695 4428 ac

417 4467 576 4537 τερόν
603 4483 662 4518 τε
693 4467 784 4520 καὶ
810 4465 1186 4539 λαμπρότερον
1235 4469 1488 4538 τυγχάνει
1542 4469 1623 4525 6v.
1679 4471 1861 4524 Ἕοικέ
1917 4489 2001 4540 γε,

417 4551 461 4610 ὦ
491 4557 796 4629 Σώκρατες’.
846 4558 940 4621 Εἰς
990 4559 1081 4611 τὸν
1136 4559 1270 4612 Θεὸν
1317 4560 1425 4632 ἄρα
1457 4559 1769 4631 βλέποντες,
1803 4563 2000 4636 ἐκείνῳ

419 4640 692 4721 καλλίστῷ
712 4649 957 4721 ἐνόπτρῳ
984 4648 1223 4722 χρῴμεθ’
1253 4651 1338 4719 ἂν,
1371 4654 1466 4706 καὶ
1495 4651 1604 4705 τῶν
1624 4653 2000 4724 (ἀνθρωπίνων

415 4743 494 4805 εις
520 4742 620 4814 τὴν
646 4740 825 4811 ψυχῆς
853 4742 1054 4814 ἀρετήν
1073 4760 1086 4773 ο
1114 4746 1209 4797 καὶ
1233 4744 1406 4810 οὕτως
1435 4747 1502 4801 ἂν
1521 4747 1755 4819 μάλιστα
1783 4745 2001 4818 ὁρῷμεν

415 4835 506 4888 καὶ
532 4832 888 4904 γινώσκοιμεν
941 4835 1086 4905 ἡμᾶς
1133 4837 1347 4903 αὐτούς.
1382 4839 1509 4892 Ναί.
1545 4859 1564 4891 ι
1599 4839 1782 4893 Ταῦτα
1818 4840 1914 4910 μὲν
1945 4841 2004 4892 ὲν

2109 4471 2400 4542 splendore
2431 4480 2688 4539 superent
2723 4487 2736 4524 :
2774 4469 2848 4522 ita
2879 4467 3048 4522 Deum
3085 4466 3179 4521 illo
3209 4467 3362 4536 ipso,
3413 4466 3557 4535 quod
3587 4481 3690 4520 no-

2109 4577 2224 4622 stro
2252 4565 2305 4620 in
2334 4565 2521 4619 animo
2552 4563 3142 4634 perfectissimumcst,
3169 4559 3445 4630 puriorem
3478 4568 3532 4613 et
3562 4557 3689 4612 illu-

2107 4658 2360 4713 striorem
2411 4672 2554 4712 esse.
2617 4655 2685 4711 Et
2738 4655 2934 4711 merito
2964 4655 3016 4708 id
3045 4653 3288 4724 quidem,
3335 4667 3368 4706 ο
3413 4651 3688 4707 Socrates.

2107 4747 2244 4803 Cum
2297 4749 2463 4819 igitur
2514 4747 2569 4802 in
2598 4746 2766 4802 Deum
2813 4747 2991 4816 ipsum
3026 4744 3360 4798 intuebimur
3400 4751 3512 4796 tum
3567 4741 3693 4810 pul»

2109 4841 2383 4898 cherrimo
2431 4855 2563 4895 sane
2615 4855 2795 4896 rerum
2847 4841 3009 4894 etiam
3047 4839 3408 4892 humanarum
3443 4832 3685 4910 speculo,

479 4949 551 4982 ’δι’
586 4946 783 5018 Ephes.
823 4967 901 5013 vt,
944 4952 1029 5006 12.
1105 4952 1148 4985 “
1189 4953 1343 5010 Deut.
1387 4972 1558 5020 uxu,
1598 4955 1649 5010 8.
1727 4957 1790 4989 ⁴²⁶
1826 4956 1960 5012 Gen.
2001 4974 2006 5012 1

2118 4959 2162 4990 "'
2199 4959 2331 5017 ibid.
2406 4958 2451 4990 “
2477 4958 2608 5014 ibid.

459 5055 490 5085 ι
515 5060 636 5110 πει,
679 5045 1006 5117 σαφέστερα.

481 5139 592 5220 (473)
632 5139 918 5220 angam»
949 5143 1128 5220 Θεοῦ..
1161 5141 1236 5220 Ita
1271 5142 1622 5220 Septuaginta
1661 5165 1674 5198 :
1711 5160 1834 5220 cum
1858 5163 1982 5220 Acin.

409 5211 511 5264 teri
549 5225 740 5288 omnes
764 5211 1087 5288 interpretes
1115 5211 1358 5268 habeant
1378 5211 1511 5268 υἱῶν
1551 5215 1800 5288 Ἰσραήλ,
1837 5217 1981 5285 ﬁlio-

413 5295 528 5333 rum
560 5279 734 5334 lsrael
759 5296 776 5333 :
812 5291 872 5335 ut
900 5279 1063 5337 Hebr.

478 5348 735 5431 (μὶ-Ἐν
761 5349 840 5431 Et?)
879 5353 1212 5431 Ἀλκιβιάδῃ.
1247 5352 1488 5431 Priorem
1528 5355 1805 5431 intelligit.
1837 5356 1983 5413 Con-

412 5418 654 5502 sule‘lib‘.
686 5436 719 5502 ξ
750 5419 826 5502 De
858 5423 1083 5502 rep_ubl.,
1129 5418 1250 5494 pag.
1304 5425 1406 5479 516
1426 5464 1442 5489 ,
1487 5426 1579 5480 ubi
1610 5427 1676 5482 de
1707 5418 1826 5484 cad.
1876 5431 1980 5484 im-

410 5491 741 5544 mortalitate
767 5491 1003 5547 disserit.

478 5557 593 5632 (75)
624 5559 916 5632 Φαίνεται.
951 5563 1071 5627 Hic,
1120 5563 1259 5632 apud
1308 5563 1585 5620 Platonem
1625 5568 1861 5623 maxima
1896 5571 1948 5624 di
1999 5576 2002 5580 '

409 5627 627 5708 stinctio
654 5638 768 5708 e_st._
797 5627 1404 5708 lllud_enim_ipa£vsrat
1434 5636 1700 5708 Alcibiadi
1742 5655 1940 5708 respon

2091 5152 2434 5222 conveniant.
2457 5149 2743 5222 Praecessit
2761 5151 2906 5222 enim
2920 5149 3060 5220 apud
3077 5148 3358 5222 Platonem
3380 5148 3688 5222 :_’Evvsv6ng

2091 5237 2195 5292 κας
2235 5217 2350 5285 οὖν,
2397 5223 2478 5275 ὅτι
2523 5221 2617 5274 τοῦ
2669 5217 3036 5292 ἐμϐλέποντος
3069 5223 3148 5292 είς
3189 5221 3279 5274 τὸν
3317 5218 3597 5292 ὀφθαλμὸν
3624 5217 3686 5274 τὸ

2093 5291 2405 5378 ⁸ξ’τρόσωπον,
2433 5288 2776 5378 ,ἐμφαίνεται
2828 5292 2892 5378 ἐν
2924 5293 2990 5361 τῇ
3039 5289 3132 5378 τοῦ
3165 5288 3506 5378 καταντικρῦ
3540 5288 3681 5378 δέει,

2091 5359 2284 5432 ὥσπερ
2316 5359 2625 5484 sesima??-
2659 5361 2687 5414 ὃ
2714 5361 2779 5431 δὴ
2807 5361 2901 5413 καὶ
2925 5359 3170 5431 κορυφὴν
3207 5359 3500 5431 καλοῦμεν,
3531 5359 3686 5413 είδω-

2090 5430 2180 5484 λον
2211 5431 2271 5484 ὃν
2301 5449 2396 5483 του
2429 5433 2502 5502 ὲμ
2541 5432 2568 5483 λ
2603 5447 2814 5502 ποντος.
2849 5430 3153 5502 (Qu_o_loco
3192 5431 3396 5502 ivitiose
3438 5430 3684 5502 xopucpﬁv

2086 5517 2190 5626 pio
2219 5503 2409 5574 κόρην,
2437 5498 2645 5556 editum
2681 5498 2973 5584 arbitrer.)
2991 5498 3056 5552 Et
3081 5501 3245 5568 paulo
3270 5509 3392 5569 post
3416 5519 3428 5553 :
3449 5498 3682 5587 ’Dipﬁak:

2090 5591 2129 5637 μ
2161 5589 2191 5637 ς
2233 5573 2344 5637 ἄρα
2369 5613 2383 5637 ,
2414 5574 2464 5624 εί
2497 5571 2644 5637 μέλει
2699 5570 2826 5623 ίδειν
2875 5569 3084 5631 ἑαυτὸν,
3122 5572 3203 5634 είς
3229 5569 3506 5637 ὀφθαλμὸν
3533 5586 3682 5637 αυτῳ

2233 5569 2383 5641 ἄρα’,
2414 5574 2464 5624 εί
2497 5571 2670 5641 μέλειῄ
2699 5570 2826 5623 ἰδεῖν
2875 5569 3084 5641 ἑαυτὸν,
3122 5572 3203 5634 είς
3229 5569 3506 5641 ὀφθαλμὸν
3525 5569 3682 5640 αὐτῷ

2085 5639 2368 5720 βλεπτέον,
2403 5639 2620 5720 καιροῦ
2647 5639 2893 5720 ὄμματος
2922 5640 3003 5720 είς
3035 5639 3244 5720 ἐκεῖνον
3289 5639 3379 5692 τὸν
3407 5639 3590 5720 τόπον,
3622 5639 3683 5720 εν

408 5698 555 5751 denti
593 5699 884 5780 _tribuitur.
943 5703 1074 5757 lndc
1123 5698 1376 5759 Sbcratcs
1424 5705 1529 5760 alia
1580 5698 1850 5778 perrogat,
1907 5711 1974 5764 ab

409 5765 730 5820 Euseblanls
774 5771 1164 5820 diversissima-
1204 5773 1415 5820 Nostris
1447 5784 1623 5820 tamen
1657 5779 1967 5820 Imm-nd...“

2107 5709 2129 5785 β
2155 5698 2412 5785 τυγχάνει
2439 5698 3307 5820 ξ’χὲγῌνομένη,
3332 5720 3459 5775 etc.,
3485 5711 3538 5764 in
3564 5698 3683 5781 qui-

494 5767 730 5854 sebianis
774 5771 1164 5854 diversissima.
1197 5773 1415 5854 .lVostris
1447 5767 1968 5854 taqrehiraei‘endnrn
2084 5767 2648 5854 ﬁusiéé‘mparationi's
2674 5767 2836 5849 hujus
2865 5767 3143 5844 ἇπόὸοσις.

409 5850 625 5904 censeo,
657 5852 776 5910 quae
820 5857 943 5903 cum
978 5843 1242 5913 proximis
1281 5853 1334 5899 et
1365 5847 1733 5916 superioribus
1772 5851 1970 5918 optime
