4156 6416
503 337 607 395 919

1174 339 1447 397 EUSEBII
1487 339 1966 398 CESAMENSIS
2004 339 2154 396 OPP.
2189 339 2371 395 PARS
2403 339 2465 394 ll.
2508 369 2578 380 -—
2616 337 3115 413 APOLOGETICA.

3658 344 3765 399 920

502 451 571 507 ad
608 451 715 506 vim
746 451 914 505 animi
943 451 1373 520 perspiciendam
1406 463 1646 521 utemur,
1678 463 1839 525 atque
1867 456 1943 510 ita
1979 470 2056 510 no.

2158 453 2259 525 (ﬁt?)
2294 452 2645 523 Ἀλκιϐιάδῃ.
2693 455 2780 509 Ἐν
2808 454 2866 508 δὲ
2892 452 2972 525 τῷ
2999 451 3141 521 Περὶ
3177 451 3385 521 ψυχῆς
3431 452 3764 526 πλατύτερον

501 546 653 616 ipsos
697 542 975 614 pervidere
1025 544 1259 599 maxime
1314 559 1377 601 ac
1424 562 1586 602 nosse
1627 548 1942 616 poterimus.
2004 547 2056 601 lt:

2184 544 2477 617 ἑρμηνεύει
2499 544 2571 598 τὰ
2596 548 2735 599 κατὰ
2763 545 2988 608 τοὺτους
3015 545 3214 607 τόπους
3242 556 3269 584 ι
3300 545 3328 596 ὁ
3358 544 3520 607 αὐτὸς
3539 586 3554 609 ,
3586 543 3760 615 λέγων

501 649 748 705 prorsus.
776 653 797 685 ι
825 633 950 691 llaec
984 636 1036 689 in
1061 638 1358 692 Alcibiade.
1387 638 1458 692 At
1484 639 1537 693 in
1567 639 1785 708 dialogo
1804 637 2082 693 Dcanima

497 727 679 781 locum
708 725 855 781 hunc
887 727 1109 783 uberius
1144 728 1431 800 fusiusque
1470 739 1735 796 tractans,
1782 730 1865 787 sic
1897 730 2079 799 loqui«

2179 637 2372 701 οὕτως.
2409 654 2428 688 t
2456 635 2650 709 Θῶμεν
2676 632 2768 691 οὖν
2792 636 2903 705 (76)
2936 634 3133 704 βούλει,
3191 634 3315 707 ἔφη,
3363 633 3458 689 δύο
3508 634 3623 708 ετδη
3652 637 3759 692 τῶν

2178 728 2368 790 ὄντων,
2399 727 2462 781 τὸ
2492 727 2593 799 μὲν
2620 729 2836 800 ὁρατὸν,
2864 727 2925 780 τὸ
2943 726 3001 780 δὲ
3021 725 3196 790 ἀειδές
3214 743 3228 791 ;
3249 724 3466 797 Θῶμεν,
3490 726 3617 800 ἔφη.
3648 729 3759 783 Καὶ

496 826 625 871 tur:
665 834 684 868 t
723 815 995 881 Placetne,
1030 819 1207 889 inquit
1231 820 1505 885 Socrates,
1527 822 1639 878 duo
1662 839 1846 878 rerum
1879 838 2056 892 gener:

2177 821 2238 875 τὸ
2271 820 2372 890 μὲν
2411 819 2588 884 ἀειδὲς
2630 820 2717 873 ἀεὶ
2767 819 2904 872 κατὰ
2933 817 3001 872 τὰ
3029 818 3169 872 αὐτὰ
3190 817 3347 888 ἔχον,
3378 818 3442 872 τὸ
3482 818 3540 873 δὲ
3565 820 3758 890 ὁρατὸν

494 917 807 964 statuamus
827 950 842 973 ,
897 913 1225 980 aspectabile
1270 930 1440 968 unum
1461 954 1478 978 ,
1528 915 1755 969 alterum
1785 930 1894 969 non
1920 929 2079 984 aspe-

494 997 730 1053 ctabile?
757 996 960 1067 Placet,
993 1001 1187 1070 inquit.
1215 1001 1283 1057 Et
1314 1003 1418 1059 hoc
1438 1005 1658 1073 quidem
1696 1018 1807 1059 non
1830 1012 2078 1073 aspecta-

492 1093 633 1161 bile,
686 1096 875 1151 eodem
925 1113 1140 1168 semper
1187 1101 1348 1155 modo
1395 1101 1712 1164 satiabere;
1747 1100 2076 1169 aspectabile

491 1198 676 1242 autem
712 1187 865 1247 illud.
921 1191 1249 1258 nunquam?
1295 1190 1362 1245 Et
1384 1191 1486 1247 hoc
1510 1206 1728 1262 quoque
1762 1194 1960 1261 placet,
1990 1191 2075 1245 in-

491 1291 632 1354 quit.
667 1291 779 1362 Age
804 1293 941 1361 jam,
976 1293 1152 1364 inquit
1176 1294 1265 1348 ille
1286 1336 1301 1357 ,
1333 1310 1401 1348 an
1426 1296 1631 1366 aliquid
1660 1297 1712 1349 in
1750 1296 1909 1350 nobis
1935 1311 2075 1365 prte-

490 1390 574 1435 ter
602 1396 802 1452 corpus
823 1384 1179 1455 animumque
1207 1388 1483 1455 reperias?
1513 1387 1659 1442 Nihil
1690 1401 1839 1452 vero,
1866 1389 2069 1458 inquit.

492 1471 611 1529 Utri
640 1489 771 1545 ergo
814 1476 999 1547 generi
1037 1492 1235 1546 corpus
1264 1487 1514 1535 nostrum
1546 1481 1722 1535 simile
1759 1483 1935 1551 magis
1976 1496 2070 1535 co-

489 1578 823 1638 gnatumque
854 1568 1198 1625 dixerimus?
1259 1569 1473 1626 Nemini
1522 1588 1671 1637 vero,
1720 1573 1917 1641 inquit,
1962 1573 2067 1627 du-

487 1659 662 1724 bium,
692 1661 824 1730 quin
850 1662 1183 1732 aspectabili.
1237 1663 1376 1731 Quid
1405 1666 1621 1719 animus
1659 1667 1875 1720 autem?
1924 1665 2065 1721 Num

488 1751 815 1820 aspectabile
860 1753 992 1823 quid
1035 1763 1139 1822 est,
1189 1769 1259 1810 an
1303 1757 1482 1825 potius
1534 1772 1644 1811 non
1694 1758 2067 1827 aspectabile?

2181 912 2447 983 μηδέποτε
2476 910 2619 964 κατά
2644 912 2848 974 ταυτας
2880 910 2991 965 Καὶ
3018 909 3213 975 ταῦτα,
3244 910 3372 981 ἔφη,
3392 909 3595 980 θῶμεν.
3618 912 3754 984 Φέρε

2175 1004 2258 1074 δὴ,
2315 1000 2352 1075 ἦ
2390 1003 2436 1056 δ’
2464 1003 2544 1068 ὃς,
2606 1002 2734 1056 ἄλλο
2779 1002 2846 1074 δή
2892 1019 2946 1055 τι
2990 1002 3101 1075 (77)
3130 1001 3289 1073 ἡμῶν
3339 1000 3520 1055 αὐτῶν
3564 1000 3627 1056 τὸ
3657 1004 3757 1073 μὲν

2177 1094 2338 1165 σῶμά
2367 1094 2477 1167 (78)
2509 1096 2646 1159 ἐστι,
2682 1094 2743 1147 τὸ
2765 1094 2821 1148 δὲ
2850 1094 3032 1166 ψυχή,
3078 1094 3244 1150 Οὐδὲν
3291 1094 3454 1161 ἄλλο,
3486 1094 3611 1166 ἔφη.
3651 1096 3754 1148 Πο-

2170 1186 2315 1257 τέρῳ
2343 1181 2435 1240 οὖν
2489 1186 2817 1258 ὁμοιὼτερον
2844 1184 2923 1257 τῷ
2953 1185 3081 1239 εῖδει
3130 1189 3334 1258 φαῖμεν
3379 1185 3446 1240 ἂν
3492 1183 3752 1240 εἶναικαὶ

2174 1278 2593 1350 συγγενέστερον
2623 1276 2684 1330 τὸ
2704 1276 2861 1348 σῶμα
2881 1294 2896 1343 ;
2918 1277 3112 1343 Παντὶ,
3133 1277 3261 1348 ἔφη,
3290 1276 3448 1331 τοῦτὸ
3476 1294 3539 1347 γε
3568 1277 3748 1349 δῆλον,

2171 1371 2251 1423 ὃτι
2280 1369 2358 1441 τῷ
2384 1368 2583 1442 ὁρατῷ.
2618 1370 2682 1422 Τί
2702 1369 2759 1423 δὲ
2787 1372 2820 1441 ἡ
2848 1370 3028 1442 ψυχή;
3058 1371 3253 1444 ὁρατὸν
3274 1410 3289 1435 ,
3333 1370 3367 1442 ἢ
3399 1371 3608 1435 άειδέςς
3638 1371 3750 1442 Οὐχ

2171 1460 2274 1513 ὑπὸ
2318 1458 2621 1531 ἀνθρώπων
2676 1477 2762 1529 γε,
2791 1454 2838 1513 ὧ
2865 1459 3174 1533 Σώκρατες,
3234 1461 3360 1532 ἔφη.
3431 1460 3591 1514 Ἀλλὰ
3641 1459 3750 1531 μὴν

2172 1554 2328 1623 ἡμεῖς
2355 1568 2419 1620 γε
2446 1551 2515 1606 τά
2542 1551 2712 1624 ὁρατὰ
2740 1553 2835 1606 καὶ
2861 1553 2931 1607 τὰ
2961 1554 3037 1626 μὴ
3065 1556 3135 1625 τῇ
3166 1553 3272 1607 τῶν
3313 1551 3616 1624 ἀνθρώπων
3648 1552 3749 1623 φύ-

2170 1661 2251 1697 σει
2280 1643 2561 1716 ἐλέγομεν,
2592 1645 2625 1716 ἢ
2657 1643 2792 1717 ἄλλῃ
2810 1646 2917 1698 τινὶ
2943 1644 3173 1718 οἴειςΤῇ
3201 1644 3311 1700 τῶν
3340 1644 3663 1717 ἀνθρώπων.
3681 1644 3749 1698 Τί

2167 1731 2258 1790 οὖν
2287 1737 2415 1809 περὶ
2454 1735 2631 1808 ψυχῆς
2681 1736 2939 1808 ἐλέγομεν
2966 1736 3192 1808 ὁρατὸν,
3223 1737 3257 1809 ἢ
3303 1738 3533 1808 ἀόρατον
3570 1727 3749 1801 εἷναι;

484 1840 604 1898 Non
634 1843 951 1903 hominibus
1003 1855 1149 1903 certe
1190 1850 1432 1919 quidem,
1482 1864 1517 1905 ο
1566 1825 1844 1907 Socrates.
1893 1852 2056 1923 Atqui

2164 1830 2278 1898 Ούχ
2291 1826 2506 1898 ὁρατόν.
2532 1826 2729 1891 ustae;
2758 1828 2897 1900 ἇρα;
2930 1828 3060 1885 Ναί.
3103 1827 3443 1899 Ὀμοιότερον
3464 1826 3573 1898 ἄρα
3600 1825 3751 1899 ψυχὴ

484 1949 588 1990 nos
616 1950 751 1992 sane
774 1951 902 1994 cum
925 1940 1255 2009 aspectabile
1293 1950 1390 1995 aut
1413 1956 1521 1996 non
1556 1937 1885 2011 aspecla'bile
1911 1942 2057 1999 dice-

483 2039 692 2092 remus,
726 2029 980 2085 humanae
1004 2041 1213 2087 natura:
1243 2043 1495 2102 respectu
1520 2043 1813 2105 utrumque
1837 2034 2061 2090 diceba-

484 2133 610 2175 mus
643 2140 657 2175 :
686 2120 768 2176 Tu
801 2137 928 2178 vero
953 2125 1188 2180 aliamne
1219 2126 1461 2195 aliquam
1505 2127 1831 2198 cogitabas?
1885 2126 2058 2199 Equi-

482 2211 605 2267 dem
656 2210 952 2269 humanam
1001 2230 1221 2286 quoque
1273 2218 1464 2273 solam.
1535 2217 1728 2274 Utrum
1781 2219 1946 2291 igitur
1991 2220 2060 2276 de

482 2304 668 2361 animo
707 2304 1043 2372 dicebamus,
1092 2310 1265 2365 videri
1310 2324 1437 2366 eum
1483 2326 1663 2381 posse,
1710 2327 1781 2367 an
1830 2312 2061 2367 contra?

478 2393 599 2450 Non
622 2408 807 2466 posse,
844 2399 1039 2471 inquit.
1086 2401 1223 2459 Esse
1251 2403 1416 2474 igitur
1441 2404 1646 2476 aliquid
1671 2417 1781 2459 non
1807 2413 2059 2474 aspecta-

480 2484 637 2542 bile?
675 2486 831 2545 Esse.
866 2491 1100 2549 Animus
1139 2509 1272 2566 ergo
1302 2496 1378 2550 rei
1404 2510 1512 2551 non
1540 2495 1857 2566 aspectabili
1895 2496 2054 2551 simi-

479 2578 589 2634 lior
616 2589 720 2648 est,
773 2598 937 2654 quam
971 2601 1203 2658 corpus;
1252 2589 1359 2646 hoc
1386 2604 1516 2646 vero
1547 2589 1864 2659 aspectabili
1897 2589 2052 2644 simi-

480 2670 622 2727 llus?
642 2670 877 2732 Necesse
904 2677 958 2733 id
982 2693 1232 2749 prorsus,
1259 2696 1295 2736 ο
1320 2679 1595 2738 Socrates.
1633 2681 1795 2752 552
1825 2679 1968 2736 Num
1995 2680 2051 2735 id

477 2772 738 2851 prater-ea
779 2767 1128 2836 dicebamus,
1175 2772 1418 2829 animum
1472 2776 1690 2844 quoties
1738 2773 1808 2829 ad
1847 2773 2053 2843 aliquid

477 2852 914 2927 investigandum
945 2860 1195 2931 corporis
1220 2877 1441 2933 operam
1472 2864 1924 2935 interponit,sive
1949 2864 2054 2920 hoc

476 2946 594 3002 visu
620 2946 735 3015 ﬁat,
785 2950 901 3008 sive
942 2953 1159 3020 auditu,
1203 2956 1317 3011 sive
1366 2956 1471 3012 alio
1510 2971 1839 3028 quocunque
1885 2973 2050 3013 sensu

476 3036 814 3108 (qued’enlm
841 3057 1004 3100 sensu
1032 3046 1359 3116 percipitur,
1392 3049 1641 3117 corporis
1666 3062 1830 3118 opera
1864 3049 2052 3119 utique

474 3129 813 3203 percipitur),
845 3134 1009 3191 toties
1036 3135 1281 3206 ejusdem
1310 3139 1560 3208 corporis
1589 3139 1672 3204 vi,
1704 3140 1773 3194 ad
1798 3154 1885 3206 ea,
1927 3154 2050 3209 qua:

2169 1918 2418 1989 σώματός
2434 1921 2550 1972 ἐστι
2567 1916 2643 1989 τῷ
2656 1919 2840 1982 ἀειδεῖ,
2854 1918 2914 1971 τὸ
2932 1918 2987 1972 δὲ
3001 1917 3079 1990 τῷ
3096 1918 3275 1991 ὁρατῷ
3294 1935 3308 1984 ;
3329 1918 3488 1972 Πᾶσα
3506 1918 3747 1989 ἀνάγκη,

2167 2005 2213 2064 ὦ
2242 2008 2550 2083 Σώκρατες.
2571 2010 2783 2064 Οὐκοῦν
2805 2011 2899 2064 καὶ⁵
2926 2011 3045 2064 τόδε
3076 2010 3357 2082 ἐλέγομεν,
3387 2011 3470 2064 ὅτι
3499 2011 3533 2081 ἡ
3574 2009 3743 2080 ψυχὴ,

2166 2103 2293 2157 ὅταν
2324 2103 2420 2173 μὲν
2450 2100 2527 2173 τῷ
2557 2100 2770 2172 σώματι
2800 2101 3139 2174 προσχρῆται
3162 2103 3242 2166 είς
3262 2102 3323 2155 τὸ
3348 2104 3568 2156 σκοπεῖν
3596 2118 3671 2163 τι,
3707 2099 3743 2170 ῆ

2166 2193 2253 2247 διὰ
2280 2193 2375 2248 τοῦ
2407 2195 2567 2266 ὁρᾷν,
2600 2193 2633 2263 ἢ
2663 2193 2749 2247 διὰ
2793 2191 2889 2246 τοῦ
2919 2193 3136 2246 ἀκούειν
3160 2233 3175 2258 ,
3206 2193 3241 2265 ἢ
3269 2193 3336 2248 δι’
3379 2193 3546 2266 ἄλλης
3596 2190 3743 2255 τινὸς

2166 2283 2491 2357 αἰσθήσεως
2517 2284 2710 2356 (τοῦτο
2737 2284 2845 2357 γάρ
2874 2288 2990 2339 ἐστι
3017 2285 3078 2339 τὸ
3103 2286 3193 2341 διὰ
3217 2286 3313 2340 τοῦ
3357 2286 3608 2359 σώματος
3631 2327 3648 2354 ,
3677 2283 3742 2339 τὸ

2164 2376 2231 2430 δι’
2252 2376 2554 2449 αἰσθήσεως
2585 2379 2805 2431 σκοπεῖν
2832 2394 2885 2430 τι
2988 2377 3109 2431 τότε
3141 2378 3238 2450 μὲν
3266 2378 3480 2431 ἕλκεται
3512 2378 3618 2431 ὑπὸ
3645 2378 3743 2432 τοῦ

2166 2464 2413 2536 σώματος
2429 2467 2507 2529 είς
2536 2466 2605 2519 τὰ
2620 2466 2890 2538 μηδέποτε
2910 2466 3052 2520 κατὰ
3064 2468 3233 2521 ταυτὰ
3250 2467 3440 2539 ἔχοντα
3458 2485 3471 2499 ·
3492 2470 3586 2524 καὶ
3602 2469 3743 2544 αὑτὴ

2163 2554 2450 2620 πλανᾶται,
2483 2557 2578 2610 καὶ
2604 2558 2951 2628 ταράττεται,
2982 2559 3077 2613 καὶ
3098 2558 3329 2632 ίλιγγιᾷ,
3361 2560 3549 2633 ὥσπερ
3573 2562 3739 2632 μεθύ-

2162 2663 2315 2707 ουσα,
2338 2647 2433 2701 ἆτε
2448 2634 2703 2701 τοιούτων
2721 2649 3098 2721 ἐφαπτομένη;
3121 2650 3268 2704 Πάνυ
3291 2668 3376 2721 γε.
3410 2653 3573 2706 Ὅταν
3601 2652 3658 2706 δέ
3675 2668 3741 2722 γε.

2160 2736 2298 2807 αὐτὴ
2329 2734 2448 2788 καθ’
2479 2736 2676 2807 ἑαυτὴν
2708 2739 2884 2808 σκοπῇ
2911 2778 2927 2802 ,
2959 2740 3139 2793 ἐκεῖσε
3182 2739 3412 2812 οἴχεται,
3441 2744 3519 2805 εἰς
3546 2742 3607 2796 τὸ
3635 2760 3736 2798 κα-

2161 2827 2325 2899 θαρόν
2354 2845 2417 2881 τε
2446 2828 2544 2882 καὶ
2569 2829 2656 2883 ἀεὶ
2685 2827 2744 2883 ὃν
2767 2830 2862 2883 καὶ
2890 2829 3177 2901 ἀθάνατον,
3195 2836 3290 2888 καὶ
3317 2835 3577 2900 ὡσαύτως
3593 2835 3737 2907 ἔχον,

2158 2921 2252 2976 καὶ
2279 2921 2354 2987 ὠς
2385 2919 2649 2994 ξυγγενὴς
2676 2918 2811 2977 οὖσα
2839 2925 3026 2990 αὑτοῦ,
3058 2927 3144 2981 ἀεὶ
3175 2929 3291 2999 μετ’
3321 2930 3530 2983 ἐκείνου
3559 2947 3620 2984 τε
3652 2931 3739 2999 γί-

2157 3032 2328 3082 νεται,
2359 3018 2486 3071 ὅταν
2519 3034 2625 3090 περ
2654 3019 2791 3091 αὐτὴ
2821 3021 2946 3075 καθ’
2976 3021 3173 3094 ἑαυτὴν
3203 3024 3462 3097 γένηται,
3503 3027 3600 3081 καὶ
3639 3008 3743 3099 ἐξῇ

2160 3110 2297 3180 αὐτῇ
2319 3127 2332 3140 ’
2370 3111 2464 3164 καὶ
2487 3110 2763 3167 πέπαυται
2789 3130 2849 3166 τε
2878 3113 2972 3167 τοῦ
3004 3115 3228 3181 πλάνου,
3260 3119 3355 3172 καὶ
3384 3118 3514 3191 περὶ
3552 3122 3738 3176 ἐκεῖνα

473 3198 975 3292 ηυῃειυαωέοάθω
1021 3198 1083 3282 se
1126 3228 1289 3284 modo
1334 3198 1537 3285 habent
1562 3198 1825 3302 pertrahi,
1867 3198 2055 3287 errare

2159 3198 2247 3252 ἀεὶ
2276 3198 2418 3255 κατὰ
2444 3199 2513 3253 τὰ
2540 3199 2682 3255 αὐτὰ
2710 3201 2805 3256 καὶ
2851 3201 3113 3270 ὡσαύτως
3157 3206 3271 3277 ἔχει
3290 3246 3311 3272 ,
3338 3208 3434 3262 ἅτε
3475 3210 3735 3265 τοιούτων

473 3327 660 3396 simul,
704 3333 1037 3401 perturbari,
1091 3343 1145 3390 et
1187 3335 1423 3406 quadam
1455 3337 1719 3409 vertigine
1764 3337 1848 3394 sic
1894 3338 2053 3409 quasi

470 3418 684 3477 ebrium
712 3424 1088 3491 circumferri,
1130 3427 1276 3496 quod
1304 3443 1487 3483 rerum
1519 3430 1747 3485 istarum
1771 3431 2053 3487 tractatio-

475 3526 598 3570 nem
645 3516 935 3588 attigerit?
991 3517 1246 3575 Omnino.
1303 3520 1373 3575 At
1414 3522 1507 3576 ubi
1550 3537 1648 3592 per
1691 3538 1814 3579 sese
1846 3522 2050 3594 aliquid

475 3607 591 3678 ipse
611 3611 1043 3690 contemplatur,
1074 3623 1187 3668 tum
1218 3615 1347 3671 illuc
1379 3631 1511 3671 sane
1538 3615 1925 3686 proﬁciscitur,
1957 3618 2055 3673 ubi

473 3715 597 3757 sese
620 3702 689 3757 ad
723 3712 932 3758 naturae
962 3707 1286 3777 purissimae,
1303 3724 1425 3778 qua:
1451 3708 1802 3779 sempiterna,
1821 3710 2051 3764 immor-

473 3794 632 3861 talis,
681 3804 735 3850 et
778 3798 1009 3852 rationis
1053 3814 1264 3869 semper
1292 3800 1535 3871 ejusdem
1568 3811 1685 3869 est,
1734 3802 2050 3857 societatem

470 3887 719 3959 adiungit
756 3906 769 3943 :
800 3889 1041 3961 adeoque
1073 3899 1331 3963 tanquam
1358 3893 1462 3963 ipsi
1493 3901 1779 3965 cognatus,
1827 3909 1951 3949 cum
1985 3909 2049 3949 ea

468 3989 721 4038 vcrsatur
763 3982 1018 4050 assidue,
1061 3985 1302 4054 quandiu
1350 3985 1571 4056 quidem
1616 3994 1673 4040 et
1720 3985 1864 4056 apud
1928 4001 2050 4040 sese

469 4080 574 4139 est,
624 4082 677 4128 et
704 4073 810 4144 ipsi
844 4073 969 4129 licet
998 4093 1012 4128 :
1045 4075 1230 4146 itaque
1257 4076 1326 4131 ab
1350 4077 1502 4131 omni
1544 4091 1729 4132 errore
1761 4077 2045 4141 liberatur,

468 4173 523 4219 et
566 4165 711 4221 circa
745 4181 917 4237 genus
946 4167 1079 4222 illud
1106 4182 1289 4222 rerum
1318 4169 1508 4223 eodem
1556 4182 1616 4225 se
1640 4168 1803 4223 modo
1834 4182 2049 4237 semper

468 4258 655 4327 habet,
689 4260 837 4330 quod
884 4261 939 4315 in
990 4274 1177 4315 earum
1226 4275 1346 4317 sese
1397 4265 1788 4318 commercium
1816 4260 2044 4317 dederit.

467 4349 574 4417 Qui
618 4352 838 4423 quidem
887 4353 1057 4408 animi
1087 4369 1285 4410 sensus
1331 4355 1620 4424 prudentia
1675 4363 2043 4422 nuncupatur.

468 4442 634 4500 Recte
656 4460 881 4515 prorsus
913 4461 977 4501 ac
1004 4461 1129 4501 vere
1154 4446 1417 4516 loqueris,
1443 4460 1477 4500 ο
1501 4446 1774 4502 Socrates.
1810 4444 1890 4501 Tu
1917 4461 2048 4518 ergo

2154 3289 2525 3361 ἐφαπτομένη.
2557 3290 2668 3344 Καὶ
2707 3291 2867 3346 τοῦτο
2908 3294 3078 3366 αὐτῆς
3105 3293 3166 3347 τὸ
3194 3293 3424 3367 πάθημα
3474 3296 3745 3368 φρόνησις

2154 3378 2436 3451 κέκληται.
2500 3380 2856 3437 Παντάπασιν
2877 3423 2893 3449 ,
2945 3383 3051 3455 ἐφη
3075 3424 3094 3451 ,
3147 3382 3328 3449 καλῶς
3346 3424 3362 3450 ,
3408 3385 3505 3439 καὶ⁸
3556 3384 3741 3459 ἀληθῆ

2152 3470 2353 3540 λέγεις,
2383 3465 2429 3524 ὧ
2457 3469 2763 3544 Σώκρατες.
2821 3472 3043 3546 Ποτέρῳ
3099 3469 3192 3527 οὖν
3235 3470 3302 3528 αὖ
3348 3490 3431 3528 σοι
3470 3475 3621 3533 δοκεῖ
3645 3475 3725 3544 τῷ

2153 3550 2282 3616 είδεί
2312 3564 2406 3617 καὶ
2434 3563 2499 3615 ὲκ
2526 3562 2635 3617 τῶν
2666 3560 2901 3633 πρόσθεν
2930 3563 3256 3635 εἰρημένων,
3289 3563 3383 3617 καὶ
3411 3564 3477 3616 ἐκ
3496 3563 3604 3617 τῶν
3633 3563 3738 3621 νῦν

2151 3652 2480 3724 λεγομένων,
2510 3654 2547 3724 ἡ
2572 3651 2719 3724 ψυχὴ
2748 3652 3057 3723 ὁμοιότερον
3087 3647 3226 3707 εἶναι
3255 3652 3347 3707 καὶ
3378 3652 3731 3724 συγγενέστε-

2154 3761 2277 3817 ρον;
2336 3745 2451 3808 Πᾶς
2503 3742 2569 3797 ἂν
2588 3782 2604 3807 ,
2633 3742 2819 3815 ἔμοιγε
2847 3744 3012 3810 δοκεῖ,
3043 3739 3079 3816 ἦ
3106 3744 3150 3797 δ’
3198 3744 3289 3811 ὃς,
3332 3746 3682 3817 συγχωρήσαι
3709 3785 3730 3813 ,

2150 3828 2196 3888 ὧ
2225 3832 2529 3906 Σώκρατες,
2560 3835 2624 3885 ὲκ
2653 3833 2855 3903 ταύτης
2882 3834 2979 3905 τῆς
3011 3834 3232 3906 μεθόδου
3260 3835 3356 3889 καὶ
3392 3838 3420 3889 ὁ
3456 3833 3735 3906 δυσμαθέ-

2153 3943 2344 3990 στατος
2362 3965 2377 3990 ,
2408 3926 2491 3979 ὅτι
2520 3926 2626 3998 ὅλῳ
2655 3927 2750 3980 καὶ
2791 3927 2954 3980 παντὶ
2982 3928 3294 4001 ὁμοιότερόν
3323 3930 3470 3983 ὲστιν
3518 3930 3551 4000 ὴ
3580 3928 3733 4001 ψυχὴ

2148 4014 2226 4086 τῷ
2246 4016 2331 4069 ἀεὶ
2358 4015 2620 4080 ὡσαύτως
2657 4015 2833 4087 ἔχοντι
2885 4017 3112 4089 μᾶλλον,
3176 4017 3204 4089 ἢ
3261 4017 3339 4091 τῷ
3396 4019 3494 4091 μή.
3550 4018 3615 4071 Τί
3668 4016 3729 4072 δὲ

2148 4107 2211 4160 τὸ
2268 4107 2462 4180 σῶμα;
2540 4108 2630 4181 Τῷ
2683 4110 2873 4183 ἑτέρῳ.
2943 4112 3085 4183 Ὅρα
3133 4111 3198 4183 δὴ
3244 4112 3340 4166 καὶ
3399 4112 3553 4183 τῇδε·
3605 4113 3726 4167 Ὅτι

2149 4199 2367 4255 ἐπειδὰν
2397 4202 2455 4253 ὲν
2483 4201 2561 4272 τῷ
2590 4201 2736 4275 αὐτῷ
2764 4196 2866 4256 ὦσι
2895 4202 3041 4275 ψυχὴ
3071 4202 3361 4275 καὶσῶμα,
3388 4203 3467 4274 τῷ
3498 4204 3596 4274 μὲν
3615 4203 3728 4258 δου-

2148 4291 2324 4348 λεύειν
2353 4295 2446 4347 καὶ
2473 4293 2736 4368 ἄρχεσθαι
2753 4297 2787 4367 ἡ
2809 4295 2969 4364 φύσις
2990 4295 3336 4367 προστάττει,
3358 4298 3425 4367 τῇ
3455 4295 3510 4349 δὲ
3536 4295 3731 4367 ἄρχειν

2148 4385 2243 4437 καὶ
2292 4385 2600 4451 δεσπόζειν·
2663 4386 2758 4440 καὶ
2813 4386 2954 4441 κατὰ
2983 4386 3155 4441 ταῦτα
3210 4382 3299 4451 αὖ,
3362 4387 3586 4459 πότερόν
3643 4404 3730 4440 σοι

2148 4476 2331 4547 ὅμοιον
2371 4477 2517 4532 δοκεῖ
2556 4478 2634 4550 τῷ
2681 4478 2810 4550 θείῳ
2842 4475 3005 4545 εἶναι,
3037 4478 3131 4532 καὶ
3163 4478 3386 4549 πότερον
3415 4478 3494 4549 τῷ
3514 4478 3729 4550 θνητῷ,

465 4551 593 4591 cum
637 4536 1043 4607 superioribus,
1089 4546 1205 4593 tum
1231 4539 1298 4595 iis
1331 4546 1622 4610 praeterea,
1675 4555 1796 4611 quae
1822 4554 1853 4594 a
1886 4539 2047 4594 nobis

2158 4536 2228 4622 "ll
2257 4571 2317 4623 ού
2346 4569 2493 4624 δοκεῖ
2538 4536 2619 4625 σοί
2655 4571 2718 4625 τὸ
2756 4536 2853 4642 μὲν
2883 4536 3025 4624 θεῖον
3062 4568 3249 4640 ἄρχειν
3277 4536 3337 4621 τε
3380 4536 3478 4623 καί
3517 4536 3723 4641 ἡγεμολ

464 4631 768 4685 etiamnum
812 4631 1196 4703 disputantur,
1246 4635 1548 4704 adductus,
1592 4636 1702 4691 utri
1731 4635 1947 4691 tandem
1980 4650 2045 4691 ex

465 4735 561 4790 illo
590 4734 791 4805 duplici
843 4752 1041 4807 genere
1084 4737 1404 4793 similiorem
1447 4731 2049 4809 animum,'magisque

464 4834 760 4897 cognatum
786 4827 1108 4882 arbitraris?
1160 4826 1333 4884 Nemo
1359 4829 1507 4884 enim
1538 4827 1752 4898 opinor,
1786 4842 1820 4883 o
1852 4824 2049 4882 Socra-

467 4923 550 4970 tes
569 4954 584 4979 ,
616 4916 965 4972 tardissimus
988 4917 1115 4972 licet
1144 4927 1308 4988 atque
1334 4919 1727 4989 pinguisslmus
1746 4960 1763 4986 ,
1804 4933 1915 4973 non
1945 4919 2048 4972 hac

468 5015 559 5064 tua
587 5010 1061 5077 argumentatione
1093 5011 1380 5067 convictus
1404 5019 1684 5083 agnoscat,
1708 5010 1762 5065 in
1790 5010 2047 5067 omnibus

468 5098 717 5165 omnino,
765 5109 975 5155 natura:
1004 5098 1081 5155 illi
1113 5101 1437 5159 similiorem
1478 5115 1602 5157 esse
1653 5102 1896 5163 animum
1923 5118 2048 5174 quae

467 5192 660 5248 eodem
707 5207 767 5247 se
815 5194 980 5248 modo
1021 5200 1237 5265 semper
1266 5180 1496 5262 habeat,
1544 5208 1709 5265 quam
1736 5196 1787 5250 ei
1817 5211 1938 5264 qum
1961 5211 2047 5251 se-

468 5301 588 5342 cus.
623 5284 836 5357 Corpus
860 5302 993 5342 vero
1014 5286 1191 5358 quid?
1219 5272 1393 5341 Alteri
1428 5286 1699 5344 videlicet.
1750 5286 1871 5343 Jam
1911 5288 2043 5344 mihi

467 5392 685 5448 quoque
711 5379 858 5433 istud
889 5379 1104 5434 attende
1137 5397 1149 5431 :
1185 5378 1316 5433 dum
1346 5377 1512 5434 simul
1567 5379 1782 5435 animus
1812 5395 2045 5450 corpus-

468 5486 574 5542 que
607 5482 926 5538 versantur,
963 5471 1092 5527 huic
1121 5472 1434 5528 servitutem
1462 5480 1517 5527 et
1546 5473 1870 5544 obsequium
1936 5475 2044 5539 im-

538 5640 565 5667 ι
601 5625 762 5683 Forte
788 5626 978 5684 τοῦτον
1010 5631 1102 5685 τὺν
1133 5633 1317 5689 τόπον.

542 5717 1066 5800 (Ἰϐλρῷμεγιοῆν.
1109 5722 1401 5800 sequentia
1438 5730 1592 5800 leges
1642 5730 1697 5788 in
1751 5732 2039 5799 Pha'done,

471 5804 593 5858 pag.
619 5788 722 5845 585
753 5790 947 5857 Ficiui,
975 5788 1399 5854 Scrraui'autem
1435 5788 1521 5855 79:

2149 4661 2322 4716 νεύειν
2378 4662 2694 4732 πεφυκέναι,
2752 4661 2812 4716 τὸ
2858 4661 2916 4716 δὲ
2965 4661 3156 4733 θνητὸν
3204 4660 3466 4734 ἄρχεσθαί
3514 4678 3573 4714 τε
3629 4659 3725 4715 καὶ

2147 4752 2444 4820 δουλεύειν;
2505 4754 2755 4826 Ἔμοιγε.
2838 4753 3060 4825 Ποτέρῳ
3112 4747 3204 4806 οὗν
3257 4755 3291 4824 ἡ
3347 4751 3495 4824 ψυχὴ
3548 4750 3722 4815 Eous;

2147 4844 2379 4915 Δηλαδὴ,
2411 4840 2456 4899 ὧ
2485 4844 2792 4917 Σώκρατες,
2825 4846 2907 4898 ὅτι
2937 4846 2970 4917 ὴ
3005 4845 3103 4916 μὲν
3131 4845 3277 4916 ψυχὴ
3307 4843 3382 4915 τῷ
3404 4844 3554 4914 θείῳ,
3584 4842 3645 4896 τὸ
3664 4842 3722 4897 δὲ

2148 4933 2307 5005 σῶμα
2361 4933 2437 5005 τῷ
2468 4934 2665 5006 θνητῷ.
2719 4934 2919 4989 Σκόπει
2948 4933 3014 5005 δὴ
3035 4974 3050 4999 ,
3081 4935 3208 5006 ἔφη,
3251 4929 3297 4988 ὦ
3325 4932 3528 5004 Κέϐης,
3581 4934 3630 4987 εἰ
3656 4933 3721 4986 ἐκ

2148 5027 2366 5081 πάντων
2393 5026 2501 5081 τῶν
2530 5027 2835 5099 εἰρημένων
2853 5028 2982 5081 τάδε
3004 5030 3133 5099 ἡμῖν
3164 5026 3447 5099 ξυμϐαίνει
3467 5042 3482 5058 ο
3513 5025 3593 5097 τῷ
3623 5025 3722 5098 μὲν

2147 5116 2297 5189 θείῳ,
2328 5120 2424 5173 καὶ
2451 5118 2726 5191 ἀθανάτῳ,
2772 5119 2868 5173 καὶ
2895 5118 3091 5191 νοητῷ,
3150 5121 3246 5172 καὶ
3296 5118 3577 5189 μονοειδεῖ,
3628 5116 3723 5171 καὶ

2145 5211 2433 5284 ἀδιαλύτῳ,
2466 5213 2561 5266 καὶ
2589 5212 2677 5266 ἀεὶ
2698 5211 2979 5276 ὡσαύτως,
3002 5212 3094 5265 καὶ
3123 5209 3265 5266 κατὰ
3291 5210 3362 5264 τὰ
3388 5209 3527 5265 αὐτὰ
3546 5208 3722 5281 ἔχοντι

2147 5305 2326 5373 ἑαυτὸ,
2357 5307 2671 5377 ὁμοιότατον
2720 5302 2856 5359 εἶναι
2899 5306 3108 5377 ψυχήνσ
3153 5304 3229 5376 τῷ
3254 5304 3310 5356 δὲ
3353 5302 3677 5375 ἀνθρωπίνῳ
3701 5341 3718 5367 ,

2146 5398 2240 5450 καὶ
2268 5396 2466 5469 θνητῷ,
2499 5399 2594 5451 καὶ
2621 5398 2852 5468 ἀνοήτῳ,
2879 5397 2971 5449 καὶ
3005 5395 3292 5461 πολυειδεῖ,
3339 5393 3434 5447 καὶ
3461 5391 3717 5462 δωλυτῷ,

2145 5490 2240 5543 καὶ
2273 5490 2538 5561 μηδέποτε
2569 5492 2710 5543 κατὰ
2731 5489 2800 5542 τὰ
2828 5489 2968 5544 αὐτὰ
2996 5488 3172 5558 ἔχοντι
3201 5486 3383 5552 ἑαυτὸ,
3404 5486 3719 5558 ὁμοιότατον

2215 5733 2328 5806 (77)
2362 5732 2632 5806 ’ᾼλλοδή
2658 5752 2733 5806 τι.
2771 5734 3187 5806 Ριοιορατιίουι.
3217 5734 3281 5806 δὴ
3302 5749 3408 5806 non
3440 5733 3712 5806 agnoscit.

2215 5804 2328 5870 (78)
2362 5803 2429 5859 Τὸ
2456 5806 2567 5871 μὲν
2598 5804 2787 5873 σῶμα.
2819 5803 2973 5861 Plato
3001 5805 3033 5873 ἢ
3065 5805 3124 5859 τὸ
3160 5803 3467 5875 μὲνήσῶμα.
