4156 6408
368 347 463 403 991

1566 345 1882 400 l‘R/EPAIL
1921 343 2169 401 EVANG.
2211 342 2335 398 LIB.
2384 343 2473 398 ΧΙ.

3534 336 3642 391 9‘12

365 459 434 516 αὖ
459 459 597 516 εἶναι
624 461 686 515 τδ
715 461 894 532 σῶμα.
917 461 1154 531 Ἔχομέν
1181 478 1233 513 τι
1252 460 1402 534 παρὰ
1417 461 1588 514 ταῦτα
1607 461 1734 515 ἄλλο
1750 460 1929 529 λέγειν

2057 459 2268 529 perium
2316 459 2393 514 illi
2434 468 2598 528 atque
2650 457 3015 519 dominatum,
3058 457 3128 512 ab
3170 457 3402 526 ipsamet
3445 463 3641 513 natura

363 548 410 610 ὦ
438 555 558 624 φίλε
585 554 791 624 Κέϐης,
807 555 881 616 ὡς
902 554 999 623 οὺχ
1015 552 1186 616 οὕτως
1205 553 1344 622 ἔχεις
1370 554 1484 606 Οὐκ
1503 553 1718 624 ἔχομεν.
1743 553 1808 606 Τί
1825 549 1949 618 οῦνς

362 645 568 702 τούτων
591 646 765 710 οὓτως
781 647 1033 716 ἐχόντων,
1060 642 1148 716 ἆρ’
1167 646 1226 698 οὐ
1263 645 1474 716 σώματι
1500 647 1597 715 μὲν
1613 647 1747 716 ταχὺ
1777 646 1954 699 διαλύ-

361 737 516 794 εσθαι
535 739 822 810 προσήκει,
842 739 986 809 ψυχῇ
1007 739 1062 792 δὲ
1083 735 1148 791 αὖ
1172 740 1493 811 τοπαράπαν
1509 739 1778 810 ἀδιαλύτῳ
1790 735 1948 805 εἶναι,

361 829 396 900 ἢ
428 828 596 898 ἐγγύς
614 846 666 882 τι
687 830 907 896 τούτου;
929 829 1054 892 Πῶς
1083 829 1192 902 γὰρ
1217 829 1277 883 οῦ
1300 847 1394 895 ;——
1415 831 1660 893 Συννοεῖς
1684 827 1797 893 οῦν,
1821 831 1946 901 ἔφη,

360 922 441 975 ὅτι
475 921 694 974 ἐπειδάν
727 920 974 992 ἀποθάνῃ
1005 922 1034 972 ὁ
1067 920 1372 991 ἄνθρωπος,
1403 921 1463 973 τὸ
1501 921 1600 990 μὲν
1627 921 1820 991 ὁρατὸν
1847 923 1947 975 αὐ-

359 1016 454 1069 τοῦ
484 1015 544 1068 τδ
572 1013 730 1086 σῶμα
760 1016 854 1068 καὶ
880 1017 936 1068 ὲν
965 1012 1145 1085 ὁρατῷ
1178 1013 1449 1084 κείμενον,
1482 1014 1509 1066 ὃ
1533 1013 1595 1084 δὴ
1630 1013 1820 1086 νεκρὸν
1850 1033 1948 1068 κα-

359 1104 577 1176 λοῦμεν,
607 1099 652 1173 ᾧ
679 1105 943 1176 προσήκει
986 1102 1314 1169 διαλύεσθαι,
1363 1105 1459 1157 xal
1487 1103 1818 1169 διαπίπτειν,
1853 1105 1946 1157 καὶ

359 1196 720 1260 διαπνεῖσθαι,
755 1197 853 1249 οὐκ
884 1197 1045 1260 εὐθὺς
1085 1197 1287 1250 τούτων
1317 1195 1468 1248 οὐδὲν
1505 1195 1792 1259 πέπονθεν,
1830 1195 1944 1249 ἀλλ’

361 1288 620 1352 ἐπιεικῶς
659 1287 850 1359 συχνὸν
893 1288 1140 1358 ἐπιμένει
1187 1287 1402 1359 χρόνον
1453 1287 1546 1340 ἐὰν
1594 1288 1693 1358 μέν
1727 1306 1810 1352 τις
1853 1290 1945 1342 καὶ

361 1381 829 1453 χαριέπωςίέχων
860 1381 921 1435 τὸ
956 1381 1112 1453 σῶμα
1143 1381 1465 1455 τελευτήσῃ,
1494 1381 1587 1434 καὶ
1618 1383 1676 1434 ἐν
1707 1385 1773 1452 τῇ
1804 1382 1942 1454 αὐτῇ

358 1474 496 1546 ῶρᾳ,
547 1459 656 1528 καὶ¹
689 1475 827 1528 πάνυ
877 1474 1038 1545 μάλα.
1091 1475 1377 1544 Συμπεσὸν
1422 1473 1532 1545 γάρ
1564 1474 1623 1526 τὸ
1658 1474 1815 1544 σῶμα
1849 1477 1944 1528 καὶ

358 1565 694 1638 ταριχευθὲν,
719 1564 906 1638 ῶσπερ
925 1568 974 1618 οἱ
999 1569 1055 1619 ἐν
1083 1566 1341 1636 Αἰγύπτῳ
1364 1565 1800 1638 ταριχευθέντες,
1827 1566 1941 1620 ὀλί-

359 1675 455 1727 γου
487 1658 606 1714 ὅλον
641 1658 789 1729 μένει
817 1659 1098 1728 ἀμήχανον
1129 1659 1249 1710 ὅσον
1279 1659 1485 1729 χρόνον.
1527 1659 1684 1710 Ἔνια
1713 1657 1768 1711 δὲ
1800 1658 1940 1730 μέρη

354 1750 446 1805 τοῦ
482 1749 751 1822 σώματος,
793 1751 885 1804 καὶ
912 1751 1006 1805 ἐὰν
1041 1754 1211 1822 σαπῇ,
1242 1752 1376 1804 δστᾶ
1399 1767 1458 1802 τε
1493 1751 1586 1804 καὶ
1619 1749 1807 1821 νεῦρα,
1843 1751 1938 1803 καὶ

352 1843 424 1898 τὰ
453 1842 679 1896 τοιαῦτα
718 1842 916 1907 πάντα,
954 1843 1122 1912 ὅμως,
1167 1842 1242 1906 ὼς
1277 1841 1406 1906 ἔπος
1451 1843 1645 1905 εἰπεῖν,
1694 1840 1937 1895 ἀθάνατά

353 1937 521 1999 ἐστιν,
551 1935 585 2007 ἢ
616 1933 677 1987 οὕ
699 1953 712 2002 ;
738 1964 805 1974 -—
834 1935 957 1987 Ναί.
1007 1935 1070 1986 Ἠ
1108 1935 1166 1987 δὲ
1195 1933 1341 2005 ψυχὴ
1382 1935 1508 2004 ἄρα,
1548 1932 1630 2003 (τὸ
1653 1932 1848 1997 ἀειδὲς,
1878 1932 1938 1986 τὺ

351 2029 430 2091 είς
463 2028 700 2082 τοιοῦτον
741 2027 905 2081 τόπον
953 2027 1140 2099 ἕτερον
1180 2028 1481 2098 οἰχόμενον,
1527 2029 1794 2095 γενναῖον,
1845 2026 1938 2079 καὶ

347 2121 611 2193 καθαρὸν,
655 2123 749 2175 καὶ
790 2122 964 2193 ἀειδῆ,
1003 2124 1083 2185 εἰς
1116 2120 1264 2192 ᾅδου,
1296 2121 1372 2184 ὡς
1399 2121 1634 2191 ἀληθῶς,
1661 2119 1815 2190 παρά
1845 2119 1938 2172 τὸν

345 2212 556 2280 ἀγαθὸν
589 2215 684 2268 καὶ
717 2213 978 2286 φρόνιμον
1005 2211 1158 2277 Θεὸν,
1190 2209 1258 2278 οἶ,
1296 2212 1391 2266 ἐὰν
1417 2215 1444 2266 δ
1466 2212 1597 2276 Θεὸς
1626 2213 1802 2285 ἐθέλῃ,
1837 2213 1937 2265 αὐ-

341 2303 478 2358 τίκα
505 2305 600 2358 καὶ
633 2308 698 2376 τῇ
730 2308 836 2377 ἐμῇ
866 2306 1010 2377 ψυχῇ
1044 2305 1226 2376 ίτέον·)
1253 2304 1391 2375 αῦτη
1426 2305 1482 2357 δὲ
1515 2305 1578 2376 δὴ
1609 2306 1742 2375 ἡμῖν
1770 2306 1802 2374 ἡ
1826 2319 1937 2356 τοι-

342 2397 517 2468 αύτη,
566 2400 660 2452 καὶ
700 2398 844 2452 οὓτω
880 2400 1173 2467 πεφυκυῖα,
1221 2396 1668 2467 ἀπαλλαττομένη
1701 2394 1797 2448 τοῦ
1833 2393 1938 2448 σῶ-

348 2508 538 2563 ματος,
569 2490 730 2554 εὐθὺς
759 2490 1178 2560 διαπεφύσηται,
1215 2490 1309 2544 καὶ
1337 2489 1636 2549 ἀπόλωλεν,
1669 2486 1746 2550 ῶς
1773 2503 1936 2556 φασιν

345 2585 396 2637 οί
457 2583 643 2637 πολλοὶ
701 2583 1012 2654 ἀνθρωποι;
1064 2581 1268 2636 Πολλοῦ
1307 2599 1372 2650 γε
1429 2580 1523 2635 καὶ
1571 2580 1684 2642 δεῖ,
1728 2572 1772 2631 ὦ
1815 2578 1934 2647 φίλε

347 2671 529 2744 Κέϐης
555 2691 614 2727 τε
645 2675 740 2728 καὶ
770 2673 1000 2746 Σιμμία.
1048 2673 1209 2727 Ἀλλά
1241 2671 1421 2743 πολλῷ
1452 2671 1650 2743 μᾶλλον
1674 2665 1775 2727 ὦδε
1800 2671 1930 2740 ἔχει·

359 2764 482 2818 Ἐὰν
509 2766 606 2835 μὲν
633 2766 850 2839 καθαρά
881 2765 1292 2837 ἀπαλλάττηται
1323 2765 1416 2818 τοῦ
1449 2763 1720 2836 σώματος,
1769 2764 1934 2835 μηδὲν

346 2857 765 2926 συνεφέλκουσα,
795 2857 890 2911 ἆτε
919 2857 1072 2911 οὐδὲν
1100 2857 1432 2910 κοινωνοῦσα
1462 2854 1610 2925 αὐτῷ
1643 2858 1698 2908 ἐν
1723 2855 1800 2925 τῷ
1835 2855 1934 2926 βίῳ

345 2944 548 2999 ἑκοῦσα
578 2943 754 3011 εἶναι,
797 2946 935 3001 ἀλλὰ
989 2947 1264 3016 φεύγουσα
1309 2946 1470 3010 αὐτὸ,
1511 2946 1604 2998 καὶ
1653 2944 1936 3018 συνηθροι-

346 3037 518 3108 σμένη
544 3037 684 3108 αὑτὴ
721 3039 800 3102 είς
828 3037 1047 3108 ἑαυτὴν,
1071 3038 1166 3092 ἀτε
1199 3035 1481 3108 μελετῶσα
1504 3035 1616 3107 (79)
1645 3037 1732 3089 ἀεὶ
1752 3035 1928 3088 τοῦτο·

2057 550 2375 604 mandatum
2423 563 2566 605 esse.
2613 548 2824 615 Quibus
2853 563 2884 604 e
2917 544 3130 601 duobus
3149 556 3328 601 utrum
3361 562 3522 616 porro
3554 549 3640 602 di-

2055 646 2215 709 vinae,
2248 655 2429 698 utrum
2455 643 2671 698 mortali
2703 652 2911 705 natura:
2940 640 3096 695 aliine
3126 640 3455 695 arbitraris?
3497 639 3638 695 Num

2053 738 2152 792 tibi
2187 746 2248 792 ut
2277 738 2547 807 imperare
2574 751 2640 790 ac
2671 735 2944 790 moderari
2965 775 2980 800 ,
3013 734 3280 796 divinum,
3315 732 3388 786 ita
3413 733 3643 804 obsequi

2053 845 2118 884 ac
2153 830 2382 895 servire,
2428 831 2658 889 mortale
2688 827 2788 882 tibi
2823 825 3083 897 quiddam
3110 825 3362 880 videtur?
3414 824 3642 883 Videtur

2051 926 2203 978 sane.
2264 919 2456 978 Utrius
2511 937 2641 992 ergo
2689 919 2884 975 similis
2925 919 3140 973 animus
3164 918 3288 973 est?
3346 917 3642 974 Enimvero

2047 1014 2247 1070 divinae
2273 1014 2517 1068 animum
2539 1055 2555 1080 ,
2603 1028 2803 1083 corpus
2832 1012 3048 1065 mortali
3078 1011 3257 1064 simile
3294 1026 3416 1066 esse
3446 1011 3638 1082 liquet,

2049 1118 2082 1157 o
2111 1102 2382 1159 Socrates.
2424 1103 2556 1160 Vide
2584 1104 2768 1174 igitur,
2802 1103 2999 1171 inquit,
3041 1117 3075 1156 o
3107 1100 3298 1166 Cebes,
3326 1117 3457 1156 num
3489 1104 3542 1158 id
3569 1121 3635 1158 ex

2047 1196 2425 1265 superioribus
2471 1198 2730 1253 omnibus
2783 1210 3208 1270 consequatur:
3247 1201 3477 1268 divinat,
3527 1203 3636 1260 im-

2047 1287 2300 1352 mortali,
2351 1288 2621 1356 spiritali,
2650 1290 2922 1360 simplici,
2974 1292 3376 1360 indissolubili,
3419 1309 3639 1365 unoque

2046 1396 2262 1450 semper
2285 1388 2339 1434 et
2369 1381 2558 1436 eodem
2594 1397 2652 1436 sc
2683 1382 2844 1436 modo
2873 1383 3092 1438 habenti
3139 1394 3348 1441 natura:
3367 1427 3382 1453 ,
3421 1387 3638 1443 similli-

2045 1488 2193 1526 mum
2221 1487 2344 1528 esse
2371 1473 2612 1528 animum
2645 1491 2660 1529 :
2695 1490 2896 1544 corpus
2926 1485 3136 1541 contra,
3179 1477 3452 1544 humanae,
3485 1495 3636 1535 mor-

2046 1563 2160 1630 tali,
2209 1563 2408 1620 mentis
2451 1565 2679 1634 experti,
2711 1567 3022 1637 multiplici,
3057 1569 3318 1624 solutioni
3361 1571 3632 1632 obnoxiae.

2045 1671 2146 1711 nec
2173 1656 2437 1712 rationem
2469 1674 2682 1728 semper
2704 1660 2951 1714 eamdem
2996 1661 3316 1732 vultumque
3354 1663 3632 1726 retinenti.

2045 1747 2406 1804 simillimum.
2475 1749 2738 1806 Causaene
2808 1753 3043 1809 dicimus
3108 1755 3346 1826 aliquid,
3420 1755 3633 1812 charis-

2041 1839 2180 1894 sime
2209 1840 2418 1906 Cebes,
2467 1844 2766 1911 quominus
2795 1860 2923 1900 vera
2969 1846 3073 1902 ista
3105 1847 3432 1903 videantur?
3484 1847 3634 1904 Nihil

2039 1931 2217 2000 plane.
2277 1930 2404 1988 Hmc
2429 1950 2558 2004 ergo
2590 1950 2712 1990 cum
2748 1937 2820 1991 ita
2869 1938 2998 2005 sint,
3053 1940 3300 2011 nunquid
3346 1943 3632 2012 proprium

2038 2021 2093 2076 id
2138 2024 2388 2094 corporis
2437 2025 2673 2092 est,-uti
2721 2027 2871 2082 brevi
2912 2029 3180 2098 solvatur,
3213 2032 3382 2086 animi
3416 2043 3628 2098 contra,

2036 2117 2122 2173 vel
2167 2126 2228 2172 ut
2274 2135 2555 2189 nunquam
2591 2121 2808 2190 penitus
2853 2121 3077 2178 dissolvi
3110 2127 3316 2195 possit,
3353 2128 3436 2182 vel
3481 2129 3630 2184 aliud

2037 2208 2296 2278 quiddam
2350 2209 2514 2279 hujus
2561 2211 2893 2269 conditionis
2935 2214 3130 2271 aliine?
3179 2216 3339 2288 553
3392 2219 3626 2290 Quippe.

2035 2301 2154 2358 Jam
2185 2303 2440 2374 intelligis
2485 2305 2602 2374 ipse
2633 2321 2866 2371 mecum,
2899 2307 3095 2378 inquit,
3129 2311 3221 2365 ubi
3256 2313 3420 2366 homo
3453 2313 3628 2369 inter-

2036 2396 2181 2461 ierit,
2234 2411 2437 2467 corpus
2484 2397 2589 2454 hoc
2634 2399 2752 2468 ejus
2797 2402 3162 2470 aspectabile,
3198 2405 3345 2475 quod
3374 2405 3428 2460 in
3463 2423 3521 2461 re
3553 2409 3625 2462 si-

2035 2489 2238 2544 militer
2286 2489 2607 2559 aspectabili
2631 2491 2795 2560 jacet,
2831 2508 2953 2563 quae
3003 2509 3033 2548 a
3079 2495 3238 2552 nobis
3273 2497 3504 2553 cadaver
3529 2514 3628 2569 ap-

2035 2581 2290 2651 pellatur,
2305 2581 2464 2652 cujus
2497 2582 2550 2638 id
2578 2585 2858 2654 proprium
2887 2593 2992 2652 est,
3017 2596 3076 2642 ut
3106 2588 3370 2655 solvatur,
3392 2589 3621 2654 dillluat,

2034 2681 2348 2738 evanescat,
2390 2673 2659 2745 ejusmodi
2717 2685 2899 2732 tamen
2932 2679 3194 2735 continuo
3229 2680 3416 2736 subire
3446 2682 3626 2749 nihil;

2037 2767 2130 2820 sed
2162 2765 2344 2835 potius
2374 2768 2510 2822 satis
2544 2767 2713 2821 multo
2764 2777 3010 2839 tempore
3060 2771 3364 2828 consistere
3411 2791 3425 2826 :
3463 2775 3630 2829 adeo-

2035 2872 2142 2926 que
2171 2858 2217 2912 si
2248 2857 2372 2926 quis
2399 2857 2643 2914 l'ormoso
2685 2869 2738 2914 et
2783 2861 3013 2931 eleganti
3046 2877 3274 2931 corpore
3305 2863 3623 2932 decesserit,

2035 2947 2186 3002 illam
2221 2948 2394 3018 ipsam
2428 2949 2748 3020 dignitatem
2800 2966 2866 3006 ac
2909 2953 3146 3021 speclem
3175 2953 3468 3010 admodum
3495 2960 3627 3011 reti-

2037 3055 2185 3094 nere.
2229 3039 2294 3094 Et
2318 3055 2449 3094 vero
2479 3050 2828 3109 posteaquam
2859 3043 3193 3098 exsiccatum
3236 3044 3401 3100 fuerit
3429 3049 3624 3104 cendi-

348 3129 524 3200 (τοῦτο
548 3131 606 3184 δὲ
635 3131 785 3185 οὐδὲν
817 3131 946 3186 ἄλλο
974 3131 1121 3184 ἐστὶν
1150 3130 1182 3202 ἢ
1216 3128 1391 3201 ὀρθῶς
1419 3127 1807 3197 φιλοσοφοῦσα,
1839 3129 1933 3182 καὶ

2039 3143 2262 3205 tumque
2306 3151 2528 3205 corpus,
2578 3144 2634 3190 ut
2664 3136 2757 3207 qui
2787 3137 2930 3206 apud
2966 3135 3254 3209 {Egyptios
3287 3141 3501 3196 condiri
3530 3157 3625 3197 sos

345 3221 420 3293 τῷ
451 3223 564 3276 δντι
589 3222 838 3278 τεθνάναι
873 3221 1153 3294 μελετῶσα
1183 3220 1399 3292 ῥᾳδίωςο
1433 3221 1466 3292 ἢ
1491 3221 1551 3272 οὑ
1581 3219 1724 3272 τοῦτ’
1751 3218 1816 3272 ἂν
1844 3221 1927 3291 εἴη

347 3314 542 3386 μελέτη
575 3315 805 3369 θανάτου
831 3332 845 3382 ;
867 3345 937 3356 --
960 3311 1280 3367 Παντάπασί
1306 3311 1416 3382 γε’)
1443 3311 1638 3365 οὐκοῦν
1665 3311 1807 3364 οῦτω
1833 3310 1930 3382 μὲν

344 3407 561 3479 ἔχουσα,
605 3408 686 3471 είς
715 3407 776 3460 τὸ
805 3407 988 3477 ὅμοιον
1028 3407 1163 3476 αὐτῇ
1213 3403 1272 3458 τὸ
1304 3403 1481 3466 ἀειδὲς
1512 3403 1834 3472 ἀπέρχεται,
1871 3402 1931 3455 τὸ

344 3499 484 3554 θεῖόν
509 3517 592 3567 τε,
624 3501 719 3554 καὶ
750 3499 1037 3564 ἀθάνατον,
1073 3497 1167 3550 και)⁸
1212 3497 1494 3568 φρόνιμονο
1536 3489 1594 3547 οἵ
1625 3495 1931 3567 ἀφικομένῃ

344 3594 579 3664 ὑπάρχει
625 3592 764 3664 αὐτῇ
808 3593 1086 3662 εὐδαίμονι
1130 3587 1289 3654 εἶναι,
1332 3589 1562 3658 πλάνης,
1599 3589 1694 3641 καὶ
1723 3589 1928 3653 ἀνοίας,

343 3687 435 3741 καὶ
475 3684 680 3756 φόϐων,
715 3683 808 3738 καὶ
852 3685 1057 3757 ἀγρίων
1089 3681 1330 3755 ἐρώτων,
1366 3682 1461 3736 καὶ
1488 3681 1596 3735 τῶν
1625 3680 1798 3735 ἄλλων
1829 3699 1930 3734 κα-

345 3778 455 3832 κῶν
487 3777 595 3831 τῶν
629 3775 982 3848 ἀνθρωπείων
1006 3773 1422 3845 ἀπηλλαγμένῃ.
1451 3773 1661 3846 ’Ὠσπερ
1690 3771 1747 3824 δὲ
1779 3771 1932 3839 λέγε-

345 3887 432 3924 ται
475 3869 616 3923 κατά
646 3867 755 3921 τῶν
789 3868 1180 3939 μεμυημένων,
1229 3867 1305 3929 ὼς
1359 3863 1573 3936 ἀληθῶς
1620 3864 1712 3916 τὸν
1745 3863 1930 3917 λοιπὸν

345 3961 532 4034 χρόνον
565 3958 704 4032 μετά
729 3958 866 4011 θεῶν
898 3958 1178 4026 διάγουσα·
1220 3955 1362 4010 οὕτω
1392 3955 1603 4026 φῶμεν,
1637 3949 1682 4007 ὧ
1719 3953 1925 4024 Κέϐης,

343 4054 378 4128 ᾗ
409 4053 616 4119 ἄλλως
648 4083 722 4094 ——
745 4051 932 4115 Οῦτως
964 4051 1030 4122 νὴ
1056 4050 1174 4112 Δία,
1211 4049 1314 4120 ἔφη
1348 4051 1376 4101 ὁ
1399 4047 1602 4119 Κέϐης.
1637 4049 1733 4100 ’Ἂν
1762 4045 1818 4098 δέ
1843 4062 1928 4113 γε,

343 4140 515 4216 οἶμαι,
548 4162 614 4215 με
623 4141 894 4215 μιασμένη
918 4141 1011 4194 καὶ
1033 4140 1341 4210 ἀκάθαρτος
1360 4137 1454 4191 τοῦ
1485 4137 1736 4208 σώματος
1759 4135 1931 4189 ἀπαλ-

343 4236 622 4307 λάττηται,
657 4236 754 4290 ἆτε
793 4233 1006 4305 σώματι
1040 4235 1126 4288 ἀεὶ
1155 4232 1416 4301 ξυνοῦσα,
1453 4233 1545 4285 καὶ
1577 4230 1736 4284 τοῦτο
1767 4230 1930 4302 Θερα--

342 4327 607 4397 πεύουσα,
643 4327 738 4381 καὶ
783 4325 986 4398 ἐρῶσα,
1037 4326 1130 4378 καὶ
1167 4324 1538 4396 γοητευομένη
1593 4324 1685 4376 ὑπ’
1741 4321 1928 4385 αὐτοῦ,

343 4423 449 4482 ὑπό
480 4439 540 4476 τε
569 4421 676 4475 τῶν
714 4419 1020 4489 ἐπιθυμιῶν
1041 4419 1137 4472 καὶ
1169 4417 1392 4489 ἡδονῶν,
1426 4416 1568 4470 ῶστε
1609 4416 1774 4488 μηδὲν
1805 4414 1932 4469 ἄλλο

2033 3228 2165 3291 lent,
2198 3227 2398 3281 mirum
2427 3226 2670 3298 quandiu
2707 3237 2880 3283 totum
2931 3229 3044 3285 fere
3086 3230 3469 3302 integrumque
3509 3250 3626 3288 ma-

2032 3328 2177 3374 neat.
2236 3317 2378 3385 Quin
2427 3328 2480 3373 et
2522 3328 2704 3389 partes
2733 3322 2978 3392 corporis
3003 3323 3234 3394 aliqua,
3270 3327 3484 3381 tametsi
3510 3327 3626 3397 jam

2031 3411 2357 3477 extabuerit,
2391 3425 2518 3466 ossa
2568 3410 2853 3477 videlicet,
2892 3415 3066 3478 nervi,
3110 3431 3174 3471 ac
3222 3426 3434 3474 caetera:
3458 3419 3508 3472 id
3533 3435 3628 3488 ge-

2033 3519 2138 3557 nus
2169 3517 2383 3568 omnes,
2419 3503 2780 3565 immortales,
2837 3519 2976 3574 pene
3024 3507 3278 3570 dixerim,
3328 3521 3626 3578 supersunt

2033 3592 2163 3661 ipsae
2193 3601 2396 3659 tamen,
2429 3594 2650 3648 nonne?
2712 3593 2804 3648 Sic
2835 3603 2938 3650 est.
3007 3595 3076 3649 At
3098 3611 3250 3660 vero,
3287 3598 3506 3654 animus
3536 3599 3628 3654 ille

2032 3693 2219 3740 noster
2253 3685 2367 3755 (qui
2395 3686 2562 3741 videri
2591 3701 2698 3740 non
2730 3696 2924 3756 potest,
2965 3687 3060 3757 qui
3096 3688 3150 3743 in
3177 3690 3404 3746 alteram
3433 3707 3628 3761 quam-

2031 3776 2154 3830 dam
2187 3777 2537 3848 similemque
2564 3780 2747 3834 sedem
2782 3781 3173 3852 commigrans,
3207 3797 3438 3854 eamque
3465 3785 3624 3840 nobi—

2031 3866 2135 3921 lem
2168 3867 2413 3923 simulet
2441 3879 2673 3935 castam,
2704 3881 2868 3940 atque
2910 3871 2979 3926 ab
3025 3873 3176 3928 omni
3212 3885 3507 3944 conspectu
3539 3891 3626 3932 se—

2027 3959 2272 4028 junctam
2336 3961 2479 4030 apud
2531 3961 2772 4034 inferos,
2825 3964 2890 4018 ad
2937 3964 3142 4018 bonum
3193 3965 3429 4034 aliquem
3477 3967 3625 4023 haud

2032 4051 2196 4107 dubie
2242 4052 2657 4123 sapientemque
2693 4054 2864 4108 Deum
2910 4055 3306 4125 proﬁciscitur;
3349 4074 3458 4126 quo
3501 4059 3626 4127 qui-

2032 4145 2177 4208 dem,
2229 4144 2275 4200 si
2326 4143 2434 4206 Deo
2485 4145 2783 4214 placuerit,
2815 4147 3000 4202 animo
3027 4149 3116 4202 isti
3146 4164 3270 4203 meo
3309 4150 3621 4206 abeundum

2027 4235 2254 4307 jamjam
2281 4236 2440 4305 erit);
2468 4236 2575 4296 ille,
2597 4237 2842 4305 inquam,
2867 4246 3051 4293 noster
3084 4238 3466 4304 animus,talis
3492 4257 3620 4298 cum

2033 4328 2104 4383 sit
2147 4329 2214 4382 ab
2263 4338 2455 4383 natura
2483 4340 2657 4393 satus,
2704 4329 2868 4384 simul
2901 4341 3065 4400 atque
3092 4331 3355 4388 liberatus
3390 4349 3623 4404 corpore

2035 4419 2217 4484 fuerit,
2251 4428 2540 4474 evanescct
2577 4421 2742 4482 illico.
2801 4436 2866 4476 ac
2892 4420 3162 4487 funditus,
3211 4434 3271 4477 ut
3299 4425 3495 4496 vulgus
3521 4426 3622 4480 ho-

343 4515 516 4570 δυεῖν
544 4509 685 4568 εἶναι
715 4513 910 4585 ἀληθὲς
940 4511 1052 4566 ἀλλ’
1086 4512 1119 4583 ἢ
1157 4512 1217 4564 τὸ
1253 4509 1635 4580 σωματοειδὲς,
1669 4503 1729 4562 οῦ
1759 4507 1822 4562 ἄν
1855 4523 1936 4568 τις

2040 4513 2248 4566 minum
2284 4511 2546 4580 loquitur,
2584 4512 2862 4566 interibit?
2916 4511 3254 4569 Permultum
3305 4516 3356 4570 id
3401 4518 3619 4586 quidem

343 4608 559 4678 ἅψαιτο,
603 4607 698 4660 καὶ
730 4606 848 4670 ἴδοι,
887 4607 980 4660 καὶ
1013 4605 1148 4669 πίοι,
1197 4605 1290 4658 καὶ
1320 4603 1506 4672 φάγοι,
1547 4601 1641 4654 καὶ
1685 4599 1822 4671 πρὸς
1865 4599 1930 4653 τὰ

344 4701 633 4775 ἀφροδίσια
655 4701 938 4771 χρήσαιτοο
967 4698 1030 4752 τὸ
1061 4698 1117 4751 δὲ
1149 4700 1260 4761 τοῖς
1290 4697 1502 4768 ὄμμασι
1531 4693 1816 4756 σκοτῶδες,
1839 4693 1934 4745 καὶ

344 4793 740 4865 ἀειδὲς,νοητδν
762 4793 819 4848 δὲ
841 4793 934 4847 καὶ
956 4791 1244 4862 φιλοσοφίᾳ
1261 4789 1496 4861 αἱρετὸν,
1533 4788 1691 4841 τοῦτο
1720 4785 1775 4840 δὲ
1802 4784 1937 4838 εἰθι-

346 4888 516 4959 σμένη
553 4889 730 4959 μισεῖν
751 4903 832 4948 τε,
859 4885 953 4938 καὶ
983 4884 1224 4955 τρέμευι,
1269 4883 1362 4936 καὶ
1398 4880 1636 4951 φεύγεινο
1696 4879 1839 4932 οὕτω
1871 4876 1934 4947 δὴ

346 4978 572 5048 ἔχουσαν
593 4976 696 5032 οἴει
713 4975 892 5046 ψυχὴν
913 4973 1082 5045 αὐτὴν
1113 4973 1234 5028 καθ’
1270 4973 1439 5042 αὐτὴν
1464 4971 1730 5043 εἰλικρινῆ
1763 4968 1936 5023 ἁπαλ-

273 5071 276 5074 ’
345 5067 626 5134 λάξεσθαις
652 5068 775 5121 Οὐδ’
808 5063 1130 5128 ὁπωστιοῦν,
1178 5065 1299 5136 ἐφη.
1329 5085 1346 5116 ι
1383 5064 1568 5118 Ταῦτα
1597 5066 1626 5118 ὁ
1687 5061 1931 5116 Πλάτων.

345 5159 595 5223 Ἐξαπλοῖ
607 5159 665 5214 δὲ
684 5159 782 5231 τὴν
797 5158 1032 5212 διάνοιαν
1047 5159 1075 5210 δ
1092 5156 1418 5229 Πορφύριος,
1433 5158 1490 5216 ἐν
1511 5156 1590 5227 τῷ
1609 5155 1808 5230 πρώτῳ
1827 5152 1935 5206 τῶν

347 5254 479 5324 πρὸς
497 5250 700 5323 Βοηθδν
716 5250 857 5320 Περὶ
877 5249 1087 5320 ψυχῆς
1103 5249 1290 5302 τοῦτον
1322 5248 1549 5320 γράφων
1565 5248 1655 5302 τὸν
1683 5248 1902 5319 τρόπον.

2037 4603 2207 4663 abest,
2243 4602 2314 4655 mi
2341 4601 2535 4665 Cebes,
2572 4611 2738 4672 tuque
2763 4619 2795 4658 ο
2821 4602 3074 4659 Simmia.
3123 4608 3239 4661 lmo
3261 4607 3418 4678 longe
3442 4606 3624 4677 profe-

2034 4705 2123 4750 cto
2151 4695 2334 4750 verius
2363 4694 2506 4764 quod
2537 4695 2801 4765 sequitur.
2850 4695 2906 4751 Si
2951 4713 3123 4768 purus
3151 4715 3220 4754 ex
3242 4716 3471 4770 corpore
3505 4701 3622 4756 dis-

2035 4787 2284 4856 cesserit,
2327 4787 2573 4857 nihilque
2621 4804 2807 4844 secum
2859 4805 2922 4844 ex
2953 4806 3018 4845 eo
3049 4791 3294 4858 trahens,
3325 4791 3469 4860 quod
3500 4791 3625 4846 nul-

2043 4879 2153 4932 lum
2184 4894 2422 4949 unquam
2468 4879 2648 4935 hacin
2675 4880 2786 4935 vita
2816 4896 2938 4936 cum
2965 4897 3031 4937 eo
3057 4883 3296 4952 prudens
3330 4884 3630 4954 volensque

2043 4976 2430 5031 commercium
2458 4975 2741 5043 habuerit,
2790 4977 2883 5032 sed
2911 4977 3091 5047 potius
3118 4977 3250 5033 illud
3279 4977 3527 5048 fugiens,
3566 4979 3622 5033 in

2044 5089 2102 5126 se
2132 5070 2308 5138 ipsum
2339 5068 2603 5124 collectus
2637 5069 2955 5140 perstiterit,
3002 5069 3153 5138 quod
3195 5070 3250 5124 in
3294 5084 3360 5124 eo
3393 5069 3626 5125 medita-

2044 5160 2210 5214 tionis
2233 5175 2428 5230 genere
2456 5169 2603 5215 totus
2632 5175 2847 5230 semper
2871 5168 3018 5215 esset
3051 5159 3216 5231 (quod
3239 5159 3370 5214 dum
3405 5160 3621 5229 agebat,

2048 5249 2150 5304 hoc
2181 5264 2314 5304 sane
2345 5249 2536 5318 agebat
2565 5265 2755 5314 unum,
2802 5252 2879 5304 uti
2928 5257 3075 5305 recte
3125 5251 3620 5322 philosopharetur,

346 5362 407 5402 ac
434 5361 490 5400 re
518 5347 633 5415 ipsa
659 5343 816 5400 facile
842 5342 1108 5398 moriendi
1141 5342 1408 5396 rationem
1440 5356 1626 5396 secum
1669 5341 1784 5411 ipse
1848 5350 2120 5405 versaret,
2160 5341 2293 5410 quid
2319 5341 2504 5394 enim?
2549 5355 2617 5394 an
2650 5341 2764 5395 haec
2794 5341 2890 5394 tibi
2922 5343 3117 5403 mortis
3181 5341 3463 5417 meditatio
3515 5362 3622 5401 non

347 5439 592 5495 videtur?
638 5437 715 5494 lta
745 5438 924 5507 plane)
961 5455 974 5491 :
1011 5437 1250 5501 animus,
1281 5434 1528 5504 inquam,
1553 5435 1656 5489 hoc
1684 5443 1827 5490 statu
1867 5435 1912 5490 si
1953 5435 2215 5495 discedet,
2260 5434 2328 5487 ad
2363 5433 2492 5487 illud
2544 5434 2806 5487 continuo
2855 5450 2977 5488 sese
3050 5434 3294 5504 recipiet,
3332 5436 3480 5507 quod
3539 5440 3623 5494 al”-

347 5536 452 5592 ﬁne
481 5535 583 5590 sibi
609 5543 714 5597 est,
750 5533 1092 5604 spectarique
1123 5548 1231 5586 non
1258 5538 1456 5601 potest,
1488 5530 1734 5585 divinum
1798 5531 2057 5600 quiddam
2117 5530 2326 5598 utique,
2389 5528 2698 5582 immortale
2763 5528 2926 5582 simul
2975 5544 3040 5584 ac
3094 5529 3332 5599 sapiens,
3380 5547 3622 5602 quocum

349 5630 684 5701 pervenerit,
734 5640 851 5684 tum
899 5628 1120 5684 demum
1169 5626 1292 5682 felix
1341 5641 1464 5682 esse
1495 5627 1715 5696 incipit,
1773 5627 1843 5682 ab
1901 5642 2109 5693 errore,
2141 5625 2379 5688 inscitia,
2448 5623 2770 5686 terroribus,
2821 5623 3027 5680 insanis
3088 5624 3396 5686 amoribus.
3431 5640 3496 5681 ac
3528 5640 3621 5682 reo

420 5785 532 5857 ('19)
585 5785 941 5852 Μελετῶσα,
980 5790 1062 5840 etc
1133 5779 1393 5840 Periodus
1451 5780 1731 5838 Platonico
1783 5797 1934 5837 more
1970 5781 2253 5850 producta,
2289 5791 2574 5850 suspensa,
2609 5775 2887 5847 impedita.
