4156 6414
549 326 657 380 9‘25
1202 331 1471 388 EL'SEBII
1512 335 1999 390 C/ESAIIIENSIS
2036 334 2186 390 OPP.
2229 333 2412 390 PARS
2444 334 2506 388 Il.
2545 367 2616 377 —
2652 335 3155 393 APOLOGETICA.
3704 332 3809 388 νει

543 446 692 516 liqua
741 450 1004 505 malorum
1048 451 1413 508 humanorum
1464 459 1788 527 contagione
1836 457 2119 513 liberatus.
2161 456 2370 526 Atque,
2426 467 2483 510 ut
2524 457 2591 511 de
2623 457 2849 512 initiatis
2915 455 3022 511 dici
3086 455 3247 525 vulgo
3277 452 3446 516 solet,
3496 450 3548 503 in
3581 449 3808 503 deorum

543 542 804 598 societate
821 544 1071 614 deinceps
1089 555 1236 600 totus
1255 563 1377 602 vere
1402 565 1464 603 ac
1483 561 1774 620 perpetuus
1837 561 1938 607 est.
2012 552 2205 606 Utrum
2244 551 2338 604 tibi
2375 551 2510 612 hoc,
2559 551 2631 603 mi
2664 548 2870 613 Cebes,
2900 565 3072 620 genus
3115 545 3379 601 orationis
3419 543 3712 614 probatur,
3740 558 3810 595 an

435 639 439 643 ’
541 637 687 689 aliud
718 639 931 706 placet?
981 639 1108 694 Mihi
1139 656 1268 696 vero
1327 645 1619 699 admodum
1682 647 1964 716 probatur,
2016 647 2196 717 inquit
2231 646 2440 707 Cebes,
2488 645 2560 697 ita
2589 659 2676 698 me
2701 643 2910 713 Jupiter
2952 653 3113 695 amet.
3151 639 3313 712 554Ι
3338 640 3406 707 At
3438 652 3600 700 vero,
3643 634 3807 700 idem,

539 729 765 797 opinor,
817 730 862 785 si
907 733 1312 790 contaminatus
1341 752 1404 790 ex
1438 753 1667 808 corpore
1697 740 2124 809 inquinatusque
2162 738 2436 809 migrabit,
2503 737 2646 806 quod
2713 736 2966 791 assiduus
2991 750 3112 788 cum
3141 749 3206 789 eo
3232 733 3413 796 fuerit,
3451 728 3595 801 quod
3630 727 3810 796 ipsum

538 823 770 876 coluerit
802 835 964 894 atque
995 830 1292 896 amaverit,
1328 832 1557 902 ejusque
1617 835 1781 889 simul
1843 834 2200 904 cupiditatum
2241 834 2688 902 voluptatumque
2756 834 3030 888 veneficiis
3085 846 3254 902 usque
3313 830 3448 885 adeo
3509 828 3810 884 fascinatus

538 924 840 985 captusque
893 919 1085 985 fuerit,
1143 922 1276 975 nihil
1335 934 1394 978 ut
1449 926 1596 980 aliud
1666 942 1850 982 rerum
1905 907 2140 996 putaret,
2215 941 2378 995 quam
2428 925 2573 994 quod
2637 936 2778 980 esset
2822 941 3179 996 corporeum,
3232 923 3376 994 quod
3425 931 3573 977 tactu
3619 921 3810 975 visuve

537 1006 927 1075 perciperetur,
979 1011 1124 1079 quod
1159 1014 1506 1081 poculentum
1536 1028 1630 1071 aut
1656 1020 1995 1073 esculentum
2029 1028 2192 1084 esset,
2258 1029 2352 1072 aut
2407 1021 2460 1072 in
2490 1018 2654 1073 rebus
2680 1019 2929 1073 venereis
2995 1017 3176 1072 locum
3244 1016 3466 1070 haberet
3495 1032 3508 1068 :
3541 1015 3812 1086 quidquid

535 1111 714 1156 autem
765 1104 843 1158 sic
887 1107 1063 1160 oculis
1095 1108 1389 1164 obscurum
1418 1119 1598 1177 esset,
1633 1122 1691 1167 ut
1715 1115 1878 1169 abiis
1929 1130 2037 1168 non
2103 1115 2378 1169 videretur
2420 1112 2660 1182 quidem,
2713 1113 2807 1167 sed
2855 1120 3035 1166 mente
3075 1121 3257 1166 tamen
3326 1125 3389 1164 ac
3452 1109 3809 1179 philosophiae

534 1195 587 1248 vi
613 1205 920 1265 caperetur,
951 1198 1001 1251 id
1038 1207 1208 1254 totum
1271 1201 1473 1265 odisse,
1508 1203 1802 1259 formidare
1847 1220 1913 1260 ac
1962 1205 2153 1275 fugere
2192 1206 2392 1260 soleret
2427 1223 2438 1258 :
2477 1220 2545 1257 an
2577 1212 2635 1258 tu
2664 1218 2812 1265 eum,
2889 1203 2983 1273 qui
3012 1211 3356 1272 comparatus
3387 1201 3460 1254 ita
3485 1199 3574 1264 sit,
3607 1215 3810 1270 purum

533 1306 598 1345 ac
621 1291 1096 1362 sincerum,atque
1120 1296 1189 1350 ab
1214 1298 1363 1351 omni
1396 1313 1492 1366 per
1523 1315 1645 1354 sese
1710 1301 1831 1356 labe
1889 1302 2193 1371 sejunctum
2233 1317 2300 1356 ex
2351 1315 2578 1369 corpore
2621 1299 2989 1355 discessurum
3037 1298 3356 1353 arbitraris?
3407 1295 3566 1354 Nullo
3619 1297 3804 1360 modo,

534 1384 713 1454 ξηίιυίι
763 1387 872 1442 ille.
914 1408 932 1439 ι
1001 1387 1277 1445 Hactenus
1322 1390 1495 1447 Plato.
1564 1392 1735 1462 Cujus
1790 1397 2112 1450 sententiam
2156 1396 2379 1452 uberius
2427 1411 2706 1464 exponens
2757 1404 3104 1465 tractansque
3151 1392 3517 1464 Porphyrius,
3594 1394 3649 1447 in
3711 1407 3806 1447 eo»

536 1491 658 1531 rum
694 1479 890 1547 primo,
947 1498 1076 1551 quos
1106 1485 1174 1535 ad
1205 1483 1461 1537 Boetlmm
1507 1488 1716 1553 scribit,
1748 1490 1818 1543 ita
1845 1489 1910 1544 de
1939 1492 2122 1546 animo
2159 1491 2422 1560 loquitur.

1069 1575 1299 1632 CAPUT
1349 1578 1587 1634 XXVIII.
2151 1589 2193 1645 Α

2151 1589 2193 1645 Α
2716 1582 3113 1637 ΚΕΦΑΛΑΙΟΝ
3159 1581 3261 1634 ΚΗ
3279 1621 3293 1634 .

945 1665 1020 1720 De
1048 1669 1250 1734 eadem,
1281 1688 1345 1725 ea:
1376 1671 1695 1743 Porphyrio.
2561 1678 2586 1728 Ι

2561 1676 2900 1744 Πορφυρίου
2936 1675 3066 1742 περὶ
3113 1673 3219 1727 τοῦ
3255 1671 3458 1726 αὐτοῦ.

605 1775 631 1806 ε
661 1756 741 1810 Ad
771 1756 1233 1816 immortalitatem
1274 1765 1439 1818 animi
1469 1765 1887 1834 defendendam,
1917 1768 2113 1837 inquit,

2294 1788 2311 1819 ι
2362 1768 2568 1821 Αὐτίκα
2599 1768 2756 1835 λόγον
2803 1767 3022 1838 ἰσχυρὸν
3069 1761 3204 1818 εἶναι
3247 1763 3506 1816 δοκοῦντα
3542 1761 3620 1832 τῷ
3661 1761 3801 1815 Πλά-

532 1858 842 1919 promptum
879 1851 930 1905 id
978 1847 1307 1926 ﬁrmumque
1353 1869 1738 1929 argumentum
1792 1859 2004 1915 Platoni
2035 1864 2116 1916 vi-

2217 1879 2345 1914 τωνι
2369 1863 2447 1924 εἰς
2473 1860 2812 1932 παράστασιν
2842 1859 2938 1928 τῆς
2965 1859 3142 1928 ψυχῆς
3171 1854 3489 1920 ἀθανασίας,
3507 1854 3598 1906 τὸν
3620 1855 3684 1906 ὲκ
3703 1853 3800 1907 τοῦ

528 1958 672 2006 sum,
705 1945 848 2014 quod
879 1960 940 1998 ex
971 1948 1050 2001 rei
1084 1947 1280 2005 similis
1317 1952 1525 2006 ratione
1554 1953 1864 2009 duceretur.
1902 1952 2036 2008 Nam
2068 1955 2115 2010 si

2215 1951 2424 2022 ὁμοίου.
2475 1952 2537 2004 Εἰ
2582 1950 2690 2022 γὰρ
2741 1949 2903 2020 ὁμοία
2951 1947 3030 2019 τῷ
3069 1947 3218 2018 θείῳ,
3268 1947 3360 2000 καὶ
3399 1945 3670 2016 ἀθανάτῳ,
3705 1946 3801 2000 καὶ

530 2044 738 2089 naturae
764 2037 981 2102 divinae,
1031 2055 1152 2108 quae
1181 2052 1234 2095 et
1264 2043 1591 2099 immortalis
1629 2055 1733 2108 est,
1788 2061 1888 2100 nec
1919 2047 2112 2111 videri,

2216 2044 2402 2107 ἀειδεῖ,
2431 2045 2524 2096 καὶ
2551 2042 2887 2112 ἀσκεδάστῳ,
2915 2042 3006 2094 καὶ
3028 2040 3315 2110 ἀδιαλύτῳ,
3338 2039 3432 2092 καὶ
3454 2038 3795 2110 οὐσιωμένσς,

528 2134 624 2178 aut
652 2125 929 2196 dissipari,
986 2131 1234 2201 solvique
1282 2144 1480 2202 potest,
1535 2137 1626 2190 sed
1658 2138 1712 2190 in
1745 2137 1860 2207 ipsa
1891 2138 2115 2207 integri-

2215 2136 2308 2187 καὶ
2353 2135 2645 2188 συνεστῶτι
2685 2137 2742 2187 ὲν
2793 2132 3088 2204 ἀφθαρσίᾳ·
3123 2131 3240 2195 πῶς
3283 2133 3344 2184 οὐ
3385 2131 3479 2184 τοῦ
3511 2131 3700 2200 γένους
3731 2132 3797 2184 ἃν

529 2224 640 2270 tate
667 2218 827 2272 sitam
861 2221 1021 2276 habet
1052 2236 1103 2278 et
1135 2226 1520 2281 consistentem
1555 2230 1874 2293 essentiam,
1937 2230 2113 2284 aﬂinis

2214 2225 2301 2295 εἴη
2331 2224 2426 2278 τοῦ
2459 2225 2600 2278 κατὰ
2630 2224 2692 2277 τὸ
2722 2223 3101 2295 παράδειγμα;
3147 2224 3315 2275 ’Ὅταν
3349 2219 3458 2292 γάρ
3499 2220 3592 2273 δύο
3636 2220 3798 2275 τινῶν

529 2315 616 2361 cst
686 2310 932 2378 animus;
980 2315 1168 2382 quidni
1217 2316 1338 2385 ejus
1385 2333 1604 2387 quoque
1662 2321 1874 2383 generis
1905 2321 1992 2374 ille
2019 2322 2109 2387 sit,

2213 2314 2396 2386 ἄκρων
2422 2313 2664 2385 ἐναργῶς
2690 2313 2966 2374 ἐναντίων,
2999 2307 3110 2364 οἷον
3130 2309 3350 2379 λογικοῦ
3377 2327 3435 2363 τε
3456 2310 3550 2362 καὶ
3573 2308 3792 2378 ἀλόγου,

491 2465 497 2470 ἢ
528 2400 670 2468 quod
701 2417 858 2456 suum
890 2403 1022 2459 illud
1052 2409 1328 2476 exemplar
1358 2407 1640 2463 imitetur?
1663 2409 1798 2464 Cum
1826 2413 1992 2477 enim,
2017 2412 2110 2466 ubi

2211 2407 2338 2462 ἄλλο
2358 2425 2409 2459 τι
2432 2405 2864 2477 ἀμφισϐητῆται,
2893 2405 3054 2468 ποίας
3079 2405 3195 2456 ἐστὶ
3225 2403 3462 2474 μερίδος,
3499 2397 3581 2466 εἷς
3607 2397 3676 2474 ἦν
3699 2405 3795 2457 καὶ

527 2503 743 2544 summa
776 2492 885 2546 duo
914 2495 1159 2563 quaedam
1197 2498 1338 2551 inter
1366 2514 1486 2553 sese
1531 2501 1726 2569 opponi
1757 2511 1989 2568 constat,
2015 2518 2111 2559 cu-

2210 2517 2366 2564 ουτος
2393 2501 2596 2570 τρόπος
2625 2498 2970 2564 ἀποδείξεως,
2999 2497 3087 2550 διὰ
3115 2495 3209 2549 τοῦ
3235 2495 3404 2560 δεῖξαι
3431 2496 3536 2548 τίνι
3567 2495 3675 2549 τῶν
3703 2497 3795 2550 ἀν·-

522 2578 767 2648 jusmodi
795 2593 922 2638 sunt
967 2587 1177 2642 ratione
1199 2591 1510 2657 praeditum,
1549 2603 1603 2645 et
1635 2593 1866 2649 rationis
1894 2612 2105 2665 expers.

2209 2591 2530 2663 τικειμένων
2557 2591 2757 2660 ὅμοιον.
2783 2589 2940 2643 Οὐτω
2971 2591 3100 2660 γὰρ,
3126 2588 3326 2659 καίπερ
3353 2590 3411 2640 ὲν
3438 2587 3629 2659 ἀλογίᾳ
3653 2589 3799 2643 κατὰ

524 2667 593 2724 de
622 2674 782 2726 tertio
811 2673 994 2744 aliquo
1023 2676 1325 2744 dubitatur,
1382 2681 1561 2735 utrius
1609 2682 1662 2735 in
1712 2683 1887 2739 classe
1917 2701 2105 2739 nume-

2210 2682 2433 2754 πρώτην
2450 2681 2662 2753 ἡλικίαν
2683 2681 2775 2734 τοῦ
2797 2679 3136 2751 ἀνθρωπίνου
3153 2678 3342 2747 γένους
3359 2677 3787 2749 κατεσχημένου.

523 2775 696 2831 reque
743 2767 1053 2832 ponendum
1085 2767 1154 2822 sit
1185 2786 1199 2823 :
1238 2777 1353 2823 tum
1393 2770 1441 2826 is
1485 2787 1704 2841 quoque
1729 2776 1944 2842 probari
1973 2778 2108 2831 solet

2211 2775 2417 2828 πολλῶν
2439 2791 2498 2826 τε
2520 2775 2646 2844 ἄχρι
2668 2774 2852 2844 γήρως
2869 2775 2927 2824 ὲν
2942 2774 3052 2834 τοῖς
3070 2773 3167 2842 τῆς
3189 2769 3410 2838 ἀλογίας
3431 2770 3789 2841 ἁμαρτήμασι

517 2853 926 2910 demonstrandi
961 2858 1155 2913 modus
1175 2899 1190 2924 ,
1233 2875 1343 2928 quo
1392 2861 1499 2914 utri
1527 2878 1557 2916 e
1584 2863 1802 2919 duobus
1834 2865 2010 2920 simile
2036 2869 2106 2922 sit
2136 2934 2158 2937 λ

2150 2935 2162 2937 ξ
2210 2867 2630 2932 πλεοναζόντων,
2654 2866 2802 2937 ὅμως
2819 2863 2906 2917 διὰ
2927 2864 2987 2917 τὸ
3003 2861 3079 2933 τῷ
3101 2861 3354 2935 καθαρῶς
3371 2861 3571 2932 λογικῷ
3591 2861 3791 2922 πολλὰς

519 2946 844 3000 ostenditur.
918 2947 1010 3002 Sic
1041 2950 1218 3013 enim,
1251 2952 1466 3005 tametsi
1498 2953 1672 3022 prima
1707 2955 1946 3010 hominis
1971 2967 2101 3013 artas
2133 2934 2160 2988 ί

2146 2935 2176 2988 Β
2203 2961 2526 3031 ὁμοιότητας
2540 2934 2746 3030 φέρειν,
2759 2956 2974 3025 λογικὸν
2989 2952 3126 3009 εἶναι
3142 2955 3202 3008 τὸ
3216 2934 3370 3023 γένος
3384 2954 3538 3008 τοῦτο
3555 2953 3787 3026 ὲξαρχῆς

517 3035 746 3091 rationis
773 3046 827 3091 et
857 3041 1071 3095 consilii
1104 3041 1313 3096 laboret
1348 3045 1553 3113 inopia,
1580 3046 1845 3115 multique
1872 3057 2099 3116 praeter-

2201 3052 2516 3123 ἐπιστεύθη.
2548 3053 2736 3116 Ὀντος
2769 3046 2861 3104 οὖν
2895 3049 3039 3103 θείου
3075 3050 3435 3120 συστήματος,
3462 3048 3557 3101 καὶ
3577 3047 3786 3119 ἀκηρά-

514 3141 576 3178 ea
604 3127 672 3182 ad
730 3129 902 3196 ipsam
938 3147 1114 3200 usque
1141 3143 1478 3190 senectutem
1533 3139 1586 3191 in
1619 3138 1870 3206 plurimis
1897 3141 2100 3210 impru-

2201 3165 2313 3211 του,
2333 3147 2428 3200 καὶ
2447 3145 2756 3216 ἀλυμάντου
2782 3142 3096 3215 προφανῶς,
3129 3141 3224 3195 τοῦ
3249 3142 3356 3194 τῶν
3379 3140 3533 3194 θεῶν·
3559 3141 3709 3205 ὄντος
3730 3141 3785 3193 δὲ

515 3217 700 3271 dentia
749 3234 813 3273 ac
856 3223 1157 3277 temeritate
1192 3224 1484 3281 labantur:
1519 3229 1664 3297 quod
1699 3239 1882 3284 tamen
1919 3231 2097 3285 homi-

2200 3239 2361 3291 πάλιν
2397 3237 2644 3309 ἐναργῶς
2675 3235 2768 3289 τοῦ
2800 3235 3012 3306 χθονίου
3040 3235 3132 3287 καὶ
3150 3234 3312 3287 αὐτοῦ
3337 3232 3469 3304 (80),
3492 3234 3585 3286 καὶ
3603 3235 3660 3286 ὲν
3674 3233 3788 3286 δια-

515 3325 647 3364 num
676 3326 848 3380 genus
891 3330 1015 3369 cum
1050 3331 1110 3370 ea
1157 3326 1373 3385 natura,
1420 3325 1580 3388 cujus
1612 3322 1819 3392 integra
1854 3323 2097 3380 sincera-

2199 3331 2374 3402 φθορᾷ
2404 3329 2680 3400 κειμένου,
2717 3327 3238 3399 ἀμφισὸητουμένης
3265 3324 3321 3376 δὲ
3362 3325 3514 3394 παρά
3544 3341 3654 3376 τισι
3687 3325 3783 3394 τῆς

513 3415 621 3470 que
671 3403 812 3457 ratio
851 3415 956 3468 est,
1010 3409 1307 3463 multarum
1362 3412 1780 3468 similitudinum
1837 3417 2098 3472 societate

2196 3422 2394 3492 ψυχῆς,
2415 3420 2520 3472 τίνι
2535 3419 2909 3494 προκειμένων
2929 3417 3082 3488 μέρει
3105 3413 3581 3486 προσκεχώρηκεν*
3603 3417 3666 3466 ὲκ
3685 3414 3783 3481 τῆς

512 3493 869 3562 conjunctum
905 3500 1008 3563 sit,
1043 3500 1183 3555 idem
1222 3502 1336 3571 jam
1388 3505 1516 3559 inde
1563 3507 1632 3561 ab
1676 3507 1832 3563 initio
1867 3510 2095 3565 rationis

2196 3513 2510 3583 ὁμοιότητος
2545 3493 2692 3582 ᾠήθη
2735 3511 2763 3562 ὁ
2796 3508 3021 3561 Πλάτων
3051 3507 3160 3558 δεῖν
3191 3503 3489 3574 ἀνιχνεύειν
3519 3505 3618 3575 τὴν
3646 3505 3779 3574 ἀλή-

511 3597 739 3652 compos
774 3587 1019 3642 habitum
1055 3600 1158 3645 est.
1213 3591 1349 3647 Cum
1385 3595 1567 3664 itaque
1593 3596 1811 3654 divinus
1839 3599 1927 3654 ille
1961 3601 2093 3655 deo.

2197 3604 2365 3658 θειαν.
2386 3604 2494 3657 Καὶ
2515 3602 2700 3671 ἐπειδὴ
2720 3599 2798 3670 τῷ
2822 3599 2919 3670 μὲν
2941 3597 3118 3666 θνητῷ
3139 3613 3198 3648 τε
3221 3596 3314 3648 καὶ
3333 3595 3498 3665 λυτῷ,
3527 3597 3619 3649 καὶ
3663 3598 3777 3649 ἀνο-

511 3688 633 3731 t'um
671 3689 876 3744 coetus,
914 3681 1048 3735 nihil
1083 3700 1358 3754 unquam,
1396 3699 1454 3740 ut
1488 3699 1728 3756 constat,
1785 3691 2092 3748 detrimenti

2195 3698 2329 3767 ήτῳ,
2355 3695 2450 3747 καὶ
2471 3694 2616 3763 ζωῆς
2637 3691 2886 3762 ἀμετόχῳ
2905 3692 2998 3742 καὶ
3019 3689 3107 3742 διὰ
3127 3687 3286 3740 τοῦτο
3305 3687 3462 3758 ἀπτῷ
3499 3705 3557 3741 τε
3580 3691 3672 3742 καὶ
3692 3691 3776 3742 αἰ-

511 3781 705 3835 capere
753 3773 922 3838 possit
959 3791 971 3826 :
1007 3783 1272 3831 terrestre
1303 3787 1492 3834 contra
1539 3797 1707 3851 genus
1756 3786 2092 3854 corruptioni

2195 3787 2398 3860 σθητῷ,
2425 3787 2517 3839 καὶ
2538 3784 2826 3854 γινομένῳ,
2851 3783 2945 3835 καὶ
2967 3781 3322 3852 ἀπολλυμένῳ
3340 3780 3591 3852 οὐδαμῶς
3607 3780 3771 3834 ἔοικε·

509 3859 809 3914 obnoxium
848 3878 969 3919 esse
1011 3881 1171 3922 nemo
1211 3885 1319 3923 non
1353 3871 1530 3926 videat
1576 3893 1587 3926 :
1627 3873 1681 3927 in
1731 3875 1819 3929 illa
1851 3877 2094 3946 profecto

2193 3877 2268 3948 τῷ
2287 3859 2345 3929 δὲ
2369 3875 2516 3946 θείῳ,
2539 3875 2631 3929 καὶ
2647 3875 2917 3944 ἀθανάτῳ,
2947 3875 3042 3927 καὶ
3064 3873 3249 3938 ἀειδεῖ,
3283 3873 3377 3927 καὶ
3397 3873 3586 3944 νοερῷ,
3617 3873 3776 3938 ζῶντί

508 3950 868 4019 dubitatione,
906 3971 1010 4023 qua
1058 3962 1302 4014 nonnulli
1330 3963 1552 4029 hazrent,
1609 3975 1791 4021 utrum
1823 3968 1889 4022 ad
1920 3985 2092 4039 genus

2192 3984 2251 4019 τε
2286 3968 2380 4020 καὶ
2411 3965 2669 4036 ἀληθείας
2701 3967 2971 4033 συγγενεῖ,
3016 3964 3110 4017 καὶ
3139 3965 3240 4017 ὅσα
3283 3966 3488 4026 ἐκεῖνος
3521 3965 3648 4036 περὶ
3677 3965 3773 4020 αὐ-

509 4042 754 4098 auimum
805 4047 1100 4118 adjungere
1132 4051 1382 4118 debeant,
1415 4055 1540 4122 jure
1576 4057 1732 4112 Plato
1761 4059 2092 4128 investigan-

2191 4063 2288 4131 τῆς
2308 4058 2707 4126 ἀναλογίζεται·
2733 4057 2905 4111 ἐδόκει
2935 4057 3010 4128 μὴ
3025 4057 3124 4120 τάς
3146 4057 3244 4127 μὲν
3267 4056 3431 4120 ἄλλας
3455 4058 3775 4128 ὁμοιότητας

506 4132 632 4186 dam
675 4148 744 4189 ex
795 4137 1157 4196 similitudine
1208 4145 1491 4200 veritatem
1548 4151 1778 4217 putavit.
1817 4150 1976 4222 555
2025 4151 2092 4205 Et

2190 4151 2284 4204 τοῦ
2307 4150 2440 4204 Θεοῦ
2470 4153 2666 4204 ἐνεῖναι
2700 4153 3022 4221 συγχωρεῖν,
3052 4149 3113 4202 τὸ
3131 4149 3187 4202 δὲ
3205 4149 3306 4218 τῆς
3325 4149 3512 4211 οὐσίας
3539 4149 3775 4220 ἐμφερὲς

504 4225 768 4292 quoniam
821 4229 938 4298 ipse
979 4247 1101 4286 cum
1133 4249 1196 4288 ea
1225 4245 1419 4290 natura
1463 4254 1586 4308 quae
1614 4240 1839 4296 dissolvi
1888 4253 2085 4312 potest,
2120 4300 2145 4315 Γ

2134 4300 2155 4315 ,ε
2191 4247 2284 4298 ἀπ’
2320 4245 2490 4315 αὐτῆς
2537 4243 2740 4297 ἐθέλειν
2777 4243 3008 4307 ἀθετεῖν,
3055 4241 3123 4295 δι’
3169 4241 3198 4294 ὃ
3237 4242 3329 4293 καὶ
3373 4239 3576 4293 τούτων
3610 4240 3775 4310 αὐτὴν

503 4331 626 4383 quae
649 4328 835 4374 mente
877 4321 1041 4377 simul
1084 4340 1149 4378 ac
1172 4327 1282 4381 vita
1317 4300 1494 4394 caret,
1521 4348 1750 4402 qumque
1785 4300 1931 4389 tactu
1963 4351 2088 4405 pro-
2117 4300 2144 4356 ί

2133 4300 2373 4407 Γ⁴τυχεῖν
2427 4300 2792 4406 συμϐέϐηκεν.
2857 4300 3069 4405 Ὥσπερ
3116 4333 3227 4403 γὰρ
3269 4331 3338 4385 τὰ
3370 4331 3670 4402 ἐνεργείαις
3697 4300 3774 4402 τῶ

502 4410 684 4471 pterea
712 4409 1034 4480 caeterisque
1062 4416 1317 4471 sensibus
1347 4422 1603 4489 usurpari
1652 4423 1812 4478 solita
1840 4463 1856 4488 ,
1907 4427 2089 4480 nasci-

2190 4426 2308 4496 Θεῷ
2333 4427 2562 4498 ἀνόμοια
2583 4427 2744 4489 εὐθὺς
2772 4427 2864 4479 καὶ
2893 4428 2959 4495 τῇ
2991 4424 3244 4476 συστάσει
3273 4424 3372 4491 τῆς
3402 4423 3587 4486 οὐσίας
3614 4421 3773 4493 ἐξήλ-

501 4501 592 4548 tur
616 4499 820 4566 pariter
860 4511 915 4556 et
958 4507 1364 4576 exstinguitur,
1396 4512 1672 4569 allinitatis
1702 4517 1837 4570 nihil
1874 4516 2037 4571 habet
2071 4536 2084 4572 :

2188 4517 2373 4584 λακτο,
2426 4516 2598 4580 οὕτως
2645 4516 2936 4572 ἀκόλουθον
2982 4511 3121 4568 εἶναι
3162 4514 3230 4568 τὰ
3272 4514 3381 4566 τῶν
3434 4514 3606 4568 αὐτῶν
3654 4533 3771 4578 πως

498 4599 624 4640 cum
662 4603 726 4642 ea
760 4606 890 4645 vero
919 4593 1213 4662 plurimum
1235 4640 1250 4664 ,
1302 4616 1421 4669 qua:
1449 4602 1630 4658 divina
1663 4613 1716 4659 et
1760 4607 2086 4664 immortalis

2188 4609 2475 4681 ἐνεργειῶν
2517 4609 2716 4680 μέτοχα
2746 4608 2964 4676 φθάνειν
2999 4608 3098 4679 τὴν
3131 4606 3424 4677 ὁμοιότητα
3455 4607 3554 4676 τῆς
3583 4607 3771 4670 οὐσίας

499 4685 606 4741 est,
644 4695 765 4749 qua:
796 4697 904 4736 non
934 4685 1079 4748 visu,
1114 4689 1207 4742 sed
1239 4699 1418 4745 mente
1451 4695 1764 4764 percipitur,
1816 4713 1937 4767 qua:
1962 4700 2087 4755 vita:

2187 4699 2518 4770 κεκτημένα.
2549 4699 2648 4752 Διά
2671 4698 2780 4770 γὰρ
2799 4699 2898 4769 τὴν
2923 4698 3079 4751 ποιὰν
3098 4697 3308 4759 οὐσίαν,
3329 4695 3490 4760 ποιὰς
3514 4693 3650 4750 εἶναι
3673 4697 3769 4751 καὶ

498 4771 771 4841 particeps
817 4783 903 4828 est
953 4789 1292 4849 cognataque
1342 4785 1576 4848 veritati,
1629 4801 1694 4840 ac
1737 4789 1948 4845 caeteris
2000 4791 2083 4844 in-

2185 4791 2283 4853 τάς
2315 4790 2613 4859 ἐνεργείας,
2643 4789 2718 4852 ὡς
2758 4788 2824 4842 ἂν
2854 4789 2948 4840 ἀπ’
2978 4789 3150 4858 αὐτῆς
3191 4789 3440 4859 ῥεούσας,
3470 4789 3562 4842 καὶ
3595 4790 3765 4859 αὐτῆς

499 4868 704 4916 structa
740 4862 983 4932 dotibus,
1035 4885 1171 4938 quas
1206 4873 1258 4926 in
1289 4874 1474 4927 animo
1525 4876 1884 4947 philosophus
1913 4896 2084 4948 agno-

2184 4881 2349 4944 οὔσας
2378 4880 2751 4952 βλαστήματα.
2785 4879 2988 4933 Τούτου
3005 4880 3184 4933 τοίνυν
3200 4879 3292 4932 τοῦ
3319 4879 3476 4949 λόγου
3492 4880 3590 4950 τὴν
3605 4879 3764 4935 δύνα-

497 4953 603 5006 scit
638 4972 651 5007 :
682 4955 877 5010 adduci
905 4961 1078 5027 potuit
1109 4978 1412 5032 nunquam,
1444 4974 1504 5020 ut
1533 4968 1669 5022 alias
1699 4967 1792 5022 Dei
1826 4971 2081 5025 similitu-

2187 4994 2277 5046 μιν
2308 4975 2604 5048 περιαιρῶν
2624 4974 2732 5044 (81)
2759 4976 2787 5027 ὁ
2803 4975 3023 5044 Βοηθὸς,
3043 4975 3344 5027 ἐπάκουσον
3374 4975 3534 5037 εὐθὺς
3549 4976 3606 5028 ὲν
3621 4975 3762 5045 ἀρχῇ

497 5044 653 5099 dines
703 5047 756 5100 in
805 5063 871 5103 eo
921 5053 1148 5119 reperiri
1181 5057 1536 5123 concederet,
1571 5060 1822 5114 essentia:
1846 5061 2079 5130 conjun-

2183 5044 2275 5119 τοῦ
2306 5044 2463 5135 λόγου
2495 5067 2554 5118 ὃν
2583 5067 2852 5137 πεποίηκε
2880 5065 3256 5136 (82),γράφων
3287 5065 3476 5128 οὕτως’
3515 5083 3533 5117 t
3569 5066 3633 5118 Ei
3665 5044 3762 5137 μὲν

497 5135 729 5192 ctionctn
764 5149 818 5194 et
843 5141 1156 5199 aliinitatem
1205 5160 1460 5218 negaret,
1499 5153 1657 5220 cujus
1700 5155 1863 5208 unius
1913 5171 2079 5211 causa

2181 5159 2446 5222 ἀθάνατός
2469 5161 2616 5211 ἐστιν
2641 5161 2672 5230 ἡ
2703 5135 2869 5229 ψυχὴ,
2903 5135 2996 5212 καλ.
3018 5135 3217 5220 παντὸς
3251 5158 3470 5230 ὀλέθρου
3501 5135 3762 5228 κρείττων

497 5229 552 5281 in
581 5239 901 5287 caatcrorum
955 5248 1402 5296 ornamentorum
1449 5248 1887 5300 communionem
1920 5264 2078 5301 vora-

2179 5268 2262 5315 τις
2291 5251 2471 5320 φύσις,
2500 5229 2728 5314 πολλοὺς
2761 5252 3127 5322 ἀναμείναντα
3165 5250 3270 5322 χρὴ
3419 5253 3757 5323 περιηγησά-

843 5390 1057 5478 iteret).
1080 5391 1639 5478 Quid-siuxatdmoﬁ,
1667 5397 1749 5452 vel
1778 5399 1870 5452 καὶ
1893 5399 2073 5466 λυτοῦ,
2170 5421 2206 5478 ,ε

2170 5407 2448 5478 sideretur
2497 5409 2724 5478 aliquid.
2778 5408 2940 5463 Forte
2998 5407 3432 5464 subaudiendum
3481 5409 3555 5472 ὡς
3594 5409 3756 5478 αὐτὸν

498 5469 813 5550 ηυξιῖοιιξξε
844 5461 1004 5539 paulo
1037 5464 1531 5550 post‘adhibcntur.
1628 5461 1631 5462 ⁷
2062 5461 2069 5466 ⁷

2170 5461 2526 5550 ἀποδέχεται,
2543 5461 2629 5533 vel
2651 5461 2728 5542 ῶς
2749 5461 3103 5550 διεξέρχεται,
3150 5487 3246 5532 aut
3285 5478 3353 5531 al.
3402 5461 3610 5534 simile.
3638 5477 3753 5533 Nisi

1113 5533 1262 5621 Alias
1286 5541 1616 5621 περιαιρεῖν,
1672 5541 2072 5621 circumcidere,
2177 5523 2210 5601 ﬁ

2177 5523 2622 5621 malisfquo’alt.
2664 5523 3018 5621 ιιῖοιιιιξοῖᾣι.
3052 5523 3424 5621 reprmsentat,
3452 5550 3755 5621 περιαιρῶν

619 5599 860 5691 omnino!
880 5599 1067 5684 tpllere
1094 5613 1206 5670 est;
1245 5604 1333 5660 hic
1363 5599 1433 5661 "ut
1479 5599 1710 5675 videtur,
1759 5599 2073 5682 περιλαϐεῖν

2240 5599 2452 5689 mea;
2469 5599 3071 5691 'éiﬁpiﬁw’cmric'ii'oij
3089 5599 3400 5688 saepe;
3412 5599 3424 5612 ’
3436 5599 3761 5683 segetes

497 5679 592 5718 seu
619 5665 961 5721 καταλαϐεῖν.
1195 5665 1202 5670 ’
1697 5665 1710 5675 ’
1836 5665 1847 5682 ⁸

569 5733 678 5761 ΙΩΟΧ
713 5737 813 5761 στι--
853 5741 1124 5761 --_._I___,-
1181 5742 1217 5761 n
1263 5744 1334 5761 ιι.
1407 5747 1417 5757 ο
1665 5760 1670 5761 ,
1748 5759 1756 5761 _
1807 5749 1810 5759 λ
1889 5751 1899 5761 .
1996 5752 2007 5761 .

1697 5665 1710 5675 ’
1748 5759 1756 5761 _
1807 5665 1847 5759 λ’
1889 5751 1899 5761 _
1996 5752 2007 5761 _
2179 5665 2555 5760 imrpe'rat'ivum
2587 5665 2890 5744 ὲπάέέουσον
2920 5665 3181 5761 agnoscit.

569 5733 679 5802 (82)
713 5737 813 5788 Ὃν
845 5741 1148 5809 πεποίηκε.
1181 5742 1419 5802 Dubitari
1449 5764 1554 5803 non
1584 5759 1782 5819 potest,
1807 5749 1939 5821 quin
1977 5752 2070 5809 dc-
