  <div class='ocr_page' id='page_1' title='image "/cluster/home/n/w/nwhite01/storage/ocr_20150623/21:no.3/coo.31924054873017/478.png"; bbox 0 0 4156 6414; ppageno 0'>
   <div class='ocr_carea' id='block_1_1' title="bbox 388 339 494 395">
    <p class='ocr_par' dir='ltr' id='par_1_1' title="bbox 388 339 494 395">
     <span class='ocr_line' id='line_1_1' title="bbox 388 339 494 395; baseline 0.009 -1"><span class='ocrx_word' id='word_1_1' title='bbox 388 339 494 395; x_wconf 76' lang='lat'><strong>9‘25</strong></span> 
     </span>
    </p>
   </div>
   <div class='ocr_carea' id='block_1_2' title="bbox 1521 342 2444 404">
    <p class='ocr_par' dir='ltr' id='par_1_2' title="bbox 1521 342 2444 404">
     <span class='ocr_line' id='line_1_2' title="bbox 1521 342 2444 404; baseline 0.007 -6"><span class='ocrx_word' id='word_1_2' title='bbox 1521 342 1839 398; x_wconf 73' lang='grc' dir='ltr'><strong>ΡΒᾹΞΡΑΒ.</strong></span> <span class='ocrx_word' id='word_1_3' title='bbox 1887 345 2133 403; x_wconf 80' lang='lat' dir='ltr'><strong>EVANG.</strong></span> <span class='ocrx_word' id='word_1_4' title='bbox 2178 347 2305 404; x_wconf 86' lang='lat' dir='ltr'><strong>LIB.</strong></span> <span class='ocrx_word' id='word_1_5' title='bbox 2349 349 2444 404; x_wconf 74' lang='lat' dir='ltr'><strong>XI.</strong></span> 
     </span>
    </p>
   </div>
   <div class='ocr_carea' id='block_1_3' title="bbox 3521 358 3626 412">
    <p class='ocr_par' dir='ltr' id='par_1_3' title="bbox 3521 358 3626 412">
     <span class='ocr_line' id='line_1_3' title="bbox 3521 358 3626 412; baseline -0.029 0"><span class='ocrx_word' id='word_1_6' title='bbox 3521 358 3626 412; x_wconf 75' lang='lat'><strong>926</strong></span> 
     </span>
    </p>
   </div>
   <div class='ocr_carea' id='block_1_4' title="bbox 390 460 1963 540">
    <p class='ocr_par' dir='ltr' id='par_1_4' title="bbox 390 460 1955 536">
     <span class='ocr_line' id='line_1_4' title="bbox 390 460 1955 536; baseline 0.004 -25"><span class='ocrx_word' id='word_1_7' title='bbox 390 475 548 531; x_wconf 79' lang='grc' dir='ltr'>μενον</span> <span class='ocrx_word' id='word_1_8' title='bbox 578 460 768 528; x_wconf 83' lang='grc' dir='ltr'>λόγους</span> <span class='ocrx_word' id='word_1_9' title='bbox 790 461 1190 531; x_wconf 78' lang='grc' dir='ltr'>ἀποφήνασθαι.</span> <span class='ocrx_word' id='word_1_10' title='bbox 1219 463 1290 516; x_wconf 82' lang='grc' dir='ltr'><strong>Τὸ</strong></span> <span class='ocrx_word' id='word_1_11' title='bbox 1313 463 1494 534; x_wconf 85' lang='grc' dir='ltr'>μέντοι</span> <span class='ocrx_word' id='word_1_12' title='bbox 1522 465 1628 518; x_wconf 81' lang='grc' dir='ltr'><strong>τῶν</strong></span> <span class='ocrx_word' id='word_1_13' title='bbox 1656 467 1782 535; x_wconf 71' lang='grc' dir='ltr'>περὶ</span> <span class='ocrx_word' id='word_1_14' title='bbox 1809 468 1955 536; x_wconf 84' lang='grc' dir='ltr'>ήμᾶς</span> 
     </span>
    </p>
   </div>
   <div class='ocr_carea' id='block_1_5' title="bbox 2063 460 3626 540">
    <p class='ocr_par' dir='ltr' id='par_1_5' title="bbox 2063 468 3626 540">
     <span class='ocr_line' id='line_1_5' title="bbox 2063 468 3626 540; baseline -0.001 -17"><span class='ocrx_word' id='word_1_15' title='bbox 2063 479 2146 523; x_wconf 90' lang='lat' dir='ltr'><strong>tus</strong></span> <span class='ocrx_word' id='word_1_16' title='bbox 2171 479 2334 525; x_wconf 88' lang='lat' dir='ltr'><strong>esset.</strong></span> <span class='ocrx_word' id='word_1_17' title='bbox 2371 468 2439 524; x_wconf 87' lang='lat' dir='ltr'><strong>Ut</strong></span> <span class='ocrx_word' id='word_1_18' title='bbox 2460 471 2604 524; x_wconf 85' lang='lat' dir='ltr'><strong>enim</strong></span> <span class='ocrx_word' id='word_1_19' title='bbox 2628 486 2752 540; x_wconf 70' lang='lat' dir='ltr'><strong>qua:</strong></span> <span class='ocrx_word' id='word_1_20' title='bbox 2780 469 2896 523; x_wconf 84' lang='lat' dir='ltr'><strong>Deo</strong></span> <span class='ocrx_word' id='word_1_21' title='bbox 2920 471 3111 540; x_wconf 83' lang='lat' dir='ltr'><strong>agendi</strong></span> <span class='ocrx_word' id='word_1_22' title='bbox 3139 471 3187 524; x_wconf 93' lang='lat' dir='ltr'><strong>vi</strong></span> <span class='ocrx_word' id='word_1_23' title='bbox 3214 471 3428 539; x_wconf 79' lang='lat' dir='ltr'><strong>rituque</strong></span> <span class='ocrx_word' id='word_1_24' title='bbox 3457 471 3626 524; x_wconf 75' lang='lat' dir='ltr'><strong>dissi-</strong></span> 
     </span>
    </p>
   </div>
   <div class='ocr_carea' id='block_1_6' title="bbox 383 552 1956 627">
    <p class='ocr_par' dir='ltr' id='par_1_6' title="bbox 383 552 1956 627">
     <span class='ocr_line' id='line_1_6' title="bbox 383 552 1956 627; baseline 0.003 -20"><span class='ocrx_word' id='word_1_25' title='bbox 383 552 692 623; x_wconf 77' lang='grc' dir='ltr'><strong>ὁμοιότερον</strong></span> <span class='ocrx_word' id='word_1_26' title='bbox 721 553 887 624; x_wconf 84' lang='grc' dir='ltr'>μηδὲν</span> <span class='ocrx_word' id='word_1_27' title='bbox 914 554 1164 621; x_wconf 84' lang='grc' dir='ltr'>γενέσθαι</span> <span class='ocrx_word' id='word_1_28' title='bbox 1189 555 1306 625; x_wconf 88' lang='grc' dir='ltr'><strong>Θεῷ</strong></span> <span class='ocrx_word' id='word_1_29' title='bbox 1332 556 1537 626; x_wconf 75' lang='grc' dir='ltr'>ψυχῆς,</span> <span class='ocrx_word' id='word_1_30' title='bbox 1573 559 1633 610; x_wconf 77' lang='grc' dir='ltr'>οὐ</span> <span class='ocrx_word' id='word_1_31' title='bbox 1663 558 1862 627; x_wconf 74' lang='grc' dir='ltr'>πολλῆς</span> <span class='ocrx_word' id='word_1_32' title='bbox 1893 560 1956 612; x_wconf 80' lang='grc' dir='ltr'>ἄν</span> 
     </span>
    </p>
   </div>
   <div class='ocr_carea' id='block_1_7' title="bbox 384 641 1959 717">
    <p class='ocr_par' dir='ltr' id='par_1_7' title="bbox 384 641 1959 717">
     <span class='ocr_line' id='line_1_7' title="bbox 384 641 1959 717; baseline 0.003 -22"><span class='ocrx_word' id='word_1_33' title='bbox 384 659 468 705; x_wconf 83' lang='grc' dir='ltr'><strong>τις</strong></span> <span class='ocrx_word' id='word_1_34' title='bbox 500 641 712 712; x_wconf 80' lang='grc' dir='ltr'>δεηθεὶς</span> <span class='ocrx_word' id='word_1_35' title='bbox 755 644 1136 715; x_wconf 78' lang='grc' dir='ltr'>πραγματείας</span> <span class='ocrx_word' id='word_1_36' title='bbox 1185 645 1543 699; x_wconf 76' lang='grc' dir='ltr'>πιστεύσειεν·</span> <span class='ocrx_word' id='word_1_37' title='bbox 1585 649 1647 700; x_wconf 81' lang='grc' dir='ltr'>οὐ</span> <span class='ocrx_word' id='word_1_38' title='bbox 1685 648 1842 717; x_wconf 87' lang='grc' dir='ltr'>μόνον</span> <span class='ocrx_word' id='word_1_39' title='bbox 1871 646 1959 700; x_wconf 72' lang='grc' dir='ltr'><strong>διὰ</strong></span> 
     </span>
    </p>
   </div>
   <div class='ocr_carea' id='block_1_8' title="bbox 385 734 1957 809">
    <p class='ocr_par' dir='ltr' id='par_1_8' title="bbox 385 734 1957 809">
     <span class='ocr_line' id='line_1_8' title="bbox 385 734 1957 809; baseline 0.003 -22"><span class='ocrx_word' id='word_1_40' title='bbox 385 734 446 787; x_wconf 85' lang='grc' dir='ltr'>τὸ</span> <span class='ocrx_word' id='word_1_41' title='bbox 479 734 700 804; x_wconf 85' lang='grc' dir='ltr'>συνεχὲς</span> <span class='ocrx_word' id='word_1_42' title='bbox 743 736 835 788; x_wconf 77' lang='grc' dir='ltr'><strong>καὶ</strong></span> <span class='ocrx_word' id='word_1_43' title='bbox 873 735 1150 790; x_wconf 77' lang='grc' dir='ltr'><strong>ἄπαυστον</strong></span> <span class='ocrx_word' id='word_1_44' title='bbox 1181 738 1280 807; x_wconf 85' lang='grc' dir='ltr'>τῆς</span> <span class='ocrx_word' id='word_1_45' title='bbox 1311 739 1594 808; x_wconf 86' lang='grc' dir='ltr'>κινήσεως,</span> <span class='ocrx_word' id='word_1_46' title='bbox 1645 739 1710 809; x_wconf 77' lang='grc' dir='ltr'>ἢν</span> <span class='ocrx_word' id='word_1_47' title='bbox 1742 741 1799 791; x_wconf 84' lang='grc' dir='ltr'>ὲν</span> <span class='ocrx_word' id='word_1_48' title='bbox 1829 741 1957 808; x_wconf 83' lang='grc' dir='ltr'><strong>ήμῖν</strong></span> 
     </span>
    </p>
   </div>
   <div class='ocr_carea' id='block_1_9' title="bbox 385 825 1957 900">
    <p class='ocr_par' dir='ltr' id='par_1_9' title="bbox 385 825 1957 900">
     <span class='ocr_line' id='line_1_9' title="bbox 385 825 1957 900; baseline 0.001 -22"><span class='ocrx_word' id='word_1_49' title='bbox 385 825 678 888; x_wconf 71' lang='grc' dir='ltr'>ἐνδίδωσιν,</span> <span class='ocrx_word' id='word_1_50' title='bbox 713 826 858 887; x_wconf 82' lang='grc' dir='ltr'>ἀλλὰ,</span> <span class='ocrx_word' id='word_1_51' title='bbox 892 827 986 879; x_wconf 90' lang='grc' dir='ltr'><strong>τοῦ</strong></span> <span class='ocrx_word' id='word_1_52' title='bbox 1027 827 1147 881; x_wconf 85' lang='grc' dir='ltr'>καθ’</span> <span class='ocrx_word' id='word_1_53' title='bbox 1186 828 1382 900; x_wconf 77' lang='grc' dir='ltr'>ἑαυτὴν</span> <span class='ocrx_word' id='word_1_54' title='bbox 1415 829 1526 882; x_wconf 87' lang='grc' dir='ltr'>νοῦ.</span> <span class='ocrx_word' id='word_1_55' title='bbox 1561 832 1655 892; x_wconf 85' lang='grc' dir='ltr'><strong>Εἰς</strong></span> <span class='ocrx_word' id='word_1_56' title='bbox 1686 832 1821 900; x_wconf 84' lang='grc' dir='ltr'>ὅπερ</span> <span class='ocrx_word' id='word_1_57' title='bbox 1849 831 1957 882; x_wconf 87' lang='grc' dir='ltr'>ἀπ-</span> 
     </span>
    </p>
   </div>
   <div class='ocr_carea' id='block_1_10' title="bbox 390 916 1956 991">
    <p class='ocr_par' dir='ltr' id='par_1_10' title="bbox 390 916 1956 991">
     <span class='ocr_line' id='line_1_10' title="bbox 390 916 1956 991; baseline 0.002 -23"><span class='ocrx_word' id='word_1_58' title='bbox 390 916 512 968; x_wconf 85' lang='grc' dir='ltr'>ιδὼν</span> <span class='ocrx_word' id='word_1_59' title='bbox 540 917 679 969; x_wconf 78' lang='grc' dir='ltr'><strong>καὶὸ</strong></span> <span class='ocrx_word' id='word_1_60' title='bbox 707 917 1090 988; x_wconf 84' lang='grc' dir='ltr'><strong>Κροτωνιάτης</strong></span> <span class='ocrx_word' id='word_1_61' title='bbox 1115 919 1342 988; x_wconf 72' lang='grc' dir='ltr'>φυσικὸς</span> <span class='ocrx_word' id='word_1_62' title='bbox 1367 921 1500 991; x_wconf 80' lang='grc'><strong>(85),</strong></span> <span class='ocrx_word' id='word_1_63' title='bbox 1521 918 1672 973; x_wconf 80' lang='grc' dir='ltr'>εἶπεν</span> <span class='ocrx_word' id='word_1_64' title='bbox 1692 921 1956 974; x_wconf 87' lang='grc' dir='ltr'>ἀθάνατον</span> 
     </span>
    </p>
   </div>
   <div class='ocr_carea' id='block_1_11' title="bbox 385 1002 1955 1081">
    <p class='ocr_par' dir='ltr' id='par_1_11' title="bbox 385 1002 1955 1081">
     <span class='ocr_line' id='line_1_11' title="bbox 385 1002 1955 1081; baseline 0.002 -21"><span class='ocrx_word' id='word_1_65' title='bbox 385 1007 556 1076; x_wconf 82' lang='grc' dir='ltr'>αὐτὴν</span> <span class='ocrx_word' id='word_1_66' title='bbox 611 1002 793 1070; x_wconf 81' lang='grc' dir='ltr'>οὖσαν,</span> <span class='ocrx_word' id='word_1_67' title='bbox 857 1009 950 1062; x_wconf 71' lang='grc' dir='ltr'><strong>καὶ</strong></span> <span class='ocrx_word' id='word_1_68' title='bbox 988 1011 1168 1062; x_wconf 85' lang='grc' dir='ltr'>πᾶσαν</span> <span class='ocrx_word' id='word_1_69' title='bbox 1215 1009 1448 1081; x_wconf 75' lang='grc' dir='ltr'>ἠρεμίαν</span> <span class='ocrx_word' id='word_1_70' title='bbox 1499 1011 1657 1079; x_wconf 80' lang='grc' dir='ltr'>φύσει</span> <span class='ocrx_word' id='word_1_71' title='bbox 1715 1011 1955 1080; x_wconf 83' lang='grc' dir='ltr'>φεύγειν,</span> 
     </span>
    </p>
   </div>
   <div class='ocr_carea' id='block_1_12' title="bbox 387 1097 1958 1174">
    <p class='ocr_par' dir='ltr' id='par_1_12' title="bbox 387 1097 1958 1174">
     <span class='ocr_line' id='line_1_12' title="bbox 387 1097 1958 1174; baseline 0.005 -26"><span class='ocrx_word' id='word_1_72' title='bbox 387 1097 576 1167; x_wconf 80' lang='grc' dir='ltr'>ὥσπερ</span> <span class='ocrx_word' id='word_1_73' title='bbox 595 1097 666 1150; x_wconf 86' lang='grc' dir='ltr'>τὰ</span> <span class='ocrx_word' id='word_1_74' title='bbox 687 1097 805 1152; x_wconf 80' lang='grc' dir='ltr'>θεῖα</span> <span class='ocrx_word' id='word_1_75' title='bbox 825 1099 932 1152; x_wconf 86' lang='grc' dir='ltr'><strong>τῶν</strong></span> <span class='ocrx_word' id='word_1_76' title='bbox 959 1101 1245 1170; x_wconf 88' lang='grc' dir='ltr'>σωμάτων.</span> <span class='ocrx_word' id='word_1_77' title='bbox 1282 1101 1439 1154; x_wconf 83' lang='grc' dir='ltr'>Ἀλλὰ</span> <span class='ocrx_word' id='word_1_78' title='bbox 1465 1103 1556 1155; x_wconf 84' lang='grc' dir='ltr'><strong>καὶ</strong></span> <span class='ocrx_word' id='word_1_79' title='bbox 1582 1101 1834 1169; x_wconf 79' lang='grc' dir='ltr'>καθάπαξ</span> <span class='ocrx_word' id='word_1_80' title='bbox 1861 1105 1958 1174; x_wconf 80' lang='grc' dir='ltr'>τὴν</span> 
     </span>
    </p>
   </div>
   <div class='ocr_carea' id='block_1_13' title="bbox 391 1188 1958 1265">
    <p class='ocr_par' dir='ltr' id='par_1_13' title="bbox 391 1188 1958 1265">
     <span class='ocr_line' id='line_1_13' title="bbox 391 1188 1958 1265; baseline 0.004 -25"><span class='ocrx_word' id='word_1_81' title='bbox 391 1188 534 1241; x_wconf 81' lang='grc' dir='ltr'><strong>ἰδέαν</strong></span> <span class='ocrx_word' id='word_1_82' title='bbox 562 1191 660 1260; x_wconf 87' lang='grc' dir='ltr'><strong>τῆς</strong></span> <span class='ocrx_word' id='word_1_83' title='bbox 690 1189 887 1260; x_wconf 80' lang='grc' dir='ltr'>ψυχῆς,</span> <span class='ocrx_word' id='word_1_84' title='bbox 923 1192 1017 1245; x_wconf 73' lang='grc' dir='ltr'><strong>καὶ</strong></span> <span class='ocrx_word' id='word_1_85' title='bbox 1051 1191 1282 1262; x_wconf 79' lang='grc' dir='ltr'>μάλιστα</span> <span class='ocrx_word' id='word_1_86' title='bbox 1315 1193 1403 1246; x_wconf 84' lang='grc' dir='ltr'><strong>τὸν</strong></span> <span class='ocrx_word' id='word_1_87' title='bbox 1443 1193 1677 1264; x_wconf 79' lang='grc' dir='ltr'>ἄρχοντα</span> <span class='ocrx_word' id='word_1_88' title='bbox 1725 1197 1781 1247; x_wconf 81' lang='grc' dir='ltr'>ὲν</span> <span class='ocrx_word' id='word_1_89' title='bbox 1829 1197 1958 1265; x_wconf 80' lang='grc' dir='ltr'>ἡμῖν</span> 
     </span>
    </p>
   </div>
   <div class='ocr_carea' id='block_1_14' title="bbox 388 1274 1959 1353">
    <p class='ocr_par' dir='ltr' id='par_1_14' title="bbox 388 1274 1959 1353">
     <span class='ocr_line' id='line_1_14' title="bbox 388 1274 1959 1353; baseline 0.007 -25"><span class='ocrx_word' id='word_1_90' title='bbox 388 1274 530 1339; x_wconf 91' lang='grc' dir='ltr'>νοῦν,</span> <span class='ocrx_word' id='word_1_91' title='bbox 562 1277 796 1346; x_wconf 85' lang='grc' dir='ltr'>ὁπηλίκα</span> <span class='ocrx_word' id='word_1_92' title='bbox 818 1279 1154 1351; x_wconf 80' lang='grc' dir='ltr'>βουλεύματα</span> <span class='ocrx_word' id='word_1_93' title='bbox 1178 1283 1268 1335; x_wconf 74' lang='grc' dir='ltr'><strong>καὶ</strong></span> <span class='ocrx_word' id='word_1_94' title='bbox 1292 1283 1468 1353; x_wconf 79' lang='grc' dir='ltr'>ὁρμὰς</span> <span class='ocrx_word' id='word_1_95' title='bbox 1496 1283 1754 1348; x_wconf 80' lang='grc' dir='ltr'><strong>πολλάκις</strong></span> <span class='ocrx_word' id='word_1_96' title='bbox 1772 1287 1959 1349; x_wconf 82' lang='grc' dir='ltr'>ὁποίας</span> 
     </span>
    </p>
   </div>
   <div class='ocr_carea' id='block_1_15' title="bbox 389 1364 1959 1445">
    <p class='ocr_par' dir='ltr' id='par_1_15' title="bbox 389 1364 1959 1445">
     <span class='ocr_line' id='line_1_15' title="bbox 389 1364 1959 1445; baseline 0.008 -29"><span class='ocrx_word' id='word_1_97' title='bbox 389 1364 652 1429; x_wconf 81' lang='grc' dir='ltr'>ὑποκινεῖ,</span> <span class='ocrx_word' id='word_1_98' title='bbox 693 1366 771 1436; x_wconf 88' lang='grc' dir='ltr'><strong>τῷ</strong></span> <span class='ocrx_word' id='word_1_99' title='bbox 817 1371 1207 1440; x_wconf 85' lang='grc' dir='ltr'>κατανοήσαντι</span> <span class='ocrx_word' id='word_1_100' title='bbox 1249 1370 1415 1442; x_wconf 85' lang='grc' dir='ltr'>πολλή</span> <span class='ocrx_word' id='word_1_101' title='bbox 1462 1389 1540 1436; x_wconf 86' lang='grc' dir='ltr'><strong>τις</strong></span> <span class='ocrx_word' id='word_1_102' title='bbox 1573 1373 1638 1426; x_wconf 86' lang='grc' dir='ltr'><strong>ἂν</strong></span> <span class='ocrx_word' id='word_1_103' title='bbox 1687 1375 1824 1445; x_wconf 89' lang='grc' dir='ltr'>πρὸς</span> <span class='ocrx_word' id='word_1_104' title='bbox 1869 1377 1959 1429; x_wconf 84' lang='grc' dir='ltr'><strong>τὸν</strong></span> 
     </span>
    </p>
   </div>
   <div class='ocr_carea' id='block_1_16' title="bbox 389 1455 1959 1534">
    <p class='ocr_par' dir='ltr' id='par_1_16' title="bbox 389 1455 1959 1534">
     <span class='ocr_line' id='line_1_16' title="bbox 389 1455 1959 1534; baseline 0.008 -26"><span class='ocrx_word' id='word_1_105' title='bbox 389 1455 519 1510; x_wconf 79' lang='grc' dir='ltr'>Θεὸν</span> <span class='ocrx_word' id='word_1_106' title='bbox 545 1458 798 1530; x_wconf 83' lang='grc' dir='ltr'><strong>ὁμοιότης</strong></span> <span class='ocrx_word' id='word_1_107' title='bbox 821 1461 1142 1534; x_wconf 82' lang='grc' dir='ltr'>ὑποφανείη.</span> <span class='ocrx_word' id='word_1_108' title='bbox 1183 1483 1202 1516; x_wconf 70' lang='grc' dir='ltr'><strong>ι</strong></span> <span class='ocrx_word' id='word_1_109' title='bbox 1239 1465 1347 1518; x_wconf 74' lang='grc' dir='ltr'>Καὶ</span> <span class='ocrx_word' id='word_1_110' title='bbox 1383 1463 1508 1534; x_wconf 83' lang='grc' dir='ltr'><strong>ἑξῆς</strong></span> <span class='ocrx_word' id='word_1_111' title='bbox 1540 1465 1797 1534; x_wconf 78' lang='grc' dir='ltr'>ἐπιλέγει·</span> <span class='ocrx_word' id='word_1_112' title='bbox 1840 1486 1857 1517; x_wconf 82' lang='grc' dir='ltr'><strong>ι</strong></span> <span class='ocrx_word' id='word_1_113' title='bbox 1897 1470 1959 1528; x_wconf 79' lang='grc' dir='ltr'><strong>Εἰ</strong></span> 
     </span>
    </p>
   </div>
   <div class='ocr_carea' id='block_1_17' title="bbox 389 1546 1959 1630">
    <p class='ocr_par' dir='ltr' id='par_1_17' title="bbox 389 1546 1959 1630">
     <span class='ocr_line' id='line_1_17' title="bbox 389 1546 1959 1630; baseline 0.009 -31"><span class='ocrx_word' id='word_1_114' title='bbox 389 1546 497 1616; x_wconf 77' lang='grc' dir='ltr'><strong>γὰρ</strong></span> <span class='ocrx_word' id='word_1_115' title='bbox 540 1549 616 1612; x_wconf 88' lang='grc' dir='ltr'>ὼς</span> <span class='ocrx_word' id='word_1_116' title='bbox 656 1551 966 1620; x_wconf 83' lang='grc' dir='ltr'>ὁμοιότατον</span> <span class='ocrx_word' id='word_1_117' title='bbox 1010 1553 1087 1624; x_wconf 90' lang='grc' dir='ltr'><strong>τῷ</strong></span> <span class='ocrx_word' id='word_1_118' title='bbox 1135 1553 1264 1625; x_wconf 88' lang='grc' dir='ltr'>θείῳ</span> <span class='ocrx_word' id='word_1_119' title='bbox 1315 1556 1530 1609; x_wconf 88' lang='grc' dir='ltr'>πάντων</span> <span class='ocrx_word' id='word_1_120' title='bbox 1577 1559 1872 1628; x_wconf 90' lang='grc' dir='ltr'>χρημάτων</span> <span class='ocrx_word' id='word_1_121' title='bbox 1926 1563 1959 1630; x_wconf 81' lang='grc' dir='ltr'><strong>ἠ</strong></span> 
     </span>
    </p>
   </div>
   <div class='ocr_carea' id='block_1_18' title="bbox 389 1638 1963 1716">
    <p class='ocr_par' dir='ltr' id='par_1_18' title="bbox 389 1638 1963 1716">
     <span class='ocr_line' id='line_1_18' title="bbox 389 1638 1963 1716; baseline 0.01 -26"><span class='ocrx_word' id='word_1_122' title='bbox 389 1638 533 1710; x_wconf 77' lang='grc' dir='ltr'>ψυχὴ</span> <span class='ocrx_word' id='word_1_123' title='bbox 563 1639 854 1706; x_wconf 85' lang='grc' dir='ltr'>δείκνυται,</span> <span class='ocrx_word' id='word_1_124' title='bbox 889 1644 973 1707; x_wconf 85' lang='grc' dir='ltr'><strong>τίς</strong></span> <span class='ocrx_word' id='word_1_125' title='bbox 1011 1644 1090 1698; x_wconf 76' lang='grc' dir='ltr'><strong>ἔτι</strong></span> <span class='ocrx_word' id='word_1_126' title='bbox 1118 1646 1276 1716; x_wconf 88' lang='grc' dir='ltr'>χρεία</span> <span class='ocrx_word' id='word_1_127' title='bbox 1303 1647 1414 1700; x_wconf 87' lang='grc' dir='ltr'><strong>τῶν</strong></span> <span class='ocrx_word' id='word_1_128' title='bbox 1441 1648 1613 1702; x_wconf 83' lang='grc' dir='ltr'>ἄλλων</span> <span class='ocrx_word' id='word_1_129' title='bbox 1641 1650 1842 1704; x_wconf 80' lang='grc' dir='ltr'>δεῖσθαι</span> <span class='ocrx_word' id='word_1_130' title='bbox 1877 1652 1963 1706; x_wconf 92' lang='grc' dir='ltr'>λό-</span> 
     </span>
    </p>
   </div>
   <div class='ocr_carea' id='block_1_19' title="bbox 390 1732 1962 1812">
    <p class='ocr_par' dir='ltr' id='par_1_19' title="bbox 390 1732 1962 1812">
     <span class='ocr_line' id='line_1_19' title="bbox 390 1732 1962 1812; baseline 0.01 -31"><span class='ocrx_word' id='word_1_131' title='bbox 390 1745 501 1798; x_wconf 89' lang='grc' dir='ltr'><strong>γων</strong></span> <span class='ocrx_word' id='word_1_132' title='bbox 527 1733 607 1794; x_wconf 84' lang='grc' dir='ltr'><strong>είς</strong></span> <span class='ocrx_word' id='word_1_133' title='bbox 636 1732 904 1799; x_wconf 84' lang='grc' dir='ltr'>ἀπόδειξιν</span> <span class='ocrx_word' id='word_1_134' title='bbox 931 1736 1031 1806; x_wconf 79' lang='grc' dir='ltr'><strong>τῆς</strong></span> <span class='ocrx_word' id='word_1_135' title='bbox 1057 1737 1354 1801; x_wconf 84' lang='grc' dir='ltr'>ἀθανασίας</span> <span class='ocrx_word' id='word_1_136' title='bbox 1392 1741 1581 1811; x_wconf 77' lang='grc' dir='ltr'>αὐτῆς,</span> <span class='ocrx_word' id='word_1_137' title='bbox 1615 1741 1962 1812; x_wconf 85' lang='grc' dir='ltr'>προοιμιαζὸ-</span> 
     </span>
    </p>
   </div>
   <div class='ocr_carea' id='block_1_20' title="bbox 393 1813 2030 1900">
    <p class='ocr_par' dir='ltr' id='par_1_20' title="bbox 393 1813 2030 1900">
     <span class='ocr_line' id='line_1_20' title="bbox 393 1813 2030 1900; baseline 0.01 -29"><span class='ocrx_word' id='word_1_138' title='bbox 393 1835 572 1888; x_wconf 90' lang='grc' dir='ltr'>μενον,</span> <span class='ocrx_word' id='word_1_139' title='bbox 606 1823 698 1875; x_wconf 80' lang='grc' dir='ltr'><strong>καὶ</strong></span> <span class='ocrx_word' id='word_1_140' title='bbox 726 1824 798 1895; x_wconf 81' lang='grc' dir='ltr'>μὴ</span> <span class='ocrx_word' id='word_1_141' title='bbox 838 1825 929 1878; x_wconf 75' lang='grc' dir='ltr'>καὶ</span> <span class='ocrx_word' id='word_1_142' title='bbox 956 1825 1141 1879; x_wconf 85' lang='grc' dir='ltr'>τοῦτον</span> <span class='ocrx_word' id='word_1_143' title='bbox 1189 1828 1264 1891; x_wconf 86' lang='grc' dir='ltr'>ὡς</span> <span class='ocrx_word' id='word_1_144' title='bbox 1309 1829 1404 1882; x_wconf 75' lang='grc' dir='ltr'><strong>ἕνα</strong></span> <span class='ocrx_word' id='word_1_145' title='bbox 1437 1829 1574 1900; x_wconf 85' lang='grc' dir='ltr'>μετὰ</span> <span class='ocrx_word' id='word_1_146' title='bbox 1601 1831 1709 1884; x_wconf 85' lang='grc' dir='ltr'><strong>τῶν</strong></span> <span class='ocrx_word' id='word_1_147' title='bbox 1749 1833 1958 1888; x_wconf 80' lang='grc' dir='ltr'>πολλῶν</span> <span class='ocrx_word' id='word_1_148' title='bbox 1991 1813 2030 1866; x_wconf 76' lang='grc' dir='ltr'>Β</span> 
     </span>
    </p>
   </div>
   <div class='ocr_carea' id='block_1_21' title="bbox 390 1911 1961 1996">
    <p class='ocr_par' dir='ltr' id='par_1_21' title="bbox 390 1911 1961 1996">
     <span class='ocr_line' id='line_1_21' title="bbox 390 1911 1961 1996; baseline 0.01 -35"><span class='ocrx_word' id='word_1_149' title='bbox 390 1911 848 1982; x_wconf 81' lang='grc' dir='ltr'>καταριθμοῦντα,</span> <span class='ocrx_word' id='word_1_150' title='bbox 889 1917 1068 1970; x_wconf 79' lang='grc' dir='ltr'>ἱκανὸν</span> <span class='ocrx_word' id='word_1_151' title='bbox 1096 1918 1224 1972; x_wconf 77' lang='grc' dir='ltr'>ὄντα</span> <span class='ocrx_word' id='word_1_152' title='bbox 1257 1921 1508 1992; x_wconf 75' lang='grc' dir='ltr'>ὲντρέψαι</span> <span class='ocrx_word' id='word_1_153' title='bbox 1537 1924 1660 1986; x_wconf 81' lang='grc' dir='ltr'>τοὺς</span> <span class='ocrx_word' id='word_1_154' title='bbox 1687 1924 1961 1996; x_wconf 80' lang='grc' dir='ltr'>εὐγνώμο-</span> 
     </span>
    </p>
   </div>
   <div class='ocr_carea' id='block_1_22' title="bbox 389 2003 1961 2086">
    <p class='ocr_par' dir='ltr' id='par_1_22' title="bbox 389 2003 1961 2086">
     <span class='ocr_line' id='line_1_22' title="bbox 389 2003 1961 2086; baseline 0.01 -32"><span class='ocrx_word' id='word_1_155' title='bbox 389 2017 505 2064; x_wconf 90' lang='grc' dir='ltr'>νας,</span> <span class='ocrx_word' id='word_1_156' title='bbox 535 2003 609 2066; x_wconf 83' lang='grc' dir='ltr'>ὡς</span> <span class='ocrx_word' id='word_1_157' title='bbox 643 2004 743 2057; x_wconf 84' lang='grc' dir='ltr'><strong>οὐκ</strong></span> <span class='ocrx_word' id='word_1_158' title='bbox 767 2005 831 2058; x_wconf 83' lang='grc' dir='ltr'><strong>ἂν</strong></span> <span class='ocrx_word' id='word_1_159' title='bbox 864 2007 970 2060; x_wconf 85' lang='grc' dir='ltr'><strong>τῶν</strong></span> <span class='ocrx_word' id='word_1_160' title='bbox 1000 2011 1252 2080; x_wconf 78' lang='grc' dir='ltr'>ὲμφερῶν</span> <span class='ocrx_word' id='word_1_161' title='bbox 1269 2011 1346 2082; x_wconf 87' lang='grc' dir='ltr'><strong>τῷ</strong></span> <span class='ocrx_word' id='word_1_162' title='bbox 1367 2013 1501 2084; x_wconf 81' lang='grc' dir='ltr'>θείῳ</span> <span class='ocrx_word' id='word_1_163' title='bbox 1525 2015 1782 2085; x_wconf 78' lang='grc' dir='ltr'>μετέσχεν</span> <span class='ocrx_word' id='word_1_164' title='bbox 1813 2020 1961 2086; x_wconf 80' lang='grc' dir='ltr'>ἐνερ-</span> 
     </span>
    </p>
   </div>
   <div class='ocr_carea' id='block_1_23' title="bbox 388 2093 1960 2177">
    <p class='ocr_par' dir='ltr' id='par_1_23' title="bbox 388 2093 1960 2177">
     <span class='ocr_line' id='line_1_23' title="bbox 388 2093 1960 2177; baseline 0.01 -34"><span class='ocrx_word' id='word_1_165' title='bbox 388 2093 574 2159; x_wconf 85' lang='grc' dir='ltr'>γειῶν,</span> <span class='ocrx_word' id='word_1_166' title='bbox 608 2096 682 2164; x_wconf 91' lang='grc' dir='ltr'><strong>μή</strong></span> <span class='ocrx_word' id='word_1_167' title='bbox 706 2112 785 2147; x_wconf 90' lang='grc' dir='ltr'><strong>τοι</strong></span> <span class='ocrx_word' id='word_1_168' title='bbox 814 2096 930 2149; x_wconf 86' lang='grc' dir='ltr'>Θεία</span> <span class='ocrx_word' id='word_1_169' title='bbox 955 2115 1019 2166; x_wconf 89' lang='grc' dir='ltr'><strong>γε</strong></span> <span class='ocrx_word' id='word_1_170' title='bbox 1052 2096 1186 2154; x_wconf 81' lang='grc' dir='ltr'>οὖσα</span> <span class='ocrx_word' id='word_1_171' title='bbox 1212 2102 1303 2154; x_wconf 75' lang='grc' dir='ltr'>καὶ</span> <span class='ocrx_word' id='word_1_172' title='bbox 1329 2102 1494 2174; x_wconf 76' lang='grc' dir='ltr'>αὐτής</span> <span class='ocrx_word' id='word_1_173' title='bbox 1531 2104 1591 2156; x_wconf 75' lang='lat' dir='ltr'><strong>El</strong></span> <span class='ocrx_word' id='word_1_174' title='bbox 1620 2104 1728 2176; x_wconf 84' lang='grc' dir='ltr'><strong>γὰρ</strong></span> <span class='ocrx_word' id='word_1_175' title='bbox 1760 2106 1960 2177; x_wconf 86' lang='grc' dir='ltr'>καίπερ</span> 
     </span>
    </p>
   </div>
   <div class='ocr_carea' id='block_1_24' title="bbox 389 2183 1961 2265">
    <p class='ocr_par' dir='ltr' id='par_1_24' title="bbox 389 2183 1961 2265">
     <span class='ocr_line' id='line_1_24' title="bbox 389 2183 1961 2265; baseline 0.011 -32"><span class='ocrx_word' id='word_1_176' title='bbox 389 2183 448 2235; x_wconf 83' lang='grc' dir='ltr'>ὲν</span> <span class='ocrx_word' id='word_1_177' title='bbox 486 2183 564 2254; x_wconf 90' lang='grc' dir='ltr'><strong>τῷ</strong></span> <span class='ocrx_word' id='word_1_178' title='bbox 601 2183 779 2256; x_wconf 83' lang='grc' dir='ltr'>θνητῷ</span> <span class='ocrx_word' id='word_1_179' title='bbox 811 2188 906 2240; x_wconf 74' lang='grc' dir='ltr'>καὶ</span> <span class='ocrx_word' id='word_1_180' title='bbox 943 2189 1106 2260; x_wconf 90' lang='grc' dir='ltr'>λυτῷ,</span> <span class='ocrx_word' id='word_1_181' title='bbox 1140 2192 1233 2244; x_wconf 72' lang='grc' dir='ltr'><strong>καὶ</strong></span> <span class='ocrx_word' id='word_1_182' title='bbox 1266 2195 1495 2265; x_wconf 86' lang='grc' dir='ltr'>ἀνοήτῳ,</span> <span class='ocrx_word' id='word_1_183' title='bbox 1527 2196 1620 2249; x_wconf 80' lang='grc' dir='ltr'>καὶ</span> <span class='ocrx_word' id='word_1_184' title='bbox 1654 2195 1774 2248; x_wconf 84' lang='grc' dir='ltr'>καθ’</span> <span class='ocrx_word' id='word_1_185' title='bbox 1801 2197 1961 2250; x_wconf 78' lang='grc' dir='ltr'>ἑαυτὸ</span> 
     </span>
    </p>
   </div>
   <div class='ocr_carea' id='block_1_25' title="bbox 395 2275 1960 2362">
    <p class='ocr_par' dir='ltr' id='par_1_25' title="bbox 395 2275 1960 2362">
     <span class='ocr_line' id='line_1_25' title="bbox 395 2275 1960 2362; baseline 0.01 -35"><span class='ocrx_word' id='word_1_186' title='bbox 395 2275 588 2347; x_wconf 66' lang='grc' dir='ltr'>νεκρῷ,</span> <span class='ocrx_word' id='word_1_187' title='bbox 627 2279 718 2330; x_wconf 79' lang='grc' dir='ltr'><strong>καὶ</strong></span> <span class='ocrx_word' id='word_1_188' title='bbox 751 2279 838 2332; x_wconf 73' lang='grc' dir='ltr'>ἀεὶ</span> <span class='ocrx_word' id='word_1_189' title='bbox 866 2280 1241 2354; x_wconf 81' lang='grc' dir='ltr'>ἀπολλυμένῳ,</span> <span class='ocrx_word' id='word_1_190' title='bbox 1284 2287 1376 2338; x_wconf 82' lang='grc' dir='ltr'><strong>καὶ</strong></span> <span class='ocrx_word' id='word_1_191' title='bbox 1414 2287 1717 2358; x_wconf 81' lang='grc' dir='ltr'>διαρῤέοντι</span> <span class='ocrx_word' id='word_1_192' title='bbox 1756 2291 1836 2352; x_wconf 84' lang='grc' dir='ltr'><strong>είς</strong></span> <span class='ocrx_word' id='word_1_193' title='bbox 1861 2291 1960 2362; x_wconf 82' lang='grc' dir='ltr'><strong>τὴν</strong></span> 
     </span>
    </p>
   </div>
   <div class='ocr_carea' id='block_1_26' title="bbox 386 2367 1960 2450">
    <p class='ocr_par' dir='ltr' id='par_1_26' title="bbox 386 2367 1960 2450">
     <span class='ocr_line' id='line_1_26' title="bbox 386 2367 1960 2450; baseline 0.011 -32"><span class='ocrx_word' id='word_1_194' title='bbox 386 2367 489 2435; x_wconf 80' lang='grc' dir='ltr'><strong>τῆς</strong></span> <span class='ocrx_word' id='word_1_195' title='bbox 526 2368 800 2434; x_wconf 83' lang='grc' dir='ltr'>ἀπωλείας</span> <span class='ocrx_word' id='word_1_196' title='bbox 841 2373 1160 2445; x_wconf 80' lang='grc' dir='ltr'>μεταϐολὴν,</span> <span class='ocrx_word' id='word_1_197' title='bbox 1191 2379 1684 2450; x_wconf 88' lang='grc' dir='ltr'>κατορωρυγμένη,</span> <span class='ocrx_word' id='word_1_198' title='bbox 1726 2381 1857 2434; x_wconf 81' lang='grc' dir='ltr'>αὐτό</span> <span class='ocrx_word' id='word_1_199' title='bbox 1899 2399 1960 2434; x_wconf 87' lang='grc' dir='ltr'><strong>τε</strong></span> 
     </span>
    </p>
   </div>
   <div class='ocr_carea' id='block_1_27' title="bbox 389 2459 1959 2536">
    <p class='ocr_par' dir='ltr' id='par_1_27' title="bbox 389 2459 1959 2536">
     <span class='ocr_line' id='line_1_27' title="bbox 389 2459 1959 2536; baseline 0.008 -24"><span class='ocrx_word' id='word_1_200' title='bbox 389 2459 535 2512; x_wconf 80' lang='grc' dir='ltr'>ποιεῖ</span> <span class='ocrx_word' id='word_1_201' title='bbox 563 2459 655 2512; x_wconf 80' lang='grc' dir='ltr'>καὶ</span> <span class='ocrx_word' id='word_1_202' title='bbox 683 2461 916 2530; x_wconf 90' lang='grc' dir='ltr'>συνέχει,</span> <span class='ocrx_word' id='word_1_203' title='bbox 945 2465 1037 2517; x_wconf 64' lang='grc' dir='ltr'><strong>καὶ¹</strong></span> <span class='ocrx_word' id='word_1_204' title='bbox 1061 2464 1157 2535; x_wconf 86' lang='grc' dir='ltr'>τὴν</span> <span class='ocrx_word' id='word_1_205' title='bbox 1185 2467 1382 2536; x_wconf 77' lang='grc' dir='ltr'>ἑαυτῆς</span> <span class='ocrx_word' id='word_1_206' title='bbox 1410 2467 1558 2522; x_wconf 86' lang='grc' dir='ltr'>θείαν</span> <span class='ocrx_word' id='word_1_207' title='bbox 1587 2470 1959 2525; x_wconf 83' lang='grc' dir='ltr'>ἀναδείκνυσιν</span> 
     </span>
    </p>
   </div>
   <div class='ocr_carea' id='block_1_28' title="bbox 389 2548 1958 2633">
    <p class='ocr_par' dir='ltr' id='par_1_28' title="bbox 389 2548 1958 2633">
     <span class='ocr_line' id='line_1_28' title="bbox 389 2548 1958 2633; baseline 0.01 -32"><span class='ocrx_word' id='word_1_208' title='bbox 389 2548 604 2614; x_wconf 82' lang='grc' dir='ltr'>οὐσίαν,</span> <span class='ocrx_word' id='word_1_209' title='bbox 654 2552 854 2622; x_wconf 84' lang='grc' dir='ltr'>καίπερ</span> <span class='ocrx_word' id='word_1_210' title='bbox 899 2555 1369 2628; x_wconf 82' lang='grc' dir='ltr'>ὲπιπροσθουμένη</span> <span class='ocrx_word' id='word_1_211' title='bbox 1423 2561 1516 2613; x_wconf 77' lang='grc' dir='ltr'><strong>καὶ</strong></span> <span class='ocrx_word' id='word_1_212' title='bbox 1559 2561 1958 2633; x_wconf 80' lang='grc' dir='ltr'>ὲμποδιζομένη</span> 
     </span>
    </p>
   </div>
   <div class='ocr_carea' id='block_1_29' title="bbox 391 2640 1956 2724">
    <p class='ocr_par' dir='ltr' id='par_1_29' title="bbox 391 2640 1956 2724">
     <span class='ocr_line' id='line_1_29' title="bbox 391 2640 1956 2724; baseline 0.008 -30"><span class='ocrx_word' id='word_1_213' title='bbox 391 2640 496 2694; x_wconf 76' lang='grc' dir='ltr'><strong>ὑπὸ</strong></span> <span class='ocrx_word' id='word_1_214' title='bbox 524 2640 617 2694; x_wconf 90' lang='grc' dir='ltr'><strong>τοῦ</strong></span> <span class='ocrx_word' id='word_1_215' title='bbox 648 2645 1003 2715; x_wconf 83' lang='grc' dir='ltr'>προκειμένου</span> <span class='ocrx_word' id='word_1_216' title='bbox 1034 2648 1172 2718; x_wconf 80' lang='grc' dir='ltr'>αὐτῇ</span> <span class='ocrx_word' id='word_1_217' title='bbox 1222 2651 1572 2724; x_wconf 89' lang='grc' dir='ltr'>πανωλέθρου</span> <span class='ocrx_word' id='word_1_218' title='bbox 1621 2652 1956 2724; x_wconf 70' lang='grc' dir='ltr'>πλάσματος*</span> 
     </span>
    </p>
   </div>
   <div class='ocr_carea' id='block_1_30' title="bbox 391 2730 1954 2816">
    <p class='ocr_par' dir='ltr' id='par_1_30' title="bbox 391 2730 1954 2816">
     <span class='ocr_line' id='line_1_30' title="bbox 391 2730 1954 2816; baseline 0.011 -34"><span class='ocrx_word' id='word_1_219' title='bbox 391 2730 510 2794; x_wconf 83' lang='grc' dir='ltr'><strong>πῶς</strong></span> <span class='ocrx_word' id='word_1_220' title='bbox 539 2735 587 2784; x_wconf 87' lang='grc' dir='ltr'><strong>εί</strong></span> <span class='ocrx_word' id='word_1_221' title='bbox 617 2733 868 2806; x_wconf 86' lang='grc' dir='ltr'>τῷλόγῳ</span> <span class='ocrx_word' id='word_1_222' title='bbox 902 2737 1216 2809; x_wconf 86' lang='grc' dir='ltr'>χωρισθείη,</span> <span class='ocrx_word' id='word_1_223' title='bbox 1253 2741 1442 2814; x_wconf 82' lang='grc' dir='ltr'>ὥσπερ</span> <span class='ocrx_word' id='word_1_224' title='bbox 1475 2745 1695 2814; x_wconf 90' lang='grc' dir='ltr'>χρυσίον</span> <span class='ocrx_word' id='word_1_225' title='bbox 1729 2763 1954 2816; x_wconf 87' lang='grc' dir='ltr'>περιπε-</span> 
     </span>
    </p>
   </div>
   <div class='ocr_carea' id='block_1_31' title="bbox 391 2821 1960 2907">
    <p class='ocr_par' dir='ltr' id='par_1_31' title="bbox 391 2821 1960 2907">
     <span class='ocr_line' id='line_1_31' title="bbox 391 2821 1960 2907; baseline 0.009 -32"><span class='ocrx_word' id='word_1_226' title='bbox 391 2821 699 2894; x_wconf 88' lang='grc' dir='ltr'>πλασμένου</span> <span class='ocrx_word' id='word_1_227' title='bbox 746 2827 939 2897; x_wconf 82' lang='grc' dir='ltr'>πηλοῦ,</span> <span class='ocrx_word' id='word_1_228' title='bbox 977 2830 1076 2882; x_wconf 82' lang='grc' dir='ltr'><strong>οὐκ</strong></span> <span class='ocrx_word' id='word_1_229' title='bbox 1120 2831 1342 2885; x_wconf 81' lang='grc' dir='ltr'>αὐτόθεν</span> <span class='ocrx_word' id='word_1_230' title='bbox 1386 2833 1452 2885; x_wconf 84' lang='grc' dir='ltr'><strong>ἂν</strong></span> <span class='ocrx_word' id='word_1_231' title='bbox 1485 2833 1544 2886; x_wconf 76' lang='grc' dir='ltr'>τὸ</span> <span class='ocrx_word' id='word_1_232' title='bbox 1588 2835 1785 2907; x_wconf 80' lang='grc' dir='ltr'>ἑαυτῆς</span> <span class='ocrx_word' id='word_1_233' title='bbox 1825 2833 1960 2901; x_wconf 73' lang='grc' dir='ltr'>εἶδος</span> 
     </span>
    </p>
   </div>
   <div class='ocr_carea' id='block_1_32' title="bbox 390 2915 1960 2996">
    <p class='ocr_par' dir='ltr' id='par_1_32' title="bbox 390 2915 1960 2996">
     <span class='ocr_line' id='line_1_32' title="bbox 390 2915 1960 2996; baseline 0.008 -27"><span class='ocrx_word' id='word_1_234' title='bbox 390 2915 695 2986; x_wconf 72' lang='grc' dir='ltr'>ἐκφήνειεν,</span> <span class='ocrx_word' id='word_1_235' title='bbox 731 2917 805 2981; x_wconf 81' lang='grc' dir='ltr'>ὡς</span> <span class='ocrx_word' id='word_1_236' title='bbox 834 2920 1071 2992; x_wconf 78' lang='grc' dir='ltr'>ἐμφερὲς</span> <span class='ocrx_word' id='word_1_237' title='bbox 1108 2921 1166 2975; x_wconf 81' lang='grc' dir='ltr'>ὃν</span> <span class='ocrx_word' id='word_1_238' title='bbox 1217 2924 1373 2993; x_wconf 89' lang='grc' dir='ltr'>μόνον</span> <span class='ocrx_word' id='word_1_239' title='bbox 1413 2924 1491 2996; x_wconf 89' lang='grc' dir='ltr'><strong>τῷ</strong></span> <span class='ocrx_word' id='word_1_240' title='bbox 1521 2924 1662 2995; x_wconf 83' lang='grc' dir='ltr'>Θεῷ,</span> <span class='ocrx_word' id='word_1_241' title='bbox 1699 2927 1833 2981; x_wconf 83' lang='grc' dir='ltr'><strong>ἀλλά</strong></span> <span class='ocrx_word' id='word_1_242' title='bbox 1866 2929 1960 2984; x_wconf 76' lang='grc' dir='ltr'>καὶ</span> 
     </span>
    </p>
   </div>
   <div class='ocr_carea' id='block_1_33' title="bbox 390 3003 1958 3085">
    <p class='ocr_par' dir='ltr' id='par_1_33' title="bbox 390 3003 1958 3085">
     <span class='ocr_line' id='line_1_33' title="bbox 390 3003 1958 3085; baseline 0.004 -26"><span class='ocrx_word' id='word_1_243' title='bbox 390 3003 480 3059; x_wconf 82' lang='grc' dir='ltr'>διὰ</span> <span class='ocrx_word' id='word_1_244' title='bbox 512 3005 573 3057; x_wconf 88' lang='grc' dir='ltr'><strong>τὸ</strong></span> <span class='ocrx_word' id='word_1_245' title='bbox 609 3005 829 3075; x_wconf 65' lang='grc' dir='ltr'>μέτοχον</span> <span class='ocrx_word' id='word_1_246' title='bbox 882 3007 1046 3060; x_wconf 84' lang='grc' dir='ltr'>αὑτοῦ</span> <span class='ocrx_word' id='word_1_247' title='bbox 1087 3005 1247 3073; x_wconf 77' lang='grc' dir='ltr'>εἶναι,</span> <span class='ocrx_word' id='word_1_248' title='bbox 1289 3011 1382 3062; x_wconf 80' lang='grc' dir='ltr'><strong>καὶ</strong></span> <span class='ocrx_word' id='word_1_249' title='bbox 1417 3011 1513 3074; x_wconf 75' lang='grc' dir='ltr'>τὰς</span> <span class='ocrx_word' id='word_1_250' title='bbox 1549 3013 1606 3063; x_wconf 79' lang='grc' dir='ltr'>ὲν</span> <span class='ocrx_word' id='word_1_251' title='bbox 1645 3015 1765 3076; x_wconf 83' lang='grc' dir='ltr'>ταῖς</span> <span class='ocrx_word' id='word_1_252' title='bbox 1804 3014 1958 3085; x_wconf 82' lang='grc' dir='ltr'>ἐνερ-</span> 
     </span>
    </p>
   </div>
   <div class='ocr_carea' id='block_1_34' title="bbox 392 3094 1961 3176">
    <p class='ocr_par' dir='ltr' id='par_1_34' title="bbox 392 3094 1961 3176">
     <span class='ocr_line' id='line_1_34' title="bbox 392 3094 1961 3176; baseline 0.008 -30"><span class='ocrx_word' id='word_1_253' title='bbox 392 3094 564 3160; x_wconf 85' lang='grc' dir='ltr'>γείαις</span> <span class='ocrx_word' id='word_1_254' title='bbox 590 3096 910 3168; x_wconf 83' lang='grc' dir='ltr'>ὁμοιότητας</span> <span class='ocrx_word' id='word_1_255' title='bbox 937 3097 1216 3165; x_wconf 78' lang='grc' dir='ltr'>διασῷζον,</span> <span class='ocrx_word' id='word_1_256' title='bbox 1246 3102 1341 3154; x_wconf 75' lang='grc' dir='ltr'><strong>καὶ</strong></span> <span class='ocrx_word' id='word_1_257' title='bbox 1380 3103 1438 3154; x_wconf 78' lang='grc' dir='ltr'><strong>ἐν</strong></span> <span class='ocrx_word' id='word_1_258' title='bbox 1467 3101 1543 3172; x_wconf 91' lang='grc' dir='ltr'><strong>τῷ</strong></span> <span class='ocrx_word' id='word_1_259' title='bbox 1582 3102 1759 3174; x_wconf 86' lang='grc' dir='ltr'>θνητῷ</span> <span class='ocrx_word' id='word_1_260' title='bbox 1794 3106 1961 3176; x_wconf 79' lang='grc' dir='ltr'>αὐτῆς</span> 
     </span>
    </p>
   </div>
   <div class='ocr_carea' id='block_1_35' title="bbox 394 3183 1960 3267">
    <p class='ocr_par' dir='ltr' id='par_1_35' title="bbox 394 3183 1960 3267">
     <span class='ocr_line' id='line_1_35' title="bbox 394 3183 1960 3267; baseline 0.011 -32"><span class='ocrx_word' id='word_1_261' title='bbox 394 3183 600 3257; x_wconf 76' lang='grc' dir='ltr'>(ὥσπερ</span> <span class='ocrx_word' id='word_1_262' title='bbox 625 3187 771 3240; x_wconf 73' lang='grc' dir='ltr'>ἐστὶν</span> <span class='ocrx_word' id='word_1_263' title='bbox 792 3189 918 3243; x_wconf 86' lang='grc' dir='ltr'>ὅταν</span> <span class='ocrx_word' id='word_1_264' title='bbox 940 3192 996 3242; x_wconf 82' lang='grc' dir='ltr'><strong>ἐν</strong></span> <span class='ocrx_word' id='word_1_265' title='bbox 1016 3190 1094 3260; x_wconf 88' lang='grc' dir='ltr'><strong>τῷ</strong></span> <span class='ocrx_word' id='word_1_266' title='bbox 1122 3190 1300 3262; x_wconf 86' lang='grc' dir='ltr'>θνητῷ</span> <span class='ocrx_word' id='word_1_267' title='bbox 1332 3194 1672 3267; x_wconf 82' lang='grc' dir='ltr'>καθειρχθῇ),</span> <span class='ocrx_word' id='word_1_268' title='bbox 1699 3197 1785 3251; x_wconf 78' lang='grc' dir='ltr'><strong>διὰ</strong></span> <span class='ocrx_word' id='word_1_269' title='bbox 1805 3199 1960 3252; x_wconf 87' lang='grc' dir='ltr'>τοῦτο</span> 
     </span>
    </p>
   </div>
   <div class='ocr_carea' id='block_1_36' title="bbox 396 3275 1955 3360">
    <p class='ocr_par' dir='ltr' id='par_1_36' title="bbox 396 3275 1955 3360">
     <span class='ocr_line' id='line_1_36' title="bbox 396 3275 1955 3360; baseline 0.01 -34"><span class='ocrx_word' id='word_1_270' title='bbox 396 3276 469 3347; x_wconf 79' lang='grc' dir='ltr'>μὴ</span> <span class='ocrx_word' id='word_1_271' title='bbox 486 3275 848 3348; x_wconf 84' lang='grc' dir='ltr'>διαλυόμενον,</span> <span class='ocrx_word' id='word_1_272' title='bbox 877 3281 957 3334; x_wconf 80' lang='grc' dir='ltr'>ὅτι</span> <span class='ocrx_word' id='word_1_273' title='bbox 983 3283 1194 3350; x_wconf 81' lang='grc' dir='ltr'>φύσεως</span> <span class='ocrx_word' id='word_1_274' title='bbox 1211 3281 1279 3356; x_wconf 76' lang='grc' dir='ltr'>ἦν</span> <span class='ocrx_word' id='word_1_275' title='bbox 1299 3285 1398 3356; x_wconf 85' lang='grc' dir='ltr'><strong>τῆς</strong></span> <span class='ocrx_word' id='word_1_276' title='bbox 1421 3287 1645 3360; x_wconf 87' lang='grc' dir='ltr'>ἀμοίρου</span> <span class='ocrx_word' id='word_1_277' title='bbox 1674 3289 1908 3360; x_wconf 56' lang='grc' dir='ltr'>φθορᾶς</span> <span class='ocrx_word' id='word_1_278' title='bbox 1937 3310 1955 3342; x_wconf 71' lang='grc' dir='ltr'><strong>ι</strong></span> 
     </span>
    </p>
   </div>
   <div class='ocr_carea' id='block_1_37' title="bbox 395 3369 1964 3449">
    <p class='ocr_par' dir='ltr' id='par_1_37' title="bbox 395 3369 1964 3449">
     <span class='ocr_line' id='line_1_37' title="bbox 395 3369 1964 3449; baseline 0.01 -30"><span class='ocrx_word' id='word_1_279' title='bbox 395 3369 502 3420; x_wconf 80' lang='grc' dir='ltr'><strong>Καὶ</strong></span> <span class='ocrx_word' id='word_1_280' title='bbox 535 3370 882 3436; x_wconf 80' lang='grc' dir='ltr'>ὑποκαταϐάς</span> <span class='ocrx_word' id='word_1_281' title='bbox 915 3391 1098 3444; x_wconf 85' lang='grc' dir='ltr'>φησιν·</span> <span class='ocrx_word' id='word_1_282' title='bbox 1129 3395 1148 3427; x_wconf 76' lang='grc' dir='ltr'><strong>ι</strong></span> <span class='ocrx_word' id='word_1_283' title='bbox 1182 3377 1421 3441; x_wconf 81' lang='grc' dir='ltr'>Εἰκότως</span> <span class='ocrx_word' id='word_1_284' title='bbox 1446 3378 1502 3431; x_wconf 85' lang='grc' dir='ltr'>δὲ</span> <span class='ocrx_word' id='word_1_285' title='bbox 1526 3380 1620 3433; x_wconf 77' lang='grc' dir='ltr'>καὶ</span> <span class='ocrx_word' id='word_1_286' title='bbox 1643 3379 1761 3434; x_wconf 88' lang='grc' dir='ltr'>θεία</span> <span class='ocrx_word' id='word_1_287' title='bbox 1780 3383 1964 3449; x_wconf 85' lang='grc' dir='ltr'>φαίνε-</span> 
     </span>
    </p>
   </div>
   <div class='ocr_carea' id='block_1_38' title="bbox 393 3463 1965 3545">
    <p class='ocr_par' dir='ltr' id='par_1_38' title="bbox 393 3463 1965 3545">
     <span class='ocr_line' id='line_1_38' title="bbox 393 3463 1965 3545; baseline 0.006 -30"><span class='ocrx_word' id='word_1_288' title='bbox 393 3477 483 3518; x_wconf 77' lang='grc' dir='ltr'>ται,</span> <span class='ocrx_word' id='word_1_289' title='bbox 513 3463 619 3519; x_wconf 76' lang='grc' dir='ltr'>ἀπὸ</span> <span class='ocrx_word' id='word_1_290' title='bbox 644 3467 742 3535; x_wconf 82' lang='grc' dir='ltr'><strong>τῆς</strong></span> <span class='ocrx_word' id='word_1_291' title='bbox 766 3465 901 3537; x_wconf 86' lang='grc' dir='ltr'>πρὸς</span> <span class='ocrx_word' id='word_1_292' title='bbox 923 3466 1014 3519; x_wconf 80' lang='grc' dir='ltr'><strong>τὸν</strong></span> <span class='ocrx_word' id='word_1_293' title='bbox 1048 3469 1339 3540; x_wconf 83' lang='grc' dir='ltr'>ἀμέριστον</span> <span class='ocrx_word' id='word_1_294' title='bbox 1365 3470 1692 3541; x_wconf 83' lang='grc' dir='ltr'>ὁμοιώσεως·</span> <span class='ocrx_word' id='word_1_295' title='bbox 1729 3474 1823 3526; x_wconf 77' lang='grc' dir='ltr'><strong>καὶ</strong></span> <span class='ocrx_word' id='word_1_296' title='bbox 1845 3473 1965 3545; x_wconf 85' lang='grc' dir='ltr'>θνη-</span> 
     </span>
    </p>
   </div>
   <div class='ocr_carea' id='block_1_39' title="bbox 392 3548 1959 3633">
    <p class='ocr_par' dir='ltr' id='par_1_39' title="bbox 392 3548 1959 3633">
     <span class='ocr_line' id='line_1_39' title="bbox 392 3548 1959 3633; baseline 0.009 -29"><span class='ocrx_word' id='word_1_297' title='bbox 392 3551 459 3623; x_wconf 84' lang='grc' dir='ltr'>τὴ</span> <span class='ocrx_word' id='word_1_298' title='bbox 490 3555 584 3623; x_wconf 78' lang='grc' dir='ltr'><strong>ἀφ’</strong></span> <span class='ocrx_word' id='word_1_299' title='bbox 607 3548 681 3609; x_wconf 82' lang='grc' dir='ltr'>ὧν</span> <span class='ocrx_word' id='word_1_300' title='bbox 709 3555 1074 3626; x_wconf 76' lang='grc' dir='ltr'>προσπελάζει</span> <span class='ocrx_word' id='word_1_301' title='bbox 1100 3563 1166 3631; x_wconf 83' lang='grc' dir='ltr'>τῇ</span> <span class='ocrx_word' id='word_1_302' title='bbox 1199 3561 1365 3633; x_wconf 80' lang='grc' dir='ltr'>θνητῇ</span> <span class='ocrx_word' id='word_1_303' title='bbox 1397 3563 1575 3630; x_wconf 60' lang='grc' dir='ltr'>φύσει,</span> <span class='ocrx_word' id='word_1_304' title='bbox 1602 3563 1696 3616; x_wconf 73' lang='grc' dir='ltr'><strong>καὶ</strong></span> <span class='ocrx_word' id='word_1_305' title='bbox 1726 3565 1959 3630; x_wconf 86' lang='grc' dir='ltr'>κάτεισι,</span> 
     </span>
    </p>
   </div>
   <div class='ocr_carea' id='block_1_40' title="bbox 393 3647 1964 3722">
    <p class='ocr_par' dir='ltr' id='par_1_40' title="bbox 393 3647 1964 3722">
     <span class='ocr_line' id='line_1_40' title="bbox 393 3647 1964 3722; baseline 0.007 -25"><span class='ocrx_word' id='word_1_306' title='bbox 393 3647 485 3698; x_wconf 76' lang='grc' dir='ltr'><strong>καὶ</strong></span> <span class='ocrx_word' id='word_1_307' title='bbox 517 3647 711 3711; x_wconf 82' lang='grc' dir='ltr'>ἄνεισι,</span> <span class='ocrx_word' id='word_1_308' title='bbox 745 3649 838 3701; x_wconf 75' lang='grc' dir='ltr'><strong>καὶ</strong></span> <span class='ocrx_word' id='word_1_309' title='bbox 866 3647 1174 3722; x_wconf 83' lang='grc' dir='ltr'>θνητοειδής</span> <span class='ocrx_word' id='word_1_310' title='bbox 1209 3655 1344 3718; x_wconf 78' lang='grc' dir='ltr'>ἐστι,</span> <span class='ocrx_word' id='word_1_311' title='bbox 1395 3657 1488 3708; x_wconf 78' lang='grc' dir='ltr'><strong>καὶ</strong></span> <span class='ocrx_word' id='word_1_312' title='bbox 1533 3659 1646 3719; x_wconf 82' lang='grc' dir='ltr'>τοῖς</span> <span class='ocrx_word' id='word_1_313' title='bbox 1677 3657 1964 3720; x_wconf 82' lang='grc' dir='ltr'>ἀθανάτοις</span> 
     </span>
    </p>
   </div>
   <div class='ocr_carea' id='block_1_41' title="bbox 393 3737 1961 3818">
    <p class='ocr_par' dir='ltr' id='par_1_41' title="bbox 393 3737 1961 3818">
     <span class='ocr_line' id='line_1_41' title="bbox 393 3737 1961 3818; baseline 0.01 -31"><span class='ocrx_word' id='word_1_314' title='bbox 393 3737 656 3808; x_wconf 79' lang='grc' dir='ltr'>ἐμφερής.</span> <span class='ocrx_word' id='word_1_315' title='bbox 695 3741 1012 3812; x_wconf 77' lang='grc' dir='ltr'>Ἀνθρωπος</span> <span class='ocrx_word' id='word_1_316' title='bbox 1050 3744 1158 3816; x_wconf 85' lang='grc' dir='ltr'>γὰρ</span> <span class='ocrx_word' id='word_1_317' title='bbox 1200 3747 1293 3799; x_wconf 73' lang='grc' dir='ltr'><strong>καὶ</strong></span> <span class='ocrx_word' id='word_1_318' title='bbox 1336 3749 1364 3799; x_wconf 88' lang='grc' dir='ltr'><strong>ὁ</strong></span> <span class='ocrx_word' id='word_1_319' title='bbox 1401 3747 1708 3818; x_wconf 82' lang='grc' dir='ltr'>γαστρίζων</span> <span class='ocrx_word' id='word_1_320' title='bbox 1749 3750 1961 3815; x_wconf 78' lang='grc' dir='ltr'>ἑαυτὸν,</span> 
     </span>
    </p>
   </div>
   <div class='ocr_carea' id='block_1_42' title="bbox 394 3829 1966 3914">
    <p class='ocr_par' dir='ltr' id='par_1_42' title="bbox 394 3829 1966 3914">
     <span class='ocr_line' id='line_1_42' title="bbox 394 3829 1966 3914; baseline 0.01 -32"><span class='ocrx_word' id='word_1_321' title='bbox 394 3829 486 3882; x_wconf 82' lang='grc' dir='ltr'>καὶ</span> <span class='ocrx_word' id='word_1_322' title='bbox 513 3831 833 3902; x_wconf 89' lang='grc' dir='ltr'>κεκορέσθαι</span> <span class='ocrx_word' id='word_1_323' title='bbox 873 3835 1208 3900; x_wconf 78' lang='grc' dir='ltr'>σπουδάζων,</span> <span class='ocrx_word' id='word_1_324' title='bbox 1239 3839 1314 3902; x_wconf 84' lang='grc' dir='ltr'>ὡς</span> <span class='ocrx_word' id='word_1_325' title='bbox 1353 3839 1421 3892; x_wconf 83' lang='grc' dir='ltr'>τὰ</span> <span class='ocrx_word' id='word_1_326' title='bbox 1452 3841 1644 3912; x_wconf 72' lang='grc' dir='ltr'>κτήνηο</span> <span class='ocrx_word' id='word_1_327' title='bbox 1683 3841 1966 3914; x_wconf 86' lang='grc' dir='ltr'>ἄνθρωπος</span> 
     </span>
    </p>
   </div>
   <div class='ocr_carea' id='block_1_43' title="bbox 393 3920 1966 4004">
    <p class='ocr_par' dir='ltr' id='par_1_43' title="bbox 393 3920 1966 4004">
     <span class='ocr_line' id='line_1_43' title="bbox 393 3920 1966 4004; baseline 0.01 -31"><span class='ocrx_word' id='word_1_328' title='bbox 393 3920 448 3973; x_wconf 80' lang='grc' dir='ltr'>δὲ</span> <span class='ocrx_word' id='word_1_329' title='bbox 476 3923 570 3975; x_wconf 81' lang='grc' dir='ltr'>καὶ</span> <span class='ocrx_word' id='word_1_330' title='bbox 600 3925 629 3976; x_wconf 86' lang='grc' dir='ltr'><strong>ὁ</strong></span> <span class='ocrx_word' id='word_1_331' title='bbox 671 3923 862 3988; x_wconf 78' lang='grc' dir='ltr'>σώζειν</span> <span class='ocrx_word' id='word_1_332' title='bbox 902 3929 960 3981; x_wconf 86' lang='grc' dir='ltr'>ὲν</span> <span class='ocrx_word' id='word_1_333' title='bbox 993 3929 1215 3998; x_wconf 83' lang='grc' dir='ltr'>πελάγει</span> <span class='ocrx_word' id='word_1_334' title='bbox 1254 3931 1320 3984; x_wconf 88' lang='grc' dir='ltr'>δι’</span> <span class='ocrx_word' id='word_1_335' title='bbox 1351 3934 1660 4004; x_wconf 80' lang='grc' dir='ltr'>ἐπιστήμης</span> <span class='ocrx_word' id='word_1_336' title='bbox 1698 3935 1755 3988; x_wconf 83' lang='grc' dir='ltr'><strong>ἐν</strong></span> <span class='ocrx_word' id='word_1_337' title='bbox 1786 3935 1966 3988; x_wconf 81' lang='grc' dir='ltr'>κινδύ-</span> 
     </span>
    </p>
   </div>
   <div class='ocr_carea' id='block_1_44' title="bbox 395 4009 1962 4091">
    <p class='ocr_par' dir='ltr' id='par_1_44' title="bbox 395 4009 1962 4091">
     <span class='ocr_line' id='line_1_44' title="bbox 395 4009 1962 4091; baseline 0.01 -26"><span class='ocrx_word' id='word_1_338' title='bbox 395 4030 504 4076; x_wconf 83' lang='grc' dir='ltr'>νοις</span> <span class='ocrx_word' id='word_1_339' title='bbox 548 4009 659 4078; x_wconf 75' lang='grc' dir='ltr'>οἷός</span> <span class='ocrx_word' id='word_1_340' title='bbox 701 4032 760 4069; x_wconf 78' lang='grc' dir='ltr'><strong>τε</strong></span> <span class='ocrx_word' id='word_1_341' title='bbox 799 4016 874 4070; x_wconf 83' lang='grc' dir='ltr'><strong>ὢν</strong></span> <span class='ocrx_word' id='word_1_342' title='bbox 919 4018 1016 4090; x_wconf 78' lang='grc' dir='ltr'>τὴν</span> <span class='ocrx_word' id='word_1_343' title='bbox 1057 4021 1206 4086; x_wconf 88' lang='grc' dir='ltr'>ναῦν,</span> <span class='ocrx_word' id='word_1_344' title='bbox 1250 4024 1343 4076; x_wconf 76' lang='grc' dir='ltr'><strong>καὶ</strong></span> <span class='ocrx_word' id='word_1_345' title='bbox 1383 4025 1410 4076; x_wconf 91' lang='grc' dir='ltr'><strong>ό</strong></span> <span class='ocrx_word' id='word_1_346' title='bbox 1449 4023 1640 4089; x_wconf 76' lang='grc' dir='ltr'>σώζειν</span> <span class='ocrx_word' id='word_1_347' title='bbox 1669 4027 1724 4078; x_wconf 79' lang='grc' dir='ltr'><strong>ἐν</strong></span> <span class='ocrx_word' id='word_1_348' title='bbox 1767 4026 1962 4091; x_wconf 85' lang='grc' dir='ltr'>νόσοις,</span> 
     </span>
    </p>
   </div>
   <div class='ocr_carea' id='block_1_45' title="bbox 395 4104 1967 4186">
    <p class='ocr_par' dir='ltr' id='par_1_45' title="bbox 395 4104 1967 4186">
     <span class='ocr_line' id='line_1_45' title="bbox 395 4104 1967 4186; baseline 0.01 -31"><span class='ocrx_word' id='word_1_349' title='bbox 395 4104 487 4155; x_wconf 76' lang='grc' dir='ltr'><strong>καὶ</strong></span> <span class='ocrx_word' id='word_1_350' title='bbox 514 4104 542 4156; x_wconf 84' lang='grc' dir='ltr'><em>ὅ</em></span> <span class='ocrx_word' id='word_1_351' title='bbox 569 4121 633 4173; x_wconf 88' lang='grc' dir='ltr'><strong>γε</strong></span> <span class='ocrx_word' id='word_1_352' title='bbox 661 4104 759 4177; x_wconf 83' lang='grc' dir='ltr'>τὴν</span> <span class='ocrx_word' id='word_1_353' title='bbox 791 4108 890 4179; x_wconf 86' lang='grc' dir='ltr'><strong>μὲν</strong></span> <span class='ocrx_word' id='word_1_354' title='bbox 923 4109 1180 4182; x_wconf 82' lang='grc' dir='ltr'>ἀλήθειαν</span> <span class='ocrx_word' id='word_1_355' title='bbox 1213 4112 1501 4184; x_wconf 83' lang='grc' dir='ltr'>εὑρίσκων,</span> <span class='ocrx_word' id='word_1_356' title='bbox 1546 4116 1872 4186; x_wconf 84' lang='grc' dir='ltr'>μεθοδεύσας</span> <span class='ocrx_word' id='word_1_357' title='bbox 1909 4119 1967 4173; x_wconf 84' lang='grc' dir='ltr'>δὲ</span> 
     </span>
    </p>
   </div>
   <div class='ocr_carea' id='block_1_46' title="bbox 394 4196 1967 4281">
    <p class='ocr_par' dir='ltr' id='par_1_46' title="bbox 394 4196 1967 4281">
     <span class='ocr_line' id='line_1_46' title="bbox 394 4196 1967 4281; baseline 0.01 -34"><span class='ocrx_word' id='word_1_358' title='bbox 394 4196 489 4248; x_wconf 76' lang='grc' dir='ltr'>καὶ</span> <span class='ocrx_word' id='word_1_359' title='bbox 521 4198 659 4268; x_wconf 85' lang='grc' dir='ltr'>πρὸς</span> <span class='ocrx_word' id='word_1_360' title='bbox 703 4198 954 4267; x_wconf 85' lang='grc' dir='ltr'>γνώσεως</span> <span class='ocrx_word' id='word_1_361' title='bbox 997 4203 1346 4275; x_wconf 75' lang='grc' dir='ltr'>καταλήψεις,</span> <span class='ocrx_word' id='word_1_362' title='bbox 1397 4207 1605 4279; x_wconf 86' lang='grc' dir='ltr'>πυρίων</span> <span class='ocrx_word' id='word_1_363' title='bbox 1639 4225 1697 4260; x_wconf 88' lang='grc' dir='ltr'><strong>τε</strong></span> <span class='ocrx_word' id='word_1_364' title='bbox 1726 4209 1967 4281; x_wconf 81' lang='grc' dir='ltr'>εὑρέσεις</span> 
     </span>
    </p>
   </div>
   <div class='ocr_carea' id='block_1_47' title="bbox 395 4286 1966 4371">
    <p class='ocr_par' dir='ltr' id='par_1_47' title="bbox 395 4286 1966 4371">
     <span class='ocr_line' id='line_1_47' title="bbox 395 4286 1966 4371; baseline 0.011 -33"><span class='ocrx_word' id='word_1_365' title='bbox 395 4286 488 4339; x_wconf 80' lang='grc' dir='ltr'><strong>καὶ</strong></span> <span class='ocrx_word' id='word_1_366' title='bbox 519 4287 899 4357; x_wconf 83' lang='grc' dir='ltr'>ὡροσκοπείων</span> <span class='ocrx_word' id='word_1_367' title='bbox 944 4295 1232 4365; x_wconf 83' lang='grc' dir='ltr'>τηρήσεις,</span> <span class='ocrx_word' id='word_1_368' title='bbox 1281 4296 1376 4348; x_wconf 56' lang='grc' dir='ltr'><strong>καὶ⁵</strong></span> <span class='ocrx_word' id='word_1_369' title='bbox 1422 4299 1680 4371; x_wconf 88' lang='grc' dir='ltr'>μιμήσεις</span> <span class='ocrx_word' id='word_1_370' title='bbox 1717 4300 1824 4355; x_wconf 85' lang='grc' dir='ltr'><strong>τῶν</strong></span> <span class='ocrx_word' id='word_1_371' title='bbox 1873 4301 1966 4355; x_wconf 83' lang='grc' dir='ltr'><strong>τοῦ</strong></span> 
     </span>
    </p>
   </div>
   <div class='ocr_carea' id='block_1_48' title="bbox 394 4377 1968 4463">
    <p class='ocr_par' dir='ltr' id='par_1_48' title="bbox 394 4377 1968 4463">
     <span class='ocr_line' id='line_1_48' title="bbox 394 4377 1968 4463; baseline 0.011 -36"><span class='ocrx_word' id='word_1_372' title='bbox 394 4377 732 4447; x_wconf 88' lang='grc' dir='ltr'>Δημιουργοῦ</span> <span class='ocrx_word' id='word_1_373' title='bbox 775 4383 1090 4451; x_wconf 85' lang='grc' dir='ltr'>ποιημάτων</span> <span class='ocrx_word' id='word_1_374' title='bbox 1144 4387 1613 4456; x_wconf 86' lang='grc' dir='ltr'>μηχανησάμενος.</span> <span class='ocrx_word' id='word_1_375' title='bbox 1652 4390 1968 4463; x_wconf 81' lang='grc' dir='ltr'>Ἀνθρωπος</span> 
     </span>
    </p>
   </div>
   <div class='ocr_carea' id='block_1_49' title="bbox 2059 562 3626 630">
    <p class='ocr_par' dir='ltr' id='par_1_49' title="bbox 2059 562 3626 630">
     <span class='ocr_line' id='line_1_49' title="bbox 2059 562 3626 630; baseline 0.001 -15"><span class='ocrx_word' id='word_1_376' title='bbox 2059 562 2206 616; x_wconf 89' lang='lat' dir='ltr'><strong>milia</strong></span> <span class='ocrx_word' id='word_1_377' title='bbox 2238 571 2386 628; x_wconf 90' lang='lat' dir='ltr'><strong>sunt,</strong></span> <span class='ocrx_word' id='word_1_378' title='bbox 2423 563 2608 617; x_wconf 86' lang='lat' dir='ltr'><strong>eadem</strong></span> <span class='ocrx_word' id='word_1_379' title='bbox 2638 563 2898 616; x_wconf 83' lang='lat' dir='ltr'><strong>continuo</strong></span> <span class='ocrx_word' id='word_1_380' title='bbox 2926 563 2994 615; x_wconf 86' lang='lat' dir='ltr'><strong>ab</strong></span> <span class='ocrx_word' id='word_1_381' title='bbox 3015 563 3231 630; x_wconf 88' lang='lat' dir='ltr'><strong>propria</strong></span> <span class='ocrx_word' id='word_1_382' title='bbox 3267 563 3412 617; x_wconf 80' lang='lat' dir='ltr'><strong>illius</strong></span> <span class='ocrx_word' id='word_1_383' title='bbox 3439 579 3626 617; x_wconf 85' lang='lat' dir='ltr'><strong>essen-</strong></span> 
     </span>
    </p>
   </div>
   <div class='ocr_carea' id='block_1_50' title="bbox 2060 653 3627 721">
    <p class='ocr_par' dir='ltr' id='par_1_50' title="bbox 2060 653 3627 721">
     <span class='ocr_line' id='line_1_50' title="bbox 2060 653 3627 721; baseline -0.003 -14"><span class='ocrx_word' id='word_1_384' title='bbox 2060 653 2147 708; x_wconf 72' lang='lat' dir='ltr'><strong>tize</strong></span> <span class='ocrx_word' id='word_1_385' title='bbox 2188 654 2400 708; x_wconf 87' lang='lat' dir='ltr'><strong>ratione</strong></span> <span class='ocrx_word' id='word_1_386' title='bbox 2444 653 2728 707; x_wconf 87' lang='lat' dir='ltr'><strong>discedunt</strong></span> <span class='ocrx_word' id='word_1_387' title='bbox 2762 671 2774 706; x_wconf 90' lang='lat'><strong>:</strong></span> <span class='ocrx_word' id='word_1_388' title='bbox 2818 653 2888 706; x_wconf 89' lang='lat' dir='ltr'><strong>ita</strong></span> <span class='ocrx_word' id='word_1_389' title='bbox 2924 653 3079 721; x_wconf 84' lang='lat' dir='ltr'><strong>plane</strong></span> <span class='ocrx_word' id='word_1_390' title='bbox 3118 668 3457 721; x_wconf 87' lang='lat' dir='ltr'><strong>consequens</strong></span> <span class='ocrx_word' id='word_1_391' title='bbox 3483 668 3627 716; x_wconf 77' lang='lat' dir='ltr'><strong>esse,</strong></span> 
     </span>
    </p>
   </div>
   <div class='ocr_carea' id='block_1_51' title="bbox 2059 745 3625 816">
    <p class='ocr_par' dir='ltr' id='par_1_51' title="bbox 2059 745 3625 816">
     <span class='ocr_line' id='line_1_51' title="bbox 2059 745 3625 816; baseline -0.002 -16"><span class='ocrx_word' id='word_1_392' title='bbox 2059 755 2118 800; x_wconf 92' lang='lat' dir='ltr'><strong>ut</strong></span> <span class='ocrx_word' id='word_1_393' title='bbox 2143 762 2264 816; x_wconf 66' lang='lat' dir='ltr'><strong>quae</strong></span> <span class='ocrx_word' id='word_1_394' title='bbox 2289 762 2376 800; x_wconf 87' lang='lat' dir='ltr'><strong>res</strong></span> <span class='ocrx_word' id='word_1_395' title='bbox 2404 747 2647 801; x_wconf 83' lang='lat' dir='ltr'><strong>eamdem</strong></span> <span class='ocrx_word' id='word_1_396' title='bbox 2672 745 3259 814; x_wconf 89' lang='lat' dir='ltr'><strong>propemodum,quam</strong></span> <span class='ocrx_word' id='word_1_397' title='bbox 3283 746 3418 814; x_wconf 94' lang='lat' dir='ltr'><strong>ipse,</strong></span> <span class='ocrx_word' id='word_1_398' title='bbox 3435 747 3625 813; x_wconf 80' lang='lat' dir='ltr'><strong>agendi</strong></span> 
     </span>
    </p>
   </div>
   <div class='ocr_carea' id='block_1_52' title="bbox 2057 840 3624 910">
    <p class='ocr_par' dir='ltr' id='par_1_52' title="bbox 2057 840 3624 910">
     <span class='ocr_line' id='line_1_52' title="bbox 2057 840 3624 910; baseline -0.003 -16"><span class='ocrx_word' id='word_1_399' title='bbox 2057 843 2165 896; x_wconf 86' lang='lat' dir='ltr'><strong>vim</strong></span> <span class='ocrx_word' id='word_1_400' title='bbox 2193 857 2254 896; x_wconf 91' lang='lat' dir='ltr'><strong>ac</strong></span> <span class='ocrx_word' id='word_1_401' title='bbox 2276 843 2539 896; x_wconf 78' lang='lat' dir='ltr'><strong>rationem</strong></span> <span class='ocrx_word' id='word_1_402' title='bbox 2564 841 2782 905; x_wconf 77' lang='lat' dir='ltr'><strong>habent,</strong></span> <span class='ocrx_word' id='word_1_403' title='bbox 2806 842 2917 910; x_wconf 86' lang='lat' dir='ltr'><strong>jam</strong></span> <span class='ocrx_word' id='word_1_404' title='bbox 2945 856 3024 895; x_wconf 74' lang='lat' dir='ltr'><strong>eae</strong></span> <span class='ocrx_word' id='word_1_405' title='bbox 3051 842 3202 909; x_wconf 89' lang='lat' dir='ltr'><strong>prius</strong></span> <span class='ocrx_word' id='word_1_406' title='bbox 3225 840 3476 894; x_wconf 78' lang='lat' dir='ltr'><strong>essentia:</strong></span> <span class='ocrx_word' id='word_1_407' title='bbox 3501 855 3624 892; x_wconf 87' lang='lat' dir='ltr'><strong>cum</strong></span> 
     </span>
    </p>
   </div>
   <div class='ocr_carea' id='block_1_53' title="bbox 2058 930 3628 1001">
    <p class='ocr_par' dir='ltr' id='par_1_53' title="bbox 2058 930 3628 1001">
     <span class='ocr_line' id='line_1_53' title="bbox 2058 930 3628 1001; baseline -0.006 -12"><span class='ocrx_word' id='word_1_408' title='bbox 2058 949 2124 989; x_wconf 91' lang='lat' dir='ltr'><strong>eo</strong></span> <span class='ocrx_word' id='word_1_409' title='bbox 2154 932 2564 988; x_wconf 90' lang='lat' dir='ltr'><strong>similitudinem</strong></span> <span class='ocrx_word' id='word_1_410' title='bbox 2613 933 2940 1001; x_wconf 86' lang='lat' dir='ltr'><strong>acceperint.</strong></span> <span class='ocrx_word' id='word_1_411' title='bbox 3001 931 3147 985; x_wconf 87' lang='lat' dir='ltr'><strong>Talis</strong></span> <span class='ocrx_word' id='word_1_412' title='bbox 3192 931 3333 984; x_wconf 91' lang='lat' dir='ltr'><strong>enim</strong></span> <span class='ocrx_word' id='word_1_413' title='bbox 3379 930 3628 983; x_wconf 64' lang='lat' dir='ltr'><strong>essentia:</strong></span> 
     </span>
    </p>
   </div>
   <div class='ocr_carea' id='block_1_54' title="bbox 2058 1015 3630 1096">
    <p class='ocr_par' dir='ltr' id='par_1_54' title="bbox 2058 1015 3630 1096">
     <span class='ocr_line' id='line_1_54' title="bbox 2058 1015 3630 1096; baseline -0.005 -18"><span class='ocrx_word' id='word_1_414' title='bbox 2058 1025 2251 1096; x_wconf 85' lang='lat' dir='ltr'><strong>gratia,</strong></span> <span class='ocrx_word' id='word_1_415' title='bbox 2278 1023 2414 1077; x_wconf 84' lang='lat' dir='ltr'><strong>tales</strong></span> <span class='ocrx_word' id='word_1_416' title='bbox 2440 1023 2602 1076; x_wconf 89' lang='lat' dir='ltr'><strong>etiam</strong></span> <span class='ocrx_word' id='word_1_417' title='bbox 2633 1037 2753 1076; x_wconf 91' lang='lat' dir='ltr'><strong>esse</strong></span> <span class='ocrx_word' id='word_1_418' title='bbox 2776 1022 2966 1091; x_wconf 81' lang='lat' dir='ltr'><strong>agendi</strong></span> <span class='ocrx_word' id='word_1_419' title='bbox 3001 1022 3165 1083; x_wconf 89' lang='lat' dir='ltr'><strong>vires,</strong></span> <span class='ocrx_word' id='word_1_420' title='bbox 3190 1019 3388 1088; x_wconf 83' lang='lat' dir='ltr'><strong>quippe</strong></span> <span class='ocrx_word' id='word_1_421' title='bbox 3414 1031 3535 1085; x_wconf 70' lang='lat' dir='ltr'><strong>qua:</strong></span> <span class='ocrx_word' id='word_1_422' title='bbox 3559 1015 3630 1070; x_wconf 77' lang='lat' dir='ltr'><strong>al)</strong></span> 
     </span>
    </p>
   </div>
   <div class='ocr_carea' id='block_1_55' title="bbox 2058 1107 3634 1184">
    <p class='ocr_par' dir='ltr' id='par_1_55' title="bbox 2058 1107 3634 1184">
     <span class='ocr_line' id='line_1_55' title="bbox 2058 1107 3634 1184; baseline -0.006 -13"><span class='ocrx_word' id='word_1_423' title='bbox 2058 1133 2121 1171; x_wconf 90' lang='lat' dir='ltr'><strong>ea</strong></span> <span class='ocrx_word' id='word_1_424' title='bbox 2173 1124 2425 1181; x_wconf 83' lang='lat' dir='ltr'><strong>manent,</strong></span> <span class='ocrx_word' id='word_1_425' title='bbox 2477 1124 2530 1168; x_wconf 88' lang='lat' dir='ltr'><strong>et</strong></span> <span class='ocrx_word' id='word_1_426' title='bbox 2576 1115 2818 1184; x_wconf 76' lang='lat' dir='ltr'><strong>quaedam</strong></span> <span class='ocrx_word' id='word_1_427' title='bbox 2854 1115 2972 1181; x_wconf 79' lang='lat' dir='ltr'><strong>eius</strong></span> <span class='ocrx_word' id='word_1_428' title='bbox 3013 1116 3171 1182; x_wconf 84' lang='lat' dir='ltr'><strong>quasi</strong></span> <span class='ocrx_word' id='word_1_429' title='bbox 3203 1110 3445 1180; x_wconf 80' lang='lat' dir='ltr'><strong>germina</strong></span> <span class='ocrx_word' id='word_1_430' title='bbox 3496 1107 3634 1162; x_wconf 79' lang='lat' dir='ltr'><strong>sint.</strong></span> 
     </span>
    </p>
   </div>
   <div class='ocr_carea' id='block_1_56' title="bbox 2060 1201 3630 1278">
    <p class='ocr_par' dir='ltr' id='par_1_56' title="bbox 2060 1201 3630 1278">
     <span class='ocr_line' id='line_1_56' title="bbox 2060 1201 3630 1278; baseline -0.008 -16"><span class='ocrx_word' id='word_1_431' title='bbox 2060 1208 2230 1278; x_wconf 85' lang='lat' dir='ltr'><strong>Cujus</strong></span> <span class='ocrx_word' id='word_1_432' title='bbox 2273 1205 2578 1276; x_wconf 81' lang='lat' dir='ltr'><strong>argumenti</strong></span> <span class='ocrx_word' id='word_1_433' title='bbox 2636 1205 2747 1258; x_wconf 89' lang='lat' dir='ltr'><strong>vim</strong></span> <span class='ocrx_word' id='word_1_434' title='bbox 2793 1219 2918 1258; x_wconf 92' lang='lat' dir='ltr'><strong>cum</strong></span> <span class='ocrx_word' id='word_1_435' title='bbox 2960 1203 3161 1272; x_wconf 83' lang='lat' dir='ltr'><strong>optime</strong></span> <span class='ocrx_word' id='word_1_436' title='bbox 3199 1201 3436 1254; x_wconf 82' lang='lat' dir='ltr'><strong>Boethus</strong></span> <span class='ocrx_word' id='word_1_437' title='bbox 3469 1211 3630 1265; x_wconf 58' lang='lat' dir='ltr'><strong>cape-</strong></span> 
     </span>
    </p>
   </div>
   <div class='ocr_carea' id='block_1_57' title="bbox 2060 1290 3630 1366">
    <p class='ocr_par' dir='ltr' id='par_1_57' title="bbox 2060 1290 3630 1366">
     <span class='ocr_line' id='line_1_57' title="bbox 2060 1290 3630 1366; baseline -0.007 -14"><span class='ocrx_word' id='word_1_438' title='bbox 2060 1309 2160 1364; x_wconf 87' lang='lat' dir='ltr'><strong>ret,</strong></span> <span class='ocrx_word' id='word_1_439' title='bbox 2191 1297 2325 1352; x_wconf 54' lang='lat' dir='ltr'><strong>anu-di</strong></span> <span class='ocrx_word' id='word_1_440' title='bbox 2357 1298 2434 1351; x_wconf 89' lang='lat' dir='ltr'><strong>sis</strong></span> <span class='ocrx_word' id='word_1_441' title='bbox 2457 1296 2911 1366; x_wconf 85' lang='lat' dir='ltr'><strong>quemadmodum</strong></span> <span class='ocrx_word' id='word_1_442' title='bbox 2950 1295 3065 1363; x_wconf 90' lang='lat' dir='ltr'><strong>ipso</strong></span> <span class='ocrx_word' id='word_1_443' title='bbox 3095 1293 3276 1348; x_wconf 81' lang='lat' dir='ltr'><strong>statim</strong></span> <span class='ocrx_word' id='word_1_444' title='bbox 3308 1304 3420 1345; x_wconf 65' lang='lat' dir='ltr'><strong>sua:</strong></span> <span class='ocrx_word' id='word_1_445' title='bbox 3441 1290 3630 1358; x_wconf 84' lang='lat' dir='ltr'><strong>dispu-</strong></span> 
     </span>
    </p>
   </div>
   <div class='ocr_carea' id='block_1_58' title="bbox 2059 1379 3638 1455">
    <p class='ocr_par' dir='ltr' id='par_1_58' title="bbox 2059 1379 3638 1455">
     <span class='ocr_line' id='line_1_58' title="bbox 2059 1379 3638 1455; baseline -0.009 -11"><span class='ocrx_word' id='word_1_446' title='bbox 2059 1389 2282 1444; x_wconf 90' lang='lat' dir='ltr'><strong>tationis</strong></span> <span class='ocrx_word' id='word_1_447' title='bbox 2331 1387 2552 1441; x_wconf 84' lang='lat' dir='ltr'><strong>exordio</strong></span> <span class='ocrx_word' id='word_1_448' title='bbox 2613 1396 2971 1455; x_wconf 77' lang='lat' dir='ltr'><strong>persequatur</strong></span> <span class='ocrx_word' id='word_1_449' title='bbox 3024 1402 3038 1437; x_wconf 89' lang='lat'><strong>:</strong></span> <span class='ocrx_word' id='word_1_450' title='bbox 3099 1401 3117 1433; x_wconf 79' lang='grc' dir='ltr'><strong>ι</strong></span> <span class='ocrx_word' id='word_1_451' title='bbox 3155 1380 3390 1445; x_wconf 84' lang='lat' dir='ltr'><strong>Utrum,</strong></span> <span class='ocrx_word' id='word_1_452' title='bbox 3432 1379 3638 1447; x_wconf 68' lang='lat' dir='ltr'><strong>inquit,</strong></span> 
     </span>
    </p>
   </div>
   <div class='ocr_carea' id='block_1_59' title="bbox 2061 1468 3627 1543">
    <p class='ocr_par' dir='ltr' id='par_1_59' title="bbox 2061 1468 3627 1543">
     <span class='ocr_line' id='line_1_59' title="bbox 2061 1468 3627 1543; baseline -0.008 -11"><span class='ocrx_word' id='word_1_453' title='bbox 2061 1477 2382 1532; x_wconf 83' lang='lat' dir='ltr'><strong>immortalis</strong></span> <span class='ocrx_word' id='word_1_454' title='bbox 2415 1477 2485 1531; x_wconf 89' lang='lat' dir='ltr'><strong>sit</strong></span> <span class='ocrx_word' id='word_1_455' title='bbox 2518 1475 2758 1540; x_wconf 83' lang='lat' dir='ltr'><strong>animus,</strong></span> <span class='ocrx_word' id='word_1_456' title='bbox 2805 1475 3062 1543; x_wconf 87' lang='lat' dir='ltr'><strong>omnique</strong></span> <span class='ocrx_word' id='word_1_457' title='bbox 3113 1471 3329 1526; x_wconf 88' lang='lat' dir='ltr'><strong>interitu</strong></span> <span class='ocrx_word' id='word_1_458' title='bbox 3359 1468 3627 1537; x_wconf 88' lang='lat' dir='ltr'><strong>superior,</strong></span> 
     </span>
    </p>
   </div>
   <div class='ocr_carea' id='block_1_60' title="bbox 2060 1559 3629 1636">
    <p class='ocr_par' dir='ltr' id='par_1_60' title="bbox 2060 1559 3629 1636">
     <span class='ocr_line' id='line_1_60' title="bbox 2060 1559 3629 1636; baseline -0.008 -15"><span class='ocrx_word' id='word_1_459' title='bbox 2060 1567 2154 1636; x_wconf 86' lang='lat' dir='ltr'><strong>qui</strong></span> <span class='ocrx_word' id='word_1_460' title='bbox 2190 1581 2301 1621; x_wconf 88' lang='lat' dir='ltr'><strong>rem</strong></span> <span class='ocrx_word' id='word_1_461' title='bbox 2349 1581 2444 1634; x_wconf 86' lang='lat' dir='ltr'><strong>per</strong></span> <span class='ocrx_word' id='word_1_462' title='bbox 2477 1580 2595 1620; x_wconf 88' lang='lat' dir='ltr'><strong>sese</strong></span> <span class='ocrx_word' id='word_1_463' title='bbox 2627 1566 3003 1620; x_wconf 88' lang='lat' dir='ltr'><strong>demonstrare</strong></span> <span class='ocrx_word' id='word_1_464' title='bbox 3025 1562 3215 1627; x_wconf 88' lang='lat' dir='ltr'><strong>vellet,</strong></span> <span class='ocrx_word' id='word_1_465' title='bbox 3272 1559 3457 1614; x_wconf 90' lang='lat' dir='ltr'><strong>multis</strong></span> <span class='ocrx_word' id='word_1_466' title='bbox 3505 1574 3629 1612; x_wconf 87' lang='lat' dir='ltr'><strong>eum</strong></span> 
     </span>
    </p>
   </div>
   <div class='ocr_carea' id='block_1_61' title="bbox 2062 1649 3634 1727">
    <p class='ocr_par' dir='ltr' id='par_1_61' title="bbox 2062 1649 3634 1727">
     <span class='ocr_line' id='line_1_61' title="bbox 2062 1649 3634 1727; baseline -0.007 -14"><span class='ocrx_word' id='word_1_467' title='bbox 2062 1673 2193 1713; x_wconf 90' lang='lat' dir='ltr'><strong>sane</strong></span> <span class='ocrx_word' id='word_1_468' title='bbox 2239 1673 2302 1712; x_wconf 89' lang='lat' dir='ltr'><strong>ac</strong></span> <span class='ocrx_word' id='word_1_469' title='bbox 2347 1656 2680 1727; x_wconf 80' lang='lat' dir='ltr'><strong>longissimis</strong></span> <span class='ocrx_word' id='word_1_470' title='bbox 2726 1655 3155 1724; x_wconf 82' lang='lat' dir='ltr'><strong>disputationum</strong></span> <span class='ocrx_word' id='word_1_471' title='bbox 3200 1651 3521 1705; x_wconf 83' lang='lat' dir='ltr'><strong>ﬂexionibus</strong></span> <span class='ocrx_word' id='word_1_472' title='bbox 3554 1649 3634 1702; x_wconf 84' lang='lat' dir='ltr'><strong>uti</strong></span> 
     </span>
    </p>
   </div>
   <div class='ocr_carea' id='block_1_62' title="bbox 2063 1741 3634 1818">
    <p class='ocr_par' dir='ltr' id='par_1_62' title="bbox 2063 1741 3634 1818">
     <span class='ocr_line' id='line_1_62' title="bbox 2063 1741 3634 1818; baseline -0.006 -16"><span class='ocrx_word' id='word_1_473' title='bbox 2063 1757 2356 1818; x_wconf 88' lang='lat' dir='ltr'><strong>oporteret.</strong></span> <span class='ocrx_word' id='word_1_474' title='bbox 2415 1749 2485 1802; x_wconf 85' lang='lat' dir='ltr'><strong>At</strong></span> <span class='ocrx_word' id='word_1_475' title='bbox 2515 1763 2667 1810; x_wconf 73' lang='lat' dir='ltr'><strong>vero,</strong></span> <span class='ocrx_word' id='word_1_476' title='bbox 2712 1757 2770 1801; x_wconf 90' lang='lat' dir='ltr'><strong>ut</strong></span> <span class='ocrx_word' id='word_1_477' title='bbox 2800 1762 2864 1800; x_wconf 82' lang='lat' dir='ltr'><strong>ex</strong></span> <span class='ocrx_word' id='word_1_478' title='bbox 2897 1746 3058 1800; x_wconf 81' lang='lat' dir='ltr'><strong>rebus</strong></span> <span class='ocrx_word' id='word_1_479' title='bbox 3087 1744 3308 1808; x_wconf 90' lang='lat' dir='ltr'><strong>nostris,</strong></span> <span class='ocrx_word' id='word_1_480' title='bbox 3343 1741 3450 1795; x_wconf 89' lang='lat' dir='ltr'><strong>Deo</strong></span> <span class='ocrx_word' id='word_1_481' title='bbox 3479 1741 3634 1796; x_wconf 74' lang='lat' dir='ltr'><strong>simi-</strong></span> 
     </span>
    </p>
   </div>
   <div class='ocr_carea' id='block_1_63' title="bbox 2059 1836 3644 1911">
    <p class='ocr_par' dir='ltr' id='par_1_63' title="bbox 2059 1836 3644 1911">
     <span class='ocr_line' id='line_1_63' title="bbox 2059 1836 3644 1911; baseline -0.006 -15"><span class='ocrx_word' id='word_1_482' title='bbox 2059 1844 2164 1896; x_wconf 91' lang='lat' dir='ltr'><strong>lius</strong></span> <span class='ocrx_word' id='word_1_483' title='bbox 2193 1842 2329 1895; x_wconf 86' lang='lat' dir='ltr'><strong>nihil</strong></span> <span class='ocrx_word' id='word_1_484' title='bbox 2372 1857 2493 1897; x_wconf 89' lang='lat' dir='ltr'><strong>esse</strong></span> <span class='ocrx_word' id='word_1_485' title='bbox 2542 1857 2705 1911; x_wconf 83' lang='lat' dir='ltr'><strong>quam</strong></span> <span class='ocrx_word' id='word_1_486' title='bbox 2744 1840 3010 1902; x_wconf 87' lang='lat' dir='ltr'><strong>animum,</strong></span> <span class='ocrx_word' id='word_1_487' title='bbox 3048 1837 3227 1907; x_wconf 89' lang='lat' dir='ltr'><strong>quivis</strong></span> <span class='ocrx_word' id='word_1_488' title='bbox 3268 1836 3370 1891; x_wconf 83' lang='lat' dir='ltr'><strong>sibi</strong></span> <span class='ocrx_word' id='word_1_489' title='bbox 3417 1849 3644 1904; x_wconf 78' lang='lat' dir='ltr'><strong>persua-</strong></span> 
     </span>
    </p>
   </div>
   <div class='ocr_carea' id='block_1_64' title="bbox 2059 1933 3633 2003">
    <p class='ocr_par' dir='ltr' id='par_1_64' title="bbox 2059 1933 3633 2003">
     <span class='ocr_line' id='line_1_64' title="bbox 2059 1933 3633 2003; baseline -0.007 -13"><span class='ocrx_word' id='word_1_490' title='bbox 2059 1937 2216 2001; x_wconf 88' lang='lat' dir='ltr'><strong>deat,</strong></span> <span class='ocrx_word' id='word_1_491' title='bbox 2266 1951 2372 1988; x_wconf 90' lang='lat' dir='ltr'><strong>non</strong></span> <span class='ocrx_word' id='word_1_492' title='bbox 2413 1935 2646 2003; x_wconf 88' lang='lat' dir='ltr'><strong>spissam</strong></span> <span class='ocrx_word' id='word_1_493' title='bbox 2694 1933 2983 1986; x_wconf 89' lang='lat' dir='ltr'><strong>admodum</strong></span> <span class='ocrx_word' id='word_1_494' title='bbox 3019 1940 3072 1985; x_wconf 91' lang='lat' dir='ltr'><strong>et</strong></span> <span class='ocrx_word' id='word_1_495' title='bbox 3101 1939 3377 1984; x_wconf 88' lang='lat' dir='ltr'><strong>actuosam</strong></span> <span class='ocrx_word' id='word_1_496' title='bbox 3409 1937 3633 1981; x_wconf 88' lang='lat' dir='ltr'><strong>conten-</strong></span> 
     </span>
    </p>
   </div>
   <div class='ocr_carea' id='block_1_65' title="bbox 2059 2021 3634 2092">
    <p class='ocr_par' dir='ltr' id='par_1_65' title="bbox 2059 2021 3634 2092">
     <span class='ocr_line' id='line_1_65' title="bbox 2059 2021 3634 2092; baseline -0.006 -10"><span class='ocrx_word' id='word_1_497' title='bbox 2059 2029 2260 2084; x_wconf 89' lang='lat' dir='ltr'><strong>tionem</strong></span> <span class='ocrx_word' id='word_1_498' title='bbox 2285 2027 2554 2081; x_wconf 88' lang='lat' dir='ltr'><strong>desideret</strong></span> <span class='ocrx_word' id='word_1_499' title='bbox 2601 2043 2616 2079; x_wconf 89' lang='lat'><strong>:</strong></span> <span class='ocrx_word' id='word_1_500' title='bbox 2659 2041 2768 2080; x_wconf 88' lang='lat' dir='ltr'><strong>non</strong></span> <span class='ocrx_word' id='word_1_501' title='bbox 2805 2024 2968 2078; x_wconf 90' lang='lat' dir='ltr'><strong>modo</strong></span> <span class='ocrx_word' id='word_1_502' title='bbox 2998 2023 3138 2092; x_wconf 81' lang='lat' dir='ltr'><strong>quod</strong></span> <span class='ocrx_word' id='word_1_503' title='bbox 3172 2023 3287 2091; x_wconf 90' lang='lat' dir='ltr'><strong>ipse</strong></span> <span class='ocrx_word' id='word_1_504' title='bbox 3313 2021 3634 2075; x_wconf 88' lang='lat' dir='ltr'><strong>continuum</strong></span> 
     </span>
    </p>
   </div>
   <div class='ocr_carea' id='block_1_66' title="bbox 2059 2113 3642 2187">
    <p class='ocr_par' dir='ltr' id='par_1_66' title="bbox 2059 2113 3642 2187">
     <span class='ocr_line' id='line_1_66' title="bbox 2059 2113 3642 2187; baseline -0.006 -13"><span class='ocrx_word' id='word_1_505' title='bbox 2059 2120 2113 2174; x_wconf 91' lang='lat' dir='ltr'><strong>in</strong></span> <span class='ocrx_word' id='word_1_506' title='bbox 2142 2119 2299 2173; x_wconf 89' lang='lat' dir='ltr'><strong>nobis</strong></span> <span class='ocrx_word' id='word_1_507' title='bbox 2324 2133 2725 2187; x_wconf 90' lang='lat' dir='ltr'><strong>perennemque</strong></span> <span class='ocrx_word' id='word_1_508' title='bbox 2758 2125 2962 2170; x_wconf 93' lang='lat' dir='ltr'><strong>motum</strong></span> <span class='ocrx_word' id='word_1_509' title='bbox 2991 2115 3204 2175; x_wconf 81' lang='lat' dir='ltr'><strong>elIiciat.</strong></span> <span class='ocrx_word' id='word_1_510' title='bbox 3243 2113 3337 2168; x_wconf 91' lang='lat' dir='ltr'><strong>sed</strong></span> <span class='ocrx_word' id='word_1_511' title='bbox 3368 2113 3530 2167; x_wconf 89' lang='lat' dir='ltr'><strong>etiam</strong></span> <span class='ocrx_word' id='word_1_512' title='bbox 3565 2113 3642 2166; x_wconf 58' lang='lat' dir='ltr'><strong>ob.</strong></span> 
     </span>
    </p>
   </div>
   <div class='ocr_carea' id='block_1_67' title="bbox 2059 2202 3644 2279">
    <p class='ocr_par' dir='ltr' id='par_1_67' title="bbox 2059 2202 3644 2279">
     <span class='ocr_line' id='line_1_67' title="bbox 2059 2202 3644 2279; baseline -0.005 -15"><span class='ocrx_word' id='word_1_513' title='bbox 2059 2210 2178 2278; x_wconf 90' lang='lat' dir='ltr'><strong>ejus</strong></span> <span class='ocrx_word' id='word_1_514' title='bbox 2224 2225 2332 2279; x_wconf 90' lang='lat' dir='ltr'><strong>qua</strong></span> <span class='ocrx_word' id='word_1_515' title='bbox 2389 2208 2648 2276; x_wconf 84' lang='lat' dir='ltr'><strong>praeditus</strong></span> <span class='ocrx_word' id='word_1_516' title='bbox 2679 2217 2764 2261; x_wconf 90' lang='lat' dir='ltr'><strong>est</strong></span> <span class='ocrx_word' id='word_1_517' title='bbox 2789 2207 2990 2261; x_wconf 88' lang='lat' dir='ltr'><strong>mentis</strong></span> <span class='ocrx_word' id='word_1_518' title='bbox 3019 2205 3416 2260; x_wconf 80' lang='lat' dir='ltr'><strong>excellentiam.</strong></span> <span class='ocrx_word' id='word_1_519' title='bbox 3480 2202 3644 2268; x_wconf 76' lang='lat' dir='ltr'><strong>Quod</strong></span> 
     </span>
    </p>
   </div>
   <div class='ocr_carea' id='block_1_68' title="bbox 2061 2295 3636 2370">
    <p class='ocr_par' dir='ltr' id='par_1_68' title="bbox 2061 2295 3636 2370">
     <span class='ocr_line' id='line_1_68' title="bbox 2061 2295 3636 2370; baseline -0.006 -15"><span class='ocrx_word' id='word_1_520' title='bbox 2061 2301 2279 2370; x_wconf 90' lang='lat' dir='ltr'><strong>quidem</strong></span> <span class='ocrx_word' id='word_1_521' title='bbox 2320 2299 2582 2370; x_wconf 84' lang='lat' dir='ltr'><strong>physicus</strong></span> <span class='ocrx_word' id='word_1_522' title='bbox 2610 2305 2777 2353; x_wconf 88' lang='lat' dir='ltr'><strong>etiam</strong></span> <span class='ocrx_word' id='word_1_523' title='bbox 2811 2299 2900 2352; x_wconf 90' lang='lat' dir='ltr'><strong>ille</strong></span> <span class='ocrx_word' id='word_1_524' title='bbox 2929 2297 3272 2351; x_wconf 85' lang='lat' dir='ltr'><strong>Crotoniates</strong></span> <span class='ocrx_word' id='word_1_525' title='bbox 3326 2296 3455 2349; x_wconf 89' lang='lat' dir='ltr'><strong>dum</strong></span> <span class='ocrx_word' id='word_1_526' title='bbox 3487 2295 3636 2348; x_wconf 77' lang='lat' dir='ltr'><strong>vide—</strong></span> 
     </span>
    </p>
   </div>
   <div class='ocr_carea' id='block_1_69' title="bbox 2059 2388 3642 2458">
    <p class='ocr_par' dir='ltr' id='par_1_69' title="bbox 2059 2388 3642 2458">
     <span class='ocr_line' id='line_1_69' title="bbox 2059 2388 3642 2458; baseline -0.004 -14"><span class='ocrx_word' id='word_1_527' title='bbox 2059 2400 2158 2454; x_wconf 87' lang='lat' dir='ltr'><strong>ret,</strong></span> <span class='ocrx_word' id='word_1_528' title='bbox 2191 2392 2432 2445; x_wconf 85' lang='lat' dir='ltr'><strong>animum</strong></span> <span class='ocrx_word' id='word_1_529' title='bbox 2463 2391 2605 2445; x_wconf 91' lang='lat' dir='ltr'><strong>illico</strong></span> <span class='ocrx_word' id='word_1_530' title='bbox 2633 2402 2902 2454; x_wconf 85' lang='lat' dir='ltr'><strong>nostrum,</strong></span> <span class='ocrx_word' id='word_1_531' title='bbox 2945 2388 3268 2444; x_wconf 85' lang='lat' dir='ltr'><strong>immortalis</strong></span> <span class='ocrx_word' id='word_1_532' title='bbox 3293 2388 3436 2458; x_wconf 85' lang='lat' dir='ltr'><strong>quod</strong></span> <span class='ocrx_word' id='word_1_533' title='bbox 3468 2395 3642 2448; x_wconf 72' lang='lat' dir='ltr'><strong>esset,</strong></span> 
     </span>
    </p>
   </div>
   <div class='ocr_carea' id='block_1_70' title="bbox 2059 2482 3638 2552">
    <p class='ocr_par' dir='ltr' id='par_1_70' title="bbox 2059 2482 3638 2552">
     <span class='ocr_line' id='line_1_70' title="bbox 2059 2482 3638 2552; baseline -0.004 -15"><span class='ocrx_word' id='word_1_534' title='bbox 2059 2483 2294 2552; x_wconf 87' lang='lat' dir='ltr'><strong>quietem</strong></span> <span class='ocrx_word' id='word_1_535' title='bbox 2319 2497 2559 2546; x_wconf 86' lang='lat' dir='ltr'><strong>omnem,</strong></span> <span class='ocrx_word' id='word_1_536' title='bbox 2598 2482 2906 2537; x_wconf 85' lang='lat' dir='ltr'><strong>divinorum</strong></span> <span class='ocrx_word' id='word_1_537' title='bbox 2938 2496 3088 2535; x_wconf 91' lang='lat' dir='ltr'><strong>more</strong></span> <span class='ocrx_word' id='word_1_538' title='bbox 3114 2495 3426 2550; x_wconf 84' lang='lat' dir='ltr'><strong>corporum.</strong></span> <span class='ocrx_word' id='word_1_539' title='bbox 3448 2489 3638 2548; x_wconf 90' lang='lat' dir='ltr'><strong>suapte</strong></span> 
     </span>
    </p>
   </div>
   <div class='ocr_carea' id='block_1_71' title="bbox 2059 2569 3645 2644">
    <p class='ocr_par' dir='ltr' id='par_1_71' title="bbox 2059 2569 3645 2644">
     <span class='ocr_line' id='line_1_71' title="bbox 2059 2569 3645 2644; baseline -0.005 -15"><span class='ocrx_word' id='word_1_540' title='bbox 2059 2583 2255 2629; x_wconf 85' lang='lat' dir='ltr'><strong>natura</strong></span> <span class='ocrx_word' id='word_1_541' title='bbox 2286 2574 2520 2644; x_wconf 84' lang='lat' dir='ltr'><strong>deﬁgere</strong></span> <span class='ocrx_word' id='word_1_542' title='bbox 2567 2573 2959 2643; x_wconf 87' lang='lat' dir='ltr'><strong>pronuntiavit.</strong></span> <span class='ocrx_word' id='word_1_543' title='bbox 3019 2571 3084 2627; x_wconf 85' lang='lat' dir='ltr'><strong>Et</strong></span> <span class='ocrx_word' id='word_1_544' title='bbox 3132 2586 3281 2633; x_wconf 89' lang='lat' dir='ltr'><strong>vero,</strong></span> <span class='ocrx_word' id='word_1_545' title='bbox 3327 2571 3422 2640; x_wconf 90' lang='lat' dir='ltr'><strong>qui</strong></span> <span class='ocrx_word' id='word_1_546' title='bbox 3469 2569 3645 2623; x_wconf 90' lang='lat' dir='ltr'><strong>semel.</strong></span> 
     </span>
    </p>
   </div>
   <div class='ocr_carea' id='block_1_72' title="bbox 2060 2663 3636 2734">
    <p class='ocr_par' dir='ltr' id='par_1_72' title="bbox 2060 2663 3636 2734">
     <span class='ocr_line' id='line_1_72' title="bbox 2060 2663 3636 2734; baseline -0.003 -16"><span class='ocrx_word' id='word_1_547' title='bbox 2060 2665 2227 2718; x_wconf 89' lang='lat' dir='ltr'><strong>animi</strong></span> <span class='ocrx_word' id='word_1_548' title='bbox 2266 2665 2430 2734; x_wconf 80' lang='lat' dir='ltr'><strong>hujus</strong></span> <span class='ocrx_word' id='word_1_549' title='bbox 2480 2665 2657 2718; x_wconf 90' lang='lat' dir='ltr'><strong>ideam</strong></span> <span class='ocrx_word' id='word_1_550' title='bbox 2711 2665 2941 2727; x_wconf 79' lang='lat' dir='ltr'><strong>nmerit,</strong></span> <span class='ocrx_word' id='word_1_551' title='bbox 2985 2679 3048 2718; x_wconf 88' lang='lat' dir='ltr'><strong>ac</strong></span> <span class='ocrx_word' id='word_1_552' title='bbox 3088 2663 3387 2733; x_wconf 75' lang='lat' dir='ltr'><strong>praesertim</strong></span> <span class='ocrx_word' id='word_1_553' title='bbox 3432 2670 3636 2730; x_wconf 88' lang='lat' dir='ltr'><strong>quanta</strong></span> 
     </span>
    </p>
   </div>
   <div class='ocr_carea' id='block_1_73' title="bbox 2062 2753 3642 2827">
    <p class='ocr_par' dir='ltr' id='par_1_73' title="bbox 2062 2753 3642 2827">
     <span class='ocr_line' id='line_1_73' title="bbox 2062 2753 3642 2827; baseline -0.005 -13"><span class='ocrx_word' id='word_1_554' title='bbox 2062 2775 2215 2814; x_wconf 90' lang='lat' dir='ltr'><strong>mens</strong></span> <span class='ocrx_word' id='word_1_555' title='bbox 2241 2759 2330 2814; x_wconf 89' lang='lat' dir='ltr'><strong>illa</strong></span> <span class='ocrx_word' id='word_1_556' title='bbox 2363 2759 2533 2814; x_wconf 89' lang='lat' dir='ltr'><strong>nostri</strong></span> <span class='ocrx_word' id='word_1_557' title='bbox 2571 2759 2900 2813; x_wconf 85' lang='lat' dir='ltr'><strong>moderatrix</strong></span> <span class='ocrx_word' id='word_1_558' title='bbox 2954 2757 3120 2827; x_wconf 85' lang='lat' dir='ltr'><strong>agitet</strong></span> <span class='ocrx_word' id='word_1_559' title='bbox 3146 2764 3434 2823; x_wconf 88' lang='lat' dir='ltr'><strong>versetque</strong></span> <span class='ocrx_word' id='word_1_560' title='bbox 3463 2753 3642 2808; x_wconf 89' lang='lat' dir='ltr'><strong>consi-</strong></span> 
     </span>
    </p>
   </div>
   <div class='ocr_carea' id='block_1_74' title="bbox 2059 2843 3637 2919">
    <p class='ocr_par' dir='ltr' id='par_1_74' title="bbox 2059 2843 3637 2919">
     <span class='ocr_line' id='line_1_74' title="bbox 2059 2843 3637 2919; baseline -0.004 -15"><span class='ocrx_word' id='word_1_561' title='bbox 2059 2851 2153 2914; x_wconf 89' lang='lat' dir='ltr'><strong>lia,</strong></span> <span class='ocrx_word' id='word_1_562' title='bbox 2204 2858 2298 2904; x_wconf 87' lang='lat' dir='ltr'><strong>aut</strong></span> <span class='ocrx_word' id='word_1_563' title='bbox 2343 2849 2652 2919; x_wconf 87' lang='lat' dir='ltr'><strong>cujusmodi</strong></span> <span class='ocrx_word' id='word_1_564' title='bbox 2689 2849 2991 2916; x_wconf 82' lang='lat' dir='ltr'><strong>saepissime</strong></span> <span class='ocrx_word' id='word_1_565' title='bbox 3018 2848 3072 2900; x_wconf 91' lang='lat' dir='ltr'><strong>in</strong></span> <span class='ocrx_word' id='word_1_566' title='bbox 3102 2847 3257 2901; x_wconf 91' lang='lat' dir='ltr'><strong>nobis</strong></span> <span class='ocrx_word' id='word_1_567' title='bbox 3292 2847 3524 2915; x_wconf 87' lang='lat' dir='ltr'><strong>impetus</strong></span> <span class='ocrx_word' id='word_1_568' title='bbox 3553 2843 3637 2899; x_wconf 88' lang='lat' dir='ltr'><strong>ef-</strong></span> 
     </span>
    </p>
   </div>
   <div class='ocr_carea' id='block_1_75' title="bbox 2061 2935 3638 3008">
    <p class='ocr_par' dir='ltr' id='par_1_75' title="bbox 2061 2935 3638 3008">
     <span class='ocr_line' id='line_1_75' title="bbox 2061 2935 3638 3008; baseline -0.003 -14"><span class='ocrx_word' id='word_1_569' title='bbox 2061 2939 2236 3004; x_wconf 83' lang='lat' dir='ltr'><strong>liciat,</strong></span> <span class='ocrx_word' id='word_1_570' title='bbox 2274 2939 2414 2992; x_wconf 89' lang='lat' dir='ltr'><strong>idem</strong></span> <span class='ocrx_word' id='word_1_571' title='bbox 2447 2939 2689 3008; x_wconf 81' lang='lat' dir='ltr'><strong>profecto</strong></span> <span class='ocrx_word' id='word_1_572' title='bbox 2736 2936 3143 2992; x_wconf 86' lang='lat' dir='ltr'><strong>similitudinem</strong></span> <span class='ocrx_word' id='word_1_573' title='bbox 3197 2936 3315 3004; x_wconf 88' lang='lat' dir='ltr'><strong>ejus</strong></span> <span class='ocrx_word' id='word_1_574' title='bbox 3363 2950 3486 2988; x_wconf 89' lang='lat' dir='ltr'><strong>cum</strong></span> <span class='ocrx_word' id='word_1_575' title='bbox 3527 2935 3638 2989; x_wconf 75' lang='lat' dir='ltr'><strong>lico</strong></span> 
     </span>
    </p>
   </div>
   <div class='ocr_carea' id='block_1_76' title="bbox 2062 3025 3638 3098">
    <p class='ocr_par' dir='ltr' id='par_1_76' title="bbox 2062 3025 3638 3098">
     <span class='ocr_line' id='line_1_76' title="bbox 2062 3025 3638 3098; baseline -0.003 -13"><span class='ocrx_word' id='word_1_576' title='bbox 2062 3033 2356 3085; x_wconf 79' lang='lat' dir='ltr'><strong>maximam</strong></span> <span class='ocrx_word' id='word_1_577' title='bbox 2401 3029 2786 3098; x_wconf 87' lang='lat' dir='ltr'><strong>deprehendet.</strong></span> <span class='ocrx_word' id='word_1_578' title='bbox 2827 3049 2846 3081; x_wconf 77' lang='grc' dir='ltr'><strong>ι</strong></span> <span class='ocrx_word' id='word_1_579' title='bbox 2910 3028 3046 3082; x_wconf 92' lang='lat' dir='ltr'><strong>Tum</strong></span> <span class='ocrx_word' id='word_1_580' title='bbox 3076 3028 3280 3096; x_wconf 82' lang='lat' dir='ltr'><strong>aliquot</strong></span> <span class='ocrx_word' id='word_1_581' title='bbox 3319 3025 3638 3094; x_wconf 73' lang='lat' dir='ltr'><strong>interjecds,</strong></span> 
     </span>
    </p>
   </div>
   <div class='ocr_carea' id='block_1_77' title="bbox 2069 3117 3636 3192">
    <p class='ocr_par' dir='ltr' id='par_1_77' title="bbox 2069 3117 3636 3192">
     <span class='ocr_line' id='line_1_77' title="bbox 2069 3117 3636 3192; baseline -0.003 -18"><span class='ocrx_word' id='word_1_582' title='bbox 2069 3142 2087 3174; x_wconf 79' lang='grc' dir='ltr'><strong>ι</strong></span> <span class='ocrx_word' id='word_1_583' title='bbox 2111 3123 2242 3178; x_wconf 85' lang='lat' dir='ltr'><strong>Nam</strong></span> <span class='ocrx_word' id='word_1_584' title='bbox 2275 3123 2318 3177; x_wconf 91' lang='lat' dir='ltr'><strong>si</strong></span> <span class='ocrx_word' id='word_1_585' title='bbox 2358 3122 2850 3192; x_wconf 71' lang='lat' dir='ltr'><strong>animum,linquit,</strong></span> <span class='ocrx_word' id='word_1_586' title='bbox 2886 3131 3093 3174; x_wconf 66' lang='lat' dir='ltr'><strong>natura:</strong></span> <span class='ocrx_word' id='word_1_587' title='bbox 3134 3119 3333 3173; x_wconf 69' lang='lat' dir='ltr'><strong>divinae</strong></span> <span class='ocrx_word' id='word_1_588' title='bbox 3390 3117 3636 3171; x_wconf 88' lang='lat' dir='ltr'><strong>omnium</strong></span> 
     </span>
    </p>
   </div>
   <div class='ocr_carea' id='block_1_78' title="bbox 2064 3208 3640 3284">
    <p class='ocr_par' dir='ltr' id='par_1_78' title="bbox 2064 3208 3640 3284">
     <span class='ocr_line' id='line_1_78' title="bbox 2064 3208 3640 3284; baseline -0.005 -16"><span class='ocrx_word' id='word_1_589' title='bbox 2064 3215 2223 3284; x_wconf 84' lang='lat' dir='ltr'><strong>longe</strong></span> <span class='ocrx_word' id='word_1_590' title='bbox 2270 3213 2609 3269; x_wconf 89' lang='lat' dir='ltr'><strong>simillimum</strong></span> <span class='ocrx_word' id='word_1_591' title='bbox 2659 3228 2782 3268; x_wconf 86' lang='lat' dir='ltr'><strong>esse</strong></span> <span class='ocrx_word' id='word_1_592' title='bbox 2829 3212 3152 3277; x_wconf 89' lang='lat' dir='ltr'><strong>constiterit,</strong></span> <span class='ocrx_word' id='word_1_593' title='bbox 3203 3224 3466 3280; x_wconf 86' lang='lat' dir='ltr'><strong>quorsum</strong></span> <span class='ocrx_word' id='word_1_594' title='bbox 3503 3208 3640 3261; x_wconf 88' lang='lat' dir='ltr'><strong>alias</strong></span> 
     </span>
    </p>
   </div>
   <div class='ocr_carea' id='block_1_79' title="bbox 2063 3299 3638 3373">
    <p class='ocr_par' dir='ltr' id='par_1_79' title="bbox 2063 3299 3638 3373">
     <span class='ocr_line' id='line_1_79' title="bbox 2063 3299 3638 3373; baseline -0.006 -14"><span class='ocrx_word' id='word_1_595' title='bbox 2063 3305 2340 3373; x_wconf 89' lang='lat' dir='ltr'><strong>deinceps,</strong></span> <span class='ocrx_word' id='word_1_596' title='bbox 2373 3303 2531 3373; x_wconf 91' lang='lat' dir='ltr'><strong>quasi</strong></span> <span class='ocrx_word' id='word_1_597' title='bbox 2558 3302 2819 3373; x_wconf 64' lang='lat' dir='ltr'><strong>prmi-andi</strong></span> <span class='ocrx_word' id='word_1_598' title='bbox 2847 3317 3032 3366; x_wconf 81' lang='lat' dir='ltr'><strong>causa,</strong></span> <span class='ocrx_word' id='word_1_599' title='bbox 3061 3302 3178 3370; x_wconf 89' lang='lat' dir='ltr'><strong>ejus</strong></span> <span class='ocrx_word' id='word_1_600' title='bbox 3210 3299 3638 3354; x_wconf 79' lang='lat' dir='ltr'><strong>immortalitatis</strong></span> 
     </span>
    </p>
   </div>
   <div class='ocr_carea' id='block_1_80' title="bbox 2063 3389 3640 3467">
    <p class='ocr_par' dir='ltr' id='par_1_80' title="bbox 2063 3389 3640 3467">
     <span class='ocr_line' id='line_1_80' title="bbox 2063 3389 3640 3467; baseline -0.006 -16"><span class='ocrx_word' id='word_1_601' title='bbox 2063 3396 2356 3467; x_wconf 67' lang='lat' dir='ltr'><strong>probandae</strong></span> <span class='ocrx_word' id='word_1_602' title='bbox 2402 3395 2639 3450; x_wconf 89' lang='lat' dir='ltr'><strong>rationes</strong></span> <span class='ocrx_word' id='word_1_603' title='bbox 2662 3395 2938 3464; x_wconf 84' lang='lat' dir='ltr'><strong>exquiras,</strong></span> <span class='ocrx_word' id='word_1_604' title='bbox 2990 3408 3055 3448; x_wconf 89' lang='lat' dir='ltr'><strong>ac</strong></span> <span class='ocrx_word' id='word_1_605' title='bbox 3099 3408 3205 3446; x_wconf 91' lang='lat' dir='ltr'><strong>non</strong></span> <span class='ocrx_word' id='word_1_606' title='bbox 3256 3392 3416 3445; x_wconf 91' lang='lat' dir='ltr'><strong>istam</strong></span> <span class='ocrx_word' id='word_1_607' title='bbox 3458 3389 3640 3458; x_wconf 89' lang='lat' dir='ltr'><strong>potius</strong></span> 
     </span>
    </p>
   </div>
   <div class='ocr_carea' id='block_1_81' title="bbox 2064 3479 3635 3555">
    <p class='ocr_par' dir='ltr' id='par_1_81' title="bbox 2064 3479 3635 3555">
     <span class='ocr_line' id='line_1_81' title="bbox 2064 3479 3635 3555; baseline -0.006 -14"><span class='ocrx_word' id='word_1_608' title='bbox 2064 3502 2226 3541; x_wconf 90' lang='lat' dir='ltr'><strong>unam</strong></span> <span class='ocrx_word' id='word_1_609' title='bbox 2258 3487 2398 3540; x_wconf 89' lang='lat' dir='ltr'><strong>inter</strong></span> <span class='ocrx_word' id='word_1_610' title='bbox 2419 3486 2702 3555; x_wconf 90' lang='lat' dir='ltr'><strong>plerasque</strong></span> <span class='ocrx_word' id='word_1_611' title='bbox 2730 3500 2970 3548; x_wconf 87' lang='lat' dir='ltr'><strong>censeas,</strong></span> <span class='ocrx_word' id='word_1_612' title='bbox 2987 3481 3253 3552; x_wconf 85' lang='lat' dir='ltr'><strong>ejusmodi</strong></span> <span class='ocrx_word' id='word_1_613' title='bbox 3284 3497 3406 3535; x_wconf 90' lang='lat' dir='ltr'><strong>cum</strong></span> <span class='ocrx_word' id='word_1_614' title='bbox 3435 3480 3524 3545; x_wconf 92' lang='lat' dir='ltr'><strong>sit,</strong></span> <span class='ocrx_word' id='word_1_615' title='bbox 3548 3479 3635 3532; x_wconf 92' lang='lat' dir='ltr'><strong>cui</strong></span> 
     </span>
    </p>
   </div>
   <div class='ocr_carea' id='block_1_82' title="bbox 2063 3571 3638 3644">
    <p class='ocr_par' dir='ltr' id='par_1_82' title="bbox 2063 3571 3638 3644">
     <span class='ocr_line' id='line_1_82' title="bbox 2063 3571 3638 3644; baseline -0.006 -12"><span class='ocrx_word' id='word_1_616' title='bbox 2063 3594 2172 3632; x_wconf 89' lang='lat' dir='ltr'><strong>non</strong></span> <span class='ocrx_word' id='word_1_617' title='bbox 2191 3578 2379 3633; x_wconf 91' lang='lat' dir='ltr'><strong>cedere</strong></span> <span class='ocrx_word' id='word_1_618' title='bbox 2405 3577 2760 3632; x_wconf 88' lang='lat' dir='ltr'><strong>modestiores</strong></span> <span class='ocrx_word' id='word_1_619' title='bbox 2779 3585 2829 3629; x_wconf 81' lang='lat' dir='ltr'><strong>et</strong></span> <span class='ocrx_word' id='word_1_620' title='bbox 2849 3576 3113 3644; x_wconf 82' lang='lat' dir='ltr'><strong>aequiores</strong></span> <span class='ocrx_word' id='word_1_621' title='bbox 3135 3575 3286 3629; x_wconf 88' lang='lat' dir='ltr'><strong>salvo</strong></span> <span class='ocrx_word' id='word_1_622' title='bbox 3311 3588 3412 3628; x_wconf 92' lang='lat' dir='ltr'><strong>suo</strong></span> <span class='ocrx_word' id='word_1_623' title='bbox 3432 3571 3638 3640; x_wconf 90' lang='lat' dir='ltr'><strong>pudore</strong></span> 
     </span>
    </p>
   </div>
   <div class='ocr_carea' id='block_1_83' title="bbox 2064 3659 3640 3737">
    <p class='ocr_par' dir='ltr' id='par_1_83' title="bbox 2064 3659 3640 3737">
     <span class='ocr_line' id='line_1_83' title="bbox 2064 3659 3640 3737; baseline -0.008 -15"><span class='ocrx_word' id='word_1_624' title='bbox 2064 3683 2172 3722; x_wconf 92' lang='lat' dir='ltr'><strong>non</strong></span> <span class='ocrx_word' id='word_1_625' title='bbox 2199 3667 2430 3737; x_wconf 90' lang='lat' dir='ltr'><strong>possint,</strong></span> <span class='ocrx_word' id='word_1_626' title='bbox 2455 3667 2600 3735; x_wconf 91' lang='lat' dir='ltr'><strong>quod</strong></span> <span class='ocrx_word' id='word_1_627' title='bbox 2630 3667 2886 3720; x_wconf 84' lang='lat' dir='ltr'><strong>nimirum</strong></span> <span class='ocrx_word' id='word_1_628' title='bbox 2915 3664 3022 3719; x_wconf 90' lang='lat' dir='ltr'><strong>Deo</strong></span> <span class='ocrx_word' id='word_1_629' title='bbox 3047 3663 3252 3718; x_wconf 88' lang='lat' dir='ltr'><strong>similes</strong></span> <span class='ocrx_word' id='word_1_630' title='bbox 3276 3661 3464 3731; x_wconf 85' lang='lat' dir='ltr'><strong>agendi</strong></span> <span class='ocrx_word' id='word_1_631' title='bbox 3495 3659 3640 3712; x_wconf 88' lang='lat' dir='ltr'><strong>vires</strong></span> 
     </span>
    </p>
   </div>
   <div class='ocr_carea' id='block_1_84' title="bbox 2065 3749 3641 3828">
    <p class='ocr_par' dir='ltr' id='par_1_84' title="bbox 2065 3749 3641 3828">
     <span class='ocr_line' id='line_1_84' title="bbox 2065 3749 3641 3828; baseline -0.008 -14"><span class='ocrx_word' id='word_1_632' title='bbox 2065 3761 2366 3828; x_wconf 85' lang='lat' dir='ltr'><strong>accepisset</strong></span> <span class='ocrx_word' id='word_1_633' title='bbox 2407 3773 2707 3827; x_wconf 85' lang='lat' dir='ltr'><strong>nunquam,</strong></span> <span class='ocrx_word' id='word_1_634' title='bbox 2741 3757 2844 3811; x_wconf 86' lang='lat' dir='ltr'><strong>nisi</strong></span> <span class='ocrx_word' id='word_1_635' title='bbox 2875 3765 3020 3810; x_wconf 84' lang='lat' dir='ltr'><strong>esset</strong></span> <span class='ocrx_word' id='word_1_636' title='bbox 3059 3756 3174 3824; x_wconf 89' lang='lat' dir='ltr'><strong>ipse</strong></span> <span class='ocrx_word' id='word_1_637' title='bbox 3199 3752 3448 3807; x_wconf 66' lang='lat' dir='ltr'><strong>divinus?</strong></span> <span class='ocrx_word' id='word_1_638' title='bbox 3477 3749 3641 3819; x_wconf 76' lang='lat'><strong>556</strong></span> 
     </span>
    </p>
   </div>
   <div class='ocr_carea' id='block_1_85' title="bbox 2063 3841 3638 3917">
    <p class='ocr_par' dir='ltr' id='par_1_85' title="bbox 2063 3841 3638 3917">
     <span class='ocr_line' id='line_1_85' title="bbox 2063 3841 3638 3917; baseline -0.008 -13"><span class='ocrx_word' id='word_1_639' title='bbox 2063 3850 2200 3904; x_wconf 88' lang='lat' dir='ltr'><strong>Nam</strong></span> <span class='ocrx_word' id='word_1_640' title='bbox 2233 3851 2278 3905; x_wconf 91' lang='lat' dir='ltr'><strong>si</strong></span> <span class='ocrx_word' id='word_1_641' title='bbox 2310 3850 2523 3903; x_wconf 84' lang='lat' dir='ltr'><strong>mortali</strong></span> <span class='ocrx_word' id='word_1_642' title='bbox 2558 3848 2792 3917; x_wconf 89' lang='lat' dir='ltr'><strong>corpori,</strong></span> <span class='ocrx_word' id='word_1_643' title='bbox 2838 3847 2984 3900; x_wconf 80' lang='lat' dir='ltr'><strong>ﬂuxo</strong></span> <span class='ocrx_word' id='word_1_644' title='bbox 3031 3855 3084 3899; x_wconf 90' lang='lat' dir='ltr'><strong>et</strong></span> <span class='ocrx_word' id='word_1_645' title='bbox 3122 3845 3240 3898; x_wconf 90' lang='lat' dir='ltr'><strong>sine</strong></span> <span class='ocrx_word' id='word_1_646' title='bbox 3271 3850 3478 3905; x_wconf 88' lang='lat' dir='ltr'><strong>mente,</strong></span> <span class='ocrx_word' id='word_1_647' title='bbox 3527 3841 3638 3893; x_wconf 91' lang='lat' dir='ltr'><strong>imo</strong></span> 
     </span>
    </p>
   </div>
   <div class='ocr_carea' id='block_1_86' title="bbox 2064 3932 3640 4002">
    <p class='ocr_par' dir='ltr' id='par_1_86' title="bbox 2064 3932 3640 4002">
     <span class='ocr_line' id='line_1_86' title="bbox 2064 3932 3640 4002; baseline -0.007 -10"><span class='ocrx_word' id='word_1_648' title='bbox 2064 3939 2226 3992; x_wconf 87' lang='lat' dir='ltr'><strong>etiam</strong></span> <span class='ocrx_word' id='word_1_649' title='bbox 2258 3951 2387 3991; x_wconf 91' lang='lat' dir='ltr'><strong>vero</strong></span> <span class='ocrx_word' id='word_1_650' title='bbox 2409 3953 2473 3991; x_wconf 86' lang='lat' dir='ltr'><strong>ex</strong></span> <span class='ocrx_word' id='word_1_651' title='bbox 2504 3952 2626 3991; x_wconf 87' lang='lat' dir='ltr'><strong>sese</strong></span> <span class='ocrx_word' id='word_1_652' title='bbox 2655 3936 2926 4000; x_wconf 89' lang='lat' dir='ltr'><strong>cadaveri,</strong></span> <span class='ocrx_word' id='word_1_653' title='bbox 2970 3934 3112 4002; x_wconf 91' lang='lat' dir='ltr'><strong>quod</strong></span> <span class='ocrx_word' id='word_1_654' title='bbox 3160 3932 3524 4000; x_wconf 81' lang='lat' dir='ltr'><strong>exstinguitur</strong></span> <span class='ocrx_word' id='word_1_655' title='bbox 3549 3946 3640 3982; x_wconf 81' lang='lat' dir='ltr'><strong>as-</strong></span> 
     </span>
    </p>
   </div>
   <div class='ocr_carea' id='block_1_87' title="bbox 2066 4019 3638 4095">
    <p class='ocr_par' dir='ltr' id='par_1_87' title="bbox 2066 4019 3638 4095">
     <span class='ocr_line' id='line_1_87' title="bbox 2066 4019 3638 4095; baseline -0.008 -14"><span class='ocrx_word' id='word_1_656' title='bbox 2066 4027 2240 4091; x_wconf 89' lang='lat' dir='ltr'><strong>sidue,</strong></span> <span class='ocrx_word' id='word_1_657' title='bbox 2279 4034 2443 4095; x_wconf 88' lang='lat' dir='ltr'><strong>atque</strong></span> <span class='ocrx_word' id='word_1_658' title='bbox 2473 4025 2526 4078; x_wconf 92' lang='lat' dir='ltr'><strong>in</strong></span> <span class='ocrx_word' id='word_1_659' title='bbox 2553 4025 2805 4079; x_wconf 88' lang='lat' dir='ltr'><strong>interitus</strong></span> <span class='ocrx_word' id='word_1_660' title='bbox 2837 4023 3195 4077; x_wconf 90' lang='lat' dir='ltr'><strong>mutationem</strong></span> <span class='ocrx_word' id='word_1_661' title='bbox 3228 4021 3506 4083; x_wconf 86' lang='lat' dir='ltr'><strong>dilabitur,</strong></span> <span class='ocrx_word' id='word_1_662' title='bbox 3555 4019 3638 4070; x_wconf 86' lang='lat' dir='ltr'><strong>in-</strong></span> 
     </span>
    </p>
   </div>
   <div class='ocr_carea' id='block_1_88' title="bbox 2066 4109 3639 4180">
    <p class='ocr_par' dir='ltr' id='par_1_88' title="bbox 2066 4109 3639 4180">
     <span class='ocr_line' id='line_1_88' title="bbox 2066 4109 3639 4180; baseline -0.008 -5"><span class='ocrx_word' id='word_1_663' title='bbox 2066 4119 2249 4175; x_wconf 81' lang='lat' dir='ltr'><strong>fossus</strong></span> <span class='ocrx_word' id='word_1_664' title='bbox 2297 4119 2386 4173; x_wconf 91' lang='lat' dir='ltr'><strong>ille</strong></span> <span class='ocrx_word' id='word_1_665' title='bbox 2433 4119 2560 4172; x_wconf 89' lang='lat' dir='ltr'><strong>dum</strong></span> <span class='ocrx_word' id='word_1_666' title='bbox 2604 4125 2717 4180; x_wconf 90' lang='lat' dir='ltr'><strong>est,</strong></span> <span class='ocrx_word' id='word_1_667' title='bbox 2763 4130 2871 4168; x_wconf 88' lang='lat' dir='ltr'><strong>non</strong></span> <span class='ocrx_word' id='word_1_668' title='bbox 2917 4113 3049 4168; x_wconf 88' lang='lat' dir='ltr'><strong>illud</strong></span> <span class='ocrx_word' id='word_1_669' title='bbox 3099 4113 3262 4167; x_wconf 92' lang='lat' dir='ltr'><strong>modo</strong></span> <span class='ocrx_word' id='word_1_670' title='bbox 3291 4109 3442 4178; x_wconf 86' lang='lat' dir='ltr'><strong>tingit</strong></span> <span class='ocrx_word' id='word_1_671' title='bbox 3475 4118 3639 4177; x_wconf 85' lang='lat' dir='ltr'><strong>atque</strong></span> 
     </span>
    </p>
   </div>
   <div class='ocr_carea' id='block_1_89' title="bbox 2067 4199 3636 4273">
    <p class='ocr_par' dir='ltr' id='par_1_89' title="bbox 2067 4199 3636 4273">
     <span class='ocr_line' id='line_1_89' title="bbox 2067 4199 3636 4273; baseline -0.009 -8"><span class='ocrx_word' id='word_1_672' title='bbox 2067 4215 2391 4273; x_wconf 80' lang='lat' dir='ltr'><strong>conservat,</strong></span> <span class='ocrx_word' id='word_1_673' title='bbox 2447 4206 2541 4261; x_wconf 90' lang='lat' dir='ltr'><strong>sed</strong></span> <span class='ocrx_word' id='word_1_674' title='bbox 2595 4213 2803 4258; x_wconf 73' lang='lat' dir='ltr'><strong>natura:</strong></span> <span class='ocrx_word' id='word_1_675' title='bbox 2854 4216 3070 4272; x_wconf 89' lang='lat' dir='ltr'><strong>quoque</strong></span> <span class='ocrx_word' id='word_1_676' title='bbox 3132 4216 3245 4255; x_wconf 71' lang='lat' dir='ltr'><strong>sua:</strong></span> <span class='ocrx_word' id='word_1_677' title='bbox 3300 4199 3636 4252; x_wconf 84' lang='lat' dir='ltr'><strong>divinitatem</strong></span> 
     </span>
    </p>
   </div>
   <div class='ocr_carea' id='block_1_90' title="bbox 2067 4288 3638 4362">
    <p class='ocr_par' dir='ltr' id='par_1_90' title="bbox 2067 4288 3638 4362">
     <span class='ocr_line' id='line_1_90' title="bbox 2067 4288 3638 4362; baseline -0.011 -8"><span class='ocrx_word' id='word_1_678' title='bbox 2067 4297 2325 4362; x_wconf 88' lang='lat' dir='ltr'><strong>ostendit,</strong></span> <span class='ocrx_word' id='word_1_679' title='bbox 2361 4294 2578 4350; x_wconf 90' lang='lat' dir='ltr'><strong>tametsi</strong></span> <span class='ocrx_word' id='word_1_680' title='bbox 2603 4293 2837 4347; x_wconf 81' lang='lat' dir='ltr'><strong>exitialis</strong></span> <span class='ocrx_word' id='word_1_681' title='bbox 2871 4291 3054 4359; x_wconf 89' lang='lat' dir='ltr'><strong>hujus,</strong></span> <span class='ocrx_word' id='word_1_682' title='bbox 3079 4289 3220 4358; x_wconf 91' lang='lat' dir='ltr'><strong>quod</strong></span> <span class='ocrx_word' id='word_1_683' title='bbox 3247 4288 3465 4341; x_wconf 88' lang='lat' dir='ltr'><strong>obvium</strong></span> <span class='ocrx_word' id='word_1_684' title='bbox 3493 4301 3638 4339; x_wconf 89' lang='lat' dir='ltr'><strong>sem-</strong></span> 
     </span>
    </p>
   </div>
   <div class='ocr_carea' id='block_1_91' title="bbox 2069 4377 3634 4457">
    <p class='ocr_par' dir='ltr' id='par_1_91' title="bbox 2069 4377 3634 4457">
     <span class='ocr_line' id='line_1_91' title="bbox 2069 4377 3634 4457; baseline -0.007 -16"><span class='ocrx_word' id='word_1_685' title='bbox 2069 4403 2164 4457; x_wconf 89' lang='lat' dir='ltr'><strong>per</strong></span> <span class='ocrx_word' id='word_1_686' title='bbox 2192 4386 2407 4450; x_wconf 86' lang='lat' dir='ltr'><strong>habeat,</strong></span> <span class='ocrx_word' id='word_1_687' title='bbox 2440 4383 2681 4453; x_wconf 81' lang='lat' dir='ltr'><strong>ﬁgmenti</strong></span> <span class='ocrx_word' id='word_1_688' title='bbox 2723 4383 2894 4435; x_wconf 92' lang='lat' dir='ltr'><strong>moles</strong></span> <span class='ocrx_word' id='word_1_689' title='bbox 2923 4381 3098 4433; x_wconf 89' lang='lat' dir='ltr'><strong>lucem</strong></span> <span class='ocrx_word' id='word_1_690' title='bbox 3130 4379 3247 4446; x_wconf 90' lang='lat' dir='ltr'><strong>ejus</strong></span> <span class='ocrx_word' id='word_1_691' title='bbox 3295 4377 3514 4444; x_wconf 88' lang='lat' dir='ltr'><strong>vimque</strong></span> <span class='ocrx_word' id='word_1_692' title='bbox 3539 4377 3634 4430; x_wconf 90' lang='lat' dir='ltr'><strong>de-</strong></span> 
     </span>
    </p>
   </div>
   <div class='ocr_carea' id='block_1_92' title="bbox 395 4466 1963 4558">
    <p class='ocr_par' dir='ltr' id='par_1_92' title="bbox 395 4466 1963 4552">
     <span class='ocr_line' id='line_1_92' title="bbox 395 4466 1963 4552; baseline 0.01 -33"><span class='ocrx_word' id='word_1_693' title='bbox 395 4466 505 4538; x_wconf 83' lang='grc' dir='ltr'>γὰρ</span> <span class='ocrx_word' id='word_1_694' title='bbox 547 4470 834 4541; x_wconf 79' lang='grc' dir='ltr'>ἐπενόησεν</span> <span class='ocrx_word' id='word_1_695' title='bbox 864 4474 956 4525; x_wconf 75' lang='grc' dir='ltr'>ἐπὶ</span> <span class='ocrx_word' id='word_1_696' title='bbox 985 4475 1088 4544; x_wconf 82' lang='grc' dir='ltr'>γῆς</span> <span class='ocrx_word' id='word_1_697' title='bbox 1123 4476 1368 4540; x_wconf 83' lang='grc' dir='ltr'>συνόδους</span> <span class='ocrx_word' id='word_1_698' title='bbox 1397 4476 1505 4530; x_wconf 82' lang='grc' dir='ltr'><strong>τῶν</strong></span> <span class='ocrx_word' id='word_1_699' title='bbox 1528 4479 1667 4533; x_wconf 77' lang='grc' dir='ltr'>ἑπτὰ</span> <span class='ocrx_word' id='word_1_700' title='bbox 1697 4481 1831 4552; x_wconf 85' lang='grc' dir='ltr'>μετὰ</span> <span class='ocrx_word' id='word_1_701' title='bbox 1859 4482 1963 4534; x_wconf 81' lang='grc' dir='ltr'><strong>τῶν</strong></span> 
     </span>
    </p>
   </div>
   <div class='ocr_carea' id='block_1_93' title="bbox 2063 4466 3635 4558">
    <p class='ocr_par' dir='ltr' id='par_1_93' title="bbox 2071 4466 3635 4546">
     <span class='ocr_line' id='line_1_93' title="bbox 2071 4466 3635 4546; baseline -0.008 -15"><span class='ocrx_word' id='word_1_702' title='bbox 2071 4480 2243 4533; x_wconf 87' lang='lat' dir='ltr'><strong>bilitet</strong></span> <span class='ocrx_word' id='word_1_703' title='bbox 2267 4491 2283 4530; x_wconf 92' lang='lat'><strong>:</strong></span> <span class='ocrx_word' id='word_1_704' title='bbox 2308 4475 2582 4546; x_wconf 87' lang='lat' dir='ltr'><strong>quomodo</strong></span> <span class='ocrx_word' id='word_1_705' title='bbox 2613 4473 2848 4538; x_wconf 86' lang='lat' dir='ltr'><strong>tandem,</strong></span> <span class='ocrx_word' id='word_1_706' title='bbox 2883 4471 2972 4526; x_wconf 87' lang='lat' dir='ltr'><strong>ubi</strong></span> <span class='ocrx_word' id='word_1_707' title='bbox 2999 4469 3164 4524; x_wconf 90' lang='lat' dir='ltr'><strong>semel</strong></span> <span class='ocrx_word' id='word_1_708' title='bbox 3193 4468 3454 4522; x_wconf 87' lang='lat' dir='ltr'><strong>rationem</strong></span> <span class='ocrx_word' id='word_1_709' title='bbox 3488 4466 3635 4520; x_wconf 90' lang='lat' dir='ltr'><strong>illam</strong></span> 
     </span>
    </p>
   </div>
   <div class='ocr_carea' id='block_1_94' title="bbox 396 4561 1964 4640">
    <p class='ocr_par' dir='ltr' id='par_1_94' title="bbox 396 4561 1964 4640">
     <span class='ocr_line' id='line_1_94' title="bbox 396 4561 1964 4640; baseline 0.01 -28"><span class='ocrx_word' id='word_1_710' title='bbox 396 4561 662 4630; x_wconf 87' lang='grc' dir='ltr'>κινήσεων</span> <span class='ocrx_word' id='word_1_711' title='bbox 689 4563 1109 4636; x_wconf 84' lang='grc' dir='ltr'>δημιουργῆσαι,</span> <span class='ocrx_word' id='word_1_712' title='bbox 1135 4567 1221 4620; x_wconf 78' lang='grc' dir='ltr'>διὰ</span> <span class='ocrx_word' id='word_1_713' title='bbox 1252 4571 1657 4640; x_wconf 86' lang='grc' dir='ltr'>μηχανημάτων</span> <span class='ocrx_word' id='word_1_714' title='bbox 1689 4572 1756 4626; x_wconf 85' lang='grc' dir='ltr'><strong>τά</strong></span> <span class='ocrx_word' id='word_1_715' title='bbox 1787 4575 1844 4626; x_wconf 85' lang='grc' dir='ltr'>ὲν</span> <span class='ocrx_word' id='word_1_716' title='bbox 1874 4574 1964 4626; x_wconf 78' lang='grc' dir='ltr'><strong>οὑ-</strong></span> 
     </span>
    </p>
   </div>
   <div class='ocr_carea' id='block_1_95' title="bbox 400 4650 1970 4735">
    <p class='ocr_par' dir='ltr' id='par_1_95' title="bbox 400 4650 1970 4735">
     <span class='ocr_line' id='line_1_95' title="bbox 400 4650 1970 4735; baseline 0.011 -34"><span class='ocrx_word' id='word_1_717' title='bbox 400 4650 545 4721; x_wconf 88' lang='grc' dir='ltr'>ρανῷ</span> <span class='ocrx_word' id='word_1_718' title='bbox 579 4653 929 4724; x_wconf 81' lang='grc' dir='ltr'>μιμούμενος.</span> <span class='ocrx_word' id='word_1_719' title='bbox 967 4658 1076 4724; x_wconf 67' lang='grc' dir='ltr'>Καὶ</span> <span class='ocrx_word' id='word_1_720' title='bbox 1117 4659 1169 4710; x_wconf 91' lang='grc' dir='ltr'><strong>τί</strong></span> <span class='ocrx_word' id='word_1_721' title='bbox 1207 4659 1314 4731; x_wconf 85' lang='grc' dir='ltr'>γὰρ</span> <span class='ocrx_word' id='word_1_722' title='bbox 1357 4662 1457 4714; x_wconf 80' lang='grc' dir='ltr'><strong>οὐκ</strong></span> <span class='ocrx_word' id='word_1_723' title='bbox 1487 4663 1801 4735; x_wconf 78' lang='grc' dir='ltr'>ἐπενόησεν,</span> <span class='ocrx_word' id='word_1_724' title='bbox 1836 4665 1970 4717; x_wconf 88' lang='grc' dir='ltr'>ἀπο-</span> 
     </span>
    </p>
   </div>
   <div class='ocr_carea' id='block_1_96' title="bbox 396 4740 1968 4826">
    <p class='ocr_par' dir='ltr' id='par_1_96' title="bbox 396 4740 1968 4826">
     <span class='ocr_line' id='line_1_96' title="bbox 396 4740 1968 4826; baseline 0.01 -32"><span class='ocrx_word' id='word_1_725' title='bbox 396 4741 608 4808; x_wconf 80' lang='grc' dir='ltr'>δεικνὺς</span> <span class='ocrx_word' id='word_1_726' title='bbox 652 4745 743 4799; x_wconf 85' lang='grc' dir='ltr'><strong>τὸν</strong></span> <span class='ocrx_word' id='word_1_727' title='bbox 794 4747 936 4800; x_wconf 84' lang='grc' dir='ltr'>θεῖον</span> <span class='ocrx_word' id='word_1_728' title='bbox 971 4751 1064 4802; x_wconf 75' lang='grc' dir='ltr'><strong>καὶ</strong></span> <span class='ocrx_word' id='word_1_729' title='bbox 1119 4751 1236 4822; x_wconf 86' lang='grc' dir='ltr'><strong>Θεῷ</strong></span> <span class='ocrx_word' id='word_1_730' title='bbox 1266 4740 1643 4824; x_wconf 83' lang='grc' dir='ltr'>παρισωμένον</span> <span class='ocrx_word' id='word_1_731' title='bbox 1687 4757 1744 4808; x_wconf 82' lang='grc' dir='ltr'><strong>ὲν</strong></span> <span class='ocrx_word' id='word_1_732' title='bbox 1792 4755 1968 4826; x_wconf 81' lang='grc' dir='ltr'>ἑαυτῷ</span> 
     </span>
    </p>
   </div>
   <div class='ocr_carea' id='block_1_97' title="bbox 399 4828 1970 4915">
    <p class='ocr_par' dir='ltr' id='par_1_97' title="bbox 399 4828 1970 4915">
     <span class='ocr_line' id='line_1_97' title="bbox 399 4828 1970 4915; baseline 0.009 -33"><span class='ocrx_word' id='word_1_733' title='bbox 399 4830 558 4897; x_wconf 88' lang='grc' dir='ltr'>νοῦν;</span> <span class='ocrx_word' id='word_1_734' title='bbox 597 4834 714 4904; x_wconf 85' lang='grc' dir='ltr'>Ἀφ’</span> <span class='ocrx_word' id='word_1_735' title='bbox 741 4828 815 4888; x_wconf 82' lang='grc' dir='ltr'>ὧν</span> <span class='ocrx_word' id='word_1_736' title='bbox 855 4837 1120 4907; x_wconf 84' lang='grc' dir='ltr'>ὁλυμπίου</span> <span class='ocrx_word' id='word_1_737' title='bbox 1173 4857 1228 4892; x_wconf 87' lang='grc' dir='ltr'><strong>τε</strong></span> <span class='ocrx_word' id='word_1_738' title='bbox 1275 4842 1369 4895; x_wconf 75' lang='grc' dir='ltr'><strong>καὶ</strong></span> <span class='ocrx_word' id='word_1_739' title='bbox 1401 4841 1566 4907; x_wconf 87' lang='grc' dir='ltr'>θείου,</span> <span class='ocrx_word' id='word_1_740' title='bbox 1603 4845 1696 4896; x_wconf 72' lang='grc' dir='ltr'>καὶ</span> <span class='ocrx_word' id='word_1_741' title='bbox 1717 4844 1970 4915; x_wconf 81' lang='grc' dir='ltr'>οὐδαμῶς</span> 
     </span>
    </p>
   </div>
   <div class='ocr_carea' id='block_1_98' title="bbox 401 4920 1967 5006">
    <p class='ocr_par' dir='ltr' id='par_1_98' title="bbox 401 4920 1967 5006">
     <span class='ocr_line' id='line_1_98' title="bbox 401 4920 1967 5006; baseline 0.01 -32"><span class='ocrx_word' id='word_1_742' title='bbox 401 4920 594 4993; x_wconf 87' lang='grc' dir='ltr'>θνητοῦ</span> <span class='ocrx_word' id='word_1_743' title='bbox 637 4926 960 4998; x_wconf 86' lang='grc' dir='ltr'>τολμήματα</span> <span class='ocrx_word' id='word_1_744' title='bbox 997 4930 1309 4998; x_wconf 71' lang='grc' dir='ltr'>διαφαίνων,</span> <span class='ocrx_word' id='word_1_745' title='bbox 1339 4935 1465 4997; x_wconf 80' lang='grc' dir='ltr'>τοὺς</span> <span class='ocrx_word' id='word_1_746' title='bbox 1507 4935 1730 4999; x_wconf 81' lang='grc' dir='ltr'>πολλοὺς</span> <span class='ocrx_word' id='word_1_747' title='bbox 1761 4936 1848 4990; x_wconf 84' lang='grc' dir='ltr'>διὰ</span> <span class='ocrx_word' id='word_1_748' title='bbox 1879 4955 1967 5006; x_wconf 85' lang='grc' dir='ltr'><strong>φι-</strong></span> 
     </span>
    </p>
   </div>
   <div class='ocr_carea' id='block_1_99' title="bbox 399 5013 1968 5099">
    <p class='ocr_par' dir='ltr' id='par_1_99' title="bbox 399 5013 1968 5099">
     <span class='ocr_line' id='line_1_99' title="bbox 399 5013 1968 5099; baseline 0.011 -32"><span class='ocrx_word' id='word_1_749' title='bbox 399 5013 620 5071; x_wconf 87' lang='grc' dir='ltr'>λαυτίαν</span> <span class='ocrx_word' id='word_1_750' title='bbox 669 5021 767 5090; x_wconf 81' lang='grc' dir='ltr'>τῆς</span> <span class='ocrx_word' id='word_1_751' title='bbox 817 5021 996 5074; x_wconf 79' lang='grc' dir='ltr'>αὐτῶν</span> <span class='ocrx_word' id='word_1_752' title='bbox 1024 5024 1104 5085; x_wconf 84' lang='grc' dir='ltr'>εἰς</span> <span class='ocrx_word' id='word_1_753' title='bbox 1130 5023 1196 5077; x_wconf 88' lang='grc' dir='ltr'>τὰ</span> <span class='ocrx_word' id='word_1_754' title='bbox 1229 5026 1376 5079; x_wconf 89' lang='grc' dir='ltr'>κάτω</span> <span class='ocrx_word' id='word_1_755' title='bbox 1405 5030 1576 5099; x_wconf 78' lang='grc' dir='ltr'>ῥοπῆς</span> <span class='ocrx_word' id='word_1_756' title='bbox 1628 5029 1753 5082; x_wconf 76' lang='grc' dir='ltr'>ἰδεῖν</span> <span class='ocrx_word' id='word_1_757' title='bbox 1805 5031 1968 5084; x_wconf 81' lang='grc' dir='ltr'>αὐτὸν</span> 
     </span>
    </p>
   </div>
   <div class='ocr_carea' id='block_1_100' title="bbox 399 5109 1968 5193">
    <p class='ocr_par' dir='ltr' id='par_1_100' title="bbox 399 5109 1968 5193">
     <span class='ocr_line' id='line_1_100' title="bbox 399 5109 1968 5193; baseline 0.01 -32"><span class='ocrx_word' id='word_1_758' title='bbox 399 5109 495 5179; x_wconf 77' lang='grc' dir='ltr'><strong>οὐχ</strong></span> <span class='ocrx_word' id='word_1_759' title='bbox 517 5110 656 5174; x_wconf 83' lang='grc' dir='ltr'>οἴους</span> <span class='ocrx_word' id='word_1_760' title='bbox 683 5128 742 5164; x_wconf 87' lang='grc' dir='ltr'><strong>τε</strong></span> <span class='ocrx_word' id='word_1_761' title='bbox 762 5112 939 5176; x_wconf 75' lang='grc' dir='ltr'>ὄντας,</span> <span class='ocrx_word' id='word_1_762' title='bbox 967 5116 1031 5167; x_wconf 82' lang='grc' dir='ltr'>ὲκ</span> <span class='ocrx_word' id='word_1_763' title='bbox 1055 5116 1161 5168; x_wconf 79' lang='grc' dir='ltr'><strong>τῶν</strong></span> <span class='ocrx_word' id='word_1_764' title='bbox 1186 5116 1383 5180; x_wconf 79' lang='grc' dir='ltr'>ἔξωθεν</span> <span class='ocrx_word' id='word_1_765' title='bbox 1409 5123 1745 5192; x_wconf 79' lang='grc' dir='ltr'>φαινομένων</span> <span class='ocrx_word' id='word_1_766' title='bbox 1766 5123 1968 5193; x_wconf 77' lang='grc' dir='ltr'>ὁμοίως</span> 
     </span>
    </p>
   </div>
   <div class='ocr_carea' id='block_1_101' title="bbox 399 5202 1968 5278">
    <p class='ocr_par' dir='ltr' id='par_1_101' title="bbox 399 5202 1968 5278">
     <span class='ocr_line' id='line_1_101' title="bbox 399 5202 1968 5278; baseline 0.006 -25"><span class='ocrx_word' id='word_1_767' title='bbox 399 5202 581 5267; x_wconf 77' lang='grc' dir='ltr'>αὐτοῖς</span> <span class='ocrx_word' id='word_1_768' title='bbox 636 5203 913 5275; x_wconf 85' lang='grc' dir='ltr'>θνητοειδῆ</span> <span class='ocrx_word' id='word_1_769' title='bbox 960 5205 1200 5272; x_wconf 78' lang='grc' dir='ltr'>δοξάζειν</span> <span class='ocrx_word' id='word_1_770' title='bbox 1231 5210 1390 5264; x_wconf 81' lang='grc' dir='ltr'>αὑτὸν</span> <span class='ocrx_word' id='word_1_771' title='bbox 1434 5213 1814 5266; x_wconf 60' lang='grc' dir='ltr'>ἀναπέπεικεν</span> <span class='ocrx_word' id='word_1_772' title='bbox 1849 5213 1968 5278; x_wconf 83' lang='grc' dir='ltr'>ἐνὸς</span> 
     </span>
    </p>
   </div>
   <div class='ocr_carea' id='block_1_102' title="bbox 400 5291 1966 5376">
    <p class='ocr_par' dir='ltr' id='par_1_102' title="bbox 400 5291 1966 5376">
     <span class='ocr_line' id='line_1_102' title="bbox 400 5291 1966 5376; baseline 0.007 -30"><span class='ocrx_word' id='word_1_773' title='bbox 400 5291 550 5356; x_wconf 77' lang='grc' dir='ltr'>δντος</span> <span class='ocrx_word' id='word_1_774' title='bbox 580 5293 674 5347; x_wconf 72' lang='grc' dir='ltr'><strong>καὶ</strong></span> <span class='ocrx_word' id='word_1_775' title='bbox 703 5292 892 5347; x_wconf 87' lang='grc' dir='ltr'>τούτου</span> <span class='ocrx_word' id='word_1_776' title='bbox 919 5297 1121 5366; x_wconf 88' lang='grc' dir='ltr'>τρόπου</span> <span class='ocrx_word' id='word_1_777' title='bbox 1147 5302 1246 5370; x_wconf 78' lang='grc' dir='ltr'>τῆς</span> <span class='ocrx_word' id='word_1_778' title='bbox 1277 5301 1339 5352; x_wconf 80' lang='grc' dir='ltr'>ἐκ</span> <span class='ocrx_word' id='word_1_779' title='bbox 1368 5303 1564 5366; x_wconf 86' lang='grc' dir='ltr'>κακίας</span> <span class='ocrx_word' id='word_1_780' title='bbox 1594 5304 1966 5376; x_wconf 87' lang='grc' dir='ltr'>παραμυθίας,</span> 
     </span>
    </p>
   </div>
   <div class='ocr_carea' id='block_1_103' title="bbox 398 5382 1964 5465">
    <p class='ocr_par' dir='ltr' id='par_1_103' title="bbox 398 5382 1964 5465">
     <span class='ocr_line' id='line_1_103' title="bbox 398 5382 1964 5465; baseline 0.008 -29"><span class='ocrx_word' id='word_1_781' title='bbox 398 5382 480 5447; x_wconf 79' lang='grc' dir='ltr'><strong>τό,</strong></span> <span class='ocrx_word' id='word_1_782' title='bbox 508 5387 575 5455; x_wconf 84' lang='grc' dir='ltr'>τῇ</span> <span class='ocrx_word' id='word_1_783' title='bbox 597 5385 947 5439; x_wconf 83' lang='grc' dir='ltr'>ἀντανισὼσει</span> <span class='ocrx_word' id='word_1_784' title='bbox 971 5391 1070 5459; x_wconf 82' lang='grc' dir='ltr'>τῆς</span> <span class='ocrx_word' id='word_1_785' title='bbox 1091 5389 1299 5444; x_wconf 83' lang='grc' dir='ltr'>ἑαυτῶν</span> <span class='ocrx_word' id='word_1_786' title='bbox 1324 5393 1633 5465; x_wconf 85' lang='grc' dir='ltr'>ἀθλιότητος</span> <span class='ocrx_word' id='word_1_787' title='bbox 1652 5395 1739 5450; x_wconf 83' lang='grc' dir='ltr'>διὰ</span> <span class='ocrx_word' id='word_1_788' title='bbox 1758 5397 1825 5450; x_wconf 83' lang='grc' dir='ltr'>τὰ</span> <span class='ocrx_word' id='word_1_789' title='bbox 1838 5395 1964 5460; x_wconf 68' lang='grc' dir='ltr'><strong>ἔξω⁴</strong></span> 
     </span>
    </p>
   </div>
   <div class='ocr_carea' id='block_1_104' title="bbox 404 5471 1966 5553">
    <p class='ocr_par' dir='ltr' id='par_1_104' title="bbox 404 5471 1966 5553">
     <span class='ocr_line' id='line_1_104' title="bbox 404 5471 1966 5553; baseline 0.008 -26"><span class='ocrx_word' id='word_1_790' title='bbox 404 5471 494 5528; x_wconf 84' lang='grc' dir='ltr'><strong>θεν</strong></span> <span class='ocrx_word' id='word_1_791' title='bbox 522 5477 819 5547; x_wconf 83' lang='grc' dir='ltr'>φαινόμενα</span> <span class='ocrx_word' id='word_1_792' title='bbox 850 5484 1454 5553; x_wconf 72' lang='grc' dir='ltr'>προσαναπαυομένους,</span> <span class='ocrx_word' id='word_1_793' title='bbox 1485 5487 1691 5541; x_wconf 87' lang='grc' dir='ltr'>πείθειν</span> <span class='ocrx_word' id='word_1_794' title='bbox 1722 5488 1966 5551; x_wconf 79' lang='grc' dir='ltr'>ἑαυτοὺς,</span> 
     </span>
    </p>
   </div>
   <div class='ocr_carea' id='block_1_105' title="bbox 405 5567 1961 5652">
    <p class='ocr_par' dir='ltr' id='par_1_105' title="bbox 405 5567 1961 5652">
     <span class='ocr_line' id='line_1_105' title="bbox 405 5567 1961 5652; baseline 0.009 -32"><span class='ocrx_word' id='word_1_795' title='bbox 405 5567 486 5621; x_wconf 78' lang='grc' dir='ltr'>ὅτι</span> <span class='ocrx_word' id='word_1_796' title='bbox 511 5567 588 5632; x_wconf 81' lang='grc' dir='ltr'><strong>ὡς</strong></span> <span class='ocrx_word' id='word_1_797' title='bbox 617 5568 686 5623; x_wconf 83' lang='grc' dir='ltr'>τὰ</span> <span class='ocrx_word' id='word_1_798' title='bbox 711 5569 834 5636; x_wconf 77' lang='grc' dir='ltr'>ἔξω,</span> <span class='ocrx_word' id='word_1_799' title='bbox 852 5572 946 5625; x_wconf 58' lang='grc' dir='ltr'><strong>καὶ⁴</strong></span> <span class='ocrx_word' id='word_1_800' title='bbox 967 5572 1037 5626; x_wconf 84' lang='grc' dir='ltr'>τὰ</span> <span class='ocrx_word' id='word_1_801' title='bbox 1065 5573 1195 5627; x_wconf 81' lang='grc' dir='ltr'>εἵσω</span> <span class='ocrx_word' id='word_1_802' title='bbox 1218 5577 1392 5646; x_wconf 80' lang='grc' dir='ltr'>ὅμοιοι</span> <span class='ocrx_word' id='word_1_803' title='bbox 1411 5579 1610 5642; x_wconf 84' lang='grc' dir='ltr'>πάντες</span> <span class='ocrx_word' id='word_1_804' title='bbox 1630 5580 1926 5652; x_wconf 80' lang='grc' dir='ltr'>ἄνθρωποι.</span> <span class='ocrx_word' id='word_1_805' title='bbox 1943 5601 1961 5634; x_wconf 75' lang='grc' dir='ltr'><strong>ι</strong></span> 
     </span>
    </p>
   </div>
   <div class='ocr_carea' id='block_1_106' title="bbox 479 5678 1965 5760">
    <p class='ocr_par' dir='ltr' id='par_1_106' title="bbox 479 5678 1965 5760">
     <span class='ocr_line' id='line_1_106' title="bbox 479 5678 1965 5760; baseline 0.009 -25"><span class='ocrx_word' id='word_1_806' title='bbox 479 5678 1020 5760; x_wconf 49' lang='grc' dir='ltr'>(ϐὖλΚροτωιοιάτης</span> <span class='ocrx_word' id='word_1_807' title='bbox 1069 5688 1345 5760; x_wconf 57' lang='grc' dir='ltr'>φυσικός.</span> <span class='ocrx_word' id='word_1_808' title='bbox 1383 5688 1746 5760; x_wconf 76' lang='lat' dir='ltr'><strong>Pythagoras,</strong></span> <span class='ocrx_word' id='word_1_809' title='bbox 1785 5693 1965 5748; x_wconf 86' lang='lat' dir='ltr'><strong>credo.</strong></span> 
     </span>
    </p>
   </div>
   <div class='ocr_carea' id='block_1_107' title="bbox 409 5744 1969 5822">
    <p class='ocr_par' dir='ltr' id='par_1_107' title="bbox 409 5744 1969 5822">
     <span class='ocr_line' id='line_1_107' title="bbox 409 5744 1969 5822; baseline 0.011 -22"><span class='ocrx_word' id='word_1_810' title='bbox 409 5744 542 5802; x_wconf 81' lang='lat' dir='ltr'><strong>Nam</strong></span> <span class='ocrx_word' id='word_1_811' title='bbox 569 5744 801 5806; x_wconf 81' lang='lat' dir='ltr'><strong>Crotone</strong></span> <span class='ocrx_word' id='word_1_812' title='bbox 833 5744 1172 5820; x_wconf 13' lang='lat' dir='ltr'><strong>potis‘s&#39;ivnt&#39;um</strong></span> <span class='ocrx_word' id='word_1_813' title='bbox 1196 5744 1392 5814; x_wconf 37' lang='lat' dir='ltr'><strong>Itali-ca:</strong></span> <span class='ocrx_word' id='word_1_814' title='bbox 1428 5744 1969 5822; x_wconf 54' lang='lat' dir='ltr'><strong>bnné’sopbihe&#39;sétié;</strong></span> 
     </span>
    </p>
   </div>
   <div class='ocr_carea' id='block_1_108' title="bbox 2070 4557 3637 4637">
    <p class='ocr_par' dir='ltr' id='par_1_108' title="bbox 2070 4557 3637 4637">
     <span class='ocr_line' id='line_1_108' title="bbox 2070 4557 3637 4637; baseline -0.01 -10"><span class='ocrx_word' id='word_1_815' title='bbox 2070 4587 2246 4637; x_wconf 90' lang='lat' dir='ltr'><strong>suam,</strong></span> <span class='ocrx_word' id='word_1_816' title='bbox 2295 4569 2443 4625; x_wconf 81' lang='lat' dir='ltr'><strong>velut</strong></span> <span class='ocrx_word' id='word_1_817' title='bbox 2469 4582 2684 4632; x_wconf 88' lang='lat' dir='ltr'><strong>aurum,</strong></span> <span class='ocrx_word' id='word_1_818' title='bbox 2731 4564 2799 4618; x_wconf 87' lang='lat' dir='ltr'><strong>ah</strong></span> <span class='ocrx_word' id='word_1_819' title='bbox 2843 4561 3156 4618; x_wconf 79' lang='lat' dir='ltr'><strong>circumfusi</strong></span> <span class='ocrx_word' id='word_1_820' title='bbox 3186 4561 3283 4614; x_wconf 91' lang='lat' dir='ltr'><strong>luti</strong></span> <span class='ocrx_word' id='word_1_821' title='bbox 3317 4557 3637 4628; x_wconf 86' lang='lat' dir='ltr'><strong>contagione</strong></span> 
     </span>
    </p>
   </div>
   <div class='ocr_carea' id='block_1_109' title="bbox 2070 4650 3636 4729">
    <p class='ocr_par' dir='ltr' id='par_1_109' title="bbox 2070 4650 3636 4729">
     <span class='ocr_line' id='line_1_109' title="bbox 2070 4650 3636 4729; baseline -0.011 -9"><span class='ocrx_word' id='word_1_822' title='bbox 2070 4673 2336 4720; x_wconf 88' lang='lat' dir='ltr'><strong>secretam</strong></span> <span class='ocrx_word' id='word_1_823' title='bbox 2364 4677 2428 4716; x_wconf 90' lang='lat' dir='ltr'><strong>ac</strong></span> <span class='ocrx_word' id='word_1_824' title='bbox 2453 4658 2754 4729; x_wconf 87' lang='lat' dir='ltr'><strong>sejunctam</strong></span> <span class='ocrx_word' id='word_1_825' title='bbox 2779 4655 3048 4720; x_wconf 85' lang='lat' dir='ltr'><strong>habuerit,</strong></span> <span class='ocrx_word' id='word_1_826' title='bbox 3079 4670 3232 4710; x_wconf 87' lang='lat' dir='ltr'><strong>suam</strong></span> <span class='ocrx_word' id='word_1_827' title='bbox 3251 4668 3345 4722; x_wconf 89' lang='lat' dir='ltr'><strong>per</strong></span> <span class='ocrx_word' id='word_1_828' title='bbox 3375 4666 3494 4705; x_wconf 90' lang='lat' dir='ltr'><strong>sese</strong></span> <span class='ocrx_word' id='word_1_829' title='bbox 3525 4650 3636 4703; x_wconf 81' lang='lat' dir='ltr'><strong>for-</strong></span> 
     </span>
    </p>
   </div>
   <div class='ocr_carea' id='block_1_110' title="bbox 2068 4747 3635 4827">
    <p class='ocr_par' dir='ltr' id='par_1_110' title="bbox 2068 4747 3635 4827">
     <span class='ocr_line' id='line_1_110' title="bbox 2068 4747 3635 4827; baseline -0.01 -15"><span class='ocrx_word' id='word_1_830' title='bbox 2068 4774 2212 4812; x_wconf 88' lang='lat' dir='ltr'><strong>mam</strong></span> <span class='ocrx_word' id='word_1_831' title='bbox 2264 4756 2608 4827; x_wconf 86' lang='lat' dir='ltr'><strong>speciemque</strong></span> <span class='ocrx_word' id='word_1_832' title='bbox 2653 4750 2957 4822; x_wconf 80' lang='lat' dir='ltr'><strong>patefaciet,</strong></span> <span class='ocrx_word' id='word_1_833' title='bbox 2991 4766 3112 4820; x_wconf 79' lang='lat' dir='ltr'><strong>quae</strong></span> <span class='ocrx_word' id='word_1_834' title='bbox 3160 4764 3266 4804; x_wconf 92' lang='lat' dir='ltr'><strong>non</strong></span> <span class='ocrx_word' id='word_1_835' title='bbox 3307 4747 3481 4800; x_wconf 79' lang='lat' dir='ltr'><strong>amnis</strong></span> <span class='ocrx_word' id='word_1_836' title='bbox 3516 4755 3635 4798; x_wconf 88' lang='lat' dir='ltr'><strong>tan—</strong></span> 
     </span>
    </p>
   </div>
   <div class='ocr_carea' id='block_1_111' title="bbox 2071 4839 3636 4909">
    <p class='ocr_par' dir='ltr' id='par_1_111' title="bbox 2071 4839 3636 4909">
     <span class='ocr_line' id='line_1_111' title="bbox 2071 4839 3636 4909; baseline -0.008 -9"><span class='ocrx_word' id='word_1_837' title='bbox 2071 4854 2182 4900; x_wconf 89' lang='lat' dir='ltr'><strong>tum</strong></span> <span class='ocrx_word' id='word_1_838' title='bbox 2217 4844 2329 4899; x_wconf 84' lang='lat' dir='ltr'><strong>Deo</strong></span> <span class='ocrx_word' id='word_1_839' title='bbox 2375 4844 2481 4907; x_wconf 89' lang='lat' dir='ltr'><strong>sit,</strong></span> <span class='ocrx_word' id='word_1_840' title='bbox 2532 4857 2720 4895; x_wconf 82' lang='lat' dir='ltr'><strong>verum</strong></span> <span class='ocrx_word' id='word_1_841' title='bbox 2766 4841 2929 4895; x_wconf 88' lang='lat' dir='ltr'><strong>etiam</strong></span> <span class='ocrx_word' id='word_1_842' title='bbox 2972 4849 3192 4909; x_wconf 86' lang='lat' dir='ltr'><strong>propter</strong></span> <span class='ocrx_word' id='word_1_843' title='bbox 3234 4839 3372 4891; x_wconf 88' lang='lat' dir='ltr'><strong>hanc</strong></span> <span class='ocrx_word' id='word_1_844' title='bbox 3411 4851 3531 4890; x_wconf 89' lang='lat' dir='ltr'><strong>cum</strong></span> <span class='ocrx_word' id='word_1_845' title='bbox 3569 4848 3636 4888; x_wconf 89' lang='lat' dir='ltr'><strong>eo</strong></span> 
     </span>
    </p>
   </div>
   <div class='ocr_carea' id='block_1_112' title="bbox 2069 4927 3635 5004">
    <p class='ocr_par' dir='ltr' id='par_1_112' title="bbox 2069 4927 3635 5004">
     <span class='ocr_line' id='line_1_112' title="bbox 2069 4927 3635 5004; baseline -0.009 -11"><span class='ocrx_word' id='word_1_846' title='bbox 2069 4937 2529 5000; x_wconf 88' lang='lat' dir='ltr'><strong>communionem,</strong></span> <span class='ocrx_word' id='word_1_847' title='bbox 2571 4944 2626 4990; x_wconf 91' lang='lat' dir='ltr'><strong>et</strong></span> <span class='ocrx_word' id='word_1_848' title='bbox 2665 4933 2858 5004; x_wconf 88' lang='lat' dir='ltr'><strong>agendi</strong></span> <span class='ocrx_word' id='word_1_849' title='bbox 2908 4933 3172 4986; x_wconf 88' lang='lat' dir='ltr'><strong>rationem</strong></span> <span class='ocrx_word' id='word_1_850' title='bbox 3215 4932 3264 4986; x_wconf 92' lang='lat' dir='ltr'><strong>ei</strong></span> <span class='ocrx_word' id='word_1_851' title='bbox 3307 4927 3635 4999; x_wconf 84' lang='lat' dir='ltr'><strong>persimilem</strong></span> 
     </span>
    </p>
   </div>
   <div class='ocr_carea' id='block_1_113' title="bbox 2069 5019 3633 5095">
    <p class='ocr_par' dir='ltr' id='par_1_113' title="bbox 2069 5019 3633 5095">
     <span class='ocr_line' id='line_1_113' title="bbox 2069 5019 3633 5095; baseline -0.008 -12"><span class='ocrx_word' id='word_1_852' title='bbox 2069 5029 2248 5083; x_wconf 88' lang='lat' dir='ltr'><strong>adhuc</strong></span> <span class='ocrx_word' id='word_1_853' title='bbox 2272 5029 2520 5093; x_wconf 89' lang='lat' dir='ltr'><strong>retineat,</strong></span> <span class='ocrx_word' id='word_1_854' title='bbox 2555 5036 2610 5082; x_wconf 88' lang='lat' dir='ltr'><strong>et</strong></span> <span class='ocrx_word' id='word_1_855' title='bbox 2637 5043 2784 5090; x_wconf 72' lang='lat' dir='ltr'><strong>vero,</strong></span> <span class='ocrx_word' id='word_1_856' title='bbox 2823 5040 2929 5095; x_wconf 87' lang='lat' dir='ltr'><strong>qua</strong></span> <span class='ocrx_word' id='word_1_857' title='bbox 2956 5024 3038 5078; x_wconf 92' lang='lat' dir='ltr'><strong>sui</strong></span> <span class='ocrx_word' id='word_1_858' title='bbox 3068 5031 3217 5092; x_wconf 90' lang='lat' dir='ltr'><strong>parte</strong></span> <span class='ocrx_word' id='word_1_859' title='bbox 3261 5019 3504 5074; x_wconf 88' lang='lat' dir='ltr'><strong>mortalis</strong></span> <span class='ocrx_word' id='word_1_860' title='bbox 3530 5027 3633 5079; x_wconf 86' lang='lat' dir='ltr'><strong>est,</strong></span> 
     </span>
    </p>
   </div>
   <div class='ocr_carea' id='block_1_114' title="bbox 2069 5109 3637 5183">
    <p class='ocr_par' dir='ltr' id='par_1_114' title="bbox 2069 5109 3637 5183">
     <span class='ocr_line' id='line_1_114' title="bbox 2069 5109 3637 5183; baseline -0.008 -10"><span class='ocrx_word' id='word_1_861' title='bbox 2069 5130 2128 5173; x_wconf 91' lang='lat' dir='ltr'><strong>ut</strong></span> <span class='ocrx_word' id='word_1_862' title='bbox 2154 5133 2285 5172; x_wconf 89' lang='lat' dir='ltr'><strong>sane</strong></span> <span class='ocrx_word' id='word_1_863' title='bbox 2311 5127 2414 5183; x_wconf 83' lang='lat' dir='ltr'><strong>est,</strong></span> <span class='ocrx_word' id='word_1_864' title='bbox 2449 5119 2578 5172; x_wconf 91' lang='lat' dir='ltr'><strong>dum</strong></span> <span class='ocrx_word' id='word_1_865' title='bbox 2610 5117 2822 5170; x_wconf 90' lang='lat' dir='ltr'><strong>mortali</strong></span> <span class='ocrx_word' id='word_1_866' title='bbox 2871 5129 3098 5182; x_wconf 91' lang='lat' dir='ltr'><strong>corpore</strong></span> <span class='ocrx_word' id='word_1_867' title='bbox 3144 5110 3384 5166; x_wconf 85' lang='lat' dir='ltr'><strong>inclusus</strong></span> <span class='ocrx_word' id='word_1_868' title='bbox 3410 5109 3637 5164; x_wconf 89' lang='lat' dir='ltr'><strong>constri-</strong></span> 
     </span>
    </p>
   </div>
   <div class='ocr_carea' id='block_1_115' title="bbox 2069 5201 3633 5279">
    <p class='ocr_par' dir='ltr' id='par_1_115' title="bbox 2069 5201 3633 5279">
     <span class='ocr_line' id='line_1_115' title="bbox 2069 5201 3633 5279; baseline -0.006 -15"><span class='ocrx_word' id='word_1_869' title='bbox 2069 5219 2298 5279; x_wconf 90' lang='lat' dir='ltr'><strong>ctusque</strong></span> <span class='ocrx_word' id='word_1_870' title='bbox 2329 5217 2544 5271; x_wconf 86' lang='lat' dir='ltr'><strong>manet,</strong></span> <span class='ocrx_word' id='word_1_871' title='bbox 2593 5223 2657 5261; x_wconf 93' lang='lat' dir='ltr'><strong>eo</strong></span> <span class='ocrx_word' id='word_1_872' title='bbox 2685 5215 2893 5260; x_wconf 88' lang='lat' dir='ltr'><strong>tantum</strong></span> <span class='ocrx_word' id='word_1_873' title='bbox 2941 5220 3048 5258; x_wconf 89' lang='lat' dir='ltr'><strong>non</strong></span> <span class='ocrx_word' id='word_1_874' title='bbox 3097 5203 3456 5265; x_wconf 89' lang='lat' dir='ltr'><strong>dissolvatur,</strong></span> <span class='ocrx_word' id='word_1_875' title='bbox 3487 5201 3633 5270; x_wconf 91' lang='lat' dir='ltr'><strong>quod</strong></span> 
     </span>
    </p>
   </div>
   <div class='ocr_carea' id='block_1_116' title="bbox 2068 5291 3633 5371">
    <p class='ocr_par' dir='ltr' id='par_1_116' title="bbox 2068 5291 3633 5371">
     <span class='ocr_line' id='line_1_116' title="bbox 2068 5291 3633 5371; baseline -0.008 -14"><span class='ocrx_word' id='word_1_876' title='bbox 2068 5303 2186 5371; x_wconf 88' lang='lat' dir='ltr'><strong>ejus</strong></span> <span class='ocrx_word' id='word_1_877' title='bbox 2236 5310 2444 5355; x_wconf 82' lang='lat' dir='ltr'><strong>naturae</strong></span> <span class='ocrx_word' id='word_1_878' title='bbox 2481 5299 2571 5364; x_wconf 73' lang='lat' dir='ltr'><strong>sit,</strong></span> <span class='ocrx_word' id='word_1_879' title='bbox 2602 5315 2722 5367; x_wconf 81' lang='lat' dir='ltr'><strong>quae</strong></span> <span class='ocrx_word' id='word_1_880' title='bbox 2751 5298 2956 5351; x_wconf 88' lang='lat' dir='ltr'><strong>nullam</strong></span> <span class='ocrx_word' id='word_1_881' title='bbox 2996 5293 3397 5364; x_wconf 89' lang='lat' dir='ltr'><strong>corruptionem</strong></span> <span class='ocrx_word' id='word_1_882' title='bbox 3444 5291 3633 5345; x_wconf 89' lang='lat' dir='ltr'><strong>interi-</strong></span> 
     </span>
    </p>
   </div>
   <div class='ocr_carea' id='block_1_117' title="bbox 2070 5383 3634 5462">
    <p class='ocr_par' dir='ltr' id='par_1_117' title="bbox 2070 5383 3634 5462">
     <span class='ocr_line' id='line_1_117' title="bbox 2070 5383 3634 5462; baseline -0.006 -14"><span class='ocrx_word' id='word_1_883' title='bbox 2070 5403 2295 5462; x_wconf 88' lang='lat' dir='ltr'><strong>tumque</strong></span> <span class='ocrx_word' id='word_1_884' title='bbox 2311 5391 2547 5461; x_wconf 88' lang='lat' dir='ltr'><strong>patiatur</strong></span> <span class='ocrx_word' id='word_1_885' title='bbox 2560 5390 2609 5442; x_wconf 66' lang='lat'><strong>?»</strong></span> <span class='ocrx_word' id='word_1_886' title='bbox 2636 5389 2832 5443; x_wconf 89' lang='lat' dir='ltr'><strong>Deinde</strong></span> <span class='ocrx_word' id='word_1_887' title='bbox 2849 5385 3421 5458; x_wconf 71' lang='lat' dir='ltr'><strong>progressuslulterius,</strong></span> <span class='ocrx_word' id='word_1_888' title='bbox 3433 5404 3450 5434; x_wconf 73' lang='grc' dir='ltr'><strong>ι</strong></span> <span class='ocrx_word' id='word_1_889' title='bbox 3463 5383 3634 5450; x_wconf 84' lang='lat' dir='ltr'><strong>Idem,</strong></span> 
     </span>
    </p>
   </div>
   <div class='ocr_carea' id='block_1_118' title="bbox 2072 5475 3634 5552">
    <p class='ocr_par' dir='ltr' id='par_1_118' title="bbox 2072 5475 3634 5552">
     <span class='ocr_line' id='line_1_118' title="bbox 2072 5475 3634 5552; baseline -0.005 -16"><span class='ocrx_word' id='word_1_890' title='bbox 2072 5483 2270 5552; x_wconf 88' lang='lat' dir='ltr'><strong>inquit,</strong></span> <span class='ocrx_word' id='word_1_891' title='bbox 2299 5491 2578 5550; x_wconf 83' lang='lat' dir='ltr'><strong>praeterea,</strong></span> <span class='ocrx_word' id='word_1_892' title='bbox 2625 5478 2702 5532; x_wconf 90' lang='lat' dir='ltr'><strong>uti</strong></span> <span class='ocrx_word' id='word_1_893' title='bbox 2733 5495 2796 5532; x_wconf 84' lang='lat' dir='ltr'><strong>ex</strong></span> <span class='ocrx_word' id='word_1_894' title='bbox 2818 5495 2915 5533; x_wconf 89' lang='lat' dir='ltr'><strong>sua</strong></span> <span class='ocrx_word' id='word_1_895' title='bbox 2947 5494 3069 5532; x_wconf 86' lang='lat' dir='ltr'><strong>eum</strong></span> <span class='ocrx_word' id='word_1_896' title='bbox 3099 5493 3164 5532; x_wconf 92' lang='lat' dir='ltr'><strong>eo</strong></span> <span class='ocrx_word' id='word_1_897' title='bbox 3189 5477 3281 5546; x_wconf 93' lang='lat' dir='ltr'><strong>qui</strong></span> <span class='ocrx_word' id='word_1_898' title='bbox 3307 5485 3459 5544; x_wconf 89' lang='lat' dir='ltr'><strong>parte</strong></span> <span class='ocrx_word' id='word_1_899' title='bbox 3485 5475 3634 5528; x_wconf 92' lang='lat' dir='ltr'><strong>omni</strong></span> 
     </span>
    </p>
   </div>
   <div class='ocr_carea' id='block_1_119' title="bbox 2071 5568 3630 5638">
    <p class='ocr_par' dir='ltr' id='par_1_119' title="bbox 2071 5568 3630 5638">
     <span class='ocr_line' id='line_1_119' title="bbox 2071 5568 3630 5638; baseline -0.006 -8"><span class='ocrx_word' id='word_1_900' title='bbox 2071 5585 2239 5638; x_wconf 89' lang='lat' dir='ltr'><strong>caret,</strong></span> <span class='ocrx_word' id='word_1_901' title='bbox 2272 5571 2645 5633; x_wconf 82' lang='lat' dir='ltr'><strong>similitudine,</strong></span> <span class='ocrx_word' id='word_1_902' title='bbox 2693 5570 2913 5624; x_wconf 85' lang='lat' dir='ltr'><strong>divinus</strong></span> <span class='ocrx_word' id='word_1_903' title='bbox 2962 5570 3155 5622; x_wconf 90' lang='lat' dir='ltr'><strong>merito</strong></span> <span class='ocrx_word' id='word_1_904' title='bbox 3193 5568 3361 5623; x_wconf 81' lang='lat' dir='ltr'><strong>videri</strong></span> <span class='ocrx_word' id='word_1_905' title='bbox 3406 5577 3580 5638; x_wconf 90' lang='lat' dir='ltr'><strong>potest</strong></span> <span class='ocrx_word' id='word_1_906' title='bbox 3616 5584 3630 5621; x_wconf 89' lang='lat'><strong>:</strong></span> 
     </span>
    </p>
   </div>
   <div class='ocr_carea' id='block_1_120' title="bbox 2070 5680 3631 5749">
    <p class='ocr_par' dir='ltr' id='par_1_120' title="bbox 2070 5680 3631 5749">
     <span class='ocr_line' id='line_1_120' title="bbox 2070 5680 3631 5749; baseline 0.001 -8"><span class='ocrx_word' id='word_1_907' title='bbox 2070 5687 2200 5745; x_wconf 91' lang='lat' dir='ltr'><strong>lam,</strong></span> <span class='ocrx_word' id='word_1_908' title='bbox 2237 5692 2294 5736; x_wconf 90' lang='lat' dir='ltr'><strong>ut</strong></span> <span class='ocrx_word' id='word_1_909' title='bbox 2338 5689 2570 5742; x_wconf 88' lang='lat' dir='ltr'><strong>constat,</strong></span> <span class='ocrx_word' id='word_1_910' title='bbox 2599 5680 2828 5748; x_wconf 83' lang='lat' dir='ltr'><strong>aperuit,</strong></span> <span class='ocrx_word' id='word_1_911' title='bbox 2861 5692 2915 5734; x_wconf 88' lang='lat' dir='ltr'><strong>et</strong></span> <span class='ocrx_word' id='word_1_912' title='bbox 2948 5695 3042 5749; x_wconf 85' lang='lat' dir='ltr'><strong>pro</strong></span> <span class='ocrx_word' id='word_1_913' title='bbox 3071 5681 3376 5738; x_wconf 86' lang='lat' dir='ltr'><strong>animorum</strong></span> <span class='ocrx_word' id='word_1_914' title='bbox 3411 5686 3631 5742; x_wconf 82' lang='lat' dir='ltr'><strong>immor-</strong></span> 
     </span>
    </p>
   </div>
   <div class='ocr_carea' id='block_1_121' title="bbox 2071 5751 3184 5820">
    <p class='ocr_par' dir='ltr' id='par_1_121' title="bbox 2071 5751 3184 5820">
     <span class='ocr_line' id='line_1_121' title="bbox 2071 5751 3184 5820; baseline -0.004 -10"><span class='ocrx_word' id='word_1_915' title='bbox 2071 5756 2279 5810; x_wconf 82' lang='lat' dir='ltr'><strong>talitate</strong></span> <span class='ocrx_word' id='word_1_916' title='bbox 2312 5751 2552 5808; x_wconf 87' lang='lat' dir='ltr'><strong>studiose</strong></span> <span class='ocrx_word' id='word_1_917' title='bbox 2579 5751 2883 5820; x_wconf 82' lang='lat' dir='ltr'><strong>acriterque</strong></span> <span class='ocrx_word' id='word_1_918' title='bbox 2912 5752 3184 5820; x_wconf 85' lang='lat' dir='ltr'><strong>pugnavit.</strong></span> 
     </span>
    </p>
   </div>
  </div>
