4156 6406
530 327 631 384 927
1193 328 1461 383 ΕΓΞΕΒΙῘ
1493 330 1967 387 CAZSARIENSIS
1998 334 2144 387 UPP.
2186 332 2366 387 PARS
2397 332 2460 386 ll.
2493 363 2562 372 —-
2593 332 3092 389 APOLOGETICA.
3675 332 3780 386 9‘23

529 444 625 510 ita,
653 455 920 516 quatenus
946 448 1228 501 mortalem
1258 448 1323 501 ad
1354 458 1602 503 naturam
1629 450 1858 513 accedit,
1892 460 2065 504 morta

2171 503 2175 512 _
2203 450 2418 504 Τούτων
2446 450 2701 503 ἀπάντων
2729 449 3045 511 διδάσκαλος
3075 446 3287 518 πέφηνε
3327 444 3564 514 γεγονὼς
3591 446 3619 497 ὁ
3654 447 3784 499 Μωα-

528 535 597 590 lis
628 537 948 591 existimari.
989 536 1277 593 Descendit
1305 538 1445 593 idem
1476 555 1540 595 ac
1568 541 1806 595 vicissim
1831 542 2068 596 ascendit

2203 543 2356 614 ὓσῆς,
2390 543 2470 606 ὃς,
2491 542 2699 607 διεξιὼν
2745 543 2845 613 τὴν
2892 540 3116 612 πρώτην
3157 537 3597 608 ἀνθρωπογονίαν
3641 538 3781 592 κατὰ

525 628 848 683 mortalibus
881 628 1044 682 simul
1091 639 1146 683 ct
1190 631 1589 686 inmortalibus
1632 632 1848 688 similis.
1886 632 2068 687 Etenin

2198 632 2299 698 τὰς
2340 633 2695 703 προτεθείσας
2737 634 2932 698 λέξεις,
2964 632 3052 685 διὰ
3094 632 3188 701 τῆς
3223 628 3361 701 πρὸς
3404 628 3466 682 τὸ
3505 627 3661 680 Θεῖον
3692 627 3781 693 ἐξ-

524 719 690 772 homo
717 727 819 784 est,
855 719 948 788 qui
995 718 1196 775 farcire
1240 730 1507 789 ventrem,
1542 723 1634 793 qui
1679 723 1907 793 jumenti
1949 739 2065 777 mor

2197 722 2528 795 ομοιώσεως,
2556 724 2683 788 τοὺς
2709 725 2838 794 περὶ
2879 723 3059 795 ψυχῆς
3083 721 3382 783 ἀθανασίας
3426 720 3618 787 λόγους
3657 721 3778 772 ὲπι-

521 806 789 862 abdomen
824 817 1074 863 saturare
1123 811 1415 865 contendat
1464 831 1478 866 :
1523 814 1687 867 homo
1717 814 1844 867 item
1868 822 1972 879 est,
2002 829 2068 883 qu

2200 814 2460 869 στὼσατο.
2509 815 2647 868 Ἀλλ’
2695 815 2882 887 ἐπειδὴ
2923 814 2991 868 τὰ
3039 813 3168 884 περὶ
3209 812 3309 881 τῆς
3341 810 3632 881 ἀσωμάτου
3681 812 3776 865 καὶ

520 899 699 953 medio
735 901 788 954 in
820 902 980 964 mari,
1015 910 1131 957 arte
1158 911 1322 973 atque
1354 904 1620 959 industria
1648 904 1919 976 naufragii
1952 906 2097 975 peri-

517 991 658 1045 culis
686 992 865 1046 navim
897 995 1108 1062 eri'pere
1128 1037 1142 1062 ,
1174 996 1267 1065 qui
1294 995 1431 1050 alios
1462 995 1692 1052 liberare
1722 998 1930 1052 morbis
1950 1038 1965 1064 ,
1999 997 2093 1067 qui

515 1097 566 1141 et
597 1102 783 1142 verum
816 1091 1146 1160 perspicere,
1185 1102 1239 1147 et
1262 1094 1503 1163 ejusdem
1536 1092 1898 1162 cognoscendi
1924 1092 2092 1147 ratio-

514 1193 638 1233 nem
667 1179 790 1233 aliis
816 1181 1070 1251 viamque
1099 1184 1335 1247 munire,
1382 1183 1477 1253 qui
1525 1192 1579 1238 et
1624 1182 1910 1252 igniarium
1940 1198 2089 1253 repe-

512 1270 643 1334 rire,
678 1280 732 1325 et
770 1272 1115 1345 horologium
1165 1276 1404 1346 signare,
1450 1277 1676 1345 ipsaque
1716 1274 1851 1329 adeo
1890 1275 2089 1329 summi

511 1358 740 1416 artiﬁcis
776 1377 939 1428 opera
974 1367 1220 1418 aemulari
1248 1367 1439 1435 possit.
1495 1365 1706 1434 Quippe
1751 1365 1913 1420 homo
1941 1366 2087 1420 enim

510 1458 718 1519 septem
756 1452 974 1507 illorum
1004 1456 1244 1509 Siderum
1292 1472 1595 1513 concursus
1619 1466 1673 1512 et
1701 1455 2087 1512 conversiones

508 1549 625 1593 arte
649 1547 1075 1611 repraesentavit,
1102 1548 1369 1603 machinis
1394 1548 1718 1617 quibusdam
1741 1563 1830 1602 res
1842 1546 2086 1601 ccelestes

508 1629 772 1685 imitatus.
802 1632 1007 1705 Ecquid
1026 1651 1151 1690 vero
1181 1653 1289 1691 nor:
1314 1640 1663 1710 excogitavit,
1696 1653 1807 1708 quo
1848 1644 2083 1690 mentem

508 1722 656 1776 illam
684 1739 839 1777 suam
868 1734 922 1780 et
942 1726 1203 1793 divinam,
1243 1739 1298 1784 et
1324 1728 1434 1784 Deo
1455 1730 1784 1800 persimilem
1827 1727 2084 1783 ostende-

506 1812 623 1868 ret?
674 1814 887 1881 Quibus
935 1818 1025 1872 ille
1066 1819 1228 1875 rebus
1275 1837 1398 1876 cum
1425 1823 1698 1877 caelestem
1728 1821 1913 1890 plane,
1943 1817 2082 1873 divi-

2196 907 2431 976 ἀφανοῦς
2476 906 2664 971 οὐσίας
2709 905 2974 977 σύμφωνα
3014 906 3106 958 καὶ
3152 903 3380 975 ὀμόδοξα
3419 904 3643 957 Μωῡσεῖ
3678 903 3777 957 καὶ

2195 998 2440 1052 Πλάτωνι
2471 998 2723 1069 συνέστη,
2749 996 2866 1069 ὥρα
2906 997 3002 1050 καὶ
3031 995 3101 1050 τὰ
3126 996 3287 1049 λοιπὰ
3316 996 3454 1067 μέρη
3478 995 3579 1066 τῆς
3632 998 3774 1052 κατὰ

2194 1089 2456 1143 Πλάτωνα
2484 1089 2796 1159 φιλοσοφίας
2821 1088 3216 1159 ὲπιΘεωρῆσαι,
3251 1084 3420 1150 δεῖξαί
3449 1104 3510 1140 τε
3549 1086 3642 1140 τὸν
3673 1088 3768 1142 ἀν-

2190 1182 2290 1253 δρα
2332 1181 2603 1253 Ἑϐραίοις
2632 1179 2777 1234 κατά
2810 1181 2986 1235 πάντα
3019 1178 3199 1248 φίλον’
3234 1178 3391 1241 ἐκτὸς
3425 1179 3474 1230 εί
3537 1179 3610 1248 μή
3662 1194 3772 1233 που

2190 1274 2589 1345 παρατραπεὶς,
2630 1270 3111 1345 ἀνθρωπινώτερον
3159 1270 3191 1342 ἢ
3249 1270 3390 1323 κατὰ
3451 1270 3543 1324 τὸν
3588 1270 3766 1345 ἀληθῆ

2190 1367 2355 1437 φάναι
2387 1383 2441 1420 τι
2473 1365 2721 1438 προήχθη
2758 1366 2933 1435 λόγον.
2964 1364 3169 1418 Αὐτίκα
3200 1363 3309 1418 τῶν
3337 1364 3638 1435 εἰρημένων
3663 1365 3768 1418 ὅσα

2192 1457 2290 1527 μὲν
2323 1454 2592 1525 ἐπιτυχῶς
2636 1455 2882 1509 λέλεκται
2915 1454 2995 1526 τῷ
3023 1456 3199 1527 ἀνδρὶ,
3234 1455 3515 1527 συντρέχοι
3552 1454 3619 1509 ἂν
3653 1458 3768 1520 τοῖς

2187 1548 2411 1601 Μωῦσεϊ
2440 1546 2813 1616 δεδογμένοιςο
2849 1546 2949 1598 ὃσα
2991 1546 3049 1598 δὲ
3088 1545 3162 1616 μὴ
3205 1545 3509 1617 ἀρέσκοντα
3542 1546 3772 1600 Mulio-si

2188 1635 2412 1699 καὶτοῖς
2436 1636 2741 1707 προφήταις
2771 1624 3175 1702 ὑπέλαϐεν,ὀύκ
3204 1636 3271 1690 ἂν
3305 1637 3418 1707 ἔχοι
3458 1637 3768 1692 συνεστῶτα

2185 1725 2278 1778 τὸν
2319 1725 2495 1794 λόγον.
2536 1726 2706 1780 Τοῦτο
2738 1727 2783 1781 δ’
2817 1730 2948 1799 ἡμῖν
2979 1732 3038 1783 ὲν
3064 1728 3241 1799 καιρῷ
3265 1727 3344 1799 τῷ
3375 1729 3548 1782 δέοντι
3588 1746 3768 1801 παρα-

2188 1818 2465 1889 στήσεται.
2510 1818 2659 1881 Τέως
2700 1819 2746 1873 δ’
2775 1820 2897 1873 ἐπεὶ
2932 1821 3256 1892 πεφώραται
3296 1823 3355 1875 ὲν
3381 1824 3448 1892 τῇ
3489 1822 3618 1893 περὶ
3655 1821 3769 1876 τῶν

505 1920 766 1975 numque,
810 1922 912 1963 nec
953 1910 1223 1967 ullatenus
1256 1914 1542 1968 mortalem
1595 1913 1857 1982 impetum
1917 1922 2068 1978 atque

2184 1909 2388 1981 νοητῶν
2437 1909 2700 1981 ἐποπτεία
2757 1910 2967 1982 συνῳδὰ
3023 1912 3118 1966 καὶ
3177 1912 3442 1982 σύμφωνα
3479 1913 3548 1966 τά
3590 1913 3769 1966 τεθει-

504 1996 828 2053 industriam
851 2013 1514 2074 exercret,vu‘gotamen,
1540 2004 1687 2074 quod
1726 2002 1803 2057 uti
1842 2001 2068 2056 nimium

2188 1999 2344 2071 μένα,
2375 1999 2513 2072 ὥρα,
2548 2000 2869 2055 ἐπελθοῦσιν
2898 1999 3057 2067 αὖθις
3093 2004 3185 2056 ἐπὶ
3219 2003 3319 2075 τὴν
3347 2004 3456 2057 τῶν
3491 2005 3767 2076 αἰσθητῶν

501 2100 658 2142 suam
690 2090 838 2146 illam
863 2093 917 2147 in
947 2108 1036 2147 res
1060 2094 1344 2150 inferiores
1368 2095 1780 2149 inclinationem
1805 2081 1972 2158 amat,
2005 2092 2068 2146 ita

2186 2090 2551 2160 φυσιολογίαν,
2591 2093 2647 2145 ὲν
2676 2092 2898 2164 βραχέσι
2937 2092 3036 2164 τὴν
3070 2094 3204 2166 πρὸς
3231 2094 3300 2148 τὰ
3340 2094 3605 2166 Ἐϐραίων
3637 2098 3763 2150 ἑπι-

503 2178 685 2236 minus
727 2197 854 2237 eum
898 2184 1096 2238 intueri
1128 2186 1321 2253 possit,
1362 2186 1526 2239 rebus
1556 2184 1663 2239 illis
1686 2199 1809 2253 qua:
1833 2183 2068 2237 omnium

2185 2179 2412 2251 δραμεῖν
2442 2179 2535 2235 τοῦ
2563 2180 2767 2253 ἀνδρὸς
2788 2182 3123 2252 συμφωνίαν.

501 2270 555 2325 in
599 2281 877 2340 aspectum
925 2274 1149 2341 cadunt,
1197 2273 1353 2329 facile
1405 2274 1716 2344 persuasit,
1782 2283 1844 2327 ut
1887 2272 2039 2327 illum
2101 2272 2156 2325 in
2195 2272 2381 2326 eadem
2427 2274 2544 2342 ipse
2593 2287 2778 2327 secum
2836 2274 3373 2345 mortaliumclasse
3422 2284 3704 2347 reponeret
3739 2320 3759 2344 ,

497 2366 796 2434 praesrtim
826 2382 951 2422 cum
994 2368 1119 2423 inde
1147 2364 1385 2438 quoque,
1455 2369 1560 2423 hoc
1623 2376 1884 2438 tanquam
1931 2365 2153 2436 aliquod
2191 2365 2555 2435 improbitatis
2604 2380 2718 2420 sua:
2766 2367 3017 2423 solatium
3062 2368 3278 2436 habeat,
3327 2378 3388 2424 ut
3415 2370 3544 2424 dum
3574 2370 3629 2424 in
3667 2371 3760 2426 illa

496 2473 664 2529 quam
723 2461 827 2515 sibi
859 2477 926 2516 ex
967 2477 1150 2517 rerum
1195 2464 1525 2518 exteriorum
1568 2464 1751 2533 specie
1790 2462 1974 2533 ﬁngit,
2036 2476 2150 2516 sua:
2184 2474 2307 2515 cum
2338 2460 2460 2515 aliis
2489 2460 2725 2516 miseriae
2759 2462 3149 2517 communione
3174 2462 3494 2532 acquiescit,
3532 2472 3763 2519 cunctos

497 2549 746 2609 homines
798 2563 907 2609 tam
977 2555 1310 2610 intrinsecus
1357 2569 1521 2624 quam
1571 2555 1913 2609 extrinsecus
1963 2551 2100 2607 alios
2173 2551 2295 2605 aliis
2343 2551 2549 2607 similes
2613 2553 2927 2607 arbitretur.
2962 2571 2982 2604 ι
3037 2551 3161 2608 Haec
3196 2552 3548 2625 Porphyrius.
3595 2552 3760 2624 557

495 2641 741 2708 Quorum
791 2645 1035 2699 omnium
1081 2645 1359 2700 doctorem
1405 2660 1469 2700 ac
1516 2644 1839 2714 magistrum
1898 2639 2101 2696 Moscin
2141 2637 2309 2695 fuisse
2358 2647 2588 2706 constat,
2640 2642 2735 2711 qui
2781 2641 2963 2696 verbis
3014 2652 3138 2698 ante
3183 2642 3420 2699 laudatis
3483 2658 3606 2698 cum
3637 2644 3763 2714 pri-

494 2752 641 2792 mam
673 2734 820 2793 illam
861 2738 1146 2793 hominum
1176 2739 1513 2794 molitionem
1573 2736 1859 2809 exposuit,
1886 2751 1952 2791 ea
2014 2748 2138 2789 cum
2178 2732 2290 2789 Deo
2319 2732 2672 2790 similitudine
2716 2735 3144 2792 immortalitatis
3191 2738 3361 2792 animi
3410 2737 3568 2793 ﬁdem
3602 2736 3751 2796 fecit.

495 2834 601 2890 Sed
628 2835 886 2904 quoniam
913 2836 1180 2904 ejusmodi
1209 2845 1293 2891 est
1318 2837 1369 2889 in
1395 2834 1793 2890 constituendis
1856 2832 2222 2901 incorporeas,
2287 2843 2619 2899 sensumque
2670 2829 2930 2902 fugientis
2963 2842 3174 2889 naturae
3240 2834 3566 2899 rationibus,
3627 2832 3751 2890 Mo—

492 2937 604 2978 sem
651 2925 791 2979 inter
826 2923 1217 2995 Platonemque
1262 2927 1600 2980 consensio:
1635 2923 1878 2994 reliquas
1940 2921 2195 2990 deinceps
2255 2918 2552 2976 Platonica:
2596 2921 2957 2993 philosophia
3010 2933 3190 2987 partes
3242 2925 3548 2992 videamus,
3583 2941 3749 2982 eum-

489 3014 725 3086 demque
758 3015 1111 3073 Hebraeorum
1164 3020 1219 3073 in
1263 3020 1521 3075 omnibus
1593 3030 1868 3074 amantem
1928 3032 1994 3072 ac
2034 3015 2343 3072 studiosum
2387 3014 2559 3071 fuisse
2610 3018 2998 3087 ostendamus,
3049 3019 3154 3074 nisi
3209 3021 3384 3075 sicubi
3431 3021 3561 3077 dum
3630 3022 3757 3092 plus

491 3110 732 3166 humano
762 3113 969 3181 sensui,
1018 3129 1182 3184 quam
1212 3110 1422 3168 ferebat
1448 3128 1730 3168 sacrarum
1760 3112 2065 3167 litterarum
2104 3109 2306 3166 veritas
2339 3109 2660 3180 indulgeret,
2709 3113 2923 3184 longius
2985 3114 3274 3170 exerravit.
3318 3114 3375 3171 Id
3399 3132 3531 3172 sane
3559 3117 3751 3187 liquet,

489 3205 803 3277 ubicunque
826 3223 1016 3262 verum
1064 3207 1294 3262 feliciter
1326 3208 1529 3278 attigit,
1561 3207 1727 3263 Mosis
1777 3222 1901 3262 eum
1939 3204 2185 3275 vestigiis
2245 3204 2533 3271 institisse,
2596 3208 2869 3275 eumdem,
2926 3210 3141 3278 quoties
3169 3225 3198 3263 a
3224 3209 3392 3267 Mosis
3422 3228 3485 3266 ac
3513 3224 3751 3282 propneo

487 3302 668 3351 tarum
731 3308 933 3361 mente,
991 3298 1269 3365 discessit,
1314 3301 1477 3353 toties
1518 3298 1838 3352 disserendo
1891 3311 1954 3351 ac
2023 3293 2400 3349 ratiocinando
2449 3293 2733 3351 titubasse.
2787 3302 2965 3365 Atque
3012 3297 3065 3351 id
3110 3312 3210 3352 suo
3249 3312 3277 3350 a
3320 3298 3478 3353 nobis
3506 3300 3625 3353 loco
3653 3303 3751 3355 de-

486 3387 905 3444 monstrabitur.
963 3387 1195 3453 Interea,
1221 3389 1444 3459 quando
1470 3402 1595 3443 cum
1648 3387 1757 3442 illis
1816 3389 1871 3439 in
1933 3384 2260 3455 spiritalium
2306 3394 2627 3439 naturarum
2676 3386 3003 3440 tractatione
3048 3387 3375 3440 cohaerenter
3435 3388 3747 3456 loquentem

487 3480 825 3545 audivimus;
870 3491 1152 3551 sequitur,
1203 3490 1264 3536 ut
1309 3482 1375 3536 ad
1425 3495 1614 3535 earum
1666 3495 1789 3550 quae
1850 3478 2106 3534 sensibus
2161 3486 2498 3547 usurpentur
2549 3476 2946 3548 physiOIOgiam
2998 3484 3376 3540 transeuntes,
3422 3493 3585 3546 quam
3642 3479 3746 3548 ipsi

484 3585 708 3642 quoque
737 3586 862 3627 cum
888 3570 1127 3629 Hebraeis
1156 3574 1258 3627 hoc
1285 3572 1339 3626 in
1364 3587 1561 3642 genere
1589 3572 1899 3639 conveniat,
1931 3570 2122 3643 paucis
2177 3569 2501 3625 indicemus.

1037 3665 1265 3721 CAPUT
1304 3664 1500 3721 XXIX.

823 3777 975 3845 Quod
1002 3781 1227 3856 mundus
1259 3792 1430 3835 ortum
1460 3782 1722 3837 habuerit.

559 3911 580 3945 ι
614 3891 938 3948 Universum
969 3893 1074 3949 hoc
1101 3911 1130 3948 a
1158 3894 1267 3951 Deo
1293 3895 1567 3951 conditura
1584 3936 1599 3959 ,
1623 3897 1855 3967 aliquem
1877 3905 2062 3951 ortum

484 3982 744 4038 habuisse
778 3981 956 4039 Moses
985 3983 1205 4050 docuit,
1252 3985 1382 4039 dum
1413 3987 1489 4039 ait
1512 3986 1631 4056 ipso
1655 3987 1840 4042 statim
1881 3986 2061 4055 operis

482 4073 567 4129 sui
617 4074 911 4142 vestibulo,
962 4093 981 4126 ι
1019 4074 1075 4129 In
1121 4076 1385 4146 principio
1432 4075 1560 4132 fecit
1608 4076 1750 4133 Deus
1781 4078 1979 4153 omium
2007 4086 2061 4132 et

483 4176 717 4230 terram;
756 4183 777 4215 ι
818 4164 1055 4235 itemque
1099 4175 1287 4235 partes
1326 4166 1519 4221 ordine
1565 4166 1809 4239 singulas
1834 4182 2059 4222 exsecu-

480 4262 570 4308 tus
594 4253 748 4307 addit
778 4272 791 4307 :
830 4271 850 4304 ι
878 4251 990 4309 llic
1030 4253 1177 4309 liber
1209 4254 1577 4326 generationis
1628 4256 1751 4310 θαιΙί
1794 4264 1849 4309 et
1877 4264 2055 4323 terra),

479 4344 699 4414 quando
733 4345 947 4400 exstitit
974 4345 1062 4400 ille
1090 4345 1229 4411 dies,
1276 4361 1387 4416 quo
1437 4345 1565 4402 fecit
1611 4345 1750 4401 Deus
1777 4347 1973 4402 coelum
2004 4357 2057 4401 ct

478 4445 700 4492 terram.
748 4455 769 4488 ι
824 4436 965 4492 Audi
1009 4438 1160 4507 jam,
1205 4454 1370 4507 quam
1413 4454 1521 4494 non
1567 4439 1637 4495 ab
1681 4455 1745 4496 ea
1788 4442 2054 4496 sententia

477 4524 634 4582 Plato
676 4527 951 4593 deﬂectat,
998 4533 1143 4585 hunc
1173 4531 1225 4584 in
1254 4532 1473 4586 modum
1500 4532 1745 4591 scribens
1777 4534 1892 4603 ipse
1918 4550 2055 4603 quo-

476 4633 625 4687 que:
670 4639 688 4672 I
722 4619 996 4691 Quidquid
1023 4621 1117 4687 ﬁt,
1163 4623 1214 4676 id
1257 4638 1419 4678 omne
1449 4624 1502 4679 vi
1540 4625 1774 4694 alicujus
1801 4626 2052 4696 principii

476 4710 595 4765 ﬁeri
626 4730 639 4765 :
668 4727 896 4782 prorsus
927 4713 1074 4768 enim
1108 4715 1327 4770 evenire
1359 4732 1465 4771 non
1493 4733 1673 4786 posse,
1702 4731 1761 4773 ut
1791 4717 1937 4787 quod
1959 4734 2053 4773 or-

473 4809 590 4855 tum
617 4801 800 4868 habet,
827 4811 982 4858 ortus
1014 4803 1099 4858 sui
1123 4813 1400 4859 auctorem
1430 4821 1541 4860 non
1572 4808 1819 4862 habeat.)
1842 4807 2052 4874 Quibus

475 4891 550 4945 ita
577 4892 763 4947 subdit
789 4910 803 4948 :
839 4910 857 4943 ι
886 4891 1057 4949 Omne
1081 4895 1243 4965 igitur
1267 4896 1488 4963 coelum,
1507 4898 1620 4953 sive
1649 4898 1907 4964 mundus,
1939 4900 2052 4956 sive

2670 3661 3067 3715 ΚΕΦΑΛΑῘΟΝ
3115 3659 3245 3714 KG’.

2374 3773 2515 3842 Περὶ
2556 3773 2663 3827 τοῦ
2692 3771 2946 3842 γενητὸν
2977 3769 3129 3827 εἶναι
3156 3772 3263 3828 τὸν
3293 3775 3541 3841 κόσμον.

2239 3905 2257 3937 ι
2293 3885 2536 3949 Μωσέως
2588 3885 2812 3955 γενητὸν
2866 3887 3285 3958 ἀποφηναμένου
3345 3889 3463 3942 τόδε
3510 3890 3574 3943 τὸ
3636 3894 3746 3946 πᾶν

2162 3979 2267 4033 ὑπὸ
2299 3976 2391 4031 τοῦ
2420 3975 2554 4030 Θεοῦ
2587 3977 2905 4047 γενόμενον·
2934 3976 3080 4048 λέγει
3120 3978 3165 4032 δ’
3200 3975 3293 4033 οὖν
3324 3981 3620 4052 ἀρχόμενος
3645 3983 3744 4056 τῆς

2160 4067 2353 4121 ἑαυτοῦ
2384 4066 2650 4138 γραφῆς,‹
2677 4066 2761 4119 Ἐν
2790 4068 2931 4140 ἀρχῇ
2963 4069 3216 4140 ἐποίησεν
3246 4071 3274 4123 ὁ
3304 4070 3434 4135 Θεὸς
3461 4071 3555 4124 τὸν
3582 4073 3748 4145 οὐρα-

2159 4159 2247 4213 νὸν
2287 4161 2379 4212 καὶ
2420 4160 2520 4231 τὴν
2556 4159 2680 4231 γῆν.
2717 4179 2736 4212 ι
2790 4162 2897 4214 Καὶ
2930 4162 3091 4217 πάλιν
3131 4162 3269 4234 μετὰ
3309 4163 3376 4217 τὰ
3402 4166 3541 4218 κατὰ
3580 4169 3744 4239 μέρος

2157 4252 2350 4321 ἐπάγει
2369 4270 2382 4282 ο
2413 4270 2432 4304 ι
2462 4252 2608 4324 Αὕτη
2638 4255 2670 4324 ἡ
2704 4253 2885 4324 βίϐλος
2908 4256 3174 4324 γενέσεως
3219 4256 3451 4327 οὐρανοῦ
3490 4260 3582 4312 καὶ
3615 4259 3740 4330 γῆς,

2156 4341 2245 4394 ὅτε
2280 4341 2498 4411 ἐγένετο
2528 4345 2562 4414 ἡ
2594 4344 2800 4415 ἡμέρα,
2897 4345 3150 4414 ἐποίησεν
3171 4345 3199 4396 ὁ
3229 4343 3360 4407 Θεὸς
3388 4345 3478 4397 τὸν
3514 4348 3742 4417 οὐρανὸν

2156 4433 2252 4487 καὶ
2302 4434 2402 4506 τὴν
2453 4434 2587 4505 γῆν·
2634 4453 2652 4486 ι
2688 4435 2853 4488 ἄκουε
2896 4435 2991 4488 τοῦ
3034 4436 3318 4498 Πλάτωνος
3350 4436 3425 4500 ὡς
3452 4440 3553 4493 οὐκ
3584 4440 3747 4493 ὲκπί-

2156 4540 2279 4577 πτει
2310 4525 2409 4595 τῆς
2432 4523 2689 4587 διανοίας,
2716 4519 2818 4578 ὧδέ
2848 4543 2922 4596 πη
2954 4526 3047 4579 καὶ
3090 4525 3252 4588 αὐτὸς
3284 4526 3508 4596 γράφων
3529 4547 3542 4561 ·
3573 4549 3591 4580 ι
3624 4531 3742 4583 Πᾶν

2160 4615 2220 4669 τὸ
2275 4618 2595 4689 γιγνόμενον
2628 4616 2736 4689 (84)
2772 4617 2862 4670 ὑπ’
2895 4618 3069 4669 αἰτίου
3115 4617 3258 4680 τινὸς
3288 4618 3346 4683 ἐξ
3378 4619 3624 4691 ἀνάγκης
3655 4622 3743 4690 γί-

2155 4708 2376 4761 νεσθαι’
2414 4706 2590 4778 πάντη
2625 4706 2733 4777 γὰρ
2787 4705 3045 4760 ἀδύνατον
3102 4708 3269 4778 χωρὶς
3319 4710 3492 4763 αίτίου
3524 4712 3739 4779 γένεσιν

2161 4798 2328 4871 ἔχειν.
2367 4819 2385 4852 ›
2416 4801 2526 4853 Καὶ
2553 4798 2832 4866 ἐπιλέγει·
2870 4817 2887 4848 ι
2929 4797 2986 4852 ὐ
3017 4798 3081 4870 δὴ
3110 4801 3218 4863 πᾶς
3250 4800 3475 4872 οὐρανὸς
3507 4804 3600 4856 καὶ
3647 4806 3741 4859 κό-

2157 4908 2292 4961 σμος
2305 4890 2439 4961 (85),
2464 4889 2497 4960 ἢ
2528 4890 2624 4943 καὶ
2658 4888 2785 4942 ἄλλο
2811 4888 2838 4941 ὅ
2859 4906 2912 4941 τι
2934 4890 3063 4942 ποτὲ
3084 4889 3478 4961 ὀνομαζόμενος
3506 4893 3742 4963 μάλιστα

472 4985 667 5055 quovis
695 4985 803 5040 alio
826 4986 1094 5042 vocabulo
1123 4989 1342 5059 gaudet,
1379 4990 1484 5045 hoc
1509 5005 1539 5044 a
1573 4992 1731 5048 nobis
1761 5009 2045 5065 nuncupa-

2171 4982 2218 5036 ὶν
2257 4980 2481 5051 δέχοιτο,
2505 4978 2649 5032 τοῦθ’
2678 4980 2809 5050 ἡμῖν
2848 4979 3151 5049 ὀνομάσθω.
3195 4982 3463 5036 Σκεπτέω
3486 4978 3579 5037 οὖν
3607 4988 3741 5057 περὶ

474 5082 563 5130 tus
589 5074 682 5130 sit.
712 5073 790 5131 De
813 5090 924 5145 quo
948 5075 1001 5131 id
1024 5078 1260 5147 primum
1275 5080 1705 5144 consideremus,
1734 5085 1879 5151 quod
1899 5086 2054 5154 prin-

472 5165 614 5235 cipio
641 5168 807 5222 estin
842 5169 992 5224 omni
1028 5171 1332 5239 quaestione
1363 5174 1819 5230 considerandum
1853 5194 1867 5230 :
1904 5190 2053 5232 sem-

473 5272 639 5327 perne
673 5257 857 5324 fuerit,
892 5261 1044 5316 nullo
1071 5274 1359 5334 generatus
1384 5274 1538 5333 ortu;
1586 5283 1655 5320 an
1697 5277 1853 5322 ortus
1876 5270 1949 5324 sit
1983 5269 2052 5324 ab

472 5348 659 5420 aliquo
698 5354 961 5421 temporis
993 5354 1295 5426 principatu
1344 5374 1358 5409 :
1405 5358 1845 5428 quandoquidem
1871 5362 2050 5418 cerni-

474 5448 586 5509 tur,
619 5439 784 5512 558
808 5451 864 5498 et
891 5444 1150 5514 tangitur,
1198 5456 1254 5503 et
1298 5457 1383 5503 est
1418 5450 1657 5521 undique
1706 5465 2047 5524 corporatus.

699 5640 837 5730 11}?th
876 5644 1352 5730 ζρηγεγζγᾴιιενον.
1405 5649 1683 5711 Platonem
1717 5657 1943 5714 consule
1992 5656 2047 5715 in

481 5708 702 5775 Timeo,
740 5727 859 5783 pag.
889 5708 1003 5769 526'
1024 5708 1214 5774 Vicini.

2164 5072 2330 5126 αὐτοῦ
2373 5070 2608 5141 πρῶτον,
2640 5071 2778 5141 ὅπερ
2824 5069 3111 5124 ὑπόκειται
3162 5072 3290 5142 περὶ
3328 5072 3423 5126 τοῦ
3454 5074 3652 5139 παντὸς
3680 5077 3741 5129 ὲν

2160 5162 2302 5233 ἀρχῇ
2334 5161 2445 5214 δεῖν
2473 5163 2729 5215 σκοπεῖν·
2768 5160 2995 5231 πότερον
3019 5156 3088 5232 ἦν
3121 5162 3230 5227 ἀεὶ,
3268 5163 3528 5230 γενέσεως
3561 5166 3740 5239 ἀρχὴν

2158 5251 2297 5324 ἔχων
2328 5251 2604 5322 οὐδεμίαν,
2642 5251 2675 5323 ἢ
2709 5252 2931 5321 γέγονεν
2972 5253 3066 5306 ἀπ’
3107 5253 3280 5324 ἀρχῆς
3305 5272 3451 5319 τινος
3497 5255 3741 5329 ἀρξάμε-

2158 5360 2276 5408 νος’
2310 5343 2505 5414 ὁρατὸς
2558 5343 2669 5416 γὰρ
2726 5344 2895 5409 ἁπτός
2939 5343 3001 5398 τέ
3042 5344 3162 5398 ἐστι
3217 5346 3313 5399 καὶ
3376 5347 3535 5419 σῶμα
3576 5349 3734 5420 έχων.

2158 5435 2340 5488 Πάντα
2373 5434 2428 5489 δὲ
2466 5435 2532 5489 τὰ
2568 5434 2813 5502 τοιαῦτα,
2841 5434 3107 5508 αἰσθητά·
3142 5435 3213 5490 τὰ
3257 5436 3300 5490 δ’
3348 5438 3580 5510 αἰσθητὰ
3609 5439 3736 5512 δόξῃ

2161 5655 2494 5795 κόξῗιῖέζβαὶ
2533 5661 2780 5731 κόσμος.
2823 5659 3044 5719 Rectius
3086 5660 3239 5718 ιλιιιο
3273 5668 3328 5717 et
3359 5676 3658 5731 manuscr.,
3698 5664 3732 5735 ἢ
