4156 6472
422 374 528 431 999

1565 370 1890 426 ΡΠᾹΞΡᾹΠ.
1936 370 2186 427 EVANG.
2233 372 2357 427 LIB.
2402 372 2491 427 XI.

3592 378 3699 433 950

421 494 731 567 περιληπτὰ
766 494 877 567 (86)
911 496 1007 550 καὶ
1038 494 1242 566 γενητὰ
1267 495 1462 565 ἐφάνη.
1494 494 1585 564 Τῷ
1612 494 1659 547 δ’
1686 490 1752 548 αὖ
1787 493 1995 564 γενομέ·

2118 493 2312 550 Omnia
2343 507 2521 551 autem
2560 497 2686 551 talia
2721 512 2942 551 sensum
2979 505 3215 562 movent,
3247 512 3553 567 sensusque
3582 515 3701 552 mn-

419 604 499 657 νῳ
528 585 706 656 φαμὲν
757 588 849 640 ὑπ’
885 587 1057 641 αίτίου
1095 588 1239 651 τινὸς
1271 587 1513 658 ἀνάγκην
1559 583 1698 640 εἶναι
1731 586 2006 655 γενέσθαι.

420 678 526 732 Τὸν
566 679 667 749 μὲν
717 675 812 732 οὖν
849 679 1079 751 ποιητὴν
1106 680 1201 733 καὶ
1231 680 1563 753 δημιουργὸν
1592 680 1700 749 (87)
1735 679 1890 732 τοῦδε
1917 678 2009 732 τοῦ

421 768 623 833 παντὸς
670 769 851 840 εὑρεῖν
903 787 962 823 τε
1020 770 1181 841 ἔργον
1201 810 1215 834 ,
1257 771 1352 824 καὶ
1398 770 1627 841 εὑρόντα
1673 771 1753 832 εἰς
1804 768 2011 832 πάντας

418 859 679 914 ἀδύνατον
734 861 936 930 λέγειν.
987 879 1007 913 ι
1041 862 1151 915 Kal
1180 858 1335 924 αὖθις
1374 861 1503 930 ἑξῆς
1547 877 1731 931 φησιν·
1769 878 1789 911 ι
1822 859 2009 923 Οὕτως

417 949 512 1007 οὖν
557 953 620 1025 δὴ
665 954 806 1008 κατὰ
847 954 1002 1023 λόγον
1056 955 1145 1008 τὸν
1180 955 1364 1009 εἰκότα
1403 956 1483 1009 δεῖ
1525 955 1703 1024 λέγειν
1734 954 1883 1008 τόνδε
1915 954 2009 1008 τὸν

418 1047 621 1115 κόσμον
667 1042 804 1109 ζῶον
841 1045 1105 1116 ἔμψυχον,
1146 1045 1327 1100 ἔννουν
1378 1046 1631 1115 γενέσθαι
1669 1048 1736 1117 τῇ
1778 1044 2008 1118 ἀλτθείᾳ

416 1135 508 1188 διὰ
538 1135 635 1208 τὴν
657 1135 749 1189 τοῦ
782 1135 919 1190 Θεοῦ
948 1136 1223 1209 πρόνοιαν.
1268 1157 1286 1188 ι

946 1401 1346 1455 ΚΕΦΑΛΑΙΟΝ
1389 1402 1467 1455 A'.

624 1492 781 1562 'JIepl
813 1492 934 1546 τῶν
965 1494 1095 1547 κατ’
1131 1492 1395 1561 οὐρανὸν
1420 1493 1773 1563 φωστήρων.

482 1585 651 1639 Πάλιν
692 1586 972 1650 Μωῦσέως
1031 1587 1126 1640 καὶ
1153 1587 1376 1650 τούτους
1398 1583 1537 1640 εἶναι
1566 1588 1829 1657 γενητοὺς
1862 1586 2005 1641 διδά-

415 1678 600 1744 ξιντος
646 1679 712 1733 δι’
766 1674 841 1734 ὧν
889 1679 1095 1752 ἔφησε·
1132 1698 1152 1732 ι
1190 1682 1299 1734 Καὶ
1338 1677 1489 1734 εἶπεν
1519 1684 1548 1735 6
1579 1680 1733 1744 Θεόςο
1774 1680 2003 1752 γενηθή-

409 1791 592 1829 τωσαν
637 1774 925 1848 φωστῆρες
982 1777 1042 1829 ὲν
1095 1775 1174 1847 τῷ
1230 1775 1568 1847 στερεώματι
1610 1775 1704 1829 τοῦ
1746 1775 2000 1847 οὐρανοῦ,

412 1865 553 1920 ὥστε
582 1868 792 1936 φαίνειν
839 1868 934 1921 ἐπὶ
961 1868 1062 1939 τῆς
1088 1868 1222 1938 γῆς’
1263 1869 1358 1922 καὶ
1393 1869 1636 1922 ἔστωσαν
1665 1869 1745 1931 εἰς
1777 1869 1999 1938 σημεῖα,

409 1960 503 2012 καὶ
556 1961 638 2023 είς
689 1960 937 2030 καιροὺς,
967 1958 1062 2013 καὶ
1090 1960 1171 2023 είς
1199 1959 1433 2032 ἡμέρας,
1460 1960 1554 2013 καὶ
1588 1962 1669 2023 είς
1701 1958 1999 2021 ἐνιαυτούς.

410 2048 517 2102 Kal
557 2051 814 2122 ἐποίησεν
846 2053 876 2104 6
903 2050 1036 2115 Θεὸς
1063 2051 1192 2114 τοὺς
1220 2050 1314 2105 δύο
1346 2052 1640 2123 φωστῆρας
1667 2051 1792 2115 τοὺς
1829 2050 2001 2122 μεγά-

405 2140 552 2208 λους,
576 2143 817 2207 καὶτοὺς
849 2142 1120 2214 ἀστέραςο
1152 2143 1248 2197 καὶ
1281 2141 1434 2196 ἔθετο
1464 2142 1663 2207 αὐτοὺς
1689 2145 1748 2196 ὲν
1769 2141 1846 2213 τῷ
1877 2158 1999 2195 στε-

409 2231 655 2303 ρεώματι
680 2231 776 2286 τοῦ
804 2232 1070 2304 οὐρανοῦο
1108 2251 1130 2285 ι
1168 2233 1371 2305 ὁμοίως
1401 2234 1496 2287 καὶ
1518 2234 1548 2286 6
1575 2232 1821 2298 Πλάτων,
1846 2251 1866 2285 ι
1905 2231 1999 2298 Ἐξ

401 2318 501 2376 οὗν
547 2322 707 2392 λόγου
739 2323 849 2396 (88)
908 2323 1043 2378 Θεοῦ
1096 2325 1192 2379 καὶ
1262 2324 1519 2390 διανοίας,
1580 2325 1756 2395 φησὶ,
1815 2324 1997 2379 τοιαύ-

400 2432 505 2487 της
554 2416 692 2488 πρὸς
731 2416 925 2488 χρόνου
959 2416 1196 2484 γένεσιν,
1229 2417 1315 2470 ἵνα
1350 2418 1553 2490 γενηθῇ
1589 2420 1800 2491 χρόνος,
1820 2419 1991 2491 ἥλιος,

402 2507 498 2560 καὶ
541 2507 762 2580 σελήνη,
798 2509 892 2563 καὶ
922 2509 1086 2563 πέντε
1114 2509 1253 2563 ἄλλα
1289 2508 1469 2582 ἄστρα
1513 2510 1745 2580 ἐπίκλην
1800 2511 1994 2582 ἔχοντα

402 2599 692 2671 πλάνητες,
742 2603 824 2665 εις
873 2601 1154 2674 διορισμὸν
1195 2602 1290 2655 καὶ
1340 2603 1587 2675 φυλακὴν
1634 2604 1829 2676 χρόνου
1879 2603 1991 2677 (89)

402 2689 616 2761 γέγονε.
653 2691 892 2764 Σὼματα
928 2693 986 2747 δὲ
1023 2697 1202 2751 αὐτῶν
1236 2698 1472 2769 ποιήσας
1516 2697 1546 2749 6
1604 2696 1759 2761 Θεὸς,
1793 2696 1989 2770 ἔθηκεν

401 2784 483 2847 είς
522 2783 624 2848 τὰς
667 2785 992 2858 περιφοράς.
1029 2807 1050 2840 ι
1089 2789 1371 2862 Ἐπιτήρει
1402 2788 1480 2855 δὲ,
1512 2790 1561 2842 εἰ
1603 2790 1677 2861 μὴ
1710 2788 1793 2852 τὸ,
1837 2808 1857 2842 ι
1899 2789 1989 2855 Ἐξ

400 2871 496 2930 οὗν
517 2875 677 2946 λόγου
727 2879 822 2932 καὶ
850 2878 1094 2945 διανοίας
1121 2879 1281 2946 Θεοῦ,
1326 2901 1344 2934 ι
1378 2882 1666 2953 εἰρημένον
1717 2882 1798 2953 τῷ
1843 2881 1989 2936 Πλά-

401 2985 544 3033 τωνι⁴
595 2969 781 3041 ὅμοιον
834 2971 902 3026 ἂν
945 2972 1031 3043 εἴη
1066 2972 1146 3044 τῷ
1198 2975 1331 3046 παρ’
1378 2975 1652 3047 Ἑϐραίοις
1696 2975 1983 3044 φάσκοντι·

406 3080 424 3112 ι
459 3059 548 3132 Τῷ
594 3061 737 3134 λόγῳ
778 3064 984 3136 Κυρίου
1012 3065 1063 3117 oi.
1089 3065 1307 3137 οὐρανοὶ
1328 3064 1757 3138 ἐστερεώθησαν,
1788 3066 1882 3119 καὶ
1907 3065 1985 3138 τῷ

401 3152 672 3225 πνεύματι
724 3154 822 3209 τοῦ
864 3156 1136 3229 στόματος
1174 3157 1340 3212 αὑτοῦ
1379 3159 1529 3211 πᾶσα
1560 3159 1595 3229 ἡ
1622 3157 1851 3229 δύναμις
1889 3159 1987 3212 αὐ-
2017 3195 2061 3253 c

398 3244 530 3299 τῶν.
566 3264 587 3298 ι
634 3245 797 3302 ’Δλλὰ
847 3248 944 3301 καὶ
982 3248 1262 3313 Μωῦσὲως
1314 3249 1583 3316 εἰπόντος,
1624 3268 1642 3300 ι
1683 3247 1795 3302 Kal
1838 3248 1993 3303 ἔθετο

400 3338 597 3401 αὐτοὺς
638 3340 698 3391 ὲν
741 3337 823 3408 τῷ
857 3339 1229 3413 στερεώματι·
1270 3361 1291 3395 ι
1339 3341 1503 3413 ὁμοίᾳ
1529 3341 1797 3413 κέχρηται
1828 3342 1924 3397 καὶ
1965 3346 2001 3397 6

401 3429 626 3482 Πλάτων
659 3432 810 3502 φωνῇ
848 3433 938 3502 τῇ,
966 3449 990 3486 ι
1032 3431 1290 3504 Ἐθηκιν,
1328 3451 1348 3485 ι
1383 3430 1577 3496 εἰπὼν,
1610 3451 1629 3483 ι
1667 3430 1897 3503 σώματα
1933 3433 1993 3487 δὲ

399 3521 583 3578 αὐτῶν
620 3524 853 3594 ποιήσας
892 3525 922 3577 6
968 3523 1103 3588 Θεὸς
1144 3523 1342 3596 ἔθηκεν
1373 3526 1454 3589 εἰς
1476 3524 1577 3590 τὰς
1601 3523 1926 3597 περιφοράς.
1967 3543 1987 3577 ι

912 3617 1313 3688 ΚΕΦΔΛᾼΙΟΝ
1356 3616 1483 3670 ΛΑ’.

616 3710 738 3763 Ὅτι
765 3707 965 3764 πάντα
988 3709 1149 3764 καλὰ
1174 3710 1251 3764 τὰ
1271 3710 1417 3780 ἔργα
1442 3709 1550 3765 τοῦ
1581 3710 1751 3767 Θεοῦ.

468 3800 581 3873 Τῆς
634 3800 903 3873 Ἐόραίων
932 3800 1160 3874 Γραφῆς
1189 3801 1275 3870 ἐφ’
1311 3802 1528 3872 ἑκάστῳ
1570 3802 1994 3875 δημιουργημά-

398 3911 507 3949 των
552 3892 953 3964 ὲπιφωνούσης,
994 3911 1013 3944 ι
1052 3892 1166 3946 Kal
1198 3889 1338 3946 εἶδεν
1372 3895 1401 3948 6
1442 3893 1577 3959 Θεὸς
1611 3896 1694 3949 ὅτι
1725 3897 1923 3952 καλόν·
1964 3916 1986 3950 ι

400 3987 493 4039 καὶ
541 3988 635 4039 ἐπὶ
703 3988 770 4058 τῇ
825 3985 1047 4038 πάντων
1103 3985 1575 4054 συγκεφαλαιώσει
1635 3988 1985 4061 φασκούσηςο

406 4098 425 4130 ι
468 4080 577 4132 Καὶ
606 4074 743 4133 εἶδεν
777 4079 807 4132 6
846 4077 980 4140 Θεὸς
1008 4075 1080 4130 τὰ
1106 4076 1308 4141 πάντα,
1342 4078 1435 4131 καὶ
1465 4078 1573 4133 ἰδοὺ
1612 4080 1753 4135 καλὰ
1781 4081 1923 4136 λίαν.
1963 4101 1981 4134 ι

404 4169 603 4222 ’Ἄκουε
660 4167 756 4222 τοῦ
799 4167 1086 4230 Πλάτωνος
1116 4166 1398 4235 λέγοντοςο
1434 4186 1453 4218 ‹
1511 4169 1574 4223 Et
1611 4170 1710 4241 μὲν
1733 4170 1797 4243 δὴ
1824 4170 1988 4238 καλός

400 4261 548 4313 ἐστιν
585 4260 671 4314 ὅδε
704 4262 734 4315 6
769 4260 995 4333 κόσμος,
1033 4261 1063 4314 ὃ
1094 4277 1155 4314 τε
1191 4260 1537 4331 Δημιουργὸς
1575 4262 1800 4330 ἀγαθός,
1828 4264 1988 4335 δῆλον

397 4351 476 4416 ὡς
508 4356 646 4425 πρὸς
674 4353 738 4407 τὸ
763 4352 934 4409 ἀΐδιον
971 4354 1186 4408 ἔϐλεπε·
1217 4374 1237 4407 ι
1261 4353 1360 4407 καὶ
1387 4352 1569 4407 πάλιν*
1611 4372 1632 4405 ι
1653 4355 1712 4408 '0
1746 4356 1847 4426 μὲν
1876 4356 1986 4429 γὰρ

398 4443 683 4509 κάλλιστος
711 4445 818 4500 τῶν
845 4447 1165 4518 γεγονότων,
1199 4448 1229 4501 6
1254 4447 1299 4501 δ’
1332 4446 1552 4518 ἄριστος
1572 4446 1679 4500 τῶν
1712 4448 1921 4502 αἰτίων.
1961 4468 1980 4502 ι

908 4730 1308 4784 ΚΕΦΑΛΑΙΟΝ
1347 4727 1472 4783 AB'.

401 4816 541 4891 Περὶ
583 4820 692 4889 τῆς
733 4822 1118 4889 ἀλλοιώσεως
1183 4824 1282 4877 καὶ
1335 4820 1673 4892 μεταϐολῆς
1724 4822 1832 4878 τοῦ
1884 4826 1986 4878 κό-

1105 4909 1286 4964 σμου.

437 4969 440 4973 ’
477 5001 495 5030 ι
534 4981 643 5035 Καὶ
673 4983 802 5055 περὶ
833 4982 1026 5036 τούτου
1066 4983 1248 5052 πάσης
1289 4982 1557 5055 Ἐὗραιων
1585 4981 1812 5052 Γραφῆς
1844 4980 1987 5035 διδα-

404 5072 658 5146 σκούσης,
683 5074 802 5126 τοτὲ
833 5075 931 5145 μὲν
953 5075 1019 5129 δι’
1044 5068 1119 5129 ὧν
1143 5091 1297 5145 φησι,
1325 5094 1344 5125 ι
1374 5075 1484 5128 Kal
1506 5074 1815 5145 ὲλιγήσεται
1844 5073 1873 5125 6
1899 5073 1989 5126 οὑ-

406 5163 565 5234 ρανὸς
592 5164 665 5227 ὡς
703 5163 941 5235 βιϐλίον’
987 5184 1004 5216 ι
1036 5165 1158 5219 τοτὲ
1212 5164 1270 5218 δὲ
1306 5165 1375 5218 δι’
1408 5156 1483 5218 ὧν
1515 5163 1779 5232 ἐπιλέγει,
1818 5183 1837 5216 ι
1878 5163 1989 5218 Kal

406 5255 556 5309 ἔσται
581 5258 609 5310 6
635 5255 861 5329 οὐρανὸς
894 5256 1100 5321 καινὸς,
1133 5258 1228 5311 καὶ
1252 5257 1288 5328 ἡ
1317 5257 1389 5327 γῆ
1410 5256 1594 5327 καινὴ,
1622 5254 1660 5309 ἃ
1695 5255 1805 5324 ἐγὼ
1850 5256 1989 5310 ποιῶ

412 5346 588 5416 μένειν
615 5345 844 5401 ἐνώπιόν
877 5364 1001 5418 μου,
1026 5346 1173 5417 λέγει
1199 5346 1422 5419 Κύριοςε
1440 5366 1457 5396 ι
1481 5346 1575 5400 καὶ
1608 5345 1768 5399 πάλιν
1800 5345 1988 5400 ἄλλοτε

406 5431 473 5485 δι’
520 5426 598 5489 ὧν
620 5452 775 5507 φησι,
810 5453 829 5485 ι
858 5436 1106 5506 Παράγει
1146 5435 1257 5507 γὰρ
1297 5434 1360 5488 τὸ
1408 5434 1596 5506 σχῆμα
1638 5434 1731 5487 τοῦ
1780 5435 1987 5507 κόσμου

478 5590 586 5660 (86)
626 5590 990 5660 Περιληπτά.
1034 5590 1191 5646 Plato
1227 5592 1365 5646 inter
1399 5593 1541 5646 hanc
1566 5605 1755 5647 vocem
1801 5601 1858 5646 et
1895 5608 1986 5648 se-

407 5670 593 5733 quent.
625 5661 818 5717 inserit
849 5663 988 5733 μετὰ
1012 5661 1317 5733 αίσθήσεως
1357 5662 1675 5733 γιγνόμενα.

629 5729 1015 5803 Δημιρυργόν.
1048 5729 1225 5803 Plato,
1256 5732 1499 5803 Πατέρα.

480 5796 592 5872 (88)
620 5796 858 5866 οὗνί
885 5796 1096 5870 λόγου.
1124 5800 1271 5858 Idem
1301 5796 1478 5866 Plato,
1517 5801 1675 5871 ibid.,
1704 5819 1829 5874 pag.
1880 5802 1985 5858 529

2112 589 2293 642 ventia
2341 604 2463 659 qua:
2509 598 2655 652 sunt,
2708 589 2898 642 eadem
2946 588 2998 641 in
3050 587 3306 655 opinione
3352 587 3697 643 considunt:

2111 695 2233 749 qua:
2275 687 2456 734 ortum
2507 680 2705 734 habere
2748 680 3003 749 gignique
3036 679 3310 744 diximus;
3354 679 3489 732 nihil
3517 687 3696 733 autem

2110 771 2255 839 gigni
2287 784 2447 839 posse
2477 770 2595 824 sine
2619 771 2823 824 causis.
2891 774 3068 838 Atque
3107 769 3259 822 illum
3290 768 3510 837 quidem
3537 766 3699 837 quasi

2110 871 2393 931 parentem
2442 861 2608 931 hujus
2654 860 3029 916 universitatis
3076 859 3323 915 invenire
3352 857 3567 915 difﬁcile
3589 869 3694 923 est.

2108 963 2307 1007 etcum
2328 953 2440 1023 jam
2476 954 2772 1017 inveneris,
2806 954 3047 1008 indicare
3074 953 3126 1007 in
3162 953 3357 1022 vulgus
3380 951 3551 1008 nefas.
3581 972 3600 1005 ι
3628 952 3696 1007 Ει

2108 1045 2364 1114 deinceps
2397 1064 2410 1099 :
2443 1064 2462 1097 ι
2501 1044 2675 1112 Quam
2698 1047 2766 1101 ob
2800 1063 3023 1102 causam
3051 1063 3160 1101 non
3201 1054 3284 1102 est
3327 1045 3695 1100 cunctandum

2107 1135 2371 1205 proﬁteri,
2398 1136 2442 1191 si
2480 1137 2643 1191 modo
2673 1137 2989 1208 investigari
3021 1137 3228 1207 aliquid
3259 1136 3572 1205 conjectura
3598 1148 3698 1204 po-

2109 1235 2233 1293 test,
2270 1226 2418 1282 hunc
2447 1229 2714 1283 mundum
2751 1230 2953 1283 animal
2998 1244 3141 1291 esse,
3177 1229 3338 1299 idque
3365 1228 3693 1298 intelligens,

2106 1326 2160 1373 et
2192 1319 2376 1373 divina
2409 1320 2756 1376 Providentia
2791 1322 3174 1375 constitutmn.
3218 1341 3237 1371 )

2669 1412 2911 1481 CAPUT,
2953 1412 3122 1468 xxx.

2602 1504 2680 1558 De
2727 1506 2844 1560 caeli
2891 1506 3175 1560 luminibus
3185 1546 3205 1559 .

2175 1594 2352 1651 Moses
2390 1607 2649 1664 praeterea
2682 1613 2841 1652 suum
2867 1598 2990 1652 caeli
3026 1596 3324 1651 luminibus
3344 1604 3523 1649 ortum
3554 1595 3695 1651 assi-

2106 1687 2289 1757 gnavit
2326 1689 2411 1743 his
2453 1690 2628 1744 verbis
2663 1707 2676 1743 :
2716 1708 2736 1740 ι
2773 1688 2839 1744 Et
2866 1689 3003 1744 dixit
3042 1688 3185 1743 Deus
3217 1706 3230 1742 :
3260 1686 3419 1742 Fiant
3451 1687 3692 1741 lumina—

2106 1779 2187 1833 ria
2218 1779 2272 1834 in
2301 1780 2649 1835 ﬁrmamento
2679 1781 2826 1846 caeli,
2863 1793 2923 1835 ut
2948 1782 3169 1836 luceant
3191 1794 3354 1850 super
3382 1769 3611 1849 terram,
3639 1786 3695 1833 et

2106 1870 2217 1926 sint
2245 1872 2299 1926 in
2329 1873 2486 1941 signa
2519 1882 2572 1928 et
2600 1884 2867 1942 tempora,
2914 1885 2968 1927 et
2998 1874 3136 1937 dies,
3172 1881 3227 1927 et
3259 1885 3454 1927 annos.
3511 1869 3694 1925 Fecit-

2102 1979 2210 2034 que
2239 1963 2381 2021 Deus
2426 1967 2536 2021 duo
2579 1967 2872 2021 luminaria
2908 1982 3126 2038 magna,
3158 1974 3213 2021 et
3238 1966 3445 2022 stellas.
3500 1966 3568 2020 Et
3592 1980 3693 2036 po;

2103 2057 2212 2111 suit
2236 2070 2332 2112 eas
2361 2057 2415 2111 in
2447 2058 2794 2112 ﬁrmamento
2821 2059 2943 2112 caeli
2970 2058 3044 2112 ³.»
3075 2057 3248 2124 Quam
3281 2057 3337 2111 in
3361 2056 3689 2112 sententiam

2099 2144 2277 2212 Plato,
2298 2166 2317 2199 ι
2340 2146 2571 2203 Ratione
2620 2149 2808 2219 igitur,
2864 2148 3061 2217 inquit,
3097 2157 3151 2202 et
3176 2155 3359 2203 mente
3390 2146 3597 2209 divina,
3621 2145 3687 2200 ad

2097 2239 2364 2309 originem
2414 2238 2674 2309 temporis
2727 2238 3064 2294 curriculum
3102 2237 3384 2292 inventum
3425 2242 3510 2290 est
3552 2234 3689 2290 solis

2096 2337 2150 2383 et
2176 2330 2356 2392 lunae,
2403 2337 2459 2383 et
2503 2328 2737 2383 aliorum
2786 2327 3030 2396 quinque
3066 2335 3341 2379 astrorum
3386 2320 3688 2377 errantium

2095 2426 2483 2489 cognomento,
2509 2418 2575 2473 ad
2608 2417 2871 2487 temporis
2903 2431 3162 2471 numeros
3194 2413 3609 2485 distinguendos
3635 2419 3692 2468 et

2094 2509 2525 2566 conservandos.
2586 2507 2836 2579 Corpora
2879 2516 3060 2561 autem
3111 2520 3302 2562 eorum
3348 2506 3688 2576 singulorum

2092 2616 2217 2656 cum
2239 2599 2506 2656 eﬂ'ecisset
2525 2599 2769 2668 Deus,ea
2801 2599 2868 2655 ad
2898 2599 3290 2656 conversiones
3315 2598 3624 2653 collocavit.
3657 2615 3678 2649 ι

2091 2691 2191 2747 llic
2211 2698 2272 2747 tu
2299 2691 2434 2747 mihi
2462 2691 2684 2758 videsis,
2713 2706 2844 2745 num
2870 2691 3019 2761 quod
3040 2690 3195 2745 Plato
3224 2689 3383 2754 dixit,
3412 2688 3573 2757 λόγου
3594 2687 3691 2741 καὶ

2089 2783 2332 2848 διανοίας
2360 2781 2496 2838 Θεοῦ
2538 2783 2728 2855 (verbo
2759 2798 2826 2838 ac
2851 2791 3031 2838 mente
3054 2783 3289 2849 divina),
3323 2782 3373 2836 ei
3410 2779 3690 2850 persimile

2089 2874 2183 2941 sit,
2212 2874 2359 2945 quod
2390 2874 2469 2929 ait
2508 2871 2689 2929 Moses
2714 2918 2725 2930 .
2752 2871 2897 2943 λόγῳ
2939 2891 2958 2924 ι
2997 2869 3173 2925 Verbo
3200 2869 3412 2925 Domini
3442 2868 3565 2923 coeli
3589 2868 3687 2921 tiro

2090 2963 2221 3017 tnati
2253 2971 2402 3029 sunt,
2441 2980 2462 3014 ι
2501 2971 2555 3017 et
2589 2961 2862 3032 πνεύματι
2902 2978 2922 3011 ι
2960 2958 3166 3029 Spiritu
3202 2958 3317 3013 oris
3356 2957 3476 3027 ejus
3504 2954 3690 3010 oumis

2090 3054 2267 3108 virtus
2294 3068 2511 3107 eorum.
2551 3073 2570 3106 ι
2599 3053 2909 3119 Quinetiam
2947 3066 3072 3107 eum
3097 3049 3309 3120 Moyses
3329 3048 3550 3107 dixerit.
3580 3044 3687 3100 Kal

2092 3144 2266 3210 ἔθετο,
2313 3163 2332 3198 ι
2364 3154 2419 3201 et
2463 3145 2649 3215 posuit
2695 3160 2758 3199 ea
2792 3145 2847 3197 in
2880 3142 3224 3198 ﬁrmamento
3262 3140 3387 3196 caeli
3422 3156 3441 3198 :
3480 3157 3500 3193 ι
3529 3137 3689 3195 Plato

2096 3236 2261 3291 simili
2301 3250 2521 3307 quoque
2547 3249 2683 3290 voce
2712 3250 2868 3299 usus,
2903 3234 3007 3289 hoc
3031 3242 3135 3301 est,
3165 3230 3386 3303 ἔθηκεν,
3426 3245 3684 3300 corpora,

2096 3328 2295 3398 inquit,
2327 3326 2671 3399 singulorum
2704 3342 2831 3383 cum
2859 3325 3132 3382 effecisset
3157 3325 3302 3381 Deus
3321 3367 3337 3392 ,
3367 3339 3431 3380 ea
3456 3323 3522 3378 ad
3549 3337 3685 3379 cou-

2096 3420 2378 3477 versiones
2413 3420 2720 3476 collocavit.
2735 3437 2754 3471 ι

2651 3611 2884 3669 CAPUT
2924 3611 3121 3670 XXXI.

2463 3704 2657 3760 Omnia
2689 3703 2787 3760 Dei
2821 3721 2979 3771 opera
3012 3704 3147 3758 bona
3177 3720 3309 3758 esse.

2162 3796 2303 3854 Cum
2326 3797 2491 3854 etiam
2514 3837 2530 3863 ,
2563 3806 2624 3853 ut
2665 3797 2923 3869 quodque
2956 3795 3254 3865 perfectum
3286 3805 3405 3853 erat
3433 3796 3679 3851 divinum

2092 3905 2264 3961 opus,
2301 3889 2445 3953 hanc
2479 3904 2651 3945 sacra:
2680 3888 2874 3944 litterae
2930 3886 3095 3958 559
3144 3886 3445 3941 clausulam
3480 3885 3682 3942 identi-

2091 3981 2213 4036 dem
2249 3980 2566 4051 adjeeerint,
2597 3979 2694 4035 «Et
2717 3979 2853 4035 vidit
2881 3978 3025 4035 Deus
3053 3978 3200 4048 quod
3226 3977 3432 4033 bonum
3452 3986 3599 4035 esset
3654 3997 3678 4032 ι

2092 4073 2334 4141 itemque
2387 4081 2446 4127 ut
2493 4072 2659 4127 simul
2705 4071 2892 4127 omnia
2939 4071 3497 4140 comprehenderent,
3554 4088 3573 4121 ι
3611 4069 3680 4126 Et

2088 4161 2225 4217 vidit
2255 4160 2402 4217 Deus
2435 4162 2708 4224 omnia,et
2738 4177 2864 4216 ecce
2896 4160 3052 4215 valde
3079 4160 3221 4215 bona
3255 4169 3408 4215 erant
3440 4180 3455 4216 :
3505 4178 3525 4211 ι
3547 4160 3675 4215 Pla-

2092 4265 2273 4310 tonem
2306 4255 2431 4310 audi
2454 4255 2535 4309 sic
2570 4254 2900 4323 loquentem,
2922 4271 2942 4304 ε
2982 4252 3164 4321 Atque
3191 4254 3239 4307 si
3268 4253 3446 4307 bonus
3476 4262 3561 4308 est
3587 4253 3679 4309 hic

2090 4347 2363 4410 mundus,
2415 4345 2461 4400 si
2496 4345 2674 4398 bonus
2701 4344 2943 4413 ejusdem
2980 4342 3226 4409 Artifex,
3262 4341 3517 4412 .profecto
3547 4359 3676 4412 spe-

2089 4439 2227 4494 ciem
2246 4435 2568 4492 aeternitatis
2586 4435 2789 4489 imitari
2816 4433 3030 4489 maluit.
3044 4434 3249 4505 ιΑιιιιιο
3264 4434 3512 4498 ἰιετιιω,ι
3535 4432 3672 4488 Nam

2016 4539 2063 4594 ι)
2092 4532 2167 4585 uti
2201 4530 2436 4584 mundus
2464 4528 2712 4583 omnium
2744 4542 2864 4598 qua:
2897 4522 3116 4583 condita
3149 4536 3279 4582 sunt
3301 4525 3544 4597 optimus
3565 4536 3676 4593 est,

2091 4623 2165 4677 ita
2192 4620 2335 4676 Deus
2366 4620 2637 4676 artiﬁcum
2673 4621 2920 4676 omnium
2948 4621 3209 4690 optimus.
3238 4638 3259 4672 ι

2636 4730 2869 4787 CAPUT
2903 4731 3120 4787 XXXII.

2336 4824 2414 4881 De
2440 4824 2755 4881 alteratione
2778 4844 2842 4880 ac
2875 4828 3168 4880 mutatione
3194 4828 3399 4881 mundi.

2158 4982 2347 5040 Mundi
2401 4985 2755 5040 mutationem
2813 4982 3095 5054 Scriptura
3146 4996 3496 5037 neoraeorum
3545 4985 3670 5038 uni-

2088 5089 2246 5130 versa
2299 5083 2551 5141 testatur,
2600 5083 2663 5131 ut
2711 5091 2836 5130 cum
2887 5076 3005 5131 ait:
3065 5093 3083 5126 ι
3140 5072 3209 5127 Et
3255 5073 3673 5143 complicabitur

2090 5166 2232 5221 sicut
2255 5165 2393 5223 liber
2407 5166 2607 5221 coelum
2638 5163 2778 5236 (Isa.
2806 5164 3087 5234 χχιιιν,4);
3114 5164 3411 5234 vitemque:
3438 5182 3457 5216 ι
3484 5164 3547 5220 Et
3568 5166 3672 5220 erit

2091 5258 2290 5313 emtum
2319 5264 2549 5322 novum,
2582 5264 2636 5311 et
2665 5265 2808 5310 terra
2842 5271 3003 5320 nova,
3038 5269 3161 5324 quae
3186 5270 3288 5324 ego
3317 5255 3513 5311 faciam
3550 5272 3668 5313 ma-

2090 5349 2287 5403 nerein
2311 5355 2603 5418 conspectu
2625 5361 2764 5408 meo,
2782 5345 2913 5405 dicit
2937 5343 3345 5417 DominusUsa.
3365 5361 3491 5411 va,
3514 5346 3663 5419 17).»

2092 5442 2161 5497 Et
2201 5456 2423 5496 rursum
2470 5440 2640 5496 alibi:
2700 5456 2718 5487 ι
2775 5435 3022 5491 Praeterit
3069 5435 3215 5491 enim
3264 5437 3439 5507 ﬁgura
3476 5441 3669 5496 mundi

2089 5597 2587 5735 F‘?;l?)').¢5v.1ux'fpf
2610 5663 2855 5731 χρόνου.
2897 5661 3048 5719 Plato
3078 5672 3131 5719 et
3151 5678 3431 5721 manuscr.
3461 5662 3666 5721 Euseb.

2089 5732 2339 5792 inserunt
2372 5734 2498 5805 ἁριο
2508 5732 2642 5804 μῶν.
