4156 6448
475 348 575 408 951

1075 346 1347 404 EUSEBll
1387 342 1865 401 C£SARIENSlS
1900 343 2051 400 OPI’.

2153 345 2274 401 ιιιδ
2312 345 2375 400 ll.
2415 376 2488 386 —
2523 345 3028 405 APOLOGETICA.

3641 352 3750 407 932

477 461 644 532 hujus
673 459 731 531 (Ι
760 459 884 514 Cor.
903 458 1129 529 vn,5|).
1164 479 1185 512 9
1207 458 1380 524 Quam
1397 460 1701 515 doctrinam
1720 460 2051 529 audiqucm-

2161 459 2351 513 τούτου
2370 477 2383 490 ·
2429 480 2447 510 ι
2479 460 2573 514 καὶ
2604 461 2632 513 ό
2666 460 2891 514 Πλάτων
2925 462 3088 515 ἄκουε
3118 460 3269 521 ὅπως
3309 458 3372 511 τὸ
3400 459 3579 531 δόγμα
3623 479 3751 515 συν-

475 553 771 610 admodum
789 551 943 607 Plato
969 552 1314 606 commendet
1330 552 1383 604 in
1406 550 1603 606 Timwo
1627 568 1643 606 :
1669 570 1688 603 ι
1701 553 1816 618 Qua
1833 565 1897 604 ex
1917 567 2051 609 cun-

473 645 779 716 junctione,
831 644 1027 713 inquit,
1082 645 1282 698 coelum
1342 645 1416 697 ita
1463 654 1647 713 aptum
1684 655 1789 710 est,
1841 655 1902 698 ut
1950 644 2054 698 sub

475 747 757 808 aspectum
784 746 838 791 ct
863 746 1066 791 tactum
1087 736 1267 790 cadat.
1292 737 1479 806 Itaque
1498 746 1551 791 et
1574 737 1645 791 ob
1666 752 1784 791 eam
1807 752 2053 803 causam,

474 831 627 885 etab
668 830 737 885 iis
785 830 949 885 rebus
978 844 1208 884 numero
1250 838 1487 899 quatuor
1516 830 1704 883 mundi
1739 838 1824 883 cst
1855 844 2056 898 corpus

475 926 751 986 eﬂ‘ectum,
787 940 851 978 ea
898 932 1270 978 constructum
1314 922 1685 992 preportione,
1738 936 1843 989 qua
1896 919 2052 973 dixi:

475 1031 539 1069 ex
571 1029 681 1085 quo
700 1014 816 1085 ipse
832 1029 953 1069 sese
981 1012 1241 1069 concordi
1266 1013 1502 1083 quadam
1522 1011 1765 1066 amicitia
1796 1020 1848 1065 et
1869 1012 2055 1065 chari-

476 1116 589 1161 tate
618 1105 1043 1175 complectitur;
1075 1115 1239 1173 atque
1272 1104 1346 1157 ita
1392 1114 1516 1172 apte
1548 1103 1807 1165 collarret,
1858 1113 1916 1154 ut
1944 1102 2058 1156 dis-

475 1198 613 1252 solvi
680 1196 833 1250 nullo
895 1195 1063 1249 modo
1109 1200 1318 1263 queat,
1355 1192 1460 1247 nisi
1506 1192 1574 1247 ab
1613 1191 1829 1255 eodem,
1882 1205 1914 1243 a
1945 1206 2056 1259 quo

474 1299 560 1345 est
573 1289 882 1359 colligatus.
911 1307 929 1339 ι
954 1284 1095 1341 Tum
1113 1285 1365 1355 pluribus
1389 1282 1719 1353 interjectis,
1740 1302 1760 1333 ι
1789 1281 2053 1353 Tempus,

476 1382 674 1450 inquit,
721 1396 828 1435 una
862 1395 986 1433 cum
1022 1377 1162 1432 caelo
1194 1375 1402 1431 factum
1451 1386 1557 1438 est,
1620 1384 1681 1429 ut
1729 1390 1851 1444 qua:
1894 1373 2057 1429 simul

476 1482 596 1526 orta
622 1479 769 1536 sunt,
797 1483 862 1524 ea
889 1468 1053 1524 simul
1076 1468 1239 1522 etiam
1266 1468 1658 1529 dissolvantur,
1685 1465 1731 1519 si
1758 1480 1868 1534 quo
1894 1465 2056 1518 modo

475 1580 718 1634 unquam
752 1560 1098 1617 dissolvenda
1117 1571 1263 1616 sunt.
1291 1580 1310 1612 ι
1329 1560 1475 1615 Idem
1498 1559 1586 1613 ubi
1613 1558 1864 1620 dixisset,
1890 1577 1908 1607 ι
1932 1555 2056 1611 Haec

476 1672 575 1712 vos
609 1656 702 1726 qui
737 1656 962 1710 deorum
994 1667 1116 1709 satu
1155 1653 1263 1708 orti
1293 1653 1428 1708 estis
1470 1650 1731 1705 attendite
1760 1669 1775 1704 :
1811 1650 2053 1715 Quorum

473 1762 701 1818 operum
733 1762 833 1817 ego
864 1762 1083 1816 parens,
1126 1744 1459 1813 eﬂ‘ectorque
1492 1759 1639 1809 sum,
1671 1758 1793 1812 quae
1836 1757 1929 1811 per
1968 1756 2056 1796 me

473 1839 639 1905 facta,
660 1856 767 1893 non
800 1848 928 1894 sunt
946 1838 1215 1893 dissoluta
1235 1852 1324 1893 me
1340 1836 1563 1899 invito”
1586 1833 1800 1888 subdit:
1824 1852 1842 1883 ι
1879 1832 2064 1899 Quan-

472 1949 637 2003 quam
667 1947 829 1987 omne
859 1931 1195 2001 colligatum,
1224 1929 1360 1986 solvi
1383 1936 1581 1999 potest.
1636 1926 1740 1983 Sed
1770 1928 2056 1995 haudqua—

473 2038 635 2090 quam
672 2023 799 2077 boni
835 2032 949 2087 est,
987 2023 1198 2076 ratione
1246 2021 1492 2075 vinctum
1545 2019 1683 2073 velle
1732 2018 2052 2073 dissolvere.

476 2116 582 2171 Sed
629 2117 891 2187 quoniam
939 2116 1043 2169 orti
1090 2116 1243 2181 estis,
1294 2114 1633 2169 immortales
1685 2128 1783 2167 vos
1834 2112 2053 2181 quidem

471 2223 595 2264 esse
656 2216 711 2262 et
753 2207 1158 2262 indissolubilcs
1214 2221 1323 2260 non
1384 2205 1615 2275 potestis
1661 2223 1674 2259 :
1737 2205 2053 2274 neutiquam

473 2311 655 2355 tamen
685 2298 1081 2362 dissolvemini,
1129 2312 1231 2352 nec
1254 2313 1353 2353 vos
1382 2298 1493 2352 ulla
1524 2297 1723 2351 mortis
1755 2294 1865 2350 fata
1912 2295 2057 2365 peri-

472 2402 661 2448 ment:
695 2391 987 2447 consilium
1021 2391 1166 2445 enim
1196 2406 1401 2456 meum,
1439 2388 1618 2458 majus
1648 2397 1733 2444 est
1776 2388 2055 2443 vinculum

473 2485 541 2539 ad
576 2484 995 2554 perpetuitatem
1029 2491 1289 2543 vestram,
1324 2497 1486 2551 quam
1523 2481 1635 2548 illa,
1667 2480 1868 2550 quibus
1897 2480 2052 2547 estis,

470 2588 586 2631 tum
619 2593 743 2630 cum
777 2574 1180 2645 gignebamini,
1216 2574 1479 2644 colligati.
1515 2592 1534 2625 ›
1563 2572 1706 2639 Quin
1733 2574 1897 2628 etiam
1939 2572 2056 2627 hac

472 2669 639 2723 habet
659 2668 712 2721 in
747 2668 1018 2723 Palilico:
1069 2688 1086 2718 ι
1114 2665 1249 2721 Nam
1282 2666 1522 2721 universi
1551 2665 1715 2735 hujus
1732 2664 1893 2720 modo
1909 2663 2054 2720 Deus

471 2761 590 2830 ipse
639 2760 785 2813 viam
835 2775 1175 2829 cursumque
1226 2758 1364 2824 regit
1414 2766 1577 2827 atque
1619 2765 1836 2822 versat,
1889 2758 2054 2811 modo

470 2857 652 2926 ipsum
682 2856 927 2922 dimittit,
957 2854 1046 2909 ubi
1071 2852 1335 2909 circuitus
1357 2852 1504 2921 justa
1543 2850 1918 2906 convenientis
1946 2849 2052 2904 sibi

470 2951 746 3006 curricula
779 2949 1042 3021 temporis
1078 2948 1445 3019 impleverint.
1476 2947 1619 3002 Idem
1647 2961 1741 3016 per
1762 2959 1885 3001 sese
1913 2960 2053 2999 non-

470 3058 754 3114 nunquam
790 3042 1069 3113 oppositas
1115 3041 1171 3096 in
1224 3048 1410 3110 partes
1444 3038 1813 3106 convertitur,
1860 3046 2053 3107 utpote

470 3135 616 3204 quod
667 3134 870 3189 animal
901 3133 993 3200 sit,
1029 3132 1484 3203 prudentiamque
1514 3131 1580 3186 ab
1614 3131 1709 3187 illo
1758 3130 1843 3187 sui
1892 3130 2052 3184 moli-

470 3237 591 3282 tore
617 3227 718 3281 sub
744 3225 905 3297 560
931 3234 1088 3279 ortus
1132 3225 1216 3278 sui
1251 3223 1581 3293 principium
1626 3221 1919 3290 acceperit.
1952 3220 2050 3273 At—

472 3336 580 3391 que
618 3321 732 3374 hzec
780 3317 1085 3387 retrogradi
1123 3325 1306 3370 motus
1354 3314 1518 3378 ratio,
1555 3314 1657 3382 ipsi
1689 3328 1720 3368 a
1768 3321 1965 3367 natura
2000 3311 2053 3365 vi

469 3415 708 3484 quadam
757 3408 1103 3465 necessitatis
1151 3408 1294 3462 hanc
1338 3407 1409 3462 ob
1453 3420 1679 3461 causam
1730 3406 1894 3460 insita
1944 3414 2048 3460 cst.

469 3503 645 3571 Quam
682 3514 739 3558 tu
785 3517 1008 3557 causam
1039 3500 1314 3555 obsecro?
1356 3498 1627 3553 Nimirum
1671 3498 1913 3570 ejusdem
1955 3513 2053 3551 na-

471 3608 612 3652 tura:
656 3596 899 3650 rationes
943 3608 1159 3663 semper
1214 3593 1433 3648 easdem
1487 3593 1743 3660 retinere,
1798 3593 2051 3664 idemque

473 3695 689 3765 penitus
719 3706 863 3755 esse,
899 3689 1063 3745 rebus
1091 3690 1360 3744 duntaxat
1388 3688 1749 3743 divinissimis
1771 3690 2048 3756 convenit,

474 3802 709 3855 quarum
751 3787 804 3840 in
837 3785 1030 3840 ordine
1080 3781 1324 3853 corporis
1373 3790 1566 3835 natura
1616 3795 1724 3834 non
1775 3791 2047 3837 censetur.

475 3878 609 3933 Illud
650 3878 867 3948 quidem
901 3875 1048 3945 quod
1095 3874 1294 3930 coclum
1342 3873 1506 3941 vulgo
1543 3872 1919 3942 mundumque
1950 3889 2050 3928 no-

476 3970 769 4032 minamus,
811 3966 1064 4038 plurimis
1103 3973 1159 4019 et
1207 3964 1516 4034 insignibus
1548 3979 1576 4017 a
1622 3963 1917 4019 Conditore
1946 3980 2049 4020 suo

474 4056 796 4111 muneribus
841 4063 1097 4110 ornatum
1154 4061 1287 4109 est:
1339 4053 1481 4108 idem
1533 4062 1735 4120 tamen,
1786 4054 1930 4124 quod
1991 4055 2046 4108 iu

467 4144 721 4213 corporis
770 4144 935 4199 etiam
973 4142 1419 4199 communionem
1465 4154 1716 4197 vocatum
1766 4145 1858 4210 sit,
1894 4145 2045 4199 omni

470 4252 698 4307 prorsus
731 4237 1035 4291 mutatione
1068 4250 1258 4292 carere
1287 4250 1394 4290 non
1442 4243 1642 4304 potest.
1677 4234 1946 4290 Caeterum
1994 4245 2048 4291 et

468 4328 659 4383 eodem
710 4328 765 4383 in
812 4328 1011 4398 spatio,
1049 4336 1318 4399 quantum
1371 4327 1473 4396 ipsi
1509 4326 1656 4393 licet,
1713 4336 1769 4381 et
1812 4328 2046 4382 rationis

468 4435 698 4491 prorsus
724 4421 968 4490 ejusdem
999 4430 1208 4475 motum
1242 4433 1458 4489 semper
1491 4433 1663 4473 unum
1696 4418 1928 4473 retinet:
1981 4434 2047 4474 ac

2160 553 2337 623 ίστησι
2366 553 2594 619 τούτων,
2617 554 2790 623 λέγων
2824 556 2883 607 ἐν
2917 555 3155 623 Τιμαίῳ·
3199 572 3217 604 ι
3254 554 3634 624 Ξυνεστήσατο
3660 555 3752 607 δὺ-

2160 644 2317 715 ρανὸν
2350 644 2460 715 (90)
2494 647 2690 717 ὁρατὸν
2734 646 2829 699 καὶ
2859 646 3029 699 ἁπτόν
3048 661 3063 676 ·
3103 646 3200 699 καὶ
3235 646 3325 700 διὰ
3382 644 3559 700 ταῦτα
3586 644 3654 698 ἐκ
3685 663 3747 700 τε

2155 737 2218 809 δὴ
2264 738 2372 791 τῶν
2426 740 2685 793 τοιούτων
2727 740 2823 793 καὶ
2849 738 2959 792 τῶν
2994 739 3229 811 ἀριθμὸν
3260 740 3539 811 τεττάρων
3565 739 3629 792 τὸ
3652 739 3749 792 τοῦ

2158 831 2359 900 κόσμου
2400 830 2559 901 σῶμα
2594 830 2881 902 ἐγεννήθη,
2915 828 2974 885 δι’
3032 831 3327 900 ἀναλογίας
3369 830 3745 902 ὁμολογῆσανο

2158 921 2338 991 φιλίαν
2365 940 2425 976 τε
2453 923 2609 994 ἔσχεν
2641 925 2707 976 ὲκ
2735 923 2962 987 τούτων,
2994 924 3070 988 ὡς
3103 925 3185 987 εἰς
3215 924 3411 977 ταυτὸν
3443 922 3595 993 αὐτῷ
3623 922 3752 989 ξυν-

2157 1011 2331 1074 ελθὺν,
2360 1013 2555 1066 ἄλυτον
2598 1013 2703 1066 ὑπὸ
2745 1013 2854 1065 τῶν
2897 1013 3092 1079 ἄλλων,
3125 1012 3263 1085 πλὴν
3292 1013 3400 1067 ὑπὸ
3425 1012 3520 1066 τοῦ
3553 1012 3749 1085 ξύνδη-

2159 1119 2349 1167 σαντος
2374 1103 2680 1172 γενέσθαι.»
2707 1101 2820 1157 Εἶθ’
2849 1104 2977 1176 ἑξῆς
3005 1122 3158 1177 φησι·
3184 1124 3203 1157 ι
3224 1106 3429 1172 Χρόνος
3451 1107 3497 1160 δ’
3523 1103 3617 1161 οὖν
3634 1108 3749 1177 (91)

2160 1194 2299 1267 μετὰ
2337 1196 2568 1268 οὐρανοῦ
2609 1196 2854 1265 γέγονεν,
2894 1198 2982 1250 ἵνα
3030 1198 3145 1269 ἅμα
3196 1198 3583 1270 γεννηθέντες,
3633 1200 3753 1272 ἅμα

2157 1290 2251 1342 καὶ
2300 1289 2553 1355 λυθῶσιν,
2602 1291 2668 1345 ἄν
2708 1307 2839 1343 ποτε
2886 1288 3041 1354 λύσις
3071 1308 3157 1355 τις
3186 1293 3367 1347 αὐτῶν
3402 1292 3679 1362 γίγνηται.
3721 1312 3743 1346 ι

2158 1384 2269 1437 Καὶ
2308 1382 2470 1437 πάλιν
2525 1382 2694 1436 εἰπὼν
2716 1382 2852 1450 (92),
2891 1404 2907 1435 ι
2961 1384 3088 1438 Θεοὶ
3136 1383 3297 1450 θεῶν,
3325 1381 3401 1439 ὧν
3445 1384 3558 1453 ἐγὼ
3588 1385 3755 1458 δημι-

2157 1474 2372 1545 ουργὸς,
2407 1474 2591 1545 πατήρ
2613 1490 2673 1526 τε
2703 1473 2898 1545 ἔργων,
2929 1473 2966 1528 ἃ
2991 1474 3060 1527 δι’
3092 1474 3227 1546 ἐμοῦ
3258 1475 3545 1546 γενόμενα,
3579 1475 3754 1532 ἄλυτα

2158 1565 2293 1637 ἐμοῦ
2327 1583 2392 1635 γε
2415 1566 2661 1630 θέλοντος
2687 1566 2819 1637 (95)·
2845 1587 2864 1619 ι
2897 1568 3092 1636 ὲπάγει
3112 1568 3286 1636 λέγων
3318 1568 3464 1640 ἑξῆς·
3499 1586 3519 1620 ι
3549 1568 3624 1622 Τὸ
3649 1568 3752 1640 μὲν

2157 1653 2249 1711 οῦν
2287 1655 2352 1728 δὴ
2382 1655 2533 1709 δεθὲν
2582 1658 2689 1709 πᾶν
2733 1656 2889 1710 λυτόν
2909 1675 2921 1686 ·
2952 1652 3106 1726 τόγε
3142 1658 3250 1730 μὴν
3286 1658 3468 1723 καλῶς
3503 1659 3751 1732 άρμοθὲν

2161 1750 2255 1803 καὶ
2305 1748 2428 1819 ἔχον
2477 1742 2560 1811 εὖ,
2601 1748 2751 1803 λύειν
2794 1748 3019 1816 ἐθέλειν,
3048 1750 3240 1804 κακοῦ.
3266 1751 3358 1805 Διὸ
3394 1752 3490 1806 καὶ
3516 1752 3751 1827 ἐπείπερ

2094 1838 2136 1891 Β
2163 1837 2481 1909 γεγένησθε,
2514 1836 2772 1892 ἀθάνατοι
2824 1839 2922 1910 μὲν
2971 1838 3071 1892 οῦκ
3120 1841 3264 1907 ὲστε,
3296 1841 3405 1895 οὐδ’
3452 1841 3638 1895 ἄλυτοι
3686 1841 3753 1897 τὸ

2158 1931 2408 2000 πάμπαν.
2440 1927 2568 1982 υῦτι
2618 1930 2717 2000 μὲν
2754 1929 2818 2001 δὴ
2846 1930 3148 2003 λυθήσεσθέ
3196 1949 3282 2001 γε,
3325 1934 3449 1988 οὐδὲ
3493 1933 3752 2001 τεύξεσθε

2157 2020 2386 2074 θανάτου
2442 2022 2659 2094 μοίρας,
2693 2022 2792 2093 τῆς
2842 2022 2983 2094 ὲμῆς
3028 2023 3337 2096 βουλήσεως
3384 2025 3633 2097 μείζονος
3666 2027 3752 2083 ἔτι

2155 2113 2356 2185 δεσμοῦ
2381 2115 2477 2167 καὶ
2504 2114 2838 2186 κυριωτέρου
2864 2115 3120 2185 λαχόντες
3153 2118 3396 2183 ἐκείνων,
3416 2114 3499 2184 οἷς
3526 2121 3604 2173 ὅτ’
3633 2121 3752 2190 ὲγί-

2156 2206 2351 2274 γνεσθε
2391 2206 2522 2278 (94),
2556 2205 2881 2261 συνεδεῖσθε.
2921 2226 2941 2260 ι
2973 2209 3085 2262 Καὶ
3123 2211 3182 2263 ὲν
3222 2210 3304 2281 τῷ
3347 2210 3644 2277 Πολιτικῷ
3684 2212 3748 2266 δὲ

2155 2299 2282 2351 τάδε
2308 2300 2338 2351 ό
2366 2299 2528 2361 αὐτός
2557 2314 2694 2369 φησι
2718 2315 2732 2329 ·
2774 2318 2794 2350 ι
2822 2299 2895 2352 Τὸ
2926 2298 3036 2371 γὰρ
3069 2301 3175 2355 πᾶν
3201 2301 3314 2373 (95)
3341 2302 3462 2356 τόδε
3496 2303 3620 2357 τοτὲ
3650 2304 3753 2376 μὲν

2156 2392 2317 2455 αὐτὸς
2349 2393 2378 2444 ό
2415 2391 2551 2455 Θεὸς
2579 2391 2918 2463 ξυμποδηγεί
2945 2393 3310 2464 πορευόμενος
3336 2393 3467 2468 (96),
3495 2395 3591 2450 καὶ
3621 2397 3752 2467 ξυγ-

2156 2484 2376 2538 κυκλεῖ·
2406 2485 2532 2538 τοτὲ
2556 2485 2600 2537 δ’
2634 2485 2854 2556 ἀνῆκεν,
2885 2485 3011 2539 ὅταν
3043 2488 3100 2539 at
3155 2486 3396 2559 ’περίοδοι
3442 2488 3539 2542 τοῦ
3573 2505 3748 2561 προσ-

2155 2575 2381 2645 ήκοντος
2430 2573 2581 2645 αὑτῷ
2626 2574 2827 2646 μέτρον
2869 2575 3161 2646 είλήφωσιν
3212 2577 3314 2648 ἤδη
3360 2579 3553 2650 χρόνου
3574 2597 3588 2611 '
3623 2580 3749 2635 τοτὲ

2154 2665 2211 2719 δὲ
2239 2666 2401 2720 πάλιν
2453 2666 2758 2737 αὐτόματον
2789 2667 2871 2729 είς
2916 2666 3176 2721 τάναντία
3222 2672 3569 2742 περιάγεται,
3602 2672 3745 2737 ζῶον

2154 2758 2235 2823 ὃν,
2265 2760 2360 2814 καὶ
2392 2759 2656 2832 φρόνησιν
2688 2758 2909 2830 εἰληφὸς
2937 2760 3048 2831 (97)
3078 2762 3143 2815 ὲκ
3179 2761 3274 2815 τοῦ
3308 2761 3751 2837 ξυναρμόσαντος

2154 2852 2286 2906 αὐτὸ
2334 2852 2634 2925 καταρχὰς.
2671 2851 2843 2906 Τοῦτο
2886 2852 2943 2905 δὲ
2983 2853 3134 2925 αὑτῷ
3169 2853 3232 2908 τὸ
3261 2855 3421 2910 πάλιν
3460 2856 3570 2929 (98)
3608 2858 3750 2914 ίέναι

2152 2944 2240 2998 διὰ
2287 2944 2405 2998 τόδε
2445 2944 2507 3008 ἐξ
2543 2945 2789 3013 ἀνάγκης
2833 2943 3073 3014 ἔμφυλον
3134 2947 3419 3014 γεγονέναι
3478 2949 3624 3022 (99);
3674 2980 3749 2994 —-

2153 3037 2254 3091 Διὰ
2277 3038 2340 3092 τὸ
2372 3039 2523 3091 ποῖον
2554 3037 2618 3108 δή
2653 3038 2767 3108 (1);
2799 3069 2870 3078 -
2904 3038 2977 3091 Τὸ
3009 3038 3146 3111 μετὰ
3177 3040 3245 3095 τά
3272 3041 3416 3095 αὐτὰ
3440 3043 3534 3097 καὶ
3564 3043 3749 3098 ὡσαύ-

2155 3147 2264 3194 τως
2292 3129 2438 3200 ἐχειν
2460 3130 2567 3193 ἀεὶ,
2598 3131 2693 3184 καὶ
2722 3130 2919 3185 ταυτὸν
2947 3129 3107 3197 εἶναι,
3137 3135 3253 3197 τοῖς
3291 3132 3509 3188 πάντων
3538 3135 3750 3191 θειοτά-

2155 3239 2270 3285 τοις
2296 3224 2562 3295 προσήκει
2591 3222 2801 3293 μόνοις·
2840 3223 3092 3296 σώματος
3115 3225 3173 3279 δὲ
3211 3225 3376 3295 φύσις
3418 3225 3494 3299 (ἳ)
3535 3228 3597 3281 ού
3623 3228 3750 3282 ταύ-

2153 3332 2255 3387 της
2282 3315 2381 3387 τῆς
2416 3315 2643 3381 τάξεως.
2674 3318 2771 3370 Ὃν
2809 3316 2874 3388 δὴ
2900 3317 2976 3390 (5)
3005 3317 3235 3389 οὐρανὸν
3280 3317 3375 3370 καὶ
3405 3318 3611 3388 κόσμον
3644 3321 3747 3371 ὲπ-

2153 3407 2538 3479 ωνομάκαμεν,
2555 3407 2764 3462 πολλῶν
2783 3407 2881 3478 μὲν
2910 3408 3007 3462 καὶ
3024 3408 3308 3479 μακαρίων
3338 3407 3488 3479 παρὰ
3501 3407 3597 3461 τοῦ
3627 3425 3747 3476 γεν-

2155 3503 2421 3573 νήσαντος
2457 3501 2811 3572 μετείληφενο
2835 3500 3011 3571 αὐτὰρ
3057 3495 3153 3554 οὖν
3184 3500 3248 3571 δὴ
3280 3498 3646 3570 κεκοινώνηκε
3677 3516 3743 3568 γε

2154 3595 2249 3647 καὶ
2278 3592 2555 3663 σώματος’
2580 3591 2702 3645 ὅθεν
2731 3591 2882 3661 αὺτῷ
2906 3589 3211 3662 μεταϐολῆς
3241 3590 3455 3661 ἀμοίρῳ
3490 3589 3741 3658 γίνεσθαι

2152 3683 2241 3737 διὰ
2283 3682 2485 3745 παντὸς
2532 3679 2810 3734 ἀδύνατον.
2836 3680 2995 3734 Κατὰ
3039 3678 3270 3750 δύναμίν
3302 3697 3367 3749 γε
3420 3677 3494 3752 μὴ
3521 3680 3605 3733 ὅτι
3636 3682 3742 3751 μά-

2152 3775 2310 3829 λιστα
2341 3776 2398 3828 ὲν
2417 3772 2493 3844 τῷ
2520 3771 2669 3842 αὐτῷ
2689 3771 2831 3826 κατὰ
2863 3772 2931 3826 τὰ
2959 3772 3101 3826 αὐτὰ
3129 3773 3259 3844 μίαν
3290 3772 3461 3845 φορὰν
3490 3776 3738 3840 κινεῖται,

2150 3867 2283 3921 διότι
2312 3866 2410 3938 τὴν
2450 3864 2816 3935 ἀνακύκλησιν
2853 3864 2927 3937 (4)
2963 3864 3176 3937 εἴληχεν
3236 3864 3319 3918 ὅτι
3368 3864 3742 3938 σμικροτάτην

2150 3960 2248 4030 τῆς
2271 3955 2465 4011 ἑαυτοῦ
2498 3957 2762 4027 κινήσεως
2796 3956 3144 4027 παράλλαξιν.
3166 3956 3306 4009 Αὐτὸ
3320 3957 3377 4010 δὲ
3393 3956 3553 4011 ἑαυτὸ
3584 3957 3744 4030 στρέ-

2153 4069 2274 4121 φειν
2298 4050 2385 4105 ἀεὶ
2419 4048 2607 4120 σχεδὸν
2641 4047 2816 4103 οὐδενὶ
2852 4049 3099 4113 δυνατὸν,
3128 4047 3267 4120 πλὴν
3305 4047 3383 4119 τῷ
3420 4048 3527 4101 τῶν
3560 4064 3741 4101 κινου-

2155 4144 2331 4216 μένων
2361 4139 2427 4199 αὖ
2459 4142 2674 4196 πάντων
2707 4143 3016 4215 ἡγουμένῳ.
3054 4144 3237 4196 Κινεῖν
3263 4141 3321 4195 δὲ
3352 4140 3509 4193 τοῦτό
3534 4157 3587 4194 τι
3615 4141 3741 4195 τοτὲ

2154 4238 2253 4309 μὲν
2286 4237 2479 4301 ἄλλως,
2509 4230 2665 4299 αὖθις
2697 4234 2740 4287 δ’
2768 4235 3049 4298 ἐναντίως,
3081 4235 3142 4287 οὐ
3173 4232 3349 4304 θέμις.
3383 4234 3476 4287 Ἐκ
3519 4233 3741 4289 πάντων

2149 4329 2212 4402 δὴ
2248 4330 2454 4383 τούτων
2508 4327 2598 4382 τὸν
2634 4328 2840 4400 κόσμον
2888 4329 3024 4400 μήτε
3062 4326 3224 4380 αὐτὸν
3251 4325 3356 4398 χρὴ
3390 4326 3555 4395 φάναι
3590 4326 3741 4399 στρέ-

2150 4402 2280 4492 ςρειν⁴
2314 4420 2504 4476 ἑαυτὸν
2548 4421 2657 4485 ἀεὶ,
2706 4421 2830 4493 μήθ’
2881 4420 3000 4473 ὅλον
3055 4419 3160 4472 ὑπὸ
3212 4417 3347 4471 Θεοῦ
3408 4416 3740 4491 στρέφεσθαι

468 4521 757 4583 propterea
781 4514 884 4568 hoc
907 4495 1267 4567 revolutionis
1291 4525 1462 4581 genus
1484 4509 1737 4565 sortitum
1766 4519 1869 4576 est,
1896 4509 2045 4579 quod

2153 4515 2354 4580 διττάς,
2391 4515 2484 4569 καὶ
2524 4514 2770 4577 ἐναντίας
2800 4511 3183 4585 περιαγωγάς·
3222 4510 3346 4582 μήτ’
3380 4505 3446 4565 αῦ
3490 4511 3603 4564 τινὲ
3643 4510 3739 4565 δύο

467 4605 816 4675 perexiguam
851 4604 956 4674 ipsi
992 4613 1177 4659 motus
1212 4604 1298 4658 sui
1329 4602 1816 4657 commutationem
1856 4616 1921 4657 ac
1952 4617 2049 4656 va-

466 4697 715 4751 rietatem
747 4695 983 4752 afferret.
1036 4695 1329 4750 Enimvero
1382 4694 1519 4748 nihil
1577 4693 1868 4748 admodum
1925 4702 2046 4760 est,

466 4785 616 4855 quod
646 4787 888 4857 seipsum
917 4796 1181 4858 perpetuo
1206 4799 1431 4841 versare
1468 4792 1655 4855 queat,
1688 4793 1885 4853 praeter
1911 4783 2046 4840 illud

465 4879 615 4950 quod
666 4880 914 4934 omnium
943 4894 1066 4948 quae
1114 4887 1405 4933 moventur
1436 4874 1851 4931 conversionem
1886 4875 2043 4946 regit.

540 4992 652 5127 (90)
691 4991 1120 5083 Ξυνεστήσαξο
1143 4992 1420 5060 οὐρανόν.
1449 4988 1623 5054 Plato,
1656 4986 1814 5054 ibid.,
1837 5004 1892 5059 p.
1917 4989 2044 5047 527.

540 5066 622 5127 (91
690 5064 917 5127 Χρόνος
936 5064 987 5116 δ’
1014 5081 1147 5120 ουν.
1182 5063 1355 5127 Plato,
1381 5077 1503 5127 pag.
1528 5062 1654 5117 529.

540 5060 652 5135 (91)
690 5064 917 5135 ξίρόνος
936 5064 987 5116 δ’
1014 5060 1147 5120 οὖν.
1182 5063 1355 5128 Plato,
1380 5077 1503 5132 pag.
1528 5062 1654 5117 529.

540 5133 654 5202 (92)
694 5133 868 5197 Plato,
906 5146 1041 5204 pag.’
1058 5136 1181 5190 550.

541 5205 649 5273 (95)
701 5203 881 5274 Ἐμοῦ
906 5201 1124 5274 ῖνεθέλ.
1153 5205 1225 5259 Ita
1255 5205 1418 5259 etiam
1452 5201 1629 5257 Plato.
1657 5204 1725 5258 At
1763 5216 2041 5257 manuscr.

467 5276 666 5332 Euseb.
694 5274 831 5347 ἐμοῦ
855 5292 919 5344 γε
950 5275 1024 5348 μὴ
1051 5274 1165 5330 θέλ.
1195 5275 1371 5341 Quam
1402 5274 1688 5330 lectionem
1713 5283 1935 5329 secutus
1962 5281 2046 5328 est

465 5349 682 5409 Cicero,
717 5363 842 5401 cum
870 5349 1051 5401 locum
1076 5348 1241 5402 istum
1271 5353 1526 5400 verteret.

542 5416 656 5486 (94)
695 5417 821 5471 Ὅτε
870 5417 1202 5486 ὲγίγνεσθε.
1238 5415 1538 5486 Manuscr.,
1563 5415 1641 5467 ὅτ’
1666 5416 1835 5485 ἐγιγ.,
1872 5421 2038 5472 recte.

464 5484 687 5558 Namet
710 5485 884 5552 Plato,
913 5484 1012 5558 of,
1041 5503 1164 5542 cum
1200 5484 1553 5558 apostrnphe.

541 5557 651 5628 (2)5)
698 5558 769 5612 Τὸ
793 5559 905 5627 γὰρ
925 5555 1067 5611 πᾶν.
1103 5554 1259 5613 Plato
1295 5557 1347 5610 in
1377 5554 1628 5628 Politico,
1659 5572 1783 5628 pag.
1819 5556 1943 5611 174.

537 5627 646 5702 (96)
686 5626 1112 5702 Πορεύόμενος.
1162 5630 1259 5701 Γρ.
1307 5637 1362 5683 et
1408 5626 1597 5695 Plato,
1653 5626 2038 5702 ἁτορευόμενον.

463 5701 623 5771 ψιιῆ
645 5700 818 5767 magis
850 5700 1044 5771 placet.

537 5768 624 5838 (97
690 5771 974 5837 Εἰληςρός.
1006 5769 1178 5832 Plato.
1207 5768 1440 5841 είληχός.

541 5774 652 5911 (98)
691 5838 904 5897 Πάλιν.
948 5839 1098 5897 Plato
1129 5842 1346 5910 melius,
1373 5841 1437 5895 ἀν

541 5837 652 5910 (98)
691 5838 904 5897 Πάλιν.
948 5839 1098 5897 Plato
1129 5837 1660 5910 meliuﬁdvémktv.

2154 4608 2284 4671 θεὼ,
2336 4607 2628 4682 φρονοῦντε
2684 4608 2867 4668 αὐτοῖς
2928 4602 3179 4665 ἐναντία,
3238 4602 3490 4673 στρέφειν
3549 4603 3732 4657 αὐτόν.

2165 4700 2302 4755 Ἀλλ’
2339 4703 2475 4771 ὅπερ
2515 4700 2641 4772 ἄρτι
2673 4697 2894 4771 ἐρρέθη,
2928 4695 3020 4749 καὶ
3056 4694 3215 4766 μόνον
3240 4692 3450 4759 λοιπὸν,
3479 4696 3601 4749 τοτὲ
3635 4696 3737 4767 μὲν

2151 4793 2244 4846 ὑπ’
2272 4792 2437 4864 ἄλλης
2464 4788 2927 4863 ξυμποδηγεῖσθαι
2956 4787 3103 4851 θείας
3129 4786 3328 4851 αἰτίας,
3358 4785 3418 4840 τὸ
3443 4786 3542 4859 ζῇν
3574 4789 3738 4843 πάλιν

2149 4883 2545 4955 ὲπικτώμενον,
2577 4882 2673 4935 καὶ
2713 4879 3060 4950 λαμϐάνοντα
3097 4876 3397 4933 ἀθανασίαν
3441 4880 3736 4934 ἐπισκευα-

2227 4998 2338 5069 (99)
2361 4997 2703 5069 Γεγονέτω.
2726 4994 2882 5049 Plato
2918 5006 2973 5050 et
3008 5010 3256 5069 manusc.
3288 4992 3487 5049 Euseb.
3516 4994 3731 5065 γέγονε,

2148 5066 2267 5125 sine
2304 5066 2745 5134 interrogatione,
2782 5080 2905 5134 quae
2938 5081 3063 5120 vera
3097 5066 3257 5120 lectio
3284 5076 3386 5119 est.

2220 5085 2267 5123 ie
2304 5083 2506 5122 interro
2545 5083 2745 5126 attone,
2782 5083 2905 5134 quae
2938 5083 3063 5120 vera
3098 5083 3257 5120 iecuo
3284 5083 3386 5119 ρει.

2220 5139 2296 5209 (1)
2339 5139 2443 5191 Διὰ
2478 5083 2543 5189 eg
2586 5136 2758 5209 ποῖον
2816 5133 2922 5209 δῇ,
2970 5145 3076 5191 etc.
3128 5136 3204 5190 Ita
3247 5135 3735 5209 rescripsimnset

2146 5205 2501 5263 distinximus
2535 5222 2598 5276 ex
2628 5208 2821 5261 eodem
2856 5206 3102 5269 Platone,
3129 5205 3269 5275 apud
3301 5220 3462 5276 quem
3490 5207 3615 5268 ista,
3641 5205 3732 5261 διὰ

2146 5279 2207 5332 τὸ
2238 5281 2389 5331 ποῖον
2432 5278 2496 5349 δή
2535 5274 2770 5349 Socrati,
2822 5292 2944 5346 quae
2978 5274 3327 5349 sequuntur,
3362 5276 3561 5346 hospiti
3601 5292 3728 5333 cum

2144 5365 2211 5404 eo
2237 5348 2538 5419 disputanti
2566 5348 2904 5419 tribuuntur.

2218 5418 2295 5491 (2)
2325 5417 2409 5472 ’Δὲ
2437 5419 2645 5488 φύσις.
2700 5417 2776 5473 Ita
2809 5417 2960 5491 Plato
2986 5427 3039 5473 et
3055 5433 3311 5491 manusc.
3348 5422 3505 5475 Prior
3533 5426 3725 5482 editio,

2146 5488 2285 5545 inter
2316 5499 2606 5557 utramque
2636 5505 2843 5546 vocem.
2870 5489 3146 5544 inserebat
3177 5488 3313 5544 ἐστί.

2218 5561 2295 5629 (5)
2342 5562 2445 5632 Ὃν
2475 5559 2574 5626 δή.
2606 5561 2703 5632 Γρ.
2729 5570 2784 5615 et
2817 5558 2991 5632 Plato,
3023 5559 3081 5613 ὃν
3112 5559 3191 5613 δέ.
3222 5559 3391 5632 Elige.

2216 5631 2293 5700 (4)
2345 5629 2809 5697 Ἀνακύκλὴσιν.
2876 5629 3099 5687 Ficinus
3159 5629 3336 5685 reddit
3385 5630 3669 5689 circuitum
3705 5645 3725 5682 :

2144 5702 2522 5757 reuelationem
2566 5702 2763 5766 malui,
2806 5716 2929 5770 qua:
2973 5717 3076 5755 vox
3122 5703 3482 5758 mutationem
3526 5710 3583 5756 et
3636 5715 3727 5755 re-

2144 5788 2391 5844 gressum
2426 5771 2671 5843 involvit,
2701 5772 2767 5828 de
2799 5787 2909 5844 quo
2938 5773 3011 5829 ibi
3036 5772 3210 5828 Plato.
