4156 6418
563 322 675 380 953

1240 320 1513 378 EUSEBH
1554 315 2036 375 (ΣιΕΞΑῐὶιΕΝΞΙΞ
2077 314 2145 372 Ol

2274 315 2458 371 PARS
2500 316 2561 372 Il.
2607 349 2675 359 —
2707 315 3209 372 APOLOGETICA.

3728 314 3830 373 9'56

562 453 847 510 praecones
880 436 1195 501 habuimus,
1242 436 1328 491 cui
1360 434 1496 491 ﬁdes
1525 434 1710 499 hodie,
1740 444 1946 491 temere
1975 433 2143 491 nimis

2248 430 2455 485 πολλῶν
2501 433 2601 486 οὐκ
2653 433 2829 501 ὀρθῶς
2879 430 3251 487 ἀπιστοῦνται.
3303 429 3378 482 Τὸ
3412 427 3520 500 γάρ
3561 424 3831 492 ἐντεῦθεν,

563 548 629 587 ac
667 532 859 586 ieviler
891 546 919 584 a
962 530 1236 598 plerisque
1279 528 1605 584 detrahitur.
1653 525 1790 581 Nam
1819 526 1966 594 quod
2018 525 2144 581 inde

563 636 906 693 consequens
937 632 1040 686 est,
1068 621 1175 675 hoc
1204 621 1259 675 in
1292 619 1485 689 primis
1517 618 1753 689 cogitare
1783 634 1882 672 nos
1908 626 2141 687 oportet.

562 714 717 781 Quod
763 714 909 768 enim
952 726 1248 782 puerorum
1293 711 1349 765 in
1382 719 1634 764 naturam
1668 724 1831 763 senes
1883 708 2144 773 redeant,

562 808 693 862 huic
725 820 854 860 vero
892 804 1175 859 cohaerens
1202 810 1258 857 et
1288 800 1447 856 aliine
1475 809 1581 865 est,
1615 808 1678 855 ut
1707 799 2049 855 ex-mortuis
2083 814 2147 855 ac

560 903 705 948 terra
733 890 1096 961 consepultis,
1127 891 1500 946 coalescentes
1524 891 1705 945 denuo
1730 889 2149 946 reviviscentes-

558 1001 667 1053 que
716 986 1013 1049 nonnulli,
1070 1000 1270 1040 novam
1328 984 1744 1039 conversionem
1802 991 2143 1052 sequantur,

560 1090 686 1134 ortu
719 1079 885 1133 simul
916 1064 1037 1148 ipso
1080 1076 1421 1131 contrarium
1454 1075 1507 1128 in
1536 1075 1724 1129 orbem
1755 1074 2044 1128 revoluto:
2081 1086 2147 1128 ac

557 1173 807 1243 proinde,
842 1172 988 1242 quod
1021 1171 1171 1225 hunc
1206 1170 1260 1223 in
1294 1171 1518 1223 modum
1550 1183 1616 1222 ex
1645 1176 1791 1221 terra
1821 1167 1926 1220 sati
1961 1180 2149 1220 neces-

558 1266 709 1320 sario
740 1264 1025 1334 prodeant,
1055 1264 1136 1319 sic
1158 1264 1323 1317 etiam
1350 1259 1571 1315 nomine
1595 1259 1761 1313 simul
1790 1267 1843 1313 et
1867 1256 2146 1312 communi

560 1357 844 1413 hominum
866 1374 1119 1414 sermone
1137 1357 1776 1428 appellentur-,qumquot
1797 1368 1863 1407 ex
1893 1351 1961 1408 iis
1982 1352 2144 1407 aliam

559 1451 614 1505 in
649 1462 849 1507 sortem
879 1450 990 1506 Deo
1014 1451 1381 1506 transcribere
1402 1465 1510 1515 non
1534 1447 1758 1518 placuit.
1784 1444 1901 1501 Hoc
1924 1446 2145 1516 quidem

558 1560 624 1598 ex
655 1543 1031 1614 superioribus
1055 1543 1283 1600 omnino
1309 1541 1578 1611 sequitur.
1611 1538 1790 1602 iiTum
1824 1552 2148 1608 progressus

556 1638 726 1691 etiam
759 1636 1009 1702 ulterius,
1038 1635 1105 1690 de
1132 1649 1389 1704 supremo
1419 1631 1608 1688 mundi
1638 1630 1764 1695 line,
1792 1628 2148 1685 Hebraeorum

557 1726 826 1782 doctrinae
855 1726 1074 1797 gemina
1107 1725 1544 1796 philosophatur,
1584 1722 1731 1776 hunc
1760 1722 1813 1774 in
1846 1719 2092 1777 modum.

1014 1838 1175 1910 562
1203 1835 1435 1892 CAPUT
1461 1834 1703 1889 xxxrv.

991 1931 1066 1987 De
1090 1947 1337 2000 supremo
1369 1929 1553 1983 mundi
1592 1930 1717 2000 ﬁne.

635 2043 657 2076 ‹
676 2023 1037 2095 Posteaquam
1069 2025 1214 2078 enim
1243 2024 1475 2078 istorum
1508 2023 1755 2077 omnium
1777 2030 1992 2091 tempus
2013 2035 2145 2076 exa-

557 2125 708 2171 ctum
755 2126 931 2180 esset,
981 2131 1107 2170 cum
1158 2115 1381 2170 evenire
1430 2115 1793 2169 mutationem
1843 2124 2142 2183 Oporteret,

554 2210 781 2279 jamque
813 2209 953 2264 adeo
1000 2218 1277 2263 terrenum
1327 2223 1500 2278 genus
1535 2207 1851 2261 universum
1897 2206 2144 2261 funditus

560 2299 896 2355 exhaustum
923 2308 1071 2354 esset
1096 2317 1110 2353 :
1144 2299 1347 2369 quippe
1372 2297 1520 2367 quod
1554 2312 1685 2353 suas
1704 2312 1898 2352 omnes
1926 2296 2143 2351 animus

556 2393 792 2462 quilibet
832 2391 1215 2458 generationes
1247 2399 1738 2461 repraesentaverat
1768 2405 1894 2444 cum
1947 2391 2003 2444 in
2036 2397 2146 2444 ter-

556 2499 676 2539 ram
706 2483 971 2552 imperata
994 2481 1097 2538 sibi
1122 2482 1359 2552 quisque
1387 2481 1598 2537 semina
1628 2478 2004 2550 profudisset:
2027 2488 2143 2534 tum

557 2590 690 2630 vero
717 2575 963 2629 universi
1002 2574 1331 2639 Moderator,
1360 2572 1443 2628 sic
1479 2578 1743 2641 tanquam
1786 2572 2145 2642 gubernaculi

560 2667 790 2724 dimisso
822 2667 1000 2731 clavo,
1037 2681 1161 2722 sese
1191 2665 1451 2734 deinceps
1480 2664 1549 2720 ad
1575 2664 1662 2720 sui
1698 2664 1875 2734 ipsius
1902 2672 2146 2719 contem-

558 2761 863 2832 plationem
898 2760 1123 2829 recepit,
1160 2757 1441 2828 latumque
1463 2772 1660 2813 rursus
1693 2756 1967 2827 insitaque
1990 2755 2147 2825 cupi-

553 2854 701 2910 .)i'as
748 2853 1017 2908 mundum
1062 2865 1286 2907 versare
1316 2851 1503 2920 coepit.
1539 2848 1682 2920 Ergo
1708 2848 1891 2905 caeteri
1924 2862 2146 2919 quoque

554 2946 653 3010 dit,
693 2958 914 3003 summo
941 2959 1067 3000 cum
1096 2942 1332 2998 Numine
1375 2941 1494 2997 suis
1523 2941 1731 3011 quique
1780 2938 2022 3011 praefecti
2056 2953 2145 2994 re-

555 3039 836 3110 gionibus,
885 3037 980 3092 ubi
1028 3050 1145 3092 rem
1176 3034 1599 3101 intellexissent,
1647 3042 1834 3104 partes
1876 3032 2145 3088 continuo

2246 518 2422 593 οἶμαι,
2449 522 2555 594 χρὴ
2588 521 2841 587 ξυννοεῖν.
2881 522 3168 594 Ἐχὸμενον
3201 521 3298 592 μὲν
3326 519 3436 591 γάρ
3466 519 3579 571 ἐστι
3612 517 3687 587 τῷ
3708 518 3833 582 τοὺς

2250 613 2561 685 πρεσϐύτας
2604 614 2697 668 ἐπὶ
2738 616 2838 687 τὴν
2867 614 2961 668 τοῦ
2996 614 3185 678 παιδὸς
3240 613 3375 666 ίέναι
3394 610 3574 681 φύσιν,
3616 611 3681 663 ὲκ
3724 609 3835 662 τῶν

2246 705 2706 780 τετελευτηκότων
2729 703 2818 772 αὖ,
2837 706 3103 778 κειμένων
3122 706 3165 759 δ’
3184 708 3243 759 ὲν
3268 708 3362 776 γῇ,
3380 703 3540 757 πάλιν
3563 704 3681 756 ἐκεῖ
3707 719 3833 755 συν-

2249 801 2571 873 ισταμένους
2595 802 2690 857 καὶ
2711 799 3240 871 ἀναὸιωσκομένους,
3273 797 3504 859 ἕπεσθαι
3544 799 3612 868 τῇ
3633 798 3834 869 τροπῇ,

2248 890 2827 962 ξυνανακυκλουμένης
2869 892 2949 955 εἰς
2992 888 3250 944 τάναντία
3283 888 3383 958 τῆς
3406 886 3704 955 γενέσεως·
3738 884 3837 939 καὶ

2248 986 2500 1052 γηγενεῖς
2528 983 2585 1036 δὲ
2614 983 2755 1038 κατά
2774 981 2966 1037 τοῦτον
3002 982 3091 1036 τὸν
3119 982 3317 1054 τρόπον
3346 978 3406 1043 ἐξ
3433 979 3679 1050 ἀνάγκης
3705 994 3836 1047 φυο-

2251 1077 2466 1148 μένους,
2514 1075 2687 1139 οὔτως
2743 1074 2888 1147 ἔχειν
2929 1072 3169 1146 τοῦνομα
3200 1073 3295 1127 καὶ
3330 1071 3421 1126 τὸν
3465 1069 3643 1138 λόγον,
3675 1069 3838 1135 ὅσους

2251 1170 2328 1241 μὴ
2361 1168 2493 1232 Θεὸς
2519 1166 2699 1221 αὐτῶν
2739 1167 2819 1232 εἰς
2847 1166 3242 1238 ἄλληννμοῑραν
3281 1164 3505 1236 ἐκόμισε
3555 1161 3686 1235 (14).
3729 1163 3839 1217 Κο-

2252 1259 2385 1331 μιδῆ
2410 1260 2508 1331 μὲν
2532 1253 2625 1313 οὖν
2660 1256 2819 1313 τοῦτό
2858 1275 2923 1328 γε
2959 1258 3150 1313 ἕπεται
3176 1259 3286 1322 τοῖς
3316 1254 3644 1328 ἔμπροσθεν.
3679 1273 3700 1307 ι
3720 1249 3836 1307 Εἶτ’

2251 1347 2320 1406 αὖ
2343 1352 2503 1407 πάλιν
2521 1351 2650 1422 ὲξῆς
2669 1349 2896 1424 προῖὼν,
2918 1349 2989 1405 τά
3001 1350 3164 1421 ὅμοια
3177 1352 3291 1415 τοῖς
3312 1345 3577 1421 Ἐϐραίων
3599 1346 3838 1417 δόγμασι

2250 1444 2381 1515 περὶ
2415 1443 2516 1515 τῆς
2556 1442 2653 1497 τοῦ
2697 1442 2903 1513 κόσμου
2939 1440 3247 1506 συντελείας
3275 1439 3464 1495 τοῦτον
3489 1438 3710 1505 διέξεισι
3740 1436 3838 1491 τὸν

2249 1534 2472 1607 τρόπον.

2761 1818 3158 1874 ΚΕΦΔΛΑΙΟΝ
3199 1820 3321 1873 ΛΔ’.

2554 1912 2694 1980 Περὶ
2726 1912 3087 1978 συντελείας
3118 1911 3228 1967 τοῦ
3270 1910 3523 1980 κόσμου.

2323 2023 2345 2057 ι
2367 2003 2584 2075 Ἐπειδὴ
2615 2003 2726 2075 (15)
2752 2002 2863 2077 γὰρ
2891 2003 3111 2059 πάντων
3139 2003 3347 2058 τούτων
3373 2002 3566 2073 χρόνος
3595 2000 3838 2057 ἐτελειώ-

2244 2096 2335 2171 θη,
2353 2098 2448 2152 καὶ
2475 2096 2776 2170 μεταδολὴν
2805 2097 2911 2151 ἔδει
2932 2097 3205 2167 γενέσθαι,
3234 2096 3332 2151 καὶ
3352 2096 3416 2168 δὴ
3438 2096 3534 2152 καὶ
3560 2100 3623 2151 τὸ
3651 2098 3839 2170 γήϊνον

2245 2189 2349 2262 ήδη
2400 2192 2509 2245 πᾶν
2550 2189 2795 2262 ἀνήλωτο
2820 2191 2996 2259 γένος,
3023 2190 3203 2254 πάσας
3253 2188 3493 2261 ἑκάστης
3523 2186 3624 2261 τῆς
3655 2190 3837 2261 ψυχῆς

2244 2284 2344 2347 τάς
2359 2283 2605 2352 γενέσεις
2621 2281 3031 2345 ἀποδεδοκυίας,
3048 2281 3251 2335 καίὃσα
3275 2276 3344 2352 ἦν
3374 2282 3579 2354 ἑκάστῃ
3596 2296 3839 2353 προσαχ-

2247 2373 2414 2429 θέντα
2433 2374 2569 2446 (16),
2585 2373 2824 2428 τοσαῦτα
2843 2374 2924 2437 είς
2942 2373 3046 2444 γῆν
3072 2372 3365 2443 σπέρματα
3407 2370 3681 2444 πεσούσης
3697 2372 3832 2444 (17)·

2245 2463 2368 2516 τότε
2412 2463 2476 2533 δὴ
2508 2462 2604 2516 τοῦ
2638 2462 2839 2524 παντὸς
2864 2463 2894 2515 ὁ
2928 2462 3020 2531 μὲν
3048 2461 3412 2533 κυσερνήτης,
3433 2456 3522 2514 οἷα
3562 2460 3840 2533 πηδαλίων

2246 2553 2434 2617 οἴακος
2465 2553 2759 2623 ἀφέμενος,
2799 2554 2879 2616 είς
2928 2552 3028 2624 τὴν
3065 2552 3231 2606 αὐτοῦ
3274 2553 3558 2625 περιωπήν
3587 2553 3800 2624 ἀπέστη
3822 2570 3834 2582 ·

2246 2645 2336 2698 τὸν
2367 2644 2423 2701 δὲ
2445 2644 2512 2716 δὴ
2538 2644 2743 2714 κόσμον
2772 2643 2934 2698 πάλιν
2962 2642 3292 2714 ἀνέστρεφεν
3318 2644 3627 2717 εἱμαρμένη
3659 2661 3721 2698 τε
3746 2646 3841 2700 καὶ

2247 2735 2309 2803 ξύ
2319 2752 2526 2808 μφυτος
2553 2734 2838 2806 ἐπιθυμία.
2866 2735 3076 2799 Πάντες
3100 2730 3194 2790 οὖν
3219 2737 3269 2790 oi
3292 2736 3434 2790 κατά
3458 2738 3626 2802 τοὺςι
3641 2737 3842 2802 τόπους

2249 2825 2604 2899 ξυνάρχοντες
2633 2826 2712 2899 τῷ
2745 2827 2987 2899 μεγίστῳ
3007 2827 3222 2899 δαίμονι
3242 2827 3378 2893 θεοὶ,
3410 2828 3630 2898 γνόντες
3652 2829 3753 2902 ήδη
3776 2828 3840 2884 τὸ

2247 2921 2587 2993 γιγνόμενον,
2636 2920 2869 2991 ἀφίεσαν
2923 2914 2992 2974 αὖ
3051 2919 3122 2973 τά
3177 2918 3318 2991 μέρη
3366 2916 3463 2973 τοῦ
3506 2918 3713 2989 κόσμου
3738 2919 3840 2990 τῆς

2247 3014 2429 3069 αὐτῶν
2464 3014 2802 3086 ἐπιμελείας.
2849 3015 2910 3067 '0
2932 3012 3012 3077 δὲ,
3050 3011 3559 3085 μεταστρεφόμενος
3579 3011 3673 3066 καὶ
3704 3009 3842 3084 ξυμ-

563 3103 713 3187 cura:
766 3103 883 3186 sum
949 3128 1191 3185 creditas
1241 3126 1604 3196 reliquerunt.
1654 3103 1855 3196 itaque
1901 3123 2144 3179 mundus

2251 3108 2492 3176 ϐάλλων,
2531 3107 2708 3180 ἀρχῆς
2768 3124 2830 3160 τε
2889 3105 2986 3162 καὶ
3052 3105 3308 3176 τελευτῆς
3368 3103 3617 3160 ἐναντίαν
3660 3104 3840 3175 ὁρμὴν

554 3239 698 3279 nova
730 3238 919 3280 secum
946 3224 1062 3292 ipse
1090 3219 1450 3276 conversione
1474 3225 1893 3282 concurrens,et
1916 3223 2141 3272 contra-

2253 3200 2536 3274 ὁρμηθεὶς,
2572 3199 2796 3271 σεισμὸν
2839 3199 3009 3255 πολὺν
3052 3199 3111 3252 ἐν
3145 3196 3322 3269 ἑαυτῷ
3355 3198 3542 3264 ποιῶν,
3572 3198 3740 3272 ἀλλην
3771 3190 3839 3252 αὖ

554 3318 643 3373 rio
678 3314 935 3387 principii
964 3290 1129 3371 simul
1160 3327 1226 3369 ac
1264 3313 1390 3367 ﬁnis
1438 3311 1645 3380 impetu
1675 3309 1936 3380 agitatus,
1981 3306 2144 3363 vehe-

2255 3291 2462 3364 φθοράν
2487 3291 2644 3358 ζώων
2671 3291 2941 3346 παντοίων
2970 3290 3363 3362 ἀπειργάσατο.
3387 3291 3543 3345 Μετὰ
3567 3291 3625 3345 δὲ
3647 3290 3840 3358 ταῦτα,

554 3407 831 3465 mentiore
853 3407 941 3463 sui
967 3393 1145 3477 ipsius
1165 3405 1554 3466 concussione,
1577 3401 1742 3461 aliam
1764 3400 1945 3455 denuo
1960 3397 2143 3468 generi

2254 3385 2610 3458 προελθόντος
2643 3382 2832 3437 ἱκανοῦ
2863 3381 3081 3454 χρόνου,
3118 3380 3348 3453 θορύϐου
3381 3397 3442 3434 τε
3473 3381 3569 3434 καὶ
3597 3382 3843 3453 ταραχῆς

555 3500 920 3556 animantium
952 3469 1103 3554 omni
1125 3505 1335 3568 pestem
1359 3494 1583 3551 creavit.
1616 3491 1766 3559 Inde,
1789 3491 1942 3562 justo
1960 3488 2145 3559 aliquo

2252 3478 2356 3550 ήδη
2385 3477 2711 3548 παυόμενος,
2746 3474 2843 3528 καὶ
2870 3471 2979 3525 τῶν
3009 3470 3272 3541 σεισμῶν,
3300 3470 3545 3541 γαλήνης
3586 3469 3841 3522 ἐπιλαϐό-

556 3590 822 3662 temporis
854 3559 1161 3655 intervallo,
1192 3588 1262 3643 ab
1276 3586 1427 3642 omni
1453 3586 1567 3657 jam
1584 3559 1842 3647 tumultu,
1862 3580 2145 3653 perturba-

2256 3587 2437 3643 μενος,
2458 3570 2537 3633 εῐς
2576 3583 2638 3622 τε
2675 3567 2765 3620 τὸν
2807 3564 3037 3618 εἰωθότα
3075 3562 3275 3635 δρόμον
3315 3561 3408 3615 τὸν
3449 3559 3643 3614 ἑαυτοῦ
3673 3577 3842 3614 κατα-

557 3687 709 3739 tione
728 3690 782 3738 et
803 3682 1161 3754 quassatione
1178 3686 1487 3746 recreatus,
1522 3691 1741 3749 paceac
1757 3674 2145 3746 tranquillitate

2251 3661 2625 3733 κοσμούμενος
2656 3657 2764 3729 ᾔει,
2799 3655 3120 3721 ἐπιμέλειαν
3142 3653 3237 3707 καὶ
3266 3652 3467 3725 κράτος
3495 3650 3634 3722 ἔχων
3679 3651 3843 3715 αὐτὸς

558 3776 906 3844 succedente,
923 3775 1146 3832 solitum
1169 3775 1236 3830 ad
1274 3788 1496 3830 cursum
1529 3772 1677 3827 illico
1698 3785 1821 3826 sese
1844 3764 2145 3827 revocavit,

2248 3752 2359 3807 τῶν
2388 3753 2447 3805 ὲν
2469 3749 2618 3820 αὐτῷ
2643 3765 2705 3801 τε
2733 3747 2828 3801 καὶ
2854 3743 3069 3799 ἑαυτοῦ.
3111 3761 3131 3797 ι
3185 3744 3298 3798 Καὶ
3350 3744 3489 3815 μετά
3522 3742 3728 3815 βραχέα
3771 3738 3842 3797 ουῧ

556 3870 752 3939 suique
765 3869 970 3938 pariter
997 3882 1065 3924 ac
1091 3882 1275 3923 rerum
1301 3882 1438 3936 quas
1467 3864 1674 3920 ambitu
1708 3877 1811 3918 suo
1831 3860 2145 3916 continebat

2251 3863 2386 3919 φησι
2409 3861 2422 3874 ·
2455 3866 2474 3893 ι
2508 3841 2600 3895 Διὸ
2623 3841 2687 3912 δὴ
2721 3839 2816 3893 καὶ
2841 3836 2950 3891 τότ’
2990 3837 3091 3910 ήδη
3122 3835 3254 3899 Θεὸς
3285 3836 3314 3889 ό
3344 3837 3627 3908 κοσμήσας
3654 3835 3844 3900 αὑτὸν,

557 3961 805 4017 omnium
857 3958 1386 4015 administrationem
1412 3966 1467 4014 et
1495 3955 1785 4026 imperium
1821 3967 1986 4022 capes
2003 3950 2094 4006 sit.
2121 3969 2140 4003 ι

2250 3935 2498 4009 καθορῶν
2524 3935 2582 3986 ὲν
2612 3928 2866 4003 ἀπορίαις
2887 3930 3038 3993 ὅντα,
3069 3928 3364 4000 κηδόμενος
3393 3928 3483 3982 ἵνα
3521 3927 3616 4000 μὴ,
3640 3945 3848 3999 χειμα-

557 4049 815 4123 Idemque
846 4051 1037 4122 paucis
1063 4049 1398 4120 interjectis:
1434 4066 1454 4100 ι
1500 4019 1907 4114 Quamobrem,—
1945 4041 2144 4111 inquit,

2251 4030 2418 4092 σθεὶς,
2445 4026 2551 4081 ὑπὸ
2581 4023 2828 4097 ταραχῆς
2851 4021 3141 4089 διαλυθεὶς,
3160 4023 3253 4084 είς
3276 4020 3369 4074 τὸν
3392 4019 3493 4089 τῆς
3524 4020 3849 4094 ἀνομοιότη-

556 4143 702 4199 Deus
725 4111 862 4208 .ille,’
891 4142 985 4213 qui
1038 4157 1161 4198 eum
1201 4111 1288 4197 ὀυ
1328 4140 1487 4196 initio
1526 4111 1651 4193 vtam
1677 4133 1915 4206 eleganti
1949 4132 2143 4187 ordine

2248 4140 2338 4188 τος
2354 4120 2582 4191 ἄπειρον
2607 4116 2738 4170 ὅντα
2764 4115 2929 4172 τόπον
2951 4114 3071 4189 δύῃ,
3104 4112 3266 4168 πάλιν
3294 4112 3516 4185 ῐφεδρος
3540 4111 3715 4165 αὐτοῦ
3734 4112 3848 4166 τῶν

555 4234 877 4306 digesserat,
894 4244 953 4288 ut
976 4243 1259 4289 nutantem
1283 4233 1460 4304 ipsum
1481 4230 1951 4295 ﬂuctuantemque
1976 4223 2142 4290 videt,

2248 4211 2524 4287 πηδαλίων
2560 4210 2871 4286 γενόμενος,
2908 4207 2978 4261 τὰ
3010 4207 3313 4278 νοσήσαντα
3367 4205 3462 4258 καὶ
3493 4202 3725 4257 λυθέντα
3782 4204 3847 4258 ὲν

554 4334 898 4398 pel-amanter
924 4341 1141 4394 cavens,
1183 4342 1251 4382 ne
1275 4327 1379 4383 hac
1399 4331 1719 4394 tempestate
1752 4334 1818 4376 ac
1850 4315 2137 4389 perturba-

2248 4310 2311 4379 τῇ
2334 4302 2452 4360 κατ’
2473 4301 2632 4357 αὑτὸν
2649 4299 2759 4373 (18)
2778 4297 3019 4372 προτέρᾳ
3036 4296 3273 4367 περιόδῳ
3300 4294 3557 4368 στρέψας,
3569 4295 3766 4366 κοσμεῖ
3781 4312 3850 4350 τε

553 4423 704 4476 tione
734 4420 1054 4492 dissipatus,
1090 4391 1359 4475 immensa
1400 4391 1637 4486 quadam
1671 4407 2141 4468 dissimilitudinis

2248 4402 2344 4456 καὶ
2365 4397 2676 4457 επανελθὼν
2690 4397 2802 4471 (19)
2817 4395 3085 4450 ἀθάνατον
3105 4392 3267 4448 αὐτὸν
3297 4392 3394 4445 καὶ
3419 4391 3644 4465 ἀγήρων
3670 4392 3850 4464 ἀπερ-

554 4513 817 4586 voragine
869 4512 1176 4579 hauriatur,
1204 4512 1433 4583 receptis
1463 4510 1584 4580 ejus
1629 4508 1828 4563 iterum
1870 4503 2144 4576 guberna-

2248 4492 2496 4565 γάξεται.
2516 4491 2688 4546 Τοῦτο
2717 4489 2815 4562 μὲν
2839 4487 2990 4550 τέλος
3016 4485 3233 4539 πάντων
3260 4483 3490 4555 εἴρηται.
3537 4502 3553 4534 ι

583 4575 721 4671 ulls:
741 4621 917 4677 aegras
945 4575 1273 4675 luxatasque
1298 4575 1479 4673 partes
1493 4575 1569 4655 ad
1594 4575 1908 4655 institutum
1942 4595 2041 4651 abs
2071 4605 2192 4649 sese
2210 4584 2592 4645 conversionis
2613 4583 2803 4638 orbem
2834 4587 3076 4643 revocat,
3101 4585 3264 4647 atque
3286 4575 3435 4632 omni
3465 4590 3654 4631 errore
3676 4576 3853 4633 casti-

552 4667 711 4771 gato,
733 4667 895 4755 suum
948 4698 1051 4768 ipsi
1087 4667 1342 4752 ornatum
1377 4694 1636 4761 restituit,
1655 4701 1709 4747 et
1730 4689 2097 4746 immortalem
2121 4696 2250 4741 eum
2271 4680 2551 4751 deinceps,
2574 4691 2640 4733 ac
2659 4672 2960 4731 senectutis
2996 4677 3272 4740 expertem
3301 4682 3424 4724 esse
3456 4667 3634 4738 jubet.
3663 4668 3853 4738 Atque

555 4794 643 4849 hic
671 4810 854 4849 rerum
877 4793 1002 4849 ﬁnis
1030 4794 1275 4848 omnium
1308 4792 1608 4863 appellatus
1637 4797 1740 4844 est.
1780 4806 1800 4839 ι

1113 4886 1342 4944 CAPUT
1373 4885 1595 4941 Χλχν.

558 4977 798 5034 Mortuo:
814 4977 1072 5049 quosdam
1094 4975 1344 5049 revixisse
1365 4971 1528 5026 Plato
1544 4969 1751 5049 scribit,
1769 4982 1889 5021 cum
1907 4963 2145 5019 "abnuis

838 5049 936 5103 hoc
968 5050 1129 5102 etiam
1162 5047 1215 5099 in
1248 5058 1431 5116 genere
1461 5041 1815 5097 consentiens.

638 5140 839 5211 tAtqui
868 5140 1095 5203 nullius,
1122 5137 1370 5206 inquam,
1407 5133 1511 5187 ista
1537 5131 1623 5187 vel
1655 5127 1866 5183 numeri
1902 5125 2035 5189 sint,
2062 5123 2147 5178 vel

2772 4853 3168 4911 ΚΕΦΑΛΑΙΟΝ
3211 4851 3336 4906 AE'.

2268 4963 2332 5018 Ὠ
2389 4957 2491 5013 καὶ
2512 4951 2766 5022 νεκροὺς
2788 4946 3095 5019 ἐγηγέρθαι
3120 4947 3154 5000 ὁ
3180 4941 3434 4999 [Meiter
3473 4943 3688 5012 ὁμοίως
3714 4941 3850 5011 τοῖς

2332 4981 2365 5028 ς
2657 5024 2670 5044 ’
2688 5021 2954 5087 Εόραίων
2979 5018 3184 5087 ,λόγοις
3208 5012 3447 5081 ιστορεῖ.

2658 5037 2668 5044 ⁷
2688 5037 2954 5089 ιςσραιων
2979 5037 3184 5087 ,ιστοις
3208 5037 3447 5081 ιστομει.

2335 5142 2353 5174 ι
2375 5119 2563 5175 Ταῦτα
2574 5115 2752 5169 τοίνυν
2767 5109 2900 5184 (20),
2917 5104 3039 5164 ὖνδ⁴
3063 5104 3194 5177 ἐγὼ,
3210 5104 3360 5159 οὐδέν
3381 5103 3497 5157 ἐστι
3512 5103 3703 5178 πλήθει
3718 5103 3847 5158 οὐδὲ

629 5268 655 5299 ι
684 5256 844 5312 Ferte
863 5255 968 5310 del.
1004 5253 1149 5317 τούς.

560 5372 831 5431 ficantius.
879 5374 1012 5441 Qua:
1043 5372 1206 5426 verba
1245 5369 1343 5441 sic,
1373 5365 1627 5430 Ficinus,
1677 5362 1784 5441 (μή.
1804 5361 1989 5415 statim
2020 5364 2139 5441 post

2327 5360 2819 5441 (lﬂﬂwpdenc.
2861 5352 3053 5441 Aetive
3084 5345 3354 5416 sumpsit,
3395 5359 3496 5415 pro
3530 5342 3842 5417 βαλούσης,

558 5426 1200 5510 ρὲἱιὶιᾶιῖι-τεῖοία-ιὶοηεηι
1240 5440 1345 5493 orti
1378 5447 1523 5510 gmt,
1553 5426 1666 5505 quo
1689 5426 1857 5487 unico
1892 5426 2142 5483 membro
2254 5426 2702 5510 rafo_5¢l5._odum
2734 5426 3005 5510 εὶεηιριρ.

560 5494 1224 5585 ἱέιὶεέξῖἱίιὶόἱὸῖιὶῇιέξυε
1249 5518 1354 5567 est.
1382 5494 1812 5580 Ego'ut'rumque
1833 5511 2142 5571 exprimere

2328 5508 2439 5585 ua
2478 5502 2654 5585 Fiam.
2689 5497 2811 5585 ῖιαίν
2836 5494 3022 5585 “rem

561 5599 681 5638 sum
715 5595 963 5643 conatus.
998 5567 1057 5585 Ἰ
1098 5567 1110 5569 ἡ
1210 5567 1217 5569 ἡ
1429 5567 1457 5580 ν
1721 5567 1738 5575 ’
1906 5567 1923 5571 ’

2327 5567 2441 5646 (19)
2485 5575 2656 5646 Plato,
2693 5567 3029 5646 ἐπανορθῶν.
3200 5630 3233 5646 Δ.

634 5629 1280 5730 ι’ίλῖὶδῖὲἷόῖέκὸεμησες
1434 5722 1449 5730 -
1577 5719 1612 5730 .,

2272 5720 2286 5730 .
2329 5629 2459 5730 ea.
2699 5629 3463 5730 ξείζιέτῖι,δείιυξέιὲί³..¹ξεεε
3500 5629 3647 5702 apud
3678 5642 3843 5685 θυω-

786 5698 1321 5796 ‘éEEIe'rfiiii‘Qin
1350 5722 1541 5779 eodem
1570 5719 1826 5787 Politico,
1853 5730 1979 5788 pag.
2017 5709 2140 5767 176.

2254 5698 2381 5777 deni
2397 5698 2541 5772 βω.
2569 5714 2664 5769 lib.
2689 5710 2766 5765 De
2793 5706 2994 5778 νερειω.
3022 5698 3083 5771 x,‘
3113 5717 3235 5772 pag.
3266 5698 3370 5756 ais

637 5794 745 5861 (lli)
787 5797 959 5863 Plato,
1001 5794 1396 5863 προσαχθέντα.
