4156 6410
506 394 616 452 939

1150 394 1419 451 EUSEBII
1461 394 1941 451 CESARIENSIS
1980 395 2129 451 OPP.
2172 395 2352 451 PARS
2391 395 2454 452 H.
2497 428 2565 437 —
2603 396 3106 454 APOLOGETlCA.

3659 399 3771 455 910

505 525 631 566 men
686 510 861 565 redire
900 509 1117 579 jussum
1152 525 1301 578 esse,
1345 510 1590 582 adeoque
1633 512 1740 566 hoc
1787 528 1845 568 se
1890 514 2079 569 morbo

2195 514 2354 569 Ἀλλά
2397 515 2494 568 καὶ
2544 515 2729 579 κακῶς
2769 516 3064 587 ἀκηκοέναι
3090 517 3232 579 «τοὺς
3270 516 3575 585 ἀγαγόντας
3614 518 3778 572 αὐτὸν

506 618 853 673 nequaquam
888 602 1104 672 penitus
1145 605 1492 660 moriturum.
1550 604 1860 660 Enimvero.
1897 621 1928 659 a
1959 608 2081 673 qui-

502 692 607 749 bus
639 693 908 748 abductus
941 692 1138 756 fuerat,
1172 708 1268 749 eos
1306 694 1515 749 domini
1550 696 1636 750 sui
1686 711 1819 751 voce
1846 698 2082 766 graviter

501 786 864 856 reprehensos
903 783 1093 840 fuisse.
1128 785 1339 856 Quippe
1366 787 1434 841 ad
1465 785 1744 842 Nicandan
1771 788 1925 843 missi
1955 804 2079 843 cum

501 875 757 938 fuissent,
793 875 863 929 ab
894 875 1002 929 illis
1030 876 1148 945 ejus
1177 893 1297 931 sese
1328 877 1450 931 loco
1481 888 1843 947 asportatum.
1878 878 2080 932 Nican-

500 966 600 1021 das
625 977 806 1021 autem
841 966 931 1021 ille
978 968 1142 1022 cerdo
1186 968 1408 1037 quidam
1445 979 1584 1032 erat,
1614 978 1868 1024 caeterum
1899 986 1965 1024 ex
2016 970 2082 1025 iis

499 1071 667 1121 unus,
695 1058 790 1126 qui
838 1056 1143 1127 palzestram
1178 1058 1441 1122 terebant,
1486 1060 1781 1130 multisque
1812 1061 1971 1130 vulgo
2000 1058 2081 1114 fa—

498 1148 730 1205 miliaris
779 1165 843 1205 ac
876 1160 1057 1206 notus.
1094 1150 1258 1224 564
1293 1151 1474 1218 Quare
1519 1152 1895 1209 adolescentes
1945 1153 2080 1223 iocis

499 1241 782 1296 hominem
810 1251 864 1295 et
890 1242 1133 1298 dicteriis
1170 1244 1536 1307 incessebant,
1571 1245 1727 1314 quasi
1754 1243 2077 1315 aufugisset,

499 1349 564 1389 ac
600 1333 800 1388 missos
830 1334 956 1389 inde
987 1324 1712 1406 apparitores-corrupisset.
1746 1338 1867 1405 Ipse
1895 1345 2078 1390 autem

499 1424 816 1479 conturbari
846 1425 1051 1494 palam,
1089 1441 1154 1481 ac
1185 1426 1561 1481 vehementius
1593 1426 1948 1492 commoveri,
1979 1425 2078 1479 do-

498 1533 603 1574 nec
632 1517 851 1573 tandem
884 1516 1021 1573 febri
1052 1533 1348 1588 oppressus
1379 1519 1520 1573 intra
1551 1519 1695 1573 diem
1728 1520 1948 1574 tertium
1992 1536 2080 1575 re-

497 1620 661 1681 pente
705 1610 955 1665 sublatus
1001 1620 1106 1663 est.
1158 1611 1229 1663 At
1280 1612 1369 1666 hic
1408 1620 1595 1665 noster
1627 1611 1749 1665 vita:
1794 1612 2078 1679 redditus,

497 1713 774 1772 superstes
820 1700 1120 1755 etiamnum
1171 1699 1402 1755 feliciter
1447 1713 1566 1767 εει,
1599 1702 1872 1771 hospitum
1922 1703 2081 1758 nobis

2183 607 2288 660 ὑπὸ
2327 605 2421 660 τοῦ
2451 608 2657 678 κυρίου.
2698 606 3056 679 Πεμφθέντας
3090 608 3200 679 γὰρ
3227 609 3319 660 ἐπὶ
3351 608 3649 672 Νικανδᾶν,
3680 610 3780 662 αὖ·

2180 697 2271 750 τὸν
2311 697 2467 767 ἥκειν
2507 697 2619 749 ἀντ’
2663 698 2872 752 ἐκείνου
2916 697 3262 768 κομίζοντας.
3304 698 3362 751 Ὀ
3407 697 3465 752 δὲ
3505 698 3779 762 Νικανδᾶς

2179 785 2247 861 ἦν
2280 794 2629 864 σκυτοτόμος,
2653 794 2826 858 ἄλλως
2857 795 2913 849 δὲ
2937 795 3045 850 τῶν
3075 798 3132 848 ὲν
3162 795 3522 867 παλαίστραις
3554 795 3779 863 γεγονός

2180 898 2308 946 των,
2340 884 2434 936 καὶ
2459 884 2669 948 πολλοῖς
2704 885 2960 956 συνήθης,
2981 886 3075 938 καὶ
3096 883 3389 956 γνώριμος.
3413 883 3571 938 Ὅθεν
3591 885 3641 936 οἱ
3665 900 3781 937 νεα-

2182 972 2378 1039 νίσκοι,
2402 975 2738 1047 προσιόντες,
2767 976 3046 1031 ἔσκωπτον
3077 977 3239 1031 αὐτὸν
3272 977 3346 1041 ὼς
3374 978 3780 1050 ἀποδεδρακότα

2183 1066 2277 1119 καὶ
2300 1066 2663 1139 διεφθαρκότα
2689 1069 2815 1133 τοὺς
2849 1068 3057 1123 ἐκεῖθεν
3080 1069 3379 1141 ὑπηρέτας.
3402 1070 3572 1133 Αὐτὸς
3597 1072 3781 1141 μέντοι

2181 1157 2338 1229 δῆλος
2365 1154 2433 1229 ἦν
2461 1159 2622 1225 εὐθὺς
2646 1160 3127 1233 ὑποθραπτόμενος
3148 1164 3242 1216 καὶ
3262 1162 3628 1234 δυσχεραίνων
3644 1180 3657 1193 ·
3690 1163 3783 1219 τέ-

2182 1250 2272 1313 λος
2294 1251 2350 1304 δὲ
2376 1251 2608 1321 πυρετοῦ
2654 1252 3073 1322 προσπεσόντος,
3104 1252 3360 1324 ἐξαίφνης
3399 1253 3635 1309 ἀπέθανε
3663 1272 3783 1329 τρι-

2183 1344 2350 1405 ταῖος.
2368 1337 2537 1406 υῦτος
2554 1343 2613 1397 δὲ
2628 1343 2846 1410 ἀνεϐίω,
2865 1344 2959 1397 καὶ
2984 1341 3334 1419 περίεστινηεῦ
3352 1363 3415 1413 γε
3437 1347 3628 1410 ποιῶν,
3647 1349 3780 1418 ἡμῖν

2185 1434 2349 1499 ξένων
2379 1435 2865 1518 ἐπιεικέστατος..)
2903 1437 3089 1491 Ταῦτά
3123 1455 3212 1508 μοι
3250 1439 3451 1492 κείσθω
3473 1438 3560 1493 διὰ
3592 1439 3654 1493 τὸ
3685 1439 3781 1493 καὶ

2184 1526 2243 1579 ἐν
2272 1528 2392 1588 ταῖς
2428 1526 2697 1598 Ἑϐραίων
2728 1527 2767 1579 Γ
2772 1530 2970 1599 ραφαῖς
3009 1528 3220 1600 νεκρῶν
3253 1527 3579 1593 ἀναϐιώσεις
3614 1531 3777 1602 φέρε-

2185 1619 2328 1672 σθαι.
2376 1619 2529 1672 Ἐπεὶ
2580 1619 2639 1673 δὲ
2681 1620 2775 1673 καὶ
2805 1620 2908 1691 γῆν
2938 1637 3060 1673 τινα
3094 1623 3153 1674 ὲν
3193 1620 3548 1688 ἐπαγγελίαις
3595 1621 3780 1691 μόνοις

2180 1712 2294 1773 τοῖς
2327 1708 2596 1779 θεοφιλέσι
2644 1709 2967 1782 δοθήσεσθαι
3024 1712 3355 1784 περιέχουσι,
3398 1712 3542 1766 κατὰ
3578 1713 3640 1766 τὸ
3669 1713 3776 1784 φάο

497 1795 659 1864 longe
717 1793 1102 1847 suavissimus.
1146 1811 1165 1844 ι
1202 1790 1327 1846 llaec
1370 1806 1436 1847 eo
1481 1792 1683 1847 referre
1732 1792 1898 1856 volui,
1936 1792 2079 1863 quod

2185 1820 2316 1856 σκον
2364 1802 2563 1872 λόγιον,
2619 1822 2636 1854 ι
2694 1804 2757 1856 Ut
2804 1803 2861 1856 δὲ
2910 1807 3106 1874 πραεῖς
3157 1805 3619 1878 κληρονομήσουσι
3677 1807 3778 1879 τὴν

499 1883 852 1940 llebrazorum
906 1883 1103 1938 litterae
1168 1893 1417 1939 mortuos
1482 1884 1748 1954 quosdam
1815 1885 2079 1939 revixisse

2185 1895 2311 1965 γῆν·
2359 1914 2378 1946 ι
2414 1895 2617 1966 ταύτην
2662 1895 2719 1948 δὲ
2764 1873 3085 1965 ἐπουράνιον
3135 1873 3403 1969 ὑπάρχειν
3444 1873 3697 1968 διασαφεῖ
3733 1873 3779 1952 ’ὁ

501 1987 785 2034 testentur.
819 1975 940 2032 Jam
972 1992 1124 2044 vero,
1155 1978 1415 2048 quoniam
1451 1978 1582 2048 ipsae
1628 1993 1848 2048 quoque
1882 1988 2083 2033 terram

499 2070 798 2141 quamdam
830 2070 964 2124 solis
997 2069 1085 2134 iis,
1140 2086 1280 2139 quos
1313 2068 1458 2125 Deus
1503 2078 1667 2136 amet,
1707 2070 2030 2140 pollicentur
2068 2088 2083 2136 ;

498 2180 609 2234 quo
632 2172 839 2233 spectat
874 2162 1000 2217 illud
1033 2163 1314 2217 oraculum
1346 2179 1359 2213 :
1399 2181 1417 2214 ι
1453 2162 1608 2217 Mites
1643 2172 1823 2217 autem
1853 2162 2086 2217 hmrcdia

497 2257 693 2312 tabunt
722 2266 922 2310 terram
958 2255 1026 2309 ".
1064 2275 1083 2308 ι
1121 2254 1273 2310 lianc
1311 2270 1441 2310 vero
1472 2254 1746 2310 ctelestem
1780 2270 1902 2310 esse
1937 2256 2088 2309 locus

497 2350 588 2404 ille
617 2347 770 2402 Pauli
813 2348 1095 2403 declarat:
1140 2366 1159 2399 ι
1200 2347 1269 2400 At
1303 2347 1415 2409 illa,
1457 2362 1579 2417 quae
1614 2362 1833 2402 sursum
1872 2356 1955 2402 est
1990 2346 2081 2402 Je-

498 2440 758 2504 rusalem,
805 2439 977 2494 libera
1025 2447 1129 2506 est,
1177 2455 1296 2510 qua:
1338 2450 1423 2491 est
1472 2448 1647 2492 mater
1689 2448 1877 2493 nostra
1926 2438 2013 2492 ⁸⁸³.
2053 2458 2072 2491 ι

498 2531 758 2587 Eaindem
798 2548 862 2586 ex
898 2531 1170 2601 lapidibus
1218 2531 1473 2601 pretiosis
1500 2532 1789 2585 conflatam
1823 2546 1962 2597 esse,
1999 2531 2078 2584 al-

497 2625 735 2695 legorice
769 2639 930 2685 sensu
964 2624 1225 2694 propheta
1258 2621 1544 2694 signiﬁcat,
1573 2623 1701 2677 dum
1740 2624 1815 2677 ait
1843 2640 1856 2677 :
1895 2641 1913 2673 ‹
1942 2623 2082 2677 Ecce

497 2736 599 2792 ego
628 2718 945 2790 pra‘parabo
980 2717 1377 2772 carbunculum
1422 2714 1653 2786 lapidem
1694 2724 1868 2779 tuum,
1901 2724 1954 2768 ct
1984 2728 2083 2784 po—

496 2829 622 2869 nam
654 2812 1065 2885 propugnacula
1100 2821 1192 2867 tua
1217 2810 1470 2881 ;jaspim,
1518 2817 1572 2862 et
1605 2807 1959 2863 fundamenta
1992 2816 2082 2861 tua

2184 1987 2408 2053 φάσκων
2447 1985 2626 2054 λόγος,
2671 2003 2687 2034 ι
2744 1982 2808 2037 Ἦ
2849 1984 2907 2037 δὲ
2961 1984 3073 2038 ἄνω
3110 1984 3465 2056 Ἰερουσαλὴμ
3516 1985 3777 2059 ἐλευθέρα

2184 2075 2351 2140 ἐστὶν,
2392 2076 2511 2146 ἥτις
2552 2075 2667 2128 ἐστὶ
2708 2075 2888 2147 μήτηρ
2927 2075 3104 2145 ἡμῶν,
3145 2094 3162 2126 ι
3192 2076 3220 2128 ὅ
3259 2093 3318 2128 τε
3360 2076 3647 2148 προφήτης
3675 2076 3776 2149 τὴν

2184 2167 2351 2239 αὐτὴν
2383 2168 2439 2221 δὲ
2476 2168 2677 2238 ταύτην
2720 2169 2783 2221 ὲκ
2821 2167 3129 2222 πολυτελῶν
3169 2170 3263 2222 καὶ
3286 2171 3482 2241 τιμίων
3516 2175 3778 2229 συνεστά-

2184 2278 2271 2314 ναι
2317 2260 2478 2314 λίθων
2527 2263 2584 2314 ὲν
2636 2260 2823 2331 τρόπῳ
2873 2261 3197 2333 ἀλληγορίας
3243 2263 3537 2319 αἰνίττεται
3566 2265 3774 2335 λέγων’

2192 2365 2210 2397 ι
2235 2347 2366 2402 Ἰδοὺ
2401 2346 2510 2416 ἐγὼ
2541 2347 2812 2419 ἑτοιμάζω
2844 2365 2926 2402 σοι
2949 2349 3196 2422 ἄνθρακα
3230 2350 3319 2405 τὸν
3344 2352 3490 2407 λίθον
3533 2372 3648 2417 σου.
3681 2359 3778 2412 καὶ

2187 2438 2337 2511 θήσω
2377 2439 2477 2503 τὰς
2519 2438 2771 2504 ἐπάλξεις
2815 2456 2906 2493 σου
2957 2441 3162 2506 ἴασπιν,
3203 2444 3297 2496 καὶ
3333 2446 3459 2508 τοὺς
3492 2445 3777 2518 θεμελίους

2187 2549 2280 2584 σου
2311 2532 2633 2604 σάπφειρον,
2671 2534 2763 2586 καὶ
2804 2533 2897 2585 τὸν
2949 2535 3237 2607 περίϐολόν
3267 2553 3360 2589 σου
3405 2537 3587 2603 λίθους
3624 2540 3779 2594 ἐκλεο

2186 2622 2378 2688 κτούς·
2423 2644 2442 2675 ι
2474 2624 2570 2677 θέα
2600 2625 2675 2689 ὡς
2706 2625 2800 2678 καὶ
2829 2628 2858 2679 ό
2893 2626 3116 2680 Πλάτων
3146 2628 3375 2701 αύτάδὴ
3409 2630 3598 2696 ταῦτα,
3636 2633 3668 2706 ῆ
3704 2634 3776 2689 τὰ

2187 2715 2565 2785 παραπλήσια,
2596 2717 2889 2770 πεπεῖσθαι
2919 2714 3057 2771 εἶναι
3085 2717 3258 2791 ἀληθῆ
3286 2722 3345 2772 ἐν
3372 2719 3450 2792 τῷ
3480 2723 3621 2790 Περὶ
3656 2726 3779 2792 36‘0-

2190 2804 2306 2874 χῆς
2328 2806 2600 2877 ὁμολογεῖ,
2633 2808 2911 2880 Σωκράτει
2937 2810 3210 2874 ἀνατιθεὶς
3242 2811 3333 2865 τὸν
3367 2811 3521 2881 λόγον
3546 2806 3651 2868 ὧδέ
3674 2832 3774 2885 πη.

497 2907 837 2975 ε’ψριιὶιοιιιη,
871 2913 925 2960 et
958 2904 1223 2959 ambitum
1265 2914 1429 2956 tuum
1484 2898 1693 2970 lapides
1741 2898 1945 2953 electos
1974 2896 2041 2949 “.
2080 2916 2100 2949 ι
2149 2894 2359 2951 Videsis
2417 2899 2901 2967 quemadmodum,
2934 2901 3019 2956 vel
3064 2901 3362 2971 ipsissima,
3413 2906 3495 2960 vel
3550 2921 3776 2975 prorsus

497 3002 698 3071 allinia,
735 2999 887 3057 Plato
910 3015 1036 3056 vera
1070 3000 1174 3056 sibi
1202 2998 1374 3054 videri
1398 2997 1453 3051 in
1487 2995 1713 3067 Dialogo
1732 2994 2008 3081 Deaut'mo
2047 2996 2352 3064 profitetur,
2379 2991 2766 3049 ubiSoeratem
2803 2995 2889 3051 his
2920 2996 3091 3052 verbis
3109 2997 3425 3069 loquentem
3457 2984 3773 3057 introdticit.

1028 3137 1256 3198 CAPUT
1306 3135 1574 3192 XXXVII.

586 3282 861 3338 Platonem
892 3280 956 3334 de
992 3287 1133 3333 terra
1163 3277 1281 3340 illa,
1310 3291 1469 3345 quam
1499 3274 1757 3329 caelestem
1789 3281 1997 3339 vocant,

863 3350 1102 3405 Hebreis
1135 3347 1411 3402 simillima
1435 3346 1737 3399 tradidisse.

571 3487 593 3522 ι
628 3466 815 3537 Atqui,
843 3480 876 3520 ο
896 3464 953 3519 Si
975 3463 1162 3530 mmia,
1191 3478 1292 3518 nec
1317 3463 1451 3517 artis
1481 3459 1671 3516 Glauci
1698 3460 1931 3522 videtur,
1953 3452 2075 3527 qua?

494 3570 556 3617 et
598 3556 915 3630 ηευίυειιιοιιὶ
963 3572 1025 3610 ea
1061 3556 1172 3610 sint
1197 3568 1489 3624 exponere,
1524 3560 1577 3606 et
1605 3567 1769 3620 quam
1824 3550 1913 3604 illa
1960 3550 2076 3620 ipsa

498 3668 629 3708 \era
679 3652 789 3706 sint
823 3651 1203 3704 demonstrare
1234 3685 1248 3711 ,
1290 3643 1470 3714 majus
1522 3642 1727 3711 aliquid
1780 3641 2037 3696 existimo

499 3760 665 3816 quam
706 3753 764 3797 ut
795 3757 870 3796 eo
892 3741 981 3793 vis
1005 3738 1252 3808 ejusdem
1286 3737 1420 3791 artis
1447 3735 1671 3804 aspirat.
1714 3733 1827 3787 lmo
1855 3747 1923 3787 ne
1965 3733 2073 3802 ipse

499 3834 721 3906 quidem
750 3832 985 3888 fortasse
1010 3827 1403 3885 huic-orationi
1434 3842 1529 3897 par
1548 3840 1668 3881 esse
1690 3840 1883 3895 queam
1913 3840 1929 3892 ;
1955 3838 2075 3890 nec,

500 3938 562 3983 ut
605 3942 804 3991 essent,
855 3924 990 3980 mihi
1031 3934 1224 3978 tamen
1276 3921 1399 3974 \itae
1451 3922 1584 3973 satis
1618 3934 1715 3987 pro
1772 3917 2075 3988 argumenti

500 4019 877 4091 magnitudine
904 4029 1196 4085 superesse
1215 4012 1561 4068 crediderim.
1596 4008 1699 4064 Sed
1740 4018 1920 4062 tamen
1941 4005 2075 4061 nihil

496 4123 662 4176 vetat,
688 4100 985 4181 quominus
1013 4106 1159 4161 illius
1218 4114 1375 4159 terra:
1404 4102 1662 4172 speciem,
1693 4099 1908 4170 qualem
1941 4095 2075 4150 mihi

497 4202 721 4275 quidem
753 4216 872 4254 eam
905 4213 1031 4255 esse
1062 4196 1343 4268 persuasi,
1373 4203 1428 4248 et
1477 4192 1728 4262 proprias
1774 4191 1945 4259 ipsius
1995 4204 2090 4271 ιἐ-⁸

499 4299 690 4367 giones
730 4293 1044 4349 informem.
1080 4290 1394 4353 Enimvero,
1421 4285 1601 4353 inquit
1638 4281 1916 4343 Simmias,
1943 4278 2078 4367 satis

498 4366 552 4442 id
590 4386 747 4442 nobis
800 4384 926 4448 erit,
978 4399 1012 4436 ο
1046 4380 1321 4435 Socrates.
1366 4373 1618 4429 Primum
1672 4372 1856 4441 igitur,
1902 4366 2080 4436 inquit

500 4481 612 4541 ille,
666 4478 714 4533 si
745 4476 925 4532 medio
957 4475 1012 4527 in
1043 4473 1180 4528 caelo
1212 4468 1445 4525 rotunda
1496 4466 1586 4519 illa
1618 4475 1759 4519 terra
1789 4471 1906 4527 est,
1954 4472 2077 4513 eam

498 4589 568 4627 ne
616 4578 859 4634 corruat,
914 4582 1013 4622 nec
1048 4565 1231 4627 aeris,
1279 4577 1379 4617 nec
1428 4559 1655 4613 alterius
1703 4555 2080 4624 cuiuscunque

500 4665 576 4719 rei
622 4673 880 4732 tauquam
934 4655 1247 4712 necessario
1301 4653 1522 4707 tibicine
1574 4649 1816 4718 indigere
1862 4655 2076 4700 statuo:

499 4752 660 4826 565
676 4767 862 4807 verum
886 4749 953 4803 ad
968 4763 1085 4803 eam
1107 4746 1490 4801 continendam
1512 4742 1615 4795 hoc
1639 4749 1930 4807 utrumque
1948 4736 2082 4792 satis

497 4862 643 4909 essr,
695 4852 805 4896 tum
844 4840 991 4911 quod
1041 4837 1164 4893 coeli
1195 4834 1480 4904 aequabilis
1529 4831 1674 4885 omni
1720 4845 1785 4884 ex
1820 4838 1973 4898 parte
2002 4827 2081 4882 si-

499 4936 756 4991 militudo
786 4934 877 4999 sit,
912 4943 1023 4987 tum
1060 4930 1210 5000 quod
1260 4929 1375 4997 ipsa
1406 4935 1546 4980 terra
1578 4923 1809 4994 paribus
1843 4921 2083 4988 undique

497 5030 795 5086 momentis
846 5026 1041 5081 librata
1078 5023 1361 5078 consistat.
1413 5017 1520 5073 Res
1565 5017 1710 5072 enim
1759 5012 2078 5085 :equilibris,

497 5137 626 5178 cum
680 5121 736 5175 in
787 5119 986 5174 similis
1036 5116 1271 5185 alicujus
1304 5111 1551 5181 corporis
1604 5109 1781 5162 medio
1830 5108 1937 5161 sita
1971 5113 2077 5170 cst,

498 5218 708 5272 nullam
745 5215 797 5269 in
868 5222 1078 5284 partem
1153 5216 1249 5263 aut
1317 5204 1495 5274 magis
1553 5212 1648 5257 aut
1698 5201 1878 5255 minus
1924 5198 2073 5252 incli-

498 5326 630 5366 nare
677 5316 854 5379 potest
905 5324 918 5360 :
982 5303 1075 5360 sed
1124 5301 1305 5373 potius
1356 5307 1416 5351 ut
1461 5295 1564 5350 sibi
1616 5308 1832 5361 semper
1888 5289 2082 5345 similis

497 5413 602 5469 est,
637 5402 711 5455 ita
758 5413 1030 5469 nusquam
1084 5394 1312 5451 omnino
1358 5398 1533 5444 nutat.
1588 5387 1767 5455 Atque
1817 5384 1924 5437 hoc
1973 5381 2083 5449 pri-

501 5493 877 5563 mutn,inquit,
912 5499 1114 5545 statuo.
1154 5486 1219 5541 Et
1256 5492 1402 5538 recte
1445 5480 1496 5534 id
1528 5480 1746 5550 quidem
1806 5478 1883 5530 ait
1933 5474 2083 5529 Sim-

500 5590 661 5645 niias.
699 5585 920 5646 Deinde,
973 5583 1164 5654 ingens
1217 5576 1477 5650 quiddam
1535 5587 1657 5628 esse
1713 5581 1914 5625 terram
1970 5567 2086 5623 exi-

565 5703 612 5735 δ³
637 5701 825 5755 Matth.
865 5715 918 5762 ν,
951 5701 1005 5752 ι.
1079 5696 1148 5729 δ”
1182 5694 1301 5752 Gal.
1336 5709 1406 5757 tv,
1428 5691 1518 5745 9.7.
1594 5689 1763 5745 “lsa.
1791 5702 1899 5746 Liv.
1942 5683 2027 5741 12.

590 5809 682 5879 ‘26}
700 5811 877 5865 Ἀλλά
901 5807 1137 5879 μέντοιἶ
1158 5805 1317 5861 Plato
1347 5805 1399 5860 in
1429 5802 1709 5879 thdone,
1737 5817 1790 5871 p.
1812 5798 1917 5856 598
1944 5796 2077 5879 Ιτίεἱἶ

590 5813 877 5879 εὶϐΓΑλλά
901 5813 1130 5879 μέντοι.
1161 5813 1317 5861 Plato
1347 5813 1399 5860 in
1429 5813 1709 5862 l'hmdone,
1737 5817 1790 5871 p.
1812 5813 1917 5856 oms
1945 5813 2077 5853 riet.

569 5813 682 5956 £27)
706 5882 1053 5950 Ηέπεισιιαι.
1091 5877 1281 5936 Melius
1306 5891 1470 5947 quam
1507 5874 1815 5943 πέπυσμαι,
1847 5882 1904 5927 ιιι
1936 5870 2079 5941 apud

2650 3102 2653 3103 ί
2698 3133 3102 3189 ΚΕΦΑΛΑΙΟΝ
3141 3136 3260 3190 ΛΖ’.

2201 3267 2295 3333 Ὡς
2326 3267 2421 3344 καὶ
2446 3236 2866 3344 ’τὰ-περὶζτῆς
3264 3270 3628 3344 exarmarier)
3660 3271 3774 3344 γῆς

2378 3341 2409 3392 ό
2436 3337 2685 3392 Πλάτων
2708 3338 2924 3407 ὁμοίως
2961 3337 3578 3406 Ἑϐραίοις-διέξεισιν.

2258 3469 2278 3503 ι
2310 3449 2472 3505 Ἀλλά
2518 3447 2699 3520 μέντοι
2731 3444 2866 3519 (26),
2900 3440 2946 3500 ὦ
2987 3444 3227 3517 Σιμμία,
3276 3446 3400 3517 οὐχὶ
3437 3449 3471 3518 ἡ
3516 3448 3758 3502 Γλαύκου

2176 3542 2343 3614 τέχνη
2371 3543 2435 3612 γέ
2466 3559 2567 3617 μοι
2596 3539 2765 3613 δοκεῖο
2784 3532 2924 3592 εἶναι
2954 3536 3315 3608 διηγήσασθαι
3344 3539 3381 3592 ἆ
3420 3540 3471 3608 γ’
3505 3541 3650 3592 ἐστιν
3684 3541 3762 3602 ὡς

2186 3633 2367 3704 μέντοι
2399 3629 2596 3700 ἀληθῆ,
2622 3626 3000 3701 χαλεπώτερόν
3036 3644 3125 3697 μοι
3155 3628 3400 3694 φαίνεται
3431 3628 3630 3699 ἦκατὰ
3660 3629 3757 3699 τὴν

2172 3724 2425 3785 ,Γλαύκου
2458 3720 2672 3793 τέχνην.
2704 3718 2810 3774 Καὶ
2840 3719 2957 3790 ἅμα
2988 3718 3086 3789 μὲν
3118 3718 3228 3787 ἐγὼ
3267 3719 3396 3783 ἴσως
3423 3721 3529 3773 οὐδ’
3562 3720 3625 3773 ἂν
3648 3716 3760 3783 οἷός

2181 3830 2240 3866 τε
2266 3812 2405 3883 εἵην·
2433 3810 2550 3882 ἀμα
2587 3808 2646 3863 δὲ
2673 3810 2767 3864 καὶ
2810 3810 2858 3862 εί
2889 3809 3224 3879 ἠπιστάμην,
3258 3810 3286 3861 ὁ
3337 3809 3448 3879 βίος
3499 3827 3586 3879 μοι
3612 3810 3758 3862 δοκεῖ

2180 3907 2207 3957 ὁ
2232 3902 2383 3973 ἐμὸς,
2412 3895 2458 3956 ὦ
2478 3900 2707 3972 Σιμμία,
2738 3901 2816 3973 τῷ
2847 3902 3011 3971 μήκει
3042 3901 3134 3953 τοῦ
3166 3901 3324 3970 λόγου
3361 3902 3459 3954 οὐκ
3485 3901 3758 3971 ἐξαρκεῖν.

2182 3996 2293 4065 Τὴν
2332 3994 2514 4064 μέντοι
2548 3993 2688 4047 ἰδέαν
2716 3995 2813 4064 τῆς
2841 3993 2966 4064 γῆς,
3001 3994 3117 4047 οῖαν
3142 3994 3441 4064 πέπεισμαι
3467 3993 3578 4063 ('27)
3599 3989 3758 4055 εἶναι,

2181 4084 2277 4137 καὶ
2325 4083 2452 4146 τοὺς
2501 4082 2700 4146 τόπους
2751 4083 2952 4152 αὐτῆς,
2994 4083 3145 4135 οὐδέν
3197 4099 3264 4154 με
3310 4082 3506 4136 κωλύει
3559 4083 3756 4150 λέγειν.

2181 4175 2345 4239 Ἀλλ’,
2376 4174 2480 4245 ἔφη
2510 4173 2539 4225 ὁ
2583 4175 2853 4247 Σιμμίας,
2887 4177 2982 4228 καὶ
3026 4174 3200 4228 ταῦτα
3246 4178 3423 4246 ἀρκεῖ.
3454 4176 3764 4245 Πέπεισμαι

2183 4267 2381 4331 τοίνυν,
2411 4262 2446 4337 ἦ
2480 4264 2642 4330 δ’Ἑς,
2676 4265 2794 4336 ’ἐγὼ
2829 4265 3042 4338 πρῶτον
3077 4266 3196 4336 μὲν,
3242 4266 3291 4317 εί
3334 4266 3480 4319 ἔστιν
3517 4268 3574 4318 ὲν
3611 4266 3763 4337 μέσῳ

2183 4358 2260 4430 τῷ
2291 4357 2504 4431 οὖρανῷ
2544 4359 2846 4430 περιφερὴς
2890 4353 3043 4417 οὖσα,
3093 4356 3256 4426 μηδὲν
3294 4357 3431 4428 αὐτῇ
3482 4356 3591 4410 δεῖν
3627 4360 3763 4428 μήτε

2182 4453 2342 4523 ἀέρος
2371 4452 2506 4523 πρὸς
2539 4451 2710 4523 τὸμὴ
2744 4453 2965 4511 πεσεῖν,
2993 4453 3129 4520 μήτε
3178 4448 3339 4519 ἄλλης
3378 4449 3628 4520 ἀνάγκης
3660 4466 3765 4520 μη-

2182 4546 2375 4615 δεμιᾶς
2417 4544 2707 4617 τοιαύτης·
2732 4543 2853 4596 ἀλλ’
2900 4544 3089 4613 ἱκανήν
3124 4559 3186 4610 γε
3225 4538 3362 4594 εἶναι
3397 4542 3564 4613 αὐτὴν
3592 4544 3763 4612 ῖσχειν

2182 4635 2280 4707 τὴν
2314 4636 2603 4706 ὁμοιότητα
2643 4633 2735 4688 τοῦ
2770 4633 3000 4705 ούρανοῦ
3030 4634 3192 4686 αὐτοῦ
3225 4631 3402 4703 ἑαυτῷ
3444 4634 3640 4705 πάντη.
3674 4635 3766 4688 καὶ

2184 4730 2281 4798 τῆς
2324 4727 2428 4797 γῆς
2468 4726 2565 4797 τὴν
2615 4726 2952 4797 ἰσορροπίαν·
3012 4727 3318 4798 ’ἰσόρροπον
3348 4726 3455 4797 γὰρ
3500 4728 3764 4798 πρᾶγμα,

2126 4832 2129 4835 ’
2182 4820 2366 4889 ὁμοίου
2405 4819 2548 4882 τινὸς
2590 4821 2647 4872 ὲν
2698 4819 2847 4890 μέσῳ
2883 4817 3059 4882 τεθὲν,
3103 4820 3202 4889 οὑχ
3245 4820 3356 4885 ἕξει
3413 4819 3612 4888 μᾶλλον
3653 4820 3762 4873 οὐδ’

2183 4905 2344 4981 ἦττον
2390 4910 2653 4979 οὐδαμόσε
2689 4908 2969 4979 κλιθῆναι·
3026 4910 3226 4980 ὁμοίως
3272 4909 3314 4962 δ’
3357 4909 3507 4981 ἕχον,
3549 4910 3765 4974 ἁκλινὲς

2188 5000 2360 5071 μένει.
2405 5001 2625 5072 Πρῶτον
2671 5001 2769 5072 μὲν
2811 5000 2907 5072 δὴ,
2946 4995 2981 5070 ἦ
3019 5000 3062 5052 δ’
3096 5000 3188 5063 ὃς,
3233 5000 3389 5053 τοῦτο
3440 5001 3760 5071 πέπεισμαι.
3798 5030 3799 5037 ι

2186 5093 2297 5145 Καὶ
2334 5091 2510 5164 ὀρθῶς
2551 5110 2647 5161 γε,
2695 5093 2796 5163 ἔφη
2842 5095 2870 5147 ὁ
2913 5093 3171 5164 Σιμμίας.
3217 5094 3337 5146 Ἔτι
3380 5094 3591 5158 τοίνυν.
3635 5095 3761 5164 ἔφη.

2186 5182 2456 5251 πάμμεγά
2486 5199 2539 5235 τι
2584 5178 2720 5235 εἶναι
2761 5183 2924 5245 αὐτὸ,
2958 5185 3050 5236 καὶ
3086 5185 3230 5254 ἡμᾶς
3276 5185 3476 5247 οἰκεῖν,
3510 5184 3635 5246 τοὺς
3668 5185 3765 5254 μέ-

2184 5288 2307 5342 χρις
2351 5272 2684 5341 Ἡρακλείων
2734 5273 2943 5343 στηλῶν
2992 5274 3100 5327 ἀπὸ
3148 5275 3391 5337 Φάσιδος,
3441 5277 3496 5327 ὲν
3548 5274 3765 5345 σμικρῷ

2185 5379 2291 5414 τινι
2339 5362 2542 5434 μορίῳ,
2583 5363 2770 5435 ὥσπερ
2811 5365 2940 5436 περὶ
2983 5364 3155 5434 τέλμα
3199 5364 3528 5436 μύρμηκας,
3581 5365 3615 5437 ἢ
3669 5364 3767 5435 βα-

2186 5455 2421 5525 τράχους
2456 5454 2590 5525 περὶ
2633 5455 2729 5527 τὴν
2771 5456 3037 5510 θάλατταν
3074 5457 3387 5522 οἰκοῦντας,
3438 5458 3531 5511 καὶ
3573 5456 3765 5522 ἀλλους
3800 5440 3807 5449 ’

2188 5546 2373 5600 ἄλλοθι
2419 5546 2646 5610 πολλοὺς
2688 5550 2746 5601 ὲν
2788 5548 3002 5613 πολλοῖς
3043 5548 3306 5613 τοιούτοις
3346 5550 3529 5614 τόποις
3573 5550 3761 5604 οἰκεῖν.

2183 5795 2486 5866 Platonem.
2523 5801 2654 5866 Nam
2689 5798 2850 5857 paulo
2888 5801 3061 5866 ρος-ι,⁸
3096 5786 3203 5839 hoc
3246 5790 3332 5838 est
3362 5791 3519 5837 versu
3553 5775 3753 5834 abhinc

2184 5866 2348 5924 tertio
2387 5863 2527 5920 idem
2564 5861 2863 5930 πέπεισμαι
2894 5861 3175 5929 repetitur.
