4156 6408
394 348 492 405 9H

1554 356 1876 414 PREI’AR.
1919 358 2174 416 EVANG.
2214 358 2345 415 LIB.
2392 359 2483 414 XI.

3549 364 3657 420 Ἠ

390 461 548 521 tam:
580 466 687 539 γὰρ
715 467 989 539 πανταχοῦ
1031 469 1158 542 περὶ
1195 469 1293 541 τὴν
1332 470 1435 543 γῆν
1463 472 1633 527 πολλὰ
1675 474 1849 539 κοῖλα,
1883 475 1969 529 καὶ

2081 476 2267 540 stimo,
2315 473 2473 544 cujus
2521 489 2623 529 nos
2674 473 2927 544 exiguam
2976 483 3187 529 tantum
3246 476 3572 555 particulam
3625 496 3655 532 τι

390 555 711 610 παντοδαπὰ
741 556 834 610 καὶ
862 556 960 621 τὰς
989 558 1132 622 ἰδέας
1157 562 1251 613 xal.
1275 559 1343 614 τὰ
1372 561 1598 634 μεγέθη,
1623 567 1703 627 εἰς
1732 564 1768 618 ἃ
1798 565 1983 638 ξυνερ-

393 648 652 722 ῥυηκέναι
680 649 742 703 τό
764 666 823 702 τε
851 648 1015 721 ὕδωρ,
1050 653 1144 705 καὶ
1169 652 1266 724 τὴν
1289 653 1540 725 ὁμίχλην,
1571 656 1666 709 καὶ
1702 656 1795 711 τὸν
1821 658 1977 729 ἀέρα.

388 740 569 811 Αὐτὴν
593 740 651 794 δὲ
676 741 774 812 τὴν
799 742 904 811 γῆν
933 741 1179 814 καθαράν
1215 761 1276 797 τε
1311 747 1369 798 ὲν
1398 747 1622 819 καθαρῷ
1648 750 1861 803 κεῖσθαι
1909 752 1980 822 τῷ

386 831 624 904 οὐρανῷ,
652 833 710 885 ὲν
735 826 888 905 ᾧπέρ
915 835 1030 887 ἐστι
1056 834 1126 887 τά
1153 836 1348 908 ἄστρα,
1375 837 1434 891 ὃν
1461 838 1523 911 δὴ
1553 840 1747 911 αἰθέρα
1782 843 1980 912 ὀνομά-

388 923 505 989 ζειν
528 925 655 988 τοὺς
696 925 922 989 πολλοὺς
959 928 1067 979 τῶν
1102 927 1172 982 τά
1214 930 1441 984 τοιαῦτα
1477 932 1743 986 εἰωθότων
1771 935 1974 1003 λέγειν’

386 1009 453 1071 οὗ
477 1017 541 1089 δὴ
568 1018 925 1091 ὑποστάθμην
951 1014 1091 1074 εἶναι
1113 1021 1306 1087 ταῦτα,
1332 1023 1427 1076 καὶ
1454 1023 1671 1097 ξυρρεῖν
1693 1027 1781 1079 ἀεὶ
1803 1030 1882 1092 είς
1909 1029 1978 1082 τὰ

387 1109 544 1163 κοῖλα
586 1111 686 1181 τῆς
720 1110 844 1180 γῆς.
893 1112 1070 1183 Ἠμᾶς
1103 1110 1198 1166 οὖν
1226 1114 1514 1180 οἰκοῦντας
1547 1119 1605 1170 ἐν
1640 1121 1753 1184 τοῖς
1777 1120 1978 1185 κοίλοις

385 1202 557 1273 αὐτῆς
576 1201 879 1274 λεληθέναι,
907 1204 1003 1257 καὶ
1025 1203 1231 1259 οίεσθαι
1256 1206 1369 1261 ἄνω
1398 1209 1493 1261 ἐπὶ
1522 1211 1620 1280 τῆς
1649 1211 1753 1281 γῆς
1774 1215 1973 1268 οἰκεῖν*

386 1293 578 1365 ὣσπερ
599 1293 665 1347 ἂν
689 1293 742 1345 ετ
768 1311 853 1357 τις
884 1296 942 1348 ὲν
978 1293 1127 1367 μέσῳ
1173 1296 1252 1368 τῷ
1302 1298 1536 1370 πυθμένι
1573 1300 1665 1354 τοῦ
1717 1304 1978 1372 πελάγους

385 1384 572 1447 οἰκῶν,
600 1386 773 1438 οἴοιτό
798 1403 858 1440 τε
884 1387 977 1440 ἐπὶ
997 1388 1095 1458 τῆς
1123 1386 1394 1461 θαλάττης
1421 1393 1607 1456 οἰκεῖν,
1637 1395 1733 1448 καὶ
1762 1395 1849 1450 διὰ
1881 1398 1974 1450 τοῦ

387 1474 742 1548 ὖδατοςὸρῶν
767 1478 856 1530 τὸν
886 1477 1034 1547 ἥλιον
1062 1479 1157 1532 καὶ
1185 1478 1253 1532 τὰ
1282 1480 1418 1535 ἄλλα
1447 1482 1643 1552 ἄστρα,
1668 1486 1767 1556 τὴν
1787 1485 1977 1540 θάλατ-

386 1587 487 1623 ταν
516 1572 701 1641 ἡγοῖτο
743 1570 969 1641 οὐρανὸν
1009 1566 1178 1624 εἶναι’
1220 1572 1308 1627 διὰ
1352 1573 1410 1626 δὲ
1454 1575 1761 1647 βραδυτῆτά
1791 1596 1849 1632 τε
1879 1581 1974 1633 καὶ

386 1660 668 1715 ἀσθένειαν
704 1661 839 1734 μηδὲ
885 1662 1105 1718 πώποτε
1154 1666 1247 1718 ἐπὶ
1286 1665 1355 1719 τὰ
1397 1668 1542 1739 ἄκρα
1576 1668 1674 1740 τῆς
1705 1668 1972 1743 θαλάττης

387 1752 474 1822 εἴη
504 1752 828 1823 ἀφιγμένος.
862 1754 997 1825 μηδὲ
1021 1754 1280 1826 ἑωρακὼς
1313 1758 1421 1827 εἴη,
1459 1758 1617 1822 ἐκδὺς
1645 1761 1740 1813 καὶ
1772 1762 1973 1816 ἀνακύ-

2085 562 2319 620 Phaside
2369 564 2436 619 ad
2485 564 2781 620 Columnas
2825 564 3093 627 Herculis.
3142 566 3363 635 perinde
3412 578 3471 623 ut
3510 570 3656 625 circa

2084 659 2335 728 paludem
2390 658 2656 722 formicae,
2704 669 2800 712 aut
2849 673 2998 712 ranae
3032 658 3178 714 circa
3234 674 3405 725 mare,
3452 660 3660 714 habite-

2081 767 2244 818 mus;
2277 753 2508 822 locaque
2549 752 2804 807 similiter
2839 751 2893 806 id
2924 767 3096 822 genus
3136 751 3245 805 alia
3276 751 3557 820 pleraque,
3587 753 3659 806 ab

2081 841 2205 897 aliis
2259 843 2464 912 passim
2519 858 2684 913 quam
2735 843 2984 911 plurimis
3043 842 3371 896 incolantur.
3430 841 3655 898 Terram

2080 933 2224 987 enim
2255 933 2514 988 concavis
2543 933 2746 1002 ubique
2772 932 3040 1002 partibus,
3074 934 3251 1002 iisque
3282 945 3389 988 tam
3440 938 3656 1007 magni-

2080 1022 2273 1077 tudine
2329 1038 2494 1093 quam
2555 1022 2728 1094 ﬁgura
2780 1023 3011 1079 diversis
3059 1024 3359 1085 abundare,
3417 1025 3471 1079 in
3520 1042 3660 1096 quas

2076 1115 2248 1178 unda,
2298 1114 2473 1185 caligo
2500 1124 2556 1168 et
2585 1129 2677 1168 aer
2707 1113 3071 1168 conﬂuxerint
3122 1134 3133 1167 :
3192 1115 3364 1184 ipsam
3397 1131 3527 1171 vero
3563 1129 3662 1188 per

2078 1222 2138 1262 se
2158 1222 2356 1276 puram
2385 1221 2523 1277 puro
2552 1208 2607 1261 in
2642 1208 2782 1262 cado
2810 1208 2971 1262 sitam
3021 1222 3164 1271 esse,
3202 1208 3346 1277 quod
3396 1218 3449 1263 et
3476 1218 3655 1263 astro-

2076 1313 2198 1351 rum
2238 1297 2399 1352 sedes
2424 1307 2531 1361 est,
2561 1306 2616 1351 et
2665 1312 2696 1351 a
2728 1298 3003 1366 plerisque
3031 1298 3309 1360 omnibus,
3338 1298 3433 1367 qui
3475 1299 3560 1352 bis
3588 1299 3658 1352 do

2076 1388 2241 1442 rebus
2293 1395 2529 1442 tractare
2583 1387 2786 1453 solent,
2838 1388 3006 1441 imber
3056 1387 3381 1457 appellatur.
3445 1385 3653 1442 Faecem

2077 1479 2242 1549 hujus
2268 1479 2686 1549 quamdamtria
2724 1479 2831 1534 ista
2860 1494 3002 1546 esse,
3030 1494 3096 1535 ac
3127 1494 3341 1549 semper
3372 1480 3424 1532 in
3453 1494 3642 1535 conca-

2075 1586 2173 1626 vas
2222 1580 2382 1626 terrae
2427 1572 2744 1626 altitudines
2795 1570 3091 1626 conﬂuere.
3140 1568 3253 1625 Nos
3304 1586 3468 1640 porro
3497 1612 3513 1636 ,
3558 1572 3655 1642 qui

2075 1671 2264 1731 partes
2311 1663 2432 1718 illas
2479 1663 2852 1733 depressiores
2901 1662 3241 1727 incolamus,
3295 1678 3471 1733 usque
3519 1663 3655 1719 adeo

2074 1754 2214 1821 falli,
2247 1763 2308 1808 ut
2340 1755 2396 1808 in
2435 1770 2649 1809 summa
2703 1754 2864 1810 nobis
2907 1765 3052 1811 terra
3083 1755 3279 1824 degere
3328 1756 3650 1811 videamur:

384 1841 495 1913 ψας
522 1845 587 1896 ὲκ
610 1844 710 1913 τῆς
739 1843 1009 1917 θαλάττης
1045 1848 1126 1909 εἰς
1154 1847 1247 1900 τὸν
1280 1847 1467 1901 ἐνθάδε
1512 1849 1695 1914 τόπον,
1727 1851 1835 1922 ὅσῳ
1868 1871 1969 1907 κα-

2074 1847 2297 1916 perinde
2332 1856 2393 1901 ut
2422 1848 2470 1902 si
2504 1847 2632 1917 quis
2657 1847 2788 1902 dum
2821 1848 2877 1901 in
2910 1847 3093 1902 medio
3131 1847 3306 1917 pelagi
3338 1846 3506 1903 fundo
3533 1862 3654 1902 ver-

386 1931 698 2005 θαρώτερος
723 1936 820 1988 καὶ
845 1935 1075 1990 καλλίων
1104 1937 1358 2007 τυγχάνει
1382 1941 1459 1992 ὢν
1487 1940 1582 1994 τοῦ
1615 1943 1768 2014 παρὰ
1796 1946 1971 2012 σφίσι,

390 2026 527 2096 μηδὲ
558 2027 721 2081 ἄλλου
748 2029 1003 2100 ἀκηκοὼς
1033 2031 1120 2102 εἴη
1155 2033 1316 2087 τοῦτο
1336 2035 1669 2106 ἑωρακότος.
1699 2039 1875 2093 Ταυτὸ
1907 2041 1970 2111 δὴ

382 2118 543 2173 τοῦτο
588 2122 684 2175 καὶ
725 2123 878 2193 ἡμᾶς
921 2124 1268 2180 πεπονθέναι.
1307 2126 1603 2192 Οίκοῦντας
1633 2129 1742 2201 γὰρ
1770 2129 1827 2183 έν
1867 2147 1973 2185 τινι

382 2211 552 2283 κοίλῳ
580 2212 682 2283 τῆς
707 2215 829 2285 γῆς,
862 2215 1069 2270 οἴεσθαι
1112 2218 1299 2272 ὲπάνω
1328 2220 1500 2291 αὐτῆς
1528 2223 1717 2285 οἰκεῖν,
1752 2223 1847 2276 καὶ
1879 2223 1973 2277 τὸν

380 2303 525 2376 ἀέρα
548 2306 776 2376 οὐρανὸν
802 2307 1006 2368 καλεῖν,
1039 2309 1115 2373 ὼς
1133 2310 1220 2365 διὰ
1243 2315 1432 2366 τούτου
1466 2314 1695 2385 οὐρανοῦ
1724 2315 1875 2378 ὄντος
1902 2316 1971 2369 τὰ

382 2393 563 2469 ἄστρα
604 2397 903 2470 χωροῦντα.
955 2400 1029 2454 Τὸ
1058 2400 1115 2455 δὲ
1153 2398 1290 2456 εἶναι
1335 2403 1525 2459 τοῦτον
1563 2407 1653 2459 ὑπ’
1686 2406 1972 2470 ἀσθενείας

383 2487 482 2542 καὶ
511 2487 861 2561 βραδυτῆτος,
892 2492 991 2562 οὐχ
1031 2493 1176 2557 οἴους
1203 2489 1342 2548 εἶναι
1379 2498 1528 2567 ἡμᾶς
1555 2495 1842 2563 διεξελθεῖν
1880 2501 1969 2552 ἐπ’

378 2578 611 2651 ἔσχατον
643 2581 815 2653 άέρα’
858 2584 979 2638 ἐπεὶ
1011 2585 1066 2638 εῐ
1093 2602 1179 2649 τις
1224 2587 1389 2641 αὐτοῦ
1421 2588 1510 2641 ἐπ’
1542 2590 1688 2660 ἄκρα
1732 2590 1895 2656 ἔλθοι,
1933 2591 1966 2664 ἢ

383 2672 587 2742 πτηνὸς
607 2672 896 2743 γενόμενος
916 2675 1229 2743 ἀνάπτοιτο,
1252 2679 1488 2734 κατιδεῖν
1507 2680 1571 2752 δὴ
1593 2681 1966 2753 άνακύψαντα,

259 2794 267 2802 -
378 2760 572 2835 ὥσπερ
606 2764 792 2818 ἐνθάδε
817 2766 867 2819 οἱ
895 2766 961 2819 ὲκ
996 2767 1094 2838 τῆς
1124 2766 1394 2841 θαλάττης
1428 2770 1608 2841 ἰχθύες
1632 2773 1969 2829 ἀνακύπτον-

383 2871 474 2920 τες
498 2856 666 2928 ὁρῶσι
688 2855 759 2910 τά
792 2857 998 2922 ἐνθάδε,
1028 2857 1198 2924 οὕτως
1224 2861 1287 2915 ἄν
1320 2879 1442 2916 τινα
1464 2863 1556 2917 καὶ
1586 2863 1655 2918 τὰ
1691 2865 1809 2919 ἐκεῖ
1839 2884 1971 2920 κατ-

388 2945 540 3002 ιδεῖν.
571 2947 683 3001 Kal.
729 2950 778 3002 εἰ
806 2950 839 3019 ἠ
877 2949 1038 3019 φύσις
1064 2951 1221 3022 ἰκανὴ
1255 2953 1339 3023 εἴη
1373 2953 1666 3024 ἀνέχεσθαι
1699 2956 1809 3028 (28)
1837 2956 1971 3011 θεω-

386 3036 577 3109 ροῦσα,
606 3039 808 3108 γνῶναι
839 3040 926 3104 ἂν,
958 3043 1040 3095 ὅτι
1074 3043 1280 3107 ἐκεῖνός
1316 3044 1464 3098 ἐστιν
1507 3047 1536 3099 ὁ
1573 3046 1782 3118 ἀληθὴς
1808 3048 1971 3120 ούρα-

384 3127 497 3194 νὸς,
523 3130 616 3184 καὶ
646 3131 707 3184 τὸ
729 3130 978 3204 ἀληθινὸν
1008 3133 1145 3202 φῶς,
1172 3134 1268 3188 καί⁹
1295 3136 1328 3206 ή
1361 3135 1438 3199 ὡς
1465 3136 1680 3206 άληθῶς
1706 3137 1800 3206 γῆ.
1835 3138 1965 3191 Ἦδε

384 3219 486 3290 μὲν
506 3219 614 3291 γὰρ
644 3221 798 3292 ἡγῆ,
827 3222 921 3275 καὶ
939 3224 988 3275 οἱ
1008 3222 1167 3289 λίθοι,
1192 3223 1285 3277 καὶ
1320 3225 1429 3288 πᾶς
1453 3228 1482 3278 ὁ
1519 3226 1683 3288 τόπος
1711 3228 1741 3280 δ
1776 3226 1965 3281 ἐνθάδε

376 3311 752 3383 διεφθαρμένα
785 3313 903 3367 ἐστὶ
937 3315 1031 3368 καὶ
1061 3314 1547 3387 καταὸεσρωμένα,
1571 3316 1760 3388 ὥσπερ
1791 3319 1859 3373 τὰ
1907 3322 1966 3372 ὲν

379 3405 450 3475 τῇ
472 3403 708 3476 θαλάττῃ
733 3404 838 3458 ὑπὸ
863 3405 962 3477 τῆς
978 3405 1158 3477 διλμης
1176 3423 1189 3437 ο
1214 3407 1308 3460 καὶ
1327 3406 1453 3460 οὔτε
1479 3409 1672 3478 φύεται
1698 3408 1847 3477 ἄξιον
1874 3412 1964 3463 λό-

381 3512 481 3565 γου
507 3496 658 3552 οὐδὲν
676 3498 733 3550 ὲν
760 3499 826 3567 τῇ
850 3497 1109 3571 θαλάττῃ,
1132 3497 1257 3552 οὔτε
1278 3499 1503 3563 τέλειον,
1521 3500 1596 3557 ὡς
1617 3500 1745 3565 ἔπος
1768 3504 1964 3566 εἰπεῖν,

374 3584 534 3640 οὐδέν
558 3588 687 3640 ἔστι
717 3588 990 3659 σήραγγες
1013 3588 1068 3642 δὲ
1092 3590 1185 3642 καὶ
1217 3588 1420 3661 ἄμμος,
1444 3593 1538 3645 καὶ
1566 3591 1734 3662 πηλὸς
1755 3593 1967 3664 ἀμήχα-

372 3693 493 3743 νος,
519 3679 611 3733 καὶ
637 3678 883 3752 βόρϐοροί
903 3683 1062 3745 εἰσιν,
1084 3682 1218 3735 ὅπου
1249 3680 1315 3735 ἂν
1345 3683 1441 3736 καί¹
1468 3684 1501 3754 ὴ
1528 3684 1599 3755 γῆ
1627 3679 1684 3757 ᾖ,
1705 3686 1800 3738 καὶ
1830 3684 1968 3755 πρὸς

380 3768 452 3823 τὰ
466 3776 598 3843 παρ’
612 3772 745 3843 ἡμῖν
771 3772 912 3826 καλὰ
930 3772 1039 3843 (29)
1058 3773 1338 3844 κρίνεσθαι
1357 3774 1466 3828 οὐδ’
1485 3775 1786 3829 ὁπωστιοῦν
1805 3774 1928 3842 ἄξια
1943 3794 1963 3809 ο

378 3864 567 3917 ἐκεῖνα
595 3863 652 3916 δὲ
683 3859 751 3918 αὖ
777 3863 886 3918 τῶν
911 3867 1040 3937 παρ’
1074 3867 1207 3938 ἡμῖν
1248 3867 1384 3920 πολὺ
1429 3868 1499 3922 ἂν
1531 3867 1611 3922 ἔτι
1647 3868 1831 3923 πλεῖον
1861 3886 1966 3938 φα-

384 3954 502 4025 νείη
556 3954 853 4028 διαφέρειν.
898 3957 961 4009 Εἰ
1013 3956 1124 4029 γὰρ
1164 3954 1229 4028 δὴ
1268 3958 1361 4011 καὶ
1416 3957 1731 4029 μυθολογεῖν
1779 3960 1963 4023 καλὸν,

381 4044 532 4113 ἄξιον
562 4046 815 4111 ἀκοῦσαι,
844 4041 890 4100 ὦ
922 4049 1151 4119 Σιμμία,
1192 4044 1281 4103 οἷα
1321 4051 1577 4121 τυγχάνει
1620 4051 1688 4106 τὰ
1729 4053 1821 4105 ἐπὶ
1867 4054 1966 4123 τῆς

380 4135 487 4207 γῆς
507 4137 612 4190 ὑπὸ
635 4137 715 4209 τῷ
740 4137 954 4209 ούρανῷ
978 4137 1130 4191 ὄντα.
1167 4136 1327 4193 Ἀλλὰ
1357 4139 1484 4211 μὴν,
1514 4138 1618 4210 ἔφη
1649 4142 1678 4195 ὁ
1703 4141 1964 4211 Σιμμίας,

379 4219 429 4280 ὦ
451 4227 758 4300 Σώκρατες,
786 4232 950 4300 ἡμεῖς
1000 4246 1065 4299 γε
1095 4228 1287 4284 τούτου
1334 4229 1431 4284 τοῦ
1485 4230 1655 4302 μύθου
1705 4231 1870 4303 ἡδέως
1900 4233 1967 4286 ἂν

381 4308 737 4392 ἀκούσαιμεν.
776 4320 1007 4390 Λέγεται
1053 4322 1252 4386 τοίνυν,
1283 4321 1407 4394 ἔφη,
1442 4316 1488 4375 ὧ
1514 4322 1721 4392 ἑταῖρε,
1750 4323 1967 4396 πρῶτον

384 4411 484 4483 μὶν
510 4407 650 4466 εἶναι
675 4413 895 4486 τοιαύτη
930 4415 963 4485 ἡ
999 4414 1073 4486 γῆ
1101 4413 1238 4485 αὐτὴ
1268 4413 1416 4477 ἰδεῖν,
1446 4411 1500 4467 εί
1524 4429 1609 4476 τις
1636 4412 1841 4466 ἄνωθεν
1868 4413 1968 4466 αὑ-

2074 1949 2313 2007 saretur,
2350 1956 2408 1995 se
2440 1950 2621 1995 tamen
2655 1954 2879 1995 summo
2907 1938 2963 1993 in
3000 1953 3220 2008 aequore
3246 1938 3462 2009 degere,
3489 1940 3653 1993 dum-

2071 2049 2179 2104 que
2209 2048 2304 2103 per
2353 2035 2591 2089 mediam
2630 2048 2828 2104 aquam
2876 2031 3075 2087 cmlum
3115 2045 3181 2087 ac
3221 2031 3426 2101 reliqua
3473 2031 3653 2087 sidera

2071 2125 2431 2196 prospiceret,
2469 2140 2619 2180 mare
2649 2126 2849 2181 caelum
2879 2125 3058 2195 ipsum
3090 2139 3213 2180 esse
3248 2123 3649 2181 arbitraretur:

2075 2230 2199 2268 eum
2260 2214 2308 2269 is
2356 2215 2502 2285 quod
2549 2215 2760 2270 tardior
2799 2223 2946 2271 esset
2983 2223 3148 2284 atque
3180 2214 3468 2280 inﬁrmior,
3512 2229 3655 2269 nun-

2073 2321 2240 2376 quam
2275 2307 2360 2360 vel
2388 2307 2453 2361 ad
2479 2321 2757 2362 summum
2804 2321 2994 2377 aequor
3039 2306 3325 2370 evasisset,
3359 2305 3444 2361 vel
3475 2320 3653 2361 emer—

2078 2408 2239 2467 gente
2268 2413 2332 2453 ac
2353 2398 2570 2453 sublato
2601 2400 2742 2454 hanc
2764 2399 2817 2453 in
2850 2400 3123 2463 regionem
3154 2399 3350 2468 capite,
3381 2406 3649 2467 quantum

2069 2503 2134 2543 ea
2161 2502 2316 2543 suam
2346 2488 2494 2544 illam
2524 2489 2706 2545 nitore
2733 2506 2799 2547 ac
2827 2491 3233 2559 pulchritudine
3262 2498 3503 2559 superet,
3536 2491 3653 2545 suis

2072 2580 2189 2651 ipse
2219 2581 2396 2637 oculis
2426 2581 2633 2643 videre.
2662 2592 2761 2637 aut
2787 2582 2855 2637 ab
2892 2582 3001 2637 alio
3031 2583 3218 2637 saltem
3268 2583 3362 2653 qui
3405 2583 3649 2648 vidisset,

2071 2670 2263 2727 audire
2314 2672 2604 2742 potuisset.
2661 2671 2831 2728 Nobis
2886 2675 3032 2728 enim
3088 2675 3228 2729 idem
3288 2690 3391 2730 usu
3438 2678 3648 2734 venire.

2069 2759 2280 2832 Quippe
2314 2763 2444 2818 dum
2495 2763 2551 2817 in
2597 2777 2837 2818 concava
2890 2765 3073 2834 aliqua
3128 2774 3286 2819 terra
3313 2774 3469 2834 parte
3503 2767 3653 2837 degi-

2071 2869 2217 2921 mus,
2248 2854 2407 2910 nobis
2439 2864 2622 2910 tamen
2645 2855 2815 2910 videri
2847 2856 3158 2925 superiores
3180 2857 3436 2924 incolere,
3462 2872 3648 2915 aerem

2071 2960 2293 3016 quoque
2342 2947 2542 3002 coelum
2586 2962 2617 3002 a
2651 2947 2811 3003 nobis
2858 2947 3140 3016 appellari,
3172 2949 3328 3018 quasi
3372 2959 3520 3004 astra
3554 2966 3649 3020 per

2072 3037 2272 3106 ipsum,
2313 3043 2573 3106 tanquam
2604 3051 2702 3107 per
2732 3051 2922 3091 verum
2955 3037 3155 3091 cadum
3185 3039 3559 3094 decurrerent.
3589 3037 3645 3092 Id

2072 3137 2253 3184 autem
2287 3129 2587 3183 inﬁrmitati
2613 3129 2828 3184 cuidam
2878 3144 2943 3184 ac
2972 3129 3215 3184 tarditati
3256 3130 3645 3201 assignandum

2068 3237 2212 3290 esse,
2247 3223 2391 3293 quod
2422 3238 2698 3278 summum
2722 3223 2788 3277 ad
2820 3237 2999 3276 aerem
3030 3223 3255 3278 evadere
3287 3237 3644 3293 nequeamus.

2069 3310 2148 3367 Eo
2181 3314 2327 3367 enim
2358 3313 2405 3368 si
2436 3315 2561 3382 quis
2596 3313 2885 3383 aspiraret,
2912 3322 3007 3367 aut
3035 3313 3190 3369 novis
3219 3314 3519 3368 instructus
3545 3313 3647 3369 alis

2067 3405 2328 3466 cvolaret,
2354 3406 2571 3460 sublato
2597 3406 2850 3460 nonnihil
2870 3407 3074 3475 capite,
3105 3406 3331 3476 perinde
3361 3415 3425 3459 ut
3450 3420 3481 3461 e
3509 3406 3646 3460 mari

2067 3496 2393 3551 exsistentes
2420 3496 2717 3566 aliquando
2748 3497 2928 3567 pisces
2980 3506 3166 3552 nostra
3202 3497 3319 3551 hau:
3350 3497 3645 3568 aspiciunt.

2068 3587 2143 3641 ita
2192 3587 2369 3657 ipsum
2412 3602 2500 3642 res
2553 3587 2675 3643 illas
2706 3588 2961 3644 caelestes
3004 3597 3450 3660 conspectui-um.
3488 3590 3644 3658 Quod

2067 3681 2113 3733 si
2145 3678 2212 3733 ad
2236 3679 2752 3749 contemplationem
2781 3681 2940 3736 istam
2966 3692 3163 3736 natura
3184 3683 3380 3738 virium
3406 3685 3536 3740 satis
3559 3684 3648 3739 ha-

2068 3770 2366 3836 beret,eum
2388 3770 2789 3827 intellecturum
2809 3772 3071 3828 continuo
3090 3787 3279 3829 verum
3297 3772 3427 3828 illud
3444 3774 3643 3829 cmlum

2067 3877 2212 3926 esse,
2239 3878 2424 3918 veram
2452 3864 2654 3931 lucem,
2706 3880 2999 3935 veramque
3018 3873 3240 3920 terram.
3277 3864 3440 3937 566
3459 3864 3647 3919 Enim-

2063 3969 2201 4009 vero
2244 3967 2389 4010 terra
2421 3955 2539 4012 haec
2564 3965 2774 4022 nostra,
2816 3955 3025 4025 lapides
3058 3955 3147 4011 isti
3188 3970 3327 4025 quos
3374 3956 3644 4021 videmus.

2068 4046 2242 4117 plagae
2270 4045 2389 4102 istae
2419 4062 2611 4104 omnes
2648 4057 2920 4118 corrupta:
2952 4054 3081 4102 sunt
3104 4056 3271 4116 atque
3298 4060 3554 4110 corrosaz,
3586 4058 3648 4101 ut

2068 4137 2281 4192 marina
2328 4138 2515 4192 omnia
2556 4138 2834 4208 salsugine
2862 4137 3184 4192 exeduntur.
3233 4135 3512 4207 Siquidem
3545 4154 3647 4196 nec

2067 4228 2238 4284 ullius
2284 4228 2766 4298 pretiiquidquam
2804 4228 2863 4282 in
2915 4225 3055 4281 mari
3108 4228 3374 4293 nascitur,
3406 4241 3507 4283 nec
3535 4228 3647 4284 fere

2068 4320 2371 4391 perfectum
2423 4320 2725 4392 quidquam
2767 4335 2834 4375 eo
2876 4319 3239 4375 continetur:
3275 4334 3522 4376 caverna:
3569 4321 3642 4378 ibi

2071 4423 2304 4480 tantum,
2341 4428 2529 4479 arena,
2559 4422 2614 4468 et
2641 4422 2793 4468 vasta
2822 4412 2920 4467 luti
2951 4410 3310 4480 sordiumque
3341 4416 3643 4483 congeries,

379 4505 481 4577 τὴν
505 4504 692 4576 θεῷτο,
715 4504 903 4576 ὥσπερ
931 4509 987 4559 αἰ
1017 4505 1416 4559 δωδεκάσκυτοι
1445 4507 1692 4577 σφαῖραι,
1722 4505 1964 4576 ποικίλη,

2082 4505 2392 4573 ubicunque
2423 4511 2567 4557 terra
2600 4517 2725 4557 cum
2775 4516 2842 4558 eo
2870 4501 3163 4572 conjuncta
3199 4511 3321 4557 est:
3365 4517 3486 4572 quae
3518 4517 3644 4573 pro-

379 4596 635 4669 χρὼμασι
663 4594 1050 4670 διειλημμένη·
1084 4591 1159 4652 ὧν
1185 4598 1281 4651 καὶ
1325 4597 1393 4652 τὰ
1433 4596 1619 4651 ἐνθάδε
1650 4593 1790 4650 εἶναι
1820 4596 1965 4668 χρώ·

385 4705 530 4760 ματα
563 4688 753 4761 ὥσπερ
779 4688 1070 4760 δείγματα,
1096 4683 1179 4754 οἷς
1205 4689 1269 4761 δὴ
1304 4689 1354 4743 οἰ
1378 4691 1613 4760 γραφεῖς
1647 4687 1965 4760 καταχρῶν·

379 4797 500 4835 ται⁸
533 4783 651 4834 ἐκεῖ
690 4781 749 4835 δὲ
784 4783 965 4836 πᾶσαν
995 4781 1093 4852 τὴν
1125 4782 1228 4853 γῆν
1267 4783 1331 4835 ὲκ
1375 4779 1630 4833 τοιούτων
1672 4774 1831 4844 εἶναι,
1870 4780 1965 4832 καὶ

384 4872 517 4927 πολὺ
558 4872 638 4926 ἔτι
679 4874 744 4927 ὲκ
771 4872 1164 4946 λαμπροτέρων
1212 4874 1306 4927 καὶ
1341 4873 1738 4947 καθαρωτέρων
1771 4873 1804 4944 ἢ
1840 4876 1965 4927 τού-

383 4981 508 5019 των.
538 4965 650 5038 Τὴν
679 4965 779 5037 μὲν
805 4965 915 5038 γὰρ
946 4966 1185 5038 ἁλουργῆ
1224 4962 1385 5032 εἶναι,
1423 4968 1516 5021 καὶ
1552 4966 1869 5049 θαυμαστὴν
1903 4967 1964 5021 τὸ

383 5056 598 5121 κάλλος,
626 5055 727 5128 τὴν
752 5056 812 5110 δὲ
839 5057 1148 5128 χρυσοειδῆ,
1170 5058 1271 5130 τὴν
1309 5057 1365 5112 δὲ
1403 5059 1503 5129 ὅση
1549 5059 1741 5130 λευκὴ,
1789 5059 1962 5130 γύψου

383 5146 476 5200 καὶ
506 5147 682 5219 χιόνος
710 5147 1056 5220 λευκοτέραν,
1092 5148 1185 5202 καὶ
1222 5151 1287 5202 ἐκ
1324 5148 1433 5204 τῶν
1452 5150 1626 5204 ἄλλων
1657 5151 1963 5231 χρωμάτων

387 5239 750 5310 συγκειμένην
775 5238 1058 5306 ὡσαύτως,
1084 5241 1183 5294 καὶ
1215 5240 1295 5294 ἔτι
1328 5241 1587 5296 πλειόνων
1619 5243 1713 5296 καὶ
1746 5241 1964 5296 καλλιό-

383 5347 511 5395 νων,
543 5331 578 5402 ἢ
608 5333 710 5385 ὅσα
739 5333 900 5402 ἡμεῖς
937 5331 1282 5403 ἑωράκαμεν.
1326 5334 1437 5387 Kal.
1476 5332 1587 5405 γὰρ
1618 5332 1757 5387 αὐτὰ
1792 5332 1964 5387 ταῦτα

381 5421 451 5476 τὰ
473 5423 626 5477 κοῖλα
661 5422 849 5493 αὐτῆς,
875 5421 1065 5487 ὕδατός
1112 5439 1172 5475 τε
1208 5424 1305 5476 καὶ
1357 5422 1518 5494 ἀέρος
1562 5422 1774 5494 ἔμπλεα
1810 5423 1961 5488 ὄντα,

384 5511 668 5586 χρώματός
704 5531 757 5568 τι
790 5508 927 5577 εἶδος
960 5511 1317 5584 παρέχεσθαι,
1354 5513 1634 5567 στίλϐοντα
1664 5516 1723 5567 ὲν
1757 5517 1822 5586 τῇ
1854 5515 1964 5568 τῶν

384 5604 554 5660 ἄλλων
581 5604 888 5678 χρωμάτων
936 5604 1209 5676 ποικιλίᾳ·
1248 5604 1387 5659 ὥστε
1430 5604 1489 5659 ἓν
1531 5622 1582 5659 τι
1624 5604 1795 5675 αὐτῆς
1827 5602 1964 5668 εἶδος

456 5787 567 5857 (28)
607 5789 781 5855 Plato,
816 5787 1160 5860 ἀνασχέσθαι.

2066 4596 2211 4652 fecto
2242 4596 2514 4664 ejusmodi
2544 4604 2691 4660 sunt,
2729 4603 2789 4650 ut
2820 4610 2887 4649 ne
2916 4593 3054 4650 dicis
3079 4594 3298 4665 quidem
3327 4608 3492 4649 causa
3515 4609 3640 4648 cum

2066 4689 2170 4744 hac
2198 4704 2381 4744 rerum
2416 4697 2732 4742 nostrarum
2766 4687 2946 4757 specie
2986 4685 3224 4741 conferri
3265 4686 3498 4755 possint.
3536 4684 3643 4741 Res

2064 4792 2244 4837 autem
2275 4781 2379 4836 illa:
2402 4782 2681 4846 caelestes,
2711 4781 2871 4850 longe
2918 4780 3124 4834 uostris
3163 4779 3343 4833 adhuc
3369 4777 3642 4833 excellen-

2065 4875 2230 4928 tiores
2256 4873 2448 4941 utique
2491 4873 2798 4928 videantur.
2845 4869 2981 4924 Nam
3014 4871 3061 4925 si
3109 4868 3306 4925 fabulae
3338 4870 3490 4925 locus
3518 4884 3641 4924 esse

2063 4965 2278 5030 debeat,
2327 4966 2529 5036 juverit
2577 4964 2868 5034 equidem,
2924 4976 2960 5017 ο
3014 4960 3283 5026 Simmia,
3331 4959 3640 5030 cujusmodi

2067 5067 2208 5113 terra
2257 5058 2350 5113 illa
2380 5058 2520 5113 cado
2559 5057 2808 5126 proxima
2840 5056 2912 5112 sit
2939 5055 3201 5112 audiisse.
3236 5051 3347 5107 Nos
3376 5066 3529 5118 vero,
3555 5051 3642 5107 in-

2064 5150 2186 5221 quit
2216 5148 2497 5213 Simmias,
2533 5148 2785 5213 libenter,
2817 5162 2850 5202 o
2876 5145 3170 5212 Socrates,
3205 5143 3444 5199 fabulam
3476 5145 3638 5199 istam

2064 5243 2376 5299 audiemus.
2413 5239 2656 5294 Primum
2688 5240 2853 5309 igitur
2882 5237 3095 5303 ferunt,
3140 5236 3216 5291 mi
3253 5236 3501 5298 Simmia,
3533 5240 3643 5292 ter;

2065 5348 2182 5389 ram
2215 5333 2363 5387 illam
2396 5332 2442 5385 si
2469 5331 2593 5400 quis
2621 5329 2905 5399 despiciat,
2938 5328 3279 5397 sphaerarum
3324 5337 3637 5384 nostrarum

2063 5442 2130 5482 ex
2160 5426 2324 5482 coriis
2356 5425 2643 5480 duodecim
2689 5431 3068 5477 coutextarum
3114 5420 3442 5489 persimilem
3493 5434 3636 5485 esse,

2065 5519 2168 5573 hoc
2197 5526 2281 5572 est
2311 5515 2518 5570 variam
2542 5555 2558 5579 ,
2589 5513 2977 5582 coloribusque
3014 5510 3325 5566 distinctam
3356 5525 3636 5591 ;.quorum

2065 5609 2299 5678 speciem
2332 5608 2572 5678 aliquam
2612 5606 2823 5662 colores
2857 5603 2943 5660 isti
2993 5605 3168 5659 nostri
3202 5616 3313 5674 pra:
3341 5618 3401 5659 se
3440 5600 3639 5670 ferant,

2137 5788 2247 5863 (‘29)
2291 5787 2463 5855 Plato,
2500 5786 2689 5860 κάλλη.
