4156 6420
511 371 619 431 943

1116 367 1381 426 EUSEBII
1413 366 1896 425 CA‘JSARIENSIS
1932 364 2082 422 OPP.
2122 366 2303 424 PARS
2341 367 2407 426 Il.
2446 402 2517 413 —
2556 370 3062 426 APOLOGETICA.

3644 376 3749 433 9M

507 487 707 556 quibus
754 487 988 556 pictores
1018 485 1337 542 abutuntur.
1380 486 1451 541 At
1492 501 1623 542 vero
1674 497 1874 542 terram
1923 486 2059 541 illam

2178 486 2425 559 ξυνεχὲς,
2478 490 2572 543 καὶ
2614 489 2856 542 ποικίλον
2906 488 3284 559 φαντάζεσθαι.
3343 492 3431 544 Ἑν
3480 491 3536 545 δὲ
3580 494 3750 565 ταύτῃ

504 593 573 633 ex
599 579 667 633 iis
696 579 1026 640 universam,
1065 577 1332 647 longeque
1359 577 1539 633 adhuc
1562 578 1952 634 illustrioribus
1975 593 2075 648 pu-

508 667 852 737 rioribusqne
883 676 1153 723 constare.
1202 666 1494 724 Enimvero
1522 685 1847 740 purpuream
1880 669 1991 733 hic,
2021 679 2076 724 et

507 756 919 826 pulchritudine
954 756 1260 810 admirabili
1288 758 1661 827 conspicuam,
1686 772 1907 812 auream
1941 756 2073 821 illic,

506 848 634 902 alibi
669 862 837 919 gypso
863 863 928 901 ac
960 848 1083 902 nive
1114 848 1523 915 candidiorem',
1551 864 1653 904 nec
1684 864 1792 903 non
1832 849 1953 904 aliis
1999 850 2072 903 si-

506 937 709 992 militer
755 937 1076 1003 coloribus,
1115 938 1210 1007 qui
1260 947 1479 994 nostros
1525 940 1757 994 multum
1814 940 2074 993 varietate

504 1027 706 1096 pariter
738 1043 803 1082 ac
831 1028 1011 1082 nitore
1033 1037 1313 1098 superent,
1344 1028 1688 1085 intertextam
1717 1030 1909 1085 videri.
1937 1029 2071 1084 Nam

500 1133 771 1175 concavas
794 1121 957 1176 etiam
984 1122 1155 1191 ipsius
1183 1121 1522 1188 altitudines,
1545 1138 1701 1193 aquae
1721 1104 1884 1178 simul
1900 1123 2075 1177 aeris-

499 1224 608 1280 que
663 1211 895 1281 plenas,
952 1213 1189 1281 speciem
1244 1212 1509 1282 ejusmodi
1573 1213 1771 1268 coloris
1831 1213 2069 1283 aliquam

498 1304 805 1366 ostendere,
831 1318 955 1373 qua:
984 1305 1069 1358 vel
1095 1305 1147 1356 in
1200 1316 1347 1359 tanta
1383 1305 1716 1375 reliquorum
1760 1305 2072 1359 diversitate

497 1393 784 1464 refulgeat,
836 1396 1020 1463 itaque
1072 1410 1235 1449 unam
1289 1395 1437 1449 illius
1490 1394 1707 1459 faciem,
1754 1394 2069 1448 continuam

496 1488 662 1542 simul
696 1496 750 1542 et
776 1487 985 1541 variam
1015 1502 1298 1557 apparere.
1333 1487 1482 1543 Talis
1524 1502 1691 1558 porro
1716 1500 1839 1540 cum
1881 1500 1944 1540 ea
1976 1485 2067 1547 sit.

497 1583 552 1635 in
582 1581 769 1635 eadem
807 1581 981 1636 sativa
1000 1596 1247 1651 quoque,
1270 1590 1330 1636 ut
1357 1582 1601 1644 arbores,
1631 1579 1794 1633 flores
1839 1578 2072 1632 fructus-

494 1688 605 1742 que
658 1674 827 1728 nasoi'
868 1683 1296 1729 consentaneum
1345 1681 1466 1729 est:
1513 1668 1727 1726 montes
1777 1678 2067 1741 praeterea,

2176 574 2309 646 οὔσῃ
2333 576 2556 651 τοιαύτῃ
2577 576 2837 645 ἀνάλογον
2871 577 2938 630 τὰ
2959 577 3181 632 τοιαῦτα
3212 578 3442 649 φύεσθαι
3470 580 3659 654 δένδρα
3690 598 3750 635 τε

2178 669 2273 722 καὶ
2293 667 2452 738 ἄνθη,
2475 668 2669 739 ἔχοντα
2695 669 2818 732 τοὺς
2856 669 3128 741 καρπούς·
3176 670 3270 724 καὶ
3309 667 3376 725 αὖ
3411 672 3475 725 τὰ
3519 672 3620 745 ὅρη
3645 672 3753 727 ὠσα-

2176 758 2375 824 αύτως,
2414 762 2508 812 καὶ
2549 761 2675 823 τοὺς
2723 759 2944 829 βουνοὺς
2965 758 3074 830 ('50)
3105 760 3246 831 ἔχειν
3279 762 3420 817 κατὰ
3454 763 3546 816 τὸν
3591 765 3752 818 αὑτὸν

2176 849 2332 919 λόγον
2359 852 2458 922 τὴν
2482 850 2790 921 τελειότητα
2817 853 2909 904 καὶ
2934 850 3035 922 τὴν
3055 852 3387 921 διαφάνειαν,
3411 855 3504 908 καὶ
3524 855 3592 909 τὰ
3616 855 3755 927 χρώ-

2178 959 2321 1012 ματα
2344 942 2565 995 καλλίω.
2595 937 2694 995 Ὧν
2723 944 2817 995 καὶ
2852 943 2921 995 τὰ
2967 943 3151 996 ἐνθάδε
3181 943 3378 998 λιθίδια
3412 942 3548 999 εἶναι
3581 949 3752 1001 ταῦτα

2172 1032 2242 1085 τὰ
2266 1032 2603 1103 ἀγαπώμενα
2638 1032 2823 1104 μόρια,
2860 1033 3054 1103 σάρδια
3108 1050 3167 1086 τε
3212 1034 3307 1086 καὶ⁵
3350 1035 3617 1100 ίάσπιδας,
3658 1038 3754 1092 καὶ

2176 1108 2540 1196 σμαράγδους,
2585 1124 2679 1177 καὶ
2717 1125 2894 1178 πάντα
2924 1125 2993 1178 τὰ
3037 1124 3277 1179 τοιαῦτα.
3320 1127 3466 1180 Ἐκεῖ
3503 1127 3561 1181 δὲ
3601 1129 3752 1182 οὐδὲν

2172 1214 2350 1268 ὁτιοῦν
2373 1214 2609 1267 τοιοῦτον
2636 1215 2736 1268 οὐκ
2764 1210 2923 1278 εἶναι,
2951 1215 3044 1267 καὶ
3074 1214 3153 1269 ἔτι
3187 1215 3391 1269 τούτων
3420 1216 3644 1271 καλλίω.
3679 1216 3754 1272 Τὸ

2170 1306 2216 1359 δ’
2249 1305 2420 1359 αἴτιον
2456 1304 2647 1358 τούτου
2688 1302 2847 1369 εἶναι,
2880 1307 2963 1359 ὃτι
2998 1308 3195 1359 ἐκεῖνοι
3239 1307 3289 1359 οί
3330 1306 3465 1360 λίθοι
3523 1307 3751 1380 καθαροί

2171 1398 2297 1460 είσι,
2335 1396 2431 1450 καὶ
2458 1396 2520 1449 οὐ
2555 1395 3024 1467 κατεδηδεσμένοι,
3059 1397 3179 1451 οὐδὲ
3216 1396 3620 1470 διεφθαρμένοι,
3645 1399 3753 1453 ῶσ-

2172 1506 2278 1559 περ
2311 1490 2361 1541 οἱ
2401 1489 2588 1542 ἐνθάδε
2636 1488 2741 1542 ὑπὸ
2789 1489 3080 1558 σηπεδόνος
3125 1490 3218 1543 καὶ
3267 1490 3464 1562 ἅλμης,
3499 1493 3596 1545 καὶ
3639 1492 3751 1546 τῶν

2169 1581 2326 1653 δεῦρο
2353 1579 2814 1652 ξυνερῤυηκότων,
2844 1581 2880 1634 ἂ
2902 1582 2995 1635 καὶ
3035 1579 3221 1645 λίθοις.
3248 1583 3343 1635 καὶ
3374 1586 3465 1653 γῇ,
3509 1586 3603 1637 καὶ
3636 1589 3751 1650 τοῖς

2171 1673 2352 1738 ἄλλοις
2381 1671 2542 1739 ζώοις
2569 1690 2629 1726 τε
2651 1674 2746 1727 καὶ
2777 1676 2965 1743 φυτοῖς
2998 1672 3159 1746 αἴσχη
3186 1691 3247 1727 τε
3275 1677 3368 1728 καὶ
3394 1677 3580 1740 νόσους
3611 1695 3750 1751 παρ-

495 1765 810 1835 lapidesque
855 1764 1141 1830 similiter,
1185 1766 1571 1836 perfectionem
1600 1777 1875 1831 quemque
1911 1776 2059 1815 suam

2173 1764 2307 1836 ἔχει.
2351 1764 2462 1836 Τὴν
2492 1763 2549 1817 δέ
2572 1763 2677 1834 γῆν
2707 1764 2876 1836 αὐτὴν
2914 1765 3284 1836 κεκοσμῆσθαι
3316 1764 3524 1830 τούτοις
3555 1767 3748 1830 ἅπασι.

495 1832 620 1910 cum
673 1832 1065 1926 perspicuitate
1115 1832 1570 1911 ac'suavioribus
1607 1854 1886 1909 coloribus
1929 1852 2059 1906 obti-

2175 1832 2267 1910 καὶ
2292 1855 2369 1907 ἔτι
2398 1832 2586 1926 χρυσῷ
2603 1832 2664 1907 τε
2697 1854 2792 1908 καὶ
2817 1832 2957 1925 αργύ
2968 1871 3043 1925 ρῳ
3191 1858 3303 1910 τοῖς
3331 1856 3509 1920 ἄλλοις
3537 1853 3602 1910 αὖ
3635 1860 3751 1922 τοῖς

492 1962 643 2000 nere.
699 1948 943 2014 Quorum
1003 1950 1222 2021 quidem
1276 1946 1560 2018 particulae
1609 1955 1822 2001 tantum
1874 1945 2071 2015 aliquae

494 2035 607 2089 sint
658 2034 824 2105 lapilli
886 2038 1019 2101 isti,
1079 2053 1220 2107 quos
1277 2046 1558 2106 tantopere
1607 2035 2068 2105 concupiscimus,

494 2127 660 2181 sardii
710 2129 991 2193 videlicet,
1022 2130 1286 2199 jaspides,
1322 2129 1619 2200 smaragdi,
1651 2129 1854 2198 aliique
1880 2127 1934 2183 id
1979 2143 2071 2198 εο-

496 2233 617 2272 n-is.
656 2216 768 2273 Illic
793 2228 973 2274 autem
1009 2221 1141 2273 nihil
1180 2236 1291 2274 non
1326 2235 1450 2275 esse
1482 2220 1823 2289 huiusmodi,
1854 2220 2068 2289 aliaque

496 2313 677 2368 adhuc
728 2314 889 2385 longe
923 2315 1257 2384 pulchriora.
1308 2315 1479 2383 Cujus
1515 2316 1591 2369 rei
1644 2330 1867 2370 causam
1910 2316 2070 2370 aliam
2110 2330 2231 2370 esse
2274 2315 2500 2380 nullam,
2531 2329 2696 2385 quam
2756 2315 2902 2383 quod
2962 2312 3167 2383 lapides
3206 2314 3280 2367 illi
3313 2314 3431 2382 puri
3466 2314 3596 2372 sint.
3636 2330 3745 2369 non
3840 2358 3847 2365 .

2174 1946 2451 2008 τοιούτοις.
2502 1945 2741 2015 Ἐκφανῆ
2795 1944 2903 2017 γὰρ
2952 1944 3089 1998 αὐτὰ
3153 1946 3491 2015 πεφυκέναι,
3547 1942 3622 2000 ὧν
3680 1950 3751 2003 τὰ

2175 2036 2344 2090 πολλὰ
2379 2036 2490 2106 (5i)
2519 2035 2697 2107 πλήθη
2744 2037 2839 2089 καὶ
2898 2035 3128 2106 μεγάλα,
3182 2038 3276 2089 καὶ
3337 2036 3600 2108 πολλαχοῦ
3635 2038 3749 2111 (52)

2174 2129 2270 2199 τῆς
2320 2128 2421 2198 γῆς
2462 2127 2602 2181 ὥστε
2644 2127 2815 2198 αὐτὴν
2864 2126 2972 2180 δεῖν
3028 2122 3165 2180 εἶναι
3210 2128 3388 2198 θέαμα
3419 2129 3751 2199 εὐδαιμόνων

2171 2219 2401 2273 θεατῶν.
2438 2237 2458 2271 ι

495 2414 677 2458 autem
709 2413 769 2458 ut
798 2405 994 2466 nostri.
1031 2405 1153 2459 tabe
1207 2419 1269 2459 ac
1317 2404 1616 2475 salsugine,
1670 2404 2011 2474 aliarumque
2069 2420 2253 2460 rerum
2295 2404 2492 2473 injuria
2536 2404 2684 2459 exesi
2732 2412 2895 2473 atque
2955 2404 3218 2473 cnrrupti,
3288 2418 3412 2472 qua:
3456 2404 3561 2457 huc
3608 2419 3744 2459 con-

491 2494 741 2554 ﬂuentes,
775 2495 1063 2563 lapidibus,
1098 2504 1285 2557 terrae,
1315 2510 1381 2549 ac
1412 2495 1639 2565 reliquis
1678 2503 1786 2550 tam
1821 2496 2211 2562 animantibus,
2261 2511 2425 2565 quam
2478 2495 2677 2565 plantis
2696 2495 2828 2549 vitia
2866 2494 3193 2563 morbosque
3238 2503 3441 2550 creant.
3492 2493 3650 2566 567
3675 2497 3745 2553 At

491 2603 624 2644 vero
671 2598 873 2642 terram
929 2586 1077 2640 illam
1118 2601 1243 2640 eum
1296 2586 1382 2641 his
1429 2586 1726 2649 omnibus,
1778 2596 1893 2640 tum
1950 2601 2089 2640 auro
2126 2586 2288 2640 etiam
2321 2596 2483 2657 atque
2514 2594 2771 2657 argento.
2833 2600 2898 2640 ac
2945 2586 3175 2649 eazteris,
3207 2586 3258 2639 id
3290 2600 3460 2655 genus
3489 2598 3742 2641 ornatam

490 2692 555 2733 ac
584 2679 895 2733 decoratam
961 2691 1104 2732 esse.
1136 2674 1204 2729 Et
1235 2676 1493 2745 quoniam
1534 2692 1598 2731 ea
1648 2678 1759 2732 sint
1807 2693 1931 2731 eum
1976 2680 2153 2733 nitore
2190 2678 2473 2748 singulari,
2526 2686 2638 2732 tum
2698 2676 2902 2747 ingenti
2955 2690 3184 2729 numero
3239 2692 3303 2730 ac
3349 2678 3739 2746 magnitudine,

491 2775 735 2843 adeoque
778 2782 977 2827 terram
1013 2781 1284 2842 occupant
1331 2773 1664 2839 universam,
1710 2773 1831 2843 ejus
1886 2776 2114 2831 Droinde
2151 2785 2371 2844 aspectu
2438 2773 2581 2841 frui,
2648 2787 2837 2828 verum
2900 2773 2953 2826 id
3011 2773 3396 2842 propriumque
3458 2774 3736 2829 beatorum

491 2865 863 2934 spectaculum
892 2865 1016 2934 jure
1042 2879 1107 2918 ac
1138 2865 1334 2918 merito
1364 2865 1549 2920 haberi
1584 2882 1765 2936 posse.
1809 2888 1830 2920 ο

996 2955 1227 3012 CAPUT
1257 2957 1545 3014 XXXVIII.

492 3051 568 3106 De
601 3051 831 3121 judicio,
878 3050 1018 3121 quod
1065 3061 1286 3104 mortem
1337 3053 1591 3121 excipiat,
1627 3053 1899 3110 Platanona
1940 3058 2044 3111 Ile-

951 3122 1107 3176 brwis
1132 3123 1311 3191 a/j‘inia
1339 3126 1582 3179 sensisse.
1706 3145 1714 3153 ι

560 3214 866 3278 Postremo,
900 3229 1023 3268 cuin
1056 3211 1402 3268 Hebraeorum
1432 3214 1645 3281 litterar,
1672 3216 1885 3273 animos
1912 3228 2060 3288 post-

488 3321 721 3375 eaquam
751 3321 782 3358 e
823 3319 1050 3374 corpore
1088 3302 1507 3373 migravernnt,
1534 3306 1779 3363 divinum
1823 3309 2057 3363 tribunal

493 3413 559 3452 ac
605 3397 872 3466 judicium
926 3396 1176 3464 excipere
1230 3395 1569 3461 denuntient,
1619 3414 1743 3452 cum
1789 3400 2058 3455 sexcentis

491 3487 634 3550 aliis,
686 3495 800 3540 tum
850 3485 957 3540 hoc
1006 3486 1170 3539 etiam
1227 3486 1348 3540 loco
1378 3504 1391 3540 :
1424 3503 1443 3536 ι
1501 3486 1800 3555 Judicium,
1859 3492 2053 3560 inquit,

489 3577 849 3632 constitutum
881 3584 985 3638 est,
1031 3584 1086 3629 et
1133 3575 1255 3629 libri
1301 3578 1471 3644 aperti
1510 3588 1660 3643 sunt,
1709 3590 1761 3633 et
1784 3580 2056 3651 Anliquus

488 3667 700 3720 dierum
755 3666 914 3721 sedit.
971 3664 1198 3720 Fluvius
1250 3666 1392 3737 ignis
1439 3669 1757 3725 volvebatur
1815 3672 1870 3726 in
1924 3688 2056 3728 con-

487 3768 674 3829 spectu
697 3760 819 3829 ejus
845 3778 859 3812 :
887 3759 1069 3815 decies
1101 3759 1298 3813 millies
1328 3770 1555 3815 centena
1587 3764 1753 3817 millia
1781 3765 2057 3819 ministra-

486 3852 618 3907 bant
642 3851 714 3917 ei,
741 3862 795 3907 et
823 3852 989 3907 millia
1016 3853 1242 3908 millium
1279 3853 1605 3909 assistebant
1624 3870 1805 3910 coram
1831 3870 1897 3910 eo
1926 3855 2050 3910 ⁵⁸⁸.»

485 3943 625 3996 Audi
655 3959 800 3998 nunc
842 3942 1144 4007 Platonem,
1179 3944 1636 4014 quemadmodum
1668 3954 1723 3999 et
1771 3945 1938 4000 divini
1965 3947 2055 4017 ju~

487 4035 637 4100 dicii,
671 4043 725 4091 et
756 4036 896 4105 ignei
930 4035 1175 4097 fluminis
1200 4035 1523 4091 nominatim
1555 4037 1882 4101 meminerit,
1909 4037 2053 4091 mul-

485 4140 678 4201 tasque
704 4132 917 4201 piorum
950 4131 1128 4195 sedes,
1179 4139 1232 4186 et
1273 4129 1563 4201 impiorum
1592 4132 1742 4187 varia
1788 4132 2051 4201 supplicia

486 4221 834 4278 Hebraeorum
884 4238 952 4277 ex
1001 4237 1164 4278 sensu
1215 4223 1572 4294 doctrinaque
1622 4223 1914 4278 describat.
1960 4222 2053 4277 Sic

483 4315 629 4370 enim
686 4314 739 4368 in
771 4314 987 4384 dialogo
1016 4314 1087 4369 De
1109 4316 1287 4369 animo
1317 4315 1603 4383 loquitur:
1641 4333 1661 4366 ι
1688 4312 1807 4369 Ξειηι
1838 4314 2049 4380 tertius,

487 4406 682 4477 inquit.
712 4405 908 4463 fluvius
935 4406 1219 4462 amborum
1245 4407 1482 4477 erumpit
1512 4421 1542 4461 e
1566 4406 1764 4473 medio,
1790 4405 2049 4476 primum-

485 4512 591 4568 que
616 4499 719 4553 sub
740 4498 969 4563 exitum,
1002 4497 1055 4552 in
1089 4507 1303 4553 vastum
1335 4498 1621 4567 quemdam
1649 4498 1828 4552 locum
1855 4496 2049 4563 influit,

484 4590 659 4644 multo
697 4591 820 4659 igne
848 4588 1301 4659 conflagrantem,
1327 4588 1419 4643 ubi
1450 4587 1697 4657 paludem
1724 4588 1884 4643 ellicit
1916 4589 2053 4644 mari

436 4726 443 4731 .
484 4692 675 4737 nostro
724 4681 1013 4750 majorem,
1053 4690 1109 4735 et
1161 4696 1303 4750 aqua
1351 4680 1515 4735 simul
1560 4695 1625 4734 ac
1668 4680 1784 4735 luto
1829 4679 2053 4735 efferve-

487 4782 751 4829 scentem.
786 4771 915 4827 Inde
955 4771 1209 4827 turbidus
1237 4771 1292 4825 in
1327 4771 1512 4826 orbem
1549 4787 1912 4842 emnosusque
1945 4771 2050 4826 fer-

486 4876 597 4932 tur,
624 4875 892 4934 terrzeqne
928 4862 1318 4926 circumfusus,
1377 4878 1499 4918 cum
1547 4864 1655 4919 alio
1681 4866 1906 4934 passim,
1935 4875 2048 4921 tum

482 4958 550 5012 ad
599 4965 900 5012 extremam
929 4969 1147 5025 quoque
1176 4953 1429 5024 paludem
1468 4954 1822 5012 Acherusiam
1854 4955 2048 5010 allahi-

480 5058 611 5104 tur:
646 5048 725 5104 sic
762 5057 945 5102 tamen
991 5056 1050 5102 ut
1082 5048 1234 5103 nullo
1257 5048 1421 5103 modo
1447 5063 1571 5103 cum
1618 5048 1739 5117 ejus
1769 5062 1910 5116 aqua
1947 5047 2045 5101 mi-

485 5148 703 5195 sceatur
729 5156 744 5205 ;
772 5138 866 5194 sed
898 5138 1071 5193 multo
1112 5139 1214 5194 sub
1242 5146 1443 5194 terram
1489 5136 1655 5202 ﬂexu,
1682 5137 1897 5191 tandem
1927 5152 2045 5194 ses:

481 5230 799 5300 peuitiorem
853 5230 907 5285 in
959 5229 1250 5284 Tartarum
1301 5240 1583 5285 exoneret.
1634 5229 1810 5297 Atque
1864 5228 1912 5283 is
1966 5235 2040 5288 ea

554 5321 622 5353 “°
650 5322 786 5377 Dan.
827 5338 924 5389 vtt,
945 5322 999 5388 9,
1034 5322 1119 5377 I0.

550 5412 660 5481 (30)
696 5412 872 5481 Plato,
896 5414 1097 5480 λίθους.

551 5478 664 5552 (3|)
705 5478 813 5537 Ὦν
855 5478 927 5539 τὰ
968 5478 1185 5539 πολλά.
1234 5483 1422 5548 Plato,
1455 5482 1583 5537 ὄντα
1630 5479 1799 5535 πολλὰ
1830 5480 2019 5552 πλήθε,

480 5552 654 5608 lenae
672 5555 883 5608 melius.

556 5570 636 5675 iga
672 5570 883 5608 melius.
1535 5620 1561 5631 _

550 5621 583 5693 (ί
606 5623 659 5687 2)
697 5625 1037 5692 "0.1141023.
1074 5624 1247 5693 Plato.
1287 5638 1585 5693 πανταχου.

550 5690 1145 5762 (33)Κρ1σιν“π]μυχῶν.
1177 5692 1304 5746 Vide
1333 5690 1745 5760 Trisinegistum
1768 5690 1821 5747 in
1847 5690 2020 5746 Esca

478 5760 645 5831 (apio,
676 5778 793 5831 cap.
834 5760 1049 5830 l0,'non
1078 5764 1343 5819 absimilia
1378 5763 1762 5830 disputantem.

2673 2956 3066 3010 ΚΕΦΑΛᾹῙΟΝ
3104 2957 3230 3009 ΑΠ’.

2172 3054 2265 3119 Ὡς
2279 3051 2371 3105 καὶ
2390 3049 2463 3103 τὰ
2481 3048 2612 3115 περὶ
2633 3046 2741 3115 τῆς
2751 3048 2897 3117 μετὰ
2912 3047 3018 3119 τὸν
3034 3047 3290 3119 θάνατον
3318 3050 3572 3117 κρίσεως
3604 3052 3740 3119 ὁμο-

2066 3128 2109 3182 C
2214 3118 2317 3187 [ως
2345 3122 2623 3187 Ἑϐραίοις
2644 3120 2741 3171 καὶ
2760 3121 2792 3171 ὀ
2818 3118 3066 3171 Πλάτων
3088 3118 3337 3173 ἔσεσθαι
3357 3118 3643 3174 πιστεύει.

2230 3214 2342 3284 Τῆς
2369 3212 2496 3281 παρ’
2525 3209 2794 3281 Ἑϐραίοις
2820 3208 3040 3280 γραφῆς
3064 3207 3196 3261 Θεοῦ
3230 3208 3613 3281 δικαιωτήριον
3639 3212 3736 3266 καὶ

2161 3306 2340 3375 κρίσιν
2393 3301 2579 3372 ψυχῶν
2637 3300 2747 3370 (53)
2808 3300 2946 3371 μετὰ
2992 3299 3091 3369 τὴν
3141 3301 3347 3355 ἐνθένδε
3392 3301 3735 3373 ’ἀπαλλαγὴν

2160 3394 2376 3449 ἔσεσθαι
2416 3395 2907 3466 προαγορευούσης,
2943 3391 3029 3445 διά
3054 3408 3112 3444 τε
3156 3394 3365 3462 μυρίων
3406 3393 3601 3454 ἄλλων.
3635 3395 3733 3449 καὶ

2157 3487 2224 3540 δι’
2253 3482 2327 3540 ῶν
2365 3501 2518 3556 φησι·
2552 3504 2571 3535 ι
2616 3486 2910 3556 Κριτήριον
2946 3481 3183 3544 ἐκάθισε,
3229 3483 3321 3534 καὶ
3359 3482 3529 3551 βίϐλοι
3558 3484 3728 3554 ἠνεῴ-

2158 3578 2385 3650 χθησαν,
2424 3576 2519 3630 καὶ
2566 3576 2595 3628 ὁ
2642 3574 2874 3636 Παλαιὸς
2916 3572 3138 3642 ἡμερῶν
3179 3571 3436 3641 ἐκάθητο.
3479 3573 3729 3643 Ποταμὸς

2158 3669 2329 3741 πυρὸς
2378 3662 2558 3721 εἷλκεν
2612 3663 2917 3735 ἔμπροσθεν
2969 3662 3163 3716 αὐτοῦ’
3227 3663 3415 3734 μύριαι
3473 3663 3728 3736 μυριάδες

2156 3759 2530 3830 ἐλειτούργουν
2564 3755 2731 3825 αὐτῷ,
2766 3756 2861 3808 καὶ
2892 3754 3059 3824 χίλιαι
3103 3754 3334 3824 χιλιάδες
3369 3757 3730 3829 παρειστήκε-

2159 3868 2256 3905 σαν
2306 3847 2611 3921 ἔμπροσθεν
2659 3847 2853 3901 αὐτοῦ’
2896 3866 2915 3900 ι
2956 3847 3256 3901 ἐπάκουσον
3297 3847 3391 3901 τοῦ
3442 3848 3727 3915 Πλάτωνος

2155 3942 2252 4013 τῆς
2284 3939 2431 4003 θείας
2461 3939 2692 4012 κρίσεως
2720 3940 2816 3993 καὶ
2856 3938 2921 4010 δὴ
2954 3940 3046 3993 καὶ
3074 3938 3167 3993 τοῦ
3195 3939 3439 4013 ποταμοῦ
3467 3941 3728 4012 ὀνομαστὶ

2157 4032 2527 4103 μεμνημένου,
2567 4029 2765 4095 πολλάς
2798 4048 2858 4084 τε
2899 4031 3065 4102 μονὰς
3103 4031 3210 4085 τῶν
3245 4032 3502 4097 εὐσεϐῶν,
3541 4033 3728 4103 διαφό-

2157 4139 2283 4194 ρους
2328 4138 2388 4174 τε
2437 4120 2543 4174 τῶν
2587 4119 2861 4175 δυσσεϐῶν
2914 4122 3215 4194 τιμωρίας,
3266 4123 3570 4193 συμφώνως
3614 4125 3726 4189 τοῖς

2165 4214 2430 4287 Ἐϐραίων
2472 4213 2878 4283 ὑπογράφοντος
2921 4215 3118 4285 λόγοις.
3160 4216 3296 4284 Φησὶ
3337 4214 3381 4267 δ’
3420 4211 3512 4269 οὖν
3555 4217 3613 4268 ἐν
3649 4215 3726 4287 τῷ

2153 4308 2293 4375 Περὶ
2332 4305 2540 4376 ψυχῆς
2568 4306 2692 4360 τάδε
2711 4323 2723 4336 ’
2754 4325 2772 4355 σ
2815 4306 3006 4377 Τρίτος
3028 4306 3084 4359 δὲ
3115 4305 3355 4375 ποταμὸς
3385 4306 3495 4377 (54)
3521 4307 3724 4359 τούτων

2156 4397 2297 4452 κατὰ
2346 4397 2506 4467 μέσον
2534 4395 2803 4459 ἐκϐάλλει,
2846 4396 2940 4448 καὶ
2982 4395 3146 4462 ἐγγὺς
3182 4393 3279 4462 τῆς
3315 4392 3540 4463 ἐκϐολῆς
3565 4392 3722 4446 ἐκπί-

2158 4502 2276 4538 πτει
2317 4486 2397 4548 είς
2434 4484 2598 4538 τόπον
2647 4485 2840 4553 μέγαν,
2880 4482 3013 4554 πυρὶ
3057 4481 3234 4552 πολλῷ
3276 4481 3582 4553 καιόμενον,
3628 4482 3723 4537 καὶ

2153 4572 2345 4645 λίμνην
2377 4577 2521 4626 ποιεῖ
2546 4571 2714 4644 μείζω
2741 4574 2836 4641 τῆς
2866 4574 2992 4643 παρ’
3019 4573 3148 4642 ἡμῖν
3180 4571 3466 4643 θαλάττης,
3499 4571 3721 4638 ζέουσαν

2150 4663 2341 4728 ὓδατος
2386 4665 2480 4717 καὶ
2515 4663 2706 4736 πηλοῦ.
2770 4662 3044 4715 Ἐντεῦθεν
3079 4662 3134 4716 δέ
3172 4668 3339 4734 χωρεῖ
3393 4664 3575 4735 κύκλῳ
3609 4665 3721 4737 (55)

2153 4757 2370 4828 θολερὸς
2400 4759 2495 4812 καὶ
2522 4756 2795 4827 πηλώόης,
2840 4754 3303 4827 περιελιττόμενος
3344 4756 3399 4809 δέ
3436 4773 3500 4824 γε
3533 4760 3597 4829 τῇ
3627 4760 3717 4828 γῇ,

2150 4850 2341 4904 ἄλλοσέ
2368 4866 2426 4902 τε
2456 4850 2784 4917 ἀφικνεῖται,
2816 4849 2910 4901 καὶ
2942 4848 3070 4917 παρ’
3098 4846 3303 4917 ἔσχατα
3329 4847 3427 4918 τῆς
3472 4850 3721 4921 ’Δχερους

2152 4940 2331 5003 meo;
2356 4922 2569 5009 λίμνης,
2618 4938 2680 4991 οὐ
2726 4937 3165 5008 συμμιγνύμενος
3211 4936 3289 5008 τῷ
3340 4935 3526 5004 ὕδατι,
3566 4956 3723 5011 περι-

2150 5030 2380 5100 ελιχθεὶς
2423 5028 2480 5082 δέ
2524 5029 2780 5093 πολλάκις
2813 5029 2917 5081 ὑπὸ
2957 5030 3078 5100 γῆς,
3127 5028 3380 5101 ἐμϐάλλει
3426 5033 3719 5102 κατωτέρω

2149 5119 2240 5172 τοῦ
2293 5118 2599 5189 Ταρτάρου.
2627 5113 2792 5181 Οὗτος
2838 5118 2881 5170 δ’
2914 5119 3078 5181 ἐστὶν,
3106 5118 3164 5171 ὃν
3208 5119 3287 5172 ἔτι
3327 5120 3717 5192 ἐπονομάζουσι

2150 5210 2640 5281 Πυριφλεγέθοντα,
2661 5204 2720 5265 οὗ
2747 5210 2838 5263 καὶ
2859 5210 2907 5263 οἱ
2938 5209 3135 5280 ρύακες
3164 5210 3569 5281 ἀποσπάσματα
3589 5213 3716 5265 ἀνα-

2217 5407 2344 5479 t34)_
2374 5406 2571 5479 Τρίτος
2593 5406 2662 5462 δὲ
2691 5410 2971 5478 ποταμός.
3000 5409 3099 5464 Adi
3134 5407 3473 5479 Ρίιιεόοιιειιι,
3500 5424 3554 5479 p.
3584 5409 3711 5477 ιοο,

2145 5477 2281 5535 Fiei.
2314 5477 2416 5543 Qui
2458 5478 2615 5533 locus
2634 5477 2849 5534 citatur’
2880 5484 3041 5534 etiam
3090 5496 3119 5533 a
3162 5477 3511 5535 ΤΙιθθιὶοτειο
3531 5479 3625 5535 lib.
3671 5495 3711 5536 ιιι

2148 5548 2223 5619 pe
2266 5547 2569 5602 Grecorum
2616 5547 3022 5616 απεειὶοιιὶόιιδ,
3069 5565 3191 5619 pag.
3225 5549 3327 5603 154
3370 5550 3462 5603 lib.
3495 5546 3712 5605 Graeco-

2144 5617 2338 5757 La(‘55)
2378 5684 2617 5753 Κύκλφ.
2659 5688 2738 5743 Ita
2771 5686 2922 5744 Plato
2961 5695 3016 5743 et
3049 5702 3325 5743 manuscr.
3368 5695 3547 5753 recte,
3595 5700 3709 5746 non

2152 5761 2374 5830 κύκλα,
2411 5769 2470 5817 ut
2497 5771 2643 5819 ante.
