4156 6400
362 351 468 408 955

1575 344 1896 405 PBA‘IPAR.
1936 342 2191 401 EVANG.
2229 342 2360 402 LIB.
2399 342 2493 399 XL

3504 337 3615 395 ΝΒ

362 466 622 537 quatiam,
650 467 755 539 ὅπη
784 466 847 521 ἂν
881 468 1084 537 τύχωσι
1115 466 1214 539 τῆς
1244 469 1368 539 γῆς.
1398 468 1599 521 Τούτου
1630 467 1687 521 δὲ
1719 462 1781 522 αὖ
1812 482 1943 519 κατ-

2053 476 2203 532 quem
2234 458 2794 533 Pyriphlegethontem
2830 458 3136 524 nominant,
3186 457 3344 530 cujus
3371 459 3612 530 particu-

360 560 586 631 εντικρῦ
636 560 665 613 6
708 560 967 631 τέταρτος
998 561 1250 613 ἐκπίπτει
1282 562 1363 624 είς
1393 560 1558 614 τόπον
1585 558 1799 631 πρῶτον
1832 558 1941 611 δει-

367 652 447 708 ν5ν
485 668 545 705 τε
600 653 694 705 καὶ
739 653 958 724 ἄγριον,
994 651 1070 714 ὡς
1106 651 1358 721 λέγεται,
1404 651 1603 725 χρῶμα
1656 651 1714 704 δὲ
1753 650 1943 722 ἔχοντα

366 744 477 799 Ξλον
503 738 614 797 οῗον
640 746 669 797 6
701 744 919 806 κυανδς,
953 742 1014 797 ὃν
1038 742 1102 813 δὴ
1132 741 1529 815 ἐπονομάζουσι
1560 742 1805 810 Στύγιον.
1832 743 1943 794 Καὶ

362 834 455 907 τὴν
507 834 705 906 λίμνην
753 838 898 888 ποιεῖ
937 838 965 890 ὁ
1010 837 1252 907 ποταμὸς
1301 834 1586 906 ἐμϐάλλων
1638 832 1853 901 Στύγα·
1913 834 1942 885 6

361 925 398 978 Υ
442 924 698 995 ἐμπεσὼν
746 924 1000 991 ἐνταῦθα,
1046 926 1140 979 καὶ⁵
1174 925 1354 988 δεινὰς
1384 924 1640 994 δυνάμεις
1670 921 1850 976 λαϐὼν
1884 923 1941 974 ὲν

364 1015 434 1088 τῷ
465 1015 638 1082 ὕδατι,
670 1017 765 1080 δὺς
812 1016 955 1071 κατά
999 1017 1101 1087 τῆς
1150 1017 1272 1088 γῆς,
1327 1016 1422 1070 καὶ
1468 1013 1942 1085 περιελιττόμενος

362 1112 522 1181 λςωρεί
571 1109 812 1175 ἐναντίος
852 1110 932 1181 τῷ
979 1109 1457 1182 Πυριφλεγέθοντι,
1503 1109 1599 1162 καὶ
1635 1108 1853 1175 ἀπαντᾷ
1883 1107 1941 1159 ἐν

358 1203 420 1272 τῇ
463 1200 782 1274 Ἀχερουσία
824 1201 988 1275 λίμνῃ
1031 1200 1360 1267 ἐξεναντίας.
1408 1201 1518 1253 Καὶ
1548 1198 1671 1252 οὐδὲ
1710 1198 1772 1250 τὸ
1816 1197 1940 1249 τού-

354 1310 448 1346 του
497 1291 641 1364 ὕδωρ
675 1294 854 1347 οὐδενὶ
909 1293 1196 1364 μίγνυται,
1249 1291 1386 1347 ἀλλὰ
1429 1292 1525 1345 καὶ
1560 1285 1711 1353 οὗτος
1758 1287 1942 1358 κύκλῳ

357 1383 674 1455 περιελθὼν,
706 1384 955 1439 ἐκϐάλλει
997 1386 1077 1449 είς
1122 1385 1212 1437 τὸν
1259 1384 1543 1455 Τάρταρον
1581 1380 1824 1443 ἐναντίος
1862 1377 1940 1449 τῷ

356 1474 834 1546 Πυριφλεγέθοντι.
867 1477 1074 1545 Ὀνομα
1105 1475 1163 1528 δὲ
1193 1474 1367 1542 τούτῳ
1392 1473 1560 1538 ἐστὶν,
1592 1471 1669 1535 ὡς
1698 1467 1749 1524 οὶ
1783 1486 1939 1541 ποιη-

356 1568 448 1622 ταὶ
472 1567 710 1636 λέγουσι,
746 1567 1018 1631 Κωκυτός,
1054 1566 1272 1621 Τούτων
1313 1567 1371 1620 δὲ
1404 1566 1547 1620 οὕτω
1594 1563 1937 1634 πεφυκότων,

358 1657 576 1712 ἐπειδὰν
605 1658 909 1727 ἀφίκωνται
942 1659 991 1711 οἱ
1028 1657 1474 1728 τετελευτηκότες
1505 1657 1584 1719 είς
1629 1654 1721 1708 τὸν
1749 1654 1937 1718 τόπον,

2044 552 2128 609 las
2161 553 2264 624 ipsi
2288 567 2507 622 quoque
2538 550 2662 616 rivi,
2689 565 2907 621 quaqua
2938 558 3209 605 terrarum
3225 550 3614 623 datur,exspi«

2043 653 2188 699 rant.
2216 642 2355 700 Huic
2376 644 2641 699 adversus
2666 642 2797 697 item
2819 652 3071 713 quartus,
3095 644 3332 712 primum
3354 642 3408 697 in
3432 645 3615 700 locum

2043 735 2281 804 erumpit
2312 735 2651 796 horribilem,
2682 744 2741 789 ut
2766 734 2941 801 aiunt,
2965 742 3019 789 et
3050 735 3384 806 squalidum,
3413 744 3617 792 totum-

2044 842 2152 896 que
2182 827 2367 882 colore
2410 826 2645 882 caeruleo
2702 826 2967 896 persimili
3000 826 3248 893 tinctum,
3280 828 3443 898 vulgo
3496 829 3618 900 Sty-

2043 919 2191 990 gium
2215 919 2519 973 nominant.
2558 917 2606 974 Is
2635 935 2744 989 qua
2781 934 2903 975 sese
2934 929 3087 989 parte
3116 920 3366 983 effundit,
3387 918 3614 993 Stygem

2043 1023 2263 1079 quoque
2297 1009 2547 1079 paludem
2579 1009 2771 1076 ellicit,
2826 1012 2880 1066 in
2914 1027 3078 1081 quam
3129 1013 3259 1067 dum
3290 1015 3613 1083 prorumpit.

2042 1100 2202 1155 novis
2242 1100 2364 1171 ejus
2396 1116 2553 1171 aquae
2580 1102 2790 1157 viribus
2837 1103 3093 1172 majorem
3128 1103 3183 1158 in
3217 1106 3439 1160 modum
3469 1106 3617 1160 intu-

2042 1207 2313 1260 mescens,
2336 1193 2499 1248 altam
2528 1195 2631 1251 sub
2655 1203 2857 1250 terram
2879 1196 3045 1263 subit,
3075 1196 3164 1251 ubi
3195 1198 3357 1269 longo
3385 1199 3618 1255 circuitu

2042 1285 2305 1341 adversus
2334 1284 2713 1356 Phlegethonti
2764 1288 3020 1356 volvitur,
3069 1289 3245 1344 donec
3276 1291 3400 1361 ipsi,
3446 1292 3619 1349 altera

2040 1392 2106 1433 ex
2123 1378 2368 1448 parte,ad
2384 1378 2738 1434 Acherusiam
2755 1381 3004 1451 paludem
3022 1382 3464 1455 occurrat.568
3477 1384 3618 1440 Idem

2040 1484 2207 1543 porro
2236 1472 2437 1527 undam
2484 1488 2704 1544 quoque
2754 1490 2911 1530 suam
2968 1474 3061 1528 alii
3110 1475 3434 1544 permistam
3483 1476 3618 1530 nulli

2041 1563 2329 1629 retinens,
2380 1577 2505 1634 post
2552 1567 2753 1624 multas
2793 1568 3015 1624 demum
3063 1565 3343 1632 ﬂexiones,
3395 1581 3514 1623 sese
3563 1568 3621 1623 in
3728 1624 3741 1639 ,

2041 1655 2330 1713 Tartarum
2377 1655 2871 1730 Pyriphlegethonti
2918 1658 3172 1715 similiter
3219 1658 3482 1714 adversus
3523 1674 3622 1714 οι·-

356 1743 456 1803 οἷό
474 1750 692 1820 Δαίμων
715 1749 941 1804 ἕκαστον
964 1749 1198 1821 κομίζει,
1219 1748 1431 1822 πρῶτον
1460 1748 1556 1819 μὲν
1574 1746 1941 1802 διεδικάσαντο

2053 1760 2260 1806 onerat.
2292 1750 2376 1818 Ei,
2406 1752 2453 1808 si
2483 1752 2659 1822 poetis
2705 1753 2999 1821 credimus,
3053 1753 3260 1824 Cocyto
3291 1767 3488 1808 nomen
3515 1759 3617 1807 est.

355 1840 493 1895 οἵτε
531 1840 627 1895 κα)
639 1841 714 1904 ῶς
747 1842 840 1896 καὶ
865 1841 1025 1904 ὁσίως
1066 1843 1160 1896 καὶ
1190 1840 1413 1903 δικαίως
1448 1838 1761 1910 βιώσαντες,
1780 1837 1873 1891 καὶ
1898 1831 1952 1890 οἱ

2053 1841 2167 1898 Hoc
2195 1851 2341 1899 statu
2378 1858 2588 1909 rerum,
2641 1852 2702 1899 ut
2734 1844 2970 1915 primum
3002 1860 3068 1900 eo
3097 1844 3298 1900 mortui
3332 1845 3621 1907 devenere,

361 1934 434 2004 μή
475 1933 582 1986 Καὶ
609 1931 658 1985 οἳ
680 1933 777 2003 μὲν
799 1931 865 1986 ἂν
883 1932 1074 2000 δόξωσι
1096 1933 1277 2002 μέσως
1300 1930 1638 2003 βεϐιωκέναι,
1661 1926 1946 1999 πορευθέν-

356 2040 449 2086 τες
475 2023 568 2076 ὲπί
594 2021 687 2076 τὸν
717 2024 1022 2095 Ἀχέροντα,
1049 2024 1347 2086 ἀναϐάντες
1369 2023 1403 2076 ἃ
1422 2022 1487 2094 δὴ
1508 2021 1600 2074 καὶ
1625 2021 1807 2082 αὐτοῖς
1825 2018 1946 2089 ὀχή-

360 2116 509 2186 ματά
539 2118 705 2177 ἐστιν,
735 2117 828 2169 ἐπὶ
850 2117 1033 2170 τοῦτον
1066 2118 1176 2188 (56)
1203 2113 1554 2185 ἀφικνοῦνται
1586 2114 1665 2175 είς
1693 2113 1793 2182 τὴν
1815 2111 1943 2179 λίμ-

357 2222 479 2276 νην.
511 2207 621 2261 Καὶ
653 2209 769 2261 ἐκεῖ
821 2207 1029 2261 οίκοῦσί
1070 2225 1129 2260 τε
1174 2208 1267 2261 καὶ¹
1309 2205 1716 2277 καθαιρόμενοι,
1745 2202 1853 2256 τῶν
1885 2219 1944 2255 τε

266 2348 274 2355 .
356 2298 711 2369 ἀδικημάτων
741 2298 969 2363 διδόντες
992 2299 1166 2363 δίκας,
1202 2297 1524 2352 ἀπολύονται
1550 2296 1604 2350 εί
1630 2295 1713 2358 τίς
1747 2311 1798 2347 τι
1827 2293 1944 2362 ἠδί-

356 2406 498 2460 κηκε
521 2407 533 2420 ·
564 2391 671 2444 τῶν
701 2408 760 2444 τε
789 2390 1117 2463 εὐεργεσιῶν
1147 2391 1312 2462 τιμὰς
1360 2389 1634 2461 φέρονται,
1666 2386 1807 2441 κατὰ
1847 2385 1944 2456 τὴν

357 2479 517 2547 ἀξίαν
541 2480 771 2544 Exacto;
789 2498 803 2511 ο
836 2481 885 2534 οἶ
911 2481 953 2534 δ’
981 2481 1046 2535 ἂν
1067 2481 1287 2545 δόξωσιν
1319 2480 1551 2542 ἀνιάτως
1583 2477 1727 2547 ἔχειν
1760 2474 1847 2528 διὰ
1876 2475 1946 2529 τὰ

365 2574 568 2645 μεγέθη
610 2572 719 2626 τῶν
745 2573 1177 2644 ἁμαρτημάτων,
1205 2572 1237 2643 ἢ
1287 2569 1588 2642 ἱεροσυλίας
1619 2567 1819 2631 πολλὰς
1852 2566 1948 2619 καὶ

365 2663 626 2732 μεγάλας,
659 2661 692 2732 ἢ
720 2662 909 2731 φόνους
940 2661 1159 2723 ἀδίκους
1200 2660 1295 2714 καὶ
1339 2659 1687 2731 παρανόμους
1720 2655 1948 2719 πολλοὺς

363 2754 856 2825 ιξειργασμένοι,ῆ
901 2753 1037 2808 ἄλλα
1078 2754 1177 2807 ὅσα
1219 2752 1443 2806 τοιαῦτα
1486 2750 1746 2821 τυγχάνει
1787 2747 1942 2800 ὄντα·

362 2846 584 2910 τούτους
613 2847 671 2899 δὲ
699 2849 732 2917 ἡ
764 2846 1115 2917 προσήκουσα
1148 2847 1314 2915 μοῖρα
1357 2843 1538 2915 ῥίπτει
1572 2844 1651 2905 είς
1683 2842 1773 2894 τὸν
1806 2839 1949 2910 Τάρα

362 2955 549 3010 ταρον,
572 2939 691 2992 ὅθεν
720 2937 915 2991 οῧποτε
941 2936 1280 2990 ἐκϐαίνουσιν
1299 2952 1323 2967 ἰ
1343 2934 1391 2987 οἳ
1441 2934 1488 2987 δ’
1511 2932 1578 2986 ἂν
1611 2932 1803 3002 ἰάσιμα
1828 2930 1947 3001 μὲν,

368 3031 580 3100 μεγάλα
624 3031 681 3085 δὲ
719 3031 941 3097 δόξωσιν
983 3026 1363 3100 ἡμαρτηκέναι
1411 3026 1805 3097 ἁμαρτήματα,
1838 3016 1948 3075 οἷον

368 3125 502 3195 πρὸς
539 3123 749 3195 πατέρα
779 3122 811 3192 ἢ
852 3122 1060 3193 μητέρα
1089 3121 1180 3173 ὑπ’
1213 3119 1383 3190 ὀργῆς
1428 3118 1603 3187 βίαιόν
1634 3134 1687 3169 τι
1719 3112 1954 3185 πράξαν-

364 3231 477 3278 τες,
522 3214 616 3268 καὶ
659 3213 964 3285 μεταμέλον
1010 3212 1193 3275 αὐτοῖς
1236 3210 1329 3263 τὸν
1379 3209 1539 3264 ἄλλον
1576 3207 1688 3279 βίον
1740 3205 1957 3277 βιῶσιν,

366 3303 403 3371 ἢ
438 3305 549 3374 (37)
576 3301 911 3374 ἀνδροφόνοι,
941 3301 974 3371 ἢ
1004 3299 1228 3371 τοιούτῳ
1264 3298 1451 3369 τρόπῳ
1479 3297 1624 3368 ἀλλῳ
1652 3297 1948 3365 γένωνται·

365 3394 589 3460 τούτους
629 3396 674 3449 δ’
718 3397 979 3467 ἐμπεσεῖν
1010 3393 1109 3465 μὲν
1149 3396 1228 3458 είς
1262 3394 1353 3447 τὸν
1397 3389 1680 3463 Τάρταρον
1713 3389 1957 3460 ἀνάγκη,

367 3489 708 3561 ἐμπεσόντας
734 3487 793 3540 δὲ
818 3486 1033 3549 αὐτοὺς,
1066 3485 1160 3538 καὶ
1192 3483 1437 3537 ἐνιαυτὸν
1480 3484 1597 3535 ἐκεῖ
1630 3481 1955 3552 γενομένους

368 3580 618 3637 ἐκϐάλλει
650 3580 710 3633 τὸ
745 3579 919 3650 κῦμα,
969 3578 1096 3642 τοὺς
1138 3578 1235 3647 μὲν
1277 3575 1652 3647 ἀνδροφόνους,
1689 3572 1829 3626 κατά
1863 3573 1957 3626 τὸν

370 3673 651 3736 Κωκυτδν,
681 3672 806 3736 τοὺς
848 3671 906 3724 δὲ
955 3668 1283 3742 πατραλῲας
1324 3668 1417 3721 καί⁵
1457 3663 1783 3738 μητραλῴας
1815 3662 1958 3717 κατά

368 3765 461 3822 τὸν
480 3762 982 3836 Πυριφλεγέθοντασ
1011 3759 1229 3814 ἐπειδὰν
1259 3759 1316 3813 δὲ
1338 3759 1659 3829 φλεγόμενοι
1691 3757 1957 3825 γένωνται

374 3856 517 3912 κατά
568 3854 667 3927 τὴν
715 3854 911 3924 λίμνην
953 3851 1054 3923 τὴν
1090 3851 1495 3923 Ἀχερουσιάδα,
1534 3849 1765 3904 ἐνταῦθα
1793 3849 1957 3920 βοῶσί

371 3965 435 4003 τε
475 3949 571 4003 καὶ
615 3948 891 4008 καλοῦσιν,
939 3947 989 3998 οἱ
1034 3943 1130 4014 μὲν
1175 3941 1268 4006 οὓς
1314 3944 1659 4008 ἀπέκτειναν,
1692 3943 1741 3995 οί
1778 3941 1835 3995 δὲ
1866 3939 1960 4006 οὓς

376 4038 633 4113 ὕϐρισαν*
669 4036 996 4099 καλέσαντες
1018 4034 1075 4088 δὲ
1105 4032 1423 4099 ἱκετεύουσι,
1451 4034 1545 4087 καὶ¹
1569 4034 1778 4087 δέονται
1801 4033 1960 4086 ἐᾶσαι

377 4134 520 4201 σφᾶς
554 4130 782 4202 ἐκϐῆναι
814 4132 893 4191 είς
923 4125 1020 4198 τὴν
1049 4126 1265 4196 λίμνην,
1293 4127 1386 4178 καὶ
1415 4124 1689 4189 δέξασθαι.
1722 4124 1835 4177 Καὶ
1866 4122 1961 4175 ἐὰν

380 4224 480 4296 μὲν
504 4223 784 4283 πείσωσιν,
810 4217 1121 4272 ἐκϐαίνουσί
1152 4233 1211 4270 τε
1242 4217 1337 4269 καὶ
1360 4216 1588 4286 λήγουσι
1612 4214 1720 4267 τῶν
1747 4214 1957 4269 κακῶν·

376 4319 428 4369 εί
454 4314 510 4369 δὲ
541 4313 635 4386 μὴ,
666 4311 920 4384 φέρονται
947 4302 1104 4371 αὖθις
1141 4308 1223 4369 είς
1253 4306 1344 4359 τὸν
1376 4306 1680 4377 Τάρταρον,
1710 4303 1962 4358 κακεϊθεν

378 4406 541 4462 πάλιν
573 4405 656 4469 είς
685 4405 811 4467 τοὺς
853 4399 1164 4472 ποταμούς·
1212 4398 1306 4452 καὶ
1347 4395 1521 4451 ταῦτα
1566 4395 1865 4466 πάσχοντες
1899 4395 1961 4448 οὑ

380 4499 645 4571 πρότερον
678 4496 959 4559 παύονται,
994 4493 1125 4566 πρὶν
1153 4491 1220 4546 ἂν
1244 4491 1504 4544 πείσωσιν
1541 4487 1636 4553 οὒς
1661 4487 1924 4559 ἠδίκησαν
1943 4504 1956 4516 ·

377 4592 515 4663 αὕτη
543 4590 652 4664 γὰρ
684 4590 718 4661 ἡ
752 4587 874 4659 δίκη
903 4586 1009 4640 ὑπὸ
1059 4585 1168 4639 τῶν
1205 4582 1476 4638 δικαστῶν
1525 4580 1706 4642 αὐτοῖς
1736 4576 1958 4650 ἐτάχθη.

380 4684 447 4737 οἳ
490 4682 547 4737 δὲ
601 4681 666 4752 δὴ
714 4680 781 4735 ἂν
828 4678 1020 4745 δόξωσι
1068 4675 1435 4748 διαφερόντως
1488 4670 1624 4742 πρὸς
1676 4668 1738 4723 τὺ
1804 4667 1964 4731 ὁσίως

385 4772 573 4843 βιῶναι
596 4811 611 4835 ,
654 4764 800 4824 οὗτοί
853 4770 989 4822 εἰσιν
1042 4769 1090 4820 cl.
1137 4764 1303 4819 τῶνδε
1351 4762 1449 4834 μὲν
1488 4761 1596 4814 τῶν
1629 4758 1809 4813 τόπων
1853 4756 1963 4809 τῶν

384 4868 442 4919 ὲν
481 4867 546 4935 τῇ
593 4866 664 4934 γῇ
719 4857 1158 4933 ὲλευθερούμενοί
1208 4873 1267 4910 τε
1315 4856 1410 4909 κα)⁸
1462 4850 1923 4920 ἀπαλλαττόμενοι
1948 4887 1962 4913 ,

384 4956 573 5028 ὥσπερ
608 4952 1017 5024 δεσμωτηρίων,
1042 4950 1155 5004 ἂνω
1189 4949 1246 5003 δὲ
1274 4951 1354 5011 εἱς
1405 4946 1503 5017 τὴν
1545 4942 1789 5015 καθαρὰν
1813 4940 1966 5010 οἴκη-

387 5063 471 5104 σιν
501 5045 912 5117 ἀφικνούμενοι,
944 5043 1037 5096 καὶ
1072 5042 1163 5095 ἐπὶ
1183 5041 1282 5111 τῆς
1314 5038 1418 5109 γῆς
1451 5036 1797 5106 οἰκιζόμενοι.
1831 5033 1968 5087 Τού-

386 5155 492 5194 των
549 5137 607 5191 δὲ
662 5135 841 5190 αὐτῶν
896 5135 948 5187 οί
1002 5131 1288 5203 φιλοσοφίᾳ
1335 5128 1533 5192 ἱκανῶς
1597 5126 1971 5200 καθηράμενοι

387 5229 514 5284 ἄνευ
543 5245 604 5282 τε
629 5228 893 5298 καμάτων
916 5225 1024 5296 ('58)
1045 5223 1179 5288 ζῶσι
1210 5220 1534 5291 τοπαράπαν
1553 5220 1634 5282 εἰς
1661 5218 1752 5272 τὸν
1779 5216 1967 5270 ἔπειτα

387 5322 597 5394 χρόνον,
630 5322 725 5376 καὶ
753 5320 835 5384 είς
888 5320 1129 5389 οἰκήσεις
1176 5314 1255 5369 ἔτι
1301 5315 1504 5367 τούτων
1560 5310 1813 5373 καλλίους
1838 5311 1967 5377 ἀφι-

391 5414 663 5478 κνοῦνται,
724 5411 790 5477 ἃς
826 5408 959 5466 οὔτε
1006 5408 1185 5481 ῥᾴδιον
1234 5404 1492 5477 δηλῶσαι,
1540 5403 1664 5457 οὔτε
1709 5404 1738 5455 ό
1782 5401 1970 5473 χρόνος

463 5596 575 5666 (56)
612 5595 789 5666 Plato,
820 5593 1042 5666 τούτων.

466 5663 579 5734 (.37)
619 5664 793 5720 Plato.
823 5680 929 5718 orn.
1338 5726 1349 5737 ο
1678 5722 1689 5733 .

467 5736 578 5784 (ssi
619 5732 926 5784 Καιιάτων.
1030 5732 1161 5784 lato.
1200 5742 1486 5784 σωματων.
1533 5723 1689 5778 0mm

467 5720 578 5805 (38$
618 5732 939 5805 Καμάςων,
984 5720 1161 5792 Plato,
1200 5726 1486 5805 σωμάτων.
1533 5722 1769 5805 Omnino
1804 5720 1972 5805 Euse-

398 5792 537 5864 bius.
554 5792 815 5877 καμάτων
843 5803 989 5874 legit,
1013 5792 1471 5872 quemadmodum
1502 5805 1555 5849 et
1577 5792 1970 5859 Theodoretus,

2048 1951 2160 2007 quo
2185 1936 2398 1992 daemon
2431 1952 2705 2008 quemque
2738 1937 2900 2008 rapit,
2946 1938 3213 2009 judicium
3266 1949 3392 1992 ante
3439 1939 3622 1992 omnia

2050 2029 2305 2097 subeunt,
2338 2037 2457 2084 tum
2489 2030 2585 2109 qui
2641 2030 2800 2097 bene,
2848 2039 3038 2086 sancte
3064 2029 3318 2100 justeque
3351 2030 3620 2091 vixerunt,

2049 2132 2163 2175 tum
2196 2122 2289 2192 qui
2341 2137 2521 2177 secus.
2551 2120 2702 2187 inde,
2752 2122 2846 2193 qui
2882 2122 3113 2177 mediam
3149 2122 3289 2176 inter
3335 2130 3624 2189 utramque

2048 2210 2173 2263 vitae
2222 2209 2490 2265 rationem
2541 2212 2783 2267 tenuisse
2827 2212 3134 2275 vidcantur,
3179 2211 3216 2266 ii
3262 2211 3624 2266 Acheruntem

2050 2307 2317 2370 petentes,
2346 2301 2667 2357 conscensis
2701 2302 2812 2358 illic
2842 2303 2961 2356 suis
2993 2303 3197 2372 quique
3224 2301 3511 2366 vehiculis,
3557 2302 3625 2355 ad

2048 2390 2299 2461 paludem
2338 2407 2515 2461 usque
2546 2392 2885 2449 deferuntur.
2918 2392 2996 2451 lbi
3049 2394 3254 2463 degunt
3286 2394 3623 2465 aliquandiu.

2049 2484 2224 2540 donec
2252 2499 2482 2555 prorsus
2526 2486 2750 2555 expiati,
2784 2488 3072 2556 poenisque
3111 2487 3402 2541 criminum
3438 2500 3627 2556 perso-

2049 2574 2202 2640 lutis,
2235 2574 2501 2645 quidquid
2530 2584 2656 2630 ante
2685 2577 3046 2645 peccaverint,
3071 2577 3463 2632 absolvuntur:
3491 2577 3625 2646 quin

2049 2665 2213 2719 etiam
2263 2665 2654 2721 beneﬁciorum
2705 2681 2924 2737 qu0quc
2970 2683 3196 2723 suorum
3244 2669 3488 2738 prmmia,
3525 2681 3628 2738 pro

2051 2772 2151 2814 sua
2182 2757 2389 2828 quique
2420 2758 2686 2829 dignitate
2711 2758 2909 2815 ferunt.
2943 2761 3011 2813 At
3042 2761 3159 2829 qui,
3206 2768 3427 2831 propter
3458 2762 3629 2816 scele-

2054 2867 2176 2907 rum
2206 2853 2574 2917 atrocitatem,
2604 2852 2784 2906 locum
2813 2853 3056 2906 remedio
3097 2852 3305 2906 nullum
3343 2851 3630 2921 reliquisse

2052 2935 2359 3002 videantur,
2402 2944 2588 3005 utpote
2618 2936 2825 2990 crebris
2852 2944 2905 2989 ct
2937 2935 3269 2990 immanibus
3304 2936 3625 3007 sacrilegiis.

2055 3034 2149 3081 aut
2174 3027 2425 3097 plurimis
2457 3026 2696 3082 caedibus
2727 3026 2932 3081 nefarie
2956 3035 3010 3081 et
3040 3034 3231 3080 contra
3264 3026 3408 3096 leges
3438 3042 3631 3082 omnes

2058 3118 2406 3188 perpetratis,
2441 3127 2495 3173 et
2522 3120 2645 3173 aliis
2668 3117 2940 3188 ejusmodi
2974 3118 3203 3188 piaculis
3235 3118 3455 3190 obligati
3485 3138 3497 3173 :
3531 3120 3634 3173 hos

2058 3224 2186 3264 vero
2222 3209 2385 3280 digna
2420 3210 2580 3281 plane
2612 3226 2732 3266 sors
2762 3211 2815 3265 in
2843 3208 3158 3275 Tartarum,
3187 3211 3330 3264 unde
3354 3225 3631 3279 nunquam

2053 3312 2356 3371 emergant.
2396 3303 2700 3374 praecipites
2747 3302 2877 3373 agit.
2926 3300 3046 3356 Jam
3084 3316 3223 3371 quos
3269 3317 3329 3356 ca
3377 3317 3634 3372 peccasse

2055 3394 2381 3462 constiterit,
2422 3411 2540 3465 qua:
2588 3403 2648 3449 ut
2687 3394 3034 3461 curationem
3082 3393 3395 3459 admittant,
3447 3395 3634 3466 gravia

2057 3494 2239 3540 tamen
2289 3501 2388 3556 per
2419 3501 2541 3541 sese
2588 3487 2743 3553 sint;
2796 3495 2858 3542 ut
2903 3487 2948 3540 si
2990 3486 3253 3541 adversus
3301 3495 3507 3557 patrem
3540 3498 3636 3540 aut

2057 3589 2285 3635 matrem
2332 3580 2616 3650 indignum
2650 3579 2930 3650 quidpiam
2991 3578 3270 3633 iracundia
3318 3577 3637 3633 stimulante

2057 3669 2455 3737 commiserint,
2477 3683 2682 3741 eosque
2717 3670 2923 3740 reliqua
2955 3669 3211 3739 deinceps
3235 3669 3345 3723 vita
3374 3668 3638 3737 paenitue—

2061 3750 2178 3819 ΐίιὶ.
2213 3762 2308 3810 aut
2345 3758 2391 3813 si
2431 3760 2536 3818 alis
2588 3774 2921 3830 quocunque
2960 3761 3124 3815 modo
3171 3758 3337 3814 caedis
3383 3759 3636 3813 humanas

2058 3850 2137 3904 rei
2166 3849 2406 3905 fuerint:
2433 3866 2529 3906 eos
2552 3850 2772 3921 quidem
2796 3852 2851 3905 in
2878 3851 3168 3905 Tartarum
3188 3849 3384 3906 cadere
3413 3864 3638 3905 necesse

2058 3957 2178 4009 e5t,.
2197 3946 2292 4001 sed
2324 3954 2506 3999 tamen
2533 3956 2728 4000 exacto
2750 3945 2879 4000 anni
2909 3947 3071 4001 unius
3099 3944 3395 4011 curriculo,
3415 3945 3635 4000 eosdem

2061 4036 2261 4094 ﬂuctus
2288 4037 2457 4107 ejicit,
2492 4046 2547 4092 et
2592 4038 2894 4093 homicidas
2923 4039 3142 4106 quidem
3173 4046 3401 4092 caeteros
3432 4037 3487 4091 in
3531 4033 3638 4091 Co-

2061 4139 2268 4201 cytum,
2318 4130 2620 4199 parricidas
2652 4140 2833 4184 autem
2871 4131 2952 4182 vel
3001 4129 3317 4184 matricidas
3368 4128 3424 4182 in
3474 4126 3637 4198 Pyri-

2062 4219 2531 4290 plilegethoutem.
2568 4218 2633 4273 Hi
2664 4227 2954 4289 postquam
2992 4219 3059 4272 ad
3091 4218 3448 4274 Acherusiam
3483 4217 3641 4289 palu-

2063 4313 2186 4367 dem
2212 4311 2379 4366 delati
2410 4311 2634 4376 fuerint,
2672 4319 2785 4365 tum
2822 4311 3026 4381 ingenti
3066 4310 3309 4365 clamore
3343 4311 3639 4380 appellant,

2065 4403 2180 4458 siv‘e
2204 4400 2775 4470 quosinterl‘ecerint,
2804 4400 2920 4456 sive
2946 4401 3148 4472 quibus
3191 4400 3451 4472 lnjuriam
3498 4399 3639 4456 fece—

1994 4522 2038 4578 D
2068 4490 2198 4555 rint,
2232 4490 2526 4545 obsecrant
2554 4490 2751 4545 deinde
2783 4498 2948 4561 atque
2984 4490 3345 4559 obtestantur,
3380 4492 3461 4546 uti
3494 4507 3553 4546 se
3586 4492 3638 4547 in

2069 4597 2190 4637 eam
2218 4582 2468 4652 paludem
2497 4583 2704 4651 subire,
2733 4583 2917 4653 ibique
2947 4583 3114 4655 recipi
3153 4584 3455 4653 patiantur.
3484 4582 3639 4651 Quod

2066 4673 2285 4744 quidem
2319 4673 2612 4744 impetrare
2640 4676 2685 4730 si
2725 4678 2957 4744 possint,
2992 4684 3106 4730 tum
3138 4691 3205 4731 eo
3237 4676 3494 4739 subeunt,
3529 4691 3641 4729 ma-

2066 4766 2356 4837 lorumque
2390 4781 2615 4821 suorum
2661 4767 2823 4822 linem
2868 4767 3162 4837 accipiunt.
3195 4766 3291 4821 Sin
3342 4766 3548 4830 minus,
3584 4766 3642 4820 in

2067 4855 2356 4913 Tartarum
2404 4857 2640 4928 indeque
2688 4872 2884 4912 rursus
2933 4856 2986 4910 in
3036 4856 3258 4910 ﬂumina
3308 4855 3639 4911 referuntur.

2066 4945 2190 5014 Quo
2241 4946 2494 5015 supplicii
2538 4960 2736 5016 genere
2786 4960 2896 4999 non
2933 4952 3058 4998 ante
3107 4944 3431 5009 liberantur,
3475 4957 3642 5013 quam

2066 5055 2163 5095 eos
2192 5040 2397 5110 quibus
2429 5036 2680 5108 injuriosi
2732 5034 2957 5099 fuerint,
3000 5035 3314 5100 exorarint:
3343 5034 3462 5089 haec
3496 5034 3644 5088 enim

2068 5130 2177 5187 illis
2203 5146 2233 5184 a
2272 5128 2549 5198 judicibus
2573 5127 2868 5183 constituta
2896 5140 3058 5197 prima
3083 5135 3184 5181 est.
3217 5122 3522 5189 Postremo,
3549 5123 3647 5194 qui

2068 5221 2352 5278 excellenti
2383 5221 2616 5290 quadam
2647 5231 2702 5275 et
2729 5219 2930 5274 eximia
2958 5218 3081 5274 vitae
3114 5217 3478 5273 sanctimonia
3504 5231 3648 5287 prae-

2069 5313 2272 5371 stitisse
2285 5311 2632 5376 videantur,ii
2647 5312 2864 5366 demum
2879 5327 2942 5367 ex
2961 5311 3191 5365 terrenis
3207 5310 3649 5379 hiscelocis,qui-

2070 5407 2298 5463 busdam
2317 5405 2487 5478 569
2513 5404 2671 5475 quasi
2686 5403 2998 5459 carceribus
3014 5402 3192 5457 educti
3209 5408 3373 5473 atque
3409 5401 3622 5458 liberati

2072 5593 2131 5657 ut
2152 5591 2372 5657 constat
2394 5596 2459 5636 ex
2491 5580 2664 5650 primo
2691 5596 2847 5657 versu
2883 5579 3074 5634 litterae
3099 5579 3162 5646 Β,
3210 5581 3351 5657 infra
3392 5583 3495 5638 hac
3518 5599 3646 5657 ﬂag.

2075 5654 2165 5707 ubi
2198 5651 2387 5707 eadem
2419 5667 2521 5724 vn:
2551 5662 2603 5705 et
2641 5651 2921 5721 repetitur,
2952 5659 3005 5705 et
3038 5666 3164 5708 cum
3200 5656 3484 5724 scripturae
3518 5651 3653 5711 Vos-

2076 5724 2157 5779 bis
2184 5723 2546 5792 componitur.
