4156 6410
488 344 593 398 947

487 472 553 511 ac
585 474 804 513 sursum
835 457 885 510 in
917 456 1108 526 purius
1139 457 1362 528 aliquod
1395 459 1729 514 domicilium
1759 461 2051 530 sedemque

2158 460 2340 522 ἱκανὸς
2359 460 2417 512 ὲν
2438 458 2516 528 τῷ
2549 459 2798 530 παρόντι.

487 548 842 617 transcripti,
891 562 1053 617 supra
1104 557 1305 603 terram
1356 550 1579 621 degunt.
1625 551 1744 617 Quo
1783 553 1944 606 etiam
1989 568 2054 606 ex

487 655 736 701 numero,
791 639 883 708 qui
945 637 1306 708 philosophiae
1357 655 1521 709 opera
1575 641 1775 710 expiati
1831 643 2054 696 omnino

486 731 808 801 purgatique
838 730 1210 794 discesserint,
1246 731 1282 785 ii
1317 747 1420 785 non
1450 731 1609 788 modo
1637 737 1756 788 sine
1791 735 2054 790 molestiis

484 838 601 874 awo
651 821 984 890 sempiterno
1033 822 1263 885 vivunt,
1316 823 1410 877 sed
1461 823 1624 878 etiam
1679 825 1730 878 in
1782 825 2050 879 domicilia

482 913 642 983 longe
673 913 853 968 adhuc
895 913 1161 968 nobiliora
1211 915 1550 984 perveniunt,
1585 932 1706 984 qua!
1749 933 1848 972 nec
1874 917 2053 973 verbis

482 1005 790 1059 describere
819 1003 977 1058 facile
1009 1005 1102 1069 sit,
1133 1020 1232 1059 nec
1259 1019 1351 1074 per
1381 1014 1594 1072 tempus
1623 1023 2052 1062 commemorare

487 1093 619 1146 mihi
641 1093 754 1163 jam
784 1093 966 1149 liceat.
997 1093 1267 1148 Cmterum
1301 1095 1589 1148 videndum
1623 1097 1778 1150 nobis
1825 1107 1926 1158 est,
1977 1098 2049 1150 mi

488 1185 737 1247 Simmia,
773 1195 833 1238 ut
872 1187 1034 1240 rebus
1069 1189 1166 1241 abs
1197 1202 1284 1241 me
1333 1188 1768 1243 commemoratis
1811 1189 2048 1252 adducti,

481 1279 738 1330 virtutem
769 1292 834 1331 ac
861 1276 1204 1345 prudentiam
1252 1278 1353 1332 bac
1394 1281 1447 1332 in
1479 1280 1586 1332 vita
1617 1281 1872 1348 consequi
1903 1281 2054 1334 onmi

479 1368 826 1422 contentione
848 1369 1185 1423 Studeamus.
1211 1371 1436 1440 Dignum
1463 1371 1606 1424 enim
1663 1373 1966 1440 praemium,
1998 1384 2052 1426 et

479 1473 675 1528 magna
708 1457 953 1527 quaedam
983 1472 1106 1525 spzs
1136 1459 1459 1513 ostenditur.
1490 1477 1506 1507 ι
1544 1457 1822 1512 Hactenus
1875 1457 2046 1511 Plato.

479 1547 711 1602 Tn-vero
743 1563 866 1602 cum
909 1547 994 1601 his
1021 1548 1166 1602 illius
1206 1568 1218 1600 :
1245 1567 1261 1598 ι
1301 1547 1356 1601 In
1388 1549 1661 1601 domicilia
1690 1550 1846 1620 longe
1873 1549 2051 1602 adhuc

483 1639 750 1694 nobiliora
809 1641 1151 1710 perveniunt,
1189 1655 1312 1710 qua:
1365 1657 1465 1694 nec
1511 1641 1692 1695 verbis
1740 1643 2050 1697 describere

477 1729 634 1783 facile
667 1729 760 1796 sit,
794 1746 892 1785 nec
928 1745 1022 1799 per
1051 1743 1262 1800 tempus
1289 1734 1416 1786 mibi
1445 1732 1558 1802 jam
1586 1733 1766 1795 liceat,
1807 1752 1826 1785 ι
1861 1732 2048 1787 confe-

1135 343 1404 400 EUSEBH
1445 343 1928 400 C/ESARIENSIS
1964 345 2114 400 OPP.
2162 345 2341 400 PARS
2381 345 2444 400 ll.
2487 370 2556 386 -
2598 343 3106 400 APOLOGETICA.

3636 343 3738 399 9η

2873 457 3030 511 Ἀλλά
3079 474 3280 511 τουτων
3316 457 3381 527 δὴ
3426 457 3586 511 ἕνεκα
3611 459 3737 530 χρὴ,

2163 544 2238 603 ὧν
2271 549 2682 621 διεληλύθαμεν,
2712 543 2757 602 ὦ
2784 549 3008 620 Σιμμία,
3045 552 3154 602 πᾶν
3203 552 3396 611 ποιεῖν,
3445 547 3583 602 ὥστε
3611 551 3740 622 ἀρε-

2160 641 2260 710 τῆς
2283 640 2377 692 καὶ
2401 640 2714 710 φρονήσεως
2739 641 2796 692 ὲν
2830 638 2906 709 τῷ
2937 638 3035 708 βίῳ
3065 642 3352 709 μετασχεῖν
3422 639 3599 693 Καλὸν
3631 639 3739 710 γὰρ

2160 731 2220 783 τὸ
2239 727 2418 793 ἆθλον,
2450 731 2544 782 καὶ
2573 733 2606 799 ἡ
2637 730 2789 793 ἐλπὶς
2812 730 3043 801 μεγάλη.
3085 749 3104 782 ι
3129 728 3310 782 Ταῦτα
3338 732 3365 782 ὀ
3390 730 3630 784 Πλάτων.
3664 731 3736 785 Σὺ

2160 822 2215 875 δέ
2245 839 2311 890 γε
2338 823 2676 894 παραθήσεις
2726 823 2826 893 τῷ·
2881 841 2899 872 ι
2927 824 3035 876 Καὶ
3077 824 3157 886 εἰς
3187 824 3430 892 οἰκήσεις
3490 823 3738 888 καλλίους

2159 913 2531 981 ἀφικνοῦνται,
2565 913 2630 975 ἀς
2659 912 2784 964 οὔτε
2839 913 3019 983 ῥᾴδιον
3069 913 3324 982 δηλῶσαι,
3373 912 3496 965 οὔτε
3547 915 3738 984 χρόνος

2163 1004 2344 1067 ἱκανὸς
2374 1005 2432 1055 ὲν
2461 1003 2539 1072 τῷ
2581 1003 2862 1074 παρὸντι,›
2911 1004 2971 1056 τὸ
3023 1005 3154 1073 παρ’
3191 1005 3320 1073 ἡμῖν
3367 1003 3542 1067 οὕτως
3594 1005 3734 1074 ἔχονο

2165 1114 2183 1144 ι
2235 1095 2541 1163 Ὀφθαλμὸς
2566 1093 2674 1166 γὰρ
2704 1095 2804 1147 οὐκ
2829 1091 2957 1159 εἶδε,
2993 1096 3084 1147 καὶ
3121 1092 3213 1156 οῦς
3246 1097 3345 1148 οὐκ
3402 1097 3619 1165 ήκουσε,
3644 1096 3737 1148 καὶ

2159 1183 2250 1235 ἐπὶ
2276 1184 2500 1254 καρδίαν
2524 1183 2810 1254 ἀνθρώπου
2837 1185 2935 1237 οὐκ
2958 1185 3146 1254 ἀνέϐη,
3177 1185 3212 1239 ἃ
3241 1186 3532 1256 ἡτοίμασεν
3552 1188 3579 1238 ὁ
3607 1185 3738 1248 Θεὸς

2157 1278 2267 1337 τοῖς
2291 1275 2575 1342 ἀγαπῶσιν
2598 1276 2810 1328 αὑτόν-ι
2846 1279 2964 1338 ταῖς
3014 1276 3070 1328 δὲ
3116 1277 3432 1346 εἰρημέναις
3494 1279 3737 1347 οἰκήσεσι

2157 1366 2236 1430 τὸ,
2271 1386 2288 1417 ι
2321 1365 2528 1430 Πολλὰς
2573 1361 2713 1421 εἶναι
2752 1367 2904 1438 παρά
2943 1367 3020 1437 τῷ
3063 1369 3236 1439 Πατρί
3272 1371 3384 1430 τοῖς
3436 1367 3734 1435 θεοφιλέσιν

2157 1457 2588 1528 ἐπηγγελμένας·
2623 1477 2642 1510 ι
2673 1459 2766 1511 καὶ
2799 1462 2911 1522 τοῖς
2935 1459 3066 1530 περὶ
3115 1459 3208 1511 τοῦ
3246 1459 3737 1530 Πυριφλεγέθοντος

2156 1549 2391 1620 λεχθεῖσι
2443 1551 2504 1603 τὸ
2569 1553 2680 1614 τοῖς
2732 1551 2986 1604 ἀσεϐέσιν
3027 1550 3392 1622 ήπειλημένον
3454 1551 3568 1621 πῦρ
3609 1552 3738 1604 αἰώ-

2156 1658 2287 1703 νιον,
2319 1641 2460 1694 κατά
2486 1641 2578 1694 τὸν
2604 1643 2739 1713 πρὸς
2767 1643 2962 1704 αὐτοὺς
2981 1643 3258 1710 φάσκοντα
3299 1643 3565 1715 Ἐϐραίων
3606 1661 3737 1714 προ-

2161 1732 2359 1801 φήτην’
2409 1751 2426 1781 ι
2453 1732 2549 1795 Τίς
2575 1733 2869 1801 ἀναγγελεῖ
2896 1733 3006 1802 (59)
3041 1735 3190 1803 ὑμῖν,
3219 1735 3299 1786 ὅτι
3343 1735 3454 1806 πῦρ
3487 1734 3734 1799 καίεται;

475 1836 565 1875 ras
599 1821 758 1875 velim
801 1830 1046 1875 nostrum
1075 1822 1208 1876 illud
1245 1839 1257 1873 :
1295 1843 1314 1874 ι
1354 1822 1493 1889 Quia
1534 1837 1632 1879 nec
1658 1822 1848 1877 oculus
1894 1823 2052 1886 vidit,

2158 1819 2238 1882 τίς
2259 1821 2549 1890 ἀναγγελεῖ
2582 1823 2710 1893 ὑμῖν
2734 1822 2821 1876 τὸν
2867 1823 3031 1875 τόπον
3049 1823 3140 1874 τὸν
3166 1822 3414 1888 αἰώνιονς
3449 1843 3468 1876 ι
3509 1825 3602 1877 καὶ
3633 1825 3739 1878 πά-

475 1927 577 1966 nec
604 1911 754 1967 auris
784 1913 1014 1976 auditit,
1048 1930 1149 1969 nec
1181 1915 1233 1968 in
1264 1929 1360 1969 cor
1395 1914 1634 1968 hominis
1663 1913 2056 1980 ascenderunt,

473 2021 595 2076 quze
625 2007 941 2075 praeparavit
964 2004 1102 2060 Deus
1123 2007 1465 2077 diligentibus
1489 2023 1548 2062 se
1565 2007 1608 2038 ⁸⁷
1629 2049 1642 2069 ,
1657 2007 1922 2076 ιὶιειιιῳιο
1934 2021 2056 2061 cum

476 2099 586 2153 illis
615 2098 864 2168 pluribus
889 2099 1198 2165 domiciliis,
1222 2100 1368 2169 quod
1400 2100 1625 2154 habetur
1657 2100 1712 2152 in
1738 2098 2046 2169 Evangelio:

481 2207 500 2239 ι
541 2187 737 2245 Multas
763 2191 902 2259 apud
938 2190 1151 2245 Patrem
1187 2209 1206 2242 ι
1239 2191 1304 2246 iis
1327 2192 1418 2260 qui
1450 2189 1619 2245 Deum
1649 2190 1902 2259 diligunt,
1929 2205 2059 2244 con-

474 2280 694 2334 stitutas
721 2295 842 2335 esse
875 2299 893 2333 ι
921 2283 1236 2337 mansiones
1254 2282 1342 2336 ⁵⁵⁷⁸.
1367 2301 1386 2333 ι
1411 2283 1544 2335 Cum
1571 2282 1638 2337 iis
1669 2299 1788 2348 qua:
1809 2283 1874 2336 de
1904 2280 2059 2352 Pyri-

477 2367 864 2438 phlegetbOnte
891 2369 1033 2424 dicta
1065 2381 1211 2434 sunt,
1246 2373 1630 2440 sempiternum
1666 2371 1840 2441 ignem
1878 2371 2058 2440 impiis

472 2460 872 2524 denuntiatum,
913 2461 1069 2530 juxta
1121 2462 1252 2517 illud
1286 2463 1494 2517 Hebraei
1529 2464 1806 2532 prophetae
1838 2481 1850 2517 :
1878 2482 1898 2514 ι
1925 2463 2057 2528 Quis

475 2553 824 2608 annuntiabit
853 2554 1037 2620 vobis,
1064 2553 1209 2624 quod
1243 2555 1386 2625 ignis
1419 2555 1652 2609 ardeat?
1691 2557 1812 2624 quis
1845 2571 2058 2610 annun-

474 2646 628 2700 tiabit
654 2647 806 2701 vobis
827 2647 1004 2700 locum
1027 2657 1290 2702 aeternum
1314 2647 1399 2700 ’⁸δῖ
1422 2667 1441 2699 ι
1471 2647 1535 2701 Ει
1560 2663 1750 2702 rursus
1775 2667 1787 2702 :
1810 2667 1827 2698 ι
1843 2646 2056 2703 Vermis

475 2751 664 2791 eorum
711 2753 818 2791 non
855 2738 1138 2804 morietur,
1175 2747 1229 2793 et
1259 2739 1398 2809 ignis
1428 2755 1535 2793 non
1575 2739 1977 2808 exstinguetur,
2001 2747 2056 2794 et

475 2837 632 2882 crunt
663 2828 716 2882 in
747 2829 1008 2884 visionem
1041 2830 1188 2884 omni
1208 2831 1358 2885 carni
1378 2831 1465 2884 “‘2
1486 2851 1503 2881 ι
1527 2830 1736 2896 Quibus
1757 2831 1920 2884 etiam
1935 2831 2056 2884 vide

475 2935 639 2988 qnam
691 2921 906 2990 egregie
963 2918 1118 2974 Plato
1162 2922 1501 2984 consentiat,
1549 2921 1702 2984 dum,
1739 2921 1936 2990 impios
1997 2921 2054 2974 in

481 3009 770 3066 Tartarum
794 3011 1164 3067 detrudendos
1185 3011 1478 3076 aliirmans,
1507 3011 1802 3081 subjungit,
1839 3031 1856 3061 ι
1897 3009 2053 3066 Unde

478 3115 754 3170 numquam
786 3111 1087 3172 emergant.
1133 3122 1151 3154 ι
1204 3101 1446 3172 Itemque
1478 3103 1596 3172 pios
1633 3102 1686 3156 in
1725 3102 1898 3156 beatis
1929 3101 2052 3171 qni-

2157 1912 2257 1964 λιν·
2295 1931 2312 1962 ι
2338 1913 2394 1965 '0
2418 1912 2633 1983 σκώληξ
2665 1913 2844 1967 αὐτῶν
2873 1915 2934 1967 οὐ
2964 1914 3294 1984 τελευτήσει,
3322 1915 3416 1966 καί
3443 1915 3502 1966 τὸ
3531 1914 3639 1984 πῦρ
3673 1915 3736 1968 οὐ

2158 2002 2532 2074 σϐεσθήσεται,
2575 2005 2670 2058 καί
2698 2005 2909 2059 ἔσονται
2951 2009 3030 2070 εἰς
3086 2008 3274 2078 ὅρασιν
3315 2007 3459 2076 πάσῃ
3514 2006 3731 2076 σαρκί.»

2156 2095 2325 2164 Τήρει
2353 2095 2432 2160 δὲ,
2468 2096 2544 2160 ὡς
2569 2096 2663 2150 καὶ
2709 2098 2739 2149 ὁ
2785 2098 3008 2150 Πλάτων
3056 2097 3293 2168 συνᾴδων
3333 2097 3560 2160 τούτοις,
3610 2097 3738 2160 τοὺς

2155 2186 2372 2249 ἀσεϐεῖς
2429 2187 2599 2242 εἰπὼν
2655 2190 2924 2259 χωρήσειν
2979 2190 3059 2252 εἰς
3110 2190 3414 2260 Τάρταρον,
3475 2187 3735 2257 ἐπιλέγει,

2161 2299 2177 2328 ι
2204 2278 2368 2331 Ὅθεν
2395 2278 2589 2333 οὔποτε
2615 2280 2978 2334 ἐκϐαίνουσι.»
3014 2281 3125 2334 Καὶ
3172 2278 3240 2336 αὖ
3280 2281 3438 2334 πάλιν
3481 2283 3608 2345 τοὺς
3644 2283 3738 2335 εῦ-

2159 2370 2336 2433 σεϐεῖς
2371 2370 2632 2440 ζήσεσθαι
2665 2371 2833 2425 εἰπὼν
2867 2373 2926 2425 έν
2958 2373 3268 2444 μακαρίοις,
3300 2372 3629 2444 προστίθησι
3655 2372 3741 2425 λέ-

2157 2478 2290 2529 γων,
2327 2481 2346 2514 ι
2372 2463 2732 2535 Τοπαράπαν,
2761 2463 2951 2528 καὶείς
2983 2463 3072 2518 τὸν
3099 2465 3290 2519 ἔπειτα
3315 2465 3558 2537 χρόνον.»
3579 2465 3740 2520 Ἀλλά

2155 2555 2248 2608 καὶ
2274 2555 2355 2619 τὸ,
2385 2575 2403 2605 ι
2419 2557 2578 2609 Ἀνευ
2594 2558 2855 2627 καμάτων
2884 2579 2902 2609 ι
2930 2558 3215 2629 εἰρημένον
3239 2558 3329 2610 ὑπ’
3350 2557 3536 2621 αὑτοῦ,
3554 2559 3738 2629 ὅμοιον

2154 2645 2220 2700 ἂν
2243 2645 2328 2716 εἴη
2351 2645 2448 2716 τῷ,
2477 2667 2494 2698 ι
2521 2649 2755 2719 Ἀπέδρα
2775 2647 2955 2720 ὀδύνη,
2973 2650 3067 2702 καὶ
3084 2650 3249 2721 λύπη,
3267 2651 3360 2703 καὶ
3378 2651 3696 2721 στεναγμός.
3711 2668 3734 2704 ›

2153 2738 2380 2791 Φάσκων
2409 2738 2465 2790 δὲ
2495 2741 2620 2804 τοὺς
2661 2740 2754 2792 ἐπὶ
2778 2740 2869 2794 τὸν
2905 2741 3193 2812 Ἀχέροντα
3238 2741 3632 2813 πορευομένους
3660 2741 3740 2812 μὴ

2158 2825 2343 2889 ἁπλῶς
2372 2828 2464 2880 ἐπὶ
2521 2827 2708 2881 τοῦτον
2759 2829 3124 2898 ἀφικνεῖσθαι,
3172 2829 3304 2883 ἀλλὰ
3348 2829 3738 2892 ἀναϐαίνοντας

2161 2920 2424 2991 πρότερον
2446 2919 2482 2973 ἀ
2507 2919 2571 2990 δὴ
2598 2922 2780 2985 αὐτοῖς
2823 2923 3073 2993 ὀχήματα
3127 2925 3263 2987 ὲστι,
3305 2923 3427 2976 τίνα
3475 2923 3606 2976 ποτὲ
3631 2923 3740 2994 ἄρα

2157 3011 2226 3064 τά
2256 3011 2510 3082 ὀχήματα
2539 3011 2783 3081 βούλεται
2814 3015 3116 3084 σημαίνειν,
3151 3015 3182 3086 ἢ
3215 3015 3285 3068 τὰ
3317 3014 3566 3085 σώματα,
3604 3017 3682 3078 εἰς
3703 3014 3740 3068 ἃ.

2157 3099 2425 3154 ἀναϐᾶσαι
2471 3103 2528 3153 αἱ
2574 3102 2683 3154 τῶν
2730 3103 3191 3174 τετελευτηκότων
3217 3104 3405 3174 ψυχαὶ,
3429 3107 3526 3158 σὺν
3555 3105 3738 3167 αὐτοῖς

478 3193 708 3247 busdam
735 3193 1031 3250 domiciliis
1065 3196 1305 3250 victuros
1331 3195 1711 3264 pronuntians,
1743 3194 1912 3259 addit,
1952 3209 2046 3262 pe-

2158 3190 2538 3262 τιμωροῦνται,
2570 3192 2711 3245 κατὰ
2747 3191 2818 3244 τά
2872 3193 3000 3263 παρ’
3048 3192 3315 3262 Ἑϐραίοις
3345 3191 3738 3262 νενομισμένας

477 3283 642 3350 nitus,
701 3301 909 3354 (rivoque
957 3287 1293 3354 sempiterno.
1347 3283 1506 3352 Quod
1560 3294 1738 3338 autem
1790 3287 1886 3348 ait,
1935 3285 2048 3339 sine

478 3376 598 3430 uilis
627 3379 838 3432 omnino
887 3379 1164 3442 molestiis,
1190 3388 1380 3434 nostro
1427 3379 1550 3431 lmic
1593 3377 1874 3447 geminum.
1916 3386 2046 3433 est:

479 3487 499 3519 ‹
543 3468 888 3538 Fugitdolor,
929 3481 984 3524 et
1015 3471 1254 3532 tristitia,
1287 3478 1342 3523 et
1361 3470 1593 3538 gemitus
1633 3469 1704 3520 θ’.
1734 3487 1754 3519 ι
1788 3467 2052 3538 Denique,

2167 3283 2325 3336 Ἀλλὰ
2347 3285 2456 3354 γὰρ
2489 3283 2678 3354 ἱκανὴν
2716 3286 2811 3338 καὶ
2849 3285 3003 3337 τοῦδε
3053 3284 3144 3337 τοῦ
3174 3283 3332 3351 λόγου
3387 3283 3740 3354 περιγραφὴν

2157 3375 2457 3446 εἰληφότος,
2485 3377 2576 3430 ἐπὶ
2606 3377 2667 3428 τὸ
2695 3377 2993 3429 δωδέκατον
3022 3376 3122 3444 τῆς
3149 3373 3561 3444 Εὐαγγελικῆς
3593 3389 3740 3440 προ-

2158 3469 2547 3537 παρασκευσῆς
2575 3468 2951 3538 μεταϐήσομαι
2989 3467 3346 3537 σύγγραμμα.

479 3565 605 3616 dum
641 3563 1003 3620 Acberontem
1035 3564 1188 3619 illum
1209 3563 1524 3626 subeuntes,
1558 3579 1662 3616 non
1713 3563 2029 3632 simpliciter
2054 3579 2120 3617 eo
2158 3563 2412 3618 devenire
2457 3564 2664 3625 statuit,
2705 3563 2797 3615 sed
2824 3576 3125 3614 conscenso
3173 3569 3263 3614 tan
3293 3575 3381 3612 um
3413 3574 3512 3613 suo
3545 3572 3738 3627 quem-

479 3672 584 3724 que
609 3656 892 3721 vehiculo;
945 3670 1068 3724 quae
1120 3656 1338 3711 tandem
1395 3657 1510 3722 ipse
1546 3653 1794 3708 vehicula
1828 3653 2135 3722 signiﬁcare
2174 3655 2308 3719 vult,
2369 3654 2473 3707 nisi
2521 3667 2779 3720 corpora,
2835 3651 3034 3720 quibus
3097 3650 3289 3705 redditi
3353 3650 3734 3706 defunctorum

481 3747 674 3812 animi,
708 3747 871 3802 simul
900 3761 1024 3801 cum
1065 3746 1154 3809 iis,
1222 3756 1282 3801 ut
1335 3747 1532 3802 docent
1563 3744 1911 3800 Hebraeorum
1946 3745 2135 3798 litterae
2173 3745 2533 3799 crucientur?
2588 3742 2786 3797 Verum
2830 3747 3143 3807 enimvero,
3205 3759 3326 3797 cum
3379 3744 3466 3797 hie
3521 3758 3739 3812 quoque

481 3842 614 3898 liber
638 3841 839 3912 justam
873 3841 926 3895 in
956 3842 1379 3912 magnitudinem
1410 3841 1728 3908 excreverit,
1759 3843 1823 3896 ad
1851 3841 2230 3896 duodecimum
2265 3837 2592 3908 Evangelica:
2629 3839 3034 3908 prwparationis
3070 3839 3322 3893 volumen
3369 3849 3735 3894 transeamus.

872 4024 2207 4144 ΙΙΡΟΠΑΡΑΣΚΕΥΗΣ
2297 4013 3364 4134 ΕΥΑΓΓΕΛΙΚΗΣ

1517 4205 1954 4295 ΒΙΒΛΙΟΝ
2030 4197 2730 4288 ΔΩΔΕΚΑΤΟΝ.

489 4436 1494 4530 PREPABATIONIS
1568 4397 2365 4528 EVANGELICE
2443 4429 2800 4517 LIBER
2899 4421 3728 4516 DUODECIMUS.

658 4651 820 4722 570
846 4649 1271 4708 DUODECIMI
1300 4650 1507 4706 LIBRI
1558 4650 1854 4709 CAPITA.

486 4745 538 4802 Ι.
571 4743 844 4816 Hebraeos,
875 4746 1036 4798 etiam
1067 4745 1417 4799 consentiente
1455 4745 1701 4808 Platone,
1735 4763 1866 4816 quos
1895 4747 2056 4801 insti-

551 4814 786 4879 tuebant,
819 4833 907 4886 eos
942 4825 1079 4868 recte
1103 4817 1207 4886 ﬁde
1228 4817 1464 4886 quadam
1487 4814 1910 4882 disciplinarum.
1936 4833 2054 4886 qua:

553 4887 692 4968 quod
715 4885 1122 4968 imperfectiores
1143 4885 1314 4938 adhuc
1351 4895 1541 4950 essent,
1567 4886 1700 4938 nihil
1732 4885 2044 4955 exquireret,

577 4956 869 5010 nformatus
900 4955 1144 5010 voluisse.

554 4972 611 5009 tn
639 4972 869 5009 armatus
900 4972 1144 5010 vetuisse.

484 5026 540 5080 2.
571 4972 756 5079 F/idem
785 5027 848 5078 ab
880 5027 992 5096 ipso
1018 5040 1219 5096 quoque
1251 5023 1495 5088 Platone,
1529 5027 1786 5078 virtutum
1822 5027 2056 5080 omnium

561 5098 847 5149 maximam
877 5095 1078 5148 haberi.

487 5167 541 5220 5.
575 5164 649 5220 lis

551 5233 843 5289 habendam
869 5251 1000 5298 esse,
1027 5249 1090 5286 ea:
1120 5233 1321 5304 Legum
1353 5234 1644 5287 undecimo.

697 5182 813 5235 qua:
853 5166 916 5219 de
957 5166 1157 5235 animo,
1204 5163 1564 5235 similibusque
1596 5164 1868 5230 dicuntur,
1900 5165 2058 5235 fidem

2091 4660 2137 4717 D
2205 4651 2375 4708 TAAE
2408 4645 2752 4702 HEPIEXEI
2799 4646 2885 4696 T0
2929 4641 3356 4696 ΔΩΔΕΚΑΤΟΝ
3378 4641 3704 4695 ΒΙΒΛΙΟΝ.

2164 4744 2232 4800 α’.
2257 4745 2383 4796 Ὅτι
2407 4739 2506 4795 καὶ
2539 4737 2692 4791 κατὰ
2727 4733 3015 4808 [Isidem-el
3055 4731 3180 4808 τοῖς
3208 4730 3624 4808 εἰσαηομένρις
3647 4729 3744 4796 ὀρ-

2233 4813 2346 4879 θῶς
2384 4809 2659 4879 Ἑϐραίων
2687 4804 2894 4879 παῖᾆες
2949 4803 3298 4879 ἀπερίεργον
3332 4801 3447 4879 shy
3479 4801 3597 4852 τῶν
3636 4814 3744 4879 λία-

2233 4868 2506 4952 θηρἁτωᾶ
2555 4877 2762 4930 πίστιν
2795 4868 2893 4927 διὰ
2928 4873 2996 4925 τὸ
3039 4868 3251 4937 ἀτελὲς
3281 4871 3479 4924 αὐτῶν
3505 4868 3744 4937 παρεδί-

2235 4955 2448 5006 δοσαν.

2166 5023 2231 5092 β’.
2260 5023 2386 5074 «an
2409 5018 2662 5092 μεγίστη
2693 5013 2809 5067 τῶν
2837 5009 3063 5080 ἀρετῶν
3084 5011 3182 5065 καὶ
3211 5015 3362 5066 κατὰ
3387 5010 3675 5066 Πλάτωνα
3701 5008 3737 5078 1‘,

2235 5086 2439 5156 πῖστιξν
2464 5086 2767 5156 roma-aa.

2165 5159 2232 5231 γ’.
2259 5162 2393 5212 ’Ὅτι
2415 5146 2431 5156 ’
2452 5146 2765 5231 «(aristis/1:
2790 5151 2900 5231 ⁸δεῖ
2922 5151 3210 5231 τοῖς-περὶ
3261 5150 3469 5231 ψιλῆς
3494 5146 3738 5231 λεγομέ-

2240 5248 2386 5294 νοις,
2416 5230 2513 5282 καὶ.
2559 5226 2676 5290 τοῖς
2728 5223 2942 5294 ἄλλοις
2979 5223 3107 5294 τοῖς
3159 5223 3290 5294 περὶ
3325 5221 3442 5294 τῶν
3466 5221 3745 5274 τοιούτοιν

2235 5291 2457 5369 λόγίοις,
2486 5298 2603 5352 ἀπὸ
2632 5293 2736 5349 τοῦ
2775 5292 3099 5346 ἑνδεκάτου
3135 5291 3250 5344 τῶν
3275 5293 3492 5362 Νόμων.

559 5394 601 5424 ⁸⁷
636 5395 655 5445 1
693 5394 820 5449 Cor.
859 5409 922 5457 ιι,
957 5394 1010 5449 9.
1088 5395 1153 5425 ⁸⁷⁸
1183 5392 1340 5446 Joan.
1367 5409 1478 5453 ειν,
1508 5393 1564 5446 2.
1643 5392 1686 5424 “
1722 5395 1823 5446 lsa.
1875 5409 2054 5455 ιιχιιιιι1

2158 5395 2192 5448 't.
2266 5395 2333 5426 δι”
2361 5395 2463 5448 lsa.
2488 5407 2633 5453 Lm,
2675 5391 2765 5445 ΞΗ.
2841 5388 2886 5420 ⁸⁸
2919 5387 3024 5443 lsa.
3050 5403 3214 5450 xxxv,
3238 5387 3322 5441 10.

563 5507 674 5576 (59)
722 5509 816 5574 Τίς
850 5508 1197 5578 ἀναγγελεῖ,
1245 5519 1349 5562 etc.
1399 5509 1473 5562 Ita
1512 5508 1886 5576 Septuaginta.
1934 5507 2063 5562 Vul-

496 5589 650 5642 ratus
681 5579 836 5646 longe
869 5580 1150 5633 dissimilis
1177 5596 1189 5607 '
1213 5581 1343 5643 Quis
1374 5581 1564 5646 poterit
1596 5579 1834 5632 habitare
1870 5579 2064 5640 deleo-

498 5647 572 5700 bis
607 5664 724 5699 cum
759 5649 877 5716 igne
915 5649 1230 5702 devorante?
1257 5659 1348 5702 aut
1394 5650 1507 5718 quis
1539 5649 1798 5701 habitabit
1833 5664 1896 5701 ex
1925 5650 2066 5702 vobis

494 5733 605 5770 cum
649 5718 924 5770 ardua-ibus
951 5720 1325 5788 sempiternis?
1365 5719 1641 5782 llebraicc,
1671 5727 1784 5777 ’πυτ
1824 5725 1915 5778 ηε.
1953 5721 2066 5787 quis

2171 5506 2424 5561 habitabit
2450 5509 2472 5560 ?
2502 5504 2875 5574 Septuaginta,
2900 5501 3083 5564 credo,
3119 5500 3362 5574 legerunt
3391 5505 3497 5556 aut
3520 5499 3746 5574 inquis

2174 5578 2480 5631 nuntiabit?
2509 5569 2936 5633 ln'line'versus,
2962 5586 3061 5639 pro
3091 5569 3371 5639 ardoribus
3394 5569 3744 5639 semviternis,

2174 5647 2306 5701 lleb.
2342 5654 2480 5709 επ]
2515 5654 2711 5704 ἽὩἸὩ,
2761 5644 2864 5710 [oci
2901 5637 3237 5702 artertiitatis,
3295 5637 3644 5708 Septuaginta
3674 5638 3748 5690 le-

2176 5718 2318 5788 gisse
2353 5721 2600 5772 videntur
2637 5709 2794 5778 ωηο-2
2816 5752 2829 5776 ,
2862 5711 2911 5765 id
2945 5719 3026 5765 est
3061 5709 3224 5762 locus.
