4156 6406
302 349 410 407 953

1484 335 1804 395 PRIEPAR.
1833 333 2087 390 EVANG.
2118 332 2246 388 LIB.
2282 331 2396 388 XII.

3479 316 3585 376 954

307 481 429 539 qua
460 471 854 535 proponantur,
889 470 1147 533 tanquam
1195 459 1290 515 Dei
1342 456 1523 513 verbis
1571 453 1877 510 habendam
1915 450 2083 524 57A.
2104 452 2476 507 adhortemur.
2543 446 2612 502 At
2662 460 2896 516 quorum
2945 444 3059 514 jam
3114 440 3393 497 robustior
3424 456 3583 494 men-

308 564 378 619 tis
407 560 659 628 habitus,
706 567 762 615 et
814 574 951 614 cana
983 558 1231 627 quaedam
1274 551 1643 624 intelligentiae
1696 551 1777 606 vis
1826 549 2012 615 fuerit,
2063 550 2133 605 iis
2181 562 2312 603 vero
2354 554 2640 617 penetrare
2681 543 2864 610 altius,
2920 540 3323 608 verborumque
3365 546 3584 593 senten-

310 658 436 712 tiam
467 655 751 724 explorare
807 651 1177 708 concedimus.
1234 649 1411 719 Atque
1453 647 1553 701 bos
1601 644 1812 700 Hebraei
1840 643 2198 709 Deuterotas,
2242 642 2399 713 quasi
2452 638 2857 710 Scripturarum
2904 635 3224 704 interpretes
3270 640 3435 703 atque
3488 646 3585 687 ex-

308 751 617 822 planatores
647 762 846 803 vocare
870 746 1140 801 solebant.

855 862 1253 919 ΚΕΦΑΛΑΙΟΝ
1287 862 1339 914 Β⁰
1350 904 1362 916 .

311 960 438 1014 Ὀτι
466 959 726 1030 μεγίστη
782 956 901 1030 τῶν
937 956 1163 1026 ἀρετῶν
1201 954 1297 1030 καὶ
1332 953 1483 1008 κατὰ
1526 951 1817 1007 Πλάτωνα
1852 953 1891 1021 ἡ

824 1024 1027 1093 πίστις
1075 1024 1376 1096 τυγχάνει.

384 1140 403 1173 ι
439 1120 648 1175 Οὐκοῦν
673 1120 742 1174 τὰ
774 1119 912 1191 μετά
942 1120 1055 1192 (41)
1105 1116 1279 1173 ταῦτα
1334 1118 1586 1188 εἴποιμεν
1614 1115 1680 1169 ἂν
1705 1118 1890 1186 ἡμεῖς,

308 1211 390 1265 δτι
424 1211 489 1264 σὺ
523 1210 620 1281 μὲν
649 1213 911 1276 ἐπαινεῖς,
942 1210 1017 1274 ὡς
1040 1210 1243 1274 ἔοικας,
1287 1204 1332 1262 ὦ
1379 1211 1635 1280 Τυρταῖε,
1664 1207 1895 1279 μάλιστα

304 1305 433 1369 τοὺς
452 1304 590 1376 πρὸς
628 1305 720 1358 τὸν
747 1303 949 1358 ὀθνεῖόν
975 1321 1035 1356 τε
1073 1305 1168 1357 καὶ
1214 1301 1413 1368 ἔξωθεν
1465 1301 1702 1371 πόλεμον
1749 1316 1896 1369 γενο-

309 1395 505 1467 μένους
533 1397 834 1465 ἐπιφανεῖς.
864 1395 1003 1466 Φαίη
1049 1394 1228 1451 ταῦτα
1279 1394 1345 1448 ἀν
1398 1411 1524 1458 που,
1560 1393 1655 1445 καὶ
1700 1391 1894 1463 ὁμολο-

304 1490 429 1556 γοῖ;
462 1487 529 1540 Τί
564 1488 705 1559 μήν;
744 1490 937 1560 Ἡμεῖς
962 1488 1019 1541 δέ
1061 1505 1145 1557 γε,
1203 1486 1425 1556 ἀγαθῶν
1468 1485 1637 1539 ὄντων
1665 1482 1891 1548 τούτων,

304 1578 390 1633 ἔτι
421 1580 599 1651 φαμὲν
618 1580 875 1650 ἀμείνους
921 1575 1060 1635 εἶναι
1094 1579 1188 1636 καὶ
1221 1578 1353 1633 πολὺ
1394 1578 1521 1640 τοὺς
1552 1577 1611 1629 ἐν
1630 1575 1709 1646 τῷ
1737 1574 1894 1645 μεγί-

307 1675 423 1741 στῳ
450 1669 672 1741 πολέμῳ
702 1669 1055 1740 γιγνομένους
1101 1669 1355 1740 ἀρίστους
1405 1666 1700 1738 διαφανῶς.
1732 1666 1898 1734 Ποιη-

302 1760 409 1832 τὴν
435 1761 492 1815 δὲ
522 1760 616 1815 καὶ
644 1763 809 1832 ἡμεῖς
862 1761 1120 1834 μάρτυρα
1151 1759 1345 1831 ἔχομεν
1388 1758 1636 1828 Θέαγνινι,
1672 1755 1899 1826 πολίτην

302 1852 418 1908 τῶν
441 1854 499 1907 ὲν
520 1851 738 1925 Σικελίᾳ
769 1853 1095 1927 Μεγαρέων,
1127 1852 1184 1916 ὃς
1206 1869 1356 1922 erat:

298 2167 539 2234 Πιστὸς
593 2166 752 2236 ἀνὴρ
785 2163 907 2240 (42)
939 2159 1179 2231 χρυσοῦ
1219 2177 1284 2215 τε
1316 2157 1417 2216 καί
1465 2161 1724 2240 dprome
1748 2116 1911 2240 Δἀντ-ι

1475 2214 1865 2306 [ἓρδδάάθαιί
1930 2214 1975 2268 Β

386 2308 586 2376 Ἄξιος
609 2308 680 2363 ὲν
708 2304 968 2378 χαλεπῇ,
994 2306 1208 2376 Κύρνε,
1237 2302 1623 2375 δίχοστᾰσίῃ.

299 2399 516 2456 Τοῦτον
545 2399 602 2453 δέ
631 2416 811 2471 φαμεν
840 2402 899 2456 ὲν
947 2400 1173 2472 πολέμῳ
1226 2397 1592 2469 χαλεπωτέρῳ
1636 2393 1897 2465 ἀμείνονα

299 2493 521 2548 ἐκείνου
549 2492 810 2564 πάμπολυ
862 2492 1108 2562 γίνεσθαι
1143 2490 1347 2561 σχεδὸν,
1379 2490 1502 2542 ὅσον
1545 2487 1785 2559 ἀμείνων
1816 2486 1896 2540 διι-

300 2581 571 2653 καιοσύνη
598 2582 695 2637 καὶ
725 2582 985 2653 φρόνησις
1041 2584 1123 2643 είς
1163 2581 1329 2637 ταὺτὸ
1354 2578 1583 2633 ἐλθοῦσα
1629 2577 1766 2649 μετὰ
1795 2578 1895 2631 ἀν-

298 2672 491 2745 δρείας
519 2671 709 2742 αὐτῆς.
739 2672 936 2736 Πιστὸς
967 2669 1200 2743 μὲνγὰρ
1231 2670 1325 2723 καὶ
1368 2668 1528 2739 ὑγιὴς
1558 2668 1616 2720 ὲν
1642 2667 1901 2721 στάσεσιν

299 2766 410 2820 οὐκ
430 2764 497 2820 ἄν
526 2782 657 2818 ποτε
686 2764 897 2830 γένοιτο
926 2764 1055 2820 ἄνευ
1091 2763 1384 2835 ξυμπάσης
1408 2761 1630 2833 ἀρετῆς·
1671 2760 1896 2814 διαϐάν-

297 2872 399 2920 τες
427 2854 485 2909 δὲ
515 2856 610 2909 καὶ
635 2850 695 2909 εὖ
728 2855 1023 2927 μαχόμενοι
1043 2855 1315 2917 ἐθέλοντες
1339 2852 1702 2925 ἀποθνήσκειν
1731 2854 1788 2905 ὲν
1815 2850 1895 2921 τῷ

298 2948 551 3020 πολέμῳ,
586 2947 783 3019 φράζει
803 2948 1085 3020 Τυρταῖος,
1118 2947 1226 3001 τῶν
1255 2945 1597 3018 μισθοφόρων
1618 2944 1725 2997 είσὶ
1746 2943 1899 3013 πάμ-

299 3039 512 3105 πολλοι,
538 3034 612 3095 ὧν
640 3042 688 3095 οξ
722 3040 960 3094 πλεῖστοι
987 3040 1226 3110 γίνονται
1279 3038 1521 3110 θρασεῖς,
1552 3038 1647 3091 καὶ
1694 3036 1891 3101 ἄδικοι,

299 3133 400 3188 καὶ
445 3131 719 3205 ὑϐρισταὶ,
780 3134 876 3186 καὶ
928 3132 1321 3203 ἀφρονέστατοι
1375 3130 1564 3200 σχεδὸν
1611 3128 1892 3193 ἁπάντων,

300 3224 464 3289 ἐκτὸς
482 3225 548 3296 δή
577 3241 740 3278 τινων
793 3220 853 3277 εὖ
889 3223 1033 3294 μάλα
1060 3223 1275 3291 ὀλίγων.
1307 3222 1408 3276 Ποῖ
1438 3222 1502 3292 δὴ
1542 3220 1770 3290 τελευτᾲ
1798 3219 1894 3272 νῦν

300 3316 440 3387 ἡμῖν
463 3307 619 3378 οὗτος
644 3316 673 3368 ὁ
698 3314 875 3383 λόγος,
904 3316 999 3368 καὶ
1022 3315 1084 3367 τί·
1105 3314 1338 3385 φανερὸν
1366 3312 1587 3385 ποιῆσαί
1607 3330 1736 3366 ποτε
1768 3312 1893 3382 βουμ-

301 3405 491 3479 ληθεὶς
522 3405 670 3476 λέγει
700 3406 907 3473 ταῦτας
939 3405 1189 3478 Δηλονότι
1250 3405 1392 3472 τόδε,
1417 3405 1493 3471 ὼς
1526 3405 1727 3470 παντὸς
1757 3403 1893 3477 μᾶλ-

298 3497 396 3556 λον
424 3500 521 3555 καὶ
544 3502 574 3555 ὁ
597 3498 724 3573 τῇδε
758 3501 786 3555 ὁ
808 3498 958 3573 παρὰ
979 3499 1100 3564 Διὸς
1128 3500 1441 3571 νομοθέτης,
1466 3500 1575 3563 πᾶς
1595 3515 1677 3562 τε,
1709 3498 1770 3551 οὗ
1797 3496 1892 3550 καὶ

305 3592 541 3663 σμικρὸν
567 3555 777 3660 ὄφελος,
802 3555 902 3644 οὐκ
928 3591 1055 3646 ἄλλο
1162 3555 1300 3663 πρὸς
1473 3555 1736 3660 μεγίστην
1763 3588 1891 3659 ἀρε-ι
1917 3555 1960 3614 c
1993 3567 2111 3663 ξλίιῗ

301 3682 405 3754 τὴν
434 3681 669 3752 μάλιστα
731 3680 943 3751 βλέπων
991 3681 1079 3737 ἀεὶ
1129 3680 1284 3752 θήσει
1332 3682 1458 3745 τοὺς
1514 3680 1732 3751 νόμους·
1773 3679 1899 3737 ἐστι,

301 3772 349 3828 δ’
374 3814 391 3840 ,
433 3773 510 3838 ὣς
566 3791 700 3846 φησι
748 3772 1007 3843 Θέογνις,
1061 3773 1201 3841 αὕτη
1254 3773 1516 3843 πιστότης
1553 3774 1611 3826 ἐν
1657 3774 1769 3836 τοῖς
1800 3771 1893 3824 δερ

310 3868 476 3931 ινοῖς,
530 3866 600 3938 ἣν
669 3883 753 3929 τις
822 3865 1170 3937 δικαιοσύνην
1246 3865 1313 3919 ἂν
1385 3864 1597 3918 τελείαν
1687 3862 1890 3935 ὀνομά-

307 3977 442 4014 σειε.
507 3978 527 4013 ι
580 3962 691 4014 Καὶ
739 3962 871 4032 παρ’
908 3962 1046 4032 ἡμῖν.
1085 3961 1115 4012 ὁ
1176 3960 1444 4030 σωτήριος
1499 3957 1690 4026 λόγος,
1752 3955 1893 4028 ὁμοῦ,

307 4051 575 4118 συζεύξας
611 4054 678 4124 τῇ
724 4053 903 4105 πίστει
942 4052 1042 4124 τὴν
1075 4050 1357 4123 φρόνησιν,
1390 4050 1481 4103 τὸν
1515 4050 1636 4103 κατ’
1697 4047 1879 4119 ἀμφό-

301 4160 439 4217 τερα
471 4142 885 4214 κεκοσμημένον
916 4145 1030 4207 τοῖς
1087 4140 1261 4197 αὑτοῦ.
1285 4141 1462 4210 λόγοις
1497 4139 1742 4211 ἐγκρίνει
1797 4138 1888 4198 λέε-

305 4253 441 4307 γων,
481 4255 501 4289 ι
557 4237 651 4301 Τίς
685 4235 801 4308 ἄρα·
825 4236 971 4289 ἐστὶν
1003 4237 1031 4288 ὁ
1064 4234 1256 4298 πιστὸς
1314 4233 1598 4304 οἰκονόμος
1630 4232 1725 4284 καὶ
1758 4230 1891 4303 φρό-

310 4339 500 4394 νιμος;
529 4342 548 4373 υ
586 4323 679 4376 καὶ
710 4319 885 4387 αὖθις
920 4343 937 4373 ι
968 4317 1065 4387 Εὖ,
1093 4321 1246 4375 δοῦλε
1277 4321 1562 4391 ἀγαθὲκαὶ
1585 4320 1762 4382 πιστὲ,
1798 4319 1902 4376 ἐπὶ.

311 4415 469 4484 ὀλίγα
486 4410 556 4485 ἦς
588 4414 798 4479 πιστὸς,
820 4415 912 4467 ἐπὶ
939 4414 1151 4468 πολλῶν
1186 4431 1244 4468 σε
1278 4413 1622 4486 καταστήσω.
1641 4431 1658 4463 ι
1696 4410 1891 4480 Σαφῶς

310 4501 444 4573 γοῦν
474 4506 533 4557 ὲν
570 4502 779 4569 τούτοις
827 4504 888 4558 οὐ
948 4505 1046 4577 τὴν
1086 4504 1278 4574 ἄλογον
1312 4504 1492 4558 πίστιν
1533 4502 1892 4572 ἀποδέχεσθαι

310 4596 661 4670 παρίστησιν,
682 4596 820 4651 ἀλλά
849 4597 948 4670 τὴν
979 4602 1101 4663 ταῖς
1137 4599 1420 4671 μεγίσταις
1483 4598 1703 4669 ἀρεταῖς
1765 4611 1893 4647 συν-

307 4686 669 4761 εζευγμένην,
707 4692 756 4744 εί
799 4690 865 4762 δὴ
926 4690 1171 4746 τοιαῦται
1215 4691 1477 4764 φρόνησις
1540 4690 1641 4743 καὶ
1691 4685 1889 4756 ἀγαθω-

310 4795 467 4851 συνη.

1997 925 2187 979 Fidem
2212 922 2276 978 ab
2302 923 2415 992 ipso
2441 937 2642 993 quoque
2675 919 2896 993 Platone
2927 918 3179 993 virtutum
3208 904 3442 970 omnium
3467 926 3582 965 ma-

2564 988 2765 1044 trimoni
2816 988 3019 1043 haberi.

2071 1102 2090 1137 ι
2121 1082 2231 1140 Nos
2278 1083 2443 1154 igitur
2463 1121 2479 1147 ,
2514 1082 2690 1151 inquit
2719 1080 2893 1145 Plato,
2925 1093 3019 1134 eos
3045 1077 3143 1132 abs
3174 1084 3225 1131 te
3249 1075 3521 1143 deinceps,
3548 1086 3584 1128 ο

1996 1176 2230 1248 Tyrtaae,
2294 1174 2507 1230 laudari
2564 1174 2912 1245 potissimum
2963 1169 3337 1239 celebrarique
3379 1165 3583 1221 dixeri-

1996 1284 2143 1333 mus,
2180 1267 2279 1337 qui
2306 1268 2659 1323 excellentem
2707 1266 3000 1336 quamdam
3030 1264 3084 1318 in
3115 1263 3302 1319 hostili
3328 1271 3583 1317 externo-

1996 1378 2103 1433 que
2128 1362 2271 1417 bello
2291 1361 2551 1414 virtutem
2580 1359 2938 1414 ostenderint.
2975 1356 3055 1422 ld,
3084 1356 3300 1427 opinor,
3334 1354 3423 1409 ille
3453 1367 3586 1409 con-

1997 1454 2250 1510 cesserit.
2294 1452 2497 1519 Quidni
2548 1451 2735 1505 enim?
2789 1449 2901 1505 Nos
2930 1465 3080 1517 vero,
3113 1464 3237 1504 cum
3268 1455 3585 1518 praestantes

1998 1547 2101 1601 hos
2144 1559 2267 1601 esse
2317 1545 2621 1606 fateamur,
2676 1552 2787 1596 tum
2837 1557 2934 1598 eos
2975 1543 3070 1613 qui
3112 1540 3326 1611 egregia
3357 1553 3587 1594 summae

1997 1636 2212 1690 virtutis
2240 1634 2480 1689 maximo
2508 1636 2562 1687 in
2589 1632 2730 1687 bello
2759 1633 3091 1688 documenta
3120 1631 3386 1694 dederint,
3426 1631 3586 1701 longe

1997 1726 2177 1781 adhuc
2205 1723 2614 1795 prmstantiores
2641 1738 2763 1778 esse
2788 1721 3152 1778 defendimus.
3196 1721 3369 1792 Cujus
3395 1720 3474 1776 rei
3503 1729 3586 1776 te-

1998 1829 2137 1874 stem
2176 1825 2391 1887 poetam
2424 1816 2693 1870 habemus
2735 1815 2843 1885 ipsi
2892 1831 3134 1884 quoque,
3170 1813 3471 1884 Thcognim
3520 1813 3588 1866 il-

2000 1914 2136 1978 lum,
2171 1910 2546 1980 Megarensem
2576 1907 2631 1961 in
2660 1905 2848 1962 Sicilia
2881 1908 3079 1975 civem,
3113 1906 3271 1978 cujus
3298 1905 3403 1960 hoc
3425 1905 3584 1961 disti-

1999 2008 2163 2066 chum
2194 2015 2277 2061 est
2317 2023 2333 2060 :

2071 2121 2269 2192 Cyrne,
2300 2120 2396 2174 tibi
2430 2128 2649 2191 argento
2677 2117 2841 2192 fuerit
2867 2113 3205 2192 redimendus
3228 2122 3278 2168 et
3304 2129 3456 2178 auro,

2126 2186 2226 2248 Cui
2259 2201 2434 2246 manet
2464 2186 2520 2245 in
2551 2186 2692 2246 tristi
2719 2187 2977 2242 seditione
3006 2186 3158 2254 ﬁdes.

1998 2371 2180 2439 Atque
2209 2368 2356 2423 hunc
2386 2366 2444 2421 in
2474 2365 2616 2420 bello
2643 2360 2928 2434 graviore,
2964 2366 3117 2413 tanto
3148 2358 3260 2412 fere
3286 2356 3458 2411 altero
3492 2354 3585 2410 illo

1999 2460 2433 2533 prastantiorem
2483 2472 2607 2513 esse
2649 2456 2925 2520 dicimus,
2979 2459 3187 2522 quanto
3230 2449 3585 2519 excellentior

1999 2553 2231 2623 aequitas
2265 2551 2356 2605 illa
2393 2548 2581 2614 fuerit,
2610 2562 2737 2617 quae
2767 2560 2894 2599 cum
2934 2539 3316 2613 temperantia.
3348 2537 3585 2607 pruden-

2000 2647 2095 2709 tia,
2133 2645 2360 2713 ipsaque
2386 2642 2523 2696 adeo
2559 2638 2879 2695 fortitudine
2908 2634 3291 2703 conjungetur.
3326 2628 3463 2683 Nam
3490 2629 3585 2698 qui

1999 2739 2175 2795 fidelis
2217 2753 2283 2792 ac
2313 2750 2484 2791 sanus
2523 2732 2701 2786 media
2746 2730 2801 2785 in
2845 2726 3188 2783 dissensione
3216 2721 3504 2791 persistct.
3536 2720 3585 2775 is

1995 2830 2245 2902 profecto
2287 2827 2492 2882 nullam
2541 2840 2647 2879 non
2691 2824 2947 2877 virtutem
2985 2817 3184 2871 habeat
3231 2826 3454 2868 necesse
3478 2820 3580 2865 est.

1994 2925 2065 2978 At
2098 2938 2227 2977 vero
2257 2917 2579 2975 mercenarii
2625 2913 2907 2985 plerique,
2952 2908 3098 2980 quod
3131 2907 3308 2976 ipsum
3338 2903 3585 2975 Tyrtaeus

1995 3017 2192 3073 cecinit
2215 3055 2229 3078 ,
2266 3014 2359 3069 ubi
2393 3010 2649 3067 hostilem
2680 3008 2735 3061 in
2760 3005 3039 3076 regionem
3070 2997 3417 3069 trajecerint,
3446 3004 3584 3050 stre—

1996 3125 2104 3166 nue
2133 3107 2455 3162 dimicantes
2509 3102 2737 3156 libenter
2783 3098 2839 3152 in
2888 3095 3030 3151 bello
3060 3092 3406 3154 moriuntur;
3443 3102 3580 3157 quo-

1995 3216 2116 3256 rum
2145 3208 2325 3253 tamen
2362 3193 2617 3266 permulti
2648 3188 2921 3254 audaces,
2958 3182 3210 3255 injuriosi
3234 3223 3248 3247 ,
3295 3189 3583 3236 contume-

1996 3293 2142 3356 liosi,
2172 3302 2336 3360 atque
2359 3286 2629 3351 omnium,
2647 3283 2692 3339 si
2714 3279 3077 3353 paucissimos
3107 3274 3367 3343 excipias,
3393 3286 3582 3325 amen-

1995 3380 2193 3437 tissimi
2224 3387 2371 3434 sunt.
2403 3374 2628 3437 Verum,
2653 3386 2763 3442 quo
2790 3368 3008 3424 tandem
3037 3372 3249 3436 spectat
3278 3377 3450 3434 genus
3477 3361 3581 3416 hoc

1996 3471 2283 3535 Orationis,
2316 3477 2413 3524 aut
2441 3465 2574 3538 quid
2607 3463 2819 3518 efﬁcere
2860 3474 2925 3515 ac
2950 3459 3329 3513 demonstrare
3358 3459 3584 3508 conten-

2093 3567 2116 3620 ?
2148 3564 2285 3618 lllud
2319 3560 2577 3616 nimirum
2621 3576 2641 3610 :-
2670 3570 2781 3627 prae
2805 3550 3020 3609 caeteris
3052 3548 3271 3620 quidem
3299 3561 3455 3610 eum,
3482 3543 3579 3613 qui

1992 3657 2138 3727 leges
2172 3654 2261 3708 hic
2295 3660 2515 3706 auctore
2543 3647 2677 3703 Jove
2705 3641 3032 3704 condiderit,
3064 3637 3156 3695 sed
3184 3646 3363 3691 tamen
3388 3648 3582 3704 quem-

1988 3749 2123 3803 libet
2152 3746 2317 3800 etiam
2345 3743 2534 3805 alium,
2584 3739 2676 3809 qui
2706 3735 2869 3791 modo
2900 3731 3168 3803 prodesse
3191 3728 3277 3782 vel
3304 3736 3583 3794 utcunque

1987 3842 2155 3906 volet,
2189 3837 2339 3892 aliud
2363 3835 2594 3889 omnino
2621 3830 2754 3884 nihil
2783 3828 2835 3883 in
2874 3824 3113 3881 ferendis
3141 3822 3373 3893 legibus,
3415 3834 3579 3889 quam

1988 3933 2246 3986 virtutem
2281 3927 2578 3986 maximam
2608 3937 2719 3994 prae
2747 3920 2924 3976 oculis
2953 3917 3288 3971 habiturum.
3352 3910 3450 3966 Est
3477 3926 3581 3965 au-

1995 4033 2103 4079 tem
2149 4023 2263 4076 haec
2306 4019 2500 4079 virtus,
2540 4024 2599 4069 ut
2646 4011 2925 4081 Theognis
2972 4010 3071 4075 ait,
3121 4007 3209 4060 illa
3261 4001 3584 4059 durioribus

1994 4115 2333 4184 Ietnporibus
2386 4109 2659 4172 ﬁdelitas,
2715 4119 2881 4173 quam
2948 4099 3243 4171 perfectam
3308 4094 3580 4166 justitiam

1992 4209 2191 4263 merito
2237 4201 2566 4260 nominaris.
2612 4217 2630 4249 ι
2668 4196 2800 4263 Qum
2831 4211 2953 4249 cum
3013 4189 3239 4247 salutari
3283 4186 3581 4258 Evangelio

1992 4298 2254 4370 praeclare
2322 4308 2457 4350 sane
2517 4290 2887 4352 com-enimut,
2962 4284 3055 4339 ubi
3118 4283 3377 4336 Servator
3441 4293 3581 4349 quo-

1992 4367 2102 4462 que
2142 4396 2326 4443 noster
2363 4381 2707 4454 prudentiam
2738 4395 2861 4433 cum
2890 4375 2994 4432 fide
3027 4372 3386 4457 conjungens,
3416 4367 3579 4441 575

1998 4493 2229 4552 utraque
2278 4477 2568 4550 pra'ditum
2620 4474 2737 4530 suis
2767 4473 2840 4526 ita
2886 4468 3068 4525 verbis
3112 4462 3464 4522 commendat
3514 4474 3580 4517 ac

1994 4576 2220 4646 probat:
2248 4591 2267 4624 ι
2304 4570 2437 4639 Quis
2462 4575 2621 4639 putas
2658 4565 2832 4620 fidelis
2860 4577 3052 4618 servus
3081 4570 3135 4615 et
3180 4558 3422 4630 prudens
3442 4554 3567 4608 “"io

1997 4669 2062 4725 Et
2112 4651 2347 4724 rursus:
2383 4681 2402 4714 ι
2460 4659 2629 4732 Euge,
2683 4675 2837 4714 serve
2883 4657 3024 4713 bone
3067 4665 3122 4710 et
3154 4651 3363 4716 fidelis,
3415 4660 3583 4718 super

1994 4775 2164 4835 pauca
2194 4755 2346 4811 fuisti
2386 4753 2589 4818 fidelis,
2613 4765 2782 4821 supra
2812 4750 2983 4803 multa
3011 4754 3063 4801 te
3094 4745 3425 4802 constituam
3461 4738 3568 4791 ἰ.»

308 4830 521 4937 Quibus
566 4868 787 4939 quidem
838 4868 1124 4926 manifeste
1155 4869 1415 4937 declarat,
1445 4883 1564 4924 eam
1606 4865 1709 4922 sibi
1738 4863 1957 4919 deruunt
1995 4830 2211 4925 probari
2252 4847 2437 4909 fidem,
2469 4858 2579 4898 non
2612 4857 2735 4914 qua:
2771 4854 3010 4939 praeceps
3146 4833 3455 4939 temeraria,
3476 4830 3572 4887 sed

309 4979 434 5034 quae
464 4964 756 5020 virtutibus
785 4965 1041 5020 maximis
1066 4966 1357 5035 conjuncta
1400 4929 1500 5028 sit,
1529 4960 1719 5032 quales
1747 4955 1938 5025 utique
1967 4942 2265 5020 prudentia:
2295 4956 2359 4994 ac
2388 4936 2675 5009 probitatis
2688 4929 3223 5035 nomine-intelligit.

836 5057 1235 5112 ΚΕΦΑΛΑΙΟΝ
1282 5057 1359 5113 I".

313 5148 435 5202 Ὅτι
462 5150 772 5203 πιστεύειν
799 5149 896 5204 δεῖ
929 5149 1055 5216 τοῖς
1098 5148 1233 5218 περὶ
1292 5148 1505 5219 ψυχῆς
1541 5144 1899 5219 λεγομένοις

383 5220 483 5273 καί
508 5219 631 5285 τοῖς
663 5219 876 5287 ἄλλοις
897 5219 1022 5286 τοῖς
1058 5217 1191 5287 περὶ
1215 5217 1335 5273 τῶν
1361 5217 1643 5274 τοιούτων
1660 5217 1888 5284 λόγοις,

381 5288 499 5344 ἀπὸ
525 5290 633 5345 τοῦ
671 5289 993 5345 ἑνδεκάτου
1022 5289 1141 5343 τῶν
1169 5291 1388 5361 Νόμων.

390 5400 410 5432 ι
447 5383 539 5447 Εἷς
561 5399 684 5435 τινα
714 5382 823 5456 γὰρ
842 5381 954 5453 (45)
987 5376 1081 5436 οὖν
1118 5398 1206 5453 μοι
1229 5383 1418 5454 καιρὸν
1447 5381 1747 5456 φαινόμεθα
1764 5383 1891 5447 τοὺς

386 5471 450 5503 ⁸⁸·
473 5472 665 5528 Matth.
693 5488 849 5563 xxiv,
872 5473 964 5528 45.
1039 5473 1084 5506 ³⁸
1119 5474 1252 5529 ibid.
1283 5474 1375 5529 2|.

387 5563 495 5705 ξέίζ
536 5564 776 5621 Οὐκοῦν
799 5565 872 5622 τὰ
892 5567 1066 5637 μετά.
1094 5565 1273 5632 Plato,
1308 5568 1464 5633 ibid.,
1498 5567 1603 5623 567
1653 5567 1849 5624 Ficini.

409 5630 473 5689 42
534 5634 761 5701 Πιστὸς
809 5637 981 5705 ἀνήρ.
1043 5636 1169 5693 Haec
1227 5638 1416 5693 eadem
1483 5637 1849 5695 Theodoretus

334 5704 369 5713 η
388 5630 761 5713 (ιὲδῇηιστός
791 5630 981 5713 ἀήθρ.
1043 5636 1203 5713 Haec“
1227 5630 1416 5713 eadem
1451 5630 1886 5713 ’Theodoretus,

312 5704 407 5779 lib.
441 5704 565 5779 ι’ῼε
596 5704 1085 5779 ειιναῃάεϐνὶεεον.
1120 5707 1480 5779 affectionib.,
1509 5724 1632 5779 pag,
1661 5709 1730 5765 15
1749 5747 1765 5774 ,
1795 5711 1888 5765 ubi

313 5773 721 5857 ἀγταρύσξώαι
746 5776 964 5857 legitur,
998 5793 1101 5847 pro
1129 5773 1889 5857 dgz‘epdsucrOai._Utrumque

314 5843 509 5912 placet.
543 5843 711 5903 Porro
745 5843 822 5903 ibi
862 5843 1126 5918 fides'pro
1167 5843 1423 5906 ﬁdelitate
1461 5848 1643 5919 potius
1688 5843 1887 5919 accipi-

1922 5052 1997 5110 υ.

2596 5026 2827 5083 CAPUT
2878 5023 2968 5080 Ill.

2006 5132 2086 5187 lis
2132 5144 2260 5202 quae
2301 5125 2604 5202 do‘animo,
2658 5120 3024 5202 similibusque
3081 5116 3354 5202 dicuntur,
3410 5112 3573 5181 [idem

2241 5198 2532 5252 habendam
2560 5185 2765 5259 esse,e.t:
2792 5185 2994 5261 Legum
3024 5185 3321 5240 undecimo.

2074 5378 2091 5410 ι
2134 5355 2262 5411 Mihi
2311 5351 2531 5425 quidem
2568 5356 2875 5419 opportune
2929 5343 3163 5411 videtur,
3194 5339 3374 5412 inquit
3398 5338 3573 5406 Plato,

1999 5585 2107 5642 tur,
2129 5589 2292 5645 quam
2326 5588 2390 5628 ea
2425 5572 2649 5645 virtute,
2684 5571 2827 5645 unde
2857 5568 3182 5645 Christianis
3210 5568 3446 5645 fidelium
3474 5584 3579 5645 no-

1999 5638 2121 5701 men
2149 5638 2496 5714 impositum.
2528 5640 2639 5697 Nec
2665 5642 2960 5714 alianmens
2991 5640 3213 5714 videtur
3233 5638 3579 5695 testimonio-

1996 5730 2142 5774 rum.
2171 5709 2293 5783 quae
2323 5713 2484 5783 paulo
2511 5721 2633 5783 post
2656 5728 2731 5783 _ex
2765 5710 3061 5783 Evangelio
3089 5709 3461 5783 proferuntur.

2068 5779 2464 5857 (45)“Εἵς’τυά
2494 5779 2624 5852 γάρ.
2655 5781 2830 5852 Plato,
2854 5779 2975 5852 [λῃ.
2999 5797 3054 5836 x1
3081 5820 3096 5848 ,
3128 5795 3180 5851 p.
3213 5780 3317 5835 680
3372 5779 3574 5838 Ficini.
