  <div class='ocr_page' id='page_1' title='image "/cluster/home/n/w/nwhite01/storage/ocr_20150623/21:no.3/coo.31924054873017/493.png"; bbox 0 0 4156 6408; ppageno 0'>
   <div class='ocr_carea' id='block_1_1' title="bbox 609 308 719 368">
    <p class='ocr_par' dir='ltr' id='par_1_1' title="bbox 609 308 719 368">
     <span class='ocr_line' id='line_1_1' title="bbox 609 308 719 368; baseline 0 -1"><span class='ocrx_word' id='word_1_1' title='bbox 609 308 719 368; x_wconf 80' lang='lat'><strong>055</strong></span> 
     </span>
    </p>
   </div>
   <div class='ocr_carea' id='block_1_2' title="bbox 1247 291 3220 361">
    <p class='ocr_par' dir='ltr' id='par_1_2' title="bbox 1247 291 3220 361">
     <span class='ocr_line' id='line_1_2' title="bbox 1247 291 3220 361; baseline -0.006 -2"><span class='ocrx_word' id='word_1_2' title='bbox 1247 301 1523 361; x_wconf 78' lang='lat' dir='ltr'><strong>EUSEBll</strong></span> <span class='ocrx_word' id='word_1_3' title='bbox 1560 296 2046 357; x_wconf 61' lang='lat' dir='ltr'><strong>CESAlllENSlS</strong></span> <span class='ocrx_word' id='word_1_4' title='bbox 2082 293 2235 353; x_wconf 82' lang='lat' dir='ltr'><strong>OPP.</strong></span> <span class='ocrx_word' id='word_1_5' title='bbox 2280 293 2463 351; x_wconf 70' lang='lat' dir='ltr'><strong>PARS</strong></span> <span class='ocrx_word' id='word_1_6' title='bbox 2499 292 2563 349; x_wconf 86' lang='lat' dir='ltr'><strong>ll.</strong></span> <span class='ocrx_word' id='word_1_7' title='bbox 2604 323 2675 335; x_wconf 86' lang='lat'><strong>-—</strong></span> <span class='ocrx_word' id='word_1_8' title='bbox 2711 291 3220 350; x_wconf 74' lang='lat' dir='ltr'><strong>APOLOGETICA.</strong></span> 
     </span>
    </p>
   </div>
   <div class='ocr_carea' id='block_1_3' title="bbox 3769 291 3873 350">
    <p class='ocr_par' dir='ltr' id='par_1_3' title="bbox 3769 291 3873 350">
     <span class='ocr_line' id='line_1_3' title="bbox 3769 291 3873 350; baseline 0.019 -2"><span class='ocrx_word' id='word_1_9' title='bbox 3769 291 3873 350; x_wconf 71' lang='lat'><strong>956</strong></span> 
     </span>
    </p>
   </div>
   <div class='ocr_carea' id='block_1_4' title="bbox 609 403 2187 494">
    <p class='ocr_par' dir='ltr' id='par_1_4' title="bbox 609 413 2181 494">
     <span class='ocr_line' id='line_1_4' title="bbox 609 413 2181 494; baseline -0.008 -18"><span class='ocrx_word' id='word_1_10' title='bbox 609 419 983 494; x_wconf 84' lang='lat' dir='ltr'><strong>superioribus</strong></span> <span class='ocrx_word' id='word_1_11' title='bbox 1014 435 1046 474; x_wconf 85' lang='lat' dir='ltr'><strong>a</strong></span> <span class='ocrx_word' id='word_1_12' title='bbox 1097 417 1256 475; x_wconf 85' lang='lat' dir='ltr'><strong>nobis</strong></span> <span class='ocrx_word' id='word_1_13' title='bbox 1305 415 1770 490; x_wconf 89' lang='lat' dir='ltr'><strong>disputationibus</strong></span> <span class='ocrx_word' id='word_1_14' title='bbox 1827 413 2181 470; x_wconf 88' lang='lat' dir='ltr'><strong>constitutum</strong></span> 
     </span>
    </p>
   </div>
   <div class='ocr_carea' id='block_1_5' title="bbox 2292 403 3851 494">
    <p class='ocr_par' dir='ltr' id='par_1_5' title="bbox 2292 403 3851 481">
     <span class='ocr_line' id='line_1_5' title="bbox 2292 403 3851 481; baseline -0.001 -19"><span class='ocrx_word' id='word_1_15' title='bbox 2292 408 2598 481; x_wconf 75' lang='grc' dir='ltr'>ἔμπροσθεν</span> <span class='ocrx_word' id='word_1_16' title='bbox 2626 407 2817 476; x_wconf 82' lang='grc' dir='ltr'><strong>λόγους</strong></span> <span class='ocrx_word' id='word_1_17' title='bbox 2848 404 3160 473; x_wconf 77' lang='grc' dir='ltr'><strong>διεξελθεῖν,</strong></span> <span class='ocrx_word' id='word_1_18' title='bbox 3192 404 3269 470; x_wconf 83' lang='grc' dir='ltr'>ὡς</span> <span class='ocrx_word' id='word_1_19' title='bbox 3296 404 3405 478; x_wconf 73' lang='grc' dir='ltr'>ἄρα</span> <span class='ocrx_word' id='word_1_20' title='bbox 3467 407 3524 458; x_wconf 88' lang='grc' dir='ltr'>αἰ</span> <span class='ocrx_word' id='word_1_21' title='bbox 3558 405 3668 460; x_wconf 82' lang='grc' dir='ltr'><strong>τῶν</strong></span> <span class='ocrx_word' id='word_1_22' title='bbox 3697 403 3851 461; x_wconf 88' lang='grc' dir='ltr'>τελευ</span> 
     </span>
    </p>
   </div>
   <div class='ocr_carea' id='block_1_6' title="bbox 611 510 2188 579">
    <p class='ocr_par' dir='ltr' id='par_1_6' title="bbox 611 510 2188 579">
     <span class='ocr_line' id='line_1_6' title="bbox 611 510 2188 579; baseline -0.008 -9"><span class='ocrx_word' id='word_1_23' title='bbox 611 514 665 570; x_wconf 93' lang='lat' dir='ltr'><strong>id</strong></span> <span class='ocrx_word' id='word_1_24' title='bbox 715 515 925 576; x_wconf 80' lang='lat' dir='ltr'><strong>fuisse,</strong></span> <span class='ocrx_word' id='word_1_25' title='bbox 975 510 1359 567; x_wconf 83' lang='lat' dir='ltr'><strong>defunctorum</strong></span> <span class='ocrx_word' id='word_1_26' title='bbox 1417 510 1654 574; x_wconf 88' lang='lat' dir='ltr'><strong>animos,</strong></span> <span class='ocrx_word' id='word_1_27' title='bbox 1710 514 2064 579; x_wconf 84' lang='lat' dir='ltr'><strong>posteaquam</strong></span> <span class='ocrx_word' id='word_1_28' title='bbox 2120 518 2188 558; x_wconf 80' lang='lat' dir='ltr'><strong>ex</strong></span> 
     </span>
    </p>
   </div>
   <div class='ocr_carea' id='block_1_7' title="bbox 610 594 2184 674">
    <p class='ocr_par' dir='ltr' id='par_1_7' title="bbox 610 594 2184 674">
     <span class='ocr_line' id='line_1_7' title="bbox 610 594 2184 674; baseline -0.008 -15"><span class='ocrx_word' id='word_1_29' title='bbox 610 621 841 674; x_wconf 85' lang='lat' dir='ltr'><strong>corpore</strong></span> <span class='ocrx_word' id='word_1_30' title='bbox 873 602 1250 673; x_wconf 79' lang='lat' dir='ltr'><strong>migraverint,</strong></span> <span class='ocrx_word' id='word_1_31' title='bbox 1290 617 1470 655; x_wconf 89' lang='lat' dir='ltr'><strong>rerum</strong></span> <span class='ocrx_word' id='word_1_32' title='bbox 1522 601 1885 655; x_wconf 85' lang='lat' dir='ltr'><strong>humanarum</strong></span> <span class='ocrx_word' id='word_1_33' title='bbox 1916 611 2104 651; x_wconf 88' lang='lat' dir='ltr'><strong>curam</strong></span> <span class='ocrx_word' id='word_1_34' title='bbox 2136 594 2184 647; x_wconf 92' lang='lat' dir='ltr'><strong>vi</strong></span> 
     </span>
    </p>
   </div>
   <div class='ocr_carea' id='block_1_8' title="bbox 608 687 2185 764">
    <p class='ocr_par' dir='ltr' id='par_1_8' title="bbox 608 687 2185 764">
     <span class='ocr_line' id='line_1_8' title="bbox 608 687 2185 764; baseline -0.006 -17"><span class='ocrx_word' id='word_1_35' title='bbox 608 697 842 764; x_wconf 87' lang='lat' dir='ltr'><strong>quadam</strong></span> <span class='ocrx_word' id='word_1_36' title='bbox 881 695 1097 763; x_wconf 81' lang='lat' dir='ltr'><strong>propria</strong></span> <span class='ocrx_word' id='word_1_37' title='bbox 1133 693 1435 762; x_wconf 85' lang='lat' dir='ltr'><strong>suscipere.</strong></span> <span class='ocrx_word' id='word_1_38' title='bbox 1486 690 1541 745; x_wconf 85' lang='lat' dir='ltr'><strong>ld</strong></span> <span class='ocrx_word' id='word_1_39' title='bbox 1577 690 1721 758; x_wconf 83' lang='lat' dir='ltr'><strong>quod</strong></span> <span class='ocrx_word' id='word_1_40' title='bbox 1754 687 2058 743; x_wconf 84' lang='lat' dir='ltr'><strong>rationibus</strong></span> <span class='ocrx_word' id='word_1_41' title='bbox 2093 701 2185 738; x_wconf 85' lang='lat' dir='ltr'><strong>ve-</strong></span> 
     </span>
    </p>
   </div>
   <div class='ocr_carea' id='block_1_9' title="bbox 609 780 2181 857">
    <p class='ocr_par' dir='ltr' id='par_1_9' title="bbox 609 780 2181 857">
     <span class='ocr_line' id='line_1_9' title="bbox 609 780 2181 857; baseline -0.006 -15"><span class='ocrx_word' id='word_1_42' title='bbox 609 790 685 843; x_wconf 87' lang='lat' dir='ltr'><strong>ris</strong></span> <span class='ocrx_word' id='word_1_43' title='bbox 740 790 848 843; x_wconf 87' lang='lat' dir='ltr'><strong>illis</strong></span> <span class='ocrx_word' id='word_1_44' title='bbox 896 788 1157 857; x_wconf 88' lang='lat' dir='ltr'><strong>quidem,</strong></span> <span class='ocrx_word' id='word_1_45' title='bbox 1214 786 1310 841; x_wconf 88' lang='lat' dir='ltr'><strong>sed</strong></span> <span class='ocrx_word' id='word_1_46' title='bbox 1362 785 1699 855; x_wconf 80' lang='lat' dir='ltr'><strong>longioribus</strong></span> <span class='ocrx_word' id='word_1_47' title='bbox 1753 780 1971 852; x_wconf 85' lang='lat' dir='ltr'><strong>probari</strong></span> <span class='ocrx_word' id='word_1_48' title='bbox 2025 781 2181 834; x_wconf 85' lang='lat' dir='ltr'><strong>solet.</strong></span> 
     </span>
    </p>
   </div>
   <div class='ocr_carea' id='block_1_10' title="bbox 610 873 2187 947">
    <p class='ocr_par' dir='ltr' id='par_1_10' title="bbox 610 873 2187 947">
     <span class='ocr_line' id='line_1_10' title="bbox 610 873 2187 947; baseline -0.006 -11"><span class='ocrx_word' id='word_1_49' title='bbox 610 882 810 937; x_wconf 80' lang='lat' dir='ltr'><strong>Verum</strong></span> <span class='ocrx_word' id='word_1_50' title='bbox 850 881 952 935; x_wconf 84' lang='lat' dir='ltr'><strong>hoc.</strong></span> <span class='ocrx_word' id='word_1_51' title='bbox 1000 879 1054 933; x_wconf 94' lang='lat' dir='ltr'><strong>in</strong></span> <span class='ocrx_word' id='word_1_52' title='bbox 1105 894 1320 946; x_wconf 71' lang='lat' dir='ltr'><strong>genere,</strong></span> <span class='ocrx_word' id='word_1_53' title='bbox 1373 894 1496 933; x_wconf 91' lang='lat' dir='ltr'><strong>cum</strong></span> <span class='ocrx_word' id='word_1_54' title='bbox 1528 879 1651 932; x_wconf 82' lang='lat' dir='ltr'><strong>aliis</strong></span> <span class='ocrx_word' id='word_1_55' title='bbox 1704 892 1825 947; x_wconf 85' lang='lat' dir='ltr'><strong>qme</strong></span> <span class='ocrx_word' id='word_1_56' title='bbox 1864 875 1966 929; x_wconf 90' lang='lat' dir='ltr'><strong>hac</strong></span> <span class='ocrx_word' id='word_1_57' title='bbox 2013 873 2081 929; x_wconf 89' lang='lat' dir='ltr'><strong>de</strong></span> <span class='ocrx_word' id='word_1_58' title='bbox 2126 888 2187 927; x_wconf 79' lang='lat' dir='ltr'><strong>re</strong></span> 
     </span>
    </p>
   </div>
   <div class='ocr_carea' id='block_1_11' title="bbox 608 965 2184 1043">
    <p class='ocr_par' dir='ltr' id='par_1_11' title="bbox 608 965 2184 1043">
     <span class='ocr_line' id='line_1_11' title="bbox 608 965 2184 1043; baseline -0.005 -16"><span class='ocrx_word' id='word_1_59' title='bbox 608 989 715 1027; x_wconf 87' lang='lat' dir='ltr'><strong>non</strong></span> <span class='ocrx_word' id='word_1_60' title='bbox 754 974 917 1043; x_wconf 79' lang='lat' dir='ltr'><strong>vulgo</strong></span> <span class='ocrx_word' id='word_1_61' title='bbox 965 980 1177 1025; x_wconf 90' lang='lat' dir='ltr'><strong>tantum</strong></span> <span class='ocrx_word' id='word_1_62' title='bbox 1228 980 1283 1024; x_wconf 79' lang='lat' dir='ltr'><strong>et</strong></span> <span class='ocrx_word' id='word_1_63' title='bbox 1320 970 1546 1040; x_wconf 83' lang='lat' dir='ltr'><strong>passim,</strong></span> <span class='ocrx_word' id='word_1_64' title='bbox 1586 969 1679 1025; x_wconf 90' lang='lat' dir='ltr'><strong>sed</strong></span> <span class='ocrx_word' id='word_1_65' title='bbox 1719 967 1882 1021; x_wconf 84' lang='lat' dir='ltr'><strong>etiam</strong></span> <span class='ocrx_word' id='word_1_66' title='bbox 1934 982 2000 1020; x_wconf 80' lang='lat' dir='ltr'><strong>ex</strong></span> <span class='ocrx_word' id='word_1_67' title='bbox 2036 965 2184 1019; x_wconf 91' lang='lat' dir='ltr'><strong>omni</strong></span> 
     </span>
    </p>
   </div>
   <div class='ocr_carea' id='block_1_12' title="bbox 608 1055 2182 1127">
    <p class='ocr_par' dir='ltr' id='par_1_12' title="bbox 608 1055 2182 1127">
     <span class='ocr_line' id='line_1_12' title="bbox 608 1055 2182 1127; baseline -0.006 -9"><span class='ocrx_word' id='word_1_68' title='bbox 608 1064 871 1118; x_wconf 81' lang='lat' dir='ltr'><strong>memoria</strong></span> <span class='ocrx_word' id='word_1_69' title='bbox 924 1062 1292 1127; x_wconf 66' lang='lat' dir='ltr'><strong>celebrantur,</strong></span> <span class='ocrx_word' id='word_1_70' title='bbox 1343 1061 1589 1114; x_wconf 80' lang='lat' dir='ltr'><strong>habenda</strong></span> <span class='ocrx_word' id='word_1_71' title='bbox 1643 1059 1820 1125; x_wconf 89' lang='lat' dir='ltr'><strong>lidcs;</strong></span> <span class='ocrx_word' id='word_1_72' title='bbox 1872 1066 1983 1111; x_wconf 86' lang='lat' dir='ltr'><strong>tum</strong></span> <span class='ocrx_word' id='word_1_73' title='bbox 2018 1055 2182 1110; x_wconf 89' lang='lat' dir='ltr'><strong>etiam</strong></span> 
     </span>
    </p>
   </div>
   <div class='ocr_carea' id='block_1_13' title="bbox 608 1151 2186 1226">
    <p class='ocr_par' dir='ltr' id='par_1_13' title="bbox 608 1151 2186 1226">
     <span class='ocr_line' id='line_1_13' title="bbox 608 1151 2186 1226; baseline -0.004 -16"><span class='ocrx_word' id='word_1_74' title='bbox 608 1154 1010 1226; x_wconf 81' lang='lat' dir='ltr'><strong>legislatoribus</strong></span> <span class='ocrx_word' id='word_1_75' title='bbox 1070 1152 1144 1207; x_wconf 83' lang='lat' dir='ltr'><strong>ita</strong></span> <span class='ocrx_word' id='word_1_76' title='bbox 1203 1153 1611 1215; x_wconf 87' lang='lat' dir='ltr'><strong>statuentihus,</strong></span> <span class='ocrx_word' id='word_1_77' title='bbox 1679 1151 1782 1206; x_wconf 89' lang='lat' dir='ltr'><strong>nisi</strong></span> <span class='ocrx_word' id='word_1_78' title='bbox 1853 1158 2039 1203; x_wconf 84' lang='lat' dir='ltr'><strong>tamen</strong></span> <span class='ocrx_word' id='word_1_79' title='bbox 2091 1162 2186 1203; x_wconf 87' lang='lat' dir='ltr'><strong>eos</strong></span> 
     </span>
    </p>
   </div>
   <div class='ocr_carea' id='block_1_14' title="bbox 608 1238 2182 1309">
    <p class='ocr_par' dir='ltr' id='par_1_14' title="bbox 608 1238 2182 1309">
     <span class='ocr_line' id='line_1_14' title="bbox 608 1238 2182 1309; baseline -0.006 -9"><span class='ocrx_word' id='word_1_80' title='bbox 608 1255 853 1301; x_wconf 87' lang='lat' dir='ltr'><strong>amentes</strong></span> <span class='ocrx_word' id='word_1_81' title='bbox 882 1244 1108 1300; x_wconf 87' lang='lat' dir='ltr'><strong>omnino</strong></span> <span class='ocrx_word' id='word_1_82' title='bbox 1141 1243 1312 1299; x_wconf 79' lang='lat' dir='ltr'><strong>fuisse</strong></span> <span class='ocrx_word' id='word_1_83' title='bbox 1347 1244 1499 1298; x_wconf 85' lang='lat' dir='ltr'><strong>velis.</strong></span> <span class='ocrx_word' id='word_1_84' title='bbox 1544 1262 1563 1295; x_wconf 74' lang='grc' dir='ltr'><strong>ι</strong></span> <span class='ocrx_word' id='word_1_85' title='bbox 1616 1239 1740 1296; x_wconf 66' lang='grc' dir='ltr'>Πιεο</span> <span class='ocrx_word' id='word_1_86' title='bbox 1770 1241 1945 1294; x_wconf 83' lang='lat' dir='ltr'><strong>Plato.</strong></span> <span class='ocrx_word' id='word_1_87' title='bbox 1996 1238 2182 1309; x_wconf 84' lang='lat' dir='ltr'><strong>Atqui,</strong></span> 
     </span>
    </p>
   </div>
   <div class='ocr_carea' id='block_1_15' title="bbox 606 1330 2183 1403">
    <p class='ocr_par' dir='ltr' id='par_1_15' title="bbox 606 1330 2183 1403">
     <span class='ocr_line' id='line_1_15' title="bbox 606 1330 2183 1403; baseline -0.003 -13"><span class='ocrx_word' id='word_1_88' title='bbox 606 1334 1040 1390; x_wconf 66' lang='lat' dir='ltr'><strong>Machabazornm</strong></span> <span class='ocrx_word' id='word_1_89' title='bbox 1091 1335 1256 1403; x_wconf 83' lang='lat' dir='ltr'><strong>etiam</strong></span> <span class='ocrx_word' id='word_1_90' title='bbox 1295 1335 1352 1389; x_wconf 92' lang='lat' dir='ltr'><strong>in</strong></span> <span class='ocrx_word' id='word_1_91' title='bbox 1389 1334 1545 1395; x_wconf 89' lang='lat' dir='ltr'><strong>libro,</strong></span> <span class='ocrx_word' id='word_1_92' title='bbox 1583 1334 1736 1387; x_wconf 90' lang='lat' dir='ltr'><strong>visus</strong></span> <span class='ocrx_word' id='word_1_93' title='bbox 1798 1331 2064 1387; x_wconf 84' lang='lat' dir='ltr'><strong>Jeremias</strong></span> <span class='ocrx_word' id='word_1_94' title='bbox 2101 1330 2183 1385; x_wconf 80' lang='lat' dir='ltr'><strong>di-</strong></span> 
     </span>
    </p>
   </div>
   <div class='ocr_carea' id='block_1_16' title="bbox 607 1426 2188 1497">
    <p class='ocr_par' dir='ltr' id='par_1_16' title="bbox 607 1426 2188 1497">
     <span class='ocr_line' id='line_1_16' title="bbox 607 1426 2188 1497; baseline -0.003 -15"><span class='ocrx_word' id='word_1_95' title='bbox 607 1427 772 1489; x_wconf 89' lang='lat' dir='ltr'><strong>citur.</strong></span> <span class='ocrx_word' id='word_1_96' title='bbox 803 1443 930 1483; x_wconf 89' lang='lat' dir='ltr'><strong>cum</strong></span> <span class='ocrx_word' id='word_1_97' title='bbox 976 1427 1089 1482; x_wconf 87' lang='lat' dir='ltr'><strong>vita</strong></span> <span class='ocrx_word' id='word_1_98' title='bbox 1122 1427 1233 1497; x_wconf 86' lang='lat' dir='ltr'><strong>jam</strong></span> <span class='ocrx_word' id='word_1_99' title='bbox 1286 1426 1506 1481; x_wconf 81' lang='lat' dir='ltr'><strong>functus</strong></span> <span class='ocrx_word' id='word_1_100' title='bbox 1548 1435 1715 1489; x_wconf 86' lang='lat' dir='ltr'><strong>esset,</strong></span> <span class='ocrx_word' id='word_1_101' title='bbox 1756 1440 1915 1480; x_wconf 90' lang='lat' dir='ltr'><strong>orare</strong></span> <span class='ocrx_word' id='word_1_102' title='bbox 1959 1439 2058 1495; x_wconf 93' lang='lat' dir='ltr'><strong>pro</strong></span> <span class='ocrx_word' id='word_1_103' title='bbox 2087 1438 2188 1493; x_wconf 77' lang='lat' dir='ltr'><strong>po—</strong></span> 
     </span>
    </p>
   </div>
   <div class='ocr_carea' id='block_1_17' title="bbox 607 1516 2181 1596">
    <p class='ocr_par' dir='ltr' id='par_1_17' title="bbox 607 1516 2181 1596">
     <span class='ocr_line' id='line_1_17' title="bbox 607 1516 2181 1596; baseline -0.003 -23"><span class='ocrx_word' id='word_1_104' title='bbox 607 1520 739 1591; x_wconf 88' lang='lat' dir='ltr'><strong>pulo</strong></span> <span class='ocrx_word' id='word_1_105' title='bbox 761 1519 855 1583; x_wconf 82' lang='grc'>⁵¹⁶,</span> <span class='ocrx_word' id='word_1_106' title='bbox 889 1519 1048 1589; x_wconf 89' lang='lat' dir='ltr'><strong>quasi</strong></span> <span class='ocrx_word' id='word_1_107' title='bbox 1087 1519 1368 1596; x_wconf 83' lang='lat' dir='ltr'><strong>hominum</strong></span> <span class='ocrx_word' id='word_1_108' title='bbox 1397 1519 1576 1574; x_wconf 85' lang='lat' dir='ltr'><strong>adhuc</strong></span> <span class='ocrx_word' id='word_1_109' title='bbox 1598 1518 1651 1571; x_wconf 91' lang='lat' dir='ltr'><strong>in</strong></span> <span class='ocrx_word' id='word_1_110' title='bbox 1683 1517 1841 1573; x_wconf 90' lang='lat' dir='ltr'><strong>terris</strong></span> <span class='ocrx_word' id='word_1_111' title='bbox 1873 1516 2181 1585; x_wconf 74' lang='lat' dir='ltr'><strong>degentium</strong></span> 
     </span>
    </p>
   </div>
   <div class='ocr_carea' id='block_1_18' title="bbox 606 1610 2185 1682">
    <p class='ocr_par' dir='ltr' id='par_1_18' title="bbox 606 1610 2185 1682">
     <span class='ocr_line' id='line_1_18' title="bbox 606 1610 2185 1682; baseline -0.002 -16"><span class='ocrx_word' id='word_1_112' title='bbox 606 1611 769 1669; x_wconf 87' lang='lat' dir='ltr'><strong>saluti</strong></span> <span class='ocrx_word' id='word_1_113' title='bbox 803 1612 1159 1682; x_wconf 87' lang='lat' dir='ltr'><strong>prospiceret.</strong></span> <span class='ocrx_word' id='word_1_114' title='bbox 1204 1611 1415 1679; x_wconf 84' lang='lat' dir='ltr'><strong>Quibus</strong></span> <span class='ocrx_word' id='word_1_115' title='bbox 1447 1610 1600 1666; x_wconf 86' lang='lat' dir='ltr'><strong>Plato</strong></span> <span class='ocrx_word' id='word_1_116' title='bbox 1629 1611 1787 1665; x_wconf 81' lang='lat' dir='ltr'><strong>(idem</strong></span> <span class='ocrx_word' id='word_1_117' title='bbox 1818 1610 2185 1664; x_wconf 74' lang='lat' dir='ltr'><strong>adhibendam</strong></span> 
     </span>
    </p>
   </div>
   <div class='ocr_carea' id='block_1_19' title="bbox 605 1704 1090 1775">
    <p class='ocr_par' dir='ltr' id='par_1_19' title="bbox 605 1704 1090 1775">
     <span class='ocr_line' id='line_1_19' title="bbox 605 1704 1090 1775; baseline -0.004 -14"><span class='ocrx_word' id='word_1_118' title='bbox 605 1719 727 1762; x_wconf 86' lang='lat' dir='ltr'><strong>esse</strong></span> <span class='ocrx_word' id='word_1_119' title='bbox 754 1704 1090 1775; x_wconf 85' lang='lat' dir='ltr'><strong>pronuntiat.</strong></span> 
     </span>
    </p>
   </div>
   <div class='ocr_carea' id='block_1_20' title="bbox 1221 1817 1571 1875">
    <p class='ocr_par' dir='ltr' id='par_1_20' title="bbox 1221 1817 1571 1875">
     <span class='ocr_line' id='line_1_20' title="bbox 1221 1817 1571 1875; baseline 0.006 -2"><span class='ocrx_word' id='word_1_120' title='bbox 1221 1817 1450 1874; x_wconf 74' lang='lat' dir='ltr'><strong>CAPUT</strong></span> <span class='ocrx_word' id='word_1_121' title='bbox 1482 1817 1571 1875; x_wconf 80' lang='lat' dir='ltr'><strong>IV.</strong></span> 
     </span>
    </p>
   </div>
   <div class='ocr_carea' id='block_1_21' title="bbox 606 1926 2190 2001">
    <p class='ocr_par' dir='ltr' id='par_1_21' title="bbox 606 1926 2190 2001">
     <span class='ocr_line' id='line_1_21' title="bbox 606 1926 2190 2001; baseline 0.001 -19"><span class='ocrx_word' id='word_1_122' title='bbox 606 1926 945 1983; x_wconf 72' lang='lat' dir='ltr'><strong>F&#39;abularum</strong></span> <span class='ocrx_word' id='word_1_123' title='bbox 1007 1931 1197 2001; x_wconf 75' lang='lat' dir='ltr'><strong>specie.</strong></span> <span class='ocrx_word' id='word_1_124' title='bbox 1238 1948 1521 1999; x_wconf 83' lang='lat' dir='ltr'><strong>puerorum</strong></span> <span class='ocrx_word' id='word_1_125' title='bbox 1574 1932 1781 1985; x_wconf 79' lang='lat' dir='ltr'><strong>animos</strong></span> <span class='ocrx_word' id='word_1_126' title='bbox 1812 1931 1999 2001; x_wconf 74' lang='lat' dir='ltr'><strong>primis</strong></span> <span class='ocrx_word' id='word_1_127' title='bbox 2050 1946 2190 1999; x_wconf 81' lang='lat' dir='ltr'><strong>pra:-</strong></span> 
     </span>
    </p>
   </div>
   <div class='ocr_carea' id='block_1_22' title="bbox 675 2000 2191 2126">
    <p class='ocr_par' dir='ltr' id='par_1_22' title="bbox 675 2000 2191 2126">
     <span class='ocr_line' id='line_1_22' title="bbox 675 2000 2191 2125; baseline 0.004 -75"><span class='ocrx_word' id='word_1_128' title='bbox 675 2001 1001 2125; x_wconf 56' lang='grc' dir='ltr'>ἱῖριίοιιὶὺιιε</span> <span class='ocrx_word' id='word_1_129' title='bbox 1029 2000 1442 2071; x_wconf 59' lang='lat' dir='ltr'><strong>informandus,</strong></span> <span class='ocrx_word' id='word_1_130' title='bbox 1512 2019 1578 2057; x_wconf 57' lang='lat' dir='ltr'><strong>ea:</strong></span> <span class='ocrx_word' id='word_1_131' title='bbox 1622 2003 1850 2058; x_wconf 78' lang='lat' dir='ltr'><strong>secundo</strong></span> <span class='ocrx_word' id='word_1_132' title='bbox 1913 2000 1986 2056; x_wconf 87' lang='lat' dir='ltr'><strong>De</strong></span> <span class='ocrx_word' id='word_1_133' title='bbox 2027 2017 2191 2071; x_wconf 87' lang='lat' dir='ltr'><strong>repu-</strong></span> 
     </span>
     <span class='ocr_line' id='line_1_23' title="bbox 736 2086 837 2126; baseline 0 -1"><span class='ocrx_word' id='word_1_134' title='bbox 736 2086 837 2126; x_wconf 79' lang='lat' dir='ltr'><strong>lca.</strong></span> 
     </span>
    </p>
   </div>
   <div class='ocr_carea' id='block_1_23' title="bbox 679 2180 2187 2257">
    <p class='ocr_par' dir='ltr' id='par_1_23' title="bbox 679 2180 2187 2257">
     <span class='ocr_line' id='line_1_24' title="bbox 679 2180 2187 2257; baseline 0.003 -24"><span class='ocrx_word' id='word_1_135' title='bbox 679 2199 701 2233; x_wconf 71' lang='grc' dir='ltr'><strong>ι</strong></span> <span class='ocrx_word' id='word_1_136' title='bbox 729 2180 1049 2238; x_wconf 88' lang='lat' dir='ltr'><strong>Orationum</strong></span> <span class='ocrx_word' id='word_1_137' title='bbox 1083 2184 1463 2255; x_wconf 80' lang='lat' dir='ltr'><strong>porre,inquit</strong></span> <span class='ocrx_word' id='word_1_138' title='bbox 1491 2184 1655 2251; x_wconf 90' lang='lat' dir='ltr'><strong>idem,</strong></span> <span class='ocrx_word' id='word_1_139' title='bbox 1678 2200 1877 2257; x_wconf 76' lang='lat' dir='ltr'><strong>genera</strong></span> <span class='ocrx_word' id='word_1_140' title='bbox 1902 2185 2011 2240; x_wconf 89' lang='lat' dir='ltr'><strong>duo</strong></span> <span class='ocrx_word' id='word_1_141' title='bbox 2039 2194 2187 2253; x_wconf 91' lang='lat' dir='ltr'><strong>sunt,</strong></span> 
     </span>
    </p>
   </div>
   <div class='ocr_carea' id='block_1_24' title="bbox 605 2271 2191 2344">
    <p class='ocr_par' dir='ltr' id='par_1_24' title="bbox 605 2271 2191 2344">
     <span class='ocr_line' id='line_1_25' title="bbox 605 2271 2191 2344; baseline 0.003 -19"><span class='ocrx_word' id='word_1_142' title='bbox 605 2286 795 2327; x_wconf 89' lang='lat' dir='ltr'><strong>verum</strong></span> <span class='ocrx_word' id='word_1_143' title='bbox 828 2281 883 2327; x_wconf 92' lang='lat' dir='ltr'><strong>et</strong></span> <span class='ocrx_word' id='word_1_144' title='bbox 914 2271 1131 2328; x_wconf 79' lang='lat' dir='ltr'><strong>falsum.</strong></span> <span class='ocrx_word' id='word_1_145' title='bbox 1177 2273 1255 2328; x_wconf 88' lang='lat' dir='ltr'><strong>Ita</strong></span> <span class='ocrx_word' id='word_1_146' title='bbox 1289 2283 1390 2329; x_wconf 91' lang='lat' dir='ltr'><strong>est.</strong></span> <span class='ocrx_word' id='word_1_147' title='bbox 1427 2275 1495 2328; x_wconf 89' lang='lat' dir='ltr'><strong>Et</strong></span> <span class='ocrx_word' id='word_1_148' title='bbox 1542 2283 1772 2344; x_wconf 91' lang='lat' dir='ltr'><strong>utroque</strong></span> <span class='ocrx_word' id='word_1_149' title='bbox 1809 2289 1944 2343; x_wconf 91' lang='lat' dir='ltr'><strong>puer</strong></span> <span class='ocrx_word' id='word_1_150' title='bbox 1982 2274 2062 2329; x_wconf 87' lang='lat' dir='ltr'><strong>sic</strong></span> <span class='ocrx_word' id='word_1_151' title='bbox 2106 2275 2191 2329; x_wconf 87' lang='lat' dir='ltr'><strong>in-</strong></span> 
     </span>
    </p>
   </div>
   <div class='ocr_carea' id='block_1_25' title="bbox 605 2358 2189 2429">
    <p class='ocr_par' dir='ltr' id='par_1_25' title="bbox 605 2358 2189 2429">
     <span class='ocr_line' id='line_1_26' title="bbox 605 2358 2189 2429; baseline 0.003 -15"><span class='ocrx_word' id='word_1_152' title='bbox 605 2358 929 2415; x_wconf 76' lang='lat' dir='ltr'><strong>formandus</strong></span> <span class='ocrx_word' id='word_1_153' title='bbox 973 2361 1094 2423; x_wconf 89' lang='lat' dir='ltr'><strong>erit,</strong></span> <span class='ocrx_word' id='word_1_154' title='bbox 1133 2369 1191 2415; x_wconf 92' lang='lat' dir='ltr'><strong>ut</strong></span> <span class='ocrx_word' id='word_1_155' title='bbox 1236 2360 1450 2415; x_wconf 90' lang='lat' dir='ltr'><strong>initium</strong></span> <span class='ocrx_word' id='word_1_156' title='bbox 1504 2377 1536 2416; x_wconf 86' lang='lat' dir='ltr'><strong>a</strong></span> <span class='ocrx_word' id='word_1_157' title='bbox 1570 2360 1709 2416; x_wconf 89' lang='lat' dir='ltr'><strong>l&#39;also</strong></span> <span class='ocrx_word' id='word_1_158' title='bbox 1757 2362 2010 2418; x_wconf 89' lang='lat' dir='ltr'><strong>ducatur.</strong></span> <span class='ocrx_word' id='word_1_159' title='bbox 2047 2362 2189 2429; x_wconf 84' lang='lat' dir='ltr'><strong>Quid</strong></span> 
     </span>
    </p>
   </div>
   <div class='ocr_carea' id='block_1_26' title="bbox 607 2450 2187 2523">
    <p class='ocr_par' dir='ltr' id='par_1_26' title="bbox 607 2450 2187 2523">
     <span class='ocr_line' id='line_1_27' title="bbox 607 2450 2187 2523; baseline 0.003 -20"><span class='ocrx_word' id='word_1_160' title='bbox 607 2450 747 2504; x_wconf 82' lang='lat' dir='ltr'><strong>velis</strong></span> <span class='ocrx_word' id='word_1_161' title='bbox 777 2450 1026 2519; x_wconf 86' lang='lat' dir='ltr'><strong>equidem</strong></span> <span class='ocrx_word' id='word_1_162' title='bbox 1057 2467 1164 2504; x_wconf 93' lang='lat' dir='ltr'><strong>non</strong></span> <span class='ocrx_word' id='word_1_163' title='bbox 1196 2451 1332 2506; x_wconf 85' lang='lat' dir='ltr'><strong>satis</strong></span> <span class='ocrx_word' id='word_1_164' title='bbox 1361 2450 1621 2522; x_wconf 81' lang='lat' dir='ltr'><strong>intelligo.</strong></span> <span class='ocrx_word' id='word_1_165' title='bbox 1655 2450 1735 2505; x_wconf 86' lang='lat' dir='ltr'><strong>Tu</strong></span> <span class='ocrx_word' id='word_1_166' title='bbox 1759 2469 1908 2515; x_wconf 86' lang='lat' dir='ltr'><strong>vero,</strong></span> <span class='ocrx_word' id='word_1_167' title='bbox 1941 2453 2187 2523; x_wconf 86' lang='lat' dir='ltr'><strong>inquam,</strong></span> 
     </span>
    </p>
   </div>
   <div class='ocr_carea' id='block_1_27' title="bbox 605 2541 2187 2617">
    <p class='ocr_par' dir='ltr' id='par_1_27' title="bbox 605 2541 2187 2617">
     <span class='ocr_line' id='line_1_28' title="bbox 605 2541 2187 2617; baseline 0.004 -22"><span class='ocrx_word' id='word_1_168' title='bbox 605 2554 717 2595; x_wconf 86' lang='lat' dir='ltr'><strong>non</strong></span> <span class='ocrx_word' id='word_1_169' title='bbox 748 2541 1003 2612; x_wconf 66' lang='lat' dir='ltr'><strong>intelligis</strong></span> <span class='ocrx_word' id='word_1_170' title='bbox 1029 2542 1240 2598; x_wconf 80' lang='lat' dir='ltr'><strong>fabulas</strong></span> <span class='ocrx_word' id='word_1_171' title='bbox 1269 2558 1299 2598; x_wconf 89' lang='lat' dir='ltr'><strong>a</strong></span> <span class='ocrx_word' id='word_1_172' title='bbox 1330 2544 1488 2599; x_wconf 84' lang='lat' dir='ltr'><strong>nobis</strong></span> <span class='ocrx_word' id='word_1_173' title='bbox 1527 2544 1762 2611; x_wconf 87' lang='lat' dir='ltr'><strong>primum</strong></span> <span class='ocrx_word' id='word_1_174' title='bbox 1789 2544 1952 2617; x_wconf 74' lang='lat'><strong>576</strong></span> <span class='ocrx_word' id='word_1_175' title='bbox 1977 2547 2187 2601; x_wconf 86' lang='lat' dir='ltr'><strong>narrari</strong></span> 
     </span>
    </p>
   </div>
   <div class='ocr_carea' id='block_1_28' title="bbox 605 2633 2188 2706">
    <p class='ocr_par' dir='ltr' id='par_1_28' title="bbox 605 2633 2188 2706">
     <span class='ocr_line' id='line_1_29' title="bbox 605 2633 2188 2706; baseline 0.003 -20"><span class='ocrx_word' id='word_1_176' title='bbox 605 2633 792 2702; x_wconf 88' lang='lat' dir='ltr'><strong>pueris</strong></span> <span class='ocrx_word' id='word_1_177' title='bbox 822 2634 996 2689; x_wconf 88' lang='lat' dir='ltr'><strong>solere</strong></span> <span class='ocrx_word' id='word_1_178' title='bbox 1025 2652 1040 2690; x_wconf 91' lang='lat'><strong>:</strong></span> <span class='ocrx_word' id='word_1_179' title='bbox 1072 2635 1216 2704; x_wconf 82' lang='lat' dir='ltr'><strong>quod</strong></span> <span class='ocrx_word' id='word_1_180' title='bbox 1246 2650 1376 2690; x_wconf 85' lang='lat' dir='ltr'><strong>sane</strong></span> <span class='ocrx_word' id='word_1_181' title='bbox 1403 2651 1595 2706; x_wconf 70' lang='lat' dir='ltr'><strong>genus,</strong></span> <span class='ocrx_word' id='word_1_182' title='bbox 1622 2645 1675 2691; x_wconf 86' lang='lat' dir='ltr'><strong>ut</strong></span> <span class='ocrx_word' id='word_1_183' title='bbox 1703 2637 1949 2691; x_wconf 84' lang='lat' dir='ltr'><strong>universe</strong></span> <span class='ocrx_word' id='word_1_184' title='bbox 1976 2639 2188 2706; x_wconf 85' lang='lat' dir='ltr'><strong>loquar,</strong></span> 
     </span>
    </p>
   </div>
   <div class='ocr_carea' id='block_1_29' title="bbox 605 2718 2189 2793">
    <p class='ocr_par' dir='ltr' id='par_1_29' title="bbox 605 2718 2189 2793">
     <span class='ocr_line' id='line_1_30' title="bbox 605 2718 2189 2793; baseline 0.004 -17"><span class='ocrx_word' id='word_1_185' title='bbox 605 2722 663 2776; x_wconf 90' lang='lat' dir='ltr'><strong>in</strong></span> <span class='ocrx_word' id='word_1_186' title='bbox 695 2720 834 2778; x_wconf 81' lang='lat' dir='ltr'><strong>falso</strong></span> <span class='ocrx_word' id='word_1_187' title='bbox 855 2739 1021 2793; x_wconf 89' lang='lat' dir='ltr'><strong>prope</strong></span> <span class='ocrx_word' id='word_1_188' title='bbox 1049 2736 1313 2790; x_wconf 87' lang='lat' dir='ltr'><strong>versatur,</strong></span> <span class='ocrx_word' id='word_1_189' title='bbox 1349 2729 1560 2780; x_wconf 80' lang='lat' dir='ltr'><strong>tametsi</strong></span> <span class='ocrx_word' id='word_1_190' title='bbox 1586 2727 1717 2783; x_wconf 89' lang='lat' dir='ltr'><strong>huic</strong></span> <span class='ocrx_word' id='word_1_191' title='bbox 1745 2728 1855 2783; x_wconf 84' lang='lat' dir='ltr'><strong>veri</strong></span> <span class='ocrx_word' id='word_1_192' title='bbox 1890 2728 2053 2782; x_wconf 90' lang='lat' dir='ltr'><strong>etiam</strong></span> <span class='ocrx_word' id='word_1_193' title='bbox 2087 2718 2189 2783; x_wconf 87' lang='lat' dir='ltr'><strong>ali-</strong></span> 
     </span>
    </p>
   </div>
   <div class='ocr_carea' id='block_1_30' title="bbox 603 2814 2187 2890">
    <p class='ocr_par' dir='ltr' id='par_1_30' title="bbox 603 2814 2187 2890">
     <span class='ocr_line' id='line_1_31' title="bbox 603 2814 2187 2890; baseline 0.005 -23"><span class='ocrx_word' id='word_1_194' title='bbox 603 2814 737 2884; x_wconf 89' lang='lat' dir='ltr'><strong>quid</strong></span> <span class='ocrx_word' id='word_1_195' title='bbox 776 2830 1061 2885; x_wconf 87' lang='lat' dir='ltr'><strong>aspersum</strong></span> <span class='ocrx_word' id='word_1_196' title='bbox 1092 2826 1195 2872; x_wconf 91' lang='lat' dir='ltr'><strong>est.</strong></span> <span class='ocrx_word' id='word_1_197' title='bbox 1229 2816 1437 2873; x_wconf 85' lang='lat' dir='ltr'><strong>Pueros</strong></span> <span class='ocrx_word' id='word_1_198' title='bbox 1465 2826 1647 2873; x_wconf 90' lang='lat' dir='ltr'><strong>autem</strong></span> <span class='ocrx_word' id='word_1_199' title='bbox 1679 2819 1732 2873; x_wconf 91' lang='lat' dir='ltr'><strong>iu</strong></span> <span class='ocrx_word' id='word_1_200' title='bbox 1766 2818 1967 2875; x_wconf 77' lang='lat' dir='ltr'><strong>fabulis</strong></span> <span class='ocrx_word' id='word_1_201' title='bbox 2012 2822 2187 2890; x_wconf 88' lang='lat' dir='ltr'><strong>prius,</strong></span> 
     </span>
    </p>
   </div>
   <div class='ocr_carea' id='block_1_31' title="bbox 610 2904 2183 2975">
    <p class='ocr_par' dir='ltr' id='par_1_31' title="bbox 610 2904 2183 2975">
     <span class='ocr_line' id='line_1_32' title="bbox 610 2904 2183 2975; baseline 0.004 -19"><span class='ocrx_word' id='word_1_202' title='bbox 610 2916 776 2971; x_wconf 89' lang='lat' dir='ltr'><strong>quam</strong></span> <span class='ocrx_word' id='word_1_203' title='bbox 801 2904 857 2957; x_wconf 90' lang='lat' dir='ltr'><strong>in</strong></span> <span class='ocrx_word' id='word_1_204' title='bbox 895 2905 1196 2975; x_wconf 71' lang='lat' dir='ltr'><strong>gymnasiis</strong></span> <span class='ocrx_word' id='word_1_205' title='bbox 1234 2921 1583 2962; x_wconf 77' lang='lat' dir='ltr'><strong>exercemus.</strong></span> <span class='ocrx_word' id='word_1_206' title='bbox 1628 2906 1790 2962; x_wconf 82' lang='lat' dir='ltr'><strong>Sane.</strong></span> <span class='ocrx_word' id='word_1_207' title='bbox 1831 2927 1850 2961; x_wconf 76' lang='grc' dir='ltr'><strong>ι</strong></span> <span class='ocrx_word' id='word_1_208' title='bbox 1881 2907 1957 2963; x_wconf 84' lang='lat' dir='ltr'><strong>Ita</strong></span> <span class='ocrx_word' id='word_1_209' title='bbox 2009 2908 2183 2964; x_wconf 88' lang='lat' dir='ltr'><strong>Plato.</strong></span> 
     </span>
    </p>
   </div>
   <div class='ocr_carea' id='block_1_32' title="bbox 608 2992 2185 3066">
    <p class='ocr_par' dir='ltr' id='par_1_32' title="bbox 608 2992 2185 3066">
     <span class='ocr_line' id='line_1_33' title="bbox 608 2992 2185 3066; baseline 0.006 -17"><span class='ocrx_word' id='word_1_210' title='bbox 608 2992 871 3050; x_wconf 86' lang='lat' dir='ltr'><strong>Similiter</strong></span> <span class='ocrx_word' id='word_1_211' title='bbox 928 2995 1171 3053; x_wconf 70' lang='lat' dir='ltr'><strong>Hebraeis</strong></span> <span class='ocrx_word' id='word_1_212' title='bbox 1226 2998 1279 3053; x_wconf 93' lang='lat' dir='ltr'><strong>id</strong></span> <span class='ocrx_word' id='word_1_213' title='bbox 1335 3000 1507 3053; x_wconf 85' lang='lat' dir='ltr'><strong>moris</strong></span> <span class='ocrx_word' id='word_1_214' title='bbox 1553 3010 1680 3066; x_wconf 83' lang='lat' dir='ltr'><strong>est,</strong></span> <span class='ocrx_word' id='word_1_215' title='bbox 1746 3009 1807 3054; x_wconf 87' lang='lat' dir='ltr'><strong>ut</strong></span> <span class='ocrx_word' id='word_1_216' title='bbox 1870 3001 2185 3058; x_wconf 84' lang='lat' dir='ltr'><strong>hominibus</strong></span> 
     </span>
    </p>
   </div>
   <div class='ocr_carea' id='block_1_33' title="bbox 2290 497 3879 571">
    <p class='ocr_par' dir='ltr' id='par_1_33' title="bbox 2290 497 3879 571">
     <span class='ocr_line' id='line_1_34' title="bbox 2290 497 3879 571; baseline 0.001 -18"><span class='ocrx_word' id='word_1_217' title='bbox 2290 502 2573 571; x_wconf 87' lang='grc' dir='ltr'>τησάντων</span> <span class='ocrx_word' id='word_1_218' title='bbox 2596 499 2766 571; x_wconf 70' lang='grc' dir='ltr'>ψυχαὶ</span> <span class='ocrx_word' id='word_1_219' title='bbox 2792 498 3022 570; x_wconf 89' lang='grc' dir='ltr'>δύναμιν</span> <span class='ocrx_word' id='word_1_220' title='bbox 3074 498 3254 570; x_wconf 79' lang='grc' dir='ltr'>ἔχουσί</span> <span class='ocrx_word' id='word_1_221' title='bbox 3308 516 3431 553; x_wconf 87' lang='grc' dir='ltr'>τινα</span> <span class='ocrx_word' id='word_1_222' title='bbox 3469 497 3879 571; x_wconf 71' lang='grc' dir='ltr'>τελευτήσασαι.</span> 
     </span>
    </p>
   </div>
   <div class='ocr_carea' id='block_1_34' title="bbox 2292 587 3861 662">
    <p class='ocr_par' dir='ltr' id='par_1_34' title="bbox 2292 587 3861 662">
     <span class='ocr_line' id='line_1_35' title="bbox 2292 587 3861 662; baseline -0.001 -19"><span class='ocrx_word' id='word_1_223' title='bbox 2292 591 2387 645; x_wconf 78' lang='grc' dir='ltr'>καὶ</span> <span class='ocrx_word' id='word_1_224' title='bbox 2418 590 2527 644; x_wconf 79' lang='grc' dir='ltr'><strong>τῶν</strong></span> <span class='ocrx_word' id='word_1_225' title='bbox 2556 592 2677 643; x_wconf 84' lang='grc' dir='ltr'>κατ’</span> <span class='ocrx_word' id='word_1_226' title='bbox 2709 589 2819 660; x_wconf 67' lang='grc'><strong>(44)</strong></span> <span class='ocrx_word' id='word_1_227' title='bbox 2855 588 3177 662; x_wconf 78' lang='grc' dir='ltr'>ἀνθρώπους</span> <span class='ocrx_word' id='word_1_228' title='bbox 3202 589 3542 661; x_wconf 83' lang='grc' dir='ltr'><strong>πραγμάτων</strong></span> <span class='ocrx_word' id='word_1_229' title='bbox 3570 587 3861 660; x_wconf 80' lang='grc' dir='ltr'>ἐπιμελοῧν</span> 
     </span>
    </p>
   </div>
   <div class='ocr_carea' id='block_1_35' title="bbox 2290 678 3877 751">
    <p class='ocr_par' dir='ltr' id='par_1_35' title="bbox 2290 678 3877 751">
     <span class='ocr_line' id='line_1_36' title="bbox 2290 678 3877 751; baseline 0.001 -19"><span class='ocrx_word' id='word_1_230' title='bbox 2290 697 2401 733; x_wconf 86' lang='grc' dir='ltr'>ται.</span> <span class='ocrx_word' id='word_1_231' title='bbox 2439 679 2623 733; x_wconf 78' lang='grc' dir='ltr'>Ταῦτα</span> <span class='ocrx_word' id='word_1_232' title='bbox 2657 678 2877 751; x_wconf 76' lang='grc' dir='ltr'>ἀληθεῖς</span> <span class='ocrx_word' id='word_1_233' title='bbox 2915 678 3032 749; x_wconf 80' lang='grc' dir='ltr'>μὲν,</span> <span class='ocrx_word' id='word_1_234' title='bbox 3067 679 3266 751; x_wconf 78' lang='grc' dir='ltr'>μακροὶ</span> <span class='ocrx_word' id='word_1_235' title='bbox 3305 678 3362 731; x_wconf 82' lang='grc' dir='ltr'><strong>δέ</strong></span> <span class='ocrx_word' id='word_1_236' title='bbox 3395 681 3501 732; x_wconf 85' lang='grc' dir='ltr'>εἰσι</span> <span class='ocrx_word' id='word_1_237' title='bbox 3536 678 3877 749; x_wconf 81' lang='grc' dir='ltr'>περιέχοντες</span> 
     </span>
    </p>
   </div>
   <div class='ocr_carea' id='block_1_36' title="bbox 2291 766 3878 841">
    <p class='ocr_par' dir='ltr' id='par_1_36' title="bbox 2291 766 3878 841">
     <span class='ocr_line' id='line_1_37' title="bbox 2291 766 3878 841; baseline 0.001 -19"><span class='ocrx_word' id='word_1_238' title='bbox 2291 770 2460 839; x_wconf 73' lang='grc' dir='ltr'>λόγοι.</span> <span class='ocrx_word' id='word_1_239' title='bbox 2488 770 2772 823; x_wconf 84' lang='grc' dir='ltr'>Πιστεύειν</span> <span class='ocrx_word' id='word_1_240' title='bbox 2797 769 2852 823; x_wconf 86' lang='grc' dir='ltr'><strong>δέ</strong></span> <span class='ocrx_word' id='word_1_241' title='bbox 2881 772 3002 832; x_wconf 83' lang='grc' dir='ltr'>ταῖς</span> <span class='ocrx_word' id='word_1_242' title='bbox 3018 786 3075 822; x_wconf 89' lang='grc' dir='ltr'><strong>τε</strong></span> <span class='ocrx_word' id='word_1_243' title='bbox 3104 769 3293 833; x_wconf 79' lang='grc' dir='ltr'>ἄλλαις</span> <span class='ocrx_word' id='word_1_244' title='bbox 3322 770 3531 839; x_wconf 83' lang='grc' dir='ltr'><strong>φήμαις</strong></span> <span class='ocrx_word' id='word_1_245' title='bbox 3552 766 3731 839; x_wconf 86' lang='grc' dir='ltr'>χρεὼν</span> <span class='ocrx_word' id='word_1_246' title='bbox 3751 771 3878 841; x_wconf 73' lang='grc' dir='ltr'>περὶ</span> 
     </span>
    </p>
   </div>
   <div class='ocr_carea' id='block_1_37' title="bbox 2289 860 3880 933">
    <p class='ocr_par' dir='ltr' id='par_1_37' title="bbox 2289 860 3880 933">
     <span class='ocr_line' id='line_1_38' title="bbox 2289 860 3880 933; baseline 0 -19"><span class='ocrx_word' id='word_1_247' title='bbox 2289 864 2360 916; x_wconf 82' lang='grc' dir='ltr'><strong>τά</strong></span> <span class='ocrx_word' id='word_1_248' title='bbox 2390 863 2633 924; x_wconf 77' lang='grc' dir='ltr'>τοιαῦτα,</span> <span class='ocrx_word' id='word_1_249' title='bbox 2668 862 2810 916; x_wconf 65' lang='grc' dir='ltr'>οὕτω</span> <span class='ocrx_word' id='word_1_250' title='bbox 2872 861 3095 924; x_wconf 86' lang='grc' dir='ltr'>πολλαῖς</span> <span class='ocrx_word' id='word_1_251' title='bbox 3143 862 3236 914; x_wconf 69' lang='grc' dir='ltr'><strong>καὶ</strong></span> <span class='ocrx_word' id='word_1_252' title='bbox 3270 862 3475 933; x_wconf 83' lang='grc' dir='ltr'>σφόδρα</span> <span class='ocrx_word' id='word_1_253' title='bbox 3507 862 3763 926; x_wconf 77' lang='grc' dir='ltr'><strong>παλαιαῖς</strong></span> <span class='ocrx_word' id='word_1_254' title='bbox 3791 860 3880 915; x_wconf 71' lang='grc' dir='ltr'>οὗ·</span> 
     </span>
    </p>
   </div>
   <div class='ocr_carea' id='block_1_38' title="bbox 2294 951 3880 1023">
    <p class='ocr_par' dir='ltr' id='par_1_38' title="bbox 2294 951 3880 1023">
     <span class='ocr_line' id='line_1_39' title="bbox 2294 951 3880 1023; baseline -0.001 -15"><span class='ocrx_word' id='word_1_255' title='bbox 2294 972 2434 1019; x_wconf 91' lang='grc' dir='ltr'>σαις·</span> <span class='ocrx_word' id='word_1_256' title='bbox 2472 953 2744 1007; x_wconf 77' lang='grc' dir='ltr'><strong>πιστεύειν</strong></span> <span class='ocrx_word' id='word_1_257' title='bbox 2772 954 2828 1007; x_wconf 83' lang='grc' dir='ltr'>δὲ</span> <span class='ocrx_word' id='word_1_258' title='bbox 2859 956 2951 1008; x_wconf 77' lang='grc' dir='ltr'>καὶ</span> <span class='ocrx_word' id='word_1_259' title='bbox 2976 956 3088 1018; x_wconf 83' lang='grc' dir='ltr'>τοῖς</span> <span class='ocrx_word' id='word_1_260' title='bbox 3128 952 3477 1023; x_wconf 77' lang='grc' dir='ltr'>νομοθετοῦσι</span> <span class='ocrx_word' id='word_1_261' title='bbox 3527 951 3678 1006; x_wconf 81' lang='grc' dir='ltr'>ταῦθ’</span> <span class='ocrx_word' id='word_1_262' title='bbox 3709 951 3880 1018; x_wconf 73' lang='grc' dir='ltr'>οὕτως</span> 
     </span>
    </p>
   </div>
   <div class='ocr_carea' id='block_1_39' title="bbox 2290 1043 3873 1117">
    <p class='ocr_par' dir='ltr' id='par_1_39' title="bbox 2290 1043 3873 1117">
     <span class='ocr_line' id='line_1_40' title="bbox 2290 1043 3873 1117; baseline -0.002 -18"><span class='ocrx_word' id='word_1_263' title='bbox 2290 1046 2453 1116; x_wconf 76' lang='grc' dir='ltr'>ἔχειν,</span> <span class='ocrx_word' id='word_1_264' title='bbox 2491 1047 2664 1117; x_wconf 84' lang='grc' dir='ltr'>άνπερ</span> <span class='ocrx_word' id='word_1_265' title='bbox 2707 1046 2781 1117; x_wconf 81' lang='grc' dir='ltr'>μὴ</span> <span class='ocrx_word' id='word_1_266' title='bbox 2833 1047 3179 1099; x_wconf 90' lang='grc' dir='ltr'>παντάπασιν</span> <span class='ocrx_word' id='word_1_267' title='bbox 3209 1043 3440 1114; x_wconf 79' lang='grc' dir='ltr'>ἄφρονες</span> <span class='ocrx_word' id='word_1_268' title='bbox 3499 1044 3818 1113; x_wconf 73' lang='grc' dir='ltr'>φαίνωνται.</span> <span class='ocrx_word' id='word_1_269' title='bbox 3853 1063 3873 1096; x_wconf 75' lang='grc' dir='ltr'><strong>ι</strong></span> 
     </span>
    </p>
   </div>
   <div class='ocr_carea' id='block_1_40' title="bbox 2291 1133 3880 1211">
    <p class='ocr_par' dir='ltr' id='par_1_40' title="bbox 2291 1133 3880 1211">
     <span class='ocr_line' id='line_1_41' title="bbox 2291 1133 3880 1211; baseline -0.002 -18"><span class='ocrx_word' id='word_1_270' title='bbox 2291 1141 2400 1193; x_wconf 70' lang='grc' dir='ltr'>Καὶ</span> <span class='ocrx_word' id='word_1_271' title='bbox 2423 1141 2479 1192; x_wconf 82' lang='grc' dir='ltr'><strong>ἐν</strong></span> <span class='ocrx_word' id='word_1_272' title='bbox 2511 1141 2576 1210; x_wconf 77' lang='grc' dir='ltr'>τῇ</span> <span class='ocrx_word' id='word_1_273' title='bbox 2614 1137 2779 1209; x_wconf 82' lang='grc' dir='ltr'>βίϐλῳ</span> <span class='ocrx_word' id='word_1_274' title='bbox 2810 1137 2866 1192; x_wconf 86' lang='grc' dir='ltr'>δὲ</span> <span class='ocrx_word' id='word_1_275' title='bbox 2894 1138 3003 1191; x_wconf 81' lang='grc' dir='ltr'><strong>τῶν</strong></span> <span class='ocrx_word' id='word_1_276' title='bbox 3037 1136 3412 1211; x_wconf 80' lang='grc' dir='ltr'>Μακκαϐαίῳν</span> <span class='ocrx_word' id='word_1_277' title='bbox 3463 1135 3677 1205; x_wconf 87' lang='grc' dir='ltr'>λέγεται</span> <span class='ocrx_word' id='word_1_278' title='bbox 3713 1133 3880 1208; x_wconf 80' lang='grc' dir='ltr'>Ἱερε-</span> 
     </span>
    </p>
   </div>
   <div class='ocr_carea' id='block_1_41' title="bbox 2294 1228 3878 1303">
    <p class='ocr_par' dir='ltr' id='par_1_41' title="bbox 2294 1228 3878 1303">
     <span class='ocr_line' id='line_1_42' title="bbox 2294 1228 3878 1303; baseline -0.001 -19"><span class='ocrx_word' id='word_1_279' title='bbox 2294 1232 2420 1302; x_wconf 86' lang='grc' dir='ltr'>μίας</span> <span class='ocrx_word' id='word_1_280' title='bbox 2445 1233 2473 1284; x_wconf 88' lang='grc' dir='ltr'>ὁ</span> <span class='ocrx_word' id='word_1_281' title='bbox 2503 1233 2788 1303; x_wconf 81' lang='grc' dir='ltr'><strong>προφήτης</strong></span> <span class='ocrx_word' id='word_1_282' title='bbox 2822 1230 2959 1302; x_wconf 84' lang='grc' dir='ltr'>μετὰ</span> <span class='ocrx_word' id='word_1_283' title='bbox 2989 1228 3087 1301; x_wconf 77' lang='grc' dir='ltr'>τὴν</span> <span class='ocrx_word' id='word_1_284' title='bbox 3132 1229 3451 1300; x_wconf 82' lang='grc' dir='ltr'>ἀπαλλαγὴν</span> <span class='ocrx_word' id='word_1_285' title='bbox 3481 1228 3573 1283; x_wconf 81' lang='grc' dir='ltr'>τοῦ</span> <span class='ocrx_word' id='word_1_286' title='bbox 3619 1228 3734 1299; x_wconf 83' lang='grc' dir='ltr'>βίου</span> <span class='ocrx_word' id='word_1_287' title='bbox 3789 1228 3878 1283; x_wconf 80' lang='grc' dir='ltr'>εύ-</span> 
     </span>
    </p>
   </div>
   <div class='ocr_carea' id='block_1_42' title="bbox 2290 1319 3877 1395">
    <p class='ocr_par' dir='ltr' id='par_1_42' title="bbox 2290 1319 3877 1395">
     <span class='ocr_line' id='line_1_43' title="bbox 2290 1319 3877 1395; baseline -0.001 -19"><span class='ocrx_word' id='word_1_288' title='bbox 2290 1323 2515 1394; x_wconf 74' lang='grc' dir='ltr'>χὸμενος</span> <span class='ocrx_word' id='word_1_289' title='bbox 2536 1322 2763 1395; x_wconf 74' lang='grc' dir='ltr'>ὁρᾶσθαι</span> <span class='ocrx_word' id='word_1_290' title='bbox 2796 1323 2937 1394; x_wconf 82' lang='grc' dir='ltr'>ὑπὲρ</span> <span class='ocrx_word' id='word_1_291' title='bbox 2987 1321 3082 1374; x_wconf 79' lang='grc' dir='ltr'>τοῦ</span> <span class='ocrx_word' id='word_1_292' title='bbox 3108 1319 3261 1385; x_wconf 82' lang='grc' dir='ltr'>λαοῦ,</span> <span class='ocrx_word' id='word_1_293' title='bbox 3297 1321 3373 1385; x_wconf 83' lang='grc' dir='ltr'><strong>ὡς</strong></span> <span class='ocrx_word' id='word_1_294' title='bbox 3408 1320 3662 1391; x_wconf 79' lang='grc' dir='ltr'>φροντίδα</span> <span class='ocrx_word' id='word_1_295' title='bbox 3694 1319 3877 1375; x_wconf 76' lang='grc' dir='ltr'>ποιούο</span> 
     </span>
    </p>
   </div>
   <div class='ocr_carea' id='block_1_43' title="bbox 2294 1411 3876 1485">
    <p class='ocr_par' dir='ltr' id='par_1_43' title="bbox 2294 1411 3876 1485">
     <span class='ocr_line' id='line_1_44' title="bbox 2294 1411 3876 1485; baseline 0.001 -18"><span class='ocrx_word' id='word_1_296' title='bbox 2294 1432 2451 1485; x_wconf 86' lang='grc' dir='ltr'>μενος</span> <span class='ocrx_word' id='word_1_297' title='bbox 2481 1414 2588 1467; x_wconf 82' lang='grc' dir='ltr'>τῶν</span> <span class='ocrx_word' id='word_1_298' title='bbox 2630 1414 2720 1467; x_wconf 75' lang='grc' dir='ltr'><strong>ἐπὶ</strong></span> <span class='ocrx_word' id='word_1_299' title='bbox 2771 1413 2875 1483; x_wconf 79' lang='grc' dir='ltr'>γῆς</span> <span class='ocrx_word' id='word_1_300' title='bbox 2929 1411 3249 1482; x_wconf 83' lang='grc' dir='ltr'>ἀνθρώπων.</span> <span class='ocrx_word' id='word_1_301' title='bbox 3306 1414 3397 1465; x_wconf 84' lang='grc' dir='ltr'><strong>Δεῖ</strong></span> <span class='ocrx_word' id='word_1_302' title='bbox 3428 1411 3506 1475; x_wconf 85' lang='grc' dir='ltr'><strong>δέ,</strong></span> <span class='ocrx_word' id='word_1_303' title='bbox 3538 1411 3673 1484; x_wconf 74' lang='grc' dir='ltr'>φησὶ</span> <span class='ocrx_word' id='word_1_304' title='bbox 3703 1413 3797 1467; x_wconf 75' lang='grc' dir='ltr'><strong>καὶ</strong></span> <span class='ocrx_word' id='word_1_305' title='bbox 3845 1413 3876 1468; x_wconf 80' lang='grc' dir='ltr'>ὀ</span> 
     </span>
    </p>
   </div>
   <div class='ocr_carea' id='block_1_44' title="bbox 2292 1506 3084 1573">
    <p class='ocr_par' dir='ltr' id='par_1_44' title="bbox 2292 1506 3084 1573">
     <span class='ocr_line' id='line_1_45' title="bbox 2292 1506 3084 1573; baseline -0.003 -12"><span class='ocrx_word' id='word_1_306' title='bbox 2292 1507 2534 1573; x_wconf 85' lang='grc' dir='ltr'>Πλάτων,</span> <span class='ocrx_word' id='word_1_307' title='bbox 2557 1507 2762 1569; x_wconf 71' lang='grc' dir='ltr'>τούτοις</span> <span class='ocrx_word' id='word_1_308' title='bbox 2792 1506 3084 1559; x_wconf 72' lang='grc' dir='ltr'>πιστεύειν.</span> 
     </span>
    </p>
   </div>
   <div class='ocr_carea' id='block_1_45' title="bbox 2836 1816 3333 1872">
    <p class='ocr_par' dir='ltr' id='par_1_45' title="bbox 2836 1816 3333 1872">
     <span class='ocr_line' id='line_1_46' title="bbox 2836 1816 3333 1872; baseline 0.002 -2"><span class='ocrx_word' id='word_1_309' title='bbox 2836 1816 3231 1871; x_wconf 71' lang='grc' dir='ltr'><strong>ΚΕΦΑΛΑῘΟΝ</strong></span> <span class='ocrx_word' id='word_1_310' title='bbox 3259 1819 3333 1872; x_wconf 86' lang='grc' dir='ltr'><strong>Δ⁰.</strong></span> 
     </span>
    </p>
   </div>
   <div class='ocr_carea' id='block_1_46' title="bbox 2293 1924 3872 1997">
    <p class='ocr_par' dir='ltr' id='par_1_46' title="bbox 2293 1924 3872 1997">
     <span class='ocr_line' id='line_1_47' title="bbox 2293 1924 3872 1997; baseline -0.002 -13"><span class='ocrx_word' id='word_1_311' title='bbox 2293 1930 2417 1984; x_wconf 77' lang='lat' dir='ltr'><strong>&quot;Ott</strong></span> <span class='ocrx_word' id='word_1_312' title='bbox 2445 1927 2652 1996; x_wconf 79' lang='grc' dir='ltr'>δεήσει</span> <span class='ocrx_word' id='word_1_313' title='bbox 2678 1929 2749 1981; x_wconf 80' lang='grc' dir='ltr'><strong>ἐν</strong></span> <span class='ocrx_word' id='word_1_314' title='bbox 2768 1928 3034 1997; x_wconf 84' lang='grc' dir='ltr'>σχήματι</span> <span class='ocrx_word' id='word_1_315' title='bbox 3066 1929 3273 1997; x_wconf 71' lang='grc' dir='ltr'>μύθων</span> <span class='ocrx_word' id='word_1_316' title='bbox 3308 1926 3417 1993; x_wconf 83' lang='grc' dir='ltr'>τὰς</span> <span class='ocrx_word' id='word_1_317' title='bbox 3444 1924 3872 1997; x_wconf 15' lang='grc' dir='ltr'>πρώταςίεισαο</span> 
     </span>
    </p>
   </div>
   <div class='ocr_carea' id='block_1_47' title="bbox 2360 1995 3872 2069">
    <p class='ocr_par' dir='ltr' id='par_1_47' title="bbox 2360 1995 3872 2069">
     <span class='ocr_line' id='line_1_48' title="bbox 2360 1995 3872 2069; baseline 0.001 -16"><span class='ocrx_word' id='word_1_318' title='bbox 2360 1999 2703 2069; x_wconf 16' lang='grc' dir='ltr'>γωτὰςντοῖς</span> <span class='ocrx_word' id='word_1_319' title='bbox 2730 1995 2899 2051; x_wconf 57' lang='grc' dir='ltr'>παὶσί</span> <span class='ocrx_word' id='word_1_320' title='bbox 2933 1995 3340 2068; x_wconf 80' lang='grc' dir='ltr'>παραδιδόναι,</span> <span class='ocrx_word' id='word_1_321' title='bbox 3374 1995 3492 2052; x_wconf 78' lang='grc' dir='ltr'><strong>ἀπὸ</strong></span> <span class='ocrx_word' id='word_1_322' title='bbox 3547 1997 3653 2053; x_wconf 85' lang='grc' dir='ltr'>τοῦ</span> <span class='ocrx_word' id='word_1_323' title='bbox 3674 1996 3872 2054; x_wconf 74' lang='grc' dir='ltr'>δευτέ-</span> 
     </span>
    </p>
   </div>
   <div class='ocr_carea' id='block_1_48' title="bbox 2358 2068 2960 2140">
    <p class='ocr_par' dir='ltr' id='par_1_48' title="bbox 2358 2068 2960 2140">
     <span class='ocr_line' id='line_1_49' title="bbox 2358 2068 2960 2140; baseline -0.007 -16"><span class='ocrx_word' id='word_1_324' title='bbox 2358 2068 2472 2140; x_wconf 76' lang='grc' dir='ltr'><strong>ρου</strong></span> <span class='ocrx_word' id='word_1_325' title='bbox 2508 2068 2621 2137; x_wconf 83' lang='grc' dir='ltr'>τῆς</span> <span class='ocrx_word' id='word_1_326' title='bbox 2659 2069 2960 2133; x_wconf 80' lang='grc' dir='ltr'>Πολιτείας.</span> 
     </span>
    </p>
   </div>
   <div class='ocr_carea' id='block_1_49' title="bbox 2371 2176 3877 2252">
    <p class='ocr_par' dir='ltr' id='par_1_49' title="bbox 2371 2176 3877 2252">
     <span class='ocr_line' id='line_1_50' title="bbox 2371 2176 3877 2252; baseline -0.001 -16"><span class='ocrx_word' id='word_1_327' title='bbox 2371 2201 2390 2235; x_wconf 75' lang='grc' dir='ltr'><strong>ι</strong></span> <span class='ocrx_word' id='word_1_328' title='bbox 2431 2182 2619 2251; x_wconf 85' lang='grc' dir='ltr'>Λόγων</span> <span class='ocrx_word' id='word_1_329' title='bbox 2648 2181 2703 2234; x_wconf 82' lang='grc' dir='ltr'><strong>δὲ</strong></span> <span class='ocrx_word' id='word_1_330' title='bbox 2732 2181 2841 2251; x_wconf 67' lang='grc'><strong>(45)</strong></span> <span class='ocrx_word' id='word_1_331' title='bbox 2876 2180 3051 2235; x_wconf 78' lang='grc' dir='ltr'>διττὸν</span> <span class='ocrx_word' id='word_1_332' title='bbox 3079 2176 3236 2245; x_wconf 75' lang='grc' dir='ltr'>εἶδοςο</span> <span class='ocrx_word' id='word_1_333' title='bbox 3272 2179 3333 2233; x_wconf 77' lang='grc' dir='ltr'>τὸ</span> <span class='ocrx_word' id='word_1_334' title='bbox 3356 2180 3453 2251; x_wconf 87' lang='grc' dir='ltr'><strong>μέν</strong></span> <span class='ocrx_word' id='word_1_335' title='bbox 3478 2178 3698 2252; x_wconf 76' lang='grc' dir='ltr'>ἀληθὲς,</span> <span class='ocrx_word' id='word_1_336' title='bbox 3730 2178 3793 2233; x_wconf 76' lang='grc' dir='ltr'><strong>τὸ</strong></span> <span class='ocrx_word' id='word_1_337' title='bbox 3817 2177 3877 2235; x_wconf 63' lang='grc' dir='ltr'>δὲ</span> 
     </span>
    </p>
   </div>
   <div class='ocr_carea' id='block_1_50' title="bbox 2288 2270 3872 2347">
    <p class='ocr_par' dir='ltr' id='par_1_50' title="bbox 2288 2270 3872 2347">
     <span class='ocr_line' id='line_1_51' title="bbox 2288 2270 3872 2347; baseline -0.004 -16"><span class='ocrx_word' id='word_1_338' title='bbox 2288 2277 2498 2347; x_wconf 74' lang='grc' dir='ltr'>ψευδές.</span> <span class='ocrx_word' id='word_1_339' title='bbox 2558 2307 2625 2317; x_wconf 93' lang='lat'>—</span> <span class='ocrx_word' id='word_1_340' title='bbox 2653 2275 2779 2328; x_wconf 84' lang='grc' dir='ltr'>Ναί.</span> <span class='ocrx_word' id='word_1_341' title='bbox 2813 2305 2882 2314; x_wconf 96' lang='grc'><strong><em>-</em></strong></span> <span class='ocrx_word' id='word_1_342' title='bbox 2915 2273 3240 2327; x_wconf 81' lang='grc' dir='ltr'>Παιδευτέον</span> <span class='ocrx_word' id='word_1_343' title='bbox 3294 2272 3351 2326; x_wconf 82' lang='grc' dir='ltr'>δὲ</span> <span class='ocrx_word' id='word_1_344' title='bbox 3403 2274 3461 2325; x_wconf 89' lang='grc' dir='ltr'><strong>ἐν</strong></span> <span class='ocrx_word' id='word_1_345' title='bbox 3523 2270 3872 2343; x_wconf 81' lang='grc' dir='ltr'>ἀμφοτέροις·</span> 
     </span>
    </p>
   </div>
   <div class='ocr_carea' id='block_1_51' title="bbox 2291 2358 3876 2440">
    <p class='ocr_par' dir='ltr' id='par_1_51' title="bbox 2291 2358 3876 2440">
     <span class='ocr_line' id='line_1_52' title="bbox 2291 2358 3876 2440; baseline -0.006 -19"><span class='ocrx_word' id='word_1_346' title='bbox 2291 2368 2554 2440; x_wconf 80' lang='grc' dir='ltr'>πρότερον</span> <span class='ocrx_word' id='word_1_347' title='bbox 2582 2366 2640 2419; x_wconf 78' lang='grc' dir='ltr'>δὲ</span> <span class='ocrx_word' id='word_1_348' title='bbox 2670 2368 2727 2418; x_wconf 82' lang='grc' dir='ltr'><strong>ἐν</strong></span> <span class='ocrx_word' id='word_1_349' title='bbox 2758 2366 2869 2424; x_wconf 83' lang='grc' dir='ltr'>τοῖς</span> <span class='ocrx_word' id='word_1_350' title='bbox 2900 2362 3168 2433; x_wconf 78' lang='grc' dir='ltr'>ψευδέσιν.</span> <span class='ocrx_word' id='word_1_351' title='bbox 3202 2362 3277 2415; x_wconf 70' lang='lat' dir='ltr'><strong>Uti</strong></span> <span class='ocrx_word' id='word_1_352' title='bbox 3304 2360 3576 2433; x_wconf 81' lang='grc' dir='ltr'>μανθάνω,</span> <span class='ocrx_word' id='word_1_353' title='bbox 3606 2359 3733 2430; x_wconf 75' lang='grc' dir='ltr'><strong>ἔφη.</strong></span> <span class='ocrx_word' id='word_1_354' title='bbox 3758 2358 3876 2424; x_wconf 83' lang='grc' dir='ltr'>πῶς</span> 
     </span>
    </p>
   </div>
   <div class='ocr_carea' id='block_1_52' title="bbox 2290 2450 3877 2528">
    <p class='ocr_par' dir='ltr' id='par_1_52' title="bbox 2290 2450 3877 2528">
     <span class='ocr_line' id='line_1_53' title="bbox 2290 2450 3877 2528; baseline -0.008 -14"><span class='ocrx_word' id='word_1_355' title='bbox 2290 2460 2487 2528; x_wconf 82' lang='grc' dir='ltr'>λέγεις.</span> <span class='ocrx_word' id='word_1_356' title='bbox 2517 2459 2591 2512; x_wconf 85' lang='grc' dir='ltr'><strong>Οὐ</strong></span> <span class='ocrx_word' id='word_1_357' title='bbox 2630 2455 2939 2527; x_wconf 85' lang='grc' dir='ltr'>μανθάνεις,</span> <span class='ocrx_word' id='word_1_358' title='bbox 3002 2450 3070 2525; x_wconf 82' lang='grc' dir='ltr'>ἦν</span> <span class='ocrx_word' id='word_1_359' title='bbox 3102 2453 3148 2507; x_wconf 73' lang='grc' dir='ltr'>δ’</span> <span class='ocrx_word' id='word_1_360' title='bbox 3185 2452 3317 2523; x_wconf 86' lang='grc' dir='ltr'>ἐγὼ,</span> <span class='ocrx_word' id='word_1_361' title='bbox 3366 2453 3449 2507; x_wconf 84' lang='grc' dir='ltr'>ὅτι</span> <span class='ocrx_word' id='word_1_362' title='bbox 3515 2450 3731 2522; x_wconf 85' lang='grc' dir='ltr'>πρῶτον</span> <span class='ocrx_word' id='word_1_363' title='bbox 3763 2452 3877 2513; x_wconf 81' lang='grc' dir='ltr'>τοῖς</span> 
     </span>
    </p>
   </div>
   <div class='ocr_carea' id='block_1_53' title="bbox 2293 2541 3877 2620">
    <p class='ocr_par' dir='ltr' id='par_1_53' title="bbox 2293 2541 3877 2620">
     <span class='ocr_line' id='line_1_54' title="bbox 2293 2541 3877 2620; baseline -0.008 -14"><span class='ocrx_word' id='word_1_364' title='bbox 2293 2551 2521 2613; x_wconf 84' lang='grc' dir='ltr'>παιδίοις</span> <span class='ocrx_word' id='word_1_365' title='bbox 2552 2549 2749 2620; x_wconf 77' lang='grc' dir='ltr'>μύθους</span> <span class='ocrx_word' id='word_1_366' title='bbox 2774 2548 3003 2617; x_wconf 84' lang='grc' dir='ltr'>λέγομεν</span> <span class='ocrx_word' id='word_1_367' title='bbox 3028 2563 3042 2611; x_wconf 93' lang='lat'><strong>;</strong></span> <span class='ocrx_word' id='word_1_368' title='bbox 3078 2545 3249 2599; x_wconf 71' lang='grc' dir='ltr'>Τοῦτο</span> <span class='ocrx_word' id='word_1_369' title='bbox 3280 2545 3338 2598; x_wconf 80' lang='grc' dir='ltr'><strong>δέ</strong></span> <span class='ocrx_word' id='word_1_370' title='bbox 3370 2561 3500 2607; x_wconf 90' lang='grc' dir='ltr'>που,</span> <span class='ocrx_word' id='word_1_371' title='bbox 3532 2542 3607 2606; x_wconf 82' lang='grc' dir='ltr'>ὡς</span> <span class='ocrx_word' id='word_1_372' title='bbox 3668 2541 3730 2596; x_wconf 84' lang='grc' dir='ltr'><strong>τὸ</strong></span> <span class='ocrx_word' id='word_1_373' title='bbox 3755 2542 3877 2596; x_wconf 80' lang='grc' dir='ltr'>ὅλον</span> 
     </span>
    </p>
   </div>
   <div class='ocr_carea' id='block_1_54' title="bbox 2290 2633 3877 2709">
    <p class='ocr_par' dir='ltr' id='par_1_54' title="bbox 2290 2633 3877 2709">
     <span class='ocr_line' id='line_1_55' title="bbox 2290 2633 3877 2709; baseline -0.007 -12"><span class='ocrx_word' id='word_1_374' title='bbox 2290 2644 2484 2705; x_wconf 73' lang='grc' dir='ltr'>εἰπεῖν,</span> <span class='ocrx_word' id='word_1_375' title='bbox 2508 2640 2703 2709; x_wconf 74' lang='grc' dir='ltr'>ψεῦδος</span> <span class='ocrx_word' id='word_1_376' title='bbox 2765 2638 2845 2691; x_wconf 77' lang='grc' dir='ltr'><strong>ενι</strong></span> <span class='ocrx_word' id='word_1_377' title='bbox 2888 2637 2982 2692; x_wconf 80' lang='grc' dir='ltr'>καὶ</span> <span class='ocrx_word' id='word_1_378' title='bbox 3024 2636 3220 2708; x_wconf 80' lang='grc' dir='ltr'>ἀληθῆ.</span> <span class='ocrx_word' id='word_1_379' title='bbox 3257 2636 3527 2707; x_wconf 83' lang='grc' dir='ltr'>Πρότερον</span> <span class='ocrx_word' id='word_1_380' title='bbox 3574 2633 3631 2687; x_wconf 90' lang='grc' dir='ltr'><strong>δέ</strong></span> <span class='ocrx_word' id='word_1_381' title='bbox 3687 2633 3877 2705; x_wconf 80' lang='grc' dir='ltr'>μύθοις</span> 
     </span>
    </p>
   </div>
   <div class='ocr_carea' id='block_1_55' title="bbox 2292 2724 3871 2804">
    <p class='ocr_par' dir='ltr' id='par_1_55' title="bbox 2292 2724 3871 2804">
     <span class='ocr_line' id='line_1_56' title="bbox 2292 2724 3871 2804; baseline -0.008 -17"><span class='ocrx_word' id='word_1_382' title='bbox 2292 2733 2427 2804; x_wconf 63' lang='lat'><strong>1:92);</strong></span> <span class='ocrx_word' id='word_1_383' title='bbox 2459 2731 2527 2785; x_wconf 87' lang='grc' dir='ltr'><strong>τὰ</strong></span> <span class='ocrx_word' id='word_1_384' title='bbox 2548 2730 2731 2784; x_wconf 90' lang='grc' dir='ltr'>παιδία</span> <span class='ocrx_word' id='word_1_385' title='bbox 2762 2730 2793 2801; x_wconf 78' lang='grc' dir='ltr'>ἦ</span> <span class='ocrx_word' id='word_1_386' title='bbox 2825 2728 3144 2800; x_wconf 76' lang='grc' dir='ltr'>γυμνασίοις</span> <span class='ocrx_word' id='word_1_387' title='bbox 3161 2727 3439 2800; x_wconf 80' lang='grc' dir='ltr'>χρώμεθα.</span> <span class='ocrx_word' id='word_1_388' title='bbox 3467 2726 3625 2779; x_wconf 81' lang='grc' dir='ltr'>Ἔστι</span> <span class='ocrx_word' id='word_1_389' title='bbox 3645 2724 3871 2780; x_wconf 71' lang='grc' dir='ltr'>ταῦτα.»</span> 
     </span>
    </p>
   </div>
   <div class='ocr_carea' id='block_1_56' title="bbox 2291 2813 3880 2889">
    <p class='ocr_par' dir='ltr' id='par_1_56' title="bbox 2291 2813 3880 2889">
     <span class='ocr_line' id='line_1_57' title="bbox 2291 2813 3880 2889; baseline -0.006 -12"><span class='ocrx_word' id='word_1_390' title='bbox 2291 2822 2477 2877; x_wconf 79' lang='grc' dir='ltr'>Ταῦτα</span> <span class='ocrx_word' id='word_1_391' title='bbox 2508 2824 2536 2876; x_wconf 85' lang='grc' dir='ltr'>ὁ</span> <span class='ocrx_word' id='word_1_392' title='bbox 2570 2821 2816 2874; x_wconf 79' lang='grc' dir='ltr'><strong>Πλάτων.</strong></span> <span class='ocrx_word' id='word_1_393' title='bbox 2869 2820 2978 2873; x_wconf 68' lang='grc' dir='ltr'><strong>Καὶ</strong></span> <span class='ocrx_word' id='word_1_394' title='bbox 3033 2818 3162 2889; x_wconf 82' lang='grc' dir='ltr'>παρ’</span> <span class='ocrx_word' id='word_1_395' title='bbox 3220 2816 3490 2887; x_wconf 89' lang='grc' dir='ltr'>Ἑϐραίοις</span> <span class='ocrx_word' id='word_1_396' title='bbox 3535 2816 3593 2871; x_wconf 83' lang='grc' dir='ltr'><strong>δέ</strong></span> <span class='ocrx_word' id='word_1_397' title='bbox 3644 2813 3745 2878; x_wconf 76' lang='grc' dir='ltr'>τὰς</span> <span class='ocrx_word' id='word_1_398' title='bbox 3774 2813 3880 2883; x_wconf 79' lang='grc' dir='ltr'>τῆς</span> 
     </span>
    </p>
   </div>
   <div class='ocr_carea' id='block_1_57' title="bbox 2290 2906 3878 2986">
    <p class='ocr_par' dir='ltr' id='par_1_57' title="bbox 2290 2906 3878 2986">
     <span class='ocr_line' id='line_1_58' title="bbox 2290 2906 3878 2986; baseline -0.006 -17"><span class='ocrx_word' id='word_1_399' title='bbox 2290 2915 2474 2969; x_wconf 81' lang='grc' dir='ltr'>ἐνθέου</span> <span class='ocrx_word' id='word_1_400' title='bbox 2524 2912 2751 2986; x_wconf 76' lang='grc' dir='ltr'>Γραφῆς</span> <span class='ocrx_word' id='word_1_401' title='bbox 2803 2912 3044 2984; x_wconf 77' lang='grc' dir='ltr'>ἱστορίας</span> <span class='ocrx_word' id='word_1_402' title='bbox 3100 2912 3213 2975; x_wconf 83' lang='grc' dir='ltr'>τοῖς</span> <span class='ocrx_word' id='word_1_403' title='bbox 3265 2907 3481 2980; x_wconf 85' lang='grc' dir='ltr'>νηπίοις</span> <span class='ocrx_word' id='word_1_404' title='bbox 3540 2907 3639 2974; x_wconf 77' lang='grc' dir='ltr'>τὰς</span> <span class='ocrx_word' id='word_1_405' title='bbox 3699 2906 3878 2979; x_wconf 63' lang='grc' dir='ltr'>ψυχὰς</span> 
     </span>
    </p>
   </div>
   <div class='ocr_carea' id='block_1_58' title="bbox 2291 2999 3878 3075">
    <p class='ocr_par' dir='ltr' id='par_1_58' title="bbox 2291 2999 3878 3075">
     <span class='ocr_line' id='line_1_59' title="bbox 2291 2999 3878 3075; baseline -0.003 -16"><span class='ocrx_word' id='word_1_406' title='bbox 2291 3004 2677 3075; x_wconf 82' lang='grc' dir='ltr'>ἁπλούστερον,</span> <span class='ocrx_word' id='word_1_407' title='bbox 2708 3002 2897 3074; x_wconf 79' lang='grc' dir='ltr'>ὥσπερ</span> <span class='ocrx_word' id='word_1_408' title='bbox 2946 3001 3098 3066; x_wconf 82' lang='grc' dir='ltr'>τινὰς</span> <span class='ocrx_word' id='word_1_409' title='bbox 3133 3000 3353 3073; x_wconf 85' lang='grc' dir='ltr'>μύθους,</span> <span class='ocrx_word' id='word_1_410' title='bbox 3394 2999 3514 3066; x_wconf 78' lang='grc' dir='ltr'>ἔθος</span> <span class='ocrx_word' id='word_1_411' title='bbox 3548 3000 3663 3055; x_wconf 67' lang='grc' dir='ltr'>ἐστὶ</span> <span class='ocrx_word' id='word_1_412' title='bbox 3696 3017 3878 3073; x_wconf 87' lang='grc' dir='ltr'>παρα-</span> 
     </span>
    </p>
   </div>
   <div class='ocr_carea' id='block_1_59' title="bbox 605 3085 2187 3167">
    <p class='ocr_par' dir='ltr' id='par_1_59' title="bbox 605 3085 2187 3160">
     <span class='ocr_line' id='line_1_60' title="bbox 605 3085 2187 3160; baseline 0.006 -19"><span class='ocrx_word' id='word_1_413' title='bbox 605 3085 793 3142; x_wconf 82' lang='lat' dir='ltr'><strong>animo</strong></span> <span class='ocrx_word' id='word_1_414' title='bbox 844 3088 1023 3144; x_wconf 88' lang='lat' dir='ltr'><strong>adhuc</strong></span> <span class='ocrx_word' id='word_1_415' title='bbox 1077 3088 1400 3153; x_wconf 81' lang='lat' dir='ltr'><strong>infantibus,</strong></span> <span class='ocrx_word' id='word_1_416' title='bbox 1456 3089 1654 3145; x_wconf 65' lang='lat' dir='ltr'><strong>divinae</strong></span> <span class='ocrx_word' id='word_1_417' title='bbox 1687 3090 1985 3160; x_wconf 64' lang='lat' dir='ltr'><strong>Scriptura:</strong></span> <span class='ocrx_word' id='word_1_418' title='bbox 2015 3094 2187 3150; x_wconf 87' lang='lat' dir='ltr'><strong>histo-</strong></span> 
     </span>
    </p>
   </div>
   <div class='ocr_carea' id='block_1_60' title="bbox 2292 3085 3879 3167">
    <p class='ocr_par' dir='ltr' id='par_1_60' title="bbox 2292 3091 3879 3164">
     <span class='ocr_line' id='line_1_61' title="bbox 2292 3091 3879 3164; baseline -0.002 -17"><span class='ocrx_word' id='word_1_419' title='bbox 2292 3094 2504 3149; x_wconf 77' lang='grc' dir='ltr'>διδόναι’</span> <span class='ocrx_word' id='word_1_420' title='bbox 2539 3095 2651 3157; x_wconf 84' lang='grc' dir='ltr'>τοῖς</span> <span class='ocrx_word' id='word_1_421' title='bbox 2699 3092 2743 3146; x_wconf 85' lang='grc' dir='ltr'>δ’</span> <span class='ocrx_word' id='word_1_422' title='bbox 2779 3092 3312 3164; x_wconf 87' lang='grc' dir='ltr'>ἐγγεγυμνασμένοις</span> <span class='ocrx_word' id='word_1_423' title='bbox 3343 3091 3440 3163; x_wconf 80' lang='grc' dir='ltr'>τὴν</span> <span class='ocrx_word' id='word_1_424' title='bbox 3497 3092 3610 3157; x_wconf 71' lang='grc' dir='ltr'>ἕξιν</span> <span class='ocrx_word' id='word_1_425' title='bbox 3632 3092 3732 3155; x_wconf 82' lang='grc' dir='ltr'>τὰς</span> <span class='ocrx_word' id='word_1_426' title='bbox 3769 3092 3879 3146; x_wconf 86' lang='grc' dir='ltr'><strong>τῶν</strong></span> 
     </span>
    </p>
   </div>
   <div class='ocr_carea' id='block_1_61' title="bbox 605 3176 2183 3253">
    <p class='ocr_par' dir='ltr' id='par_1_61' title="bbox 605 3176 2183 3253">
     <span class='ocr_line' id='line_1_62' title="bbox 605 3176 2183 3253; baseline 0.006 -22"><span class='ocrx_word' id='word_1_427' title='bbox 605 3178 737 3243; x_wconf 76' lang='lat' dir='ltr'><strong>rias,</strong></span> <span class='ocrx_word' id='word_1_428' title='bbox 771 3176 1078 3235; x_wconf 76' lang='lat' dir='ltr'><strong>fabularum</strong></span> <span class='ocrx_word' id='word_1_429' title='bbox 1109 3183 1470 3251; x_wconf 86' lang='lat' dir='ltr'><strong>quarumdam</strong></span> <span class='ocrx_word' id='word_1_430' title='bbox 1525 3185 1718 3243; x_wconf 86' lang='lat' dir='ltr'><strong>instar.</strong></span> <span class='ocrx_word' id='word_1_431' title='bbox 1751 3184 2054 3253; x_wconf 80' lang='lat' dir='ltr'><strong>simplicius</strong></span> <span class='ocrx_word' id='word_1_432' title='bbox 2083 3201 2183 3240; x_wconf 89' lang='lat' dir='ltr'><strong>nu-</strong></span> 
     </span>
    </p>
   </div>
   <div class='ocr_carea' id='block_1_62' title="bbox 604 3270 2184 3343">
    <p class='ocr_par' dir='ltr' id='par_1_62' title="bbox 604 3270 2184 3343">
     <span class='ocr_line' id='line_1_63' title="bbox 604 3270 2184 3343; baseline 0.006 -20"><span class='ocrx_word' id='word_1_433' title='bbox 604 3270 837 3340; x_wconf 83' lang='lat' dir='ltr'><strong>diusqne</strong></span> <span class='ocrx_word' id='word_1_434' title='bbox 869 3274 1127 3341; x_wconf 83' lang='lat' dir='ltr'><strong>tradant;</strong></span> <span class='ocrx_word' id='word_1_435' title='bbox 1162 3276 1230 3329; x_wconf 89' lang='lat' dir='ltr'><strong>iis</strong></span> <span class='ocrx_word' id='word_1_436' title='bbox 1281 3289 1429 3338; x_wconf 89' lang='lat' dir='ltr'><strong>vero,</strong></span> <span class='ocrx_word' id='word_1_437' title='bbox 1466 3275 1667 3343; x_wconf 85' lang='lat' dir='ltr'><strong>quibus</strong></span> <span class='ocrx_word' id='word_1_438' title='bbox 1718 3277 1915 3330; x_wconf 75' lang='lat' dir='ltr'><strong>meritis</strong></span> <span class='ocrx_word' id='word_1_439' title='bbox 1965 3277 2184 3332; x_wconf 87' lang='lat' dir='ltr'><strong>habitus</strong></span> 
     </span>
    </p>
   </div>
   <div class='ocr_carea' id='block_1_63' title="bbox 607 3359 2184 3430">
    <p class='ocr_par' dir='ltr' id='par_1_63' title="bbox 607 3359 2184 3430">
     <span class='ocr_line' id='line_1_64' title="bbox 607 3359 2184 3430; baseline 0.007 -17"><span class='ocrx_word' id='word_1_440' title='bbox 607 3359 772 3415; x_wconf 74' lang='lat' dir='ltr'><strong>fuerit</strong></span> <span class='ocrx_word' id='word_1_441' title='bbox 796 3366 1183 3419; x_wconf 68' lang='lat' dir='ltr'><strong>exercitatione</strong></span> <span class='ocrx_word' id='word_1_442' title='bbox 1215 3366 1508 3430; x_wconf 89' lang='lat' dir='ltr'><strong>robustior,</strong></span> <span class='ocrx_word' id='word_1_443' title='bbox 1538 3366 1700 3421; x_wconf 82' lang='lat' dir='ltr'><strong>altius</strong></span> <span class='ocrx_word' id='word_1_444' title='bbox 1739 3367 1868 3421; x_wconf 88' lang='lat' dir='ltr'><strong>illud</strong></span> <span class='ocrx_word' id='word_1_445' title='bbox 1897 3368 2184 3424; x_wconf 73' lang='lat' dir='ltr'><strong>doctrinae-</strong></span> 
     </span>
    </p>
   </div>
   <div class='ocr_carea' id='block_1_64' title="bbox 2287 3180 3880 3256">
    <p class='ocr_par' dir='ltr' id='par_1_64' title="bbox 2287 3180 3880 3256">
     <span class='ocr_line' id='line_1_65' title="bbox 2287 3180 3880 3256; baseline 0.02 -25"><span class='ocrx_word' id='word_1_446' title='bbox 2287 3184 2460 3253; x_wconf 77' lang='grc' dir='ltr'>λόγων</span> <span class='ocrx_word' id='word_1_447' title='bbox 2495 3182 2793 3256; x_wconf 84' lang='grc' dir='ltr'>βαθυτέρας</span> <span class='ocrx_word' id='word_1_448' title='bbox 2821 3186 2916 3237; x_wconf 76' lang='grc' dir='ltr'><strong>καὶ</strong></span> <span class='ocrx_word' id='word_1_449' title='bbox 2972 3183 3305 3254; x_wconf 72' lang='grc' dir='ltr'>δογματικὰς</span> <span class='ocrx_word' id='word_1_450' title='bbox 3338 3180 3592 3254; x_wconf 67' lang='grc' dir='ltr'>θεωρίαςν</span> <span class='ocrx_word' id='word_1_451' title='bbox 3643 3181 3731 3237; x_wconf 53' lang='grc' dir='ltr'><strong>διὰ</strong></span> <span class='ocrx_word' id='word_1_452' title='bbox 3778 3181 3880 3252; x_wconf 61' lang='grc' dir='ltr'><strong>τῆς</strong></span> 
     </span>
    </p>
   </div>
   <div class='ocr_carea' id='block_1_65' title="bbox 2288 3274 3886 3355">
    <p class='ocr_par' dir='ltr' id='par_1_65' title="bbox 2288 3274 3886 3355">
     <span class='ocr_line' id='line_1_66' title="bbox 2288 3274 3886 3355; baseline -0.003 -22"><span class='ocrx_word' id='word_1_453' title='bbox 2288 3276 2627 3348; x_wconf 81' lang='grc' dir='ltr'>καλουμένης</span> <span class='ocrx_word' id='word_1_454' title='bbox 2678 3274 3075 3355; x_wconf 86' lang='grc' dir='ltr'>δευτερὼσεως,</span> <span class='ocrx_word' id='word_1_455' title='bbox 3126 3277 3220 3329; x_wconf 77' lang='grc' dir='ltr'>καὶ</span> <span class='ocrx_word' id='word_1_456' title='bbox 3269 3275 3565 3347; x_wconf 73' lang='grc' dir='ltr'>σαφηνείας</span> <span class='ocrx_word' id='word_1_457' title='bbox 3618 3276 3727 3330; x_wconf 82' lang='grc' dir='ltr'><strong>τῶν</strong></span> <span class='ocrx_word' id='word_1_458' title='bbox 3752 3275 3886 3329; x_wconf 88' lang='grc' dir='ltr'>λαν-</span> 
     </span>
    </p>
   </div>
   <div class='ocr_carea' id='block_1_66' title="bbox 2291 3366 3291 3436">
    <p class='ocr_par' dir='ltr' id='par_1_66' title="bbox 2291 3366 3291 3436">
     <span class='ocr_line' id='line_1_67' title="bbox 2291 3366 3291 3436; baseline -0.006 -11"><span class='ocrx_word' id='word_1_459' title='bbox 2291 3369 2558 3424; x_wconf 84' lang='grc' dir='ltr'>θανόντων</span> <span class='ocrx_word' id='word_1_460' title='bbox 2587 3367 2712 3429; x_wconf 75' lang='grc' dir='ltr'>τοὺς</span> <span class='ocrx_word' id='word_1_461' title='bbox 2735 3367 2961 3429; x_wconf 81' lang='grc' dir='ltr'>πολλοὺς</span> <span class='ocrx_word' id='word_1_462' title='bbox 2986 3366 3291 3436; x_wconf 81' lang='grc' dir='ltr'>νοημάτων.</span> 
     </span>
    </p>
   </div>
   <div class='ocr_carea' id='block_1_67' title="bbox 605 3452 3887 3526">
    <p class='ocr_par' dir='ltr' id='par_1_67' title="bbox 605 3452 3887 3526">
     <span class='ocr_line' id='line_1_68' title="bbox 605 3452 3887 3526; baseline 0.003 -22"><span class='ocrx_word' id='word_1_463' title='bbox 605 3465 713 3521; x_wconf 70' lang='lat' dir='ltr'><strong>que</strong></span> <span class='ocrx_word' id='word_1_464' title='bbox 755 3452 968 3521; x_wconf 88' lang='lat' dir='ltr'><strong>plenum</strong></span> <span class='ocrx_word' id='word_1_465' title='bbox 1027 3454 1497 3523; x_wconf 85' lang='lat' dir='ltr'><strong>contemplationis</strong></span> <span class='ocrx_word' id='word_1_466' title='bbox 1553 3472 1724 3524; x_wconf 84' lang='lat' dir='ltr'><strong>genus</strong></span> <span class='ocrx_word' id='word_1_467' title='bbox 1789 3468 2023 3516; x_wconf 85' lang='lat' dir='ltr'><strong>tractare</strong></span> <span class='ocrx_word' id='word_1_468' title='bbox 2084 3463 2409 3519; x_wconf 84' lang='lat' dir='ltr'><strong>concedunt,</strong></span> <span class='ocrx_word' id='word_1_469' title='bbox 2457 3456 2601 3526; x_wconf 87' lang='lat' dir='ltr'><strong>quod</strong></span> <span class='ocrx_word' id='word_1_470' title='bbox 2673 3456 2785 3523; x_wconf 81' lang='lat' dir='ltr'><strong>illa,</strong></span> <span class='ocrx_word' id='word_1_471' title='bbox 2834 3471 2998 3526; x_wconf 87' lang='lat' dir='ltr'><strong>quam</strong></span> <span class='ocrx_word' id='word_1_472' title='bbox 3051 3465 3269 3520; x_wconf 90' lang='lat' dir='ltr'><strong>vocant,</strong></span> <span class='ocrx_word' id='word_1_473' title='bbox 3320 3455 3617 3521; x_wconf 86' lang='lat' dir='ltr'><strong>deuterosi,</strong></span> <span class='ocrx_word' id='word_1_474' title='bbox 3665 3465 3720 3511; x_wconf 92' lang='lat' dir='ltr'><strong>et</strong></span> <span class='ocrx_word' id='word_1_475' title='bbox 3749 3457 3887 3513; x_wconf 82' lang='lat' dir='ltr'><strong>illu-</strong></span> 
     </span>
    </p>
   </div>
   <div class='ocr_carea' id='block_1_68' title="bbox 604 3544 2673 3626">
    <p class='ocr_par' dir='ltr' id='par_1_68' title="bbox 604 3544 2673 3626">
     <span class='ocr_line' id='line_1_69' title="bbox 604 3544 2673 3626; baseline 0.001 -27"><span class='ocrx_word' id='word_1_476' title='bbox 604 3544 803 3600; x_wconf 84' lang='lat' dir='ltr'><strong>striore</strong></span> <span class='ocrx_word' id='word_1_477' title='bbox 830 3547 1063 3616; x_wconf 88' lang='lat' dir='ltr'><strong>quadam</strong></span> <span class='ocrx_word' id='word_1_478' title='bbox 1091 3547 1397 3619; x_wconf 78' lang='lat' dir='ltr'><strong>ignotorum</strong></span> <span class='ocrx_word' id='word_1_479' title='bbox 1428 3550 1588 3619; x_wconf 74' lang='lat' dir='ltr'><strong>vulgo</strong></span> <span class='ocrx_word' id='word_1_480' title='bbox 1617 3566 1906 3608; x_wconf 89' lang='lat' dir='ltr'><strong>sensorum</strong></span> <span class='ocrx_word' id='word_1_481' title='bbox 1937 3556 2302 3626; x_wconf 81' lang='lat' dir='ltr'><strong>explicatione</strong></span> <span class='ocrx_word' id='word_1_482' title='bbox 2336 3553 2673 3608; x_wconf 87' lang='lat' dir='ltr'><strong>continetur.</strong></span> 
     </span>
    </p>
   </div>
   <div class='ocr_carea' id='block_1_69' title="bbox 1229 3636 1558 3695">
    <p class='ocr_par' dir='ltr' id='par_1_69' title="bbox 1229 3636 1558 3695">
     <span class='ocr_line' id='line_1_70' title="bbox 1229 3636 1558 3695; baseline 0.006 -2"><span class='ocrx_word' id='word_1_483' title='bbox 1229 3636 1458 3693; x_wconf 77' lang='lat' dir='ltr'><strong>CAPUT</strong></span> <span class='ocrx_word' id='word_1_484' title='bbox 1498 3638 1558 3695; x_wconf 74' lang='grc' dir='ltr'><strong>ν.</strong></span> 
     </span>
    </p>
   </div>
   <div class='ocr_carea' id='block_1_70' title="bbox 609 3723 2184 3799">
    <p class='ocr_par' dir='ltr' id='par_1_70' title="bbox 609 3723 2184 3799">
     <span class='ocr_line' id='line_1_71' title="bbox 609 3723 2184 3799; baseline 0.009 -20"><span class='ocrx_word' id='word_1_485' title='bbox 609 3723 851 3781; x_wconf 60' lang='lat' dir='ltr'><strong>Fabulae</strong></span> <span class='ocrx_word' id='word_1_486' title='bbox 907 3728 1085 3798; x_wconf 71' lang='lat' dir='ltr'><strong>pueris</strong></span> <span class='ocrx_word' id='word_1_487' title='bbox 1140 3747 1244 3783; x_wconf 85' lang='lat' dir='ltr'><strong>non</strong></span> <span class='ocrx_word' id='word_1_488' title='bbox 1286 3733 1609 3799; x_wconf 78' lang='lat' dir='ltr'><strong>perniciosas</strong></span> <span class='ocrx_word' id='word_1_489' title='bbox 1650 3733 1814 3799; x_wconf 78' lang='lat' dir='ltr'><strong>ullas,</strong></span> <span class='ocrx_word' id='word_1_490' title='bbox 1843 3736 1934 3791; x_wconf 77' lang='lat' dir='ltr'><strong>sed</strong></span> <span class='ocrx_word' id='word_1_491' title='bbox 1978 3746 2184 3793; x_wconf 73' lang='lat' dir='ltr'><strong>tantum</strong></span> 
     </span>
    </p>
   </div>
   <div class='ocr_carea' id='block_1_71' title="bbox 1068 3800 1724 3857">
    <p class='ocr_par' dir='ltr' id='par_1_71' title="bbox 1068 3800 1724 3857">
     <span class='ocr_line' id='line_1_72' title="bbox 1068 3800 1724 3857; baseline 0.008 -5"><span class='ocrx_word' id='word_1_492' title='bbox 1068 3800 1220 3855; x_wconf 78' lang='lat' dir='ltr'><strong>utiles</strong></span> <span class='ocrx_word' id='word_1_493' title='bbox 1252 3802 1564 3856; x_wconf 76' lang='lat' dir='ltr'><strong>otcinendas</strong></span> <span class='ocrx_word' id='word_1_494' title='bbox 1594 3820 1724 3857; x_wconf 80' lang='lat' dir='ltr'><strong>esse.</strong></span> 
     </span>
    </p>
   </div>
   <div class='ocr_carea' id='block_1_72' title="bbox 688 3886 2188 3960">
    <p class='ocr_par' dir='ltr' id='par_1_72' title="bbox 688 3886 2188 3960">
     <span class='ocr_line' id='line_1_73' title="bbox 688 3886 2188 3960; baseline 0.013 -23"><span class='ocrx_word' id='word_1_495' title='bbox 688 3904 708 3937; x_wconf 74' lang='grc' dir='ltr'><strong>ι</strong></span> <span class='ocrx_word' id='word_1_496' title='bbox 745 3886 899 3941; x_wconf 80' lang='lat' dir='ltr'><strong>Nosti</strong></span> <span class='ocrx_word' id='word_1_497' title='bbox 925 3903 1070 3949; x_wconf 86' lang='lat' dir='ltr'><strong>vero,</strong></span> <span class='ocrx_word' id='word_1_498' title='bbox 1103 3891 1277 3960; x_wconf 90' lang='lat' dir='ltr'><strong>inquit</strong></span> <span class='ocrx_word' id='word_1_499' title='bbox 1308 3890 1482 3959; x_wconf 77' lang='lat' dir='ltr'><strong>Plato,</strong></span> <span class='ocrx_word' id='word_1_500' title='bbox 1512 3894 1737 3948; x_wconf 80' lang='lat' dir='ltr'><strong>maximi</strong></span> <span class='ocrx_word' id='word_1_501' title='bbox 1779 3899 2044 3953; x_wconf 91' lang='lat' dir='ltr'><strong>momenti</strong></span> <span class='ocrx_word' id='word_1_502' title='bbox 2067 3915 2188 3957; x_wconf 88' lang='lat' dir='ltr'><strong>esse</strong></span> 
     </span>
    </p>
   </div>
   <div class='ocr_carea' id='block_1_73' title="bbox 612 3979 2189 4061">
    <p class='ocr_par' dir='ltr' id='par_1_73' title="bbox 612 3979 2189 4061">
     <span class='ocr_line' id='line_1_74' title="bbox 612 3979 2189 4061; baseline 0.01 -30"><span class='ocrx_word' id='word_1_503' title='bbox 612 3979 797 4047; x_wconf 88' lang='lat' dir='ltr'><strong>operis</strong></span> <span class='ocrx_word' id='word_1_504' title='bbox 845 3979 1107 4051; x_wconf 84' lang='lat' dir='ltr'><strong>cujusque</strong></span> <span class='ocrx_word' id='word_1_505' title='bbox 1139 3983 1491 4055; x_wconf 85' lang='lat' dir='ltr'><strong>principium,</strong></span> <span class='ocrx_word' id='word_1_506' title='bbox 1546 4001 1609 4040; x_wconf 89' lang='lat' dir='ltr'><strong>ac</strong></span> <span class='ocrx_word' id='word_1_507' title='bbox 1656 3990 1952 4056; x_wconf 62' lang='lat' dir='ltr'><strong>praesertim</strong></span> <span class='ocrx_word' id='word_1_508' title='bbox 1999 3991 2050 4045; x_wconf 90' lang='lat' dir='ltr'><strong>in</strong></span> <span class='ocrx_word' id='word_1_509' title='bbox 2094 3993 2189 4061; x_wconf 83' lang='lat' dir='ltr'><strong>ju-</strong></span> 
     </span>
    </p>
   </div>
   <div class='ocr_carea' id='block_1_74' title="bbox 610 4070 2183 4147">
    <p class='ocr_par' dir='ltr' id='par_1_74' title="bbox 610 4070 2183 4147">
     <span class='ocr_line' id='line_1_75' title="bbox 610 4070 2183 4147; baseline 0.011 -28"><span class='ocrx_word' id='word_1_510' title='bbox 610 4079 747 4121; x_wconf 85' lang='lat' dir='ltr'><strong>vene</strong></span> <span class='ocrx_word' id='word_1_511' title='bbox 795 4070 1036 4138; x_wconf 87' lang='lat' dir='ltr'><strong>quolibet</strong></span> <span class='ocrx_word' id='word_1_512' title='bbox 1086 4082 1271 4128; x_wconf 86' lang='lat' dir='ltr'><strong>tenero</strong></span> <span class='ocrx_word' id='word_1_513' title='bbox 1328 4074 1509 4130; x_wconf 81' lang='lat' dir='ltr'><strong>adhuc</strong></span> <span class='ocrx_word' id='word_1_514' title='bbox 1558 4086 1722 4147; x_wconf 86' lang='lat' dir='ltr'><strong>atque</strong></span> <span class='ocrx_word' id='word_1_515' title='bbox 1772 4077 2034 4135; x_wconf 76' lang='lat' dir='ltr'><strong>nexibili:</strong></span> <span class='ocrx_word' id='word_1_516' title='bbox 2071 4090 2183 4137; x_wconf 90' lang='lat' dir='ltr'><strong>tum</strong></span> 
     </span>
    </p>
   </div>
   <div class='ocr_carea' id='block_1_75' title="bbox 610 4158 2181 4239">
    <p class='ocr_par' dir='ltr' id='par_1_75' title="bbox 610 4158 2181 4239">
     <span class='ocr_line' id='line_1_76' title="bbox 610 4158 2181 4239; baseline 0.011 -27"><span class='ocrx_word' id='word_1_517' title='bbox 610 4158 754 4212; x_wconf 85' lang='lat' dir='ltr'><strong>enim</strong></span> <span class='ocrx_word' id='word_1_518' title='bbox 785 4175 845 4214; x_wconf 90' lang='lat' dir='ltr'><strong>ea</strong></span> <span class='ocrx_word' id='word_1_519' title='bbox 877 4162 1131 4231; x_wconf 78' lang='lat' dir='ltr'><strong>maxime,</strong></span> <span class='ocrx_word' id='word_1_520' title='bbox 1161 4180 1323 4235; x_wconf 87' lang='lat' dir='ltr'><strong>quam</strong></span> <span class='ocrx_word' id='word_1_521' title='bbox 1356 4167 1675 4236; x_wconf 85' lang='lat' dir='ltr'><strong>impressam</strong></span> <span class='ocrx_word' id='word_1_522' title='bbox 1701 4170 1897 4239; x_wconf 89' lang='lat' dir='ltr'><strong>cuique</strong></span> <span class='ocrx_word' id='word_1_523' title='bbox 1924 4171 2181 4235; x_wconf 83' lang='lat' dir='ltr'><strong>volneris,</strong></span> 
     </span>
    </p>
   </div>
   <div class='ocr_carea' id='block_1_76' title="bbox 610 4245 2184 4329">
    <p class='ocr_par' dir='ltr' id='par_1_76' title="bbox 610 4245 2184 4329">
     <span class='ocr_line' id='line_1_77' title="bbox 610 4245 2184 4329; baseline 0.01 -27"><span class='ocrx_word' id='word_1_524' title='bbox 610 4245 833 4319; x_wconf 80' lang='lat' dir='ltr'><strong>ﬁngitur</strong></span> <span class='ocrx_word' id='word_1_525' title='bbox 859 4251 1213 4322; x_wconf 86' lang='lat' dir='ltr'><strong>induiturque</strong></span> <span class='ocrx_word' id='word_1_526' title='bbox 1240 4252 1435 4309; x_wconf 83' lang='lat' dir='ltr'><strong>forma.</strong></span> <span class='ocrx_word' id='word_1_527' title='bbox 1472 4254 1707 4313; x_wconf 82' lang='lat' dir='ltr'><strong>Prorsus</strong></span> <span class='ocrx_word' id='word_1_528' title='bbox 1743 4258 1794 4311; x_wconf 92' lang='lat' dir='ltr'><strong>id</strong></span> <span class='ocrx_word' id='word_1_529' title='bbox 1825 4259 2066 4329; x_wconf 63' lang='lat' dir='ltr'><strong>quidem.</strong></span> <span class='ocrx_word' id='word_1_530' title='bbox 2098 4261 2184 4317; x_wconf 82' lang='lat' dir='ltr'><strong>An</strong></span> 
     </span>
    </p>
   </div>
   <div class='ocr_carea' id='block_1_77' title="bbox 613 4338 2186 4424">
    <p class='ocr_par' dir='ltr' id='par_1_77' title="bbox 613 4338 2186 4424">
     <span class='ocr_line' id='line_1_78' title="bbox 613 4338 2186 4424; baseline 0.008 -31"><span class='ocrx_word' id='word_1_531' title='bbox 613 4338 779 4409; x_wconf 75' lang='lat' dir='ltr'><strong>igitur</strong></span> <span class='ocrx_word' id='word_1_532' title='bbox 804 4356 1023 4410; x_wconf 91' lang='lat' dir='ltr'><strong>pueros,</strong></span> <span class='ocrx_word' id='word_1_533' title='bbox 1069 4359 1261 4400; x_wconf 91' lang='lat' dir='ltr'><strong>omnes</strong></span> <span class='ocrx_word' id='word_1_534' title='bbox 1295 4347 1604 4417; x_wconf 78' lang='lat' dir='ltr'><strong>prorniscue</strong></span> <span class='ocrx_word' id='word_1_535' title='bbox 1630 4347 1865 4415; x_wconf 81' lang='lat' dir='ltr'><strong>fabulas,</strong></span> <span class='ocrx_word' id='word_1_536' title='bbox 1914 4362 1964 4405; x_wconf 81' lang='lat' dir='ltr'><strong>et</strong></span> <span class='ocrx_word' id='word_1_537' title='bbox 1991 4367 2019 4408; x_wconf 86' lang='lat' dir='ltr'><strong>a</strong></span> <span class='ocrx_word' id='word_1_538' title='bbox 2048 4367 2186 4424; x_wconf 84' lang='lat' dir='ltr'><strong>quo-</strong></span> 
     </span>
    </p>
   </div>
   <div class='ocr_carea' id='block_1_78' title="bbox 2813 3636 3338 3692">
    <p class='ocr_par' dir='ltr' id='par_1_78' title="bbox 2813 3636 3338 3692">
     <span class='ocr_line' id='line_1_79' title="bbox 2813 3636 3338 3692; baseline 0.004 -2"><span class='ocrx_word' id='word_1_539' title='bbox 2813 3636 3211 3692; x_wconf 78' lang='grc' dir='ltr'><strong>ΚΕΦΑΛΑῘΟΝ</strong></span> <span class='ocrx_word' id='word_1_540' title='bbox 3262 3636 3338 3692; x_wconf 88' lang='lat' dir='ltr'><strong>E&#39;.</strong></span> 
     </span>
    </p>
   </div>
   <div class='ocr_carea' id='block_1_79' title="bbox 2291 3728 3882 3803">
    <p class='ocr_par' dir='ltr' id='par_1_79' title="bbox 2291 3728 3882 3803">
     <span class='ocr_line' id='line_1_80' title="bbox 2291 3728 3882 3803; baseline -0.008 -15"><span class='ocrx_word' id='word_1_541' title='bbox 2291 3735 2422 3789; x_wconf 77' lang='grc' dir='ltr'>Ὀτι</span> <span class='ocrx_word' id='word_1_542' title='bbox 2446 3728 3066 3803; x_wconf 20' lang='grc' dir='ltr'>μὴτοὺςλέπιϐλαϐεῒς</span> <span class='ocrx_word' id='word_1_543' title='bbox 3108 3731 3339 3803; x_wconf 54' lang='lat' dir='ltr'><strong>migon</strong></span> <span class='ocrx_word' id='word_1_544' title='bbox 3368 3729 3492 3795; x_wconf 84' lang='grc' dir='ltr'>τοῖς</span> <span class='ocrx_word' id='word_1_545' title='bbox 3526 3729 3721 3803; x_wconf 58' lang='lat' dir='ltr'><strong>ara/oft,</strong></span> <span class='ocrx_word' id='word_1_546' title='bbox 3762 3733 3882 3801; x_wconf 79' lang='grc' dir='ltr'>μό..</span> 
     </span>
    </p>
   </div>
   <div class='ocr_carea' id='block_1_80' title="bbox 2361 3798 3801 3868">
    <p class='ocr_par' dir='ltr' id='par_1_80' title="bbox 2361 3798 3801 3868">
     <span class='ocr_line' id='line_1_81' title="bbox 2361 3798 3801 3868; baseline -0.002 -11"><span class='ocrx_word' id='word_1_547' title='bbox 2361 3798 2596 3866; x_wconf 58' lang='lat' dir='ltr'><strong>recede</strong></span> <span class='ocrx_word' id='word_1_548' title='bbox 2632 3800 2776 3866; x_wconf 77' lang='grc' dir='ltr'>τοὺς</span> <span class='ocrx_word' id='word_1_549' title='bbox 2810 3800 3151 3868; x_wconf 62' lang='grc' dir='ltr'>ὠφελίμους</span> <span class='ocrx_word' id='word_1_550' title='bbox 3180 3798 3386 3864; x_wconf 82' lang='grc' dir='ltr'>δεήσει</span> <span class='ocrx_word' id='word_1_551' title='bbox 3420 3798 3801 3866; x_wconf 70' lang='grc' dir='ltr'>κατεπᾲδεινῖ.</span> 
     </span>
    </p>
   </div>
   <div class='ocr_carea' id='block_1_81' title="bbox 2364 3888 3883 3963">
    <p class='ocr_par' dir='ltr' id='par_1_81' title="bbox 2364 3888 3883 3963">
     <span class='ocr_line' id='line_1_82' title="bbox 2364 3888 3883 3963; baseline -0.008 -15"><span class='ocrx_word' id='word_1_552' title='bbox 2364 3915 2383 3947; x_wconf 81' lang='grc' dir='ltr'><strong>ι</strong></span> <span class='ocrx_word' id='word_1_553' title='bbox 2417 3893 2624 3948; x_wconf 67' lang='grc' dir='ltr'>Οὐκοῦν</span> <span class='ocrx_word' id='word_1_554' title='bbox 2656 3888 2789 3945; x_wconf 80' lang='grc' dir='ltr'>οἷσθ’</span> <span class='ocrx_word' id='word_1_555' title='bbox 2832 3891 2967 3962; x_wconf 70' lang='grc'><strong>(46),</strong></span> <span class='ocrx_word' id='word_1_556' title='bbox 3018 3891 3099 3944; x_wconf 80' lang='grc' dir='ltr'><strong>ὅτι</strong></span> <span class='ocrx_word' id='word_1_557' title='bbox 3143 3891 3287 3962; x_wconf 85' lang='grc' dir='ltr'>ἀρχὴ</span> <span class='ocrx_word' id='word_1_558' title='bbox 3331 3891 3531 3954; x_wconf 79' lang='grc' dir='ltr'>παντὸς</span> <span class='ocrx_word' id='word_1_559' title='bbox 3571 3891 3733 3963; x_wconf 76' lang='grc' dir='ltr'>ἔργου</span> <span class='ocrx_word' id='word_1_560' title='bbox 3780 3893 3883 3963; x_wconf 78' lang='grc' dir='ltr'>μέ-</span> 
     </span>
    </p>
   </div>
   <div class='ocr_carea' id='block_1_82' title="bbox 2289 3980 3876 4056">
    <p class='ocr_par' dir='ltr' id='par_1_82' title="bbox 2289 3980 3876 4056">
     <span class='ocr_line' id='line_1_83' title="bbox 2289 3980 3876 4056; baseline -0.002 -16"><span class='ocrx_word' id='word_1_561' title='bbox 2289 4002 2493 4056; x_wconf 84' lang='grc' dir='ltr'>γιστον,</span> <span class='ocrx_word' id='word_1_562' title='bbox 2524 3983 2699 4047; x_wconf 72' lang='grc' dir='ltr'>ἄλλως</span> <span class='ocrx_word' id='word_1_563' title='bbox 2732 4000 2791 4036; x_wconf 89' lang='grc' dir='ltr'><strong>τε</strong></span> <span class='ocrx_word' id='word_1_564' title='bbox 2839 3982 2902 4054; x_wconf 76' lang='grc' dir='ltr'><strong>δὴ</strong></span> <span class='ocrx_word' id='word_1_565' title='bbox 2961 3984 3056 4036; x_wconf 74' lang='grc' dir='ltr'><strong>καὶ</strong></span> <span class='ocrx_word' id='word_1_566' title='bbox 3107 3982 3213 4053; x_wconf 82' lang='grc' dir='ltr'>νέῳ</span> <span class='ocrx_word' id='word_1_567' title='bbox 3246 3981 3340 4035; x_wconf 68' lang='grc' dir='ltr'>καὶ</span> <span class='ocrx_word' id='word_1_568' title='bbox 3388 3980 3581 4051; x_wconf 81' lang='grc' dir='ltr'>ἁπαλῷ</span> <span class='ocrx_word' id='word_1_569' title='bbox 3632 3981 3876 4052; x_wconf 77' lang='grc' dir='ltr'>ὁτῳοῦν,</span> 
     </span>
    </p>
   </div>
   <div class='ocr_carea' id='block_1_83' title="bbox 2296 4073 3878 4150">
    <p class='ocr_par' dir='ltr' id='par_1_83' title="bbox 2296 4073 3878 4150">
     <span class='ocr_line' id='line_1_84' title="bbox 2296 4073 3878 4150; baseline -0.004 -17"><span class='ocrx_word' id='word_1_570' title='bbox 2296 4079 2529 4150; x_wconf 88' lang='grc' dir='ltr'>μάλιστα</span> <span class='ocrx_word' id='word_1_571' title='bbox 2557 4075 2666 4149; x_wconf 84' lang='grc' dir='ltr'>γὰρ</span> <span class='ocrx_word' id='word_1_572' title='bbox 2700 4076 2763 4147; x_wconf 86' lang='grc' dir='ltr'><strong>δὴ</strong></span> <span class='ocrx_word' id='word_1_573' title='bbox 2790 4075 2912 4129; x_wconf 78' lang='grc' dir='ltr'>τότε</span> <span class='ocrx_word' id='word_1_574' title='bbox 2948 4074 3244 4128; x_wconf 84' lang='grc' dir='ltr'>πλάττεται</span> <span class='ocrx_word' id='word_1_575' title='bbox 3296 4075 3390 4128; x_wconf 77' lang='grc' dir='ltr'>καὶ</span> <span class='ocrx_word' id='word_1_576' title='bbox 3418 4073 3658 4127; x_wconf 87' lang='grc' dir='ltr'>ἐνδύεται</span> <span class='ocrx_word' id='word_1_577' title='bbox 3684 4074 3878 4141; x_wconf 86' lang='grc' dir='ltr'>τύπος,</span> 
     </span>
    </p>
   </div>
   <div class='ocr_carea' id='block_1_84' title="bbox 2289 4164 3877 4239">
    <p class='ocr_par' dir='ltr' id='par_1_84' title="bbox 2289 4164 3877 4239">
     <span class='ocr_line' id='line_1_85' title="bbox 2289 4164 3877 4239; baseline -0.003 -14"><span class='ocrx_word' id='word_1_578' title='bbox 2289 4171 2348 4225; x_wconf 84' lang='grc' dir='ltr'><strong>δν</strong></span> <span class='ocrx_word' id='word_1_579' title='bbox 2376 4170 2440 4224; x_wconf 79' lang='grc' dir='ltr'><strong>ἄν</strong></span> <span class='ocrx_word' id='word_1_580' title='bbox 2490 4186 2574 4233; x_wconf 80' lang='grc' dir='ltr'><strong>τις</strong></span> <span class='ocrx_word' id='word_1_581' title='bbox 2628 4167 2882 4239; x_wconf 86' lang='grc' dir='ltr'>βούληται</span> <span class='ocrx_word' id='word_1_582' title='bbox 2936 4164 3340 4239; x_wconf 75' lang='grc' dir='ltr'>ἐνσημήνασθαι</span> <span class='ocrx_word' id='word_1_583' title='bbox 3386 4166 3620 4236; x_wconf 79' lang='grc' dir='ltr'>ἑκάστῳ.</span> <span class='ocrx_word' id='word_1_584' title='bbox 3666 4167 3877 4239; x_wconf 78' lang='grc' dir='ltr'>Κομιδῇ</span> 
     </span>
    </p>
   </div>
   <div class='ocr_carea' id='block_1_85' title="bbox 2294 4254 3881 4333">
    <p class='ocr_par' dir='ltr' id='par_1_85' title="bbox 2294 4254 3881 4333">
     <span class='ocr_line' id='line_1_86' title="bbox 2294 4254 3881 4333; baseline -0.001 -20"><span class='ocrx_word' id='word_1_585' title='bbox 2294 4260 2393 4333; x_wconf 80' lang='grc' dir='ltr'><strong>μὲν</strong></span> <span class='ocrx_word' id='word_1_586' title='bbox 2409 4255 2653 4331; x_wconf 70' lang='grc' dir='ltr'>οὖν.⁷Αρ’</span> <span class='ocrx_word' id='word_1_587' title='bbox 2676 4254 2767 4314; x_wconf 81' lang='grc' dir='ltr'><strong>οὖν</strong></span> <span class='ocrx_word' id='word_1_588' title='bbox 2802 4259 2999 4332; x_wconf 65' lang='grc' dir='ltr'>ῥᾳδίως</span> <span class='ocrx_word' id='word_1_589' title='bbox 3028 4258 3169 4311; x_wconf 69' lang='grc' dir='ltr'>οὕτω</span> <span class='ocrx_word' id='word_1_590' title='bbox 3192 4258 3510 4328; x_wconf 85' lang='grc' dir='ltr'>παρήσομεν</span> <span class='ocrx_word' id='word_1_591' title='bbox 3534 4256 3659 4320; x_wconf 77' lang='grc' dir='ltr'>τοὺς</span> <span class='ocrx_word' id='word_1_592' title='bbox 3692 4257 3881 4312; x_wconf 79' lang='grc' dir='ltr'>ἐπιτυ-</span> 
     </span>
    </p>
   </div>
   <div class='ocr_carea' id='block_1_86' title="bbox 2290 4347 3880 4424">
    <p class='ocr_par' dir='ltr' id='par_1_86' title="bbox 2290 4347 3880 4424">
     <span class='ocr_line' id='line_1_87' title="bbox 2290 4347 3880 4424; baseline -0.001 -18"><span class='ocrx_word' id='word_1_593' title='bbox 2290 4353 2485 4424; x_wconf 84' lang='grc' dir='ltr'>χόντας</span> <span class='ocrx_word' id='word_1_594' title='bbox 2518 4351 2722 4423; x_wconf 90' lang='grc' dir='ltr'>μύθους</span> <span class='ocrx_word' id='word_1_595' title='bbox 2754 4350 3093 4414; x_wconf 82' lang='grc' dir='ltr'>πλασθέντας</span> <span class='ocrx_word' id='word_1_596' title='bbox 3134 4347 3353 4404; x_wconf 83' lang='grc' dir='ltr'>ἀκούειν</span> <span class='ocrx_word' id='word_1_597' title='bbox 3378 4349 3502 4412; x_wconf 80' lang='grc' dir='ltr'>τοὺς</span> <span class='ocrx_word' id='word_1_598' title='bbox 3533 4347 3749 4413; x_wconf 85' lang='grc' dir='ltr'>παῖδας,</span> <span class='ocrx_word' id='word_1_599' title='bbox 3781 4350 3880 4404; x_wconf 79' lang='grc' dir='ltr'>καὶ</span> 
     </span>
    </p>
   </div>
   <div class='ocr_carea' id='block_1_87' title="bbox 609 4436 2187 4516">
    <p class='ocr_par' dir='ltr' id='par_1_87' title="bbox 609 4436 2185 4513">
     <span class='ocr_line' id='line_1_88' title="bbox 609 4436 2185 4513; baseline 0.005 -21"><span class='ocrx_word' id='word_1_600' title='bbox 609 4449 829 4506; x_wconf 84' lang='lat' dir='ltr'><strong>cunque</strong></span> <span class='ocrx_word' id='word_1_601' title='bbox 875 4436 1027 4493; x_wconf 87' lang='lat' dir='ltr'><strong>tictas</strong></span> <span class='ocrx_word' id='word_1_602' title='bbox 1073 4439 1285 4505; x_wconf 89' lang='lat' dir='ltr'><strong>audire,</strong></span> <span class='ocrx_word' id='word_1_603' title='bbox 1337 4442 1609 4513; x_wconf 78' lang='lat' dir='ltr'><strong>simulque</strong></span> <span class='ocrx_word' id='word_1_604' title='bbox 1643 4444 1829 4498; x_wconf 88' lang='lat' dir='ltr'><strong>animo</strong></span> <span class='ocrx_word' id='word_1_605' title='bbox 1879 4448 2185 4500; x_wconf 84' lang='lat' dir='ltr'><strong>contrarias</strong></span> 
     </span>
    </p>
   </div>
   <div class='ocr_carea' id='block_1_88' title="bbox 2292 4436 3873 4516">
    <p class='ocr_par' dir='ltr' id='par_1_88' title="bbox 2292 4438 3873 4516">
     <span class='ocr_line' id='line_1_89' title="bbox 2292 4438 3873 4516; baseline -0.002 -19"><span class='ocrx_word' id='word_1_606' title='bbox 2292 4444 2584 4516; x_wconf 87' lang='grc' dir='ltr'>λαμϐάνειν</span> <span class='ocrx_word' id='word_1_607' title='bbox 2620 4444 2677 4496; x_wconf 88' lang='grc' dir='ltr'><strong>ἐν</strong></span> <span class='ocrx_word' id='word_1_608' title='bbox 2701 4445 2819 4505; x_wconf 85' lang='grc' dir='ltr'>ταῖς</span> <span class='ocrx_word' id='word_1_609' title='bbox 2842 4441 3039 4512; x_wconf 73' lang='grc' dir='ltr'>ψυχαῖς</span> <span class='ocrx_word' id='word_1_610' title='bbox 3067 4440 3143 4504; x_wconf 85' lang='grc' dir='ltr'>ὡς</span> <span class='ocrx_word' id='word_1_611' title='bbox 3168 4438 3461 4492; x_wconf 80' lang='grc' dir='ltr'>ἐπιτοπολὺ</span> <span class='ocrx_word' id='word_1_612' title='bbox 3503 4439 3751 4504; x_wconf 88' lang='grc' dir='ltr'>ἐναντίας</span> <span class='ocrx_word' id='word_1_613' title='bbox 3785 4440 3873 4494; x_wconf 78' lang='grc' dir='ltr'><strong>δό-</strong></span> 
     </span>
    </p>
   </div>
   <div class='ocr_carea' id='block_1_89' title="bbox 612 4529 2190 4605">
    <p class='ocr_par' dir='ltr' id='par_1_89' title="bbox 612 4529 2190 4605">
     <span class='ocr_line' id='line_1_90' title="bbox 612 4529 2190 4605; baseline 0.008 -22"><span class='ocrx_word' id='word_1_614' title='bbox 612 4536 675 4583; x_wconf 82' lang='grc' dir='ltr'><strong>υι</strong></span> <span class='ocrx_word' id='word_1_615' title='bbox 721 4529 1014 4597; x_wconf 88' lang='lat' dir='ltr'><strong>plurimum</strong></span> <span class='ocrx_word' id='word_1_616' title='bbox 1050 4529 1119 4586; x_wconf 92' lang='lat' dir='ltr'><strong>iis</strong></span> <span class='ocrx_word' id='word_1_617' title='bbox 1156 4532 1464 4602; x_wconf 88' lang='lat' dir='ltr'><strong>opiniones.</strong></span> <span class='ocrx_word' id='word_1_618' title='bbox 1513 4551 1652 4605; x_wconf 84' lang='lat' dir='ltr'><strong>quas</strong></span> <span class='ocrx_word' id='word_1_619' title='bbox 1707 4537 1800 4590; x_wconf 90' lang='lat' dir='ltr'><strong>ubi</strong></span> <span class='ocrx_word' id='word_1_620' title='bbox 1857 4538 2190 4595; x_wconf 85' lang='lat' dir='ltr'><strong>maturiores</strong></span> 
     </span>
    </p>
   </div>
   <div class='ocr_carea' id='block_1_90' title="bbox 613 4619 2192 4691">
    <p class='ocr_par' dir='ltr' id='par_1_90' title="bbox 613 4619 2192 4691">
     <span class='ocr_line' id='line_1_91' title="bbox 613 4619 2192 4691; baseline 0.006 -14"><span class='ocrx_word' id='word_1_621' title='bbox 613 4619 839 4688; x_wconf 78' lang='lat' dir='ltr'><strong>fuerint,</strong></span> <span class='ocrx_word' id='word_1_622' title='bbox 868 4622 1066 4677; x_wconf 91' lang='lat' dir='ltr'><strong>habere</strong></span> <span class='ocrx_word' id='word_1_623' title='bbox 1096 4624 1218 4678; x_wconf 89' lang='lat' dir='ltr'><strong>illos</strong></span> <span class='ocrx_word' id='word_1_624' title='bbox 1249 4626 1502 4691; x_wconf 76' lang='lat' dir='ltr'><strong>velimus,</strong></span> <span class='ocrx_word' id='word_1_625' title='bbox 1546 4636 1746 4681; x_wconf 87' lang='lat' dir='ltr'><strong>temere</strong></span> <span class='ocrx_word' id='word_1_626' title='bbox 1775 4645 1837 4683; x_wconf 87' lang='lat' dir='ltr'><strong>ac</strong></span> <span class='ocrx_word' id='word_1_627' title='bbox 1870 4630 2060 4684; x_wconf 80' lang='lat' dir='ltr'><strong>leviter</strong></span> <span class='ocrx_word' id='word_1_628' title='bbox 2090 4632 2192 4686; x_wconf 87' lang='lat' dir='ltr'><strong>im-</strong></span> 
     </span>
    </p>
   </div>
   <div class='ocr_carea' id='block_1_91' title="bbox 617 4712 2188 4790">
    <p class='ocr_par' dir='ltr' id='par_1_91' title="bbox 617 4712 2188 4790">
     <span class='ocr_line' id='line_1_92' title="bbox 617 4712 2188 4790; baseline 0.006 -23"><span class='ocrx_word' id='word_1_629' title='bbox 617 4712 802 4767; x_wconf 87' lang='lat' dir='ltr'><strong>bibere</strong></span> <span class='ocrx_word' id='word_1_630' title='bbox 859 4715 1172 4782; x_wconf 83' lang='lat' dir='ltr'><strong>patiemur?</strong></span> <span class='ocrx_word' id='word_1_631' title='bbox 1221 4714 1280 4768; x_wconf 89' lang='lat' dir='ltr'><strong>Id</strong></span> <span class='ocrx_word' id='word_1_632' title='bbox 1332 4732 1463 4771; x_wconf 90' lang='lat' dir='ltr'><strong>vero</strong></span> <span class='ocrx_word' id='word_1_633' title='bbox 1528 4719 1838 4775; x_wconf 86' lang='lat' dir='ltr'><strong>nullatenus</strong></span> <span class='ocrx_word' id='word_1_634' title='bbox 1902 4725 2188 4790; x_wconf 83' lang='lat' dir='ltr'><strong>patiemur.</strong></span> 
     </span>
    </p>
   </div>
   <div class='ocr_carea' id='block_1_92' title="bbox 626 4801 2192 4874">
    <p class='ocr_par' dir='ltr' id='par_1_92' title="bbox 626 4801 2192 4874">
     <span class='ocr_line' id='line_1_93' title="bbox 626 4801 2192 4874; baseline 0.006 -14"><span class='ocrx_word' id='word_1_635' title='bbox 626 4801 872 4860; x_wconf 84' lang='lat' dir='ltr'><strong>Primum</strong></span> <span class='ocrx_word' id='word_1_636' title='bbox 926 4819 1058 4874; x_wconf 81' lang='lat' dir='ltr'><strong>ergo</strong></span> <span class='ocrx_word' id='word_1_637' title='bbox 1108 4805 1286 4869; x_wconf 90' lang='lat' dir='ltr'><strong>nobis,</strong></span> <span class='ocrx_word' id='word_1_638' title='bbox 1322 4809 1582 4874; x_wconf 90' lang='lat' dir='ltr'><strong>utvideo,</strong></span> <span class='ocrx_word' id='word_1_639' title='bbox 1617 4810 1668 4863; x_wconf 92' lang='lat' dir='ltr'><strong>in</strong></span> <span class='ocrx_word' id='word_1_640' title='bbox 1729 4812 1848 4866; x_wconf 88' lang='lat' dir='ltr'><strong>illos</strong></span> <span class='ocrx_word' id='word_1_641' title='bbox 1887 4813 2192 4870; x_wconf 81' lang='lat' dir='ltr'><strong>fabularum</strong></span> 
     </span>
    </p>
   </div>
   <div class='ocr_carea' id='block_1_93' title="bbox 616 4896 2193 4977">
    <p class='ocr_par' dir='ltr' id='par_1_93' title="bbox 616 4896 2193 4977">
     <span class='ocr_line' id='line_1_94' title="bbox 616 4896 2193 4977; baseline 0.007 -27"><span class='ocrx_word' id='word_1_642' title='bbox 616 4896 855 4950; x_wconf 80' lang='lat' dir='ltr'><strong>artiﬁces</strong></span> <span class='ocrx_word' id='word_1_643' title='bbox 897 4896 1184 4966; x_wconf 82' lang='lat' dir='ltr'><strong>diligenter</strong></span> <span class='ocrx_word' id='word_1_644' title='bbox 1236 4898 1623 4968; x_wconf 86' lang='lat' dir='ltr'><strong>inquirendum</strong></span> <span class='ocrx_word' id='word_1_645' title='bbox 1671 4904 1885 4968; x_wconf 64' lang='lat' dir='ltr'><strong>crit,&#39;ut</strong></span> <span class='ocrx_word' id='word_1_646' title='bbox 1917 4921 2055 4973; x_wconf 77' lang='lat' dir='ltr'><strong>quas</strong></span> <span class='ocrx_word' id='word_1_647' title='bbox 2088 4908 2193 4977; x_wconf 91' lang='lat' dir='ltr'><strong>ipsi</strong></span> 
     </span>
    </p>
   </div>
   <div class='ocr_carea' id='block_1_94' title="bbox 622 4989 2194 5063">
    <p class='ocr_par' dir='ltr' id='par_1_94' title="bbox 622 4989 2194 5063">
     <span class='ocr_line' id='line_1_95' title="bbox 622 4989 2194 5063; baseline 0.006 -22"><span class='ocrx_word' id='word_1_648' title='bbox 622 4996 764 5041; x_wconf 79' lang='lat' dir='ltr'><strong>recte</strong></span> <span class='ocrx_word' id='word_1_649' title='bbox 810 4995 867 5040; x_wconf 90' lang='lat' dir='ltr'><strong>et</strong></span> <span class='ocrx_word' id='word_1_650' title='bbox 896 5003 1018 5041; x_wconf 91' lang='lat' dir='ltr'><strong>cum</strong></span> <span class='ocrx_word' id='word_1_651' title='bbox 1074 4989 1337 5058; x_wconf 78' lang='lat' dir='ltr'><strong>dignitate</strong></span> <span class='ocrx_word' id='word_1_652' title='bbox 1367 4993 1751 5054; x_wconf 78' lang='lat' dir='ltr'><strong>conlinxerint.</strong></span> <span class='ocrx_word' id='word_1_653' title='bbox 1794 4995 2087 5063; x_wconf 77' lang='lat' dir='ltr'><strong>seligamus</strong></span> <span class='ocrx_word' id='word_1_654' title='bbox 2131 5011 2194 5049; x_wconf 87' lang='lat' dir='ltr'><strong>ac</strong></span> 
     </span>
    </p>
   </div>
   <div class='ocr_carea' id='block_1_95' title="bbox 617 5079 2192 5155">
    <p class='ocr_par' dir='ltr' id='par_1_95' title="bbox 617 5079 2192 5155">
     <span class='ocr_line' id='line_1_96' title="bbox 617 5079 2192 5155; baseline 0.007 -26"><span class='ocrx_word' id='word_1_655' title='bbox 617 5079 910 5155; x_wconf 86' lang='lat' dir='ltr'><strong>probemus</strong></span> <span class='ocrx_word' id='word_1_656' title='bbox 939 5095 953 5133; x_wconf 90' lang='lat'><strong>:</strong></span> <span class='ocrx_word' id='word_1_657' title='bbox 995 5094 1133 5148; x_wconf 87' lang='lat' dir='ltr'><strong>quas</strong></span> <span class='ocrx_word' id='word_1_658' title='bbox 1169 5082 1350 5135; x_wconf 82' lang='lat' dir='ltr'><strong>minus</strong></span> <span class='ocrx_word' id='word_1_659' title='bbox 1380 5082 1627 5147; x_wconf 81' lang='lat' dir='ltr'><strong>honeste,</strong></span> <span class='ocrx_word' id='word_1_660' title='bbox 1661 5085 2048 5153; x_wconf 83' lang='lat' dir='ltr'><strong>repudiemus:</strong></span> <span class='ocrx_word' id='word_1_661' title='bbox 2080 5095 2192 5140; x_wconf 85' lang='lat' dir='ltr'><strong>tum</strong></span> 
     </span>
    </p>
   </div>
   <div class='ocr_carea' id='block_1_96' title="bbox 619 5170 2196 5243">
    <p class='ocr_par' dir='ltr' id='par_1_96' title="bbox 619 5170 2196 5243">
     <span class='ocr_line' id='line_1_97' title="bbox 619 5170 2196 5243; baseline 0.006 -20"><span class='ocrx_word' id='word_1_662' title='bbox 619 5171 1012 5240; x_wconf 60' lang='lat' dir='ltr'><strong>probataaqna:</strong></span> <span class='ocrx_word' id='word_1_663' title='bbox 1052 5170 1274 5238; x_wconf 76' lang='lat' dir='ltr'><strong>fuerint,</strong></span> <span class='ocrx_word' id='word_1_664' title='bbox 1336 5175 1477 5242; x_wconf 87' lang='lat' dir='ltr'><strong>apud</strong></span> <span class='ocrx_word' id='word_1_665' title='bbox 1537 5175 1777 5229; x_wconf 75' lang='lat' dir='ltr'><strong>nutrices</strong></span> <span class='ocrx_word' id='word_1_666' title='bbox 1827 5189 1891 5228; x_wconf 82' lang='lat' dir='ltr'><strong>ac</strong></span> <span class='ocrx_word' id='word_1_667' title='bbox 1944 5184 2196 5243; x_wconf 83' lang='lat' dir='ltr'><strong>parentes</strong></span> 
     </span>
    </p>
   </div>
   <div class='ocr_carea' id='block_1_97' title="bbox 619 5260 2193 5332">
    <p class='ocr_par' dir='ltr' id='par_1_97' title="bbox 619 5260 2193 5332">
     <span class='ocr_line' id='line_1_98' title="bbox 619 5260 2193 5332; baseline 0.006 -19"><span class='ocrx_word' id='word_1_668' title='bbox 619 5260 958 5314; x_wconf 68' lang='lat' dir='ltr'><strong>etiicieudnm</strong></span> <span class='ocrx_word' id='word_1_669' title='bbox 1002 5263 1126 5328; x_wconf 86' lang='lat' dir='ltr'><strong>erit,</strong></span> <span class='ocrx_word' id='word_1_670' title='bbox 1175 5271 1236 5316; x_wconf 90' lang='lat' dir='ltr'><strong>ut</strong></span> <span class='ocrx_word' id='word_1_671' title='bbox 1286 5277 1379 5317; x_wconf 88' lang='lat' dir='ltr'><strong>eas</strong></span> <span class='ocrx_word' id='word_1_672' title='bbox 1436 5265 1618 5332; x_wconf 86' lang='lat' dir='ltr'><strong>pueris</strong></span> <span class='ocrx_word' id='word_1_673' title='bbox 1671 5264 1902 5319; x_wconf 80' lang='lat' dir='ltr'><strong>subinde</strong></span> <span class='ocrx_word' id='word_1_674' title='bbox 1952 5277 2193 5331; x_wconf 87' lang='lat' dir='ltr'><strong>narrent,</strong></span> 
     </span>
    </p>
   </div>
   <div class='ocr_carea' id='block_1_98' title="bbox 621 5350 2194 5424">
    <p class='ocr_par' dir='ltr' id='par_1_98' title="bbox 621 5350 2194 5424">
     <span class='ocr_line' id='line_1_99' title="bbox 621 5350 2194 5424; baseline 0.004 -19"><span class='ocrx_word' id='word_1_675' title='bbox 621 5350 822 5419; x_wconf 84' lang='lat' dir='ltr'><strong>quibus</strong></span> <span class='ocrx_word' id='word_1_676' title='bbox 858 5366 1048 5405; x_wconf 90' lang='lat' dir='ltr'><strong>eorum</strong></span> <span class='ocrx_word' id='word_1_677' title='bbox 1077 5353 1292 5406; x_wconf 89' lang='lat' dir='ltr'><strong>animos</strong></span> <span class='ocrx_word' id='word_1_678' title='bbox 1342 5355 1514 5409; x_wconf 89' lang='lat' dir='ltr'><strong>multo</strong></span> <span class='ocrx_word' id='word_1_679' title='bbox 1543 5356 1715 5422; x_wconf 78' lang='lat' dir='ltr'><strong>magis</strong></span> <span class='ocrx_word' id='word_1_680' title='bbox 1768 5356 1990 5423; x_wconf 73' lang='lat' dir='ltr'><strong>ﬁngant,</strong></span> <span class='ocrx_word' id='word_1_681' title='bbox 2030 5372 2194 5424; x_wconf 88' lang='lat' dir='ltr'><strong>quam</strong></span> 
     </span>
    </p>
   </div>
   <div class='ocr_carea' id='block_1_99' title="bbox 623 5443 2194 5515">
    <p class='ocr_par' dir='ltr' id='par_1_99' title="bbox 623 5443 2194 5515">
     <span class='ocr_line' id='line_1_100' title="bbox 623 5443 2194 5515; baseline 0.004 -18"><span class='ocrx_word' id='word_1_682' title='bbox 623 5457 851 5509; x_wconf 72' lang='lat' dir='ltr'><strong>corpora</strong></span> <span class='ocrx_word' id='word_1_683' title='bbox 890 5444 1163 5499; x_wconf 88' lang='lat' dir='ltr'><strong>manibus.</strong></span> <span class='ocrx_word' id='word_1_684' title='bbox 1195 5443 1346 5509; x_wconf 86' lang='lat' dir='ltr'><strong>Quas</strong></span> <span class='ocrx_word' id='word_1_685' title='bbox 1374 5457 1554 5499; x_wconf 86' lang='lat' dir='ltr'><strong>autem</strong></span> <span class='ocrx_word' id='word_1_686' title='bbox 1598 5445 1704 5501; x_wconf 89' lang='lat' dir='ltr'><strong>illis</strong></span> <span class='ocrx_word' id='word_1_687' title='bbox 1736 5462 1881 5503; x_wconf 89' lang='lat' dir='ltr'><strong>nunc</strong></span> <span class='ocrx_word' id='word_1_688' title='bbox 1915 5448 2194 5515; x_wconf 81' lang='lat' dir='ltr'><strong>occinunt,</strong></span> 
     </span>
    </p>
   </div>
   <div class='ocr_carea' id='block_1_100' title="bbox 681 5532 1392 5600">
    <p class='ocr_par' dir='ltr' id='par_1_100' title="bbox 681 5532 1392 5600">
     <span class='ocr_line' id='line_1_101' title="bbox 681 5532 1392 5600; baseline 0.011 -16"><span class='ocrx_word' id='word_1_689' title='bbox 681 5532 727 5565; x_wconf 81' lang='lat'>“</span> <span class='ocrx_word' id='word_1_690' title='bbox 767 5532 807 5585; x_wconf 95' lang='lat' dir='ltr'><strong>ll</strong></span> <span class='ocrx_word' id='word_1_691' title='bbox 839 5533 1014 5588; x_wconf 75' lang='lat' dir='ltr'><strong>Maeli.</strong></span> <span class='ocrx_word' id='word_1_692' title='bbox 1054 5550 1146 5600; x_wconf 81' lang='lat' dir='ltr'><strong>xv,</strong></span> <span class='ocrx_word' id='word_1_693' title='bbox 1184 5535 1268 5597; x_wconf 72' lang='lat' dir='ltr'><strong>l2,</strong></span> <span class='ocrx_word' id='word_1_694' title='bbox 1307 5537 1392 5593; x_wconf 75' lang='grc'><strong>14.</strong></span> 
     </span>
    </p>
   </div>
   <div class='ocr_carea' id='block_1_101' title="bbox 592 5622 2194 5703">
    <p class='ocr_par' dir='ltr' id='par_1_101' title="bbox 592 5622 2194 5703">
     <span class='ocr_line' id='line_1_102' title="bbox 592 5622 2194 5703; baseline 0.003 -23"><span class='ocrx_word' id='word_1_695' title='bbox 592 5670 603 5680; x_wconf 81' lang='lat'><strong>.</strong></span> <span class='ocrx_word' id='word_1_696' title='bbox 630 5691 671 5703; x_wconf 83' lang='lat'><strong>__</strong></span> <span class='ocrx_word' id='word_1_697' title='bbox 697 5622 808 5703; x_wconf 60' lang='grc' dir='ltr'><strong>(μ)</strong></span> <span class='ocrx_word' id='word_1_698' title='bbox 844 5625 955 5680; x_wconf 72' lang='grc' dir='ltr'><strong>Καὶ</strong></span> <span class='ocrx_word' id='word_1_699' title='bbox 991 5625 1107 5680; x_wconf 72' lang='grc' dir='ltr'><strong>τῶν</strong></span> <span class='ocrx_word' id='word_1_700' title='bbox 1135 5625 1308 5682; x_wconf 76' lang='grc' dir='ltr'>και-τί.</span> <span class='ocrx_word' id='word_1_701' title='bbox 1350 5627 1534 5692; x_wconf 86' lang='lat' dir='ltr'><strong>Plato,</strong></span> <span class='ocrx_word' id='word_1_702' title='bbox 1631 5628 1944 5703; x_wconf 61' lang='grc' dir='ltr'>τῶνκατά,</span> <span class='ocrx_word' id='word_1_703' title='bbox 1973 5632 2194 5687; x_wconf 80' lang='lat' dir='ltr'><strong>rectius.</strong></span> 
     </span>
    </p>
   </div>
   <div class='ocr_carea' id='block_1_102' title="bbox 629 5691 2198 5777">
    <p class='ocr_par' dir='ltr' id='par_1_102' title="bbox 629 5691 2198 5777">
     <span class='ocr_line' id='line_1_103' title="bbox 629 5691 2198 5777; baseline 0.009 -34"><span class='ocrx_word' id='word_1_704' title='bbox 629 5691 807 5773; x_wconf 68' lang='lat' dir='ltr'><strong>Malim</strong></span> <span class='ocrx_word' id='word_1_705' title='bbox 841 5705 1018 5751; x_wconf 79' lang='lat' dir='ltr'><strong>tamen</strong></span> <span class='ocrx_word' id='word_1_706' title='bbox 1056 5706 1341 5767; x_wconf 81' lang='lat' dir='ltr'><strong>utramque</strong></span> <span class='ocrx_word' id='word_1_707' title='bbox 1391 5691 1859 5758; x_wconf 74' lang='lat' dir='ltr'><strong>vocem&quot;adhiberi</strong></span> <span class='ocrx_word' id='word_1_708' title='bbox 1892 5691 2059 5777; x_wconf 73' lang='grc' dir='ltr'>καὶ</span> <span class='ocrx_word' id='word_1_709' title='bbox 2092 5703 2198 5757; x_wconf 83' lang='grc' dir='ltr'><strong>τῶν</strong></span> 
     </span>
    </p>
   </div>
   <div class='ocr_carea' id='block_1_103' title="bbox 630 5778 787 5821">
    <p class='ocr_par' dir='ltr' id='par_1_103' title="bbox 630 5778 787 5821">
     <span class='ocr_line' id='line_1_104' title="bbox 630 5778 787 5821; baseline 0 -6"><span class='ocrx_word' id='word_1_710' title='bbox 630 5778 787 5821; x_wconf 70' lang='grc' dir='ltr'>κατα,</span> 
     </span>
    </p>
   </div>
   <div class='ocr_carea' id='block_1_104' title="bbox 2294 4530 3882 4603">
    <p class='ocr_par' dir='ltr' id='par_1_104' title="bbox 2294 4530 3882 4603">
     <span class='ocr_line' id='line_1_105' title="bbox 2294 4530 3882 4603; baseline -0.003 -14"><span class='ocrx_word' id='word_1_711' title='bbox 2294 4535 2387 4601; x_wconf 83' lang='grc' dir='ltr'><strong>ξας</strong></span> <span class='ocrx_word' id='word_1_712' title='bbox 2416 4536 2670 4599; x_wconf 82' lang='grc' dir='ltr'>ἐκείναις,</span> <span class='ocrx_word' id='word_1_713' title='bbox 2706 4533 2774 4597; x_wconf 71' lang='grc' dir='ltr'>ἃς</span> <span class='ocrx_word' id='word_1_714' title='bbox 2805 4531 3026 4586; x_wconf 84' lang='grc' dir='ltr'>ἐπειδὰν</span> <span class='ocrx_word' id='word_1_715' title='bbox 3084 4530 3467 4596; x_wconf 84' lang='grc' dir='ltr'>τελειωθῶσιν,</span> <span class='ocrx_word' id='word_1_716' title='bbox 3522 4531 3667 4602; x_wconf 73' lang='grc' dir='ltr'>ἔχειν</span> <span class='ocrx_word' id='word_1_717' title='bbox 3695 4532 3882 4603; x_wconf 78' lang='grc' dir='ltr'>οἰησό-</span> 
     </span>
    </p>
   </div>
   <div class='ocr_carea' id='block_1_105' title="bbox 2296 4617 3879 4695">
    <p class='ocr_par' dir='ltr' id='par_1_105' title="bbox 2296 4617 3879 4695">
     <span class='ocr_line' id='line_1_106' title="bbox 2296 4617 3879 4695; baseline 0 -20"><span class='ocrx_word' id='word_1_718' title='bbox 2296 4621 2433 4694; x_wconf 87' lang='grc' dir='ltr'>μεθα</span> <span class='ocrx_word' id='word_1_719' title='bbox 2452 4622 2561 4675; x_wconf 86' lang='grc' dir='ltr'>δεῖν</span> <span class='ocrx_word' id='word_1_720' title='bbox 2579 4620 2773 4684; x_wconf 71' lang='grc' dir='ltr'>αὐτούς</span> <span class='ocrx_word' id='word_1_721' title='bbox 2788 4636 2803 4686; x_wconf 90' lang='grc'>;</span> <span class='ocrx_word' id='word_1_722' title='bbox 2820 4619 2943 4673; x_wconf 76' lang='grc' dir='ltr'>Οὐδ’</span> <span class='ocrx_word' id='word_1_723' title='bbox 2966 4617 3270 4673; x_wconf 77' lang='grc' dir='ltr'>ὁπωστιοῦν</span> <span class='ocrx_word' id='word_1_724' title='bbox 3288 4620 3436 4691; x_wconf 85' lang='grc' dir='ltr'>παρή</span> <span class='ocrx_word' id='word_1_725' title='bbox 3446 4637 3630 4690; x_wconf 91' lang='grc' dir='ltr'>σομεν.</span> <span class='ocrx_word' id='word_1_726' title='bbox 3649 4620 3879 4695; x_wconf 77' lang='grc' dir='ltr'>Πρῶτον</span> 
     </span>
    </p>
   </div>
   <div class='ocr_carea' id='block_1_106' title="bbox 2297 4710 3878 4785">
    <p class='ocr_par' dir='ltr' id='par_1_106' title="bbox 2297 4710 3878 4785">
     <span class='ocr_line' id='line_1_107' title="bbox 2297 4710 3878 4785; baseline 0.001 -20"><span class='ocrx_word' id='word_1_727' title='bbox 2297 4713 2394 4782; x_wconf 75' lang='grc' dir='ltr'><strong>μὲν</strong></span> <span class='ocrx_word' id='word_1_728' title='bbox 2428 4712 2493 4784; x_wconf 80' lang='grc' dir='ltr'>δὴ</span> <span class='ocrx_word' id='word_1_729' title='bbox 2527 4714 2678 4783; x_wconf 78' lang='grc' dir='ltr'>ἡμῖν,</span> <span class='ocrx_word' id='word_1_730' title='bbox 2715 4712 2791 4775; x_wconf 86' lang='grc' dir='ltr'>ὡς</span> <span class='ocrx_word' id='word_1_731' title='bbox 2821 4710 3014 4775; x_wconf 79' lang='grc' dir='ltr'>ἔοικεν,</span> <span class='ocrx_word' id='word_1_732' title='bbox 3051 4711 3366 4765; x_wconf 81' lang='grc' dir='ltr'>ἐπιστατέον</span> <span class='ocrx_word' id='word_1_733' title='bbox 3395 4715 3508 4777; x_wconf 81' lang='grc' dir='ltr'>τοῖς</span> <span class='ocrx_word' id='word_1_734' title='bbox 3539 4712 3878 4785; x_wconf 76' lang='grc' dir='ltr'>μυθοποιοῖς’</span> 
     </span>
    </p>
   </div>
   <div class='ocr_carea' id='block_1_107' title="bbox 2292 4802 3875 4877">
    <p class='ocr_par' dir='ltr' id='par_1_107' title="bbox 2292 4802 3875 4877">
     <span class='ocr_line' id='line_1_108' title="bbox 2292 4802 3875 4877; baseline 0.002 -20"><span class='ocrx_word' id='word_1_735' title='bbox 2292 4805 2387 4857; x_wconf 66' lang='grc' dir='ltr'><strong>καὶ</strong></span> <span class='ocrx_word' id='word_1_736' title='bbox 2415 4803 2473 4858; x_wconf 85' lang='grc' dir='ltr'>ὃν</span> <span class='ocrx_word' id='word_1_737' title='bbox 2505 4804 2605 4875; x_wconf 89' lang='grc' dir='ltr'><strong>μέν</strong></span> <span class='ocrx_word' id='word_1_738' title='bbox 2649 4802 2715 4857; x_wconf 81' lang='grc' dir='ltr'>ἃν</span> <span class='ocrx_word' id='word_1_739' title='bbox 2745 4803 2909 4857; x_wconf 81' lang='grc' dir='ltr'>καλὸν</span> <span class='ocrx_word' id='word_1_740' title='bbox 2974 4802 3141 4872; x_wconf 82' lang='grc' dir='ltr'>μῦθον</span> <span class='ocrx_word' id='word_1_741' title='bbox 3202 4805 3522 4875; x_wconf 84' lang='grc' dir='ltr'>ποιήσωσιν,</span> <span class='ocrx_word' id='word_1_742' title='bbox 3571 4805 3875 4877; x_wconf 70' lang='grc' dir='ltr'>ἐγκριτέονο</span> 
     </span>
    </p>
   </div>
   <div class='ocr_carea' id='block_1_108' title="bbox 2292 4894 3881 4970">
    <p class='ocr_par' dir='ltr' id='par_1_108' title="bbox 2292 4894 3881 4970">
     <span class='ocr_line' id='line_1_109' title="bbox 2292 4894 3881 4970; baseline 0.003 -21"><span class='ocrx_word' id='word_1_743' title='bbox 2292 4896 2351 4949; x_wconf 85' lang='grc' dir='ltr'>ὃν</span> <span class='ocrx_word' id='word_1_744' title='bbox 2409 4895 2455 4947; x_wconf 85' lang='grc' dir='ltr'>δ’</span> <span class='ocrx_word' id='word_1_745' title='bbox 2498 4895 2563 4948; x_wconf 85' lang='grc' dir='ltr'><strong>ἂν</strong></span> <span class='ocrx_word' id='word_1_746' title='bbox 2600 4894 2694 4966; x_wconf 86' lang='grc' dir='ltr'>μὴ,</span> <span class='ocrx_word' id='word_1_747' title='bbox 2733 4895 3076 4968; x_wconf 85' lang='grc' dir='ltr'>ἀποκριτέον.</span> <span class='ocrx_word' id='word_1_748' title='bbox 3114 4897 3252 4961; x_wconf 74' lang='grc' dir='ltr'>Τοὺς</span> <span class='ocrx_word' id='word_1_749' title='bbox 3294 4897 3340 4951; x_wconf 78' lang='grc' dir='ltr'>δ’</span> <span class='ocrx_word' id='word_1_750' title='bbox 3368 4898 3722 4970; x_wconf 78' lang='grc' dir='ltr'>ἐγκριθέντας</span> <span class='ocrx_word' id='word_1_751' title='bbox 3761 4900 3881 4954; x_wconf 75' lang='grc' dir='ltr'>πεί-ο</span> 
     </span>
    </p>
   </div>
   <div class='ocr_carea' id='block_1_109' title="bbox 2296 4986 3878 5060">
    <p class='ocr_par' dir='ltr' id='par_1_109' title="bbox 2296 4986 3878 5060">
     <span class='ocr_line' id='line_1_110' title="bbox 2296 4986 3878 5060; baseline 0.004 -21"><span class='ocrx_word' id='word_1_752' title='bbox 2296 5004 2461 5056; x_wconf 79' lang='grc' dir='ltr'>σομεν</span> <span class='ocrx_word' id='word_1_753' title='bbox 2488 4987 2588 5048; x_wconf 74' lang='grc' dir='ltr'>τὰς</span> <span class='ocrx_word' id='word_1_754' title='bbox 2609 4986 2817 5058; x_wconf 70' lang='grc' dir='ltr'>τροφάς</span> <span class='ocrx_word' id='word_1_755' title='bbox 2863 5004 2923 5040; x_wconf 88' lang='grc' dir='ltr'><strong>τε</strong></span> <span class='ocrx_word' id='word_1_756' title='bbox 2959 4989 3051 5041; x_wconf 82' lang='grc' dir='ltr'>καὶ</span> <span class='ocrx_word' id='word_1_757' title='bbox 3080 4989 3322 5060; x_wconf 80' lang='grc' dir='ltr'>μητέρας</span> <span class='ocrx_word' id='word_1_758' title='bbox 3341 4989 3519 5058; x_wconf 90' lang='grc' dir='ltr'>λέγειν</span> <span class='ocrx_word' id='word_1_759' title='bbox 3552 4993 3665 5056; x_wconf 89' lang='grc' dir='ltr'>τοῖς</span> <span class='ocrx_word' id='word_1_760' title='bbox 3696 4991 3878 5059; x_wconf 79' lang='grc' dir='ltr'>παισὶ,</span> 
     </span>
    </p>
   </div>
   <div class='ocr_carea' id='block_1_110' title="bbox 2296 5077 3878 5154">
    <p class='ocr_par' dir='ltr' id='par_1_110' title="bbox 2296 5077 3878 5154">
     <span class='ocr_line' id='line_1_111' title="bbox 2296 5077 3878 5154; baseline 0.005 -23"><span class='ocrx_word' id='word_1_761' title='bbox 2296 5078 2388 5131; x_wconf 72' lang='grc' dir='ltr'><strong>καὶ</strong></span> <span class='ocrx_word' id='word_1_762' title='bbox 2417 5077 2670 5131; x_wconf 87' lang='grc' dir='ltr'>πλάττειν</span> <span class='ocrx_word' id='word_1_763' title='bbox 2712 5078 2810 5143; x_wconf 83' lang='grc' dir='ltr'><strong>τὰς</strong></span> <span class='ocrx_word' id='word_1_764' title='bbox 2863 5078 3042 5150; x_wconf 81' lang='grc' dir='ltr'>ψυχὰς</span> <span class='ocrx_word' id='word_1_765' title='bbox 3096 5080 3278 5135; x_wconf 84' lang='grc' dir='ltr'>αὐτῶν</span> <span class='ocrx_word' id='word_1_766' title='bbox 3327 5084 3440 5146; x_wconf 84' lang='grc' dir='ltr'>τοῖς</span> <span class='ocrx_word' id='word_1_767' title='bbox 3502 5082 3695 5154; x_wconf 86' lang='grc' dir='ltr'>μύθοις</span> <span class='ocrx_word' id='word_1_768' title='bbox 3740 5086 3878 5139; x_wconf 80' lang='grc' dir='ltr'>πολὺ</span> 
     </span>
    </p>
   </div>
   <div class='ocr_carea' id='block_1_111' title="bbox 2300 5166 3881 5245">
    <p class='ocr_par' dir='ltr' id='par_1_111' title="bbox 2300 5166 3881 5245">
     <span class='ocr_line' id='line_1_112' title="bbox 2300 5166 3881 5245; baseline 0.009 -25"><span class='ocrx_word' id='word_1_769' title='bbox 2300 5167 2498 5238; x_wconf 74' lang='grc' dir='ltr'>μᾶλλον</span> <span class='ocrx_word' id='word_1_770' title='bbox 2527 5167 2654 5240; x_wconf 79' lang='grc' dir='ltr'>ἢ.τά</span> <span class='ocrx_word' id='word_1_771' title='bbox 2690 5167 2917 5240; x_wconf 81' lang='grc' dir='ltr'>σώματα</span> <span class='ocrx_word' id='word_1_772' title='bbox 2958 5174 3082 5235; x_wconf 89' lang='grc' dir='ltr'>ταῖς</span> <span class='ocrx_word' id='word_1_773' title='bbox 3134 5171 3341 5245; x_wconf 87' lang='grc' dir='ltr'>χερσίν.</span> <span class='ocrx_word' id='word_1_774' title='bbox 3395 5166 3494 5227; x_wconf 83' lang='grc' dir='ltr'>Ὧν</span> <span class='ocrx_word' id='word_1_775' title='bbox 3526 5173 3585 5228; x_wconf 83' lang='grc' dir='ltr'>δὲ</span> <span class='ocrx_word' id='word_1_776' title='bbox 3643 5175 3738 5229; x_wconf 83' lang='grc' dir='ltr'>νῦν</span> <span class='ocrx_word' id='word_1_777' title='bbox 3789 5174 3881 5234; x_wconf 65' lang='grc' dir='ltr'><strong>λέ·</strong></span> 
     </span>
    </p>
   </div>
   <div class='ocr_carea' id='block_1_112' title="bbox 2297 5256 3881 5335">
    <p class='ocr_par' dir='ltr' id='par_1_112' title="bbox 2297 5256 3881 5335">
     <span class='ocr_line' id='line_1_113' title="bbox 2297 5256 3881 5335; baseline 0.006 -26"><span class='ocrx_word' id='word_1_778' title='bbox 2297 5272 2453 5324; x_wconf 78' lang='grc' dir='ltr'>γουσι</span> <span class='ocrx_word' id='word_1_779' title='bbox 2473 5257 2598 5320; x_wconf 75' lang='grc' dir='ltr'>τοὺς</span> <span class='ocrx_word' id='word_1_780' title='bbox 2621 5256 2846 5321; x_wconf 71' lang='grc' dir='ltr'>πολλοὺς</span> <span class='ocrx_word' id='word_1_781' title='bbox 2867 5259 3179 5331; x_wconf 80' lang='grc' dir='ltr'>ἐκϐλητέον.</span> <span class='ocrx_word' id='word_1_782' title='bbox 3212 5280 3231 5312; x_wconf 72' lang='grc' dir='ltr'><strong>ι</strong></span> <span class='ocrx_word' id='word_1_783' title='bbox 3280 5261 3391 5315; x_wconf 71' lang='grc' dir='ltr'>Καὶ</span> <span class='ocrx_word' id='word_1_784' title='bbox 3432 5261 3603 5318; x_wconf 83' lang='grc' dir='ltr'>ταῦτα</span> <span class='ocrx_word' id='word_1_785' title='bbox 3655 5262 3762 5335; x_wconf 78' lang='grc' dir='ltr'>πρὸ</span> <span class='ocrx_word' id='word_1_786' title='bbox 3782 5262 3881 5319; x_wconf 79' lang='grc' dir='ltr'>τοῦ</span> 
     </span>
    </p>
   </div>
   <div class='ocr_carea' id='block_1_113' title="bbox 2300 5346 3882 5424">
    <p class='ocr_par' dir='ltr' id='par_1_113' title="bbox 2300 5346 3882 5424">
     <span class='ocr_line' id='line_1_114' title="bbox 2300 5346 3882 5424; baseline 0.005 -25"><span class='ocrx_word' id='word_1_787' title='bbox 2300 5347 2582 5409; x_wconf 87' lang='grc' dir='ltr'>Πλάτωνος</span> <span class='ocrx_word' id='word_1_788' title='bbox 2608 5346 2920 5417; x_wconf 85' lang='grc' dir='ltr'>πεφύλακτο</span> <span class='ocrx_word' id='word_1_789' title='bbox 2946 5352 3076 5418; x_wconf 82' lang='grc' dir='ltr'>παρ’</span> <span class='ocrx_word' id='word_1_790' title='bbox 3121 5349 3410 5420; x_wconf 84' lang='grc' dir='ltr'>Ἑϐραίοις.</span> <span class='ocrx_word' id='word_1_791' title='bbox 3439 5350 3632 5424; x_wconf 82' lang='grc' dir='ltr'>Οί.γὰρ</span> <span class='ocrx_word' id='word_1_792' title='bbox 3665 5353 3882 5423; x_wconf 77' lang='grc' dir='ltr'>ἔχοντες</span> 
     </span>
    </p>
   </div>
   <div class='ocr_carea' id='block_1_114' title="bbox 2300 5436 3881 5545">
    <p class='ocr_par' dir='ltr' id='par_1_114' title="bbox 2300 5436 3881 5545">
     <span class='ocr_line' id='line_1_115' title="bbox 2300 5436 3881 5545; baseline 0.006 -57"><span class='ocrx_word' id='word_1_793' title='bbox 2300 5436 2521 5507; x_wconf 77' lang='grc' dir='ltr'>Πνεῦμα</span> <span class='ocrx_word' id='word_1_794' title='bbox 2542 5436 2703 5501; x_wconf 84' lang='grc' dir='ltr'>θεῖον,</span> <span class='ocrx_word' id='word_1_795' title='bbox 2730 5438 3066 5511; x_wconf 80' lang='grc' dir='ltr'>διακριτικὸν</span> <span class='ocrx_word' id='word_1_796' title='bbox 3091 5441 3440 5545; x_wconf 59' lang='grc' dir='ltr'>πνευμάξων,</span> <span class='ocrx_word' id='word_1_797' title='bbox 3466 5442 3788 5515; x_wconf 76' lang='grc' dir='ltr'>ἐδοκίμαζον</span> <span class='ocrx_word' id='word_1_798' title='bbox 3813 5442 3881 5499; x_wconf 68' lang='grc' dir='ltr'>τὰ</span> 
     </span>
    </p>
   </div>
   <div class='ocr_carea' id='block_1_115' title="bbox 2301 5633 3882 5758">
    <p class='ocr_par' dir='ltr' id='par_1_115' title="bbox 2301 5633 3882 5758">
     <span class='ocr_line' id='line_1_116' title="bbox 2301 5633 3882 5758; baseline 0.01 -73"><span class='ocrx_word' id='word_1_799' title='bbox 2777 5637 2865 5691; x_wconf 84' lang='grc' dir='ltr'>δέ.</span> <span class='ocrx_word' id='word_1_800' title='bbox 2917 5637 3090 5705; x_wconf 83' lang='lat' dir='ltr'><strong>Plato,</strong></span> <span class='ocrx_word' id='word_1_801' title='bbox 3126 5641 3220 5697; x_wconf 84' lang='lat' dir='ltr'><strong>lib.</strong></span> <span class='ocrx_word' id='word_1_802' title='bbox 3254 5659 3293 5697; x_wconf 85' lang='grc' dir='ltr'><strong>ιι</strong></span> <span class='ocrx_word' id='word_1_803' title='bbox 3330 5642 3401 5698; x_wconf 81' lang='lat' dir='ltr'><strong>De</strong></span> <span class='ocrx_word' id='word_1_804' title='bbox 3428 5642 3655 5714; x_wconf 56' lang='lat' dir='ltr'><strong>reputt,</strong></span> <span class='ocrx_word' id='word_1_805' title='bbox 3687 5658 3745 5715; x_wconf 88' lang='lat' dir='ltr'><strong>p.</strong></span> <span class='ocrx_word' id='word_1_806' title='bbox 3773 5641 3882 5700; x_wconf 66' lang='lat'><strong>429</strong></span> 
     </span>
    </p>
   </div>
   <div class='ocr_carea' id='block_1_116' title="bbox 2377 5773 3343 5845">
    <p class='ocr_par' dir='ltr' id='par_1_116' title="bbox 2377 5773 3343 5845">
     <span class='ocr_line' id='line_1_117' title="bbox 2377 5773 3343 5845; baseline 0.012 -20"><span class='ocrx_word' id='word_1_807' title='bbox 2377 5773 2485 5845; x_wconf 67' lang='grc'>(46)</span> <span class='ocrx_word' id='word_1_808' title='bbox 2532 5775 2769 5831; x_wconf 76' lang='grc' dir='ltr'><strong>Οὐκοῦν</strong></span> <span class='ocrx_word' id='word_1_809' title='bbox 2798 5773 2971 5835; x_wconf 72' lang='grc' dir='ltr'>οἶσθ’.</span> <span class='ocrx_word' id='word_1_810' title='bbox 3008 5780 3180 5845; x_wconf 81' lang='lat' dir='ltr'><strong>Plain,</strong></span> <span class='ocrx_word' id='word_1_811' title='bbox 3216 5782 3343 5838; x_wconf 72' lang='lat' dir='ltr'><strong>ibid.</strong></span> 
     </span>
    </p>
   </div>
  </div>
