4156 6416
287 345 387 403 96!

1443 345 1767 402 ΡΠΑΞΡΑΒ.
1808 344 2059 401 EVANG.
2100 343 2230 400 ιιι).
2268 342 2385 399 Χιι.

3445 340 3552 398 962

286 464 483 536 ποίηκε
505 464 632 528 τοὺς
657 465 715 519 ὲν
749 464 877 537 ᾅδου
902 465 993 518 τὸν
1038 464 1127 519 ἀεὶ
1168 465 1357 538 χρόνον
1409 467 1874 539 τιμωρουμένους,

1981 465 2134 520 nullo
2168 461 2276 542 non
2311 475 2548 535 tempore
2576 462 2935 518 subeuntibus
2964 469 3330 531 spectaculum
3358 475 3421 516 ac
3446 477 3561 517 mo-

285 557 583 621 Ἰάνταλον,
622 558 717 611 καὶ
746 559 1005 627 Σίσυφον,
1041 559 1134 613 καὶ
1160 559 1374 614 Τιτυόν.
1408 560 1673 633 Θερσίτην
1695 560 1878 625 δὲ,καὶ

286 650 447 714 εἴτις
497 651 656 715 ἄλλος
708 650 944 724 πονηρὸς
990 645 1058 721 ἦν
1092 648 1329 721 ἰδιώτης,
1382 651 1557 715 οὐδεὶς
1608 650 1877 723 πεποίηκε

288 743 557 815 μεγάλαις
608 742 903 814 τιμωρίαις
953 741 1308 813 συνεχόμενον
1363 741 1439 805 ὡς
1506 742 1742 796 ἀνίατον.
1800 742 1877 793 Οὐ

283 835 416 908 γὰρ,
442 833 620 906 οἶμαι,
662 836 791 906 ἐξῆν
813 833 982 905 αὐτῷ·
1032 835 1115 889 διὸ
1147 835 1240 889 καί
1286 835 1766 907 εὐδαιμονέστερος
1809 830 1878 907 ἦν

283 927 320 998 ἢ
349 921 433 991 οἷς
457 927 607 998 ὲξῆν.
658 926 819 981 Ἀλλὰ
868 926 1001 997 γάρ,
1041 920 1086 980 ὧ
1112 926 1456 991 Καλλίκλεις,
1488 929 1553 980 ἐκ
1581 926 1692 980 τῶν
1720 928 1877 982 δυνα-

287 1019 467 1089 μένων
493 1020 600 1073 εἰσὶ
631 1018 727 1073 καί
756 1021 806 1072 οἰ
836 1019 1041 1090 σφόδρα
1072 1019 1299 1090 πονηροὶ
1330 1019 1640 1089 γιγνόμενοι
1664 1018 1876 1090 ἄνθρω-

283 1125 380 1164 ποι
416 1109 540 1163 οὐδὲ
572 1109 678 1181 μὴν
708 1108 905 1163 κωλύει
934 1110 1029 1163 καὶ
1056 1111 1115 1163 ἐν
1142 1109 1350 1174 τούτοις
1387 1110 1626 1179 ἀγαθοὺς
1674 1110 1872 1182 ἄνδρας

283 1197 658 1268 ἐγγίγνεσθαι.
686 1200 796 1252 Καὶ
839 1198 1044 1271 σφόδρα
1098 1216 1163 1268 γε
1192 1199 1341 1264 ἄξιον
1390 1198 1627 1268 ἄγασθαι
1652 1199 1761 1253 τῶν
1791 1217 1877 1268 γι·-

284 1290 590 1360 γνομένων·
620 1288 855 1360 χαλεπὸν
892 1288 1003 1360 γὰρ
1030 1283 1228 1361 (35),ὧ
1260 1288 1603 1353 Καλλίκλεις,
1632 1292 1726 1344 καὶ
1750 1291 1877 1344 πολ-

283 1381 381 1436 λοῦ
416 1383 640 1437 ἐπαίνου
665 1381 837 1448 ἄξιον,
871 1384 928 1436 ὲν
957 1381 1169 1455 μεγάλῃ
1196 1381 1413 1453 ἐξουσίᾳ
1444 1382 1736 1453 γενόμενον
1780 1383 1874 1436 τοῦ

283 1474 493 1529 ἀδικεῖν
521 1475 743 1539 δικαίως
788 1474 1093 1530 διαϐιῶναι.
1151 1475 1350 1544 Ὀλίγοι
1396 1475 1454 1529 δὲ
1509 1475 1785 1545 γίγνονται
1822 1479 1872 1530 οἰ

282 1565 539 1619 τοιοῦτοι·
594 1567 718 1621 ἐπεὶ
782 1566 876 1621 καὶ
934 1565 1122 1621 ἐνθάδε
1187 1567 1280 1644 xq‘t
1331 1566 1513 1621 ἄλλοθι
1566 1566 1873 1636 γεγόνασιν,

280 1652 441 1728 οἶμαι
472 1657 530 1711 δὲ
558 1657 767 1712 ἔσονται
796 1659 889 1712 καὶ
915 1656 1063 1713 ἄλλοι
1114 1657 1311 1727 ἀγαθοί
1364 1657 1565 1730 ταύτην
1608 1659 1708 1730 τὴν
1738 1662 1871 1730 ἀρε-

281 1749 387 1821 τὴν
438 1749 531 1803 τοῦ
598 1750 823 1814 δικαίως
887 1748 1239 1822 διαχειρίζειν
1282 1748 1318 1803 ἃ
1368 1750 1433 1804 ἄν
1463 1768 1547 1814 τις
1580 1751 1872 1822 ἐπιτρέπῃο

1982 560 2156 613 nilum
2191 560 2442 628 suspensi
2476 558 2783 612 videantur.
2826 554 2947 622 Quo
2991 555 3212 624 quidem
3246 569 3275 609 e
3305 570 3553 620 numero,

1980 649 2026 703 si
2077 665 2265 703 verum
2317 648 2477 703 Polus
2529 655 2736 713 narrat,
2785 656 2840 703 et
2880 644 3231 712 Archelaum,
3278 654 3333 700 et
3387 646 3557 701 alium

1980 740 2232 810 quemvis
2266 740 2500 795 similem
2551 740 2600 795 ei
2634 749 2924 811 tyrannum
2959 735 3205 792 futurum
3237 738 3554 806 pronuntio.

1980 831 2145 902 579
2171 831 2311 898 Quin
2334 832 2496 885 etiam
2522 840 2780 902 tyrannos
2803 846 2901 900 ego
2921 830 3377 901 quamplurimos,
3401 844 3558 900 reges

1980 926 2105 979 item
2137 940 2201 979 ac
2227 924 2519 994 principes,
2565 923 2769 994 quique
2802 924 2857 978 in
2894 922 3425 993 rernmpublicarum
3458 922 3556 978 ad-

1980 1016 2382 1072 ministratione
2429 1016 2625 1071 versati
2674 1017 2803 1080 sint,
2855 1015 3137 1085 ejusmodi
3167 1015 3415 1085 exemplo
3440 1015 3556 1085 jam

1977 1124 2127 1163 nunc
2157 1123 2280 1163 esse
2305 1108 2564 1162 existimo
2595 1125 2607 1161 ε
2635 1107 2781 1177 quod
2814 1106 2850 1160 ii
2879 1104 3015 1173 fere,
3043 1105 3171 1173 dum
3203 1121 3302 1160 sua
3334 1105 3423 1159 illa
3453 1120 3557 1175 po-

1978 1208 2174 1255 testate
2206 1200 2525 1264 abutuntur,
2557 1199 2937 1269 indignissima
2972 1213 3202 1268 quaeque
3244 1213 3310 1252 ac
3345 1197 3559 1252 teterri-

1978 1308 2065 1346 ma
2110 1300 2326 1362 patrare
2363 1293 2765 1347 consueverint.
2809 1290 2983 1360 Cujus
3016 1305 3149 1346 sane
3179 1290 3256 1345 rei
3286 1288 3558 1345 llomerus

1976 1384 2140 1439 etiam
2171 1385 2329 1439 testis
2359 1393 2464 1448 est,
2503 1383 2633 1439 dum
2668 1398 2825 1454 reges
2855 1383 2979 1438 illos
3009 1397 3074 1436 ac
3106 1383 3382 1453 principes
3411 1381 3553 1436 Tan-

1979 1480 2173 1544 talum,
2207 1477 2525 1548 Sisyphum,
2572 1476 2809 1547 'l'ityum,
2847 1475 2941 1546 qui
2977 1476 3156 1546 pmnis
3183 1475 3323 1545 apud
3353 1472 3558 1530 inferos

1980 1568 2329 1638 sempiternis
2362 1569 2693 1635 crucientur,
2743 1582 2843 1622 sua
2886 1567 2941 1621 in
2986 1566 3136 1637 poesi
3183 1575 3555 1636 repraesentat.

1980 1660 2114 1715 Nam
2143 1659 2445 1716 Thersitem
2494 1660 2736 1731 quidem,
2788 1668 2886 1714 aut
2936 1660 2983 1714 si
3038 1660 3163 1731 quis
3214 1675 3280 1714 ex
3329 1659 3559 1729 privatis

1980 1753 2122 1806 alius
2163 1753 2444 1821 improbus
2474 1750 2660 1815 fuerit,
2692 1766 2852 1805 nemo
2888 1752 3067 1806 adhuc
3098 1760 3354 1819 tanquam
3405 1749 3557 1804 insa-

281 1820 368 1905 εἷς
402 1842 457 1894 δὲ
490 1846 583 1895 καὶ
616 1843 755 1897 πάνυ
777 1820 1059 1913 ἐλλόγιμος
1102 1842 1293 1911 γέγονε
1315 1842 1404 1894 καὶ
1436 1843 1516 1904 εἰς
1535 1843 1660 1904 τοὺς
1683 1820 1876 1906 ἄλλους

1984 1820 2605 1915 nabilemigravioribus
2656 1842 2939 1912 suppliciis
2988 1842 3233 1912 illigavit.
3272 1838 3384 1895 Nec
3409 1839 3557 1896 enim

282 1933 578 2004 Ἓλληνας,
614 1936 951 2008 Ἀριστείδης
987 1938 1016 1990 ὁ
1065 1936 1403 2006 Λυσιμάχου.
1428 1936 1491 1988 Οἱ
1514 1935 1570 1988 δὲ
1598 1936 1801 2000 πολλοὶ,
1833 1930 1878 1990 ὦ

277 2025 500 2098 ἄριστε,
534 2028 697 2082 κακοὶ
723 2028 962 2098 γίνονται
995 2028 1136 2099 (56),
1167 2028 1276 2102 τῶν
1306 2028 1363 2081 δὲ
1384 2028 1680 2083 δυναστῶν.
1701 2031 1879 2102 Ὅπερ

276 2114 379 2177 οὖν
410 2119 614 2189 ἔλεγον,
649 2120 869 2174 ἐπειδὰν
900 2123 928 2174 ὁ
980 2119 1358 2192 Ῥαδάμανθυς
1406 2122 1613 2185 ἐκεῖνος
1638 2121 1879 2176 τοιοῦτόν

276 2229 408 2265 τινα
438 2211 599 2285 λάϐῃ,
630 2212 758 2266 ἄλλο
788 2213 885 2284 μὲν
904 2214 1031 2285 περὶ
1063 2213 1228 2267 αὐτοῦ
1257 2213 1359 2265 οὐκ
1392 2207 1531 2265 οἶδεν
1568 2213 1740 2278 οὐδὲν,
1769 2213 1876 2267 οὐδ’

275 2305 457 2368 ὅστις,
491 2301 605 2356 οὔθ’
653 2296 911 2369 ὧντινων,
946 2306 1028 2357 ὅτι
1073 2303 1129 2358 δὲ
1180 2302 1420 2375 πονηρός
1460 2320 1563 2367 τις·
1597 2304 1692 2358 καί⁵
1723 2303 1880 2357 τοῦτο

278 2393 540 2455 κατιδὼν,
572 2393 900 2465 ἀπέπεμψεν
936 2397 1015 2459 εἰς
1042 2395 1324 2467 Τάρταρον
1373 2394 1875 2465 ἐπισημηνάμενος,

278 2486 383 2541 ὶάν
410 2503 472 2539 τε
520 2485 758 2557 ἰάσιμος,
784 2486 878 2539 ἐάν
911 2503 971 2540 τε
1023 2486 1243 2549 ἀνίατος
1298 2484 1429 2555 δοκῇ
1465 2479 1625 2539 εἶναι.
1700 2485 1757 2539 ’0
1798 2484 1875 2552 δὲ,

281 2578 470 2630 ἐκεῖσε
516 2576 870 2648 ἀφικόμενος,
898 2578 965 2631 τὰ
997 2577 1343 2649 προσήκοντα
1396 2577 1618 2647 πάσχει.
1677 2577 1877 2631 Ἐνίοτε

277 2667 365 2730 δὲ,
392 2668 557 2739 ἄλλην
595 2667 808 2723 εἰσιδὼν
863 2670 1027 2732 ὁσίως
1094 2667 1423 2739 βεϐιωκυῖαν
1456 2670 1550 2722 καὶ
1593 2671 1711 2740 μετ’
1748 2669 1879 2741 άλη-

283 2758 459 2822 θείας,
495 2758 687 2830 ἁνδρὸς
715 2757 924 2812 ἰδιώτου
955 2760 988 2829 ἢ
1022 2757 1183 2813 ἄλλου
1212 2758 1358 2822 τινὸς
1385 2758 1585 2829 ψυχήν
1622 2759 1878 2830 (μάλιστα

287 2849 484 2921 piyth;
516 2849 625 2920 ἐγώ
657 2868 820 2923 φημι,
850 2844 896 2905 ὣ
930 2851 1271 2915 Καλλίκλεις,
1303 2850 1594 2920 φιλοσόφου
1622 2851 1690 2905 τὰ
1714 2851 1878 2906 αὐτοῦ

285 2950 618 3021 πράξαντος,
643 2950 739 3003 καὶ
767 2949 829 3003 οὐ
869 2949 1499 3021 πολυπραγμονήσαντος
1548 2950 1607 3001 ὲν
1637 2947 1717 3019 τῷ
1754 2947 1876 3020 βίῳ)

283 3043 504 3115 ἠγάσθη
538 3061 598 3097 τε
618 3044 713 3097 καὶ
730 3045 809 3106 εἰς
839 3043 1098 3114 μακάρων
1126 3042 1324 3112 νήσους
1356 3038 1670 3109 ἀπέπεμψε.
1695 3038 1879 3094 Ταῦτα

281 3136 347 3191 δὲ
377 3135 551 3189 ταῦτα
609 3137 706 3190 καὶ
743 3134 963 3198 Αἰακός.
1015 3135 1307 3205 Ἑκάτερος
1338 3132 1396 3186 δὲ
1442 3131 1647 3186 τούτων
1682 3131 1877 3203 ῥάϐδον

283 3226 431 3297 ἔχων
454 3227 686 3293 δικάζει.
713 3228 770 3281 Ὀ
792 3227 847 3280 δὲ
872 3227 1058 3290 Μίνως
1090 3224 1404 3279 ἐπισκοπῶν
1439 3223 1692 3293 κάθηται,
1715 3222 1875 3294 μόνος

284 3318 429 3389 ἔχων
485 3318 714 3391 χρύσεον
762 3319 1078 3390 σκῆπτρον,
1139 3316 1215 3379 ὣς
1274 3333 1439 3386 φησιν
1504 3315 1792 3378 Ὀδυσσεὺς
1845 3315 1875 3367 ὁ

297 3410 543 3482 Ὀμήρου
572 3412 699 3465 ἰδεῖν
724 3409 908 3475 αὐτὸν,

1982 1936 2120 2005 ipse.
2152 1936 2371 2006 opinor,
2399 1934 2524 1988 talis
2557 1949 2683 1988 esse
2723 1942 2954 2003 poterat,
3006 1943 3156 1987 tanto
3210 1933 3431 2003 quidem
3487 1932 3559 1986 iis

1982 2026 2212 2088 felicior,
2244 2026 2449 2096 quibus
2479 2026 2531 2081 id
2556 2026 2771 2080 licebat.
2806 2025 3153 2093 Quanquam,
3183 2026 3255 2077 mi
3282 2023 3555 2083 Callicles.

1978 2134 2043 2170 ex
2081 2132 2147 2171 eo
2180 2118 2399 2187 quidem
2439 2118 2803 2186 potentiorum
2840 2131 3067 2169 numero
3101 2115 3572 2179 sceleratissimos

1977 2226 2100 2265 esse
2136 2218 2388 2273 constat;
2421 2210 2512 2264 sed
2546 2219 2725 2264 tamen
2764 2208 2902 2262 nihil
2963 2218 3107 2262 vetat
3142 2207 3442 2277 quominus
3473 2207 3561 2260 in-

1978 2311 2061 2356 ter
2105 2316 2201 2356 eos
2235 2302 2389 2371 probi
2429 2304 2595 2356 etiam
2648 2303 2913 2357 exsistant
2944 2301 3135 2370 aliqui,
3171 2315 3312 2369 quos
3363 2298 3559 2353 merito

1978 2408 2112 2447 sane
2155 2392 2417 2460 majorem
2447 2393 2503 2447 in
2536 2392 2755 2446 modum
2803 2392 3077 2468 suscipere
3103 2392 3417 2445 debeamus.
3451 2388 3559 2444 Res

1979 2485 2124 2539 enim
2156 2484 2488 2555 perdifﬁcilis
2515 2492 2619 2549 est,
2654 2484 2727 2538 mi
2762 2483 3031 2551 Callicles,
3070 2493 3124 2538 et
3148 2498 3360 2538 summa
3399 2482 3559 2536 laude

1979 2578 2167 2649 digna,
2207 2595 2332 2634 cum
2381 2579 2680 2634 maximam
2713 2567 2916 2632 habeas
2957 2577 3213 2646 peccandi
3257 2575 3558 2635 licentiam,

1975 2671 2124 2741 juste
2159 2671 2364 2727 vivere.
2397 2670 2598 2737 Quales
2630 2671 2820 2741 utique
2866 2670 3023 2740 pauci
3057 2669 3277 2739 quidam
3328 2667 3559 2723 subinde

1978 2766 2295 2821 exsistunt:
2330 2781 2456 2820 nam
2483 2776 2539 2821 et
2569 2767 2678 2828 hic.
2707 2775 2762 2821 et
2797 2765 2924 2821 alibi
2967 2761 3212 2819 nonnulli
3236 2760 3348 2830 jam
3385 2758 3555 2821 fuere,

1978 2865 2035 2909 et
2065 2855 2156 2909 alii
2182 2856 2435 2925 posthac,
2465 2857 2681 2925 opinor,
2711 2857 2874 2910 etiam
2907 2853 3076 2908 futuri
3108 2862 3238 2907 sunt
3268 2867 3326 2906 ea
3359 2850 3558 2904 virtute

1979 2956 2322 3016 praestantes,
2355 2946 2463 3017 qua
2494 2963 2580 3002 res
2614 2946 2735 3001 ﬁdei
2762 2961 2875 3001 suae
2904 2945 3209 2999 commissae
3234 2956 3358 2995 cum
3387 2940 3558 3009 aequi-

1980 3046 2092 3091 tate
2138 3048 2464 3093 tractantur.
2501 3036 2651 3105 Quos
2699 3039 2840 3092 inter
2892 3051 3036 3090 unus
3086 3035 3175 3089 ille
3216 3032 3560 3088 clarissimus

1983 3125 2106 3192 fuit,
2136 3137 2301 3198 atque
2329 3128 2561 3182 aliorum
2598 3129 2759 3183 etiam
2798 3128 3111 3182 Graecorum
3146 3123 3290 3179 fama
3317 3122 3560 3178 celeber—

1982 3220 2182 3285 rimus,
2232 3220 2528 3284 Aristides,
2568 3219 2880 3291 Lysimachi
2932 3219 3098 3285 ﬁlius.
3130 3215 3206 3273 Ut
3258 3215 3556 3287 plurimum

1984 3319 2164 3365 tamen
2222 3313 2491 3375 virorum,
2528 3313 2753 3382 optime,
2785 3311 3123 3381 potentiores
3153 3308 3385 3379 improbi
3433 3321 3558 3361 esse

1982 3403 2180 3458 solent.
2209 3402 2479 3459 Caeterum
2524 3403 2668 3473 quod
2723 3402 2834 3471 jam
2891 3412 3015 3457 ante
3042 3401 3177 3465 dixi,
3210 3398 3561 3454 Rhadaman-

288 3503 418 3557 thus
457 3505 566 3566 ille.
628 3504 721 3560 ubi
762 3504 1028 3575 ejusmodi
1066 3504 1264 3575 aliquis
1307 3517 1434 3559 suas
1488 3501 1542 3555 in
1594 3515 1792 3556 manus
1846 3497 2079 3561 venerit,
2141 3511 2242 3551 nec
2293 3497 2543 3566 quisnam
2588 3496 2677 3550 ille
2724 3498 2815 3562 sit,
2875 3511 2974 3550 nec
3006 3495 3207 3564 quibus
3255 3502 3415 3547 natus
3462 3506 3559 3560 pa-

287 3594 554 3663 rentibus,
624 3612 725 3651 nec
782 3597 930 3651 aliud
986 3597 1214 3652 omnino
1261 3595 1557 3666 quidquam
1622 3593 1690 3648 de
1723 3593 1867 3663 'ipso
1927 3591 2117 3656 novit;
2168 3606 2338 3645 unum
2397 3591 2499 3646 hoc
2556 3590 2755 3660 quippe
2805 3590 2973 3652 novit,
3044 3587 3352 3657 improbum
3405 3586 3559 3639 illum

285 3688 539 3743 essezid
572 3689 717 3758 quod
774 3689 865 3743 tibi
920 3689 1213 3760 perspexit,
1267 3689 1321 3743 in
1383 3686 1673 3742 Tartarum
1740 3685 1998 3740 amandat
2035 3683 2202 3749 illico,
2253 3682 2525 3753 simulque
2559 3683 2851 3753 signiﬁcat,
2918 3692 3101 3736 utrum
3155 3680 3437 3745 sanabilis,
3486 3694 3558 3733 an

288 3780 616 3837 insanabilis
646 3795 771 3837 esse
810 3780 1075 3835 videatur.
1113 3779 1235 3847 Quo
1268 3780 1358 3836 ille
1388 3779 1685 3851 profectus,
1715 3775 1865 3846 justo
1903 3776 2173 3847 supplicio
2200 3776 2492 3831 cruciatur.
2543 3775 2688 3831 ldem
2737 3775 2902 3829 alium
2949 3773 3239 3844 quemdam
3286 3772 3558 3836 animum,

288 3876 386 3946 qui
446 3884 633 3930 sancte
682 3875 1000 3946 integreque
1051 3874 1267 3931 vixerit.
1317 3873 1610 3944 aliquando
1658 3870 2079 3934 contemplatus,
2133 3884 2229 3923 seu
2276 3870 2493 3938 privati,
2554 3884 2650 3923 seu
2707 3868 2930 3923 alterius
2970 3867 3344 3935 cujuscunque
3392 3862 3560 3919 fuerit

290 3966 570 4040 (qualem,
604 3966 680 4020 mi
707 3965 976 4030 Callicles,
1004 3963 1311 4034 philosophi
1332 3964 1584 4033 equidem
1643 3960 1889 4016 animum
1928 3976 2052 4017 esse
2109 3961 2396 4027 confirmo,
2440 3961 2554 4032 qui,
2597 3976 2683 4016 res
2716 3975 2847 4015 suas
2876 3975 3063 4030 agens,
3099 3960 3234 4014 nihil
3264 3961 3556 4015 admodum

288 4059 478 4115 hacin
511 4060 617 4113 vita
652 4072 774 4115 sese
816 4055 1008 4110 alienis
1046 4052 1414 4125 immisceat),
1468 4051 1742 4107 laudatum
1800 4065 1926 4106 eum
1964 4049 2314 4106 vehementer
2359 4050 2425 4105 ad
2488 4051 2773 4105 beatorum
2812 4050 3019 4105 insulas
3056 4049 3394 4105 transmittit.
3432 4048 3559 4105 Haec

286 4152 480 4207 eadem
549 4151 687 4205 ﬁunt
732 4149 801 4205 ab
850 4147 1042 4203 Iliaco.
1096 4146 1199 4213 Qui
1271 4156 1499 4215 uterque
1560 4144 1769 4214 virgam
1834 4158 1998 4197 manu
2041 4154 2265 4212 tenens,
2323 4144 2429 4209 hoc
2465 4143 2731 4213 judicium
2787 4151 3020 4197 exercet.
3078 4141 3148 4196 At
3193 4156 3325 4197 vero
3381 4129 3562 4198 Minos

288 4254 553 4314 tanquam
580 4259 827 4298 summus
860 4241 1125 4312 cognitor,
1155 4240 1302 4294 solus
1334 4253 1560 4294 aureum
1592 4245 1867 4307 sceptrum
1908 4236 2203 4306 praeferens
2262 4238 2512 4294 considet
2562 4254 2577 4290 :

289 4342 444 4396 ricus
477 4339 602 4393 eum
638 4352 758 4394 sese
783 4336 986 4391 vidisse
1011 4343 1264 4399 testatur,

2638 4233 2912 4305 quomodo
2959 4232 3182 4305 Ulysses
3222 4232 3311 4288 ille
3356 4229 3559 4288 Home-

291 4455 567 4524 Xpﬁaeor
613 4451 926 4522 σκῆπτρον
991 4452 1244 4520 ἔχοντα,
1306 4444 1732 4524 θεμιστειξοντα
1788 4442 1878 4497 νέ-

2062 4446 2268 4501 Αιιηιιο
2296 4444 2351 4497 in
2391 4450 2596 4511 sceptro
2635 4437 2898 4508 defunctis
2931 4452 3122 4507 ponere
3138 4436 3290 4506 jura.

1574 4513 1841 4582 [κυσσιν.

304 4636 452 4708 Ἐγὼ
481 4635 578 4709 μὲν
606 4629 721 4700 οὖν,
752 4629 797 4689 ὦ
822 4633 1168 4697 Καλλίκλεις,
1200 4632 1307 4685 ὑπὸ
1340 4628 1544 4683 τούτων
1567 4627 1675 4681 τῶν
1708 4627 1883 4696 λόγων

296 4730 627 4800 πέπεισμαι,
677 4727 771 4781 καὶ
808 4724 996 4779 σκοπῶ
1033 4725 1180 4787 ὅπως
1207 4722 1318 4793 (57)
1367 4717 1750 4788 ἀποφανοῦμαι
1804 4714 1883 4786 τῷ

297 4823 462 4894 κριτῇ
487 4821 561 4883 ὡς
591 4817 916 4888 ὑγιεστάτην
971 4815 1109 4886 ἔχων
1155 4815 1254 4884 τὴν
1282 4812 1486 4882 ψυχήν.
1515 4810 1741 4881 Χαίρειν
1788 4803 1883 4860 οὖν

296 4913 466 4976 ἐάσας
504 4911 602 4975 τὰς
646 4908 811 4981 τιμὰς
861 4907 972 4978 (58)
999 4906 1108 4960 τῶν
1169 4902 1380 4957 πολλῶν
1427 4899 1749 4973 ἀνθρώπων,
1781 4898 1883 4969 τὴν

298 5003 555 5077 ἀλήθειαν
580 5000 763 5056 ἀσκῶν
808 4998 1141 5071 πειράσομαι
1173 4995 1251 5066 τῷ
1296 4994 1431 5057 δντι,
1466 4993 1541 5056 ὡς
1600 4990 1666 5045 ἂν
1717 4988 1885 5042 δύνω-

303 5112 423 5168 μαι,
465 5093 738 5165 βέλτιστος
762 5090 858 5154 ὣν,
880 5089 976 5144 καὶ⁹
1013 5089 1133 5160 ζῇν,
1169 5088 1266 5142 καὶ
1289 5082 1508 5138 ἐπειδὰν
1530 5081 1880 5153 ἀποθνήσκω,

300 5185 686 5256 ἀποθνήσκειν.
718 5178 1030 5254 Παρακαλῶ
1054 5179 1113 5232 δὲ
1145 5177 1240 5232 καὶ
1278 5178 1405 5238 τοὺς
1442 5173 1636 5236 ἄλλους
1674 5172 1882 5234 πάντας

301 5274 643 5348 ἀνθρώπους,
679 5272 800 5327 καθ’
827 5273 951 5326 ὅσον
999 5269 1256 5340 δύναμαι·
1285 5267 1380 5321 καὶ
1416 5265 1480 5337 δὴ
1518 5265 1613 5318 καί
1640 5262 1699 5317 σὲ
1739 5264 1887 5316 ἀντι-

302 5367 629 5440 παρακαλῶ,
669 5366 763 5425 ἐπὶ
799 5363 989 5418 τοῦτον
1029 5361 1121 5417 τὸν
1172 5360 1286 5430 βίον
1309 5359 1405 5413 καὶ
1431 5358 1524 5411 τὸν
1553 5357 1741 5425 ἀγῶνα
1762 5354 1886 5408 τοῦ·

377 5501 491 5573 (55)
536 5500 811 5573 Χαλεπὸν
832 5497 966 5573 γάρ.
993 5497 1249 5553 Clemens
1283 5493 1634 5573 elegantis-In.
1660 5489 1886 5573 innPro—

306 5559 565 5641 (repticu,
602 5573 691 5625 ubi
727 5571 795 5625 de
830 5559 1184 5644 i'ittperatore,
1232 5566 1326 5635 qui
1376 5564 1669 5644 Antinoum
1697 5559 1885 5644 gany-

306 5633 518 5698 tttedetu
550 5633 711 5695 suum
748 5633 1056 5693 consecrari
1090 5633 1351 5704 iusserat,
1382 5635 1444 5687 οὐ
1478 5633 1586 5702 γὰρ
1616 5633 1883 5684 κωλύεται

309 5712 508 5784 ῥᾳδίως
547 5711 833 5784 ἐπιθυμία,
870 5708 1033 5776 φόϐον
1057 5708 1156 5784 οὐκ
1195 5706 1408 5784 ἔχουσα.
1586 5753 1591 5757 ,

391 5769 500 5848 (ὅϐᾗ
540 5769 1069 5850 Κακοίγίάνὶη-τηι.
1107 5769 1594 5850 ApuilPlatonem,
1621 5771 1766 5850 hunc
1797 5769 1882 5850 lo-

208 5871 215 5877 ·
308 5838 435 5907 cum
472 5838 542 5906 ita
571 5838 890 5921 conceptum
929 5849 1104 5916 leges,
1135 5838 1292 5898 κακοὶ
1340 5844 1615 5914 γίγνονται
1663 5838 1769 5893 τῶν
1795 5838 1886 5891 δυ-

2057 4604 2230 4673 Hujns
2273 4616 2373 4672 ego
2420 4595 2752 4654 narrationis
2798 4593 2850 4649 vi
2884 4602 3047 4662 atque
3085 4592 3405 4649 auctoritate
3435 4608 3558 4662 per-

1996 4706 2212 4757 suasus,
2241 4693 2570 4752 oCallicles,
2600 4690 2760 4743 video
2807 4686 2973 4741 etiam
3023 4695 3188 4757 atque
3238 4686 3424 4753 etiam,
3463 4701 3557 4757 qut

1983 4790 2202 4846 tandem
2240 4788 2480 4843 animum
2522 4783 2695 4856 judici
2748 4796 2912 4851 quam
2968 4778 3376 4850 integerrimum
3407 4780 3560 4832 exhi-

1982 4885 2163 4942 beam.
2201 4882 2366 4954 580
2390 4878 2571 4947 Quare
2598 4877 2855 4932 omnibus
2877 4874 3025 4945 vulgi
3055 4873 3355 4928 honoribus
3380 4874 3561 4928 valere

1978 4977 2170 5049 jussis,
2200 4976 2366 5029 unius
2415 4973 2467 5026 in
2520 4970 2767 5025 veritatis
2820 4967 3143 5022 tractatione
3192 4964 3469 5027 assiduus,
3509 4964 3559 5017 id
3625 4977 3635 4989 ·

1984 5067 2210 5121 omnino
2238 5079 2418 5136 agam,
2456 5068 2721 5132 quantum
2755 5057 2809 5111 in
2845 5072 2936 5112 me
2965 5057 3091 5120 erit,
3131 5055 3209 5109 uti
3241 5063 3296 5108 et
3322 5054 3562 5123 optimus

1983 5162 2186 5225 vivam,
2232 5167 2288 5213 et
2326 5155 2669 5211 moriendum
2701 5167 2825 5208 cum
2868 5149 2993 5214 erit,
3044 5147 3249 5202 moriar
3297 5146 3557 5214 optimus.

1989 5248 2132 5320 Quin
2165 5252 2302 5306 alios
2332 5251 2495 5305 etiam
2536 5261 2726 5302 omnes
2756 5257 2856 5314 pro
2889 5256 3008 5296 mea
3062 5237 3317 5294 facultate
3347 5237 3558 5305 hortor,

1989 5357 2149 5416 teque
2177 5345 2314 5400 adeo
2345 5340 2607 5410 majorem
2658 5336 2713 5390 in
2753 5334 2972 5389 modum
3008 5331 3274 5396 obtestor,
3308 5327 3386 5381 uti
3419 5326 3560 5386 hanc
3587 5398 3592 5403 θ

1986 5479 2214 5536 ναστῶν.
2245 5478 2420 5555 Ὅπερ
2448 5469 2539 5555 οξν
2570 5470 2774 5539 ἔλεγθν’
2802 5465 3043 5555 ὲπῗξδάν’
3070 5471 3175 5555 ἤθε’
3262 5532 3339 5555 “L
3377 5532 3388 5543 '
3426 5530 3463 5555 "

2062 5528 2426 5621 ξέῆῖκοπῶ
2476 5528 2681 5607 ὅπως,
2728 5528 2855 5621 εἰς..
2883 5535 2997 5616 vox
3032 5528 3241 5621 utique
3262 5528 3560 5621 Christiani
3606 5586 3609 5595 .

1991 5607 2231 5678 hominis
2274 5632 2368 5670 ore.
2409 5626 2683 5680 sensuque
2711 5607 3029 5674 dignissima
3051 5645 3066 5665 ,
3097 5617 3328 5680 qumque
3375 5617 3562 5680 νιῬςιμ-

1990 5670 2495 5745 stolidam
2526 5670 2909 5736 no'unulloium
2958 5675 3304 5730 securitatem
3336 5680 3389 5727 ct
3421 5670 3563 5728 adlh

1992 5764 2132 5817 ciam
2160 5761 2391 5827 jugulat.
2621 5821 2630 5827 ι
2688 5778 2691 5781 .

2063 5821 2175 5904 (58]
2218 5828 2367 5881 Plato
2401 5823 2540 5878 addi:
2573 5821 2693 5885 τάς.
