4156 6408
614 334 723 389 967
1286 332 1370 388 Eli
1383 331 1552 388 SEBll
1591 329 2064 386 CIESARIEXSlS
2097 330 2156 384 01

2297 331 2475 387 PARS
2514 333 2574 388 ll.
2618 364 2687 374 —
2713 333 3207 390 APOLOGETICA.
3732 336 3842 397 ἔθυε

598 451 776 505 omnis
805 458 906 513 est,
929 450 1021 517 qui
1049 448 1239 504 ducem
1291 450 1412 503 vitm
1453 461 1716 504 rationem
1759 459 2058 519 sequatur;
2091 451 2156 504 ita

2265 451 2597 525 διαφυλάξῃς
2649 453 2709 505 τὸ
2763 471 2839 525 μη
2900 454 3223 519 σπουδάζειν
3274 469 3369 505 επι
3425 470 3537 516 τοις
3590 463 3841 523 ονομασι,

598 541 848 611 quisquis
888 543 1049 594 etiam
1090 542 1365 605 caruerit,
1399 543 1443 596 is
1474 553 1528 595 et
1573 541 1790 595 fatnilne
1821 557 1933 595 sua:
1966 554 2156 610 pesterr

2278 537 2672 610 πλουσιώτερος
2740 540 2820 602 εἰς
2880 539 2942 592 τὸ
3010 541 3185 611 γῆρας
3252 542 3572 613 ἀναφανήσῃ
3648 546 3845 615 φρονή-

597 631 820 693 creabit,
852 645 950 685 nec
977 632 1084 685 ullo
1112 630 1272 684 modo
1312 632 1447 701 reip.
1481 632 1629 687 utilis
1659 631 2026 699 esse’poterit,
2060 630 2157 683 sed
2262 643 2419 690 σεως.
2458 647 2477 679 ι

596 723 776 797 potius
818 723 961 790 quod
1006 724 1075 778 ab
1137 725 1239 778 hoc
1285 724 1617 793 cognitionis
1679 738 1878 794 genere
1940 723 2238 791 imparatus
2275 720 2367 782 sit,
2426 719 2479 774 in
2521 719 2791 790 plerisque
2839 720 3094 775 omnibus
3145 722 3346 776 damno
3395 737 3460 777 ac
3518 723 3845 778 detrimento

594 814 720 866 erit.
766 834 785 865 ι
835 813 958 869 lia-c
997 816 1111 884 ipse
1145 816 1198 867 in
1221 813 1467 886 Legibus.
1520 813 1775 883 Idemque
1807 814 1860 868 in
1912 812 2164 877 Politico,
2204 810 2298 865 ubi
2348 825 2543 880 parum
2572 811 2858 865 admodum
2891 827 2993 866 nos
3034 813 3101 868 de
3134 812 3315 867 verbis
3353 828 3420 868 ac
3470 817 3699 871 vocibus
3754 832 3847 872 so-

596 904 774 962 licitos
813 922 936 962 esse
985 907 1185 976 jubet:
1240 924 1258 959 ι
1310 904 1497 969 Recte,
1535 907 1733 977 inquit,
1770 904 1845 959 mi
1889 902 2182 958 Sor-rates:
2221 900 2312 970 qui
2340 900 2385 954 si
2431 900 2757 971 exquisitam
2790 902 3083 956 verborum
3130 916 3319 956 curam
3373 901 3670 973 defugeris,
3727 921 3844 962 ma-

589 996 741 1067 jores
758 998 1060 1068 prudentiae
1081 998 1300 1053 divitias
1324 998 1591 1053 senectuti
1625 1009 1729 1053 tua:
1749 995 2113 1067 comparabis.
2145 1013 2163 1045 ι

1187 1087 1419 1144 CAPUT
1450 1088 1520 1142 1X
1533 1131 1546 1145 .

2789 1079 3185 1133 ΚΕΦΑΛΑΙΟΝ
3227 1078 3307 1132 9'.

593 1201 945 1274 Defugicndos
999 1218 1109 1259 esse
1152 1207 1513 1273 magistratus.
1544 1202 1629 1257 Ea:
1655 1203 1825 1271 primo
1882 1198 1959 1256 De
2006 1212 2156 1267 repu-

2268 1190 2397 1246 ⁹Ὀτι
2426 1183 2550 1245 deor
2576 1156 2817 1258 φεύγειν
2865 1188 3230 1274 ζὰςπάρχάς.
3292 1189 3432 1244 Ἀπὸ
3458 1189 3564 1244 τοῦ
3609 1189 3842 1260 πρώτου

1296 1274 1457 1327 blica.

670 1361 932 1418 Hebraica’
959 1363 1116 1418 docet
1137 1362 1364 1417 historia
1392 1360 1631 1431 primum
1656 1360 1893 1415 omnium
1921 1359 2156 1415 Movsem

590 1453 777 1523 populi
835 1452 1198 1522 principatum
1252 1452 1598 1506 deprecatum
1651 1466 1808 1514 esse,
1858 1450 1946 1504 ubi
1998 1466 2158 1505 suum

593 1541 745 1595 illum
795 1549 852 1596 et
882 1541 1227 1594 oraculorum
1271 1548 1324 1593 et
1373 1538 1723 1593 consiliorum
1766 1547 2042 1593 auctorem
2089 1537 2162 1590 ita

592 1626 924 1695 compellat:
965 1644 983 1675 ι
1031 1622 1291 1687 Obsecro,
1343 1621 1591 1685 Domine,
1621 1623 1827 1693 produc
1856 1623 2022 1677 alium
2068 1622 2158 1679 aui

592 1716 645 1769 id
679 1717 870 1786 possit,
921 1730 1084 1785 quem
1124 1714 1397 1770 missurus
1430 1715 1506 1770 sis
1528 1714 1602 1771 ³⁸.
1641 1733 1659 1765 ο
1706 1713 1910 1768 Deinde
1936 1712 2157 1768 Sautem

589 1788 807 1879 quoque
835 1808 1071 1862 latebras
1094 1807 1495 1877 qumritantem,
1541 1823 1608 1861 ne
1650 1823 1876 1877 regnum
1921 1808 2162 1876 suscipe-

588 1910 693 1963 ret,
730 1915 793 1953 ac
816 1898 1134 1969 prophetam
1167 1897 1459 1953 Jcremiam
1490 1913 1689 1952 munus
1720 1899 2031 1967 impositum
2063 1899 2157 1954 de-

588 1994 838 2049 trectauti
881 1992 1113 2048 similem
1166 1992 1315 2046 facit.
1355 1991 1511 2058 Quod
1566 1991 1917 2061 magisrratus
1966 1992 2154 2061 depre-

588 2086 745 2141 candi
796 2086 1107 2146 consilium,
1157 2084 1286 2139 audi
1338 2082 1802 2153 quemadmodum
1850 2082 2004 2137 Plato
2037 2091 2161 2136 tan-

587 2189 752 2242 quam
806 2189 1023 2243 atquum
1083 2174 1485 2243 honestumque
1540 2173 1738 2226 laudet.
1804 2191 1824 2221 ι
1878 2170 2161 2225 Manifesta

592 2265 780 2334 igitur,
819 2264 1013 2332 inquit,
1046 2263 1356 2318 conlectum
1399 2265 1449 2319 id
1482 2273 1583 2327 est,
1629 2264 1701 2318 mi
1733 2264 2158 2333 Thrasymacho,

585 2367 759 2412 artem
792 2357 1021 2421 nullam,
1045 2356 1532 2426 magistratumque
1564 2357 1773 2410 nullum
1805 2371 1917 2410 sum
1934 2354 2157 2408 utilitati

586 2449 825 2504 servire:
872 2451 965 2504 sed
1014 2449 1217 2519 potius,
1250 2448 1394 2518 quod
1446 2447 1557 2515 jam
1602 2462 1630 2501 a
1667 2447 1820 2501 nobis
1851 2455 2001 2499 tanto
2033 2454 2158 2498 ante

585 2542 790 2596 dictum
833 2549 937 2607 est,
966 2541 1017 2595 id
1067 2556 1233 2594 unum
1270 2540 1414 2611 quod
1455 2538 1684 2595 subditis
1715 2540 2003 2594 commodo
2036 2551 2159 2593 esse

585 2633 780 2702 possit,
811 2647 918 2686 non
958 2647 1276 2701 comparare
1305 2631 1487 2695 modo,
1525 2632 1617 2686 sed
1652 2632 1815 2685 etiam
1866 2631 2155 2699 imperare,

590 2724 663 2777 ita
696 2733 755 2777 ut
783 2723 1058 2778 inferioris
1090 2737 1325 2791 semper,
1367 2738 1474 2776 non
1505 2732 1685 2776 autem
1716 2721 2018 2790 superioris
2064 2736 2156 2774 ra-

584 2813 825 2867 tionibus
853 2816 1123 2867 eonsulat.
1176 2811 1518 2882 Quapropter
1562 2812 1665 2866 hoc
1698 2811 1883 2874 etiam,
1919 2810 2157 2881 Thrasy-

587 2905 782 2959 macho
809 2905 1156 2969 suavissime,
1195 2904 1419 2974 jamjam
1456 2905 1550 2960 abs
1593 2919 1678 2957 me
1711 2904 2029 2966 addebatur,
2062 2917 2158 2956 ne—

585 2995 792 3048 minem
840 3011 936 3050 sua
973 3005 1162 3065 sponte
1196 3011 1260 3049 ac
1308 2996 1574 3049 volentem
1611 2995 1902 3065 imperare,
1953 2995 2159 3049 alieno-

581 3101 816 3157 rumque
866 3088 1133 3142 malorum
1181 3088 1520 3142 curationem
1556 3088 1852 3157 suscipere,
1884 3088 1979 3142 sed
2008 3103 2157 3143 mer-

2838 1258 2946 1327 τῆς
2979 1257 3275 1322 Πολιτείας.

2335 1353 2447 1423 Τῆς
2499 1353 2628 1426 παρ’
2670 1349 2940 1421 Ἑϐραίοις
2988 1350 3206 1421 γραφῆς
3242 1351 3456 1422 πρῶτον
3513 1352 3843 1425 είσαγούσης

2264 1443 2500 1498 Μωῢσέα
2529 1441 2962 1513 παραιτούμενον
2986 1440 3083 1511 τὴν
3115 1440 3209 1494 τοῦ
3252 1441 3384 1496 λαοῦ
3414 1444 3748 1514 προστασίαν
3773 1444 3843 1498 δι’

2267 1529 2341 1588 ὧν
2383 1534 2517 1605 πρὸς
2548 1533 2639 1587 τὸν
2686 1532 3092 1605 χρηματίζοντα
3130 1532 3321 1603 ἔφησε,
3361 1552 3380 1583 ι
3403 1535 3621 1604 Δέομαι,
3646 1533 3838 1609 Κύριε,

2266 1627 2609 1697 προχείρισαι
2639 1625 2796 1679 ἄλλον
2826 1623 2917 1678 τὸν
2959 1615 3278 1694 δυνάμενον,
3327 1625 3387 1678 ὃν
3418 1627 3735 1693 ἀποστελεῖς
3755 1644 3768 1657 ·
3814 1647 3834 1680 ι

2263 1717 2496 1771 κάπιτα
2526 1714 2616 1769 τὸν
2647 1715 2821 1769 Σαοὺλ
2850 1713 3314 1786 κρυπταζόμενον,
3344 1715 3479 1787 πρὸς
3510 1716 3569 1769 τὸ
3599 1716 3673 1788 μὴ
3704 1719 3841 1772 ἀνα-

2263 1807 2515 1873 δέξασθαι
2546 1806 2641 1877 τὴν
2669 1805 2964 1877 βασιλείαν,
2992 1805 3085 1858 καὶ
3109 1805 3199 1859 τὸν
3251 1807 3533 1879 προφήτην
3573 1806 3841 1879 Ἰερεμίαν

2265 1898 2821 1970 ὕποπαραριτούμενον·
2854 1898 3160 1950 ὑπάκουσον
3188 1897 3335 1961 ὅπως
3360 1897 3454 1952 καὶ
3473 1899 3501 1951 ὁ
3526 1898 3750 1952 Πλάτων
3776 1900 3840 1953 τδ

2259 1989 2476 2057 εὔλογον
2503 1986 2603 2057 τῆς
2654 1987 3034 2058 παραιτήσεως
3085 1986 3385 2056 συνίστησι,
3439 1985 3612 2055 λέγων
3642 1986 3835 2052 οὕτως·

2266 2101 2284 2131 ι
2323 2079 2551 2143 Οὐκοῦν,
2582 2073 2628 2132 ὧ
2654 2070 2985 2150 Θρασύμαχε
3031 2077 3163 2148 (64),
3197 2077 3353 2132 τοῦτο
3381 2077 3479 2149 ἤδη
3515 2076 3692 2148 δῆλον,
3752 2080 3837 2133 ὅτι

2257 2173 2483 2244 οὐδεμία
2517 2171 2678 2243 τέχνη
2733 2170 2854 2224 οὐδὲ
2885 2170 3025 2243 ἀρχὴ
3070 2170 3131 2224 τὸ
3162 2171 3299 2242 αὐτῇ
3347 2170 3620 2242 ὠφέλιμον
3663 2189 3840 2242 παρα-

2262 2262 2539 2327 σκευάζει,
2574 2260 2709 2327 ἀλλ’,
2732 2261 2866 2333 ὅπερ
2906 2260 3072 2315 πάλαι
3130 2261 3409 2332 ἐλέγομεν,
3450 2261 3511 2315 τὸ
3556 2261 3634 2333 τῷ
3668 2264 3835 2335 ἀρχο-

2265 2354 2410 2425 μένῳ
2443 2354 2538 2407 καὶ
2564 2353 2988 2424 παρασκευάζει,
3049 2356 3143 2407 καὶ⁵
3195 2354 3491 2417 ἐπιτάττει,
3536 2353 3599 2409 τδ
3628 2356 3837 2410 ἐκείνου

2261 2444 2537 2516 συμφέρον
2568 2444 2849 2509 ἐλάττονος
2899 2444 3051 2509 ὄντος
3079 2445 3377 2511 σκοποῦσα,
3410 2446 3523 2501 ἀλλ’
3556 2448 3618 2502 οὐ
3638 2445 3700 2501 τὸ
3741 2448 3838 2503 τοῦ

2260 2535 2586 2609 κρείττονος.
2617 2536 2715 2590 Διά
2736 2537 2798 2609 δὴ
2825 2536 2996 2592 ταῦτα
3027 2538 3221 2607 ἔγωγε,
3256 2532 3301 2592 ὧ
3333 2539 3456 2608 φίλε
3479 2538 3836 2614 θρασύμαχε,

2260 2629 2351 2682 καὶ
2387 2626 2509 2699 ἄρτι
2539 2627 2724 2697 ἔλεγον
2757 2628 2959 2700 μηδένα
2999 2629 3202 2682 ἐθέλειν
3240 2630 3436 2684 ἑκόντα
3485 2632 3696 2703 ἄρχειν,
3741 2636 3840 2688 καὶ

2260 2719 2329 2772 τὰ
2362 2718 2617 2790 ἀλλότρια
2677 2719 2824 2772 κακά
2879 2720 3349 2792 μεταχειρίζεσθαι
3399 2722 3835 2791 ὲπανορθοῦντα,

2261 2810 2396 2865 ἀλλά
2457 2809 2646 2882 μισθὸν
2675 2812 2867 2876 αἰτεῖν,
2894 2811 2976 2864 δτι
3008 2813 3036 2863 ὁ
3089 2810 3296 2882 μέλλων
3352 2812 3530 2877 καλῶς
3578 2813 3839 2888 τῇτέχνῃ

2262 2903 2509 2975 πράξειν,
2543 2902 2783 2957 οὐδέποθ’
2816 2902 2992 2974 ἑαυτῷ
3022 2901 3082 2957 τὸ
3108 2903 3377 2973 βέλτιστον
3421 2907 3670 2977 πράττει,
3691 2909 3839 2962 κατά

2262 2993 2459 3064 τέχνην
2484 2992 2808 3057 ἐπιτάττων,
2835 2992 2969 3047 ἀλλὰ
2994 2993 3071 3065 τῷ
3098 2995 3400 3068 ἀρχομένῳ.
3447 2990 3545 3051 Ὧν
3573 2997 3638 3069 δὴ
3671 2997 3838 3051 ἕνεκα

2266 3082 2478 3154 μισθὸν,
2520 3082 2595 3146 ὡς
2627 3082 2791 3148 ἔοικε,
2819 3084 2901 3138 δεῖ
2920 3085 3182 3157 ὑπάρχειν
3215 3089 3326 3152 τοῖς
3350 3087 3628 3158 μέλλουσιν
3653 3088 3841 3161 ἐθελή-

582 3178 772 3234 cedem
821 3179 1070 3251 ﬂagitare
1098 3198 1111 3233 :
1149 3179 1290 3249 quod
1323 3180 1371 3233 is
1406 3180 1500 3249 qui
1548 3188 1666 3234 arte
1712 3180 1847 3235 bene
1878 3179 1958 3233 uti
1992 3180 2156 3242 volet,

2268 3192 2381 3229 σειν
2424 3175 2630 3246 ἄρχειν,
2665 3176 3004 3250 ἢάργύριον,
3037 3178 3070 3248 ἢ
3110 3179 3289 3250 τιμήν·
3325 3179 3605 3252 ἢζημὶαν,
3635 3179 3729 3235 ἐὰν
3755 3180 3841 3253 μὴ

594 3285 711 3326 suae
745 3286 1048 3341 nunquam,
1104 3272 1152 3325 si
1197 3274 1360 3324 modo
1392 3272 1525 3324 artis
1568 3270 1790 3325 ductum
1845 3270 2164 3339 imperando
2267 3268 2529 3341 ἄρχωσι.»

584 3371 865 3428 sequetur,
907 3364 999 3417 sed
1047 3361 1323 3418 inferioris
1370 3362 1655 3425 duntaxat,
1704 3364 1920 3417 utilitati
1950 3362 2260 3431 prospiciet.
2300 3362 2380 3417 Ac
2410 3377 2692 3438 proplem
2738 3379 2878 3436 quos
2926 3365 3181 3421 libentius
3213 3366 3479 3434 imperare
3522 3364 3694 3425 voles.
3742 3364 3840 3428 iis,

581 3470 793 3523 opinor,
830 3467 921 3509 aut
948 3454 1164 3524 aliquod
1196 3455 1311 3510 sive
1347 3455 1576 3523 argenti,
1631 3455 1746 3508 sive
1773 3454 1998 3511 honoris
2027 3455 2311 3526 prmmium
2356 3461 2580 3516 omnino
2627 3457 3036 3530 proponendum
3083 3457 3206 3521 erit,
3254 3466 3348 3513 aut
3394 3467 3540 3513 certe
3596 3455 3845 3515 inferen—

581 3548 686 3601 dus
714 3561 890 3616 preme
922 3555 1118 3611 metus,
1152 3546 1207 3599 ni
1245 3554 1534 3616 capessant
1562 3545 1868 3616 imperium.
1910 3566 1930 3599 ι

1099 3636 1261 3708 533
1291 3635 1524 3692 CAPUT
1577 3636 1646 3690 χ.
2189 3643 2233 3700 c

938 3729 1013 3783 De
1041 3729 1210 3798 justo,
1237 3746 1302 3785 ea:
1336 3741 1503 3784 mente
1542 3730 1806 3785 Platonis.

656 3817 1006 3872 Hebraeorum
1035 3834 1101 3872 ex
1126 3819 1365 3874 oraculis
1392 3819 1764 3888 intelligimus,
1790 3835 1912 3876 eum
1936 3821 2155 3875 illorum

580 3911 899 3982 prophetas,
936 3920 1048 3965 tum
1103 3911 1241 3965 alios
1271 3912 1435 3966 etiam
1483 3912 1790 3982 integritate
1817 3922 2157 3983 prtestantes,

2805 3656 3199 3711 ΚΕΦΑΛΑΙΟΝ
3230 3658 3285 3711 l'.

2506 3748 2644 3817 Περὶ
2687 3747 2794 3801 τοῦ
2828 3746 2978 3801 κατὰ
3004 3746 3297 3802 Πλάτωνα
3328 3747 3582 3803 δικαίου.

2333 3840 2455 3895 Τῶν
2479 3840 2609 3911 παρ’
2652 3838 2921 3909 Ἑϐραίοις
2951 3837 3147 3906 λογίων
3179 3839 3306 3902 τοὺς
3339 3841 3468 3911 παρ’
3486 3838 3672 3903 αὐτοῖς
3697 3857 3841 3914 προ-

2260 3936 2458 4005 φήτας,
2481 3928 2576 3988 καὶ
2602 3930 2844 3995 δικαίους
2876 3932 3077 4005 ἄνδρας
3102 3930 3287 4004 ὕϐρεις
3318 3932 3549 4003 ἐσχάτας
3574 3933 3671 3986 καὶ
3693 3948 3839 4005 προ-

583 4000 996 4070 indignissimos
1025 4016 1271 4071 quasque
1321 4002 1551 4071 injurias
1579 4011 1744 4073 atque
1775 4005 2156 4068 contumelias,

586 4090 908 4157 nullumque
941 4105 1047 4144 non
1094 4091 1394 4159 perieulum
1432 4092 1643 4148 fortiter
1684 4095 1991 4164 pertulisse.
2042 4093 2159 4159 Quo

582 4181 638 4235 iu
673 4197 889 4249 genere,
923 4197 1087 4250 quam
1126 4181 1335 4238 Platoni
1370 4199 1492 4239 cum
1541 4185 1675 4254 ipsis
1703 4186 1915 4255 egregie
1961 4199 2159 4240 conve-

583 4275 719 4340 niat,
745 4290 810 4329 ex
843 4276 908 4329 iis
938 4291 1058 4344 quae
1090 4277 1331 4332 secundo
1369 4276 1444 4331 De
1492 4277 1757 4348 republica
1788 4280 2027 4348 scripsit,
2074 4278 2159 4332 in-

581 4368 811 4436 telliges.
851 4387 869 4418 ι
907 4366 1062 4420 Nunc
1088 4366 1272 4437 igitur,
1299 4368 1494 4437 inquit,
1522 4370 1815 4424 constituta
1842 4370 1941 4424 hac
1967 4370 2155 4440 injusti

581 4459 822 4513 hominis
853 4459 1064 4529 specie,
1118 4459 1348 4512 alterum
1396 4474 1519 4514 cum
1553 4475 1621 4515 eo
1644 4462 1853 4530 justum
1910 4465 2157 4517 oratione

581 4559 764 4605 nostra
787 4550 1154 4617 conferamus,
1176 4551 1356 4605 virum
1394 4552 1695 4622 simplicem
1718 4568 1783 4608 ac
1805 4568 2152 4624 generosum,

577 4642 802 4712 quique,
837 4650 896 4695 ut
932 4641 1228 4713 Aischylus
1262 4642 1357 4708 ait,
1413 4643 1615 4712 probus
1643 4658 1797 4710 esse,
1845 4660 1952 4701 non
1985 4645 2156 4700 videri

579 4731 726 4785 velit.
764 4729 829 4784 Et
858 4730 1100 4801 quidem,
1142 4733 1471 4788 removenda
1510 4734 1667 4789 nobis
1699 4735 1769 4790 ab
1800 4751 1868 4792 eo
1895 4736 1997 4789 viri
2026 4737 2155 4790 boni

580 4822 789 4892 species
832 4822 1012 4876 omnis
1055 4832 1161 4878 est.
1192 4821 1326 4878 Nam
1371 4825 1416 4879 si
1447 4825 1634 4895 justus
1680 4842 1801 4883 esse
1855 4826 2151 4891 Videbitur,

582 4928 704 4967 eam
753 4914 1068 4983 Opinionem
1101 4914 1335 4971 honores
1374 4919 1636 4972 continuo
1684 4934 2021 4989 muneraque
2068 4936 2155 4975 se-

578 5011 835 5073 quentur.
872 5007 951 5059 Ita
1000 5006 1239 5060 dubitari
1282 5008 1478 5062 merito
1509 5010 1722 5078 poterit,
1772 5022 1953 5064 utrum
1985 5011 2155 5082 aequi-

578 5095 710 5151 tatis
769 5097 993 5164 studio,
1041 5112 1109 5150 an
1165 5114 1451 5152 munerum
1501 5111 1663 5170 atque
1710 5102 1978 5156 honorum
2034 5118 2150 5174 spe,

579 5186 741 5239 talem
770 5187 891 5241 vitae
919 5186 1183 5241 rationem
1223 5188 1388 5243 ineat.
1442 5188 1626 5245 Rebus
1672 5192 1835 5261 igitur
1872 5194 2149 5259 omnibus,

575 5287 936 5349 praeterquam
970 5279 1209 5350 iustitia,
1233 5280 1554 5350 spoliandus
1585 5282 1710 5347 erit,
1743 5284 1903 5353 eique
1933 5294 2152 5338 eontra-

575 5372 695 5424 rius
742 5373 969 5426 omriino
1011 5373 1180 5443 priori
1236 5374 1311 5428 illi
1346 5389 1568 5442 sensus,
1598 5391 2000 5447 successusque
2050 5380 2151 5432 tri-

647 5549 693 5581 ”
722 5549 891 5607 Exod.
925 5568 999 5618 tv,
1035 5556 1118 5610 i5.

2257 4024 2661 4095 πηλακισμοὺς,
2687 4021 2865 4076 πάντα
2885 4039 2943 4076 τε
2976 4022 3216 4076 κίνδυνον
3236 4022 3516 4094 εὐθαρσῶς
3543 4023 3841 4091 ὑπομεῖναι

2256 4115 2634 4177 διδασκόντων,
2661 4114 2729 4168 τά
2768 4112 2977 4185 συνῳδὰ
3000 4113 3098 4184 τῆς
3122 4112 3408 4177 Πλάτωνος
3432 4111 3527 4166 καὶ
3551 4115 3681 4185 περὶ
3707 4114 3839 4168 τού-

2255 4223 2349 4260 του
2373 4204 2531 4276 δόξης
2563 4203 2754 4275 μάθοις
2788 4204 2852 4260 ἂν
2877 4203 2984 4258 ἀπὸ
3007 4203 3173 4258 τῶνδε
3205 4202 3367 4258 αὐτοῦ
3397 4203 3505 4257 τῶν
3535 4205 3838 4274 φωνῶν,ἀς

2257 4296 2316 4350 ὲν
2342 4294 2421 4366 τῷ
2468 4294 2707 4366 δευτέρῳ
2753 4294 2990 4348 τέθειται
3039 4294 3138 4364 τῆς
3189 4295 3521 4358 Πολιτείας.
3582 4313 3603 4346 ι
3633 4295 3736 4349 Τδν
3781 4297 3836 4349 δ’

2257 4383 2350 4440 οὖν
2385 4386 2498 4457 (65)
2524 4385 2764 4439 τοιοῦτον
2796 4385 2999 4449 θέντες,
3031 4385 3123 4438 τὸν
3175 4384 3381 4438 δίκαιον
3407 4380 3475 4439 αὖ
3514 4386 3644 4457 παρ’
3666 4387 3838 4442 αὐτὸν

2256 4479 2494 4549 ἱστῶμεν
2523 4478 2600 4550 τῷ
2633 4478 2796 4548 λόγῳ,
2820 4477 2988 4547 ἄνδρα
3019 4474 3225 4530 ἀπλοῦν
3253 4477 3347 4529 καὶ
3395 4481 3662 4545 γενναῖον,
3712 4480 3835 4532 κατ’

2256 4568 2539 4639 Αἰσχύλον,
2591 4568 2652 4621 οὐ
2706 4568 2905 4630 δοκεῖν,
2966 4566 3079 4619 ἀλλ’
3108 4560 3249 4620 εἶναι
3291 4566 3496 4635 ἀγαθὸν
3555 4568 3831 4625 ἐθέλοντα.

2270 4659 2617 4731 ’Δφαιρετὲον
2637 4659 2694 4711 δὲ
2720 4658 2781 4711 τὸ
2811 4657 3007 4710 δοκεῖν.
3037 4657 3100 4710 Et
3135 4656 3241 4728 γάρ
3265 4655 3406 4721 δόξει
3436 4657 3641 4721 δίκαιος
3664 4655 3835 4724 εἶναι,

2256 4750 2470 4804 ἔσονται
2509 4749 2658 4820 αύτῷ
2705 4750 2861 4819 τιμαὶ
2912 4748 3010 4802 καὶ
3056 4748 3275 4820 δωρεαὶ,
3328 4748 3572 4803 δοκοῦντι
3605 4750 3838 4823 τοιούτῳ

2257 4838 2416 4895 εῖναι.
2454 4840 2679 4910 ’Ἄδηλον
2706 4835 2800 4894 οὖν
2824 4837 2932 4892 εἴτε
2971 4837 3063 4892 τοῦ
3091 4838 3320 4901 δικαίου,
3346 4838 3456 4892 εἴτε
3478 4839 3587 4894 τῶν
3611 4841 3839 4913 δωρεῶν

2256 4948 2316 4983 τε
2343 4931 2439 4984 καὶ
2469 4929 2643 5002 τιμῶν
2668 4928 2831 4983 ἓνεκα
2862 4928 3098 4993 τοιοῦτος
3144 4929 3249 5000 εἴη.
3282 4930 3598 4996 Γυμνωτέος
3611 4931 3675 5003 δὴ
3701 4932 3841 4986 πάν-

2256 5040 2366 5075 των
2394 5022 2530 5092 πλὴν
2567 5021 2929 5092 δικαιοσύνης,
2966 5022 3060 5075 καὶ
3103 5021 3354 5092 ποιητέος
3407 5023 3665 5085 ἐναντίως
3711 5022 3835 5080 δια-

2258 5115 2508 5184 κείμενος
2536 5113 2613 5184 τῷ
2634 5113 2901 5185 προτέρῳ.
2919 5113 3100 5184 Μηδὲν
3129 5111 3238 5183 γὰρ
3262 5112 3460 5168 ἀδικῶν
3485 5113 3641 5181 δόξαν
3660 5114 3840 5185 ἐχέτω

2255 5204 2357 5274 τῆς
2407 5205 2669 5275 μεγίστης
2721 5203 2951 5269 ἀδικίας,
3017 5205 3103 5257 ἵνα
3165 5204 3618 5276 βεϐασανισμένος
3749 5208 3839 5269 εις

2255 5292 2618 5363 δικαιοσύνην,
2652 5293 2729 5364 τῷ
2763 5293 2838 5365 μὴ
2871 5293 3161 5362 τέγγεσθαι
3201 5294 3307 5347 ὑπὸ
3348 5294 3696 5360 κακοδοξίας,·
3735 5295 3840 5349 καὶ

2257 5382 2367 5435 τῶν
2390 5382 2483 5435 ἀπ’
2516 5383 2686 5453 αὐτῆς
2712 5384 3067 5454 γιγνομένων.
3109 5382 3245 5436 Ἀλλ’
3271 5383 3409 5438 ἔστω
3461 5384 3840 5456 ἀμετάστατος

649 5660 738 5729 (64
802 5663 1053 5727 Οὐκοῦν,
1083 5660 1131 5718 ὦ
1169 5669 1211 5719 Θ
1288 5668 1542 5738 σύμαχε.
1581 5669 1754 5733 Plato,
1789 5671 1885 5724 lih.
1922 5688 1933 5717 ι
1966 5670 2037 5725 De
2063 5688 2151 5731 rep

650 5660 760 5800 (65%
804 5731 914 5786 Τὸν
945 5732 993 5786 δ’
1034 5732 1164 5789 οὖν.
1205 5683 1387 5800 ﬂatu,
1430 5756 1465 5793 ιι
1502 5739 1574 5794 De
1612 5742 1834 5800 republ..
1874 5757 1988 5800 pag.
2019 5742 2149 5797 ωδ.

2260 5715 2288 5742 .,
2317 5689 2438 5745 pag.
2464 5676 2565 5730 “7
2594 5674 2790 5731 Fieiui.

650 5727 760 5800 (65)
804 5731 914 5786 Τὸν
945 5732 993 5786 δ’
1034 5732 1164 5789 οὖν.
1205 5727 1387 5801 Plato:
1430 5727 1574 5794 ιίόρ
1612 5727 1834 5811 republ.,
1874 5757 1988 5811 pag.
2019 5727 2149 5797 ωδ..
