4156 6414
359 341 472 422 969’

1502 340 1847 421 regem,
1873 339 2127 396 EVANG.
2170 340 2300 396 LIB.
2341 341 2454 396 xu.

3503 341 3608 396 970

367 461 526 532 μέχρι
559 458 808 525 θανάτου,
841 461 1013 516 δοκῶν
1041 464 1138 532 μὲν
1167 460 1305 518 εἶναι
1336 465 1518 526 ἄδικος
1561 463 1654 516 Δδιά
1691 463 1829 532 βίου,
1859 461 1925 515 ὢν

2040 464 2308 518 buendus.
2360 463 2508 518 Idem
2541 463 2687 518 enim
2719 473 2774 518 et
2816 463 2964 518 omni
3007 475 3188 518 careat
3230 461 3518 533 iujustitia,
3553 470 3608 516 et

361 553 418 605 δὲ
438 551 644 614 δίκαιος
667 550 796 623 (66).
812 571 830 602 ι
855 553 965 604 Καὶ
990 554 1126 622 μετά
1153 553 1357 624 βραχέα
1380 552 1641 620 ὲπιλέγει’
1667 571 1685 603 ι
1706 551 1937 604 Λεκτέον

361 639 470 697 οῦν.
501 643 611 696 Καὶ
668 644 752 714 δὴ,
809 643 912 697 κᾶν
965 645 1366 716 ἀγροικοτέρως
1419 643 1664 714 λέγηται,
1730 643 1803 713 μὴ
1837 643 1938 713 ἐμὲ

356 734 467 787 οἵου
495 733 693 801 λέγειν,
716 729 761 788 ὦ
788 733 1093 806 Σώκρατες,
1125 735 1259 788 ἀλλά
1288 737 1414 800 τοὺς
1446 734 1801 796 ἐπαινοῦντας
1830 734 1937 804 πρὸ

355 820 697 894 δικαιοσύνης
726 824 957 878 ἀδικίαν.
1001 825 1215 896 Ἐροῦσι
1239 826 1296 877 δὲ
1319 826 1464 880 τάδε·
1501 827 1622 878 Ὅτι
1653 823 1795 878 οὕτω
1821 824 1936 878 δια-

352 912 602 984 κείμενος
623 917 652 968 6
675 914 881 978 δίκαιος
916 916 1349 986 μαστιγώσεται,
1396 917 1814 990 στρεϐλώσεται,
1846 918 1933 970 δε-

351 1004 591 1075 δήσεται,
621 1006 986 1078 ὲκκοπήσεται
1013 1006 1091 1060 τὼ
1115 1007 1395 1079 ὀφθαλμώο
1440 1010 1722 1076 τελευτῶν,
1756 1011 1932 1064 πάντα

347 1097 494 1151 κακά
519 1096 724 1162 παθὼν,
749 1099 1383 1171 ἀνασχινδυλευθήσεται,
1411 1101 1504 1153 καὶ
1524 1099 1814 1170 γνώσεται,
1849 1103 1930 1155 ὅτι

347 1188 447 1242 οὐκ
494 1184 632 1243 εἰναι
664 1190 891 1248 δίκαιον,
933 1191 1071 1244 ἀλλά
1119 1191 1296 1245 δοκεῖν
1335 1192 1416 1246 δεῖ
1458 1192 1715 1246 ἐθέλειν.»
1747 1194 1932 1246 Ταῦτα

346 1282 524 1350 λόγος
546 1283 574 1334 6
603 1281 845 1333 Πλάτων.
876 1282 1097 1352 Ἔργοις
1138 1281 1194 1334 δὲ
1249 1283 1382 1337 πολὺ
1427 1283 1688 1354 πρότερον
1715 1285 1764 1336 οἰ
1799 1285 1930 1356 παρ’

357 1373 628 1443 Ἑϐραίοις
655 1372 851 1426 δίκαιοι
901 1373 997 1425 καὶ
1044 1374 1318 1446 προφῆται
1351 1373 1806 1444 ,μνημονεύονται
1861 1375 1932 1428 τά

345 1461 612 1534 εἰρημένα
639 1461 817 1515 πάντα
848 1461 1192 1516 πεπονθέναι·
1227 1483 1244 1514 ι
1279 1462 1332 1515 οἴ
1352 1479 1438 1530 γε,
1473 1463 1799 1516 δικαιότατοι
1838 1463 1928 1516 ὗν·-

342 1569 454 1616 τες,
495 1551 570 1616 ὡς
618 1553 940 1607 ἀδικώτατοι
985 1553 1368 1625 ἐλιθάσθησαν,
1437 1556 1810 1626 ἐπρίσθησαν,
1869 1557 1928 1608 ὲν

343 1645 491 1715 φόνῳ
518 1647 794 1718 μαχαίρας
820 1645 1110 1711 ἀπέθανον,
1168 1646 1459 1717 περιῆλθον
1501 1649 1558 1700 ὲν
1611 1649 1922 1718 μηλωταῖς,

342 1738 438 1791 καὶ
490 1738 716 1806 αἰγείοις
761 1738 1057 1810 δέρμασιν,
1127 1738 1540 1811 ὑστερούμενοι,
1595 1738 1924 1810 θλιϐόμενοι,

341 1828 788 1899 κακουχούμενοι,
825 1832 882 1883 ὲν
914 1830 1172 1901 ἐρημίαις
1225 1829 1586 1902 πλανώμενοι,
1639 1831 1733 1883 καὶ
1777 1831 1924 1904 ὄρεσι

339 1921 435 1974 καὶ
463 1921 767 1990 σπηλαίοις,
807 1923 902 1974 καὶ
950 1924 1070 1985 ταῖς
1116 1923 1277 1986 ὀπαῖς
1304 1922 1404 1991 τῆς
1451 1923 1574 1993 γῆς,
1626 1940 1701 1976 ων
1725 1925 1826 1978 οὐκ
1857 1921 1926 1997 ἦν

338 2012 488 2077 ἄξιος
512 2014 540 2064 6
561 2013 820 2084 κόσμος.)
855 2014 966 2067 Καὶ
1025 2015 1074 2065 οἰ
1112 2013 1398 2067 ἀπόστολοι
1439 2013 1496 2067 δὲ
1547 2014 1640 2069 τοῦ
1675 2018 1926 2089 Σωτῆρος

339 2105 516 2175 ἡμῶν,
543 2106 643 2178 τὴν
688 2106 947 2160 ἀνωτάτω
983 2106 1329 2178 δικαιοσύνην
1392 2125 1452 2160 τε
1496 2108 1589 2161 καὶ
1643 2109 1925 2164 εὐσέϐειαν

339 2196 638 2266 μετιόντες,
673 2197 830 2261 δόξαν
854 2196 911 2250 δὲ
941 2197 1155 2262 ἀδικίας
1188 2199 1339 2270 παρά
1377 2201 1488 2262 τοῖς
1523 2200 1740 2265 πολλοῖς
1777 2219 1927 2273 περι-

337 2287 680 2358 ϐαλλόμενοι,
709 2291 870 2342 ὁποῖα
891 2287 1151 2359 ἔπασχον,
1190 2289 1367 2343 αὐτῶν
1406 2290 1671 2362 πάρεστιν
1692 2293 1925 2347 ἐπακοῦ-

343 2395 438 2432 σαι
476 2379 765 2446 λεγόντων·
807 2399 827 2431 ι
856 2379 1092 2452 Θέατρον
1122 2382 1458 2452 ἐγενήθημεν
1486 2381 1566 2452 τῷ
1596 2383 1804 2455 κόσμῳ,
1827 2384 1924 2438 καὶ

336 2471 615 2540 ἀγγέλοις,
682 2473 776 2526 καὶ
814 2472 1174 2544 ἀνθρώποις.»
1218 2473 1350 2539 Καὶ,
1389 2494 1408 2526 ι
1449 2475 1627 2548 Μέχρι
1663 2477 1763 2548 τῆς
1793 2478 1922 2550 ἄρτι

338 2563 486 2636 ὥρας
526 2564 622 2618 καὶ
654 2564 949 2634 πεινῶμεν,
987 2565 1080 2618 καὶ
1130 2563 1392 2635 διψῶμεν,
1447 2566 1541 2619 καὶ
1579 2567 1922 2639 γυμνητεύο-

338 2672 460 2726 μεν,
489 2656 584 2710 καὶ
610 2655 1035 2728 κολαφιζόμεθα,
1060 2657 1153 2710 καὶ
1181 2658 1544 2729 ἀστατοῦμεν.
1563 2660 1818 2732 Λοιδορού
1828 2679 1924 2733 με-

336 2761 418 2800 νοι
453 2745 804 2816 εὐλογοῦμεν,
829 2747 1146 2817 διωκόμενοι
1172 2747 1498 2818 ἀνεχόμεθα,
1535 2749 1924 2823 δυσφημούμε-

336 2851 419 2888 νοι
483 2834 928 2906 παρακαλοῦμεψ
964 2835 1040 2899 ὡς
1079 2836 1542 2909 περικαθάρματα
1577 2839 1671 2892 τοῦ
1713 2842 1920 2912 κόσμου

2042 569 2271 608 summae
2320 562 2501 610 tamen
2541 555 2822 625 injustitiae
2861 573 2987 612 reus
3041 556 3341 622 habeatur;
3389 565 3449 608 ut
3499 554 3605 608 hoc

2038 643 2198 712 quasi
2245 645 2530 712 probatam
2558 661 2622 700 ac
2648 654 2897 700 testatam
2940 646 3190 701 examine
3212 643 3478 714 justitiam
3509 643 3608 696 ha-

2035 734 2180 798 beat,
2220 734 2348 788 dum
2379 737 2530 791 nullo
2573 737 2736 792 modo
2760 738 2844 792 vel
2879 737 3125 802 infamia,
3154 736 3240 790 vel
3268 736 3335 790 iis
3366 750 3487 805 quae
3517 735 3604 788 in-

2035 824 2258 881 famiam
2293 829 2449 898 sequi
2491 828 2685 892 solent,
2739 829 3077 893 movebitur,
3115 828 3209 883 sed
3245 827 3604 883 inconcussus

2034 917 2102 970 ad
2152 925 2382 971 mortem
2421 932 2595 987 usque
2622 917 2901 986 persistet,
2945 917 3018 970 ita
3048 917 3290 986 quidem,
3327 924 3388 970 ut
3427 931 3605 984 quan-

2034 1006 2126 1060 diu
2159 1007 2374 1070 vixerit,
2425 1016 2480 1062 et
2501 1007 2770 1076 justitiam
2815 1007 2978 1073 colat,
3018 1016 3072 1062 et
3121 1007 3355 1076 injustus
3379 1021 3500 1061 esse
3526 1005 3606 1058 vi-

2034 1099 2246 1155 deatur.
2300 1117 2319 1150 ›
2358 1098 2570 1165 Quibus
2597 1100 2761 1169 paulo
2814 1108 2938 1170 post
2967 1100 3072 1154 ista
3103 1099 3423 1169 subjungit:
3460 1117 3479 1150 ι
3516 1097 3607 1152 Di-

2032 1190 2264 1244 cendum
2301 1190 2484 1258 igitur.
2517 1188 2574 1244 In
2607 1205 2716 1260 quo
2748 1190 2795 1245 si
2821 1191 2952 1260 quid
2985 1191 3089 1247 erit
3131 1190 3407 1246 horridius
3435 1229 3450 1254 ,
3490 1189 3606 1244 exi-

2032 1281 2220 1337 stimes
2271 1279 2458 1344 velim,
2513 1280 2588 1333 mi
2642 1280 2917 1344 Socrates,
2970 1281 3021 1335 id
3051 1271 3162 1334 non
3211 1289 3320 1334 tam
3362 1279 3460 1335 abs
3495 1294 3603 1342 me,

2031 1379 2195 1434 quam
2245 1363 2314 1417 ab
2344 1363 2412 1418 iis
2459 1365 2587 1432 dici,
2639 1365 2731 1435 qui
2761 1364 2988 1434 justitize
3029 1365 3352 1434 injustitiam
3386 1374 3606 1434 antepo-

2031 1465 2191 1512 nunt.
2242 1457 2510 1512 Futurum
2541 1457 2740 1527 quippe
2792 1457 3140 1524 dictitabuut,
3194 1464 3255 1510 ut
3289 1457 3472 1526 justus
3514 1456 3604 1510 ille

2031 1540 2110 1605 sic
2158 1549 2341 1604 animo
2375 1556 2748 1618 comparatus,
2783 1549 3044 1613 cazdatur,
3096 1557 3439 1619 torqueatur,
3485 1548 3632 1627 vin-.

2032 1642 2208 1696 ciatur
2241 1682 2256 1707 ,
2291 1651 2614 1706 excaecetur,
2653 1643 2795 1695 mala
2835 1643 3067 1712 denique
3098 1657 3390 1712 perpessus
3421 1642 3606 1697 omnia

2031 1734 2087 1787 in
2114 1749 2333 1788 crucem
2363 1742 2578 1804 agatur,
2613 1735 2799 1804 sicque
2827 1734 3047 1790 demum
3101 1745 3381 1806 agnoscat,
3418 1736 3472 1790 id
3502 1736 3605 1790 ho-

2028 1827 2164 1880 mini
2197 1828 2559 1895 expetendum
2611 1841 2753 1891 esse,
2789 1843 2898 1882 non
2938 1829 3120 1896 justus
3161 1837 3222 1883 ut
3261 1829 3350 1894 sit,
3397 1829 3493 1883 sed
3543 1839 3605 1884 ut

2027 1933 2148 1974 esse
2199 1920 2469 1974 videatur.
2527 1938 2546 1971 ι
2603 1917 2729 1974 Haec
2779 1919 2932 1976 Plato
2983 1921 3224 1991 quidem,
3275 1921 3370 1976 sed
3423 1921 3606 1978 verbis

2028 2021 2208 2067 tenus.
2239 2013 2371 2078 Qua:
2418 2012 2561 2082 apud
2590 2011 2868 2078 Hebraeos,
2909 2012 3093 2067 omnia
3125 2012 3285 2082 longe
3315 2022 3440 2068 ante
3477 2029 3602 2068 cum

2026 2101 2117 2156 alii
2147 2103 2392 2173 plerique
2415 2104 2572 2172 justi,
2603 2112 2718 2158 tum
2746 2105 2910 2158 etiam
2944 2104 3222 2173 propheta:
3278 2105 3453 2174 reipsa
3488 2119 3606 2174 per-

2025 2189 2218 2244 tulisse
2269 2200 2684 2247 memorantur:
2738 2191 2937 2263 quippe
2995 2194 3088 2262 qui
3138 2193 3430 2263 justissimi
3478 2209 3605 2249 cum

2029 2290 2234 2345 essent,
2267 2289 2530 2352 tanquam
2565 2284 2939 2354 injustissimi,
2980 2304 2999 2336 ι
3034 2285 3254 2355 lapidati
3290 2296 3438 2351 sunt,
3471 2286 3608 2342 secti

2025 2380 2176 2436 sunt,
2217 2372 2272 2426 in
2306 2374 2584 2430 occisione
2639 2375 2803 2446 gladii
2837 2376 3037 2430 mortui
3082 2386 3232 2440 sunt,
3273 2378 3607 2434 circuierunt

2025 2463 2080 2518 in
2111 2467 2331 2521 melotis
2358 2475 2412 2522 et
2443 2468 2681 2537 pellibus
2719 2467 2978 2538 caprinis,
3009 2478 3251 2539 egentes,
3287 2471 3605 2542 angustiati,

2025 2555 2230 2623 alllicti,
2281 2558 2338 2612 in
2389 2559 2775 2615 solitudinibus
2807 2568 3074 2626 errantes,
3115 2560 3171 2614 in
3224 2562 3504 2618 montibus
3551 2575 3606 2620 et

2026 2649 2328 2718 speluncis,
2353 2658 2409 2704 et
2439 2650 2801 2705 foraminibus
2833 2659 3010 2714 terrae,
3033 2651 3234 2721 quibus
3267 2653 3464 2724 dignus
3493 2670 3605 2710 non

2024 2749 2143 2795 erat
2170 2743 2409 2798 mundus
2437 2741 2504 2796 ⁸⁸.
2550 2761 2569 2794 ›
2636 2740 2777 2808 Quin
2823 2751 2878 2797 et
2903 2743 3076 2797 nostri
3130 2758 3348 2813 quoque
3410 2744 3606 2800 Serva-

2022 2832 2157 2886 toris
2213 2834 2490 2904 apostoli,
2544 2833 2674 2888 dum
2731 2834 3007 2887 cmlestem
3059 2832 3206 2886 illam
3253 2834 3607 2905 divinamque

335 2927 724 2999 ἐγενήθημεν.»
773 2928 934 2983 Ἀλλὰ
963 2930 1057 2982 καὶ
1087 2931 1257 2984 εἰσέτι
1282 2932 1441 3004 δεῦρο
1465 2934 1513 2985 οἰ
1553 2937 1789 3001 γενναῖοι
1827 2935 1920 2989 τοῦ

2026 2923 2312 2992 justitiam,
2342 2924 2506 2997 584
2538 2934 2700 2994 atque
2723 2924 3039 2994 religionem
3071 2933 3363 2992 sectantes,
3397 2925 3604 2996 impro-

335 3021 589 3092 Σωτῆρος
615 3021 776 3092 ἡμῶν
816 3021 1110 3095 μάρτυρες,
1136 3023 1258 3076 καθ’
1297 3025 1426 3096 ὅλης
1447 3025 1548 3096 τῆς
1576 3025 1683 3080 τῶν
1709 3026 1923 3099 ἀνθρώ-

2024 3017 2214 3072 bitatis
2271 3017 2530 3086 opinione
2577 3018 2781 3086 passim
2831 3017 3166 3080 laborarent,
3201 3032 3364 3086 quam
3414 3020 3600 3090 gravia

334 3129 453 3166 πων
482 3113 807 3185 οἰκουμένης
843 3113 904 3167 οὐ
930 3115 990 3166 τὸ
1020 3114 1217 3179 δοκεῖν,
1263 3115 1399 3168 ἀλλά
1433 3117 1496 3169 τὸ
1537 3113 1674 3172 εἶναι
1723 3117 1921 3173 δίκαιοί

2026 3109 2410 3174 sustinuerint,
2452 3123 2520 3162 ex
2554 3109 2656 3164 hac
2695 3109 2936 3178 ipsorum
2977 3123 3112 3163 voce
3140 3119 3396 3164 constare
3443 3111 3602 3167 nobis

330 3223 390 3258 τε
448 3206 543 3259 καὶ
593 3207 836 3270 εὐσεϐεῖς
903 3207 1220 3272 ἀσκοῦντες,
1271 3209 1371 3262 ὅσα
1433 3209 1497 3281 δὴ
1573 3210 1859 3276 κατέλεξεν
1891 3211 1920 3262 6

332 3297 580 3363 Πλάτων,
603 3297 952 3351 πεπόνθασιν·
983 3298 1104 3351 ἐπεὶ¹
1137 3299 1230 3351 καὶ
1252 3299 1731 3369 ἐμαστιγώθησαν,
1748 3300 1925 3372 δεσμά

330 3406 392 3442 τε
415 3389 510 3443 καὶ
543 3389 809 3460 στρέϐλας
846 3389 1164 3460 ὑπέμειναν,
1191 3390 1286 3442 καὶ
1311 3391 1419 3462 μὴν
1461 3391 1557 3443 καὶ
1583 3390 1922 3462 ὲξεκόπησαν

331 3481 411 3535 τὼ
435 3481 717 3553 ὀφθαλμὼ,
755 3483 849 3536 καὶ
886 3483 1037 3546 τέλος
1088 3483 1263 3537 πάντα
1323 3483 1393 3536 τά
1429 3483 1577 3537 δεινά
1628 3482 1921 3547 παθόντες,

330 3574 907 3645 ἀνεσκινδυλεύθησαν.
934 3568 1035 3628 Ὧν
1065 3574 1254 3628 οὐδένα
1288 3576 1418 3644 παρ’
1447 3574 1704 3646 Ἕλλησιν
1732 3575 1922 3646 ἐπιζη-

330 3668 504 3738 τήσας
550 3668 733 3738 ὅμοιον
758 3667 822 3720 ἂν
848 3666 1048 3738 εὕροις·
1080 3668 1157 3732 ὡς
1184 3668 1410 3731 εἰκότως
1451 3667 1573 3723 τινὰ
1617 3667 1802 3737 φάναι,
1827 3669 1922 3724 τὸν

331 3758 619 3828 φιλόσοφον
653 3758 803 3812 οὐδὲν
830 3759 1014 3830 ἕτερον
1053 3759 1087 3831 ἢ
1117 3759 1368 3814 θεσπίσαι
1399 3759 1488 3814 διὰ
1539 3759 1742 3814 τούτων
1792 3760 1922 3832 περὶ

330 3850 441 3904 τῶν
473 3851 602 3922 παρ’
638 3853 770 3923 ἡμῖν
797 3851 1209 3923 διαπρεπόντων
1243 3854 1302 3906 ὲν
1330 3851 1583 3924 εὐσεϐείᾳ
1606 3852 1701 3905 καὶ
1729 3851 1925 3922 ἀληθεῖ

330 3943 662 4018 δικαιοσύνῃ.

2025 3201 2227 3272 poterit
2256 3216 2271 3253 :
2311 3219 2330 3251 ι
2375 3201 2756 3272 Spectaculum
2796 3199 2922 3253 facti
2952 3214 3144 3254 sumus
3173 3201 3396 3266 mundo,
3421 3211 3473 3256 et
3501 3218 3601 3256 an-

2025 3295 2180 3365 gelis,
2211 3302 2266 3349 et
2318 3291 2632 3347 hominibus
2654 3291 2720 3347 ¹⁵⁹.
2761 3310 2781 3343 ι
2813 3290 2901 3359 Ει,
2942 3310 2960 3342 ι
3009 3292 3269 3362 usquein
3310 3293 3454 3348 hanc
3500 3294 3603 3348 ho-

2023 3403 2164 3454 ram,
2215 3395 2270 3442 et
2311 3385 2608 3451 esurimus,
2665 3393 2720 3439 et
2754 3383 2991 3449 sitimus,
3033 3392 3088 3437 et
3142 3384 3272 3437 nudi
3301 3399 3514 3448 sumus,
3545 3391 3600 3438 et

2024 3474 2268 3544 colaphis
2314 3474 2612 3541 caedimur,
2645 3481 2698 3528 et
2741 3473 3023 3528 instabiles
3055 3489 3266 3528 sumus.
3321 3473 3602 3528 Maledici-

2027 3581 2184 3630 mur,
2232 3573 2286 3619 et
2321 3564 2735 3630 benedicimus;
2787 3573 3218 3635 persecutionem
3254 3565 3513 3635 patimur,
3546 3575 3601 3621 et

2023 3655 2359 3712 sustinemus
2389 3674 2403 3722 ;
2436 3655 2903 3725 blasphemamur,
2938 3664 2992 3711 et
3035 3657 3388 3712 obsecramus
3418 3674 3433 3724 ;
3477 3668 3601 3712 tan-

2021 3764 2186 3819 quam
2217 3756 2575 3820 purgamenta
2625 3747 2792 3818 hujus
2843 3749 3032 3804 mundi
3087 3748 3435 3806 factivsumus
3459 3752 3527 3806 ⁸⁸.
3572 3771 3592 3802 ι

2021 3844 2089 3898 Et
2149 3844 2259 3899 huc
2313 3857 2490 3913 usque
2539 3841 2821 3911 profecto,
2887 3843 3096 3898 strenui
3148 3843 3225 3896 illi
3291 3843 3597 3899 Servatoris

2020 3938 2195 3994 nostri
2223 3947 2490 4010 martyres
2538 3936 2740 4006 ubique
2791 3935 3036 3989 locorum
3072 3945 3127 3990 et
3173 3937 3434 4006 gentium,
3465 3935 3600 3991 dum

329 4038 386 4092 id
430 4037 833 4094 studiosissime
887 4046 1130 4109 agerent,
1169 4047 1230 4093 ut
1268 4037 1401 4108 justi
1457 4052 1523 4093 ac
1568 4037 1809 4108 religiosi
1859 4052 1971 4092 non
2009 4037 2341 4096 viderentur,
2401 4035 2495 4088 sed
2525 4040 2730 4096 essent,
2770 4046 2834 4086 ea
2868 4047 2990 4101 quae
3011 4030 3164 4085 Plato
3206 4039 3600 4086 commemorat

329 4133 516 4188 omnia
545 4115 849 4190 subierunt.
883 4133 1017 4187 Nam
1049 4135 1198 4200 caesi,
1226 4135 1414 4201 vincti,
1443 4135 1592 4200 torti,
1618 4137 1895 4201 excaecati,
1935 4135 2120 4207 gravia
2149 4133 2381 4201 denique
2406 4131 2646 4200 perpessi
2673 4129 2878 4193 omnia,
2931 4137 3208 4198 postremo
3265 4127 3322 4182 iu
3375 4142 3597 4182 crucem

327 4226 497 4282 etiam
548 4228 653 4282 acti
709 4236 858 4283 sunt.
910 4226 1156 4293 Quorum
1205 4228 1478 4281 neminem
1521 4227 1664 4297 apud
1710 4226 1929 4282 Grarc'os
1983 4227 2217 4281 similem
2264 4223 2551 4294 reperias;
2614 4225 2718 4277 hoc
2760 4229 2820 4274 ut
2858 4221 3054 4276 merito
3099 4220 3208 4275 dici
3255 4229 3438 4290 queat,
3466 4221 3594 4290 phi-

327 4319 619 4389 losophum
653 4320 756 4375 hoc
785 4321 1050 4377 orationis
1096 4335 1291 4392 genere
1339 4319 1491 4375 aliud
1553 4321 1730 4390 egisse
1781 4321 1937 4386 nihil,
1977 4334 2142 4390 quam
2175 4328 2234 4372 ut
2279 4325 2498 4371 nostros
2554 4313 2829 4386 quondam
2871 4313 3015 4380 illos,
3052 4311 3331 4383 religionis
3361 4327 3426 4366 ac
3455 4327 3597 4367 vera:

323 4412 560 4483 justitiaa
583 4413 744 4467 laude
771 4413 1112 4468 clarissimos
1133 4411 1480 4481 praediceret.

849 4503 1244 4558 ΚΕΦΑΛΑΙΟΝ
1286 4504 1390 4556 ιΑν.

510 4597 644 4666 Περί
684 4596 792 4651 τοῦ
836 4597 989 4650 κατὰ
1013 4595 1272 4650 Μωῦσέα
1304 4594 1697 4664 παραδείσου.

401 4689 681 4752 Μωῡσέως
714 4690 854 4744 κατά
879 4705 1034 4753 τινας
1063 4689 1411 4760 ἀπορρήτους
1444 4687 1635 4756 λόγους
1683 4688 1740 4738 ὲν
1768 4686 1910 4756 ἀρχῇ

327 4780 432 4850 τῆς
468 4778 562 4832 τοῦ
604 4780 810 4850 κόσμου
857 4779 1189 4843 συστάσεως,
1227 4777 1363 4831 Θεοῦ
1411 4794 1533 4831 τινα
1585 4774 1914 4846 παράδεισον

328 4869 614 4940 γεγονέναι
661 4871 880 4939 φάντος,
909 4871 1013 4924 κάν
1065 4870 1240 4941 τούτῳ
1262 4869 1356 4924 τὸν
1382 4867 1668 4940 ἄνθρωπον
1696 4867 1912 4938 ἠπατῆ-

332 4964 462 5018 σθαι
521 4964 611 5018 διὰ
651 4965 750 5036 τῆς
787 4964 1045 5033 γυναικὸς
1103 4963 1242 5035 πρὸς
1271 4961 1368 5018 τοῦ
1412 4961 1609 5032 ὄφεως·
1651 4960 1912 5031 ἄντικρυς

336 5056 619 5127 μονονουχὶ
656 5055 726 5110 τὰ
762 5059 982 5128 ῥήματα
1022 5057 1391 5128 μεταποιήσας
1427 5058 1456 5110 6
1504 5054 1751 5117 Πλάτων,
1780 5052 1913 5106 ὲπά-

332 5162 531 5200 κουσον
590 5141 679 5200 οἶα
737 5147 795 5200 ὲν
846 5147 1169 5216 Συμποσίῳ
1223 5147 1319 5199 καὶ
1359 5144 1524 5206 αὐτὸς
1596 5141 1913 5214 ἀλληγορῶν

332 5236 594 5292 τέθεικεν⁸
636 5237 758 5293 ἀντὶ
799 5237 895 5309 μὲν
925 5238 1018 5291 τοῦ
1053 5237 1377 5309 παραδείσου
1416 5235 1509 5288 τοῦ
1539 5233 1696 5297 Θεοῦ,
1735 5232 1915 5300 κῆπον

333 5329 460 5393 Διὸς
484 5330 774 5401 ὀνομάσαςο
818 5330 940 5384 ἀντὶ
967 5330 1024 5384 δὲ
1057 5329 1151 5384 τοῦ
1178 5329 1354 5398 ὄφεως
1394 5327 1490 5382 καὶ
1519 5327 1620 5396 τῆς
1644 5325 1781 5396 πρὸς
1814 5323 1912 5377 αὐ-

333 5418 433 5473 τοῦ
469 5418 765 5491 γενομένης
793 5421 1028 5492 ἀπάτης,
1060 5421 1260 5475 Πενίαν
1298 5416 1750 5473 ἐπιϐουλεύουσαν
1778 5415 1914 5467 ὐπο-

336 5510 582 5582 θλμενος·
618 5511 740 5565 ἀντὶ
763 5511 822 5564 δὲ
857 5509 952 5564 τοῦ
997 5510 1212 5582 πρώτου
1245 5507 1461 5581 ἀνδρὸς,
1482 5506 1542 5560 ὃν
1570 5508 1605 5576 ἡ
1637 5503 1730 5556 τοῦ
1777 5501 1912 5556 Θεοῦ

2615 4488 2844 4548 CAPUT
2883 4487 2976 4542 XI.

2485 4583 2563 4638 De
2609 4581 2806 4652 Moysis
2827 4580 3099 4651 paradiso.

2094 4681 2210 4736 Sub
2242 4679 2361 4750 ipsa
2390 4676 2594 4732 conditi
2625 4675 2815 4730 mundi
2844 4672 3138 4736 cunabula,
3161 4669 3256 4726 Dei
3281 4674 3594 4742 paradisum

2021 4774 2258 4844 aliquem
2285 4769 2583 4834 exstitisse,
2616 4766 2709 4821 ubi
2737 4767 2902 4820 homo
2937 4779 2967 4819 a
2996 4772 3245 4834 serpente
3272 4781 3368 4834 per
3396 4765 3596 4819 mulie-

2020 4879 2136 4919 rem
2187 4863 2243 4918 in
2290 4860 2539 4917 fraudem
2580 4857 2837 4912 inductus
2887 4854 3089 4921 fuerit,
3139 4853 3353 4927 Moyses
3397 4871 3596 4911 arcana

2022 4954 2260 5024 quadam
2294 4951 2542 5008 oratione
2576 4955 2988 5004 commemorat.
3020 4945 3195 5017 Hujus
3222 4945 3383 5002 verba
3414 4947 3596 5016 palam

2020 5055 2232 5102 tantum
2262 5053 2317 5102 et
2348 5055 2535 5114 aperte
2565 5057 2675 5097 non
2725 5041 3032 5101 immutata,
3061 5038 3188 5093 audi
3219 5038 3296 5095 sis
3334 5040 3598 5109 quemad-

2019 5138 2240 5195 modum
2285 5137 2340 5192 in
2389 5134 2668 5206 Symposio
2700 5131 2990 5202 allegorice
3037 5128 3191 5186 Plato
3239 5130 3592 5200 expresserit.

2019 5230 2192 5298 Quem
2234 5230 2381 5285 enim
2426 5227 2518 5281 ille
2559 5225 2656 5280 Dei
2701 5223 3038 5294 paradisum,
3081 5219 3230 5277 Jovis
3257 5220 3350 5276 hic
3375 5221 3596 5277 hortum

2020 5322 2343 5392 appellavit;
2371 5318 2649 5388 Serpentis
2683 5331 2747 5372 ac
2778 5315 2988 5370 fraudis
3003 5329 3098 5383 per
3113 5327 3236 5366 eum
3255 5314 3595 5380 concinnata:

2018 5413 2159 5478 loco,
2209 5413 2557 5469 insidiantem
2610 5407 2996 5479 Paupertatem
3032 5405 3373 5460 introduxit:
3428 5403 3589 5474 primi

2018 5503 2258 5559 hominis
2284 5504 2418 5569 vice,
2454 5515 2615 5570 quem
2647 5499 2738 5554 Dei
2766 5497 3068 5568 jconsilium
3117 5510 3183 5551 ac
3230 5496 3589 5567 providentia,

409 5643 639 5703 “Hebr.
672 5663 751 5713 xi,
775 5649 864 5712 37,
887 5645 974 5702 58.
1053 5645 1098 5679 δ’
1127 5647 1150 5699 l
1181 5644 1312 5700 Cor.
1352 5657 1428 5708 Iv,
1449 5642 1506 5697 9.
1577 5641 1625 5673 ⁵⁰
1657 5639 1790 5695 ibid.
1829 5637 2014 5695 H45.

411 5763 522 5836 (66)
565 5766 671 5819 Ὧν
707 5763 774 5816 δὲ
797 5763 1046 5828 δίκαιος.
1069 5757 1248 5814 Verba
1273 5759 1413 5826 haec,
1442 5773 1474 5814 a
1501 5755 1742 5814 librariis
1771 5752 2158 5824 praetermissa,
2187 5765 2254 5806 ex
2275 5747 2501 5802 Platone
2525 5741 2916 5815 supplevimns.

660 5856 938 5916 ΡΑτιιοι..
968 5853 1086 5915 Gn.
1120 5851 1299 5912 XXI.

3252 5829 3327 5889 31
