4156 6406
527 266 627 321 9⁸⁷1

1167 266 1437 324 EUSEBII
1474 265 1963 324 CESARIENSJS
2005 264 2157 322 OPP.
2201 263 2381 322 PARS
2428 264 2495 322 ΙΙ.
2538 292 2608 309 -
2648 263 3150 324 APOLOGETICA.

3685 268 3795 329 972

522 391 785 455 tanquam
843 382 1017 439 lilium
1067 383 1231 455 paulo
1294 392 1424 439 ante
1468 393 1657 439 natum
1725 383 2091 455 produxerat,

2209 382 2371 455 μῆτίς
2396 401 2455 437 τε
2488 384 2578 437 καὶ
2606 383 2829 457 πρόνοια
2870 384 2984 437 υἱὸν
3032 382 3223 453 ὥσπερ
3259 380 3517 455 άρτιγενῆ
3557 384 3795 456 προῦϐέ-

520 473 724 529 Porum
753 474 1041 546 quemdam
1075 474 1322 542 Metidos,
1371 476 1476 530 hoc
1511 484 1597 531 est
1644 476 1874 543 consilii,
1924 477 2096 532 lilium

522 564 795 637 subjecit:
845 580 947 636 pro
979 580 1045 621 eo
1098 565 1355 636 denique,
1407 577 1468 621 ut
1513 567 1717 622 conditi
1768 567 1957 623 mundi
1995 568 2099 623 sub

522 657 792 714 cunabula
816 657 1041 726 diceret,
1069 658 1171 714 sub
1195 657 1426 715 Veneris
1464 668 1647 715 ortum
1676 660 1857 716 dicere
1883 661 2096 728 maluit,

519 755 584 803 ut
607 748 712 803 hoc
737 747 1011 819 allegoriae
1040 761 1238 818 genere
1268 749 1459 805 mundi
1497 751 1733 821 speciem
1765 765 1830 806 ac
1855 750 2098 820 pulchri-

519 839 771 893 tudinem
825 838 1194 895 adumbraret.
1246 838 1339 897 Sic
1385 841 1552 911 igitur
1595 843 1662 897 ad
1709 843 1934 898 verbum
1980 843 2099 914 ipse

521 929 798 999 loquitur:
835 948 856 983 ι
876 928 1201 988 NataVenus
1229 947 1351 987 cum
1377 943 1539 998 esset,
1558 932 1721 1006 585
1745 934 1939 1006 inquit,
1961 950 2096 990 con-

523 1021 734 1076 vivium
761 1021 839 1076 dii
870 1022 1236 1086 celebrarunt.
1254 1038 1395 1094 quos
1421 1024 1563 1080 inter
1599 1024 1774 1082 Porus
1801 1027 1964 1081 etiam
1988 1025 2097 1081 Me-

519 1114 647 1169 tidis
679 1113 826 1169 ﬁlius
863 1112 1158 1171 discubuit.
1186 1112 1371 1170 Crenas
1398 1115 1502 1171 sub
1539 1116 1769 1178 exitum,
1796 1115 2096 1187 Paupertas

518 1220 608 1270 eo,
637 1211 826 1276 utpote
847 1204 1060 1261 lautum
1087 1207 1157 1261 ad
1180 1194 1424 1278 epulum,
1454 1207 1659 1277 aliquid
1688 1207 2093 1263 emendicatura

517 1313 640 1354 sese
699 1296 1040 1365 contulerat,
1103 1298 1450 1370 haerebatque
1477 1300 1533 1354 in
1591 1299 1904 1356 vestibulo:
1968 1316 2092 1356 cum

515 1386 716 1453 Porus,
745 1396 965 1444 nectare
997 1389 1207 1455 ebrius,
1256 1390 1486 1446 necdum
1520 1392 1665 1447 enim
1698 1392 1883 1446 vinum
1923 1391 2092 1447 ullum

520 1489 662 1545 erat,
696 1475 850 1533 Jovis
888 1477 943 1532 in
974 1479 1194 1534 hortum
1234 1480 1537 1550 ingressus,
1591 1480 1703 1535 alto
1748 1493 1944 1535 somno
1971 1493 2094 1534 cor-

524 1572 744 1642 ripitur.
779 1568 881 1625 Hic
930 1568 1232 1641 Paupertas
1279 1571 1492 1628 occulte
1523 1587 1589 1627 ac
1634 1586 1733 1642 per
1782 1570 2009 1626 insidias
2039 1571 2091 1626 id

519 1678 710 1734 agens,
736 1672 796 1717 ut
821 1662 1018 1733 inopia:
1038 1663 1382 1719 sublevanda:
1403 1678 1590 1729 causa,
1618 1663 1826 1734 prolem
1853 1678 1921 1719 ex
1950 1661 2092 1719 Poro

2204 475 2390 548 ϐλητο,
2426 475 2542 528 υἱὸν
2566 475 2804 546 Μήτιδος
2840 474 3012 546 Πόρυν
3050 471 3415 537 ἀποκαλέσαςο
3440 474 3561 528 dmi.
3599 474 3656 528 δὲ
3696 477 3792 531 toﬁ

2204 565 2401 635 φάναι,
2457 565 2727 638 Ὀπηνίκα
2792 566 3081 620 συνίστατο
3132 565 3219 618 ὅδε
3281 566 3311 619 6
3372 564 3612 635 κόσμος.
3658 566 3792 621 Ὅτε
3866 557 3871 561 ’

2204 657 2419 726 ἐγένετο
2441 660 2475 730 ή
2526 657 2835 730 Ἀφροδίτη,
2866 654 3058 720 εἰπὼν,
3123 656 3265 711 οὕτω
3321 657 3413 710 τὸν
3445 656 3650 728 κόσμον
3691 659 3792 713 ἀλ-

2203 747 2534 820 ληγορήσας,
2596 748 2690 802 τοῦ
2735 750 2864 819 περὶ
2910 748 3071 801 αὐτὸν
3124 747 3356 812 κάλλους
3388 749 3570 802 ἕνεκα.
3625 750 3790 814 Λέγει

2202 841 2248 896 δ’
2279 837 2372 896 οὖν
2397 843 2580 906 αὐτοῖς
2621 842 2861 913 ῥήμασιν
2906 833 3030 894 ὧδε·
3079 858 3098 891 ι
3155 840 3286 894 Ὅτε
3345 840 3562 908 ἐγένετο
3601 841 3715 913 (67)
3754 845 3791 914 ή

2216 930 2526 1003 ’Δφροδίτη,
2562 929 2842 984 εἱστιῶντο
2874 930 2924 983 οί
2959 927 3091 993 θεοὶ,
3132 929 3188 982 οἳ
3220 946 3281 982 τε
3320 928 3470 983 ἄλλοι
3503 930 3601 984 καὶ
3628 932 3658 984 6
3691 932 3792 1002 τῆς

2201 1022 2438 1094 Μήτιδος
2466 1022 2580 1085 υίὸς
2620 1022 2815 1093 Πόρος.
2855 1021 3075 1092 Ἐπειδὴ
3103 1021 3160 1074 δὲ
3187 1021 3533 1092 ἐδείπνησαν,
3562 1039 3793 1093 προσαι-

2200 1114 2460 1184 τήσουσα,
2495 1109 2584 1169 οἶα
2608 1114 2672 1186 δὴ
2699 1115 2931 1185 εὐωχίας
2952 1112 3142 1184 οὔσης,
3168 1114 3394 1183 ἀφίκετο
3422 1117 3455 1186 ή
3484 1115 3675 1179 Πενία,
3694 1115 3793 1169 καὶ

2199 1200 2267 1276 ἦν
2302 1206 2432 1277 περὶ
2480 1206 2581 1270 τὰς
2631 1206 2823 1277 θύρας.
2874 1207 2934 1258 Ὀ
2995 1202 3089 1260 οὖν
3135 1207 3308 1278 Πόρος
3356 1205 3643 1277 μεθυσθεὶς
3691 1206 3791 1262 toﬁ

2200 1296 2490 1370 νέκταρος,
2519 1294 2662 1363 οἶνος
2683 1300 2793 1371 γὰρ
2820 1297 2973 1352 οὔπω
3003 1294 3093 1371 ἦν,
3146 1300 3225 1361 εἰς
3254 1298 3347 1352 τὸν
3394 1297 3488 1351 τοῦ
3532 1298 3653 1362 Διὸς
3690 1299 3793 1372 κῆ-

2200 1406 2301 1443 πον
2326 1389 2603 1455 εἰσελθὼν,
2673 1390 3045 1463 βεϐαρημένος
3098 1383 3271 1443 εὖδεν.
3327 1389 3393 1442 Ἦ
3450 1383 3544 1443 οὖν
3594 1389 3788 1455 Πενία,

2199 1481 2629 1536 ἐπιϐουλεύουσα
2666 1481 2753 1536 διά
2781 1483 2881 1554 τὴν
2917 1480 3086 1551 αὐτῆς
3116 1480 3351 1551 ἀπορίαν
3382 1480 3593 1534 παιδίον
3625 1483 3787 1554 ποιή-

2200 1572 2396 1627 σασθαι
2420 1573 2486 1628 ὲκ
2513 1574 2608 1627 τοῦ
2648 1574 2849 1646 Πόρου,
2905 1571 3290 1628 κατακλίνεται
3317 1587 3379 1624 τε
3441 1571 3571 1641 παρ’
3600 1572 3750 1643 αὐτῷ
3768 1612 3787 1638 ,

2198 1664 2294 1718 καὶ
2316 1664 2515 1737 ἐκύησε
2545 1665 2637 1720 τὸν
2688 1667 2927 1737 Ἔρωτα.
2972 1684 2991 1718 ι
3015 1662 3252 1719 Τοιαῦτα
3301 1662 3397 1733 μὲν
3422 1663 3487 1736 δή
3542 1681 3664 1717 τινα
3692 1666 3789 1718 καὶ

518 1754 839 1826 susciperet,
870 1755 1027 1825 juxta
1055 1754 1208 1810 illum
1239 1754 1516 1823 accubuit,
1568 1755 1936 1826 Amoremque
1961 1770 2091 1810 con-

2195 1758 2253 1810 ἐν
2287 1757 2493 1835 τούτοις
2547 1759 2575 1811 6
2624 1758 2847 1813 Πλάτων
2875 1758 3130 1830 ἐμφερῶς
3192 1757 3417 1811 Μωῦσεῖ
3464 1755 3782 1829 ὑπῃνίξατο.

514 1852 676 1922 cepit.
739 1870 760 1906 ι
812 1850 940 1908 Haec
990 1852 1144 1922 ipse,
1212 1851 1413 1921 quibus
1456 1866 1589 1909 sane
1646 1861 1882 1907 mentem
1938 1850 2087 1907 illam
2126 1850 2349 1924 Moysls,
2398 1854 2735 1910 subobscure
2758 1855 2902 1919 licet,
2945 1855 3231 1926 expressit.

1113 1944 1344 2002 CAPUT
1373 1941 1489 1999 XII.

514 2042 597 2096 Ab
628 2051 848 2112 utroque
878 2040 1075 2106 doceri,
1111 2037 1384 2093 mulierem
1425 2051 1491 2091 ea:
1512 2035 1624 2091 viro
1661 2041 1925 2105 sumptam
1959 2048 2090 2089 esse.

579 2134 855 2191 Praeterea
884 2133 1030 2203 quod
1059 2132 1136 2187 ait
1162 2129 1398 2201 Moyses,
1450 2146 1470 2180 ι
1500 2127 1630 2183 Ada:
1662 2140 1792 2181 vero
1840 2139 1950 2180 non
1976 2134 2095 2181 erat

512 2226 735 2297 adjutor
756 2224 953 2281 similis
981 2224 1122 2294 ejus.
1158 2221 1227 2278 Et
1273 2220 1500 2277 immisit
1554 2219 1699 2275 Deus
1743 2219 2005 2276 exstasim
2036 2221 2092 2275 in

519 2320 733 2389 ipsum,
787 2324 842 2373 et
896 2316 1095 2386 sopivit
1117 2330 1284 2371 eum:
1334 2312 1566 2383 tulitque
1599 2327 1765 2367 unam
1810 2311 1879 2367 de
1922 2311 2092 2368 costis

521 2414 661 2481 ejus,
692 2419 746 2466 et
785 2409 1014 2481 replevit
1041 2421 1261 2463 carnem
1308 2419 1408 2477 pro
1439 2419 1525 2460 ea.
1572 2402 1640 2460 Et
1669 2402 1956 2459 ediﬁcavit
1984 2404 2093 2458 Do-

519 2502 703 2556 minus
745 2499 891 2556 Deus
935 2508 1166 2563 costam,
1215 2511 1381 2566 quam
1429 2495 1627 2550 tulerat
1673 2493 1742 2549 de
1784 2494 1979 2562 Adam,
2032 2493 2089 2548 in

422 2596 427 2601 ’
518 2591 803 2647 mulierem
818 2591 921 2645 εί.»
952 2590 1010 2644 ld
1037 2588 1212 2653 Plato,
1251 2587 1378 2643 licet
1404 2600 1515 2656 quo
1543 2600 1707 2641 sensu
1733 2584 1937 2640 dictum
1971 2583 2090 2640 fue-

514 2684 610 2749 rit,
640 2684 936 2754 ignoraret,
965 2681 1063 2736 abs
1088 2693 1209 2736 sese
1234 2685 1413 2733 tamen
1439 2674 1685 2732 auditum
1714 2673 1886 2732 fuisse
1908 2674 2087 2747 palam

516 2775 771 2832 ostendit.
828 2771 1152 2843 Quanquam
1186 2768 1579 2840 Aristophani,
1610 2767 1726 2838 qui,
1772 2773 1962 2838 utpote
1999 2781 2097 2822 co-

2724 1946 3119 1999 ΚΕΦΔΛΑΙΟΝ
3153 1945 3250 1998 lB'.

2211 2035 2304 2100 Ὠς
2331 2036 2401 2090 ἐκ
2438 2035 2547 2090 τοῦ
2576 2035 2797 2105 ἀνδρός
2819 2051 3011 2107 φασιν
3034 2035 3315 2106 εἰλῆφθαι
3360 2035 3477 2102 τὴν
3505 2035 3782 2106 γυναῖκα.

2269 2128 2439 2183 Πάλιν
2465 2129 2748 2201 εἰρηκότος
2782 2129 3080 2193 Μωῦσέως,
3120 2148 3139 2180 ι
3170 2127 3260 2199 Τῷ
3289 2129 3347 2182 δέ
3384 2128 3555 2199 Ἀδάμ
3579 2129 3677 2182 οὐκ
3712 2125 3788 2201 ἦν

2203 2217 2396 2290 βοηθὸς
2438 2219 2621 2291 ὅμοιος
2646 2206 2813 2289 αὐτῷ.
2849 2219 2960 2273 Καὶ
2985 2218 3251 2272 ἐπέϐαλεν
3290 2220 3319 2272 6
3366 2220 3496 2284 Θεὸς
3524 2219 3783 2275 ἔκστασιν

2194 2313 2283 2365 ἐπ’
2335 2312 2523 2377 αὐτόν,
2574 2312 2671 2365 καὶ
2725 2312 3054 2381 ἀφυπνωσε,
3103 2311 3198 2365 καὶ
3262 2312 3423 2365 ἔλαϐε
3487 2312 3616 2383 μίαν
3670 2312 3786 2367 τῶν

2194 2404 2445 2477 πλευρῶν
2472 2403 2656 2470 αὐτοῦ,
2686 2405 2780 2458 καὶ
2810 2404 3164 2476 ἀνεπλήρωσε
3204 2404 3380 2476 σάρκα
3433 2406 3550 2458 ἀντ’
3583 2406 3778 2476 αὐτῆς.

2193 2496 2306 2551 Καὶ
2333 2496 2651 2568 ᾠκοδόμησε
2697 2496 2901 2569 Κύριος
2919 2498 2947 2550 6
2972 2496 3105 2558 Θεὸς
3132 2497 3231 2569 τὴν
3266 2495 3525 2568 πλευρὰν,
3564 2498 3632 2568 ἢν
3658 2497 3785 2552 ἔλα-

2193 2588 2287 2643 ϐεν
2325 2590 2432 2643 ἀπὸ
2458 2589 2555 2643 τοῦ
2600 2589 2791 2659 Ἀδὰμ,
2833 2591 2914 2653 είς
2951 2592 3240 2658 γυναῖκαοι
3275 2591 3349 2662 μὴ
3381 2591 3559 2654 συνεὶς
3585 2593 3613 2644 6
3644 2590 3783 2645 Πλά-

2192 2699 2301 2735 των
2360 2681 2521 2754 ὁποίᾳ
2562 2683 2780 2754 εἴρηται
2835 2681 3065 2753 διανοίᾳ,
3114 2681 3275 2752 δῆλος
3323 2682 3422 2753 μὲν
3476 2681 3623 2737 ἔστιν
3678 2683 3782 2737 οὐκ

2192 2773 2465 2845 ἀγνοήσας
2489 2773 2583 2826 τὸν
2624 2773 2801 2841 λόγον’
2839 2773 3213 2844 Ἀριστοφάνει
3256 2773 3299 2827 δ’
3329 2774 3512 2838 αὐτὸν,
3543 2769 3631 2827 οἷα
3670 2792 3782 2828 κω-

519 2867 847 2924 moediarum
875 2865 1128 2937 scriptor,
1155 2879 1247 2920 res
1278 2863 1442 2918 etiam
1469 2859 1826 2933 gravissimas
1851 2857 2091 2914 deridere

2197 2865 2359 2937 μῳδῷ
2383 2864 2666 2936 χλευάζειν
2693 2863 2905 2919 εἰωθότι
2935 2867 3028 2920 καὶ
3082 2865 3151 2920 τά
3177 2883 3233 2919 σε
3243 2865 3350 2937 μνὰ
3386 2864 3497 2919 τῶν
3523 2867 3779 2937 πραγμά-

517 2970 876 3016 consueverat
900 2998 916 3024 ,
974 2958 1123 3013 hunc
1176 2968 1486 3013 sermonem
1536 2951 1749 3008 tribuit.
1803 2948 1897 3006 Sic
1950 2951 2091 3006 enim

2195 2974 2324 3021 των,
2355 2957 2692 3031 ἀνατίθησιν,
2718 2958 2777 3012 ἐν
2822 2960 3147 3029 Συμποσίῳ
3172 2959 3299 3013 τάδε
3349 2957 3577 3027 λέγοντα
3613 2959 3780 3011 αὐτὸν

518 3053 671 3107 illum
699 3051 757 3105 in
806 3048 1054 3105 Convicio
1104 3047 1418 3117 loquentem
1468 3042 1617 3099 facit.
1672 3060 1694 3095 ι
1732 3041 1813 3097 Ac
1855 3040 2091 3113 primum

2195 3050 2449 3120 είσάγων·
2506 3068 2527 3101 ι
2557 3051 2649 3104 Δεῖ
2703 3051 2761 3105 δὲ
2810 3051 3026 3123 πρῶτον
3063 3050 3174 3124 (68)
3231 3051 3375 3120 ὑμᾶς
3431 3049 3621 3122 μαθεῖν
3676 3050 3778 3122 τὴν

515 3144 759 3216 quidem,
799 3142 1016 3213 inquit,
1054 3146 1307 3195 naturam
1354 3137 1655 3193 humanam
1686 3133 1917 3206 ejusque
1962 3150 2091 3191 con-

2195 3118 2542 3218 ἀνθρωπίνην
2580 3143 2741 3215 φύσιν
2773 3118 2871 3199 καί
2900 3145 2970 3201 τὰ
3007 3118 3304 3218 παθήματα
3338 3118 3527 3217 αὐτῆς.
3569 3146 3635 3199 Ἥ
3666 3118 3777 3216 γάρ

513 3239 747 3293 ultiones
778 3249 942 3291 nosse
971 3247 1070 3290 vos
1099 3237 1331 3302 oportet.
1364 3226 1553 3299 Neque
1579 3226 1725 3282 enim
1754 3225 1944 3282 eadem
1973 3240 2091 3296 quae

2195 3235 2542 3308 πωαιὴμῶν
2589 3236 2752 3307 φύσις
2802 3236 2901 3307 οὐχ
2954 3238 2988 3308 ή
3044 3236 3181 3308 αὑτὴ
3206 3232 3274 3308 ἦν
3294 3231 3440 3309 ἤπερ
3491 3237 3606 3302 νῦν,
3640 3236 3776 3292 ἀλλὰ

516 3341 665 3383 nunc
696 3332 800 3389 est,
849 3331 1049 3378 natura
1096 3320 1227 3376 olim
1261 3325 1451 3375 nostra
1482 3316 1605 3382 fuit,
1654 3314 1749 3372 sed
1797 3315 1957 3386 longe
2004 3314 2094 3369 di-

516 3432 697 3473 versa.
751 3414 999 3470 Primum
1066 3410 1215 3466 enim
1273 3422 1473 3481 genera
1536 3405 1820 3462 hominum
1876 3403 2096 3460 fuerunt

520 3506 746 3562 omnino
772 3504 898 3568 tria,
949 3516 1058 3557 non
1092 3501 1204 3555 duo
1252 3508 1485 3562 tantum,
1536 3496 1616 3551 uti
1650 3502 1777 3551 sunt
1816 3494 1922 3551 hoc
1952 3503 2092 3550 tem-

517 3614 669 3669 pore,
693 3613 815 3653 mas
838 3611 903 3652 ac
932 3594 1134 3650 femina
1160 3612 1174 3648 :
1205 3591 1301 3649 sed
1328 3591 1546 3647 tertium
1572 3589 1796 3659 insuper
1818 3597 1937 3643 erat
1965 3602 2090 3643 cum

519 3699 755 3761 utroque
791 3700 1123 3752 commune;
1163 3684 1312 3755 quod
1358 3682 1505 3737 nudo
1529 3688 1742 3737 tantum
1772 3679 1962 3736 relicto
1989 3695 2091 3735 no-

519 3783 689 3849 mine,
718 3795 950 3852 prorsus
970 3778 1210 3833 evanuit.
1237 3775 1377 3832 Tum
1402 3775 1549 3832 enim
1577 3773 1954 3844 androgynum
1976 3782 2094 3829 erat

520 3884 630 3928 tam
660 3871 859 3937 forma,
914 3885 1081 3942 quam
1127 3869 1372 3933 nomine,
1426 3883 1494 3923 ex
1546 3876 1779 3938 utroque
1829 3868 1999 3924 maris
2027 3881 2094 3923 ac

520 3966 737 4024 feminae
769 3979 902 4020 sexu
947 3961 1264 4017 conﬂatum.
1309 3979 1328 4012 ι
1368 3960 1630 4031 Deinceps
1663 3975 1818 4015 more
1868 3973 1970 4016 suo
1999 3973 2093 4015 ca-

516 4054 896 4124 villatus,b:ec
926 4052 1107 4108 addit:
1141 4072 1160 4104 ι
1200 4050 1358 4106 Hunc
1376 4051 1431 4106 in
1454 4051 1675 4106 modum
1704 4050 1920 4108 locutus
1947 4049 2092 4120 apud

515 4164 643 4205 eum
675 4145 907 4219 Jupiter,
941 4144 1195 4201 bifariam
1241 4144 1488 4200 homines
1539 4142 1745 4209 secuit,
1789 4152 1851 4199 ut
1882 4142 1977 4214 qui
2006 4142 2092 4198 vel

521 4240 802 4297 auriculas
852 4237 1140 4296 condiendi
1190 4236 1377 4292 animo
1420 4235 1781 4302 abscinderet,
1829 4235 1917 4292 vel
1963 4234 2091 4307 pilis

515 4347 619 4386 ova
649 4331 932 4387 divideret.
963 4329 1141 4399 Atque
1178 4327 1226 4383 is
1259 4335 1321 4382 ut
1357 4340 1629 4396 quemque
1659 4334 1931 4391 secuerat,
1962 4325 2090 4381 huic

2193 3326 2328 3399 άλλη
2365 3327 2497 3399 (69).
2562 3327 2785 3399 Πρῶτον
2817 3326 2916 3398 μέν
2947 3325 3056 3398 γάρ
3081 3327 3208 3399 τρία
3264 3322 3333 3398 ἦν
3368 3326 3437 3380 τά
3478 3328 3608 3399 γένη
3665 3326 3776 3381 τῶν

2192 3415 2517 3489 ἀνθρώπων,
2558 3417 2657 3488 οὐχ
2700 3415 2891 3487 ὥσπερ
2944 3415 3041 3470 νῦν
3097 3415 3215 3481 δύο,
3258 3416 3426 3486 ἄρρεν
3466 3417 3559 3469 καὶ
3613 3416 3773 3488 θῆλυ,

2192 3505 2331 3561 άλλά
2378 3507 2562 3580 τρίτον
2620 3509 2829 3579 προσῆν
2853 3545 2868 3572 ,
2930 3504 3107 3559 κοινὸν
3167 3504 3493 3575 ἀμφοτέρων
3541 3504 3773 3569 τούτων,

2190 3591 2266 3654 ὧν
2302 3597 2415 3671 (70)
2437 3597 2531 3652 νῦν
2561 3596 2731 3669 ὄνομα
2781 3595 2985 3660 λοιπὸν,
3019 3596 3149 3649 αὐτὸ
3200 3596 3258 3648 δέ
3303 3596 3614 3665 ἠφάνισται.
3653 3596 3775 3649 Ἀν-

2191 3687 2447 3761 δρόγυνον
2487 3686 2596 3759 γὰρ
2623 3687 2743 3740 τότε
2770 3686 2870 3757 μὲν
2894 3681 2983 3756 ἦν,
3018 3685 3113 3739 καὶ
3165 3679 3322 3749 εἶδος,
3367 3684 3461 3739 καὶ
3500 3685 3672 3755 ὄνομα
3709 3684 3773 3754 ἐξ

2192 3779 2514 3851 ἀμφοτέρων
2542 3777 2742 3843 κοινὸν,
2775 3775 2870 3831 τοῦ
2899 3794 2960 3830 τε
2995 3778 3221 3849 ἄρρενος
3241 3775 3337 3830 καὶ
3363 3776 3457 3830 τοῦ
3491 3776 3699 3848 θήλεος.
3743 3796 3765 3830 ι

2191 3866 2304 3924 Εἴθ’
2328 3869 2455 3941 ἑξῆς
2481 3868 2745 3940 διασύρας
2777 3867 2848 3922 τά
2874 3867 3023 3940 αὐτῷ
3046 3866 3271 3940 συνήθη,
3302 3866 3552 3938 ἐπιφέρει
3572 3865 3769 3936 λέγων’

2197 3980 2217 4014 ι
2257 3960 2420 4015 Ταῦτ’
2440 3959 2609 4014 εἰπὼν
2634 3962 2664 4014 6
2716 3960 2846 4033 παρ’
2873 3959 3020 4032 αὑτῷ
3072 3962 3226 4025 Ζεὺς,
3294 3958 3483 4030 ἔτεμνε
3515 3958 3641 4022 τοὺς
3671 3959 3768 4011 ἀν-

2192 4052 2443 4129 θρώπους
2464 4053 2606 4124 δίχα,
2634 4053 2824 4125 ὥσπερ
2854 4055 2905 4108 οἱ
2938 4053 3007 4107 τά
3059 4047 3175 4106 ὦτα
3205 4051 3316 4122 (71)
3364 4051 3650 4119 τέμνοντες
3676 4050 3770 4103 καὶ

2196 4146 2479 4217 μέλλοντες
2500 4145 2829 4217 ταριχεύειν,
2858 4144 2892 4216 ἦ
2920 4144 3113 4217 ὥσπερ
3139 4145 3189 4198 οἱ
3218 4143 3285 4197 τά
3316 4142 3400 4196 ὼὰ
3425 4141 3542 4205 ταῖς
3570 4140 3766 4213 θριξίν.

2194 4238 2415 4291 Ὅντινα
2473 4237 2532 4291 δὲ
2590 4237 2768 4309 τέμοι,
2815 4236 2908 4290 τὸν
2970 4233 3277 4289 Ἀπόλλωνα
3325 4231 3546 4285 ἐκέλευε
3592 4230 3655 4284 τό
3705 4248 3769 4285 τε

2193 4330 2479 4401 πρόσωπον
2514 4331 2910 4401 μεταστρέφειν
2957 4327 3051 4381 καὶ
3094 4326 3156 4379 τὸ
3197 4322 3291 4378 toﬁ
3341 4323 3566 4394 αὐχένος
3593 4323 3770 4393 ἣμισυ

515 4419 822 4489 Apollinem
848 4417 1094 4489 jubebat,
1137 4416 1348 4470 vultum
1399 4416 1740 4487 cervicisque
1775 4415 2085 4482 dimidium,

2195 4421 2327 4492 πρὸς
2353 4420 2452 4492 τὴν
2476 4419 2647 4492 τομὴν
2673 4419 2907 4491 (72),ἱ’να
2940 4416 3206 4488 θεώμενος
3233 4415 3330 4487 τὴν
3354 4413 3518 4467 αὐτοῦ
3542 4414 3766 4518 τμῆσιν,

517 4524 639 4564 eam
670 4510 725 4565 in
752 4520 961 4580 partem
991 4524 1099 4579 qua
1127 4516 1309 4564 sectus
1331 4518 1479 4565 esset
1522 4517 1858 4574 convertere,
1887 4517 1949 4564 ut
1975 4523 2089 4564 suae

2195 4511 2561 4584 κοσμιώτερος
2619 4512 2704 4583 εἴη
2742 4513 2771 4566 6
2803 4509 3106 4581 ἄνθρωπος·
3144 4505 3239 4561 καὶ
3267 4505 3336 4559 τὰ
3388 4504 3522 4561 ἄλλα
3583 4503 3770 4561 ἰᾶσθαι

516 4601 683 4671 hujus
740 4601 999 4657 sectionis
1049 4606 1308 4671 aspectu,
1360 4600 1661 4655 modestior
1704 4599 1872 4657 homo
1917 4600 2088 4656 ﬁeret.
2192 4602 2493 4657 ἐκέλευεν.»

515 4687 657 4744 Tum
690 4689 902 4745 ceteris
927 4704 1051 4743 eum
1075 4704 1293 4759 quoque
1322 4690 1526 4746 mederi
1552 4689 1742 4760 jussit.
1776 4709 1796 4743 ο

584 4804 627 4838 ⁸¹
668 4804 803 4861 Gen.
833 4819 892 4869 ιι,
932 4803 1127 4859 20-22.

588 4896 699 4968 (67)
741 4896 876 4968 fOts
916 4896 1172 4968 ἐγένετο.
1221 4895 1376 4968 Plato
1403 4896 1465 4968 in
1501 4894 1771 4964 Convicio,
1806 4896 2086 4968 pag.r'528.

514 4965 688 5022 Porro
722 4966 930 5038 fabulae
960 4965 1579 5038 hujusexplicationem
1632 4965 2088 5038 apudﬁPlotinum

514 5038 684 5106 leges,
711 5035 956 5091 Ennead.
987 5035 1111 5101 III,
1141 5035 1341 5102 livai,
1380 5053 1411 5091 a
1442 5039 1620 5106 capite
1653 5035 1721 5092 ad
1749 5037 1873 5091 libri
1900 5036 2085 5106 ﬁnem.

2189 4894 2416 4964 ἄμοιρον
2441 4893 2486 4948 δ’
2503 4891 2763 4964 eiii-topia;
2788 4881 3012 4964 ἐστὶνιῇ
3041 4883 3101 4943 οὗ
3123 4886 3572 4964 έχειτδ-ἐλλεῖπ-ον
3588 4884 3762 4964 ζητεῖ.

2189 4911 2319 4964 αμοι
2386 4911 2416 4946 ν
2441 4911 2483 4948 0'
2503 4911 2763 4963 ευποριας
2788 4911 2954 4953 εστιν,
2977 4911 3012 4961 η
3041 4911 3101 4943 ου
3123 4911 3234 4959 εχει
3249 4911 3312 4941 το
3331 4911 3572 4941 εΛΛειπον
3588 4911 3762 4959 θητει.

2261 4911 2384 5036 (6g;2
2412 4964 2506 5016 Δεῖ
2536 4961 2605 5015 δὲ
2644 4959 2900 5029 πρῶτον.
2934 4947 3089 5016 Plato
3134 4959 3189 5012 in
3234 4960 3426 5013 eodem
3477 4956 3764 5025 Convivia,

2188 5049 2310 5104 pag.
2339 5031 2697 5104 3227Ficini._
2756 5100 2766 5104 _

515 5100 743 5162 summa
776 5115 884 5178 est.
916 5100 1178 5178 Venerem
1223 5100 1335 5178 τὴν
1369 5100 1546 5178 ψυχήν
1592 5105 2088 5178 essedocetrPo-

2195 5100 2205 5103 ’
2258 5100 2371 5178 (ﬁt?)
2411 5103 2586 5178 Plato.
2618 5100 2825 5178 ἀλλοία.

512 5194 672 5248 rum,
702 5177 825 5248 τῶν
874 5177 1091 5248 πάντων
1124 5166 1318 5246 λόγον’,
1360 5166 1547 5248 ,ιόιὶὲὶη
1596 5176 1873 5248 βασιλικὸν
1920 5175 2084 5248 Νοῦν.

2260 5166 2373 5248 (3'9)
2404 5172 2585 5248 Plato,
2604 5166 2694 5248 .0!"-

514 5194 672 5244 rum,
715 5188 825 5232 των
874 5188 1091 5232 πάντων
1125 5188 1318 5246 λόγον,
1360 5188 1547 5231 Jovem
1596 5188 1873 5248 βασιλικὸν
1920 5188 2084 5229 now.

514 5247 640 5319 Pori
666 5247 981 5319 ebrietatem
1006 5246 1163 5319 λόγον
1188 5248 1298 5301 ἀπὸ
1326 5247 1641 5319 κρείττονος
1654 5247 1830 5319 ἀρχῆς
1856 5246 2089 5319 πεσόντα

2260 5188 2352 5240 (ιυ
2412 5188 2585 5236 ιίθιο,
2616 5188 2694 5226 ου.

2202 5314 2216 5319 _
2250 5188 2373 5319 1713
2404 5238 2791 5319 Ὦταη-Ρίτιιρι
2797 5239 2900 5303 ὠά,
2934 5238 3027 5319 sed
3057 5239 3199 5319 linea
3226 5245 3514 5319 sequente;
3530 5235 3766 5319 habetur

2186 5307 2290 5367 ὠάζ
2322 5307 2465 5367 Sunt
2491 5311 2691 5382 quibus
2714 5311 2871 5382 ζῶα,
2910 5311 2995 5365 vel
3033 5311 3177 5364 νῶτα
3200 5307 3588 5382 placeat._Ego
3624 5307 3761 5382 nihil

2185 5378 2525 5447 ωυιαηάιιιιί
2541 5380 2760 5451 putavi,
2800 5396 2909 5435 non
2937 5382 3081 5449 quod
3110 5378 3270 5434 aures
3303 5378 3552 5433 bifariam
3583 5378 3761 5430 secari

2186 5453 2400 5520 dixerit,
2426 5453 2521 5508 sed
2549 5452 2693 5521 quod
2726 5453 2913 5505 eadem
2940 5451 3202 5504 facilitate
3237 5459 3443 5519 partem
3471 5460 3760 5521 utramque

2184 5518 2395 5593 Jupiter
2439 5518 2715 5588 diviserit,
2762 5536 2867 5589 qua
2919 5522 3147 5592 geminae
3198 5518 3359 5575 aures
3408 5518 3758 5589 postmodum

2185 5593 2500 5649 condienda:
2529 5600 2861 5647 secarentur.

2256 5664 2367 5734 (72)
2413 5662 2628 5732 Τομήν.
2677 5660 2755 5716 ita
2802 5661 3068 5734 l’lato,_et
3112 5668 3293 5725 recte,
3327 5659 3492 5729 τιμήν
3524 5657 3669 5713 enim
3701 5656 3760 5711 in

2186 5731 2518 5791 al.7editione
2548 5747 2828 5804 perperam
2867 5731 3157 5801 legebatur.

511 5318 583 5372 τὰ
611 5321 693 5382 εἰς
717 5317 1000 5372 ἐλάττοναο
1029 5317 1178 5373 Jovis
1208 5317 1426 5372 hortum
1454 5355 1470 5377 .
1500 5317 1646 5385 quod
1685 5317 1876 5371 hortus
1909 5318 2088 5372 omnis

511 5388 794 5459 ἀγλάϊσμα
824 5389 916 5455 sit,
940 5389 1034 5459 καὶ
1058 5389 1287 5459 πλούτου
1314 5385 1761 5459 ἐγκαλλώπισμα,
1798 5386 1943 5459 aliud
1968 5400 2089 5459 esse

516 5455 650 5530 nihil
695 5455 859 5530 quam
901 5458 972 5512 τά
999 5459 1167 5530 παράί
1192 5457 1286 5511 toﬁ
1330 5456 1423 5511 νοῦ
1456 5456 1621 5530 αὐτού
1659 5455 1740 5520 εἰς
1770 5455 1881 5530 τὴν
1910 5456 2087 5530 ψυχὴν

516 5526 740 5599 ἐλθόντα
770 5526 1137 5599 ἀγλαῖσματα,
1158 5529 1263 5584 hoc
1288 5537 1392 5593 est,
1413 5527 1540 5591 τοὺς
1564 5526 1777 5599 λόγους,
1808 5526 1933 5599 τοὺς
1956 5526 2085 5599 παρ’

517 5598 680 5669 αὐτοῦ
714 5596 1278 5669 ῥυέντας.Ἀπιοι·επι,
1310 5600 1487 5669 ipsum
1506 5598 1715 5669 animae
1751 5596 2082 5652 desiderium

517 5667 656 5739 πρὸς
696 5665 757 5719 τὸ
801 5671 1065 5739 κρεῖττον,
1117 5685 1183 5739 ex
1207 5665 1372 5739 Poro
1411 5675 1463 5739 et
1506 5665 2081 5739 Paupertatenatum,

516 5733 646 5810 quia
681 5733 897 5808 μετέχει
936 5738 1035 5812 μὲν
1079 5733 1375 5810 ἐνδείας,
1405 5733 1741 5809 πληροῦσθαι
1777 5737 1949 5805 θέλει,
1984 5739 2084 5790 οὐκ
