4156 6414
372 367 486 424 973
1556 368 1882 428 PREPAR.
1925 369 2013 427 EV

1991 369 2175 428 lANG.
2219 369 2346 426 LlB.
2389 371 2502 428 XII.
3527 379 3632 436 974

894 484 1294 541 ΚΕΦᾹΛΑΙΟΝ
1328 488 1425 542 ΙΓ.
1583 482 1588 490 ’
1977 498 2032 556 Α

1583 482 1588 490 ’
1977 498 2032 556 Α
2549 491 2715 564 536
2743 487 2975 548 CAPUT
3011 491 3143 546 xm.

543 578 682 646 Περὶ
707 576 816 631 τοῦ
835 578 1070 646 πρώτου
1102 579 1223 633 τῶν
1258 580 1587 648 ἀνθρώπων
1604 582 1770 646 βίου.

1570 599 1587 619 ρ
1604 582 1770 646 βίου.
2479 584 2556 637 De
2580 586 2755 653 prima
2788 586 3059 639 hominum
3087 588 3211 640 vita.

434 665 714 730 Μωῡσέως
749 666 838 720 τὸν
867 666 1082 738 πρῶτον
1125 669 1233 722 τῶν
1281 671 1530 741 γηγενῶν
1566 672 1679 742 βίον
1709 674 1950 745 ὑπογρά-

2130 671 2372 728 Primam
2403 673 2690 729 hominum
2723 675 2892 730 vitam
2924 678 2978 730 in
3009 676 3103 732 Dei
3139 677 3392 747 paradiso
3425 676 3635 750 Moyses

362 759 560 829 ψαντος
578 761 636 812 ἐν
666 759 976 830 παραδείσῳ
1001 760 1137 814 Θεοῦ
1188 763 1490 830 γεγονέναι,
1524 763 1657 817 Θεόν
1684 783 1743 818 τε
1771 766 1952 818 αὐτῶν

2054 764 2276 820 ductam
2329 781 2450 821 esse
2497 766 2710 834 scribit,
2743 768 2837 822 ubi
2881 782 3074 824 eorum
3113 784 3301 824 curam
3355 771 3475 827 sine
3524 773 3635 827 ullo

363 847 613 916 ἡγεῖσθαι
677 849 736 900 ἐν
785 849 1091 920 ἀχρημάτῳ
1162 849 1255 902 καὶ
1309 851 1580 920 ἀκτήμονι
1664 851 1904 924 διαγωγῇ
1931 896 1946 919 ,

2052 857 2366 912 divitiarum
2387 871 2669 929 opumque
2703 861 3035 916 commercio
3077 861 3222 917 Deus
3253 863 3368 932 ipse
3386 874 3631 934 ‘gereret,

361 939 620 1010 ἄσπαρτά
669 956 728 993 τε
786 941 968 1004 αὐτοῖς
1020 941 1115 995 κοιλ⁵
1161 943 1402 1013 ἀνήροτα
1457 943 1635 997 πάντα
1683 944 1946 1012 φύεσθαι,

2053 950 2351 1020 omniaque
2383 951 2515 1021 ipsis
2552 953 2760 1022 absque
2803 954 2913 1008 ulla
2943 956 3025 1009 vel
3056 965 3317 1022 semente,
3360 958 3443 1011 vel
3475 973 3634 1028 agro—

360 1031 600 1100 γυμνούς
644 1048 704 1084 τε
747 1026 886 1087 εἶναι
940 1033 1042 1104 τῆς
1077 1033 1215 1104 μετά
1264 1036 1436 1088 ταῦτα
1469 1035 1780 1107 περιϐολῆς·
1815 1039 1950 1092 ἐπά-

2051 1058 2176 1096 rum
2225 1045 2437 1099 cultura
2486 1054 2885 1113 nascerentur,
2932 1063 3059 1102 cum
3105 1049 3323 1104 interim
3376 1064 3442 1105 eo
3470 1091 3486 1117 ,
3538 1051 3633 1121 qui

360 1139 554 1175 κουσον
575 1123 668 1176 τοῦ
692 1124 981 1194 φιλοσόφου
1011 1127 1289 1197 μονονουχὶ
1316 1128 1458 1182 αὐτὰ
1480 1129 1544 1200 δὴ
1564 1129 1738 1185 ταῦτα
1767 1131 1951 1203 Ἐλλη-

2051 1133 2246 1190 deinde
2275 1145 2499 1192 secutus
2532 1147 2638 1204 est,
2673 1140 2877 1195 amictu
2909 1141 3041 1195 nudi
3066 1149 3269 1197 essent.
3295 1141 3427 1208 Quae
3445 1143 3633 1198 omnia

361 1213 482 1282 νικῇ
509 1214 575 1282 τῇ
603 1215 754 1284 φωνῇ
785 1213 1249 1285 διερμηνεύοντος.
1279 1217 1441 1286 Λέγει
1460 1218 1504 1271 δ’
1520 1215 1808 1283 οὗν·‹Θεὸς
1829 1221 1949 1274 ἔνε-

2049 1224 2442 1297 philosophum
2484 1229 2632 1294 audi,
2670 1229 2856 1287 Graece
2886 1232 3112 1287 totidem
3140 1247 3280 1302 pene
3310 1234 3492 1290 verbis
3521 1249 3634 1290 'ex-

361 1319 465 1371 μεν
493 1303 604 1371 (75)
636 1305 852 1369 αὐτοὺς,
889 1307 1052 1371 αὐτὸς
1079 1309 1408 1372 ἐπιστατῶν,
1441 1310 1694 1384 καθάπερ
1724 1311 1820 1367 νῦν
1842 1315 1942 1368 ἄν·

2049 1316 2363 1385 plicantem.
2411 1337 2431 1370 ι
2473 1318 2622 1386 Illos,
2657 1321 2853 1392 inquit,
2904 1323 3162 1392 pascebat
3193 1322 3356 1390 Deus,
3391 1335 3504 1380 tum
3535 1341 3633 1383 eos

360 1391 587 1465 θρωποι,
603 1393 738 1460 ζῶον
759 1396 817 1449 ὃν
831 1397 918 1450 ἓτε
927 1416 1017 1470 ρον
1029 1399 1318 1472 θειότερον,
1336 1402 1472 1457 ἄλλα
1495 1403 1627 1474 γένη
1643 1404 1944 1476 φαυλότερα

2049 1421 2148 1476 per
2174 1423 2294 1463 sese
2318 1424 2534 1480 regens,
2565 1425 2676 1481 quo
2708 1412 2872 1466 modo
2902 1428 3048 1468 nunc
3094 1413 3366 1479 homines,
3396 1415 3632 1470 divinio-

360 1488 541 1542 αὐτῶν
568 1491 875 1561 νομεύουσι.
906 1494 1185 1564 Νέμοντος
1233 1494 1276 1548 δ’
1306 1496 1540 1560 ἐκείνου,
1594 1496 1858 1551 πολιτεῖαί
1886 1515 1944 1552 τε

2050 1501 2129 1556 ris
2155 1503 2454 1559 animantis
2484 1516 2738 1560 naturam
2767 1507 2966 1571 sortiti,
2991 1507 3095 1562 alia
3124 1507 3372 1578 quaedam
3404 1507 3632 1563 inferio-

357 1581 459 1634 οὒκ
479 1576 639 1653 ἦσαν,
671 1584 790 1637 οὒδέ
816 1585 1037 1656 κτήσεις
1057 1586 1332 1654 γυναικῶν
1360 1589 1454 1642 καὶ
1480 1588 1705 1642 παίδων·
1732 1589 1817 1658 (ἐκ
1841 1590 1948 1660 γῆς

2050 1591 2129 1646 ris
2160 1607 2224 1647 ac
2251 1592 2542 1650 deterioris
2585 1596 2912 1652 conditionis
2955 1576 3212 1652 animalia
3241 1613 3468 1668 pascere
3497 1613 3630 1653 con-

356 1673 468 1744 γὰρ
518 1675 915 1730 ἀνεϐιὼσκοντο
955 1677 1178 1743 πάντες,
1237 1679 1390 1733 οὐδὲν
1445 1681 1784 1753 μεμνημένοι
1833 1683 1944 1737 τῶν

2049 1694 2366 1739 sueverunt.
2393 1686 2513 1752 Quo
2545 1687 2675 1743 dum
2699 1690 2814 1760 ipse
2838 1706 3065 1746 munere
3094 1689 3434 1762 fungeretur,
3467 1691 3630 1746 nullae

352 1764 632 1834 πρόσθεν·)
662 1767 796 1822 ἀλλά
816 1767 887 1822 τὰ
909 1769 1007 1839 μὲν
1033 1771 1254 1823 τοιαῦτα
1285 1770 1434 1841 ἀπῆν
1464 1772 1660 1838 πάντα,
1697 1775 1944 1843 καρποὺς
1976 1843 1993 1849 _

1988 1844 2009 1849 _
2049 1774 2179 1828 dum
2213 1778 2535 1846 respublica
2564 1789 2741 1848 erant,
2783 1796 2882 1836 nec
2908 1781 3249 1837 ducebantur
3271 1797 3492 1849 uxores,
3527 1798 3629 1838 nec

351 1854 411 1908 δὲ
437 1855 702 1923 ἀφθόνους
729 1856 876 1930 εἶχον
893 1860 1001 1914 ἀπό
1032 1878 1092 1914 τε
1110 1861 1287 1932 δρυῶν
1307 1863 1402 1915 καὶ
1422 1863 1621 1934 πολλῆς
1637 1864 1750 1934 (74)
1787 1864 1941 1936 ὕλης,
1975 1843 1992 1898 1

1986 1843 2017 1898 Β
2048 1865 2205 1922 liberi
2238 1843 2676 1939 suscipiebantur
2703 1843 2736 1942 (I
2756 1887 2947 1928 omnes
2986 1873 3186 1944 quippe
3214 1881 3329 1928 tum
3361 1889 3428 1930 ex
3459 1843 3627 1937 terra,

349 1946 450 2017 οὐχ
484 1948 588 2002 ύπδ
607 1952 884 2022 γεωργίας
915 1953 1240 2023 φυομένους,
1294 1953 1409 2007 ἀλλ’
1446 1954 1759 2026 αύτομάτης
1808 1956 1942 2008 ἀνα-

2045 1960 2391 2029 superiorum
2442 1965 2690 2019 omnium
2728 1965 2903 2031 obliti,
2930 1967 3388 2039 reviviscebant);
3435 1982 3626 2023 verum

349 2039 600 2114 διδούσης
631 2045 730 2114 τῆς
759 2045 883 2116 γῆς.
925 2046 1131 2118 Γυμνοὶ
1157 2048 1215 2102 δὲ
1247 2048 1341 2102 καὶ
1367 2048 1634 2118 ἄστρωτοι
1664 2048 1800 2119 (75),
1844 2049 1939 2103 θυ-

2044 2051 2147 2106 ista
2176 2067 2301 2107 cum
2327 2053 2588 2111 abessent
2608 2058 2815 2122 omnia,
2844 2057 3121 2114 fructuum
3146 2057 3350 2113 afl‘atim
3376 2072 3444 2112 ex
3469 2073 3628 2128 quer-

354 2135 680 2206 ραυλοῦντες
729 2139 796 2194 τά
853 2141 1024 2195 πολλά
1052 2143 1326 2214 ἐνέμοντο.
1370 2142 1444 2196 Τὸ
1474 2143 1583 2214 γὰρ
1634 2142 1743 2196 τῶν
1781 2143 1940 2213 ὡρῶν

2042 2147 2240 2211 cubus,
2295 2147 2526 2218 aliisque
2577 2151 2782 2219 passim
2817 2150 3107 2206 arboribus
3145 2149 3488 2220 suppetebat,
3520 2151 3627 2205 uti-

348 2229 535 2293 αὑτοῑς
589 2229 794 2288 ἄλυπον
843 2235 1132 2308 ἐκέκρατο·
1171 2236 1422 2308 μαλακὰς
1477 2237 1534 2290 δέ
1587 2237 1751 2302 εὐνὰς
1792 2232 1939 2308 εἶχον

2041 2252 2168 2306 que,
2204 2253 2344 2308 quos
2378 2238 2496 2294 sine
2547 2241 2662 2295 ullo
2714 2242 2887 2305 cultu,
2924 2243 3041 2311 ipsa
3075 2251 3268 2310 sponte
3317 2249 3461 2297 terra
3492 2257 3624 2312 pro-

344 2320 728 2394 ἀναφυομένης
756 2327 822 2380 ἐκ
854 2327 958 2396 γῆς
986 2328 1124 2393 πόας
1151 2329 1406 2400 ἀφθόνου.
1425 2329 1613 2383 -Τὸν
1639 2329 1704 2402 δὴ
1730 2330 1864 2399 βίον,
1891 2325 1937 2384 ὧ

2041 2329 2312 2385 funderet.
2363 2328 2506 2386 Nudi
2559 2341 2842 2402 praeterea,
2890 2333 3166 2404 nullisque
3213 2341 3275 2388 ut
3324 2333 3625 2404 plurimum

346 2411 656 2484 Σώκρατες,
692 2417 912 2482 ἀκούεις
935 2419 1033 2490 μὲν
1057 2419 1149 2473 τὸν
1169 2419 1280 2475 τῶν
1311 2420 1404 2474 ἐπὶ
1425 2419 1656 2490 Κρόνου·
1692 2420 1841 2474 τόνδε
1865 2419 1934 2483 δ’,

2040 2422 2302 2493 stragulis
2335 2424 2440 2478 sub
2469 2424 2563 2479 dio
2611 2425 2816 2495 passim
2850 2425 3157 2496 degebant;
3209 2427 3408 2496 quippe
3447 2427 3540 2497 qui
3570 2437 3626 2482 et

346 2505 423 2570 ὡς
474 2505 629 2574 λόγος
687 2508 780 2562 ἐπὶ
827 2510 949 2575 Διὸς
1005 2506 1166 2579 εῖναι,
1217 2513 1308 2568 τὸν
1362 2511 1458 2568 νῦν
1513 2512 1706 2585 παρὼν
1772 2513 1937 2578 αὐτὸς

2038 2523 2426 2586 tempestatum
2473 2518 2817 2574 clementiori
2857 2520 3254 2590 temperatione
3294 2529 3620 2584 uterentur,

345 2595 635 2666 ᾔσθησαι.»
2037 2616 2093 2662 et
2118 2608 2174 2662 in
2216 2618 2366 2664 tanta
2408 2610 2464 2664 vi
2516 2611 2805 2667 herbarum
2844 2622 3109 2668 exiterraa
3144 2613 3448 2669 visceribus
3469 2613 3619 2669 exsi-

344 2693 626 2760 stentium.
663 2698 908 2754 mollium
943 2714 1163 2770 quoque
1192 2709 1440 2758 tororum
1491 2703 1706 2775 copiam
1766 2702 2054 2760 haberent.
2093 2733 2162 2744 —
2201 2703 2403 2770 Vitam,
2431 2705 2507 2760 mi
2557 2705 2832 2774 Socrates,
2869 2709 3153 2764 hominum
3187 2709 3318 2763 olim
3380 2710 3484 2764 sub
3516 2697 3637 2763 Sa-f

344 2794 510 2840 turno
533 2789 843 2860 degentium
908 2791 1127 2848 audiisti
1165 2803 1532 2866 :praasentem
1561 2809 1713 2862 vero,
1790 2796 2008 2867 qualem
2047 2796 2152 2852 sub
2185 2795 2318 2854 Jove
2350 2796 2522 2854 fuisse
2561 2796 2764 2866 ferunt,
2822 2815 3062 2868 praesens
3120 2800 3238 2870 ipse
3272 2814 3338 2856 ac
3386 2815 3485 2870 per
3514 2808 3624 2855 tete

347 2883 542 2938 sentis.
586 2902 606 2935 ι

863 3005 1259 3062 ΚΕΦΑΛΛῙΟΝ
1309 3010 1408 3064 ΙΔ’.

1382 3015 1408 3064 ’.
2625 3005 2852 3064 CAPUT
2882 3004 3023 3062 XIV.

548 3096 677 3151 Ὀτι
704 3099 802 3153 καὶ
825 3099 950 3167 τοῖς
972 3101 1218 3170 ἀλόγοις
1238 3101 1399 3168 ζώοις
1426 3101 1714 3173 ὡμίλουν.
2057 3099 2189 3157 Eata

2057 3099 2283 3157 Eosdem
2312 3117 2430 3155 cum
2461 3101 2626 3154 brutis
2657 3102 2814 3154 etiam
2845 3100 3204 3153 animanttaus
3227 3108 3457 3154 versatos
3484 3117 3637 3182 essen

413 3188 581 3244 Πάλιν
604 3188 885 3256 Μωῦσέως
906 3188 1336 3265 ἀναγράψαντος,
1366 3195 1448 3248 ὅτι
1469 3190 1537 3267 ἦν
1556 3197 1584 3249 ὁ
1603 3196 1726 3266 ὄφις
1751 3213 1934 3269 φρονι-
1961 3218 2002 3279 C

1996 3222 2002 3276 ς
2109 3191 2341 3262 Scripsit
2365 3191 2526 3246 etiam
2568 3190 2802 3279 Moyses,
2859 3208 2878 3242 ι
2909 3191 3055 3261 quod
3095 3205 3319 3260 serpens
3361 3204 3477 3247 erat
3500 3191 3637 3256 cal-3

341 3279 589 3354 μώτερος
621 3284 840 3339 πάντων
871 3284 979 3339 τῶν
1000 3285 1224 3358 θηρίων,
1251 3281 1341 3340 οἷά
1386 3305 1447 3341 τε
1483 3283 1637 3342 εἶπεν
1661 3291 1690 3342 ὁ
1715 3288 1836 3359 ὄφις
1863 3291 1928 3361 τῇ
1970 3273 1982 3279 Ἰ

1980 3273 2001 3279 ”
2035 3281 2198 3338 lidior
2223 3284 2435 3338 cunctis
2463 3273 2836 3338 animantibus
2859 3282 2944 3350 5';
2980 3302 2999 3335 ι
3035 3298 3243 3338 necnon
3273 3284 3473 3354 quibus
3497 3300 3621 3340 ver-

337 3377 582 3445 γυναικὶ,
625 3379 719 3433 καὶ
774 3383 808 3452 ἠ
862 3381 997 3453 γυνὴ
1039 3381 1117 3453 τῷ
1166 3383 1308 3452 ὄφει,
1336 3383 1430 3438 καὶ
1450 3384 1550 3449 τὰς
1572 3385 1790 3456 ὁμιλίας
1835 3384 1928 3438 τοῦ

2035 3375 2120 3430 bis
2147 3385 2203 3431 et
2226 3390 2454 3446 serpens
2479 3391 2603 3431 cum
2635 3376 2887 3444 muliere,
2905 3386 2960 3432 et
2992 3376 3189 3432 mulier
3211 3393 3335 3432 cum
3369 3390 3621 3448 serpente

335 3466 515 3536 ὄφεως
547 3466 862 3540 ἐκθεμένου·
892 3473 921 3525 ὁ
970 3471 1194 3526 Πλάτων
1222 3469 1312 3528 οἷα
1350 3474 1552 3547 γράφει
1605 3477 1926 3530 ἐπάκουσον.

2033 3469 2217 3524 locuta
2250 3467 2432 3535 fuerit,
2475 3470 2762 3540 ipsamque
2807 3469 2948 3524 adeo
2993 3471 3262 3540 serpentis
3294 3471 3485 3541 agendi
3533 3488 3623 3526 ra-

344 3579 362 3611 ι
407 3561 468 3613 Εἰ
498 3560 598 3630 μὲν
644 3560 824 3615 τοίνυν
850 3562 963 3632 (ἴϐ)
985 3564 1035 3616 οἱ
1053 3565 1311 3635 τρόφιμοι
1337 3565 1432 3619 τοῦ
1460 3565 1691 3638 Κρόνου,
1719 3566 1928 3638 παρού-

2034 3563 2240 3617 tionem
2288 3564 2562 3632 exposuit.
2612 3561 2733 3617 Jam
2783 3563 2910 3619 audi
2967 3565 3097 3634 quid
3130 3565 3184 3618 in
3227 3565 3391 3620 simili
3423 3581 3623 3638 genere

339 3669 443 3724 σης
473 3654 656 3717 αὐτοῖς
688 3653 831 3708 οὕτω
858 3655 1057 3726 πολλῆς
1080 3657 1275 3729 σχολῆς
1307 3660 1402 3712 καὶ
1439 3659 1742 3730 δυνάμεως,
1792 3661 1929 3730 πρὸς

2033 3650 2186 3708 Plato
2217 3654 2518 3724 scripserit.
2559 3673 2578 3705 ‹
2631 3652 2689 3708 Si
2721 3653 2928 3709 alumni
2961 3653 3206 3722 Saturni,
3237 3657 3434 3728 inquit,
3466 3672 3621 3711 sum-

337 3743 405 3797 τὸ
434 3745 508 3818 μὴ
540 3745 702 3818 μόνον
721 3745 1047 3818 ἀνθρώποις,
1077 3748 1216 3803 ἀλλά
1239 3752 1334 3804 καὶ
1379 3751 1592 3823 Θηρίοις
1635 3752 1724 3806 διὰ
1757 3752 1929 3822 λόγων

2033 3761 2124 3799 mo
2151 3746 2204 3800 in
2237 3747 2351 3801 otio
2403 3763 2726 3820 summaque
2756 3763 2866 3802 non
2910 3763 3035 3803 cum
3081 3747 3396 3804 hominibus
3429 3750 3615 3814 modo,

337 3836 596 3891 δύνασθαι
621 3837 991 3908 ξυγγενέσθαι,
1015 3839 1359 3913 κατεχρῶντο
1391 3839 1602 3905 τούτοις
1649 3841 1928 3911 σύμπασιν

2033 3835 2127 3890 sed
2176 3837 2340 3890 etiam
2384 3853 2508 3892 cum
2557 3838 2748 3894 bestiis
2797 3837 3055 3893 familiari
3114 3854 3370 3894 sermone
3421 3839 3617 3909 agendi

337 3930 433 3983 ἐπὶ
461 3931 800 4002 φιλοσοφίαν,
836 3930 974 4003 μετά
1015 3951 1076 3986 τε
1128 3933 1332 4005 Θηρίων
1393 3936 1488 3988 καὶ
1536 3936 1650 4005 μετ’
1683 3934 1927 4006 ἀλλήλων

2030 3932 2322 3993 potestate,
2370 3926 2438 3980 iis
2465 3927 2723 3982 omnibus
2747 3929 2816 3982 ad
2846 3928 3208 3998 philosophiae
3231 3929 3472 3984 studium
3505 3938 3619 3984 ute‘

336 4023 672 4094 ὁμιλοῦντες,
703 4022 799 4077 καὶ
830 4023 1224 4094 πυνθανόμενοι
1259 4023 1410 4096 παρά
1458 4025 1639 4095 πάσης
1691 4025 1924 4094 φύσεως,

2031 4015 2270 4071 bantur:
2308 4015 2471 4088 587
2523 4029 2634 4072 tam
2678 4019 2820 4074 inter
2865 4035 2986 4076 sese
3025 4029 3238 4086 mutuo,
3284 4035 3448 4090 quam
3487 4037 3614 4076 cum

336 4117 393 4169 εῐ
419 4115 542 4169 τινά
570 4133 656 4179 τις
684 4113 821 4168 ἰδίαν
847 4113 1076 4185 δύναμιν
1133 4113 1331 4186 ἔχουσα
1373 4111 1568 4186 ᾔσθετό
1594 4133 1647 4167 τι
1676 4114 1927 4188 διάφορον

2030 4109 2219 4164 bestiis
2253 4111 2386 4180 ipsis
2419 4109 2708 4175 versando,
2742 4121 2796 4165 et
2820 4110 2888 4165 ab
2932 4127 3264 4181 unaquaque
3292 4121 3488 4165 natura
3515 4113 3618 4167 sci-

333 4207 447 4261 τῶν
469 4207 644 4263 ἄλλων
679 4209 758 4271 είς
787 4205 1132 4279 ξυνοιγυρμὸν
1159 4206 1492 4278 φρονήσεως·
1527 4204 1798 4278 εὔκριτον,
1845 4207 1928 4259 ὅτι

2030 4199 2299 4266 scitando,
2344 4200 2593 4269 nunquid
2639 4200 2920 4256 diversum
2975 4201 3044 4255 ab
3088 4201 3209 4257 aliis
3279 4202 3332 4256 vi
3373 4203 3615 4272 quadam

333 4301 447 4355 τῶν
471 4299 566 4353 νῦν
593 4299 644 4352 οἱ
670 4301 792 4352 τότε
822 4298 1032 4371 μυρίως
1064 4298 1178 4369 (77)
1210 4297 1347 4369 πρὸς
1383 4298 1730 4369 εὐδαιμονίαν
1751 4298 1927 4366 διέφε-

2030 4293 2294 4364 singulari
2345 4294 2675 4363 propriaque
2721 4293 2967 4360 sentiret,
3022 4303 3082 4348 ut
3114 4295 3219 4349 hoc
3253 4304 3412 4364 pacto
3448 4311 3608 4351 suam

336 4407 454 4464 ρον.
483 4391 548 4444 Εἰ
577 4390 620 4444 δ’
650 4391 1055 4462 ἐμπιπλάμενοι
1081 4388 1242 4443 σίτων
1291 4389 1424 4462 ἀδην
1470 4390 1565 4443 καὶ
1605 4390 1784 4444 πότων
1820 4391 1929 4443 διε-

2029 4385 2324 4455 quamdam
2364 4401 2395 4439 a
2431 4385 2744 4456 quibusque
2795 4386 3102 4455 prudentiae
3147 4386 3343 4456 stipem
3397 4387 3613 4456 accipe-

335 4481 559 4552 λέγοντο
587 4480 724 4553 πρὸς
755 4481 1017 4553 ἀλλήλους
1039 4482 1133 4536 καὶ
1180 4481 1250 4535 τὰ
1277 4479 1442 4554 θηρία
1479 4479 1701 4553 μύθους,
1735 4476 1838 4534 οἷοι
1860 4481 1926 4553 δὴ

2028 4485 2150 4532 rent
2179 4495 2192 4530 :
2224 4476 2395 4547 liquet
2423 4479 2672 4544 omnino,
2706 4478 2882 4533 aetatis
2918 4478 3066 4534 illius
3100 4478 3354 4533 homines
3386 4479 3615 4535 inﬁnitis

334 4574 435 4628 καὶ
466 4572 630 4626 τανῦν
652 4573 779 4644 περὶ
817 4572 998 4627 αὐτῶν
1032 4571 1300 4642 λέγονται·
1332 4572 1428 4626 καὶ
1457 4571 1624 4637 τοῦθ’,
1659 4572 1831 4636 οὕτως
1858 4591 1922 4642 γε
1956 4593 1975 4648 ι

1968 4568 2098 4647 Dad
2154 4569 2312 4623 beate
2362 4569 2656 4624 vivendum
2706 4569 2976 4640 praesidiis
3032 4578 3250 4625 nostros
3298 4578 3609 4640 superasse.

335 4665 460 4716 κατ’
495 4662 605 4733 (78)
631 4663 768 4734 ἐμὴν
794 4661 950 4728 δόξαν
983 4662 1391 4734 ἀποφήνασθαι,
1426 4663 1521 4718 καὶ
1571 4662 1715 4734 μάλα
1741 4663 1924 4736 εὔκρι-

2030 4661 2125 4717 Sin
2157 4672 2337 4718 autem
2373 4663 2678 4729 abdomini,
2714 4663 3008 4718 helluando
3035 4679 3100 4719 ac
3125 4662 3465 4734 perpotando
3494 4677 3611 4716 ser-

331 4772 449 4808 τον.
485 4755 673 4824 Ὅμως
691 4755 738 4807 δ’
769 4750 863 4810 οὗν
891 4755 1062 4810 ταῦτα
1111 4755 1211 4826 μέν
1248 4755 1497 4827 ἀφῶμεν,
1536 4755 1643 4820 ἓως
1692 4755 1760 4810 ἂν
1791 4757 1924 4827 ἡμῖν

2026 4756 2258 4819 vientes,
2299 4753 2516 4812 fabulas
2571 4764 2784 4810 tantum
2836 4755 3142 4827 ejusmodi,
3177 4770 3318 4825 quas
3360 4754 3429 4808 de
3479 4753 3613 4823 ipsis

337 4848 586 4918 μηνυτής
616 4864 699 4910 τις
733 4845 916 4911 ἱκανὸς
968 4850 1133 4918 φανῇ,
1171 4847 1416 4918 ποτέρως
1446 4847 1497 4901 οἱ
1524 4847 1644 4900 τότε
1676 4847 1779 4910 τὰς
1809 4848 1929 4900 ἐπι-

2027 4849 2193 4919 vulgo
2222 4848 2640 4918 circumferunt,
2674 4850 2730 4904 in
2765 4859 2954 4905 mutua
2997 4850 3085 4903 illa
3128 4864 3254 4904 cum
3301 4849 3443 4904 inter
3468 4863 3609 4914 sese,

335 4938 541 5008 θυμίας
569 4933 713 5009 εἶχον
740 4939 866 5011 περί
895 4956 957 4992 τε
989 4939 1310 5012 ἐπιστημῶν
1355 4939 1451 4993 καὶ
1490 4939 1590 5011 τῆς
1619 4938 1730 4994 τῶν
1751 4938 1928 5008 λόγων

2031 4948 2148 4995 tum
2177 4939 2339 4995 etiam
2372 4955 2495 4996 cum
2531 4940 2722 4996 bestiis
2745 4939 3510 5006 consuetudinetractabant;
3543 4937 3612 4994 de

332 5031 580 5102 χρείας-ι
2035 5031 2138 5086 hoc
2165 5047 2404 5101 quoque,
2433 5048 2554 5088 meo
2584 5031 2804 5103 quidem
2848 5032 3077 5101 judicio,
3113 5029 3272 5086 facile
3315 5031 3610 5084 admodum

333 5124 656 5196 liquidoque
685 5135 976 5182 statuatur.
1034 5123 1234 5181 Verum
1294 5125 1401 5181 ista
1438 5125 1660 5196 quidem
1714 5125 1882 5180 missa
1945 5121 2233 5191 faciamus,
2267 5126 2396 5180 dum
2448 5125 2606 5180 nobis
2658 5124 2840 5180 idonei
2879 5124 3166 5195 cujusdam
3198 5124 3394 5179 indicis
3450 5125 3610 5193 copia

333 5220 479 5273 facta
512 5218 605 5286 sit,
644 5233 712 5274 ex
741 5234 853 5290 quo
899 5219 1224 5286 resciamus,
1271 5235 1404 5274 num
1458 5217 1603 5275 illius
1651 5217 1751 5272 αιγί
1808 5217 2077 5284 homines,
2125 5217 2307 5288 aliqua
2375 5219 2638 5274 doctrinae
2680 5232 2744 5272 ac
2788 5217 2928 5272 bene
2995 5215 3340 5285 scienterque
3391 5215 3607 5272 dicendi

336 5310 635 5381 cupiditate
665 5311 1017 5368 ducerentur.
1053 5331 1072 5363 ι

407 5449 454 5482 ιι
3465 5458 3487 5473 ρ

380 5449 730 5628 172592.832,
745 5451 978 5613 ἐξεμεῖν.
1025 5539 1182 5597 Plato
1216 5539 1274 5596 in
1318 5537 1586 5609 Politico,
1639 5555 1763 5610 pag.
1812 5536 1917 5594 l75
2247 5529 2726 5656 ξιίεῶἑνμῖιὲίξυν.
2758 5527 2903 5584 Idem
2940 5524 3127 5591 Plato,
3155 5523 3287 5578 ibid.
3321 5538 3443 5595 pag.
3479 5525 3602 5583 176,

330 5607 529 5671 Ficitli.
680 5607 695 5610 θ
844 5607 859 5613 ⁷
1569 5607 1576 5609 ν
1639 5607 1657 5610 _
1715 5607 1736 5610 ἡ

407 5687 522 5748 (74)
561 5683 718 5754 Plato
752 5684 876 5739 add.
910 5682 1101 5754 ἄλληςε
1245 5750 1298 5754 μ
1463 5749 1517 5754 _-
1557 5751 1569 5754 _

2094 5607 2207 5676 (77)
2248 5607 2424 5662 Plato,
2459 5607 2656 5671 μυρίῳ.
3200 5665 3212 5678 .

2093 5674 2450 5754 (Ἱβὶῃοῦτως
2501 5687 2565 5753 γε
2611 5669 2759 5722 κατ’.
2797 5667 3025 5754 Melius,
3067 5673 3128 5721 ut
3161 5663 3396 5731 videtur,
3437 5680 3604 5739 quam

407 5745 518 5825 (75)
563 5751 898 5826 Ἄσζρωτοι.
934 5754 1008 5808 Ita
1034 5745 1201 5810 etiam
1245 5750 1418 5810 Plato.
1459 5749 1681 5810 Ficinus
1726 5761 1906 5807 tamen

333 5827 514 5891 vertit,
540 5825 793 5896 cgnpediti.

1245 5750 1418 5810 Plato.
1459 5749 1681 5810 Ficinus
1726 5761 1906 5807 tamen
2019 5745 2162 5817 apud
2197 5745 2499 5808 Platonem,
2529 5745 2670 5794 ὥστε
2706 5745 2868 5794 κατὰ.
