4156 6412
553 358 660 412 975

1153 469 1381 526 CAPUT
1421 470 1537 525 XV.

728 564 1181 632 Quemadmodum
1212 565 1364 617 ambo
1395 563 1582 616 diluvii
1615 564 1964 617 meminerint.

626 655 839 726 Moyses
870 668 994 708 cum
1027 652 1083 707 in
1114 653 1294 722 legum
1317 651 1630 706 hominibus
1654 649 1997 704 ferendarum
2031 663 2127 701 co-

553 747 818 818 gitatione
848 753 1178 807 versaretur,
1213 759 1396 798 rerum
1445 743 1547 797 sibi
1581 742 1928 812 antiquarum
1978 755 2129 795 com—

554 837 1024 900 memorationem,
1080 836 1201 906 ipso
1254 835 1437 891 statim
1490 834 1715 888 exordio
1765 831 2132 888 necessariam

553 930 785 1000 putavit.
850 927 1093 983 Primum
1142 929 1325 998 itaque
1377 926 1604 991 diluvii,
1658 936 1820 996 atque
1851 925 2130 980 hominum

553 1023 648 1092 qui
677 1023 745 1077 ab
780 1037 846 1077 eo
880 1022 1228 1084 exstiterunt,
1253 1019 1376 1075 vita:
1397 1020 1677 1084 meminit;
1713 1027 1826 1073 tum
1859 1017 2133 1087 antiquio-

553 1130 675 1169 rum
721 1114 886 1169 etiam
934 1112 1308 1178 Hebraeorum,
1360 1127 1457 1167 seu
1501 1125 1640 1180 quos
1670 1109 1944 1180 prmcipuo
1990 1107 2133 1163 Deus

553 1221 742 1260 amore
762 1204 1042 1270 dilexerat,
1061 1219 1159 1259 seu
1182 1219 1321 1274 quos
1345 1203 1662 1274 improbitas
1682 1211 1838 1256 notos
1866 1201 2135 1271 insignes-

552 1312 660 1367 que
688 1295 913 1362 fecerat,
961 1311 1145 1350 mores
1186 1295 1460 1365 exposuit,
1506 1305 1656 1348 ratus
1689 1292 2043 1362 coniunctum
2077 1290 2130 1344 in

550 1389 744 1459 primis
776 1403 901 1442 cum
927 1386 1018 1454 iis,
1047 1401 1183 1456 quas
1214 1401 1326 1456 pra:
1357 1385 1611 1440 manibus
1643 1384 1876 1438 habebat
1901 1382 2131 1452 legibus,

550 1482 656 1536 hoc
698 1480 942 1551 historia:
968 1494 1140 1550 genus
1178 1478 1443 1536 futurum.
1515 1477 1669 1531 Plato
1701 1475 1974 1540 similiter,
2005 1489 2131 1528 cum

549 1572 796 1626 animum
829 1571 894 1626 ad
939 1569 1259 1626 scribendas
1309 1569 1454 1640 leges
1497 1567 1752 1638 appellit,
1788 1565 2033 1624 eamdem
2069 1580 2134 1618 ac

549 1660 763 1735 Moyses
792 1661 936 1714 viam
961 1660 1077 1729 ipse
1105 1674 1170 1714 ac
1196 1659 1464 1714 rationem
1495 1657 1802 1711 aemulatur.
1838 1655 1979 1710 Audi
2003 1653 2133 1724 ergo

548 1754 1013 1825 quemadmodum
1057 1752 1178 1822 ipso
1226 1749 1423 1821 Legum
1471 1764 1694 1805 suarum
1748 1747 2019 1817 principio
2047 1747 2131 1799 lo-

547 1855 769 1917 quatur.
819 1863 838 1897 ι
877 1845 960 1899 An
989 1845 1174 1913 igitur,
1209 1844 1407 1914 inquit,
1458 1841 1666 1912 priscas
1706 1839 1828 1894 illas
1859 1839 2128 1898 narratio-

548 1955 647 1995 nes
676 1953 835 1994 veras
866 1936 1191 1992 arbitraris?
1224 1965 1288 1978 -—
1333 1934 1481 2001 Quas
1510 1931 1768 1988 tandem?
1791 1961 1855 1973 -—
1896 1930 2128 1986 Crebros

548 2031 680 2085 olim
703 2027 989 2084 hominum
1015 2027 1292 2091 interitus,
1325 2025 1566 2090 diluviis,
1604 2023 1830 2088 morbis,
1874 2038 1940 2077 ac
1966 2031 2130 2078 czete-

546 2124 627 2177 ris
657 2121 710 2176 id
737 2137 908 2193 genus
935 2121 1231 2186 exstitisse,
1284 2137 1352 2176 ex
1396 2120 1596 2190 quibus
1626 2119 1782 2189 pauci
1834 2118 2128 2173 admodum

546 2215 798 2270 homines
848 2214 1139 2271 evaserint.
1184 2243 1253 2255 -
1294 2211 1489 2267 Totum
1542 2211 1594 2266 id
1644 2211 1864 2282 quidem
1923 2213 2131 2268 nemini

547 2323 813 2379 perquam
845 2306 1142 2362 verisimile
1165 2321 1272 2359 non
1306 2303 1771 2374 videatur.—Age
1789 2318 1940 2371 vero,
1959 2318 2131 2358 unum

546 2403 703 2457 illum
731 2415 799 2456 ex
831 2399 1104 2470 pluribus,
1132 2412 1296 2469 quem
1325 2395 1593 2452 diluvium
1624 2397 1960 2468 importavit,
1993 2411 2130 2452 con-

546 2494 872 2550 sideremus.
911 2522 982 2533 —
1023 2490 1166 2558 Quid
1212 2503 1378 2561 porro
1408 2503 1440 2542 a
1475 2488 1635 2544 nobis
1684 2489 1738 2543 in
1783 2503 1850 2544 eo
1902 2487 2130 2559 cogitari

544 2585 630 2639 vis
651 2582 862 2650 ?-—Qui
895 2591 1010 2637 tum
1039 2580 1352 2635 vastitatem
1388 2579 1536 2634 illam
1567 2577 1806 2649 ell‘ugere
1832 2579 2130 2649 potuerint,

546 2683 837 2730 montanos
887 2675 1156 2729 duntaxat
1202 2679 1450 2742 pastores
1509 2671 1720 2741 aliquot
1783 2669 1990 2740 fuisse,
2039 2673 2133 2741 qui

545 2767 777 2823 summis
801 2766 856 2821 in
881 2764 1262 2821 cacuminibus
1283 2804 1298 2829 ,
1341 2772 1604 2834 tanquam
1653 2764 1848 2836 exigua
1881 2763 2134 2834 quaedam

544 2859 761 2931 generis
793 2857 1018 2913 humani
1049 2857 1283 2920 semina,
1312 2856 1490 2911 relicti
1521 2855 1838 2926 servatique
1870 2855 2134 2911 constite-

543 2953 674 3006 rint.
699 2975 768 2992 -ι-
789 2949 1147 3020 Perspicuum
1181 2947 1234 3003 id
1261 2947 1502 3019 quidem.
1522 2977 1587 2986 —
1613 2945 1750 3003 Istos
1777 2961 1965 3019 porro,
2003 2947 2135 3002 tales

544 3057 671 3098 cum
738 3050 942 3109 essent,
1007 3056 1133 3096 cum
1200 3041 1268 3095 ab
1319 3040 1529 3096 caeteris
1588 3039 1799 3094 artibus
1837 3040 2135 3110 imparatos

1155 351 1430 409 EUSEBII
1469 349 1952 408 CESARIENSIS
1983 347 2134 403 OPP.
2178 347 2361 405 PARS
2398 351 2463 405 ll.
2503 381 2575 390 —
2610 349 3112 406 APOLOGETICA.

3699 343 3806 400 976

2766 468 3163 522 ΚΕΦΑΛΑΙΟΝ
3196 468 3296 520 1Ε’.

2360 562 2560 628 Ὅπως
2589 562 2720 630 περὶ
2759 561 2864 616 τοῦ
2894 558 3324 628 κατακλυσμοῦ
3361 556 3709 626 μέμνηνται.
3753 568 3759 574 ·

2304 654 2579 723 Μωῦσῆς,
2614 652 2933 723 νομοθεσίαν
2977 649 3282 721 ἀνθρώποις
3321 644 3814 714 καταϐεϐλημένος,

2233 746 2484 817 ὲνόμισεν
2514 745 2664 815 αὐτῷ
2694 745 2805 798 δεῖν
2837 742 3220 815 ἀρχαιολογίας
3253 742 3309 792 ἐν
3340 741 3454 801 τοῖς
3488 735 3813 808 προοιμίοις.

2230 839 2577 913 Μνημονεύει
2605 839 2661 891 δὲ
2685 837 2778 890 τοῦ
2809 833 3193 905 κατακλυσμοῦ
3241 833 3336 885 καὶ
3362 830 3456 884 τοῦ
3497 831 3611 901 μετ’
3654 829 3816 882 αὑτὸν

2234 933 2352 1004 βίου
2405 931 2515 985 τῶν
2561 929 2862 1001 ἀνθρώπων
2884 944 2898 958 ⁸
2931 927 3121 980 ἔπειτα
3174 924 3416 980 παλαιῶν
3447 921 3656 993 ἀνδρῶν
3707 919 3816 973 τῶν

2234 1023 2364 1096 παρ’
2406 1023 2678 1094 Ἑϐραίοις
2705 1019 2987 1090 θεοφιλῶν,
3012 1018 3107 1073 καὶ
3135 1017 3243 1071 τῶν
3273 1016 3331 1069 δὲ
3354 1014 3528 1076 ἄλλως
3551 1014 3610 1066 ὲν
3637 1012 3819 1082 πλημ-

2237 1115 2481 1186 μελείαις
2509 1113 2892 1185 ὲξητασμένων
2925 1111 3022 1183 τὴν
3049 1108 3329 1164 πολιτείαν
3364 1108 3676 1178 ὑφηγεῖται,
3719 1122 3820 1158 καο

2233 1207 2495 1278 τάλληλον
2520 1203 2600 1272 οἷς
2635 1205 2940 1277 ἐνομοθέτει
2975 1204 3074 1274 τὴν
3117 1204 3246 1274 περὶ
3277 1201 3480 1254 τούτων
3527 1198 3817 1269 ἡγησάμε-

2237 1317 2323 1363 νος
2350 1299 2590 1371 ἱστορίαν
2617 1297 2858 1352 ἔσεσθαι.
2880 1296 2990 1350 Καὶ
3014 1296 3043 1347 ὁ
3072 1295 3294 1348 Πλάτων
3318 1293 3374 1346 δὲ
3397 1290 3680 1352 ὡσαύτως,
3711 1306 3820 1344 πα-

2237 1389 2440 1464 ρελθὼν
2478 1391 2572 1444 ἐπὶ
2616 1391 2713 1460 τὴν
2744 1389 2854 1442 τῶν
2893 1389 3104 1457 Νόμων
3131 1385 3378 1457 γραφὴν,
3423 1383 3512 1436 τὸν
3551 1381 3713 1436 αὑτὸν
3738 1379 3820 1451 τῷ

2235 1483 2442 1552 Μωῦσῇ
2469 1480 2622 1550 ζηλοῖ
2643 1481 2863 1550 τρόπον.
2881 1479 2969 1532 Ἐν
2986 1478 3290 1550 προοιμίοις
3313 1475 3442 1543 γοῦν
3472 1474 3583 1526 τῶν
3608 1473 3820 1542 Νόμων

2235 1684 2320 1736 γοι
2355 1667 2484 1738 ὑμῖν
2515 1663 2772 1731 ἀλήθειάν
2805 1680 2928 1717 τινα
2965 1663 3110 1732 ἔχειν
3137 1659 3386 1725 Samum;
3432 1691 3502 1700 —
3532 1659 3682 1710 Ποῖοι
3710 1656 3774 1726 δή
3800 1673 3818 1722 ;

2236 1791 2304 1800 -—-
2330 1759 2403 1811 Τὸ
2432 1756 2632 1820 πολλὰς
2662 1754 2966 1825 ἀνθρώπων
2994 1752 3198 1822 φθορὰς
3229 1750 3515 1819 γεγονέναι
3547 1747 3822 1802 κατακλυ-

2164 1819 2206 1874 Β
2237 1853 2393 1921 σμοῖς
2415 1866 2475 1902 τε
2511 1819 2621 1902 και
2640 1819 2816 1908 νόσοίς
2841 1845 2935 1899 καὶ
2965 1819 3146 1908 ἄλλοίς
3182 1843 3425 1906 πολλοῖς,
3456 1843 3513 1894 ὲν
3539 1835 3620 1904 οἷς
3644 1838 3818 1911 βραχύ

2227 1959 2280 1995 τι
2303 1943 2409 1994 τῶν
2438 1938 2742 2010 ἀνθρώπων
2768 1937 3050 1991 λείπεσθαι
3075 1937 3251 2006 γένος.
3285 1966 3353 1976 -
3388 1934 3537 1987 Πάνυ
3577 1934 3674 2002 μὲν
3721 1927 3817 1985 οὖν

2230 2033 2451 2087 πιθανὸν
2487 2033 2548 2086 τὸ
2566 2031 2806 2085 τοιοῦτον
2837 2032 2944 2084 πᾶν
2969 2030 3150 2084 παντί.
3167 2057 3237 2066 —-
3254 2027 3390 2099 Φέρε
3422 2026 3507 2097 δὴ,
3531 2026 3818 2096 νοήσωμεν

2233 2126 2360 2196 μίαν
2390 2125 2498 2179 τῶν
2531 2125 2742 2193 πολλῶν
2769 2121 2996 2193 ταύτην,
3031 2122 3129 2193 τὴν
3172 2121 3250 2191 τῷ
3295 2116 3666 2188 κατακλυσμῷ
3701 2116 3819 2186 (80)

2231 2219 2634 2290 γενομένην.-
2665 2215 2740 2270 Τὸ
2769 2217 2920 2268 ποῖον
2949 2214 3014 2286 δὴ
3041 2214 3170 2286 περὶ
3198 2213 3369 2282 αὐτῆς
3405 2209 3779 2281 διανοηθέντες
3803 2226 3818 2274 ;

2231 2337 2299 2350 -·-
2337 2311 2425 2374 Ὠς
2477 2313 2524 2364 ot
2573 2309 2696 2362 τότε
2758 2307 3158 2380 περιφυγόντες
3206 2304 3304 2376 τὴν
3363 2303 3572 2375 φθορὰν
3635 2301 3824 2372 σχεδὸν

2231 2404 2399 2476 ὄρειοί
2425 2421 2568 2467 τινες
2599 2402 2667 2457 ἂν
2701 2399 2812 2456 εἷεν
2839 2403 3046 2472 νομεῖς,
3078 2400 3134 2452 ἐν
3158 2398 3424 2469 κορυφαῖς
3478 2411 3582 2448 που
3613 2393 3826 2464 σμικρὰ

2233 2496 2461 2568 ζώπυρα
2495 2495 2590 2548 τοῦ
2613 2495 2724 2549 τῶν
2757 2492 3060 2564 ἀνθρώπων
3087 2487 3500 2558 διασεσωσμένα
3525 2485 3825 2554 γένους.-·-

2233 2589 2422 2660 Δῆλον.
2453 2617 2522 2627 -
2551 2588 2662 2641 Καὶ
2684 2587 2748 2658 δὴ
2773 2587 2898 2648 τοὺς
2928 2583 3202 2645 τοιούτους
3238 2599 3302 2650 γε
3333 2580 3548 2650 ἀνάγκη
3578 2595 3680 2631 που
3711 2575 3826 2628 τῶν

2232 2681 2407 2736 ἄλλων
2425 2680 2684 2752 ἀπείρους
2707 2673 2846 2732 εἷναι
2874 2675 3100 2747 τεχνῶν,
3135 2675 3230 2728 καὶ
3260 2673 3368 2727 τῶν
3406 2672 3463 2724 ὲν
3493 2673 3604 2734 τοῖς
3631 2671 3825 2725 ἄστεσι

2235 2773 2371 2846 πρὸς
2395 2772 2658 2843 ἀλλήλους
2691 2769 2972 2841 μηχανῶν,
2999 2767 3078 2832 είς
3104 2783 3163 2819 τε
3196 2763 3540 2829 πλεονεξίας,
3589 2761 3682 2815 καὶ
3727 2779 3825 2830 φι-

2234 2863 2526 2928 λονεικίας,
2561 2863 2656 2916 καὶ
2689 2861 2866 2916 ὁπόσα
2892 2859 3028 2914 ἄλλα
3077 2858 3514 2928 κακουργήματα
3556 2854 3694 2925 πρὸς
3725 2853 3828 2906 άλ-

2233 2955 2428 3026 λήλους
2460 2953 2789 3008 ἐπινοοῦσιν.
2816 2981 2888 2991 ο-
2917 2951 3078 3015 Εἰκὸς
3110 2949 3261 3018 γοῦν.
3299 2979 3366 2989 -—
3396 2947 3590 3018 Θῶμεν
3618 2946 3683 3018 δὴ
3718 2945 3826 3009 τὰς

2235 3050 2294 3103 ὲν
2319 3051 2432 3111 τοῖς
2466 3047 2670 3111 πεδίοις
2699 3045 2906 3110 πόλεις,
2948 3043 3205 3114 καὶπρὸς
3247 3041 3485 3111 θαλάττῃ
3529 3038 3824 3093 κατοικού-

543 3132 716 3190 fuisse
750 3147 976 3188 necesse
1006 3144 1110 3198 est,
1135 3141 1249 3186 tum
1279 3131 1345 3186 ab
1374 3131 1617 3186 iisetiam
1639 3129 1924 3188 fraudibus
1955 3141 2008 3187 et
2039 3147 2131 3187 ca-

2237 3157 2356 3206 σας,
2379 3137 2548 3211 ἄρδην
2573 3138 2632 3193 ὲν
2663 3135 2743 3208 τῷ
2770 3137 2891 3191 τότε
2919 3136 3097 3208 χρόνῳ
3123 3131 3555 3204 διαφθείρεσθαι.
3595 3163 3663 3172 -
3700 3130 3824 3183 Θῶ-

542 3223 770 3280 lumniis
797 3223 1006 3282 alienos
1024 3266 1039 3291 ,
1068 3224 1270 3294 quibus
1300 3239 1421 3280 sese
1454 3223 1622 3294 588
1650 3224 1856 3293 passim
1886 3225 1941 3280 in
1971 3225 2125 3280 urbi-

543 3317 670 3384 bus,
699 3317 965 3384 avaritiae,
1000 3316 1384 3383 contentionis,
1404 3330 1468 3369 ac
1499 3316 1836 3385 reliquorum
1867 3317 1921 3372 id
1955 3333 2127 3386 genus

544 3405 936 3462 maleﬁciorum
967 3415 1104 3461 aestu
1133 3407 1365 3476 abrepti,
1413 3407 1555 3460 alios
1599 3407 1690 3460 alii
1736 3415 1980 3463 evertere
2010 3423 2130 3462 mo-

543 3497 770 3551 liuntur.
791 3523 863 3534 ——
881 3494 951 3549 Et
967 3495 1071 3550 hoc
1097 3494 1258 3565 plane
1289 3503 1739 3552 consentaneum.
1765 3528 1834 3538 —
1853 3494 2128 3553 Ponamus

545 3588 711 3658 igitur
741 3597 1075 3658 campestres
1102 3588 1267 3643 simul
1293 3603 1358 3644 ac
1379 3588 1687 3646 maritimas
1712 3589 1878 3646 urbes
1906 3605 1969 3644 eo
1995 3599 2129 3645 tem-

546 3695 678 3750 pore
733 3677 980 3736 funditus
1033 3679 1282 3750 periisse.
1317 3704 1390 3720 -—-
1420 3679 1717 3736 Ponamus.
1746 3709 1818 3720 --
1852 3678 2087 3736 Proinde
2109 3723 2124 3748 ,

545 3773 808 3844 quidquid
826 3773 989 3827 etiam
1006 3773 1495 3829 instrumentorum
1513 3771 1976 3845 fuerat,quidquid
1993 3775 2127 3831 artis

546 3865 712 3920 ullius
729 3865 1032 3938 proprium,
1048 3879 1144 3920 seu
1166 3865 1363 3931 civilis,
1385 3881 1482 3921 seu
1509 3865 1733 3923 alterius
1751 3866 2127 3937 cujuscunque
2156 3907 2161 3918 .

544 3958 832 4029 peritia:,id
870 3966 1043 4013 totum
1085 3957 1273 4012 eadem
1307 3958 1465 4012 ruina
1501 3958 1663 4013 simul
1698 3975 1761 4014 ac
1791 3960 1957 4016 semel
1989 3960 2128 4014 hau-

543 4060 687 4104 stum
739 4065 803 4104 ac
843 4049 1113 4120 sepultum
1165 4047 1336 4105 fuisse
1383 4050 1674 4106 dicendum
1723 4061 1824 4108 est.
1864 4071 1882 4105 ι
1921 4052 2126 4111 Deinde

540 4143 748 4213 aliquot
777 4142 1074 4214 interiectis
1112 4161 1124 4196 :
1158 4161 1178 4195 ι
1215 4142 1430 4199 Maneat
1465 4144 1651 4214 igitur,
1678 4143 1875 4215 inquit,
1907 4147 1979 4199 ita
2007 4163 2127 4203 sese

2237 3249 2354 3304 μεν.
2384 3263 2454 3272 -
2483 3228 2692 3283 υύκοῦν
2720 3229 2926 3301 ὄργανά
2947 3246 3007 3282 τε
3040 3228 3216 3282 πάντα
3243 3225 3598 3289 ἀπόλλυσθαι,
3630 3223 3722 3277 καὶ
3772 3224 3830 3276 εἰ

2231 3341 2285 3377 τι
2315 3322 2509 3395 τέχνης
2535 3317 2602 3394 ἦν
2630 3321 2888 3392 ἐχόμενον
2922 3318 3225 3381 σπουδαίως
3271 3317 3381 3389 (81)
3421 3316 3720 3387 εὑρημένον
3740 3355 3755 3378 ,
3787 3314 3823 3384 ἥ

2234 3414 2536 3485 πολιτικῆς,
2568 3413 2603 3484 ἦ
2629 3413 2723 3467 καὶ
2748 3411 2942 3482 σοφίας
2967 3409 3113 3474 τινὸς
3145 3408 3357 3480 ἑτέρας,
3395 3409 3573 3460 πάντα
3613 3407 3821 3476 ἔρῤειν.

2231 3539 2302 3547 -
2329 3504 2512 3560 Ταῦτα
2560 3506 2617 3558 ὲν
2648 3503 2728 3575 τῷ
2778 3504 2900 3556 τότε
2933 3501 3112 3573 χρόνῳ
3159 3501 3424 3572 φήσομεν.
3462 3518 3480 3550 ι
3543 3499 3652 3550 Καὶ
3697 3497 3826 3555 μεθ’

2231 3597 2398 3669 ἕτερά
2430 3613 2594 3668 φησιν
2613 3615 2626 3628 ·
2665 3615 2683 3647 ι
2722 3593 2932 3649 Οὐκοῦν
2959 3592 3101 3648 οὕτω
3121 3592 3186 3662 δὴ
3213 3591 3458 3661 λέγωμεν
3491 3589 3636 3660 ἔχειν
3669 3589 3821 3652 τότε,

2231 3691 2320 3743 ὅτε
2349 3689 2566 3758 ἐγένετο
2592 3691 2626 3759 ἡ
2656 3687 2850 3758 φθορὰ,
2885 3685 2954 3740 τὰ
3000 3686 3129 3754 περὶ
3157 3685 3284 3747 τοὺς
3314 3682 3632 3753 ἀνθρώπους
3677 3683 3828 3752 πρά-

2235 3799 2441 3854 γματα,
2499 3780 2700 3853 μυρίαν
2750 3779 2849 3850 μέν
2873 3796 2995 3831 τινα
3020 3777 3256 3848 φοϐερὰν
3281 3775 3515 3846 ἐρημίαν
3540 3815 3555 3837 ,
3610 3773 3715 3843 γῆς
3759 3774 3824 3826 δὲ

2231 3873 2460 3943 ἀφθόνου
2489 3871 2691 3939 πλῆθος
2711 3870 2993 3942 πάμπολυ.
3017 3889 3036 3921 ι
3065 3867 3250 3923 Ταῦτα
3283 3870 3378 3922 καὶ
3405 3867 3629 3921 τοιαῦτα
3652 3865 3826 3937 ’ἐτερα

2230 3964 2420 4029 εἰπὼν,
2455 3962 2807 4034 ἐπεξέρχεται
2833 3963 2980 4034 βίους
3009 3962 3118 4018 τῶν
3151 3961 3287 4032 μετὰ
3307 3960 3398 4013 τὸν
3428 3957 3822 4027 κατακλυσμὸν

2209 4057 2326 4112 ’ἀνθ
2337 4055 2551 4128 ρώπων.
2577 4051 2692 4109 Εἶθ’
2715 4055 2905 4127 ὥσπερ
2926 4055 3171 4124 Μωῦσῆς
3189 4054 3288 4124 τὴν
3309 4053 3418 4106 τῶν
3441 4051 3606 4105 πάλαι
3633 4050 3822 4118 θεοφι-

2229 4149 2336 4202 λῶν
2395 4146 2663 4219 Ἐὅραίων
2716 4146 2992 4200 πολιτείαν
3047 4145 3399 4199 ὲπισυνάπτει
3431 4147 3496 4215 τῇ
3536 4142 3671 4214 μετὰ
3719 4142 3819 4194 τὸν

542 4241 640 4304 p’cr
669 4234 939 4306 ejusmodi
985 4236 1196 4291 cladem
1246 4251 1336 4291 res
1371 4236 1653 4291 hominum
1708 4237 2002 4305 habuisse;
2034 4254 2128 4293 va-

2230 4239 2614 4311 κατακλυσμὸν
2647 4240 2938 4310 ὑφηγήσει,
2971 4240 3065 4291 καὶ
3088 4239 3115 4289 ὁ
3143 4237 3366 4290 Πλάτων
3393 4235 3616 4305 ὁμοίως,
3677 4233 3823 4302 μετὰ

542 4337 681 4382 stam
706 4329 907 4398 quippe
931 4327 1358 4399 horribilemque
1388 4329 1758 4396 solitudinem,
1803 4331 2022 4402 vimque
2048 4331 2126 4386 fe-

2230 4333 2353 4394 τοὺς
2389 4332 2534 4402 βίους
2568 4331 2677 4386 τῶν
2713 4330 2850 4401 μετὰ
2899 4332 2990 4383 τὸν
3016 4327 3402 4397 κατακλυσμὸν
3428 4326 3495 4380 τὰ
3530 4325 3825 4396 Ἑλληνικὰ

541 4420 997 4474 cundissimarum
1059 4429 1329 4475 terrarum
1393 4423 1714 4477 immensam
1755 4423 2049 4479 exstitisse.
2099 4444 2120 4477 ι

2230 4426 2484 4498 πειρᾶται
2508 4422 2903 4494 ἀρχαιολογεῖν,
2929 4422 3003 4484 ὡς
3032 4422 3238 4482 ἐκεῖνος
3265 4416 3335 4470 τὰ
3375 4418 3658 4488 Ἐϐραίων.
3693 4415 3822 4470 Τῶν

543 4510 669 4566 Hac
692 4511 781 4566 ille
816 4513 1128 4582 similiaque
1159 4513 1440 4582 praefatus,
1495 4513 1778 4569 hominum
1808 4530 1998 4571 eorum
2032 4517 2126 4572 de-

2230 4535 2288 4571 τε
2321 4518 2414 4570 ἐπὶ
2436 4516 2637 4588 Τροίας
2669 4513 3021 4587 μνημονεύει,
3045 4511 3140 4565 καὶ
3175 4510 3270 4580 τῆς
3292 4511 3512 4582 πρώτης
3538 4511 3595 4562 ὲν
3639 4509 3823 4561 Λακε-

540 4603 750 4673 iuceps,
784 4603 881 4672 qui
917 4612 1041 4672 post
1065 4603 1331 4657 diluvium
1359 4603 1565 4668 vixere,
1611 4619 1793 4661 mores
1843 4608 2124 4678 persequi-

2231 4609 2444 4680 δαίμονι
2475 4606 2770 4670 πολιτείας,
2798 4604 3023 4676 Περσῶν
3055 4620 3112 4656 τε
3147 4602 3243 4655 καὶ
3271 4601 3378 4654 τῶν
3407 4601 3557 4680 παρὰ
3580 4600 3820 4662 τούτοις,

543 4704 652 4750 tur.
695 4694 845 4761 lude,
881 4693 1082 4765 Moysis
1111 4694 1378 4764 exemplo,
1403 4697 1496 4766 qui
1526 4712 1708 4751 rerum
1735 4714 1766 4753 a
1796 4699 2002 4756 diluvio
2035 4719 2128 4773 ge-

2232 4679 2334 4755 εἴτί
2360 4699 2556 4772 ὀρθῶς,
2585 4698 2694 4752 εἴτε
2728 4697 2820 4751 καὶ
2869 4696 2942 4767 μὴ
2973 4693 3329 4765 βεϐιωκότων.
3377 4679 3511 4746 Εἶτα
3549 4693 3685 4763 μετὰ
3714 4692 3820 4762 τὴν

542 4797 751 4842 starum
788 4785 1030 4840 historiae
1077 4785 1411 4840 sanctiorum
1464 4786 1593 4841 olim
1642 4786 1992 4845 Hebrreorum
2046 4792 2130 4846 in-

2230 4793 2432 4849 τούτων
2480 4790 2752 4862 ἱστορίαν,
2787 4788 3094 4858 άπάρχεται
3133 4784 3233 4855 τῆς
3265 4784 3373 4837 τῶν
3407 4785 3618 4854 Νόμων
3659 4783 3821 4837 ἐκθέ-

541 4882 732 4937 stituta
766 4879 1081 4950 subiungit;
1111 4889 1236 4950 post
1262 4894 1450 4935 eorum
1480 4881 1574 4951 qui
1595 4883 1842 4951 proxime
1862 4883 2126 4942 diluvium

2234 4903 2391 4950 σεως,
2427 4884 2527 4937 κάν
2554 4881 2730 4951 τούτῳ
2754 4881 2977 4934 Μωῦσεῖ
3006 4877 3501 4948 κατακολουθήσας.

542 4975 717 5030 secuti
749 4981 875 5029 sunt
905 4971 1068 5026 vitam
1094 5011 1109 5036 ,
1157 4987 1246 5026 res
1295 4969 1640 5042 Graecorum,
1675 4981 1734 5028 ut
1763 4971 2116 5033 Hebrreorum
2156 4979 2393 5050 Moyses,
2442 4975 2512 5029 ad
2545 4971 2986 5043 antiquissimam
3014 4979 3160 5025 retro
3200 4971 3520 5024 memoriam
3553 4983 3818 5024 revocare

542 5077 789 5123 conatur.
849 5064 990 5132 Quin
1041 5063 1203 5119 etiam
1242 5063 1644 5137 Trojanorum,
1705 5065 2006 5138 primaeque
2049 5067 2594 5127 Lacedaemoniorum
2645 5063 2990 5134 reipublicae,
3037 5079 3104 5119 ac
3142 5062 3432 5117 Persarum
3480 5061 3816 5117 mentionem

544 5157 696 5223 facit,
727 5173 1029 5227 eorumque
1055 5157 1241 5222 simul,
1291 5158 1384 5228 qui
1413 5157 1554 5226 apud
1587 5171 1681 5212 eos
1708 5171 1804 5211 seu
1830 5157 1987 5223 bene,
2033 5176 2128 5216 seu
2164 5161 2305 5214 male
2329 5158 2615 5214 vixissent.
2658 5155 2837 5227 Atque
2883 5155 2986 5212 hac
3035 5153 3355 5227 perfunctus
3389 5152 3614 5210 historia
3694 5164 3814 5209 tum

541 5255 760 5310 demum
808 5269 937 5309 suas
981 5254 1098 5324 ipse
1139 5252 1284 5323 leges
1311 5251 1550 5308 scribere
1594 5251 1928 5320 auspicatur,
1964 5253 2016 5306 in
2052 5270 2117 5310 eo
2154 5269 2372 5326 quoque
2404 5251 2640 5323 Moysem
2669 5251 2976 5308 aemulatus.

2302 5393 2414 5463 (80)
2454 5391 2607 5463 Plato
2641 5393 2764 5447 add.
2798 5395 2950 5449 ποτέ.

615 5391 727 5472 (79)
769 5387 887 5460 Ἆρ’
940 5386 1073 5448 οὖν.
1129 5390 1316 5458 Plato,
1373 5389 1467 5446 lib.
1515 5406 1578 5447 ιιι
1627 5391 1754 5462 Leg.
1782 5434 1797 5462 ,
1849 5408 1971 5467 pag.
2018 5394 2123 5451 585

2303 5461 2414 5536 (81)
2453 5461 2626 5532 Plato,
2661 5464 2976 5529 σπουδαίας.

539 5459 736 5518 FiCini.
