4156 6480
465 429 568 486 977

974 546 1368 600 ΚΕΦΑΛΑΙΟΝ
1399 548 1493 613 lC."

462 632 619 710 “Ott
643 633 714 688 τὰ
749 631 857 710 τῆς
887 633 1303 710 διδασκαλίας,
1325 638 1525 710 *ὀρθῶς
1572 641 1718 710 ἡμῖν
1763 645 1878 699 ἀπὸ
1919 646 2040 699 τῶν

529 703 704 784 detur
749 705 1069 784 ἀρχόμενα,
1106 703 1427 784 κρτατιῄγῖει
1453 703 1540 774 sic
1565 703 1644 784 τά,
1677 714 2034 784 ἀνθρώπινα.

542 771 676 826 Ἀπὸ
700 771 808 826 τοῦ
828 771 1064 842 πρώτου
1088 776 1208 830 τῶν
1232 771 1430 848 Νόμων
1467 771 1807 848 Πλάτωνοςῖ

493 861 504 872 ’
529 865 806 928 Μωῦσέως
829 866 928 938 τὴν
957 870 1138 922 πᾶσαν
1158 870 1324 924 αὐτοῦ
1346 874 1686 944 νομοθεσίαν,
1710 879 1807 946 τήν
1833 895 1890 931 τε
1917 882 2034 932 κατ’

457 956 620 1010 αὑτὸν
651 956 944 1024 πολιτείαν,
971 960 1250 1026 εὐσεϐείας
1277 961 1369 1016 τοῦ
1403 962 1510 1016 τῶν
1537 965 1672 1020 ὅλων
1701 967 1839 1022 Θεοῦ
1870 970 2037 1042 ἀναρ-

455 1048 718 1118 τήσαντος
737 1089 752 1113 ,
799 1050 908 1104 ἀπό
944 1069 1003 1105 τε
1042 1052 1136 1105 τοῦ
1188 1055 1404 1108 πάντων
1435 1057 1768 1130 δημιουργοῦ
1807 1061 1905 1132 τὴν
1935 1079 2036 1116 κα-

453 1139 660 1210 ταρχὴν
702 1140 803 1211 τῆς
851 1142 1171 1212 νομοθεσίας
1228 1149 1636 1219 πεποιημένου·
1681 1151 1872 1206 ἔπειτα
1926 1155 2033 1210 τῶν

453 1229 613 1283 θείων
640 1231 859 1300 ἀγαθῶν
891 1234 1204 1306 ἐξέρχεσθαι
1235 1238 1303 1291 τά
1345 1239 1660 1311 ἀνθρώπινα
1700 1243 2029 1312 διδάξαντος,

447 1321 519 1374 τά
544 1340 602 1375 τε
637 1323 755 1376 θεῖα
785 1325 876 1378 ἐπὶ
901 1325 992 1378 τὸν
1018 1327 1234 1382 πάντων
1264 1330 1508 1401 ἡγεμόνα
1535 1333 1678 1388 Νοῦν
1697 1375 1712 1399 ,
1758 1337 1920 1390 αὑτὸν
1966 1337 2030 1408 δὴ

447 1413 538 1466 τὸν
569 1414 680 1468 τῶν
699 1416 836 1470 ὅλων
869 1417 999 1470 Θεὸν
1025 1419 1316 1485 ἀναθέντος
1341 1439 1354 1453 ·
1388 1422 1488 1478 θέα
1511 1425 1660 1489 ὅπως
1689 1427 1782 1479 καὶ
1825 1431 1853 1481 ὀ
1880 1429 2031 1482 Φιλό-

446 1521 630 1572 σοφος,
659 1508 772 1570 τοῖς
807 1509 988 1572 αὐτοῖς
1014 1510 1212 1580 βαίνων
1245 1513 1446 1582 ἴχνεσιν
1469 1557 1484 1583 ,
1518 1517 1889 1589 ἐπιμέμφεται
1929 1519 2028 1588 μὲν

442 1597 556 1658 τοῖς
582 1597 815 1669 Κρητῶν
849 1601 942 1654 καὶ
971 1602 1413 1674 Λακεδαιμονίων
1456 1606 1774 1677 νομοθέταις
1799 1651 1814 1675 ,
1858 1610 1948 1664 τὸν
1981 1611 2026 1664 δ’

441 1685 744 1756 ἀρέσκοντα
765 1689 842 1761 τῷ
865 1693 1089 1747 Μωῦσεί
1106 1695 1269 1766 νόμον
1294 1697 1619 1764 ἐκδιδάσκει,
1639 1700 1811 1769 λέγων
1830 1703 2021 1768 οὕτως·

447 1795 466 1827 ι
506 1779 588 1849 Πῆ
620 1779 683 1852 δὴ
704 1777 796 1835 οὖν
829 1783 938 1854 (82)
978 1802 1036 1838 σε
1065 1785 1140 1839 ἔτ’
1172 1786 1238 1840 ἂν
1269 1788 1568 1862 ἐϐουλόμην
1595 1791 1905 1863 διελόμενον
1933 1794 2022 1848 λέ-

1629 431 1952 488 ΡΒᾸΞΡΑΒ.
1991 430 2246 488 EVANG.
2283 433 2409 488 LIB.
2453 433 2566 487 XII.

3613 429 3716 483 978

2712 546 2941 602 CAPUT
2981 545 3116 600 XVI.

2141 639 2314 705 Quam
2340 641 2592 710 prwclare
2623 639 2879 715 dot-trime
2901 647 3106 715 nostris
3128 635 3357 715 rqtiones
3389 649 3421 686 a
3437 633 3716 715 rebusni-

2211 703 2349 765 vinis
2374 711 2658 777 auspicati,
2699 711 2753 762 in
2786 709 3043 762 humanas
3072 707 3396 759 desinamus.
3427 703 3511 757 Ea:
3545 707 3713 772 primo

2210 779 2412 850 Legum
2445 781 2708 833 Platonis.

2208 871 2492 926 Rationem
2524 872 2700 941 legum
2737 884 2802 924 ac
2830 867 3142 938 reipublicae
3172 880 3282 920 suae
3312 865 3619 919 universam
3646 879 3712 919 ex

2137 961 2358 1024 summi.
2381 961 2630 1016 Numinis
2664 959 2926 1032 religione
2985 972 3307 1028 suspensam
3335 955 3546 1026 Moyses
3590 972 3713 1011 esse

2135 1069 2260 1108 cum
2288 1053 2467 1117 vellet,
2526 1052 2672 1106 illam
2707 1051 2777 1107 ab
2807 1049 3000 1106 eodem
3045 1065 3228 1104 rerum
3276 1048 3519 1102 omnium
3554 1048 3712 1102 moli-

2134 1155 2252 1200 tore
2296 1123 2612 1214 auSpicatus
2659 1151 2785 1198 est:
2822 1142 3016 1196 deinde
3046 1139 3310 1210 quidquid
3346 1141 3710 1192 humanorum

2132 1236 2403 1290 bonorum
2447 1243 2552 1300 est,
2599 1235 2651 1288 id
2696 1248 2857 1288 omne
2918 1246 2948 1285 a
2975 1231 3174 1286 divinis
3202 1229 3476 1299 proﬁcisci
3501 1227 3706 1293 docuit,

2131 1329 2358 1399 ipsaque
2392 1328 2576 1382 divina
2609 1327 2675 1381 ad
2702 1331 2942 1380 mentem
2997 1324 3143 1376 illam
3177 1330 3499 1379 cunctorum
3523 1322 3706 1377 mode-

2130 1426 2408 1488 ratricem,
2435 1421 2540 1476 hoc
2564 1433 2670 1484 ρει,
2698 1420 2763 1474 ad
2793 1418 3041 1474 eumdem
3074 1417 3226 1470 illum
3257 1416 3497 1471 universi
3539 1415 3709 1471 Deum

2128 1513 2420 1568 revocavit.
2491 1512 2667 1583 Hujus
2714 1511 2959 1582 vestigiis
3019 1509 3279 1564 insistens
3332 1508 3706 1578 philosophus,

2127 1607 2249 1661 vide
2277 1606 2761 1677 quemadmodum,
2792 1603 3137 1674 reprehensis
3158 1601 3500 1656 Cretensium
3523 1612 3576 1657 et
3605 1600 3711 1656 La—

2127 1697 3026 1770 cedmmoniorumlegislatoribus,
3061 1695 3226 1765 589
3255 1695 3522 1750 sancitam
3557 1693 3707 1748 illam

2126 1791 2195 1846 ab
2224 1790 2406 1864 Moyse
2433 1793 2604 1862 legem
2640 1791 2887 1847 edoceat.
2920 1790 3072 1843 «Vin’
3101 1799 3180 1858 tu,
3203 1789 3402 1859 inquit,
3417 1788 3593 1842 dicam
3631 1787 3709 1841 in-

438 1885 576 1936 γειν,
620 1872 781 1937 αὑτός
830 1875 873 1928 τ’
902 1877 1140 1942 ἀκούειν,
1173 1878 1352 1948 βούλει
1383 1899 1466 1934 σοι
1505 1883 1736 1954 φράζως
1776 1917 1844 1926 --
1868 1886 2004 1941 Πάνι⁴

2127 1898 2320 1954 genue,
2352 1898 2458 1952 qua
2492 1891 2544 1938 te
2567 1883 2654 1936 via
2687 1889 2741 1937 et
2768 1882 2960 1937 ordine
2987 1889 3160 1935 totum
3196 1881 3299 1934 hoc
3321 1878 3709 1947 disputationis

440 1961 540 2051 μέν
573 1958 685 2017 οὖν.
721 1996 788 2006 --
816 1961 886 2019 Ὦ
907 1966 1046 2033 ξένε,
1081 1970 1248 2042 ἐχρῆν
1280 1975 1473 2027 εἰπεῖν·
1510 1975 1558 2028 oi
1588 1976 1823 2048 Κρητῶν
1860 1979 2016 2051 νόμοι

433 2050 536 2107 οὔκ
560 2057 666 2108 εισι
700 2057 876 2129 μάτην
900 2059 1267 2132 διαφερόντως
1287 2063 1348 2116 ἐν
1375 2065 1542 2118 πᾶσιν
1593 2066 1868 2139 εὐδόκιμοι
1902 2050 2016 2134 τοῖς

435 2143 692 2216 Ἕλλησιν
712 2167 726 2180 ·
755 2148 936 2220 ἔχουσι
968 2150 1078 2223 γὰρ
1103 2152 1299 2225 ὀρθῶς,
1325 2156 1451 2220 τοὺς
1476 2157 1662 2222 αὐτοῖς
1703 2163 2015 2232 χρωμένους

429 2236 750 2309 εὐδαίμονας
769 2243 1176 2309 ἀποτελοῦντες.
1210 2246 1458 2302 Ἃπαντα
1482 2247 1590 2323 γὰρ
1618 2251 1831 2321 τάγαθά
1856 2255 2013 2327 πορί-

427 2328 604 2391 ζουσι.
635 2331 796 2384 Διττά
829 2333 874 2385 δ’
906 2333 1086 2402 ἀγαθά
1113 2337 1250 2400 ἐστι,
1279 2337 1348 2391 τὰ
1376 2339 1474 2409 μὲν
1499 2340 1836 2412 ἀνθρώπινα,
1866 2345 1934 2399 τὰ
1956 2346 2012 2400 δὲ

427 2419 571 2474 θεῖα.
608 2424 878 2496 Ἤρτηται
925 2426 981 2479 δὲ
1036 2429 1101 2481 ἐκ
1130 2427 1239 2481 τῶν
1273 2429 1430 2484 θείων
1484 2433 1718 2504 θάτερα·
1783 2437 1876 2490 κα).
1913 2438 2011 2493 ἐὰν

428 2510 531 2580 μὲν
560 2511 780 2584 δέχηται
829 2515 898 2569 τὰ
956 2517 1177 2587 μείζονα
1211 2519 1384 2585 πόλις,
1408 2524 1603 2578 κτᾶται
1629 2527 1726 2580 καὶ
1755 2527 1825 2582 τὰ
1854 2529 2011 2584 ἐλάτ-

423 2619 573 2656 τονα·
619 2607 668 2658 εί
698 2605 765 2692 δέ,
789 2607 886 2678 μὴ,
924 2607 1172 2681 στέρεται
1207 2611 1431 2682 ἀμφοῖν.
1488 2615 1644 2670 Ἔστι
1699 2618 1757 2673 δέ
1801 2619 1872 2674 τὰ
1909 2622 2010 2692 μὲν

421 2693 700 2761 ἐλάττονα,
731 2690 807 2751 ὧν
838 2700 1050 2770 ἡγεῖται
1081 2701 1280 2770 ὑγίεια,
1319 2704 1514 2771 κάλλος
1543 2707 1599 2762 δὲ
1641 2690 1921 2784 δεύτερον,
1945 2712 2008 2767 τὸ

420 2785 479 2838 δὲ
510 2787 711 2858 τρίτον,
733 2791 906 2862 ἰσχὺς,
929 2792 1010 2856 είς
1041 2811 1100 2847 τε
1124 2795 1344 2867 δρόμον,
1371 2799 1465 2852 καὶ
1489 2801 1572 2864 είς
1594 2800 1695 2866 τὰς
1715 2803 1882 2868 ἄλλας
1901 2805 2008 2860 πά-

421 2891 520 2940 σας
549 2879 790 2950 κινήσεις
821 2881 900 2952 τῷ
929 2883 1177 2954 σώματι·
1205 2887 1465 2959 τέταρτον
1488 2890 1545 2943 δὲ
1573 2891 1637 2964 δὴ
1667 2893 1916 2960 πλοῦτος,
1941 2897 2002 2950 οὐ

417 2966 635 3036 τυφλὸς,
667 2969 781 3023 ἀλλ’
808 2971 901 3037 ὀξὺ
928 2971 1140 3043 βλέπων
1165 3015 1180 3040 ,
1224 2976 1398 3049 ἄνπερ
1427 2978 1525 3050 ἅμ’
1558 2979 1759 3053 ἕπηται
1805 2986 2007 3057 φρονή-

419 3075 525 3116 σει.
549 3061 613 3114 Ὃ
641 3061 704 3133 δὴ
730 3063 946 3134 πρῶτον
969 3060 1036 3118 αὖ
1056 3065 1165 3118 τῶν
1195 3066 1306 3140 (85)
1341 3068 1502 3124 θείων
1522 3073 1827 3143 ἡγεμονοῦν
1855 3076 2005 3132 ἐστιν

415 3149 639 3218 ἀγαθῶν
665 3153 774 3224 (84)
803 3157 835 3225 ἡ
871 3156 1132 3226 φρόνησις
1165 3157 1278 3228 (85)
1299 3174 1312 3186 '
1339 3159 1592 3233 δεύτερον
1633 3163 1690 3219 δὲ
1714 3166 1854 3237 μετὰ
1878 3166 2003 3221 νοῦν

2123 1989 2292 2044 genus
2319 1975 2688 2029 instituentem
2709 1973 2941 2028 libenter
2967 1971 3297 2028 audiissem?
3321 1969 3627 2024 —Maxime
3651 1968 3704 2022 id

2121 2062 2338 2132 quidem
2369 2063 2550 2118 velim.
2569 2093 2640 2103 —
2655 2060 2935 2132 Ejusmodi
2962 2075 3112 2132 ergo,
3129 2059 3204 2112 mi
3232 2058 3454 2127 hospes,
3473 2064 3564 2110 tua
3583 2069 3706 2109 esse

2120 2153 2297 2208 oratio
2328 2152 2538 2208 debuit.
2599 2149 2719 2206 Non
2765 2151 3040 2205 immerito
3085 2148 3428 2205 Cretensium
3486 2147 3631 2217 leges
3671 2159 3703 2200 a

2121 2241 2324 2299 Graecis
2373 2243 2629 2299 omnibus
2675 2257 2890 2298 summa
2948 2257 3072 2299 cum
3124 2240 3286 2295 laude
3332 2238 3697 2294 celebrantur.

2117 2335 2256 2392 Nam
2285 2337 2389 2392 hoc
2423 2337 2542 2407 ipso
2568 2344 2714 2391 recte
2743 2335 2967 2391 omnino
2995 2333 3227 2390 condita!
3252 2340 3412 2397 sunt,
3463 2330 3608 2402 quod
3635 2330 3701 2385 iis

2117 2430 2212 2501 qui
2252 2430 2445 2484 vivunt
2473 2429 2665 2484 beatos
2695 2427 2948 2491 efﬁciant,
2971 2426 3100 2481 dum
3131 2425 3290 2480 bonis
3317 2439 3412 2480 eos
3442 2421 3700 2477 omnibus

2117 2519 2418 2576 cumulant.
2483 2517 2696 2589 Quippe
2732 2533 2856 2573 cum
2901 2517 3012 2572 duo
3043 2516 3316 2600 bonorum
3342 2528 3540 2583 genera
3567 2511 3697 2574 sint.

2115 2611 2478 2667 humanorum
2505 2626 2699 2678 unum,
2727 2610 2956 2665 alterum
2976 2599 3307 2671 diviﬁirum,
3331 2616 3446 2662 tum
3474 2620 3601 2660 vere
3629 2619 3697 2659 ex

2114 2703 2317 2760 divinis
2362 2703 2603 2757 humana
2648 2701 2906 2771 pendent.
2988 2699 3169 2767 Quare
3213 2714 3336 2770 quae
3387 2696 3696 2767 respublica

2113 2792 2323 2864 majora
2361 2792 2685 2862 susceperit,
2720 2790 2910 2846 eadem
2957 2789 3173 2844 minora
3199 2802 3419 2859 quoque
3446 2787 3696 2858 posside-

2112 2885 2193 2940 bit
2222 2902 2235 2939 :
2271 2885 2358 2939 sin
2385 2894 2588 2949 autem,
2619 2883 2866 2953 utrisque
2895 2889 3080 2936 careat
3107 2893 3331 2936 necesse
3354 2887 3458 2935 est.
3493 2877 3561 2934 Et
3591 2877 3696 2932 mi-

2111 2991 2247 3032 nora
2274 2976 2494 3047 quidem
2518 2982 2788 3030 vocantur
2820 2974 2911 3028 illa
2945 2987 3179 3043 quorum
3207 2971 3461 3042 princeps
3492 2977 3577 3026 est
3602 2985 3692 3025 sa-

2111 3066 2288 3133 nitas;
2313 3065 2612 3122 secundum
2643 3062 3029 3135 pulchritudo;
3066 3063 3284 3118 tertium
3318 3063 3464 3119 vires
3497 3076 3693 3132 corpo—

2109 3158 2188 3214 ris
2219 3157 2285 3213 ad
2317 3173 2540 3214 cursum
2573 3156 2820 3228 aliosque
2845 3164 3028 3212 motus
3070 3155 3389 3222 obeundos;
3429 3164 3687 3226 quartum

417 3241 652 3314 σώφρων
689 3244 868 3317 ψυχῆς
919 3246 1062 3312 ἕξις·
1091 3251 1157 3303 ἐκ
1211 3249 1269 3303 δέ
1324 3251 1530 3308 τούτων
1564 3256 1703 3326 μετά
1752 3258 2003 3330 ἀνδρείας

2107 3248 2330 3317 divitiae,
2366 3265 2485 3321 qua:
2517 3258 2630 3306 tum
2659 3249 2878 3305 demum
2905 3263 3062 3304 caecae
3086 3265 3194 3306 non
3225 3259 3404 3312 erunt.
3437 3249 3530 3306 sed
3558 3267 3691 3306 acu-

415 3333 748 3421 κραθέντων,
793 3337 975 3408 τρίτον
1015 3338 1081 3394 ἂν
1120 3341 1204 3414 εῐη
1250 3341 1600 3418 δικαιοσύνη·
1652 3348 1912 3421 τέταρτον
1944 3352 2001 3406 δὲ

413 3419 655 3493 ἀνδρεία.
683 3424 866 3479 Ταῦτα
883 3426 939 3479 δὲ
964 3427 1143 3482 πάντα
1165 3430 1388 3487 ἐκείνων
1406 3433 1717 3507 ἔμπροσθεν
1739 3419 1999 3496 τέτακται

413 3512 595 3582 φύσει.
630 3515 743 3569 Καὶ
773 3516 836 3588 δὴ
876 3518 971 3572 καὶ
993 3519 1072 3590 τῷ
1107 3522 1372 3596 νομοθέτῃ
1401 3527 1628 3582 τακτέον
1651 3528 1795 3584 οὕτω
1819 3548 1833 3562 ·
1861 3534 2000 3603 μετά

413 3603 474 3656 δὲ
523 3604 695 3658 ταῦτα
735 3606 835 3671 τὰς
891 3607 1058 3673 ἄλλας
1107 3613 1432 3682 προστάξεις
1479 3619 1594 3681 τοῖς
1625 3619 1870 3685 πολίταις
1916 3624 1998 3687 εἰς

414 3692 585 3747 ταῦτα
614 3695 914 3765 βλεπούσας
941 3701 1124 3765 αὐτοῖς
1151 3699 1288 3757 εἶναι
1312 3705 1744 3765 διακελευστέον.
1777 3713 1997 3769 Τούτων

410 3783 469 3837 δὲ
496 3784 563 3839 τὰ
599 3787 698 3856 μὲν
730 3789 1044 3860 ἀνθρώπινα
1069 3795 1150 3856 είς
1175 3793 1244 3848 τὰ
1267 3795 1385 3851 θεῖα
1409 3840 1425 3865 ,
1455 3799 1524 3854 τὰ
1551 3800 1608 3855 δὲ
1641 3802 1760 3857 θεῖα
1792 3807 1872 3870 είς
1903 3808 1996 3862 τὸν

410 3878 654 3971 ἡγεμόνα
683 3879 808 3935 νοῦν
842 3882 1132 3953 σύμπαντα
1158 3886 1345 3957 βλέπει
1371 3891 1504 3964 (86),
1531 3895 1658 3966 περί
1688 3914 1749 3950 τε
1783 3900 1994 3971 γάμους

406 3969 660 4044 ἀλλήλοις
691 3975 1263 4050 ἐπικοινωνουμένους.
1314 3985 1471 4040 Μετά
1496 3987 1554 4040 δὲ
1585 3988 1759 4044 ταῦτα
1787 3993 1846 4046 ἐν
1862 3969 1995 4059 -ταϊς

407 4061 518 4154 τῶν
538 4066 753 4154 παίδων
777 4070 1061 4141 γεννήσεσι
1085 4073 1179 4127 καὶ
1207 4079 1436 4144 τροφαῖς
1458 4117 1474 4142 ,
1507 4078 1622 4140 ὅσοι
1663 4098 1724 4134 τε
1767 4081 1993 4154 ἄρσενες

409 4152 506 4206 καὶ
531 4153 652 4207 ὅσαι
674 4156 904 4228 θήλειαι,
939 4159 1074 4214 νέων
1097 4179 1157 4215 τε
1189 4163 1357 4218 ὄντων
1387 4167 1482 4220 καὶ
1530 4171 1623 4224 ἐπὶ
1651 4171 1714 4224 τὸ
1747 4152 1990 4245 πρεσϐύ-

402 4260 565 4336 τερον
597 4246 803 4314 ἰόντων,
842 4250 1004 4323 μέχρι
1028 4253 1215 4324 γήρως
1235 4255 1481 4326 τιμῶντα
1513 4258 1690 4331 ὀρθῶς
1711 4262 1989 4336 ἐπιμελεῖ-

408 4335 534 4390 σθαι
568 4337 668 4402 δεῖ,
704 4341 797 4393 καὶ
843 4343 1181 4414 ἀτιμάζοντα
1233 4346 1292 4400 ἐν
1348 4348 1587 4415 ἀπάσαις
1612 4355 1734 4418 ταῖς
1784 4335 1990 4412 τούτων

401 4426 645 4498 ὁμιλίαις
678 4430 822 4501 (87)·
872 4435 973 4500 τάς
1007 4453 1068 4489 τε
1101 4437 1275 4504 λύπας
1305 4440 1483 4495 αὐτῶν
1525 4445 1617 4498 καὶ
1645 4445 1746 4508 τὰς
1773 4448 1984 4520 ἡδονὰς,

405 4521 501 4572 καὶ
529 4521 630 4583 τὰς
655 4524 970 4596 ἐπιθυμίας,
990 4528 1316 4600 ξυμπάντων
1343 4551 1404 4586 τε
1435 4533 1655 4606 ἐρώτων
1683 4538 1784 4603 τὰς
1820 4558 1987 4595 σπου-

399 4612 501 4676 δὰς
522 4614 931 4687 ἐπεσκεμμένον
979 4620 1074 4674 καὶ
1104 4624 1602 4698 παραπεφυλαχότα
1625 4669 1640 4693 ,
1686 4615 1873 4701 ψέγειν
1923 4650 1985 4686 τε

398 4705 597 4776 ὀρθῶς,
642 4709 736 4762 καὶ
789 4711 1032 4766 ἐπαινεῖν
1063 4713 1133 4767 δι’
1163 4715 1344 4770 αὐτῶν
1402 4717 1510 4772 τῶν
1553 4720 1756 4791 νόμων.
1816 4741 1837 4773 ι
1873 4725 1984 4778 Καὶ

403 4797 543 4867 μετὰ
573 4798 778 4870 βραχέα
803 4803 955 4874 φησί.
997 4823 1016 4856 ι
1050 4806 1300 4860 Κατιδὼν
1331 4808 1387 4862 δὲ
1410 4810 1438 4862 ὀ
1466 4810 1578 4874 θεὶς
1603 4813 1730 4877 τοὺς
1761 4813 1980 4884 νόμους,

400 4891 535 4943 πᾶσι
553 4891 763 4957 τούτοις
791 4896 1034 4962 φύλακας
1062 4900 1366 4971 ἐπιστήσει,
1395 4903 1520 4967 τοὺς
1545 4904 1643 4976 μὲν
1671 4905 1759 4959 διὰ
1784 4909 1983 4979 φρονή-

401 4995 561 5044 σεως,
585 4982 712 5046 τοὺς
742 4983 798 5036 δὲ
827 4985 894 5038 δι’
934 4987 1167 5059 ἀληθοῦς
1200 4989 1358 5062 δόξης
1403 4991 1515 5063 (88)
1565 4994 1744 5058 ίόντας
1767 5014 1780 5026 ·
1831 4997 1981 5062 ὅπως

747 5117 824 5195 δῂ
853 5115 986 5195 οὗγ.
1021 5119 1195 5187 Plato,
1227 5122 1320 5195 lib.
1353 5138 1369 5176 l
1408 5123 1558 5194 Leg.,
1589 5139 1713 5195 pag.
1745 5126 1871 5183 567.

471 5187 584 5269 (83)
624 5187 713 5269 ᾼῦ
741 5187 877 5269 sint.
931 5188 1006 5244 lta
1041 5202 1218 5269 _re<:te_
1261 5192 1415 5269 Plato
1463 5187 1980 5269 voce-mtutramque

397 5255 719 5334 distinguit;
757 5260 898 5334 male
931 5255 1299 5334 cgnjungebat
1328 5265 1476 5331 prior
1505 5265 1690 5321 editio.

634 5329 918 5400 Ἀγαθῶν.
959 5326 1394 5402 ΒΙιίιοῘάγαθόν.

492 5397 602 5476 85).
624 5397 944 5476 ripae-nam.
972 5397 1252 5476 Glossema
1282 5405 1450 5459 videri
1481 5406 1674 5476 possit.
1706 5404 1860 5466 Plato
1903 5419 1979 5465 ta-

397 5483 524 5548 men
555 5470 826 5548 ejusmodi
863 5487 1025 5529 voces
1047 5513 1062 5538 ,
1093 5473 1278 5529 minus
1308 5490 1450 5546 saepe
1479 5470 1820 5536 necessarias
1839 5521 1856 5548 ,
1892 5481 1977 5536 in-

397 5538 614 5594 culcare
651 5543 806 5596 solet.

468 5609 580 5680 (86)
621 5612 858 5666 Βλέπει.
888 5609 1065 5690 Plato,
1096 5613 1312 5684 βλέπειν
1325 5618 1526 5690 ,__quod
1550 5617 1740 5690 magis
1780 5621 1972 5690 probo.

395 5676 529 5760 Qua:
562 5676 1159 5760 ’seqttnntut:_t_rajecta_
1176 5676 1436 5760 nonnihil
1477 5676 1750 5760 videntur.
1782 5676 1976 5760 itaque

394 5747 574 5831 legere
618 5747 800 5831 ιῂειρίιῃ
854 5747 1093 5831 βλέπειν.
1123 5755 1297 5831 “stega
1329 5756 1386 5810 δὲ
1432 5759 1638 5831 ταῦτα,
1677 5759 1803 5831 περὶ
1846 5747 1971 5827 τοὺς

395 5818 606 5892 γάμορς
633 5821 750 5892 ἀλλ.
780 5818 928 5874 ἐπικ.
966 5826 1023 5875 ἐν
1051 5827 1172 5885 ταῖς
1201 5825 1312 5878 τῶν
1351 5827 1519 5892 παίδ.,
1548 5818 1652 5883 etc.

468 5889 582 5959 (87)
635 5891 936 5960 Ὀμιηῑίαις.
965 5892 1040 5949 Ita
1068 5895 1171 5950 hoc
1206 5889 1513 5953 men'tbrum
1554 5915 1583 5953 a
1614 5900 1968 5971 sequentibus

2104 3340 2322 3397 tissimo
2372 3339 2490 3396 visu
2534 3339 2792 3411 praediave,
2834 3340 2879 3395 si
2926 3339 3092 3395 modo
3126 3339 3428 3410 prudentia:
3461 3355 3685 3395 manum

2103 3441 2421 3504 sequentur.
2459 3431 2590 3499 Quae
2607 3432 2827 3502 quidem
2853 3433 3164 3503 prudentia,
3182 3432 3493 3488 divinorum
3523 3435 3688 3490 etiam

2101 3527 2374 3582 bonorum
2407 3525 2520 3580 dux
2566 3526 2814 3596 quaedam
2863 3533 2980 3591 est;
3036 3540 3200 3596 quam
3249 3525 3416 3580 veluti
3449 3535 3686 3582 mentem

2099 3617 2348 3688 proxime
2381 3617 2628 3688 sequitur
2669 3623 2930 3672 constans
2967 3616 3136 3672 animi
3176 3618 3534 3688 temperantia
3565 3635 3578 3672 :
3615 3633 3682 3672 ex

2099 3710 2168 3766 iis
2198 3709 2412 3766 duabus
2455 3724 2580 3764 cum
2628 3707 2948 3764 fortitudine
2991 3708 3299 3780 conjunctis
3326 3710 3541 3765 exsistit
3587 3709 3682 3780 ju-

2098 3802 2280 3870 stitia;
2316 3816 2453 3872 quas
2481 3800 2716 3871 denique
2745 3815 2937 3856 omnes
2965 3799 3227 3856 fortitudo
3269 3803 3488 3872 excipit.
3548 3801 3680 3857 llaec

2097 3895 2283 3950 omnia
2348 3894 2607 3950 humanis
2659 3893 2769 3949 illis
2815 3901 3026 3949 natura:
3081 3894 3349 3967 dignitate
3397 3903 3677 3966 praestant.

2096 3983 2364 4052 Quocirca
2404 3987 2454 4042 is
2483 3985 2647 4041 etiam
2700 3985 2837 4040 ordo
2865 3985 3169 4058 legislalori
3218 3989 3518 4043 servandus
3552 3989 3676 4043 erit.

2096 4076 2300 4132 Deinde
2325 4091 2458 4132 vero
2481 4077 2629 4133 cives
2658 4077 2780 4131 aliis
2806 4076 3070 4132 institutis
3089 4117 3104 4144 ,
3137 4093 3258 4148 quae
3285 4086 3465 4134 tamen
3494 4079 3678 4150 priora

2094 4183 2309 4238 semper
2339 4168 2430 4222 illa
2459 4175 2724 4240 spectent,
2750 4166 3100 4234 informabit;
3150 4169 3224 4224 ita
3247 4169 3466 4238 quidem
3498 4180 3556 4225 ut
3589 4187 3676 4225 res

2093 4259 2348 4315 humanae
2395 4255 2474 4314 ad~
2497 4260 2729 4325 divinas,
2783 4261 2851 4315 ad
2881 4269 3116 4317 mentem
3148 4261 3450 4332 principem
3479 4262 3676 4318 divinae

2092 4366 2284 4409 omnes
2314 4350 2644 4407 referantur.
2677 4351 2902 4418 Deinde,
2921 4353 3127 4409 mutuis
3160 4353 3365 4424 nuptiis
3391 4354 3533 4409 inter
3554 4372 3675 4411 sese

2091 4444 2407 4509 contractis,
2454 4443 2892 4514 procreationem
2947 4445 3435 4516 educationemque
3471 4447 3672 4502 libero-

2091 4551 2212 4592 rum
2242 4536 2488 4591 studiose
2515 4536 2751 4600 curabit,
2785 4543 2839 4591 et
2864 4552 2961 4593 seu
2990 4553 3171 4594 mares
3201 4537 3278 4593 illi
3310 4536 3542 4604 fuerint,
3574 4555 3672 4594 seu

2088 4625 2324 4695 feminae,
2349 4628 2615 4700 quidquid
2647 4629 2717 4683 ab
2746 4627 2815 4684 iis
2849 4629 2933 4685 vel
2963 4629 3420 4699 adolescentibus,
3442 4631 3526 4686 vel
3551 4633 3666 4702 jam

2083 4726 2242 4774 aetate
2269 4721 2683 4786 maturioribus,
2717 4720 2784 4777 ad
2820 4722 2995 4794 ipsam
3025 4738 3201 4795 usque
3229 4735 3584 4788 senectutem,
3614 4725 3670 4780 in

2087 4819 2276 4866 mutua
2306 4814 2705 4869 consuetudine
2730 4823 2876 4870 recte
2908 4831 3136 4872 secusve
3165 4817 3278 4881 ﬁat,
3310 4818 3537 4872 alterum
3570 4817 3669 4871 ho-

2083 4916 2216 4956 nore
2249 4901 2470 4968 afﬁciet,
2503 4905 2734 4960 alterum
2765 4905 3064 4977 ignominia
3100 4925 3113 4961 :
3151 4907 3318 4963 simul
3344 4908 3509 4963 etiam
3534 4908 3667 4978 quid

2082 4990 2151 5047 iis
2177 5001 2272 5046 aut
2301 4993 2475 5050 dolori
2506 4995 2598 5062 sit,
2627 5003 2724 5050 aut
2743 4996 3033 5067 voluptati,
3063 4997 3264 5070 quibus
3295 4999 3380 5056 vel
3406 4999 3668 5067 cupidita-

2080 5127 2526 5200 distinguendum
2559 5152 2573 5188 :
2601 5149 2767 5191 secus
2804 5151 2913 5192 non
2949 5135 3083 5190 levis
3115 5144 3200 5191 est
3245 5136 3529 5191 sententiae
3569 5135 3658 5190 fu-

2078 5207 2203 5254 tura
2237 5203 2594 5277 perturbatio,
2627 5215 2685 5259 ut
2715 5221 2780 5259 ex
2813 5204 2983 5260 Ficini
3013 5206 3262 5277 versione
3288 5218 3536 5277 constare
3561 5224 3659 5277 po-

2083 5277 2207 5344 test.
2251 5269 2386 5325 Nam
2414 5289 2535 5344 quae
2564 5269 2897 5344 sequuntur,
2951 5277 3022 5330 ita
3051 5275 3230 5331 reddit
3261 5295 3274 5330 :
3309 5276 3509 5331 Contra
3541 5269 3659 5332 vero

2078 5338 2318 5414 dolores,
2359 5338 2659 5412 uoluptates
2681 5355 2730 5398 et
2753 5346 3087 5414 cupiditates,
3126 5347 3182 5399 in
3209 5349 3353 5399 omni
3385 5364 3661 5401 conversa-

2081 5410 2217 5464 tione
2246 5410 2500 5482 et'tuperet
2526 5453 2543 5478 ,
2597 5424 2702 5471 etc.
2733 5410 2898 5485 Atqui
2948 5418 3165 5471 nolebat
3216 5415 3370 5472 Plato
3413 5420 3656 5478 dolorem

2077 5495 2298 5560 emnem
2347 5492 2444 5560 aut
2497 5500 2716 5560 omnem
2761 5487 2928 5560 animi
2991 5496 3416 5542 commotionem
3471 5505 3658 5560 repre.

2078 5550 2272 5629 bendi,
2325 5555 2422 5629 sed
2452 5557 2633 5625 potius
2663 5557 2898 5629 quodin
2927 5573 3144 5629 quaque
3174 5569 3383 5615 rectum
3415 5550 3653 5625 laudari,

2081 5621 2376 5692 vituperari
2403 5621 2593 5700 centra
2615 5621 2761 5696 quod
2783 5621 3071 5694 vitiosum,
3091 5638 3150 5684 ut
3173 5645 3242 5685 ex
3265 5621 3655 5700 disputationis

2078 5703 2329 5766 contextu
2367 5695 2653 5752 manifeste
2682 5708 2845 5766 patet.

2147 5761 2256 5832 (88)
2294 5765 2575 5842 Ἁὶὶηθοῦς
2610 5761 2816 5842 δόξης.
2843 5767 3232 5842 Ficinuvaera
3265 5773 3523 5842 opinione.
3549 5772 3652 5827 Sed

2075 5846 2199 5900 qua:
2242 5835 2458 5914 tandem
2483 5851 2607 5914 vera
2643 5839 2757 5914 haec
2809 5841 3033 5914 opinio?
3064 5839 3128 5914 Et
3153 5835 3338 5914 siqua
3371 5851 3454 5914 est
3475 5885 3489 5908 ,
3521 5843 3652 5914 quid

2074 5917 2195 5958 eam
2243 5904 2381 5960 inter
2427 5904 2881 5979 prudentiamque
2931 5904 3305 5968 discriminis?
3348 5904 3485 5978 Δόξα
3530 5904 3647 5976 Fuit,
