4156 6414
405 380 501 437 981

1545 375 1872 433 ΡΒᾹΞΡΛΒ.
1913 371 2166 435 EVANG.
2208 376 2337 434 LIB.
2379 377 2492 433 XII.

3564 365 3671 422 982

404 518 488 556 σει
517 499 808 572 γενόμενον
831 499 999 570 ἄνδρα
1031 499 1191 553 αὑτὸν
1216 497 1418 554 τέλειον
1445 492 1582 552 εἶναι
1608 497 1709 568 τῆς
1731 499 1827 552 τοῦ
1849 497 1984 570 πρά-

2100 499 2391 570 :upiamus.
2451 495 2628 568 Caput
2674 497 2818 554 enim
2869 490 3172 562 disciplina:
3228 483 3410 543 omnis
3463 490 3670 538 rectam

403 611 612 666 γματος
630 593 850 664 ἀρετῆς.
880 613 898 644 ι
922 594 1032 647 Καὶ
1049 593 1208 646 τοῦτο
1227 590 1513 665 προλαϐὼν
1534 592 1794 662 Μωῦσῆς,
1812 593 1996 662 ἐνομο-

404 684 630 756 θέτησεν
658 683 897 755 εἰρηκώς
919 701 932 712 ·
963 703 982 734 ι
1018 685 1126 737 Καὶ
1155 682 1307 736 ἔσται
1335 683 1404 736 τὰ
1436 683 1660 753 ῥήματα
1685 680 1860 734 ταῦτα
1888 681 1990 734 ὅσα

403 775 515 844 ἐγὼ
542 775 856 846 ἐντέλλομαί
882 792 964 828 σοι
991 776 1251 846 σήμερον,
1281 776 1340 827 ὲν
1365 777 1432 846 τῇ
1455 773 1653 846 καρδίᾳ
1687 789 1781 826 σου
1815 772 1909 826 καὶ
1931 773 1990 825 έν

403 869 470 938 τῇ
501 866 648 938 ψυχῇ
691 883 805 931 σου,
841 868 936 920 καὶ
962 865 1316 937 προϐιϐάσεις
1343 866 1483 920 αὐτὰ
1512 868 1626 929 τοῖς
1655 866 1792 929 υἱοῖς
1816 861 1932 919 σου.
1961 883 1983 918 ι

410 959 477 1011 Ὃ
499 957 563 1028 δὴ
590 958 684 1011 καὶ
705 958 965 1029 πράττειν
987 956 1215 1028 σύνηθες
1237 957 1425 1010 παισὶν
1459 957 1747 1028 Ἐϐραίων,
1765 955 1823 1022 ἐξ
1844 957 1989 1010 ἀπα-

405 1052 502 1123 λῆς
528 1052 743 1123 ἡλικίας
764 1052 888 1114 τοὺς
914 1050 1068 1113 νέους
1088 1051 1333 1113 ἅπαντας
1369 1051 1483 1113 τοῖς
1529 1049 1631 1118 τῆς
1676 1046 1989 1112 θεοσεϐείας

406 1144 770 1215 παιδεύμασιν
811 1143 1194 1214 ἀνατρέψουσι.
1247 1141 1418 1194 Τοῦτο
1468 1141 1524 1194 δὲ
1552 1141 1647 1196 καὶ
1693 1142 1773 1204 είς
1806 1139 1986 1211 δεῦρο,

406 1238 549 1292 κατά
578 1257 632 1292 τι
661 1237 887 1308 πάτριον
909 1234 1050 1301 ἔθος,
1075 1233 1227 1306 παρὰ
1256 1233 1334 1306 τῷ
1375 1234 1643 1290 Ἰουδαίων
1666 1234 1990 1290 έθνεισπου-

299 1379 302 1382 .
404 1331 645 1394 δάζεται.
749 1351 754 1355 ·

2093 592 2474 648 educationem
2518 607 2644 648 esse
2693 590 3077 649 defendimus,
3132 596 3254 653 qua:
3305 578 3389 634 vel
3433 575 3671 631 ludentis

2094 684 2335 739 animum
2387 685 2442 738 in
2481 684 2601 754 ejus
2628 685 2706 738 rei
2735 697 2980 738 amorem
3015 676 3272 734 facillime
3297 671 3578 742 perducet,
3614 667 3670 721 in

2092 791 2201 848 qua
2221 777 2399 831 virum
2432 776 2563 830 olim
2593 790 2808 831 summa
2839 789 2963 830 cum
2987 769 3246 857 facultate
3276 780 3340 820 ac
3367 762 3526 818 laude
3549 775 3671 814 ver-

2092 867 2202 922 sari
2240 866 2564 936 oportebit.»
2613 865 2772 936 591
2808 863 2888 920 Ita
2915 850 3089 918 Plato.
3157 856 3312 925 Quod
3351 855 3530 924 ipsum
3555 850 3669 920 jam

2093 967 2222 1012 ante
2247 956 2463 1030 Moyses
2505 964 2887 1040 occupaverat,
2913 968 3038 1009 cum
3077 951 3153 1007 ita
3179 944 3461 1016 conceptis
3487 941 3670 997 verbis

2095 1048 2350 1103 statuerit
2383 1066 2400 1103 :
2441 1065 2460 1100 ι
2494 1033 2778 1117 Erantque
2809 1046 2974 1101 verba
3004 1045 3142 1110 haec,
3173 1055 3297 1111 qua:
3339 1050 3440 1108 ego
3481 1033 3673 1104 praeci-

2095 1141 2186 1212 pio
2218 1141 2315 1196 tibi
2358 1140 2542 1207 hodie,
2573 1140 2630 1195 in
2662 1139 2827 1196 corde
2852 1146 2981 1205 tuo,
3029 1143 3084 1192 et
3121 1135 3178 1190 in
3212 1131 3395 1188 anima
3438 1135 3568 1191 tua,
3618 1133 3673 1180 et

2095 1232 2348 1290 narrabis
2373 1249 2438 1289 ea
2458 1232 2587 1288 [iliis
2616 1231 2727 1288 tuis
2751 1231 2821 1285 “.
2847 1248 2868 1283 ›
2890 1229 3062 1296 Quem
3093 1240 3227 1283 sane
3260 1236 3468 1279 morem
3488 1217 3674 1290 junio-

2090 1339 2181 1381 res
2229 1340 2422 1382 omnes
2467 1324 2686 1395 pietatis
2736 1338 2802 1378 ac
2845 1319 3126 1392 religionis
3164 1314 3451 1389 praeceptis
3501 1309 3674 1367 infor-

406 1424 613 1490 mandi,
641 1430 696 1477 ct
712 1423 824 1491 jam
851 1421 979 1476 olim
1009 1417 1223 1476 Hebraai
1269 1427 1583 1483 tenuerunt,
1639 1428 1694 1475 et
1750 1419 2036 1488 hucusque
2071 1424 2333 1488 tanquam
2380 1419 2618 1487 patrium
2670 1415 2891 1487 aliquod
2937 1413 3245 1469 institutum
3285 1406 3473 1464 Iudaea
3524 1402 3675 1458 natio

408 1533 624 1574 summa
658 1516 936 1588 diligentia
964 1514 1255 1584 studioque
1286 1522 1598 1570 conservat.

914 1605 1312 1661 ΚΕΦΑΛΑῘΟΝ
1365 1605 1473 1658 IH'.

407 1701 540 1755 Ὀτι
571 1701 847 1755 παιδείαν
879 1698 997 1769 χρὴ
1030 1695 1528 1769 μόνην-ἡγεῖσθαι
1568 1694 1684 1766 τὴν
1725 1699 1812 1760 εἰς
1852 1695 1986 1769 ἀρε-

475 1771 591 1840 τὴν
620 1763 1045 1840 προάγούᾶανί
1063 1763 1435 1840 οὐχὶλδέτῂν
1451 1769 1540 1832 είς
1565 1763 1986 1838 χρηματισμὸν

477 1842 516 1912 ἢ
538 1837 681 1896 τινα
701 1837 1168 1910 ,ϐιὸποριστικὴν
1195 1837 1607 1905 ἐπιτήδευσιν.

486 2020 505 2053 ι
530 2000 620 2073 Μὴ
645 2001 826 2054 τοίνυν
843 2000 954 2070 (95)
982 2000 1117 2072 μηδὲ
1136 2000 1164 2054 ὃ
1192 1999 1425 2070 λέγομεν
1446 1996 1584 2054 εἶναι
1602 1999 1871 2064 παιδείαν,
1889 1999 1982 2054 ἀό-

409 2111 592 2166 ριστον
609 2094 853 2165 γένηται.
883 2092 998 2147 Νῦν
1029 2093 1138 2166 γὰρ
1165 2092 1512 2158 ὀνειδίζοντες
1537 2092 1887 2156 ἐπαινοῦντές
1927 2109 1987 2146 τε

407 2187 654 2240 ἑκάστων
683 2185 782 2248 τὰς
799 2184 1024 2257 τροφὰς,
1056 2185 1306 2257 λέγομεν,
1333 2184 1409 2249 ὡς
1429 2185 1522 2239 τὸν
1568 2186 1668 2258 μὲν
1691 2185 1979 2239 πεπαιδευ-

410 2278 572 2347 μένον
592 2275 751 2348 ἡμῶν
773 2276 882 2347 (96)
911 2276 1040 2331 ὄντα
1059 2277 1202 2343 τινὰ,
1233 2277 1326 2331 τὸν
1349 2276 1406 2330 δὲ
1429 2277 1752 2332 ἀπαίδευτον
1770 2317 1784 2341 ,
1815 2277 1987 2330 ἐνίοτε

405 2366 488 2430 είς
509 2367 620 2438 (97)
650 2383 708 2420 τε
733 2367 834 2430 τὰς
852 2368 1177 2439 καπηλείας,
1202 2369 1296 2421 καὶ
1316 2368 1670 2440 ναυκληρίας,
1696 2369 1790 2422 καὶ
1813 2367 1989 2422 ἄλλων

406 2458 571 2512 τινῶν
595 2457 848 2512 τοιούτων
879 2458 1112 2530 μάλιστα
1153 2459 1263 2530 (98)
1294 2458 1740 2530 πεπαιδευμένων
1784 2457 1989 2529 σφόδρα

407 2548 729 2621 ἀνθρώπων.
756 2550 832 2604 Οὐ
859 2549 968 2622 γάρ
987 2549 1160 2605 ταῦτα
1178 2551 1515 2622 ἡγουμένων,
1533 2549 1607 2613 ὡς
1627 2549 1823 2613 ἔοικεν,
1850 2543 1990 2603 εἶναι

409 2641 659 2695 παιδείαν
688 2641 796 2712 (99)
818 2643 847 2695 ό
869 2641 963 2695 νῦν
984 2642 1141 2711 λόγος
1166 2641 1232 2696 ἂν
1253 2642 1338 2714 εἴη
1363 2659 1377 2673 ο
1399 2642 1499 2714 τὴν
1530 2642 1588 2696 δὲ
1615 2641 1752 2714 πρὸς
1785 2641 1990 2714 ἀρετὴν

409 2735 474 2786 ἐκ
522 2734 728 2788 παίδων
767 2735 1038 2800 παιδείαν,
1098 2733 1358 2788 ποιοῦσαν
1409 2734 1753 2806 ἐπιθυμητήν
1803 2751 1863 2787 τε
1897 2733 1991 2786 καὶ

410 2825 648 2897 ἐραστὴν
677 2826 772 2880 τοῦ
795 2826 1016 2899 πολίτην
1037 2827 1291 2895 γενέσθαι
1315 2827 1497 2881 τέλεον
1517 2867 1532 2890 ,
1568 2826 1755 2897 ἄρχειν
1795 2843 1857 2878 τε
1895 2825 1992 2879 καὶ

411 2919 673 2990 ἄρχεσθαι
695 2920 1055 2990 ἐπιστάμενον
1078 2921 1214 2992 μετὰ
1231 2920 1404 2992 δίκης.
1429 2919 1646 2990 Ταύτην
1663 2918 1763 2991 τὴν
1783 2919 1992 2990 τροφὴν

410 3011 814 3083 ἀφορισάμενος
843 3013 872 3064 ό
913 3012 1070 3081 λόγος
1110 3003 1284 3077 οὗτος,
1309 3013 1383 3076 ὼς
1430 3011 1555 3081 ἐμοὶ
1594 3011 1842 3080 φαίνεται
1887 3010 1988 3080 (1),

413 3100 511 3157 νῦν
546 3103 770 3173 βούλοιτ’
800 3104 866 3158 ἂν
894 3104 1062 3176 μόνην
1086 3105 1335 3159 παιδείαν
1371 3102 1802 3177 προσαγορεύειν
1823 3120 1837 3134 ’
1891 3101 1992 3174 τὴν

413 3196 472 3250 δὲ
495 3197 574 3259 εἰς
606 3196 866 3266 χρήματα
895 3195 1192 3260 τείνουσαν,
1216 3196 1250 3266 ἦ
1277 3212 1401 3250 τινα
1425 3195 1561 3267 πρὸς
1607 3196 1780 3266 ἰσχὺν,
1823 3193 1858 3266 ἢ
1896 3193 1992 3248 καὶ
2020 3234 2064 3293 C

415 3289 552 3360 πρὸς
575 3288 740 3357 ἀλλην
762 3286 881 3341 τινὰ
905 3286 1096 3357 σοφίαν
1127 3288 1254 3343 ἄνευ
1277 3287 1369 3341 νοῦ
1391 3281 1485 3342 καὶ
1511 3288 1687 3361 δίκης,
1729 3287 1994 3358 βάναυσόν

411 3397 474 3434 τε
504 3376 761 3434 εἶναικαὶ
788 3379 1169 3451 ἀνελεύθερον,
1211 3379 1307 3435 καὶ
1347 3380 1448 3435 οὒκ
1482 3379 1640 3445 ἀξίαν
1671 3380 1994 3452 τοπαράπαν

413 3472 664 3527 παιδείαν
686 3472 981 3527 καλεῖσθαι.
1029 3473 1217 3543 Ἡμεῖς
1253 3473 1310 3526 δὲ
1354 3473 1519 3544 μηδὲν
1561 3473 1784 3547 ὀνόματι
1809 3473 1997 3543 διαφε-

417 3563 639 3636 ρώμεθα
661 3565 864 3630 αὐτοῖς,
887 3564 1001 3620 ἀλλ’
1026 3565 1055 3618 ό
1078 3563 1174 3619 νῦν
1199 3563 1262 3636 δὴ
1287 3564 1446 3634 λόγος
1477 3567 1610 3637 ἡμῖν
1644 3566 1998 3639 ὁμολογηθεὶς

417 3655 626 3726 μενέτω
645 3673 659 3686 ο
687 3656 762 3721 ὡς
787 3657 840 3711 οἶ
866 3675 930 3727 γε
961 3657 1138 3729 ὀρθῶς
1177 3659 1601 3729 πεπαιδευμένοι
1634 3658 1820 3730 σχεδὸν
1859 3659 1999 3728 ἀγα-

415 3746 500 3800 θοι
521 3747 780 3817 γίνονται.
804 3748 916 3802 Καὶ
929 3749 1010 3803 δεῖ
1026 3750 1090 3822 δὴ
1111 3751 1210 3821 τὴν
1237 3750 1486 3804 παιδείαν
1516 3749 1764 3821 μηδαμοῦ
1801 3749 2000 3821 ἀτιμά-

415 3835 552 3904 ζειν,
579 3839 656 3902 ὡς
681 3838 898 3911 πρῶτον
916 3839 1025 3894 τῶν
1045 3841 1345 3896 καλλίστων
1366 3843 1480 3906 τοῖς
1501 3841 1745 3914 ἀρίστοις
1773 3842 2000 3914 ἀνδράσι

417 3933 920 4004 παραγιγνόμενον
954 3933 1048 3987 καὶ
1080 3933 1285 3988 εἴποτε
1323 3933 1601 4006 ἐξέρχεται
1621 3973 1638 4000 ,
1679 3933 1904 3988 δυνατὸν
1942 3934 2000 3988 δέ

416 4025 535 4077 ὲστι
555 4025 697 4078 κατά
714 4024 942 4096 δύναμιν
973 4025 1049 4094 (2)
1083 4024 1537 4097 ἐπανορθοῦσθαι,
1573 4043 1733 4079 τουτο
1758 4027 1844 4080 ἀεὶ
1872 4025 2002 4098 δρα-

419 4115 575 4168 στέον
601 4115 688 4168 διά
715 4114 831 4186 βίου
865 4115 1030 4168 παντὶ
1057 4115 1200 4168 κατὰ
1219 4114 1467 4186 δύναμιν.
1505 4135 1524 4167 ›
1555 4117 1669 4171 Καὶ
1689 4117 1748 4169 ὲν
1772 4116 1851 4188 τῷ
1877 4117 2000 4172 δευ-

416 4203 562 4275 τέρῳ
579 4204 636 4258 δὲ
659 4203 768 4257 τῶν
789 4205 1001 4274 Νόμων
1026 4205 1267 4274 ἐπιλέγει
1287 4223 1300 4238 σ
1342 4225 1361 4258 ι
1391 4207 1646 4261 Παιδείαν
1672 4207 1747 4280 (3)
1767 4208 1831 4280 δὴ
1860 4208 2003 4278 λέγω

418 4294 519 4366 τὴν
561 4294 1004 4367 παραγινομένην
1038 4296 1254 4366 πρῶτον
1287 4298 1473 4352 παισὶν
1522 4299 1746 4371 ἀρετήν.
1808 4300 2002 4371 Ἡδονὴ

417 4387 499 4450 δὲ,
523 4389 618 4442 καὶ
647 4387 818 4458 φιλία,
849 4389 941 4442 καὶ
961 4388 1129 4459 λύπη,
1163 4387 1256 4442 καὶ
1285 4391 1437 4460 μῖσος
1469 4389 1564 4442 ἐὰν
1594 4389 1770 4461 ὀρθῶς
1805 4391 1864 4444 ἐν
1901 4391 2004 4461 ψυ-

420 4483 544 4551 χαῖς
585 4481 966 4550 ἐγγίγνωνται,
1023 4481 1191 4552 μήπω
1227 4480 1540 4550 δυναμένων
1591 4481 1748 4549 λόγον
1796 4481 2004 4552 λαμϐά-

2656 1595 2887 1654 CAPUT
2923 1592 3111 1649 XVIII.
3189 1596 3200 1606 “

2091 1688 2232 1746 Eam
2265 1693 2437 1746 solum
2470 1691 2726 1747 doctrina:
2759 1691 2873 1744 loco
2900 1686 3257 1746 statuendam,
3291 1695 3410 1752 quae
3437 1680 3576 1752 uiam
3605 1675 3676 1730 ad

2165 1763 2413 1818 virtutem
2441 1765 2684 1828 muniat;
2713 1777 2817 1814 non
2847 1768 3022 1813 autem
3054 1772 3192 1828 eam,
3225 1749 3352 1826 qua:
3377 1749 3453 1805 uel
3479 1765 3678 1828 augen-

2160 1832 2244 1915 du:
2267 1834 2522 1902 pecuniae,
2559 1833 2639 1889 uel
2659 1821 2902 1901 parando
2931 1827 3092 1884 uictui
3121 1821 3327 1897 quoquo
3368 1821 3524 1876 modo
3565 1834 3678 1872 ser-

2161 1912 2293 1958 viat.

2169 2014 2189 2048 ι
2225 1996 2542 2054 Cavendum
2570 1996 2625 2052 id
2650 2009 2814 2066 porro
2845 1991 3027 2057 nobis,
3053 1989 3232 2060 inquit
3258 1984 3460 2042 ibidem
3493 1980 3672 2045 Plato,

2093 2107 2163 2148 ne
2194 2089 2498 2161 disciplinae
2539 2102 2738 2144 nomen
2771 2085 3047 2141 inﬁnitum
3081 2079 3214 2152 quid
3245 2089 3469 2132 manere
3495 2071 3676 2142 patia-

2093 2199 2239 2238 mur.
2295 2179 2454 2238 Nunc
2485 2179 2655 2245 enim,
2708 2178 2840 2233 dum
2887 2176 3158 2246 cujusque
3181 2177 3277 2226 aut
3301 2168 3678 2236 vituperamus

2093 2273 2498 2337 educationem,
2531 2280 2627 2326 aut
2655 2268 2946 2324 laudamus
2966 2308 2983 2334 ,
3013 2266 3090 2320 ita
3120 2261 3273 2332 loqui
3304 2259 3580 2320 solemus,
3619 2262 3680 2308 ut

2095 2366 2264 2422 alium
2302 2363 2586 2434 disciplina
2609 2361 2910 2427 excultum,
2928 2356 3175 2430 ejusdem
3201 2361 3478 2422 expertem
3509 2347 3678 2402 alium

2096 2470 2220 2511 esse
2253 2454 2524 2522 dicamus,
2560 2452 2779 2509 tametsi
2827 2467 2894 2507 ex
2923 2463 3117 2506 eorum
3143 2444 3416 2502 interdum
3448 2452 3680 2496 numero

2097 2549 2189 2613 sit,
2223 2547 2318 2618 qui
2353 2546 2433 2603 vel
2464 2544 2834 2617 cauponariaa,
2860 2542 2948 2598 vel
2970 2537 3342 2602 navicularia,
3370 2539 3457 2590 vel
3481 2530 3680 2589 similis

2097 2640 2322 2696 alterius
2352 2637 2489 2694 artis
2527 2635 2850 2706 peritissimi
2882 2633 3211 2688 habeantur.
3259 2627 3551 2682 Enimvero
3578 2621 3676 2683 ita,

2097 2747 2222 2788 meo
2243 2731 2451 2802 judicio
2471 2769 2486 2796 ,
2522 2729 2674 2799 loqui
2703 2728 2975 2790 solemus,
3015 2722 3162 2795 quod
3192 2735 3304 2776 non
3334 2718 3544 2774 artibus
3571 2715 3680 2770 illis

2098 2820 2402 2892 disciplinae
2433 2833 2632 2873 nomen
2656 2814 3003 2870 tribuendum
3030 2818 3306 2882 putemus,
3337 2805 3432 2861 sed
3462 2804 3514 2860 ei
3539 2804 3680 2862 dun-

2097 2921 2268 2980 taxat,
2299 2925 2422 2982 qute
2450 2923 2576 2966 cum
2599 2906 2878 2963 hominem
2906 2919 2938 2959 a
2967 2901 3153 2974 pueris
3173 2898 3242 2954 ad
3263 2897 3520 2952 virtutem
3546 2908 3677 2948 eru-

2098 3005 2234 3070 diat,
2269 3011 2384 3059 tum
2417 3001 2615 3058 eﬂiciat
2661 3001 2778 3070 ipsa
2809 3009 3028 3067 quoque
3061 3001 3121 3048 ut
3163 2991 3306 3047 idem
3330 2997 3384 3044 et
3407 2984 3682 3059 perfectus

2098 3095 2231 3151 olim
2261 3094 2398 3150 civis
2441 3091 2674 3148 evadere
2703 3087 2908 3158 cupiat,
2935 3092 2992 3141 et
3033 3097 3158 3138 cum
3191 3079 3445 3151 aequitate
3468 3075 3551 3132 vel
3577 3075 3683 3129 im-

2097 3201 2292 3259 perare
2333 3184 2419 3240 vel
2458 3197 2652 3254 parere
2681 3179 2912 3236 noverit.
2967 3174 3085 3231 Hoc
3114 3169 3453 3230 educationis
3482 3182 3682 3239 genus,

2096 3257 2159 3334 ut
2178 3277 2312 3332 mihi
2342 3275 2560 3348 quidem
2595 3271 2931 3344 persuadeo,
2961 3263 3268 3323 cOmmunis
3297 3262 3402 3317 iste
3425 3257 3681 3331 loquendi

2096 3372 2295 3428 modus
2350 3369 2574 3442 proprie
2620 3366 2900 3437 designat,
2947 3361 3109 3433 eique
3144 3366 3353 3413 tantum
3383 3357 3480 3409 uni
3511 3352 3680 3408 disci-

2096 3465 2261 3537 plinae
2299 3462 2716 3535 appellationem
2755 3455 3006 3514 attribuit
3039 3471 3052 3508 :
3090 3466 3211 3523 qua:
3251 3459 3432 3504 autem
3471 3445 3557 3501 vel
3584 3459 3684 3516 pa-

2097 3557 2285 3614 randae
2309 3556 2588 3629 pecuniae,
2636 3553 2723 3611 vel
2769 3549 3032 3624 augendis
3064 3547 3306 3614 viribus,
3335 3543 3422 3599 vel
3463 3540 3687 3597 cuilibet

2099 3651 2192 3706 alii
2218 3650 2430 3721 peritiae
2461 3664 2492 3703 a
2526 3646 2727 3703 mentis
2772 3653 2830 3702 et
2856 3641 3131 3714 aequitatis
3160 3636 3439 3697 consortio
3472 3634 3686 3704 disjun-

2099 3753 2202 3800 ctae
2228 3743 2453 3806 serviat,
2488 3739 2755 3812 plebeiam
2783 3746 2838 3794 et
2872 3736 3212 3800 illiberalem,
3247 3733 3491 3802 adeoque
3520 3728 3692 3784 disci-

2101 3837 2265 3909 plinae
2294 3835 2518 3890 nomine
2539 3847 2770 3904 prorsus
2795 3812 3077 3909 indignam
3098 3842 3220 3884 esse
3243 3825 3454 3882 statuit.
3483 3820 3688 3877 Verum

2102 3905 2206 3986 nos
2239 3944 2373 3986 sane
2419 3927 2628 3983 nullam
2660 3923 2730 3980 iis
2761 3905 3190 3980 controversiam
3236 3917 3477 3974 nominis
3522 3913 3690 3984 hujus

2103 4037 2272 4079 causa
2304 4032 2664 4082 moveamus;
2700 4023 2920 4071 maneat
2948 4014 3000 4070 id
3027 4012 3189 4068 modo
3215 4019 3402 4066 nostra
3441 4007 3699 4063 omnium.

2105 4112 2453 4171 confessione
2481 4118 2714 4172 certum,
2737 4107 2833 4179 qui
2865 4113 3011 4162 recte
3037 4104 3254 4160 educati
3283 4118 3313 4158 a
3334 4102 3508 4171 prima
3531 4107 3692 4154 mtate

2105 4205 2350 4270 fuerint,
2403 4215 2500 4256 eos
2551 4208 2612 4254 ut
2652 4197 2948 4268 plurimum
3004 4194 3154 4248 viros
3209 4193 3382 4247 bonos
3433 4189 3696 4245 evadere-

2104 4297 2286 4366 Quare
2307 4294 2617 4350 nullatenus
2646 4303 2888 4358 unquam
2915 4282 3232 4357 negligenda
3253 4281 3538 4352 disciplina
3568 4279 3690 4335 fue-

2105 4393 2212 4455 rit,
2247 4403 2370 4444 cum
2403 4401 2472 4441 ex
2518 4383 2668 4439 omni
2720 4395 2905 4436 rerum
2957 4375 3533 4450 praestantissimarum
3584 4389 3688 4428 nu-

2106 4494 2280 4548 mero,
2312 4477 2488 4548 prima
2513 4475 2601 4530 illa
2637 4473 2770 4529 viris
2797 4469 3022 4542 optimis
3054 4476 3255 4540 prazsto
3293 4466 3385 4533 sit,
3433 4479 3689 4536 operam-

422 4589 536 4626 νειν
562 4572 638 4643 (4)
661 4572 972 4626 ’.λαὸόντων
1013 4572 1070 4625 δὲ
1117 4573 1210 4625 τὸν
1253 4571 1432 4640 λόγον,
1480 4573 1888 4643 συμφωνήσωσι
1923 4573 1996 4645 τῷ

2105 4587 2213 4644 que
2241 4577 2423 4626 navet.
2482 4565 2616 4634 Quae
2661 4565 2708 4622 si
2749 4561 2969 4638 quando
3001 4568 3313 4625 exerraret,
3349 4557 3443 4615 sed
3486 4554 3689 4625 corrigi

421 4664 568 4735 λόγῳ
589 4664 663 4735 (5)
694 4663 868 4736 ὀρθῶς
891 4665 1124 4718 εἰθίσθαι
1157 4663 1262 4718 ὑπὸ
1281 4663 1389 4719 τῶν
1414 4663 1802 4734 προσηκόντων
1840 4663 2004 4730 ἐθῶν,

423 4752 564 4825 αῦτη
590 4755 666 4826 (6)
697 4755 807 4808 ἔσθ’
835 4758 868 4826 ἡ
897 4755 1184 4827 συμφωνία
1211 4754 1474 4825 σύμπασα
1496 4754 1593 4824 μὲν
1623 4755 1816 4828 ἀρετὴ,
1850 4756 1913 4809 τὸ
1945 4756 2005 4809 δὲ

425 4845 557 4916 περὶ
570 4845 670 4910 τὰς
689 4845 880 4919 ήδονάς
898 4847 988 4900 καὶ
1006 4846 1184 4910 λύπας
1200 4845 1595 4918 τεθραμμένον,
1609 4845 1686 4917 (7)
1735 4846 1906 4917 αὐτῆς
1922 4847 2008 4918 όρ-

499 4963 548 4996 ”
577 4962 736 5019 Deut.
773 4979 850 5032 v1,
879 4963 935 5027 6,
955 4963 1008 5018 7.

499 5077 612 5148 (95)
653 5079 749 5148 Μὴ
774 5080 1004 5136 τοίνυν.
1036 5077 1215 5147 Plato,
1249 5077 1408 5146 ibid.,
1438 5077 1505 5134 (ἓ.

501 5149 615 5220 (96)
654 5150 817 5204 Forte
846 5151 997 5221 ἡμῖν.

501 5219 614 5288 (97)
666 5219 897 5275 Ἐνίοτε
921 5223 1027 5286 εὶς.
1055 5219 1267 5275 Mallem
1297 5221 1466 5276 ἐνίοτε
1495 5219 1608 5274 τῶν
1628 5221 1728 5284 είς.

502 5290 614 5360 (98)
651 5290 932 5348 Μάλιστα
953 5332 968 5355 ,
1004 5300 1111 5347 etc.
1140 5290 1295 5347 Plato
1326 5293 1406 5348 sic
1427 5333 1441 5356 ,
1479 5291 1626 5360 μάλα
1657 5290 1879 5345 πεπαιδ.
1920 5291 2010 5345 ἀν·

432 5362 668 5434 opsum
697 5362 922 5434 σφόδρα,
959 5363 1104 5434 quod
1140 5365 1313 5434 magis
1341 5363 1532 5432 probo.

506 5433 618 5504 (99)
656 5430 844 5488 Εἶναί
869 5430 1162 5487 παιδείαν.
1199 5430 1352 5499 συιδ
1378 5432 1860 5504 sequunturapud
1896 5431 2010 5487 Eu-

435 5503 670 5569 sebium,
707 5519 881 5574 usque
908 5503 976 5558 ad
1011 5505 1243 5559 alterum
1267 5503 1536 5571 παιδείαν,
1563 5503 1706 5575 apud
1726 5503 2008 5559 Platonem

433 5575 748 5644 reponenda
784 5583 931 5629 sunt.

508 5642 587 5716 (1)
636 5645 730 5710 Ὠς
765 5645 897 5716 ἐμοὶ
943 5645 1264 5716 φαίνεται.⁵
1283 5644 1348 5700 Ει
1391 5646 1498 5700 hoc
1541 5643 1749 5700 rectius
1795 5642 2011 5701 videtur

438 5708 602 5784 quam
639 5708 780 5783 apud
797 5708 1110 5782 Platonem,
1140 5715 1198 5781 ἐξ
1229 5708 1304 5768 ὧν
1334 5715 1601 5784 φαίνεται.

512 5787 588 5854 (2)
642 5784 806 5840 Κατὰ
854 5784 1128 5854 δύναμιν.
1203 5783 1373 5842 Verba
1423 5783 1731 5855 superﬂua,
1782 5799 2012 5856 quaeque

441 5854 594 5912 Plato
629 5873 736 5912 non
769 5857 1016 5928 agnoscit

2105 4674 2289 4721 tamen
2315 4659 2705 4729 emendarique
2731 4662 2952 4728 posset,
2993 4653 3049 4710 id
3077 4669 3206 4710 vero
3241 4650 3482 4717 nemini,
3513 4663 3692 4719 quan-

2105 4757 2199 4813 diu
2224 4755 2455 4822 viveret,
2475 4767 2587 4808 non
2631 4765 2732 4823 pro
2758 4748 2969 4804 viribus
2992 4745 3263 4820 agendum
3293 4751 3471 4800 esset..
3489 4759 3509 4795 ι
3540 4740 3690 4795 l'dem

2109 4847 2306 4921 Legum
2334 4845 2596 4912 secundo,
2623 4843 2818 4914 paucis
2845 4842 2898 4898 id
2926 4841 3110 4913 ipsum
3139 4847 3425 4908 repetens,
3463 4852 3493 4886 ε.
3513 4832 3690 4889 Disci-

2181 5077 2258 5148 ('5)
2271 5072 2604 5148 _Hat68¢'ar.
2643 5070 2790 5129 Idem
2825 5071 2978 5127 Plato
3007 5070 3103 5125 lib.
3147 5085 3193 5122 tr
3225 5065 3460 5137 Legum,
3511 5060 3691 5128 initio,

2107 5145 2481 5288 pafdfx‘ldm
2503 5212 2852 5288 λαμϐίίνειν.
2885 5209 3334 5288 Idmalimquam
3366 5205 3509 5288 λόγῳ
3532 5203 3690 5288 λσμη

2109 5277 2360 5359 sequitur
2381 5277 2542 5359 enim
2555 5277 2880 5359 ,').a66wuw
2908 5280 2965 5334 δὲ
2993 5280 3086 5334 τὸν
3113 5277 3270 5348 λόγον
3291 5318 3308 5345 ,
3345 5277 3493 5347 quod
3522 5277 3690 5329 etiam

2108 5355 2756 5431 agnoscituraPlatone.
2830 5423 2854 5431 _
2913 5423 2968 5431 Α.
3154 5428 3162 5431 _
3247 5417 3307 5431 Ν
3347 5419 3360 5430 _
3485 5415 3520 5431 n
3569 5416 3602 5431 Δ.
3679 5416 3691 5428 ,

2181 5430 2258 5502 (5)
2299 5425 2758 5498 Συμφωνήσωσι
2783 5423 2864 5489 τῷ
2890 5423 3073 5502 λόγῳ,
3113 5428 3220 5502 etc.
3247 5417 3446 5484 Ficin.,
3480 5415 3693 5471 Rationi

2110 5489 2476 5563 consentiant,
2533 5489 2770 5567 propter
2795 5489 3132 5567 superiorem
3170 5489 3456 5567 lgogzorum_
3487 5503 3694 5567 inurunt

2111 5556 2576 5628 consuetudinarii,
2616 5556 2795 5637 quasi
2812 5556 2962 5637 esset
3001 5559 3078 5637 τῷ
3111 5560 3324 5633 ὀρθῶς,
3375 5559 3460 5616 vel
3505 5557 3593 5612 διὰ
3631 5556 3694 5610 τὸ

2109 5637 2479 5715 ὀρθῷςηῖἰὸο
2517 5633 2651 5715 nutri
2685 5633 2920 5715 id_Plato
2943 5633 3093 5688 velit.

2183 5699 2485 5785 (βγΔῦτῃ.
2512 5707 2668 5785 _l_linc
2710 5705 2992 5761 Platonem
3028 5701 3310 5774 corrigas,
3344 5699 3487 5771 apud
3529 5713 3691 5771 quem
3800 5783 3803 5785 _

2111 5777 2277 5845 male,
2311 5778 2483 5847 αὐτῆς
2509 5777 2556 5830 θ’
2585 5779 2616 5849 ἡ
2654 5793 2827 5849 συμφ-
2910 5844 2921 5849 _
3311 5842 3322 5849 ,
3550 5841 3560 5849 .

2188 5842 2271 5917 (7)
2309 5842 2736 5916 Τεθραμιιένονξ
2766 5844 2960 5905 Nescio
2990 5853 3285 5911 quo.pacto
3311 5842 3362 5898 in
3392 5842 3693 5903 marginem
