4156 6444
479 399 586 459 983

1125 388 1391 455 EUSEBII
1415 386 1911 456 ~CJ'ISARIENSIS
1945 395 2048 454 ΟΡ]

2152 397 2319 454 PARS
2355 397 2420 452 ll.
2457 427 2528 438 -
2558 396 3078 466 ΑΡοιοοΕτιαΑ.,
3106 367 3124 380 ”

3631 401 3738 457 984
3763 370 3766 372 ’

477 517 937 588 ριίιιειιητι-ιιιιιιιῐι,
963 521 1223 570 Virtutem
1248 514 1398 569 illam
1428 515 1660 584 appello,
1709 531 1872 586 quam
1896 515 2048 586 pueri

2152 515 2279 579 θῶς,
2327 513 2469 568 ὥστε
2527 516 2838 587 μισεῖν.μὲν
2869 515 2906 571 a
2947 516 3054 588 χρὴ
3093 514 3271 586 μισεῖν
3295 511 3457 576 εὐθὺς
3477 513 3536 581 ἐξ
3564 515 3738 588 ἀρχῆς

477 596 727 665 omnium
743 607 972 677 primam
987 605 1565 676 nanciscuntur.592
1575 605 1833 676 Voluptas
1849 615 2054 674 autem,

477 699 740 768 amicitia,
768 701 924 755 dolor
949 709 1004 755 et
1031 700 1239 768 odium,
1272 699 1320 755 si
1348 708 1402 755 et
1425 713 1614 755 eorum
1635 701 1928 768 mentibus,
1946 716 2056 772 quo

476 801 725 862 tempore
774 792 1007 848 necdum
1057 792 1137 846 uti
1192 791 1407 846 ratione
1434 799 1689 861 possunt,
1736 791 1817 846 uti
1850 807 1949 862 par
1973 801 2058 846 est

475 884 830 950 inserentur;
885 892 940 939 et
967 899 1090 938 cuin
1135 898 1199 939 ea
1225 883 1463 952 primum
1509 882 1589 937 uti
1618 883 1902 953 coeperint,
1931 897 2056 940 cum

475 977 664 1032 eadem
699 992 811 1031 uno
841 977 1007 1032 veluti
1040 991 1334 1043 consensu,
1362 976 1465 1031 rite
1485 977 1936 1032 convenientibus
1961 991 2056 1033 eos

473 1068 723 1123 moribus
753 1067 1081 1124 informatos
1109 1080 1166 1124 et
1190 1069 1431 1126 imbutos
1474 1069 1647 1125 fuisse
1689 1070 2054 1135 testabuntur,

471 1159 650 1215 virtus
681 1160 901 1230 quidem
930 1160 1036 1216 erit
1090 1161 1300 1232 integra
1330 1162 1421 1217 illa
1452 1161 1799 1232 perfectaque
1828 1176 2056 1217 consen-

473 1253 578 1318 sio;
603 1254 748 1324 quod
775 1263 956 1309 autem
985 1269 1052 1310 ex
1077 1269 1141 1310 ea
1173 1255 1226 1310 in
1257 1265 1460 1311 rectam
1490 1256 1787 1326 voluptatis
1817 1254 2055 1310 doloris-

470 1360 580 1416 que
625 1343 1057 1401 moderationem
1101 1345 1406 1400 derivatum
1447 1346 1572 1413 erit,
1619 1355 1681 1400 ut
1725 1346 1888 1402 simul
1935 1359 2058 1415 quae

469 1437 600 1492 odio
629 1436 793 1508 digna
825 1446 975 1505 sunt,
1005 1437 1074 1492 ab
1108 1437 1265 1494 initio
1294 1439 1361 1493 ad
1390 1438 1551 1497 tinem
1587 1453 1761 1509 usque
1793 1447 2054 1493 constan-

471 1538 557 1584 ter
582 1529 818 1591 oderint,
869 1537 1162 1600 amentque
1207 1531 1521 1595 contraria;
1556 1531 1610 1585 id
1642 1539 1700 1584 tu
1728 1529 1775 1586 si
1802 1529 1872 1584 ab
1899 1537 2057 1582 caete-

472 1635 662 1674 rorum
709 1621 1000 1691 complexu
1045 1620 1426 1677 ratiocinando
1472 1622 1760 1692 sejunges,
1815 1621 2054 1691 proprie,

471 1727 594 1766 mea
638 1712 858 1782 quidem
911 1713 1214 1778 sententia,
1271 1712 1615 1784 disciplinam
1671 1712 1989 1783 appellabis.
2029 1729 2048 1763 ι

471 1804 599 1861 Haec
624 1805 798 1861 Plato.
836 1804 1011 1873 Quem
1040 1813 1224 1864 tamen
1253 1805 1424 1862 David
1456 1806 1510 1860 in
1542 1804 1775 1860 Psalmis
1804 1813 2056 1860 antever-

468 1898 556 1965 tit,
591 1898 681 1953 ubi
705 1913 887 1954 rerum
913 1898 1042 1955 odio
1063 1901 1148 1955 vel
1171 1914 1357 1955 amore
1380 1899 1669 1968 dignarum
1689 1897 1875 1953 odium
1902 1911 2056 1952 amo-

468 2007 693 2063 remque
723 1992 882 2048 docet
913 1992 1000 2050 his
1026 1993 1208 2048 verbis
1246 2011 1260 2046 :
1301 2011 1320 2046 ι
1348 1991 1561 2056 Venite,
1595 1991 1710 2058 ﬁlii,
1732 1991 1918 2046 audite
1941 2005 2051 2055 me,

466 2084 725 2139 timorem
770 2083 990 2140 Domini
1037 2083 1244 2140 docebo
1291 2098 1411 2139 vos.
1459 2081 1595 2150 Quis
1621 2090 1705 2137 est
1735 2081 1922 2146 homo,
1957 2079 2053 2152 qui

467 2176 589 2231 vult
608 2176 797 2240 vitam,
844 2176 1022 2246 diligit
1060 2175 1179 2232 dies
1219 2175 1403 2231 videre
1426 2175 1635 2232 bonos?
1685 2171 1924 2228 Prohibe
1949 2171 2054 2225 lin-

468 2283 629 2340 guam
654 2277 802 2324 tuam
831 2284 862 2324 a
885 2269 1052 2335 malo,
1085 2280 1142 2325 et
1179 2269 1320 2324 labia
1353 2277 1467 2334 tua,
1511 2283 1580 2323 ne
1631 2268 1927 2337 loquantur
1953 2265 2052 2320 do-

465 2358 602 2414 lum.
633 2359 849 2414 Diverte
881 2375 912 2415 a
941 2361 1108 2428 male,
1142 2369 1196 2416 et
1226 2359 1312 2416 tae
1333 2360 1559 2424 bonum,
1595 2359 1811 2429 inquire
1837 2373 2050 2429 pacem,

465 2461 521 2506 et
543 2466 872 2522 persequere
897 2466 1020 2507 eam
1048 2453 1150 2506 ⁸⁸.»
1183 2450 1554 2522 Similiterque
1589 2449 1881 2505 Salomon:
1910 2449 2051 2502 «Au-

463 2543 624 2612 dite,
697 2543 919 2616 inquit,
988 2544 1120 2615 tilii,
1169 2545 1516 2616 disciplinam
1571 2541 2050 2614 patris.|Donum

2157 606 2284 677 ἄχρι
2301 605 2514 670 τέλους,
2541 607 2790 677 στέργειν
2810 607 2867 661 δὲ
2892 606 2928 662 δι
2949 608 3056 680 χρὴ
3096 607 3345 678 στέργειν
3366 645 3382 670 ,
3423 605 3568 660 τοῦτ’
3606 609 3740 662 αὐτὸ

2154 697 2448 768 ἀποτεμὼν
2488 697 2566 770 τῷ
2610 699 2756 770 λόγῳ
2779 739 2795 763 ,
2844 700 2938 754 καὶ
2990 699 3240 754 παιδείαν
3292 698 3736 770 προσαγορεύων,

2156 791 2299 843 κατά
2352 806 2416 858 γε
2450 789 2550 860 τὴν
2585 791 2660 861 (8)
2715 791 2854 862 ἐμὴν
2899 791 3075 862 ὀρθῶς
3125 790 3191 845 ἂν
3223 791 3670 862 προσαγορεύοις.
3715 813 3734 846 ι

2156 879 2344 934 Ταῦτα
2362 882 2391 934 ὁ
2415 881 2666 937 Πλάτων.
2697 881 2991 954 Προλαὸὼν
3008 883 3064 936 δὲ
3085 882 3246 937 αὐτὸν
3265 886 3293 936 ὁ
3318 883 3482 936 Δαὸὶδ
3509 886 3566 937 ὲν
3593 885 3740 938 Ψαλι

2161 973 2410 1045 μῳδίαις,
2454 977 2631 1046 μισεῖν
2654 975 2691 1029 ἃ
2729 975 2810 1029 δεῖ
2843 979 3043 1045 μισεῖν,
3085 977 3181 1030 καὶ
3211 977 3460 1049 στέργειν
3475 978 3739 1032 διδάσκων

2156 1070 2194 1124 ἃ
2221 1070 2304 1124 δεῖ
2327 1073 2596 1142 στεργεῖν,
2630 1070 2757 1124 τάδε
2790 1071 2922 1141 φησί
2946 1087 2960 1102 ο
2992 1091 3011 1122 r
3038 1070 3223 1136 Δεῦτε,
3250 1072 3436 1137 τέκνα,
3471 1072 3742 1127 ἀκούσατέ

2159 1179 2285 1233 μου,
2312 1161 2476 1232 φόὸον
2507 1162 2716 1233 Κυρίου
2748 1162 2946 1228 διδάξω
2987 1164 3155 1235 ὑμᾶς.
3211 1164 3308 1228 Τίς
3345 1168 3492 1218 ὲστιν
3532 1165 3745 1238 ἄνθρω-

2156 1270 2260 1317 πος
2293 1256 2323 1308 ὁ
2366 1252 2535 1308 θέλων
2581 1253 2748 1324 ζωὴν,
2781 1255 3012 1334 ἀγαπῶν
3051 1255 3266 1328 ἡμέρας
3306 1257 3434 1310 ἰδεῖν
3491 1257 3740 1325 ἁγαθάς;

2157 1343 2373 1398 Παῦσον
2397 1345 2495 1416 τὴν
2520 1344 2773 1414 γλῶσσάν
2804 1362 2899 1398 σου
2936 1345 3045 1398 ἀπὸ
3083 1345 3279 1411 κακοῦ,
3321 1347 3415 1400 καὶ
3451 1348 3607 1419 χείλη
3648 1365 3742 1401 σου
3835 1375 3843 1383 ·

2154 1435 2249 1490 τοῦ
2285 1437 2359 1508 μὴ
2392 1436 2624 1507 λαλῆσαι
2685 1435 2856 1491 δόλον.
2896 1437 3182 1491 Ἔκκλινον
3226 1437 3334 1491 άπὸ
3397 1439 3568 1492 κακοῦ
3595 1478 3610 1502 ,
3647 1441 3743 1493 καὶ

2156 1526 2382 1598 ποίησον
2399 1527 2599 1595 ἀγαθόν
2617 1543 2631 1558 ο
2667 1526 2900 1600 ζήτησον
2923 1529 3167 1600 εἰρήνην,
3193 1529 3286 1582 καὶ
3303 1529 3492 1594 δίωξον
3511 1531 3701 1601 αὐτήν.
3716 1549 3736 1583 ι

2155 1622 2265 1675 Καὶ
2319 1623 2348 1674 ὁ
2398 1621 2650 1692 Σολομῶν
2707 1621 2928 1692 ὁμοίως
2971 1639 2995 1672 ι
3030 1621 3343 1689 Ἀκούσατε,
3403 1623 3560 1694 φησι,
3616 1625 3743 1676 παῖ-

2155 1713 2268 1775 δες,
2298 1712 2547 1766 παιδείαν
2587 1713 2812 1784 πατρός.
2863 1712 3047 1784 Δῶρον
3076 1713 3185 1785 γὰρ
3223 1713 3426 1783 ἀγαθὸν
3463 1714 3742 1789 δωροῦμαι

2157 1806 2317 1877 ὐμῖν’
2352 1804 2463 1858 τῶν
2500 1804 2650 1876 ἐμῶν
2708 1804 2889 1876 νόμων
2935 1804 3012 1877 μὴ
3064 1805 3515 1876 ὲπιλανθάνησθε.
3571 1826 3588 1858 ι
3632 1808 3744 1860 Καὶ

2160 1897 2343 1953 πάλινο
2379 1916 2398 1950 ι
2453 1897 2672 1968 Κτῆσαι
2714 1897 2942 1968 σοφίαν,
3001 1897 3201 1968 κτῆσαι
3239 1897 3482 1962 σύνεσιν,
3516 1898 3592 1968 μὴ
3623 1901 3744 1951 ἐπι-

2158 1991 2317 2064 λάϐῃ.
2352 2011 2372 2044 ι
2399 1990 2528 2044 Καί·
2577 2009 2597 2043 ι
2632 1987 2801 2044 Εἶπον
2823 1991 2922 2061 τὴν
2945 1991 3134 2060 σοφίαν
3159 1990 3257 2062 σὴν
3299 1990 3532 2062 ἀδελφὴν
3580 1987 3743 2057 εἶναι,

2157 2083 2256 2156 τὴν
2292 2083 2349 2136 δὲ
2401 2083 2662 2155 φρόνησιν
2714 2081 2992 2154 γνώριμον
3046 2083 3402 2154 περιποίησαι
3449 2083 3680 2154 σεαυτῷ.
3716 2101 3740 2137 ι

2158 2177 2286 2230 Καί’
2323 2195 2343 2229 ι
2395 2177 2580 2240 Ὁδοὺς
2620 2175 2836 2230 ἀσεϐῶν
2874 2175 2948 2246 μὴ
3002 2175 3269 2247 ὲπέλθῃς,
3323 2175 3455 2247 μηδὲ
3493 2174 3746 2248 ζηλώσῃς

2156 2271 2310 2335 ὁδοὺς
2357 2270 2712 2341 παρανόμων.
2758 2289 2778 2321 ι
2823 2267 3008 2339 Μυρία
3043 2267 3087 2320 δ’
3135 2267 3202 2321 ἂν
3247 2267 3429 2339 εὕροις
3475 2267 3611 2321 ἄλλα
3641 2285 3747 2322 τοι-

2158 2363 2299 2416 αῦτα
2338 2364 2396 2415 ἐν
2422 2363 2536 2425 τοῖς
2570 2360 2837 2432 Ἐϐραίων
2879 2358 3191 2432 γράμμασι,
3236 2358 3558 2411 παιδευτικά
3605 2358 3743 2431 πρὸς

2157 2454 2440 2519 εὐσεϐείας
2484 2453 2557 2526 (9)
2585 2454 2679 2507 καὶ
2711 2453 2979 2524 ἀνάληψιν
3011 2451 3235 2524 ἀρετῆς,
3277 2451 3417 2514 νέοις
3459 2450 3595 2523 ὁμοῦ
3649 2452 3746 2505 καὶ

2156 2542 2383 2606 τελείοις
2407 2541 2504 2614 τὴν
2535 2541 2754 2613 ἡλικίαν
2793 2544 3152 2614 προσήκοντα.

463 2635 611 2692 enim
660 2636 864 2692 bonum
913 2637 1150 2692 tribuam
1198 2637 1356 2693 vobis
1389 2655 1402 2692 :
1434 2637 1607 2707 legem
1643 2650 1820 2691 meam
1848 2650 1919 2691 ne
1952 2634 2433 2707 derelinquatis".
2474 2653 2495 2688 ι
2531 2635 2711 2706 Atque
2751 2635 2979 2703 iterum,
3043 2653 3063 2687 ι
3118 2633 3346 2691 Posside
3391 2633 3740 2706 sapientiam,

461 2731 686 2800 posside
734 2733 1110 2802 prudentiam;
1157 2748 1227 2787 ne
1273 2732 1618 2788 obliviscaris
1645 2733 1714 2785 ⁸⁷.
1753 2750 1772 2783 ι
1806 2729 2091 2802 Itemque:
2137 2749 2156 2783 ι
2191 2729 2287 2787 Dic
2344 2730 2672 2801 sapientiam
2702 2745 2946 2786 sororem
2977 2741 3127 2785 tuam
3166 2744 3291 2786 esse
3339 2748 3352 2784 :

3404 2737 3460 2783 et
3500 2728 3741 2800 pruden-

459 2827 593 2881 tiam
624 2824 944 2882 familiarem
979 2827 1074 2882 tibi
1102 2825 1267 2882 redde
1288 2825 1388 2881 '3.»
1427 2825 1514 2889 Et.
1555 2845 1575 2879 ‹
1601 2825 1732 2883 Vias
1763 2827 2058 2898 impiorum
2096 2839 2168 2880 ne
2206 2823 2453 2893 insistas,
2483 2839 2585 2880 nec
2611 2825 2709 2880 tibi
2741 2823 2994 2894 placeant
3019 2823 3290 2879 malorum
3312 2822 3416 2878 viae
3436 2821 3527 2878 η’.
3563 2839 3582 2874 ι
3615 2819 3744 2876 Haec

461 2918 678 2989 aliaque
720 2919 775 2974 id
823 2935 996 2989 genus
1031 2919 1386 2975 Hebraeorum
1437 2918 1492 2974 in
1543 2919 1743 2976 litteris
1782 2921 2052 2988 invenias,
2091 2933 2216 2990 qua:
2241 2917 2312 2973 ad
2335 2917 2618 2989 religionis
2651 2933 2716 2974 ae
2741 2917 2963 2974 virtutis
2989 2917 3169 2974 omnis
3189 2915 3364 2974 ollicia
3389 2917 3668 2982 erudiunt,

459 3026 562 3067 nec
590 3011 1025 3067 adolescentibus
1058 3012 1242 3079 modo,
1287 3010 1382 3066 sed
1427 3011 1590 3066 etiam
1634 3019 1793 3068 aetate
1816 3011 2049 3066 maturis
2086 3010 2333 3082 apprime
2366 3009 2720 3065 conveniunt.

1041 3105 1272 3162 CAPUT
1311 3107 1456 3164 XIX.

2681 3101 3075 3157 ΚΕΦΔΛΑῘΟΝ
3115 3102 3217 3156 18'.

461 3198 527 3253 In
557 3216 619 3253 ea
642 3216 760 3252 cum
797 3197 1038 3254 Hebrwis
1072 3199 1334 3255 sententia
1356 3197 1637 3254 Platonem
1669 3199 1853 3268 fuisse,
1878 3209 1937 3253 ut
1967 3215 2048 3256 res

2152 3195 2283 3249 Ὅτι
2325 3193 2767 3268 παραπλησίως
2820 3195 3106 3268 Ἐϐραίρις
3135 3191 3254 3268 geni
3283 3192 3615 3268 dAﬂJciewr
3651 3194 3736 3247 εί-

456 3317 460 3322 .
529 3271 808 3338 inferiores
841 3271 1163 3327 diviniorum
1193 3271 1450 3338 imagines
1485 3287 1594 3324 esse
1626 3271 1976 3325 existimaret.

451 3337 457 3407 ἲ
533 3337 630 3416 llis
651 3362 779 3415 olim
802 3361 980 3416 verbis
995 3360 1235 3434 Moysem
1251 3337 1532 3417 oraculum
1547 3373 1836 3420 monuerat
1857 3383 1900 3419 ε(
1916 3363 2049 3422 Vide

458 3462 521 3508 ut
548 3453 718 3508 facias
744 3453 926 3508 omnia
982 3454 1285 3508 secundum
1335 3456 1639 3525 exemplar,
1687 3457 1834 3527 quod
1866 3457 1964 3511 tibi
1994 3459 2046 3512 in

460 3555 646 3600 monte
683 3554 1047 3601 monstratum
1082 3557 1165 3601 est
1195 3547 1261 3600 ⁸⁸.
1295 3566 1313 3600 ι
1369 3548 1526 3614 Quod
1553 3547 1733 3617 ipsum
1765 3549 2048 3605 illustrans

455 3635 784 3706 Apostolus:
821 3653 840 3686 ι
870 3635 974 3701 Qui
1015 3637 1311 3706 exemplari
1343 3646 1398 3693 et
1437 3638 1664 3706 umbrae,
1705 3639 1902 3710 inquit,
1955 3640 2048 3697 de-

458 3727 709 3783 serviunt
756 3726 1059 3782 caelestium
1087 3727 1155 3781 ⁸ο.
1192 3747 1211 3779 ι
1267 3726 1480 3794 Quibus
1522 3744 1655 3786 sane
1705 3732 1910 3801 verbis,
1959 3749 2047 3790 res

457 3821 582 3876 illas
631 3821 954 3888 diviniores,
985 3837 1114 3898 quae
1156 3822 1488 3893 spiritalium
1537 3824 1708 3895 gradu
1754 3835 1808 3882 et
1853 3827 2046 3883 ordine

458 3913 832 3979 continentur,
867 3913 936 3968 iis
979 3929 1102 3985 qua:
1141 3915 1283 3984 apud
1318 3914 1478 3987 593
1510 3915 1749 3988 Moysem
1788 3919 2040 3989 legimus,

457 4014 719 4075 tanquam
758 4007 1022 4078 symbolis
1047 4007 1373 4077 quibusdam
1408 4023 1473 4063 ac
1500 4010 1643 4064 notis
1668 4009 1891 4075 involvi,
1923 4026 2044 4067 ma-

458 4096 656 4153 nifeste
689 4098 866 4153 docet.
919 4098 1063 4153 Audi
1102 4113 1232 4154 vero
1260 4115 1426 4169 quam
1460 4099 1526 4156 iis
1555 4099 1737 4155 aiiinia
1766 4100 1922 4156 Plato
1949 4118 2044 4173 ge-

456 4190 718 4260 minaque
752 4190 1191 4261 philosophetur,
1225 4189 1354 4246 dum
1379 4191 1434 4245 in
1465 4202 1621 4248 sexto
1646 4193 1723 4248 De
1751 4193 2040 4264 republica,

458 4281 605 4336 hunc
631 4282 683 4335 in
712 4282 935 4338 modum
963 4282 1153 4338 scribit
1204 4301 1219 4337 :
1274 4301 1293 4334 ι
1322 4281 1690 4354 Philosophus
1719 4287 1922 4357 igitur,
1959 4289 2044 4343 in-

456 4373 578 4443 quit
604 4373 715 4439 ille,
754 4380 813 4427 ut
837 4388 1052 4428 summa
1079 4372 1175 4428 Dei
1202 4388 1267 4428 ac
1295 4374 1722 4444 pulchritudinis
1760 4378 1933 4448 ipsius
1959 4379 2042 4433 ia-

454 4453 774 4520 miliaritate
815 4467 1008 4533 utitur,
1058 4467 1133 4520 ita
1163 4465 1470 4522 divinitatis
1501 4483 1566 4523 ac
1591 4469 2040 4540 pulchritudinis,

2294 3259 2444 3319 κόνὶι
2473 3259 2782 3334 θειοτέρων
2818 3265 2891 3319 τὰ
2908 3259 3066 3334 ’τῇδε
3103 3259 3255 3317 εἶναι
3293 3261 3590 3329 ἐδόξαζεν.

2224 3376 2329 3430 Τοῦ
2362 3377 2507 3432 θείου
2540 3376 2790 3451 χρησμοῦ
2819 3381 3087 3450 φήσαντος
3119 3379 3348 3448 Μωῦσῇ,
3372 3397 3390 3429 ι
3413 3379 3554 3448 Ὅρα
3583 3378 3738 3449 ποιή⁴

2154 3487 2253 3545 σῃς
2281 3471 2462 3525 πάντα
2496 3473 2642 3527 κατὰ
2672 3473 2762 3525 τὸν
2792 3471 2962 3526 τύπον
3002 3471 3093 3525 τὸν
3131 3469 3410 3540 δειχθέντα
3439 3487 3522 3524 σοι
3561 3474 3620 3524 έν
3657 3471 3737 3541 τῷ

2151 3565 2268 3636 ὄρει
2291 3579 2306 3594 ⁸
2342 3583 2361 3617 ι
2390 3565 2483 3618 τοῦ
2501 3583 2560 3618 τε
2587 3564 2734 3637 ἱεροῦ
2767 3564 2924 3632 λόγου
2949 3561 3280 3633 σαφέστερον
3302 3562 3567 3624 εἰπόντος,
3598 3581 3617 3612 ε
3649 3563 3741 3614 Οἵ-

2148 3673 2293 3720 τινες
2323 3656 2683 3728 ὑποδείγματι
2724 3654 2818 3708 καὶ
2865 3655 2994 3724 σκιᾷ
3019 3651 3309 3724 ἐλάτρευον
3349 3651 3458 3705 τῶν
3497 3653 3739 3721 ἐπουρα-

2149 3750 2300 3814 νίων,
2337 3769 2356 3801 ι
2390 3749 2574 3802 εἰκόνα
2607 3765 2666 3800 τε
2683 3747 2941 3818 ἄντικρυς
2963 3745 3071 3799 τῶν
3098 3747 3156 3798 ἐν
3194 3747 3407 3815 νοητοῖς
3447 3743 3739 3815 θειοτέρων

2148 3842 2217 3894 τὰ
2241 3840 2392 3912 παρά
2412 3841 2616 3910 Μωῦσῇ
2650 3837 2714 3891 σύ
2723 3837 2895 3908 μ6ολα
2927 3837 3202 3909 περιέχειν
3220 3835 3580 3898 διδάσκοντοςο
3602 3835 3738 3889 ἐπά-

2149 3951 2344 3989 κουσον
2365 3934 2513 3994 ὅπως
2551 3931 2648 3986 καὶ
2673 3933 2701 3984 ὁ
2732 3931 2958 3986 Πλάτων
3000 3929 3069 3983 τά
3108 3931 3269 4000 ὅμοια
3300 3926 3648 3999 διερμηνεύει
3678 3928 3738 3980 ὲν

2148 4024 2293 4094 ’ἐκτῳ
2323 4024 2424 4093 τῆς
2442 4023 2754 4088 Πολιτείας
2781 4015 2883 4076 ὦδε
2910 4023 3166 4094 γράφων·
3193 4039 3211 4071 ι
3242 4019 3362 4090 Θεῴ
3391 4019 3454 4091 δὴ
3495 4019 3608 4090 (i0)
3643 4019 3738 4072 καὶ

2148 4115 2338 4187 κόσμῳ
2367 4116 2476 4184 ὅγε
2511 4114 2799 4185 φιλόσοφος
2826 4115 3050 4186 ὁμιλῶν,
3085 4111 3311 4183 κόσμιός
3353 4129 3412 4164 τε
3453 4111 3548 4164 καὶ
3597 4109 3736 4172 θεῖος

2087 4269 2094 4276 .
2149 4208 2230 4271 εἰς
2257 4207 2316 4261 τὸ
2344 4206 2567 4261 δυνατὸν
2593 4207 2690 4261 ἀνθ
2701 4205 2868 4278 ρώπῳ
2897 4206 3126 4276 γίνεται.
3151 4202 3382 4274 Διαόολὴ
3409 4202 3467 4255 δὲ
3496 4204 3554 4254 ὲν
3603 4203 3737 4257 πᾶσι

2149 4297 2342 4370 πολλή.
2365 4330 2436 4340 -
2457 4299 2780 4353 Παντάπασι
2807 4299 2906 4370 μὲν
2936 4294 3048 4352 οὖν.
3075 4327 3144 4337 --
3166 4297 3262 4349 Ἂν
3288 4291 3382 4349 οὖν
3417 4312 3522 4359 τις,
3561 4289 3734 4358 εἷπον,

2148 4389 2296 4460 αὐτῷ
2316 4389 2530 4461 ἀνάγκη
2551 4390 2778 4461 γένηται
2807 4389 2843 4444 ἃ
2880 4391 2998 4443 ἐκεῖ
3021 4390 3144 4460 ὁρᾷ,
3198 4385 3494 4456 μελετῆσαι
3534 4385 3614 4447 είς
3639 4384 3735 4436 ἀν-

2148 4479 2382 4553 θρώπων
2411 4480 2538 4553 ἤθη,
2581 4484 2676 4536 καὶ
2705 4483 2810 4554 ἰδίᾳ
2857 4481 2952 4536 καὶ
2989 4479 3224 4552 δημοσίᾳ
3261 4477 3489 4540 τιθέναι,
3523 4476 3620 4530 καὶ
3659 4474 3734 4545 μὴ

455 4567 722 4628 quantum
762 4558 973 4613 homini
1022 4559 1108 4615 fas
1158 4569 1260 4625 est,
1294 4536 1875 4634 particeps—efﬁcitur.
1937 4536 2044 4622 Sed

2153 4536 2313 4643 μόνον
2361 4536 2550 4628 ἑαυτόν
2607 4538 2863 4628 πλάττειν
2889 4590 2902 4603 ·
2953 4536 3072 4644 ἆρά.
3103 4536 3271 4624 κακὸν
3310 4568 3373 4640 δὴ
3403 4536 3736 4640 δημιουργὸν

455 4648 733 4703 calumnia
791 4649 1040 4705 videlicet
1085 4649 1291 4724 ubique
1347 4665 1558 4724 regnat.
1611 4683 1680 4694 -—
1735 4653 1814 4710 lta
1861 4655 2045 4726 profe-

2152 4665 2310 4720 αὐτὸν
2328 4667 2431 4720 οἴει
2447 4667 2773 4739 γενήσεσθαι
2796 4664 3151 4736 σωφροσύνης
3173 4680 3232 4716 τε
3251 4664 3344 4716 καὶ
3362 4660 3732 4729 δικαιοσύνης,

457 4750 548 4794 cto
608 4746 712 4795 est.
770 4768 842 4779 —
899 4737 1057 4795 Hunc
1114 4750 1173 4796 tu
1230 4741 1427 4812 igitur,
1489 4743 1753 4815 inquam,
1814 4745 1861 4802 si
1925 4763 2048 4818 quae

2152 4758 2244 4811 καὶ
2291 4737 2581 4831 ξυμπάσης
2641 4759 2742 4830 τῆς
2793 4757 3092 4828 δημοτικῆς
3130 4756 3365 4827 ἀρετῆς;
3395 4783 3465 4792 -
3497 4751 3737 4805 ’Ἡκιστά

453 4831 568 4886 illic
624 4831 1043 4902 contemplatur,
1077 4831 1146 4888 ad
1192 4827 1587 4890 instituendos
1612 4836 1896 4892 hominum
1925 4853 2048 4894 m0-

2152 4867 2236 4919 γε,
2256 4849 2292 4926 ἦ
2312 4827 2371 4905 δέ
2385 4854 2463 4916 ὃς.
2483 4827 2621 4904 Ἀλλ’
2643 4827 2739 4905 ἐάν
2758 4850 2821 4921 δὴ
2838 4827 3132 4902 αἴσθωνται
3149 4850 3198 4900 οἱ
3223 4846 3426 4910 πολλοὶ,
3449 4847 3529 4898 ὅτι
3556 4843 3734 4915 ἀληθῆ

452 4937 546 4978 res
598 4923 924 4979 necessitate
977 4923 1214 4993 quadam
1260 4940 1538 4991 revocare,
1581 4930 1948 5004 privatimque
1969 4934 2046 4990 si-

452 5015 567 5069 mul
601 5029 668 5070 ac
717 5015 936 5086 publice
975 5031 1316 5086 proponere,
1365 5035 1468 5074 nec
1514 5035 1634 5076 sese
1683 5031 1895 5079 tantum
1941 5027 2044 5080 tin~

455 5122 580 5178 gere
607 5106 1062 5179 conformareque
1103 5109 1385 5176 debuerit;
1434 5126 1502 5165 an
1546 5113 1774 5170 stultum
1803 5117 2042 5189 aliquem

456 5201 850 5271 temperantiae,
877 5203 1149 5274 aequitatis
1172 5243 1188 5271 ,
1230 5204 1520 5275 omnisque
1545 5206 1681 5262 adeo
1710 5207 1931 5267 virtutis
1963 5212 2044 5267 ci-

2153 4948 2283 5019 περὶ
2307 4945 2474 5000 αὐτοῦ
2495 4946 2754 5015 λέγομεν,
2784 4941 3149 5013 χαλεπανοῦσι
3175 4939 3240 5010 δὴ
3261 4941 3374 5001 τοῖς
3400 4937 3731 5008 φιλοσόφοις,

2152 5040 2249 5094 καὶ
2278 5039 2670 5108 ἀπιστήσουσιν
2701 5037 2832 5106 ἡμῖν
2858 5034 3124 5103 λέγουσιν,
3167 5031 3242 5094 ὡς
3273 5031 3373 5083 οὐκ
3399 5030 3464 5084 ἄν
3495 5046 3623 5082 ποτε
3649 5027 3734 5082 ἄλ-

2151 5131 2259 5194 λως
2295 5129 2699 5199 εὐδαιμονήσειε
2747 5125 2931 5190 πόλις,
2973 5125 3021 5176 εἰ
3073 5123 3147 5194 μὴ
3182 5120 3348 5192 αὐτὴν
3377 5119 3734 5190 διαγράψειαν

2153 5220 2201 5272 οἱ
2223 5216 2300 5288 τῷ
2325 5216 2454 5286 θείῳ
2495 5216 2900 5288 παραδείγματι
2921 5211 3194 5286 χρώμενοι
3225 5209 3506 5282 ζωγράφοι
3532 5227 3640 5278 ;--
3657 5207 3732 5262 Οὐ

524 5315 572 5395 ff
601 5313 746 5395 Psal.
776 5331 975 5395 xuii},
1005 5316 1102 5395 12,
1283 5316 1333 5349 ⁵⁸
1363 5316 1525 5395 Prov.
1554 5337 1627 5389 iv,
1657 5325 1716 5392 Ι,
1736 5324 1792 5379 2.
1863 5327 1910 5360 "
1941 5327 2048 5384 ibid

2156 5371 2170 5386 .
2247 5331 2294 5364 ⁸⁸
2333 5331 2492 5386 Prov.
2525 5347 2623 5395 vn,
2651 5331 2704 5385 4.
2778 5330 2846 5362 ⁵⁸*
2880 5329 3023 5386 Eccli
3051 5344 3130 5392 XI,
3159 5323 3445 5394 22;Prov.
3509 5340 3584 5393 tv,
3642 5324 3731 5378 Η.

453 5385 501 5416 ⁸³
519 5383 690 5441 Exod.
729 5403 858 5452 xxv,
886 5387 976 5442 40.
1060 5387 1106 5418 ⁶⁰
1130 5387 1294 5444 Hebr.
1331 5404 1453 5453 vm,
1494 5391 1548 5446 5.

455 5477 777 5552 inrepserit,
829 5479 976 5552 quod
1009 5477 1083 5552 ibi
1118 5489 1361 5552 notatur,
1397 5482 1541 5552 apud
1591 5483 1872 5538 Platonem
1922 5499 2044 5540 esse

453 5547 1038 5626 τετραμμένονζᾼριιιὶ
1064 5551 1220 5606 illum
1243 5551 1414 5626 enim,
1433 5547 1553 5626 tam
1575 5553 1628 5608 in
1655 5554 1850 5619 Fieini,
1877 5572 2040 5626 quam

455 5617 510 5670 in
547 5617 1075 5690 Serraniieditione,
1106 5617 1570 5690 quemadmOdum
1611 5637 1665 5680 et
1698 5626 1752 5680 in
1785 5617 2042 5682 omnibus

457 5702 736 5764 manuscr.
785 5689 1015 5764 habetur
1062 5689 1458 5764 τεθραμμένον.
1503 5693 1634 5750 Mihi
1683 5707 1898 5760 tamen,
1947 5713 2041 5750 τε·-

456 5757 771 5837 τραμμένον
810 5761 989 5837 autius
1017 5757 1323 5837 videretur;
1359 5764 1487 5837 quid
1521 5766 1667 5837 enim
1701 5777 1789 5824 est
1835 5757 1896 5821 τδ
1939 5767 2039 5837 τῆς

455 5829 658 5897 ἀρετῆς
681 5829 1058 5900 τεθραμμένον
1089 5834 1215 5905 περὶ
1247 5833 1345 5897 τὰς
1377 5829 1593 5906 ἦδονάς.

2219 5487 2298 5628 ἕ8ξ
2339 5487 2494 5544 Plato
2525 5487 2649 5542 add.
2678 5487 2855 5554 δόξαν.

2241 5560 2274 5613 9
2331 5560 2676 5623 Εὐσεϐείας.
2717 5559 2855 5628 Lege

2241 5559 2296 5623 9)
2331 5560 2676 5623 Εὐσεϐείας.
2717 5559 3025 5628 Legendum
3071 5559 3390 5626 εὐσέϐειαν,
3440 5566 3536 5614 aut
3584 5567 3734 5615 certe

2146 5630 2428 5702 εὐσεβείας
2459 5631 2557 5702 καί
2587 5631 2785 5702 ἀρετῆς
2810 5629 3098 5702 ἀνάληψιν.

2217 5701 2326 5784 (ψ)
2358 5699 2495 5784 ⁸Θεῷ
2658 5697 2814 5784 Plato
2833 5740 2863 5784 ,ι
2892 5718 2939 5755 νι
2968 5697 3066 5784 Ὠιι⁹
3087 5701 3286 5770 republ.
3309 5739 3323 5766 ,
3355 5715 3476 5772 pag.
3508 5699 3633 5766 475,
3661 5697 3729 5772 6.

2145 5770 2238 5830 ubi
2270 5770 2489 5846 legitur,
2521 5771 2652 5843 θείῳ
2688 5771 2753 5843 δὴ
2781 5773 2874 5826 καὶ
2901 5770 3131 5841 κοσμίῳ.
