4156 6450
391 447 496 506 985

1525 444 1876 528 .PRJEPAR.
1919 445 2170 502 EVANG.
2212 444 2341 499 LIB.
2384 444 2498 500 XII.

3547 440 3653 500 986

386 553 872 635 χαλεπανοῦσιν,ἧ
909 558 955 612 δ’
986 557 1064 624 ὃς,
1100 558 1654 638 ἐάνπεριαῖσθωνται.
1709 559 1866 613 Ἀλλὰ
1902 560 1965 632 δὴ

2069 559 2191 613 vilis
2215 559 2479 614 artificem
2532 557 2775 613 futurum
2806 554 3131 612 arbitraris?
3151 588 3224 598 —
3247 556 3467 614 Minime
3497 577 3649 622 vero,

385 657 506 709 τίνα
533 654 709 722 λέγεις
733 652 934 724 τρόπον
956 653 1056 721 τῆς
1085 653 1391 723 διαγραφῆς
1411 669 1424 716 ;
1446 650 1819 716 -Λαϐόειτες,
1847 646 1914 722 ἦν
1931 648 1974 703 δ’

388 748 521 818 ἐγὼ,
547 747 736 816 ῶσπερ
766 747 992 809 πίνακα,
1046 745 1200 798 πόλιν
1227 761 1291 797 τε
1336 745 1432 798 καὶ
1482 743 1586 815 ἢθη
1629 742 1932 814 ἀνθρώπων
1958 785 1974 808 ,

389 839 603 911 πρῶτον
641 838 737 909 μὲν
757 835 1002 908 καθαρὰν
1029 837 1310 908 ποιήσειαν
1341 835 1426 902 ἂν,
1469 835 1496 889 δ
1520 837 1580 888 οὑ
1608 835 1749 888 πάνυ
1775 835 1972 907 ῥᾴδιον.

398 931 538 984 Ἀλλ’
570 926 662 983 οὖν
691 925 826 982 οἷσθ’
866 929 976 1000 (ll)
1016 931 1097 982 ὅτι
1145 929 1321 999 τούτῳ
1364 928 1430 980 ἂν
1461 927 1626 991 εὐθὺς
1665 926 1774 981 τῶν
1800 926 1974 980 ἄλλων

388 1021 720 1090 διενέγκαιεν
746 1019 880 1089 (12),
911 1020 990 1090 τῷ
1023 1021 1160 1091 μήτε
1187 1019 1425 1082 ἰδιώτου,
1457 1020 1596 1090 μήτε
1623 1017 1832 1082 πόλεως
1859 1018 1975 1071 ἐθε-

389 1113 553 1184 λῆσαι
586 1111 651 1166 ἂν
679 1113 788 1182 (15)
828 1111 1066 1182 ἅψασθαι
1087 1153 1101 1174 ,
1141 1112 1274 1184 μηδὲ
1308 1112 1540 1184 γράφειν
1573 1111 1773 1182 νόμους
1798 1151 1812 1174 ,
1844 1111 1972 1182 πρὶν

387 1181 728 1276 παραλαϐεῖν
751 1181 1018 1275 καθαρὰν,
1049 1203 1082 1273 ἢ
1107 1181 1259 1256 αύτοὶ
1293 1181 1533 1275 ποιῆσαι.
1563 1181 1759 1256 -νΚαὶ
1797 1203 1972 1275 ὀρθῶς

385 1313 469 1363 γε,
488 1295 613 1364 ἔφη.
630 1325 701 1334 --
723 1295 932 1348 Οὐκοῦν
970 1295 1105 1366 μετὰ
1132 1294 1302 1346 ταῦτα
1321 1293 1421 1346 οῐει
1464 1292 1880 1364 ὑπογράψασθαι
1906 1293 1971 1345 ἂν

384 1389 447 1442 τὸ
472 1373 657 1459 σχῆμα
681 1389 778 1460 τῆς
799 1387 1106 1452 πολιτείας;
1131 1384 1276 1437 -Τί
1304 1385 1410 1456 μήν
1428 1385 1775 1451 ;--Ἔπειτα,
1791 1379 1966 1451 οἶμαι,

385 1477 824 1552 ἀπεργαζόμενοι
847 1520 862 1544 ,
906 1478 1087 1532 πυκνὰ
1122 1477 1187 1531 ἂν
1222 1477 1527 1548 ἑκατέρωσε
1587 1476 1966 1540 ἀποϐλέποιεν,

387 1574 525 1643 πρός
562 1590 622 1626 τε
653 1574 714 1627 τὸ
745 1572 903 1642 φύσει
930 1571 1137 1625 δίκαιον
1177 1571 1270 1623 καὶ
1291 1569 1454 1622 καλὸν
1482 1569 1576 1623 καλ⁸
1607 1567 1842 1640 σῶφρον,
1875 1569 1968 1621 καὶ

386 1666 562 1719 πάντα
587 1666 656 1719 τὰ
676 1665 906 1719 τοιαῦτα
927 1681 939 1693 ·
974 1666 1067 1718 καὶ
1101 1663 1237 1736 πρὸς
1262 1665 1440 1716 ἐκείνο
1467 1659 1554 1726 αὖ,
1580 1662 1608 1715 ὃ
1637 1664 1694 1715 ἐν
1727 1665 1838 1726 τοῖς
1871 1663 1966 1715 άν-

387 1756 626 1828 θρώποις
647 1761 941 1828 ἐμποιοῖεν,
980 1756 1379 1827 ξυμμιγνύντες
1402 1772 1462 1807 τε
1493 1756 1584 1808 καὶ
1611 1754 1966 1825 κεραννύντες

386 1849 452 1901 ἐκ
481 1848 590 1900 τῶν
621 1849 1086 1921 ἐπιτηδευμάτων,
1112 1847 1173 1901 τὸ
1221 1847 1582 1920 ἀνδρείκελον,
1637 1848 1730 1900 ἀπ’
1758 1846 1964 1900 ἐκείνου

2078 648 2275 718 inquit.
2302 677 2372 690 —-
2398 647 2465 702 Et
2494 648 2808 712 multitudo,
2838 649 3082 718 inquam,
3116 648 3164 702 si
3206 648 3375 703 semel
3403 665 3590 704 verum
3619 666 3652 705 a

2076 741 2236 796 nobis
2260 741 2364 796 hoe
2388 741 2441 794 in
2470 755 2665 811 genere
2693 740 2801 796 dici
2834 739 3182 811 cognoverit,
3228 739 3443 793 ultrane
3468 739 3649 808 philo-

2075 835 2263 904 sophis
2314 834 2679 900 succensebit,
2724 848 2790 889 ae
2835 832 2993 888 fidem
3022 833 3182 888 nobis
3223 831 3491 897 detrahet,
3521 831 3650 887 dum

2075 927 2466 997 rempublicam
2522 927 2680 981 aliter
2707 926 2918 981 felicem
2945 925 3180 980 futuram
3209 939 3493 995 negamus,
3543 925 3651 980 nisi

2073 1035 2194 1075 eam
2245 1020 2480 1091 pictores
2528 1019 2606 1074 illi
2659 1019 2905 1074 divinum
2955 1018 3231 1088 exemplar
3261 1016 3534 1071 intuentes
3567 1017 3653 1070 in-

2074 1113 2466 1169 formaverint?
2484 1111 2843 1183 —Nunquam
2875 1112 3076 1170 hercle.
3101 1112 3154 1165 id
3180 1111 3227 1166 si
3259 1111 3424 1165 modo
3451 1123 3653 1180 cogno-

2073 1205 2228 1260 verit.
2305 1203 2445 1272 Sed,
2495 1205 2770 1275 quodnam
2813 1205 2983 1268 istuc,
3018 1204 3282 1270 obsecro,
3321 1202 3652 1257 informandi

2072 1311 2242 1367 genus
2276 1296 2537 1367 intelligis
2557 1296 2657 1351 ?—
2689 1293 2910 1365 Nempe,
2940 1295 3234 1360 civitatem,
3259 1295 3502 1366 inquam,
3533 1307 3653 1348 mo-

2071 1402 2266 1456 resque
2287 1388 2596 1454 hominum,
2629 1388 2786 1458 quasi
2817 1387 3058 1440 tabu'am
3102 1387 3340 1456 aliquam
3373 1387 3426 1439 in
3454 1397 3651 1442 manus

2070 1489 2370 1545 sumentes,
2403 1479 2471 1534 ab
2497 1479 2648 1534 omni
2695 1479 2929 1548 primum
2955 1478 3081 1532 labe
3110 1478 3440 1548 purgabunt.
3494 1477 3651 1544 Quod

2070 1570 2290 1639 quidem
2317 1586 2426 1624 non
2458 1571 2752 1625 admodum
2779 1569 2939 1625 facile
2973 1575 3076 1624 est.
3133 1569 3237 1624 Sed
3266 1569 3369 1624 hoc
3391 1570 3650 1624 nimirum

2067 1663 2237 1733 probe
2268 1664 2430 1728 nosti,
2466 1663 2551 1718 vel
2581 1664 2684 1719 hoc
2732 1663 2970 1717 maxime
2993 1663 3219 1732 reliquis
3249 1663 3502 1718 omnibus
3532 1662 3652 1732 phi-

2067 1755 2329 1832 losophos
2354 1755 2583 1821 anteire,
2618 1755 2764 1824 quod
2797 1771 2971 1825 neque
2997 1756 3270 1826 privatum
3297 1772 3648 1825 quemquam,

2068 1856 2163 1901 aut
2195 1847 2586 1916 rempublicam
2613 1847 2776 1902 ullam
2813 1849 3100 1917 attingere,
3128 1864 3227 1903 nec
3257 1849 3401 1918 leges
3427 1849 3650 1902 omnino

384 1943 829 2014 τεκμαιρόμενοι,
856 1943 898 1995 -δ
928 1941 992 2014 δὴ
1030 1941 1140 2012 (14)
1194 1943 1290 1996 καὶ
1324 1942 1572 2012 Ὅμηρος
1618 1940 1875 1993 ἐκάλεσεν
1908 1942 1965 1993 ἐν

2069 1938 2213 1994 ferre
2248 1940 2437 2004 velint,
2470 1940 2576 1995 nisi
2611 1948 2908 2010 utrumque
2939 1941 3089 2010 prius
3117 1941 3200 1995 vel
3239 1938 3528 2010 purgatum
3561 1956 3651 1994 ac-

383 2035 498 2097 τοῖς
535 2033 841 2103 ἀνθρώποις
871 2033 1256 2103 ἐγγιγνόμενον
1303 2032 1533 2094 θεοειδές
1575 2048 1634 2083 τε
1671 2032 1765 2084 καὶ
1798 2030 1967 2084 θεοεί-

385 2121 648 2175 κελον.-
673 2122 896 2194 Ὀρθῶς,
923 2121 1046 2191 ἔφη.
1079 2150 1145 2160 --
1170 2120 1278 2174 Καὶ
1309 2119 1370 2172 τὸ
1401 2120 1497 2190 μὲν
1539 2118 1625 2184 ἂν,
1650 2116 1968 2190 οἷμαι,ἐξα-

2069 2031 2335 2101 ceperint,
2364 2031 2448 2085 vel
2478 2031 2695 2101 ipsimet
2724 2032 3174 2104 purgaverint.-—
3187 2031 3252 2086 Et
3278 2031 3470 2086 merito
3497 2046 3647 2097 sane,

2069 2123 2264 2194 inquit.
2292 2155 2363 2164 ——
2392 2121 2589 2178 Postea
2622 2139 2770 2183 vero.
2803 2140 2914 2178 non
2951 2134 3005 2178 tu
3038 2138 3132 2178 eos
3181 2123 3439 2193 optimam
3469 2123 3652 2192 reipu-

382 2211 640 2280 λείφοιεν,
666 2212 798 2265 τὸδὲ
833 2211 994 2266 πάλιν
1013 2212 1361 2281 ἐγγράφοιεν,
1391 2209 1495 2273 ἓως
1526 2209 1592 2263 ἂν
1622 2211 1702 2262 ὅτι
1734 2208 1965 2280 μάλιστα

2065 2214 2220 2269 blicae
2249 2213 2483 2268 formam
2512 2214 2886 2285 deseripturos
2919 2218 3236 2272 existimas?
3259 2245 3326 2259 —-
3361 2216 3644 2286 Equidem.

379 2304 452 2356 τὰ
484 2304 796 2376 ἀνθρώπεια
822 2304 948 2376 ἤθη,
978 2307 1057 2367 εἰς
1090 2304 1212 2356 ὅσον
1235 2302 1529 2372 ἐνδέχεται,
1561 2300 1782 2371 θεοφιλῆ
1805 2302 1964 2372 ποιή-

2066 2333 2134 2345 —~
2166 2304 2302 2359 Tum
2329 2320 2489 2372 vero,
2523 2306 2652 2361 dum
2690 2308 2742 2361 in
2773 2323 2912 2377 epus
2944 2309 3292 2374 incumbent,
3328 2324 3500 2378 saepe,
3534 2309 3655 2378 opi-‘

382 2414 556 2450 σειαν.
601 2416 620 2448 ι
2065 2411 2186 2462 nor,
2205 2395 2271 2449 ad
2303 2407 2595 2464 utrumque
2625 2397 2939 2466 respicient,
2960 2400 3063 2452 hoc
3091 2406 3174 2453 est
3195 2399 3361 2452 modo
3392 2398 3457 2451 ad
3489 2398 3645 2461 illud,

382 2487 536 2556 quod
586 2495 780 2557 suapte
838 2498 1033 2542 natura
1065 2487 1299 2557 justum,
1325 2486 1634 2556 pulchrum,
1662 2484 2002 2540 moderatum
2039 2493 2144 2548 est,
2191 2494 2494 2556 ceteraque
2531 2485 2584 2541 id
2610 2502 2779 2556 genus
2809 2487 3027 2553 omnia;
3074 2487 3237 2542 modo
3269 2487 3334 2540 ad
3367 2487 3470 2541 hoc
3511 2487 3646 2542 alte-

380 2593 538 2641 rum,
605 2578 752 2647 quod
785 2579 928 2633 inter
957 2580 1206 2634 homines
1263 2579 1564 2642 elaborent,
1635 2577 1940 2631 humanum
2005 2578 2357 2633 simulacrum
2390 2578 2466 2633 ita
2491 2578 2608 2634 suis
2639 2594 2704 2633 ex
2752 2579 3060 2634 studiorum
3107 2578 3524 2648 officiorumque
3559 2593 3646 2633 ra-

381 2669 619 2726 tionibus
649 2670 936 2726 conflando
981 2681 1145 2741 atque
1175 2671 1550 2741 temperando,
1602 2681 1662 2725 ut
1724 2671 1854 2724 illud
1895 2685 2110 2740 semper
2153 2671 2452 2736 imitentur,
2488 2671 2635 2741 quod
2688 2670 2959 2727 Homerus
3004 2671 3121 2743 ipse
3157 2686 3375 2741 quoque
3421 2670 3641 2725 insitam

380 2763 813 2832 impressamque
859 2763 1174 2818 hominibus
1217 2763 1458 2818 divinam
1497 2762 1733 2833 speciem
1791 2770 1847 2815 et
1877 2761 2170 2832 imaginem
2198 2763 2509 2832 appellavit.
2562 2793 2632 2804 -—
2662 2761 2946 2830 Praeclare,
2979 2763 3176 2834 inquit.
3217 2793 3289 2804 ——
3319 2761 3386 2816 Et
3416 2763 3649 2821 subinde

379 2855 634 2924 quidem,
685 2855 918 2924 opinor,
977 2855 1208 2911 deleturi
1265 2857 1466 2920 modo,
1530 2855 1694 2910 modo
1740 2852 2088 2912 informaturi
2127 2864 2289 2924 sunt,
2332 2855 2509 2912 donec
2553 2856 2824 2913 humanos
2879 2857 2983 2926 ipsi
3033 2873 3251 2924 mores,
3308 2873 3474 2929 quam
3529 2876 3650 2930 mas

378 2949 526 3003 xime
551 2947 678 3005 fieri
723 2955 921 3019 potest,
973 2946 1086 3002 Deo
1124 2964 1284 3004 caros
1317 2957 1678 3019 acceptosque
1731 2946 2083 3003 reddiderint.
2116 2965 2136 3000 ι

906 3038 1301 3094 ΚΕΦΑΛΑΙΟΝ
1339 3039 1426 3094 Κ’.

2545 3039 2708 3112 594
2763 3039 2992 3096 CAPUT
3051 3040 3172 3098 xx.

380 3152 518 3246 "0Z5
534 3151 648 3220 χρὴ
671 3150 836 3246 ἔριζε-η
856 3149 1037 3246 νέοῖυς
1053 3150 1150 3246 ρι’
1192 3153 1577 3246 ἐκμαθήςεως
1617 3155 1821 3225 ὕμνων
1865 3157 1960 3226 ὀρ-

2064 3169 2314 3246 Ιιιηιοτεσ
2343 3173 2572 3246 honestis
2611 3172 2930 3246 quibusdam
2973 3174 3178 3243 hymnis
3207 3176 3422 3246 odiaque
3456 3194 3648 3233 memo-

450 3219 578 3276 θῶκοί
590 3221 685 3312 καί
714 3219 1003 3312 (Mcos-‘ch
1046 3219 1270 3312 (ἔρεέἦᾷ
1289 3219 1638 3312 ,ἀνάληψιζτ
1651 3219 1965 3309 ξπροπαρῖπ-

2140 3244 2238 3296 ria:
2268 3219 2717 3308 commendanziis,
2752 3249 2820 3297 ad
2863 3219 3223 3312 susciziendos
3257 3219 3467 3302 virvlutis
3497 3260 3645 3304 satus

449 3289 778 3351 σκευάζειν.
823 3291 957 3345 Ἀπὸ
989 3289 1095 3346 τοῦ
1132 3289 1414 3363 δεὺτέρου
1439 3289 1558 3348 τῶν
1589 3289 1808 3367 Νὸμῖων.

455 3423 476 3456 ι
521 3405 679 3457 Δοκεῖ
729 3420 820 3474 μοι
859 3403 972 3474 (15)
1015 3405 1198 3476 τρίτον
1231 3405 1264 3478 ἢ
1294 3407 1555 3480 τέταρτον
1613 3410 1642 3462 6
1697 3407 1854 3477 λόγος
1882 3410 1962 3473 είς

375 3497 1048 3569 ταύτδνέπεριφερόμενος
1101 3500 1281 3570 ἥκειν,
1311 3501 1388 3564 ὡς
1441 3500 1550 3572 ἄρα
1596 3502 1818 3557 παιδεία
1863 3503 1962 3575 μὲν

374 3587 489 3642 ἔσθ’
515 3591 548 3661 ἡ
572 3588 780 3643 παίδων
808 3590 940 3659 όλκή
972 3607 1033 3643 τε
1067 3591 1161 3644 καὶ
1186 3592 1376 3663 ἀγωγὴ
1421 3593 1558 3665 πρὸς
1597 3593 1689 3647 τὸν
1721 3594 1826 3648 ὑπὸ
1865 3594 1960 3648 τοῦ

373 3680 542 3751 νόμου
590 3678 747 3748 λόγον
783 3679 940 3751 ὀρθὸν
967 3681 1274 3752 εἰρημένον,
1335 3684 1430 3737 καὶ
1471 3686 1584 3748 τοῖς
1615 3685 1959 3741 ἐπιεικεστά-

373 3786 488 3832 τοις
517 3769 613 3823 καὶ
665 3769 1062 3841 πρεσϐυτάτοις
1107 3771 1175 3824 δι’
1204 3773 1499 3844 ἐμπειρίαν
1522 3773 1957 3849 ξυνδεδογμένον,

374 3859 454 3924 ὡς
487 3859 658 3924 ὅντως
683 3859 841 3932 ὀρθός
866 3863 1034 3914 ἐστιν.
1071 3861 1170 3914 "lv’
1197 3857 1290 3916 οἶν
1308 3865 1342 3934 ὴ
1373 3864 1518 3936 ψυχὴ
1546 3866 1639 3920 τοῦ
1672 3868 1856 3933 παιδὸς
1883 3870 1960 3941 μὴ

374 3951 590 4005 ἐναντία
617 3951 832 4024 χαίρειν
862 3953 959 4006 καὶ
983 3952 1269 4008 λυπεῖσθαι
1302 3955 1550 4027 ἐθίζηται
1573 3958 1653 4025 τῷ
1684 3959 1834 4031 νόμῳ
1867 3961 1961 4014 καὶ

371 4042 486 4102 τοῖς
515 4038 620 4092 ὑπὸ
645 4037 738 4093 τοῦ
765 4039 931 4110 νόμου
961 4040 1295 4112 τεθειμένοις
1327 4043 1436 4116 (16)
1458 4084 1473 4109 ,
1497 4047 1634 4101 ἀλλὰ
1665 4047 1959 4121 ξυνέπηται

372 4130 642 4201 χαίρουσά
669 4149 730 4187 τε
759 4133 855 4186 καὶ
882 4133 1195 4206 λυπουμένη
1219 4139 1332 4200 τοῖς
1359 4139 1562 4206 αὐτοῖς,
1588 4136 1783 4212 οἷσπερ
1814 4143 1842 4195 ό
1868 4142 1960 4210 γέ-

376 4240 486 4294 ρων
511 4239 525 4253 ’
566 4223 769 4278 τούτων
809 4225 972 4279 ἕνεκα
1009 4225 1077 4290 ἃς
1111 4226 1252 4298 ᾠδὰς
1290 4229 1564 4302 καλοῦμεν
1606 4231 1715 4303 (17)
1759 4233 1960 4305 (ὅντως

377 4317 478 4389 μὲν
508 4319 714 4388 ἐπῳδαὶ
751 4321 872 4383 ταῖς
915 4320 1116 4390 ψυχαῖς
1160 4313 1321 4375 αὗται
1353 4321 1450 4376 νῦν
1475 4325 1754 4392 γεγονέναι
1778 4367 1793 4391 ,
1823 4325 1961 4398 πρὸς

371 4410 473 4482 τὴν
497 4409 756 4482 τοιαύτην
779 4451 794 4475 ,
832 4411 900 4481 ἢν
933 4410 1162 4482 λέγομεν
1193 4413 1515 4483 συμφωνίαν
1538 4454 1553 4480 ,
1585 4415 1960 4487 ἐσπουδασμέ-

2132 3313 2510 3383 prwparandos
2538 3329 2668 3369 esse.
2710 3313 2796 3368 Ex
2821 3316 3046 3368 secundo
3070 3316 3294 3386 Legum.

2137 3445 2156 3477 ι
2193 3423 2313 3482 1am
2341 3427 2475 3481 mihi
2499 3427 2719 3484 tertium
2742 3437 2838 3484 aut
2867 3439 3150 3500 quartum,
3179 3425 3357 3501 inquit
3388 3431 3550 3496 idem,
3579 3448 3645 3486 eo

2059 3517 2218 3573 nobis
2253 3519 2498 3575 revoluta
2546 3520 2758 3576 videtur
2798 3522 3010 3588 oratio,
3042 3535 3102 3578 ut
3123 3524 3468 3594 disciplinam
3500 3525 3645 3581 aliud

2059 3609 2311 3666 dicamus
2345 3627 2468 3667 esse
2503 3612 2686 3679 nihil,
2718 3630 2884 3684 quam
2929 3631 3222 3685 puerorum
3268 3617 3645 3673 educationem

2059 3702 2354 3772 ejusmodi,
2389 3719 2494 3774 qua
2526 3705 2594 3760 ad
2629 3721 2749 3760 eam
2801 3709 2927 3762 vitae
2975 3709 3240 3765 rationem
3281 3710 3642 3779 adducantur,

2057 3794 2218 3864 cujus
2257 3796 2547 3867 integritas
2591 3807 2647 3854 et
2695 3798 2832 3870 legis
2865 3816 2960 3856 ore
2989 3803 3422 3868 commendetur,
3459 3817 3514 3859 et
3547 3805 3646 3859 ho-

2057 3888 2268 3943 minum
2305 3897 2415 3944 tam
2445 3890 2704 3960 aequitate
2731 3895 3128 3962 praestantium,
3152 3909 3316 3966 quam
3346 3904 3502 3951 aetate
3527 3911 3646 3950 ma-

2045 3988 2309 4036 ‘turorum
2358 3984 2687 4040 auctoritate
2738 3992 2903 4054 atque
2957 3987 3291 4056 experientia
3323 3987 3646 4056 comprobe-

2057 4077 2168 4129 tur.
2191 4069 2265 4126 Ut
2282 4086 2413 4144 ergo
2428 4073 2584 4144 pueri
2612 4073 2831 4129 animus
2858 4088 2969 4129 non
2999 4074 3122 4132 aliis
3149 4075 3217 4131 de
3245 4077 3450 4141 causis,
3478 4093 3643 4148 quam

2058 4177 2180 4232 quae
2208 4163 2310 4234 legi
2341 4163 2528 4230 simul,
2573 4172 2630 4220 et
2676 4165 2742 4220 iis
2795 4180 2918 4234 quae
2950 4180 2980 4219 a
3011 4166 3130 4236 lege
3173 4167 3384 4234 sancita
3419 4166 3640 4228 fuerint,

2057 4256 2407 4322 conveniant,
2452 4266 2547 4311 aut
2573 4255 2760 4312 dolere
2788 4265 2883 4312 aut
2919 4257 3092 4312 laetari
3136 4265 3440 4321 assuescat,
3475 4259 3643 4314 adeo-

2058 4361 2165 4415 que
2185 4347 2419 4402 senioris
2445 4347 2672 4403 ductum
2701 4359 2967 4420 sequatur
2997 4349 3052 4404 in
3077 4350 3226 4404 omni
3254 4351 3490 4406 tristitiae
3511 4367 3644 4421 gau-

2057 4439 2243 4508 diique
2274 4454 2439 4495 sensu
2485 4458 2500 4494 :
2535 4450 2844 4511 propterea,
2879 4456 3018 4512 quas
3045 4442 3250 4512 passim
3295 4441 3430 4498 odas
3473 4459 3640 4499 voca-

370 4517 494 4556 ναι·
543 4499 633 4554 διὰ
675 4501 732 4554 δὲ
753 4500 815 4555 τὸ
847 4501 1080 4574 σπουδὴν
1111 4502 1185 4574 μὴ
1217 4503 1475 4556 δύνασθαι
1502 4504 1689 4575 φέρειν
1722 4506 1822 4569 τὰς
1847 4505 1957 4560 τῶν

2062 4547 2184 4586 mus
2208 4530 2447 4603 (tametsi
2491 4533 2638 4587 enim
2689 4534 2903 4590 animos
2944 4549 3071 4589 vere
3117 4535 3435 4591 cantionum
3469 4536 3642 4592 instar

371 4592 510 4647 νέων
531 4591 728 4664 ψυχὰς,
753 4592 960 4647 παιδιαί
991 4609 1048 4647 τε
1077 4594 1170 4647 καὶ
1193 4593 1326 4665 ᾠδαὶ
1355 4594 1634 4650 καλεῖσθαι
1663 4597 1757 4650 καὶ
1787 4597 1958 4669 πράτ-
1989 4583 2032 4638 D

371 4683 605 4754 τεσθαι)⁶
661 4685 915 4757 καθάπερ
964 4688 1078 4750 τοῖς
1125 4686 1393 4757 κάμνουσί
1443 4704 1504 4740 τε
1570 4687 1665 4741 καὶ
1715 4686 1958 4752 ἀσθενῶς

373 4776 556 4848 ἔχουσι
585 4777 654 4833 τὰ
697 4779 946 4849 σώματα,
985 4781 1044 4832 ἐν
1091 4780 1240 4852 ἡδέσι
1273 4779 1336 4833 τέ
1375 4796 1484 4834 τισι
1515 4779 1705 4844 σιτίοις
1731 4780 1826 4834 καὶ
1861 4781 1958 4833 πό-

451 4953 562 5024 (Η)
614 4955 769 5010 Ἀλλ’
797 4949 912 5011 οὖν
941 4951 1113 5011 οἷσθ’.
1150 4956 1276 5013 Haec
1309 4955 1534 5013 Ficinus
1566 4973 1692 5013 cum
1723 4957 1958 5014 interro-

376 5026 594 5148 gatione
613 5027 916 5099 coniungit,
947 5028 1149 5093 minus,
1173 5026 1647 5110 opinor,Platonis
1668 5044 1734 5081 ex
1767 5044 1953 5087 sensu.

403 5095 523 5148 dem
563 5096 709 5148 enim
740 5107 852 5148 est-
908 5100 1000 5148 nui
1047 5114 1170 5148 cum
1215 5099 1268 5148 Id
1312 5098 1476 5148 paulo
1518 5098 1791 5148 difﬁcilius
1837 5116 1953 5148 esse

403 5095 523 5168 dem
563 5096 709 5168 enim
737 5095 852 5168 est,
908 5100 1000 5167 qui
1047 5114 1170 5152 cum
1210 5095 1268 5152 id
1312 5098 1476 5168 paulo
1518 5098 1791 5154 difﬁcilius
1837 5116 1958 5154 esse

376 5165 626 5288 (iliixisstet,
660 5165 1002 5238 philosophis
1033 5176 1213 5224 tamen
1246 5165 1407 5239 longe
1437 5169 1650 5224 facilius
1679 5184 1805 5224 esse
1831 5186 1959 5224 con-

424 5249 538 5288 rma
569 5273 583 5288 .

452 5245 583 5290 mat.

424 5249 994 5380 1’διὲῗΔιεγέῖκαιεν.
1054 5306 1114 5380 Id
1167 5308 1354 5380 malim
1411 5324 1576 5380 quam
1628 5309 1956 5379 διενεγκεῖν,

451 5325 563 5374 uz;
600 5325 994 5430 Διενεῐκαιεν.
1055 5325 1114 5363 ια
1167 5325 1354 5363 manm
1411 5325 1576 5380 quam
1628 5325 1956 5379 διενεγκεῖν,

376 5376 718 5458 quod‘apltd
761 5451 777 5458 _
797 5379 1044 5458 latonem
1074 5379 1303 5458 legitur,
1331 5381 1574 5458 cum_6'rt_
1597 5385 1956 5458 praecesserit.

402 5443 561 5520 1(13)
610 5443 934 5516 Ἔθελῆσαι
983 5449 1080 5503 ἄν.
1129 5443 1381 5504 Ὀηιηίηο
1434 5449 1514 5507 sic
1561 5443 1844 5520 legendum
1892 5467 1959 5506 ex

375 5514 608 5638 {strigae
655 5529 714 5572 et
758 5514 1078 5588 m‘anuscr.;
1129 5521 1326 5575 vitiosa
1381 5519 1527 5574 enim
1575 5514 1726 5590 prior
1769 5522 1956 5588 editio,

442 5602 466 5637 ε
541 5603 712 5638 σαιεν.

442 5602 712 5642 εΑησαιεν.

453 5586 824 5732 ίῖᾜαεξὶνῖδή.
871 5659 949 5714 lta
994 5665 1139 5715 recte
1171 5659 1362 5726 Plato,
1405 5673 1512 5714 non
1547 5658 1608 5712 τὸ
1645 5659 1747 5732 δή,
1794 5671 1854 5717 ut
1903 5661 1958 5717 in

375 5725 551 5796 priori
592 5725 851 5784 editione.

377 5795 562 5920 ratiis)
602 5797 776 5852 Δοκεῖ
807 5815 931 5868 μοι’
965 5797 1156 5870 Ρ¹³ίον
1198 5799 1362 5857 lib-'1
1400 5797 1548 5870 ιεθο,
1581 5816 1701 5873 pag.
1740 5801 1866 5868 57s,
1891 5802 1955 5859 Ε.

427 5882 512 5920 105.

2061 4637 2208 4675 nunc
2232 4621 2451 4692 quidem
2482 4622 2737 4687 afﬁciant,
2767 4631 2951 4692 utpote
2973 4625 3038 4678 ad
3074 4639 3198 4679 eum
3226 4624 3294 4680 de
3322 4641 3432 4696 quo
3459 4626 3640 4697 loqui-

2060 4729 2182 4767 mur
2210 4723 2534 4769 concentum
2557 4714 2896 4771 efﬁciendum
2924 4716 3252 4785 elaboratae;
3282 4719 3424 4788 quod
3457 4727 3639 4774 tamen

2054 4806 2337 4876 iuniorum
2370 4808 2539 4862 animi
2558 4808 2761 4863 serium
2782 4809 2918 4864 nihil
2948 4819 3003 4866 et
3029 4820 3312 4866 actuosum
3346 4810 3488 4866 ferre
3513 4827 3642 4881 pos-

2131 4959 2240 5031 (16)
2288 4960 2666 5032 Τεθειμένοις.
2715 4961 2905 5026 Plato,
2942 4962 3330 5032 πεπεισμένοις
3351 5003 3365 5028 ,
3398 4965 3540 5032 quod
3575 4979 3641 5018 eo

2059 5032 2235 5100 magis
2283 5033 2624 5103 probandum
2658 5033 2830 5089 videri
2877 5035 3086 5103 possit,
3133 5034 3280 5103 quod
3315 5035 3477 5102 paulo
3518 5044 3641 5102 post

2060 5097 2337 5174 sequatur,
2370 5097 2565 5174 οἷσπερ
2589 5105 2617 5174 ό
2640 5103 2839 5174 γέρων,
2874 5097 3031 5173 quasi
3068 5097 3209 5158 unus
3232 5097 3410 5158 sithic
3434 5097 3637 5170 senior,

2059 5171 2264 5244 exiliis
2431 5171 2723 5244 τούνόμου
2753 5171 3157 5244 πεπεισμένοις.

2132 5239 2244 5311 (17)
2291 5242 2385 5308 Ἃς
2417 5241 2576 5309 ᾠδὰς
2623 5239 2969 5312 ’καλοῦμενζ
3011 5243 3202 5297 lliulca
3259 5243 3535 5312 pendens,
3582 5253 3640 5297 et
3700 5254 3706 5260 '

2058 5309 2260 5383 Attico,
2295 5315 2646 5383 maximeque
2659 5309 2957 5383 Platonico
2987 5328 3138 5367 more
3166 5309 3420 5368 intricata
3455 5315 3639 5383 simul

2059 5381 2365 5454 ettrajecta
2395 5381 2592 5454 oratio.
2629 5381 2763 5454 Nam
2793 5384 2924 5454 illud
2957 5383 3173 5453 quidem
3195 5424 3211 5448 ,
3270 5383 3337 5448 ἃς
3361 5382 3506 5454 ᾠδὰς
3536 5403 3637 5436 κα·-

2057 5450 2278 5574 λοῦλιεν,
2310 5453 2534 5507 omnino
2560 5453 2778 5522 pendet.
2821 5453 2952 5520 Quae
2975 5450 3318 5522 sequuntur,
3364 5450 3536 5523 usque
3570 5454 3638 5509 ad

2060 5539 2137 5574 πο
2177 5521 2432 5574 ττεσθαι.
2487 5524 2799 5574 parenthesi
2870 5522 3168 5574 claudenda
3221 5524 3510 5574 existimo.
3563 5525 3637 5574 ita

2060 5521 2432 5592 πράττεσθαι,
2487 5521 2799 5592 parenthesi
2870 5521 3168 5578 claudenda
3221 5521 3510 5588 existimo,
3563 5525 3637 5579 ita

2037 5592 2301 5663 .quid‘em,
2328 5600 2388 5645 ut
2419 5592 2718 5663 γεγονέναι,
2746 5593 3044 5656 καλεῖσθαι,
3077 5592 3431 5663 πράττεσθαι,
3462 5595 3637 5663 posita

2009 5657 2045 5715 ,ἶ
2060 5657 2315 5735 fuerint_,_
2341 5657 2696 5735 νηὶ-γένοιντ’
2733 5663 2820 5735 ἂν,
2859 5657 3145 5735 καλοῖντο,
3181 5657 3523 5735 πράττοιντο,
3554 5665 3639 5718 vel

2025 5746 2029 5749 ·
2060 5731 2229 5806 (quod
2249 5729 2493 5806 Platoni,
2526 5731 2892 5806 Demostheni,
2919 5743 2974 5788 et
2999 5734 3119 5806 aliis
3143 5729 3527 5806 ἀττικωτέροις
3555 5735 3638 5789 fa-

2062 5801 2496 5875 miliarissimum
2529 5804 2648 5875 esti
2678 5817 2778 5875 pro
2811 5803 3143 5875 imperativis
3174 5801 3453 5875 usurpata.
3489 5805 3635 5862 Con-

2067 5874 2204 5937 sule,
2238 5873 2283 5928 si
2311 5871 2508 5942 placet,
2540 5871 2709 5929 Ficini
2745 5871 3070 5931 versionem.
