4156 6414
434 4886 437 4888 ’
540 4885 1027 4957 σχηματιζομένων
1089 4886 1311 4957 ῥυθμῶν
1350 4926 1366 4953 ,

435 4986 441 5004 ι
538 4959 634 5009 καὶ
671 4956 858 5009 πάθη.
916 4957 1008 5009 καὶ
1050 4957 1298 5009 πράξεις.
1355 4989 1366 5009 Α

435 4986 441 5004 ι
538 4959 634 5011 καὶ
671 4958 858 5028 πάθη,
916 4958 1008 5009 καὶ
1050 4958 1298 5028 πράξεις.
1355 4959 1793 5026 Aristophanes,
1841 4958 1895 5011 in
1922 4958 2065 5011 Pace
2099 4973 2118 5010 :

438 5049 444 5058 ·
545 5027 708 5098 Ἀλλ’
759 5027 926 5098 ἔγωγ’
975 5032 1046 5081 οὐ
1096 5027 1484 5098 σχηματίζειν
1529 5029 1852 5097 βούλομαι.
1898 5025 1954 5079 Id
2004 5038 2122 5082 eral.

441 5113 460 5144 ·.
543 5096 725 5180 λέγειν
768 5096 909 5151 κατὰ
940 5099 1040 5179 τὴν
1087 5096 1434 5180 ὄρχησινηὶιί
1481 5096 1766 5180 θειιῄἰρεέο
1809 5106 1964 5167 gestu
2002 5112 2120 5180 mo-

538 367 648 426 987

1134 443 1135 446 η
1182 371 1456 431 EUSEBII
1495 373 1984 432 CAESARIENSIS
2020 372 2172 430 OPP.
2215 373 2394 429 PARS
2430 373 2494 430 ll.
2539 405 2605 416 -
2644 371 3150 433 APOLOGETICA.

3713 379 3823 439 988

540 491 687 554 sint,
721 491 877 548 lusus
927 508 1059 548 sane
1102 495 1329 566 odzeque
1374 497 1725 554 nominentur
1756 514 1821 554 ac
1855 498 2042 567 ﬁant),
2077 508 2127 554 ul

2240 517 2373 571 μασι
2399 500 2498 572 τὴν
2526 501 2768 573 χρηστὴν
2797 502 3095 574 πειρῶνται
3127 501 3334 575 τροφὴν
3366 504 3718 578 προσφέρειν,
3737 503 3822 572 οἷς

540 583 636 652 qui
661 597 890 652 corpore
924 585 1235 642 laborantes
1265 588 1517 658 maleque
1560 590 1825 645 habentes
1852 589 2124 644 curandos

541 687 854 742 suscepere,
878 673 972 730 'iis
1010 676 1229 733 salubre
1257 679 1579 734 alimentum
1612 664 1912 737 esc'ulentis
1933 697 1996 738 ac
2023 697 2124 751 po-

538 764 775 820 culentis
809 765 1180 835 suavioribus,
1229 770 1455 824 noxium
1504 779 1684 826 autem
1734 771 2129 842 injucundiori-

537 857 645 912 bus
673 858 984 915 immiscere
1010 861 1208 930 solent,
1236 872 1296 918 ut
1325 863 1558 918 alterum
1589 879 1798 931 amare,
1829 865 2014 922 odisse
2043 864 2126 920 al-

2233 591 2386 660 μέλει
2411 591 2644 646 τούτων·
2677 594 2774 665 τὴν
2803 595 2869 648 «δὲ
2901 595 3008 648 τῶν
3047 596 3300 666 πονηρῶν
3328 598 3385 650 ὲν
3432 597 3651 668 ἀηδέσιν
3678 617 3691 629 ·
3730 601 3819 654 ἵνα

2229 680 2329 751 τὴν
2358 681 2456 751 μὲν
2486 681 2859 750 ἀσπάζωνται,
2883 683 2982 754 τὴν
3007 684 3063 737 δὲ
3088 687 3268 754 μισεῖν
3295 685 3470 758 ὀρθῶς
3505 687 3815 753 ἐθίζωνται.

2232 771 2443 825 Ταύτὸν
2471 772 2529 825 δὲ
2555 773 2650 826 καὶ
2691 773 2784 826 τὸν
2819 775 3106 846 ποιητικὸν
3154 777 3182 829 ὀ
3224 775 3383 848 ὀρθὸς
3418 778 3714 850 νομοθέτης
3757 781 3820 833 εν

2227 864 2344 926 τοῖς
2365 861 2549 925 καλοῖς
2569 863 2776 933 ῥήμασι
2801 863 2894 916 καὶ
2919 866 3221 929 ἐπαινετοῖς
3237 866 3415 920 πείσει
3435 885 3514 933 τε,
3534 867 3628 922 καὶ
3649 870 3818 938 ἀναγ-

536 956 716 1004 terum
762 948 920 1007 facile
959 964 1280 1010 assuescant
1310 973 1324 1012 :
1359 957 1433 1013 ita
1462 959 1623 1029 plane
1650 959 1828 1014 bonus
1852 958 2127 1030 legislator

2235 952 2394 1006 κάσει
2422 951 2498 1024 μὴ
2527 952 2750 1017 πείθων,
2775 952 2846 1006 τὰ
2870 953 2976 1008 τῶν
2999 956 3292 1028 σωφρόνων
3323 973 3384 1009 τε
3409 957 3506 1012 καὶ
3533 958 3815 1030 ἀνδρείων,

537 1053 604 1094 eo
630 1049 847 1109 poetam
876 1043 960 1097 vel
979 1043 1235 1111 adducet,
1264 1047 1370 1115 vel,
1402 1049 1447 1104 si
1475 1049 1656 1105 minus
1685 1048 1956 1104 adducere
1981 1058 2127 1118 pote-

2237 1041 2332 1096 καὶ
2383 1042 2600 1106 πάντως
2637 1042 2883 1114 ἀγαθῶνλ
2913 1043 3142 1118 ἀνδρῶν,
3191 1045 3248 1098 ἐν
3285 1063 3345 1099 τε
3403 1047 3628 1118 ῥυθμοῖς
3681 1053 3816 1121 σχή-

537 1127 634 1192 rit,
660 1129 864 1202 adiget,
900 1141 962 1186 ut
992 1133 1239 1191 honestis
1267 1152 1332 1191 ac
1359 1137 1728 1194 laudabilibus
1770 1138 1974 1202 verbis,
2005 1152 2125 1191 mo-

537 1232 629 1273 res
680 1220 965 1277 hominum
1015 1228 1408 1295 temperantia,
1459 1227 1813 1294 fcrtitudine,
1863 1227 2126 1297 omnique

539 1310 760 1368 virtutis
787 1330 983 1385 genere
1011 1317 1332 1388 insignium,
1372 1320 1488 1376 sive
1515 1321 1570 1375 in
1601 1320 1842 1377 numeris
1893 1321 2125 1376 staticu—

538 1400 645 1468 los,
674 1403 787 1459 sive
818 1405 872 1459 in
907 1417 1176 1464 concentu
1207 1411 1514 1467 modulatos
1549 1427 1741 1469 versus
1775 1411 1990 1475 efﬁciet,
2023 1410 2126 1466 rite

2239 1148 2384 1201 ματα
2417 1130 2550 1201 (18),
2579 1132 2674 1185 καὶ
2718 1133 2776 1185 ὲν
2817 1133 3102 1204 ἁρμονίαις
3138 1135 3273 1207 μέλη
3301 1177 3324 1202 ι
3355 1136 3610 1192 ποιοῦντα
3640 1139 3818 1211 ὀρθῶς

2234 1226 2434 1279 ποιεῖν.
2475 1243 2494 1277 ι
2531 1225 2772 1289 Εἰκότως
2796 1226 2906 1298 ἄρα
2953 1227 3048 1279 καὶ
3094 1229 3224 1298 παρ’
3259 1230 3390 1299 ἡμῖν
3442 1230 3540 1293 τὰς
3573 1231 3680 1284 ὑπὸ
3705 1233 3817 1285 τῶν

2236 1314 2400 1369 θείων
2447 1317 2743 1388 προφητῶν
2773 1319 3151 1388 πεποιημένας
3179 1319 3362 1390 ᾠδὰς,
3417 1323 3510 1375 καὶ
3555 1323 3682 1389 τοὺς
3733 1327 3818 1390 είς

2231 1406 2366 1460 Θεὸν
2395 1405 2596 1478 ὕμνους
2622 1407 2851 1480 μελετᾷν
2878 1410 2928 1462 οἱ
2955 1410 3143 1474 παῖδες
3176 1409 3464 1474 ἐθίζονται.

540 1509 603 1549 ac
629 1495 883 1553 decenter
916 1499 1180 1558 imitetur.
1219 1520 1237 1553 ι
1284 1501 1410 1558 Haec
1456 1503 1564 1558 ille.
1609 1502 1752 1575 Ergo
1795 1504 1920 1575 jure
1974 1517 2108 1559 sane
2141 1515 2207 1554 ac
2243 1498 2440 1554 merito
2486 1499 2640 1569 pueri
2686 1515 2905 1570 quoque
2951 1503 3122 1557 nostri
3157 1501 3468 1559 divinorum
3515 1505 3815 1576 propheta-

540 1608 661 1647 rum
691 1592 827 1648 odas
864 1592 1207 1664 hymnosque
1235 1596 1302 1650 de
1327 1594 1439 1651 Deo
1466 1597 1700 1668 scriptos
1723 1605 1898 1651 terere
1921 1595 2140 1666 sapius'
2159 1609 2225 1650 ac
2247 1603 2490 1664 repetere
2516 1602 2904 1649 consuescunt.
2978 1636 2979 1639 η

1123 1687 1354 1744 CAPUT
1396 1687 1514 1743 XXI

540 1798 854 1869 Cujasmodi
885 1801 1107 1856 odarum
1141 1802 1360 1858 illarum
1379 1805 1695 1860 sententiam
1719 1821 1830 1860 esse
1859 1813 2119 1876 oporteat.
2154 1800 2199 1857 B

613 1925 632 1956 ι
665 1905 798 1962 Eam
837 1918 1008 1978 poeta
1031 1913 1410 1978 necessitatem
1436 1915 1738 1986 imponitis,
1756 1917 2122 1988 inquitPlato,

540 1994 619 2049 uti
652 1996 830 2051 virum
862 1997 1064 2054 bonum
1087 2041 1103 2066 ,
1152 2001 1234 2056 vel
1287 2002 1392 2058 hoc
1422 2004 1539 2072 ipso
1566 2019 1677 2074 quo
1709 2004 2121 2074 temperantiam

535 2095 592 2140 et
617 2088 927 2156 (equitatem
974 2091 1140 2158 colat,
1184 2092 1397 2148 felicem
1433 2093 1594 2165 595
1620 2096 1948 2166 beatumque
1991 2112 2122 2167 pro-

537 2178 924 2246 nu_ntient,seu
957 2197 1186 2251 procero
1215 2199 1281 2237 ac
1311 2186 1536 2242 robusto
1556 2203 1783 2258 corpore
1809 2189 1991 2252 fuerit,
2025 2205 2123 2245 seu

536 2277 731 2324 contra
761 2271 962 2343 exiguo
992 2281 1048 2327 et
1069 2273 1316 2343 inﬁrmo;
1353 2277 1592 2347 itemque
1614 2294 1708 2334 seu
1733 2279 1934 2335 divitiis
1949 2281 2125 2336 abun»

534 2359 708 2426 dabit,
742 2377 839 2417 seu
879 2378 986 2418 non
1029 2382 1044 2418 :
1095 2365 1180 2419 sin
1213 2375 1394 2421 autem
1436 2368 1690 2439 Cinyram
1721 2370 1899 2440 ipsum
1926 2373 2123 2442 opibus

535 2449 850 2523 Midamque
875 2455 1180 2523 superabit,
1208 2457 1352 2511 idem
1384 2466 1564 2512 tamen
1595 2459 1834 2530 injustas
1863 2460 1987 2526 erit,
2020 2461 2124 2515 mi-

535 2559 720 2598 serum
770 2545 921 2598 illum
972 2563 1116 2612 esse,
1171 2557 1336 2620 atque
1385 2551 1636 2605 acerbam
1685 2551 1853 2606 vitam
1898 2551 2118 2608 ducere.

535 2632 831 2689 Enimvero
860 2635 961 2705 (sic
1002 2637 1147 2691 enim
1176 2638 1318 2706 apud
1347 2653 1447 2694 vos
1480 2648 1638 2710 poeta
1665 2641 1926 2711 loquitur,
1959 2640 2006 2697 si
2036 2656 2123 2695 re-

534 2736 623 2781 cte
649 2726 814 2781 modo
844 2727 1106 2799 loquitur)
1137 2729 1256 2800 ejus
1283 2745 1383 2800 ego
1414 2731 1516 2784 viri
1541 2747 1607 2786 ne
1631 2732 1974 2787 meminerim
2000 2732 2122 2803 qui-

532 2818 692 2885 dem,
746 2832 841 2876 aut
885 2824 1110 2884 omnino
1155 2825 1422 2880 rationem
1475 2826 1642 2881 ullam
1694 2827 1978 2893 duxerim,
2025 2826 2120 2897 qui

531 2912 718 2968 omnia
741 2913 1043 2971 honestatis
1062 2926 1118 2972 et
1143 2918 1414 2987 aequitatis
1436 2917 1612 2973 ollicia
1637 2933 1746 2974 non
1771 2920 1931 2974 obeat
1957 2928 2122 2990 atque

2737 1687 3133 1743 ΚΕΦΑΛΑΙΟΝ
3161 1688 3290 1742 KA'.

2347 1797 2598 1864 Ὀποίας
2629 1796 2744 1867 χρὴ
2777 1797 3045 1864 διανοίας
3070 1799 3369 1870 περιέχειν
3392 1800 3501 1866 τὰς
3523 1800 3701 1871 ᾠδάς.

2301 1933 2320 1965 ι
2346 1913 2484 1976 Τοὺς
2501 1911 2728 1983 ποιητὰς
2745 1911 2956 1980 (19-20)
2974 1912 3311 1980 ἀναγκάζετε
3339 1912 3537 1982 λέγειν,
3555 1915 3630 1979 ὡς
3654 1917 3682 1969 ὀ
3708 1916 3811 1988 μὲν

2226 2003 2430 2072 ἀγαθὸς
2465 2003 2625 2076 ἀνὴρ,
2661 2001 2894 2073 σώςρρων
2917 2001 2992 2055 ῶν
3021 2003 3116 2055 καὶ
3139 2003 3366 2067 δίκαιος,
3396 2004 3665 2075 εὐδαίμων
3691 2009 3811 2061 ἐστὶ

2228 2096 2324 2149 καὶ
2352 2096 2642 2167 μακάριος,
2671 2094 2766 2148 ἐάν
2794 2111 2854 2148 τε
2885 2095 3056 2166 μέγας
3077 2095 3171 2148 καὶ
3199 2095 3437 2165 ἰσχυρὸς,
3469 2095 3564 2150 ὲάν
3589 2114 3650 2150 τε
3677 2115 3808 2170 σμι-

2227 2191 2359 2262 κρὸς
2381 2191 2475 2244 καὶ
2502 2190 2733 2261 ἀσθενὴς
2753 2185 2809 2262 ᾖ,
2835 2189 2929 2241 καὶ
2955 2188 3050 2242 ἐὰν
3080 2188 3307 2259 πλουτῇ,
3339 2189 3432 2243 καὶ
3470 2191 3545 2260 μή
3572 2207 3587 2222 ·
3623 2191 3717 2244 ὲάν
3748 2193 3809 2246 δὲ

2226 2283 2339 2355 ἄρα
2376 2282 2578 2353 πλουτῇ
2633 2282 2732 2352 μὲν
2763 2280 2975 2353 Κινύρα
3020 2298 3081 2333 τε
3108 2282 3201 2334 καὶ
3230 2282 3375 2336 Μίδα
3404 2283 3623 2354 μᾶλλον,
3747 2287 3808 2340 δὲ

2223 2375 2427 2438 ἄδικος,
2459 2371 2640 2437 ἄθλιός
2664 2372 2724 2425 τέ
2757 2372 2893 2438 ἐστι,
2942 2372 3036 2425 καὶ
3067 2371 3303 2444 ἀνιαρῶς
3360 2372 3448 2446 ζῇ.
3498 2376 3626 2442 Καὶ,
3682 2376 3810 2430 ούτ’

2223 2466 2290 2520 ἂν
2326 2465 2641 2537 μνησαίμην
2686 2464 2885 2535 (φησὶν
2916 2464 3045 2535 ὑμῖν
3092 2466 3120 2518 ὀ
3161 2465 3410 2536 ποιητὴς,
3435 2466 3594 2539 εἴπερ
3632 2467 3810 2540 ὀρθῶς

2223 2556 2416 2628 λέγει),
2466 2556 2578 2610 οὔτ’
2601 2558 2660 2610 ὲν
2705 2555 2848 2626 λόγῳ
2882 2554 3051 2627 ἄνδρα
3081 2556 3355 2628 τιθείμην,
3407 2557 3467 2622 ὃς
3501 2560 3575 2631 μὴ
3631 2561 3812 2615 πάντα

2222 2649 2294 2702 τὰ
2348 2649 2618 2720 λεγόμενα
2663 2647 2805 2701 καλὰ
2846 2648 2986 2720 μετά
3033 2648 3379 2720 δικαιοσύνης
3438 2651 3666 2722 πράττοι
3715 2654 3811 2707 καὶ

2222 2740 2418 2812 κτῷτο,
2437 2741 2531 2793 καὶ
2554 2739 2620 2810 δὴ
2649 2739 2744 2792 καὶ
2760 2739 2924 2809 δηΐων
2943 2739 3181 2802 τοιοῦτος
3208 2738 3305 2805 ὣν,
3338 2741 3600 2810 ὀρέγοιτο
3631 2743 3811 2813 lin-35..

2222 2836 2327 2888 θεν
2368 2831 2706 2902 ἱστάμενος,
2759 2831 2940 2895 ἄδικος
2969 2831 3027 2884 δὲ
3071 2830 3166 2897 ὣν,
3201 2829 3353 2901 μήτε
3382 2833 3616 2904 τολμῴη
3654 2835 3813 2904 ὁρῶν

2221 2925 2412 2995 φόνον
2429 2926 2805 2994 αιματόεντα,
2819 2925 2972 2992 μήτε
3000 2922 3181 2991 νικῴη
3219 2923 3368 2978 θέων
3389 2927 3666 2994 Θρηΐκιον
3698 2932 3811 2982 Βο-

531 3005 947 3074 complectatur.
1001 3005 1161 3074 Quod
1210 3009 1258 3065 si
1300 3009 1424 3065 talis
1456 3010 1580 3078 erit,
1619 3019 1729 3064 tum
1775 3018 1945 3081 gestat
1981 3011 2121 3065 hosti

2226 3013 2402 3082 ρέην,
2460 3015 2596 3084 μήτε
2649 3012 2707 3066 δὲ
2749 3011 2877 3068 ἀλλο
2935 3011 3085 3084 αὐτῷ
3133 3012 3304 3084 μηδὲν
3331 3013 3442 3068 τῶν
3497 3015 3809 3088 λεγομένων

532 3096 746 3152 Collato
777 3116 1011 3170 pugnare
1035 3100 1182 3169 pede.
1224 3100 1307 3155 An
1333 3101 1572 3172 injustus
1603 3101 1648 3157 si
1679 3100 1867 3168 fuerit,
1898 3118 1988 3156 nec
2015 3119 2117 3156 au-

531 3191 653 3245 deat
700 3194 868 3247 cwdes
898 3204 1134 3263 spectare
1167 3205 1430 3261 cruentas,
1468 3212 1560 3250 nec
1591 3196 1781 3265 possit,
1817 3195 2117 3250 Threicium

533 3287 760 3341 Boream
786 3287 940 3341 celeri
962 3295 1270 3356 praevertere
1298 3305 1457 3342 cursu
1480 3304 1498 3341 :
1521 3303 1623 3344 nec
1647 3288 1795 3342 aliud
1819 3289 2118 3359 quidquam

532 3393 724 3434 eorum
759 3394 881 3447 quae
903 3379 1043 3434 bona
1073 3379 1330 3434 dicuntur
1362 3380 1627 3434 obtineat.
1686 3378 1823 3438 Nam
1853 3397 1975 3452 quae
2000 3383 2120 3437 vul-

533 3486 639 3542 gus
683 3471 966 3526 hominum
1018 3473 1291 3543 appellare
1331 3473 1472 3528 bona
1523 3473 1694 3540 solet,
1727 3475 1832 3531 hoc
1864 3476 1932 3532 iis
1976 3475 2118 3532 falso

534 3579 739 3618 nomen
800 3565 1077 3618 tribuitur.
1160 3565 1380 3620 Sanitas
1430 3565 1632 3636 quippe
1697 3567 1942 3622 omnium
2005 3567 2120 3624 fere

536 3657 741 3726 optima
790 3657 1117 3726 praedicatur
1157 3675 1171 3712 :
1219 3658 1459 3714 secundo
1487 3657 1608 3714 loco
1635 3659 2117 3729 pulchritudinem,

537 3749 700 3805 tertio
729 3749 918 3816 robur,
950 3760 1146 3818 quarto
1173 3750 1393 3819 divitias
1423 3761 1732 3808 numerant.
1793 3751 2118 3824 Quanquam

539 3842 753 3896 inlinita
793 3842 899 3897 alia
931 3847 1081 3908 sunt,
1122 3859 1244 3914 qua!
1270 3843 1415 3899 bona
1441 3844 1636 3917 vulgus
1661 3845 1914 3916 appellat.
1981 3844 2119 3901 Nam

537 3941 701 3989 acuto
733 3936 854 3991 visu
899 3936 1198 4007 audituque
1246 3937 1532 4007 praeditum
1582 3951 1724 4002 esse,
1755 3937 2121 4007 omnibusque

539 4042 799 4084 sensuum
851 4027 1204 4085 facultatibus
1264 4029 1492 4100 integris
1545 4044 1611 4085 ac
1660 4027 1918 4100 perfectis
1971 4030 2053 4083 uti
2102 4048 2114 4083 :

539 4135 756 4176 summo
786 4121 842 4176 in
873 4121 1458 4193 dominatu,quidquid
1488 4122 1673 4177 animo
1705 4121 2012 4176 collibuerit
2039 4119 2121 4175 fa-

537 4228 696 4281 cere,
753 4213 960 4268 bonum
1027 4213 1374 4271 existimatur
1431 4231 1446 4269 :
1498 4222 1782 4284 postremo
1842 4212 2120 4271 felicitatis

611 4464 725 4536 (l8)
769 4467 880 4518 Ἔν
903 4482 968 4519 τε
987 4465 1240 4534 ρυθμοῖς
1272 4465 1578 4535 σχήματα,
1611 4474 1716 4521 etc.
1754 4462 1950 4536 Ficini.
1987 4463 2120 4520 Tam
2149 4528 2184 4536 __
2228 4457 2328 4523 ἐξα

561 4527 741 4620 igurari
769 4551 949 4589 eorum
987 4527 1282 4620 rhythmis,
1319 4527 1482 4620 quam
1523 4527 1765 4620 accentus
1800 4535 2114 4617 Ιιᾳνιτιοηὶὶεε

2226 4527 2542 4620 ποιήσαξαι,
2664 4544 2696 4580 σ

585 4606 837 4676 χήματα,
871 4621 964 4659 seu
1006 4607 1304 4676 σχημάτια,
1336 4605 1427 4662 hic
1455 4615 1509 4661 et
1544 4606 1672 4659 alibi
1709 4607 1946 4676 passim,
1979 4605 2116 4662 certi

540 4676 763 4745 quidam
789 4676 1036 4744 corporis
1072 4686 1270 4740 motus,
1304 4693 1445 4744 quos
1475 4680 1529 4729 in
1564 4676 1948 4732 saltationibus
1990 4677 2119 4732 ede-

539 4747 674 4800 bant
720 4746 776 4799 in
819 4762 1106 4799 numerum
1153 4763 1167 4798 :
1218 4746 1428 4802 Latinis
1474 4747 1714 4800 staticuli
1772 4747 2115 4801 dicebantur.

539 4816 914 4888 Aristoteles,_
947 4816 1040 4870 lib.
1079 4815 1151 4869 De
1168 4817 1380 4888 poetica
1405 4859 1420 4883 ,
1471 4817 1535 4870 Ol.
1584 4817 1849 4888 ὀρχησταὶ
1884 4816 1977 4888 γδιά
2009 4817 2119 4888 τῶν

1440 4887 1731 4958 μιμοῦνται
1810 4887 1906 4958 καὶ
1935 4887 2078 4958 ’,ἢθη
2099 4925 2116 4951 ,

843 4956 861 5018 ,
914 4957 1008 5028 καὶ
1050 4956 1298 5028 πράξεις.
1355 4956 1793 5028 Aristophanes,
1841 4956 2065 5028 in_Pace
2099 4973 2118 5010 :

541 5175 710 5237 tuque
756 5169 1024 5237 corporis,
1082 5169 1286 5239 aliqdid
1356 5169 1498 5223 inter
1526 5169 1836 5239 saltandum
1883 5175 2123 5239 venuste

538 5253 606 5309 ac
630 5239 828 5309 decore
856 5237 1189 5309 exprimere,
1207 5251 1266 5293 ut
1296 5239 1538 5309 loquitur
1557 5238 1851 5293 Athenaeus
1881 5237 1978 5290 lib.
2005 5254 2119 5309 xiv.

537 5306 678 5380 Quid
716 5305 944 5380 ρυθμοῖί
972 5309 1194 5364 nomine
1243 5305 1396 5364 Plato
1431 5309 1733 5380 intelligat,
1783 5324 1851 5362 ex
1885 5316 1998 5380 toto
2027 5308 2122 5364 illo

536 5377 633 5435 lib.
684 5377 891 5450 ιιίΑῡς
922 5379 1121 5450 legibus
1175 5380 1435 5450 cognosci
1493 5377 1705 5447 potest,
1775 5377 2124 5450 maximeque

576 5463 661 5519 ag.
691 5447 1066 5522 589,_F,_dum
1098 5451 1170 5505 ita
1202 5447 1415 5522 statuit,
1439 5453 1506 5522 τῇ
1534 5450 1592 5522 δὲ
1611 5451 1712 5520 τῆς
1739 5449 2014 5522 κινήσεως
2029 5449 2124 5522 τάς

576 5463 661 5519 ag.
691 5463 819 5513 οδυ,
852 5463 914 5516 ιτ,
938 5463 1066 5504 dum
1098 5463 1170 5505 ita
1202 5463 1415 5516 statuit,
1439 5463 1506 5522 τῃ
1536 5463 1592 5502 οε
1611 5468 1712 5520 της
1739 5463 2007 5520 κινησεως
2029 5463 2120 5502 τα-

535 5463 642 5600 ἓξιν
681 5518 885 5600 ῥυθμὸς
916 5519 1224 5600 ὄνομα-εἵη.
1261 5519 1401 5600 'I_‘um
1430 5521 1503 5600 de
1532 5521 1838 5600 harmonia,
1875 5522 1939 5590 τῇ
1975 5519 2018 5572 δ’
2051 5513 2120 5572 αὖ

575 5588 639 5663 ἧς
663 5588 868 5663 φωνῆς,
888 5589 981 5663 τοῦ
1003 5588 1074 5663 τε
1094 5588 1245 5657 ὀξέος
1274 5591 1393 5662 ἅμα
1421 5593 1517 5646 καὶ
1540 5590 1734 5663 βαρέος
1756 5588 2124 5663 συγκεραννυ-

618 5676 744 5734 νων,
759 5660 1036 5734 ἁρμονίας
1049 5661 1221 5734 ὄνομα
1251 5660 1730 5734 προσαγορεύοιτο.
1751 5661 1816 5734 Et
1840 5677 1965 5734 pag.
1994 5660 2120 5734 582,

542 5675 1024 5782 ἓενων,αρμονιας
1049 5675 1221 5743 ονομα
1251 5675 1730 5734 προσαγορεύοιτο.
1751 5675 1816 5716 Et
1840 5677 1963 5732 pag.
1994 5675 2120 5742 ῠςςτ,

606 5728 746 5792 ,.ubi
782 5744 944 5787 voces
987 5732 1342 5803 ιιιιεσχημα,
1394 5733 1585 5803 μέλος,
1633 5733 1873 5803 ῥυθμός,
1921 5731 2125 5803 clarius

545 5751 746 5792 D,,lll}l
782 5751 944 5787 νυαεδ
987 5751 1090 5785 Illa}
1119 5751 1186 5802 σχ
1231 5751 1342 5800 μα,
1394 5751 1585 5803 μεΛος,
1633 5751 1873 5803 ρυυμος,
1921 5751 2124 5786 υιίιιΊυδ

545 5808 883 5872 usurpanttu‘
908 5818 920 5857 :
949 5802 1024 5857 Οὐ
1055 5801 1165 5873 γὰρ
1189 5751 1303 5870 Ίάν,
1333 5803 1542 5876 inquit,
1571 5802 1775 5862 ἐκεῖναί
1816 5820 1880 5875 γε
1914 5800 2124 5874 (Musa?)

2220 3102 2445 3172 ἀγαθῶν
2467 3103 2708 3172 γίγνοιτό
2728 3121 2859 3158 ποτε
2883 3119 2898 3135 ⁶
2928 3103 2998 3157 τά
3026 3103 3133 3176 γὰρ
3167 3104 3272 3157 ὑπὸ
3293 3103 3403 3158 τῶν
3427 3107 3635 3161 πολλῶν
3656 3109 3810 3178 λεγό-

2229 3211 2366 3266 μενα
2395 3195 2576 3263 ἀγαθὰ
2607 3195 2708 3249 οὐκ
2734 3195 2910 3267 ὀρθῶς
2933 3194 3172 3265 λέγεται.
3196 3197 3427 3266 Λέγεται
3458 3199 3556 3269 μὲν
3575 3201 3703 3273 γὰρ,
3729 3201 3811 3266 ὡς

2225 3286 2448 3358 ἄριστον
2473 3285 2572 3358 μὲν
2599 3287 2882 3355 ὑγιαίνειν,
2906 3285 3156 3358 δεύτερον
3188 3287 3245 3342 δὲ
3291 3289 3505 3354 κάλλος,
3537 3291 3720 3363 τρίτον
3748 3291 3810 3345 δὲ

2227 3378 2455 3443 πλοῦτος
2484 3379 2598 3450 (21)
2619 3395 2633 3408 ·
2665 3378 2835 3450 μυρία
2857 3378 2915 3431 δὲ
2948 3379 3082 3433 ἀλλα
3106 3379 3287 3448 ἀγαθά
3305 3380 3520 3448 λέγεται
3540 3400 3554 3414 ·
3584 3384 3678 3436 καὶ
3698 3383 3812 3457 γάρ

2224 3470 2319 3538 ὀξὺ
2345 3473 2479 3544 ὀρᾷν
2512 3471 2607 3524 καὶ
2629 3469 2866 3535 ἀκούειν,
2895 3470 2988 3522 καὶ
3015 3469 3191 3524 πάντα
3227 3471 3328 3524 ὅσα
3363 3471 3547 3542 ἔχεται
3584 3473 3692 3526 τῶν
3718 3477 3812 3530 al-

2229 3561 2494 3634 σθήσεων,
2528 3559 2866 3630 εὐαισθήτως
2892 3559 3036 3630 ἔχειν
3058 3576 3071 3589 ·
3104 3558 3184 3612 ἔτι
3216 3559 3274 3613 δὲ
3303 3561 3482 3614 καὶτὸ
3511 3565 3684 3616 ποιεῖν
3706 3581 3814 3616 τυ-

2230 3653 2525 3727 ραννοῦντα
2547 3654 2576 3707 ὅ
2614 3670 2669 3707 τι
2699 3652 2766 3706 ἃν
2803 3652 3046 3725 ἐπιθυμῇ
3066 3670 3080 3684 ο
3106 3654 3201 3706 καὶ
3226 3652 3289 3706 τὸ
3320 3653 3384 3725 δὴ
3408 3653 3558 3718 τέλος
3585 3656 3815 3729 ἀπάσης

2229 3745 2632 3818 μακαριότητος
2673 3739 2834 3811 εἶναι,
2897 3744 2959 3797 τὸ
3013 3744 3193 3798 πάντα
3241 3743 3414 3799 ταῦτα
3442 3747 3810 3818 κεκτημένον,

2227 3837 2493 3892 ἀθάνατον
2517 3831 2654 3891 εἶναι
2678 3835 2972 3907 γενόμενον
3001 3837 3082 3890 ὅτι
3104 3836 3356 3908 τάχιστα.
3411 3837 3598 3909 Ὑμεῖς
3625 3840 3684 3892 δὲ
3711 3841 3808 3895 καὶ

2225 3927 2336 3996 ἐγώ
2358 3945 2460 3982 που
2481 3927 2606 3984 τάδε
2631 3926 2883 3998 λέγομεν,
2906 3927 2984 3991 ὡς
3017 3927 3192 3983 ταῦτά
3221 3929 3340 3981 ἐστι
3373 3925 3661 3998 ξύμπαντα
3689 3929 3807 4002 (22)

2225 4019 2456 4084 δικαίοις
2499 4020 2598 4092 μὲν
2626 4021 2721 4075 καὶ
2759 4021 2928 4086 ὁσίοις
2971 4020 3233 4092 ἀνδράσιν
3268 4020 3468 4093 ἄριστα
3514 4021 3804 4092 κτήματα·

2224 4112 2432 4176 ἀδίκοις
2477 4113 2536 4168 δὲ
2587 4113 2827 4169 κάκιστα
2878 4113 3197 4186 ξύμπαντα,
3236 4113 3518 4187 ἀρξάμενα
3563 4113 3672 4168 ἀπὸ
3707 4115 3808 4184 τῆς

2226 4204 2456 4270 ὑγιείας.
2488 4205 2598 4260 Καὶ
2617 4206 2686 4268 δὴ
2731 4207 2826 4262 καὶ
2855 4207 2916 4261 τὸ
2953 4207 3088 4278 ὁρᾷν
3110 4245 3128 4274 ,
3177 4207 3272 4261 καὶ⁸
3309 4206 3373 4260 τὸ
3421 4205 3641 4262 ἀκούειν
3713 4208 3807 4262 καὶ

2415 4455 2588 4530 ρτοιέν
2605 4527 2619 4538 _
2639 4473 2770 4538 ποτε
2818 4455 3109 4538 τοσοῦτον.ζ
3147 4453 3287 4538 ὥστε
3332 4455 3552 4538 ῥῄματα
3594 4454 3806 4538 ⁹ἀνδρῶν

2225 4525 2542 4600 ποιήσασαι,
2570 4527 2632 4581 τὸ
2664 4544 2696 4580 σ
2775 4544 2852 4598 μα
2875 4525 3150 4596 γυναικῶν
3174 4525 3268 4579 καὶ
3295 4525 3455 4596 μέλος
3479 4525 3802 4579 ἀποδοῦναι’

2223 4599 2319 4670 κοιῖ¹
2377 4599 2535 4670 μέλος
2563 4530 2884 4670 λὲλευξέρων
2924 4592 2996 4670 αὖ
3026 4596 3139 4670 Δκαὶ
3199 4597 3455 4666 σχήματα
3498 4595 3802 4670 ξυνθεϊσαι,

2225 4665 2688 4745 ρυθμὸὺᾳςᾼδούλων
2711 4665 2803 4721 καὶ
2827 4665 3194 4745 ἀνελευθέρων
3221 4665 3678 4745 προσαρμόττειν.

2293 4735 2510 4811 (ῐθρὲθ)
2524 4735 2967 4863 ἔρξςέτοιητάς.
2986 4735 3159 4804 Plato,
3177 4735 3368 4795 eodem
3384 4735 3480 4794 lib.
3509 4752 3548 4792 tt
3565 4736 3643 4792 De
3671 4735 3804 4808 legi-

2295 4828 2339 4863 s.
2373 4827 2497 4863 nae.
2635 4849 2650 4863 .
2727 4847 2744 4863 .

2222 4809 2339 4877 bus,
2373 4809 2498 4877 pag.
2524 4809 2650 4874 579,
2674 4809 2744 4864 A.

2293 4827 2650 4952 ἷὲιῗᾚλοῗτᾍῗέ
2769 4877 3056 4952 πλοῦτος.
3086 4876 3371 4952 Platonem
3401 4885 3627 4952 secutus
3653 4893 3811 4952 sum,

2223 4947 2365 5074 apud
2388 4947 2566 5020 quem
2599 4949 2819 5020 legitur,
2868 4948 3054 5019 τρίτον
3097 4947 3154 5002 δὲ
3203 4948 3391 5019 ἰσχὺς,
3438 4947 3698 5018 τέταρτον
3747 4947 3805 5002 δὲ

2223 5040 2265 5074 π
2297 5039 2472 5074 ουτος.

2297 5039 2472 5076 ουτος.

2223 5039 2556 5162 “Afggfcbq
2583 5088 2772 5145 ταῦτά
2785 5088 2943 5162 -ὲσεςι
2987 5088 3325 5162 ξύμπαντα.
3379 5087 3499 5162 lluc
3533 5088 3809 5162 pertinent

2224 5157 2317 5219 illa
2354 5157 2569 5237 Sypesii
2593 5171 2734 5237 orat.
2772 5157 3076 5237 De__Regno,
3111 5176 3233 5232 pag.
3264 5161 3318 5237 ξ,
3337 5160 3435 5237 ubi
3466 5157 3589 5237 cuin
3620 5159 3690 5213 τὰ
3714 5157 3814 5237 θυετ

2261 5237 2354 5288 αἶα
2392 5229 2502 5286 τῶν
2537 5231 2779 5300 ἀγαθῶν,
2828 5229 3125 5286 Platonico
3157 5229 3212 5286 et
3255 5230 3602 5300 Aristotelico
3654 5245 3807 5284 more

2261 5251 2354 5288 αιοι
2392 5251 2502 5286 των
2537 5251 2779 5300 αγαυων,
2828 5251 3110 5286 riatonico
3157 5251 3212 5286 et
3255 5251 3602 5286 ATISIOLCIICO
3655 5251 3807 5284 more

2223 5251 2491 5373 ἕργανικά
2520 5303 2858 5373 vocavisset,
2893 5309 3115 5373 utpote,
3169 5302 3462 5373 ὑπηρετεῖν
3487 5299 3666 5373 εἰδότα
3708 5316 3809 5352 κα-

2225 5368 2372 5444 κίαις
2414 5375 2474 5426 οὺ
2517 5375 2696 5444 μεῖον,
2721 5370 2774 5444 fl}
2806 5368 3060 5444 apert-ate,
3100 5368 3580 5444 itauprosequitur,
3614 5368 3812 5444 ὥσπερ

2223 5441 2318 5499 οὖν
2337 5439 2667 5515 εὺχῆςάξια
2708 5439 2925 5515 ἀπεῖναι
2957 5441 3051 5515 τού
3079 5439 3282 5515 φαύλου
3313 5439 3631 5515 τάίόργανα,
3647 5439 3808 5515 ᾖπῶς

2225 5509 2525 5586 ἀνέργητον
2549 5513 2648 5586 ἔχῃ
2673 5509 3130 5586 τὴνημοχθηρίαν·
3160 5512 3302 5586 οὓτω
3324 5509 3576 5586 παρεῖναι
3599 5509 3806 5586 Δτῷλκειη

2224 5575 2339 5653 λῶξ
2361 5575 2709 5656 ὶρησομένὶρ,
2730 5575 2811 5636 οἷδ’
2831 5575 3032 5656 πάντες
3059 5581 3149 5656 ἀν,
3171 5583 3266 5656 καὶ
3291 5575 3498 5656 πόλεις,
3528 5583 3626 5656 καῖ
3654 5575 3805 5656 ἰδιῶ-

2224 5649 2607 5711 ταιόνίναιντο
2629 5649 2664 5719 ,’
2686 5655 2775 5708 ἵνα
2817 5654 2892 5724 μὴ
2931 5654 3128 5724 ἀχρεία
3166 5654 3260 5707 καὶ
3295 5652 3574 5724 ἄπρακτος
3604 5649 3814 5724 ἀρετῆς,

2227 5727 2389 5797 φύσις
2408 5767 2422 5790 ,
2455 5725 2794 5796 ἀγνοουμένη
2820 5722 3170 5797 papaqu
3191 5763 3206 5787 ,
3243 5723 3358 5778 ἀλλ’
3381 5722 3471 5789 εἰς
3503 5722 3803 5794 ἀνθρώπων

2227 5794 2545 5870 εὐεργεσίας
2574 5794 2859 5868 δαπανήση
2886 5794 2986 5866 τὴν
3013 5794 3263 5866 δύναμιν.
