4156 6470
418 423 521 480 989

1567 420 1885 478 PB/EPAR.
1927 420 2184 477 EVANG.
2221 420 2346 474 LIB.
2391 419 2500 474 XII.

3567 418 3672 476 990

415 536 796 604 αἰσθάνεσθαι,
845 537 938 591 καὶ¹
984 539 1046 592 τὸ
1086 538 1343 610 παράπαν
1399 540 1518 610 ζῇν,
1575 540 1828 610 μέγιστον
1886 539 1985 612 μὲν

2091 537 2268 593 omnis
2294 537 2547 592 cumulus
2574 535 2902 600 habetur,ut
2925 535 3162 605 primum
3199 537 3314 591 haec
3331 537 3514 592 omnia
3542 554 3672 593 con-

415 631 582 685 κακὸν
603 630 695 685 τὸν
733 631 1018 702 ξύμπαντα
1050 631 1240 703 χρόνον
1269 630 1538 684 ἀθάνατον
1583 631 1715 686 ὄντα
1761 635 1856 686 καὶ
1902 652 1994 688 κε-

415 741 516 794 κτη
526 723 686 794 μένον
722 724 899 778 πάντα
929 724 996 778 τὰ
1019 725 1284 796 λεγόμενα
1317 724 1514 792 ἀγαθὰ,
1550 725 1690 796 πλὴν
1717 726 1993 780 δικαιοσύ-

413 835 512 889 νης
542 834 603 870 τε
633 817 727 870 καὶ⁸
751 818 952 888 ἀρετῆς
976 817 1226 888 ἁπάσης·
1255 817 1475 870 ἔλαττον
1503 817 1581 881 δὲ,
1603 817 1698 870 ἐὰν
1722 818 1798 882 ὡς
1820 819 1992 888 ὀλίγι-

414 926 538 962 στον
567 911 596 961 6
645 908 889 972 τοιοῦτος
944 909 1136 979 χρόνον
1169 908 1401 982 ὲπιζῴῃ.
1463 909 1647 962 Ταῦτα
1701 909 1765 982 δὴ
1813 910 1992 979 λέγειν

409 995 564 1071 οἶμαι
586 1001 713 1064 τοὺς
738 999 867 1070 παρ’
896 1000 1023 1070 ὑμῖν
1047 1001 1296 1072 ποιητὰς,
1322 1003 1467 1072 ἆπερ
1493 1001 1624 1070 ἐγὼ,
1648 1003 1864 1056 πείσετε
1895 1003 1991 1056 καὶ

409 1089 750 1157 ἀναγκάσετε
770 1131 786 1155 ,
826 1090 906 1143 ἔτι
936 1089 1147 1155 τούτοις
1195 1091 1496 1162 ἑπομένους
1537 1092 1778 1164 ῥυθμούς
1805 1111 1865 1146 τε
1894 1095 1993 1147 καὶ

408 1180 674 1252 ἁρμονίας
702 1180 1020 1246 ἀποδόντας,
1045 1183 1322 1237 παιδεύειν
1341 1182 1484 1236 οὕτω
1498 1185 1624 1246 τοὺς
1644 1186 1796 1248 νέους
1813 1186 1988 1256 ὑμῶν.

406 1268 487 1326 Ἦ
514 1272 623 1344 γὰρ
646 1273 808 1343 ὁρᾶτε
835 1273 948 1344 (25)
975 1290 989 1338 ;
1034 1273 1174 1342 Ἐγὼ
1197 1274 1296 1345 μὲν
1343 1273 1453 1345 γὰρ
1485 1273 1629 1343 λέγω
1670 1276 1876 1345 σαφῶς,
1923 1278 1992 1332 τὰ

410 1365 510 1436 μὲν
530 1365 678 1419 κακὰ
707 1364 974 1436 λεγόμενα
1005 1365 1185 1435 ἀγαθὰ
1211 1369 1323 1430 τοῖς
1351 1366 1556 1430 ἀδίκοις
1583 1362 1721 1420 εἶναι
1744 1409 1759 1432 ,
1794 1371 1907 1432 τοῖς
1935 1369 1992 1423 δὲ

404 1456 639 1520 δικαίοις
658 1455 838 1509 κακά’
869 1456 938 1510 τὰ
959 1455 1016 1507 δὲ
1045 1455 1247 1524 ἀγαθὰ,
1272 1458 1384 1520 τοῖς
1414 1457 1512 1527 μὲν
1555 1457 1781 1527 ἀγαθοῖς
1823 1458 1992 1523 ὅντως

405 1546 610 1615 ἀγαθὰ,
645 1549 756 1611 τοῖς
781 1547 839 1600 δὲ
863 1549 1055 1610 κακοῖς
1081 1547 1244 1600 κακά.
1275 1548 1452 1619 Ὅπερ
1484 1542 1578 1600 οῦν
1615 1549 1850 1620 ἠρόμην,
1881 1545 1992 1620 ἆρα

405 1639 802 1711 ξυμφωνοῦμεν
820 1638 932 1709 ἐγώ
956 1657 1018 1693 τε
1050 1641 1145 1694 καὶ
1171 1643 1348 1712 ὑμεῖς,
1401 1641 1434 1711 ἢ
1464 1641 1612 1706 πῶς;
1643 1659 1662 1692 ι
1697 1643 1771 1695 Οὐ
1801 1642 1991 1713 πὸῤῥω

403 1729 577 1784 ταῦτα
616 1733 875 1803 τυγχάνει
915 1731 1025 1786 τῶν
1051 1733 1146 1786 τοῦ
1175 1732 1340 1786 Δαϐὶδ
1362 1733 1629 1803 Ψαλμῶν,
1664 1731 1756 1796 οὒς
1784 1733 1990 1805 προλα-

404 1818 516 1873 ϐὼν
541 1819 672 1891 θείῳ
697 1820 966 1892 πνεύματι
995 1821 1250 1886 συνέταξε
1275 1821 1342 1874 δι’
1364 1820 1518 1891 ᾠδῶν
1540 1821 1636 1874 καὶ
1665 1820 1872 1893 ὓμνων,
1906 1822 1991 1887 τίς

2095 639 2316 687 secutus
2364 630 2510 695 eris,
2564 629 2826 684 continuo
2876 628 3239 684 immortalem
3285 631 3531 685 evadere.
3601 631 3673 685 At

2093 720 2364 792 ejusmodi
2411 734 2538 776 cum
2587 727 2788 784 vester,
2837 718 3053 788 opinor,
3099 727 3216 774 tum
3257 733 3414 776 meus
3453 735 3674 790 quoque

2093 828 2290 869 sensus
2315 821 2419 876 est,
2439 811 2573 867 viris
2604 810 2827 882 quidem
2851 809 3015 879 justis
3041 824 3105 864 ac
3130 810 3234 880 piis
3263 811 3522 881 optimam
3549 826 3673 868 esse

2091 921 2276 961 rerum
2311 905 2540 959 istarum
2573 903 2818 957 omnium
2852 901 3256 970 possessionem
3279 943 3295 968 ,
3325 911 3382 956 at
3409 903 3672 973 improbis

2091 997 2254 1068 longe
2291 996 2612 1066 pessimam,
2663 995 2822 1049 initio
2847 995 2918 1048 ab
2949 996 3181 1064 ipsamet
3224 995 3458 1050 sanitate
3483 995 3668 1049 ducto.

2091 1087 2228 1144 Nam
2257 1090 2463 1153 videre,
2510 1088 2723 1155 audire,
2761 1087 2983 1154 sentire,
3016 1087 3349 1156 omninoque
3377 1087 3578 1152 vivere,
3613 1097 3674 1142 ut

2092 1179 2393 1235 maximum
2443 1179 2493 1233 ei
2533 1177 2738 1232 malum
2786 1176 2968 1240 fuerit,
3017 1177 3112 1246 qui
3155 1177 3270 1230 haec
3316 1177 3522 1240 omnia,
3552 1191 3675 1246 qua:

2091 1271 2256 1342 vulgo
2285 1270 2430 1325 bona
2457 1269 2735 1334 dicuntur,
2761 1268 3093 1337 sempiterno
3122 1276 3364 1336 tempore
3387 1267 3674 1321 immorta-

2093 1362 2161 1417 lis
2191 1361 2503 1432 possideat,
2537 1375 2570 1414 a
2611 1359 2824 1430 justitia
2875 1369 2930 1414 et
2969 1359 3168 1414 virtute
3205 1358 3481 1427 sejuncta;
3513 1360 3593 1414 sic
3624 1360 3675 1414 ei

2091 1460 2255 1528 longe
2289 1458 2493 1522 minus,
2529 1456 2622 1526 qui
2658 1455 2780 1511 talis
2829 1469 2956 1510 cum
3000 1461 3166 1520 esset,
3201 1454 3422 1509 nonnisi
3467 1453 3676 1508 brevis-

2093 1551 2236 1607 simo
2267 1559 2513 1619 tempore
2541 1547 2760 1603 vixerit.
2830 1545 2958 1602 Haec
2989 1546 3177 1616 utique
3220 1548 3386 1603 vestri
3422 1556 3677 1618 utpoetae

2091 1651 2314 1709 canant,
2327 1641 2414 1696 vel
2429 1639 2809 1710 impetrabitis,
2823 1639 2907 1695 vel
2931 1640 3348 1710 extorquebitis,
3364 1656 3466 1694 nec
3484 1656 3589 1693 non
3618 1648 3678 1694 ut

2092 1742 2279 1804 aptum
2329 1733 2398 1788 iis
2428 1740 2483 1786 et
2529 1730 2813 1786 cohaerens
2861 1744 3215 1784 numerorum
3271 1741 3677 1798 concentusque

2094 1840 2265 1896 genus
2312 1823 2644 1888 adhibeant,
2688 1820 2836 1892 quod
2881 1821 3195 1876 erudiendis
3240 1821 3677 1877 adolescentibus

406 1911 508 1982 μὲν
539 1913 568 1965 ὁ
617 1909 834 1983 άληθῶς
891 1912 1180 1984 μακάριος,
1217 1911 1303 1975 τίς
1353 1911 1412 1964 δὲ
1440 1913 1468 1963 6
1515 1910 1690 1982 τούτῳ
1721 1911 1987 1978 ἐναντίος,

2093 1917 2293 1973 vestris
2327 1925 2693 1986 opportunum
2724 1915 2797 1970 sit
2823 1913 3088 1970 futurum.
3159 1913 3352 1970 Utrum
3397 1910 3542 1969 enim
3572 1915 3676 1970 hoc

402 2002 720 2067 παιδεύσας.
779 2002 1059 2058 Ἐντεῦθεν
1099 2001 1230 2072 γοῦν
1267 2001 1418 2073 αὐτῷ
1450 2004 1544 2057 καὶ
1593 2003 1922 2074 κατάρχεται
1950 2006 1984 2074 ἡ

403 2094 584 2165 βίϐλος
605 2095 839 2164 φήσαντι
863 2110 877 2122 ⁸
903 2113 922 2146 ι
950 2096 1238 2166 Μακάριος
1265 2095 1403 2166 ἀνὴρ
1426 2095 1484 2158 ὃς
1499 2095 1600 2148 οὐκ
1629 2095 1900 2166 ἐπορεύθη
1930 2096 1988 2150 ὲν

403 2187 568 2258 βουλῇ
600 2186 810 2240 ἀσεϐῶν
830 2203 844 2217 ο
887 2206 907 2240 ι
952 2187 1046 2240 καὶ
1093 2188 1162 2240 τὰ
1193 2188 1373 2258 ὅμοια.
1407 2186 1476 2239 Ἃ
1502 2186 1568 2258 δὴ
1603 2185 1922 2258 μεταϐαλὼν
1958 2187 1988 2238 ὁ

398 2279 652 2342 Πλάτων,
688 2277 822 2349 φησὶ
873 2277 984 2331 δεῖν
1031 2279 1156 2342 τοὺς
1191 2277 1421 2346 ποιητὰς
1466 2277 1667 2346 λέγειν,
1726 2278 1802 2342 ὡς
1830 2281 1858 2332 6
1889 2277 1987 2348 μὲν

398 2368 608 2436 ἀγαθὸς
634 2368 794 2440 ἀνὴρ,
830 2368 1062 2441 σώφρων
1082 2369 1156 2422 ῶν
1191 2371 1285 2424 καὶ
1312 2369 1542 2433 δίκαιος,
1575 2369 1849 2440 εὐδαίμων
1872 2371 1989 2423 ἐστι

399 2461 498 2515 καὶ
534 2460 835 2532 μακάριοςο
886 2461 982 2514 ἐὰν
1011 2461 1069 2514 δὲ
1123 2463 1232 2534 ἄρα
1271 2462 1514 2548 ¹πλουτῇ,
1665 2463 1724 2516 δὲ
1781 2463 1986 2527 ἄδικος,

399 2553 584 2617 ἄθλιός
622 2555 792 2607 ἐστιν.
833 2553 899 2606 Ὃ
931 2553 1027 2606 καὶ
1060 2553 1192 2606 αὐτὸ
1243 2547 1409 2608 πάλιν
1447 2557 1476 2606 6
1505 2555 1668 2607 Δαϐὶδ
1713 2547 1815 2608 ῶδέ
1869 2571 1988 2618 πως

401 2646 630 2712 ἐξέδωκε
656 2645 744 2700 διὰ
770 2644 880 2699 τῶν
907 2645 1154 2716 Ψαλμῶν
1182 2645 1353 2701 εἰπών
1375 2662 1390 2676 ⁸
1426 2667 1444 2699 ι
1477 2645 1713 2711 Πλοῦτος
1737 2647 1833 2701 ἐὰν
1865 2647 1983 2719 ῥέῃ,

405 2740 482 2811 μὴ
512 2737 866 2809 προστίθεσθε
898 2738 1125 2808 καρδίαν
1149 2753 1162 2766 ·
1204 2757 1223 2791 ι
1257 2739 1351 2792 καὶ
1372 2738 1535 2792 πάλιν
1559 2757 1572 2770 ·
1615 2758 1634 2790 ι
1666 2739 1758 2810 Μὴ
1792 2738 1982 2808 φοϐοῦ,

399 2833 530 2886 ὅταν
557 2831 835 2902 πλουτήσῃ
859 2829 1144 2900 ἄνθρωπος
1169 2869 1185 2895 ,
1221 2831 1254 2904 ἢ
1290 2831 1420 2884 ὅταν
1455 2829 1734 2902 πληθυνθῇ
1779 2833 1812 2901 ὴ
1860 2830 1990 2895 δόξα

400 2925 495 2978 τοῦ
523 2925 668 2978 οἴκου
697 2923 882 2978 αὐτοῦ.
918 2941 938 2974 ι
990 2923 1112 2975 Ἐπὶ
1148 2923 1344 2994 σχολῆς
1373 2923 1417 2975 δ’
1461 2921 1529 2975 ἂν
1569 2919 1754 2993 εὕροις
1782 2922 1989 2975 ἕκαστα

399 3019 509 3072 τῶν
536 3018 840 3089 εἰρημένων
868 3017 949 3088 τῷ
978 3016 1274 3087 φιλοσόφῳ,
1302 3016 1441 3086 πρὸς
1470 3013 1616 3080 λέξιν
1661 3015 1894 3086 κείμενα
1918 3015 1985 3070 δι’

399 3110 529 3181 ὅλης
552 3110 654 3180 τῆς
675 3112 826 3181 ἱερᾶς
851 3110 960 3163 τῶν
989 3107 1234 3178 Ψαλμῶν
1260 3107 1498 3184 γραφῆς.

2091 2007 2372 2063 advertitis
2389 2004 2748 2077 ?—Equidem
2782 2004 2835 2059 id
2869 2005 3013 2060 clare
3034 2005 3348 2075 pronuntio,
3378 2020 3501 2074 quae
3534 2005 3676 2058 mala

2091 2099 2370 2163 dicuntur,
2389 2097 2608 2169 injustis
2635 2099 2958 2164 bona,mala
2981 2098 3148 2168 justis
3171 2113 3326 2163 esse;
3360 2112 3482 2168 quae
3510 2097 3674 2162 bona,

2089 2190 2251 2246 bonis
2279 2205 2406 2244 vere
2434 2189 2598 2256 bona,
2619 2191 2780 2245 malis
2805 2199 2985 2245 autem
3014 2187 3456 2246 mala.—Utrum
3488 2189 3675 2259 igitur,

2091 2281 2146 2335 in
2171 2295 2237 2336 eo
2267 2280 2413 2350 quod
2440 2281 2723 2349 rogabam,
2783 2282 2925 2337 inter
2950 2295 3050 2336 nos
3083 2281 3457 2345 convenimus,
3489 2295 3556 2333 an
3590 2295 3679 2361 se-

2089 2372 2225 2428 cus?
2258 2391 2276 2424 ι
2311 2372 2600 2428 Platonica
2645 2373 2753 2428 ista
2785 2389 2892 2428 non
2917 2373 3212 2429 admodum
3243 2388 3274 2427 a
3307 2371 3540 2427 Psalmis
3577 2372 3680 2428 Da-

2087 2465 2231 2521 vidis
2257 2466 2496 2531 absunt,
2540 2480 2682 2536 quos
2715 2465 2934 2535 quidem
2964 2465 3081 2536 ipse
3112 2465 3298 2520 divino
3331 2464 3542 2520 amatus
3570 2464 3679 2520 Nu-

2090 2559 2238 2615 mine
2266 2567 2418 2615 tanto
2465 2570 2591 2614 ante
2617 2574 2686 2614 ex
2715 2561 2969 2614 cantibus
3000 2559 3328 2631 bymnisque
3374 2559 3676 2625 contexuit,

2091 2652 2348 2721 quisnam
2372 2666 2499 2706 vere
2526 2660 2620 2706 aut
2643 2651 2858 2714 beatus,
2885 2660 2980 2706 aut
3003 2652 3172 2706 miser
3193 2659 3358 2716 esset,
3373 2665 3674 2721 exponens.

2092 2740 2161 2796 Et
2185 2741 2404 2811 quidem
2436 2756 2596 2797 suum
2644 2741 2759 2811 ipse
2783 2741 2980 2795 librum
3007 2740 3134 2795 inde
3164 2741 3513 2810 auspicatur,
3546 2741 3676 2795 dum

2093 2833 2208 2887 ait:
2248 2850 2266 2884 ι
2301 2831 2500 2888 Beatus
2532 2832 2636 2900 vir,
2685 2833 2780 2902 qui
2830 2848 2936 2887 non
2987 2831 3151 2903 596
3196 2832 3329 2887 abiit
3360 2833 3413 2886 in
3447 2834 3678 2887 consilio

2093 2925 2386 2996 impiorum
2415 2925 2457 2957 ⁶¹
2482 2943 2529 2992 ;»
2568 2937 2622 2980 et
2647 2924 2870 2990 similia,
2905 2925 3106 2993 quibus
3135 2925 3384 2980 nonnihil
3417 2927 3676 2980 immuta-

2093 3016 2186 3084 tis,
2216 3014 2372 3070 Plato
2401 3015 2544 3071 hanc
2566 3014 2742 3086 poetis
2771 3015 3149 3070 necessitatem
3179 3016 3442 3086 imponit,
3491 3017 3568 3070 uti
3595 3015 3676 3070 vi-

2096 3123 2219 3162 rum
2270 3107 2515 3174 bonum,
2569 3107 2650 3163 vel
2701 3107 2807 3160 hoc
2833 3105 2981 3173 ipso,
3018 3121 3127 3176 quo
3178 3107 3590 3176 temperantiam
3622 3115 3677 3163 et

400 3203 710 3271 aequitatem
756 3203 935 3266 colat,
966 3200 1178 3255 felicem
1221 3200 1551 3270 beatumque
1581 3200 1976 3271 pronuntient;
2018 3200 2327 3270 improbum
2370 3210 2577 3266 autem,
2626 3209 2687 3254 ut
2724 3200 2930 3254 divitiis
2983 3199 3348 3265 circumﬂuat,
3412 3201 3673 3256 miserum

399 3293 712 3364 praedicent.
755 3292 911 3359 Quod
940 3293 1118 3362 ipsum
1174 3290 1348 3346 David
1378 3292 1434 3346 in
1468 3292 1584 3348 suis
1635 3308 1854 3363 quoque
1882 3291 2117 3348 Psalmis
2147 3291 2438 3362 expressit,
2485 3293 2573 3348 his
2596 3293 2778 3347 verbis
2811 3310 2824 3346 :
2880 3311 2898 3344 ι
2931 3290 3143 3347 Divitiae
3187 3292 3232 3347 si
3288 3291 3529 3355 allluant,
3576 3310 3677 3347 no-

399 3385 495 3439 lite
534 3399 629 3439 cor
672 3399 943 3454 apponere
968 3384 1035 3438 ⁶².
1069 3403 1089 3436 ι
1126 3385 1304 3454 Atque
1338 3385 1559 3451 iterum,
1593 3404 1612 3436 ι
1645 3383 1724 3440 Ne
1767 3387 1982 3450 timeas,
2023 3401 2149 3440 cum
2173 3386 2327 3442 dives
2355 3386 2534 3443 factus
2560 3385 2724 3442 fuerit
2755 3387 2942 3452 homo,
2987 3394 3082 3440 aut
3143 3401 3266 3440 cum
3322 3386 3675 3454 multiplicata

403 3477 565 3532 fuerit
589 3476 760 3547 gloria
787 3476 984 3531 domus
1017 3476 1155 3546 ejus.
1187 3477 1253 3532 ⁸³.
1290 3497 1309 3530 ι
1347 3475 1488 3544 Quin
1520 3479 1683 3533 etiam
1711 3478 1979 3548 quidquid
2017 3493 2084 3534 eo
2114 3479 2237 3534 loco
2265 3480 2471 3537 dictum
2504 3497 2535 3536 a
2575 3481 2903 3552 philosopho
2937 3490 3056 3549 est,
3107 3480 3164 3536 id
3219 3490 3277 3537 tu
3305 3497 3467 3538 omne
3523 3483 3674 3554 sigil-

402 3570 576 3635 latim,
625 3570 684 3624 in
725 3583 884 3624 sacro
913 3566 1255 3622 Psalmorum
1299 3569 1613 3634 volumine,
1649 3569 1716 3623 ad
1754 3570 1980 3624 verbum
2021 3586 2369 3642 expressum,
2405 3571 2614 3643 majore
2639 3573 2752 3626 otio
2780 3571 3039 3641 reperies.

910 3661 1308 3737 KE?AAAION
1341 3661 1470 3713 KB’.

2660 3661 2891 3718 CAPUT
2931 3661 3097 3716 XXII.

403 3754 525 3807 Ὅτι
556 3755 629 3806 οὐ
660 3750 903 3804 πάντων
930 3751 1202 3824 sedede
1231 3750 1408 3824 ορθὰς
1435 3751 1592 3814 ᾠδὰς
1617 3750 1713 3824 καὶ
1739 3749 1812 3824 τὰ
1833 3751 1991 3824 μέᾅη

2094 3755 2222 3810 Νοη
2250 3755 2484 3824 cujusvis
2532 3771 2644 3810 esse
2689 3754 2984 3808 laudabiles
3025 3756 3156 3810 odas
3184 3764 3234 3810 et
3262 3757 3504 3810 carmina
3543 3759 3677 3810 scri-

471 3824 766 3876 ὃύνασθαι
799 3821 1011 3888 ποιεῖν,
1053 3822 1189 3876 ἀλλ’
1224 3819 1265 3890 ἢ
1303 3821 1496 3890 μόνου
1545 3819 1716 3888 Θεοῦ,
1750 3820 1788 3890 ἣ
1829 3819 1994 3877 θείου

474 3893 637 3958 τινὸς
668 3891 908 3961 ἀνδρός.

480 4003 499 4035 ι
531 3980 898 4054 Νομοθετικὸν
926 3979 1038 4053 (24)
1062 3979 1162 4051 μὲν
1188 3975 1281 4033 οὖν
1297 3980 1392 4033 καὶ
1407 3980 1683 4034 πολιτικὸν
1709 3981 1986 4053 ὑπερϐαλ-

402 4077 624 4141 λόντως.
662 4074 802 4128 Ἀλλ’
829 4075 992 4146 ἕτερα
1024 4072 1204 4141 φαῦλα
1235 4073 1301 4127 ἂν
1350 4073 1531 4146 εὕροις
1563 4074 1751 4128 αὐτόθι
1777 4092 1791 4105 ·
1827 4074 1986 4129 τοῦτο

399 4170 450 4224 δ’
484 4164 578 4221 οὖν
629 4166 692 4220 τὸ
734 4165 863 4238 περὶ
915 4165 1179 4236 μουσικὴν
1221 4164 1420 4234 ἀληθές
1456 4181 1517 4217 τε
1567 4166 1662 4219 καὶ
1719 4165 1869 4228 ἀξιον
1897 4167 1986 4219 ὲν-

399 4263 586 4326 νοίας·
613 4263 694 4316 ὅτι
724 4261 946 4316 δυνατὸν
973 4260 1080 4331 ἄρα
1122 4255 1192 4331 ἦν
1237 4260 1367 4330 περὶ
1396 4257 1505 4311 τῶν
1535 4258 1793 4312 τοιούτων
1835 4277 1988 4330 νομο-

403 4353 696 4418 θετεῖσθαι,
720 4351 952 4422 βεϐαίως
974 4351 1302 4423 θαρροῦντα,
1339 4349 1475 4420 μέλη
1500 4349 1569 4404 τὰ
1589 4350 1688 4420 τὴν
1718 4349 1990 4421 ὀρθότητα

405 4445 569 4514 φύσει
603 4442 973 4515 παρεχόμενα.
1009 4439 1180 4493 Τοῦτο
1217 4439 1273 4492 δὲ
1300 4437 1436 4492 Θεοῦ
1477 4439 1510 4511 ἢ
1543 4438 1685 4492 θείου
1711 4439 1858 4503 τινὸς
1894 4441 1989 4492 ἀν-

404 4537 532 4610 δρὸς
563 4537 629 4590 ἂν
658 4535 763 4606 εἴη.
796 4554 813 4586 ι
850 4533 1087 4596 Εἰκότως
1113 4532 1221 4604 ἄρα
1247 4533 1341 4585 καὶ¹
1367 4533 1498 4604 παρ’
1541 4531 1811 4601 Ἑϐραίοις
1841 4547 1986 4584 νενο-

405 4627 693 4700 μοθέτητο,
759 4627 893 4698 μηδὲ
930 4625 1121 4688 ἄλλους
1183 4625 1386 4696 ὕμνους
1419 4626 1514 4678 καὶ
1546 4624 1690 4694 ᾠδὰς
1751 4627 1809 4677 ὲν
1866 4628 1985 4689 ταῖς

2163 3826 2316 3908 bere,
2349 3827 2440 3880 sed
2480 3826 2558 3880 uel
2598 3827 2756 3880 unius
2792 3825 2914 3894 Dei,
2946 3827 3024 3881 uel
3072 3827 3238 3881 divini
3271 3828 3550 3896 cujusdam
3584 3830 3676 3882 Iw-

2163 3913 2345 3951 mtms.

2168 4006 2189 4040 ι
2220 3990 2360 4055 lmo,
2387 3989 2532 4059 quod
2557 3987 2758 4044 summi
2782 4003 3009 4058 prorsus
3039 3988 3219 4059 inquit
3245 3987 3420 4054 Plato,
3465 4005 3587 4045 cum
3620 3990 3674 4045 in

2089 4077 2301 4150 legibus
2331 4079 2594 4147 ferendis,
2613 4089 2725 4134 tum
2762 4081 2818 4134 in
2847 4080 3229 4136 constituenda
3254 4081 3528 4151 republica
3560 4096 3676 4134 mu-

2091 4172 2262 4226 menti
2295 4171 2385 4227 sit.
2426 4169 2563 4224 Nam
2594 4179 2656 4226 ut
2678 4171 2786 4225 alia
2807 4171 3056 4240 quaedam
3086 4174 3227 4241 apud
3253 4185 3350 4225 eos
3375 4171 3673 4228 leviuscula

2090 4262 2365 4332 reperias;
2396 4261 2502 4316 hoc
2533 4276 2666 4316 sane
2694 4262 2841 4330 quod
2871 4263 2926 4314 in
2951 4261 3164 4316 musica
3209 4269 3477 4322 statuunt,
3505 4270 3560 4314 et
3582 4277 3674 4314 vc-

2089 4369 2234 4419 rum,
2253 4361 2308 4408 et
2337 4351 2720 4407 observatione
2743 4353 2969 4422 dignum
2993 4361 3078 4406 est
3107 4369 3121 4404 :
3151 4352 3264 4407 ﬁeri
3291 4352 3545 4407 nimirum
3577 4370 3673 4422 po—

2089 4446 2296 4510 tuisse,
2325 4453 2388 4498 ut
2434 4444 2540 4500 hoc
2580 4445 2746 4499 etiam
2795 4446 2852 4499 in
2896 4460 3094 4516 genere
3127 4445 3428 4516 legislator,
3463 4446 3510 4501 si
3539 4462 3672 4501 con-

2092 4545 2301 4591 stanter
2332 4535 2558 4591 auderet
2587 4536 2771 4602 modo,
2817 4544 3122 4591 concentus
3144 4553 3241 4592 eos
3269 4538 3385 4608 lege
3410 4537 3666 4601 sanciret,

2089 4625 2183 4696 qui
2210 4641 2304 4696 per
2333 4641 2453 4681 sese
2478 4625 2822 4683 honestatem
2865 4635 3074 4681 natura:
3113 4643 3177 4682 ac
3217 4628 3540 4698 probitatem
3571 4627 3668 4681 ad-

402 4721 577 4782 θείαις
604 4718 970 4782 διδασκαλίαις
1003 4717 1361 4789 ἀποδέχεσθαι
1391 4716 1425 4787 ἢ
1450 4717 1550 4780 τὰς
1575 4716 1681 4768 ὑπὸ
1712 4716 1804 4770 τοῦ
1838 4717 1983 4771 θείου

2091 4718 2397 4786 iungerent.
2433 4716 2705 4772 Caeterum
2735 4717 2790 4774 id
2815 4721 2898 4775 vel
2926 4719 3044 4788 Dei,
3078 4721 3162 4777 vel
3190 4720 3356 4776 divini
3387 4719 3668 4789 cujusdam

402 4810 723 4882 Πνεύματος
783 4808 871 4863 διὰ
900 4808 1008 4863 τῶν
1036 4809 1196 4863 θείων
1248 4809 1343 4862 καὶ
1391 4806 1744 4881 προφητικῶν
1772 4808 1982 4880 ἀνδρῶν

2091 4806 2330 4862 hominis
2357 4808 2637 4879 proprium
2671 4809 2861 4864 fuerit.
2901 4829 2919 4862 ι
2957 4810 3090 4866 Jure
3111 4826 3242 4882 ergo
3270 4820 3492 4866 cautum
3525 4811 3669 4880 apud

402 4903 800 4974 πεποιημένας,
855 4903 928 4956 τά
981 4918 1042 4955 τε
1083 4900 1293 4964 τούτοις
1351 4898 1663 4970 κατάλληλα
1711 4898 1868 4970 μέλη,
1903 4897 1982 4973 τῷ

2091 4893 2341 4952 Hebraeos
2370 4896 2506 4964 fuit,
2543 4910 2604 4954 ut
2629 4914 2698 4972 ne
2727 4899 2821 4953 alii
2850 4900 3052 4956 divinis
3089 4901 3144 4954 in
3185 4899 3448 4955 doctrinis
3483 4898 3668 4968 hymni

405 4992 629 5063 συνήθει
658 4994 790 5064 παρ’
821 4992 1005 5054 αὐτοῖς
1033 4990 1268 5062 ᾀδόμενα
1287 4988 1495 5060 τρόπῳ.

2091 4997 2392 5062 cantusque
2422 4989 2607 5044 locum
2635 4989 2922 5057 haberent,
2947 5007 3113 5061 quam
3136 5006 3276 5060 quos
3313 4990 3528 5045 divinus
3555 4989 3670 5060 ipse

404 5087 644 5156 Spiritus
700 5087 1010 5142 divinorum
1069 5101 1134 5141 ac
1193 5083 1637 5154 propheticorum
1696 5081 1984 5136 hominum
2041 5097 2139 5138 ore
2198 5083 2450 5150 fudisset,
2503 5099 2678 5155 eoque
2727 5094 2989 5154 praeterea
3039 5083 3382 5140 modulorum
3448 5096 3667 5153 genere,

400 5180 551 5253 quod
576 5194 632 5237 et
658 5183 786 5236 Cum
831 5179 966 5248 ipsis
1012 5177 1328 5242 cohaereret,
1375 5184 1427 5230 et
1463 5174 1693 5230 solemni
1721 5175 1862 5245 apud
1894 5190 1989 5230 eos
2026 5185 2357 5249 receptoque
2380 5192 2534 5233 more
2561 5187 2869 5233 caneretur.

910 5260 1307 5323 ΚΕΦΑΛΔΙΟΝ
1340 5267 1468 5322 KF’.

2653 5269 2884 5326 CAPUT
2919 5268 3107 5324 XXIII.

401 5364 543 5434 Περὶ
571 5361 691 5418 τῶν
722 5359 1057 5431 δοκιμάζειν
1079 5359 1222 5414 οἵων
1251 5375 1316 5412 τε
1346 5359 1453 5424 τὰς
1499 5357 1650 5416 κατὰ
1698 5356 1848 5412 Θεὸν
1878 5370 1985 5412 πε-

928 5430 1258 5483 ποιημένα(-
1285 5428 1462 5483 ὠδάο.

2175 5359 2256 5414 De
2285 5361 2352 5415 iis
2381 5361 2472 5431 qui
2500 5361 2705 5416 divinos
2736 5362 2858 5417 illos
2893 5371 3080 5415 cantus
3104 5359 3327 5431 probare
3354 5361 3577 5430 possint.

928 5445 1258 5484 ποιηιιεναο
1285 5445 1462 5484 ωοαρ.

480 5430 496 5504 ξ
855 5430 863 5431 “
928 5430 1258 5500 ποιημένας
1285 5430 1462 5496 ᾠδάς.

484 5543 503 5578 ς
531 5522 808 5596 Συγχωρῶ
849 5522 960 5594 (25)
989 5539 1052 5591 γε
1078 5522 1139 5575 τό
1170 5538 1234 5590 γε
1264 5521 1516 5576 τοσοῦτον
1566 5521 1662 5574 καὶ
1714 5519 1825 5589 ἐγὼ
1872 5522 1986 5584 τοῖς

476 5619 520 5652 ⁸⁸
557 5619 704 5674 Psal.
743 5633 784 5682 I,
816 5618 870 5672 l.
950 5617 995 5650 “
1024 5615 1170 5672 Psal.
1206 5631 1320 5682 ut,
1352 5616 1440 5670 11.
1520 5616 1564 5648 ⁸³
1590 5615 1738 5671 Psal.
1763 5631 1955 5680 xnvm,
1994 5614 2079 5669 Π.

477 5712 591 5780 (25)
629 5707 703 5768 Ἦ
733 5711 844 5782 γὰρ
873 5709 1066 5780 δρᾶτε.
1103 5709 1448 5774 Familiaris,
1499 5719 1559 5764 ut
1618 5710 1672 5763 in
1717 5710 1984 5834 dialogis.

479 5782 775 5834 mnellatio.
801 5796 903 5834 nec
941 5781 1247 5834 vernacula:
1273 5789 1471 5834 nostrae
1500 5780 1787 5834 dissimilis
1809 5817 1823 5834 .
1899 5796 1984 5834 ar.

2091 5707 2727 5834 ολὲἓιιὲἹΙὲοιῦοθετικόν.
2791 5706 2981 5776 Plato,
3032 5708 3224 5764 eodem
3278 5709 3376 5766 lib.
3425 5725 3465 5768 ll
3507 5709 3664 5784 ιιι,

407 5779 775 5851 compellatio,
801 5779 912 5836 nec
941 5781 1247 5851 vernaculae
1273 5789 1479 5851 nostrae
1500 5780 1787 5836 dissimilis
1808 5817 1823 5847 ,
1855 5779 1984 5851 Car,
2084 5794 2207 5851 pag.
2238 5779 2371 5851 N577,
2406 5779 2470 5832 D.

409 5796 775 5851 compellatio,
801 5796 903 5836 nec
941 5796 1247 5835 vernacula
1273 5796 1471 5834 nostra;
1500 5796 1787 5836 mssrmuts
1808 5817 1823 5847 ,
1855 5796 1984 5851 oar,
2084 5796 2151 5850 pa
2194 5819 2207 5831 .
2246 5796 2310 5834 or
2329 5796 2371 5843 ι,
2406 5796 2470 5832 υ.

409 5868 726 5924 voyez-vous
767 5852 905 5908 bien.
939 5850 1103 5918 Mais,
1134 5865 1438 5920 voyez-vous
1466 5849 1603 5906 bicn.
2155 5796 2272 5922 {25)
2317 5845 2629 5922 Συγχωρῶ.
2653 5847 2739 5906 ld.
2772 5849 2928 5919 ibid.,
2955 5866 3076 5923 pag.
3108 5847 3236 5918 578,
3260 5848 3327 5907 C.

2165 5535 2186 5572 ι
2219 5518 2334 5590 Ego
2366 5535 2518 5589 vero,
2551 5519 2730 5590 inquit
2769 5518 2947 5586 Plato,
2997 5519 3050 5575 id
3098 5519 3433 5575 multitudini
3465 5533 3664 5575 conce-
