4156 6402
511 367 614 429 991

1147 363 1420 421 EUSEBII
1457 361 1940 422 CESARIENSIS
1977 351 2121 420 ore.
2176 363 2357 420 PARS
2387 362 2453 421 ιι.
2489 395 2561 408 -
2597 363 3100 422 APOLOGETICA.

3654 364 3762 422 992

512 486 640 542 dam
671 485 788 556 ipse
812 497 1064 554 quoque,
1098 484 1364 538 musicam
1409 481 1684 552 voluptate
1713 481 1892 536 metiri
1920 497 2085 551 opor-

2206 481 2424 548 τολλοῖς,
2453 481 2564 536 δεῖν
2589 482 2688 553 τὴν
2721 481 2984 553 μουσικὴν
3009 479 3466 552 ἡδονῇκρίνεσθαι
3485 494 3501 510 ⁸
3535 480 3608 552 μὴ
3633 483 3763 552 μέν-ι

514 584 664 641 tere,
714 576 794 630 sic
846 585 1025 628 tamen
1047 614 1062 638 ,
1093 581 1155 628 ut
1184 588 1294 628 non
1329 574 1385 628 in
1415 574 1751 643 plebeiorum
1801 573 2083 628 hominum

512 667 788 734 voluptate
827 665 1264 733 acquiescamus,
1305 665 1401 719 sed
1435 665 1697 734 optimam
1727 663 1841 720 fere
1872 680 2085 720 musam

514 756 662 811 illam
711 771 831 812 esse
877 765 1217 823 statuamus,
1273 770 1396 826 qua:
1443 756 1678 825 optimos
1735 765 1897 826 atque
1926 756 2086 827 597

512 843 718 912 optime
743 844 1048 909 institutos,
1082 845 1318 900 maxime
1345 861 1472 900 vero
1511 860 1633 914 quae
1662 861 1829 900 unum
1853 847 2088 916 aliquem

513 934 716 989 virtute
758 935 1117 1006 doctrinaque
1158 945 1506 1007 prastantem
1542 937 1854 992 delectabit.
1911 939 2090 1004 Quare

511 1028 773 1083 virtutem
805 1028 858 1082 in
890 1029 1082 1097 primis
1110 1029 1417 1084 carminum
1448 1030 1664 1084 illorum
1687 1030 1962 1100 iudicibus
1995 1046 2091 1084 ne-

513 1119 808 1177 cessariam
853 1134 975 1176 esse
1016 1120 1382 1186 defendimus,
1417 1137 1542 1176 cum
1583 1121 1620 1176 ii
1658 1137 1768 1176 non
1803 1121 2090 1191 prudentia

513 1213 699 1274 modo,
721 1227 909 1266 verum
937 1211 1101 1267 etiam
1127 1214 1435 1268 constantia
1454 1214 1665 1283 praediti
1693 1229 1814 1269 esse
1837 1213 2087 1269 debeant.

514 1300 626 1357 Nec
658 1301 804 1355 enim
848 1301 1094 1370 profecto
1119 1303 1327 1367 deceat,
1364 1312 1425 1358 ut
1465 1318 1656 1373 aequus
1694 1319 1965 1375 verusque
1997 1303 2092 1372 ju-

514 1393 639 1458 dex,
665 1402 759 1447 aut
787 1391 856 1446 ab
883 1393 1119 1463 ipsomet
1144 1395 1359 1448 theatro
1378 1396 1626 1461 edoctus,
1653 1404 1705 1450 et
1729 1396 1925 1465 partim
1952 1396 2094 1450 tnui-

515 1485 764 1540 titudinis
796 1486 1050 1555 strepitu,
1086 1486 1286 1555 partim
1321 1486 1549 1541 stultitia
1580 1488 1800 1557 propria
1846 1486 2093 1557 stupefa-

513 1575 925 1644 ctusjudicium
961 1576 1129 1643 ferat;
1166 1587 1259 1632 aut
1291 1578 1419 1632 dum
1447 1580 1612 1632 etiam
1657 1579 1774 1649 ipse
1812 1581 2093 1635 veritatem

515 1666 796 1736 agnoscit,
836 1667 1048 1737 ignavia
1099 1677 1279 1722 tamen
1329 1669 1644 1724 debilitatus
1684 1686 1749 1726 ac
1797 1681 1967 1738 metu,
2003 1672 2095 1727 illo

514 1757 634 1824 ipso
659 1770 776 1824 ore,
809 1772 920 1825 quo
945 1758 1106 1824 paulo
1138 1767 1264 1812 ante
1292 1773 1417 1814 cum
1455 1760 1520 1813 ad
1547 1751 1902 1830 iudicandum
1937 1777 2096 1819 acce-

2189 592 2272 628 τοι
2317 574 2426 627 τῶν
2451 592 2514 643 γε
2541 574 2926 644 ἐπιτυχόντων,
2966 571 3104 625 ἀλλὰ
3147 571 3332 641 σχεδὸν
3358 571 3572 642 ἐκείνην
3623 568 3763 626 εἶναι

2191 662 2414 716 Μοῦσαν
2445 661 2758 731 καλλίστην,
2787 663 2909 733 ἣτις
2936 662 3062 725 τοὺς
3090 660 3396 730 βελτίστους
3429 661 3523 714 καὶ
3567 663 3765 726 ἱκανῶς

2193 753 2658 825 πεπαιδευμένους
2706 754 2933 824 τέρπει,
2996 753 3227 825 μάλιστα
3268 753 3326 805 δὲ
3378 754 3500 824 ἥτις
3547 753 3643 807 ἕνα
3674 754 3766 807 τὸν

2192 848 2362 918 ἀρετῇ
2396 863 2456 899 τε
2478 845 2571 899 καὶ
2603 846 2822 916 παιδείᾳ
2857 844 3198 916 διαφέροντα.
3229 844 3327 898 Διὰ
3352 844 3523 897 ταῦτα
3548 845 3606 897 δὲ
3633 848 3767 916 ἀρε-

2193 940 2293 1008 τῆς
2321 956 2498 1010 φαμεν
2522 938 2726 991 δεῖσθαι
2759 939 2884 1001 τοὺς
2927 939 3129 992 τούτων
3162 938 3377 1009 κριτὰς,
3423 940 3507 993 ὅτι
3552 939 3656 1009 τῆς
3707 957 3769 993 τε

2194 1030 2360 1101 ἄλλης
2395 1031 2653 1100 μετόχους
2673 1029 2870 1092 αὐτοὺς
2897 1025 3034 1083 εἶναι
3066 1029 3146 1082 δεῖ
3185 1031 3499 1101 φρονήσεως
3519 1072 3532 1095 ,
3577 1032 3672 1084 καὶ
3705 1031 3769 1102 δὴ

2196 1122 2290 1173 καὶ
2310 1120 2407 1190 τῆς
2440 1119 2708 1191 ἀνδρείας.
2741 1118 2877 1173 Οὔτε
2902 1119 3012 1191 γὰρ
3057 1122 3209 1191 παρά
3257 1120 3483 1192 θατέρου
3532 1121 3645 1192 (’26)
3689 1122 3772 1175 δεῖ

2193 1211 2285 1265 τόν
2307 1229 2370 1280 γε
2397 1211 2572 1280 ἀληθῆ
2590 1212 2779 1282 κριτὴν
2805 1212 3011 1282 κρίνειν
3044 1212 3402 1282 μανθάνοντα,
3421 1212 3516 1266 καλ⁵
3537 1213 3773 1284 ἐκπλητ-

2195 1305 2422 1375 τόμενον
2452 1303 2557 1356 ὑπὸ
2579 1303 2674 1356 τοῦ
2704 1303 2932 1374 θορύϐου
2959 1304 3068 1357 τῶν
3093 1304 3320 1369 πολλῶν,
3351 1306 3444 1357 καὶ
3475 1305 3575 1375 τῆς
3609 1304 3774 1359 αὑτοῦ

2197 1395 2586 1458 ἀπαιδευσίας,
2640 1393 2752 1446 οὔτ’
2779 1391 2845 1448 αὖ
2885 1394 3276 1464 γιγνώσκοντα,
3333 1397 3399 1449 δι’
3455 1396 3775 1466 ἀνανδρείαν

2199 1486 2295 1540 καὶ
2325 1484 2542 1549 δειλίαν,
2575 1487 2640 1538 ὲκ
2661 1485 2753 1538 τοῦ
2775 1486 2936 1539 αὐτοῦ
2963 1487 3252 1558 στόματος,
3276 1480 3448 1559 οὗπερ
3466 1487 3592 1551 τοὺς
3621 1487 3776 1550 θεοὺς

2200 1576 2585 1640 ἐπεκαλέσατο,
2619 1575 2825 1646 μέλλων
2852 1576 3078 1647 κρίνειν,
3119 1578 3183 1629 ὲκ
3221 1575 3409 1628 τούτου
3450 1576 3775 1646 ψευδόμενον

2201 1667 2594 1736 ἀποφαίνεσθαι
2629 1667 2890 1740 ῥᾳθύμως
2910 1667 3009 1738 τὴν
3037 1668 3235 1738 κρίσιν.
3269 1668 3344 1720 Οὐ
3373 1668 3482 1737 γὰρ
3506 1667 3775 1738 μαθητὴς,

2201 1759 2340 1814 ἀλλά
2364 1759 2702 1824 διδάσκαλος,
2740 1761 2798 1823 ὃς
2832 1759 2943 1830 (27)
2975 1776 3040 1827 γε
3071 1760 3133 1812 τὸ
3160 1759 3384 1822 δίκαιον,
3415 1758 3621 1812 θεατῶν
3645 1760 3780 1828 μᾶλ-

515 1847 687 1909 deret,
722 1855 890 1902 testes
921 1847 1212 1917 appellavit
1234 1849 1387 1913 deos,
1418 1849 1613 1905 falsam
1646 1866 1953 1923 vanamque
1977 1870 2102 1909 sen-

2206 1849 2294 1903 λον
2321 1849 2350 1901 ὁ
2379 1848 2573 1921 κριτὴς
2623 1849 2854 1914 καθίζει,
2900 1850 2994 1903 καὶ
3027 1849 3480 1919 ἐναντιωσόμενος
3527 1853 3638 1913 τοῖς
3683 1852 3782 1919 τὴν

516 1939 742 1994 tentiam
776 1940 995 2011 indigne
1024 1942 1356 2010 pronuntiet.
1388 1940 1498 1996 Nec
1526 1943 1670 1998 enim
1698 1943 1813 2014 ipse
1838 1955 2099 2017 tanquam

517 2030 844 2099 discipulus,
886 2033 981 2086 sed
1027 2043 1284 2105 tanquam
1331 2045 1732 2107 spectatorum,
1764 2039 1842 2092 uti
1870 2055 1970 2109 par
1993 2050 2097 2109 est,

519 2123 782 2191 magister
819 2123 1061 2189 futurus,
1092 2126 1307 2198 illisque
1339 2130 1496 2195 adeo,
1537 2131 1584 2186 si
1615 2131 1950 2201 voluptatem
1979 2147 2103 2202 per-

519 2227 706 2284 peram
741 2224 796 2269 et
827 2216 1006 2270 alieno
1041 2218 1163 2274 loco
1197 2234 1309 2288 prie
1341 2233 1400 2274 se
1431 2218 1641 2285 ferent,
1673 2228 1989 2274 constanter
2015 2235 2104 2274 re-

519 2317 863 2374 pugnaturus
887 2308 1058 2363 sedet.
1093 2327 1113 2361 ι
1157 2307 1361 2364 Eodem
1416 2309 1582 2379 plane
1628 2311 1823 2375 modo,
1870 2326 1977 2364 non
2022 2310 2104 2362 in-

518 2395 662 2452 ﬁma:
687 2399 963 2467 quondam
995 2401 1139 2470 apud
1163 2398 1420 2456 Hebraeos
1446 2400 1814 2456 multitudinis
1843 2410 1981 2468 erat,
2009 2411 2104 2456 aut

519 2487 588 2542 de
635 2488 698 2544 iis
732 2491 826 2560 qui
867 2499 1126 2562 tanquam
1168 2491 1355 2548 divino
1387 2491 1590 2562 Spiritu
1622 2492 1785 2547 adlati
1831 2494 2100 2564 produce-

519 2589 729 2646 rentur,
761 2589 858 2636 aut
896 2581 965 2636 de
1011 2582 1212 2638 divinis
1261 2584 1394 2654 ipsis
1441 2584 1774 2639 carminibus
1808 2593 2044 2640 statuere
2083 2604 2097 2639 :

2205 1940 2398 2011 ἡδονὴν
2425 1941 2499 2012 μὴ
2529 1941 2912 2011 προσηκόντως
2953 1941 3087 2011 μηδὲ
3120 1940 3294 2012 ὀρθῶς
3317 1940 3626 1995 ἀποδιδοῦσι
3657 1941 3783 1996 θεα-

2202 2033 2344 2096 ταῖς.
2383 2052 2402 2084 ι
2437 2033 2547 2086 Καὶ
2597 2035 2726 2104 παρ’
2769 2032 3040 2104 Ἑϐραίοις
3066 2033 3128 2086 τὸ
3175 2032 3406 2087 παλαιὸν
3429 2033 3490 2086 οὐ
3523 2033 3619 2086 τοῦ
3646 2033 3784 2104 ἰτλή⁴

2205 2125 2332 2190 θους
2353 2121 2421 2198 ἦν
2450 2127 2512 2180 τὸ
2539 2126 2744 2198 κρίνειν
2776 2127 2902 2189 τοὺς
2935 2128 3000 2184 ἐκ
3043 2126 3187 2180 θείου
3222 2126 3538 2196 Πνεύματος
3576 2143 3782 2198 προφε-

2207 2219 2488 2291 ρομένους,
2519 2220 2613 2274 καὶ
2636 2220 2735 2283 τὰς
2761 2219 2978 2282 ἐνθέους
3004 2219 3149 2290 ᾠδὰς
3167 2260 3182 2284 ,
3225 2218 3339 2273 ἀλλ’
3366 2215 3507 2290 ἦσαν
3563 2218 3785 2290 βραχεῖς

2206 2313 2301 2364 καὶ
2331 2312 2546 2366 σπάνιοι
2573 2312 2788 2383 μέτοχοι
2819 2312 2912 2366 καὶ
2956 2313 3109 2365 αὐτοὶ
3151 2311 3294 2364 θείου
3330 2312 3646 2381 Πνεύματος
3671 2311 3786 2364 δια-

2209 2406 2454 2477 κριτικοῦ
2484 2406 2592 2458 τῶν
2623 2407 2948 2490 λεγομένων,
2979 2400 3060 2470 οἷς
3091 2406 3185 2460 καὶ⁷
3211 2405 3392 2476 μόνοις
3431 2405 3559 2475 ἐξῆν
3592 2404 3783 2475 ἐγκρί-

2207 2511 2340 2560 νειν,
2370 2495 2466 2548 καὶ
2497 2496 2562 2566 δὴ
2594 2495 2851 2567 ἁφιεροῦν
2879 2496 2978 2560 τὰς
3010 2496 3307 2567 προφητῶν
3337 2495 3574 2567 βίϐλους,
3604 2495 3704 2558 τὰς
3727 2494 3786 2548 δὲ

2207 2585 2314 2639 τῶν
2345 2585 2420 2656 μὴ
2450 2585 2704 2638 τοιούτων
2731 2585 3172 2658 ἀποδοκιμάζειν.

519 2670 613 2725 sed
641 2673 796 2741 pauci
824 2682 1014 2740 erant,
1048 2675 1235 2731 divino
1278 2675 1482 2748 Spiritu
1506 2717 1524 2741 ,
1562 2676 1722 2746 cujus
1763 2679 1979 2748 propria
2009 2678 2098 2732 illa
2136 2679 2476 2734 describendi
2511 2679 2596 2734 vis
2628 2689 2732 2747 est,
2773 2679 2935 2735 amati
2964 2680 3065 2751 ipsi
3123 2695 3345 2750 quoque
3385 2681 3586 2751 quibus
3618 2679 3784 2735 etiam

521 2763 646 2820 unis
682 2781 746 2820 ea
775 2767 842 2822 de
869 2783 928 2822 re
953 2778 1216 2836 statuere,
1247 2771 1508 2843 ipsosque
1535 2773 1672 2828 adeo
1715 2773 2106 2844 prophetarum
2145 2774 2316 2830 libros
2363 2790 2711 2840 consecrare,
2775 2785 3002 2832 caeteros
3049 2790 3179 2831 vero
3217 2784 3476 2846 tanquam
3520 2775 3786 2830 adulteri-

521 2872 624 2914 nos
657 2873 722 2913 ac
748 2861 967 2930 spurios
1003 2862 1320 2932 abjudicare
1349 2865 1554 2921 liceret.

1085 2961 1313 3017 CAPUT
1349 2963 1543 3020 XXIV.

524 3065 728 3123 Cantus
768 3069 936 3148 etiarn
961 3073 1016 3126 in
1045 3074 1290 3148 conviviis
1309 3084 1606 3148 ,7tanquam
1632 3075 1924 3131 convivales
1953 3093 2106 3148 quas-

901 3141 1026 3196 dam
1050 3143 1205 3213 leges,
1237 3141 1562 3214 recipiendos
1585 3163 1714 3201 esse.

604 3251 623 3283 ι
651 3231 944 3299 Caeterum,
979 3236 1156 3306 inquit
1200 3235 1375 3302 Plato,
1423 3239 1570 3308 quod
1602 3256 1633 3295 a
1657 3241 1816 3296 nobis
1854 3249 2106 3311 suscepta

527 3325 765 3393 primum
816 3325 1118 3397 disputatio
1152 3331 1502 3399 sequebatur,
1540 3341 1600 3387 ut
1642 3334 1763 3402 opis
1798 3334 2003 3404 aliquid
2038 3334 2107 3388 ad

528 3413 726 3470 Bacchi
749 3418 976 3474 chorum
1007 3423 1176 3490 probe
1202 3423 1598 3479 instituendum
1628 3424 1864 3491 afferret,
1899 3427 1950 3480 id
1979 3428 2108 3480 har-

529 3516 690 3564 tenus
738 3526 838 3581 pro
875 3511 1134 3568 facultate
1167 3524 1354 3570 nostra
1386 3515 1768 3572 disseruimus.
1801 3515 1956 3572 Nunc
1977 3533 2107 3588 ergo

531 3607 815 3664 videamus
847 3618 1032 3664 utrum
1059 3625 1090 3665 a
1121 3609 1280 3664 nobis
1312 3609 1613 3682 perfectum
1646 3611 1697 3666 id
1726 3611 1912 3664 fuerit.
1967 3611 2108 3667 Sane

530 3706 854 3754 conventum
880 3700 1150 3766 ejusmodi
1178 3715 1403 3757 necesse
1421 3702 1825 3772 quodammodo
1844 3710 1946 3766 est,
1975 3703 2105 3756 dum

531 3790 867 3860 compotatio
889 3792 1064 3863 magis
1099 3808 1316 3863 semper
1346 3794 1631 3865 magisque
1664 3793 1856 3862 fervet,
1911 3797 2106 3852 turbu-

533 3883 818 3938 lentiorem
850 3884 1112 3952 evadere;
1145 3886 1292 3956 quod
1327 3885 1491 3940 etiam
1532 3886 1600 3940 ab
1638 3886 1794 3941 initio
1827 3888 1912 3943 his
1944 3888 1995 3941 in
2025 3905 2110 3943 re—

533 3973 671 4041 bus,
707 3974 774 4029 de
805 3975 1005 4045 quibus
1051 3992 1198 4031 nunc
1243 3977 1458 4046 agitur,
1508 3979 1829 4034 necessitate
1873 3981 2109 4051 quadam

531 4067 750 4121 evenire
783 4068 1088 4137 posuimus.
1119 4098 1192 4108 —
1226 4069 1460 4125 Necesse
1507 4071 1560 4125 id
1607 4071 1846 4141 quidem.
1874 4104 1944 4112 —
1970 4072 2106 4127 Tum

535 4173 663 4213 vero
695 4159 928 4229 quisque
967 4159 1130 4215 solito
1174 4161 1349 4216 levior
1382 4161 1626 4233 indulget
1657 4164 1784 4229 sibi,
1815 4180 1880 4219 ac
1924 4165 2108 4220 laetitia

536 4250 748 4305 Solutus
781 4259 842 4305 ut
885 4251 1111 4306 liberius
1139 4252 1477 4322 elfusiusque
1519 4253 1782 4322 loquitur,
1830 4255 1902 4309 ita
1934 4256 2110 4309 nemi-

536 4356 659 4397 nem
690 4342 905 4398 interim
928 4359 993 4397 ex
1013 4343 1207 4399 vicinis
1235 4345 1408 4409 audit,
1422 4345 1513 4400 sed
1543 4347 1727 4415 potius
1755 4346 1984 4402 idoneus
2007 4347 2109 4402 sibi

537 4433 779 4502 quidam,
828 4443 881 4489 et
907 4434 1012 4501 sui,
1054 4443 1106 4489 et
1135 4444 1456 4491 cancrorum
1505 4439 1750 4492 omnium
1799 4437 2111 4492 moderator

536 4524 768 4579 videtur.
800 4554 870 4563 —
893 4522 1119 4594 Quippe.
1142 4552 1213 4562 —
1236 4525 1348 4582 Nos
1382 4541 1514 4582 vero
1553 4528 1818 4593 diximus,
1866 4529 1955 4582 ubi
1996 4528 2111 4583 hare

536 4615 816 4692 eveniunt,
832 4616 1131 4670 bibentium
1152 4618 1385 4681 animos,
1409 4627 1761 4690 posteaquam
1781 4620 1958 4691 ignem
1978 4619 2111 4673 ferri

538 4721 689 4782 more
721 4707 1266 4778 conceperint,598
1283 4709 1561 4767 molliores
1591 4727 1654 4766 ac
1679 4713 1928 4782 juniores
1955 4712 2067 4765 ﬁeri
2093 4730 2109 4778 ;

538 4795 835 4865 utperinde
866 4798 1092 4852 omnino
1122 4813 1184 4852 ac
1208 4799 1337 4853 dum
1367 4802 1666 4857 teneriores
1697 4801 1876 4856 adhuc
1907 4810 2110 4867 essent,

537 4885 586 4938 ei
619 4886 712 4954 qui
743 4885 878 4941 alios
906 4889 1123 4942 erudire
1157 4905 1220 4944 ac
1249 4889 1448 4961 ﬁngere
1479 4892 1652 4962 possit
1676 4909 1740 4947 ac
1772 4893 2004 4956 noverit,
2041 4892 2116 4946 fa-

475 5024 479 5028 .
539 4976 755 5030 ciliores
781 4992 900 5032 sese
933 4986 1048 5032 tum
1073 4994 1136 5034 ac
1169 4981 1565 5036 tractabiliores
1598 4981 1892 5050 praebcant.
1928 4980 2111 5034 Ficto-

482 5109 487 5124 ς
543 5087 654 5126 rem
688 5087 848 5140 porro
880 5073 1173 5129 statuimus
1220 5074 1376 5130 illum
1423 5076 1624 5146 ipsum,
1653 5076 1746 5146 qui
1795 5087 1909 5130 tum
1937 5075 2114 5130 bonus

485 5147 494 5158 ’
541 5164 704 5217 etiam
737 5164 896 5218 nobis
924 5165 1203 5235 legislator
1237 5177 1373 5223 erat.
1430 5166 1529 5222 llic
1560 5168 1872 5222 convivales
1896 5182 2114 5237 quoque

541 5255 688 5326 leges
713 5257 1005 5324 describet,
1041 5259 1242 5329 quibus
1275 5260 1607 5330 petulantior
1655 5259 1760 5314 ista
1791 5259 2114 5314 conlidentis

543 5358 595 5402 et
621 5347 872 5403 audaculi
902 5349 1161 5416 hominis,
1197 5351 1289 5420 qui
1319 5349 1530 5405 nullum
1551 5350 1664 5419 jam
1695 5350 1966 5412 ordinem,
1991 5348 2113 5401 nul-

545 5440 624 5495 las
654 5439 849 5496 silendi
876 5456 940 5496 ac
968 5441 1249 5514 loquendi,
1293 5442 1472 5499 nullas
1516 5440 1735 5498 bibendi
1777 5441 2116 5511 canendique

617 5573 730 5644 (‘26)
772 5574 1051 5644 Θατέρου.
1083 5575 1160 5630 lta
1189 5576 1352 5631 etiam
1396 5574 1584 5641 Plato;
1636 5574 1733 5631 sed
1773 5574 1999 5631 omnino
2028 5586 2116 5629 re-

551 5646 853 5718 ptitieiiilnilt
888 5646 1137 5718 θεάτρου,
1163 5663 1226 5718 ett
1263 5648 1358 5702 alt.
1390 5661 1667 5702 manuscr.

641 5715 729 5781 ‘27)
770 5713 923 5767 Plato
948 5729 1000 5769 et
1023 5713 1151 5777 ὡς..
1179 5716 1274 5781 ὥς.

622 5784 732 5856 ιῖδ)
774 5786 882 5839 Καὶ
915 5785 1078 5854 ὅπερ.
1112 5787 1268 5858 lbid.,
1303 5803 1427 5858 pag.
1460 5786 1586 5852 585,
1615 5785 1679 5842 C.

2713 2962 3109 3016 ΚΕΦΑΛΔΙΟΝ
3147 2963 3272 3016 KA'.

2213 3077 2336 3130 Ὅτι
2384 3076 2483 3130 καί
2518 3075 2588 3146 ἐν
2643 3077 2769 3142 τοῖς
2814 3077 3179 3146 συμποσίοις
3222 3075 3648 3144 παραληπτέον
3679 3076 3788 3142 τὰς

2332 3147 2509 3215 ᾠδὰς,
2533 3145 2735 3216 ὥσπερ
2768 3149 2936 3212 τινὰς
2964 3150 3190 3216 νόμους
3223 3149 3650 3215 συμποτικούς.

2286 3261 2305 3292 ι
2347 3241 2457 3295 Καὶ
2488 3242 2624 3310 ὅπερ
2653 3240 2765 3312 (28)
2798 3241 2827 3292 ό
2858 3241 3013 3308 λόγος
3045 3241 3102 3293 ὲν
3133 3241 3329 3311 ἀρχαῖς
3359 3241 3654 3312 ἐϐουλήθη,
3685 3240 3787 3311 τὴν

2207 3332 2285 3403 τῷ
2309 3333 2402 3387 τοῦ
2433 3333 2687 3388 Διονύσου
2714 3329 2860 3403 χορῷ
2894 3331 3144 3400 βοήθειαν
3175 3329 3440 3394 ἐπιδεῖξαι
3484 3331 3664 3394 καλῶς
3701 3331 3787 3383 λε-

2209 3425 2466 3496 γομένην,
2497 3427 2576 3488 εἰς
2604 3424 2830 3494 δύναμιν
2852 3423 3063 3493 εἴρηκε.
3100 3421 3438 3490 Σκοπώμεθα
3465 3421 3528 3492 δὴ
3562 3425 3611 3475 εἰ
3639 3423 3786 3476 τοῦθ’

2207 3517 2350 3570 οὓτω
2373 3517 2584 3584 γέγονε,
2609 3513 2916 3587 θορυϐώδης
2945 3513 3042 3582 μέν
3067 3530 3169 3565 που
3201 3515 3229 3564 ὁ
3259 3512 3510 3580 ξύλλογος
3540 3516 3569 3566 ό
3609 3514 3787 3566 τοιοῦ-

2207 3627 2300 3673 τος
2350 3608 2410 3672 ἐξ
2457 3607 2741 3676 ἀνάγκης,
2777 3603 3068 3673 προϊούσης
3115 3603 3214 3672 τῆς
3263 3603 3473 3666 πόσεως
3519 3602 3598 3655 ἔτι
3648 3604 3790 3673 μᾶλ-

2210 3702 2302 3754 λον
2334 3699 2446 3770 (29)
2479 3700 2566 3753 ἀεὶ
2593 3698 2728 3769 (50),
2764 3695 3050 3766 ξυμϐαίνει
3073 3695 3382 3764 γενόμενος,
3418 3695 3556 3767 ὅπερ
3587 3694 3787 3750 ὑπεθέ-

2214 3793 2350 3864 μεθα
2380 3792 2498 3844 κατ’
2529 3789 2703 3860 ἀρχάς
2731 3789 3024 3855 ἀναγκαῖον
3057 3783 3193 3840 εἶναι
3235 3787 3480 3855 γίνεσθαι
3512 3787 3640 3858 περὶ
3678 3787 3790 3841 τῶν

2210 3882 2306 3937 νῦν
2335 3882 2637 3952 λεγομένων
2661 3879 2880 3949 (51).--
2909 3879 3168 3948 Ἀνάγκη.
3197 3908 3266 3917 -
3300 3878 3415 3940 Πᾶς
3445 3877 3503 3930 δέ
3536 3894 3602 3946 γε
3627 3879 3790 3942 αὐτὸς

2210 3974 2374 4028 αὑτοῦ
2411 3973 2734 4044 κουφότερος
2756 3971 2988 4046 αἴρεται,
3008 3971 3099 4025 καὶ
3127 3969 3326 4040 γέγηθέ
3347 3986 3405 4021 τε
3446 3969 3538 4022 καλ⁸
3573 3971 3789 4041 παρρη-

2213 4069 2333 4131 σίας
2389 4066 2792 4138 ἐμπίμπλαται,
2844 4066 2938 4119 καὶ
2966 4063 3326 4136 ἀνηκουστίας
3357 4065 3414 4114 ἐν
3446 4061 3524 4133 τῷ
3563 4061 3791 4132 τοιούτῳ

2210 4161 2319 4214 τῶν
2357 4159 2542 4222 πέλας,
2567 4160 2748 4230 ἄρχων
2770 4158 2814 4211 δ’
2847 4157 3028 4220 ἱκανὸς
3057 4156 3196 4221 ἀξιοῖ
3239 4154 3402 4208 αὐτοῦ
3448 4171 3505 4207 τε
3558 4154 3652 4209 καὶ
3682 4155 3790 4206 τῶν

2213 4253 2388 4306 ἄλλων
2415 4252 2715 4322 γεγονέναι.
2745 4281 2812 4292 --
2831 4249 2896 4302 Τί
2923 4250 3028 4320 μήν
3053 4265 3069 4313 ;
3102 4277 3171 4287 --
3196 4245 3402 4299 Οὐκοῦν
3432 4245 3640 4316 ἔφαμεν
3663 4247 3791 4300 ὅταν

2213 4343 2428 4414 γίνηται
2455 4342 2648 4406 ταῦτα,
2670 4341 2922 4412 καθάπερ
2949 4338 3070 4392 τινὰ
3096 4337 3330 4407 σίδηρον,
3355 4337 3454 4400 τὰς
3476 4337 3653 4408 ψυχάς
3682 4337 3790 4390 τῶν

2218 4435 2477 4489 πινόντων
2531 4432 2827 4503 διαπύρους
2877 4430 3196 4501 γενομένας,
3255 4428 3647 4499 μαλακωτέρας
3679 4428 3788 4495 (5‘2)

2214 4523 2458 4594 γίνεσθαι
2487 4523 2581 4576 καὶ
2597 4523 2885 4594 νεωτέρας,
2903 4521 3029 4573 ὥστ’
3047 4518 3359 4586 εὐαγώγους
3383 4519 3697 4589 ξυμϐαίνειν
3713 4520 3790 4588 τῷ

2212 4615 2496 4684 δυναμένῳ
2521 4631 2580 4666 τε
2608 4613 2701 4666 καὶ
2735 4610 3081 4680 ἐπισταμένῳ
3103 4609 3373 4662 παιδεύειν
3401 4626 3464 4661 τε
3500 4611 3593 4663 καὶ
3620 4609 3789 4661 πλάτ-

2212 4725 2346 4770 τειν,
2382 4707 2632 4776 καθάπερ
2652 4707 2726 4759 ὅτ’
2759 4700 2898 4775 ἦσαν
2926 4703 3070 4755 νέαι·
3093 4701 3278 4754 τοῦτον
3307 4702 3362 4754 δὲ
3384 4697 3523 4754 εἶναι
3548 4703 3636 4754 τὸν
3665 4702 3792 4755 πλά-

2215 4816 2346 4870 στην
2371 4799 2464 4852 τὸν
2487 4798 2668 4862 αὐτὸν,
2696 4799 2864 4867 ὅνπερ
2895 4796 3015 4848 τότε
3066 4795 3157 4847 τὸν
3203 4793 3402 4862 ἀγαθὸν
3456 4794 3748 4864 νομοθέτην
3771 4811 3785 4824 ο

2211 4883 2274 4943 οὗ
2315 4890 2511 4960 νόμους
2558 4885 2698 4941 εἶναι
2745 4887 2828 4939 δεῖ
2877 4887 3265 4956 συμποτικοὺς,
3315 4885 3644 4955 δυναμένους
3697 4885 3790 4936 τὸν

2214 4981 2431 5034 εὔελπιν
2465 4980 2557 5032 καὶ
2590 4979 2886 5050 θαρραλέον
2915 4979 3119 5030 ἐκεῖνον
3149 4978 3428 5047 γινόμενον
3448 5016 3465 5041 ,
3496 4979 3590 5030 καὶ
3635 4979 3788 5030 ἀναι-

2217 5074 2568 5145 σχυντότερον
2596 5070 2690 5125 τοῦ
2718 5070 2949 5132 δέοντος,
2976 5070 3070 5122 καὶ
3099 5070 3160 5121 οὐ
3186 5069 3406 5123 θέλοντα
3447 5070 3600 5134 τάξιν
3621 5109 3634 5131 ,
3694 5070 3790 5121 καὶ

2213 5163 2274 5216 τὸ
2306 5163 2446 5216 κατὰ
2476 5161 2640 5234 μέρος
2667 5161 2822 5229 σιγῆς
2850 5159 2941 5212 καὶ
2965 5158 3146 5224 λόγου,
3180 5159 3272 5210 καὶ
3304 5159 3512 5222 πόσεως
3540 5158 3630 5210 καὶ
3661 5158 3780 5227 μού-

2217 5271 2317 5324 σης
2350 5253 2659 5324 ὑπομένειν,
2691 5251 2896 5304 ἐθέλειν
2928 5254 3099 5302 ποιεῖν
3133 5250 3307 5302 πάντα
3350 5250 3557 5314 τούτοις
3596 5251 3791 5303 τάναν-⁹

2213 5347 2332 5401 τία’
2361 5347 2455 5400 καὶ
2483 5344 2702 5398 εἰσιόντι
2730 5341 2807 5413 τῷ
2845 5341 2919 5414 μὴ
2961 5341 3113 5413 καλῷ
3143 5340 3332 5413 θάρῤει
3366 5341 3456 5396 τὸν
3505 5343 3791 5398 κάλλιπον

2215 5439 2611 5511 διαμαχόμενον
2643 5436 2805 5506 φόϐον
2833 5434 3181 5506 εἰσπέμπειν,
3205 5433 3348 5498 οἴους
3384 5451 3443 5488 τε
3469 5430 3606 5490 εἶναι
3651 5435 3791 5505 μετὰ

3329 5565 3488 5620 ἄλλον
3505 5607 3519 5631 ,
3554 5583 3618 5620 ex
3650 5565 3788 5622 Plat.

3319 5639 3577 5693 latonetn.

2311 5572 2401 5642 ‘29)
2446 5572 2574 5626 Ἔτι
2606 5569 2860 5642 μᾶλλον.
2893 5566 3112 5642 Przestal
3158 5566 3251 5642 sui.

2311 5637 2399 5712 δυ)
2443 5642 2578 5712 :Asl.
2608 5637 2804 5694 Melius
2831 5653 2995 5712 quam
3024 5640 3072 5691 εἰ
3105 5637 3247 5708 apud

2312 5654 2399 5712 δυ)
2454 5654 2578 5696 Ἀει.
2611 5654 2804 5694 Mettus
2870 5654 2995 5691 uam

2312 5715 2402 5780 51)
2442 5710 2617 5778 Plato,
2644 5654 2998 5780 ytyvopgvmv.

2292 5778 2403 5855 (5‘2)
2445 5783 2619 5849 Plato,
2653 5778 3099 5853 μαλθακωτέρας.
