4156 6420
332 362 439 420 995
1518 352 1839 408 PRIEPAR.
1882 348 2133 406 EVANG.
2177 347 2304 403 LIB.
2346 346 2460 403 XII.
3493 351 3601 410 994

335 478 515 547 δίκης,
545 472 605 527 δν
637 470 769 527 αἰδῶ
790 485 850 525 τε
884 471 980 524 καὶ
1030 469 1292 541 αἰσχύνην
1320 468 1461 525 θεῖον
1493 470 1659 541 φόϐον
1697 469 1916 543 ὠνομά-

2037 470 2170 523 vices
2216 467 2362 525 terra
2404 465 2599 538 possit,
2635 466 2971 537 impudentia
3006 467 3074 523 ad
3116 468 3406 525 contrarie
3432 470 3606 528 hone-

337 581 536 636 καμεν.
552 592 621 602 --
639 563 797 615 Ἔστι
815 561 1304 616 ταῦτα-Τούτων
1315 560 1371 614 δέ
1387 577 1450 627 γε
1468 561 1575 615 τῶν
1589 561 1768 632 νόμων
1779 558 1917 616 εἶναι

2037 560 2178 615 statis
2204 570 2258 615 et
2282 559 2563 615 modestiae
2594 556 2770 613 oﬂicia
2798 566 3087 615 revocetur
3118 577 3132 614 :
3166 570 3329 631 atque
3355 561 3431 616 ita
3464 563 3601 617 sub.

337 655 718 729 νομοφύλακας
742 654 836 708 καὶ
865 654 1326 727 συνδημιουργοὺς
1345 653 1528 717 αὐτοῖς
1549 654 1673 717 τοὺς
1716 652 1920 725 ἀθορύο

2037 651 2172 705 eunti
2216 650 2475 721 paulatim
2508 648 2869 720 gliscentique
2912 652 3221 721 proterviae,
3254 652 3606 710 adversarius

338 749 467 812 σούς
523 747 616 802 καὶ
670 749 957 818 νήφοντας.
996 766 1016 798 ι
1046 746 1287 809 Εἰκότως
1330 743 1622 817 τοιγαροῦν
1664 744 1760 798 καὶ
1786 747 1919 816 ἡμῖν

2037 752 2332 812 apponatur
2367 741 2793 799 honestissimus
2840 742 2934 797 ille
2966 752 3167 807 metus,
3198 743 3465 814 idemque
3479 761 3607 802 cum

337 842 521 905 αὐτοῖς
549 842 607 893 ὲν
638 843 750 903 τοῖς
794 838 1116 910 συμποσίοις
1147 838 1292 910 ᾠδὰς
1317 840 1408 892 καὶ
1431 838 1631 909 ὕμνους
1673 839 1754 901 εἰς
1786 837 1920 891 Θεὸν

2037 835 2281 906 equitate
2336 836 2686 906 coniunctus,
2736 852 2901 907 quem
2954 838 3220 908 pudorem
3251 854 3318 895 ac
3340 855 3609 896 verecun—

338 936 747 1009 πεποιημένους
779 934 926 1007 ᾅδειν
964 933 1364 1006 παραδέδοται,
1402 930 1495 985 τοῦ
1546 931 1920 1001 προσήκοντος

2037 928 2196 993 diam,
2225 926 2473 982 divinum
2501 927 2691 999 utique
2713 936 2942 996 metum,
2971 930 3387 999 appellavimus.
3416 961 3486 972 —
3517 929 3612 986 Sric

338 1031 545 1102 κόσμου
566 1029 676 1083 τῶν
701 1030 828 1100 παρ’
861 1029 995 1099 ἡμῖν
1025 1025 1281 1096 φυλάκων
1313 1022 1742 1095 ἐπιμελομένων.

2037 1029 2131 1078 est.
2161 1051 2231 1060 -—
2261 1019 2466 1078 Harum
2497 1030 2760 1091 praeterea
2793 1021 2978 1093 legum
3005 1023 3281 1089 custodes,
3325 1024 3419 1096 qui
3451 1039 3609 1081 suam

338 1123 450 1178 illis
477 1135 699 1191 operam
734 1126 1034 1180 navareut,
1084 1114 1303 1186 quietos
1336 1113 1586 1169 homines
1616 1128 1683 1170 ac
1709 1110 1925 1168 sobrios
1961 1126 2085 1168 esse
2139 1112 2437 1168 voluimus.
2469 1130 2491 1163 ι
2530 1112 2659 1166 Haec
2682 1111 2795 1167 ille.
2841 1111 2976 1168 Jure
2997 1112 3163 1184 igitur
3201 1115 3293 1171 hic
3338 1117 3484 1185 apud
3507 1131 3613 1173 nos

338 1214 506 1270 etiam
550 1212 607 1267 in
649 1209 936 1276 conviviis,
984 1207 1119 1263 odas
1145 1216 1200 1263 et
1225 1208 1460 1277 hymnos
1483 1206 1538 1259 in
1572 1203 1668 1281 liei
1699 1204 1916 1258 laudem
1954 1203 2186 1259 canendi
2239 1211 2493 1274 receptus
2523 1218 2645 1260 mos
2674 1212 2761 1260 est
2791 1222 2808 1261 :
2843 1220 2956 1275 quo
2987 1206 3043 1261 in
3070 1222 3292 1279 genere,
3338 1210 3613 1269 honestati

341 1322 406 1362 ac
436 1300 716 1359 modestia:
757 1300 930 1355 nostri
965 1313 1185 1369 quoque
1225 1296 1601 1352 moderatores
1632 1293 1919 1366 invigilant
1955 1304 2120 1365 atque
2147 1296 2509 1368 prospiciunt.

850 1390 1250 1447 ΚΕΦΑΛΑΙΟΝ
1286 1391 1413 1444 KE'.

342 1536 466 1590 Ὀτι
488 1537 561 1590 οὐ
589 1532 779 1589 πᾶσιν
799 1527 1186 1599 ἐπιτρεπτέον
1218 1527 1335 1597 τὴν
1362 1525 1471 1583 τοῦ
1509 1526 1679 1580 οἴνου
1717 1524 1921 1579 πόσιν.

418 1666 438 1700 t
478 1649 540 1701 Ei
566 1646 669 1718 μέν
694 1662 779 1708 τις
819 1643 933 1715 (35)
986 1640 1174 1705 πόλις,
1210 1638 1286 1704 ὡς
1317 1637 1484 1711 οὔσης
1535 1638 1792 1709 σπουδῆς,
1845 1635 1925 1708 τῷ

341 1738 733 1812 ἐπιτηδεύματι
765 1734 845 1807 τῷ
869 1733 965 1788 νῦν
983 1735 1102 1804 είρη
1112 1732 1257 1803 μένῳ
1281 1732 1543 1803 χρήσεται
1580 1729 1717 1802 μετὰ
1743 1731 1924 1801 νόμων

340 1838 439 1892 καὶ
475 1834 701 1900 τάξεως,
726 1832 801 1895 ὡς
825 1828 919 1884 τοῦ
945 1829 1240 1899 σωφρονεῖν
1264 1825 1375 1897 (54)
1399 1825 1583 1879 εἵνεκα
1604 1823 1924 1898 μελέτῃβῖἢ

340 1928 624 2003 χρωμένη,
655 1926 749 1981 καὶ
781 1923 889 1977 τῶν
918 1920 1094 1977 ἄλλων
1126 1918 1329 1992 ἡδονῶν
1355 1917 1430 1990 μὴ
1458 1916 1717 2003 ἀφέξεται
1745 1915 1929 1970 ὡσαύ-

338 2039 452 2085 τως
484 2021 577 2074 καὶ
619 2016 759 2072 κατὰ
792 2016 885 2070 τὸν
923 2014 1086 2067 αὑτὸν
1118 2012 1296 2081 λόγον,
1348 2008 1442 2063 τοῦ
1491 2010 1714 2081 κρατεῖν
1752 2006 1929 2067 αὐτῶν

339 2113 507 2167 ἕνεκα
544 2107 909 2183 μηχανωμένη
932 2146 947 2171 ,
977 2104 1166 2160 τοῦτον
1201 2103 1303 2174 μὲν
1361 2100 1453 2155 τὸν
1504 2100 1708 2172 τρόπον
1756 2099 1930 2154 ἅπασι

339 2204 555 2266 τούτοις
583 2201 847 2273 χρηστέον
867 2216 880 2229 ·
904 2200 952 2251 εί
977 2197 1022 2251 δ’
1045 2196 1123 2259 ὡς
1148 2193 1337 2265 παιδιᾷ
1363 2209 1422 2246 τε
1459 2192 1555 2247 καὶ
1592 2191 1807 2256 ἐξέσται
1851 2188 1932 2261 τῷ

342 2293 677 2369 βουλομένῳ,
708 2291 803 2344 καὶ
832 2291 961 2344 ὅταν
996 2286 1275 2359 βούληται,
1302 2285 1397 2338 καὶ
1433 2282 1552 2355 μεθ’
1595 2276 1671 2337 ὧν
1710 2280 1777 2335 ἂν
1810 2278 1933 2352 βού-

341 2391 526 2460 ληται,
561 2385 736 2439 πίνειν
768 2382 886 2455 μετ’
909 2380 1163 2451 ὲπιτηδευ
1172 2378 1358 2449 μάτων
1379 2373 1714 2429 ὡντινωνοῦν
1734 2372 1928 2428 ἄλλων·

342 2482 447 2535 οὐκ
474 2478 538 2532 ἂν
565 2475 814 2547 τιθείμην
840 2471 1042 2542 ταύτην
1068 2468 1166 2541 τὴν
1190 2468 1391 2539 ψῆφον,
1420 2467 1497 2530 ὡς
1518 2465 1601 2518 δεῖ
1626 2480 1757 2517 ποτε
1792 2461 1934 2536 μέθῃ

344 2570 583 2646 χρῆσθαι
619 2566 825 2637 ταύτην
857 2563 956 2637 τὴν
982 2560 1137 2616 πόλιν
1168 2559 1204 2631 ἢ
1236 2558 1426 2612 τοῦτον
1446 2558 1538 2611 τὸν
1574 2556 1764 2627 ἄνδρα,
1816 2554 1933 2609 ἀλλ’

345 2645 431 2719 ἔτι
464 2661 664 2736 μᾶλλον
692 2657 792 2729 τῆς
828 2653 1066 2728 Κρητῶν
1115 2653 1211 2705 καὶ
1251 2649 1694 2721 Λακεδαιμονίων
1745 2645 1934 2719 χρείας

345 2755 688 2830 προσθείμην
711 2752 776 2806 ἂν
807 2749 885 2821 τῷ
900 2742 1290 2818 Καρχηδονίων
1323 2742 1471 2815 νόμῳ
1489 2782 1503 2808 ,
1534 2741 1804 2814 μηδέποτε
1831 2757 1936 2811 μη-

345 2849 473 2903 δένα
496 2847 588 2900 ἐπὶ
616 2837 980 2918 στρατοπέδου
1013 2833 1272 2906 γεύεσθαι
1309 2833 1499 2888 τούτου
1531 2832 1626 2887 τοῦ
1670 2831 1933 2904 πόματος,

346 2941 463 2997 ἀλλ’
513 2934 860 3011 ὑδροποσίαις
922 2928 1270 2999 συγγίνεσθαι
1336 2925 1528 2980 τοῦτον
1593 2923 1685 2978 τὸν
1744 2922 1935 2994 χρόνον

349 3036 595 3089 ἅπανταθ
639 3027 736 3084 καὶ
766 3025 910 3082 κατὰ
956 3025 1133 3092 πόλιν,
1165 3024 1304 3095 μήτε
1340 3018 1525 3074 δοῦλον
1575 3019 1713 3089 μήτε
1742 3014 1936 3086 δούλην

347 3121 608 3194 γεύεσθαι
638 3118 928 3192 μηδέποτε,
957 3114 1091 3186 μηδὲ
1113 3114 1379 3186 ἄρχοντας
1406 3108 1594 3162 τοῦτον
1622 3105 1716 3159 τδν
1756 3105 1937 3157 ὲνιαυ-

2607 1388 2838 1448 CAPUT
2870 1388 3040 1445 XXV.

2166 1482 2293 1541 Vini
2317 1483 2530 1541 bibendi
2553 1485 2762 1557 copiam
2798 1500 2910 1557 non
2933 1484 3175 1541 omnibus
3199 1487 3496 1557 promiscue

2596 1554 2898 1625 faciendam
2924 1570 3057 1609 esse.

2108 1666 2127 1699 ι
2170 1646 2229 1702 Si
2255 1662 2379 1718 quae
2408 1646 2624 1715 civitas,
2652 1646 2835 1718 inquit
2855 1646 3034 1716 Plato,
3062 1656 3124 1704 ut
3152 1648 3204 1704 in
3237 1664 3295 1705 re
3326 1650 3468 1706 seria
3497 1650 3618 1709 ﬁeri

2032 1738 2190 1807 solet,
2244 1740 2391 1794 hunc
2439 1753 2673 1804 morem,
2706 1747 2873 1808 prout
2912 1738 3093 1810 legum
3125 1738 3443 1811 ordinisque
3475 1743 3619 1798 ratio

2030 1829 2346 1899 postulabit,
2388 1844 2658 1901 usurpare
2701 1829 2866 1897 volet,
2918 1829 3148 1900 perinde
3181 1845 3247 1885 ac
3282 1830 3329 1886 si
3361 1833 3619 1901 paranda

2032 1921 2409 1993 temperantiae
2434 1922 2630 1993 gratia,
2659 1921 3051 1978 exercitatione
3071 1924 3307 1994 quadam
3333 1933 3616 1981 uteretur:

2031 2011 2274 2082 itemque
2325 2011 2373 2067 si
2405 2012 2476 2068 ab
2513 2012 2637 2070 aliis
2671 2012 2924 2069 similiter
2972 2013 3368 2085 voluptatibus,
3419 2016 3616 2071 eodem

2032 2104 2285 2171 consilio,
2315 2118 2425 2160 non
2458 2102 2774 2171 abstinebit,
2805 2112 2865 2160 ut
2897 2120 3090 2162 earum
3121 2106 3228 2161 hac
3253 2106 3471 2163 tandem
3502 2119 3622 2164 arte

2032 2190 2228 2249 victrix
2261 2209 2384 2251 esse
2421 2204 2587 2265 queat
2614 2213 2628 2250 :
2662 2197 2766 2252 hoc
2795 2211 2931 2253 sane
2949 2198 3115 2252 modo
3144 2196 3310 2253 rebus
3342 2198 3410 2254 iis
3442 2199 3622 2254 omni-

2030 2285 2134 2341 bus
2160 2301 2259 2356 per
2287 2301 2376 2341 me
2404 2294 2591 2342 utatur
2618 2286 2765 2343 licet.
2800 2286 2898 2343 Sin
2938 2296 3123 2344 autem
3165 2287 3221 2344 id
3257 2298 3430 2345 totum
3459 2290 3624 2347 ludus

2032 2379 2263 2447 quidam
2287 2379 2415 2447 erit,
2469 2380 2518 2437 si
2563 2387 2619 2435 et
2662 2380 2869 2437 volenti
2897 2380 3140 2449 cuilibet,
3175 2392 3230 2437 et
3254 2382 3370 2449 ubi,
3403 2396 3468 2440 ac
3497 2383 3623 2455 qui-

2033 2473 2265 2528 buscum
2305 2470 2424 2541 ipse
2468 2470 2728 2541 voluerit,
2780 2471 2856 2528 ita
2902 2472 3093 2529 bibere
3150 2474 3514 2546 permittatur,
3562 2482 3625 2531 ut

2033 2578 2133 2635 pro
2181 2561 2412 2618 arbitrio
2466 2562 2617 2619 aliud
2668 2562 2837 2619 simul
2882 2562 3166 2633 quodlibet
3214 2564 3627 2621 exercitationis

2034 2669 2208 2726 genus
2241 2654 2543 2727 adjungat;
2585 2670 2868 2727 nunquam
2898 2654 3151 2726 equidem
3181 2664 3372 2710 auctor
3400 2653 3622 2723 fuerim,

2036 2759 2098 2806 ut
2130 2749 2399 2821 ejusmodi
2442 2748 2528 2804 vel
2567 2748 2706 2818 reip.
2737 2747 2820 2803 vel
2855 2746 3066 2802 homini
3095 2746 3427 2818 largioribus
3452 2762 3627 2817 pocu-

2035 2843 2106 2900 li‘s
2147 2841 2432 2910 indulgere
2477 2840 2661 2896 liceat.
2695 2837 2839 2893 Tum
2883 2838 3166 2894 enimvero
3206 2836 3626 2908 Carthaginien-

2037 2934 2181 2991 sium
2220 2934 2394 3005 legem
2436 2932 2614 2988 multo
2658 2929 2859 3002 magis,
2909 2943 3074 3000 quam
3109 2938 3205 2983 aut
3252 2927 3625 2995 Cretensium,

2037 3037 2133 3082 aut
2160 3024 2702 3081 Lacedaemoniorum
2731 3020 3184 3079 consuetudinem
3215 3019 3517 3090 probarim,
3543 3021 3624 3075 uti

2038 3133 2201 3178 nemo
2262 3133 2504 3190 unquam
2557 3117 2614 3172 in
2664 3116 2909 3173 exercitu
2962 3128 3135 3187 genus
3196 3112 3302 3168 hoc
3348 3112 3625 3183 poculenti

348 3218 442 3273 τὸν
466 3217 525 3270 ὃν
558 3214 623 3269 ἂν
655 3214 886 3286 ἄρχωσι,
919 3208 1041 3282 μηδ’
1064 3203 1131 3261 αὖ
1172 3203 1515 3277 κυϐερνήτας
1538 3240 1554 3265 ,
1610 3198 1745 3271 μηδὲ
1785 3196 1938 3249 δικα-

2039 3221 2240 3287 gustet,
2305 3211 2400 3267 sed
2452 3218 2570 3265 toto
2619 3208 2830 3264 militiae
2886 3215 3133 3277 tempore
3185 3219 3385 3275 aquam
3437 3204 3631 3261 bibere

350 3311 485 3374 στὰς
514 3308 771 3381 ἐνεργοὺς
811 3305 970 3368 ὄντας
990 3341 1013 3385 ,δ
1040 3300 1182 3355 οῖνου
1227 3295 1482 3367 γεύεσθαι
1530 3293 1592 3347 τὸ
1635 3290 1893 3362 παράπαν
1917 3304 1952 3349 ·,

352 3402 491 3475 μηδὲ
521 3379 669 3463 ὅστις
699 3379 1117 3470 βουλευσόμενος
1164 3392 1246 3454 είς
1280 3387 1475 3460 βουλὴν
1512 3383 1667 3475 ἀξίαν
1694 3380 1818 3475 τινά
1849 3379 1939 3433 λό-

349 3473 452 3566 γου
488 3492 803 3564 συνέρχεται
821 3507 835 3520 ’
868 3486 1002 3561 μηδέ
1031 3502 1095 3556 γε
1127 3483 1244 3557 μεθ’
1267 3481 1481 3555 ἡμέραν
1511 3474 1712 3549 μηδένα
1734 3473 1820 3566 τὸῌ
1832 3488 1939 3566 πα-

354 3560 557 3661 ῥάπαν,
582 3560 631 3637 εί
652 3560 735 3655 ’μὴ
767 3560 1088 3652 σωμασκίας
1115 3577 1149 3650 ἢ
1172 3576 1340 3630 νόσων
1368 3572 1550 3626 ἕνεκα·
1583 3568 1707 3641 μηδ’
1756 3560 1822 3661 αὖ
1847 3563 1939 3661 νύτ-

353 3656 506 3750 imp
555 3678 681 3731 ὅταν
724 3677 911 3746 ἐπινοῇ
944 3690 1028 3736 τις
1073 3669 1268 3733 παῖδας
1297 3663 1564 3720 ποιεῖσθαι
1596 3661 1736 3731 ἀνὴρ
1767 3659 1802 3731 ἢ
1844 3656 1939 3711 καὶ⁵

351 3773 516 3843 γυνή.
550 3770 660 3824 Kal
694 3767 829 3823 ἄλλα
853 3766 910 3820 δὲ
941 3761 1234 3837 πάμπολλα
1266 3761 1330 3814 ἄν
1375 3776 1459 3823 τις
1500 3757 1672 3825 λέγοι,
1718 3752 1940 3843 ὡςῌτοῖς

352 3839 492 3921 νοῦν-
517 3880 576 3916 τε
599 3863 693 3916 καὶ
741 3860 904 3932 νόμον
949 3858 1162 3929 ἔχουσιν
1221 3851 1381 3926 ὀρθὸν
1434 3850 1494 3904 ού
1526 3847 1719 3909 ποτέος
1774 3839 1936 3905 οἶνος.

354 3956 521 4009 ’Ὥστε
572 3953 713 4008 κατά
744 3952 834 4005 τὸν
867 3950 1023 4019 λόγον
1069 3945 1257 4001 τοῦτον
1317 3944 1424 3999 οὐδ’
1482 3936 1819 4013 ἀμπελώνων
1873 3932 1940 3986 ἂν

354 4048 567 4103 πολλῶν
589 4046 697 4100 δέοι
726 4044 785 4098 οὐ
812 4042 876 4114 δή
902 4058 1007 4095 τινι
1029 4037 1141 4111 (⁷56)
1168 4036 1321 4091 πόλει
1340 4051 1355 4063 ⁸
1388 4031 1566 4087 τακτὰ
1590 4030 1647 4083 δὲ
1679 4026 1846 4082 τᾶλλα
1872 4025 1940 4079 ἂν

354 4141 443 4213 εἴη
475 4139 869 4211 γεωργήματα,
895 4133 991 4187 καὶ
1018 4132 1168 4185 πᾶσα
1191 4131 1225 4201 ἡ
1254 4127 1449 4182 δίαιτα.
1491 4143 1510 4176 ι
1555 4121 1667 4177 Kal
1698 4117 1939 4213 Μωῡσῆς

353 4207 442 4296 δὲ..
471 4207 758 4304 προλαϐὼν
799 4227 874 4300 μὴ
904 4226 1014 4280 δεῖν
1041 4223 1167 4286 τοὺς
1190 4219 1371 4292 ἱερέας
1403 4216 1546 4271 οἴνου
1575 4207 1941 4283 ἀπογεύεσθαι

356 4323 503 4378 κατὰ
529 4323 621 4375 τὸν
649 4319 747 4391 τῆς
777 4314 1087 4390 ἱερουργίας
1131 4310 1322 4383 καιρὸν
1359 4306 1641 4378 νομοθετεῖ
1681 4304 1939 4374 φάσκων·

363 4435 386 4469 c
414 4415 524 4470 Καὶ
549 4411 777 4483 ὲλάλησε
803 4411 1004 4482 Κύριος
1030 4406 1108 4478 τῷ
1143 4403 1353 4477 Ἀαρὼν
1377 4443 1393 4469 ,
1424 4401 1600 4468 λέγων
1620 4414 1634 4429 ο
1664 4391 1805 4449 οἶνον
1848 4393 1944 4447 καί

359 4508 554 4579 σίκερα
575 4506 636 4559 οὐ
667 4501 883 4557 πίεσθαι
905 4502 969 4555 σὺ
996 4501 1092 4555 καὶ
1119 4499 1170 4552 οἱ
1202 4496 1310 4551 υίοί
1333 4511 1427 4549 σου
1454 4490 1591 4564 μετά
1631 4487 1749 4553 σοῦ,
1780 4486 1942 4579 ἡνίκα

355 4600 426 4655 ἂν
481 4569 859 4669 εἰσπορεύησθ’
893 4595 972 4659 είς
1007 4592 1108 4665 τὴν
1151 4589 1356 4661 σκηνὴν
1391 4583 1486 4639 τοῦ
1525 4580 1847 4655 μαρτυρίουο
1903 4577 1937 4650 ἦ
1972 4569 2016 4624 D

358 4688 884 4762 προσπορευομένων
928 4683 1082 4757 ὑμῶν
1106 4681 1245 4754 πρὸς
1286 4679 1348 4734 τὸ
1380 4674 1765 4745 θυσιαστήριον
1786 4711 1802 4737 ,
1845 4670 1941 4723 καὶ

358 4784 422 4837 οὐ
478 4782 551 4854 μὴ
603 4780 911 4852 ἀποθάνητε
935 4796 950 4811 ο
983 4777 1213 4848 νόμιμον
1259 4773 1475 4827 αἰώνιον
1507 4770 1587 4832 είς
1618 4765 1717 4829 τὰς
1748 4763 1942 4833 γενεὰς

360 4876 536 4947 suav.
577 4894 594 4927 ι
644 4875 703 4928 ὐ
726 4874 783 4928 δὲ
819 4870 981 4935 αὐτὸς
1011 4870 1106 4924 καὶ
1135 4868 1246 4931 τοῖς
1290 4862 1454 4936 εὐχὴν
1491 4858 1805 4931 εὐχομένοις
1853 4871 1941 4947 νο-

362 4945 581 5042 μοθετεῖ
610 4967 782 5035 λέγων
800 4983 816 4998 ο
859 4983 877 5016 ι
925 4962 1087 5035 ’Δνὴρ
1112 4961 1146 5032 ἢ
1171 4958 1329 5031 γυνὴ,
1364 4956 1424 5020 ὃς
1462 4955 1528 5011 ἂν
1575 4949 1826 5025 μεγάλως
1854 4945 1946 5001 εὖ·

360 5041 519 5131 ξηται
546 5057 731 5131 εὐχὴν,
763 5053 1164 5126 ἀφαγνίσασθαι
1189 5050 1411 5121 ἁγνείαν
1432 5047 1644 5118 Κυρίῳ,
1666 5042 1776 5097 ἀπὸ
1799 5041 1942 5094 οῐνου

361 5155 459 5208 καὶ
484 5153 677 5224 σίκερα
707 5148 1094 5221 ἁγνισθήσεται
1115 5163 1127 5175 ·
1153 5144 1250 5199 καὶ
1285 5141 1406 5207 ὅξος
1437 5138 1497 5205 ἐξ
1515 5139 1657 5192 οἴνου
1690 5135 1786 5189 καὶ
1824 5132 1944 5199 δξος

361 5248 430 5299 ὲκ
463 5246 654 5315 σίκερα
687 5245 746 5297 οὐ
773 5243 979 5296 πίεται,
1017 5258 1035 5291 ι
1078 5236 1240 5292 Ἀλλὰ
1260 5234 1355 5289 καὶ
1382 5228 1632 5301 Σολομὼν
1672 5228 1798 5290 τοὺς
1841 5224 1941 5296 ἀρ-

362 5355 558 5411 χοντας
586 5338 680 5391 καὶ
715 5337 840 5399 τοὺς
858 5331 1119 5396 δικαστάς
1139 5332 1314 5402 εἴργει
1329 5327 1429 5397 τῆς
1455 5325 1726 5397 χρήσεως,
1747 5317 1940 5411 λέγων·

366 5408 397 5483 ἔ
429 5429 584 5485 Μετά
619 5427 811 5500 βουλῆς
841 5426 1021 5480 πάντα
1051 5422 1215 5486 ποίει,
1245 5419 1383 5492 μετά
1418 5415 1612 5489 βουλῆς
1653 5408 1941 5465 οἰνοπότει.

361 5521 430 5577 Ol
494 5521 750 5575 δυνάσται
788 5516 1054 5590 θυμώδεις
1098 5514 1256 5580 εἰσὶν,
1303 5505 1446 5567 οἶνον
1480 5508 1556 5580 μὴ
1617 5502 1943 5570 πινέτωσαν,

435 5631 484 5665 ⁸⁸
512 5630 685 5687 Levit.
719 5646 775 5694 ι,
811 5628 867 5685 9.

437 5723 553 5863 (‘53;
586 5724 657 5776 El
679 5719 795 5804 μέν
824 5737 936 5786 τις.
967 5718 1150 5800 Plato,
1181 5730 1220 5768 ιι
1260 5713 1409 5784 Leg.,
1439 5711 1493 5777 4,
1523 5709 1650 5775 584,
1682 5705 1747 5761 D.
1910 5772 1937 5787 ~

438 5793 530 5862 (54
598 5796 709 5848 Του
738 5805 1091 5861 σωφρονέειν.
1130 5786 1268 5843 Male
1309 5781 1453 5854 apud
1506 5778 1786 5835 Platonem
1810 5815 1825 5841 ,
1868 5791 1937 5861 eq

438 5778 552 5862 (543
598 5778 709 5848 Τοῧ
738 5778 1091 5861 σωφρονεῒν.
1130 5778 1268 5843 Male
1309 5778 1453 5854 apud
1506 5778 1786 5835 Platonem
1810 5815 1825 5841 ,
1868 5778 1949 5861 τῷ

369 5880 545 5936 σωψρ.

2036 3309 2409 3360 consuescat:
2446 3299 2597 3357 domi
2647 3314 2800 3365 vero,
2835 3312 2908 3354 ne
2954 3310 3147 3354 servus
3186 3295 3478 3366 quisquam
3531 3301 3629 3349 aut

2039 3395 2233 3452 ancilla
2258 3395 2444 3450 vinum
2473 3393 2704 3465 attingat
2722 3405 2967 3462 unquam
2995 3408 3009 3445 :
3033 3388 3477 3459 nemagistratus
3512 3395 3631 3441 toto

2040 3487 2138 3543 illo
2176 3502 2344 3553 anno,
2360 3502 2473 3558 quo
2502 3484 2894 3557 rempublicam
2925 3491 3132 3556 gerent,
3160 3496 3228 3537 ne
3255 3480 3633 3537 moderatores

2042 3590 2134 3635 aut
2157 3578 2393 3651 iudices,
2424 3577 2589 3650 599
2619 3576 2866 3648 quandiu
2894 3574 3104 3647 judicia
3133 3573 3485 3638 exerccbunt,
3519 3586 3627 3626 neu

2039 3673 2334 3745 quisquam
2382 3673 2451 3728 de
2486 3688 2544 3727 re
2592 3670 2827 3742 alicujus
2872 3668 3138 3724 momenti
3185 3665 3513 3723 sententiam
3566 3662 3626 3718 in

2041 3767 2277 3825 concilio
2304 3766 2555 3822 dicturus
2581 3782 2596 3833 ;
2626 3764 2738 3819 imo
2764 3763 2928 3819 etiam
2955 3760 3163 3818 nemini
3201 3774 3431 3831 prorsus
3458 3760 3629 3815 inter-

2041 3861 2158 3927 diu,
2186 3861 2317 3916 vino
2356 3859 2438 3914 uti
2464 3856 2853 3922 concesserim,
2885 3855 2995 3912 nisi
3044 3855 3127 3911 vel
3156 3853 3472 3910 exercitatio
3504 3868 3630 3909 cor-

2039 3952 2212 4024 poris,
2237 3952 2325 4008 vel
2350 3948 2530 4006 morbi
2558 3949 2700 4004 ratio
2733 3945 3070 4019 postulabit;
3098 3960 3276 4015 neque
3309 3952 3495 4012 noctu,
3527 3958 3627 4000 seu

2039 4045 2148 4113 vir,
2190 4060 2288 4103 seu
2317 4044 2515 4100 mulier
2545 4042 2731 4106 fuerit,
2766 4041 2814 4099 si
2844 4054 3066 4110 operam
3098 4037 3284 4093 liberis
3314 4037 3446 4092 dare
3472 4037 3627 4109 cegi-

2042 4138 2201 4194 tabit.
2241 4135 2369 4192 Haec
2400 4144 2455 4192 et
2491 4135 2599 4190 alia
2639 4134 2902 4206 pleraque
2934 4130 3116 4185 aﬂ‘erri
3161 4129 3397 4200 possint,
3428 4144 3624 4200 quam-

1982 4290 1987 4296 ,
2043 4227 2233 4284 obrem
2259 4227 2389 4281 vino
2418 4224 2694 4281 abstinere
2721 4223 2977 4287 debeant,
3005 4220 3102 4290 qui
3129 4228 3184 4275 et
3210 4218 3621 4289 maturi-iudicii

2043 4334 2098 4378 et
2128 4328 2291 4375 rectae
2326 4317 2464 4388 legis
2506 4316 2730 4371 ductum
2774 4320 3095 4382 sequantur.
3132 4309 3212 4365 Ex
3243 4325 3354 4381 quo
3402 4325 3533 4366 sane
3569 4309 3626 4366 id

2042 4412 2308 4479 efficitur,
2342 4409 2494 4467 nulla
2538 4417 2599 4463 ut
2635 4407 2831 4463 civitas
2877 4404 3067 4460 multis
3114 4400 3409 4458 admodum
3453 4402 3628 4458 vineis

2045 4506 2285 4576 indigeat
2318 4518 2332 4556 :
2370 4501 2464 4560 sed
2494 4500 2698 4572 potius,
2726 4508 2787 4554 ut
2806 4513 2932 4555 cum
2969 4496 3217 4567 reliquus
3244 4494 3424 4550 omnis
3464 4508 3626 4566 agro-

2044 4612 2167 4652 rum
2192 4594 2406 4661 cultus,
2453 4602 2571 4648 tum
2619 4591 2786 4648 etiam
2818 4588 2957 4645 ratio
2997 4587 3178 4644 victus
3219 4585 3476 4642 universa
3512 4600 3629 4641 mo-

2042 4684 2181 4743 dicis
2207 4684 2434 4740 omnino
2474 4682 2674 4738 ﬁnibus
2705 4678 3040 4736 includatur.
3075 4696 3096 4730 ι
3131 4678 3207 4733 lta
3241 4674 3416 4731 Plato.
3451 4673 3625 4741 Quem

2042 4789 2167 4833 ante
2184 4776 2299 4848 jam
2321 4775 2534 4847 Moyses
2553 4781 2932 4845 occupaverat,
2949 4784 3074 4828 cum
3098 4768 3494 4834 sacerdotibus,
3516 4782 3628 4838 quo

2042 4878 2289 4939 tempore
2336 4866 2510 4923 sacris
2538 4865 2879 4936 operandum
2915 4869 3055 4927 erat,
3086 4861 3216 4916 vino
3258 4858 3624 4922 interdiceret,

2045 4960 2132 5016 his
2153 4958 2370 5014 verbis:
2406 4976 2426 5009 α
2458 4954 2608 5011 Dixit
2639 4968 2860 5026 quoque
2883 4951 3151 5009 Dominus
3187 4949 3256 5005 ad
3279 4947 3502 5004 Aaron:
3528 4944 3629 5002 Vi-

2043 5069 2176 5110 num
2208 5064 2262 5109 et
2279 5067 2441 5109 omne
2468 5051 2615 5123 quod
2655 5049 2928 5106 inebriare
2955 5056 3151 5116 potest,
3180 5059 3291 5101 non
3319 5026 3538 5107 bibetis,
3567 5050 3628 5099 tu

2044 5153 2100 5203 et
2144 5128 2240 5201 iilii
2265 5146 2346 5201 tui
2386 5151 2587 5208 tecum,
2617 5141 2841 5213 quando
2872 5137 3091 5194 intratis
3122 5137 3178 5191 in
3210 5134 3627 5191 tabernaculum

2045 5237 2365 5305 testimonii,
2398 5245 2494 5292 aut
2521 5250 2648 5293 eum
2691 5232 2951 5291 acceditis
2980 5230 3048 5288 ad
3089 5230 3280 5295 altare,
3322 5242 3390 5281 ne
3424 5227 3630 5282 moria-

2046 5331 2181 5387 mini
2213 5349 2226 5385 :
2261 5330 2562 5400 legitimum
2606 5326 2999 5398 sempiternum
3030 5323 3086 5377 in
3126 5318 3507 5393 generationes
3537 5332 3629 5372 ve-

2049 5431 2192 5479 stras
2221 5421 2286 5476 “.
2330 5440 2349 5474 ι
2399 5420 2544 5477 Idem
2591 5418 2725 5473 viris
2773 5416 2980 5487 pariter
3021 5428 3087 5507 ac
3133 5408 3452 5465 mulieribus
3497 5415 3627 5460 vota

2047 5514 2512 5586 nuncupantibus,
2532 5512 2673 5567 hanc
2702 5510 2871 5580 legem
2898 5498 3065 5561 dicit?
3096 5523 3114 5554 ι
3134 5500 3251 5568 Vir,
3273 5500 3386 5556 sive
3408 5498 3627 5562 mulier,

2120 5694 2232 5766 (55)
2271 5690 2528 5766 Μεᾷέτῃ.
2581 5688 2656 5743 Ita
2688 5681 3037 5766 reppsuimus
3058 5696 3134 5766 _ex
3161 5691 3465 5766 manuscr.,
3498 5673 3629 5732 licet

2050 5752 2379 5828 etiam'apud
2404 5752 2682 5828 Platonem
2714 5752 2944 5828 μελέτης
2983 5752 3295 5810 haberetur.

2122 5836 2236 5908 (56)
2275 5825 2449 5902 Plato,
2479 5826 2517 5903 ἦ
2554 5829 2596 5884 δ’
2626 5825 2688 5883 οὗ
2718 5825 2848 5881 τινι.
