4156 6420
515 347 621 406 995
1181 346 1452 406 EUSEBII
1484 347 1971 405 CAESARIENSIS
2009 346 2162 404 OPP.
2198 346 2381 404 PARS
2419 348 2483 404 ll.
2529 380 2596 391 —
2628 348 3127 409 APOLOGETICA.
3662 358 3773 414 996

513 483 640 523 cum
665 481 916 540 magnum
941 465 1070 522 illud
1092 477 1276 524 votum
1303 469 1530 524 fecerint
1551 485 1672 525 sesc
1695 469 1927 525 Domino
1948 485 2084 526 con-
2115 479 2154 534 Α

2138 479 2163 532 ι
2195 469 2280 523 ἵνα
2317 469 2390 541 μὴ
2420 471 2636 535 πιόντες
2669 472 3032 527 ἐπιλάθωνται
3053 473 3152 544 τῆς
3182 473 3496 544 σοφίαςκαὶ
3539 475 3647 532 τῶν
3674 479 3779 532 πό·-

511 558 782 622 secraudi,
806 574 836 613 a
863 559 990 613 vino
1013 568 1067 615 et
1090 561 1238 614 omni
1265 561 1412 630 quod
1452 561 1720 615 inebriare
1746 570 1924 630 potest
1956 561 2088 616 abs-

2191 580 2318 617 νων.
2357 582 2376 614 ι
2407 563 2575 617 Καὶὸ
2620 565 2941 630 ’Δπόστολος
2971 567 3029 620 δὲ
3066 566 3237 621 νόσων
3285 567 3446 621 ἕνεκα
3487 570 3777 640 ἐπιτρέπει

511 651 797 717 tinebunt;
845 661 899 707 et
933 661 1146 708 acetum
1191 667 1257 707 ex
1295 654 1446 715 vino,
1493 663 1548 708 et
1591 669 1661 708 ex
1703 654 1944 723 qualibet
1984 654 2089 709 alia

2191 654 2461 725 Τιμοθέῳ,
2499 655 2703 724 λέγων’
2753 677 2771 709 ι
2818 659 3014 730 Ὀλίγῳ
3061 657 3190 730 οῐνῳ
3241 659 3356 731 χρῶ
3390 659 3478 713 διὰ
3517 661 3609 716 τὸν
3651 663 3747 716 στό

507 740 751 808 potione,
777 755 884 810 qua
919 740 1174 796 inebriari
1199 743 1325 811 quis
1351 750 1549 812 potest,
1573 757 1683 796 non
1724 741 1940 798 hibetur
1961 743 2026 796 ⁸⁸.
2063 761 2082 796 ι

1791 744 1940 798 betur
1961 743 2026 796 ⁸⁸.
2063 761 2082 796 ι
2193 747 2366 817 μαχόν
2393 764 2488 801 σου
2516 749 2610 802 καὶ
2637 749 2736 813 τὰς
2767 751 2978 815 πυκνάς
3012 768 3104 804 σου
3129 751 3432 818 ἀσθενείας.

512 829 772 884 Salomon
818 846 1039 901 quoque
1081 831 1354 902 principes
1402 831 1568 887 simul
1610 840 1665 887 et
1706 831 1920 902 judices
1962 832 2089 888 vino
2125 835 2401 892 abstinere
2439 837 2614 908 jubet,
2661 840 2791 894 dum
2833 841 2910 896 ait
2953 860 2966 895 :
3016 859 3035 894 ι
3085 839 3280 897 Omnia
3320 857 3444 898 cum
3485 844 3779 914 prudentia

505 925 631 986 fac,
680 932 735 978 et
772 940 897 979 cum
943 923 1226 994 prudentia
1279 926 1466 978 vinum
1522 923 1665 980 bibe.
1724 923 1987 982 Proceres
2025 926 2272 982 iracundi
2318 938 2466 994 sunt,
2525 930 2715 986 vinum
2761 932 2799 986 ii
2856 947 2924 986 ne
2967 931 3173 998 bibant,
3240 949 3308 989 ne
3351 933 3594 990 bibentes
3634 937 3780 991 obli-

506 1017 788 1072 viscantur
847 1013 1126 1084 sapientia:
1178 1022 1232 1067 et
1272 1014 1518 1068 laborum
1557 1014 1629 1066 ⁸⁸.
1710 1032 1730 1066 ι
1789 1013 1933 1080 Quin
1971 1005 2138 1070 etiam
2175 1019 2472 1086 Apostolus
2519 1018 2839 1087 Timotheo,
2890 1023 3204 1078 morborum
3253 1039 3452 1088 causa,
3521 1029 3652 1083 vino
3691 1013 3778 1083 ut.l

506 1113 828 1182 permittens
859 1129 872 1164 :
915 1129 934 1162 ι
969 1109 1202 1176 Modico,
1235 1110 1445 1179 inquit,
1475 1109 1604 1164 vino
1647 1118 1801 1164 utere
1821 1148 1838 1175 ,
1870 1119 2090 1182 propter
2126 1115 2472 1170 stomachum
2503 1125 2655 1172 tuum
2687 1117 2757 1182 ⁸⁷,
2782 1127 2837 1172 et
2863 1117 3176 1189 frequentes
3203 1133 3324 1176 tuas
3350 1121 3712 1180 infirmitates.
3748 1145 3773 1179 ι

1027 1277 1035 1283 ε
1071 1202 1300 1259 CAPUT
1338 1201 1530 1257 χχιι.

2692 1212 3087 1266 ΚΕΦΑΛΑΙΟΝ
3119 1216 3263 1282 κεῖν.

511 1291 596 1377 Ne
623 1293 905 1377 Platonem
931 1293 1140 1364 quidem
1177 1295 1349 1377 ipsum
1377 1295 1666 1377 ignorasse,
1694 1311 1812 1377 qttw
1850 1294 1944 1349 abs
1961 1312 2086 1377 sese

2192 1303 2314 1357 Ὀτι
2338 1304 2448 1377 οὐκ
2479 1303 2683 1372 ἠγνόει
2710 1306 2743 1377 d
2780 1304 3033 1377 Πλάτων
3071 1306 3146 1377 τὰ
3173 1306 3275 1360 ὑπ’
3307 1307 3494 1361 αὑτοῦ
3526 1311 3774 1377 νομοθε-

577 1365 712 1433 leges
760 1363 1139 1428 conderentur,
1194 1365 1258 1418 iis
1303 1363 1554 1418 barbaros
1593 1363 1851 1434 quosdam
1888 1367 1998 1420 suis
2031 1369 2085 1420 in

577 1435 727 1488 rebus
754 1436 978 1504 publicis
1009 1437 1195 1489 vivere.

2041 1369 2085 1420 ῐη
2284 1363 2542 1443 τούμενᾶ
2568 1373 2729 1443 παρά
2751 1388 2875 1428 τισι
2891 1375 3217 1446 βαρϐάροις
3243 1363 3682 1436 πολιτεύεσθαι.

581 1545 599 1576 ι
641 1523 874 1590 Utrum,
926 1527 1138 1597 inquit,
1188 1525 1320 1580 viris
1355 1526 1408 1580 in
1446 1527 1788 1597 philosophia
1822 1529 2083 1584 versatis-

2262 1549 2280 1581 ι
2315 1531 2377 1583 Ei
2403 1530 2581 1584 τοίνυν
2617 1531 2726 1601 (57)
2755 1531 2944 1602 ἄκροις
2967 1532 3047 1596 εἰς
3085 1533 3403 1604 φιλοσοφίαν
3450 1535 3657 1600 πόλεώς
3686 1555 3773 1601 τις

504 1614 659 1671 simis
692 1615 1040 1671 instituenda:
1064 1616 1374 1701 reipublica:
1401 1616 1724 1682 necessitas,
1755 1627 1850 1672 aut
1875 1619 2082 1673 ultimis

2183 1624 2396 1694 ἀνάγκη
2422 1623 2858 1695 ἐπιμεληθῆναι,
2895 1625 2928 1697 ἢ
2964 1626 3185 1695 γέγονεν
3222 1629 3281 1680 ἐν
3312 1627 3390 1699 τῷ
3439 1629 3652 1700 ἀπείρῳ
3692 1631 3772 1701 τῷ

500 1707 610 1761 illis
641 1707 1149 1777 antiquissimisquc
1183 1708 1518 1777 temporibus
1549 1706 1735 1771 fuerit,
1769 1715 1864 1763 aut
1891 1710 2081 1765 hodie-

2184 1712 2583 1784 παρεληλυθότι
2610 1713 2806 1784 χρόνῳ,
2831 1714 2864 1785 ἢ
2899 1716 2993 1768 καὶ
3022 1716 3117 1770 νῦν
3143 1719 3291 1771 ἐστιν
3324 1718 3382 1771 ἕν
3413 1737 3518 1772 τινι
3567 1720 3771 1792 βαρϐα-

499 1813 606 1868 que
637 1800 708 1854 sit
737 1800 879 1869 apud
922 1800 1216 1854 barbarum
1263 1800 1500 1870 aliquem
1551 1802 1837 1871 populum,
1873 1811 1928 1856 et
1961 1803 2082 1856 lon-

2188 1799 2326 1871 ρικῴ
2362 1801 2531 1872 τόπῳ,
2570 1802 2763 1874 πόρρω
2813 1822 2915 1857 που
2964 1807 3121 1870 ὲκτὸς
3184 1807 3299 1861 ὄντι
3351 1809 3452 1880 τῆς
3494 1811 3772 1881 ἡμετέρας

497 1893 718 1960 gissime
750 1894 954 1949 nostris
1002 1894 1072 1947 ab
1111 1893 1284 1948 oculis
1318 1901 1726 1963 conspectuque
1777 1903 2078 1956 semotum,
2112 1936 2138 1995 ι

2129 1889 2379 1995 Βῦψεως,
2420 1890 2453 1961 ἢ
2502 1891 2597 1944 καὶ
2626 1892 2813 1946 ἔπειτα
2849 1896 3138 1966 γενήσεται
3163 1912 3178 1924 ⁸
3225 1899 3354 1969 περὶ
3396 1899 3585 1952 τούτου
3628 1900 3770 1952 ἕτοι-

498 1995 592 2037 aut
623 1986 788 2040 etiam
833 1985 1016 2040 futura
1054 1985 1125 2040 sit
1157 1984 1454 2055 aliquando
1487 2002 1500 2037 :
1550 1984 1639 2040 hic
1672 1999 1800 2038 vero
1849 1993 2077 2039 conten-
2112 1982 2139 1995 ⁸

2133 1982 2157 1994 ’
2190 1999 2282 2052 μοι
2309 1982 2423 2054 (58)
2449 1983 2528 2054 τῷ
2565 1983 2704 2054 λόγῳ
2741 1985 3140 2057 διαμάχεσθαι,
3191 1989 3268 2053 ὡς
3301 1990 3522 2060 γέγονεν
3545 1994 3578 2062 ή
3617 1994 3774 2063 εἰρη-

498 2077 629 2131 tiosi
672 2077 968 2132 admodum
1014 2092 1137 2133 esse
1179 2078 1439 2140 nolimus,
1476 2085 1536 2130 ut
1586 2086 1758 2146 genus
1784 2076 1949 2147 600
1977 2077 2080 2132 hoc

2187 2070 2322 2145 μένη
2357 2075 2622 2139 πολιτεία,
2655 2077 2749 2129 καὶ
2770 2077 2906 2140 ἔστι,
2935 2079 3028 2130 καὶ
3056 2080 3343 2150 γενήσεταί
3371 2097 3456 2149 γε,
3479 2069 3607 2136 ὅταν
3629 2081 3773 2155 αὑτὴ

497 2169 710 2238 reipub.
760 2179 812 2224 et
863 2170 1140 2224 exstitisse
1167 2169 1278 2238 jam
1321 2169 1471 2232 olim,
1499 2178 1553 2222 et
1595 2171 1894 2224 etiamnum
1930 2169 2079 2223 exsi-

2180 2170 2214 2237 ἡ
2246 2166 2438 2221 Μοῦσα
2473 2167 2681 2232 πόλεως
2714 2170 2989 2241 ἐγκρατὴς
3015 2173 3260 2242 γένηται.
3309 2175 3376 2226 Ἀ
3418 2174 3528 2246 γὰρ
3575 2176 3771 2230 ἀδύνα-

496 2271 662 2324 stare,
696 2269 810 2315 tum
842 2271 990 2316 certe
1007 2260 1264 2314 futurum
1296 2275 1432 2337 esse
1459 2275 1765 2330 pugnemus
1794 2274 1918 2314 cum
1965 2260 2067 2314 rci-

1978 2260 2067 2314 'ci-
2185 2277 2274 2313 τον
2307 2258 2417 2328 (59)
2443 2260 2716 2327 γενέσθαι,
2736 2262 2844 2315 οὐδ’
2873 2266 3032 2334 ἡμεῖς
3059 2266 3295 2320 ἀδύνατα
3316 2266 3565 2337 λέγομεν.
3602 2285 3619 2318 ι

498 2354 732 2425 publica:
778 2353 1142 2423 principatum
1175 2353 1289 2422 ipsa
1341 2334 1444 2407 sibi
1489 2353 1642 2407 Musa
1670 2351 1978 2406 vindicarit.
2021 2351 2157 2406 Nam
2197 2368 2320 2407 oua:
2357 2352 2473 2406 fieri
2499 2367 2596 2422 per
2625 2369 2747 2409 sese
2775 2365 3024 2424 possunt,
3057 2359 3243 2412 eadem
3284 2334 3402 2413 esse
3429 2334 3592 2428 posse
3625 2376 3770 2414 nun-

495 2463 660 2519 quam
689 2446 1029 2516 negabimus.
1063 2464 1081 2495 ι

1042 2538 1274 2597 CAPUT
1310 2539 1524 2594 XXVII.

2702 2539 3100 2593 ΚΕΦΑΛΑΙΟΝ
3128 2541 3252 2594 KZ'.

493 2634 702 2690 Bellum
730 2634 1001 2687 nobiscum
1039 2648 1151 2687 esse
1191 2631 1338 2686 nobis
1359 2672 1372 2694 ,
1405 2642 1454 2685 et
1483 2647 1601 2686 cum
1633 2631 1829 2685 nostris
1863 2629 2073 2700 cupidi-

2185 2628 2313 2682 ’Ότι
2335 2632 2599 2700 πόλεμος
2625 2629 2767 2700 ἡμῖν
2787 2631 2916 2684 ἐστι
2938 2630 3086 2699 πρὸς
3109 2629 3266 2700 ἡμᾶς
3301 2633 3524 2700 αὐτοὺς
3569 2635 3666 2691 καί
3690 2636 3768 2692 τὰ

719 2707 915 2758 tatibus
942 2721 1003 2757 ac
1039 2702 1526 2772 perturbationibus
1556 2703 1859 2772 gerendum.

1556 2703 1859 2772 gerendum.
2762 2701 2830 2754 ὲν
2853 2701 2997 2770 ἡμῖν
3018 2701 3197 2770 πάθη.

568 2814 587 2848 ι
623 2796 771 2850 idem
817 2804 1022 2860 autem,
1070 2793 1279 2864 inquit,
1324 2809 1456 2848 num
1495 2792 1659 2848 etiam
1705 2793 1772 2846 de
1826 2807 1885 2847 se
1932 2792 2073 2861 ipso.

2255 2805 2276 2839 ι
2307 2787 2468 2859 Λύτῷ
2501 2788 2557 2842 δὲ
2588 2788 2699 2860 (40)
2733 2791 2871 2861 πρὸς
2905 2791 3096 2846 ἑαυτὸν
3145 2792 3374 2865 πότερον
3415 2794 3491 2857 ὡς
3521 2795 3766 2871 πολεμίῳ

493 2898 752 2957 tauquam
784 2887 852 2941 de
895 2886 1053 2940 hoste
1086 2884 1327 2956 cogitare
1361 2884 1558 2949 debet,
1596 2899 1665 2938 an
1713 2883 1906 2938 secus?
1931 2911 2002 2922 —-
2031 2881 2076 2936 0

2175 2879 2313 2950 πρὸς
2343 2880 2599 2952 πολέμιον
2627 2880 2958 2953 διανοητέον,
2998 2883 3032 2954 ἢ
3058 2883 3174 2948 πῶς
3202 2885 3283 2938 ἔτι
3310 2885 3576 2957 λέγομενς
3607 2885 3765 2943 -τα

493 2983 694 3049 hospes
733 2977 1084 3033 Atheniensis
1119 2976 1241 3044 (nec
1286 2976 1432 3030 enim
1466 2975 1707 3030 Atticum
1743 2985 1793 3030 te
1820 2975 2072 3039 dixerim,

2176 2971 2293 3037 ξένε
2360 2972 2631 3045 Ἀθηναῖε,
2685 2975 2773 3045 (ού
2820 2976 2929 3048 γάρ
2979 2994 3038 3030 σε
3107 2979 3349 3034 Ἀττικὸν
3406 2979 3640 3052 ἐθέλοιμ’
3692 2982 3764 3036 ἂν

491 3074 634 3144 quod
670 3070 806 3124 mihi
853 3078 1217 3140 cognomento
1264 3084 1331 3123 ex
1381 3064 1475 3123 Dei
1527 3068 1749 3122 nomine
1791 3067 1957 3137 petito
1989 3067 2074 3121 di-

2177 3066 2636 3138 προσαγορεύειν·
2671 3067 2848 3132 δοκεῖς
2871 3071 2979 3140 γάρ
3004 3087 3094 3141 μοι
3134 3071 3235 3142 τῆς
3282 3071 3417 3126 Θεοῦ
3447 3076 3763 3146 ἐπωνυμίας

493 3164 652 3236 gnior
697 3161 1004 3232 videaris),
1047 3160 1235 3231 utique
1280 3159 1704 3230 disputationem
1756 3159 1900 3214 hanc
1941 3159 2069 3213 dum
2101 3179 2134 3240 ς

2122 3179 2146 3240 3
2178 3158 2325 3223 ἄξιος
2360 3155 2498 3212 εἶναι
2547 3160 2748 3231 μᾶλλον
2770 3161 3280 3237 ἐπονομάζεσθαι
3323 3167 3415 3220 τὸν
3453 3167 3563 3239 γάρ
3605 3168 3763 3237 λόγον

489 3256 768 3326 sapienter
802 3254 869 3308 ad
911 3254 1242 3324 principium
1287 3253 1467 3323 ipsum
1503 3268 1765 3319 revocas,
1808 3253 2074 3308 illustrio-

2179 3252 2267 3302 ἐπ’
2296 3251 2472 3322 ἀρχὴν
2511 3250 2686 3324 ὀρθῶς
2719 3252 3010 3323 ἀναγαγὼν
3030 3294 3044 3318 ,
3091 3258 3422 3329 σαφέστερον
3467 3260 3724 3332 ἐποίησας
3744 3279 3758 3291 °

490 3368 608 3407 rem
643 3351 831 3407 efficis.
863 3349 937 3405 Ita
968 3351 1185 3406 facilius
1212 3350 1378 3405 etiam
1409 3351 1697 3422 intelliges,
1729 3367 1896 3421 quam
1927 3362 2075 3407 recte

2177 3345 2318 3399 ὥστε
2378 3347 2507 3415 ῥᾷον
2537 3346 2602 3400 ἂν
2644 3345 2901 3419 εὑρήσεις
2933 3349 3068 3419 (bl),
3097 3352 3180 3404 ὅτι
3212 3351 3306 3405 νῦν
3342 3353 3406 3424 δὴ
3464 3354 3640 3426 ὀρθῶς
3669 3357 3761 3427 ὑφ’

488 3445 694 3500 dictum
732 3459 762 3499 a
791 3445 949 3500 nobis
978 3443 1144 3514 paulo
1171 3452 1295 3498 ante
1329 3442 1514 3507 fuerit,
1541 3460 1666 3498 cum
1707 3444 1922 3513 publice
1950 3445 2075 3498 uni-

2182 3437 2340 3508 ἡμῶν
2364 3435 2564 3508 ἐρρέθη
2599 3437 2660 3490 τὸ
2699 3438 2986 3510 πολεμίους
3015 3435 3156 3495 εἶναι
3187 3443 3394 3506 πάντας
3427 3447 3561 3498 πᾶσι
3592 3445 3765 3518 δημο-

487 3534 663 3589 versis
695 3533 1006 3598 universos,
1040 3542 1156 3588 tum
1185 3533 1288 3589 sibi
1323 3533 1579 3603 privatim
1616 3548 1682 3589 ac
1713 3535 1933 3604 proprie
1957 3536 2075 3590 sin-

2178 3533 2270 3604 σίᾳ
2301 3549 2360 3584 τε
2397 3532 2492 3584 καὶ
2519 3531 2627 3601 ἰδίᾳ
2639 3532 2899 3596 ἑκάστους
2926 3532 3120 3597 αὐτοὺς
3149 3532 3329 3603 σφίσιν
3355 3536 3767 3605 αὐτοῖς.-Πῶς

489 3624 648 3694 gulos
677 3623 866 3678 hostes
903 3632 1066 3692 atque
1115 3622 1345 3678 infestos
1387 3639 1529 3680 esse.
1561 3655 1633 3666 —
1659 3623 1792 3690 Qua:
1821 3634 1913 3679 tua
1956 3625 2074 3681 haec

2175 3623 2423 3695 εἴρηκας,
2458 3615 2504 3674 ὦ
2529 3620 2798 3690 θαυμάσιε
2817 3641 2830 3688 ;
2846 3624 3245 3687 -Κάνταῦθα,
3278 3618 3324 3680 ὦ
3345 3627 3485 3694 ξένε,
3517 3626 3580 3681 τὺ
3603 3631 3766 3711 νικᾷν

487 3716 666 3768 oratio
689 3725 794 3782 est,
823 3715 907 3769 vir
936 3715 1210 3770 maxime?
1233 3747 1304 3756 —
1334 3715 1448 3771 Hoc
1471 3717 1527 3771 in
1552 3716 1715 3782 bello,
1744 3717 1821 3772 mi
1850 3719 2069 3788 hospes,

2174 3714 2335 3769 αύτὺν
2366 3710 2556 3766 ἑαυτὸν
2589 3711 2778 3766 πασῶν
2807 3713 2972 3767 νικῶν
2999 3716 3186 3788 πρώτη
3228 3735 3286 3771 τε
3330 3718 3426 3773 καὶ
3461 3721 3656 3793 ἀρίστη
3695 3710 3767 3775 τὸ

487 3809 568 3862 uti
611 3825 669 3863 se
713 3809 892 3878 ipsum
927 3808 1180 3873 vincere,
1209 3809 1567 3864 victoriarum
1618 3810 1866 3864 omnium
1916 3809 2070 3880 prin-

2172 3806 2228 3859 δὲ
2267 3801 2529 3876 ἡττᾶσθαι
2567 3801 2729 3856 αὐτὸν
2754 3804 2845 3874 ὑφ’
2873 3807 3068 3861 ἑαυτοῦ
3097 3807 3313 3863 πάντων
3362 3812 3640 3882 αἴσχιστόν
3696 3831 3760 3867 τε

485 3916 614 3970 ceps
641 3911 802 3970 atque
833 3900 1038 3970 optima
1069 3909 1152 3955 est
1184 3916 1197 3950 :
1235 3900 1314 3955 sic
1337 3915 1366 3954 a
1391 3915 1448 3955 se
1480 3899 1602 3970 ipso
1631 3900 1796 3965 vinci,
1822 3901 2068 3954 omnium

2173 3899 2290 3969 ἅμα
2318 3899 2412 3952 καὶ
2443 3894 2720 3949 κάκιστον.
2755 3897 2937 3952 Ταῦτα
2986 3899 3117 3973 γὰρ,
3141 3901 3218 3966 ὡς
3246 3902 3483 3974 πολέμου
3526 3906 3584 3957 ὲν
3623 3907 3757 3959 ὲκά-

485 3993 645 4063 longe
696 3993 1077 4064 turpissimum
1145 4007 1210 4048 ac
1257 3993 1555 4062 pessimum
1606 3991 1789 4048 fuerit.
1859 3993 2071 4063 Quippe

2175 4007 2318 4054 στοις
2350 3993 2507 4064 ἡμῶν
2528 3992 2679 4052 ὄντος
2705 3988 2840 4060 πρὸς
2868 3993 3014 4062 ἡμᾶς
3041 3994 3260 4057 αὐτοὺς,
3291 3995 3566 4066 σημαίνει.
3606 4015 3624 4046 ι
3649 3997 3758 4050 Καὶ

485 4103 656 4157 genus
685 4086 788 4142 hoc
821 4085 1108 4152 orationis,
1141 4099 1302 4140 suum
1334 4084 1535 4154 cuique
1569 4093 1844 4152 nostrum,
1877 4099 1942 4140 ac
1972 4099 2064 4140 se-

2173 4083 2292 4154 μεθ¹
2357 4085 2520 4157 ἔτερα
2596 4085 2806 4151 τούτοις
2866 4084 3189 4158 προστίθησι
3209 4085 3419 4154 λέγων·
3479 4107 3498 4139 ι
3547 4086 3757 4142 Οὐκοῦν

483 4194 610 4234 cum
659 4178 778 4248 ipso
811 4177 1010 4232 bellum
1043 4178 1316 4248 quoddam
1367 4177 1686 4232 intestinum
1735 4191 1855 4232 esse
1895 4175 2068 4245 signi-

2169 4175 2266 4228 ἕνα
2300 4175 2411 4246 (42)
2454 4177 2554 4248 μὲν
2592 4179 2750 4251 ἡμῶν
2778 4179 3008 4231 ἕκαστον
3031 4177 3193 4230 αὑτὸν
3222 4177 3462 4247 τιθῶμεν
3486 4194 3501 4244 ;
3529 4208 3600 4218 -—
3623 4180 3751 4235 Ναί.

482 4271 662 4326 ἢτοι.»
688 4269 828 4324 Tum
854 4270 977 4324 aliis
1010 4270 1284 4341 plerisque
1321 4269 1640 4339 interiectis,
1673 4267 1746 4322 ita
1776 4267 2068 4337 prosequi-

2168 4298 2238 4310 -—
2254 4267 2357 4321 Δύο
2383 4269 2439 4322 δὲ
2457 4268 2793 4342 κεκτημένον
2827 4273 2884 4325 ὲν
2912 4269 3061 4340 αὐτῷ
3101 4267 3406 4340 ξυμϐούλω,
3445 4271 3670 4324 ἐναντίω
3691 4288 3751 4324 τε

483 4371 591 4418 tur.
613 4381 632 4415 ι
656 4362 796 4417 Num
825 4363 990 4433 igitur
1015 4371 1264 4419 nostrum
1301 4362 1598 4432 quemlibet
1624 4376 1794 4415 unum
1823 4360 2065 4430 aliquem

2169 4361 2264 4413 καὶ
2289 4361 2513 4431 ἄφρονε,
2547 4362 2592 4416 ὦ
2623 4359 3100 4434 προσαγορεύομεν
3123 4360 3318 4430 ἡδονὴν
3347 4361 3442 4414 καὶ
3472 4361 3650 4433 λύπην
3665 4379 3755 4428 ;-

481 4471 606 4510 esse
648 4455 980 4511 statuimus?
1007 4485 1076 4494 —
1109 4452 1332 4526 Utique.
1365 4484 1435 4494 —
1469 4453 1576 4508 Sed
1628 4453 1701 4508 ita
1757 4467 1927 4507 unum
1951 4494 1967 4519 ,
2006 4461 2068 4508 ut

2173 4455 2327 4506 Ἔστι
2355 4454 2629 4508 ταῦτα.-
2645 4454 2790 4526 Πρὸς
2814 4454 2870 4506 δὲ
2895 4453 3105 4506 τούτοιν
3137 4453 3341 4524 ἀμφοῖν
3359 4447 3426 4507 αὗ
3455 4453 3611 4518 δόξας
3636 4455 3754 4524 μελ-

481 4547 622 4604 duos
664 4549 805 4618 apud
853 4563 912 4604 se
944 4548 1290 4603 consiliarios
1334 4547 1534 4602 habeat
1569 4545 1957 4601 dissentientes
1997 4561 2062 4601 ac
2092 4526 2122 4586 Ῑ

2109 4527 2143 4586 ί)
2169 4543 2392 4606 λόντων,
2426 4538 2506 4596 οἷν
2539 4543 2718 4598 κοινὸν
2759 4543 2857 4614 μὲν
2886 4541 3055 4614 ὄνομα
3084 4541 3259 4606 ὲλπὶς,
3315 4544 3443 4597 ἴδιον
3497 4542 3554 4598 δὲ
3587 4545 3750 4615 φόϐος

482 4638 733 4703 stolidos,
768 4637 964 4708 quibus
991 4637 1286 4708 voluptatis
1311 4646 1366 4691 et
1392 4636 1598 4692 doloris
1629 4652 1830 4691 nomen
1859 4637 2059 4690 tribui-

2175 4631 2295 4703 μὲν,
2330 4635 2362 4704 ὴ
2391 4631 2496 4702 πρὸ
2514 4634 2691 4706 λύπης
2714 4634 2887 4696 ἐλπὶς,
2912 4632 3110 4705 θάρῤος
3138 4634 3193 4688 δὲ
3243 4637 3274 4705 ἡ
3318 4635 3422 4706 πρὸ
3460 4635 3554 4689 τοῦ
3593 4637 3749 4690 ἐναν-

482 4745 627 4784 mus.
651 4759 720 4770 —
752 4731 843 4785 Sic
871 4737 973 4785 est.
998 4759 1071 4772 -—
1094 4727 1323 4800 Utrique
1353 4745 1535 4785 rerum
1562 4730 1726 4786 etiam
1757 4729 2058 4785 futurarum

2170 4726 2306 4779 τίου.
2350 4726 2473 4779 Ἐπὶ
2501 4725 2556 4780 δὲ
2584 4727 2715 4780 πᾶσι
2737 4723 2942 4790 τούτοις
2971 4725 3227 4798 λογισμὸς
3251 4726 3278 4780 ὃ
3311 4745 3363 4780 τι
3415 4727 3532 4782 ποτ’
3571 4729 3750 4783 αὐτῶν

555 4852 606 4883 ⁸⁸
627 4848 788 4905 Num.
819 4865 895 4916 Vl,
945 4847 1010 4914 ,2,
1041 4848 1095 4903 5.
1172 4848 1217 4880 ⁸⁸
1252 4845 1409 4903 Prov.
1437 4863 1522 4912 tu,
1562 4847 1623 4914 7;
1656 4863 1808 4910 xxxi,
1830 4846 1884 4900 4.
1961 4847 2005 4878 ⁸⁷
2037 4845 2057 4899 l
2093 4845 2196 4900 Tin

819 4865 895 4916 Vl,
945 4847 1010 4914 ,2,
1041 4848 1095 4903 5.
1172 4848 1217 4880 ⁸⁸
1252 4845 1409 4903 Prov.
1437 4863 1522 4912 ιιι,
1562 4847 1623 4914 7;
1656 4863 1808 4910 xxxi,
1830 4846 1884 4900 4.
1961 4847 2005 4878 ⁸⁷
2037 4845 2057 4899 l
2093 4845 2236 4900 Tim.
2269 4862 2323 4910 v,
2350 4845 2438 4899 23.

555 4968 667 5039 (57)
706 4970 778 5022 El
807 4967 1035 5021 τοίνυν.
1079 4963 1233 5021 Exile
1273 4965 1377 5020 hoc
1413 4962 1776 5034 fragmentum
1820 4977 1931 5018 non
1969 4978 2058 5018 re-
2167 4965 2196 5016 ὃ

2167 4962 2516 5039 ὃτιῄπολέμου
2559 4961 3227 5039 καὶᾳείρήνηςῃσπὲρματια
3269 4963 3326 5039 εν
3357 4963 3561 5039 ἑκάστῃ
3603 4964 3746 5036 ψυχῇ

552 5027 1068 5118 ἐειὲιθεεέειηιίθδιοκ
1363 5105 1376 5118 .
1501 5027 1610 5118 ⁷.
2017 5112 2028 5118 ,
2167 5052 2193 5086 τ

2167 5033 2382 5118 πρῶτόν
2408 5027 2543 5118 ἐστι.
2574 5033 2683 5118 Κρςι
2703 5027 2991 5118 ὅστίςρῖός
3008 5027 3239 5118 ’τεπρὺς
3251 5034 3470 5118 ἐαιίτὸν
3494 5027 3646 5118 ἄξειν
3674 5027 3749 5088 ξεῖ

555 5098 668 5180 (58)
710 5109 994 5178 Ἕτοιμοι.
1030 5105 1435 5180 Praemittenda,
1488 5103 1672 5180 credo,
1705 5102 1920 5180 negatio
1950 5112 2055 5180 est,
2169 5121 2196 5180 ρ

2169 5098 2357 5180 ρήνην,
2407 5098 2561 5180 οὗτος
2583 5098 2700 5180 ὀἷός
2728 5120 2785 5154 τε
2813 5103 2905 5180 καὶ
2929 5101 3062 5180 πρὸς
3092 5098 3216 5180 τοὺς
3249 5103 3446 5168 ἔξωθεν
3463 5098 3747 5180 ⁸πολέμους

486 5171 723 5249 itemque
759 5171 1104 5249 paulo_post,
1151 5185 1275 5249 ante
1310 5175 1560 5249 γέγονενς
1597 5174 1689 5227 vix
1735 5171 1880 5227 enim
1921 5175 2057 5227 mihi

2163 5171 2371 5249 (malim
2400 5171 2882 5249 πολεμίουςζςιιιὶςὶ.
2902 5171 3045 5227 enim
3075 5182 3158 5249 est
3181 5174 3332 5249 ἄγειν
3361 5175 3584 5249 εἰρήνην
3612 5171 3746 5246 πρὸς

521 5235 848 5305 θιειὶοεειτὶηι
874 5289 890 5312 ,
923 5235 1197 5302 Platonem
1234 5235 1336 5300 hoc
1364 5235 1657 5299 admodum
1690 5258 1933 5314 pugnare
1963 5259 2059 5297 νο-
2159 5266 2162 5277 ι

2159 5235 2251 5296 τὸν
2282 5235 2586 5314 πόλεμονξ)
2629 5235 2770 5314 ᾧ-δὲ
2782 5243 3049 5314 ἀδύνατος
3081 5244 3112 5312 ἡ
3142 5235 3498 5314 πῷςέαυτὸν
3534 5235 3745 5314 Excisa;

507 5321 686 5382 uisse,
716 5307 888 5390 genus
919 5317 1051 5372 illud
1084 5317 1219 5390 reip.
1259 5315 1370 5386 jam
1425 5316 1554 5390 olim
1603 5307 1744 5368 inter
1769 5307 2055 5368 'harbaros

2163 5313 2256 5390 ρία
2275 5353 2289 5373 ,
2325 5307 2487 5390 σχολῇ
2519 5307 2730 5390 ποῖ’-ἂν
2753 5307 2908 5390 οὗτος
2933 5312 3030 5374 τὰς
3057 5307 3198 5390 πρὸς
3222 5313 3489 5390 ἀλλήλους
3512 5307 3745 5390 σπονδάς

481 5377 760 5446 exstitisse
788 5405 802 5440 :
836 5390 970 5444 satis
995 5395 1098 5450 est,
1131 5377 1181 5440 si
1211 5377 1409 5456 negare
1438 5385 1624 5456 nollet.
1780 5453 1793 5456 _
1899 5450 1915 5456 _

2162 5377 2519 5456 ἀγαπάοξειεν.
2560 5377 2712 5456 Eii/at
2742 5385 2943 5456 γάρ-τι
2986 5383 3080 5436 καὶ
3220 5377 3434 5456 ἑκάστῳ
3465 5377 3743 5456 βάρβαρον

555 5459 666 5530 (59)
716 5450 1313 5530 Ἀδύνατονᾷοδεηειιέ
1362 5455 1588 5510 omnino
1617 5453 1856 5525 postulat
1895 5450 2054 5506 δυνα-
2160 5472 2196 5523 φ

2160 5450 2346 5530 φῦλον,
2380 5451 2506 5530 λίαν
2534 5450 2766 5530 αὔθαδες
2796 5450 2889 5530 καὶ
2913 5451 3196 5530 δυσπειθὲς
3218 5492 3233 5515 ,
3261 5454 3352 5530 τὸν
3378 5450 3548 5525 θυμὸν
3561 5450 3740 5530 λέγοι,

482 5524 574 5583 τόν
598 5571 612 5594 ,
643 5524 812 5598 eaque
841 5545 994 5582 mens
1026 5528 1272 5582 Eusebii.
1296 5597 1321 5598 η
1454 5594 1477 5598 _
1623 5524 1633 5525 ί
1806 5595 1905 5598 _____
1996 5594 2023 5598 _

2157 5526 2254 5598 καὶ
2282 5525 2391 5598 τὰς
2413 5524 2722 5598 ἀπλήστους
2752 5524 3065 5598 ἐπιθυμίας,
3084 5524 3488 5598 ἀντικζθήμενα
3509 5526 3639 5598 γένῃ
3663 5526 3741 5593 τῷ

554 5589 664 5668 (£0)
705 5589 874 5663 Ᾱύτῷ
913 5599 998 5652 δέ.
1049 5599 1220 5656 Plato,
1270 5597 1364 5650 lib.
1393 5594 1595 5668 i_Leg.,
1630 5611 1754 5666 pag.
1804 5595 1929 5658 565,
1968 5594 2048 5668 AG.
2157 5594 2195 5668 ξς

2157 5594 2441 5668 λογισμῷ,
2487 5589 2746 5668 καθάπερ
2793 5589 3052 5668 Ῥωμαῖοι
3119 5589 3366 5662 (malini
3413 5589 3739 5666 Ῥωμαίοις)

484 5664 656 5722 Porro
679 5670 856 5723 locum
884 5668 1029 5722 hunc
1054 5669 1368 5722 insinuahat
1401 5664 1756 5728 Themistius,
1789 5678 1928 5734 ornt.
1962 5666 2048 5728 l0,

1318 5676 1368 5720 at
1401 5664 1756 5728 Themistius,
1789 5678 1928 5734 orat.
1962 5666 2048 5728 l0,
2160 5665 2382 5722 Σκύθαι,
2416 5666 2509 5717 καὶ
2535 5664 2822 5734 Γερμανοί,
2857 5674 2959 5716 etc.

481 5755 607 5808 pag.
638 5739 744 5792 229
765 5777 779 5800 ,
803 5753 948 5808 Acum
990 5740 1064 5808 ita
1115 5741 1469 5808 loqueretur;
1497 5738 1605 5788 Καὶ
1633 5733 1911 5808 τοῦτοᾼοῦν
1941 5735 2050 5803 ἐγὼ

1283 5747 1469 5808 retur;
1497 5738 1605 5788 Καὶ
1633 5733 1911 5808 τοῦτοᾼούν
1941 5735 2050 5803 ἐγὼ
2231 5736 2341 5808 (ιι)
2381 5734 2562 5808 Platol
2582 5733 2923 5808 ἀνευρήσεις.

481 5803 764 5871 Πλάτωνος
794 5806 1086 5878 θαυμάζω,
1119 5803 1212 5861 καὶ
1242 5807 1320 5860 ἐτι
1352 5806 1582 5876 μᾶλλον,
1627 5806 1755 5860 ὃταν
1792 5806 2046 5877 διδάσκῃ,

2230 5805 2342 5878 (42)
2369 5805 2607 5859 Οὐκοῦν
2637 5803 2765 5861 ἕνα.
2797 5804 2971 5869 Plato,
3008 5803 3163 5873 ihid.,
3191 5819 3314 5876 pag.
3341 5804 3466 5871 575,
3495 5803 3558 5869 Β,
3581 5803 3644 5873 C,
3670 5803 3733 5859 Ι).
