4156 6402
302 303 410 359 997

1463 292 1789 349 ΡΒᾹΞΡΑΒ.
1830 291 2083 350 EVANG.
2126 291 2252 346 LIB.
2298 291 2408 348 XII.

3471 294 3576 351 998

302 404 525 474 ἄμεινον
571 399 832 470 ἢχεῖρον,
872 395 952 461 ὃς,
984 395 1275 466 γενόμενος
1313 392 1489 462 δόγμα
1533 392 1740 453 πόλεως
1779 407 1892 443 κοι-

1996 389 2282 458 opiniones
2337 388 2607 457 adjuncta:
2650 387 2804 453 duae,
2853 402 2977 459 quat
3020 403 3311 444 commune
3356 389 3573 460 quidem

303 493 415 556 νὺν,
439 492 601 562 νόμος
627 489 1033 559 ἐπωνόμασται.
1075 506 1093 537 ι
1141 485 1252 538 Καὶ
1281 484 1405 553 ἑξῆς
1453 499 1648 553 φησιν·
1691 501 1709 531 ι
1753 481 1884 533 Τόδε

302 589 350 642 δ’
381 587 560 656 ἴσμεν,
595 585 677 636 ὅτι
703 582 875 636 ταῦτα
914 581 982 634 τά
1017 579 1163 650 πάθη
1210 579 1266 630 ὲν
1294 579 1422 648 ἡμῖν
1443 617 1459 639 ,
1506 570 1617 628 οἷον
1646 573 1814 645 νεῦρα
1851 573 1885 644 ἢ

309 675 560 750 μήρινθοί
580 691 723 736 τινες
758 671 992 738 ἐνοῦσαι,
1023 669 1200 723 σπῶσί
1231 685 1290 721 τε
1322 668 1468 738 ἡμᾶς
1502 665 1597 719 καὶ
1630 664 1888 750 ἀλλήλαις

305 767 657 822 ἀνθέλκουσιν
689 764 926 817 ἐναντίαι
956 759 1110 816 οὖσαι
1145 761 1231 815 ἐπ’
1263 760 1513 823 ὲναντίας
1553 756 1800 832 πράξεις,
1827 749 1887 809 οῦ

305 864 370 934 δὴ
400 861 508 932 (45)
529 859 859 930 διωρισμένη
893 855 1062 927 ἀρετὴ
1084 855 1178 908 καὶ
1207 853 1378 906 κακία
1405 853 1602 905 κεῖται.
1636 851 1750 920 Μιᾷ
1781 848 1888 918 γάρ

307 970 472 1023 φησιν
502 953 529 1004 ὁ
551 951 707 1018 λόγος
722 949 830 1001 δεῖν
858 945 967 999 τῶν
1000 944 1195 1011 ἕλξεων
1236 941 1594 1011 ξυνεπόμενον
1628 939 1736 1002 ἀεὶ,
1796 938 1890 990 καὶ

310 1045 532 1118 μηδαμῆ
566 1040 994 1110 ἀπολειπόμενον
1015 1037 1254 1107 ἐκείνης.
1275 1034 1553 1088 ἀνθέλκειν
1573 1035 1684 1095 τοῖς
1711 1030 1891 1093 ἄλλοις

306 1129 520 1200 νεύροις
543 1129 774 1182 ἕκαστον
799 1143 820 1157 ο
851 1125 1055 1194 ταύτην
1094 1124 1140 1176 δ’
1173 1119 1312 1176 εἶναι
1357 1121 1454 1192 τὴν
1490 1121 1585 1174 τοῦ
1627 1119 1888 1190 λογισμοῦ

307 1222 531 1293 ἀγωγὴν
555 1221 760 1292 χρυσῆν
793 1219 886 1272 καὶ
916 1217 1091 1288 ἱερὰν,
1137 1217 1236 1287 τῆς
1272 1215 1480 1278 πόλεως
1520 1214 1698 1267 κοινὸν
1727 1213 1890 1283 νόμον

307 1313 766 1382 ἐπικαλουμένην,
813 1310 978 1371 άλλας
1005 1309 1061 1362 δὲ
1096 1305 1336 1378 σκληρὰς
1367 1305 1460 1358 καὶ
1487 1305 1732 1377 σιδηρᾶς,
1792 1303 1890 1376 τὴν

306 1405 366 1458 δὲ
397 1403 646 1474 μαλακὴν
676 1401 858 1456 ἄνεσιν
891 1400 1096 1472 χρυσῆν
1122 1397 1308 1452 οὖσανο
1335 1397 1432 1461 τάς
1469 1397 1524 1449 δὲ
1563 1397 1724 1460 ἄλλας
1756 1414 1892 1450 παν-

306 1495 562 1557 τοδαποίς
585 1492 779 1546 εἴδεσιν
810 1491 1000 1562 ὁμοίας
1025 1490 1154 1561 (44)·
1174 1490 1283 1543 δεῖν
1305 1490 1361 1544 δὲ
1384 1493 1448 1562 τῇ
1481 1489 1740 1564 καλλίστῃ
1755 1491 1894 1558 ἀγωο

307 1589 381 1657 γῇ
414 1583 506 1638 τοῦ
531 1585 695 1654 νόμου
729 1582 816 1637 ἀεὶ
848 1581 1242 1653 ξυλλαμϐάνειν
1265 1599 1279 1611 θ
1322 1582 1417 1635 ἆτε
1452 1581 1560 1652 γάρ
1598 1580 1693 1634 τοῦ
1743 1581 1891 1650 λογι-

310 1677 451 1750 σμοῦ
478 1675 642 1730 καλοῦ
680 1675 778 1746 μὲν
800 1674 953 1738 ὄντος
976 1715 990 1737 ,
1031 1673 1208 1745 πράου
1237 1690 1297 1726 τε
1321 1673 1413 1726 καὶ
1460 1673 1519 1726 οὐ
1557 1673 1753 1743 βιαίου,
1783 1673 1892 1726 δεῖ-

1991 481 2106 550 spei
2143 495 2340 535 nomen
2370 480 2576 534 sortitae
2602 489 2763 547 sunt;
2815 481 2910 536 sed
2938 490 3116 536 tamen
3167 498 3290 552 spes
3331 484 3422 537 illa
3454 501 3577 554 quae

1992 573 2239 627 dolorem
2275 574 2668 644 antegreditur,
2712 582 2892 627 metus
2921 591 2935 624 :
2971 589 3094 642 quae
3118 575 3448 630 contrariam
3479 591 3576 630 vo-

1993 663 2259 733 luptatem
2291 665 2581 728 antecedit,
2614 664 2810 719 ﬁducia
2848 665 3067 734 proprie
3097 665 3431 721 nominatur.
3478 665 3578 722 His

1993 755 2250 810 omnibus
2284 756 2516 810 rationis
2547 763 2742 825 praeest
2765 755 3078 819 consilium,
3115 771 3226 826 quo
3253 757 3384 826 quid
3415 773 3482 811 ex
3507 757 3576 812 iis

1993 846 2077 900 vel
2109 847 2304 902 melius
2333 847 2424 912 sit,
2443 847 2526 902 vel
2559 846 2800 902 deterius
2826 848 3168 917 exploratur;
3203 849 3455 919 quodque
3482 849 3575 904 ubi

1994 952 2287 992 commune
2334 940 2502 994 totius
2545 939 2680 1008 reip.
2731 937 3252 1002 decretum.fueril,
3296 951 3411 994 tum
3446 956 3578 996 vero

1993 1030 2080 1086 lex
2107 1031 2365 1100 appellari
2396 1033 2558 1087 solet.
2605 1051 2623 1083 ι
2658 1030 2724 1086 Ει
2757 1032 2920 1101 paulo
2960 1041 3080 1101 post
3113 1051 3126 1088 :
3155 1052 3174 1084 ι
3209 1031 3343 1098 Hoc,
3376 1034 3574 1101 inquit,

1997 1127 2372 1197 intelligimus,
2401 1128 2842 1198 perturbationes
2885 1127 3025 1192 illas,
3064 1143 3355 1183 nervorum
3389 1131 3443 1183 in
3474 1145 3575 1185 no-

1996 1220 2082 1276 bis
2112 1235 2176 1275 ac
2203 1219 2413 1276 funium
2439 1221 2801 1292 quorutndam
2831 1221 3005 1275 instar
3027 1235 3172 1284 esse,
3204 1237 3235 1276 a
3265 1221 3486 1291 quibus,
3516 1231 3579 1277 ut

1995 1314 2120 1368 aliis
2148 1314 2240 1368 alii
2269 1311 2532 1368 contrarii
2560 1318 2712 1372 sunt,
2746 1310 2820 1365 ita
2860 1313 3131 1365 contraria
3164 1310 3215 1364 in
3258 1312 3435 1366 studia
3465 1322 3576 1366 tra-

1997 1404 2200 1469 himur,
2230 1402 2320 1457 ubi
2360 1402 2538 1455 virtus
2583 1409 2639 1455 et
2684 1401 2899 1466 vitium,
2945 1401 3062 1456 suis
3092 1402 3252 1456 ambo
3288 1402 3486 1456 ﬁnibus
3513 1417 3578 1458 ac

1997 1495 2316 1566 regionibus
2360 1493 2779 1562 circumscripta
2821 1502 3132 1548 versantur.
3178 1492 3337 1548 Ratio
3378 1494 3578 1564 quippe

1998 1586 2180 1651 docet,
2211 1585 2382 1640 motui
2410 1585 2678 1640 duntaxat
2713 1585 2866 1639 alteri
2902 1585 2982 1640 sic
3017 1584 3426 1656 obsequendum
3460 1587 3578 1642 cui-
3624 1653 3626 1655 ρ

1999 1694 2105 1749 que
2131 1687 2414 1747 perpetuo,
2447 1686 2506 1732 ut
2537 1692 2818 1746 nunquam
2865 1677 2933 1731 ab
2962 1692 3027 1732 eo
3057 1678 3365 1744 discedens,
3402 1694 3576 1750 oppo-

309 1768 436 1821 σθαι
465 1765 752 1838 ὑπηρετῶν
783 1764 945 1819 αὐτοῦ
967 1764 1064 1834 τὴν
1095 1764 1316 1836 ἀγωγὴν
1334 1804 1348 1828 ,
1385 1765 1532 1828 ὅπως
1561 1765 1628 1818 ἂν
1662 1764 1720 1818 ἐν
1758 1766 1887 1835 ἡμῖν

1996 1771 2114 1825 sitis
2145 1769 2370 1823 funibus
2423 1776 2740 1822 constanter
2778 1768 3068 1822 renitatur.
3098 1769 3277 1838 Atque
3303 1769 3449 1824 hunc
3481 1785 3578 1824 sa-

307 1859 371 1913 τὸ
399 1858 630 1931 χρυσοῦν
655 1858 810 1926 γένος
826 1859 951 1928 νικᾷ
975 1856 1044 1909 τὰ
1063 1856 1196 1911 ἄλλα
1223 1856 1376 1926 γένη.
1396 1855 1507 1908 Καὶ
1526 1855 1666 1909 οῦτω
1691 1856 1756 1926 δὴ
1780 1856 1892 1926 (45)

307 1951 442 2021 περὶ
468 1949 759 2020 θαυμάτων
791 1948 867 2011 ὡς
890 1947 1061 2000 ὄντων
1099 1945 1256 2017 ἡμῶν
1299 1946 1327 1997 ὁ
1363 1944 1529 2016 μῦθος
1572 1945 1773 2016 ἀρετῆς
1807 1962 1895 1998 σε-

309 2042 590 2112 σωσμένος
623 2040 688 2094 ἂν
729 2039 814 2112 εἴη
836 2079 850 2104 ,
880 2039 1059 2093 καὶτὸ
1108 2038 1340 2110 κρείττω
1374 2036 1567 2090 ἑαυτοῦ
1602 2039 1697 2090 καὶ
1747 2038 1893 2107 ἥττω

307 2131 447 2188 εἶναι
485 2134 685 2208 τρόπον
707 2133 828 2187 τινὰ
855 2132 1086 2205 φανερὸν
1119 2131 1184 2185 ἂν
1213 2131 1423 2200 γένοιτο
1457 2129 1656 2200 μᾶλλον
1690 2129 1718 2181 ὃ
1753 2133 1887 2183 νοεῖ“

307 2230 406 2280 καὶ
438 2227 519 2279 ὅτι
545 2227 698 2278 πόλιν
723 2226 814 2280 καὶ
842 2223 1077 2295 ἰδιώτην,
1110 2222 1200 2277 τὸν
1242 2222 1342 2293 μὲν
1371 2221 1530 2290 λόγον
1581 2221 1754 2292 ἀληθῆ
1800 2221 1893 2274 λα-

307 2315 475 2370 ϐόντα
505 2317 562 2367 ὲν
593 2314 770 2386 ἑαυτῷ
791 2313 1049 2386 περὶτῶν
1074 2311 1290 2377 ἕλξεων,
1319 2310 1493 2382 τούτῳ
1522 2311 1786 2382 ἑπόμενον
1815 2312 1895 2364 δεῖ

309 2409 432 2480 ζῇν,
461 2407 615 2461 πόλιν
635 2407 689 2460 δὲ
719 2407 752 2478 ἢ
789 2405 940 2477 παρά
967 2405 1102 2458 θεῶν
1127 2421 1271 2467 τινος
1296 2404 1328 2474 ἢ
1359 2403 1488 2474 παρ’
1509 2401 1672 2456 αὑτοῦ
1702 2403 1892 2457 τούτου

308 2503 531 2570 γνόντος
562 2498 732 2553 ταῦτα
771 2498 929 2567 λόγον
956 2493 1400 2569 παραλαϐοῦσαν,
1427 2494 1588 2565 νόμον
1637 2493 1890 2566 θεμένην,

311 2589 452 2658 αὐτῇ
481 2604 540 2640 τε
568 2585 773 2656 ὁμιλεῖν
801 2585 895 2639 καὶ
915 2587 1034 2648 ταῖς
1067 2583 1256 2647 ἄλλαις
1281 2575 1520 2636 πόλεσινῖ
1545 2582 1701 2635 Οὕτω
1727 2583 1894 2636 κακία

309 2677 376 2747 δὴ
407 2675 500 2729 καὶ
520 2675 688 2746 ἀρετὴ
712 2673 1043 2746 σαφέστερον
1069 2676 1198 2744 ἡμῖν
1231 2671 1636 2745 διηρθρωμένον
1659 2672 1724 2726 ἂν
1745 2674 1850 2744 εἴη.
1867 2692 1886 2724 ι

310 2770 424 2820 Kal.
453 2769 580 2838 παρ’
609 2769 740 2838 ἡμῖν
763 2768 792 2819 ὁ
819 2766 958 2830 θεῖος
977 2767 1045 2820 τά
1080 2769 1242 2837 ὃμοια
1279 2765 1518 2819 διδάσκει
1559 2765 1716 2833 λόγος
1741 2806 1756 2832 ,
1786 2766 1894 2835 φά-

312 2875 490 2911 σκων·
532 2877 550 2907 ι
588 2857 892 2928 Συνηδομαι
923 2856 1002 2928 τῷ
1030 2855 1178 2927 νόμῳ
1202 2855 1296 2909 τοῦ
1324 2853 1460 2908 Θεοῦ
1491 2854 1633 2908 κατά
1665 2855 1756 2908 τὸν
1785 2855 1895 2908 ἔσω

309 2947 626 3019 ἂνθρωπονο
661 2946 841 3017 βλέπω
866 2947 923 3000 δὲ
955 2946 1140 3015 ἕτερον
1167 2944 1330 3016 νόμον
1358 2945 1417 2996 ὲν
1439 2945 1551 3006 τοῖς
1576 2943 1762 3013 μέλεσί
1791 2960 1892 3014 μου

1996 1859 2194 1926 pientis
2243 1856 2460 1912 consilii
2510 1870 2736 1911 aureum
2781 1871 2903 1912 esse
2953 1872 3283 1928 sacrumque
3325 1858 3574 1923 ductum,

1994 1964 2159 2020 quam
2191 1948 2463 2018 publicam
2490 1956 2545 2002 et
2570 1962 2918 2003 communem
2943 1948 3180 2003 civitatis
3213 1949 3384 2020 legem
3411 1950 3572 2022 θοι

1995 2041 2334 2111 appellamus
2362 2055 2375 2091 ε
2404 2038 2646 2107 reliquos
2678 2037 2823 2092 enim
2855 2047 3056 2105 motus,
3089 2038 3339 2093 duriores
3374 2054 3438 2094 ac
3467 2039 3576 2094 fer-

1996 2147 2143 2193 reos,
2172 2131 2394 2187 ductum
2427 2129 2574 2184 hunc
2600 2143 2793 2206 unum,
2828 2129 2974 2199 quod
3009 2145 3209 2185 aureus
3237 2129 3328 2195 sit,
3357 2129 3574 2185 facilem

1993 2223 2156 2278 etiam
2205 2237 2270 2276 ac
2294 2235 2515 2277 suavem
2560 2234 2712 2282 esse;
2745 2235 2982 2290 cumque
3017 2221 3196 2277 caeteri
3236 2237 3430 2279 omnes
3463 2233 3578 2279 tam

1994 2313 2130 2366 varii
2159 2312 2268 2368 sint
2299 2320 2522 2380 tamque
2553 2310 2906 2380 multiplices,
2940 2311 3087 2368 hunc
3114 2313 3326 2368 vultum
3358 2331 3576 2385 semper

1996 2419 2164 2458 unum
2201 2403 2560 2472 eamdemque
2589 2401 2820 2456 formam
2847 2401 3173 2458 retinere.Et
3200 2420 3330 2460 vero
3351 2405 3580 2462 ductum

1996 2494 2143 2549 hunc
2173 2493 2306 2563 legis
2335 2502 2593 2562 tanquam
2625 2493 2916 2561 optimum,
2945 2508 3160 2564 semper
3183 2497 3341 2550 nobis
3371 2513 3435 2552 ac
3461 2509 3580 2553 stu-

1995 2585 2150 2639 diose
2190 2584 2623 2652 promovendum
2669 2597 2811 2639 esse.
2845 2581 2980 2638 Nam
3015 2600 3139 2640 cum
3188 2587 3319 2642 illud
3347 2589 3581 2645 rationis

1995 2676 2290 2731 consilium
2317 2676 2390 2729 ita
2419 2675 2622 2730 bonum
2659 2684 2822 2744 atque
2860 2675 3152 2732 honestum
3185 2678 3275 2743 sit,
3304 2689 3365 2734 ut
3395 2689 3576 2736 tamen

1997 2767 2265 2822 suavitate
2292 2765 2477 2829 ducat,
2508 2779 2618 2818 non
2651 2764 2702 2817 vi
2737 2773 2934 2834 cogat;
2973 2765 3118 2821 hunc
3152 2768 3324 2836 ipsius
3351 2769 3582 2825 ductum

1996 2857 2440 2913 administrorum
2491 2857 2856 2927 quorumdam
2909 2872 3072 2927 opera
3123 2861 3362 2930 indigere
3407 2871 3467 2916 ut
3521 2863 3584 2918 in

1997 2948 2158 3003 nobis
2191 2963 2417 3002 aureum
2452 2947 2620 3002 hocce
2667 2962 2859 3016 genus,
2907 2959 3159 3004 caeterum
3207 2951 3354 3005 illam
3401 2954 3581 3007 natio-

309 3039 859 3110 ἀντιστρατευόμενον
906 3037 986 3108 τῷ
1035 3037 1185 3107 νόμῳ
1235 3035 1329 3088 τοῦ
1375 3035 1494 3099 νοός
1561 3051 1697 3105 μουο
1734 3053 1752 3086 ι
1779 3035 1891 3089 Καὶ

311 3129 475 3183 πάλιν
499 3146 511 3160 ⁸
545 3149 562 3180 ι
591 3129 809 3194 Μεταξῦ
834 3128 1076 3199 ἀλλήλων
1101 3125 1209 3179 τῶν
1234 3124 1506 3196 λογισμῶν
1523 3126 1891 3196 κατηγορούν-

1996 3055 2120 3096 nem
2155 3039 2477 3110 turbamque
2522 3041 2745 3096 domare
2784 3043 2982 3112 possit.
3017 3041 3196 3112 Atque
3240 3044 3310 3098 ita
3353 3043 3574 3101 demum

1997 3128 2217 3183 virtutis
2244 3129 2356 3192 illa,
2389 3143 2511 3198 quae
2537 3128 2604 3184 de
2631 3129 2789 3186 nobis
2819 3138 3081 3201 tanquam
3123 3134 3373 3189 miraculi
3418 3135 3579 3190 simi-

308 3221 500 3293 των,ἢ
539 3222 632 3275 καλ⁵
665 3219 1146 3291 ἀπολογουμένων⁸
1188 3237 1208 3270 ι
1241 3218 1343 3272 ὅσα
1389 3233 1450 3270 τε
1503 3215 1638 3271 ἀλλα
1681 3215 1892 3281 τούτοις

1999 3221 2142 3276 libus
2176 3221 2484 3276 celebratur
2519 3218 2725 3288 fabula,
2758 3223 3018 3292 explicari
3066 3222 3224 3280 facile
3253 3225 3582 3297 defendique

310 3313 693 3386 παραπλήσια,
1998 3310 2231 3381 poterit;
2262 3317 2378 3363 tum
2426 3309 2630 3365 clarius
2663 3309 2828 3364 simul
2870 3310 3248 3382 illustriusque
3281 3316 3579 3382 constabit,

309 3419 422 3460 non
459 3405 622 3460 modo
651 3403 780 3475 quid
816 3402 946 3458 illud
975 3401 1260 3472 signiﬁcet,
1289 3399 1565 3455 hominem
1619 3399 1800 3470 seipso
1833 3415 2025 3467 unum,
2057 3401 2219 3456 modo
2267 3400 2626 3470 superiorem,
2659 3401 2822 3456 modo
2856 3401 3167 3458 inferiorem
3190 3420 3313 3462 esse
3341 3424 3354 3459 :
3388 3423 3582 3464 verum

310 3483 479 3556 etiam
513 3500 781 3571 ejusmodi
810 3515 933 3554 cum
969 3497 1182 3568 privato
1208 3496 1428 3566 cuique,
1455 3505 1570 3549 tum
1602 3495 1706 3566 ipsi
1733 3509 1953 3566 quoque
1996 3494 2135 3564 reip.
2170 3494 2481 3549 cautionem
2513 3508 2637 3549 esse
2665 3494 3056 3558 necessariam,
3091 3503 3152 3549 ut
3174 3497 3421 3565 privatus
3449 3515 3579 3554 vera

309 3605 368 3649 et
400 3594 616 3664 propria
650 3605 898 3648 motuum
930 3593 1148 3658 illorum
1177 3593 1231 3647 in
1261 3607 1383 3649 sese
1417 3593 1628 3647 ratione
1656 3601 1939 3664 perspecta
1960 3634 1976 3660 ,
2006 3592 2174 3648 vitam
2207 3592 2297 3647 illa
2344 3591 2626 3662 diligenter
2659 3592 2941 3661 instituat;
2972 3596 3185 3661 civitas,
3220 3608 3578 3669 posteaquam

308 3693 397 3748 vel
429 3691 498 3746 ab
523 3691 706 3761 aliquo
743 3693 988 3759 numine,
1027 3691 1111 3746 vel
1134 3700 1280 3747 certe
1314 3691 1383 3745 ab
1411 3705 1476 3746 eo
1513 3690 1627 3762 jam
1658 3693 1938 3762 explorata
1967 3691 2060 3746 illa
2089 3690 2220 3754 sint,
2248 3689 2494 3745 eamdem
2523 3689 2890 3760 c0gnitionem
2925 3688 3188 3753 hauserit,
3221 3690 3368 3745 illam
3399 3691 3577 3760 ipsam

310 3783 451 3854 legis
496 3783 617 3838 loco
647 3783 831 3838 haberi
861 3783 1070 3854 iubeat,
1101 3799 1265 3855 quam
1305 3784 1581 3856 deinceps,
1613 3794 1668 3842 et
1697 3801 1884 3842 secum
1931 3786 2050 3856 ipsa
2077 3794 2134 3841 et
2174 3800 2299 3840 cum
2345 3785 2466 3840 aliis
2497 3785 2810 3840 civitatibus
2843 3787 3054 3857 agendo
3083 3795 3364 3858 sequatur.
3397 3787 3583 3858 Atque

311 3879 390 3932 ita
428 3877 643 3947 planius
681 3890 844 3948 atque
891 3878 1204 3935 distinctius
1244 3879 1361 3934 vitii
1393 3879 1717 3951 virtutisque
1759 3882 2000 3938 rationes
2047 3895 2466 3952 cognoscemus.
2514 3899 2534 3932 ι
2581 3878 2855 3937 Hactenus
2888 3875 3060 3932 Plato.
3105 3877 3207 3932 Cui
3243 3893 3376 3933 sane
3404 3894 3574 3949 quam

313 3971 719 4027 adﬁnia-littera:
749 3988 851 4028 nos
883 3973 1080 4030 divinae
1106 3975 1321 4031 docent.
1358 3978 1438 4030 lta
1477 3977 1622 4032 enim
1651 3978 1988 4048 Apostolus:
2019 3997 2039 4030 ‹
2073 3977 2451 4041 Condelector,
2492 3976 2690 4047 inquit,
2730 3975 2836 4046 legi
2882 3973 2976 4030 Dei
3008 3974 3311 4034 secundum
3350 3974 3576 4030 interio-

311 4081 431 4120 rem
467 4065 743 4120 hominem
776 4083 790 4118 :
831 4067 988 4122 video
1021 4078 1202 4124 autem
1228 4071 1389 4125 aliam
1417 4071 1588 4142 legem
1617 4072 1671 4127 in
1702 4074 1962 4130 membris
1995 4075 2154 4139 meis,
2175 4083 2563 4143 repugnantem
2589 4073 2690 4143 legi
2721 4070 2925 4126 mentis
2956 4083 3090 4124 meae
3118 4069 3184 4122 ⁸⁸.
3227 4085 3247 4118 ι
3288 4066 3529 4137 Itemque
3557 4087 3572 4123 :

1917 3094 1960 3153 C

317 4174 340 4209 ι
384 4155 528 4212 Inter
553 4171 674 4212 sese
699 4156 930 4214 invicem
963 4160 1384 4230 cogitationibus
1411 4164 1818 4228 accusantibus,
1846 4174 1941 4230 aut
1969 4167 2134 4220 etiam
2161 4163 2576 4220 defendentibus
2605 4164 2664 4216 ⁸³.
2705 4183 2724 4214 ι
2757 4163 2823 4217 Ει
2850 4170 3044 4218 caetera
3072 4159 3126 4213 id
3151 4173 3344 4229 genus.

806 4251 1203 4306 ΚΕΦΑΛΑΙΟΝ
1254 4253 1390 4311 ΚΗ’.

2530 4253 2758 4312 CAPUT
2808 4251 3046 4308 XXVIII.

312 4340 439 4396 ὀτι
464 4344 536 4398 οὐ
563 4341 630 4394 τὸ
651 4340 842 4428 adyta,
866 4343 1004 4428 ἀμ’
1092 4344 1262 4414 ψυχὴ
1287 4345 1454 4428 αἰτία,
1472 4347 1752 4416 τυγχάνει
1773 4345 1892 4401 τῶν

2003 4346 2125 4403 Non
2155 4349 2209 4403 in
2252 4365 2440 4428 corpus
2459 4390 2474 4416 ,
2510 4348 2599 4402 sed
2629 4347 2688 4400 iit
2721 4346 2981 4407 animum,
3010 4342 3228 4428 culpam.
3246 4356 3427 4395 eorum
3460 4357 3578 4412 quae

587 4414 784 4478 κακῶς
813 4414 912 4482 ὑφ’
952 4414 1122 4483 ήμῶν
1159 4414 1597 4484 πραττομένωῆ

391 4527 411 4560 ε
444 4505 785 4578 Μεμνήμεθά
831 4504 941 4576 (46)
981 4523 1044 4574 γε
1079 4507 1183 4580 μὴν
1222 4508 1654 4578 ὁμολογήσαντες
1683 4509 1740 4560 ἐν
1783 4511 1898 4572 τοῖς

313 4598 574 4669 πρόσθεν,
598 4597 693 4660 ὡς,
715 4597 762 4650 εί
782 4595 926 4666 ψυχὴ
954 4598 1146 4667 φανείη
1171 4597 1513 4670 πρεσϐυτέρα
1535 4597 1626 4650 τοῦ
1647 4597 1898 4669 σώματος

313 4688 472 4753 οὖσα,
506 4691 599 4743 καὶ
629 4688 699 4741 τὰ
729 4687 905 4758 ψυχῆς
931 4686 1039 4740 τῶν
1069 4687 1161 4741 τοῦ
1185 4675 1633 4760 σώματοςῖἐσοιτο
1658 4688 1898 4760 πρεσϐύ-

315 4801 471 4853 τερα.
517 4811 581 4822 --
611 4781 758 4834 Πάνυ
796 4779 894 4849 μὲν
925 4773 1038 4832 οὖν.
1084 4781 1368 4852 -Τρόποι
1419 4781 1476 4834 δὲ
1512 4781 1602 4834 καὶ
1635 4779 1760 4852 ἤθη,
1807 4781 1900 4834 καὶ

315 4875 618 4946 βουλήσεις,
655 4873 748 4928 καὶ
769 4872 1038 4947 λογισμοὶ,
1088 4875 1182 4928 καὶ
1234 4873 1381 4940 δόξαι
1431 4871 1670 4943 ἀληθεῖς,
1707 4871 1900 4942 ἐπιμέ-

391 4964 437 4996 ⁶⁸
467 4965 626 5019 Rom.
671 4982 766 5023 vn.
811 4967 1004 5021 22-25.
1081 4965 1127 4998 ”
1155 4964 1313 5020 Rom.
1339 4979 1400 5027 tt,
1437 4963 1523 5016 45.

393 5055 506 5126 (ιδ)
549 5051 632 5111 οὗ
671 5056 766 5123 δή.
804 5055 881 5112 Ita
923 5056 1269 5126 reposuimus
1309 5070 1375 5109 ex
1413 5052 1640 5107 Platone
1685 5061 1742 5108 et
1783 5067 1898 5108 ma-

319 5139 510 5198 nuscr.
545 5142 647 5198 pro
670 5129 730 5180 οὐ
757 5128 852 5198 δή,
883 5132 1032 5196 quod
1057 5127 1314 5198 vitiosum
1345 5133 1480 5198 erat.

397 5195 506 5264 (44)
547 5191 1046 5266 Εἵδεὰινδμὸίας.
1076 5196 1374 5266 Platoipost
1396 5193 1590 5266 ὁμοίας
1627 5191 1898 5266 minorem

320 5262 725 5321 distinctionem
766 5262 1017 5329 adhibet,
1060 5268 1190 5321 dum
1230 5262 1386 5336 legit,
1432 5262 1540 5317 δεῖν
1591 5265 1658 5336 τῇ
1710 5262 1899 5336 καλλί-

319 5350 425 5406 στῃ
445 5378 459 5393 .
488 5345 616 5399 etc.,
636 5339 752 5392 sine
775 5338 850 5390 δέ.
879 5334 1305 5408 EgoEusebium
1327 5336 1485 5408 sequi
1510 5334 1672 5408 malo,
1707 5334 1896 5387 vellem

321 5403 509 5476 tamen
550 5417 674 5460 ante
723 5408 822 5470 τὰς
864 5403 1128 5476 δὲ⁷άλλας
1175 5406 1378 5476 aliquid
1413 5403 1662 5476 praemii,
1739 5419 1895 5476 v._c.,

319 5475 420 5528 καὶ
446 5477 543 5546 τὴν
576 5478 673 5546 μὲν
705 5477 952 5547 μονοειδῆ
996 5473 1168 5541 εἷναι,
1219 5473 1282 5530 ut
1323 5473 1509 5547 magis
1547 5474 1899 5547 sequentibus

319 5542 717 5613 opponeretur,
747 5563 884 5618 quas
919 5542 993 5600 ait
1038 5547 1396 5618 παντοδαποῖς
1420 5542 1634 5618 ίεῖδεσιν
1667 5542 1858 5618 ὁμοίας
1881 5581 1896 5605 ,

318 5591 783 5687 ῃῦὲιηοᾱιιιοιιῦηῖ
819 5619 955 5672 alias
983 5619 1200 5686 quidem
1237 5591 1475 5687 σκληρὰς
1516 5615 1610 5668 καὶ
1639 5591 1894 5684 σιδηρᾶς,

320 5685 618 5759 haucvem
649 5689 896 5759 μαλακὴν
919 5685 1012 5759 καῖ
1038 5685 1388 5759 χρυσῆνεεεο
1421 5687 1651 5759 dixer_a_t.

403 5704 468 5737 nc
493 5704 618 5740 vero
691 5704 896 5759 αλακην
919 5704 1012 5738 και
1038 5705 1242 5758 χρυσην
1270 5704 1388 5740 esse
1421 5704 1651 5739 dixerat.

400 5754 512 5826 (65)
551 5704 688 5811 Κικέἰ
710 5759 860 5812 οὕτω
919 5754 1032 5822 δή,
1066 5768 1171 5813 etc.
1227 5755 1355 5811 Vide
1387 5772 1516 5810 nttm
1555 5754 1728 5811 Ficini
1762 5767 1896 5809 con-

2222 4436 2254 4473 a
2291 4411 2439 4474 nobis
2461 4411 2773 4489 peccantur,
2807 4430 2917 4470 esse
2950 4411 3339 4480 conferendam.

2072 4529 2090 4562 ι
2130 4508 2249 4564 Jam
2279 4525 2406 4564 vero
2431 4508 2802 4569 meminimus,
2831 4503 3006 4574 inquit
3033 4501 3205 4569 Plato,
3233 4502 3339 4557 hoc
3359 4516 3389 4556 a
3417 4501 3578 4558 nobis

2001 4603 2253 4671 superius
2299 4614 2421 4656 esse
2460 4614 2803 4661 concessum,
2854 4597 2898 4650 si
2935 4608 3162 4664 corpore
3211 4591 3577 4662 antiquiorem

2000 4694 2241 4748 animum
2275 4707 2396 4748 esse
2416 4700 2710 4755 constaret,
2759 4688 3022 4761 quidquid
3065 4689 3226 4742 etiam
3255 4685 3421 4740 animi
3451 4700 3578 4755 pro-

1999 4788 2181 4856 prium
2223 4795 2402 4851 esset,
2441 4785 2496 4840 id
2527 4799 2688 4839 omne
2723 4783 2883 4838 rebus
2922 4781 2988 4836 ad
3030 4779 3276 4848 corporis
3321 4785 3576 4831 naturam

2001 4877 2394 4946 pertinentibus
2424 4875 2704 4946 antiquius
2750 4873 3017 4930 futurum.
3039 4900 3111 4911 —
3137 4868 3300 4938 Sane,
3325 4869 3576 4925 memini-

2000 5059 2159 5121 gruat
2206 5051 2577 5121 interpretatio
2605 5068 2620 5105 :
2652 5050 2721 5104 Et
2759 5053 2835 5106 sic
2879 5049 3095 5120 fabula,
3129 5048 3254 5121 quia
3284 5048 3423 5121 mira
3454 5055 3570 5121 res,

1999 5116 2153 5176 homo
2173 5137 2283 5176 esse
2309 5116 2584 5188 narratur,
2610 5123 2798 5176 virtute
2818 5116 3149 5174 servabitur.
3163 5116 3426 5188 Equidem
3440 5118 3574 5171 haec

1998 5206 2108 5245 non
2137 5192 2396 5262 intelligo.
2425 5187 2578 5254 Vult,
2608 5192 2822 5260 opinor,
2851 5189 3204 5262 philosophus
3223 5226 3238 5249 ,
3263 5201 3330 5262 ea
3349 5187 3572 5262 demum

1999 5262 2248 5325 ratione,
2282 5256 2446 5332 quam
2500 5256 3216 5332 prtes'cribitfintellectum
3269 5256 3571 5332 iri,-quo_d

1999 5326 2637 5400 plerisque-fabulosum
2698 5331 2984 5390 videatur,
3047 5327 3296 5381 homines
3350 5326 3570 5400 virtutis

2000 5395 2278 5456 studiosos
2325 5402 2570 5456 miraculi
2615 5402 2821 5456 similes
2851 5413 2972 5453 esse
3001 5413 3014 5448 ε
3043 5411 3268 5466 prorsus
3299 5396 3442 5450 enim
3473 5395 3572 5448 ad-

1999 5472 2248 5525 mirabile
2282 5471 2537 5538 quiddam
2567 5480 2684 5533 cst,
2740 5471 2794 5523 in
2828 5469 3049 5522 homine
3080 5480 3223 5538 uno,
3258 5474 3460 5538 tantam
3502 5479 3568 5538 ac

1999 5543 2274 5595 assiduam
2302 5535 2427 5594 esse
2461 5556 2585 5595 cum
2621 5541 2764 5594 vitiis
2804 5548 2858 5594 et
2903 5537 3288 5604 cupiditatibus
3339 5535 3566 5590 rationis

1999 5611 2321 5679 virtutisque
2353 5625 2620 5678 pugnam,
2674 5611 2726 5662 in
2768 5624 2874 5679 qua
2906 5608 3086 5660 vincat
3119 5607 3314 5676 szepius
3375 5606 3567 5658 trium-

2001 5682 2234 5752 plietque
2267 5680 2458 5752 virtus.

1993 5741 2019 5842 ι’
2073 5741 2183 5820 (46)
2218 5747 2596 5818 Mearm/80a.
2627 5745 2804 5814 Plato,
2833 5747 2926 5802 lib.
2959 5764 2991 5803 ι
3017 5746 3164 5817 Leg.,
3197 5761 3317 5817 pag.
3337 5741 3464 5809 ϐω,
3493 5749 3565 5800 ιλ
