4156 6416
575 311 681 369 999
1215 309 2014 408 EUSEBIbCESARlENSSlS
2054 313 2202 370 OPP.
2244 313 2426 370 PARS
2460 313 2523 369 ll.
2568 345 2637 354 —
2674 315 3173 372 APOLOGETICA.
3676 323 3823 379 1000

567 443 712 483 mus.
739 455 810 466 —
838 427 1014 483 Mores
1063 428 1244 499 igitur,
1273 429 1607 498 aﬂeetiones,
1635 432 1966 496 voluntates,
1997 431 2131 501 judi-

2242 431 2382 487 λειαί
2401 450 2461 486 τε
2492 434 2584 486 καὶ
2617 434 2850 505 μνῆμαι,
2889 423 3130 508 πρότερα
3159 435 3369 507 μήκους
3396 437 3666 509 σωμάτων
3690 481 3705 503 ,
3737 444 3836 496 καὶ

567 521 675 587 cia,
711 536 852 575 verae
884 521 1189 591 epiniones,
1222 539 1401 587 curm,
1442 525 1867 588 recordationes,
1902 527 2131 594 proceri-

2248 525 2504 589 πλάτους,
2557 527 2652 579 καὶ
2687 525 2902 595 βάθους,
2947 528 3042 582 καὶ
3091 526 3282 599 ῥώμης
3314 529 3399 601 εἴη
3449 532 3710 599 γεγονότα
3740 533 3834 600 ἂν,

567 621 696 679 tate,
743 613 1042 677 latitudine,
1092 614 1254 680 mole,
1295 616 1612 685 viribusque
1645 617 1891 686 corporis
1935 618 2131 686 priores

2248 617 2408 688 εἴπερ
2436 618 2529 670 καὶ
2556 616 2700 688 ψυχὴ
2732 617 3000 688 σώματος,
3021 649 3092 659 -
3125 619 3385 691 Ἀνάγκη.
3407 617 3603 694 —'Ap’
3630 620 3726 677 οὖν
3770 628 3835 681 τὸ

567 705 696 770 sint,
743 719 963 760 necesse
1000 714 1102 770 est,
1137 707 1183 759 si
1212 707 1456 760 animum
1493 722 1720 777 corpore
1754 708 1989 777 priorem
2025 723 2131 763 esse

2252 708 2390 777 μετὰ
2448 707 2607 760 τοῦτο
2650 708 2931 784 ὁμολογεῖν
2985 710 3304 778 ἀναγκαῖον,
3359 711 3468 764 τῶν
3497 729 3558 764 τε
3607 715 3838 784 ἀγαθῶν

565 797 938 853 concedimus.
967 829 1037 838 —
1071 797 1302 853 Necesse
1331 798 1382 852 id
1413 799 1655 870 quidem.
1684 831 1754 839 —
1777 801 1937 872 602
1979 799 2131 870 Ergo,

2247 799 2426 852 αἰτίαν
2453 793 2593 852 εἶναι
2621 798 2798 870 ψυχὴν
2830 800 2924 852 καὶ
2955 800 3064 853 τῶν
3097 802 3303 868 κακῶν,
3345 803 3439 855 καὶ¹
3480 804 3682 871 καλῶν,
3735 810 3838 862 καὶ

562 889 712 959 quod
761 889 999 944 indidem
1050 890 1327 962 sequitur,
1376 908 1483 948 non
1525 892 1577 946 id
1632 892 1794 947 etiam
1840 893 1998 948 fateri
2043 909 2131 949 nos

2247 890 2487 962 αἰσχρῶν
2511 932 2528 958 ,
2574 890 2797 944 δικαίων
2851 907 2910 942 τε
2938 892 3030 944 καὶ
3061 893 3282 958 ἀδίκων,
3340 896 3433 948 καὶ
3460 895 3678 951 πάντων
3723 900 3840 953 τῶν

563 990 808 1052 oportet,
855 982 1142 1046 bonorum,
1177 982 1340 1036 simul
1381 991 1436 1036 et
1476 983 1745 1037 malorum
1788 983 2131 1038 honestorum

2244 983 2523 1046 ἐναντίων,
2549 982 2705 1054 εἴπερ
2737 982 2847 1036 τῶν
2900 983 3118 1037 πάντων
3151 1002 3216 1054 γε
3260 987 3430 1059 αὐτὴν
3470 987 3706 1060 θήσομεν
3749 991 3842 1043 ai-

563 1071 690 1126 item
726 1086 791 1126 ac
835 1071 1093 1141 turpium,
1117 1070 1392 1140 justor’um
1424 1081 1477 1126 et
1515 1073 1868 1142 injustorum,
1898 1073 2142 1143 adeoque

562 1165 963 1219 contrariorum
1009 1165 1256 1219 omnium
1304 1179 1526 1220 causam
1575 1166 1818 1220 animum
1863 1179 2022 1231 esse;
2067 1169 2144 1222 sl-

561 1255 777 1324 qnidem
808 1256 908 1324 ipsi
940 1256 1186 1310 omnium
1221 1255 1449 1310 omnino
1493 1272 1714 1312 causam
1751 1255 2135 1328 assignandam

559 1362 681 1402 esse
710 1346 993 1401 volumus?
1025 1365 1043 1398 ›
1072 1347 1249 1416 Atque
1285 1348 1399 1402 haec
1423 1362 1486 1402 ex
1516 1347 1710 1418 Legum
1745 1346 1976 1402 decimo.
2002 1345 2138 1412 Qui—

558 1436 662 1491 bus
689 1435 900 1509 Moyses
929 1447 1294 1493 consentanee
1324 1439 1583 1510 loquitur,
1612 1439 1740 1494 dum
1781 1439 1913 1494 illud
1943 1439 2058 1494 suis
2083 1438 2138 1492 in

2241 1072 2399 1138 τίαν;
2429 1092 2446 1124 ι
2498 1074 2606 1127 Καὶ
2652 1072 2824 1128 ταῦτα
2850 1073 2907 1126 δὲ
2935 1075 3042 1127 ἀπὸ
3082 1075 3173 1128 τοῦ
3222 1078 3591 1132 δεκάτουλτῶν
3621 1082 3842 1151 Νόμων

2243 1165 2571 1236 προκείσθω.
2604 1165 2826 1236 Συνᾲδει
2862 1166 2919 1219 δὲ
2948 1167 3131 1229 αὐτοῖς
3163 1169 3192 1221 ὁ
3219 1169 3461 1240 Μωῦσῆς
3485 1172 3748 1236 πολλάκις
3781 1175 3842 1225 ἐν

2244 1259 2356 1320 τοῖς
2397 1257 2582 1328 νόμοις
2635 1255 2837 1323 εἰπὼν,
2882 1277 2900 1309 ι
2941 1259 3050 1312 Καὶ
3118 1259 3211 1312 ἐὰν
3251 1259 3398 1331 ψυχὴ
3459 1262 3682 1335 ἁμάρτῃ
3739 1265 3837 1317 καὶ

2244 1349 2448 1422 ποιήσῃ
2505 1348 2916 1420 πλημμέλημα·
2963 1368 2983 1400 ›
3038 1350 3134 1403 καὶ
3163 1352 3263 1404 ὅσα
3313 1351 3524 1416 τούτοις
3573 1354 3835 1426 ἐμφερῶς

2243 1437 2458 1509 εἴρηται
2484 1439 2615 1510 παρ’
2638 1438 2805 1509 αὐτῷ.

556 1531 767 1600 legibus
799 1531 1109 1602 frequenter
1133 1533 1409 1589 inculcat:
1450 1550 1467 1583 ε
1501 1529 1558 1586 Si
1590 1531 1771 1586 anima
1806 1531 2131 1601 peccaverit,
2170 1537 2225 1584 et
2257 1529 2450 1586 fecerit
2470 1531 2834 1602 iniquitatem,
2871 1550 2890 1584 ι
2919 1539 2974 1586 et
3027 1539 3219 1587 caetera
3250 1548 3372 1602 quae
3410 1534 3479 1588 ab
3500 1535 3593 1591 illo
3620 1537 3828 1606 passim

555 1621 804 1676 eamdem
836 1620 892 1674 in
925 1622 1246 1676 sententiam
1278 1621 1597 1676 aﬂ‘eruntur.

1117 1711 1346 1767 CAPUT
1387 1710 1582 1766 XXIX.

2760 1703 3159 1759 ΚΕΦΑΛΑΙΟΝ
3189 1704 3320 1759 ΚΘ¹.

633 1822 712 1876 De
756 1837 815 1876 eo
845 1821 935 1891 qui
965 1823 1164 1876 sincere
1200 1823 1501 1894 integreque
1530 1823 1942 1894 philosophetur.
1984 1821 2070 1876 Ea:

2240 1821 2381 1891 Περὶ
2442 1819 2548 1874 τοῦ
2606 1817 2879 1888 καθαρῶς
2897 1821 3436 1894 ⁸φιλοσοφοῦν-τος.
3514 1823 3648 1878 Ἀπὸ
3718 1818 3832 1883 τοῦ

1199 1891 1492 1947 Theaeteto.

631 1983 872 2041 Hebraea:
900 1985 1095 2041 litterae
1123 1985 1189 2041 de
1217 1999 1282 2040 eo
1325 1986 1419 2056 qui
1455 1987 1600 2041 serio
1628 2001 1864 2056 vereque
1891 1985 2139 2057 philoso-

555 2077 775 2146 phetur,
825 2077 901 2131 ita
939 2077 1340 2147 praenuntiant,
1379 2095 1399 2127 ι
1447 2077 1661 2132 Bonum
1706 2087 1790 2134 est
1822 2077 1971 2143 viro,
2011 2093 2135 2132 cum

556 2169 853 2239 portaverit
874 2168 1066 2239 jugum
1096 2168 1166 2224 ab
1194 2168 1556 2223 adoleseentia
1581 2183 1681 2224 sua
1718 2187 1732 2223 :
1765 2159 1976 2224 sedebit
2007 2168 2139 2223 soli-

557 2261 750 2324 tarius,
769 2268 823 2315 et
844 2261 1061 2323 tacebit,
1091 2260 1216 2330 quia
1245 2260 1445 2315 levavit
1471 2276 1635 2331 super
1661 2276 1722 2316 se
1740 2260 1806 2314 7°.
1843 2280 1862 2312 ι
1898 2257 2139 2330 Itemque

555 2352 624 2406 de
661 2350 938 2421 prophetis
969 2349 1081 2405 Deo
1125 2349 1483 2418 eharissimis,
1517 2366 1610 2407 eos
1654 2361 1715 2406 ut
1760 2366 2034 2406 summum
2069 2350 2137 2405 ad

554 2444 914 2514 philosophiae
955 2443 1168 2498 culmen
1215 2443 1556 2513 aspirarent,
1614 2444 1673 2498 in
1728 2442 2134 2507 solitudinibus,

555 2536 833 2590 montibus
883 2551 947 2591 ac
989 2535 1261 2606 speluncis
1302 2545 1546 2592 versatos
1609 2551 1730 2592 esse
1795 2536 1987 2601 docet,
2041 2535 2136 2591 ubi

554 2631 791 2677 mentem
827 2622 1088 2678 haberent
1119 2624 1172 2677 in
1208 2623 1373 2679 unius
1397 2622 1493 2680 Dei
1521 2625 1851 2695 cogitatione
1878 2624 2130 2680 deﬁxam.

553 2711 694 2766 Audi
720 2721 776 2766 tu
809 2727 960 2780 vero,
989 2712 1447 2784 quemadmodum
1475 2729 1644 2784 genus
1671 2714 1803 2770 illud
1833 2715 1956 2770 vita:
1983 2713 2136 2770 Plato

552 2799 752 2854 divinis
801 2815 1021 2870 quoque
1069 2802 1324 2859 laudibus
1374 2804 1656 2871 extulerit,
1693 2804 1786 2860 ubi
1831 2804 1898 2860 de
1941 2819 2006 2861 eo
2040 2807 2133 2877 qui

550 2906 825 2948 summam
885 2893 1032 2948 illam
1102 2895 1522 2966 philosophandi
1579 2896 1796 2952 laudem
1851 2908 2132 2968 sequatur,

553 2981 667 3036 hwc
703 2983 863 3060 habet
906 3002 918 3037 :
959 3001 976 3034 ι
1015 2982 1275 3040 Dicamus
1311 2985 1496 3056 igitur,
1542 2985 1740 3056 inquit,
1774 2986 1854 3042 uti
1897 3003 1995 3059 par
2027 2997 2130 3055 est,

551 3073 769 3143 quando
813 3075 886 3128 ita
935 3074 1028 3129 tibi
1076 3074 1321 3139 videtur,
1361 3076 1428 3132 de
1469 3078 1700 3133 summis
1738 3078 1846 3134 illis
1886 3080 2130 3149 philoso-

2889 1888 3210 1960 Θεαιτήτου.

2314 1980 2427 2052 Τῆς
2478 1979 2609 2052 παρ’
2690 1979 2964 2051 Ἑϐραίοις
3023 1962 3243 2051 γραφῆς
3292 1981 3422 2053 περὶ
3474 1980 3570 2034 τοῦ
3621 1984 3828 2056 σπουδῇ

2239 2071 2658 2141 φιλοσοφοῦντος
2686 2071 3022 2143 φασκούσης,
3054 2091 3073 2124 ι
3111 2070 3338 2140 Ἀγαθὸν
3366 2072 3542 2144 ἀνδρὶ,
3567 2073 3696 2127 ὅταν
3717 2076 3831 2149 ἄρῃ

2241 2162 2405 2232 ζυγὸν
2455 2164 2521 2216 ὲκ
2581 2162 2836 2233 νεότητος
2874 2163 3067 2216 αὐτοῦ·
3135 2163 3433 2235 καθήσεται
3490 2167 3828 2236 καταμόνας,

2238 2253 2334 2308 καὶ
2363 2255 2719 2325 σιωπήσεται,
2752 2254 2836 2307 ὅτι
2882 2249 3016 2326 ἦρεν
3043 2254 3128 2324 ἐφ’
3160 2255 3358 2326 ἐαυτῷ,
3389 2274 3408 2307 ι
3445 2259 3539 2311 καὶ
3566 2259 3696 2330 περὶ
3717 2259 3830 2313 τῶν

2238 2344 2502 2416 θεοφιλῶν
2535 2344 2850 2416 προφητῶν,
2879 2345 2954 2410 ὼς
2972 2345 3081 2418 ἄρα
3102 2347 3169 2399 δι’
3197 2348 3475 2419 ἀκρότητα
3505 2351 3830 2421 φιλοσοφίας

2239 2438 2299 2490 ἑν
2328 2436 2614 2508 ἐρημίαις,
2641 2438 2736 2490 καὶ
2765 2437 2937 2506 ὄρεσι,
2971 2438 3066 2491 καὶ
3099 2437 3386 2509 σπηλαίοις
3417 2439 3626 2512 διῆγον,
3688 2445 3832 2516 πρὸς

2241 2529 2390 2600 μόνῳ
2410 2528 2489 2600 τῷ
2516 2528 2634 2598 Θεῷ
2657 2527 2756 2600 τὴν
2811 2528 3052 2582 διάνοιαν
3088 2528 3306 2600 ἔχοντες
3328 2549 3342 2561 ο
3384 2532 3687 2587 ἐπάκουσον
3728 2536 3829 2589 τοῦ

2237 2620 2544 2684 Πλάτωνος,
2575 2620 2724 2683 ὅπως
2756 2620 2849 2673 καὶ
2877 2620 3040 2685 αὐτὸς
3073 2620 3163 2674 τὸν
3194 2622 3395 2676 τοιόνδε
3417 2623 3511 2677 τοῦ
3547 2625 3662 2695 βίου
3701 2629 3832 2700 τρό-

2236 2728 2337 2765 πον
2361 2711 2652 2775 ὲκθειάζει,
2678 2703 2782 2764 ὧδέ.
2810 2728 2887 2782 πη
2911 2711 3040 2784 περὶ
3065 2712 3161 2765 τοῦ
3198 2713 3384 2786 ἄκρως
3406 2715 3830 2787 φιλοσοφοῦντος

2233 2803 2470 2868 διεξιών·
2511 2822 2530 2855 ‹
2569 2803 2832 2874 Λέγωμεν
2859 2803 2924 2874 δὴ
2955 2802 3092 2876 (47),
3127 2804 3202 2868 ὡς
3241 2805 3450 2872 ἔοικεν,
3487 2808 3609 2860 ἐπεί
3647 2809 3729 2863 σοί
3757 2827 3830 2880 γε

2236 2893 2402 2956 δοκεῖ,
2434 2895 2562 2966 περὶ
2588 2891 2698 2946 τῶν
2728 2892 3043 2965 κορυφαίων
3066 2909 3079 2923 °
3107 2893 3194 2965 (τί
3219 2895 3327 2966 γὰρ
3363 2896 3428 2950 ἄν
3477 2913 3564 2961 τις
3598 2897 3726 2961 τούς
3757 2916 3826 2968 γε

2236 2985 2453 3056 φαύλως
2475 2984 2850 3057 διατρίϐοντας
2879 2987 2936 3038 ὲν
2964 2984 3255 3057 φιλοσοφία
3301 2986 3448 3054 λέγοι
3469 2988 3524 3058 ;)
3575 2981 3721 3041 οὗτοι
3761 2989 3825 3042 δέ

2237 3096 2338 3132 που
2378 3080 2444 3131 ὲκ
2489 3076 2626 3132 νέων
2673 3077 2890 3149 πρῶτον
2922 3077 3020 3149 μὲν
3052 3078 3131 3141 είς
3180 3077 3516 3150 ἀγοράνὀὐκ
3545 3079 3691 3133 ῐσασι
3716 3082 3824 3153 τὴν

551 3140 752 3233 phandi
795 3165 1168 3234 principibus:
1197 3166 1348 3237 (quid
1382 3167 1526 3222 enim
1554 3184 1649 3224 eos
1696 3140 1992 3235 moremur,
2038 3173 2131 3242 qui

2237 3171 2376 3237 ὁδὸν,
2428 3169 2548 3224 οὐδὲ
2605 3140 2738 3223 ὅπου
2777 3140 3144 3240 δικαστήριον,
3193 3140 3656 3244 βουλευτήριον,
3697 3173 3730 3244 ἡ
3769 3140 3824 3226 τι

550 3256 910 3326 philosophiae
938 3259 1118 3313 studio
1141 3274 1428 3328 perperam
1459 3261 1817 3333 abutuntur?)
1873 3262 1950 3318 llli
1986 3264 2133 3320 vide-

551 3349 677 3405 licet
701 3350 813 3420 jam
837 3366 1009 3420 usque
1033 3351 1100 3404 ab
1123 3351 1507 3416 adolescentia,
1539 3352 1680 3407 viam
1715 3370 1836 3423 quae
1866 3354 1918 3408 in
1953 3354 2130 3410 forum

551 3442 716 3496 ducat
762 3443 1012 3512 ignorant
1058 3460 1071 3496 :
1109 3441 1203 3496 ubi
1256 3443 1342 3496 vel
1388 3452 1747 3499 exerceantur
1772 3445 2013 3515 judicia,
2046 3446 2131 3500 vel

551 3544 795 3599 senatus,
831 3534 912 3588 vel
944 3533 1222 3604 publicum
1263 3535 1410 3588 aliud
1441 3535 1675 3590 civitatis
1709 3537 2000 3591 concilium
2035 3537 2131 3591 ha-

549 3627 761 3690 beatur,
801 3627 1048 3681 nesciunt
1086 3645 1098 3679 :
1135 3626 1282 3696 leges
1325 3641 1386 3680 ac
1432 3627 1746 3696 plebiscita,
1782 3642 1958 3697 neque
1999 3628 2129 3683 dum

456 3712 464 3718 ’
550 3719 967 3788 promulgantur
1013 3718 1261 3784 audiunt,
1296 3733 1471 3787 neque
1502 3719 1804 3790 perscripta
1853 3735 1976 3774 cum
2009 3719 2126 3775 fue-

551 3803 662 3862 rint
696 3809 920 3862 omnino
967 3809 1172 3862 vident.
1227 3807 1614 3863 Sodalitiorum
1661 3809 1729 3863 ad
1776 3810 2127 3880 magistratus

551 3901 837 3965 creandos,
871 3899 1153 3967 factiones,
1188 3910 1510 3968 conventus,
1554 3916 1744 3965 ciente,
1774 3904 2128 3958 comessatio-

550 4009 649 4048 nes
681 4008 805 4047 cum
843 3991 1101 4057 tibicinis,
1129 3992 1323 4048 horum
1356 3994 1486 4063 ipsis
1519 3992 1818 4063 quidquam
1852 3992 2123 4060 factitare,

547 4101 617 4140 ne
659 4102 755 4156 per
805 4085 1078 4141 somnium
1113 4085 1331 4155 quidem
1372 4087 1427 4142 in
1460 4094 1696 4141 mentem
1730 4087 1898 4142 venit.
1928 4086 2124 4143 Recte-

551 4193 620 4232 ne
660 4193 727 4231 an
760 4192 916 4232 secus
948 4175 1150 4231 factum
1195 4177 1249 4231 in
1297 4176 1515 4232 civitate
1563 4177 1692 4247 quid
1739 4176 1942 4244 fuerit;
1993 4193 2125 4232 num

548 4271 783 4341 cuipiam
821 4286 850 4324 a
882 4269 1212 4340 majoribus,
1245 4284 1342 4325 seu
1383 4277 1610 4340 paterno
1654 4284 1751 4324 seu
1782 4278 2030 4325 materno
2058 4285 2123 4325 ex

551 4377 775 4434 genere,
829 4362 956 4416 mali
1003 4361 1135 4431 quid
1187 4361 1498 4429 obvenerit,
1548 4362 1723 4432 magis
1777 4361 1926 4432 ipsos
1969 4361 2121 4427 latet,

548 4469 712 4524 quam
743 4467 1025 4517 numerus,
1059 4451 1205 4523 quod
1235 4454 1411 4520 aiunt,
1449 4467 1761 4507 arenarum.
1805 4453 1982 4523 Atque
2011 4454 2126 4509 hac

2238 3262 2414 3316 κοινὸν
2461 3260 2590 3316 ἄλλο
2618 3261 2716 3332 τῆς
2749 3261 2958 3324 πόλεως
3005 3261 3308 3332 συνέδριον·
3369 3263 3571 3334 νόμους
3619 3263 3674 3317 δὲ
3724 3267 3828 3318 καὶ

2237 3353 2560 3426 ψηφίσματα
2620 3352 2909 3424 λεγόμενα,
2949 3353 2982 3424 ἢ
3025 3352 3388 3424 γεγραμμένα
3406 3353 3518 3406 οὗθ’
3577 3354 3823 3426 ὁρῶσιν,

2237 3445 2347 3498 οὔτ’
2382 3447 2662 3499 ἀκούουσι.
2707 3444 2944 3496 Σπουδαὶ
2980 3443 3036 3495 δὲ
3075 3441 3331 3513 ἑταιριῶν
3366 3443 3452 3494 ἐπ’
3484 3443 3678 3513 ἀρχάς,
3722 3446 3826 3499 καὶ

2240 3537 2466 3599 σύνοδοι,
2491 3539 2584 3590 καὶ
2605 3537 2814 3602 δεῖπνα,
2838 3536 2931 3588 καὶ
2972 3536 3067 3587 σὺν
3112 3534 3396 3605 αὐλητρίσι
3446 3535 3642 3604 κῶμοι,
3695 3537 3826 3592 οὐδὲ

2236 3630 2368 3702 ὅναρ
2398 3629 2657 3701 πράττειν
2690 3627 2800 3698 (48)
2829 3626 3187 3706 προσίσταται
3219 3627 3422 3688 αὐτοῖς.
3462 3621 3536 3678 Εὖ
3569 3626 3626 3678 δὲ
3653 3628 3685 3697 ἢ
3715 3645 3828 3682 κα-

2236 3722 2346 3786 κῶς
2371 3739 2421 3775 τι
2445 3721 2664 3790 γέγονεν
2687 3721 2744 3772 ὲν
2775 3717 2948 3783 πόλει,
2988 3716 3020 3788 ἢ
3047 3717 3098 3770 τί
3129 3735 3206 3787 τῳ
3233 3717 3398 3770 κακόν
3416 3720 3562 3771 ἐστιν
3599 3718 3663 3770 ἐκ
3681 3735 3827 3789 προ-

2235 3813 2408 3883 γόνων
2433 3811 2673 3880 γεγονὸς,
2697 3809 2730 3881 ἢ
2756 3809 2893 3878 πρὸς
2931 3808 3158 3880 ἀνδρῶν,
3195 3808 3228 3879 ἢ
3274 3808 3571 3877 γυναικῶν,
3612 3809 3824 3880 μᾶλλον

2234 3907 2395 3961 αὐτὸν
2420 3905 2528 3976 (49)
2547 3902 2790 3973 λέληθεν,
2816 3902 2848 3973 ἢ
2873 3904 2920 3954 οἱ
2933 3902 3030 3972 τῆς
3053 3901 3328 3972 θαλάσσης
3344 3900 3627 3972 λεγόμενοι
3665 3902 3819 3972 χόες,

2233 3999 2344 4052 Καὶ
2381 3996 2554 4050 ταῦτα
2591 3995 2768 4048 πάντα
2796 3994 2902 4046 οὐδ’
2937 3994 3016 4047 ὅτι
3040 3993 3140 4046 οὐκ
3163 3989 3320 4056 οἶδεν,
3355 3988 3514 4046 οἶδεν.
3555 3993 3688 4046 Οὐδὲ
3705 3994 3823 4066 γὰρ

2233 4086 2411 4142 αὐτῶν
2443 4086 2704 4157 ἀπέχεται
2741 4083 2835 4137 τοῦ
2867 4084 3170 4155 εὐδοκιμεῖν
3196 4086 3356 4154 χάριν
3375 4099 3391 4114 ·
3425 4083 3559 4136 ἀλλὰ
3593 4083 3670 4154 τῷ
3700 4083 3822 4140 ὄντι

2231 4182 2291 4235 τὸ
2325 4179 2483 4251 σῶμα
2519 4179 2678 4250 μόνον
2709 4179 2766 4230 ὲν
2791 4180 2857 4248 τῇ
2890 4177 3039 4230 πόλει
3073 4179 3245 4229 κεῖται
3270 4174 3456 4239 αὑτοῦ,
3493 4177 3587 4229 καὶ
3627 4175 3823 4246 ἐπιδη-

2236 4275 2356 4344 μεῖ·
2397 4274 2430 4343 ή
2463 4271 2520 4324 δὲ
2555 4270 2780 4333 διάνοια,
2803 4269 2974 4322 ταῦτα
3008 4268 3186 4320 πάντα
3209 4268 3533 4338 ἡγησαμένη
3581 4268 3817 4338 σμικρὰ,

2231 4363 2326 4415 καὶ
2359 4361 2511 4413 οὐδὲν
2535 4360 2872 4429 ἀτιμάσασα,
2898 4356 3144 4426 πανταχῆ
3176 4357 3425 4419 πέταται,
3450 4356 3590 4409 κατὰ
3623 4357 3823 4410 Πίνδα-

2236 4471 2350 4526 ρον,
2382 4453 2452 4506 τά
2484 4468 2542 4504 τε
2583 4452 2687 4520 γᾶς
2717 4448 3001 4522 ὑπένερθε,
3043 4449 3136 4500 καὶ
3164 4445 3232 4500 τὰ
3267 4446 3561 4518 ὲπίπερθεν
3603 4464 3821 4518 γεωμε-

549 4545 640 4600 ille
672 4543 854 4599 omnia
884 4544 964 4598 sic
998 4544 1233 4614 ignorat,
1262 4554 1321 4598 ut
1360 4544 1548 4599 eadem
1593 4545 1691 4600 abs
1732 4559 1855 4600 sese
1888 4543 2127 4615 ignorari

2236 4543 2457 4617 τροῦσα,
2491 4540 2723 4614 οὐρανοῦ
2755 4558 2813 4594 τε
2857 4539 2996 4612 ὓπερ
3027 4537 3469 4609 ἀστρονομοῦσα,
3505 4539 3600 4592 καὶ
3634 4541 3820 4592 πᾶσαν

549 4638 776 4692 neseiat.
807 4633 1018 4706 Quippe
1051 4651 1153 4691 nec
1181 4635 1328 4690 enim
1370 4636 1548 4691 laudis
1595 4637 1931 4707 aucupandaa
1962 4652 2128 4692 causa

2236 4633 2410 4706 πάντη
2441 4634 2600 4704 φύσιν
2646 4631 2988 4704 ὲρευνωμένη
3022 4629 3130 4682 τῶν
3182 4629 3350 4682 δντων
3379 4629 3610 4684 ἑκάστου
3663 4629 3814 4696 ὅλου,

552 4729 622 4783 ab
651 4744 840 4783 earum
887 4742 1008 4783 sese
1041 4742 1228 4782 rerum
1271 4728 1655 4783 communione
1697 4737 1991 4799 segregat:
2033 4728 2128 4784 sed

2236 4727 2316 4791 εἴς
2353 4744 2406 4780 τι
2435 4727 2542 4780 τῶν
2580 4726 2745 4794 ἐγγὺς
2784 4723 2934 4775 οὐδὲν
2957 4719 3153 4791 ἑαυτὴν
3177 4718 3551 4788 συγκαθιείσα.
3589 4749 3657 4760 -—
3688 4721 3819 4784 Πῶς

552 4835 737 4875 revera
781 4819 956 4876 solum
1013 4818 1133 4889 ejus
1176 4833 1372 4889 corpus
1410 4817 1464 4873 in
1516 4818 1734 4874 civitate
1783 4825 2031 4873 versatur
2075 4817 2130 4873 et

550 4911 790 4976 habitat;
837 4925 993 4966 mens
1039 4925 1169 4966 vero
1213 4911 1344 4965 dum
1390 4910 1642 4966 universa
1686 4911 1790 4966 ista
1835 4911 2130 4966 humiliora

547 5002 848 5065 existimat,
879 5001 1122 5071 nihilque
1148 5002 1302 5061 facit.
1336 5001 1538 5071 passim
1574 5002 1784 5057 interea
1828 5002 2017 5056 volitat
2047 5003 2130 5071 (ut

551 5093 750 5148 cecinit
796 5093 1121 5163 Pindarus),
1159 5093 1324 5165 603
1359 5109 1483 5164 qua:
1522 5094 1624 5150 sub
1674 5094 1857 5158 terris,
1902 5109 2133 5164 quaeque

554 5201 719 5256 supra
751 5195 920 5242 terras
958 5187 1268 5253 dimetiens,
1300 5200 1592 5256 rerumque
1619 5185 1925 5241 caelestium
1962 5185 2131 5239 ratio-

471 5333 478 5337 .
557 5291 655 5332 nes
702 5279 1050 5334 astronomiae
1097 5278 1151 5333 vi
1205 5277 1532 5343 enucleans,
1577 5287 1857 5348 totamque
1907 5277 2132 5334 omnino

627 5391 673 5422 ⁷ο
706 5389 906 5445 Thren.
943 5407 1027 5454 Ill,
1067 5390 1158 5455 27,
1190 5388 1282 5443 28.

629 5481 740 5551 (Π)
757 5482 1031 5551 Λέγωμεν
1046 5479 1417 5549 67i,28.Plato
1450 5477 1505 5551 in
1534 5476 1813 5551 Theaeteto,
1838 5474 2038 5546 ρ.127,
2061 5473 2121 5529 Ε.

560 5549 663 5617 Qui
691 5549 855 5607 locus
874 5549 1029 5621 plane
1055 5553 1282 5621 insignis
1305 5563 1359 5605 et
1382 5549 1617 5621 eximius
1644 5556 1746 5621 est.

632 5621 742 5703 (48)
785 5613 1105 5703 Gods-drop
1132 5613 1444 5703 πράττεινε.
1467 5617 1708 5673 Subaudi
1836 5613 2085 5703 ᾲτοιαύῖοξ
2107 5655 2122 5677 ιι

563 5687 839 5758 superiora
869 5693 1012 5747 enim
1048 5687 1100 5745 in
1131 5687 1449 5745 nominandi
1493 5704 1624 5742 casu
1645 5727 1659 5751 ,
1710 5687 1891 5758 Attico
1917 5700 2122 5758 Amore,

563 5755 818 5830 pendent.
863 5761 938 5818 ιω
985 5763 1149 5819 etiam
1178 5763 1340 5838 vulgo
1371 5761 1711 5825 diceremus,
1766 5755 1874 5811 Car
1907 5756 1979 5810 les
2016 5755 2124 5809 bri-

2233 4820 2390 4874 τοῦτο
2437 4818 2617 4888 λέγεις
2643 4857 2658 4881 ,
2713 4809 2758 4868 ὧ
2798 4813 3116 4883 Σώκρατες;
3152 4811 3446 4880 -Ὦσπερ
3491 4813 3586 4865 καὶ
3633 4811 3816 4883 Θαλῆν

2237 4908 2695 4983 άστρονομοῦντα,
2718 4901 2762 4960 ὦ
2795 4904 3056 4975 Θεόδωρε,
3101 4904 3196 4956 κα)⁴
3228 4903 3340 4958 ἄνω
3368 4902 3632 4972 βλέποντα
3653 4944 3667 4966 ,
3713 4921 3814 4957 πε-

2234 5003 2396 5056 σόντα
2435 5003 2515 5064 είς
2532 5001 2707 5071 φρέαρ
2735 4998 2953 5069 Θρᾷττά
2997 5015 3081 5060 τις
3113 4995 3356 5066 ἐμμελὴς
3407 4995 3502 5048 καὶ
3542 4993 3814 5066 χαρίεσσα

2234 5093 2551 5166 θεραπαινὶς
2577 5089 2904 5158 ἀποσκῶψαι
2928 5087 3166 5155 λέγεται,
3185 5086 3261 5148 ὡς
3288 5085 3353 5137 τὰ
3383 5086 3481 5154 μὲν
3507 5086 3564 5136 ὲν
3595 5084 3814 5154 οὐρανῷ

2234 5183 2572 5254 προθυμοῖτο
2602 5180 2819 5243 εἰδέναι,
2858 5178 2927 5231 τὰ
2949 5178 3005 5230 δὲ
3027 5175 3331 5247 ἔμπροσθεν
3349 5174 3512 5226 αὑτοῦ
3536 5175 3628 5227 καὶ
3660 5175 3814 5242 παρὰ

2236 5276 2403 5340 πόδας
2422 5274 2675 5329 λανθάνοι
2708 5271 2890 5327 αὐτόν.
2932 5269 3140 5324 Ταύτὺν
3173 5269 3228 5321 δὲ
3261 5269 3419 5338 ἀρχεῖ
3445 5266 3684 5337 σκῶμμα
3717 5265 3813 5319 ἐπὶ

2232 5495 2377 5550 gues,
2408 5487 2543 5550 etc.,
2570 5477 2635 5532 ila
2665 5479 2748 5548 n'y
2782 5485 3126 5550 songent‘pas
3156 5476 3340 5550 meme.

2305 5549 2414 5621 (49)
2453 5539 2959 5621 Μᾶλλονάὺτὸν.
3009 5539 3113 5621 P_r_o
3156 5544 3374 5608 αὐτούς.
3423 5542 3626 5598 Crebra
3691 5539 3808 5621 haec

2231 5615 2373 5690 apud
2395 5615 2631 5690 'Atticos,
2664 5621 3008 5690 maximeque
3035 5615 3336 5690 Platonem,
3366 5629 3596 5672 casuum
3628 5620 3806 5669 muta-

2232 5687 2343 5763 tio;
2378 5690 2522 5761 apud
2551 5688 2808 5746 Hebraeos
2841 5689 2997 5758 longe
3029 5687 3376 5743 creberrima.
