4156 6412
358 317 494 372 10οὶ

1496 304 1815 359 PREPAR.
1859 297 2112 356 EVANG.
2150 299 2277 354 LIB.
2314 299 2428 354 ΧΠ.

3465 303 3489 355 1
3499 301 3602 359 002

353 433 563 492 πάντας
599 431 713 482 ὅσοι
739 429 796 480 ὲν
822 424 1106 496 φιλοσοφίᾳ
1133 424 1397 492 διάγουσι.
1431 422 1521 492 Τῷ
1547 422 1654 492 γάρ
1677 424 1790 475 ὄντι
1838 422 1928 473 τὸν

2046 433 2217 472 rerum
2265 415 2635 486 singularum,
2684 428 2819 482 quas
2865 414 3032 485 hujus
3079 414 3318 471 universi
3364 415 3605 473 ambitus

352 522 592 579 τοιοῦτον
644 522 673 572 ό
709 520 808 589 μὲν
866 517 1090 587 πλησίον
1131 517 1222 568 καὶ
1255 517 1283 568 ὁ
1314 515 1513 582 γείτων
1571 514 1814 585 λέληθεν,
1867 515 1929 567 οὺ

357 614 515 686 μόνον
546 613 575 664 ὃ
620 628 671 662 τι
706 609 974 681 πράττει,
1010 606 1124 660 ἀλλ’
1183 605 1362 673 ὀλίγου
1405 606 1499 658 καὶ
1551 606 1600 657 εί
1648 604 1930 675 ἄνθρωπός

353 708 524 766 ἐστιν,
553 704 588 774 ἡ
615 719 666 756 τι
688 700 815 754 ἀλλο
847 699 1066 772 Θρέμμα
1085 716 1097 728 ·
1133 696 1185 750 τί
1212 697 1269 750 δέ
1297 699 1414 750 ποτ’
1444 697 1590 748 ἐστὶν
1623 695 1927 766 ἄνθρωπος,

353 797 449 850 καὶ
472 796 525 848 τί
551 797 618 865 τῇ
652 793 877 864 τοιαύτῃ
911 791 1069 860 φύσει
1098 789 1362 860 προσήκει
1392 788 1646 858 διάφορον
1689 785 1797 838 τῶν
1839 786 1933 838 ἀλ-

261 865 274 876 .
351 890 461 942 λων
485 888 718 958 ποιεῖνῆ
751 887 1000 955 πάσχειν,
1037 883 1191 956 ζητεῖ
1227 900 1309 945 τε,
1339 883 1433 934 καὶ
1476 881 1777 952 πράγματα
1821 879 1932 950 ἔχει

351 981 795 1052 διερευνώμενος.
857 977 1166 1039 Μανθάνεις
1219 976 1328 1046 γάρ
1364 992 1487 1038 που,
1517 968 1563 1026 ὦ
1603 973 1863 1046 Θεόδωρε,
1896 971 1930 1041 ἢ

349 1071 452 1138 ob;
481 1103 550 1110 —
579 1073 824 1139 Ἔγωγε·
865 1069 958 1122 καὶ
994 1067 1164 1138 ἀληθῆ
1207 1066 1404 1135 λέγεις.
1439 1097 1508 1106 ——
1533 1065 1840 1134 Τοιγάρτοι,
1890 1056 1934 1114 ὧ

353 1164 501 1235 φίλε,
531 1164 634 1236 ἰδίᾳ
660 1181 718 1216 τε
744 1161 1128 1231 συγγινόμενος
1151 1163 1178 1214 ό
1199 1159 1437 1222 τοιοῦτος
1461 1158 1697 1228 ἑκάστῳ,
1733 1156 1825 1209 καὶ
1842 1157 1935 1227 δη-

357 1255 546 1326 μοσίᾳ,
576 1255 712 1325 ὅπερ
734 1253 1036 1324 ἀρχόμενος
1063 1251 1268 1319 ἔλεγον,
1307 1251 1433 1302 ὅταν
1461 1251 1517 1301 ὲν
1539 1247 1871 1318 δικαστηρίῳ
1901 1249 1934 1319 ἦ

353 1364 462 1401 που
492 1345 672 1400 ἄλλοθι
698 1345 1015 1416 ἀναγκασθῇ
1047 1345 1175 1416 περὶ
1203 1343 1312 1396 τῶν
1333 1341 1482 1416 παρὰ
1516 1341 1682 1404 πόδας
1704 1342 1798 1396 καὶ
1828 1341 1936 1394 τῶν

356 1443 418 1494 ὲν
452 1439 748 1509 ὀφθαλμοῖς
772 1437 1132 1506 διαλέγεσθαι,
1157 1437 1372 1505 γέλωτα
1407 1435 1636 1508 παρέχει
1678 1435 1737 1488 οὐ
1778 1435 1937 1506 μόνον

354 1530 651 1602 Θράτταις,
675 1528 812 1582 ἀλλά
834 1529 928 1582 καὶ
953 1527 1030 1598 τῷ
1052 1527 1196 1597 ἄλλῳ
1222 1527 1384 1598 ὄχλῳ,
1416 1529 1496 1592 εἰς
1525 1527 1739 1600 φρέατά
1764 1545 1824 1580 τε
1846 1529 1967 1604 καὶ·

354 1625 540 1678 πᾶσαν
565 1622 796 1693 ἀπορίαν
828 1620 1115 1690 ἐμπίπτων
1139 1619 1247 1672 ὑπὸ
1273 1619 1525 1692 ἀπειρίας
1544 1636 1556 1648 °
1584 1619 1679 1672 καὶ
1712 1618 1745 1690 ἡ
1773 1620 1942 1690 ἀσχη-

359 1713 569 1786 μοσύνη
599 1713 747 1784 δεινὴ
779 1712 937 1777 δόξαν
965 1711 1292 1783 ἀϐελτηρίας
1323 1711 1693 1783 παρεχομένη.
1739 1713 1836 1764 Ἔν
1875 1729 1937 1780 γε

2031 508 2410 577 complectitur
2441 515 2693 560 naturam
2721 505 2802 560 sic
2831 507 3140 576 explorans,
3183 515 3241 559 ut
3265 513 3447 561 tamen
3479 509 3602 563 nul-

2031 600 2140 654 lam
2167 599 2233 652 ad
2260 613 2448 652 earum
2479 613 2616 666 quas
2642 596 2923 667 propiores
2952 597 3114 650 habet
3143 611 3262 652 sese
3292 597 3609 667 abjiciat.-—

2032 690 2152 756 Quo
2186 698 2242 743 tu
2277 705 2439 745 sensu
2483 689 2587 742 hoc
2617 687 2697 740 ais
2717 728 2732 750 ,
2762 702 2794 741 ο
2837 684 3128 742 Socrates?
3149 718 3218 728 —
3246 686 3500 755 Prorsus,
3531 691 3606 743 mi

2034 779 2340 840 Theodore,
2369 795 2478 847 quo
2505 779 2667 832 modo
2695 776 2973 832 Thaletem
3004 777 3318 849 aliquando,
3349 779 3443 848 qui
3477 779 3606 833 dum

2034 871 2208 927 oculis
2238 871 2292 925 in
2324 872 2521 926 cmlum
2565 869 2756 925 deﬁxis
2792 879 2935 924 astra
2970 871 3447 940 contemplaretur,
3486 887 3609 942 pro-

2033 963 2240 1017 ximum
2317 963 2370 1016 in
2432 971 2652 1030 puteum
2720 961 3032 1026 deciderat,
3096 961 3289 1016 ancilla
3359 963 3606 1031 quaedam

2036 1054 2296 1117 Thressa,
2347 1055 2566 1125 elegans
2603 1061 2657 1108 et
2698 1054 2904 1108 urbana
2954 1053 3058 1108 hoc
3093 1053 3219 1122 joco
3241 1055 3558 1124 perstrinxit
3590 1069 3606 1106 :

2036 1144 2141 1211 Qui
2174 1161 2262 1200 res
2292 1145 2542 1199 caelestes
2577 1157 2738 1197 nosse
2763 1143 3142 1208 contenderet,
3173 1159 3297 1198 eum
3337 1159 3458 1214 quae
3490 1159 3611 1213 pro-

2039 1237 2184 1290 sima
2209 1236 2434 1306 pedibus
2463 1244 2666 1295 essent,
2695 1250 2801 1288 non
2833 1234 3033 1289 videre.
3063 1233 3218 1301 Quod
3244 1251 3378 1290 sane
3401 1236 3605 1292 dictum

2039 1328 2094 1381 in
2140 1343 2234 1382 eos
2270 1342 2459 1381 omnes
2507 1325 2798 1380 convenire
2846 1327 3057 1395 possit,
3114 1327 3207 1397 qui
3257 1327 3608 1398 philosophiae

2040 1418 2219 1472 studio
2269 1433 2388 1473 sese
2438 1417 2659 1471 dedunt.
2724 1413 3002 1485 Siquidem
3056 1419 3272 1487 reipsa,
3304 1418 3451 1472 natio
3498 1420 3613 1473 haec

2041 1509 2360 1572 hominum,
2412 1523 2518 1561 non
2570 1506 2731 1561 modo
2783 1505 2912 1577 quid
2961 1509 3242 1576 proximus
3293 1523 3358 1562 ac
3399 1509 3613 1564 vicinus

2041 1606 2187 1668 agat,
2219 1613 2408 1652 verum
2452 1599 2614 1651 etiam
2661 1597 2893 1653 homonc
2929 1599 3017 1653 ille
3045 1599 3132 1666 sit,
3166 1615 3233 1654 an
3264 1600 3410 1654 aliud
3443 1603 3616 1672 quod-

2041 1690 2164 1745 dam
2209 1690 2502 1744 animantis
2552 1705 2756 1757 genus,
2801 1689 3191 1760 propemodum
3229 1691 3487 1763 ignorat:
3518 1709 3614 1750 ea-

352 1773 470 1878 γάρ
497 1773 614 1868 ταῖς
645 1773 932 1876 λοιδορίαις
967 1803 1095 1857 ἴδιον
1127 1773 1237 1874 ἔχει
1261 1773 1419 1856 οὐδὲν
1441 1773 1632 1858 οἶδένα
1658 1773 1935 1874 λοιδορεῖν,

2046 1781 2166 1835 dem
2215 1791 2395 1835 tamen
2436 1781 2565 1850 quid
2613 1781 2776 1834 homo
2824 1782 2940 1851 ipse
2973 1782 3072 1844 sit,
3114 1783 3312 1852 quidve
3363 1798 3614 1841 naturam

356 1899 457 1952 ἅτε
477 1899 577 1951 οὐκ
592 1895 748 1960 εἰδὼς
770 1896 938 1950 κακὸν
965 1895 1114 1948 οὐδὲν
1130 1895 1343 1959 οὐδενὸς
1391 1896 1455 1948 ὲκ
1485 1895 1577 1948 τοῦ
1600 1895 1674 1966 μὴ
1708 1895 1938 1966 μεμελε-

352 1989 609 2060 τηκέναι.
631 1987 854 2058 ἀπορῶν
873 1983 968 2040 οὖν
983 1986 1189 2055 γελοῖος
1213 1987 1482 2057 φαίνεταιο
1508 1986 1564 2039 έν
1579 2004 1638 2040 τε
1658 1990 1770 2051 τοῖς
1787 1987 1943 2040 ἐπαί-

350 2098 470 2145 νοις
484 2082 578 2134 καὶ
591 2083 708 2141 ταῖς
723 2078 832 2132 τῶν
842 2078 1016 2132 ἄλλων
1035 2077 1447 2148 μεγαλαυχίαις,
1461 2079 1521 2131 οὐ
1539 2077 1940 2149 προσπιητῶς,

345 2174 495 2229 ἀλλὰ
508 2173 586 2243 τῷ
601 2173 714 2226 δντι
732 2170 905 2240 γελῶν
929 2169 1145 2241 ἔνδηλος
1161 2171 1499 2242 γιγνόμενος,
1527 2170 1775 2242 ληρώδης
1795 2171 1944 2224 δοκεῖ

347 2261 520 2322 εἶναι.
537 2264 810 2337 Τύραννόν
827 2281 885 2318 τε
905 2263 1064 2334 γὰρῆ
1085 2263 1310 2334 βασιλέα
1333 2263 1832 2334 ἐγκωμιαζόμενον,
1847 2264 1944 2318 ἕνα

345 2357 467 2414 τῶν
489 2357 719 2428 νομέων,
737 2351 848 2409 οἷον
867 2354 1140 2426 συϐώτην,
1162 2355 1194 2425 ἢ
1220 2355 1476 2425 ποιμένα,
1500 2356 1533 2426 ἦ
1557 2371 1678 2408 τινα
1693 2355 1944 2424 βουκόλον

343 2453 574 2521 ἡγεῖται
590 2450 808 2503 ἀκούειν
829 2446 1326 2519 εὐδαιμονιζόμενον
1355 2447 1492 2500 πολὺ
1517 2446 1804 2516 βδάλλοντα
1825 2464 1837 2476 ·
1857 2445 1946 2498 δυ-

353 2541 690 2612 σκολώτερον
706 2541 763 2594 δὲ
786 2541 1007 2594 ἐκείνων
1026 2539 1161 2605 ζῶον
1176 2539 1270 2594 καὶ⁵
1280 2539 1708 2608 ἐπιϐουλότερον,
1724 2555 1815 2591 ποι
1824 2537 1946 2608 μαί-

352 2645 440 2684 νει
455 2628 567 2701 (50)
579 2646 636 2682 τε
655 2629 748 2682 καὶ
766 2628 1006 2698 βδάλλειν
1022 2628 1229 2700 νομίζει
1249 2627 1464 2691 αὐτούς.
1475 2630 1764 2700 ’Ᾱγροικον
1779 2627 1836 2682 δὲ
1850 2627 1946 2680 καὶ

352 2718 682 2772 ἀπαίδευτον
715 2717 820 2771 ὑπὸ
842 2717 1098 2787 ἀσχολίας
1125 2717 1275 2771 οὐδὲν
1295 2711 1456 2787 ἦττον
1489 2717 1598 2769 τῶν
1622 2717 1832 2786 νομέων
1853 2715 1946 2768 τὸν

353 2809 598 2863 τοιοῦτον
655 2811 950 2878 ἀναγκαῖον
973 2808 1243 2878 γίνεσθαι,
1268 2809 1435 2881 σηκὸν
1461 2810 1518 2861 ὲν
1545 2808 1661 2879 ὄρει
1685 2807 1747 2860 τὸ
1769 2810 1946 2878 τεῖχος

355 2899 844 2970 περιϐεϐλημένον.
874 2900 983 2969 Γῆς
1010 2900 1067 2952 δὲ
1091 2900 1221 2952 ὅταν
1252 2899 1419 2970 μυρία
1438 2898 1547 2968 (Si)
1573 2896 1832 2968 πλέθραῆ
1864 2897 1943 2950 ἔτι

357 2982 533 3044 πλείω
560 2990 939 3063 ἀκούσῃ,ὃστις
964 2989 1074 3061 ἄρα
1094 2989 1426 3058 κεκτημένος
1453 2985 1741 3058 θαυμαστά
1765 2985 1941 3056 πλήθη

355 3081 642 3152 κέκτηται,
682 3081 822 3136 πάνυ
876 3080 1085 3150 σμικρά
1114 3079 1262 3133 δοκεῖ
1313 3075 1550 3141 ἀκούειν,
1595 3081 1675 3141 εἰς
1725 3077 1941 3131 ἅπασαν

355 3171 568 3237 εἰωθὼς
595 3174 692 3245 τὴν
723 3173 826 3244 γῆν
855 3171 1093 3243 βλέπειν.
1126 3170 1208 3224 Τά
1231 3171 1287 3224 δὲ
1318 3170 1382 3242 δὴ
1405 3170 1535 3240 γένη
1566 3169 1678 3239 (5‘2)
1709 3168 1940 3240 ὑμνούν-

353 3281 490 3328 των,
525 3264 600 3327 ὡς
623 3263 870 3332 γενναῖός
899 3281 982 3326 τις
1009 3262 1148 3316 ἑπτὰ
1179 3262 1435 3326 πάππους
1483 3261 1771 3324 πλουσίους
1805 3260 1943 3330 ἔχων

354 3355 662 3424 ἀποφῆναι,
691 3355 1038 3409 παντάπασιν
1067 3352 1246 3423 ἀμϐλὺ
1268 3354 1362 3406 καὶ
1391 3353 1482 3405 ἐπὶ
1511 3351 1742 3422 σμικρὸν
1773 3350 1942 3422 ὁρών-

356 3463 473 3500 των
499 3448 709 3517 ⁴ἡγεῖται
728 3447 822 3500 τὸν
857 3446 1100 3509 ἔπαινον,
1128 3447 1232 3499 ὑπὸ
1258 3445 1610 3507 ἀπαιδευσίας
1631 3444 1691 3496 οὐ
1714 3441 1945 3511 δυναμέ-

358 3556 473 3592 νων
507 3541 585 3602 είς
640 3539 701 3592 τὸ
745 3541 852 3592 πᾶν
903 3540 989 3592 ἀεὶ
1044 3539 1284 3610 βλέπειν,
1333 3537 1453 3590 οὐδὲ
1506 3534 1812 3601 λογίζεσθαι
1865 3534 1945 3586 ea

359 3631 608 3684 πάππων
634 3631 726 3684 καὶ
759 3631 1040 3701 προγόνων
1065 3630 1176 3700 (55)
1202 3630 1416 3699 ἑκάστῳ
1445 3626 1699 3698 μυριάδες
1728 3625 1948 3694 γεγόνα-

361 3739 454 3775 σιν
483 3723 868 3794 ἀναρίθμητοι,
911 3726 970 3776 ὲν
992 3721 1080 3786 αἷς
1105 3721 1351 3776 πλούσιοι
1383 3721 1477 3774 καὶ
1521 3718 1727 3788 πτωχοὶ
1746 3757 1761 3780 ,
1799 3716 1948 3785 βασι-

360 3816 480 3879 λεῖς
509 3817 604 3869 καί
652 3815 850 3881 δοῦλοι,
885 3814 1149 3886 βάρὸαροί
1186 3831 1245 3867 τε
1279 3813 1375 3866 καὶ
1404 3811 1662 3882 ’Έλληνες
1688 3808 1947 3869 πολλάκις

364 3908 554 3980 μυρίοι
575 3908 863 3976 γεγόνασιν
888 3906 1090 3978 ὁτῳοῦν
1109 3924 1123 3938 ο
1151 3907 1264 3960 ἀλλ’
1307 3906 1400 3958 ἐπὶ
1431 3905 1592 3958 πέντε
1631 3903 1726 3957 καὶ
1776 3901 1947 3955 εἴκοσι

361 4000 652 4070 καταλόγῳ
677 3999 959 4072 προγόνων
985 3997 1395 4069 σεμνυνομένων
1440 3995 1473 4066 ἢ
1507 3997 1601 4049 καὶ
1647 3994 1948 4065 ἀναφερόν-

359 4109 476 4144 ⁶των
521 4095 601 4155 είς
656 4091 932 4163 Ἠρακλέα
960 4091 1052 4143 τὸν
1096 4088 1524 4159 Ἀμφιτρύωνος.
1581 4086 1757 4140 ἄτοπα
1798 4085 1948 4138 αὑτῶ

441 4227 591 4299 (50)
659 4229 984 4298 Ποιμαίνει.
1045 4228 1436 4297 Reponendum
1489 4241 1557 4280 ex
1607 4223 1833 4279 Platone
1895 4234 1952 4278 et

362 4312 649 4369 manuscr.
688 4316 778 4352 ποι
786 4299 1016 4369 μαίνειν.

443 4368 556 4437 (51)
582 4364 798 4436 ΜυρΙαζ
830 4368 904 4424 Ita
935 4367 1152 4438 quidem
1187 4381 1399 4438 omnes.
1423 4364 1946 4438 Legendumtamen

363 4435 462 4491 est
481 4435 820 4508 p-tha,cum
845 4435 1182 4509 sequaturpl)
1215 4438 1295 4490 ἔτι
1326 4435 1516 4499 πλείω,
1543 4435 1687 4504 quod
1715 4435 1949 4490 absurde
1983 4450 2027 4504 ι)

367 4517 497 4578 post
529 4509 695 4578 μυρία
729 4519 1066 4573 sequeretur.

367 4573 387 4578 ⁷
446 4573 556 4702 (βξ)
588 4573 676 4702 Ira
701 4578 768 4631 δὲ
794 4578 869 4645 δὴ
895 4578 1057 4650 γένη.
1089 4576 1206 4632 Huc
1239 4585 1419 4647 satyra
1449 4573 1730 4629 Iuvenalis
1760 4584 1950 4629 octava

367 4661 472 4719 per
495 4664 582 4702 me
624 4690 638 4711 ,

594 4736 889 4792 Stemmata
915 4739 1044 4809 quid
1069 4738 1314 4807 faciunt?

368 4832 598 4888 Persius
652 4833 779 4887 item
834 4845 938 4890 sat.
983 4834 1016 4887 5
1059 4835 1222 4886 inane
1271 4833 1373 4885 hoc
1412 4831 1468 4884 in
1503 4829 1761 4884 Romani:
1850 4829 1951 4882 do-

369 4904 707 4958 !escentibus
737 4902 960 4974 αὔχημα
984 4903 1306 4973 castigabat.

445 5017 528 5086 An
554 5015 732 5071 deceat
758 5017 1055 5086 pulmonem
1085 5034 1326 5086 rumpere
1352 5018 1540 5079 ventis,

449 5085 737 5141 Stemmata
758 5083 899 5157 quod
936 5087 1104 5142 Tusco
1136 5083 1344 5143 ramum
1369 5086 1645 5141 millesime
1681 5083 1883 5138 ducas?

371 5177 477 5230 Adi
510 5186 574 5249 et
591 5177 854 5249 Senecam
884 5180 1043 5249 epist.
1071 5180 1142 5234 44
1171 5199 1184 5234 :
1219 5179 1459 5249 Iterum,
1493 5175 1708 5245 inquit,
1738 5183 1795 5228 tu
1825 5175 1952 5249 mihi

374 5257 428 5300 te
459 5247 886 5319 pusillumfacis
907 5247 929 5311 ,⁷
962 5260 1012 5303 et
1042 5251 1178 5304 dicis
1199 5291 1214 5315 ,
1253 5248 1538 5319 malignius
1582 5255 1751 5319 tecum
1789 5247 1954 5319 egisse

373 5326 626 5388 naturam
654 5318 822 5381 prius,
849 5320 1035 5374 deinde
1065 5321 1336 5388 fortunam
1363 5317 1532 5373 {cum
1555 5317 1726 5388 possis
1759 5325 1806 5368 te
1835 5317 1952 5369 exi-

373 5401 517 5439 mere
540 5386 712 5457 vulgo,
731 5398 780 5440 et
809 5389 877 5440 ad
895 5386 1204 5457 felicitatem
1224 5391 1457 5443 omnium
1479 5387 1768 5457 niaximum
1789 5401 1956 5438 emer-

373 5453 608 5529 θρηνεῖτ’δὶ
632 5453 764 5526 quid
800 5453 956 5512 aliud
979 5470 1055 5513 est
1093 5463 1148 5513 in
1174 5458 1507 5529 philosophia
1547 5455 1830 5529 b0tti_,_’t_00
1853 5464 1950 5529 88!.

371 5523 517 5590 quod
539 5523 760 5632 stengma
786 5545 888 5582 non
915 5530 1149 5600 inspicit.
1175 5523 1353 5596 Quam
1381 5523 1485 5584 hoc
1509 5526 1683 5582 nostri
1710 5523 1954 5580 Platonis

373 5611 443 5632 ος
479 5610 637 5632 annm

373 5611 448 5650 ex
478 5610 682 5662 gentm.

453 5665 575 5739 (53)_
605 5665 874 5739 Πάππῳγ
905 5670 1001 5724 καὶ
1043 5670 1371 5739 προγόνων.
1401 5667 1607 5739 Seneca
1627 5663 1831 5739 ,A_ibid.,
1857 5679 1953 5739 au-

375 5736 492 5791 reis
525 5736 684 5790 ulane
708 5738 886 5792 verbis
927 5734 1098 5808 atque
1121 5734 1409 5794 sententiis
1442 5755 1454 5792 :
1495 5735 1751 5792 Omnibus
1783 5734 1951 5801 nobis,

704 5835 894 5895 Pun.
933 5837 1029 5898 Gtt
1084 5835 1259 5900 XXI.

2043 1873 2334 1942 ejusmodi,
2377 1883 2572 1942 praeter
2637 1873 2869 1927 aliarum
2918 1873 3285 1929 conditionem
3338 1875 3421 1932 vel
3459 1892 3618 1948 agere

2041 1967 2129 2019 vel
2171 1965 2280 2033 pati
2327 1964 2542 2031 deceat,
2571 1980 2694 2020 cum
2730 1965 2962 2018 rimatur
3012 1965 3276 2031 studiose,
3321 1976 3432 2021 tum
3465 1967 3520 2022 in
3551 1984 3615 2024 ea

2043 2071 2174 2110 sura
2227 2055 2433 2111 laboris
2496 2056 2793 2125 plurimum
2849 2070 2914 2110 ac
2963 2054 3293 2110 difﬁcultatis
3344 2057 3613 2114 exhaurit.

2043 2145 2234 2202 Jamne
2267 2148 2544 2218 intelligis,
2581 2147 2656 2201 mi
2705 2145 3021 2202 Theodore?
3057 2162 3127 2200 an
3181 2149 3320 2201 non?
3347 2178 3418 2193 -.-
3452 2147 3618 2205 lutei-

2043 2239 2154 2308 ligo
2194 2239 2466 2305 equidem.
2509 2238 2575 2292 Et
2608 2254 2734 2292 vera
2782 2254 2914 2293 sane
2957 2239 3217 2310 loqueris.
3255 2269 3323 2278 —
3349 2237 3618 2295 Nimirum

2044 2347 2195 2400 ergo,
2227 2331 2319 2400 qui
2369 2331 2636 2400 ejusmodi
2675 2330 2856 2396 fuerit,
2891 2328 3197 2395 Theodore,
3235 2331 3281 2384 is
3311 2346 3407 2386 seu
3441 2332 3622 2401 priva-

2049 2427 2143 2478 tim
2171 2439 2294 2478 cum
2331 2438 2663 2492 quocunque
2691 2423 3019 2486 versabitur,
3046 2438 3139 2478 seu
3169 2423 3406 2493 publice,
3437 2441 3623 2494 quem-

2044 2517 2340 2572 admodum
2375 2513 2528 2568 initio
2558 2514 2690 2581 dixi,
2726 2515 2808 2568 vel
2838 2516 2908 2568 ‘in
2931 2514 3171 2585 judicio,
3207 2516 3289 2570 vel
3313 2515 3403 2570 ubi
3431 2515 3522 2570 ubi
3555 2516 3626 2572 de

2047 2607 2210 2663 rebus
2241 2622 2378 2677 quas
2422 2615 2546 2659 ante
2587 2605 2750 2675 pedes
2805 2615 2968 2676 atque
3012 2605 3066 2659 in
3096 2605 3268 2660 oculis
3301 2607 3516 2672 habeat,
3540 2607 3628 2664 di-

2049 2714 2170 2754 cere
2201 2697 2455 2767 cogetur,
2493 2712 2600 2750 non
2638 2695 2892 2752 Thressis
2934 2697 3096 2751 modo
3134 2697 3491 2763 mulierculis,
3527 2698 3623 2755 sed

2049 2791 2214 2845 etiam
2249 2790 2473 2858 reliquae
2514 2788 2846 2842 multitudini
2877 2789 3044 2843 risum
3079 2790 3338 2857 movebit,
3373 2805 3520 2853 cum,
3550 2792 3623 2845 ob

2047 2897 2232 2938 rerum
2271 2879 2621 2949 imperitiam,
2657 2879 2710 2932 in
2743 2889 3128 2956 puteosﬂatque
3168 2881 3223 2934 in
3258 2882 3436 2937 omnis
3463 2880 3624 2936 dubi-

2049 2972 2266 3026 tationis
2289 2980 2479 3026 aestum
2508 2970 2776 3024 inciderit.
2802 2968 2867 3024 Et
2892 2955 3108 3039 quidem
3138 2986 3300 3040 grave
3327 2971 3620 3026 admodum

2048 3063 2288 3133 stuporis
2321 3077 2491 3131 genus
2521 3061 2847 3130 ineptiarum
2879 3072 2981 3125 est,
3017 3064 3163 3132 quod
3187 3065 3377 3121 afferat
3405 3065 3620 3134 opinio—

2047 3171 2170 3210 nem
2199 3153 2458 3209 stultitiae.
2502 3151 2636 3206 Nam
2669 3163 2726 3207 ut
2766 3154 2996 3208 aliorum
3031 3157 3293 3212 conviciis
3327 3157 3622 3228 appetitus,

2047 3243 2192 3314 quod
2249 3243 2529 3313 proprium
2585 3244 2702 3312 ipse
2752 3243 2887 3296 nihil
2931 3243 3158 3308 habeat,
3214 3261 3324 3315 quo
3376 3245 3620 3300 vicissim

2046 3338 2183 3392 alios
2214 3335 2522 3390 remordeat
2559 3335 2778 3405 (quippe
2813 3337 2904 3405 qui
2936 3335 3145 3389 nullum
3188 3337 3511 3407 cujusquam
3543 3337 3624 3392 vi-

2048 3431 2184 3484 tium
2219 3428 2447 3496 noverit,
2481 3427 2671 3497 procul
2695 3428 2764 3482 ab
2794 3430 2957 3484 simili
2981 3429 3307 3500 cogitatione
3334 3434 3626 3501 semotus).

2049 3522 2118 3575 ob
2150 3519 2511 3574 hazsitantiam
2538 3519 2802 3574 ridiculus
2832 3535 2952 3575 esse
2981 3522 3122 3575 solet
3156 3538 3168 3572 :
3202 3522 3360 3577 sicin
3391 3524 3626 3578 aliorum

2049 3612 2212 3669 etiam
2257 3611 2532 3676 laudibus,
2564 3620 2617 3666 et
2666 3611 2920 3666 insolenti
2952 3598 3134 3668 rErum
3163 3628 3386 3668 suarum
3411 3613 3628 3682 jactano

2050 3707 2146 3772 tia,
2181 3705 2311 3758 dum
2349 3704 2490 3758 idem
2542 3719 2651 3758 non
2683 3703 2973 3768 simulate,
3023 3703 3118 3758 sed
3169 3720 3296 3760 vere
3340 3706 3632 3776 palamque

2050 3797 2214 3859 ridet,
2243 3795 2447 3849 bardus
2472 3809 2536 3849 ac
2561 3793 2765 3850 delirus
2794 3795 3025 3849 videtur.
3057 3793 3196 3850 Nam
3222 3806 3512 3868 tyrannum
3537 3808 3634 3852 aut

2051 3903 2233 3959 regem
2269 3885 2480 3941 laudari
2531 3886 2578 3940 si
2619 3887 2824 3952 audiet,
2865 3889 3181 3956 pecuarium
3227 3889 3331 3944 sibi
3369 3890 3630 3960 aliquem,

2051 3979 2340 4035 subulcum
2376 3986 2525 4048 puta,
2557 3977 2640 4032 vel
2667 3987 2964 4046 pastorem,
3013 3980 3094 4032 vel
3126 3979 3445 4044 bubulcum,
3481 3983 3631 4051 quod

2051 4070 2256 4124 aﬂ'atim
2308 4070 2582 4138 mulgeat,
2634 4068 2852 4123 beatum
2911 4067 3170 4128 celebrari
3237 4072 3626 4139 persuadebit:

2054 4253 2269 4306 totidem
2292 4261 2416 4304 ante
2440 4266 2530 4302 nos
2558 4259 2679 4303 sunt
2701 4266 2719 4303 :
2739 4251 2938 4303 nullius
2971 4267 3071 4304 non
3095 4253 3240 4320 origo
3261 4252 3405 4307 ultra
3434 4269 3631 4308 memo—

2054 4324 2190 4374 riam
2211 4321 2374 4392 jacet.
2407 4320 2564 4372 Plato
2599 4321 2676 4370 ait
2708 4320 2916 4392 (utique
2947 4320 3049 4392 hoc
3082 4323 3201 4389 ipso
3245 4321 3386 4384 loco,
3419 4324 3511 4392 qui
3540 4321 3631 4378 Li-

2053 4393 2174 4461 psio
2193 4391 2564 4460 πολυμνήμονι
2594 4404 2699 4442 non
2734 4391 2980 4463 veniebat
3008 4391 3344 4463 inmentem)
3371 4391 3632 4446 neminem

2054 4478 2223 4530 regem
2244 4477 2346 4513 non
2371 4475 2435 4512 ea:
2463 4463 2624 4512 servis
2647 4475 2756 4512 esse
2778 4461 3088 4520 oriundum,
3110 4461 3369 4516 neminem
3399 4479 3501 4516 non
3525 4480 3632 4518 ser-

2055 4548 2174 4586 vum
2193 4547 2258 4584 ea:
2283 4531 2508 4599 regibus.
2539 4530 2730 4582 Omnia
2753 4531 2856 4583 ista
2887 4530 3040 4600 longa
3067 4532 3294 4586 varietas
3329 4533 3562 4596 miscuit,
3581 4543 3631 4588 et

2053 4617 2265 4673 sursum
2290 4600 2535 4673 deorsum
2577 4601 2788 4666 fortuna
2821 4603 3062 4654 versavit.
3107 4601 3238 4665 Quis
3266 4619 3387 4673 ergo
3413 4619 3631 4673 genero-

2054 4673 2183 4724 sus.’
2219 4669 2302 4723 Ad
2345 4671 2590 4722 virtutem
2632 4673 2754 4722 bene
2800 4688 2833 4723 a
2876 4680 3072 4724 natura
3133 4669 3471 4740 compositus.
3515 4671 3632 4725 Hoc

2053 4756 2218 4793 unum
2251 4749 2329 4793 est
2350 4740 2682 4794 intuendum.
2717 4740 2960 4810 Alioqui,
2999 4743 3046 4794 si
3075 4745 3144 4794 ad
3192 4754 3364 4798 vetera
3397 4759 3629 4803 revocas,

2055 4827 2350 4882 nemorinon
2389 4809 2510 4862 inde
2547 4819 2675 4882 est,
2705 4809 3006 4882 ante'quod
3049 4811 3184 4864 nihil
3223 4824 3322 4866 est.
3371 4814 3415 4867 Α
3462 4814 3634 4882 primo

2055 4881 2240 4932 mundi
2269 4889 2389 4932 ortu
2410 4921 2424 4943 ,
2463 4896 2624 4948 usque
2659 4881 2714 4932 in
2753 4881 2846 4950 hoc
2880 4894 3081 4949 tempus
3104 4920 3118 4941 ,
3151 4883 3397 4950 perduxit
3438 4881 3531 4936 nos
3568 4898 3634 4935 ea:

2054 4950 2342 5017 splendidis
2372 4949 2706 5018 sordidisque
2735 4949 3000 5002 alternata
3030 4949 3210 5006 series.
3249 4953 3390 5006 Audi
3435 4963 3489 5005 et
3539 4951 3634 5005 Ju-

2055 5021 2302 5074 venalem
2317 5034 2442 5074 cum
2479 5021 2716 5089 satyrico
2740 5021 2853 5074 sale
2873 5038 2886 5077 :

2128 5176 2198 5249 Et
2229 5187 2516 5249 tamen,“
2547 5179 2700 5249 longe
2722 5189 2946 5247 repetas,
2979 5179 3229 5249 longeque
3257 5179 3492 5235 revolvas

2128 5245 2356 5317 Nomen,
2391 5248 2454 5300 ab
2481 5245 2672 5316 infami
2695 5245 2895 5317 gentem
2925 5245 3151 5301 deducis
3173 5249 3345 5317 asylo.

2129 5316 2398 5383 Maiorum
2420 5319 2644 5384 primus,
2680 5316 2918 5385 quisquis
2945 5319 3046 5386 fuit
3080 5318 3170 5371 ille
3204 5316 3438 5380 tuorum.

2125 5387 2233 5440 Aut
2268 5396 2455 5456 pastor
2476 5387 2601 5456 fuit,
2634 5397 2726 5439 aut
2751 5387 2885 5440 illud
2909 5387 3049 5457 quod
3079 5388 3251 5442 dicere
3276 5389 3419 5444 nolo.

2055 5522 2163 5594 Qui
2186 5521 2381 5578 famem
2411 5533 2557 5594 tuam
2571 5522 2790 5594 expleri
2811 5526 2916 5578 hoc
2934 5523 3058 5578 cibo
3077 5525 3250 5588 voles,
3265 5524 3638 5594 Tiraquellum

2057 5593 2304 5664 perlege,
2319 5595 2505 5664 vivam,
2522 5593 2696 5664 illam
2735 5609 2800 5649 ac
2823 5595 3120 5664 spirantem
3150 5593 3559 5659 bibliothecam,
3585 5595 3640 5648 iu

2055 5661 2229 5786 opere
2267 5661 2343 5717 De
2390 5663 2684 5726 nobilitate,
2722 5661 3222 5735 maximeque'cap.
3254 5665 3326 5719 22
3351 5705 3367 5730 ,
3411 5681 3567 5722 num.

2057 5747 2086 5787 e
2137 5746 2253 5800 seq.
2975 5751 2978 5754 θ

3249 5833 3327 5891 32
