4122 6432
556 294 709 368 ictis

1172 314 1442 371 EUSEBll
1475 309 1958 372 CESARlENSIS
1994 312 2148 372 OPP.
2186 314 2365 373 PARS
2390 312 2467 373 Ἠ.
2508 348 2578 359 ——
2616 316 3117 376 A'POLOGETICA.

3683 324 3829 381 MM

568 430 678 487 nisi
720 430 864 502 quod
917 429 1014 487 abs
1048 432 1291 502 tyrannis
1353 447 1417 486 ac
1484 431 1703 502 regibus
1759 430 2029 488 difﬁcilius
2071 449 2135 489 ac

2238 434 2627 504 καταφαίνεται
2690 433 3079 507 σμικρολογίας
3321 434 3442 488 Ὀτι
3492 434 3587 489 καὶ
3647 436 3677 490 ό
3723 439 3827 492 ἀπ’

569 523 746 595 magis
775 523 1095 580 insidiosum
1142 523 1437 578 animantis
1469 537 1663 593 genus,
1694 537 1857 593 quam
1905 523 1975 578 ab
2015 523 2137 579 aliis

567 614 718 682 pasci
748 628 812 670 ac
834 614 1063 686 mulgeri
1092 614 1384 670 existimat.
1417 612 1708 669 Enimvero
1751 614 2134 685 philosophum

565 717 753 773 istum,
779 708 923 778 quod
948 723 1130 763 rerum
1158 724 1260 764 usu
1297 708 1446 763 nullo
1470 707 1562 774 sit,
1590 707 1946 763 nihilominus
1970 723 2137 779 quam

570 810 817 854 oastores
842 800 991 870 ipsos
1020 801 1285 856 rusticum
1310 816 1376 857 ac
1410 800 1602 855 rudem
1621 815 1744 858 esse
1774 816 1997 857 necesse
2029 809 2136 868 est,

567 888 665 958 qui
695 889 972 947 moenibus
994 890 1047 945 in
1075 891 1231 956 urbe,
1256 905 1363 946 non
1395 905 1554 946 secus
1582 905 1648 945 ac
1676 891 1850 948 caulis
1872 891 1929 945 in
1955 900 2139 947 monte

566 978 835 1049 cingatur.
857 979 1023 1052 θοή,
1061 980 1211 1035 Idem
1257 980 1303 1035 si
1339 979 1479 1035 forte
1511 980 1698 1036 decem
1732 980 1984 1051 jugerum
2011 981 2137 1035 mil-

563 1070 660 1138 lia,
690 1072 775 1126 vel
805 1074 967 1127 etiam
993 1073 1147 1143 plura
1181 1074 1599 1129 commemorari
1626 1073 1882 1137 audierit,
1910 1073 2137 1143 perinde

562 1174 629 1215 ac
682 1161 729 1216 si
776 1175 966 1216 eorum
1016 1176 1303 1232 possessor
1342 1161 1456 1216 vim
1510 1176 1767 1233 agrorum
1813 1163 2137 1217 immensam

559 1252 899 1321 possideret;
924 1253 1181 1325 exiguum
1212 1254 1315 1309 sibi
1342 1254 1599 1325 quiddam
1631 1253 1822 1308 audire
1844 1252 2135 1319 videbitur,

562 1346 708 1414 quod
740 1347 930 1402 orbem
967 1356 1237 1403 terrarum
1281 1348 1597 1403 universum
1631 1348 1817 1402 animo
1851 1346 2138 1416 complecti

561 1437 755 1492 soleat.
776 1435 898 1492 Jam
928 1439 1023 1509 qui
1054 1439 1122 1495 ad
1148 1438 1478 1500 eﬂ’erendam
1518 1438 1733 1509 generis
1773 1438 2004 1508 alicujus
2040 1453 2140 1493 an-

558 1528 867 1599 tiquitatem
892 1569 908 1595 ,
939 1545 1072 1586 avos
1110 1530 1180 1585 ab
1212 1530 1305 1587 illo
1345 1538 1574 1601 septem,
1601 1545 1807 1601 eosque
1844 1530 2138 1601 locupletes

558 1619 833 1674 nominari
874 1630 1038 1690 posse
1074 1618 1361 1687 dictitant,
1388 1635 1561 1692 genus
1591 1621 1697 1676 hoc
1737 1620 1934 1689 laudis,
1959 1620 2139 1676 homi-

560 1726 692 1766 num
728 1725 852 1768 esse
885 1713 1066 1767 obtusi
1097 1712 1388 1768 admodum
1432 1712 1762 1784 angustique
1796 1713 1949 1768 visus
1984 1712 2135 1768 arbi-

2247 525 2656 598 ’Ᾱμφιτρύωνος
2699 529 2779 590 είς
2826 527 2888 581 τὸ
2917 526 3031 580 ἀνω
3054 527 3558 593 πεντεκαιεικοστδς
3582 530 3829 596 τοιοῦτος

2236 613 2325 688 ἦν,
2347 617 2433 670 οἵα
2457 616 2769 671 συνέϐαινεν
2792 617 2941 688 αὐτῷ
2968 618 3127 690 τύχῃ,
3155 619 3250 672 καὶ
3275 620 3304 672 ό
3325 621 3692 692 πεντηκοστὸς
3725 623 3828 677 ἀπ.

2231 703 2423 767 αὐτοῦ,
2464 704 2620 775 γελᾷ,
2653 705 2714 758 οὐ
2743 704 3053 775 δυναμένων
3084 699 3394 774 κογίξεσθαί
3420 724 3480 760 τε
3511 709 3606 762 καὶ
3627 710 3828 780 χαυνό-

2236 813 2376 869 τητα
2402 798 2631 869 ἀνοήτου
2653 797 2830 868 ψυχῆς
2858 796 3241 852 ἀπαλλάττειν.
3285 800 3373 854 Ἐν
3398 798 3573 854 ἅπασι
3601 801 3659 855 δὲ
3696 802 3828 856 τού·
3890 845 3911 861 ,

2235 906 2349 952 τοις
2383 889 2412 941 ὁ
2439 887 2679 951 τοιοῦτος
2706 889 2809 941 ὑπὸ
2830 889 2935 942 τῶν
2963 888 3173 942 πολλῶν
3204 891 3591 960 καταγελᾶται,
3615 891 3686 946 τά
3721 894 3828 964 μὲν

2238 980 2602 1051 ὑπερηφάνως
2633 979 2770 1050 ἔχων
2797 979 2874 1043 ὡς
2922 980 3104 1046 δοκεῖ,
3136 980 3207 1033 τά
3245 981 3288 1033 δ’
3318 982 3376 1034 έν
3409 980 3573 1036 ποσὶν
3612 982 3829 1051 ἀγνοῶν

2236 1089 2294 1126 τε
2316 1073 2412 1126 καὶ
2436 1073 2495 1125 ὲν
2532 1074 2783 1136 ἑκάστοις
2810 1072 3050 1142 ἀπορῶν.
3082 1055 3150 1111 4
3179 1072 3499 1127 Παντάπασι
3530 1071 3601 1126 τά
3643 1074 3829 1143 γιγνό-

2242 1181 2378 1237 μενα
2406 1163 2583 1232 λέγεις
2601 1204 2616 1229 ,
2647 1158 2692 1217 ὧ
2728 1162 3036 1235 Σώκρατες.
3064 1193 3137 1204 -
3166 1164 3337 1219 Ὅταν
3364 1163 3422 1218 δέ
3449 1163 3513 1233 γέ
3569 1181 3691 1219 τινα
3719 1166 3827 1219 αὐ-

2236 1257 2328 1320 τὸς
2350 1256 2480 1328 (55),
2508 1250 2554 1309 ὦ
2585 1257 2728 1325 φίλε,
2768 1255 2977 1328 ἐλκύσῃ
3020 1256 3152 1322 ἀνω,
3177 1257 3275 1311 καὶ
3327 1256 3561 1329 ἐθελήσῃ
3591 1273 3678 1321 τις
3722 1258 3825 1312 a6-

2234 1348 2344 1401 τῶν
2372 1347 2483 1417 (56)
2514 1348 2739 1417 ὲκὸἦναι
2762 1347 2828 1400 ὲκ
2854 1345 2972 1411 τοῦ,
2999 1347 3064 1401 Τί
3092 1346 3202 1417 ἐγώ
3242 1364 3300 1403 σε
3324 1347 3494 1401 ἀδικῶ
3521 1345 3558 1420 ἢ
3606 1349 3671 1401 σὺ
3698 1348 3823 1419 ἐμὲ,

2239 1440 2319 1503 είς
2346 1438 2537 1509 σκέψιν
2561 1433 2627 1491 αὖ
2653 1436 3002 1508 δικαιοσύνης
3029 1455 3088 1490 τε
3113 1439 3207 1492 καὶ
3233 1435 3480 1502 ἀδικίας,
3510 1438 3565 1491 τί
3595 1455 3659 1492 τε
3692 1438 3826 1493 εκά-

2237 1546 2396 1601 τερον
2423 1530 2630 1593 αὐτοῖν,
2666 1530 2759 1582 καὶ
2794 1529 2847 1582 τί
2875 1528 2984 1581 τῶν
3015 1529 3233 1583 πάντων
3275 1528 3310 1600 ἢ
3354 1529 3602 1600 ἀλλήλων
3638 1530 3827 1601 διαφέ-

2240 1640 2394 1694 ρετον
2411 1639 2425 1654 ο
2450 1623 2484 1695 ἢ
2510 1624 2575 1677 ὲκ
2594 1621 2709 1685 τοῦ,
2727 1622 2791 1674 El
2822 1620 3077 1692 βασιλεὺς
3102 1620 3373 1692 εὐδαίμων
3398 1622 3732 1693 κεκτημένος
3758 1636 3822 1677 τε

2239 1711 2307 1768 αὗ
2338 1713 2471 1768 πολὺ
2501 1712 2743 1784 χρυσίον,
2771 1715 2850 1777 είς
2878 1713 3157 1784 βασιλείας
3189 1712 3319 1782 πέρι
3344 1712 3438 1766 καὶ
3474 1712 3822 1784 ἀνθρωπίνης

555 1808 756 1867 tratur,
794 1800 889 1872 qui
922 1801 1165 1857 stultitia
1199 1816 1313 1858 suae
1333 1800 1469 1856 vitio
1508 1777 1693 1856 rerum
1727 1800 2135 1857 universitatem

2238 1802 2374 1866 ὅλως
2406 1777 2754 1874 εὐδαιμονίας
2783 1777 2890 1855 καῖ’
2903 1800 3221 1873 ἀθλιότητος
3243 1777 3553 1871 ἐπίσκεψιν,
3578 1777 3729 1855 ’ποίω

557 1899 824 1963 perpetuo
862 1892 1281 1963 circumspicere
1316 1908 1428 1948 non
1468 1892 1716 1962 possint,
1760 1907 1862 1948 nec
1908 1892 2135 1947 omnino

561 1982 823 2053 cogitare,
875 1982 1329 2039 innumerabilem
1373 1983 1573 2053 cuique
1606 1997 1833 2038 avorum
1872 1997 1994 2039 esse
2019 1997 2137 2038 ma—

559 2070 853 2143 iorumque
898 2073 1322 2140 multitudinem,
1368 2073 1427 2129 in
1476 2088 1586 2144 qua
1620 2088 1763 2144 saepe
1809 2073 2038 2129 divitum
2082 2080 2139 2129 et

561 2162 808 2234 inopum,
831 2179 1022 2235 regum
1048 2174 1105 2220 et
1129 2179 1434 2232 servorum,
1461 2165 1819 2221 barbarorum
1842 2172 1897 2219 et
1920 2163 2138 2220 Graeco-

558 2269 684 2308 rum
734 2255 905 2310 series
936 2254 1149 2310 inﬁnita
1178 2256 1432 2312 ducatur.
1465 2255 1570 2323 Qui
1601 2256 1649 2312 si
1691 2256 1933 2326 quinque
1960 2270 2025 2311 ac
2051 2256 2135 2310 vi-

560 2345 697 2416 ginti
735 2346 1005 2418 majorum
1031 2355 1315 2403 stemmate
1344 2348 1666 2419 glorientur,
1687 2356 1783 2404 aut
1804 2362 1966 2404 suum
1992 2362 2135 2419 quo-

560 2454 669 2510 que
697 2454 868 2510 genus
907 2439 975 2496 ad
1019 2437 1303 2496 Herculem
1345 2440 1755 2512 Amphitryonis
1792 2439 1963 2495 ﬁlium
1996 2437 2136 2495 refe-

532 2540 705 2597 ‘rant,
730 2530 837 2586 vile
869 2531 1035 2587 nimis
1080 2546 1149 2587 ac
1172 2532 1421 2602 putidum
1459 2532 1736 2602 jactantia:
1776 2545 1948 2601 genus
1988 2531 2136 2586 arbi-

560 2633 757 2679 tratur.
788 2622 925 2678 Nam
955 2623 1102 2695 quod
1133 2625 1275 2681 alius
1302 2636 1450 2680 retro
1491 2626 1716 2695 quintus
1746 2639 1811 2679 ac
1844 2623 2137 2679 vicesimus

560 2717 630 2771 ab
659 2711 1074 2788 Amphitryone,
1108 2717 1250 2772 alius
1293 2716 1363 2772 ab
1404 2715 1594 2772 eodem
1627 2713 2136 2787 quinquagesimus,

548 2823 643 2862 "eo
659 2817 819 2864 natus
848 2816 1078 2879 uterque
1110 2809 1231 2863 loco
1260 2809 1350 2877 sit,
1376 2823 1537 2879 quem
1570 2822 1671 2863 sua
1699 2810 1898 2878 cuique
1918 2806 2136 2863 fortuna

561 2899 834 2966 statuerit,
873 2900 1048 2955 risum
1089 2909 1271 2955 tenere
1310 2915 1420 2954 non
1465 2909 1663 2969 potest,
1692 2912 1819 2954 cum
1860 2900 1999 2956 istos
2036 2913 2137 2954 nec

536 3005 746 3046 "secum
778 2991 831 3046 id
868 2992 1128 3063 cogitare,
1161 3007 1264 3046 nec
1297 2991 1510 3048 stolidae
1554 2991 1751 3046 mentis
1780 2991 2012 3060 ineptias
2043 3006 2137 3045 ex-

557 3091 747 3139 cutere
773 3098 932 3154 posse
960 3084 1363 3139 animadvertit.
1401 3082 1546 3140 Idem
1578 3097 1709 3138 vero
1741 3083 1797 3137 in
1838 3082 1923 3139 his
1955 3083 2134 3138 omni-
2161 3125 2203 3184 α

558 3174 662 3230 bus
688 3175 1070 3231 ab~hominum
1098 3175 1259 3247 vulgo
1287 3175 1585 3242 deridetur,
1623 3176 1821 3246 partim
1854 3174 1999 3245 quod
2028 3189 2134 3230 ce-

556 3276 707 3323 teros
748 3276 1068 3340 arroganter
1109 3268 1388 3339 despicere
1428 3268 1711 3333 videatur,
1745 3266 1943 3337 partim
1987 3264 2135 3337 quod

558 3359 613 3412 in
645 3359 820 3414 obviis
851 3360 1162 3431 quibusque
1196 3360 1445 3415 caecutiat
1474 3374 1539 3414 ac
1565 3358 1778 3414 titubet.
1807 3386 1877 3397 —
1901 3355 2136 3412 Prorsus

555 3449 637 3503 uti
670 3463 761 3504 res
793 3458 876 3505 est
905 3451 1166 3520 loqueris,
1195 3451 1269 3504 mi
1287 3448 1570 3505 Socrates.
1594 3478 1665 3490 —
1687 3448 1757 3503 At
1781 3462 1933 3514 vero,
1963 3444 2137 3502 Theo-

558 3541 712 3606 dore,
742 3539 787 3595 si
817 3556 978 3608 quem
1011 3540 1253 3596 vicissim
1277 3554 1345 3595 ει
1372 3540 1492 3595 istis
1519 3554 1741 3595 sursum
1777 3536 2134 3609 philosophus

557 3632 814 3698 traxerit,
841 3646 1077 3701 eumque
1106 3631 1410 3704 augustiori
1451 3631 1552 3687 liae
1579 3632 1881 3702 quaestione
1920 3629 2132 3696 relicta,

545 3717 675 3789 Qua
711 3722 765 3774 in
798 3737 857 3777 re
886 3722 965 3777 vel
991 3735 1094 3793 ego
1116 3731 1190 3787 te,
1222 3721 1306 3777 vel
1331 3731 1388 3776 tu
1419 3735 1506 3776 me
1533 3720 1649 3793 ipse
1670 3721 1898 3785 laeseris,
1927 3721 1995 3775 ad
2025 3719 2136 3789 ple-

557 3827 685 3867 nam
716 3812 863 3867 illam
893 3822 949 3869 et
975 3813 1242 3883 integram
1267 3812 1333 3867 de
1353 3811 1562 3884 justitia
1588 3819 1643 3866 et
1667 3810 1932 3881 injustitia
1954 3811 2135 3881 dispu-

555 3901 813 3956 tationem
857 3902 1134 3967 accedere,
1165 3900 1293 3972 quid
1332 3914 1427 3971 per
1458 3915 1578 3956 sese
1610 3911 1844 3969 utraque
1874 3900 1962 3965 sit,
2002 3899 2133 3970 quid

560 3991 643 4046 vel
680 3992 852 4047 ambae
881 4008 911 4046 a
941 3993 1151 4048 caeteris
1195 3992 1470 4057 omnibus,
1498 3992 1582 4046 vel
1612 3993 1781 4045 altera
1823 3989 2033 4046 differat
2065 3992 2134 4047 ab

554 4082 741 4149 altera,
790 4084 1074 4139 enucleare
1109 4084 1381 4155 jusserit:
1415 4092 1509 4138 aut
1554 4081 1601 4137 si
1644 4082 1892 4136 eumdem
1923 4083 1992 4137 ab
2040 4081 2133 4139 illo

554 4172 786 4243 vulgari,
815 4170 1010 4227 Utrum
1039 4171 1347 4229 fortunatus
1374 4187 1471 4227 rex
1509 4171 1599 4228 ille
1625 4172 1714 4232 sit.
1754 4172 1846 4241 qui
1880 4186 2133 4241 magnam

466 4302 475 4308 .
556 4262 675 4315 auri
704 4262 818 4316 vim
864 4261 1162 4331 possideat,
1205 4261 1274 4316 ad
1324 4262 1634 4316 universam
1669 4261 1822 4331 regni
1888 4261 2133 4329 adeoque

556 4353 724 4408 totius
752 4353 1011 4408 humana:
1058 4351 1332 4408 felicitatis
1377 4358 1472 4405 aut
1518 4352 1753 4405 miseria:
1797 4350 2133 4419 contempla—

2235 1895 2349 1949 τινέ
2381 1897 2566 1961 ἐστον,
2607 1894 2704 1948 καὶ
2730 1894 2854 1948 τίνα
2883 1893 3083 1965 τρόπον
3136 1890 3427 1964 ἀνθρώπου
3459 1891 3622 1962 φύσει
3650 1909 3824 1965 προσ-

2236 1990 2361 2060 ήκει
2389 1988 2450 2040 τὸ
2476 1986 2574 2059 μὲν
2603 1988 2909 2058 κτήσασθαι
2936 1986 3142 2052 αὐτοῖν,
3166 1984 3227 2038 τὸ
3248 1985 3304 2039 δὲ
3326 1987 3628 2055 ἀποφυγεῖν
3648 2003 3663 2018 υ
3690 1986 3825 2056 περὶ

2235 2080 2453 2134 πάντων
2474 2078 2680 2132 τούτων
2707 2078 2837 2133 ὅταν
2862 2071 2930 2132 αὖ
2949 2077 3058 2131 δέοι
3084 2076 3241 2145 λόγον
3262 2075 3457 2130 διδόναι
3473 2076 3565 2130 τὸν
3593 2076 3826 2147 σμικρὸν

2236 2175 2444 2227 ἐκεῖνον
2476 2171 2575 2245 τὴν
2602 2171 2803 2244 ψυχὴν,
2831 2172 2926 2225 καὶ
2954 2170 3176 2242 δριμὺν,
3202 2170 3298 2225 καὶ
3321 2169 3617 2234 δικανικὸν,
3659 2168 3825 2224 πάλιν

2235 2262 2305 2319 αὖ
2331 2265 2662 2338 ἀντίστροφα
2689 2262 3015 2319 ἀποδίδωσιν
3033 2277 3049 2294 σ
3089 2261 3335 2331 ίλιγγιῶν
3362 2277 3422 2316 τε
3454 2262 3564 2334 γὰρ
3594 2260 3691 2315 καὶ¹
3714 2262 3826 2315 ἀπὺ

2237 2355 2444 2428 ὑψηλοῦ
2495 2354 2848 2428 κρεμασθεὶς,
2876 2354 2995 2409 ’καὶ
3026 2351 3239 2425 βλέπων
3293 2352 3567 2425 μετέωρος
3615 2350 3825 2407 ἀνωθεν

2237 2448 2344 2501 ὑπὸ
2399 2446 2657 2520 ἀληθείας
2687 2446 2798 2519 (57)
2828 2444 3113 2518 ἀδημονῶν
3143 2462 3238 2510 τε,
3286 2446 3382 2500 καὶ
3429 2442 3654 2515 ἀπορῶν
3679 2484 3694 2509 ,
3727 2447 3827 2498 καὶ

2196 2582 2217 2609 ,
2239 2537 2606 2611 βαρϐαρίζων,
2638 2537 2850 2608 γέλωτα
2872 2536 3145 2609 Θράτταις
3173 2535 3272 2607 μὲν
3294 2535 3356 2589 οὐ
3391 2535 3625 2606 παρέχει
3644 2573 3660 2598 ,
3707 2534 3824 2587 οὐδ’

2237 2629 2384 2700 ἀλλῳ
2414 2627 2728 2699 ἀπαιδεύτῳ
2749 2627 2944 2693 οὐδενὶ,
2976 2629 3037 2681 οὐ
3071 2626 3181 2698 γὰρ
3221 2625 3599 2681 αἰσθάνονται·
3635 2628 3748 2688 τοῖς
3776 2625 3821 2677 δ’

2237 2721 2516 2786 ἐναντίως,
2544 2721 2579 2793 ἢ
2634 2720 2711 2784 ὡς
2739 2719 3092 2791 ἀνδραπόδοις
3124 2720 3376 2793 τραφεῖσι
3417 2718 3603 2770 πᾶσιν.
3651 2710 3822 2780 Οὗτος

2236 2813 2303 2884 δὴ
2337 2812 2596 2884 ἐκατέρου
2628 2811 2848 2883 τρόπος,
2879 2804 2926 2864 ὧ
2967 2809 3233 2878 Θεόδωρε.
3272 2809 3331 2862 Ὁ
3357 2808 3476 2879 μὲν,
3512 2807 3591 2878 τῷ
3619 2807 3732 2860 δντι
3762 2812 3823 2860 ὲν

2241 2905 2530 2977 ἐλευθερίᾳ
2567 2920 2627 2957 τε
2652 2904 2748 2957 καὶ
2775 2903 2937 2975 σχολῇ
2958 2902 3357 2974 τεθραμμένου,
3371 2900 3430 2953 ὃν
3453 2899 3517 2971 δὴ
3534 2898 3823 2969 φιλόσοφον

2239 2997 2446 3060 καλεῖς,
2472 2988 2517 3064 ᾧ
2545 2997 2880 3067 ἀνεμέσητον
2908 2994 3094 3067 εὐήθει
3116 2995 3306 3081 δοκεῖν-
3319 2993 3414 3067 καὶ
3444 2986 3818 3064 οὐδενὶκῖῇαι,

2240 3089 2472 3154 Mel;
2495 3085 3210 3162 ,δουλικάἑὲιιιιπέσῃᾚιακονή
3219 3106 3388 3161 ματα,
3428 3083 3539 3143 οἷον
3570 3104 3824 3161 στρωμα-

2235 3180 2494 3252 τόδεσμον
2533 3179 2608 3252 μὴ
2633 3180 2992 3251 ἐπιστάμενος
3019 3179 3483 3244 συσκευάσασθαι,
3521 3181 3654 3252 μηδὲ
3685 3180 3823 3251 ὄψον

2234 3270 2424 3343 ἡδῦναι
2452 3313 2468 3337 ,
2498 3269 2534 3343 ἢ
2589 3269 2778 3334 θῶπας
2805 3270 2997 3339 λόγους
3016 3287 3030 3302 ·
3064 3269 3095 3321 ὀ
3118 3270 3164 3323 δ’
3191 3266 3281 3337 αὖ,
3333 3268 3406 3323 τὰ
3449 3272 3546 3342 μὲν
3595 3270 3822 3326 τοιαῦτα

2238 3360 2413 3413 πάντα
2436 3359 2732 3431 δυναμένου
2769 3358 2945 3431 τορῶς
2981 3375 3040 3413 τε
3072 3359 3167 3413 καὶ
3191 3357 3357 3424 ὀξέως
3377 3359 3667 3424 διακονεῖν,
3693 3361 3823 3415 ἀνα-

2237 3451 2523 3505 ϐάλλεσθαι
2557 3451 2614 3505 δὲ
2643 3453 2745 3505 οὐκ
2770 3450 3138 3522 ἐπισταμένου
3167 3451 3262 3504 ἐπὶ
3297 3449 3446 3515 δεξιά
3493 3450 3817 3526 ἐλευθέρως,

2233 3543 2342 3596 οὐδ’
2373 3544 2637 3615 ἁρμονίαν
2669 3542 2781 3615 (58)
2809 3543 2982 3612 λόγων
3032 3542 3288 3606 λαϐόντος
3342 3541 3517 3615 ὀρθῶς
3573 3544 3821 3615 ὑμνῆσαι

2235 3635 2374 3691 θεῶν
2400 3653 2459 3689 τε
2496 3635 2593 3690 καὶ
2635 3634 2844 3709 ἀνδρῶν
2896 3634 3229 3705 εὐδαιμόνων
3259 3634 3373 3705 βίον
3402 3633 3612 3707 ἀληθῆ.
3642 3663 3718 3676 -
3753 3637 3819 3691 Εί

2235 3728 2462 3793 πάντας,
2490 3721 2536 3782 ὦ
2570 3725 2876 3798 Σώκρατες,
2914 3725 3121 3790 πείθοις
3159 3726 3194 3781 ἀ
3232 3726 3413 3796 λέγεις
3452 3726 3642 3799 ὥσπερ
3689 3727 3817 3798 ἐμέ,

2236 3819 2435 3873 πλείων
2466 3819 2532 3873 ἂν
2580 3820 2768 3891 εἰρήνη
2795 3818 2891 3871 καὶ
2914 3817 3060 3872 κακά
3087 3817 3294 3873 ἐλάττω
3331 3819 3454 3872 κατ’
3493 3815 3817 3889 ἀνθρώπους

2233 3911 2342 3984 εἴη.
2373 3942 2442 3953 --
2479 3910 2619 3965 Ἀλλ’
2671 3909 2784 3965 οὐτ’
2816 3909 3112 3966 ἀπολέσθαι
3166 3909 3237 3964 τά
3294 3908 3444 3964 κακά
3490 3909 3737 3974 δυνατὸν,
3768 3904 3817 3964 ῶ

2234 4002 2478 4074 Θεόδωρε
2520 4001 2877 4069 (ὑπεναντίον
2918 4002 3031 4075 γάρ
3085 4019 3136 4056 τι
3164 4000 3243 4073 τῷ
3287 4001 3475 4072 ἀγαθῷ
3525 4003 3634 4056 alet
3673 3996 3814 4058 εἶναι

2234 4092 2508 4163 ἀνάγκη),
2536 4091 2651 4146 οὐτ’
2680 4095 2737 4147 ἐν
2767 4092 2909 4156 θεοῖς
2932 4091 3073 4147 αὐτά
3103 4089 3367 4164 ίδρύσθαι.
3398 4090 3508 4163 Τὴν
3525 4091 3583 4145 δὲ
3611 4090 3814 4165 θνητὴν

2234 4186 2396 4257 φύσιν
2422 4185 2518 4238 καὶ
2542 4184 2693 4237 τόνδε
2719 4183 2809 4237 τὸν
2841 4184 3003 4237 τόπον
3024 4181 3309 4253 περιπολεῖ
3330 4181 3391 4246 ἐξ
3422 4181 3688 4253 ἀνάγκης.
3718 4184 3814 4238 Διδ

2233 4278 2326 4331 καὶ
2354 4275 2646 4348 πειρᾶσθαι
2666 4275 2771 4346 χρὴ
2799 4273 3007 4327 ἐνθένδε
3025 4275 3204 4325 ὲκεῖσε
3223 4270 3441 4340 φεύγειν
3461 4274 3540 4326 ὅτι
3559 4275 3807 4345 τάχιστα.

2232 4370 2380 4442 Φυγὴ
2401 4369 2459 4422 δὲ
2491 4369 2749 4439 ὁμοίωσις
2772 4366 2890 4435 Θεῷ
2923 4364 3064 4419 κατά
3087 4365 3150 4417 τὸ
3173 4363 3397 4417 δυνατόν
3417 4381 3431 4395 ο
3473 4365 3729 4436 ὁμοίωσις
3753 4366 3811 4420 δέ

554 4449 761 4501 tionem
792 4446 1113 4510 traduxerit,
1150 4454 1211 4500 ut
1237 4451 1460 4509 statuat,
1490 4452 1601 4497 tum
1631 4459 1879 4513 quaenam
1906 4446 2124 4514 propria

2234 4457 2346 4508 ἐστι
2395 4455 2602 4509 δίκαιον
2654 4455 2750 4507 καὶ
2779 4454 2923 4508 ὅσιον
2971 4451 3110 4523 μετὰ
3165 4454 3477 4524 φρονήσεως
3534 4454 3808 4522 γενέσθαι.

530 4540 627 4593 ἐίι
669 4539 953 4608 utriusque
988 4537 1161 4604 ratio,
1192 4547 1306 4592 tum
1349 4535 1809 4607 quemadmodum
1844 4544 2129 4605 utramque

524 4620 640 4708 ’νει
675 4630 952 4698 suspicere
985 4630 1068 4683 vel
1113 4628 1384 4683 declinare
1416 4626 1655 4681 hominis
1690 4635 1899 4680 naturae
1928 4640 2128 4681 conve-

555 4723 689 4777 niat.
721 4720 797 4775 De
828 4720 913 4776 his
941 4719 1194 4775 omnibus
1218 4734 1340 4776 cum
1370 4726 1558 4773 nostro
1591 4717 1719 4771 huic
1743 4726 1853 4771 tam
1886 4727 2131 4787 angustae

553 4813 785 4878 mentis,
816 4827 978 4883 quam
1020 4812 1134 4867 acri
1180 4827 1244 4867 ac
1292 4811 1596 4866 vehementi
1637 4808 1842 4863 rabula
1888 4823 2131 4877 pronun-

554 4905 801 4961 tiandum
841 4898 994 4969 erit,
1023 4911 1144 4958 tum
1176 4903 1452 4957 enimvero
1491 4899 1784 4970 quamdam
1826 4899 1992 4953 veluti
2051 4908 2132 4955 ta-

556 4996 717 5052 lionis
760 4995 936 5065 legem
971 4995 1194 5050 subibit.
1229 4993 1366 5048 Nam
1407 4990 1745 5061 esuperiore
1774 4990 1893 5045 loco
1923 4991 2130 5060 pendu-

554 5086 663 5149 lus,
694 5093 748 5140 et
777 5083 1035 5139 inferiora
1067 5083 1372 5154 despiciens
1396 5120 1412 5145 ,
1456 5080 1748 5134 insolentia
1784 5080 1863 5133 rei
1914 5081 2127 5151 vertigi-

553 5185 678 5230 nem
725 5175 907 5231 subito
941 5175 1194 5245 patietur,
1240 5183 1296 5230 et
1342 5172 1536 5244 partim
1574 5170 1877 5234 aestuando,
1929 5172 2126 5241 partim

631 5308 744 5381 (54)
768 5312 1218 5381 Σμικρολογίας.
1245 5309 1388 5380 Lege
1417 5307 1516 5377 τῆς
1542 5304 1792 5377 σμικρολ.
1814 5322 1880 5361 ex
1904 5304 2129 5361 Platone

555 5390 611 5435 et
635 5384 1072 5457 _m_a‘nuscripto._
1475 5446 1488 5457 _
1546 5445 1558 5457 ι
1713 5454 1723 5457 _
1775 5447 1786 5457 .

627 5450 739 5531 (55)
778 5445 989 5530 Αὐτός.
1035 5452 1235 5531 ﬂecte,
1282 5464 1390 5531 non
1430 5445 1590 5528 αὐτόν
1611 5484 1637 5531 ,1
1670 5447 1827 5531 ut
1880 5445 2123 5529 Platone.

556 5516 819 5603 Qeinceps
845 5516 988 5601 enim
1015 5522 1081 5575 de
1111 5520 1432 5603 philosopho
1460 5520 1602 5603 ipsn‘
1624 5516 1884 5603 ιομιιίιιιιςζ
1914 5520 2007 5587 qui
2042 5519 2125 5571 vi-

556 5590 739 5660 cissim
762 5585 1059 5644 hominem
1111 5585 1432 5658 ἀφιλόσοφον
1453 5627 1468 5650 ,
1483 5585 1495 5587 ’
1517 5585 1611 5640 καὶ
1661 5586 1915 5660 ἀγοραῖόν
1935 5585 1944 5587 ἡ
1965 5604 2087 5641 τινα
2108 5626 2123 5651 ,

554 5658 839 5738 παρη-φρ..
858 5660 1558 5738 ridendumqpeproponet.

629 5726 740 5799 (56)
786 5728 878 5795 Τὶς
902 5729 1116 5782 αὐτῶν.
1148 5726 1356 5784 Mallem
1390 5731 1581 5784 abesm
1615 5732 1695 5796 τίς
1716 5772 1729 5796 ,
1776 5740 1827 5785 et
1857 5729 2033 5784 αὐτῶν
2068 5730 2120 5784 in

2208 5661 2341 5731 ·ἀρμ

2245 4545 2403 4599 Ἀλλά
2429 4546 2559 4616 γὰρ,
2594 4540 2640 4599 ὧ
2662 4546 2872 4617 ἄριστε,
2914 4545 2976 4596 οὐ
3011 4543 3153 4596 πάνυ
3183 4560 3237 4596 τι
3269 4544 3448 4616 ῥᾴδιον
3497 4550 3704 4612 πεῖσαι,
3734 4548 3811 4611 ὡς

2229 4637 2337 4708 ἀρα
2362 4638 2460 4707 οὐχ
2510 4620 2586 4691 ὧν
2636 4638 2795 4689 ἕνεκα
2816 4637 2866 4688 οἱ
2900 4634 3081 4687 πολλοί
3108 4651 3238 4703 φασι
3279 4635 3386 4690 δεῖν
3417 4638 3680 4709 πονηρίαν
3711 4637 3810 4709 μὲν

2231 4725 2473 4795 φεύγειν,
2537 4724 2735 4796 ἀρετὴν
2773 4724 2829 4777 δὲ
2860 4721 3096 4785 διώκειν,
3147 4723 3352 4778 τούτων
3406 4725 3566 4795 χάριν
3612 4726 3674 4778 τὸ
3711 4727 3810 4796 μὲν

2230 4813 2627 4883 ἐπιτηδευτέον,
2652 4812 2715 4865 τὸ
2736 4812 2782 4865 δ’
2804 4809 2891 4874 οὓ,
2919 4812 3007 4865 ἴνα
3030 4810 3087 4863 δὲ
3130 4810 3241 4881 (59)
3271 4811 3346 4882 μὴ
3378 4812 3569 4877 κακὸς,
3590 4814 3689 4867 κα)⁵
3722 4816 3809 4870 ἵνα

2230 4905 2430 4974 ἀγαθὸς
2465 4904 2593 4976 δοκῇ
2620 4900 2781 4958 εἶναι.
2815 4901 3002 4956 Ταῦτα
3029 4903 3127 4973 μὲν
3148 4904 3257 4973 γάρ
3281 4906 3428 4957 ἐστιν
3455 4904 3485 4955 ό
3518 4904 3810 4975 λεγόμενος

2228 4994 2414 5065 γραῶν
2462 4993 2638 5057 ὕθλος,
2681 4993 2756 5056 ὡς
2784 4991 2906 5062 ἐμοὶ
2941 4990 3224 5061 φαίνεταν
3255 4991 3316 5045 τὸ
3356 4991 3413 5045 δὲ
3464 4993 3665 5065 ἀληθὲς
3704 4989 3810 5048 ὧδε

2229 5085 2478 5157 λέγομεν.
2516 5084 2648 5148 Θεὸς
2684 5083 2897 5154 οὐδαμῆ
2915 5083 3168 5154 οὐδαμῶς
3187 5082 3389 5146 ἄδικος,
3427 5082 3543 5136 ἀλλ’
3589 5084 3666 5148 ὡς
3697 5079 3809 5138 οἷόν

2227 5192 2287 5228 τε
2310 5175 2645 5239 δικαιότατος
2663 5191 2678 5205 ο
2719 5175 2814 5229 καὶ
2841 5175 2940 5227 οὐκ
2966 5173 3113 5227 ἐστιν
3142 5171 3291 5243 αὐτῷ
3320 5175 3631 5245 ὁμοιότερον
3655 5174 3809 5227 οὐδὲν

2227 5312 2389 5365 αὐτόν
2436 5313 2674 5376 mutari,
2704 5327 2870 5367 sensu
2911 5310 3258 5376 clarissimo,
3286 5310 3385 5380 qui
3425 5309 3631 5379 alioqui
3678 5324 3806 5380 per-

2226 5383 2780 5523 οὺῖὲξῖυζληθεζας.
2816 5449 3229 5522 Reponendum,
3263 5464 3329 5504 ex
3353 5447 3575 5504 Platone
3598 5456 3655 5503 et
3685 5463 3805 5503 ma-

2227 5521 2543 5590 nuScriptis,
2577 5521 2820 5591 ἀηθείας.

2298 5587 2434 5663 (58)-
2454 5591 2589 5645 Οὐδ’
2623 5587 2936 5661 ἁρμονίαν.
2964 5590 3157 5647 Melius
3202 5604 3269 5645 ex
3313 5587 3559 5656 Platone,
3585 5587 3709 5645 οὐδέ
3736 5602 3807 5660 τι

2295 5703 2407 5804 (5.9)
2452 5734 2573 5787 "Ira
2605 5730 2691 5787 δέ.
2724 5731 2864 5803 Lege
2893 5732 2980 5785 ἵνα
3007 5731 3093 5802 δή,
3126 5740 3186 5787 ut
3217 5730 3358 5801 apud
3384 5728 3695 5785 Platonem.
