4122 6444
371 295 510 348 1005

1536 292 1858 348 ΡΒᾹΞΡΑΒ.
1901 293 2152 351 EVANG.
2196 296 2321 350 LIB.
2365 293 2480 354 ΧΠ.

3480 306 3614 361 10θῦ

364 413 405 472 ἢ
424 411 484 473 ὃς
513 409 580 463 ἂν
603 409 761 480 ἡμῶν
786 402 852 462 αὖ
886 407 1109 478 γένηται
1134 408 1215 462 δτι
1249 407 1611 470 δικαιότατος.
1665 411 1798 482 Περὶ
1826 411 1936 464 τοῦ·

2043 413 2364 482 hwsitando,
2392 416 2589 485 partim
2634 416 2925 473 barbarum
2958 421 3139 475 nescio
3167 420 3298 491 quid
3342 435 3618 476 commur-

362 520 456 558 τον
509 500 619 572 (60)
674 501 769 553 καὶ
801 503 833 571 ἡ
866 502 940 564 ὡς
976 499 1190 570 ἀληθῶς
1219 500 1459 569 δεινότης
1505 501 1696 571 ἀνδρὸς
1719 543 1732 566 ,
1770 502 1863 554 καὶ
1911 504 1944 573 ἡ

363 593 616 663 εὐγένειά
647 611 727 656 τε,
765 595 857 646 καὶ
894 596 926 662 ἡ
960 593 1199 661 ἀνδρεία.
1235 593 1298 645 Ἠ
1335 593 1432 662 μὲν
1456 592 1565 662 γὰρ
1593 592 1778 646 τούτου
1807 594 1946 662 γνῶ-

366 705 470 752 σις,
501 686 660 756 σοφία
689 686 783 739 καὶ
820 684 987 756 ἀρετὴ
1038 682 1263 755 ἀληθινή
1285 701 1299 714 ο
1337 685 1368 754 ἡ
1398 685 1454 737 δὲ
1493 687 1704 753 ἄγνοια,
1733 686 1944 756 ἀμαθία

363 781 457 833 καὶ
487 778 652 832 κακία
676 778 930 848 ἐναργής.
959 777 1024 828 Αἰ
1051 777 1094 829 δ’
1128 776 1282 829 ἄλλαι
1309 775 1614 847 δεινότητές
1650 795 1709 829 τε
1754 778 1943 831 δοκοῦ-

363 886 456 921 σαι
492 869 586 922 καὶ
613 868 818 936 σοφίαι,
848 869 904 919 ὲν
934 867 1031 938 μὲν
1061 867 1362 930 πολιτικαῖς
1387 868 1724 931 δυναστείαις
1759 870 1943 937 γιγνό-

365 975 546 1029 μεναι,
609 959 884 1031 φορτικαὶ,
938 961 994 1011 ὲν
1024 959 1081 1012 δὲ
1133 959 1361 1029 τέχναις,
1411 960 1684 1029 βάναυσοι.
1727 960 1816 1030 Τῷ
1853 957 1944 1014 οῦν

361 1051 634 1105 ἀδικοῦντι
703 1052 790 1108 καὶ
847 1052 1036 1105 ἀνόσια
1069 1049 1278 1120 λέγοντι
1324 1053 1356 1124 ἢ
1403 1054 1694 1122 πράττοντι
1749 1053 1944 1124 μακρῷ

361 1144 538 1212 ἄριστ’
572 1144 683 1214 ἔχει
716 1145 776 1196 τὸ
802 1143 877 1214 μὴ
912 1146 1214 1217 συγχωρεῖν
1245 1142 1356 1215 (61)
1386 1144 1543 1215 δεινῷ
1569 1146 1672 1198 ὑπὸ
1702 1163 1940 1217 πανουρ-

362 1234 487 1300 γίας
521 1230 680 1286 εἷναι.
719 1235 1066 1302 Ἀγάλλονται
1105 1234 1210 1306 γὰρ
1248 1233 1327 1304 τῷ
1359 1235 1578 1299 ὀνείδει,
1620 1237 1712 1289 καὶ
1743 1238 1942 1291 οἴονται

360 1325 602 1390 ἀκούειν,
633 1327 712 1378 ὅτι
739 1327 798 1378 οὐ
828 1325 980 1397 λῆροί
1008 1327 1134 1388 είσι,
1167 1325 1270 1395 γῆς
1303 1324 1477 1390 ἄλλως
1510 1327 1679 1398 ἄχθη,
1710 1327 1822 1380 ἀλλ’
1847 1329 1941 1382 ἀν-

359 1415 486 1486 δρες
513 1416 655 1479 οἵους
685 1415 765 1468 δεῖ
785 1418 844 1468 ἐν
868 1416 1018 1470 πόλει
1053 1419 1178 1480 τοὺς
1226 1418 1658 1488 σωθησομένους.
1710 1421 1942 1472 Λεκτέον

361 1503 455 1563 οῦν
489 1507 739 1579 τάληθὲς,
767 1509 846 1562 ὅτι
872 1509 1108 1580 τοσούτῳ
1141 1511 1340 1582 μᾶλλόν
1371 1511 1506 1563 είσιν
1539 1505 1639 1563 οἷοι
1665 1511 1765 1564 οὐκ
1805 1511 1943 1563 οἴον-

359 1617 473 1665 ται,
501 1601 581 1654 ὅτι
610 1601 729 1672 οὐχὶ
761 1603 980 1657 οἴονται.
1020 1605 1298 1672 Ἀγνοοῦσι
1324 1604 1433 1677 γὰρ
1463 1604 1666 1677 ζημίαν
1704 1605 1938 1669 ἀδικίας,

360 1692 431 1762 ἣν
479 1693 556 1746 δεῖ
591 1693 787 1764 ἥκιστα
844 1698 1076 1765 ἀγνοεῖν.
1138 1697 1212 1750 Οὐ
1264 1696 1372 1768 γάρ
1399 1698 1567 1761 ἐστιν,
1612 1698 1678 1768 ἦν
1703 1697 1937 1759 δοκοῦσι,

362 1780 568 1851 πληγαί
592 1799 649 1834 τε
672 1784 766 1835 καὶ
788 1783 1024 1851 θάνατοι,
1049 1777 1126 1838 ὧν
1153 1785 1324 1839 ἐνίοτε
1356 1785 1658 1858 πάσχουσιν
1689 1785 1801 1854 (62)
1845 1787 1936 1839 οῦ-

358 1870 451 1925 δὲν
479 1872 809 1938 ἀδικοῦντες,
837 1875 971 1928 ἀλλά
997 1878 1064 1948 ἣν
1097 1876 1358 1931 ἀδύνατον
1389 1879 1666 1946 ἐκφυγεῖν.
1709 1907 1775 1916 -
1806 1878 1938 1931 Τίνα

360 1961 426 2033 δὴ
456 1963 634 2032 λέγεις
655 1981 670 2030 ;
695 1997 764 2006 -
791 1967 1280 2039 Παραδειγμάτων,
1328 1963 1373 2022 ὧ
1409 1970 1528 2038 φίλε
1549 2009 1563 2032 ,
1611 1971 1668 2022 ὲν
1726 1970 1803 2039 τῷ
1825 1970 1938 2022 δντι

357 2055 631 2121 ἑστώτων,
695 2058 788 2112 τοῦ
823 2059 920 2130 μὲν
956 2059 1101 2114 θείου
1159 2061 1667 2131 εὐδαιμονεστάτου,
1734 2060 1830 2114 τοῦ
1883 2061 1939 2114 δὲ

357 2146 523 2201 ἀθέου
562 2149 893 2204 ἀθλιωτάτου
917 2169 930 2180 ·
956 2153 1057 2223 οὐχ
1096 2153 1332 2224 δρῶντες
1359 2154 1440 2206 ὅτι
1470 2153 1641 2217 οὕτως
1672 2153 1803 2222 ἔχει,
1835 2153 1940 2207 ὑπὸ

355 2236 696 2310 ἠλιθιότητός
727 2258 784 2293 τε
817 2241 907 2294 καὶ
946 2243 1042 2313 τῆς
1082 2244 1318 2314 ἐσχάτης
1357 2245 1568 2307 ἀνοίας,
1621 2243 1937 2298 λανθάνουσι

352 2327 438 2399 τῷ
482 2330 581 2400 μὲν
621 2332 960 2402 ὁμοιούμενοι
1011 2333 1098 2389 διὰ
1146 2334 1245 2398 τὰς
1270 2335 1487 2397 ἀδίκους
1516 2335 1762 2406 πράξεις,
1783 2335 1860 2406 τῷ
1883 2337 1939 2390 δὲ

353 2427 768 2498 ἀνομοιούμενοι
786 2445 799 2459 ⁶
818 2421 879 2481 οὗ
905 2428 968 2499 δὴ
995 2428 1198 2483 τίνουσι
1215 2429 1393 2501 δίκην,
1422 2429 1622 2494 ζῶντες
1635 2429 1725 2482 τὸν
1754 2429 1940 2483 είκότα

357 2517 476 2586 βίον
496 2511 540 2586 ᾧ
573 2519 897 2589 ὁμοιοῦνται.
920 2521 1014 2572 Ἂν
1035 2521 1092 2574 δὲ
1123 2521 1387 2591 εἴπωμεν,
1429 2522 1531 2584 ὅτι,
1571 2519 1638 2574 ἂν
1664 2521 1738 2593 μὴ
1763 2519 1938 2574 ἀπαλ-

355 2608 564 2678 λαγῶσι
616 2610 717 2680 τῆς
756 2611 1076 2682 δεινότητος,
1111 2611 1205 2665 καὶ
1267 2611 1700 2683 τελευτήσαντας
1743 2614 1939 2676 αὐτοὺς

355 2700 564 2763 ἐκεῖνος
601 2700 696 2771 μὲν
727 2702 756 2754 ὁ
781 2699 888 2755 τῶν
919 2699 1105 2754 κακῶν
1139 2701 1380 2774 καθαρὸς
1418 2702 1584 2767 τόπος
1608 2703 1669 2756 οὐ
1706 2702 1934 2768 δέξεται,

354 2792 546 2846 ὲνθάδε
573 2793 630 2846 δὲ
655 2792 752 2864 τὴν
784 2793 964 2856 αὐτοῖς
990 2793 1285 2865 ὁμοιότητα
1316 2793 1592 2863 διαγωγῆς
1621 2795 1709 2848 ἀεὶ
1735 2794 1934 2861 ἕξουσι,

356 2884 518 2938 κακοὶ
550 2886 737 2947 κακοῖς
763 2883 1223 2948 συνόντες,ταῦτα
1254 2886 1319 2957 δὴ
1347 2886 1442 2940 καὶ
1478 2887 1822 2940 παντάπασιν
1862 2887 1938 2952 ὡς

351 2974 518 3031 δεινοὶ
543 2974 637 3028 καὶ
669 2973 964 3046 πανοῦργοι
1001 2975 1242 3046 ἀνοήτων
1281 2976 1442 3032 τινῶν
1489 2975 1832 3030 ἀκούσονται.
1869 3007 1939 3018 -—-

2048 506 2335 573 murando,
2372 508 2542 561 risum
2591 506 2870 573 vicissim,
2906 525 3012 564 non
3052 510 3164 580 jam
3213 510 3467 567 Thressis
3494 513 3619 582 qui~

2046 595 2296 659 busdam,
2323 606 2417 652 aut
2440 599 2607 653 bardo
2628 601 2862 670 cuipiam
2885 616 2948 656 ac
2971 603 3206 672 stupido,
3231 604 3323 672 qui
3348 603 3618 672 ejusmodi

2046 689 2180 743 nihil
2239 692 2440 745 sentire
2487 692 2702 761 possit;
2750 702 2803 746 at
2829 692 2896 747 iis
2938 693 3156 748 demum
3203 696 3296 765 qui
3350 696 3506 750 aliter
3556 713 3620 752 ac

2045 781 2315 851 mancipia
2361 783 2572 838 educati
2607 782 2830 848 fuerint,
2864 785 3118 841 omnibus
3149 787 3426 841 excitabit.
3472 786 3620 842 Talis

2044 880 2156 934 est,
2216 874 2286 926 mi
2347 872 2672 938 Theodore,
2723 876 2962 931 hominis
3023 877 3309 946 utriusque
3358 879 3616 934 conditio.

2043 961 2205 1032 605
2239 963 2418 1016 Altera
2473 965 2690 1033 quidem
2725 965 2864 1033 ejus,
2899 964 2992 1034 qui
3042 965 3222 1034 reipsa
3275 965 3330 1018 in
3375 965 3621 1019 libertate

2044 1064 2098 1106 et
2121 1053 2232 1107 otio
2259 1053 2520 1108 educatus
2550 1054 2734 1121 fuerit,
2753 1072 2913 1126 quem
2941 1066 2995 1109 tu
3021 1056 3406 1126 philosophum
3433 1071 3618 1112 vocas.

2045 1143 2183 1199 Huic
2209 1145 2355 1200 enim
2406 1145 2626 1216 impune
2672 1163 2737 1203 ac
2787 1149 2906 1204 sine
2937 1148 3141 1218 probro
3191 1148 3372 1212 liccat,
3402 1163 3528 1203 cum
3564 1149 3619 1203 in

2043 1237 2240 1291 servile
2294 1238 2580 1292 ministerii
2634 1255 2806 1310 genus
2872 1241 3162 1304 inciderit,
3215 1239 3516 1309 simplicem
3566 1248 3623 1294 et

2043 1327 2282 1395 ineptum
2313 1327 2502 1387 videri.
2538 1329 2782 1400 adeoque
2809 1331 3020 1384 nullum
3068 1345 3210 1395 esse,
3251 1331 3344 1399 qui
3387 1331 3620 1402 exempli

2043 1430 2206 1470 causa
2236 1432 2335 1470 nec
2366 1418 2606 1487 stragula
2644 1431 3012 1489 componere,‘
3037 1435 3134 1475 nec
3168 1420 3319 1474 cibos
3350 1420 3617 1488 obsoniis,

2041 1521 2144 1560 nec
2187 1507 2467 1563 blanditiis
2519 1511 2816 1565 orationem
2874 1512 3097 1567 condire
3149 1513 3384 1567 noverit.
3435 1512 3618 1567 Altera

2041 1612 2170 1652 vero
2223 1598 2341 1667 ejus
2386 1609 2491 1666 est,
2543 1603 2634 1670 qui
2682 1617 2806 1656 cum
2859 1612 3134 1658 strenuam
3190 1603 3310 1658 istis
3365 1604 3620 1660 omnibus

2043 1703 2264 1757 cperam
2300 1689 2570 1758 eleganter
2603 1701 2656 1746 et
2681 1692 2928 1762 expedite
2957 1707 3158 1747 navare
3180 1693 3372 1762 possit,
3400 1693 3618 1764 ingenui

2043 1787 2223 1833 tamen
2255 1795 2318 1834 ac
2356 1781 2598 1836 liberalis
2643 1783 2796 1836 chori
2847 1783 2930 1836 vel
2971 1783 3344 1852 prolusionem
3394 1785 3624 1841 solerter

2041 1869 2324 1926 instituere
2351 1888 2457 1926 non
2492 1884 2687 1942 potest,
2724 1874 2922 1928 nedum
2962 1876 3326 1940 ut,orationis
3351 1887 3620 1932 concentu

2041 1959 2250 2030 integre
2297 1970 2660 2031 accurateque
2706 1971 2995 2031 percepto,
3041 1979 3222 2020 veram
3259 1975 3354 2020 aut
3389 1966 3617 2020 deorum

2041 2060 2135 2105 aut
2166 2052 2445 2106 beatorum
2477 2053 2762 2109 hominum
2782 2056 2946 2110 vitam
2966 2057 3240 2112 celebrare
3279 2067 3540 2127 queat.-—
3560 2057 3621 2114 Si

2044 2142 2226 2207 fidem,
2252 2159 2285 2197 ο
2315 2142 2593 2209 Socrates,
2627 2147 2695 2200 ab
2727 2147 2851 2202 aliis
2881 2149 3138 2204 onmihus
3168 2150 3395 2219 perinde
3425 2159 3486 2206 ut
3519 2152 3621 2208 abs

2043 2249 2130 2288 me
2165 2234 2265 2290 hoc
2311 2236 2365 2289 in
2415 2251 2613 2306 genere
2656 2237 2998 2308 impetrares,
3035 2241 3208 2310 major
3258 2257 3392 2298 sane
3435 2244 3618 2314 quies,

2043 2327 2421 2398 malorumque
2462 2330 2646 2386 minus
2683 2330 2738 2384 in
2783 2332 3020 2386 humana
3045 2333 3157 2387 vita
3189 2344 3519 2392 versaretur.
3550 2368 3623 2381 -

2041 2419 2204 2488 Atqui
2253 2420 2389 2484 fieri,
2422 2422 2494 2475 mi
2533 2417 2838 2488 Theodore,
2863 2440 2970 2478 non
3011 2435 3216 2495 potest,
3241 2427 3318 2482 uti
3366 2428 3509 2483 mala
3536 2430 3620 2485 vel

2042 2511 2265 2565 omnino
2293 2513 2555 2568 tollantur
2581 2513 2726 2585 (cum
2759 2515 2961 2586 aliquid
2992 2531 3203 2586 semper
3233 2517 3378 2574 bono
3401 2529 3622 2577 contra-

2040 2601 2182 2654 rium
2233 2616 2521 2671 superesse
2564 2619 2786 2659 necesse
2825 2605 2936 2674 sit).
2970 2606 3055 2660 vel
3088 2607 3227 2677 apud
3276 2608 3407 2664 deos
3435 2609 3618 2666 locum

2043 2694 2294 2748 habeant.
2329 2697 2397 2749 At
2425 2695 2569 2750 circa
2601 2698 2883 2751 mortalem
2925 2707 3198 2763 naturam,
3229 2707 3284 2754 et
3308 2701 3617 2758 inferiorem

2041 2784 2182 2838 hanc
2241 2785 2517 2852 regionem
2580 2787 2798 2842 assidue
2861 2790 3279 2859 necessarioque
3328 2803 3615 2863 vagantur.

2042 2875 2405 2941 Quamobrem
2435 2877 2749 2932 enitendum
2787 2879 3058 2948 praecipue
3091 2882 3270 2946 nobis,
3301 2895 3362 2938 ut
3396 2885 3523 2939 hinc
3554 2901 3616 2940 ea

2042 2968 2324 3022 celeritate
2375 2977 2580 3038 quanta
2633 2969 2750 3023 fieri
2803 2971 3003 3039 poterit
3040 2971 3276 3027 maxima
3321 2973 3615 3044 fugiamus.

355 3064 468 3118 Καὶ
498 3064 642 3136 μάλα
669 3065 754 3136 δὴ,
786 3057 830 3117 ὧ
860 3065 1168 3137 Σώκρατες.
1209 3097 1278 3107 -
1307 3063 1436 3121 Οἶδά
1474 3084 1590 3130 τοι,
1636 3061 1682 3120 ὧ
1733 3069 1934 3141 ἑταῖρε.

2043 3060 2174 3127 Quae
2207 3061 2425 3130 quidem
2461 3059 2584 3131 fuga
2615 3061 2750 3115 nihil
2781 3070 2866 3117 est
2908 3063 3077 3131 aliud,
3106 3081 3271 3134 quam
3317 3067 3619 3124 similitudo

362 3155 460 3209 Ἓν
493 3155 676 3226 μέντοι
699 3174 752 3210 τι
802 3157 984 3222 αὐτοῖς
1039 3158 1404 3230 συμϐέϐηκεν,
1437 3159 1565 3212 ὅταν
1628 3159 1731 3230 ἰδίᾳ
1777 3160 1935 3228 λόγον

345 3249 450 3320 ⁴δέη
472 3249 674 3312 δοῦναι,
711 3250 806 3303 καὶ
834 3249 1108 3318 δέξασθαι,
1153 3252 1280 3322 περὶ
1297 3245 1374 3304 ὧν
1402 3250 1627 3320 ψέγουσι
1651 3292 1666 3314 ,
1694 3253 1788 3304 καὶ
1845 3251 1934 3305 θε-

354 3341 594 3412 λήσωσιν
631 3342 904 3414 ἀνδρικῶς
939 3341 1104 3397 πολὺν
1129 3342 1320 3413 χρόνον
1357 3344 1679 3413 ὑπομεῖναι,
1728 3343 1823 3396 καῖ¹
1860 3345 1934 3413 μὴ

353 3435 634 3506 ἀνάνδρως
676 3439 896 3505 φυγεῖν”
952 3435 1072 3489 τότε
1100 3437 1339 3502 ἀτόπως,
1386 3429 1431 3488 ὦ
1460 3435 1724 3504 δαιμόνιε,
1754 3435 1936 3488 τελευ-

345 3525 555 3591 πῶντες
586 3528 688 3581 οὐκ
736 3528 1063 3598 ἀρέσκουσιν
1108 3528 1264 3582 αὐτοὶ
1313 3529 1527 3592 αὐτοῖς,
1584 3528 1713 3599 περὶ
1747 3519 1822 3581 ὧν
1851 3526 1937 3579 λέ-

351 3633 534 3686 γουσι,
560 3619 655 3672 καὶ
682 3619 714 3689 ἡ
743 3618 1006 3691 ῥητορικὴ
1037 3617 1261 3672 ἐκείνων
1306 3635 1423 3682 πως
1472 3617 1933 3689 ἀπομαραίνεται,

352 3705 494 3762 ὥστε
526 3709 733 3763 παίδων
757 3708 922 3780 μηδὲν
943 3709 1117 3763 δοκεῖν
1139 3707 1436 3781 διαφέρειν.
1483 3727 1503 3760 ι

2045 3168 2167 3206 cum
2221 3151 2362 3214 Deo,
2416 3161 2687 3222 quatenus
2731 3153 2795 3208 ad
2845 3169 2963 3208 eam
3016 3157 3259 3226 aspirare
3309 3158 3453 3215 licet.
3503 3159 3618 3216 Hoc

2045 3256 2210 3310 porro
2247 3241 2621 3295 similitudinis
2657 3257 2829 3312 genus
2862 3244 2916 3297 in
2951 3247 3226 3314 aequitate,
3257 3249 3615 3311 sanctimonia

2043 3334 2443 3404 prudentiaque
2476 3334 2747 3388 consistit.
2783 3333 2887 3389 Sed
2925 3337 3106 3400 enim,
3140 3338 3226 3393 vir
3257 3341 3489 3410 optime,
3517 3359 3616 3398 us-

2043 3440 2149 3495 que
2183 3426 2319 3479 adeo
2347 3424 2504 3478 facile
2536 3425 2853 3494 persuaderi
2887 3441 2994 3480 non
3026 3439 3221 3497 potest,
3256 3446 3363 3486 non
3397 3448 3463 3488 eo
3496 3449 3620 3490 con-

2039 3517 2164 3573 silio
2190 3517 2337 3586 quod
2375 3517 2659 3571 hominum
2694 3517 2874 3588 vulgo,
2913 3533 3037 3573 cum
3085 3521 3139 3574 in
3169 3523 3303 3583 vitio
3337 3522 3616 3596 fugiendo,

2039 3620 2152 3666 tum
2188 3611 2243 3665 in
2276 3608 2651 3680 persequenda
2685 3609 2887 3664 virtute
2926 3614 3265 3682 propositum
3299 3630 3422 3672 esse
3458 3619 3615 3682 solet,

2037 3702 2461 3758 incumbendum
2492 3701 2546 3756 in
2581 3702 2811 3757 alterum
2844 3718 2998 3769 esse,
3029 3705 3097 3760 ab
3126 3706 3298 3764 altero
3331 3709 3584 3766 disceden

354 3803 510 3865 dum,
544 3803 649 3858 hoc
675 3813 777 3868 est,
822 3819 890 3859 ne
937 3804 1138 3870 malus,
1170 3803 1267 3859 sed
1308 3803 1491 3873 potius
1521 3811 1585 3859 ut
1621 3803 1800 3860 bonus
1831 3817 1954 3859 esse
1984 3800 2239 3857 videaris.
2273 3797 2368 3854 Ha:
2393 3799 2593 3870 quippe
2624 3807 2776 3866 sunt,
2819 3808 2876 3854 ut
2924 3799 3056 3856 mihi
3089 3802 3309 3872 quidem
3340 3803 3613 3870 videntur,

352 3890 529 3952 aniles
557 3909 697 3966 quas
724 3906 922 3950 vocant
967 3894 1181 3950 fabula.
1214 3893 1510 3960 Caeterum,
1551 3897 1695 3966 quod
1735 3895 1959 3950 omnino
2001 3906 2193 3948 verum
2235 3899 2338 3952 est,
2374 3890 2449 3946 ita
2500 3889 2812 3949 Statuimus.
2867 3891 3013 3949 Deus
3061 3893 3215 3949 nullo
3242 3893 3404 3964 plane
3451 3897 3616 3952 modo

353 3989 596 4059 injustus
621 3997 724 4051 est,
757 3989 849 4043 sed
881 3988 989 4042 vim
1023 4002 1238 4043 omnem
1263 3987 1492 4057 justitize
1525 3986 2023 4057 perfectionemque
2069 3984 2422 4053 complexus;
2458 3998 2561 4037 nec
2592 3981 2826 4036 similius
2867 3982 2915 4035 ei
2943 3983 3240 4054 quidquam
3267 4001 3388 4042 esse
3416 3989 3612 4056 possit.

330 4095 518 4149 quam
547 4079 640 4149 qui
682 4079 1020 4148 justissimus
1048 4080 1211 4134 etiam
1245 4081 1387 4135 inter
1433 4081 1682 4135 homines
1728 4079 1909 4134 fuerit.
1967 4077 2081 4133 Hac
2113 4093 2220 4132 una
2272 4091 2330 4130 re
2359 4077 2443 4129 vis
2484 4076 2665 4129 omnis
2708 4075 3084 4145 industriaque
3120 4077 3378 4142 hominis,
3419 4080 3612 4134 inertia

353 4174 519 4230 simul
549 4183 602 4229 et
634 4173 980 4228 imbecillitas
1011 4174 1270 4230 aestimari
1315 4176 1491 4230 debet.
1541 4173 1678 4230 Nam
1723 4183 1784 4229 ut
1824 4174 1947 4242 ejus
1976 4173 2215 4241 cognitio
2246 4186 2374 4225 vera
2406 4178 2490 4224 est
2538 4183 2661 4223 cum
2700 4169 2900 4222 virtute
2932 4168 3230 4235 sapientia;
3259 4170 3338 4224 sic
3367 4169 3613 4238 ejusdem

353 4270 648 4340 ignoratio,
682 4271 986 4325 certissima
1018 4285 1144 4325 cum
1173 4270 1410 4337 inscitia,
1451 4279 1566 4325 tum
1617 4269 1939 4340 improbitas
1969 4276 2075 4324 est.
2107 4267 2312 4321 Caetera
2342 4280 2466 4334 qua:
2491 4264 2654 4332 vulgo
2678 4262 2930 4315 videnlur
2968 4260 3244 4316 facultatis
3276 4278 3341 4317 ac
3381 4264 3614 4319 solertiae

353 4382 576 4434 genera,
609 4373 663 4420 et
693 4367 746 4419 in
776 4367 919 4421 civili
947 4366 1420 4423 administratione
1447 4366 1634 4437 gravia
1665 4375 1794 4420 sunt
1819 4381 1883 4420 ac
1914 4364 2165 4429 molesta,
2197 4371 2252 4416 et
2296 4363 2351 4414 in
2393 4360 2588 4412 artium
2617 4357 2790 4412 classe
2823 4353 3129 4409 illiberalia.
3159 4350 3419 4423 Quisquis
3448 4353 3615 4424 igitur

352 4462 478 4517 aliis
503 4463 802 4531 injuriosus
833 4472 935 4531 est,
963 4481 1157 4534 resque
1183 4465 1434 4535 indignas
1476 4472 1572 4520 aut
1605 4464 1870 4533 loquitur,
1903 4470 1996 4516 aut
2030 4459 2273 4525 molitur,
2303 4457 2352 4510 ei
2382 4471 2512 4510 sane
2555 4469 2717 4524 quam
2744 4452 3006 4522 optimum
3045 4448 3224 4514 fuerit,
3256 4449 3300 4502 si
3335 4466 3612 4521 nunquam

353 4563 409 4616 id
441 4561 541 4629 ipsi
576 4562 956 4626 concedamus,
993 4569 1052 4615 ut
1077 4562 1275 4616 astutia
1307 4562 1485 4615 valere
1513 4561 1747 4616 dicatur.
1784 4558 2035 4613 Gaudent
2063 4555 2210 4610 enim
2247 4553 2351 4608 hoc
2384 4551 2565 4621 probri
2601 4563 2817 4621 genere,
2854 4547 3068 4616 sibique
3095 4547 3443 4616 persuadent,
3468 4547 3613 4602 aliud

352 4653 649 4725 significari
686 4653 842 4715 nihil,
873 4667 1035 4722 quam
1070 4665 1191 4707 sesc
1215 4665 1324 4704 non
1348 4649 1564 4719 stipites
1593 4648 1860 4718 quosdam
1893 4661 2038 4711 esse,
2076 4653 2169 4699 aut
2199 4643 2412 4698 inutilia
2438 4651 2599 4706 terrae
2625 4639 2885 4710 pondera,
2918 4637 3011 4692 sed
3045 4637 3293 4694 homines
3321 4638 3612 4706 ejusmodi.

351 4747 542 4815 quales
566 4761 661 4800 eos
687 4759 828 4804 esse.
855 4745 949 4814 qui
987 4745 1041 4798 in
1072 4741 1531 4812 repub.'maxime
1566 4739 1927 4802 retineantur,
1961 4744 2227 4806 oporteat.
2261 4732 2463 4787 Verum
2506 4747 2636 4802 ergo
2685 4731 2858 4800 palam
2892 4742 2945 4786 et
2978 4742 3162 4805 aperte
3189 4733 3475 4789 dicendum
3506 4743 3612 4791 est.

348 4839 516 4910 606
540 4854 635 4893 eos
664 4837 942 4902 nimirum,
974 4840 1162 4907 quales
1205 4839 1429 4892 minime
1475 4838 1831 4895 arbitrantur.
1865 4837 1967 4890 hoc
1999 4843 2083 4889 est
2126 4833 2329 4904 magis,
2373 4845 2484 4902 quo
2517 4831 2700 4884 minus
2753 4830 3104 4886 arbitrantur.
3138 4829 3333 4887 Veram
3368 4833 3514 4887 enim
3550 4847 3616 4888 ac

350 4933 628 5001 propriam
667 4934 1030 5004 improbitatis
1077 4953 1292 5008 ptenam
1345 4937 1618 5009 ignorant,
1664 4950 1830 5006 quam
1867 4933 2092 4988 minime
2141 4931 2386 4986 omnium
2434 4929 2686 4999 ignorare
2727 4926 3045 4982 debuerant.
3097 4921 3203 4978 Nec
3231 4924 3375 4976 enim
3411 4923 3522 4982 illa.
3556 4925 3612 4978 in

2031 5070 2146 5139 ipsa
2210 5067 2312 5130 sit,
2363 5064 2630 5136 agendum
2658 5078 2778 5117 esse
2813 5071 3018 5126 tamen,
3053 5074 3117 5113 ne
3142 5059 3302 5113 talem
3334 5073 3394 5111 se
3425 5059 3612 5114 haberi

2030 5140 2251 5195 sentiat.

2102 5209 2214 5280 (62)
2255 5203 2589 5280 Ὠνμὲνιοτε
2619 5198 3096 5280 πάσχουσινηδί
3137 5197 3289 5280 οὐδέν
3330 5215 3454 5255 cum
3509 5200 3614 5280 πρ-

2032 5269 2220 5350 σχουσι
2265 5274 2649 5350 conjungatur,
2705 5269 2900 5350 sensus
2933 5270 3056 5333 erit,
3107 5285 3234 5350 cum.
3267 5270 3455 5323 horum
3503 5269 3608 5321 ali-

2030 5337 2242 5420 qﬁando
2268 5337 2401 5401 nihil
2424 5337 2644 5398 su'beant
2669 5381 2700 5420 ,ί
2718 5341 2807 5411 qui
2840 5351 3144 5408 peccarunt.
3170 5337 3274 5420 .Sin
3303 5355 3453 5420 vero,
3467 5355 3608 5420 cum

2033 5408 2373 5478 ἀδικοῦντες,
2403 5428 2599 5489 sensus
2625 5419 2709 5466 est
2730 5408 2910 5479 'quem
2941 5409 3434 5489 expressit_n_us._At
3467 5408 3611 5489 Fici-

2037 5504 2160 5551 nus,
2194 5484 2547 5556 posteriorem
2578 5483 2723 5556 hunc
2751 5478 2972 5556 secutus
2991 5521 3025 5556 ,_
3044 5488 3164 5556 post
3191 5478 3501 5556 ἀδικοῦντες
3514 5479 3609 5556 _le_-

2035 5548 2456 5630 gisse'videtur,
2499 5548 3420 5630 ἐκφεύγουσι-[δὲ.οίχάδι-κοῦντες,
3461 5550 3612 5630 addit

2035 5615 2214 5686 Enim.
2264 5635 2313 5678 et
2348 5623 2533 5690 injuin
2564 5615 2698 5689 ἐστρέ
2726 5618 2981 5672 devitant.
3020 5615 3119 5674 Cui
3155 5619 3371 5675 lectioni
3420 5615 3612 5674 admoo

2039 5699 2164 5753 dum
2196 5696 2372 5751 faveo.

426 5065 534 5137 (60)
575 5069 711 5135 Περὶ
749 5070 994 5134 τοῦτον,
1030 5082 1132 5126 ειε.
1169 5073 1321 5139 Apud
1369 5072 1647 5126 Platonem
1699 5071 1813 5126 hac
1848 5073 1920 5126 ita

349 5140 625 5213 legantur,
658 5141 790 5213 Περὶ
813 5141 1006 5213 τούτου
1036 5145 1129 5196 καὶ
1155 5146 1188 5213 ἡ
1220 5143 1294 5206 ὡς
1329 5143 1542 5213 ἀληθῶς
1569 5141 1809 5212 δεινότης
1833 5143 1924 5213 ἀνέ

345 5211 377 5261 δ
419 5207 496 5270 ὸς,
525 5209 618 5261 καὶ
650 5207 862 5264 οὐδενία
888 5228 968 5272 τε,
1003 5213 1098 5264 καὶ
1125 5207 1562 5284 ἀνανδρία.’ρηιε
1605 5207 1920 5266 Ιεειὶόηιίίιί

347 5225 422 5332 0g
455 5281 736 5332 sequentia
763 5281 1109 5332 vehementer
1141 5285 1417 5332 nrohalnr-
1451 5285 1503 5332 in
1538 5283 1736 5332 auibus
1763 5281 1920 5332 σοφία

347 5281 422 5332 ob
448 5281 736 5350 sequentia
763 5281 1109 5335 vehementer
1141 5281 1418 5350 probatur,
1451 5285 1503 5336 in
1538 5283 1736 5350 quibus
1763 5281 1924 5349 σοφία

349 5359 406 5401 et
435 5348 602 5417 ἀρετή
631 5350 708 5423 ab
728 5351 939 5423 ἀμαθίᾳ
964 5361 1017 5405 ει
1053 5348 1221 5422 κακίᾳ
1252 5348 1679 5423 distinguuntur.
1711 5348 1921 5406 Mallem

351 5428 534 5497 tamen
595 5419 721 5490 περὶ
765 5419 924 5474 τοῦτο
970 5437 1133 5490 quam
1193 5419 1321 5493 περὶ
1376 5419 1586 5484 τάὅτου,
1650 5431 1744 5476 aut
1798 5423 1925 5490 περὶ

349 5504 541 5540 τουτον
547 5530 560 5541 .

447 5557 538 5626 61)
565 5557 642 5612 Τὸ
666 5560 751 5627 μὴ
774 5559 1125 5628 συγχωρεῖν,
1147 5569 1253 5616 etc.
1276 5561 1498 5616 Ficinus
1524 5561 1704 5623 vertit,
1725 5563 1770 5613 si
1794 5560 1926 5612 nihil

328 5629 569 5700 ‘vafritie
598 5631 795 5699 possit,
840 5645 931 5700 nec
967 5629 1169 5682 artibus
1204 5631 1358 5683 malis
1391 5641 1605 5684 utamur
1633 5629 1772 5700 [lege
1801 5639 1925 5682 uta—

355 5695 490 5768 tur].
535 5695 606 5752 At
634 5699 988 5769 philosophus
1028 5708 1236 5753 tantum
1273 5702 1422 5766 vult,
1451 5695 1662 5755 etiamsi
1712 5695 1834 5756 talis
1873 5715 1929 5753 re
