4122 6420
537 294 678 359 ³1007
1180 295 1448 351 EUSEBll
1481 293 1955 350 CIESARIENSIS
1992 292 2140 348 OPP.
2183 292 2364 348 PARS
2403 293 2466 348 ll.
2508 323 2576 333 —-
2616 291 3126 348 APOLOGETICA.‘
3658 294 3803 351 1008

537 408 734 478 plagis,
767 417 824 463 ut
850 408 1182 471 existimant,
1219 417 1312 463 aut
1338 418 1510 463 morte
1535 409 1800 474 consistit,
1839 424 1963 464 cum
1994 408 2098 462 ista
2128 422 2498 478 saepenumero
2527 407 2760 463 subeant
2787 407 2861 461 illi
2892 422 3131 477 quoque,
3166 408 3260 477 qui
3287 407 3424 462 nihil
3453 421 3754 478 peccarunt
3783 431 3798 478 ;

539 509 634 562 sed
661 509 750 562 illa
784 507 996 562 demum
1021 515 1123 570 est,
1156 521 1316 574 quam
1347 507 1579 577 ell‘ugere
1604 509 1881 576 improbus
1911 522 2070 561 nemo
2097 506 2286 577 possit.
2312 535 2381 544 —
2406 503 2582 571 Quam
2618 512 2671 558 tu
2703 518 2922 574 poenam
2951 501 3242 572 intelligis?
3264 533 3335 543 —
3357 501 3495 557 Cum
3521 504 3577 558 in
3611 518 3800 560 rerum

539 608 756 662 natura,
786 599 858 652 mi
895 597 1199 665 Theodore,
1230 597 1562 666 exemplaria
1601 596 1710 651 duo
1741 596 1868 662 sint,
1905 596 2148 649 divinum
2195 596 2452 658 alterum,
2497 594 2748 664 idemque
2791 592 3203 658 beatissimum,
3250 593 3478 648 alterum
3544 594 3802 666 impium,

538 695 788 764 idemque
815 695 1180 749 miserrimum
1211 712 1222 746 :
1249 693 1326 746 illi
1375 693 1503 748 dum
1554 694 1626 748 ita
1674 709 1787 748 rem
1837 693 2037 748 habere
2085 708 2192 747 non
2223 692 2426 759 vident,
2457 707 2566 762 quo
2610 700 2830 760 stupore
2871 697 2998 744 sunt
3033 695 3196 757 atque
3233 687 3529 750 dementia,
3556 687 3714 743 alteri
3741 701 3807 746 se

537 781 754 853 ﬂagitiis
785 799 847 838 ac
873 784 1169 839 sceleribus
1203 785 1528 851 persirnilcs,
1555 784 1711 838 alteri
1743 783 2139 838 dissimillimos
2167 783 2280 837 ﬁeri
2307 798 2418 836 non
2448 779 2713 836 sentiunt.
2747 777 2919 849 Cujus
2944 794 3075 833 sane
3097 775 3279 830 deliCti
3312 776 3418 831 hoc
3447 776 3569 846 ipso
3601 791 3806 846 pennas

536 870 710 936 luunt,
743 886 852 940 quo
884 869 1050 923 vitam
1083 875 1270 939 agunt,
1301 871 1350 925 ei
1380 872 1538 940 cujus
1565 871 1774 926 similes
1805 871 2132 934 efﬁciuntur,
2165 871 2403 924 maxime
2445 876 2888 923 consentaneam.
2922 865 3134 931 Quibus
3179 865 3224 920 si
3261 864 3504 920 futurum
3531 875 3803 936 praeterea

535 966 952 1028 comminemur,
985 965 1090 1020 nisi
1119 964 1186 1018 ab
1219 963 1320 1016 ista
1350 962 1605 1030 nequitiae
1632 963 1683 1016 vi
1716 961 2090 1024 discesserint,
2119 961 2197 1014 uti
2229 975 2337 1014 non
2365 959 2479 1029 jam
2511 974 2606 1014 eos
2637 965 2759 1028 post
2790 957 2999 1011 obitum
3035 956 3190 1010 locus
3220 955 3311 1011 ille
3339 955 3408 1011 ab
3435 956 3584 1010 omni
3623 958 3802 1012 scele—

534 1071 772 1114 ratorum
805 1062 1127 1128 contagione
1153 1065 1394 1114 semotus
1426 1057 1678 1126 excipiat,
1713 1058 1805 1112 sed
1841 1057 2020 1125 potius
2062 1065 2123 1110 ut
2161 1054 2284 1110 istic
2311 1053 2413 1111 sibi
2447 1051 2802 1121 moribusque
2835 1049 2950 1105 suis
2995 1047 3325 1118 persimilem
3368 1048 3493 1102 vitae
3526 1048 3801 1104 rationem

534 1161 795 1222 perpetuo
820 1151 1073 1214 habeant,
1106 1151 1208 1205 hoc
1239 1161 1322 1208 est
1348 1160 1409 1207 ut
1432 1167 1556 1206 cum
1590 1152 1854 1222 improbis
1880 1151 2110 1221 improbi
2147 1150 2354 1206 versari
2383 1157 2679 1219 cogantur;
2717 1147 2770 1202 id
2806 1147 3084 1201 enimvero
3127 1158 3237 1199 non
3275 1158 3434 1198 secus
3465 1158 3530 1200 ac
3559 1143 3807 1198 deliran-

535 1243 668 1295 tium
696 1242 1058 1312 quorumdam
1085 1244 1382 1310 somnium,
1416 1244 1664 1299 homines
1701 1244 1844 1314 plani
1879 1259 1943 1298 ac
1980 1242 2294 1312 versipelles
2341 1241 2650 1296 exaudient.
2675 1269 2744 1281 -—
2766 1239 2844 1294 Ita
2877 1251 3126 1309 prorsus,
3160 1249 3194 1290 ο
3227 1233 3498 1290 Socrates.
3529 1263 3602 1274 --
3627 1233 3803 1304 Equi-

531 1339 651 1391 dem
681 1337 735 1392 id
763 1338 931 1408 probe
965 1339 1112 1406 novi,
1141 1339 1441 1396 Theodore.
1475 1340 1580 1394 Sed
1625 1350 1805 1395 tamen
1845 1341 1948 1394 hoc
1975 1339 2041 1394 iis
2071 1339 2260 1394 saltem
2306 1354 2411 1392 usu
2448 1337 2616 1403 venit,
2646 1344 2708 1391 ut
2739 1336 2786 1391 si
2821 1334 3038 1405 quando
3076 1330 3352 1400 privatim,
3381 1345 3567 1384 rerum
3603 1344 3802 1385 earum

529 1442 669 1496 quas
698 1427 976 1497 despicere
1002 1444 1065 1483 ac
1091 1430 1336 1484 deridere
1364 1430 1561 1494 solent,
1590 1429 1731 1483 ultro
1765 1429 2011 1498 citroque
2060 1426 2299 1481 rationes
2330 1426 2632 1494 expendere
2672 1423 2992 1492 oportuerit,
3024 1433 3186 1492 atque
3211 1422 3314 1475 hac
3341 1421 3397 1475 in
3429 1421 3804 1490 disputatione

531 1518 762 1588 gradum
787 1520 951 1588 paulo
980 1520 1187 1576 diutius
1214 1531 1268 1575 et
1299 1523 1642 1578 constantius
1676 1506 1860 1592 ﬁgere,
1895 1535 2005 1575 non
2035 1519 2265 1589 turpiter
2296 1517 2481 1587 fugere
2505 1515 2779 1570 voluerint
2814 1533 2828 1569 :
2859 1523 2974 1569 tum
3008 1529 3138 1569 vero
3170 1529 3238 1569 ne
3278 1514 3382 1568 sibi
3414 1513 3637 1583 quidem
3663 1514 3805 1584 ipsis

531 1608 585 1662 in
617 1612 861 1665 oratione
890 1627 987 1666 sua
1014 1612 1280 1682 placeant,
1319 1629 1527 1684 suaque
1555 1615 1656 1669 sibi
1697 1613 1969 1669 rhetorica
1998 1611 2184 1666 nescio
2208 1623 2318 1680 quo
2363 1615 2523 1678 pacto
2568 1606 2949 1674 contabescat;
2983 1621 3231 1677 prorsus,
3266 1604 3403 1658 nihil
3435 1611 3496 1659 ut
3547 1620 3578 1658 a
3607 1605 3800 1675 pueris

534 1699 748 1756 diﬂ‘erre
775 1699 1083 1756 videantur.
1122 1721 1140 1753 ι

1093 1793 1323 1849 CAPUT
1362 1795 1532 1851 ΧΧΧ.

530 1883 607 1938 De
640 1891 750 1936 toto
797 1881 892 1935 illo
925 1883 1228 1952 sophistij
1273 1902 1458 1957 genere
1479 1926 1494 1950 ,
1524 1885 1662 1957 quod
1707 1886 1842 1940 inter
1872 1885 2105 1937 homines

1117 1955 1339 2024 reperiri
1374 1956 1524 2010 solet.

601 2061 659 2115 In
705 2062 907 2118 nostris
951 2079 1170 2136 quoque
1216 2066 1372 2122 libris
1413 2067 1480 2122 de
1521 2075 1637 2122 toto
1672 2065 1764 2120 illo
1794 2063 2110 2135 sophisticae

530 2167 746 2224 genere,
779 2156 924 2225 quod
972 2157 1256 2212 hominum
1307 2160 1520 2214 animos
1568 2158 1884 2228 occupavit,
1934 2156 2107 2210 multa

528 2245 826 2300 dicuntur:
862 2264 880 2296 ι
924 2246 1201 2318 Sapientia
1246 2251 1391 2304 enim
1438 2249 1600 2318 hujus
1637 2248 1826 2303 mundi
1879 2247 2107 2302 stultitia

532 2344 616 2389 est
680 2334 825 2406 apud
878 2334 1070 2391 Deum.
1130 2338 1401 2408 Scriptum
1461 2349 1544 2392 est
1602 2339 1746 2392 enim
1809 2355 1822 2390 :
1877 2335 2108 2391 Perdam

529 2425 852 2496 sapientiam
893 2429 1245 2498 sapientium,
1279 2440 1331 2484 et
1375 2428 1715 2499 prudentiam
1757 2426 2105 2498 prudentium

526 2518 841 2588 rcprobabo.
879 2517 978 2573 Ubi
1003 2521 1260 2589 sapiens?
1285 2520 1375 2573 ubi
1405 2520 1623 2574 scriba?
1653 2519 1743 2574 ubi
1769 2519 2107 2589 conquisitor

523 2609 688 2680 hujus
716 2612 902 2667 saeculi
928 2613 996 2644 ¹·²
1019 2613 1042 2665 ?
1064 2631 1083 2663 ι
1120 2610 1382 2667 Similiter
1402 2612 1470 2666 ab
1501 2612 1568 2666 iis
1595 2611 1686 2682 qui
1721 2611 1957 2666 divinam
1985 2611 2106 2682 phi-

524 2699 833 2771 losophiam
865 2702 1106 2772 proﬁteri
1141 2702 1345 2768 velint,
1380 2702 1584 2756 humile
1612 2701 1992 2772 abjectumque
2022 2702 2106 2757 ni-

524 2792 605 2846 hil
635 2794 984 2863 cogitandum
1023 2809 1144 2849 esse
1194 2793 1283 2848 his
1324 2794 1506 2848 verbis
1546 2793 1874 2848 edocemur:
1912 2811 1931 2845 ‹
1962 2793 2104 2849 Con-

523 2879 893 2936 siderantibus
928 2881 1085 2936 nobis
1131 2896 1242 2936 non
1270 2897 1390 2949 quae
1413 2882 1682 2946 videntur,
1715 2881 1806 2936 sed
1835 2895 1956 2951 quae
1991 2895 2101 2935 non

523 2971 776 3026 videntur
809 2988 822 3023 :
859 2971 992 3038 Quae
1038 2973 1185 3026 enim
1220 2971 1494 3038 videntur,
1535 2979 1916 3026 momentanea
1943 2979 2098 3038 sunt;

522 3078 647 3133 quae
686 3078 818 3118 vero
869 3078 976 3117 non
1019 3063 1304 3129 videntur,
1332 3073 1550 3120 aeterna.
1585 3083 1603 3116 ι
1637 3063 1797 3136 607
1836 3062 2099 3118 Praeterea

2135 1800 2184 1856 Α

2733 1787 3130 1841 ΚΕΦΑΛΑΙΟΝ
3174 1787 3257 1841 Λ’.

2316 1877 2457 1948 Περὶ
2483 1877 2687 1948 πάσης
2711 1878 2822 1948 τῆς
2841 1880 2912 1933 ἐν
2947 1876 3282 1947 ἀνθρώποις
3307 1878 3684 1947 σοφιστείας.

2278 2059 2389 2110 Καὶ
2437 2058 2566 2129 παρ’
2609 2058 2741 2128 ἡμῖν
2771 2056 2900 2128 περὶ⁹
2929 2058 3110 2128 πάσης
3144 2057 3242 2127 τῆς
3267 2060 3325 2110 ὲν
3355 2056 3665 2128 ἀνθρώποις
3705 2075 3796 2110 σο-

2207 2148 2452 2218 φιστείας
2478 2147 2693 2218 εἴρηται
2714 2164 2726 2176 ·
2763 2165 2782 2198 ι
2837 2146 2900 2199 Ἦ
2927 2147 3035 2218 γὰρ
3071 2146 3230 2216 σοφία
3253 2145 3342 2200 τοῦ
3369 2147 3576 2218 κόσμου
3601 2146 3798 2202 τούτου

2211 2241 2391 2313 μωρία
2441 2238 2593 2310 παρὰ
2617 2238 2694 2308 τῷ
2719 2238 2838 2310 Θεῷ
2878 2241 3012 2292 ἐστι.
3047 2239 3362 2311 Γέγραπται
3394 2241 3524 2312 γὰρ,
3575 2239 3791 2295 Ἀπολῶ

2206 2333 2308 2403 τὴν
2341 2331 2530 2401 σοφίαν
2565 2329 2672 2383 τῶν
2692 2329 2890 2400 σοφῶν,
2919 2331 3015 2384 καὶ
3044 2329 3143 2402 τὴν
3177 2331 3390 2385 σύνεσιν
3410 2330 3521 2384 τῶν
3554 2331 3797 2385 συνετῶν

2208 2424 2477 2494 ἀθετήσω.
2515 2421 2626 2475 Ποῦ
2656 2422 2857 2491 σοφ6ς;
2894 2421 2995 2475 ποῦ
3035 2422 3434 2494 γραμματεύςτ
3475 2422 3576 2476 ποῦ
3620 2422 3790 2495 συζη-

2206 2515 2372 2585 τητὴς
2407 2513 2501 2567 τοῦ
2535 2513 2728 2576 αἰῶνος
2751 2514 2974 2578 τούτους
3011 2531 3029 2564 ι
3073 2513 3232 2567 Ἀλλὰ
3267 2513 3361 2567 καὶ
3399 2515 3530 2584 περὶ
3558 2513 3652 2567 τοῦ
3679 2514 3794 2570 δεῖν

2211 2607 2378 2678 μηδὲν
2429 2607 2786 2678 σμικρολόγον
2816 2610 3032 2680 φρονεῖν
3066 2609 3192 2671 τοὺς
3220 2607 3362 2661 κατὰ
3394 2609 3528 2662 Θεὸν
3569 2608 3792 2678 φιλοσο-

2208 2698 2441 2769 φοῦντας
2483 2697 2846 2769 διδασκόμεθα
2873 2700 2931 2752 έν
2949 2693 3032 2761 οἷς
3062 2699 3276 2771 εἴρηται
3297 2716 3310 2727 ·
3361 2717 3380 2750 ι
3432 2699 3794 2755 Σκοπούντων

2206 2789 2363 2860 ἡμῶν
2383 2790 2444 2842 ού
2476 2789 2546 2842 τὰ
2575 2788 2903 2859 βλεπόμενα,
2934 2788 3068 2842 ἀλλὰ
3113 2789 3182 2842 τὰ
3218 2788 3292 2860 μὴ
3329 2789 3639 2861 βλεπόμενα
3663 2807 3676 2822 °
3707 2791 3797 2846 Τὰ

2205 2879 2315 2951 γὰρ
2346 2879 2651 2950 βλεπόμενα
2681 2880 3008 2951 πρόσκαιρα,
3036 2879 3104 2932 τὰ
3136 2879 3192 2932 δὲ
3221 2880 3295 2951 μὴ
3326 2881 3635 2952 βλεπόμενα
3661 2879 3794 2935 alti)-

2205 2988 2312 3025 νια.
2355 2990 2373 3022 ι
2408 2973 2520 3024 Καὶ
2568 2972 2696 3041 περὶ
2729 2971 2823 3024 τοῦ
2850 2970 2948 3041 τὴν
2976 2971 3176 3024 κακίαν
3235 2972 3363 3043 περὶ
3411 2973 3515 3043 γῆν
3569 2973 3664 3026 καὶ
3696 2971 3793 3026 τὸν

2206 3061 2396 3132 θνητὸν
2421 3063 2534 3132 βίον
2556 3061 2798 3133 είλῆσθαί
2828 3061 2960 3133 φησί
2989 3079 3090 3116 που
3122 3064 3150 3116 ό
3176 3062 3317 3126 θεῖος
3343 3063 3538 3133 Λόγοςο
3573 3083 3592 3116 ι
3635 3064 3796 3130 Ἐξα-

527 3155 928 3225 improbitatem
959 3155 1104 3209 circa
1145 3163 1346 3210 terram
1378 3155 1654 3225 vitamque
1689 3154 1974 3208 mortalem
2001 3166 2098 3206 vo-

2205 3153 2562 3225 γοραςόμενοι
2592 3153 2684 3208 τὸν
2710 3153 2920 3225 καιρὸν,
2939 3154 3020 3207 ὅτι
3042 3157 3097 3208 αἱ
3125 3155 3328 3226 ἡμέραι
3355 3156 3591 3227 πονηραί
3621 3157 3786 3209 είσιί

521 3246 710 3312 lutari,
738 3246 947 3316 aliquot
983 3245 1277 3315 Scriptura:
1305 3248 1502 3302 divinae
1528 3247 1660 3302 locis
1695 3247 2050 3301 admonemur
2082 3262 2096 3297 :

521 3348 583 3391 ut
626 3350 753 3390 cum
795 3335 910 3390 ait:
949 3353 968 3386 ε
1021 3335 1368 3393 Redimentes
1415 3347 1647 3407 tempus,
1681 3337 1941 3406 quoniam
1985 3334 2100 3391 dies

519 3425 649 3480 mali
695 3435 822 3480 sunt
868 3425 928 3491 ³;
963 3445 982 3477 ι
1037 3426 1275 3496 itemque
1327 3443 1339 3477 :
1383 3445 1402 3474 ι
1454 3425 1696 3481 Suﬂiciat
1743 3426 1851 3480 diei
1897 3423 2104 3479 malitia

523 3532 624 3572 sua
652 3516 696 3569 ⁸.
730 3535 748 3568 ι
776 3516 919 3583 Quin
947 3518 1111 3572 etiam
1153 3518 1414 3587 propheta
1444 3537 1456 3571 :
1495 3537 1513 3569 ‹
1542 3516 1875 3584 Exsecratio,
1905 3516 2101 3586 inquit,

519 3620 576 3664 ct
607 3607 810 3662 furtum
831 3650 844 3673 ,
879 3618 932 3663 et
971 3609 1296 3663 adulterium
1317 3651 1330 3675 ,
1359 3618 1412 3664 et
1440 3609 1612 3664 caedes
1638 3609 1808 3664 effusa
1853 3617 1980 3663 sunt
2010 3623 2105 3662 su-

519 3715 616 3771 per
646 3709 870 3764 terram,
903 3711 958 3754 et
1003 3700 1296 3768 sanguines
1347 3699 1705 3768 sanguinibus
1738 3699 2037 3754 miscent’.
2077 3717 2095 3750 ι

519 3790 658 3846 Hinc
686 3792 850 3846 etiam
881 3792 946 3845 ad
971 3790 1140 3846 Deum
1174 3792 1328 3846 nobis
1359 3789 1777 3861 confugiendum
1801 3805 1922 3844 esse
1953 3789 2102 3861 Moy-

520 3893 610 3936 ses
642 3879 862 3935 edicens
893 3899 906 3934 :
937 3898 955 3931 c
985 3878 1114 3936 Post
1150 3879 1439 3934 Dominum
1475 3879 1644 3934 Deum
1669 3889 1822 3934 tuum
1850 3881 2099 3935 ambula-

524 3973 632 4040 his,
666 3981 722 4027 et
752 3973 856 4043 ipsi
892 3973 1197 4028 adhaerebis
1236 3973 1276 4025 ⁸.
1316 3991 1334 4023 ›
1369 3971 1481 4026 lmo
1525 3971 1694 4026 Deum
1736 3971 1915 4042 ipsum
1943 3973 2100 4028 nobis

521 4063 843 4118 innitendum
879 4079 1002 4119 esse
1044 4063 1204 4118 docet
1251 4063 1339 4117 his
1381 4062 1606 4118 verbis:
1641 4083 1658 4114 ι
1699 4063 1884 4118 Sancti
1911 4063 2096 4130 eritis,

520 4154 779 4222 quoniam
829 4153 1094 4210 Dominus
1143 4153 1288 4210 Deus
1339 4163 1518 4210 vester
1567 4164 1794 4210 sanctus
1841 4163 1926 4210 est
1976 4155 2017 4208 ⁷.
2072 4174 2091 4206 ι

517 4243 762 4315 Itemque
795 4245 982 4312 David,
1013 4261 1137 4300 cum
1161 4245 1371 4314 justum
1393 4259 1517 4301 esse
1547 4244 1717 4300 Deum
1751 4246 2092 4316 intelligeret,

521 4351 732 4405 nosque
761 4336 828 4390 ad
859 4335 980 4406 ejus
1015 4337 1370 4391 imitationem
1395 4338 1776 4392 cohortaretur
1805 4353 1819 4390 :
1856 4357 1875 4389 ι
1908 4336 2098 4394 Justus

519 4430 818 4496 Dominus,
849 4429 1159 4500 inquiebat,
1201 4438 1255 4484 et
1299 4430 1541 4499 justitias
1587 4430 1776 4486 dilexit
1817 4431 1860 4486 ⁸.
1901 4451 1920 4482 ι
1950 4430 2096 4486 Idem

520 4530 890 4590 contentptum
947 4521 1256 4575 divitiarum
1325 4522 1429 4576 hoc
1495 4521 1656 4576 modo
1691 4521 2094 4591 praecipiebat:

524 4632 544 4665 ι
585 4613 796 4668 Divitia:
845 4614 892 4667 si
940 4612 1181 4676 affluant,
1235 4611 1399 4668 nolite
1446 4627 1543 4668 cor
1585 4627 1854 4683 apponere
1889 4616 1942 4677 ';
1979 4632 1998 4666 ι
2043 4622 2097 4668 et

517 4723 713 4762 rursus
748 4726 761 4761 :
797 4725 816 4758 ι
856 4704 934 4761 Ne
961 4707 1158 4760 timeas
1180 4721 1303 4760 cum
1333 4703 1484 4760 dives
1514 4704 1690 4760 factus
1716 4704 1880 4760 fuerit
1907 4706 2091 4769 homo,

518 4806 614 4852 aut
661 4813 784 4853 cum
835 4797 1192 4868 multiplicata
1241 4795 1407 4851 fuerit
1454 4797 1627 4866 gloria
1679 4795 1877 4852 domus
1923 4797 2090 4867 ejus:

517 4891 798 4959 quoniam,
829 4905 953 4944 cum
989 4898 1235 4943 mortuus
1293 4887 1492 4955 fuerit,
1536 4903 1645 4943 non
1679 4898 1857 4944 sumet
1888 4889 2094 4953 omnia,

518 4997 695 5052 neque
736 4982 1026 5037 descendet
1050 4995 1175 5036 cum
1220 4995 1285 5036 eo
1335 4981 1503 5051 gloria
1537 4981 1655 5052 ejus
1685 4981 1754 5034 ¹⁰.
1796 4999 1813 5031 ι
1849 4977 2095 5034 Honores

518 5074 682 5126 etiam
736 5084 790 5127 et
834 5073 1186 5144 magistratus
1247 5073 1519 5127 humanos
1578 5071 1735 5126 nihili
1795 5069 2086 5124 admodum

520 5164 869 5220 :estimandos
890 5180 1011 5220 esse
1037 5165 1242 5232 docuit,
1279 5165 1399 5221 dum
1429 5164 1542 5218 ait:
1573 5182 1592 5213 ι
1622 5159 1798 5217 Nolite
1819 5161 2090 5216 conﬁdere

2211 3247 2328 3299 καί·
2364 3265 2384 3298 ι
2435 3246 2688 3317 Ἀρκετὸν
2714 3249 2778 3318 τῇ
2816 3248 3048 3320 ὴμέρᾳή
3076 3249 3244 3302 κακία
3261 3249 3452 3320 αὐτῆς.
3485 3269 3505 3300 ›
3542 3251 3706 3318 Λέγει
3730 3250 3793 3303 δὲ

2206 3336 2304 3389 καὶ
2331 3337 2360 3388 ὁ
2388 3337 2703 3406 προφήτης·
2749 3354 2768 3386 ι
2812 3335 2963 3407 Ἀρὰ,
2993 3338 3087 3390 καί
3141 3336 3357 3409 κλοπὴ,
3394 3338 3491 3392 καὶ
3545 3339 3794 3410 μοιχεία,

2206 3427 2299 3480 καὶ
2331 3427 2489 3495 φόνος
2521 3426 2744 3496 κέχυται
2774 3428 2866 3480 ἐπὶ
2895 3427 2994 3498 τῆς
3021 3429 3144 3499 γῆς,
3188 3431 3281 3483 καὶ¹
3309 3430 3516 3500 αἵματα
3564 3431 3649 3499 ἐφ’
3702 3433 3800 3484 αἴ·-

2209 3535 2340 3589 μασι
2366 3519 2643 3588 μίσγουσι.
2676 3535 2694 3568 ι
2727 3518 2863 3589 Περὶ
2887 3518 2944 3570 δὲ
2981 3519 3076 3571 τοῦ
3117 3509 3338 3588 φεύῨειν
3373 3519 3583 3575 ἐνθένδε
3635 3525 3801 3594 παρὰ

2203 3611 2296 3663 τὸν
2322 3610 2452 3663 Θεόν
2485 3626 2647 3681 φησιν
2675 3611 2704 3661 ό
2733 3611 2969 3681 Μωῦσῆς
2994 3627 3007 3640 ο
3032 3629 3051 3662 α
3075 3611 3287 3665 Ὀπίσω·
3307 3613 3511 3684 Κυρίου
3527 3607 3623 3667 τοῦ
3647 3613 3797 3669 Θεοῦ

2208 3718 2299 3754 σου
2337 3700 2599 3772 πορεύσῃ,
2637 3702 2731 3754 καὶ
2760 3701 2898 3772 πρὸς
2921 3702 3084 3755 αὑτὸν
3108 3704 3436 3775 κολληθήσῃ.
3458 3725 3476 3756 ι
3528 3707 3588 3759 '0
3618 3707 3662 3758 δ’
3688 3706 3802 3760 αὑ-

2202 3792 2292 3855 τὸς
2324 3791 2608 3862 μιμεῖσθαι
2633 3793 2726 3846 τὸν
2756 3793 2890 3846 Θεὸν
2925 3793 3161 3846 διδάσκει
3192 3795 3386 3864 λέγων’
3417 3797 3632 3866 «Ἅγιοι
3663 3798 3795 3852 ἐσε-

2206 3880 2321 3944 σθε,
2354 3881 2435 3932 ὅτι
2477 3879 2678 3951 Κύριος
2725 3882 2754 3932 ό
2783 3881 2916 3944 Θεὸς
2951 3882 3105 3951 ὑμῶν
3133 3881 3288 3950 ἅγιός
3314 3885 3450 3937 ἐστι.
3503 3902 3522 3936 ι
3563 3885 3802 3940 Δίκαιαν

2201 3972 2256 4024 δὲ
2281 3972 2376 4025 καὶ
2409 3974 2438 4024 ὁ
2463 3971 2622 4026 Δαυτδ
2641 3972 2732 4024 τὸν
2757 3972 2888 4025 Θεὸν
2916 3973 3089 4036 εἰδὼς,
3122 3975 3268 4044 ἡμᾶς
3300 3992 3357 4026 τε
3386 3975 3585 4039 αὐτοὺς
3609 3993 3796 4048 μιμητ

2201 4063 2298 4124 τὰς
2317 4063 2569 4130 γενέσθαι
2601 4063 2898 4136 παρορμῶν
2921 4081 3052 4134 φησι
3072 4083 3084 4095 ·
3123 4082 3142 4115 ι
3167 4065 3384 4130 Δίκαιος
3406 4067 3612 4136 Κύριος
3635 4105 3649 4131 ,
3684 4073 3799 4124 καὶ

2200 4154 2546 4218 δικαιοσύνας
2587 4156 2891 4226 ἠγάπησεν.
2938 4175 2956 4207 ι
3010 4156 3066 4208 Ὀ
3085 4155 3129 4208 δ’
3161 4157 3324 4221 αὐτὸς
3348 4158 3579 4213 πλούτου
3606 4177 3792 4214 κατα-

2201 4250 2416 4318 φρονεῖν
2455 4247 2764 4310 έπαίδευσε,
2813 4247 2984 4315 λέγων
3007 4264 3021 4278 ο
3065 4267 3083 4298 ι
3117 4248 3353 4314 Πλοῦτος
3399 4250 3496 4304 ἐὰν
3547 4252 3666 4323 ῥέῃ,
3701 4253 3792 4326 μὴ

2201 4339 2552 4410 προστίθεσθε
2582 4340 2810 4411 καρδίαν
2830 4358 2843 4370 ·
2870 4361 2888 4390 ι
2927 4342 3042 4394 καί·
3062 4362 3079 4394 ‹
3115 4343 3204 4413 Μὴ
3235 4342 3420 4410 φοϐοῦ,
3451 4344 3583 4397 ὅταν
3609 4344 3789 4399 πλου-

2199 4433 2322 4502 τίσῃ
2352 4432 2634 4503 ἄνθρωπος
2657 4474 2670 4497 ,
2704 4434 2736 4505 ἢ
2769 4436 2896 4487 ὅταν
2929 4435 3204 4507 πληθυνθῇ
3245 4440 3277 4507 ἠ
3324 4436 3450 4502 δόξα
3491 4439 3586 4492 τοῦ
3623 4439 3789 4495 οἴκου

2201 4521 2398 4576 αὐτοῦ’
2433 4524 2648 4577 ὅτιούκ
2676 4526 2733 4577 ὲν
2778 4525 2850 4595 τῷ
2899 4527 3258 4599 ἀποθνήσκειν
3305 4529 3466 4582 αὐτὸν
3547 4530 3786 4601 λήψεται

2201 4616 2268 4670 τὰ
2299 4617 2496 4680 πάντα,
2524 4617 2642 4671 οὐδὲ
2661 4621 3134 4691 συγκαταϐήσεται
3161 4619 3311 4692 αὐτῷ
3334 4623 3366 4691 ή
3392 4621 3518 4687 δόξα
3548 4624 3742 4678 αὑτοῦ.
3759 4645 3779 4676 ι

2213 4707 2372 4760 Ἀλλὰ
2402 4708 2534 4778 μηδὲ
2559 4708 2658 4771 τὰς
2683 4711 2740 4763 ὲν
2774 4710 3080 4780 ἀνθρώποις
3122 4711 3292 4783 ἀρχὰς
3340 4712 3640 4783 θαυμάζειν
3677 4715 3789 4769 ἐδί-

2196 4798 2392 4852 δασκεν
2423 4801 2480 4852 ὲν
2532 4799 2772 4864 τούτοις·
2819 4821 2837 4853 ι
2877 4803 2967 4871 Μὴ
3010 4803 3305 4857 πεποίθατε
3363 4804 3450 4857 ἐπ’
3483 4805 3781 4875 ἄρχοντας,

2199 4890 2284 4958 ἐφ’
2311 4889 2458 4951 υἱοὺς
2480 4889 2782 4959 ἀνθρώπων
2801 4932 2816 4958 ,
2847 4885 2928 4954 οἷς
2960 4894 3060 4945 οὐκ
3089 4891 3200 4946 ἐστι
3219 4895 3481 4965 σωτηρία.
3529 4894 3784 4960 Ἐξελεύ-

2198 4995 2347 5032 σεται
2377 4979 2438 5031 τὸ
2463 4980 2676 5050 πνεῦμα
2703 4982 2888 5046 αὑτοῦ,
2908 4985 3002 5037 καὶ
3031 4984 3390 5038 ἀπελεύσεται
3419 4988 3500 5049 είς
3527 4986 3624 5057 τὴν
3668 4989 3785 5057 γῆν

2195 5069 2381 5122 αὐτοῦ’
2425 5070 2511 5122 Ἐν
2537 5071 2722 5145 ἐκείνῃ
2766 5075 2832 5144 τῇ
2885 5073 3065 5146 ἡμέρᾳ
3124 5075 3445 5130 ἀπολοῦνται
3485 5077 3689 5141 πάντες
3725 5081 3785 5132 οἱ

2195 5161 2535 5232 διαλογισμοὶ
2567 5164 2754 5217 αὐτοῦ.
2791 5184 2808 5216 ι

519 5259 574 5312 in
597 5259 950 5329 principibus,
1004 5260 1056 5315 in
1103 5259 1227 5315 ﬁliis
1296 5259 1610 5324 hominum,
1642 5258 1698 5311 in
1744 5257 1944 5328 quibus
1978 5271 2085 5310 non
2123 5266 2205 5311 est
2238 5257 2407 5312 salus.
2455 5256 2639 5314 Exibit
2681 5261 2903 5330 spiritus
2953 5261 3093 5331 ejus,
3125 5270 3180 5317 et
3214 5273 3512 5320 revertetur
3578 5263 3632 5317 in
3664 5273 3787 5317 ter-

520 5367 638 5406 ram
669 5369 821 5408 suam
854 5372 866 5408 :
901 5352 956 5408 In
1013 5353 1102 5407 illa
1152 5353 1238 5409 die
1273 5353 1526 5409 peribunt
1593 5365 1784 5407 omnes
1842 5349 2193 5420 cogitationes
2235 5347 2352 5419 ejus
2381 5351 2500 5402 ¹¹.’›

597 5635 659 5663 ¹·²
687 5635 704 5685 1
729 5634 852 5687 (lor.
885 5649 923 5695 ι,
959 5635 1164 5701 18-20;
1198 5634 1299 5690 Isa.
1347 5653 1497 5701 xxm,
1534 5638 1619 5690 14.

1717 5638 1735 5668 ³
1780 5637 1974 5707 Ephes.
2037 5657 2089 5696 ν.
2133 5639 2216 5694 16.

2355 5639 2375 5669 ⁸
2405 5635 2592 5692 Matth.
2630 5655 2706 5707 vn,
2739 5641 2826 5694 5'1.
2923 5642 2940 5672 ⁸
2969 5641 3095 5696 Ose.
3127 5656 3198 5702 iv,
3228 5641 3280 5693 2.
3362 5643 3381 5673 ⁸
3408 5641 3554 5698 Deut.
3595 5657 3649 5707 κ,
3677 5638 3779 5697 20.

521 5703 539 5734 ⁷
565 5702 734 5760 Levit.
764 5721 838 5769 x1,
863 5703 950 5759 43.
1025 5705 1046 5735 ⁸
1072 5704 1214 5762 Psal.
1249 5723 1301 5774 χ,
1326 5708 1378 5761 8.
1457 5710 1476 5738 ⁹
1507 5709 1651 5762 Psal.
1683 5725 1792 5779 LXI,
1825 5702 1918 5765 '1l.
1999 5713 2040 5743 ¹⁰
2075 5710 2098 5762 Ι

2206 5754 2216 5766 .
2254 5726 2437 5776 xum,
2470 5709 2664 5773 17,18.
2694 5702 2702 5707 ⁷
2744 5714 2783 5744 ’⁸
2815 5712 2955 5767 I’sal.
2995 5728 3152 5780 extv,
3183 5711 3305 5766 Ξ-οί.
