4122 6426
348 429 487 488 i009

855 548 1250 603 ΚΕΦΑΛΑΙΟΝ
1288 549 1410 600 AA'.

348 657 475 720 ’Ότι
504 665 709 732 δεήσει
736 664 880 720 ποτὲ
900 663 980 729 τῷ
1010 664 1218 732 ψεύδει
1251 664 1382 718 ἀντὶ
1419 663 1730 732 φαρμάκου
1777 662 1920 732 χρῆ-

416 740 554 791 σθαι
581 737 678 790 ἐπὶ
708 736 964 805 ὠφελείᾳ
1006 734 1116 788 τῶν
1158 735 1455 804 δεομένων
1500 734 1605 788 τοῦ
1646 735 1918 788 τοιούτου

414 808 660 876 τρόπου.

350 911 358 920 ’
420 935 438 968 ι
474 915 788 988 Νομοθέτης
813 913 922 988 (65)
963 916 1019 969 δὲ
1048 909 1108 970 οὗ
1134 933 1187 968 τι
1212 915 1307 969 καὶ
1343 915 1572 985 σμικρὸν
1604 912 1828 982 ὄφελος,
1870 915 1918 967 εἰ

343 1015 438 1068 καὶ
471 1013 544 1085 μὴ
570 1011 726 1067 τοῦτο
747 1009 814 1085 ἦν
841 1013 1013 1076 οὕτως
1041 1012 1198 1082 ἔχων,
1232 1012 1308 1074 ὡς
1337 1010 1430 1064 καὶ
1457 1011 1550 1064 νῦν
1582 1011 1716 1064 αὐτὸ
1756 1011 1916 1082 ᾕρηχ’

339 1107 371 1157 ό
399 1105 554 1172 λόγος
590 1103 755 1173 ἔχειν,
791 1102 948 1173 εἴπερ
979 1120 1031 1154 τι
1071 1104 1166 1155 καὶ
1215 1102 1343 1156 ἄλλο
1375 1101 1673 1171 ἐτόλμησεν
1729 1100 1794 1153 ἂν
1830 1101 1917 1152 ἐπ’

339 1197 530 1267 ἀγαθῷ
573 1195 860 1266 ψεύδεσθαι
903 1197 1038 1268 πρὸς
1082 1200 1209 1260 τοὺς
1244 1197 1416 1262 νέους,
1449 1197 1594 1252 ἔστιν
1619 1200 1647 1252 ὅ
1692 1216 1746 1253 τι
1806 1197 1916 1270 (64)

339 1288 528 1342 τούτου
557 1287 748 1357 ψεῦδος
769 1287 1206 1361 λυσιτελέστερον
1237 1289 1302 1343 ἂν
1325 1289 1588 1359 ἐψεύσατό
1625 1307 1774 1353 ποτε,
1824 1290 1918 1343 καὶ

336 1384 635 1455 δυνάμενον
668 1383 864 1455 μᾶλλον
894 1387 1065 1438 ποιεῖν
1101 1384 1176 1456 μὴ
1233 1385 1344 1456 βίᾳ,
1389 1384 1501 1438 ἀλλ’
1535 1385 1756 1446 ἑκόντας
1783 1384 1920 1438 πάν-

337 1493 441 1540 τας
470 1476 646 1530 πάντα
663 1476 730 1530 τὰ
757 1477 940 1530 δίκαια
968 1476 1075 1546 (65)
1101 1493 1115 1542 ;
1151 1477 1330 1530 Καλὸν
1377 1476 1475 1546 μὲν
1515 1478 1548 1546 ἡ
1579 1475 1828 1546 ἀλήθεια,
1872 1469 1917 1528 ὧ

341 1566 482 1632 ξένε,
507 1569 599 1622 καὶ
625 1568 852 1639 μόνιμον
872 1585 884 1598 ·
914 1568 1054 1622 ἔοικε
1077 1569 1184 1639 μὴν
1200 1586 1259 1622 ου
1288 1569 1467 1640 ῥᾴδιον
1489 1563 1628 1622 εἶναι
1653 1568 1911 1622 πείθειν.»

338 1658 529 1730 Μυρία
557 1659 600 1711 δ’
629 1658 694 1712 ἂν
719 1659 966 1730 εὑρήσεις
989 1657 1214 1712 τοιαῦτα
1250 1660 1344 1712 καὶ
1377 1661 1435 1712 ὲν
1490 1658 1755 1730 Ἐϐραίων
1783 1675 1918 1730 γρα-

341 1751 492 1819 φαῖς,
532 1748 607 1813 ὡς
647 1749 712 1803 ἂν
742 1751 870 1822 περὶ
911 1749 1046 1802 Θεοῦ
1081 1749 1453 1821 ζηλοῦντος,ἢ
1512 1750 1826 1814 ὑπνοῦντος,
1883 1749 1916 1820 ἢ

325 1839 716 1912 ὀργιζομένου,
751 1841 950 1910 ἧτισιν
981 1840 1160 1904 ἄλλοις
1201 1841 1688 1913 ἀνθρωποπαθέσιν
1735 1845 1917 1912 ἐνεχο-

339 1931 506 2003 μένου
534 1933 620 1984 ἐπ’
647 1933 880 2004 ὠφελείᾳ
902 1933 1010 1988 τῶν
1036 1933 1302 2004 δεομένων
1333 1934 1426 1987 τοῦ
1457 1934 1660 1987 τοιοῦδε
1707 1935 1908 2006 τρόπου

319 2024 784 2096 «παρειλημμένα.

847 2201 1242 2254 ΚΕΦΛΛΑΙΟΝ
1279 2201 1398 2253 AB'.

329 2294 462 2348 Ὅτι
487 2294 572 2362 μὴ
616 2293 808 2361 μόνον
845 2292 1086 2362 ἄνδρας,
1127 2293 1288 2345 ἀλλὰ
1313 2291 1410 2344 καὶ
1452 2307 1759 2362 γνυναικας,
1808 2309 1906 2345 και

404 2361 531 2418 πᾶν
554 2361 727 2432 γένος
756 2361 1079 2431 ἀνθρώπων
1109 2363 1463 2429 προσίεσθαι
1500 2362 1614 2430 χρὴ
1669 2365 1756 2428 εἰς
1792 2363 1908 2430 τὴν

403 2431 840 2502 προειρημένην
864 2433 1157 2485 παιδείαν.

412 2542 432 2574 ι
465 2521 593 2593 ⁸Ἃρ’
626 2518 718 2577 οὖν
751 2525 880 2593 ἡμῖν
915 2521 1025 2593 (66)
1061 2522 1129 2575 τά
1157 2538 1215 2574 τε
1251 2520 1359 2592 (67)
1380 2520 1685 2592 ἔμπροσθεν
1719 2521 1906 2592 ὁμολο-

327 2617 540 2684 γεῖται;
572 2615 700 2685 περὶ
727 2614 819 2666 τοῦ
848 2613 956 2666 δεῖν
979 2613 1088 2684 (68)
1131 2613 1307 2666 πάντα
1335 2613 1535 2684 ἄνδρα,
1589 2614 1683 2666 καὶ¹
1716 2613 1901 2678 παῖδα,

327 2705 636 2778 ἐλεύθερον,
665 2707 759 2759 καὶ
781 2705 988 2768 δοῦλον,
1011 2705 1174 2776 θῆλύν
1203 2722 1262 2757 τε
1293 2705 1386 2758 καὶ
1419 2707 1644 2776 ᾶῤῥενα,
1672 2707 1764 2759 καὶ
1807 2705 1904 2776 ὅλῃ

326 2801 402 2869 τῇ
429 2797 579 2851 πόλει
611 2797 738 2868 ὃλην
757 2797 854 2867 τὴν
885 2797 1039 2850 πόλιν
1067 2797 1234 2867 αὐτὴν
1277 2798 1442 2868 ἑαυτῇ
1487 2797 1786 2869 ἐπᾴδουσαν
1827 2801 1902 2870 μὴ

328 2887 604 2942 παύεσθαί
638 2903 769 2940 ποτε
818 2885 991 2939 ταῦτα
1023 2886 1058 2939 ἃ
1099 2886 1518 2957 διεληλύθαμεν,
1559 2889 1902 2957 ἁμωσγέπως

327 2977 424 3031 ἀεὶ
449 2977 906 3048 μεταϐαλλόμενα,
936 2977 1029 3030 καὶ
1053 2977 1250 3040 παντὸς
1276 2976 1386 3048 (69)
1411 2979 1757 3049 παρεχόμενα
1786 2997 1903 3032 ποι-

328 3066 534 3131 κιλιαν,
559 3065 685 3119 ὥστ’
715 3067 1016 3138 ἀπληστίαν
1071 3063 1206 3120 εἷναί
1249 3085 1371 3120 τινα
1400 3067 1506 3121 τῶν
1559 3069 1739 3139 ὓμνων
1791 3071 1902 3134 τοῖς

329 3155 522 3226 ᾅδουσι
555 3156 650 3209 καὶ
696 3157 910 3226 ἡδονήν.
938 3187 1006 3196 —
1029 3155 1152 3219 Πῶς
1186 3156 1229 3208 δ’
1264 3157 1364 3209 οὐκ
1417 3156 1484 3210 ἂν
1511 3157 1806 3227 ὁμολογοῖτ’
1836 3158 1902 3213 ἂν

1570 428 1888 485 PR/EPAR.
1929 429 2178 488 EVANG.
2203 432 2328 488 LIB.
2357 433 2470 488 XII.

1946 554 1993 610 A

3447 437 3591 491 1010

2569 551 2796 608 CAPUT
2837 551 3029 606 XXXI.

2022 659 2188 734 Falso
2216 681 2610 734 nonnunquam,
2639 663 2798 718 veluti
2822 665 3129 732 pharmaco,
3165 663 3233 716 ad
3260 679 3438 717 eorum
3472 667 3582 719 uti-

2089 733 2327 800 litatem,
2376 733 2463 802 qui
2497 736 2592 788 hoc
2639 734 2883 798 loquendi
2928 751 3105 794 uenere
3148 749 3274 787 onus
3323 734 3582 800 habeant,

2089 805 2341 857 utendum
2367 822 2497 859 esse.

2096 933 2116 965 ι
2138 912 2476 985 ‘Legislator,
2504 915 2678 985 inquit
2707 915 2890 978 Plato,
2921 915 3012 984 qui
3046 913 3293 968 nonnihil
3327 915 3587 984 prodesse

2019 1000 2269 1064 voluerit,
2301 1002 2515 1056 etiamsi
2559 1018 2666 1057 non
2694 1019 2759 1061 eo
2786 1019 2845 1058 se
2885 1002 3050 1057 modo
3078 1018 3165 1059 res
3205 1004 3443 1066 haberet,
3477 1019 3588 1073 quo

2019 1105 2139 1145 sese
2173 1091 2370 1145 habere
2399 1091 2513 1160 jam
2558 1089 2853 1154 CViCLudS,
2887 1091 2935 1145 si
2979 1089 3109 1161 quid
3157 1105 3399 1160 unquam
3443 1091 3587 1160 apud

2015 1181 2260 1250 juniores
2295 1181 2547 1237 utilitatis
2593 1197 2760 1237 causa
2804 1181 2927 1238 falsi
2978 1182 3156 1236 dicere
3195 1181 3388 1252 potuit,
3433 1193 3594 1237 estne

2018 1271 2164 1340 quod
2194 1271 2382 1326 utilius
2413 1287 2653 1342 unquam
2697 1272 2952 1341 potuerit,
2980 1280 3074 1326 aut
3096 1287 3205 1341 quo
3231 1271 3446 1327 facilius
3477 1271 3591 1326 eiii-

2019 1363 2147 1428 ciat,
2184 1372 2245 1418 ut
2275 1379 2464 1421 omnes
2497 1365 2562 1419 ad
2597 1366 2781 1420 omnia
2825 1364 3095 1435 :equitatis
3134 1363 3331 1430 ollicia,
3366 1380 3472 1419 non
3508 1364 3582 1430 vi,

2018 1455 2113 1509 sed
2156 1457 2301 1511 ultro
2347 1472 2411 1512 ac
2448 1464 2642 1526 sponte
2688 1456 3059 1511 adducantur?
3087 1455 3300 1511 Veritas
3343 1455 3581 1525 quidem,

2017 1545 2094 1599 mi
2129 1551 2347 1615 hospes,
2392 1547 2668 1618 egregium
2717 1547 2848 1616 quid
2879 1562 2945 1601 ac
2987 1547 3179 1603 stabile
3224 1555 3326 1614 eSt,
3363 1555 3419 1601 at
3462 1561 3583 1600 eam

2021 1640 2361 1707 persuadere,
2414 1655 2524 1694 non
2577 1640 2650 1694 ita
2698 1647 3030 1710 promptum.
3082 1657 3102 1691 ι
3155 1637 3252 1695 His
3299 1648 3358 1694 tu
3403 1638 3584 1693 aliinia

2018 1730 2366 1786 Hebraeorum
2425 1733 2480 1786 in
2539 1733 2735 1788 litteris
2787 1743 3040 1788 sexcenta
3086 1733 3363 1804 reperies,
3412 1733 3584 1804 608

2017 1823 2216 1892 quibus
2262 1821 2431 1877 Deum
2480 1823 2644 1878 modo
2691 1824 2958 1890 aemulari,
2992 1824 3154 1880 modo
3195 1824 3281 1880 vel
3322 1825 3580 1894 sopitum,

2018 1913 2101 1966 vel
2130 1913 2351 1978 iratum,
2378 1923 2469 1967 aut
2495 1913 2615 1967 aliis
2651 1914 2976 1983 quibusdam
3009 1915 3265 1970 humanis
3301 1915 3587 1986 perturba-

2018 2002 2256 2057 tionibus
2287 2002 2583 2056 obnoxium
2627 2001 2853 2068 faciunt,
2897 2005 3026 2058 dum
3065 2019 3258 2059 eorum
3290 2005 3585 2060 consulunt

2015 2094 2339 2158 rationibus,
2363 2095 2454 2164 qui
2487 2094 2590 2148 hoc
2612 2094 2868 2162 loquendi
2896 2111 3091 2165 genere
3118 2111 3256 2166 opus
3290 2096 3506 2151 habent.

2558 2184 2784 2239 CAPUT
2821 2185 3037 2240 XXXII.

2016 2277 2138 2353 Non
2170 2279 2341 2353 solum
2365 2281 2525 2353 viros,
2554 2279 2643 2334 sed
2673 2282 2834 2353 etiam
2870 2281 3396 2353 mulieres,radeoque
3419 2297 3580 2353 genus

2081 2349 2352 2402 hominum
2400 2351 2728 2422 universum,
2789 2349 2945 2419 hujus
2993 2351 3050 2404 in
3101 2349 3583 2422 disciplinaz'com-

2080 2423 2384 2472 munionem
2411 2419 2704 2473 vacandum
2726 2436 2856 2474 esse.

2088 2527 2107 2559 ι
2143 2509 2226 2562 Αη
2261 2508 2402 2564 inter
2425 2525 2549 2574 nos,
2576 2510 2754 2581 inquit
2774 2499 2948 2577 Plato,
2972 2511 3038 2566 de
3067 2511 3444 2581 superioribus
3474 2512 3581 2568 illis

2011 2597 2296 2652 convenit?
2320 2627 2394 2639 -—-
2421 2597 2682 2664 Quaenam
2725 2599 2856 2654 illa?
2881 2630 2952 2640 —
2989 2599 3252 2670 Oportere
3295 2602 3579 2668 videlicet,

2011 2691 2089 2744 uti
2119 2705 2309 2746 omnes
2343 2699 2452 2746 tam
2483 2691 2590 2746 viri
2633 2707 2795 2762 quam
2835 2693 3023 2763 pueri,
3068 2702 3178 2748 tam
3219 2694 3376 2750 liberi
3413 2710 3577 2765 quam

2010 2781 2172 2847 servi,
2208 2789 2318 2835 tam
2359 2781 2574 2837 feminae
2601 2799 2762 2853 quam
2798 2799 2996 2851 mares,
3034 2793 3256 2854 totaque
3301 2786 3436 2841 adeo
3463 2802 3580 2841 res-

2007 2873 2224 2944 publica
2249 2875 2347 2929 toti
2383 2875 2713 2945 reipublicze,
2739 2891 2860 2944 quae
2895 2877 3246 2946 praecepimus
3271 2877 3578 2951 carminum

2009 2980 2207 3036 genera
2254 2981 2534 3035 nunquam
2579 2965 2824 3021 accinere
2862 2966 3094 3034 desinat,
3140 2982 3354 3037 semper
3396 2977 3578 3024 tamen

2008 3057 2294 3111 immutata
2341 3056 2612 3121 nonnihil,
2660 3065 2824 3127 atque
2856 3056 3005 3112 omni
3056 3058 3286 3114 subinde
3318 3059 3580 3115 varietate

2010 3156 2331 3218 temperata,
2362 3157 2426 3204 ut
2454 3150 2778 3220 hymnorum
2811 3151 3042 3206 istorum
3081 3151 3330 3220 voluptas
3368 3153 3575 3208 nullam

323 3249 447 3303 δεῖν
471 3248 644 3302 ταῦτα
666 3249 806 3302 οὕτω
830 3247 1195 3321 πράττεσθαι;
1239 3267 1257 3300 ι
1291 3249 1402 3302 Καὶ
1454 3250 1512 3302 ὲν
1554 3249 1633 3320 τῷ
1669 3251 1904 3322 πέμπτῳ

2007 3255 2247 3310 unquam
2286 3241 2403 3297 suis
2444 3241 2878 3298 modulatoribus
2927 3242 3114 3299 afferat
3147 3245 3471 3300 satietatem.
3503 3272 3577 3286 -

326 3340 394 3396 ἃ
419 3343 518 3414 τῆς
551 3342 862 3406 Πολιτείας
887 3341 1047 3410 ὅμοια
1072 3340 1282 3403 τούτοις
1303 3340 1524 3412 γράφει,
1557 3341 1682 3394 τάδε
1710 3342 1900 3410 λέγων·

335 3453 362 3487 α
399 3430 568 3488 Οἷσθᾶ
597 3449 649 3486 τι
682 3432 793 3503 (70)
823 3427 914 3485 οὖν
940 3433 1031 3485 ὑπ’
1065 3431 1364 3503 ἀνθρώπων
1408 3430 1808 3502 μελετώμενον,
1848 3437 1904 3488 ὲν

330 3519 382 3593 ᾦ
402 3524 464 3578 οὒ
486 3525 665 3580 πάντα
690 3524 862 3578 ταῦτα
896 3526 1010 3594 (71)
1042 3525 1104 3577 τὸ
1127 3525 1234 3578 τῶν
1267 3524 1474 3594 ἀνδρῶν
1527 3525 1681 3594 γένος
1720 3527 1906 3597 διαφε-

332 3617 538 3688 ρόντως
561 3616 671 3687 ἔχει
704 3615 733 3686 ἢ
767 3616 828 3669 τὸ
863 3616 969 3669 τῶν
993 3615 1264 3685 γυναικῶν
1293 3633 1308 3683 ;
1345 3617 1417 3669 "H
1457 3617 1902 3692 μακρολογῶμεν,

326 3708 434 3777 τήν
461 3724 520 3760 τε
549 3706 846 3778 ὑφαντικὴν
874 3707 1141 3775 λέγοντες,
1176 3708 1270 3761 καὶ
1301 3707 1400 3781 τὴν
1430 3709 1538 3762 τῶν
1562 3710 1816 3766 ποπάνων
1845 3723 1914 3765 τε

328 3797 430 3851 καὶ
452 3797 747 3869 ἑψημάτων
784 3797 1110 3868 θεραπείανς
1143 3801 1202 3852 ὲν
1235 3794 1315 3862 οἷς
1345 3799 1408 3870 δή
1440 3817 1494 3853 τι
1527 3801 1674 3855 δοκεῖ
1716 3803 1776 3855 τὸ
1807 3820 1906 3872 γυ-

323 3893 568 3943 ναικεῖον
595 3889 752 3958 γένος
775 3886 932 3954 εἶναι,
964 3883 1026 3942 οὗ
1066 3891 1160 3943 καὶ
1206 3891 1740 3960 καταγελαστότατόν
1783 3898 1905 3950 ἐστι

329 3977 592 4048 πάμπολυ
635 3977 960 4049 ἡττώμενον.
1009 3979 1228 4050 Ἀληθῆ,
1276 3979 1409 4051 ἔφη,
1442 3981 1639 4051 λέγεις,
1686 3985 1765 4037 ὅτι
1809 3989 1904 4040 καὶ

326 4071 469 4124 πολὺ
495 4073 772 4142 κρατεῖται
806 4072 865 4122 ὲν
895 4071 1115 4136 ἅπασιν,
1142 4071 1218 4135 ὡς
1249 4071 1379 4135 ἔπος
1408 4074 1579 4126 εἰπεῖν
1600 4114 1614 4138 ,
1658 4076 1719 4128 τὸ
1749 4077 1903 4144 γένος

324 4161 428 4215 τοῦ
452 4161 662 4230 γένους.
695 4163 956 4226 Γυναῖκες
1003 4161 1184 4232 μέντοι
1221 4163 1411 4216 πολλαὶ
1453 4166 1660 4220 πολλῶν
1696 4169 1904 4238 ἀνδρῶν

329 4249 573 4321 βελτίους
605 4254 685 4316 εἰς
718 4251 921 4305 πολλά·
952 4252 1014 4304 τὸ
1051 4252 1108 4305 δὲ
1143 4252 1263 4305 ὅλον
1311 4252 1424 4323 ἔχει
1467 4255 1544 4318 ὡς
1591 4258 1656 4310 σὺ
1703 4257 1900 4326 λέγεις.

327 4342 500 4397 οὐδὲν
524 4344 632 4415 ἄρα
657 4345 826 4410 ἐστὶν,
861 4339 906 4398 ὧ
936 4344 1077 4414 φίλε,
1105 4345 1437 4416 ἐπιτήδευμα
1458 4347 1567 4401 τῶν
1595 4349 1748 4402 πόλιν
1777 4349 1905 4402 διοι-

324 4431 591 4501 κούντων,
651 4435 926 4503 γυναικὸς,
960 4436 1093 4489 διότι
1122 4436 1280 4507 γυνὴ,
1332 4438 1439 4490 οὐδ’
1489 4439 1714 4509 ἀνδρὸς,
1771 4441 1903 4494 διότι

325 4525 472 4596 ἀνήρ
489 4543 502 4556 ·
535 4526 648 4580 ἀλλ’
665 4527 863 4598 ὁμοίως
890 4527 1358 4599 διεσπαρμέναιαὶ
1385 4528 1576 4598 φύσεις
1616 4532 1674 4584 ὲν
1697 4533 1898 4602 ἀμφοῖν
1926 4564 1976 4622 Β

323 4620 444 4670 τοῖν
473 4616 661 4683 ζώοιν*
697 4619 790 4673 καὶ
827 4620 1042 4673 πάντων
1075 4620 1173 4691 μὲν
1201 4623 1414 4692 μετέχει
1447 4623 1582 4694 γυνὴ
1612 4625 1895 4695 ἐπιτηδευο

328 4709 517 4782 μάτων
541 4711 681 4765 κατὰ
713 4711 894 4782 φύσιν,
950 4711 1165 4766 πάντων
1215 4712 1272 4766 δὲ
1301 4714 1473 4784 ἀνήρ’
1509 4715 1602 4768 ἐπὶ
1650 4716 1782 4767 πᾶσι
1838 4715 1896 4768 δὲ

323 4801 712 4874 ἀσθενέστερον
762 4803 897 4874 γυνὴ
948 4802 1254 4875 ἀνδρόςι-
1284 4803 1432 4857 Πάνυ
1484 4822 1567 4874 γε.
1603 4837 1672 4846 —
1700 4802 1777 4859 Ἦ
1803 4802 1895 4860 οὖν

322 4894 555 4966 ἀνδράσι
603 4895 782 4948 πάντα
822 4893 1215 4966 προστάξομεν,
1262 4897 1484 4964 γυναικὶ
1525 4897 1583 4950 δὲ
1611 4897 1797 4964 οὐδέν;
1827 4928 1895 4937 —-

325 4984 443 5039 Kal.
473 4985 618 5051 πῶς;
645 5017 717 5027 -
747 4986 886 5039 Ἀλλ’
919 4986 1034 5040 ἑστι
1057 4987 1186 5059 γὰρ,
1213 4985 1385 5058 οἶμαι,
1412 4987 1488 5052 ὡς
1520 4989 1782 5060 φήσομεν,
1802 4991 1894 5044 καὶ

423 5116 512 5192 (iii)
551 5117 905 5192 Νομοθέτῃς.
941 5118 1112 5189 Plato,
1136 5137 1186 5192 in
1227 5119 1373 5192 11:39.,
1408 5136 1528 5190 pag.
1561 5120 1684 5185 5’80,
1721 5122 1782 5177 C.

425 5187 511 5258 64)
555 5187 767 5262 ’Ἔστιν
795 5188 931 5262 ὅᾼτι,
976 5187 1206 5245 ειο.’1ω
1247 5187 1428 5254 Plato,
1478 5187 1532 5244 et.
1575 5202 1755 5258 recte;
1798 5193 1890 5262 qui

321 5258 490 5329 etiam
523 5259 804 5329 periodum
837 5259 1255 5329 interrogatione
1285 5261 1503 5315 claudit.

403 5326 514 5398 (65)
561 5328 638 5382 Τὰ
664 5327 879 5382 δίκαια.
930 5326 1091 5385 Deest
1119 5331 1370 5394 verbum,
1424 5338 1548 5399 puta
1597 5331 1887 5454 πράττειν,

403 5398 622 5454 ποτιμᾶν.
657 5397 895 5454 ἑλέσθαι.
928 5401 1264 5454 προελέσθαι.
1298 5410 1389 5454 aut
1412 5401 1480 5454 al.
1511 5401 1631 5454 simi
1658 5418 1686 5454 e
1719 5421 1732 5453 :
1765 5419 1887 5454 nam

325 5398 622 5480 προτιμᾷν,
657 5397 895 5480 ἑλέσθαι,
928 5401 1264 5480 προελέσθαι,
1298 5397 1732 5480 attt_al._sin1ile_:
1765 5397 1888 5456 nam

323 5469 522 5529 ποιεῖν,
558 5468 713 5548 quod
757 5468 1052 5538 praecedit,
1099 5486 1222 5524 cum
1267 5470 1549 5539 participio
1594 5471 1890 5540 δυνάμενον

323 5545 683 5592 construitur.

403 5605 516 5680 (66)
553 5603 673 5676 Ἆρ’
697 5605 811 5680 οὖν
836 5606 996 5680 ἡμῖν,
1025 5607 1178 5663 Plato
1199 5648 1213 5671 ,
1259 5625 1293 5662 ιι
1322 5610 1446 5679 Leg.
1468 5648 1482 5672 ,
1510 5625 1645 5680 pag._
1663 5610 1786 5677 580,
1821 5611 1884 5666 Η.

323 5673 696 5749 Quibus-non
757 5673 1032 5749 absi'ntilia
1101 5673 1448 5747 disputantur
1510 5673 1889 5749 a'Clemente

323 5746 720 5817 Alexandrino,
750 5746 945 5817 Strom.
982 5748 1075 5802 lib.
1105 5746 1331 5817 tv,"pag.
1355 5749 1481 5812 565,
1508 5748 1598 5804 ubi
1627 5750 1787 5803 etiam
1819 5767 1887 5804 cx

323 5815 549 5886 Epicuri
593 5826 806 5882 mente,
844 5816 975 5872 nulli
1011 5827 1104 5873 aut
1131 5815 1403 5873 aetati—aut
1436 5818 1734 5874 conditioni
1764 5835 1890 5888 pro-

2005 3332 2108 3398 Qui
2135 3332 2354 3387 tandem
2379 3334 2564 3404 negari
2597 3341 2781 3404 posset
2829 3335 2960 3404 quin
2989 3335 3064 3389 ita
3091 3335 3206 3390 fieri
3231 3336 3512 3406 Oporteat?
3550 3355 3570 3387 ι

2004 3422 2103 3480 His
2169 3424 2383 3494 gemina
2450 3433 2604 3493 sunt,
2651 3439 2774 3495 qua:
2826 3425 2969 3480 idem
3013 3425 3170 3480 Plato
3247 3425 3571 3496 Reipublicae

2005 3515 2198 3583 quinto
2225 3514 2383 3570 docet
2415 3515 2502 3570 his
2527 3515 2705 3571 verbis
2733 3534 2746 3570 :
2777 3533 2797 3568 ι
2830 3513 2971 3570 Num
3006 3524 3064 3572 tu
3097 3517 3301 3587 aliquid
3328 3517 3442 3588 ipse
3473 3535 3574 3573 no-

2004 3606 2096 3674 sti,
2127 3607 2273 3677 quod
2305 3607 2375 3663 ab
2404 3607 2717 3664 hominibus
2745 3610 2966 3665 tractari
3000 3609 3190 3675 soleat,
3235 3610 3289 3664 in
3317 3626 3427 3680 quo
3463 3627 3576 3666 non

2001 3698 2248 3754 virorum
2282 3714 2453 3770 genus
2498 3699 2747 3756 muliebri
2781 3701 3033 3757 omnibus
3064 3701 3213 3756 hisce
3242 3711 3450 3757 naturae
3476 3703 3574 3758 do-

2003 3789 2152 3844 tibus
2200 3790 2528 3846 antecellat?
2577 3791 2662 3845 An
2713 3790 2963 3860 pluribus
3006 3791 3168 3847 nobis
3213 3791 3269 3846 in
3322 3794 3571 3859 texendi‘,

2003 3881 2280 3951 placentas
2318 3891 2373 3936 et
2417 3882 2644 3938 obsonia
2684 3883 3004 3939 conﬁciendi
3052 3883 3306 3951 artificio,
3345 3899 3410 3940 ac
3467 3900 3574 3939 ca:-

2005 3973 2135 4028 teris
2167 3973 2221 4026 id
2252 3989 2422 4044 genus
2457 3974 2805 4031 recensendis
2831 3973 3258 4040 immorandum,
3291 3975 3348 4030 in
3375 3976 3574 4044 quibus

2003 4079 2136 4120 sane
2168 4063 2496 4119 feminarum
2532 4080 2702 4135 genus
2741 4080 2864 4121 esse
2906 4066 3110 4136 aliquid
3151 4066 3383 4132 videtur,
3411 4075 3466 4120 et
3492 4075 3573 4121 ta-

2003 4171 2127 4212 men
2155 4157 2300 4210 vinci
2344 4156 2729 4210 :erridieulum
2756 4157 2968 4211 est?—
2999 4156 3138 4212 Vera
3180 4157 3440 4227 loqueris,
3488 4157 3572 4210 in-

2003 4249 2137 4318 quit.
2169 4278 2240 4288 —
2263 4247 2398 4302 Nam
2431 4257 2485 4302 et
2511 4249 2566 4302 in
2591 4247 2865 4316 omnibus,
2898 4256 2959 4303 ut
3004 4251 3076 4304 ita
3103 4250 3314 4317 dicam,
3338 4265 3510 4321 genus
3538 4267 3571 4306 a

2003 4353 2196 4410 genere
2225 4339 2519 4407 plurimum
2551 4346 2860 4407 superatur,
2891 4349 2945 4393 et
2987 4346 3167 4393 tamen
3209 4339 3346 4395 viris
3375 4342 3570 4411 pleris-

2002 4442 2110 4498 que
2135 4427 2317 4482 multse
2360 4441 2501 4496 saepe
2540 4427 2797 4482 mulieres
2825 4427 3073 4498 pluribus
3114 4429 3168 4483 in
3215 4430 3379 4486 rebus
3414 4443 3570 4488 ante-

2003 4517 2222 4572 cellunt.
2254 4515 2520 4571 (laterum
2561 4517 2814 4574 universe
2856 4519 2931 4574 ita
2973 4535 3062 4576 res
3094 4521 3255 4577 habet
3297 4523 3375 4576 uti
3407 4525 3565 4580 dicis.

1998 4607 2193 4662 Munus
2233 4607 2418 4677 igitur,
2453 4622 2487 4663 ο
2511 4609 2704 4675 amice,
2736 4608 2876 4666 inter
2915 4626 3011 4667 eos
3044 4613 3136 4682 qui
3175 4616 3564 4685 rempublicam

1996 4706 2210 4768 gerunt,
2244 4697 2454 4752 nullum
2500 4707 2616 4765 est,
2652 4700 2799 4770 quod
2845 4711 2941 4757 aut
2988 4704 3263 4770 mulieris,
3297 4715 3566 4776 quatenus

1994 4791 2223 4856 mulier,
2253 4801 2349 4847 aut
2379 4792 2512 4858 viri,
2539 4802 2812 4862 quatenus
2850 4794 2934 4849 vir
2971 4804 3087 4870 est,
3123 4798 3401 4867 proprium
3447 4801 3561 4854 sit:

1994 4884 2087 4939 sed
2119 4884 2173 4937 in
2208 4891 2441 4952 utroque
2483 4898 2618 4938 sexu
2658 4885 2823 4939 simili
2866 4887 3270 4955 quodammodo
3300 4891 3570 4959 prosemi-

1994 4982 2137 5029 natae
2167 4981 2296 5030 sunt
2326 4981 2534 5028 naturae
2565 4973 2739 5039 dotes,
2770 4975 2843 5029 ita
2888 4983 2948 5031 ut
2983 4977 3085 5030 viri
3134 4977 3295 5033 simul
3333 4993 3397 5034 ac
3442 4993 3565 5035 mu-

1994 5123 2261 5176 hihendus
2293 5131 2375 5176 est
2404 5123 2468 5176 ad
2502 5121 2900 5191 philosOphiam
2934 5123 3132 5181 aditus.

2087 5191 2176 5264 67)
2221 5191 2300 5246 Τά
2324 5209 2406 5264 τε.
2443 5191 2635 5264 Melius
2666 5194 2734 5245 τά
2754 5209 2816 5260 γε
2832 5203 2933 5264 ,_ut
2959 5193 3136 5248 Plato.

2085 5261 2183 5334 68),
2214 5263 2351 5334 Περὶ
2381 5261 2488 5334 tog”)
2514 5261 2660 5324 δεῖν,
2691 5271 2794 5317 etc.
2845 5262 3071 5334 Etiamsi
3105 5265 3218 5319 haec
3239 5266 3417 5320 oratio
3441 5267 3554 5320 vitii

1991 5330 2128 5387 nihil
2155 5330 2399 5406 habeat,
2446 5330 2672 5406 Platoni
2697 5341 2874 5386 tamen
2909 5333 3128 5406 haerere
3159 5335 3362 5406 malui,
3413 5337 3556 5406 apud

1991 5417 2152 5471 quem
2179 5401 2268 5473 τοῦ
2299 5401 2625 5473 neglectum
2661 5403 3082 5473 interrogatione
3118 5402 3332 5473 legitur,
3368 5417 3421 5459 et
3446 5401 3557 5461 Cli-

1993 5474 2094 5526 nia:
2146 5471 2422 5526 tribuitur.
2463 5471 2756 5540 Sequentia
2797 5471 2885 5524 ita
2914 5471 3317 5541 concipiuntur,
3347 5475 3406 5527 τὸ
3445 5476 3557 5530 δεῖν

1992 5543 2188 5605 πάντα,
2214 5548 2342 5605 etc.,
2375 5541 2590 5610 quaeiab
2617 5541 2932 5593 Atheniensi
2961 5543 3381 5610 respondentur.

2085 5612 2174 5674 69)
2214 5609 2466 5674 Παντός.
2503 5609 2674 5674 Plato,
2705 5610 2937 5672 πάντως.

2087 5676 2174 5754 76)
2217 5676 2402 5754 οἶσθά
2426 5696 2498 5754 τι,
2535 5679 2708 5754 Plato,
2739 5678 2878 5754 v_D_e
2913 5678 3133 5748 republ.,
3173 5697 3295 5753 pag.
3332 5683 3465 5754 458,
3488 5683 3564 5742 F.

2060 5748 2170 5822 (71)
2218 5748 2423 5805 Ταῦτα.
2451 5749 2657 5805 Mallem
2692 5749 2882 5804 ταύτά.
