4122 6420
579 449 712 511 fbl’l

1236 442 1508 501 EUSEBII
1540 438 2016 497 CESARIENSIS
2049 438 2198 493 OPP.
2243 439 2420 494 PARS
2458 439 2518 492 II.
2559 468 2625 478 —
2665 437 3156 496 AI’OLOGETICA.

3669 433 3760 488 ‘IO'
3776 433 3820 489 Ξ

575 577 737 631 lieres
777 572 829 624 iu
865 565 1176 623 eorumdem
1216 565 1520 620 studiorum
1566 563 2006 616 communionem
2050 575 2144 613 vo-

2250 559 2381 628 γυνὴ
2418 558 2652 629 ἰατρικὴ,
2701 561 2733 628 ἡ
2791 559 2836 612 δ’
2880 557 2973 611 ού·
3003 559 3097 612 καὶ⁵
3128 558 3380 629 μουσικὴ,
3437 555 3540 626 ἠδ’
3574 553 3822 625 ἄμουσος

573 677 785 728 centur,
817 662 942 715 licet
968 660 1022 714 in
1045 657 1298 712 omnibus
1340 656 1534 709 mulier
1559 655 1676 708 viro
1702 653 1861 722 longe
1892 653 1964 706 sit
1992 651 2143 704 inﬁr-

572 753 885 812 mior.-——Ita
911 749 1368 823 prorsus.—-Quid
1385 750 1584 818 igitur?
1609 749 1872 802 Omniane
1886 745 2016 800 viris
2039 745 2144 798 im-

575 845 904 916 perahimus,
940 841 1307 896 mulierinihil
1327 839 1536 892 ?--Cur
1566 835 1898 894 enim?—-Ex
1927 835 2144 890 feminis

571 939 790 1006 utique,
827 935 1000 998 alias,
1047 941 1104 986 ut
1148 943 1332 1002 postea
1377 932 1655 996 dicemus,
1705 929 1771 983 ad
1817 927 2141 982 medicinam

570 1037 725 1098 aptas
771 1025 1051 1095 reperies,
1103 1024 1238 1078 alias
1293 1023 1516 1076 minime
1563 1037 1576 1072 :
1620 1021 1857 1088 itemque
1889 1017 2023 1073 alias
2073 1018 2141 1070 ad

573 1119 841 1174 musicam
877 1135 905 1171 a
939 1125 1130 1171 natura
1175 1121 1538 1180 comparatas,
1570 1111 1705 1164 alias
1732 1111 1799 1162 ab
1831 1108 2016 1162 eadem
2048 1122 2143 1175 per

571 1227 694 1268 sese
740 1211 1115 1265 abhorrentes.
1145 1237 1210 1246 —
1251 1204 1562 1258 Enimvero.
1595 1232 1657 1240 —
1697 1200 1845 1255 Alias
1886 1207 2144 1269 praeterea

572 1319 697 1358 cum
726 1299 1210 1356 exercitationibus
1241 1296 1496 1366 publicis,
1531 1306 1644 1348 tum
1676 1293 1838 1347 etiam
1874 1291 2013 1345 bello
2055 1307 2146 1360 ge-

570 1393 740 1449 rendo
765 1393 990 1446 idoneas
1011 1432 1026 1456 ,
1054 1390 1266 1459 ineptas
1301 1387 1369 1441 ad
1401 1397 1694 1455 utrumque
1725 1384 1878 1439 alias.
1913 1419 1938 1424 ~
1998 1381 2141 1435 Idem

568 1487 734 1558 609
769 1486 902 1540 mihi
951 1485 1182 1540 videtur.
1209 1513 1280 1525 —
1318 1480 1458 1549 Quid
1496 1496 1659 1552 porro
1699 1479 1984 1550 sapientia,
2033 1493 2142 1532 non

569 1593 690 1631 eam
719 1575 969 1631 similiter
997 1575 1116 1628 alia:
1145 1573 1348 1636 studio,
1395 1572 1513 1626 alia:
1549 1570 1674 1626 odio
1704 1567 2148 1638 prosequuntur?

571 1685 680 1724 non
708 1668 829 1721 alia:
856 1682 1050 1721 rursus
1074 1665 1366 1720 ferociores
1390 1663 1590 1717 habent
1619 1660 1863 1731 spiritus,
1891 1658 2010 1712 aliae
2044 1657 2146 1711 hu-

569 1757 851 1812 miliores?
898 1785 961 1796 —
1000 1754 1067 1808 Et
1118 1755 1220 1810 hoc
1267 1753 1363 1807 tibi
1418 1751 1706 1807 assentior.
1749 1778 1817 1790 —
1863 1745 2148 1803 Nonnulla:

570 1857 700 1904 sunt
747 1848 908 1903 etiam
936 1847 1003 1901 ad
1032 1844 1445 1902 custodiendum
1486 1851 1644 1912 aptae,
1683 1840 1802 1896 alia:
1842 1853 1951 1893 non
1993 1839 2143 1892 item.

2245 653 2402 720 φύσει
2424 669 2436 682 ’
2465 651 2528 702 Τί
2553 652 2687 721 μήν;
2716 651 2826 704 Καὶ
2858 649 3200 720 γυμναστικὴ
3225 649 3282 701 δὲ
3307 649 3416 720 ἄρα
3442 647 3561 699 οὐδὲ
3586 645 3821 714 πολεμι-

2245 745 2314 813 κή
2342 743 2490 811 (7‘2)'
2529 743 2560 812 ἡ
2614 743 2670 794 δὲ
2717 741 3021 810 ἀπόλεμος,
3060 744 3152 796 καὶ
3203 743 3264 795 οὐ
3324 737 3818 808 φιλογυμναστική.

2242 865 2312 874 —
2343 829 2507 903 Οἶμαι
2537 833 2729 901 ἔγωγε.
2763 864 2831 872 -
2858 833 2922 885 Τί
2951 833 3030 895 δὲ,
3062 831 3345 901 φιλόσοφός
3377 847 3434 882 τε
3468 829 3561 881 καὶ
3594 826 3825 897 μισόσο-

2246 943 2375 996 φος;
2411 925 2505 978 καὶ
2535 923 2840 994 θυμοειδὴς,
2887 925 2920 993 ἡ
2951 923 3006 975 δὲ
3046 921 3250 992 ἄθυμός
3280 922 3394 972 ἐστι
3429 919 3538 989 ('75)
3565 935 3580 982 ;
3603 947 3671 955 —
3704 918 3828 969 Kal.

2243 1017 2434 1070 ταῦτα.
2468 1045 2535 1054 —-
2566 1015 2753 1066 Ἔστιν
2773 1015 2880 1085 ἄρα
2912 1015 3002 1066 καὶ
3043 1011 3314 1082 φυλακικὴ
3338 1011 3473 1079 γυνὴ
3493 1049 3507 1071 ,
3553 1011 3587 1078 ἡ
3618 1007 3663 1060 δ’
3712 1006 3779 1058 οὓ
3808 1022 3824 1070 ;

2247 1108 2315 1160 Ἢ
2338 1107 2398 1159 ού
2426 1103 2684 1175 τοιαύτην
2709 1104 2804 1156 καὶ
2829 1103 2936 1155 τῶν
2955 1103 3161 1173 ἀνδρῶν
3187 1101 3294 1155 τῶν
3319 1097 3630 1168 φυλακικῶν
3655 1096 3828 1166 φύσιν

2245 1196 2634 1266 ὲξελεξάμεθα;
2663 1225 2732 1232 -
2759 1193 3023 1264 Τοιαύτην
3061 1193 3156 1263 μὲν
3187 1189 3300 1247 οὖν.
3331 1223 3398 1231 -
3427 1187 3830 1268 Καὶνγυναικὸς

2247 1293 2354 1362 ἄρα
2377 1289 2469 1342 καὶ
2508 1287 2698 1358 ἀνδρὸς
2721 1289 2754 1357 ὴ
2780 1285 2916 1356 αὑτὴ
2967 1284 3129 1353 φύσις
3157 1286 3237 1346 είς
3287 1281 3530 1350 φυλακὴν
3586 1279 3825 1340 πόλεως,

2246 1378 2385 1450 πλὴν
2429 1379 2539 1449 ὅσῳ
2585 1375 2970 1445 ἀσθενεστέρα,
3011 1377 3044 1445 ἡ
3095 1373 3152 1426 δὲ
3203 1371 3522 1444 ἰσχυροτέρα
3581 1369 3719 1422 ἐστί.
3751 1397 3830 1409 -—

2244 1467 2520 1521 Φαίνεται.
2552 1497 2620 1506 —-
2647 1466 2758 1518 Kal.
2780 1468 3033 1532 γυναῖκες
3061 1464 3168 1534 ἄρα
3199 1464 3256 1517 αἱ
3287 1461 3532 1515 τοιαῦται
3567 1463 3680 1523 τοῖς
3707 1476 3830 1511 τοι-

2245 1561 2421 1623 ούτοις
2455 1558 2713 1630 ἀνδράσιν
2746 1556 3025 1610 ἐκλεκτέαι
3057 1557 3321 1608 συνοικεῖν
3351 1571 3410 1608 τε
3462 1552 3557 1606 καὶ
3610 1552 3830 1622 ξυμφυ-

2245 1653 2480 1714 λάττειν,
2508 1649 2739 1720 ἐπείπερ
2777 1649 2914 1702 εἰσὶν
2948 1647 3129 1700 ἱκαναὶ
3178 1647 3272 1699 καὶ
3305 1645 3582 1713 ξυγγενεῖς
3634 1643 3828 1705 αὐτοῖς

2245 1746 2344 1817 τὴν
2366 1744 2549 1814 φύσιν.
2581 1761 2599 1795 ι
2637 1742 2876 1804 Εἰκότως
2902 1739 3012 1812 ἄρα
3033 1739 3129 1792 καὶ
3149 1740 3177 1790 ὁ
3199 1738 3326 1806 παρ’
3357 1738 3486 1808 ἡμῖν
3509 1735 3662 1804 λόγος
3688 1735 3832 1787 ὐπο-

2245 1838 2458 1908 δέχεται
2494 1837 2600 1889 πᾶν
2626 1834 2780 1902 γένος
2833 1833 2893 1886 ού
2927 1831 3087 1902 μόνον
3115 1829 3358 1900 ἀνδρῶν,
3397 1827 3532 1880 ἀλλὰ
3567 1825 3662 1880 καὶ
3717 1841 3830 1892 γυ-

568 1939 828 2009 Nunquid
860 1939 1004 1993 enim
1046 1936 1314 2008 ejusmodi
1339 1904 1576 2004 aliquam
1619 1904 1861 1988 uirorum
1892 1930 2142 1986 idoneam

2250 1904 2470 1990 ναίίκῶν,
2515 1927 2622 1980 οὐδ’
2661 1924 2961 1996 ἐλευθέρων
2990 1922 3088 1976 καὶ
3121 1919 3318 1973 δούλων
3347 1919 3525 1990 μόνον,
3559 1916 3693 1970 ἀλλά
3724 1915 3832 1968 και

571 2031 831 2089 custodiae
858 2042 1106 2086 naturam
1134 2029 1466 2085 secrevimus
1487 2028 1510 2082 ?
1533 2057 1604 2068 —
1620 2025 1763 2081 Sane
1793 2023 2145 2081 secrevimus.

571 2153 642 2164 —
669 2122 871 2176 Eadem
901 2135 1032 2192 ergo
1081 2129 1191 2174 tam
1227 2119 1329 2173 viri
1357 2133 1521 2188 quam
1563 2118 1808 2172 mulieris
1860 2115 1928 2169 ad
1969 2114 2149 2185 reipu-

2251 2023 2538 2096 βαρϐάρων
2569 2023 2663 2076 καὶ
2702 2021 2987 2092 Ἑλλήνων,
3024 2020 3102 2081 είς
3124 2016 3220 2088 τὴν
3252 2016 3393 2070 κατὰ
3411 2015 3544 2068 Θεὸν
3573 2011 3835 2066 παιδείαν

2251 2129 2310 2166 τε
2343 2113 2436 2164 καὶ
2465 2109 2798 2180 φιλοσοφίαν.

571 2217 730 2272 blicae
771 2215 1072 2270 custodiam
1117 2222 1312 2267 natura
1345 2221 1448 2278 est,
1496 2211 1600 2266 nisi
1633 2211 1778 2281 quod
1826 2210 2094 2264 inﬁrmior
2141 2207 2304 2277 hujus
2339 2215 2458 2270 est,
2508 2204 2654 2258 illius
2685 2200 2978 2257 robustior.
3005 2228 3075 2238 —
3104 2195 3321 2251 Eadem.
3348 2227 3418 2236 —
3453 2193 3624 2248 Erunt
3659 2193 3836 2263 igitur

575 2319 700 2359 cum
735 2301 1002 2373 ejusmodi
1036 2301 1192 2364 viris,
1240 2299 1447 2368 aliquot
1479 2301 1642 2354 etiam
1694 2301 1746 2355 id
1791 2313 1962 2369 genus
2007 2297 2262 2352 mulieres
2313 2293 2628 2364 seligendae,
2665 2302 2723 2346 ut
2752 2306 2876 2345 cum
2924 2290 2992 2344 iis
3023 2289 3293 2343 civitatem
3333 2286 3575 2340 incolant
3600 2284 3834 2354 pariter,

574 2371 888 2466 pariterque
951 2391 1283 2456 custodiant,
1310 2405 1437 2444 cum
1466 2399 1520 2444 et
1550 2389 1653 2444 hoc
1679 2389 1744 2443 ad
1776 2387 2021 2443 muneris
2050 2401 2222 2456 genus
2251 2384 2459 2438 idoneae
2503 2383 2633 2444 sint,
2667 2388 2722 2434 et
2751 2392 2875 2432 cum
2908 2375 3038 2430 viris
3074 2385 3279 2430 natura:
3309 2373 3684 2443 cognationem
3719 2371 3836 2426 ha-

575 2464 759 2544 beant.
803 2506 822 2537 ι
856 2485 932 2540 Ita
963 2482 1139 2538 Plato.
1165 2481 1296 2537 Jure
1329 2481 1492 2550 igitur
1521 2497 1586 2536 ac
1617 2481 1810 2534 merito
1839 2480 1984 2549 leges
2021 2490 2236 2546 quoque
2268 2483 2485 2535 nostrae,
2519 2484 2689 2541 genus
2712 2483 2874 2523 omne
2905 2476 3011 2520 tam
3043 2467 3327 2520 mulierum
3360 2479 3524 2534 quam
3555 2464 3830 2526 virorum,

576 2595 685 2638 tam
721 2581 999 2638 servorum
1046 2593 1209 2649 quam
1257 2577 1572 2640 liberorum,
1617 2584 1727 2629 tam
1765 2572 2124 2628 barbarorum
2177 2581 2339 2637 quam
2375 2564 2711 2624 Grzecorum,
2750 2561 2804 2613 in
2849 2559 3041 2614 divinae
3069 2557 3329 2612 doctrina:
3363 2572 3426 2611 ac
3467 2555 3833 2626 philosophiae

569 2673 1012 2734 communionem
1047 2673 1300 2728 admittit.

1096 2763 1325 2820 CAPUT
1381 2759 1619 2816 XXXIII.

574 2879 777 2933 Eorum
826 2896 984 2932 causa
1005 2919 1019 2942 ,
1051 2878 1139 2946 qui
1169 2877 1341 2930 minus
1371 2874 1509 2942 apud
1535 2891 1627 2927 uos
1662 2889 1745 2946 ea:_
1766 2871 1988 2946 rationis
2013 2883 2150 2938 pra:-

644 2952 839 3018 scripto
869 2944 1071 3012 vivunt,
1098 2963 1254 3018 genus
1290 2947 1588 3000 universum
1626 2944 2009 2997 traducendum
2045 2957 2148 2994 non

644 3037 776 3075 €888.

2759 2739 3152 2794 ΚΕΦᾹΛΔῙΟΝ
3200 2738 3319 2791 ΛΓν.

2253 2880 2370 2932 Ὅτι
2529 2873 2645 2954 χρὴ
2675 2873 2743 2926 ἐκ
2797 2870 2916 2954 τιῶν
2931 2873 3053 2954 κού.
3065 2869 3221 2954 βατὰ
3253 2868 3646 2954 “Jdmjzap‘
3677 2865 3837 2938 ἡμῖν

2454 2938 2754 3012 βιοῧντων
2779 2941 2844 2996 τὸ
2873 2939 2995 2998 πᾶν
3022 2941 3198 3006 ἔθνος
3242 2938 3591 2993 διαϐάλλειν

658 3151 678 3185 ι
704 3133 880 3202 Atque
910 3132 1016 3188 hoc
1047 3133 1101 3187 in
1136 3146 1331 3202 genere
1381 3131 1454 3184 ita
1481 3127 1950 3200 philosopbemur,
1975 3123 2148 3193 inquit

2327 3165 2344 3198 ι
2377 3143 2712 3214 Σκεψώμεθα
2743 3142 2799 3196 δέ
2829 3159 2903 3213 πη
2922 3141 3069 3211 τῇδε.
3099 3139 3255 3212 Φέρε,
3289 3139 3343 3191 εἴ
3374 3156 3457 3202 τις
3499 3139 3669 3207 αἰγῶν
3695 3155 3836 3211 τρο-

576 3225 751 3280 Plato.
787 3228 918 3294 Age,
962 3226 1020 3281 Si
1058 3224 1182 3294 quis
1224 3239 1418 3293 capras
1455 3224 1619 3289 alere,
1664 3220 1908 3288 adeoque
1935 3220 2150 3288 pecoris

578 3321 683 3374 hoc
726 3329 782 3374 et
825 3317 1192 3393 possessionis
1240 3332 1444 3386 genus,
1496 3324 1756 3383 tanquam
1807 3312 2148 3367 fructuosum

578 3413 825 3467 laudares
858 3430 871 3465 :
907 3411 1050 3464 alius
1093 3418 1314 3472 contra,
1345 3407 1493 3478 quod
1527 3406 1666 3462 forte
1701 3418 1896 3473 capras
1929 3400 2149 3462 alicubi,

578 3503 709 3556 dum
734 3502 852 3557 sine
873 3499 1122 3570 caprario
1143 3508 1450 3570 pascerent,
1470 3498 1632 3552 cultis
1660 3495 1985 3567 quibusdam
2007 3494 2153 3562 agris

579 3593 842 3645 damnum
895 3587 1097 3643 inferre
1140 3587 1398 3651 vidisset,
1444 3586 1776 3656 improbaret
1817 3600 1830 3635 :
1878 3583 2154 3652 semelque

580 3698 798 3754 gregem
826 3684 1140 3736 universum
1169 3689 1264 3734 aut
1289 3680 1407 3734 sine
1441 3689 1678 3750 pastore,
1704 3686 1800 3732 aut
1836 3693 1962 3731 cum
1995 3676 2154 3729 malis

581 3774 895 3844 pastoribus
926 3773 1180 3839 intuitus,
1203 3771 1464 3826 continuo
1495 3785 1608 3824 rem
1641 3778 1810 3824 totam
1841 3768 2150 3834 vellicaret;

581 3881 780 3920 eumne
814 3875 1096 3936 propterea
1120 3879 1256 3919 sano
1283 3873 1607 3932 maturoque
1634 3863 1843 3933 judicio
1875 3862 2156 3932 quodlibet

582 3957 730 4012 aliud
769 3956 983 4027 pecoris
1037 3971 1210 4026 genus
1253 3955 1665 4024 repudiaturum
1695 3954 2063 4008 arbitramur?
2087 3983 2155 3992 —

582 4045 694 4102 Cur
724 4047 942 4102 autem?
976 4066 995 4098 ι
1028 4045 1095 4099 Ει
1140 4045 1331 4116 paucis
1371 4045 1670 4115 interjectis
1700 4063 1714 4100 :
1756 4065 1774 4096 ‹
1803 4044 1944 4110 Quid
1986 4059 2154 4114 porro

585 4137 864 4193 societatis
886 4135 1264 4206 cujuscunque
1286 4151 1381 4192 seu
1405 4135 1742 4190 laudatorem
1764 4175 1779 4199 ,
1815 4151 1910 4190 seu
1940 4135 2153 4204 vitupe-

586 4236 856 4294 ratorem,
898 4243 1019 4298 qua:
1048 4243 1172 4283 cum
1222 4243 1316 4298 per
1355 4243 1413 4283 se
1447 4228 1774 4283 moderatori
1819 4242 2009 4297 parere
2055 4228 2152 4279 de-

588 4321 731 4384 beat,
760 4327 873 4374 tum
902 4320 1065 4374 etiam
1095 4336 1220 4374 cum
1261 4333 1328 4373 eo
1359 4321 1647 4390 conjuncta
1680 4320 1972 4389 plurimum
2001 4319 2155 4373 all‘ert

586 4411 876 4467 utilitatis?
907 4413 966 4467 Si
996 4427 1272 4482 nunquam
1303 4412 1450 4466 illam
1492 4412 1719 4474 viderit,
1761 4427 1945 4466 secum
1980 4411 2151 4480 ipsam

587 4511 640 4555 et
667 4515 792 4556 cum
821 4517 921 4556 suo
944 4503 1289 4556 moderatore
1314 4501 1521 4556 versari
1567 4500 1661 4556 sed
1691 4501 1875 4570 potius
1895 4509 1990 4554 aut
2015 4515 2151 4554 sem-

584 4607 680 4662 per
737 4594 887 4648 omni
943 4593 1265 4663 magistratu
1317 4608 1534 4658 carere,
1575 4601 1671 4646 aut
1716 4609 1839 4647 cum
1887 4593 2147 4662 improbis

584 4688 796 4736 tantum
821 4681 1230 4751 magistratibus
1255 4696 1640 4747 consuescere;
1668 4696 1737 4734 an
1756 4681 1909 4744 istos,
1932 4684 2147 4746 amabo,

584 4773 906 4829 societatum
940 4773 1208 4842 ejusmodi
1254 4782 1621 4837 spectatores,
1672 4783 1818 4828 recte
1851 4775 2148 4843 quidquam

2251 3237 2376 3308 φὴν,
2407 3237 2502 3290 καὶ
2526 3236 2585 3288 τὸ
2611 3234 2768 3299 ζῶον,
2791 3233 2888 3287 καὶ
2930 3228 2997 3286 αὖ
3026 3232 3087 3285 τὸ
3115 3231 3321 3301 κτῆμα,
3374 3232 3448 3294 ὡς
3479 3231 3593 3283 ἑστι
3637 3230 3833 3294 καλὸν,

2249 3328 2476 3388 ἐπαινοῖ,
2512 3324 2666 3388 ἄλλος
2693 3323 2750 3376 δέ
2774 3341 2876 3388 τις,
2907 3321 3165 3392 ἑωρακὼς
3203 3317 3361 3389 αἶγας
3401 3321 3568 3391 χωρὶς
3599 3321 3842 3392 νεμομέ-

2249 3433 2345 3479 νας
2364 3415 2608 3480 αἰπόλου,
2633 3416 2690 3467 ὲν
2707 3413 3021 3484 ἐργασίμοις
3043 3413 3264 3484 χωρίοις
3287 3413 3401 3482 (74)
3416 3411 3630 3483 δρώσας
3653 3413 3831 3476 κακὰ..

2250 3507 2522 3576 διαῴέγον
2551 3507 2644 3559 καὶ
2684 3507 2790 3558 πᾶν
2827 3505 3052 3575 θρέμμα
3079 3505 3332 3576 ἄναρχον,
3367 3505 3404 3575 ἢ
3466 3503 3605 3574 μετὰ
3636 3505 3833 3557 κακῶν

2251 3601 2526 3670 ἀρχόντων
2563 3598 2706 3661 ἰδὼν,
2741 3595 2884 3650 οὕτω
2916 3597 3214 3667 μέμφοιτο*
3274 3595 3416 3650 κατὰ
3442 3596 3534 3650 τὸν
3585 3596 3837 3649 τοιοῦτον

2253 3689 2409 3756 λόγον
2435 3686 2718 3758 ἡγούμεθα
2748 3687 2896 3754 ὑγιὲς
2923 3686 2988 3739 ἄν
3020 3702 3148 3740 ποτε
3184 3684 3342 3755 ψέξαι
3375 3687 3469 3739 καὶ
3515 3685 3730 3750 ὁτιοῦν;
3757 3714 3838 3726 --

2254 3779 2364 3833 Καὶ
2392 3777 2544 3843 πῶς;
2585 3797 2605 3830 ι
2635 3777 2743 3830 Καὶ
2775 3777 2889 3847 μετ’
2915 3775 3089 3843 ὀλίγαι
3114 3794 3134 3827 ι
3168 3777 3234 3829 Τί
3257 3777 3314 3829 δὲ
3337 3775 3628 3848 ἐπαινέτην
3659 3777 3690 3848 ἢ
3731 3777 3844 3847 ψέ-

2254 3886 2388 3940 κτην
2419 3868 2698 3932 κοινωνίας
2725 3867 3059 3939 ἡστινοσοῦν,
3085 3863 3153 3938 ἦς
3187 3867 3397 3938 πέφυκέ
3441 3885 3502 3920 τε
3543 3863 3680 3920 εἶναι
3724 3868 3834 3939 ἆρ-

2254 3979 2384 4030 χων,
2423 3961 2538 4030 μετ’
2567 3959 2774 4012 ἐκείνου
2811 3976 2871 4011 τε
2907 3958 3180 4029 ὠφέλιμός
3202 3959 3350 4011 ἐστιν
3373 3998 3389 4022 ,
3416 3958 3528 4011 est
3558 3959 3693 4029 μήτε
3729 3961 3838 4011 ἑω-

2259 4047 2438 4120 ρακὼς
2471 4049 2556 4119 εἴη
2580 4049 2708 4102 ποτὲ
2740 4047 2914 4120 ὀρθῶς
2928 4049 3098 4118 αὐτὴν
3125 4049 3295 4120 ἑαυτῇ
3314 4047 3673 4102 κοινωνοῦσαν
3707 4052 3837 4120 μετ’

2255 4141 2530 4210 ἄρχοντος,
2562 4140 2648 4192 ἀεὶ
2677 4139 2733 4192 δὲ
2757 4140 2990 4210 ἄναρχον
3013 4179 3028 4201 ,
3059 4139 3092 4209 ἢ
3146 4138 3282 4209 μετὰ
3320 4139 3506 4192 κακῶν
3549 4139 3819 4208 ἀρχόντωε

2257 4231 2552 4295 ξυνοῦσαν;
2590 4230 2815 4302 οἰόμεθα
2845 4230 2907 4300 δή
2939 4247 3070 4283 ποτε
3113 4231 3238 4293 τοὺς
3278 4228 3551 4292 τοιούτους
3589 4229 3837 4299 θεωροὺς

2253 4323 2361 4375 τῶν
2390 4322 2646 4375 τοιούτων
2680 4321 2990 4386 κοινωνιῶν,
3013 4321 3260 4393 χρηστῶς
3291 4339 3342 4374 τι
3378 4321 3564 4390 ψέγειν
3602 4321 3635 4390 ἢ
3669 4322 3836 4372 ἐπαι-

2255 4413 2458 4466 νεῖσθαι
2481 4411 2718 4477 ;--Πῶς
2743 4411 2787 4464 δ’
2821 4413 2887 4466 ἄν
2913 4428 2928 4478 ;
2962 4432 2980 4464 ι
3007 4411 3083 4466 Ού
3116 4411 3179 4482 δὴ
3210 4410 3314 4482 χρὴ
3347 4412 3440 4465 καὶ
3461 4411 3589 4482 παρ’
3616 4412 3746 4480 ἡμῖν
3778 4409 3841 4462 ετ

2255 4521 2399 4568 τινες
2425 4504 2694 4574 φαίνοιντο
2719 4503 2843 4574 δίχα
2865 4503 3163 4576 προστάτου
3186 4503 3278 4556 καὶ
3303 4504 3578 4574 ἄρχοντος,
3606 4501 3640 4569 ἢ
3685 4501 3833 4571 μετὰ

2254 4593 2436 4647 κακῶν
2453 4593 2724 4665 ἀρχόντων
2750 4593 2979 4664 δρῶντες
2999 4592 3142 4646 κακά
3163 4592 3347 4661 ψέγειν
3369 4593 3430 4645 τὸ
3457 4594 3562 4645 πᾶν
3576 4590 3729 4662 ἡμῶν
3757 4592 3836 4645 διρ

2255 4684 2570 4738 δασκαλεῖον
2594 4702 2606 4713 ·
2641 4683 2840 4754 μᾶλλον
2873 4683 2930 4736 δὲ
2954 4682 3061 4736 ἀπὸ
3099 4683 3206 4738 τῶν
3225 4683 3399 4756 ὀρθῶς
3447 4683 3741 4753 μετιόντων
3769 4684 3832 4735 τὸ

2259 4775 2505 4836 θεοσεϐὲς
2536 4774 2837 4844 πολίτευμα
2876 4774 3194 4845 θαυμάζειν.

581 4875 678 4922 aut
703 4867 1012 4934 vituperare
1038 4879 1198 4933 posse
1222 4873 1318 4918 aut
1346 4865 1566 4920 laudare
1596 4863 2148 4934 putabimus?—Nam
2187 4867 2316 4935 qui?
2347 4885 2365 4917 ι
2404 4864 2527 4920 Haec
2580 4865 2690 4920 ille.
2720 4863 2917 4920 Verum
2948 4880 3078 4934 ergo
3142 4864 3392 4920 similiter
3421 4880 3532 4920 non
3567 4864 3752 4930 fuerit,
3779 4866 3832 4921 si

579 4974 722 5030 quos
768 4958 1002 5013 fortasse
1049 4959 1192 5028 apud
1245 4974 1378 5023 nos,
1419 4968 1515 5015 aut
1559 4960 1679 5014 sine
1723 4961 2064 5015 moderatore
2095 4976 2159 5016 ac
2196 4961 2462 5031 principe,
2495 4969 2590 5015 aut
2629 4977 2752 5015 cum
2790 4961 2971 5030 pravis
2997 4960 3423 5030 magistratibus,
3443 4975 3502 5014 se
3544 4975 3833 5030 perperam

583 5068 770 5124 gerere
797 5054 1142 5122 constiterit,
1188 5053 1333 5110 illico
1357 5062 1532 5110 totum
1577 5055 1681 5110 hoc
1747 5055 2059 5110 scholarum
2110 5064 2422 5110 nostrarum
2465 5071 2635 5127 genus
2696 5054 3125 5126 reprehendere:
3158 5053 3251 5108 sed
3286 5053 3469 5122 potius
3516 5067 3584 5106 ex
3635 5068 3833 5108 eorum

582 5142 674 5211 qui
701 5150 846 5197 recte
876 5142 931 5195 in
963 5142 1029 5198 iis
1053 5143 1331 5213 probeque
1363 5153 1667 5208 versentur,
1710 5144 1955 5200 moribus
1975 5185 1992 5210 ,
2025 5146 2338 5218 religiosum
2374 5162 2436 5201 ac
2467 5147 2612 5216 pium
2651 5147 2962 5216 reipublicae
2995 5147 3304 5202 institutum
3334 5144 3613 5200 admirari.

661 5344 785 5426 (72),
815 5345 966 5400 Οὐδὲ
1007 5344 1320 5426 πξοέβμική.
1367 5345 1676 5426 Legendum
1725 5348 1817 5399 καὶ
1855 5345 2154 5426 πολεμική.

589 5411 725 5488 Male
752 5411 878 5488 item
908 5418 1048 5488 apud
1077 5411 1377 5488 Platonem,
1417 5411 1510 5469 καὶ
1537 5418 1918 5488 γυμναστικὴ,
1945 5411 2025 5486 ἥδ’
2048 5411 2157 5488 ἄρα

585 5482 647 5563 οὔ
670 5486 835 5563 ,ιοὺδὲ
851 5482 1157 5563 foueatur}.
1207 5485 1479 5563 Quorsum
1513 5482 1659 5563 enim
1703 5482 1936 5554 sequens
1968 5482 2158 5539 ταύτο-

589 5554 759 5626 λογία,
788 5557 819 5624 ἡ
846 5554 1240 5626 δὲ-ἀπόλεμος,
1258 5557 1365 5626 καὶ
1397 5554 1988 5626 οὐίφιλογυμναστική;

658 5624 783 5697 (75)-
997 5624 1224 5697 ἄθυμός
1243 5624 1428 5697 ἐστιί
1464 5625 1644 5697 Malim
1664 5624 1697 5688 ,ἡ
1715 5636 1772 5682 ιιι
1799 5624 1948 5697 apud
1979 5626 2159 5680 Plato-

590 5705 732 5763 nem,
763 5695 796 5762 ἡ
817 5694 873 5746 δὲ
897 5693 1101 5763 ἄθυμος
1122 5712 1138 5756 ;
1164 5695 1317 5746 Ἔστι
1351 5696 1445 5747 καί
1469 5695 1656 5748 ταῦτα.

660 5761 772 5827 (74)
827 5761 1205 5841 ’ξργασιζμοις
1244 5765 1498 5841 χωρίοήις.
1524 5766 1677 5841 Culta
1708 5765 1826 5820 loca
1867 5765 2150 5841 intelligit,

589 5839 711 5888 alia:
744 5833 1039 5897 saepissime
1076 5847 1182 5885 uno
1211 5837 1372 5888 verbo
1411 5833 1546 5901 ἔργα
1595 5835 1867 5892 dicuntur.
1903 5833 2151 5905 Xenovph.

2255 5349 2456 5418 passim
2483 5388 2496 5413 ,
2527 5357 2587 5402 ut
2613 5349 2666 5402 in
2697 5351 3008 5418 Κυνηγετ.,
3041 5346 3120 5418 Τὰ
3159 5345 3257 5416 μὲν
3285 5345 3386 5417 ὅρη
3408 5340 3536 5418 ὀἷόν
3578 5347 3694 5398 ἐστι
3737 5348 3836 5418 καὶ

2260 5415 2520 5488 ἰχνεύειν,
2548 5419 2650 5488 ,καὶ
2681 5417 2930 5488 μεταθεῖν
2969 5415 3224 5488 καθαρῶς
3243 5433 3256 5446 ο
3288 5415 3458 5468 τὰδὲ
3493 5415 3631 5488 ἔργα
3650 5455 3663 5477 ,
3709 5417 3835 5468 ούδ-

2258 5485 2418 5560 ἔτερα
2437 5527 2451 5552 ,
2481 5487 2570 5541 διὰ
2598 5485 2723 5551 τοῦς
2743 5486 3032 5560 τριμμούςῘ
3071 5485 3137 5560 Id
3158 5494 3273 5552 est,
3298 5495 3499 5538 montes
3525 5485 3584 5538 ἐι
3616 5487 3824 5538 investi-

2255 5557 2368 5627 gari
2395 5569 2445 5612 et
2477 5557 2787 5612 transcurri'
2809 5559 2920 5611 sine
2953 5557 3238 5625 offensione
3265 5566 3528 5627 possunt,
3547 5571 3674 5608 arva
3695 5571 3830 5627 item

2260 5625 2398 5705 trum
2423 5630 2718 5705 patiuntur,
2748 5631 2810 5680 ob
2830 5630 3074 5705 tramites
3105 5627 3400 5705 limitesque
3424 5626 3653 5705 crebros.
3683 5625 3829 5705 (lion-

2258 5706 2340 5751 tra
2371 5696 2539 5772 ῥργάς
2563 5739 2578 5761 ,
2624 5699 2780 5772 άδος,
2830 5698 2881 5752 id
2927 5707 3007 5752 est
3042 5697 3227 5758 ἄνετος
3267 5696 3374 5765 γῆ,
3411 5707 3551 5748 terra
3591 5696 3832 5760 inculta,

2259 5769 2433 5839 qualis
2462 5781 2542 5826 est
2581 5771 2766 5824 saltus.
