4122 6456
389 406 458 462 i0
467 407 530 462 ινδ

889 517 1288 574 ΚΕΦΑΛΑΙΟΝ
1345 517 1463 570 ΛΔ’.

387 612 591 681 Ὅπως
607 610 935 683 μετέϐαλεν·
958 613 989 683 d
1013 607 1266 683 Πλάτων
1297 607 1412 683 ,ἐπὶ
1563 605 1974 675 Ἑλληνικώτε-

729 699 846 751 ρον
867 679 940 733 τὰ
960 679 1030 732 ἐν
1055 678 1618 747 Παροιμίαις-λόγια.

470 777 557 829 Ἐν
585 778 704 839 ταῖς
732 771 1060 846 Παροιμίαις
1113 771 1456 842 Σολομῶντος
1498 771 1778 841 συντόμως
1816 788 1974 841 φερο-
2017 806 2028 816 .

390 869 552 940 μένου
581 868 698 922 τοῦ’
737 887 756 919 ο
796 869 1000 939 Μνήμη
1039 865 1264 920 δικαίων
1307 868 1421 936 μετ’
1448 865 1760 935 ²εγκωμίων,
1802 864 1974 934 ὄνομα

382 957 442 1009 δὲ
467 957 679 1010 ἀσεϐῶν
711 957 1013 1010 σϐέννυταιο
1030 974 1046 1007 ι
1071 956 1165 1008 καὶ
1189 954 1349 1008 πάλιν
1377 953 1666 1025 εἰρημένου
1688 952 1802 1006 τοῦ·
1834 973 1852 1004 ι
1879 954 1970 1024 Μὴ

379 1049 699 1121 μακαρίσῃς
729 1048 894 1119 ἄνδρα
934 1047 1040 1118 πρὸ
1069 1046 1326 1115 τελευτῆς
1376 1044 1560 1098 αὑτοῦ·
1603 1064 1620 1096 ι
1670 1045 1973 1099 ἐπάκουσον

381 1141 532 1202 ὅπως
564 1141 662 1209 τὴν
696 1139 932 1192 διάνοιαν
959 1137 1248 1210 έρμηνεύει
1273 1137 1449 1205 λέγων
1484 1138 1512 1190 ὁ
1541 1135 1766 1190 Πλάτων
1800 1138 1856 1190 ὲν
1893 1135 1972 1207 τῷ

382 1213 733 1303 ἑϐδόμῳτῶν
760 1232 990 1301 Νόμων·
1024 1249 1043 1282 ι
1073 1229 1192 1282 Τῶν
1224 1228 1455 1282 πολιτῶν
1482 1228 1590 1299 (⁷75)
1611 1228 1796 1281 ὁπόσοι
1819 1227 1972 1292 τέλος

380 1324 556 1395 ἔχοιεν
580 1322 673 1377 τοῦ
715 1323 852 1394 βίου,
883 1321 1027 1376 κατὰ
1059 1321 1309 1392 σώματα,
1345 1321 1379 1392 ἢ
1411 1320 1553 1374 κατά
1590 1319 1769 1391 ψυχὰς
1798 1320 1972 1392 ἐξειρ-

379 1417 647 1490 γασμένοι
668 1417 806 1489 ἔργα
835 1416 976 1470 κοιλά
1003 1415 1098 1468 καὶ
1121 1415 1376 1478 ἐπίπονα,
1402 1413 1498 1467 καὶ
1525 1416 1640 1477 τοῖς
1665 1413 1849 1484 νόμοις
1878 1415 1970 1467 εύ-

376 1510 591 1574 πειθεῖς
623 1509 931 1579 γεγονότες,
955 1507 1246 1577 ἐγκωμίων
1287 1505 1486 1569 αὐτοὺς
1526 1506 1815 1576 τυγχάνειν
1836 1504 1971 1578 πρέ-

378 1619 484 1655 πον
507 1602 574 1657 ἂν
593 1601 699 1672 εἴη.
725 1632 797 1642 —
821 1599 948 1663 Πῶς
981 1599 1024 1652 δ’
1047 1596 1107 1652 ού
1135 1614 1150 1664 ;
1172 1629 1243 1639 —-
1259 1596 1398 1660 Τούς
1427 1614 1492 1666 γε
1518 1596 1624 1668 μὴν
1645 1597 1726 1651 έτι
1760 1597 1970 1662 ζῶντας

373 1693 677 1764 ἐγκωμίοις
720 1709 780 1746 τε
819 1693 913 1746 καὶ
959 1690 1149 1762 ὕμνοις
1179 1691 1348 1762 τιμᾷν
1393 1692 1494 1745 οὐκ
1545 1689 1806 1758 ἀσφαλὲς,
1838 1689 1970 1760 πρὶν

375 1785 446 1839 ἂν
481 1785 697 1840 ἅπαντά
721 1801 806 1847 τις
827 1782 920 1837 τὸν
968 1782 1082 1854 βίον
1112 1781 1447 1855 διαδραμὼν,
1491 1783 1644 1846 τέλος
1673 1783 1968 1854 ἐπιστήσηο

1514 394 1842 452 ΡΒᾹΞΡΑΠ.
1873 395 2124 452 EVANG.
2169 395 2297 451 LIB.
2341 395 2456 450 XII.

1998 517 2048 579 Α

3506 403 3608 457 ,1⁵91
3623 411 3652 458 ι

2429 517 2594 591 θιο
2633 517 2860 574 CAPUT
2899 518 3136 573 xxxw.

2077 606 2531 674 Quemadmodum
2553 609 2712 663 Plato
2737 611 2979 674 qua’dam
3001 629 3066 666 ex
3089 612 3385 666 Proverbiis
3409 615 3651 674 oracula.

2160 678 2346 733 Graeca
2376 681 2605 734 dictione
2626 683 2809 751 purius
2839 691 2889 735 et
2913 682 3204 752 elegantius
3235 686 3568 751 expresserit.

2143 769 2202 823 In
2251 771 2562 828 Salomonis
2627 771 2939 829 Proverbiis
2999 775 3072 830 ita
3131 775 3370 830 breviter
3418 776 3650 846 legitur:

2079 879 2099 912 ι
2145 858 2406 916 Memoria
2450 862 2725 932 justorum
2783 879 2908 918 cum
2951 864 3236 933 laudibus,
3284 880 3481 918 nomen
3526 881 3655 922 vero

2073 951 2365 1020 impiorum
2412 953 2837 1022 exstinguitur‘.
2875 973 2894 1006 ι
2933 953 3174 1024 Itemque
3210 978 3220 1010 :
3262 973 3280 1006 ι
3309 951 3388 1010 Ne
3428 956 3654 1011 beatum

2072 1042 2277 1097 dixeris
2323 1043 2502 1097 virum
2553 1053 2677 1099 ante
2725 1053 2954 1099 mortem
3006 1045 3188 1114 ejus'.
3252 1063 3271 1098 ›
3329 1045 3472 1100 Audi
3525 1062 3653 1101 vero

2073 1135 2535 1206 quemadmodum
2563 1137 2668 1192 loci
2698 1137 2985 1206 utriusque
3011 1137 3334 1194 sententiam
3369 1137 3521 1193 Plato
3549 1137 3652 1192 Le-

2072 1244 2196 1299 gum
2251 1227 2484 1298 septimo
2527 1229 2829 1284 reddiderit
2858 1245 2871 1281 :
2914 1247 2932 1280 (
2965 1228 3007 1282 Ε
3038 1230 3281 1293 civibus,
3316 1230 3494 1300 inquit
3527 1231 3653 1298 ille,

2070 1320 2163 1390 qui
2210 1323 2372 1376 linem
2416 1321 2631 1376 vivendi
2679 1321 2949 1389 fecerint,
2980 1336 3109 1390 eos,
3147 1322 3192 1378 si
3228 1323 3390 1377 modo
3423 1338 3654 1392 corpore

2069 1413 2155 1467 vel
2185 1413 2372 1468 animo
2395 1413 2656 1483 praeclare
2683 1430 2748 1470 ac
2777 1423 2998 1470 strenue
3025 1430 3085 1470 se
3109 1415 3396 1485 gesserint,
3419 1415 3656 1487 legibus-

2070 1519 2177 1573 que
2223 1505 2507 1574 paruerint
2534 1544 2550 1570 ,
2587 1505 2843 1562 laudibus
2873 1506 3136 1562 celebrari
3163 1523 3350 1563 verum
3379 1506 3563 1562 fuerit.
3584 1537 3656 1548 —

2069 1595 2268 1662 Quidni
2299 1597 2459 1652 ante?
2477 1627 2548 1637 —
2572 1597 2642 1652 At
2665 1598 2795 1653 dum
2828 1599 3006 1655 adhuc
3031 1599 3252 1664 vivunt,
3292 1599 3397 1655 hoc
3419 1613 3511 1653 eos
3535 1599 3650 1652 lau-

2070 1687 2355 1743 dationum
2388 1698 2441 1744 et
2469 1701 2732 1744 cantuum
2782 1706 2981 1761 genere
3010 1693 3308 1762 prosequi,
3341 1692 3524 1746 minus
3566 1706 3654 1746 se-

2071 1793 2295 1844 curum,
2326 1781 2664 1850 omninoque
2710 1781 3030 1853 priusquam
3087 1784 3320 1840 decurso
3369 1784 3493 1854 quis
3538 1792 3652 1839 toto

369 1892 466 1929 ται
497 1874 680 1928 καλόν.
707 1873 892 1928 Ταῦτα
915 1873 972 1927 δὲ
997 1873 1174 1928 πάντα
1206 1875 1338 1946 ἡμῖν
1363 1873 1504 1928 ἔστω
1525 1871 1702 1938 κοινὰ,
1738 1873 1968 1944 ἀνδράσι

2069 1872 2195 1926 vita:
2236 1872 2435 1942 spatio,
2489 1872 2755 1928 laudabili
2786 1891 2906 1930 eam
2933 1876 3081 1931 exitu
3112 1875 3438 1930 terminarit.
3475 1875 3654 1944 Atque

367 1983 437 2020 τε
485 1967 581 2020 καὶ
639 1964 906 2035 γυναιξὶν,
963 1965 1189 2034 ἀγαθοῖς
1251 1965 1348 2020 καὶ
1405 1965 1637 2034 ἀγαθαῖς
1697 1963 1970 2034 διαφανῶς

368 2059 704 2130 γενομένοις.
719 2077 738 2110 ι

869 2239 1281 2295 ’ΚΕΦΑΛΑῙΟΝ
1324 2238 1450 2295 ΛΕ’.

726 2335 865 2403 Περὶ
916 2337 1184 2389 πλούτου
1232 2335 1332 2389 καὶ
1379 2333 1611 2398 πενίας.

391 2441 394 2444 ’
447 2443 466 2477 ε
499 2423 736 2478 Πλοῦτον
768 2425 826 2479 δὲ
875 2427 970 2479 καὶ
998 2426 1187 2480 πενίαν
1221 2428 1294 2498 μή
1346 2443 1434 2497 μοι
1468 2423 1595 2495 δῷς,
1627 2442 1646 2476 ι
1691 2422 1786 2477 τοῦ
1816 2425 1966 2477 Σολο-

370 2514 587 2585 μῶντος
619 2516 891 2586 φήσαντος
917 2518 974 2569 ἐν
999 2517 1349 2587 Παροιμίαις,
1376 2517 1405 2568 ὁ
1431 2515 1659 2568 Πλάτων
1706 2516 1766 2569 ὲν
1796 2516 1964 2586 τρίτῳ

363 2606 687 2673 Πολιτείας
710 2606 821 2676 (76)
862 2606 1048 2678 φησὶνυ
1108 2625 1129 2659 ‹
1159 2607 1364 2679 Ἕτερα
1394 2607 1475 2672 δὲ,
1524 2607 1602 2670 ὡς
1633 2605 1798 2671 ἔοικε,
1851 2609 1964 2671 τοῖς

365 2696 600 2766 φύλαξιν
634 2699 971 2769 εὑρήκαμεν,
992 2698 1028 2752 ἃ
1061 2699 1224 2752 παντὶ
1251 2699 1437 2771 τρόπῳ
1469 2698 1792 2767 φυλακτέον,
1813 2698 1963 2762 ὅπως

370 2790 451 2860 μή
483 2806 612 2842 ποτε
643 2791 842 2854 αὐτοὺς
869 2791 1010 2865 λήσῃ
1058 2793 1137 2856 είς
1188 2791 1288 2862 τὴν
1333 2791 1487 2846 πόλιν
1520 2789 1852 2862 παραδύντα.
1893 2821 1963 2831 -——
2002 2817 2005 2820 -

364 2881 454 2937 Τὰ
477 2885 603 2936 ποῖα
623 2882 797 2938 ταῦτα
821 2901 836 2949 ;
863 2912 934 2925 --
956 2884 1192 2949 Πλοῦτός
1214 2903 1295 2950 τε,
1318 2881 1386 2956 ἦν
1410 2885 1454 2939 δ’
1483 2884 1616 2954 ἐγὼ,
1647 2886 1742 2939 καὶ
1777 2884 1958 2939 πενία·

364 2971 447 3038 ὡς
498 2973 593 3028 τοῦ
649 2975 747 3045 μὲν
777 2976 1012 3047 τρυφὴν,
1043 2976 1140 3030 καὶ
1180 2975 1401 3048 ἀργίαν,
1448 2976 1542 3029 καὶ
1600 2975 1961 3046 νεωτερισμὸν

365 3065 743 3136 ἐμποιοῦντος,
799 3068 899 3138 τῆς
943 3068 988 3121 δ’
1014 3067 1417 3140 ἀνελευθερίαν,
1468 3067 1566 3121 καὶ
1625 3067 1960 3138 κακοεργίαν

365 3153 506 3226 πρὸς
533 3154 610 3226 τῷ
635 3155 1008 3228 νεωτερισμῷ.
1057 3157 1377 3229 Κακοεργία
1409 3155 1475 3211 δέ,
1492 3157 1618 3210 ἐστι·
1639 3157 1791 3211 πᾶσα
1818 3157 1960 3228 πρᾶ-

364 3243 464 3314 ξις
482 3246 693 3323 ἄτιμος.
709 3267 731 3302 ι
1615 3257 1622 3262 ’

868 3428 1265 3482 ΚΕΦᾹΛΑΙΟΝ
1319 3429 1461 3495 AG’.

852 3519 995 3588 Περὶ
1037 3518 1262 3588 γονέων
1291 3517 1488 3587 τιμῆς.

440 3614 612 3668 Πάλιν
637 3614 918 3678 Μωῦλσέως
959 3616 1018 3669 ὲν
1041 3617 1153 3678 τοῖς
1180 3614 1367 3685 νόμοις
1415 3614 1635 3684 φάντος,
1665 3615 1965 3678 ιἜκαστος

363 3709 586 3781 πατέρα
621 3708 783 3763 αὑτοῦ
817 3709 1147 3781 καὶμητέρα
1195 3707 1486 3778 φοϐείσθωο
1527 3727 1546 3761 ι
1601 3708 1718 3771 καὶ,
1766 3725 1787 3759 ι
1818 3708 1966 3780 Τίμα

364 3801 464 3856 τὸν
493 3800 706 3873 πατέρα
733 3818 826 3854 σου
849 3803 943 3854 καὶ
987 3801 1086 3874 τὴν
1136 3802 1348 3872 μητέρα
1378 3817 1493 3866 σου,
1526 3801 1613 3856 ἵνα
1644 3796 1704 3855 εὖ
1741 3797 1900 3876 σοι
1940 3821 1959 3854 ι

364 3895 468 3948 καὶ
495 3897 525 3947 ὁ
577 3893 802 3947 Πλάτων
859 3892 1060 3964 ὁμοίως
1087 3895 1296 3965 Μωῦσῇ
1343 3895 1508 3965 τιμᾷν
1536 3893 1632 3947 καὶ
1686 3894 1965 3965 φοϐεῖσθαι

363 3980 472 4041 ῶδέ
501 3986 617 4052 πώς
645 4004 808 4059 φησιν
841 3988 897 4040 ὲν
918 3989 1029 4050 τοῖς
1075 3989 1313 4057 Νόμοις
1356 4006 1375 4040 ι
1423 3989 1539 4052 Πᾶς
1564 3988 1621 4042 δὲ
1662 3988 1787 4043 νοῦν
1825 3988 1966 4060 έχων

365 4079 484 4149 (77)
516 4078 761 4148 φοϐεῖται
794 4080 887 4133 καὶ
913 4081 1050 4151 τιμᾷ
1081 4081 1284 4148 γονέων
1313 4081 1502 4152 εὐχὰς,
1549 4081 1708 4146 εἰδὼς
1751 4081 1966 4146 πολλοῖς

365 4173 465 4227 καὶ
493 4173 752 4239 πολλάκις
793 4173 1062 4236 ἐπιτελεῖς
1113 4173 1463 4244 γενομένας.»
1522 4175 1635 4228 Καὶ
1680 4173 1843 4227 πάλιν
1908 4175 1966 4226 ὲν

364 4265 544 4337 ἑτέρῳ
567 4265 720 4337 φησί·
764 4283 782 4316 ‹
816 4265 934 4330 Πᾶς
990 4267 1120 4337 ἡμῖν
1167 4265 1420 4320 αἰδείσθω
1467 4265 1580 4337 (78)
1623 4265 1716 4320 τὸν
1767 4265 1963 4320 ἑαυτοῦ

364 4355 740 4429 πρεσϐύτερον
788 4355 934 4429 ἔργῳ
969 4373 1031 4409 τε
1081 4358 1174 4410 καὶ
1206 4356 1369 4428 λόγῳ.
1414 4356 1520 4411 Τὸν
1566 4356 1624 4409 δὲ
1664 4355 1965 4428 προέχοντα

363 4449 576 4503 εἴκοσιν
598 4448 816 4520 ἡλικίας
848 4448 1027 4502 ἐτεσιν
1053 4449 1258 4522 ἄρρενα
1304 4449 1338 4521 ἢ
1373 4449 1562 4521 θῆλυν,
1598 4448 1835 4517 νομίζων
1888 4449 1964 4512 ὼς

364 4539 587 4612 πατέρα
615 4540 648 4612 ἢ
673 4541 886 4613 μητέρα
908 4539 1315 4594 διευλαϐείσθω.
1333 4560 1351 4592 ι

862 4819 871 4864 l
891 4816 1288 4870 ΚΕΦΑΛΑΙΟΝ
1314 4816 1436 4870 ΛΖ⁸.

795 4909 938 4977 Περὶ
969 4908 1241 4976 κτήσεως
1259 4907 1525 4964 οἷκετῶν.
1581 4969 1593 4992 Ι

440 5000 719 5064 Μωῦσέως
733 5001 792 5054 ἐν
812 5005 926 5066 τοῖς
958 5001 1143 5073 νόμοις
1163 5000 1663 5073 ἀπαγορεύσαντος,
1689 4999 1963 5071 Ἑϐραίοις

377 5092 668 5164 Ἐϐραίους
696 5092 988 5159 δουλεύειν,
1022 5095 1118 5147 καὶ
1152 5094 1447 5165 φήσαντος,
1520 5111 1540 5145 ‹
1594 5090 1721 5145 Ἐὰν
1779 5093 1962 5165 κτήσῃ

362 5187 536 5240 παῖδα
573 5186 840 5258 Ἐϐραῖον,
868 5186 929 5254 ἓξ
953 5186 1046 5259 ἐτη
1076 5187 1349 5241 δουλεύσει
1389 5202 1492 5240 σοι’
1550 5184 1628 5255 τῷ
1667 5184 1724 5238 δὲ
1751 5184 1962 5255 ἑϐδόμῳ

442 5351 460 5383 ¹
499 5350 662 5406 Prov.
693 5367 748 5415 χ,
781 5350 835 5404 7.
912 5353 932 5383 ³
973 5349 1142 5407 Eccli.
1185 5352 1278 5421 xfj,
1306 5350 1398 5406 50.
1477 5350 1497 5381 ³
1537 5348 1710 5404 Exod.
1746 5365 1836 5416 xx,
1875 5349 1962 5405 ιε.

443 5492 556 5634 ἵῖὕ)
583 5492 707 5545 Τῶν
735 5491 1016 5545 πολιτῶν.
1042 5491 1217 5552 Plato.
1245 5493 1341 5548 lib.
1373 5509 1445 5548 vn
1481 5491 1632 5564 Leg.,
1659 5510 1712 5562 p.
1745 5492 1871 5558 652,
1898 5495 1960 5548 A.

469 5563 534 5617 76
588 5563 711 5634 ίῈν
755 5563 1163 5634 τ’Πολιτείας.
1207 5563 1320 5618 lmo
1372 5563 1468 5618 lib.
1520 5579 1570 5618 Iv
1603 5564 1679 5618 De
1719 5563 1960 5634 republ.,

469 5563 556 5632 76)
588 5563 711 5634 ίῈν
755 5563 1163 5634 τ’Πολιτείας.
1207 5563 1320 5618 lmo
1372 5563 1468 5618 lib.
1520 5563 1571 5618 Iv
1603 5564 1679 5618 De
1719 5563 1960 5634 republ.,

373 5632 725 5786 ρῗῗῂῗὲἔς
751 5703 818 5786 (ῗέ
850 5705 1003 5786 νέὲὗτῖ
1035 5704 1214 5784 £10?”-
1255 5701 1556 5786 Ῑτεθιιηιὲιο
1589 5703 1958 5786 νθὲκβεὲτέἕν

375 5773 466 5829 ubi
503 5775 611 5837 πᾶς
641 5775 728 5846 δή.
768 5774 846 5829 lb.
879 5773 941 5828 F.
982 5776 1104 5846 hac
1127 5775 1242 5846 ipsa
1269 5773 1343 5827 de
1380 5775 1539 5846 reita
1570 5773 1780 5837 scribit,
1812 5775 1959 5846 uiae:

373 5861 551 5910 πους,
606 5843 818 5916 inquit,
877 5843 1234 5916 ἀτιμασθεὶς,
1301 5844 1565 5911 ἐπεύξατο
1626 5848 1737 5908 τοῖς
1792 5844 1955 5899 αὑτοῦ

2071 1963 2187 2018 ιιωο
2215 1964 2402 2019 omnia
2433 1965 2592 2020 nobis
2621 1980 2689 2020 ex
2713 1981 2870 2036 asquo
2901 1976 3013 2022 tam
3037 1968 3360 2024 mulieribus
3387 1984 3552 2038 quam
3580 1965 3656 2023 fe-

2071 2056 2239 2112 minis
2263 2095 2279 2121 ,
2309 2056 2405 2127 qui
2441 2057 2606 2112 modo
2635 2058 2836 2114 eximia
2868 2060 3139 2130 probitate
3169 2059 3437 2115 fuerimus
3456 2099 3472 2126 ,
3503 2073 3657 2114 com-

2071 2147 2258 2202 munia
2287 2156 2473 2203 sunto.
2502 2168 2521 2202 ι

2607 2239 2839 2298 CAPUT
2903 2241 3120 2298 XXXV.

2526 2335 2608 2389 De
2657 2337 2844 2406 opibus
2891 2346 2941 2390 et
2988 2338 3191 2405 inopia.

2140 2424 2455 2480 Salomonis
2485 2427 2539 2480 in
2565 2425 2878 2484 Proverbiis
2909 2429 3024 2483 haec
3049 2427 3294 2499 precatio
3316 2437 3421 2493 est,
3455 2447 3474 2482 ‹
3502 2427 3657 2485 Divi-

2065 2515 2170 2572 tias
2201 2526 2257 2571 et
2281 2527 2662 2586 paupertatem
2696 2535 2765 2574 ne
2799 2520 3014 2576 dederis
3045 2522 3202 2576 mihi.
3224 2541 3246 2575 ι
3280 2519 3440 2576 Plato
3468 2532 3649 2577 autem

2062 2606 2382 2676 Reipublicaz
2420 2609 2619 2665 tertio:
2662 2629 2680 2662 ε
2711 2609 2853 2682 Ergo
2882 2612 2984 2666 alia
3021 2612 3270 2681 quaedam
3295 2651 3310 2676 ,
3341 2611 3556 2681 inquit,
3597 2613 3655 2666 ni

2063 2699 2259 2767 fallor,
2288 2707 2632 2772 reperimus,
2668 2719 2792 2773 quae
2833 2719 2900 2758 ne
2930 2704 2984 2757 in
3016 2704 3292 2759 civitatem
3323 2702 3511 2757 furtim
3546 2719 3655 2757 un-

2063 2803 2308 2863 quamet
2345 2795 2558 2850 occulte
2611 2795 2886 2860 subeant,
2936 2795 3006 2849 ab
3050 2796 3171 2864 ejus
3216 2795 3656 2851 moderatoribus

2061 2885 2211 2939 omni
2241 2885 2552 2954 provisione
2574 2885 2879 2940 cavendum
2906 2887 3109 2941 erit.—
3123 2884 3387 2951 Quaenam
3421 2886 3553 2940 illa?
3581 2917 3656 2928 —

2062 2975 2225 3046 Opes,
2256 2977 2504 3046 inquam.
2532 2986 2588 3033 et
2620 2978 2806 3046 inopia
2830 2995 2844 3030 ε
2867 2977 3013 3047 quod
3041 2977 3146 3031 illa:
3178 2977 3398 3046 quidem
3428 2977 3649 3040 luxum.

2063 3067 2360 3138 ignaviam,
2394 3083 2693 3138 rerumque
2722 3083 2986 3122 novarum
3011 3069 3347 3123 molitionem
3370 3068 3653 3134 invebant,

2061 3160 2176 3215 haec
2193 3174 2322 3214 vero
2334 3168 2528 3230 praeter
2550 3159 2840 3227 factiones,
2863 3160 3280 3216 illiberalitatem
3299 3161 3465 3217 simul
3491 3171 3656 3233 atque

2068 3249 2356 3306 malitiam.
2410 3250 2628 3305 Malitia:
2669 3261 2851 3306 autem
2885 3253 3112 3309 nomine
3149 3251 3435 3323 indignum
3488 3268 3653 3311 omne

2067 3341 2295 3397 facinus.
2315 3343 2644 3398 continetur.
2681 3363 2699 3394 ι

2633 3435 2887 3491 CAPUT.
2942 3435 3186 3492 XXXVI.

2319 3528 2394 3583 De
2427 3539 2706 3598 parentum
2737 3529 2932 3584 honore
2959 3538 3007 3584 et
3029 3530 3382 3584 obseruantia.

2141 3621 2347 3692 Hoysis
2370 3622 2476 3677 hoc
2504 3621 2558 3676 in
2588 3621 2706 3677 suis
2737 3621 2948 3692 legibus
2981 3616 3317 3692 prmceptum
3343 3631 3459 3677 est:
3495 3619 3658 3690 «Qui-

2069 3715 2200 3769 libet
2240 3724 2447 3784 patrem
2494 3729 2656 3770 suum
2702 3723 2755 3770 et
2786 3722 3018 3769 matrem
3065 3715 3274 3770 timeat.
3311 3732 3330 3766 ι
3367 3713 3652 3784 Itemque:

2069 3805 2287 3860 Honora
2316 3814 2523 3874 patrem
2551 3816 2706 3861 tuum
2739 3815 2794 3860 et
2820 3818 3050 3860 matrem
3086 3813 3260 3870 tuam,
3297 3813 3357 3860 ut
3381 3804 3522 3860 bene
3555 3803 3654 3858 tibi

2069 3899 2195 3954 sit”.
2212 3919 2230 3950 ι
2257 3897 2371 3953 Hoc
2397 3909 2576 3954 metus
2607 3898 2943 3968 honorisque
2966 3913 3136 3966 genus
3153 3895 3304 3951 Plato
3327 3895 3578 3952 similiter
3600 3897 3657 3950 in

2067 3988 2290 4059 Legibus
2309 3989 2381 4044 ita
2401 3989 2610 4044 sanxit:
2633 4007 2652 4039 ι
2673 3987 2998 4057 Quicunque
3013 3987 3210 4043 mentis
3223 4003 3448 4059 compos
3466 3986 3654 4052 fuerit,

2069 4083 2266 4153 inquit,
2293 4083 2340 4137 is
2365 4089 2654 4151 parentum
2691 4095 2918 4136 suorum
2947 4095 3138 4150 preces
3165 4095 3230 4134 ac
3263 4089 3388 4134 vota
3426 4087 3653 4144 metuet,

2067 4174 2228 4245 611
2275 4173 2609 4242 plurimique
2643 4168 2846 4234 faciet,
2872 4170 3021 4240 quod
3059 4171 3114 4222 in
3152 4168 3341 4224 multis
3371 4175 3426 4222 et
3456 4168 3656 4236 sapius

2067 4264 2362 4319 commissa
2389 4263 2480 4317 illa
2508 4271 2560 4317 et
2581 4263 2831 4317 convicta
2857 4277 2979 4316 esse
3004 4262 3236 4316 noverit.
3277 4281 3295 4313 ι
3332 4260 3656 4331 Rursusque

2069 4349 2349 4410 alio‘libro
2377 4372 2390 4408 :
2421 4374 2440 4407 ι
2472 4354 2644 4408 Nemo
2683 4370 2794 4408 non
2840 4354 2982 4422 apud
3010 4369 3112 4408 nos
3139 4369 3264 4408 eum
3292 4369 3322 4407 a
3355 4369 3465 4424 quo
3497 4363 3656 4409 aetate

2069 4448 2440 4517 superabitur,
2470 4454 2580 4502 tam
2616 4461 2780 4516 opere
2809 4460 2975 4516 quam
3004 4445 3186 4501 verbis
3209 4446 3516 4501 observato.
3551 4446 3657 4512 Qui

1998 4543 2043 4598 D
2072 4549 2252 4595 autem
2287 4556 2348 4595 se
2391 4539 2551 4595 annis
2581 4539 2769 4610 viginti
2809 4537 3122 4604 antecedet,
3158 4553 3256 4594 seu
3293 4539 3377 4593 vir
3403 4538 3528 4602 ille.
3558 4554 3655 4594 seu

2068 4631 2271 4686 femina
2302 4629 2504 4695 fuerit,
2536 4630 2686 4685 hunc
2730 4629 2787 4683 in
2839 4628 3013 4700 patris
3059 4638 3154 4685 aut
3181 4629 3375 4687 matris
3401 4629 3522 4686 loco
3555 4629 3657 4684 ha-

2067 4721 2232 4786 bens,
2256 4729 2566 4777 venerator.
2601 4738 2622 4773 ι

2590 4809 2821 4866 CAPUT
2859 4810 3132 4867 XXXVII.

2485 4903 2560 4960 De
2586 4906 2913 4975 possessione
2941 4922 3234 4960 servorum.

2138 4996 2326 5053 Vetuit
2352 4996 2564 5069 Moyses
2592 4998 2648 5052 in
2682 4998 2913 5069 legibus,
2945 5013 3015 5054 ne
3040 4995 3283 5053 Hebrazis
3303 4993 3513 5051 Hebraei
3542 5008 3658 5049 ser-

2068 5090 2253 5155 viant,
2299 5090 2648 5160 addiditque,
2706 5107 2724 5139 ι
2758 5089 2815 5144 Si
2841 5090 3043 5145 emeris
3072 5081 3292 5145 servum
3328 5085 3614 5142 I-Iebraaum
3636 5126 3654 5151 ,

2070 5197 2166 5238 sex
2195 5196 2370 5237 annos
2403 5182 2601 5237 serviet
2631 5181 2729 5236 tibi
2757 5199 2768 5232 :
2801 5182 3036 5252 septimo
3073 5190 3254 5236 autem
3290 5194 3436 5234 anno
3470 5178 3656 5233 dimit-

2020 5511 2032 5529 ο
2072 5492 2312 5555 τέκνοις,
2341 5490 2376 5544 ἃ
2410 5491 2474 5560 δὴ
2509 5491 2599 5544 καὶ
2629 5491 2736 5552 πᾶς
2768 5489 2930 5560 ὑμνεῖ
2959 5487 3119 5560 τέλεα
3144 5487 3236 5560 καὶ
3263 5487 3477 5560 ἐπήκοα
3498 5485 3656 5560 γενέξ

2073 5564 2195 5616 σθαι
2233 5563 2383 5633 παρὰ
2428 5555 2564 5633 θεῶν
2580 5577 2612 5633 Ἀ
2649 5555 2957 5633 Ἀμύντορά
2998 5575 3064 5633 τε⁸
3091 5556 3413 5633 optmch
3442 5555 3652 5633 Αέαυτοῦ

2068 5626 2378 5704 ἐπαρᾶσθαι
2413 5629 2563 5704 παιδὶ
2591 5626 2908 5704 θυμωθέντα
2933 5671 2945 5693 ,
2984 5629 3075 5704 καὶ
3111 5626 3410 5704 Ἱππολύτῳ
3435 5626 3650 5704 Θησέα,

2067 5705 2158 5755 καὶ
2179 5691 2596 5773 ἐτέρους-ἅλλοις
2621 5691 2844 5773 μυρίους
2866 5691 3092 5773 μυρίοις
3116 5715 3130 5728 ο
3150 5691 3232 5773 ῶν
3249 5691 3439 5773 γέγονε
3459 5691 3651 5766 σαφὲς,

2065 5767 2334 5834 ἐπτκὸους
2368 5767 2506 5823 εἶναι
2538 5767 2754 5838 γονεῦσι
2785 5767 2921 5840 πρὸς
2947 5767 3109 5822 τέκνα
3145 5767 3319 5831 θεούς.

2137 5807 2248 5895 iis»
2287 5840 2410 5895 Πᾶς
2426 5840 2570 5895 ἡμῖν
2597 5840 2894 5895 αἰδείσθω.
2915 5839 3032 5895 Lib.
3055 5856 3108 5894 IX
3139 5839 3319 5895 Lcmm.

2095 5924 2098 5926 Ὺ
2137 5835 2248 5916 (78)
2287 5840 2410 5910 Πᾶς
2426 5835 2570 5911 ἡμῖν
2597 5835 2894 5896 αἰδείσθω.
2915 5839 3032 5896 Lib.
3055 5856 3108 5894 ix
3139 5839 3352 5911 Legum,
3378 5835 3658 5912 p.66-2Ji'.
