4122 6416
572 378 715 436 1615

1240 381 1511 438 EUSEBII
1545 381 2023 438 CIESARIENSIS
2061 379 2209 436 OPP.
2250 379 2430 436 PARS
2468 379 2532 434 ll.
2573 409 2644 420 —
2682 368 3186 436 APOLOGETICA.

3684 379 3827 436 1016

569 503 650 549 tes
674 509 799 549 eum
836 494 1065 550 liberum
1087 497 1122 549 ³.
1162 516 1180 548 ι
1212 497 1424 563 Quibus
1453 500 1667 569 gemina
1699 498 1854 555 Plato
1885 499 1938 554 in
1968 499 2109 569 llepu

2215 497 2353 556 ,ἔτει
2378 496 2754 562 ὲξαποστελεῖς
2781 496 2942 550 αὑτὸν
2974 495 3276 566 ἐλεύθερον·
3317 512 3335 546 ι
3375 495 3468 550 καὶ
3518 496 3546 549 6
3596 496 3824 552 Πλάτων

568 586 706 639 Mica
733 586 1052 656 praecipiens
1077 607 1091 643 :
1122 609 1140 639 ‹
1170 588 1441 658 Graecum,
1471 591 1666 661 inquit,
1691 605 1907 646 servum
1924 589 2144 646 Graecus

569 691 730 731 nemo
755 676 1066 747 possideat,
1096 678 1257 750 idque
1291 696 1415 736 cum
1445 681 1592 736 cives
1639 680 1814 735 nostri
1857 681 2144 751 diligenter

565 767 877 832 observem,
910 777 1024 822 tum
1054 770 1174 824 aliis
1207 785 1426 841 quoque
1452 770 1657 826 Graecis
1678 769 1821 825 idem
1852 781 1913 826 ut
1940 770 2144 826 faciant

562 865 816 912 auctores
847 858 1310 928 sint.—Prorsus,
1342 860 1715 932 inquit.——Sic
1746 863 2023 919 enimvero
2052 864 2141 918 fu-

563 959 746 1003 turum
780 959 884 1014 est,
915 960 973 1005 ut
999 953 1171 1007 multo
1199 953 1478 1019 libentius,
1504 955 1634 1009 dum
1665 956 1768 1010 sibi
1801 967 1990 1012 mutuo
2017 972 2141 1026 par-

561 1050 704 1108 cent,
742 1043 796 1096 in
837 1043 1100 1100 barbaros
1125 1061 1274 1100 arma
1306 1056 1646 1101 convertant.
1685 1067 1703 1099 ι

1071 1136 1300 1192 CAPUT
1337 1137 1626 1191 XXXVIII.

557 1226 848 1289 Quomodo.
865 1226 1000 1280 illud
1037 1227 1230 1298 Moysis
1264 1232 1600 1299 expresserit,
1635 1250 1652 1282 ι
1689 1231 1959 1287 Termino:
1985 1244 2137 1289 teter-

663 1310 756 1348 nos
779 1312 845 1349 ne
870 1299 1162 1366 transferas
1191 1317 1321 1369 quos
1344 1311 1629 1369 posuerunt
1652 1312 1830 1371 patres
1865 1305 1962 1358 tui.
2006 1323 2025 1356 ι

633 1403 652 1436 ι
684 1383 889 1458 Nemo,
947 1389 1160 1461 inquit,
1193 1393 1308 1462 agri
1341 1394 1480 1447 lines
1507 1409 1754 1458 moveto,
1792 1410 1969 1465 neque
2001 1395 2136 1452 civis

553 1474 719 1530 ullius
760 1477 845 1531 sui
887 1493 1050 1548 quem
1087 1479 1327 1535 vicinum
1364 1482 1661 1548 habuerit,
1691 1500 1868 1554 neque
1910 1485 2136 1540 alterius

551 1565 931 1638 cujuscunque
975 1570 1190 1626 ﬁnitimi
1217 1612 1231 1635 ,
1260 1572 1425 1627 etiam
1461 1575 1745 1642 extranei,
1777 1575 1872 1645 qui
1904 1574 2130 1630 fundum

549 1656 654 1710 sub
680 1667 954 1720 extremos
983 1663 1100 1732 agri
1138 1663 1222 1718 sui
1255 1663 1454 1720 limites
1482 1669 1760 1736 possideat
1784 1687 1798 1735 ;
1829 1680 1982 1726 ratus
2008 1685 2132 1725 vere

548 1746 602 1800 id
634 1763 778 1812 esse,
810 1751 1059 1817 immota,
1095 1755 1241 1822 quod
1275 1755 1450 1824 aiunt,
1479 1757 1603 1814 loco
1639 1775 1880 1816 movere.
1925 1780 1944 1813 ι
1990 1760 2128 1816 Tum

2245 591 2446 662 ὁμοίως
2471 592 2530 643 ὲν
2557 590 2835 676 Πολιτείᾳ
2865 589 3016 659 φησί·
3051 607 3068 638 ι
3098 587 3246 657 Μηδὲ
3282 587 3516 658 Ἕλληνα
3553 588 3662 660 (79)
3714 591 3824 662 ἄρα

2243 682 2426 736 δοῦλον
2450 681 2769 752 κεκτῆσθαι,
2805 682 2941 752 μήτε
2988 679 3204 743 αύτούς·
3253 682 3364 742 τοῖς
3383 697 3442 732 τε
3480 680 3660 744 ἄλλοις
3693 683 3825 735 Ἔλ-

2242 772 2400 843 λησιν
2427 771 2569 825 οὓτω
2596 770 2999 843 ξυμϐουλεύειν.
3039 801 3109 810 -
3147 771 3292 824 Πάνυ
3324 770 3420 840 μὲν
3465 767 3577 832 οὖν,
3608 771 3734 844 ἔφη.
3758 804 3828 816 -

2242 864 2459 917 Μᾶλλον
2491 864 2541 932 γ’
2578 864 2643 916 ἂν
2673 858 2764 916 οὖν
2818 862 2960 916 οὕτω
2990 863 3124 933 πρὸς
3169 861 3494 932 βαρϐάρους
3517 863 3827 932 τρέποιντο,

2241 954 2447 1006 ἑαυτῶν
2468 954 2525 1006 δὲ
2552 955 2857 1024 ἀπέχοιντο.
2875 972 2892 1003 ι

2728 1139 3121 1194 ΚΕΦΑΛΑΙΟΝ
3163 1138 3293 1192 ΑΠ’.

2249 1231 2347 1298 Ὣς
2381 1230 2673 1300 μετέϐαλε
2723 1231 2811 1296 τὸ,
2861 1250 2880 1282 ι
2909 1231 3004 1298 Μὴ
3033 1232 3276 1300 μέταιρε
3331 1230 3461 1298 ὅρια
3504 1230 3732 1295 αἰώνια,
3785 1232 3825 1287 ἀ

2655 1302 2860 1356 ἔθεντο
2882 1306 2936 1356 οι
2962 1300 3212 1370 πατέρες
3233 1318 3369 1355 σου.
3385 1321 3403 1352 ι

2312 1412 2332 1444 ‹
2371 1393 2464 1464 Μὴ
2484 1393 2704 1447 κινείτω
2733 1393 2844 1465 (80)
2887 1394 2992 1464 γῆς
3045 1394 3169 1463 ὅρια
3201 1393 3410 1464 μηδεὶς,
3463 1395 3599 1464 μήτε
3621 1394 3822 1448 οἰκείου

2235 1484 2450 1540 πολίτου
2485 1487 2744 1555 γείτονος,
2802 1488 2936 1558 μήτε
2997 1487 3364 1558 ὁμοτέρμονος
3425 1488 3482 1541 ὲν
3545 1489 3822 1558 ὲσχατιαῖς

2234 1579 2571 1649 κεκτημένου
2627 1579 2772 1650 ἄλλῳ
2833 1578 2968 1650 ξένῳ
3007 1579 3265 1647 γειτόνων
3288 1619 3302 1644 ,
3356 1578 3583 1649 νομίσας
3642 1579 3705 1631 τὸ
3753 1579 3820 1633 τὰ

2232 1669 2466 1740 ἀκίνητα
2492 1674 2660 1723 κινεῖν
2683 1669 2898 1740 ἀληθῶς
2926 1670 3070 1724 τοῦτ’
3107 1667 3297 1726 εἶναι.»
3330 1671 3440 1724 Καὶ
3468 1669 3596 1739 ἑξῆς
3634 1686 3817 1740 φησιν·

2237 1779 2255 1812 ι
2291 1762 2386 1825 Ὃς
2412 1761 2457 1814 δ’
2497 1760 2562 1815 ἂν
2621 1761 2996 1834 ἐπεργάζηται
3030 1763 3098 1816 τὰ
3126 1762 3219 1815 τοῦ
3256 1761 3516 1830 γείτονος,
3553 1761 3818 1833 ὑπερϐαί-

548 1837 762 1892 additu
785 1839 842 1894 Si
865 1842 990 1912 quis
1018 1845 1156 1900 ﬁxos
1182 1846 1384 1903 limites
1414 1851 1726 1908 transiliens
1750 1853 1913 1907 vicini
1939 1869 2110 1922 agrun

2233 1869 2338 1907 νων
2359 1854 2484 1917 τοὺς
2508 1855 2686 1924 ὄρους,
2733 1855 2795 1907 τὸ
2844 1855 2941 1926 μὲν
2981 1854 3178 1925 βλάϐος
3227 1856 3566 1909 ἀποτινέτω·
3622 1855 3723 1924 τῆς
3761 1856 3818 1909 δὲ

545 1943 669 1983 cum
701 1945 803 1986 suo
843 1934 1110 2002 coluerit,
1153 1953 1264 1992 non
1299 1941 1465 1996 modo
1513 1943 1723 2012 justum
1770 1947 1818 2000 ei
1867 1947 2110 2001 damnun

2231 1943 2504 2006 ἀναιδείας
2536 1943 2653 2014 ἅμα
2683 1946 2776 1997 καὶ
2806 1945 3184 2016 ἀνελευθερίας
3219 1945 3383 1999 ἓνεκα
3413 1947 3815 2018 ἰατρευόμενος,

543 2019 780 2088 sarcito,
822 2039 1013 2079 verum
1053 2027 1220 2082 etiam
1278 2038 1340 2084 ut
1385 2031 1627 2088 hominis
1675 2035 2029 2105 impudentiae
2075 2055 2104 2092 e

2228 2035 2506 2088 διπλάσιον
2554 2035 2648 2088 τοῦ
2717 2035 2949 2105 βλάϐους
3022 2037 3150 2091 ἄλλο
3225 2037 3496 2091 ὲκτισάτω
3548 2039 3628 2108 τῷ
3686 2037 3814 2108 βλα-

542 2108 896 2168 "Ilibcralitati
926 2116 1197 2173 medicina
1228 2120 1322 2174 ﬁat
1345 2162 1358 2186 ,
1390 2123 1525 2178 illati
1556 2125 1868 2182 detrimenti
1901 2129 2125 2199 duplum

541 2201 771 2258 alterum
804 2207 855 2261 ei
886 2223 1045 2276 quem
1074 2209 1296 2274 laeserit,
1325 2228 1740 2284 repraesentem.
1782 2239 1800 2271 ι

1069 2301 1301 2356 CAPUT
1343 2305 1585 2363 XXXIX.

539 2383 712 2477 Locus
745 2386 993 2477 Piatf'rtis
1026 2391 1147 2477 {mia
1180 2396 1394 2477 similis,
1439 2417 1458 2447 ι
1498 2399 1736 2456 Rcddens
1777 2417 1992 2473 peccata
2033 2426 2124 2477 pa-

615 2467 756 2540 trum
785 2461 841 2540 in
860 2459 1000 2544 filios
1028 2462 1082 2514 in
1110 2466 1319 2519 tertiam
1354 2459 1402 2520 et
1428 2481 1676 2537 quartam
1701 2459 2118 2544 generationem,

608 2527 676 2581 iis
707 2531 796 2596 qui
825 2530 1045 2584 oderunt
1077 2549 1176 2587 me.
1218 2553 1237 2586 ι

615 2639 634 2670 ι
667 2619 802 2676 Rem
835 2631 891 2677 ut
924 2625 1090 2679 verbo
1122 2629 1474 2698 complectar,
1509 2633 1710 2702 inquit,
1739 2651 1844 2693 nec
1875 2641 2119 2709 parentis

536 2711 754 2779 probra,
777 2729 876 2769 nec
904 2729 1080 2784 paena
1105 2717 1403 2775 liberorum
1424 2738 1754 2793 quemquam
1786 2729 1954 2784 alium
1981 2746 2117 2788 con-

535 2813 866 2872 sequantor,
901 2806 1007 2862 nisi
1032 2808 1196 2879 612
1233 2812 1279 2866 si
1309 2813 1530 2882 quando
1558 2825 1749 2885 pater,
1793 2829 1845 2873 et
1876 2837 2031 2889 avus,
2065 2833 2117 2879 et

534 2896 620 2949 avi
651 2903 804 2964 pater
836 2898 1136 2954 continenti
1169 2902 1311 2958 serie
1337 2919 1528 2972 poenas
1557 2907 1707 2962 luere
1736 2909 1985 2966 debeant.
2021 2932 2039 2964 ›

1120 2989 1351 3046 CAPUT
1389 2993 1512 3058 XL.

1135 3082 1214 3138 De
1245 3084 1474 3153 furibus.

2228 2123 2432 2192 φθέντι.
2467 2141 2487 2176 ι

2726 2309 3124 2364 ΚΕΦΑΛΑῙΟΝ
3152 2311 3274 2364 ΛΘ.

2227 2398 2463 2490 Ὄμριον
2489 2399 2580 2490 τε),
2605 2418 2629 2490 ρ
2669 2399 3025 2490 Ἇιετξοδιδοὺςι
3055 2403 3346 2490 ἁμαρτίας
3394 2404 3670 2490 πατέριον
3713 2410 3810 2490 s51

2292 2469 2474 2546 τέκνα
2521 2469 2622 2546 dari
2667 2472 2874 2539 τρίτην
2930 2472 3029 2525 καί
3083 2469 3372 2543 τετάρτην
3423 2469 3640 2546 γενεὰν
3686 2480 3813 2546 τοῖς

2287 2539 2545 2609 μισοῦσί
2568 2557 2664 2610 με.
2679 2560 2696 2592 ι

2297 2651 2314 2682 ι
2361 2632 2472 2684 Ἑνὶ
2493 2631 2549 2686 δὲ
2594 2632 2758 2704 λόγῳ,
2793 2633 2999 2705 πατρὸς
3020 2636 3196 2708 ὀνείδη
3244 2637 3339 2691 καὶ
3371 2640 3644 2710 τιμωρίας
3680 2643 3810 2695 παί-

2219 2722 2323 2776 δων
2352 2724 2541 2795 μηδενὶ
2586 2725 2936 2792 συνέπεσθαι,
2985 2729 3124 2800 πλὴν
3179 2729 3274 2783 ἐάν
3303 2730 3388 2792 τίς
3431 2749 3538 2786 τινι
3587 2734 3810 2807 πατὴρ,

2219 2815 2313 2868 καὶ
2340 2815 2584 2880 πάππος,
2621 2819 2714 2870 καί
2744 2819 2971 2872 πάππου
3018 2821 3201 2890 πατὴρ
3225 2820 3423 2891 ἑφεξῆς
3464 2822 3670 2892 ὄφλωσι
3727 2824 3810 2880 δί-

2217 2923 2340 2959 κην.
2376 2925 2396 2959 )

2291 2923 2340 2959 ν.
2376 2925 2396 2959 ›

2255 2923 2285 2976 η
2747 3003 3146 3056 ΚΕΦΑΛΑΙΟΝ
3177 3005 3266 3058 Μ’.

2765 3093 2906 3161 Περὶ
2939 3093 3237 3148 κλεπτῶν.

604 3161 808 3236 Moysis
841 3167 923 3224 lex
958 3171 1080 3226 cst'
1107 3189 1120 3225 :
1158 3192 1176 3223 ι
1209 3142 1265 3226 Si
1299 3176 1423 3244 quis
1441 3175 1655 3235 furatus
1686 3180 1850 3237 luerit
1876 3184 2106 3241 vitulum

2282 3185 2559 3249 Μωῦσέως
2606 3187 2770 3257 νόμου
2824 3142 3022 3256 φ-άντος
3055 3205 3069 3218 '
3112 3208 3130 3240 ι
3180 3190 3305 3243 Ἐὰν
3344 3190 3515 3262 κλέψῃ
3573 3210 3656 3256 τις
3692 3193 3808 3264 (81)

529 3267 624 3313 aut
649 3273 836 3327 ovem,
886 3264 932 3315 si
979 3263 1312 3334 jugulaverit
1334 3305 1349 3330 ,
1379 3275 1474 3322 aut
1500 3272 1835 3344 vendiderit,
1865 3279 2110 3351 quinque

527 3347 727 3405 vitulos
762 3351 946 3406 reddet
975 3368 1074 3422 pro
1100 3355 1295 3419 vitulo,
1329 3366 1383 3411 et
1412 3368 1648 3428 quatuor
1678 3376 1807 3419 oves
1837 3381 1937 3436 pro
1985 3347 2106 3424 ove.

529 3437 764 3504 Quod'si
807 3442 1206 3511 deprehensum
1245 3445 1408 3502 fuerit
1443 3457 1499 3504 et
1543 3463 1820 3523 repertum
1854 3457 1910 3511 in
1943 3474 2106 3514 manu

523 3529 647 3597 t-jus
678 3529 883 3585 furtum
911 3572 926 3597 ,
980 3549 1012 3589 a
1038 3535 1207 3591 vitulo
1235 3545 1289 3592 et
1318 3539 1476 3596 asino
1505 3559 1680 3614 usque
1705 3547 1772 3600 ad
1800 3563 1956 3603 ovem
1979 3590 1993 3614 ,
2027 3552 2110 3605 vi-

524 3618 704 3672 ventia
728 3620 891 3689 dupla
926 3623 1196 3679 restituet.
1244 3645 1263 3678 ι
1320 3629 1459 3683 Audi
1487 3630 1624 3700 jam,
1649 3638 2104 3704 quemadmodum

522 3708 678 3765 Plato
702 3711 901 3768 similia
928 3724 1166 3774 statuat:
1193 3737 1212 3770 ι
1245 3717 1304 3774 Si
1331 3719 1444 3785 fur,
1481 3723 1678 3794 inquit,
1717 3743 1831 3794 rem
1866 3733 2104 3800 quamli-

525 3802 614 3856 bet
637 3817 731 3858 seu
759 3820 1016 3876 magnam
1045 3824 1140 3864 seu
1163 3826 1386 3880 parvam
1414 3813 1702 3887 iurabitur,
1720 3820 1802 3874 lex
1835 3823 1887 3876 in
1911 3839 2102 3882 omnes

522 3910 632 3978 una
653 3935 669 3962 ,
721 3913 831 3952 una
856 3898 1066 3967 judicio
1099 3918 1259 3972 paena
1291 3915 1567 3964 statuatur
1595 3928 1610 3965 :
1642 3910 1885 3970 Primum
1907 3958 1924 3983 ,
1955 3921 2102 3988 quod

520 3973 670 4042 furto
702 3988 976 4044 sublatum
1011 3993 1154 4061 erit,
1191 3996 1266 4049 uti
1304 3997 1530 4069 duplum
1564 4002 1685 4073 ejus
1716 3973 2099 4077 repraesentet,

518 4079 771 4149 quisquis
799 4079 931 4136 furti
960 4083 1252 4142 damnatus
1283 4090 1408 4157 erit,
1427 4092 1474 4146 si
1504 4095 1669 4151 modo
1698 4112 1862 4168 supra
1897 4110 2100 4157 sortem

518 4169 727 4226 solvere
749 4187 846 4244 per
876 4175 1211 4246 reliquarum
1249 4180 1571 4241 facultatum
1604 4191 1819 4260 copiam
1850 4197 2050 4263 poterit
2082 4211 2095 4249 :

518 4261 602 4315 sin
633 4271 813 4318 autem
835 4305 852 4332 ,
886 4267 942 4321 in
969 4269 1202 4327 vinculis
1229 4275 1337 4341 sit,
1363 4275 1539 4333 donec
1569 4289 1664 4335 aut
1706 4261 1968 4354 solverit,
2006 4298 2100 4343 aut

516 4351 585 4406 ab
633 4369 698 4409 eo
746 4371 775 4410 a
825 4372 935 4428 quo
979 4359 1107 4416 furti
1163 4363 1456 4424 damnatus
1502 4379 1627 4439 est,
1669 4375 1884 4430 veniam
1926 4351 2097 4448 impc-

517 4445 691 4500 Lrarit.
738 4466 759 4499 ι

1106 4542 1338 4601 CAPUT
1377 4547 1513 4606 XLI.

1009 4631 1089 4688 De
1129 4635 1246 4704 fure
1282 4639 1576 4710 interfecto.

581 4715 870 4786 Praeterea,
901 4736 1024 4776 cum
1051 4724 1121 4778 ita
1154 4728 1436 4786 statuisset
1460 4731 1694 4805 Moyses,
1737 4756 1756 4788 ι
1791 4738 1846 4793 Si
1878 4739 1966 4796 tur
2001 4758 2096 4812 pa-

512 4810 701 4868 rietem
747 4813 1011 4874 effodiens
1061 4819 1473 4893 deprehensus,
1526 4837 1580 4884 et
1628 4831 1800 4900 plagis
1859 4810 2096 4906 acceptis

511 4913 760 4961 mortuus
806 4906 1001 4976 fuerit,
1041 4915 1214 4971 caedes
1255 4917 1410 4972 alteri
1453 4935 1562 4973 non
1611 4921 1970 4991 imputabitur
1991 4929 2032 4992 ³,
2069 4948 2088 4980 ι

507 4993 665 5051 Plato
689 4996 888 5054 deinde
920 5000 1098 5058 aliinia
1128 5007 1381 5063 sanciens
1421 5028 1432 5062 :
1460 5029 1478 5060 ι
1512 5009 1617 5076 Qui
1647 5023 1975 5072 nocturnum
2008 5017 2094 5074 fu-

509 5103 644 5152 rem,
683 5092 880 5160 inquit,
916 5092 972 5146 in
1007 5095 1150 5153 ardes
1186 5097 1402 5154 furandi
1436 5103 1621 5158 animo
1654 5105 1976 5164 subeuntem
2005 5111 2090 5164 in-

579 5221 594 5250 ¹
637 5219 808 5276 Exod.
844 5241 957 5286 χιιι,
986 5227 1039 5281 2,
1120 5230 1140 5258 ’
1183 5228 1350 5284 Exod.
1389 5247 1526 5293 xm,
1569 5235 1620 5289 l.
1699 5237 1719 5268 ³
1761 5239 1894 5293 ibid.
1925 5241 1980 5294 2.

577 5331 697 5421 (:12).
730 5335 896 5421 ρίηδὲ
919 5339 1228 5421 ςΕαίλην-α.
1282 5342 1402 5421 Lib.
1446 5362 1476 5398 ν
1499 5346 1602 5421 'De
1622 5349 1846 5421 republ.,
1877 5368 1931 5421 p.
1958 5353 2084 5420 464,

507 5397 570 5462 D,
609 5397 700 5494 ubi
735 5397 849 5462 haec
867 5397 1149 5494 pluribus.
1181 5412 1312 5478 Qua:
1342 5397 1426 5470 lex
1464 5397 2088 5494 apud

505 5481 801 5544 sancteque
829 5481 993 5544 viget.

708 5540 826 5633 inii;
862 5540 1123 5633 κινείτω..
1151 5551 1269 5608 Lib.
1285 5571 1401 5633 _vm
1452 5557 1528 5611 De
1555 5558 1736 5633 legib.,
1771 5578 1826 5633 p.
1858 5563 1983 5627 648.
2019 5565 2082 5623 D.

505 5609 823 5699 ριὺςῇὸρίου
846 5619 1080 5699 primani
1112 5623 1256 5699 l:a_nc_
1285 5609 1803 5699 legeliiicssedjubetl:
1844 5609 2083 5692 Mosaica

507 5680 588 5760 lex
618 5680 778 5737 Deut.
808 5680 931 5760 six,
959 5690 1044 5753 Η,
1071 5692 1144 5746 ita
1173 5680 1390 5750 habetur
1414 5697 1538 5752 Non
1560 5680 1794 5757 assumes
1828 5715 1876 5758 et
1901 5680 2082 5760 trans-

504 5755 539 5815 Ῑι
562 5767 639 5802 res
675 5758 922 5832 terminos
955 5764 1184 5843 progimi
1217 5767 1292 5816 tui
1313 5807 1324 5826 ,
1351 5783 1479 5835 quos
1523 5755 1993 5843 ﬁxeruntiprinres
2028 5780 2080 5830 in

505 5828 828 5883 possessione
873 5839 984 5880 tua.
1046 5831 1112 5883 Et
1162 5849 1278 5903 cap.
1336 5828 1481 5892 ᾗχι-ιι
1523 5828 1542 5892 ἰ
1592 5828 2078 5917 Μαίράὶὶνιιιεξᾳιιὶ

2216 3275 2413 3348 μόσχον
2470 3278 2503 3348 ἢ
2557 3279 2847 3350 πρόϐατον,
2887 3280 2978 3332 καὶ
3026 3280 3200 3352 σφάξῃ
3229 3283 3380 3346 αὐτὸ,
3438 3283 3802 3354 ἣάποδῶται,

2211 3368 2375 3422 πέντε
2401 3370 2636 3440 μόσχους
2659 3371 2905 3424 ἀποτίσει
2933 3372 3056 3425 ἀντὶ
3097 3371 3196 3426 τοῦ
3261 3375 3483 3444 μόσχου,
3529 3375 3622 3428 καὶ
3679 3378 3804 3430 τέσ-

2213 3475 2353 3529 σαρα
2399 3458 2650 3529 πρόϐατα
2681 3461 2802 3512 ἀντὶ
2835 3460 3128 3530 προϐάτου.
3191 3463 3316 3516 Ἐάν
3365 3463 3422 3515 δὲ
3477 3464 3798 3537 καταληφθῇ

2210 3550 2267 3600 ἐν
2300 3549 2367 3617 τῇ
2396 3548 2541 3618 χειρὶ
2569 3547 2734 3602 αὐτοῦ
2767 3548 2827 3600 τὸ
2849 3548 3092 3619 κλέμμα,
3146 3549 3258 3603 ἀπὸ
3316 3549 3520 3619 μόσχου
3551 3551 3645 3603 καὶ
3677 3551 3800 3603 δνου

2207 3638 2312 3702 ἓως
2338 3638 2633 3709 προϐάτου,
2663 3637 2841 3702 ζῶντα
2896 3641 3059 3694 διπλᾶ
3104 3642 3372 3696 ἀποτίσει·
3407 3660 3426 3692 ι
3469 3642 3802 3708 ἐπάκουσον,

2207 3733 2282 3795 ὡς
2316 3733 2410 3786 καὶ
2433 3735 2462 3786 6
2489 3733 2714 3786 Πλάτων
2750 3735 2962 3799 τούτοις
2991 3736 3180 3789 ἕπεται
3243 3737 3438 3806 λέγων·
3479 3755 3498 3788 ι
3538 3737 3797 3808 Κλέπτης

2204 3823 2261 3876 δὲ
2282 3823 2384 3876 ’ὲάν
2412 3841 2472 3877 τε
2510 3824 2672 3895 μέγα,
2705 3826 2798 3878 ἐάν
2819 3845 2878 3880 τε
2910 3829 3101 3903 μικρὸν
3133 3829 3343 3903 κλέπτῃ
3376 3850 3479 3896 τις,
3498 3829 3582 3896 είς
3608 3828 3675 3886 αὖ
3711 3833 3798 3887 νό-

2209 3932 2307 3985 μος
2331 3915 2646 3980 ἐπικείσθω,
2677 3918 2770 3971 καὶ
2801 3918 2899 3989 μία
2935 3901 3090 3990 δίκης
3120 3901 3360 3992 τιμωρία
3404 3923 3674 3995 σύμπασι·
3716 3925 3792 3978 Τὸ

2207 4006 2308 4078 μὲν
2329 4007 2438 4086 γὰρ
2463 4007 2528 4079 δὴ
2558 4008 2762 4064 κλαπὲν
2783 4009 2957 4082 χρεὼν
2990 4012 3274 4066 διπλάσιον
3305 4015 3520 4086 πρῶτον
3536 4017 3792 4083 ἐκτίνειν,

2203 4097 2299 4152 ἐὰν
2324 4083 2464 4172 ὄφλῃ
2504 4117 2589 4165 τις
2642 4103 2740 4174 τὴν
2787 4104 3042 4176 τοιαύτην
3085 4105 3262 4177 δίκην,
3316 4083 3409 4160 καὶ
3455 4109 3644 4179 ἱκανὴν
3693 4109 3798 4182 ἔχῃ

2203 4190 2300 4261 τὴν
2339 4191 2505 4262 ἄλλην
2525 4194 2733 4258 οὐσίαν,
2779 4196 3052 4250 ἀποτίνειν
3087 4198 3227 4268 ὑπὲρ
3291 4199 3385 4253 τοῦ
3437 4200 3662 4273 κλήρου·
3693 4201 3792 4254 ὲάν

2201 4281 2259 4334 δὲ
2297 4284 2394 4354 μὴ,
2435 4285 2703 4353 δεδέσθαι,
2745 4288 2850 4354 ἕως
2909 4289 2975 4344 ἂν
3018 4290 3209 4364 ὲκτίσῃ
3267 4291 3356 4345 τὸν
3435 4294 3796 4358 καταδικαζό-

2205 4391 2364 4444 μενον
2403 4376 2537 4448 (82).
2561 4398 2579 4431 ι

2715 4563 3112 4618 ΚΕΦΑΛΑΙΟΝ
3139 4567 3240 4618 MA
3260 4607 3275 4622 .

2516 4655 2656 4720 Περὶ
2701 4654 2967 4709 κλέπτου
3007 4656 3459 4726 ἀναιρουμένου.

2269 4747 2438 4800 Πάλιν
2490 4749 2768 4814 Μωῦσέως
2800 4751 3019 4821 φάντος,
3058 4772 3076 4805 ι
3114 4753 3242 4808 Ἐάν
3261 4755 3319 4808 δὲ
3357 4758 3415 4808 ἐν
3445 4755 3523 4827 τῷ
3545 4757 3784 4829 διωρύγ-

2197 4855 2327 4907 ματι
2365 4840 2473 4910 (83)
2511 4840 2706 4914 εὑρεθῇ
2763 4843 2792 4894 6
2836 4843 3096 4917 κλέπτης,
3124 4847 3219 4900 καὶ
3256 4847 3485 4919 πληγεὶς
3509 4849 3783 4922 ἀποθάνῃ,

2195 4929 2295 4980 οὐκ
2328 4929 2474 4983 ἔστιν
2499 4931 2649 5002 αὐτῷ
2682 4933 2894 5001 φόνος·›
2955 4937 3171 5008 συνᾴδει
3200 4939 3302 4991 κάν
3327 4939 3502 5010 τούτῳ
3529 4940 3702 5009 λέγων
3751 4944 3785 4994 ὁ

2197 5021 2440 5075 Πλάτων·
2483 5041 2500 5073 ι
2528 5023 2762 5097 Νύκτωρ
2802 5026 2960 5098 φῶρα
2992 5031 3070 5092 είς
3092 5030 3269 5084 οἰκίαν
3298 5032 3444 5084 ίόντα
3475 5033 3568 5086 ἐπὶ
3604 5034 3779 5104 κλοπῇ

2193 5113 2490 5182 χρημάτων
2535 5113 2630 5167 ἐὰν
2651 5115 2786 5169 ἑλὼν
2825 5119 3012 5190 κτείνῃ
3054 5137 3155 5185 τις,
3197 5121 3338 5174 ἔστω
3371 5122 3636 5194 καθαρός’
3683 5127 3784 5178 καὶ

2189 5359 2447 5482 ἱναηεξενι
2479 5362 2729 5415 terminos
2755 5367 2986 5430 proximi
3017 5369 3138 5431 sui;
3166 5378 3215 5422 et
3239 5371 3377 5424 dicet
3407 5373 3579 5425 omnis
3615 5391 3780 5442 pupu-

2211 5446 2290 5482 us.
2317 5455 2340 5482 ,ι
2368 5446 2502 5482 men.

2211 5446 2290 5486 us,
2317 5446 2359 5484 Α
2368 5446 2502 5483 men.

2418 5501 2560 5584 1567'
2601 5502 2801 5584 magn
2835 5521 2944 5584 τίς.
2976 5504 3242 5584 Plato,_|_x
3272 5509 3423 5584 Leg.,
3450 5530 3502 5582 p.
3538 5515 3667 5582 655,
3699 5515 3771 5572 C.

2260 5568 2372 5656 (ὃὲ)
2418 5568 2534 5656 Τὸξ·
2570 5568 3320 5656 xaradiicaé’c'iyfsrorfPlato
3344 5568 3371 5641 ξ’
3450 5568 3776 5656 ’πείσῃ

2186 5639 2708 5720 καταδικασάμενον.
2747 5639 2931 5710 ρωιηῖ
2961 5648 3245 5705 lectionem
3275 5695 3287 5717 ,
3341 5639 3644 5722 ut'vez'ani',
3677 5639 3775 5712 se?

2183 5722 2290 5764 cuti
2321 5727 2531 5766 sumus.
2683 5776 2690 5780 _

2255 5780 2370 5904 (ἐζΞό
2419 5783 2554 5835 Ἐὰν
2585 5782 2652 5863 δὲ
2678 5785 2746 5838 ἐν
2775 5785 2852 5851 τῷ
2885 5786 3257 5859 διωρύγματι.
3291 5793 3464 5862 Plato,
3510 5813 3562 5852 lx
3611 5797 3773 5869 ιρις..

2267 5850 2333 5904 66
2374 5891 2390 5904 .
2437 5852 2495 5904 Ε.
2530 5854 2619 5904 ubi
2653 5856 2719 5904 de
2750 5858 2893 5904 cardo,
2926 5859 3111 5904 multa-

2182 5867 2234 5921 p.
2267 5850 2390 5918 660,
2437 5852 2495 5920 Ε,
2530 5854 2620 5910 ubi
2653 5856 2719 5912 de
2750 5850 2893 5914 caede
2924 5850 3112 5915 multa:
