4122 6428
345 432 478 487 1017

338 555 433 607 ἐὰν

337 644 498 696 ἔστω.
526 658 544 689 ι
1355 672 1374 692 ,

845 716 1239 776 ΚΕΦΑΛΑΙΟΝ
1281 713 1415 767 MB'.

868 811 1011 880 Περὶ
1063 805 1405 874 ὑποζυγίου.

417 935 435 968 ι
491 914 616 967 Ἐὰν
667 910 725 964 δέ
773 907 878 978 ἄρα
932 902 1043 975 (84)
1099 897 1394 965 ὑποζύγιον
1442 893 1475 964 ἢ
1519 890 1653 954 ζῶον
1699 886 1825 942 ἄλλο
1875 901 1926 936 τι

339 1007 580 1078 φονεύσῃ
611 1001 752 1068 τινὰ,
778 999 918 1066 πλὴν
961 995 1069 1047 τῶν
1120 993 1220 1044 ὅσα
1251 990 1307 1040 ἐν
1339 985 1512 1054 ἀγῶνι
1555 981 1662 1036 τῶν
1691 975 1928 1048 δημοσίᾳ

336 1070 636 1170 τιθεμένων
665 1088 962 1146 ἀθλεύοντά
993 1104 1044 1140 τι
1074 1082 1312 1137 τοιοῦτον
1365 1077 1559 1148 δράσῃ,
1596 1070 1928 1136 ἐπεξίτωσαν

344 1191 444 1262 μὲν
469 1189 518 1240 οἱ
546 1185 911 1258 προσήκοντες
943 1177 1037 1231 τοῦ
1073 1175 1234 1244 φόνου
1258 1170 1336 1241 τῷ
1361 1167 1649 1222 κτείναντιε
1690 1160 1930 1214 διαδικα-

340 1254 543 1345 ζόντων
569 1254 626 1330 δὲ
650 1274 756 1328 τῶν
784 1269 1126 1342 ἀγρονόμων,
1153 1259 1291 1317 οἷσιν
1314 1259 1378 1314 ἂν
1409 1257 1503 1311 καὶ
1529 1254 1747 1315 ὁπόσοις
1770 1266 1931 1322 προσ-

340 1340 480 1442 οξάξῃ
509 1371 538 1422 ὁ
575 1340 888 1437 προσήκων.
951 1358 1024 1411 Τὸ
1063 1356 1120 1409 δὲ
1149 1353 1308 1423 ὅφλον
1366 1349 1470 1415 ἔξω
1521 1345 1628 1398 τῶν
1661 1345 1800 1414 ὅρων
1830 1340 1931 1409 τῆς

342 1431 529 1534 χώρας
550 1431 974 1514 ἀποκτείναντας
1023 1446 1275 1517 διορίσαι.
1316 1461 1334 1494 ι
1396 1437 1582 1493 Ταῦτα
1630 1431 1927 1487 ὁΠλάτων.

355 1525 503 1608 ἵΟ.δέ
526 1548 767 1617 Μωῦσῆς
793 1541 1078 1616 προλαϐών
1112 1553 1296 1610 φησιν·
1337 1555 1354 1586 ι
1391 1531 1515 1586 Ἐὰν
1555 1529 1611 1583 δέ
1669 1525 1930 1598 κερατίσῃ

342 1647 546 1718 ταῦρος
583 1615 752 1714 ἄνδρα
791 1615 1109 1710 ἢνγυναῖκα,
1164 1631 1258 1684 καὶ
1291 1626 1556 1696 ἀποθάνῃ,
1594 1619 1762 1683 λίθοις
1792 1615 1932 1669 λιθο-

345 1709 707 1809 ϐοληθήσεται
734 1733 762 1785 6
790 1709 1011 1800 ταῦρος,
1041 1726 1132 1779 καὶ
1160 1723 1220 1774 οὑ
1250 1719 1588 1792 βρωθήσεται
1615 1712 1685 1766 τὰ
1728 1709 1934 1782 κρέατα

342 1828 536 1886 αὐτοῦ’
577 1830 606 1880 6
652 1825 708 1879 δὲ
741 1823 928 1895 κύριος
950 1818 1043 1872 τοῦ
1065 1814 1267 1885 ταύρου
1295 1810 1470 1873 ἀθῶος
1493 1807 1662 1861 ἔσται.
1695 1822 1714 1856 ι

847 2090 1238 2153 ΚΕΦΑΛΑΙΟΝ
1307 2087 1438 2140 Ml".

379 2223 483 2275 Οτι
498 2215 623 2282 τοῖς
647 2211 851 2275 αὐτοῖς
870 2213 901 2264 ὀ
914 2206 1185 2282 Πλάτων,
1203 2197 1295 2266 οἷς
1313 2199 1468 2282 καὶ
1490 2193 1624 2282 παρ’
1637 2189 1935 2282 ῨῈϐριιίοις

599 2269 843 2356 Ϊγραφὴ,’
867 2278 1149 2348 κέχρηται
1190 2269 1687 2340 παραδείγμασιν.

418 2380 532 2449 Τῆς
583 2351 927 2446 προφητικῆς
989 2365 1206 2438 γραφῆς
1263 2359 1529 2429 λεγούσης
1563 2372 1575 2384 ’
1650 2373 1668 2406 ι
1717 2351 1814 2404 Υἱὲ
1841 2351 1934 2404 ἀν-

345 2445 569 2543 θρώπου
589 2486 602 2498 ·
632 2445 747 2520 ίδοὺ
801 2459 1058 2532 γεγόνασί
1108 2474 1198 2527 μοι
1226 2456 1254 2507 6
1293 2447 1440 2513 οἶκος
1481 2445 1699 2519 Ἰσραὴλ
1725 2445 1933 2512 ἀναμε-

351 2537 608 2636 μίγμένοι
630 2557 830 2618 πάντες
863 2550 1051 2624 χαλκῷ
1073 2550 1166 2602 καὶ
1199 2544 1528 2614 κασσιτέρῳ,
1557 2540 1652 2594 καὶ
1708 2537 1932 2606 σιδήρῳ,

346 2632 744 2724 καὶήμολύϐδῳ.
784 2647 872 2699 Ἐν
921 2643 1070 2714 μέσῳ
1122 2639 1352 2710 καμίνου
1411 2633 1675 2706 ἀργυρίου
1731 2632 1938 2698 ἀναμε-

353 2721 607 2818 μιγμένοι
633 2740 756 2794 εἰσί.
791 2736 891 2790 Διά
939 2734 1098 2788 τοῦτο
1138 2731 1277 2785 είπέ·
1321 2729 1459 2782 Τάδε
1502 2726 1650 2794 λέγει
1708 2721 1932 2793 Κύριος

363 2809 504 2891 δΑζιίγ
536 2828 610 2888 ὧν
656 2829 908 2900 ἐγένεσθε
949 2827 1147 2888 πάντες
1196 2824 1276 2886 είς
1326 2821 1622 2889 σύγκρασιν
1672 2815 1822 2885 μίαν,
1851 2809 1938 2863 διὰ

349 2925 512 2982 τοῦτο
539 2923 650 2993 ἐγὼ
681 2919 988 2988 εἰσδέξομαι
1026 2915 1192 2986 ὑμᾶς,
1238 2910 1421 2974 καθὼς
1443 2908 1742 2976 εἰσδέχεται
1768 2904 1938 2973 ἀργυ-

354 3037 471 3093 ρος,
505 3018 600 3071 καὶ
632 3014 853 3086 χαλκὸς,
883 3013 979 3065 καὶ
1012 3009 1247 3079 σίδηρος,
1274 3004 1366 3057 καὶ
1401 2999 1677 3072 μόλυϐδος,
1702 2995 1796 3048 καὶ
1813 3009 1941 3046 κασ-

353 3085 566 3184 σίτερος
704 3097 884 3177 ⁴μέσον
923 3102 1175 3172 καμίνου,
1226 3096 1318 3150 τοῦ
1365 3091 1680 3164 ἐμφυσῆσαι
1717 3089 1796 3152 εἰς
1843 3085 1940 3139 αύ-

352 3175 488 3267 τοὺς
520 3199 652 3273 πῦρ,
683 3175 778 3253 τοῦ
808 3194 1162 3268 χωνευθῆναι.
1202 3209 1222 3242 ι
1270 3187 1383 3241 Καὶ
1437 3186 1465 3237 6
1506 3182 1730 3236 Πλάτων
1757 3175 1940 3231 ὡσαύ-

351 3314 464 3360 τως
485 3293 788 3350 ἐπάκουσον
815 3289 851 3342 ἆ
884 3304 1066 3359 φησιν·
1101 3304 1118 3335 ι
1149 3278 1357 3337 Οὑκοῦν
1383 3274 1608 3332 ἀκούετε
1637 3271 1822 3326 λοιπὸν
1845 3267 1939 3322 τοῦ

360 3388 554 3463 μύθου.
597 3384 796 3455 Ἑσμὲν
844 3380 953 3452 γάρ
1006 3379 1069 3448 δὴ
1094 3375 1205 3446 (85)
1242 3373 1441 3434 πάντες
1479 3369 1528 3420 οἱ
1575 3368 1632 3419 ἐν
1672 3366 1737 3434 τῇ
1788 3361 1940 3415 πόλει

352 3453 600 3548 ἀδελφοὶ,
633 3453 710 3539 ὠς
766 3475 1009 3544 φήσομεν
1054 3467 1188 3539 πρὸς
1234 3463 1431 3524 αὐτοὺς
1498 3453 1938 3530 μυθολογοῦντες.

370 3546 535 3634 Ἀλλί,
573 3569 649 3633 ὥς
672 3583 866 3638 φασιν,
901 3567 929 3618 6
978 3563 1110 3625 Θεὸς
1152 3558 1419 3618 πλάττων,
1461 3555 1577 3606 ὅσοι
1643 3550 1739 3621 μὲν
1786 3546 1942 3620 ἡμῶν

360 3665 539 3722 ἱκανοὶ
569 3663 780 3734 ἄρχειν,
806 3657 1004 3730 χρυσὸν
1049 3656 1107 3707 ἐν
1161 3655 1227 3723 τῇ
1261 3650 1475 3720 γενέσει
1501 3643 1820 3715 ξυνέμισγεν
1848 3639 1944 3694 αὑ-

357 3760 492 3822 τοῖς,
529 3747 1181 3822 διότιτιμιώτατοίείσιν·
1213 3745 1325 3796 ὅσοι
1374 3740 1416 3793 δ’
1439 3737 1739 3806 ἐπίκουροι,
1775 3732 1945 3804 ἄργυ-

363 3865 476 3921 ρον·
521 3845 737 3917 σίδηρον
775 3843 832 3894 δέ
865 3841 960 3892 καὶ
1005 3835 1204 3907 χαλκὸν
1243 3834 1354 3895 τοῖς
1383 3829 1668 3899 γεωργοῖς,
1697 3824 1791 3878 καὶ
1830 3823 1945 3884 τοῖς

361 3913 544 3999 ἀλλοις
565 3913 937 4005 δημιουργοῖς.
972 3927 1103 3978 "Are
1147 3919 1240 3977 οῦν
1280 3921 1556 3990 ξυγγενεῖς
1600 3916 1752 3977 ὄντες
1775 3913 1947 3967 ἅπαν-

359 4047 476 4093 τες,
504 4027 565 4080 τὸ
596 4003 694 4096 μέν
719 4021 852 4076 πολὺ
885 4017 1104 4089 ὁμοίους
1148 4015 1213 4068 ἂν
1255 4015 1386 4084 ἡμῖν
1439 4009 1620 4070 αὑτοῖς
1647 4003 1936 4074 γεννῶμεν

361 4121 480 4174 ἐστι
509 4117 552 4170 δ’
597 4094 687 4170 ότε
729 4116 793 4166 ἐκ
829 4108 1030 4182 χρυσοῦ
1064 4103 1350 4177 γεννηθείη
1395 4102 1460 4155 ἂν
1505 4097 1800 4171 ἀργυροῦν,
1851 4094 1946 4148 καὶ

362 4213 423 4278 ἐξ
453 4207 694 4282 ἀργυροῦ
753 4202 990 4277 χρυσοῦν
1035 4200 1277 4269 ἔγγονον,
1333 4195 1428 4248 καὶ
1467 4191 1634 4246 τᾶλλα
1685 4189 1863 4242 πάντα
1889 4187 1946 4250 ἐξ

363 4278 614 4374 ἀλλήλων
640 4300 832 4363 οὕτως.
891 4297 1016 4358 Τοῖς
1065 4288 1155 4346 οῦν
1209 4286 1556 4360 ἄρχουσικαὶ
1589 4281 1803 4353 πρῶτον
1856 4278 1949 4331 καὶ

368 4393 604 4466 μάλιστα
644 4385 1010 4460 παραγγέλλει
1064 4385 1092 4436 6
1131 4380 1282 4443 Θεὸς,
1331 4379 1479 4438 ὅπως
1531 4371 1754 4444 μηδενὸς
1807 4368 1948 4421 οὕτω

365 4457 607 4556 φύλακες
640 4457 834 4549 ἀγαθοὶ
855 4477 1140 4546 γένωνται,
1175 4469 1295 4543 μηδ’
1332 4467 1475 4521 οὕτω
1531 4462 1734 4534 σφόδρα
1775 4457 1946 4528 φυλά-

1483 396 1801 454 ΡΒᾹΞΡΑΒ.
1845 387 2100 446 EVANG.
2143 385 2270 440 LIB.
2317 381 2428 436 XII.

484 544 798 602 λωποδύτην
859 536 1198 609 ἀμυνόμενος
1275 527 1607 595 ἀποκτείνῃ,
1683 515 1919 588 καθαρὸς

2039 511 2327 575 .erfecerit,
2374 509 2639 561 innocens
2681 508 2819 557 esto.
2875 496 3138 553 Similiter
3176 494 3268 564 qui
3323 502 3600 562 grassato-

2203 603 2217 609 -
2374 601 2385 609 .
2507 598 2518 609 .
3135 586 3537 609 ,“MMHMM
3575 599 3592 609 _

3460 363 3598 418 1018

2024 620 2163 671 rem,
2187 603 2317 658 dum
2339 601 2448 655 vim
2471 598 2524 652 vi
2553 595 2794 666 repellit,
2820 589 3100 654 occiderit,
3135 586 3397 639 innocens
3421 591 3559 636 esto.
3575 599 3593 630 ι

2600 681 2828 740 CAPUT
2868 677 3029 734 XLII.

2628 777 2706 829 De
2719 775 2982 843 jumento.

2106 897 2124 929 ι
2155 875 2212 931 Si
2243 876 2572 945 jumentum,
2603 867 2780 937 inquit
2806 864 2982 930 Plato,
3014 869 3106 916 aut
3133 857 3280 913 aliud
3307 852 3604 910 animantis

2028 984 2199 1040 genus
2230 964 2543 1036 quempiam
2575 956 2931 1020 interfecerit,
2971 952 3078 1007 nisi
3111 959 3291 1004 tamen
3323 949 3391 1000 ab
3421 945 3605 1013 aliquo

2028 1079 2094 1117 ex
2123 1062 2190 1115 iis
2219 1073 2338 1129 qua:
2363 1057 2428 1110 ad
2460 1053 2709 1124 publicos
2736 1050 3117 1114 solemnesque
3149 1043 3308 1096 ludos
3343 1039 3606 1092 adhiben—

2030 1163 2138 1217 tur,
2177 1153 2228 1205 in
2265 1151 2385 1219 ipso
2413 1144 2728 1201 certaminis
2768 1150 2900 1196 aestu
2949 1138 3003 1192 id
3047 1138 3229 1198 fieret,
3262 1131 3424 1187 caedis
3452 1144 3602 1182 reum

2031 1247 2100 1299 ab
2141 1241 2412 1297 interfecti
2456 1234 2779 1308 pr0pinquis
2826 1238 3134 1302 peragatur.
3189 1225 3307 1290 Qua
3342 1224 3409 1276 de
3440 1236 3606 1275 causa

2031 1341 2363 1406 cognoscant
2394 1345 2650 1401 agrorum
2686 1335 2968 1381 curatores
3003 1323 3063 1384 ii,
3092 1319 3292 1388 quibus
3324 1332 3353 1370 a
3387 1315 3606 1384 propin-

2031 1445 2141 1500 quo
2184 1426 2500 1481 mandatum
2561 1422 2836 1490 negotium
2868 1418 2991 1470 erit.
3039 1413 3079 1466 li
3123 1425 3254 1466 vero
3287 1410 3602 1462 damnatum

2028 1523 2360 1594 jumentum,
2392 1517 2484 1572 ubi
2526 1524 2702 1569 morte
2745 1509 3114 1568 multaverint.
3142 1521 3208 1560 ex
3242 1505 3389 1558 illius
3437 1501 3611 1569 regio-

2033 1593 2120 1667 nis
2149 1612 2348 1666 finibus
2373 1608 2612 1677 ejiciant.
2638 1625 2656 1658 ι
2690 1603 2815 1657 Haec
2842 1602 3012 1656 Plato.
3044 1602 3182 1651 Ante
3211 1610 3370 1665 quem
3395 1593 3607 1663 Moyses

2035 1705 2107 1758 ita
2131 1702 2266 1771 jam,
2301 1702 2404 1754 hoc
2439 1699 2491 1751 in
2525 1711 2720 1766 genere
2749 1699 3035 1753 statuerat,
3071 1707 3090 1740 ι
3123 1687 3180 1742 Si
3208 1697 3398 1741 taurus
3428 1685 3606 1737 virum

2036 1802 2130 1848 aut
2155 1790 2317 1864 613
2342 1789 2623 1843 mulierem
2649 1800 2820 1839 cornu
2852 1780 3208 1852 percusserit,
3240 1777 3284 1830 si
3317 1788 3611 1845 percussus

1960 1851 2005 1910 Β
2036 1893 2288 1940 mortuus
2319 1881 2520 1945 fuerit;
2549 1878 3110 1948 lapidabiturtaurus,
3134 1886 3235 1924 nec
3256 1868 3613 1924 comedentur

2035 1990 2230 2030 carnes
2257 1971 2680 2043 ejuszdominus
2700 1983 2830 2021 vero
2859 1965 3000 2019 tauri
3035 1965 3299 2017 innocens
3328 1959 3432 2014 erit
3454 1960 3530 2011 ί.»

2595 2057 2823 2114 CAPUT
2860 2054 3045 2109 XLIII.

2033 2174 2312 2242 Platonem
2336 2174 2544 2238 iisdem,
2549 2170 2750 2292 ιριιὶίηιε
2770 2168 3111 2221 Hebrworum
3135 2164 3328 2218 littera:
3359 2161 3612 2215 similitu-

2589 2241 2760 2292 im'bus
2794 2254 2948 2291 usum
2978 2252 3108 2289 esse.

2589 2241 2760 2293 inibus
2794 2254 2948 2291 usum
2978 2252 3108 2289 esse.

2105 2337 2390 2408 Propheta:
2434 2348 2540 2387 vox
2583 2331 2743 2386 est’:
2793 2347 2812 2380 ‹
2855 2327 2956 2381 Fili
3015 2324 3252 2380 hominis
3281 2339 3296 2376 :
3325 2337 3451 2378 ecce
3487 2321 3613 2376 facti

2035 2439 2164 2486 sunt
2198 2428 2332 2482 mihi
2363 2426 2560 2480 domus
2593 2421 2792 2486 Israel,
2839 2417 3085 2489 permisti
3145 2431 3336 2470 omnes
3378 2429 3516 2480 aere,
3563 2422 3615 2468 et

2035 2530 2257 2586 staano,
2304 2527 2355 2573 et
2383 2516 2527 2571 ferro
2547 2554 2562 2579 ,
2591 2523 2645 2568 et
2674 2511 2918 2582 plumbo.
2955 2510 3014 2563 In
3045 2508 3226 2563 medio
3259 2505 3499 2561 fornacis
3528 2520 3617 2558 ar-

2036 2611 2181 2683 genti
2217 2607 2464 2679 pcrmisti
2512 2612 2660 2660 sunt.
2697 2602 2991 2670 Propterea
3032 2599 3156 2653 dic:
3193 2597 3316 2652 Haec
3347 2597 3480 2651 dicit
3508 2595 3617 2650 Do-

2035 2701 2220 2755 minus
2253 2696 2400 2752 :Pro
2445 2710 2510 2749 eo
2547 2692 2692 2763 quod
2738 2690 2864 2744 facti
2897 2690 3032 2744 estis
3068 2703 3258 2742 omnes
3294 2688 3348 2741 in
3375 2700 3615 2741 massam

2037 2809 2225 2854 unam,
2254 2798 2537 2860 propterea
2565 2802 2664 2855 ego
2690 2783 2986 2853 suscipiam
3017 2797 3136 2847 vos,
3156 2778 3615 2849 quemadmodum

2038 2882 2332 2951 suscipitur
2364 2885 2672 2948 argentum,
2696 2884 2749 2928 et
2771 2889 2866 2939 aes,
2892 2882 2946 2928 et
2971 2871 3198 2934 ferrum,
3228 2880 3280 2922 et
3309 2869 3616 2937 plumbum,

2039 2987 2094 3033 et
2132 2986 2388 3032 stannum
2423 2974 2478 3026 in
2512 2971 2693 3026 medio
2725 2969 2986 3034 fornacis,
3015 2975 3076 3020 ut
3104 2963 3408 3019 insuliletur
3438 2962 3492 3014 in
3522 2977 3620 3015 eos

2040 3071 2203 3140 ignis,
2237 3067 2449 3138 ipsique
2488 3063 2811 3120 conﬂentur.
2846 3080 2864 3111 ι
2899 3059 3019 3112 Jam
3076 3057 3283 3111 audisis
3315 3069 3478 3120 quam
3511 3051 3622 3106 affl-

1967 3197 2008 3252 C
2043 3163 2130 3216 nia
2181 3160 2434 3228 loquatur
2465 3155 2620 3210 Plato
2655 3173 2668 3208 :
2710 3173 2727 3203 ι
2760 3151 2977 3206 Fabulze
3001 3150 3193 3220 igitur,
3224 3146 3433 3215 inquit,
3473 3144 3619 3213 quod

2042 3261 2290 3323 superest
2336 3251 2595 3305 auditote.
2652 3245 2944 3299 Enimvero
2985 3249 3251 3312 quotquot
3297 3240 3350 3291 in
3404 3237 3620 3292 civitate

2041 3361 2329 3402 versamur
2368 3343 2471 3414 (sic
2497 3341 2643 3395 enim
2686 3339 2828 3393 hanc
2856 3337 2923 3390 iis
2951 3335 3191 3390 fabulam
3227 3328 3620 3401 pertexemus),

2043 3443 2239 3498 fratres
2269 3455 2460 3496 sumus
2488 3451 2701 3492 omnes.
2748 3433 2952 3488 Verum
2999 3435 3155 3486 lictor
3205 3431 3295 3485 ille
3347 3427 3521 3492 Deus,
3563 3436 3623 3480 ut

2044 3537 2218 3599 aiunt,
2244 3533 2338 3604 qui
2369 3547 2434 3586 ex
2463 3529 2622 3585 nobis
2652 3529 2718 3583 ad
2748 3525 3124 3597 imperandum
3156 3521 3265 3590 apti
3288 3527 3494 3585 essent,
3520 3532 3620 3570 au-—

2045 3643 2167 3684 rum
2199 3627 2265 3680 iis
2295 3626 2423 3678 dum
2454 3635 2877 3692 procrearentur
2909 3615 3224 3678 admiscuit,
3264 3628 3331 3667 ex
3364 3627 3472 3681 quo
3501 3609 3624 3681 plu-

2044 3721 2243 3775 rimum
2275 3716 2557 3788 dignitatis
2589 3710 2868 3768 consecuti
2903 3717 3051 3764 sunt.
3083 3705 3188 3773 Qui
3217 3720 3348 3759 vero
3392 3703 3458 3757 ad
3494 3715 3626 3770 ope-

2045 3827 2162 3868 ram
2203 3811 2325 3865 aliis
2377 3805 2683 3862 navandam
2720 3802 2901 3858 idonei
2943 3799 3161 3864 forent,
3217 3797 3303 3852 his
3337 3801 3622 3865 argentum

2047 3903 2322 3975 aspersit:
2357 3899 2611 3972 agricolis
2660 3895 2896 3964 denique
2945 3909 3009 3946 ac
3058 3889 3268 3946 caneris
3314 3885 3622 3956 opiﬁcibus,

2047 3997 2251 4051 ferrum
2289 4003 2451 4062 atque
2506 4005 2581 4044 ms
2627 3987 2845 4042 infudit.
2886 3984 3029 4054 Ergo
3080 3997 3204 4036 cum
3240 3988 3388 4033 tanta
3434 3987 3648 4031 omnes

2047 4086 2374 4158 cognatione
2414 4080 2694 4152 conjuncti
2725 4079 2901 4143 simus
2921 4116 2936 4140 ,
2964 4073 3122 4128 nobis
3159 4071 3381 4142 quidem
3418 4077 3478 4122 ut
3506 4067 3595 4138 plu
3616 4097 3628 4108 -

2049 4179 2250 4232 rimum
2301 4173 2511 4228 similes
2555 4181 2949 4241 proci-eamus:
2984 4164 3077 4217 sed
3133 4173 3312 4215 tamen
3365 4158 3636 4227 contingit.

2049 4267 2362 4338 aliquando,
2395 4272 2455 4316 ut
2480 4278 2545 4317 ex
2574 4275 2740 4314 aureo
2767 4265 3085 4326 argenteum
3113 4293 3126 4317 ,
3161 4252 3246 4306 vel
3270 4266 3336 4305 ex
3368 4257 3630 4319 argenteo.

2051 4375 2276 4416 aureum
2303 4397 2318 4422 ,
2354 4367 2658 4423 caateraque
2706 4350 2952 4405 vicissim
3009 4345 3192 4400 omnia
3231 4361 3298 4399 ex
3353 4344 3474 4398 aliis
3519 4343 3628 4398 alia

2053 4457 2400 4521 generentur.
2466 4443 2814 4513 Principibus
2871 4439 3037 4508 igithr
3095 4453 3161 4492 ac
3218 4435 3627 4506 magistratibus

367 4527 605 4556 Y"'""‘"l
642 4527 834 4549 *Ἰν-ἠ
868 4527 987 4546 Ir"
1127 4527 1140 4537 ν
1175 4527 1188 4542 .
1238 4527 1248 4543 .
1578 4527 1586 4530 .
1666 4527 1677 4534 ,
1790 4527 1796 4528 ,

365 4576 502 4643 ξωσι
547 4572 734 4646 μηδὲν,
763 4571 838 4634 ὡς
867 4570 995 4630 τοὺς
1024 4565 1301 4634 ἐγγόνους,
1333 4559 1431 4612 ὅτι
1464 4556 1646 4616 αὑτοῖς
1673 4551 1875 4604 τούτων
1895 4549 1941 4602 ἐι

2053 4545 2289 4614 primum
2351 4541 2456 4594 hoc
2500 4537 2644 4593 Deus
2684 4552 2747 4591 ac
2778 4533 3051 4603 praecipue
3083 4531 3344 4595 mandat,
3385 4529 3463 4584 uti
3493 4527 3640 4582 nihil.

2259 4631 2330 4646 uno
2447 4640 2487 4646 -_
2568 4645 2575 4646 ,
2605 4645 2614 4646 κ
2656 4638 2730 4646 κμΑ
2758 4629 2811 4646 Ie,
2838 4642 2886 4646 A-
2938 4624 3235 4646 -,___-_..I--....
3288 4622 3385 4646 ..ξι-ζ
3420 4635 3482 4646 ..Α
3509 4635 3607 4646 ιιι-,-

365 4640 488 4727 ταῖς
516 4640 713 4736 ψυχαῖς
756 4658 1195 4732 παραμέμικται.
1247 4651 1358 4706 Καὶ
1415 4649 1508 4702 ἐὰν
1553 4645 1812 4715 σφέτερος
1855 4640 1948 4708 ἐγ-

365 4777 526 4831 γονος
581 4756 887 4828 ὑπόχαλκος
951 4753 984 4824 ἢ
1037 4749 1364 4818 ὑποσίδηρος
1420 4743 1686 4812 γένηται,
1763 4736 1948 4808 μηδενὶ

365 4827 558 4926 τρόπῳ
617 4827 1037 4916 κατελεήσωσιν,
1083 4839 1221 4895 ἀλλά
1254 4839 1353 4908 τὴν
1412 4837 1478 4905 τῇ
1532 4832 1690 4900 φύσει
1745 4827 1950 4899 προσή-

368 4921 571 5002 κουσαν
596 4943 760 5012 τιμὴν
794 4936 1155 4997 ἀποδιδόντες,
1200 4931 1275 4994 ὡς
1312 4922 1483 4991 οὖσιν,
1528 4925 1561 4996 ἣ
1595 4925 1669 4986 ὡς
1700 4921 1952 4991 δημιουρ-

367 5039 520 5108 γοὺς,
548 5035 582 5104 ἢ
626 5029 926 5102 γεωργούς.
979 5026 1091 5079 Καὶ
1157 5022 1252 5077 ἐὰν
1280 5016 1346 5075 αὖ
1389 5021 1454 5072 ἐκ
1491 5017 1696 5068 τούτων
1739 5014 1772 5085 ἥ
1826 5012 1951 5066 ὑπό-

367 5097 974 5199 χρυσοςῆγὺπάργυρος
1005 5111 1113 5180 φυῇ
1165 5125 1270 5172 τις,
1316 5105 1645 5176 τιμήσαντες
1697 5097 1951 5165 ἀνάξουσι

368 5189 498 5276 τόὺς
527 5211 625 5282 μὲν
677 5211 755 5270 είς
783 5203 1051 5276 φυλακὴν,
1095 5202 1222 5262 τοὺς
1272 5199 1314 5252 δ’
1357 5199 1437 5259 εἰς
1484 5191 1826 5261 ἐπικουρίαν
1880 5189 1955 5251 ὡς

368 5281 641 5376 χρησίμου
673 5299 828 5376 ὄντος
861 5297 982 5348 τότε
1035 5293 1134 5363 τὴν
1183 5290 1338 5344 πόλιν
1391 5284 1777 5356 διαφθαρῆναι,
1827 5281 1955 5334 ὅταν

368 5374 539 5465 αὑτὴν
584 5395 614 5446 6
660 5375 911 5461 σιδηροῦς
989 5383 1164 5454 φύλαξ
1208 5383 1242 5453 ἢ
1275 5384 1305 5434 6
1349 5378 1584 5451 χαλκοῦς
1633 5374 1953 5444 διαφυλάξῃ.

369 5487 575 5542 Τοῦτον
605 5481 696 5538 οὖν
717 5483 806 5536 τὸν
843 5480 1010 5552 μῦθον
1044 5480 1193 5540 ὅπως
1217 5475 1283 5528 ἂν
1323 5471 1621 5534 πεισθεῖεν,
1657 5468 1799 5538 ἔχεις
1833 5465 1955 5520 τινὰ

371 5578 658 5653 μηχακιήκ
685 5595 703 5627 ι

454 5692 470 5722 ⁸
513 5687 688 5743 Exod.
721 5701 835 5746 xxi,
867 5683 959 5738 28.
1035 5685 1055 5712 ²
1099 5680 1294 5734 Ezech.
1325 5695 1474 5741 χχιι,
1514 5677 1602 5731 18.

467 5779 535 5833 84
610 5776 748 5836 Ἐὰν
775 5775 842 5827 δὲ
880 5773 1010 5840 ἄρα,
1031 5770 1206 5833 Plato,
1245 5768 1398 5832 ibid.,
1431 5766 1493 5822 C.

443 5779 558 5921 285;
613 5845 828 5915 ἘΟ-μὲν
858 5844 965 5914 γὰρ
994 5841 1091 5909 δή,
1128 5839 1309 5908 Plato,
1352 5839 1443 5894 lib.
1491 5887 1493 5893 ι

2053 4647 2206 4702 aeque
2239 4631 2528 4702 diligenter
2558 4645 2622 4684 ac
2649 4629 2892 4683 studiose
2930 4624 3239 4680 curandum
3286 4622 3388 4678 sibi
3419 4635 3484 4674 ac
3509 4635 3632 4689 pro-

2053 4723 2348 4779 videndum
2383 4721 2692 4777 existiment
2714 4759 2729 4784 ,
2764 4734 2929 4788 quam
2965 4727 3022 4772 ut
3048 4733 3115 4771 ex
3141 4716 3210 4771 iis
3237 4712 3470 4769 metallis
3500 4710 3630 4780 quid

2055 4817 2252 4886 cuique
2302 4815 2596 4870 liberorum
2645 4821 3011 4883 nepotumque
3045 4824 3267 4865 suorum
3317 4807 3496 4860 animo
3535 4802 3648 4857 ad-.

2058 4909 2285 4964 mistum
2342 4909 2444 4971 sit,
2481 4907 2810 4978 intelligant.
2860 4904 3010 4972 Quos
3059 4917 3220 4973 porro
3268 4915 3331 4954 ex
3384 4899 3492 4953 illis
3537 4909 3632 4952 aut

2059 5001 2358 5062 subtereos,
2385 5007 2478 5053 aut
2501 4998 2811 5054 subferreos
2840 5013 2959 5052 esse
2991 4993 3366 5063 cognoverint,
3399 4991 3464 5044 iis
3496 4989 3632 5042 nihil

2058 5109 2284 5164 prorsus
2326 5091 2678 5160 indulgeant,
2731 5091 2824 5145 sed
2875 5089 2997 5141 illos
3049 5095 3212 5154 prout
3259 5093 3468 5137 naturae
3518 5097 3632 5136 sum

2059 5185 2299 5240 conditio
2344 5183 2678 5254 postulabit,
2733 5183 2787 5235 in
2829 5181 3082 5250 opiﬁcum
3137 5185 3232 5231 aut
3268 5175 3631 5244 agricolarum

2059 5279 2289 5334 classem
2321 5275 2678 5343 ordinemque
2729 5271 3114 5326 trnnscribant.
3163 5267 3444 5330 Similiter,
3497 5281 3635 5334 quos

2057 5373 2142 5426 vel
2189 5371 2523 5432 subaureos,
2575 5366 2661 5418 vel
2715 5365 3102 5432 subargenteos
3154 5375 3184 5412 a
3218 5369 3409 5412 natura
3459 5357 3640 5410 factos

2059 5479 2181 5518 esse
2207 5457 2700 5529 deprehenderint,
2745 5469 2839 5508 eos
2884 5467 2982 5522 pro
3015 5465 3113 5504 sua
3144 5463 3414 5519 quemque
3455 5447 3633 5515 digni-

2062 5563 2205 5619 tate,
2237 5552 2305 5607 ad
2333 5548 2730 5620 rempublicam
2759 5545 2842 5601 vel
2868 5542 3156 5615 gerendam
3182 5582 3195 5607 ,
3228 5542 3310 5596 vel
3335 5539 3645 5610 iuvandam.

613 5827 828 5915 *Eepe-
858 5827 965 5914 γᾶρ
994 5841 1091 5909 δή,
1128 5827 1309 5908 Plato,
1352 5827 1443 5894 lib.
1491 5852 1552 5893 ιιι
1599 5834 1674 5890 De
1707 5832 1928 5904 republ.,
1972 5849 2094 5906 pag.
2127 5831 2252 5898 445,
2277 5827 2344 5883 Η.
