4122 6414
589 354 728 413 i019

1225 353 1495 410 EUSEBll
1535 353 2017 410 CASSARIENSIS
2050 353 2199 410 OPP.
2243 353 2422 410 PARS
2458 355 2518 411 ll.
2561 387 2634 400 —
2668 354 3168 412 APOLOGETICA.

3705 356 3853 411 {0'20

582 472 926 525 admoveant.
953 469 1090 524 Tum
1124 469 1269 525 enim
1302 474 1492 540 utique
1520 469 1916 539 rempublicam
1942 471 2165 526 interire
2205 473 2499 540 oportebit,
2555 490 2680 528 cum
2712 474 2832 544 ejus
2879 469 3413 526 administrationem
3453 468 3663 525 ferreus
3691 474 3849 541 quis-

579 564 725 632 piam
755 578 996 617 areusve
1030 571 1220 616 custos
1249 561 1568 631 susceperit.
1596 561 1763 633 614
1789 561 1925 616 Num
1956 571 2016 618 tu
2071 577 2200 618 vero
2239 571 2411 618 artem
2475 565 2712 635 aliquam
2757 573 2919 634 atque
2966 562 3233 617 rationem
3283 560 3337 613 in
3369 569 3630 631 promptu
3680 562 3850 617 habes

578 673 687 728 qua
720 659 835 713 lure
871 657 939 712 iis
970 656 1156 712 fabula
1192 657 1508 725 persuaderi
1538 657 1751 726 possit?
1787 676 1806 709 ι

1125 747 1355 802 CAPUT
1398 747 1582 802 XLIV.

1049 838 1127 892 De
1162 840 1349 893 iisdem
1386 839 1668 894 similibus.

643 930 763 983 Alia
811 930 1060 998 quaedam
1097 933 1238 1000 apud
1281 929 1537 985 Hebraeos
1577 933 1860 1002 prophetia
1901 942 2015 999 est,
2046 949 2154 1003 qua

567 1022 752 1090 populi
802 1023 1075 1090 principes
1122 1023 1195 1075 ita
1248 1023 1645 1091 compellantur
1697 1041 1766 1078 ιι
1810 1022 1854 1078 Ο
1902 1037 2153 1094 pastores

569 1111 757 1171 Israel,
790 1113 1034 1181 nunquid
1061 1122 1306 1181 pastores
1330 1114 1655 1180 semetipsos
1683 1115 1946 1182 pascunt?
1973 1130 2153 1169 nonne

568 1212 819 1271 pastores
853 1218 983 1258 oves
1017 1220 1146 1258 suas
1178 1207 1444 1272 pascunt?
1481 1204 1616 1257 Ecce
1647 1205 1731 1258 lae
1763 1205 2068 1266 comeditis,
2097 1214 2152 1260 et

565 1293 712 1360 quod
747 1308 993 1347 crassum
1020 1303 1100 1348 est
1131 1293 1416 1362 jugulatis,
1443 1303 1495 1347 et
1518 1291 1657 1346 lanis
1685 1294 1996 1362 operimiui,
2021 1309 2150 1349 oves

566 1392 748 1436 autem
781 1397 932 1436 meas
961 1398 1066 1436 non
1100 1384 1322 1451 pascitis
1353 1400 1364 1433 :
1403 1382 1548 1452 quod
1585 1382 1821 1451 perierat
1849 1399 1954 1436 non
1993 1399 2148 1453 quae-

565 1472 758 1534 siistis,
791 1483 842 1525 et
875 1471 1020 1540 quod
1052 1471 1394 1526 confractum
1431 1480 1549 1524 erat
1595 1486 1701 1524 non
1752 1470 2050 1539 alligastis,
2094 1477 2151 1524 et

563 1563 712 1632 quod
760 1571 1038 1616 erraverat
1073 1578 1178 1616 non
1210 1559 1564 1616 reduxistis‘.
1603 1578 1622 1611 ›
1657 1558 1778 1624 Quo
1807 1559 1972 1612 etiam
2015 1558 2147 1613 illud

563 1653 821 1708 salutaris
849 1651 1122 1721 Evangelii
1151 1652 1402 1721 pertinet,
1436 1667 1455 1701 ι
1487 1649 1670 1704 Bonus
1695 1656 1882 1718 pastor
1907 1647 2147 1702 animam

561 1761 718 1800 suam
749 1746 902 1815 ponit
947 1761 1044 1815 pro
1077 1746 1272 1800 ovibus
1321 1745 1438 1799 suis
1473 1759 1487 1795 :
1523 1741 1895 1797 mercenarius
1926 1749 2106 1796 autem
2127 1783 2144 1808 ,

560 1847 616 1894 et
644 1838 736 1908 qui
767 1853 875 1892 non
907 1846 992 1891 est
1021 1846 1228 1907 pastor,
1260 1836 1420 1905 cujus
1443 1849 1552 1889 non
1579 1842 1709 1889 sunt
1730 1849 1861 1888 oves
1889 1834 2143 1904 propriae,

559 1929 790 1984 dimittit
847 1931 996 1984 eas'.
1029 1948 1048 1980 ι
1081 1929 1200 1984 Jam
1229 1943 1358 1984 vero
1383 1927 1663 1982 Platonem
1698 1926 1848 1992 audi,
1882 1926 2145 1997 quemad-

564 2022 788 2076 modum
834 2022 925 2076 illa
957 2022 1075 2091 ipsa
1105 2022 1281 2092 primo
1325 2020 1402 2074 De
1426 2019 1691 2090 republica
1733 2019 2140 2089 interpretetur.

567 2133 588 2166 ε
620 2113 776 2169 Nune
809 2123 988 2168 autem
1011 2152 1026 2177 ,
1073 2113 1273 2183 inquit,
1303 2113 1478 2177 vides,
1507 2112 1580 2165 mi
1613 2111 2022 2183 Thrasymache
2059 2110 2142 2182 (ut

2766 741 3167 797 ΚΕΦΑΛΑῘΟΝ
3200 742 3331 795 MA'.

2447 837 2577 888 Ἔτι
2615 833 2748 903 περὶ
2790 833 2908 888 τῶν
2952 834 3170 904 ὁμοίων
3200 832 3668 902 ὑποδειγμάτων.

2330 925 2443 995 Τῆς
2475 926 2605 996 παρ’
2647 925 2917 996 Ἑϐραίοις
2963 925 3298 995 προφητείας
3337 924 3657 995 φασκούσης
3712 926 3849 996 πρὸς

2255 1018 2381 1079 τοὺς
2404 1016 2750 1088 προεστῶτας
2777 1015 2866 1067 τοῦ
2888 1015 3143 1086 πλήθους·
3177 1012 3275 1067 «Ὦ
3315 1015 3570 1086 ποιμένες
3605 1015 3824 1087 Ἰσραὴλ

2258 1107 2332 1177 μὴ
2389 1105 2644 1176 βόσκουσι
2700 1106 2958 1177 ποιμένες
3011 1105 3284 1170 ἑαυτούς;
3338 1106 3399 1158 οὐ
3458 1105 3527 1158 τὰ
3596 1105 3833 1175 πρόϐατε

2257 1198 2544 1267 βόσκουσιν
2573 1198 2622 1250 οἱ
2647 1197 2943 1268 ποιμένες;
2996 1197 3103 1250 ἰδοὺ
3137 1197 3198 1249 τδ
3220 1196 3360 1265 γάλα
3392 1196 3728 1260 κατεσθίετε,
3748 1196 3847 1249 καὶ

2250 1289 2312 1340 τὸ
2343 1290 2488 1358 παχὺ
2527 1287 2783 1357 σφάξετε,
2820 1288 2914 1340 καὶ
2957 1288 3024 1341 τὰ
3055 1287 3178 1358 ἔρια
3206 1287 3621 1358 περιϐάλλεσθε,
3647 1289 3742 1341 καὶ
3773 1287 3842 1342 τὰ

2252 1379 2503 1452 πρόϐατά
2529 1398 2628 1450 μου
2659 1381 2718 1432 οὐ
2748 1379 2988 1450 βόσκετε·
3023 1381 3116 1434 καὶ⁸
3138 1380 3200 1432 τὸ
3222 1379 3498 1442 ἀπολωλὸς
3523 1379 3623 1432 οὑκ
3645 1381 3842 1452 ἐζητή-

2253 1489 2401 1533 σατε,
2439 1471 2531 1524 καὶ
2563 1471 2625 1523 τὸ
2660 1471 3120 1542 συντετριμμένον
3147 1471 3208 1524 οὑ
3237 1471 3595 1542 κατεδήσατε,
3645 1472 3740 1525 καὶ
3775 1472 3837 1524 τὸ

2250 1566 2601 1637 πλανώμενον
2628 1567 2727 1619 οὐκ
2754 1565 3153 1638 ἐπεστρέψατε·
3204 1585 3222 1617 ι
3249 1564 3386 1619 ἀλλά
3409 1566 3505 1619 καὶ
3527 1565 3620 1618 τοῦ
3659 1582 3835 1637 σωτη-

2249 1660 2370 1731 ρίου
2404 1658 2564 1727 λόγου
2597 1658 2916 1727 φάσκοντος,
2947 1677 2965 1709 ι
3016 1659 3072 1710 '0
3099 1659 3302 1728 ποιμὴν
3341 1660 3369 1710 ὁ
3401 1657 3565 1720 καλὸς
3586 1657 3694 1728 τὴν
3731 1657 3836 1727 ψυ-

2246 1748 2348 1820 χὴν
2379 1747 2573 1802 ἐαυτοῦ
2600 1746 2813 1817 τίθησιν
2842 1746 2983 1816 ὑπὲρ
3014 1744 3122 1798 τῶν
3151 1745 3458 1815 προϐάτωνο
3479 1746 3508 1797 ὁ
3535 1744 3594 1797 δὲ
3630 1743 3836 1815 μισθω-

2244 1840 2358 1905 τὸς,
2393 1840 2486 1894 καὶ
2509 1839 2609 1892 οὐκ
2631 1837 2707 1892 ὢν
2746 1837 2971 1909 ποιμὴν,
3005 1831 3067 1890 οὗ
3117 1836 3217 1889 οὐκ
3255 1835 3403 1889 ἔστιν
3443 1835 3554 1888 ῐδια
3587 1835 3659 1887 τὰ
3704 1834 3836 1907 πρό-

2247 1929 2407 1990 ϐατα,
2439 1929 2759 1985 καταλείπει
2789 1928 2982 1982 αὑτά»
3013 1927 3318 1981 ἐπάκουσον
3347 1928 3442 1980 καὶ
3482 1925 3578 1979 τοῦ
3610 1926 3832 1980 Πλάτω-

2247 2038 2358 2086 νος,
2395 2023 2453 2075 ἐν
2478 2020 2556 2091 τῷ
2585 2019 2788 2093 πρώτῳ
2819 2019 2920 2090 τῆς
2961 2019 3274 2084 Πολιτείας
3303 2019 3452 2081 ὅπως
3503 2019 3636 2070 ποτὲ
3662 2016 3835 2070 ταῦτα

2242 2109 2608 2181 διερμηνεύει.
2637 2128 2657 2161 ι
2697 2109 2812 2162 Νῦν
2841 2108 2900 2161 δὲ
2929 2109 3062 2180 ὁρᾷς
3088 2107 3221 2178 (86),
3261 2103 3306 2161 ῶ
3352 2107 3689 2178 Θρασύμαχε
3732 2108 3834 2177 (ﬁt

559 2204 840 2274 superiora
871 2204 962 2258 illa
992 2203 1172 2258 denuo
1208 2203 1562 2272 repetamus),
1587 2211 1662 2266 te,
1693 2203 1786 2270 qui
1813 2217 2003 2256 verum
2018 2203 2137 2256 tne-

2242 2202 2352 2274 γὰρ
2381 2201 2450 2256 τὰ
2479 2201 2787 2274 ἔμπροσθεν
2840 2199 3310 2270 ἐπισκεψώμεθα),
3335 2200 3417 2252 ὃτι
3448 2200 3540 2252 τὸν
3595 2199 3671 2262 ὡς
3700 2198 3835 2272 ἀλη-

555 2297 740 2350 dicum
791 2295 1058 2364 principio
1117 2295 1433 2360 definieris,
1485 2296 1741 2362 deinceps
1797 2303 1978 2350 tamen
2026 2295 2140 2349 veri

555 2387 796 2457 pastoris
822 2400 944 2440 esse
974 2386 1234 2448 noluisse,
1255 2385 1539 2455 diligenter
1563 2401 1626 2439 ac
1655 2385 1899 2440 studiose
1923 2401 2137 2456 gregem

556 2477 836 2534 custodire
859 2516 874 2542 ,
933 2478 1026 2531 sed
1062 2476 1244 2545 potius
1274 2491 1435 2539 eum,
1477 2485 1748 2544 quatenus
1797 2484 1983 2544 pastor
2025 2484 2137 2538 est,

557 2569 639 2624 sic
664 2579 796 2622 oves
827 2583 956 2622 suas
987 2582 1248 2637 pascere,
1281 2575 1340 2620 ut
1373 2582 1478 2621 non
1506 2567 1619 2636 jam
1651 2567 1744 2636 qui
1773 2582 1904 2622 oves
1937 2567 2141 2636 optime

559 2659 815 2721 habeant,
832 2659 924 2713 sed
949 2658 1199 2727 epulonis
1222 2657 1507 2726 cujusdam
1525 2657 1837 2712 convivium
1862 2657 2138 2711 instruen-

554 2751 627 2806 tis
671 2765 856 2814 more,
884 2750 979 2820 qui
1013 2750 1160 2804 laute
1191 2751 1450 2806 convivas
1480 2764 1611 2805 suos
1641 2750 1898 2818 excipiat,
1935 2757 2140 2803 attente

550 2843 862 2898 consideret
891 2859 907 2908 ;
949 2843 1030 2896 vel
1067 2857 1200 2897 sane
1229 2842 1686 2912 quemadmodum
1725 2858 1841 2906 eas,
1877 2831 2146 2911 lanquam’

549 2941 854 2986 mruscator
881 2931 1104 3001 aliquis,
1138 2947 1245 2984 non
1279 2940 1538 3001 tanquam
1575 2942 1783 3000 pastor,
1841 2946 1943 2985 suo
1980 2946 2138 2985 com-

549 3022 752 3091 pendio
781 3021 1002 3078 vendat.
1035 3022 1153 3075 Arti
1189 3037 1322 3077 sane
1353 3024 1612 3091 pastorali
1642 3037 1790 3078 cura:
1824 3023 1971 3077 aliud
2000 3023 2137 3078 nihil

549 3124 665 3177 est,
699 3130 862 3184 quam
899 3123 961 3170 ut
993 3114 1214 3170 creditis
1261 3114 1365 3170 sibi
1414 3116 1834 3185 eommissisque
1879 3116 2136 3186 gregibus

547 3206 753 3277 optima
781 3222 1011 3277 quaeque
1043 3223 1108 3262 ac
1136 3207 1497 3263 saluberrima
1533 3206 1832 3276 provideat.
1863 3204 2002 3260 Nam
2042 3221 2135 3259 ar-

553 3303 663 3351 tem
710 3295 883 3365 ipsam
932 3297 1077 3366 quod
1109 3299 1330 3362 attinet,
1364 3297 1602 3362 abunde,
1635 3297 1692 3351 ni
1743 3296 1922 3365 fallor,
1972 3299 2136 3352 rebus

551 3399 649 3456 per
673 3399 794 3440 sese
825 3386 1106 3449 omnibus,
1141 3397 1199 3441 ut
1228 3388 1432 3458 optima
1468 3388 1557 3441 illa
1581 3403 1817 3457 vereque
1845 3389 2134 3458 pastoralis

551 3475 782 3531 omnino
812 3477 906 3541 sit,
940 3479 1270 3533 necessariis
1301 3479 1566 3532 instructa
1603 3489 1704 3534 est.
1738 3478 1816 3532 Ita
1845 3494 1993 3532 nunc
2015 3479 2136 3548 qui-

547 3567 672 3622 dem
735 3566 891 3622 fateri
939 3584 1162 3626 necesse
1210 3585 1333 3624 esse
1383 3569 1712 3635 arbitrabar,
1763 3571 2132 3640 principatum

545 3673 765 3714 omnem
790 3699 805 3723 ,
836 3669 1108 3730 quatenus
1146 3661 1482 3731 principatus
1516 3671 1597 3715 est
1621 3701 1635 3726 ,
1667 3661 1937 3731 ejusmodi
1973 3677 2128 3726 esse,

544 3749 645 3820 qui
704 3749 860 3804 alteri
924 3752 1170 3816 nemini,
1219 3767 1381 3821 quam
1427 3753 1685 3822 potestati
1740 3768 1854 3807 sum
1900 3752 2132 3822 ﬁdeique

2244 2293 2351 2356 θῶς
2394 2294 2576 2366 ἰατρὸν
2611 2293 2722 2364 (87)
2745 2293 2805 2346 τὸ
2829 2293 3044 2365 πρῶτον
3071 2291 3406 2363 ὁριζόμενος,
3452 2293 3547 2346 τὸν
3587 2293 3664 2356 ὡς
3705 2294 3836 2364 άλη-

2243 2384 2351 2448 θῶς
2374 2385 2608 2455 ποιμένα
2638 2383 2821 2437 οὐκέτι
2851 2382 2958 2454 ῷου
2997 2383 3109 2436 δεῖν
3133 2381 3360 2454 ὕστερον
3386 2384 3631 2456 ἀκριϐῶς
3659 2384 3829 2450 φυλά-

2245 2474 2354 2540 ξαι·
2380 2475 2518 2528 άλλά
2576 2475 2888 2546 ποιμαίνειν
2931 2475 3046 2547 (88)
3085 2475 3184 2528 οῐει
3224 2475 3385 2528 αὑτὸν
3437 2474 3509 2528 τά
3561 2475 3830 2547 πρόϐατα,

2241 2567 2474 2621 καθόσον
2528 2569 2734 2639 ποιμήν
2785 2569 2956 2630 ἐστιν,
3017 2567 3078 2620 οὐ
3109 2566 3334 2638 πρὸςτὺ
3375 2567 3487 2620 τῶν
3545 2566 3832 2637 προϐάτων

2243 2660 2517 2731 βέλτιστον
2558 2659 2845 2730 βλέποντα,
2880 2658 2994 2712 ἀλλ’
3021 2659 3210 2730 ῶσπερ
3235 2658 3534 2728 δαιτυμόνα
3565 2659 3708 2722 τινά,
3739 2660 3834 2714 καὶ

2245 2751 2509 2821 μέλλοντα
2549 2749 2926 2813 ἑστιάσασθαι,
2960 2750 3098 2821 πρὸς
3124 2749 3223 2820 τὴν
3245 2749 3502 2819 εὐωχίανο
3534 2749 3567 2820 ἢ
3595 2745 3662 2804 αὖ
3695 2750 3833 2822 πρὸς

2239 2839 2300 2893 τδ
2323 2840 2639 2904 ἀποδόσθαι,
2668 2840 2858 2912 ῶσπερ
2901 2839 3300 2912 χρηματιστὴν,
3335 2839 3451 2893 ἀλλ’
3480 2841 3543 2894 οὐ
3573 2841 3828 2912 ποιμένα.

2239 2932 2318 3004 Τῇ
2350 2935 2638 3004 ποιμενικῇ
2672 2933 2716 2986 δ’
2739 2933 2800 2985 οὐ
2837 2932 3010 3002 δήπου
3064 2932 3224 2986 ἄλλου
3253 2949 3348 2985 του
3405 2932 3578 3003 μέλει,
3613 2932 3648 3004 ἦ
3678 2933 3763 3001 ἐφ’
3785 2925 3831 3000 ᾧ

2236 3025 2518 3089 τέτακται,
2570 3025 2720 3088 ὅπως
2759 3023 2934 3096 τούτῳ
2961 3025 3023 3078 τὸ
3087 3024 3363 3094 βέλτιστον
3406 3026 3675 3097 ἐκποριεϊ·
3709 3025 3832 3078 ἐπεὶ

2236 3117 2307 3170 τά
2363 3135 2426 3186 γε
2454 3117 2645 3188 αὐτῆς,
2683 3116 2811 3170 ὥστ’
2867 3113 3006 3170 εῖναι
3057 3115 3345 3187 βελτίστη,
3401 3116 3601 3179 ἱκανῶς
3659 3115 3830 3187 δήπου

2237 3209 2654 3280 ἐκπεπόρισται,
2688 3209 2794 3272 ἕως
2829 3225 2892 3278 γε
2924 3208 2989 3262 ἂν
3027 3207 3190 3279 μηδὲν
3237 3207 3389 3280 ἐνδέῃ
3410 3206 3504 3260 τοῦ
3537 3209 3828 3278 ποιμενικὴ

2239 3294 2396 3352 εἶναι.
2437 3297 2593 3352 Οὕτω
2624 3298 2688 3370 δὴ
2717 3297 2876 3368 ᾤμην
2905 3297 3081 3366 ἔγωγε
3123 3297 3220 3351 νῦν
3260 3297 3325 3370 δὴ
3365 3300 3666 3366 ἀναγκαῖον
3691 3294 3830 3352 εἶναι

2239 3391 2372 3460 ἡμῖν
2395 3391 2698 3461 ὁμολογεῖν,
2733 3391 2910 3443 πᾶσαν
2947 3389 3142 3460 ἀρχὴν,
3175 3389 3406 3443 καθόσον
3433 3387 3599 3460 ἁρχὴ,
3638 3388 3830 3458 μηδενὶ

2241 3480 2386 3551 ἄλλῳ
2411 3482 2471 3534 τδ
2501 3481 2775 3552 βέλτιστον
2805 3481 3127 3534 σκοπεῖσθαι
3159 3480 3192 3551 ἢ
3217 3481 3409 3551 ἐκείνῳ
3435 3481 3514 3552 τῷ
3541 3481 3830 3552 ἀρχομένῳ

2238 3591 2298 3626 τε
2323 3574 2418 3626 καὶ
2451 3570 2894 3643 θεραπευομένῳ,
2911 3575 2968 3625 ἐν
2992 3573 3241 3645 πολιτικῇ
3271 3575 3366 3628 καὶ
3389 3575 3633 3645 ἰδιωτικῇ
3660 3575 3824 3644 ἀρχῇ.

2239 3662 2312 3715 Σὺ
2349 3662 2405 3714 δὲ
2441 3663 2564 3725 τοὺς
2598 3663 2866 3732 ἄρχοντας
2892 3663 2950 3717 ἐν
2976 3666 3095 3726 ταῖς
3126 3663 3334 3731 πόλεσι,
3364 3667 3492 3730 τοὺς
3508 3665 3584 3730 ὡς
3609 3664 3826 3736 ἀληθῶς

2238 3753 2524 3825 ἄρχοντας,
2567 3753 2790 3818 ἑκόντας
2813 3756 2912 3809 οῖει
2942 3757 3168 3827 ἄρχεινς
3200 3777 3218 3810 ι

546 3843 881 3906 commissis,
899 3844 1105 3914 optima
1137 3860 1368 3914 quaeque
1398 3845 1718 3914 prospiciat,
1751 3861 1844 3900 seu
1908 3846 2160 3914 publicus
2195 3845 2285 3900 ille
2337 3847 2454 3912 sit,
2503 3862 2597 3900 seu
2648 3847 2894 3916 privatus
2956 3850 3121 3903 etiam
3175 3849 3536 3919 principatus.
3565 3847 3649 3904 Tu
3693 3864 3823 3904 vero

547 3935 1083 4006 rerumpublicarum
1115 3935 1410 4006 principes,
1447 3935 1493 3991 si
1520 3952 1648 3992 vere
1676 3935 1838 3992 modo
1862 3935 2136 4006 principes
2178 3935 2398 4000 fuerint,
2430 3937 2789 4006 principatum
2822 3937 2965 3992 ultro
2996 3954 3182 4008 gerere
3209 3939 3530 3996 arbitraris?
3561 3959 3582 3992 ι

937 4052 1101 4124 315
1151 4052 1382 4109 CAPUT
1434 4052 1600 4109 XLV.

1181 4144 1258 4200 De
1281 4145 1488 4198 iisdem.

615 4233 857 4289 Alterius
889 4235 1032 4304 apud
1077 4234 1335 4290 Hebraeos
1367 4236 1644 4306 propheta:
1676 4252 1781 4291 vox
1813 4247 1898 4294 est
1939 4259 1952 4294 :
1994 4258 2012 4290 ι
2047 4238 2128 4294 Ex

2753 4049 3150 4106 ΚΕΦΑΛΑῙΟΝ
3174 4056 3307 4107 ME'.

2717 4146 2842 4198 Ἔτι
2870 4145 3000 4214 περὶ
3027 4145 3131 4200 τοῦ
3159 4147 3366 4202 αὑτοῦ.

2311 4252 2329 4284 ι
2371 4233 2484 4303 Τῆς
2517 4235 2647 4306 παρ’
2691 4236 2958 4308 Ἑϐραίοις
2991 4239 3328 4309 προφητείας
3351 4239 3635 4313 λεγούσης
3673 4260 3693 4294 t
3729 4243 3822 4296 Ἕκ

544 4325 742 4379 timore
767 4334 883 4390 tuo,
919 4325 1170 4392 Domine,
1209 4329 1262 4382 in
1308 4338 1466 4383 utero
1506 4330 1878 4400 concepimus,
1909 4340 1964 4386 et
1999 4347 2126 4400 par-

2242 4323 2325 4378 τοῦ
2358 4326 2522 4394 φόϐου
2561 4343 2675 4391 σου,
2718 4327 2910 4399 Κύριε,
2935 4330 2993 4381 ἐν
3015 4333 3214 4402 γαστρὶ
3242 4331 3506 4402 ἐλάϐομεν
3525 4373 3540 4398 ,
3571 4334 3665 4387 καὶ
3697 4333 3824 4387 ᾠδι-

543 4418 858 4480 turivimus,
888 4425 941 4471 et
970 4419 1283 4488 peperimus
1328 4421 1579 4488 spiritum
1628 4421 1884 4479 salutis'.
1919 4441 1938 4475 ι
1971 4421 2128 4476 Plato

546 4521 726 4563 autem
765 4509 819 4562 in
844 4507 1104 4564 Theaeteto
1137 4510 1415 4566 Socratem
1447 4512 1521 4565 ita
1543 4513 1857 4583 loquentem
1881 4515 2123 4572 inducit:

550 4619 572 4653 ι
605 4598 709 4667 Qui
741 4603 1139 4658 consuetudine
1189 4620 1309 4660 mea
1340 4616 1591 4671 utuntur,
1616 4607 1816 4677 inquit,
1847 4609 1883 4662 ii
1913 4607 2129 4666 feminis

545 4693 886 4762 parientibus
929 4696 1237 4762 persimiles
1287 4707 1436 4752 sunt.
1478 4699 1798 4756 Parturiunt
1845 4703 1922 4756 illi
1951 4704 2126 4773 siqui-

543 4785 689 4848 dem,
719 4794 773 4839 et
805 4795 990 4842 noctes
1013 4797 1178 4857 atque
1203 4789 1319 4846 dies
1345 4793 1481 4862 ipsis
1525 4796 1688 4850 etiam
1719 4795 2000 4865 puerperis
2029 4811 2124 4850 ve-

547 4874 855 4931 hementius
906 4879 1030 4948 angi
1076 4880 1272 4936 solent.
1303 4882 1459 4940 Hunc
1489 4901 1620 4941 vero
1660 4895 1849 4956 partus
1881 4887 2125 4943 dolorem

543 4967 680 5022 artis
707 4984 840 5024 mea:
878 4970 1081 5026 vicum
1113 4973 1355 5031 excitare
1401 4977 1537 5047 ipse,
1569 4987 1686 5032 tum
1741 4979 1908 5033 etiam
1946 4980 2127 5034 levare

546 5072 792 5124 possum.
825 5079 845 5112 ι

621 5211 853 5268 'Ezech.
887 5232 1071 5283 xxxrv,
1102 5220 1156 5273 2.
1235 5220 1428 5277 'Joan.
1459 5241 1516 5293 ι,
1550 5227 1635 5281 ll.
1697 5226 1838 5284 ’lsa.
1861 5245 2010 5295 xxvi,
2035 5230 2119 5286 l8.

922 5355 991 5444 δὲ
1023 5357 1199 5444 ὁρᾷς.-
1224 5360 1407 5444 Primo
1440 5365 1517 5420 De
1559 5367 1784 5444 νερειόίη
1815 5385 1867 5439 p.
1900 5370 2027 5444 1H],
2059 5371 2123 5444 ϐ,

620 5423 1019 5512 ςθῃ-Ῑιατρόντ
1050 5423 1206 5511 ’ξδόει
1253 5431 1395 5512 hanc
1440 5423 1625 5512 vocem
1681 5423 1871 5495 deesse
1911 5423 2122 5512 aliquid

552 5500 822 5576 suspicor,
859 5500 910 5550 id
965 5500 1222 5576 trimirum
1247 5504 1398 5576 quod
1428 5508 1699 5562 medicum
1734 5526 1855 5565 esse
1903 5500 2122 5576 deﬁnit,

554 5579 730 5654 Ec:
748 5570 862 5654 τῶν
894 5570 1598 5654 ἕαμνὸντωνηθεραπευτήν.
1625 5579 1716 5654 _lta
1748 5582 1890 5654 enim
1929 5570 2124 5650 supra,

553 5649 674 5703 pag.
703 5633 844 5698 415,
894 5637 950 5690 'o
972 5633 1050 5709 τῷ
1072 5642 1290 5712 ἀκριϐεῖ
1308 5633 1464 5719 ’λόγῳ
1501 5633 1715 5716 ἰατρὸς,
1739 5633 2128 5723 τξότέροίίξρἧέ

2232 4417 2494 4487 νήσαμεν,
2522 4418 2616 4471 καὶ
2649 4419 2908 4489 ἐτέκομεν
2935 4420 3152 4489 πνεῦμα
3179 4423 3503 4493 σωτηρίας»
3538 4425 3566 4474 ὁ
3595 4424 3824 4479 Πλάτων

2231 4509 2290 4560 ἐν
2312 4507 2604 4574 Θεαιτήτῳ
2630 4509 2754 4562 τάδε
2773 4508 3000 4578 λέγοντα
3012 4511 3308 4582 Σωκράτην
3326 4516 3488 4566 ποιεῖ’
3511 4533 3528 4564 ι
3544 4515 3821 4585 Πάσχουσι

2230 4599 2295 4672 δὴ
2323 4602 2371 4653 οί
2438 4601 2561 4671 ἐμοὶ
2619 4601 2996 4672 συγγινόμενοι
3053 4603 3248 4657 ταύτὸν
3307 4607 3426 4668 ταῖς
3486 4605 3817 4669 τικτούσαις.

2247 4691 2506 4745 Ὤδίνουσι
2539 4690 2668 4764 γὰρ,
2725 4693 2819 4746 καὶ¹
2871 4693 3104 4764 ἀπορίας
3133 4695 3498 4764 ἐμπίπλανται
3529 4696 3728 4759 νύκτας
3755 4715 3818 4749 τε

2235 4787 2329 4839 καὶ
2356 4786 2586 4858 ἡμέρας,
2621 4786 2753 4840 πολὺ
2795 4788 2995 4859 μᾶλλον
3027 4788 3059 4860 ἦ
3093 4791 3317 4844 ἐκεῖναι.
3374 4791 3590 4862 Ταύτην
3623 4791 3687 4862 δὴ
3715 4793 3815 4860 τὴν

2234 4877 2398 4932 ὠδῖνα
2446 4878 2682 4950 ἐγείρειν
2724 4896 2784 4932 τε
2817 4880 2912 4934 καὶ
2969 4880 3273 4934 ἀποπαύειν
3316 4883 3352 4952 η
3381 4880 3488 4952 ἐμὴ
3521 4881 3683 4953 τέχνη
3725 4880 3817 4934 δύ·-

2235 4984 2415 5023 ναται.
2455 4989 2474 5022 ι

2283 5384 2504 5459 ατιστμής
2539 5386 2705 5459 ἐστιν,
2811 5385 2920 5459 τῶν
2947 5387 3263 5459 καμνόντων
3290 5385 3633 5459 θεραπευτής
3656 5387 3817 5459 ﬂia!

2235 5453 2357 5577 ὲέγε
2397 5453 2587 5594 τὸν
2615 5454 2726 5505 ὄντι
2759 5453 2940 5527 ἰατρὸν
2973 5453 3118 5510 avra.
3158 5456 3279 5510 Τῶν
3313 5453 3650 5527 καμνόντων,
3682 5457 3816 5526 ἔφη,

2271 5541 2506 5594 εραπευτ
2549 5542 2594 5586 ς.

2301 5541 2814 5668 ῗὲίξεἫὲῧιαίνειν.
2846 5595 2972 5666 Ms.,
2997 5597 3253 5665 πιαίνειν,
3271 5595 3414 5669 quod
3443 5597 3594 5653 valde
3615 5598 3813 5668 probo.
