4122 6426
430 421 561 476 1021

925 536 1325 590 ΚΕΦΑΆΑΙΟΝ
1365 537 1514 602 Μετ’.

859 627 994 681 Ἔτι·
1051 628 1183 696 περί
1233 627 1340 681 τοῦ
1405 627 1612 682 αὐτοῦ.

493 717 601 774 Τοῦ
627 721 902 791 προφήτου
957 718 1216 788 Ἰεζεκιὴλ
1250 721 1520 789 φήσαντος
1545 736 1558 749 °
1601 740 1618 771 ι
1661 721 1771 774 Kal
1800 721 2015 790 ἐγένετο

421 813 508 866 ἐπ’
540 812 642 883 ἐμὲ
696 813 818 882 χεὶρ
856 812 1088 882 Κυρίου,
1140 812 1235 865 καὶ
1281 807 1439 875 εἶδον,
1499 813 1593 865 καὶ
1640 811 1747 866 ἰδοὺ
1795 813 2014 884 πνεῦμα

419 903 638 974 ἐξαῖρον
667 903 866 974 ἤρχετο
894 903 1002 956 ἀπὸ
1036 904 1238 975 Βοῤῥᾶ’
1256 923 1273 954 ι
1307 904 1401 956 καὶ
1429 903 1558 972 ὲξῆς
1581 905 1848 968 εἰπόντος,
1875 908 2013 960 «Καὶ

417 997 477 1048 ἐν
508 994 586 1065 τῷ
622 995 792 1065 μέσῳ,
853 993 928 1057 ὼς
974 994 1228 1065 ὁμοίωμα
1285 996 1568 1066 τεσσάρων
1602 995 1775 1059 ζώων.
1835 999 1945 1050 Καὶ
1978 1001 2009 1069 ἡ

416 1088 616 1158 ὅρασις
643 1086 843 1140 αὐτῶνθ
873 1087 949 1148 ὡς
971 1086 1222 1156 ὁμοίωμα
1254 1087 1545 1158 ἀνθρώπου
1577 1089 1664 1142 ἐπ’
1691 1089 1891 1152 αὐτοῖς,
1919 1090 2011 1142 καὶ

418 1181 691 1251 πρόσωπα
714 1177 957 1249 τέσσαρα
985 1177 1062 1249 τῷ
1089 1178 1188 1233 ἐνί.
1241 1179 1354 1231 Kal
1383 1179 1640 1249 ὁμοίωσις
1660 1180 1767 1232 τῶν
1798 1180 2011 1250 προσώ-

417 1288 537 1324 πων
587 1269 788 1330 αὐτῶν,
846 1272 1139 1343 πρόσωπον
1194 1270 1482 1343 ἀνθρώπου
1556 1273 1649 1326 καὶ
1717 1275 2008 1344 πρόσωπον

414 1356 630 1424 λέοντος
647 1363 709 1413 ἐκ
731 1361 920 1427 δεξιῶν
943 1366 1056 1426 τοῖς
1073 1362 1356 1434 τέσσαρσι,
1382 1363 1477 1415 καὶ
1499 1364 1787 1434 πρόσωπον
1808 1365 2006 1436 μόσχου

416 1453 478 1517 ἐξ
520 1452 824 1524 ἀριστερῶν
879 1455 993 1516 τοῖς
1041 1453 1322 1523 τέσσαρσι.
1379 1455 1490 1508 Καὶ
1527 1455 1817 1526 πρόσωπον
1846 1457 2005 1510 ἀετοῦ

415 1546 529 1608 τοῖς
555 1545 868 1616 τέσσαρσι-ι
899 1545 995 1598 καὶ
1051 1547 1080 1597 6
1128 1545 1356 1598 Πλάτων
1414 1547 1638 1616 ὁμοίως,
1667 1547 1920 1611 ἄκουσον,
1971 1549 2007 1603 ἆ

418 1653 576 1706 φησί’
611 1655 630 1687 ι
666 1635 782 1689 Νῦν
835 1637 914 1701 δ’,
991 1636 1130 1706 ἔφην
1192 1637 1304 1707 (89)
1365 1638 1531 1709 αὐτῷ·
1595 1639 2002 1710 Διαλεγώμεθα,

413 1728 604 1798 ἐπειδὴ
629 1727 1172 1799 διωμολογησάμεθα,
1201 1729 1260 1781 τό
1293 1745 1354 1782 τε
1379 1730 1584 1783 ἀδικεῖν
1611 1733 1706 1783 καὶ
1735 1732 1796 1784 τὸ
1821 1731 2004 1786 δίκαια

413 1818 698 1888 πράττειν,
735 1821 800 1890 ἢν
829 1819 1088 1890 ἐκάτερον
1113 1818 1226 1888 ἔχει
1270 1819 1520 1890 δύναμιν,
1581 1821 1740 1885 Πῶς;
1783 1820 1912 1892 ἔφη.
1935 1854 2003 1863 -

1637 419 1960 476 ΡΗᾸΞΡΑΒ.
2019 421 2270 478 ΕΥΔΝΟ.
2315 421 2442 477 LIB.
2479 421 2591 475 Xll.

2041 545 2092 601 Δ

3573 422 3707 476 10°33

2691 536 2921 593 CAPUT
2950 537 3134 592 XLVI.

2748 627 2824 682 De
2855 629 3061 681 iisdem.

2199 721 2503 777 Ezechielis
2531 722 2812 792 propheta:
2838 729 2924 776 est
2952 723 3098 790 quod
3139 722 3387 791 sequitur
3427 741 3438 775 :
3481 742 3499 774 ι
3532 721 3597 776 Et
3625 723 3706 776 fa-

2121 820 2209 866 cta
2254 821 2339 866 est
2385 826 2550 879 super
2594 826 2683 864 me
2734 826 2932 864 manus
2971 809 3208 874 Domini,
3242 822 3295 865 et
3335 812 3466 876 vidi,
3494 822 3548 865 et
3575 828 3702 866 ecce

2119 913 2318 959 ventus
2367 903 2602 957 turbinis
2631 903 2883 956 veniebat
2913 903 2982 956 ab
3013 903 3282 970 Aquilone
3305 905 3320 934 ¹
3355 922 3367 957 :
3397 923 3415 953 ι
3450 913 3503 957 ει
3541 904 3702 972 paulo

2119 1005 2239 1065 post
2269 1013 2282 1048 :
2319 1014 2336 1045 ‹
2369 995 2431 1049 Et
2459 996 2512 1048 in
2546 995 2746 1056 medio,
2779 995 2939 1062 quasi
2976 995 3278 1049 similitudo
3313 1002 3550 1063 quatuor
3581 995 3702 1048 ani-

2119 1087 2368 1140 malium.
2397 1085 2464 1138 Et
2513 1086 2601 1138 hic
2645 1095 2900 1152 aspectus
2947 1100 3160 1139 eorum.
3191 1085 3357 1149 Quasi
3397 1085 3701 1139 similitudo

2117 1179 2358 1232 hominis
2403 1179 2458 1231 in
2510 1179 2612 1241 eis,
2644 1189 2698 1231 et
2749 1187 2985 1246 quatuor
3042 1176 3208 1231 facies
3238 1177 3350 1230 uni.
3388 1175 3699 1231 Similitudo

2115 1281 2296 1326 autem
2363 1271 2602 1323 vultuum
2661 1287 2874 1332 eorum,
2921 1270 3088 1324 facies
3142 1271 3400 1332 hominis,
3430 1279 3484 1323 et
3531 1269 3698 1324 facies

2116 1365 2292 1420 leonis
2349 1378 2379 1416 a
2433 1363 2642 1434 dextris
2689 1365 2934 1432 ipsorum
2990 1372 3254 1431 quatuor;
3296 1361 3463 1416 facies
3512 1372 3693 1414 autem

2113 1453 2270 1510 vituli
2299 1471 2328 1508 a
2361 1453 2600 1506 sinistris
2635 1455 2876 1520 ipsorum
2916 1462 3173 1520 quatuor.
3209 1450 3274 1504 Et
3305 1450 3470 1503 facies
3499 1450 3698 1518 aquila:

2115 1549 2361 1616 ipsorum
2410 1547 2709 1614 quatuor”.
2749 1563 2767 1595 ι
2824 1541 2979 1596 Nunc
3027 1543 3236 1596 audisis
3285 1557 3448 1610 quam
3496 1541 3693 1595 similia

2111 1638 2264 1692 Plato
2282 1639 2556 1706 loquatur.
2587 1657 2604 1686 ι
2631 1635 2750 1690 Jam
2782 1652 2912 1689 vero
2936 1635 3034 1706 (sic
3064 1635 3128 1688 ad
3156 1635 3334 1704 ipsum
3365 1634 3602 1704 ego)hac
3626 1635 3695 1688 de

2111 1747 2170 1786 re
2191 1729 2659 1801 philosophemnr,
2689 1727 3135 1798 quandoquidem
3176 1727 3318 1780 inter
3357 1741 3458 1780 nos
3492 1742 3694 1780 conve-

2111 1824 2212 1888 nit,
2245 1822 2461 1892 qualem
2490 1819 2692 1889 injuste
2719 1834 2784 1874 ac
2807 1818 2954 1888 juste
2984 1834 3043 1872 se
3076 1832 3264 1887 gerere
3299 1818 3405 1870 vim
3433 1827 3488 1872 et
3516 1818 3692 1872 ratio—

412 1906 612 1963 Σὶκόνα
640 1909 942 1974 πλάσαντες
975 1912 1074 1981 τῆς
1099 1911 1278 1982 ψυχῆς
1307 1912 1468 1983 λόγῳ,
1495 1913 1583 1967 ἵνα
1625 1914 1737 1984 εἰδῇ
1771 1916 1798 1966 6
1825 1917 1994 1968 ἐκεῖνα

2110 1930 2234 1969 nem
2255 1910 2854 1976 habeat.—Quomodo,
2881 1908 3080 1978 inquit,
3099 1909 3470 1978 philosophari
3493 1908 3691 1976 placet?

410 1999 605 2070 λέγων,
633 2002 750 2055 οἵαν
784 2001 1033 2070 ἐλεγε.-
1053 2002 1217 2057 Ποίαν
1239 2005 1389 2069 τινά;
1421 2001 1502 2075 ἧδ’
1519 2007 1671 2068 ὅς.-
1691 2005 1810 2058 Τῶν
1833 2005 2006 2059 τοιού-

410 2107 518 2144 των
553 2089 694 2154 τινά,
723 2087 790 2162 ἧν
814 2089 858 2143 δ’
886 2089 1016 2160 ἐγὼ,
1044 2085 1153 2144 οἷαι
1183 2091 1605 2161 μυθολογοῦνται
1643 2092 1868 2145 παλαιαί
1909 2110 2004 2161 γε-

408 2164 599 2234 νέσθαι
630 2179 839 2248 φύσεις,
889 2181 924 2250 ἦ
955 2197 1017 2232 τε
1070 2179 1370 2253 Χιμαίρας,
1403 2181 1497 2234 καὶ
1538 2183 1572 2252 ἡ
1617 2180 1879 2252 Σκύλλης,
1910 2181 2003 2235 καὶ

405 2271 715 2344 Κερϐέρου,
765 2273 859 2325 καὶ
916 2272 1072 2327 ἄλλαι
1113 2272 1258 2332 τινὲς
1309 2274 1502 2342 συχναὶ
1563 2273 1812 2340 λέγονται
1863 2290 2002 2343 συμ-

407 2365 709 2431 πεφυκυῖαι
733 2362 866 2415 ἰδέαι
882 2362 1070 2416 πολλαὶ
1085 2365 1164 2427 είς
1181 2363 1238 2415 ἒν
1252 2363 1858 2432 γενέσθαι.-Λέγονται
1871 2363 1998 2434 γὰρ,

407 2452 534 2524 ἔφη.
567 2485 636 2494 -
669 2453 879 2506 Πλάττε
926 2454 1106 2507 τοίνυν
1133 2454 1261 2525 μίαν
1291 2455 1388 2524 μὲν
1423 2454 1564 2507 ίδέαν
1604 2455 1794 2524 θηρίου
1824 2457 2003 2508 ποικί-

407 2545 501 2598 λου
531 2545 625 2598 καὶ
650 2545 1046 2615 πολυκεφάλου,
1102 2545 1326 2617 ἡμέρων
1351 2546 1407 2598 δέ
1433 2545 1636 2617 Θηρίων
1659 2546 1878 2616 ἔχοντας
1906 2565 1999 2600 κε-

406 2637 584 2708 φαλὰς
619 2637 804 2709 κύκλῳ
831 2640 925 2692 καὶ
954 2638 1182 2710 ἀγρίων,
1231 2639 1326 2692 καὶ
1367 2638 1594 2692 δυνατοῦ
1641 2639 1998 2710 μεταϐάλλειν

405 2729 503 2782 καὶ
535 2728 688 2798 φύειν
727 2729 788 2795 ἐξ
815 2729 980 2784 αὑτοῦ
1004 2729 1175 2782 ταῦτα
1210 2731 1404 2784 πάντα.
1425 2761 1495 2773 —
1514 2732 1698 2785 Δεινοῦ
1732 2732 1995 2797 πλάστου,

403 2818 533 2890 ἔφη,
586 2820 648 2873 τὸ
686 2819 864 2891 ἔργον·
903 2821 1054 2890 ὅμως
1107 2819 1297 2891 ἐπειδὴ
1351 2822 1780 2893 εὐπλαστότερον
1822 2822 1996 2895 κηροῦ

405 2910 502 2964 καὶ
542 2909 650 2964 τῶν
683 2910 940 2964 τοιούτων
967 2913 996 2963 ὁ
1050 2911 1227 2979 λόγος,
1281 2911 1599 2966 πεπλάσθω.
1637 2944 1704 2952 -
1739 2913 1882 2967 Μίαν
1932 2914 1996 2985 δὴ

401 3003 584 3057 τοίνυν
635 3002 801 3075 ἄλλην
830 3004 971 3057 ἰδέαν
995 3003 1228 3071 λέοντος,
1265 3004 1396 3075 μίαν
1428 3004 1484 3057 δὲ
1513 3003 1826 3075 ἀνθρώπου⁹
1858 3005 1994 3058 πολὺ

401 3095 462 3148 δὲ
500 3097 759 3167 μέγιστον
782 3097 924 3150 ἔστω
969 3098 1030 3150 τὸ
1060 3098 1298 3170 πρῶτον,
1340 3100 1434 3152 καὶ
1478 3098 1728 3170 δεύτερον
1782 3097 1844 3150 τὸ
1871 3099 1993 3152 δεύ-

401 3187 845 3260 τερον.-Ταῦτ’,
880 3189 1008 3260 ἔφη,
1047 3191 1165 3260 ῥᾴω
1198 3191 1293 3243 καὶ
1328 3190 1990 3245 πέπλασται.--Σύναπτε

401 3280 582 3334 τοίνυν
613 3281 754 3335 αὐτά
777 3284 856 3346 είς
887 3282 966 3344 ἓν,
985 3283 1110 3354 τρία
1136 3283 1286 3347 ὅντα,
1309 3282 1450 3336 ὥστε
1476 3300 1550 3353 πη
1583 3280 1994 3352 ξυμπεφυκέναι

400 3372 676 3444 ἀλλήλοις.
699 3401 772 3414 --
800 3373 1099 3445 Ξυνῆπται,
1141 3375 1339 3445 ἐφη.-
1355 3375 1697 3446 Περίπλασον
1735 3375 1791 3428 δέ
1813 3377 1995 3440 αὐτοῖς

401 3464 603 3532 ἔξωθεν
633 3465 751 3530 ἐνὸς
772 3467 974 3532 εἰκόνα,
1005 3466 1104 3538 τὴν
1137 3467 1233 3520 τοῦ
1287 3465 1598 3538 ἀνθρώπου,
1624 3468 1765 3522 ὥστε
1814 3469 1892 3539 τῷ
1919 3469 1993 3540 μὴ

399 3559 686 3631 δυναμένῳ
713 3559 781 3612 τὰ
816 3559 966 3624 ἐντὸς
989 3562 1142 3632 ὁρᾷν,
1192 3559 1328 3613 ἀλλά
1361 3559 1421 3613 τὸ
1446 3559 1550 3624 ἔξω
1597 3562 1754 3632 μόνον
1775 3560 1994 3632 ἔλυτρον

400 3649 680 3720 ὁρῶντι,ἒν
695 3649 832 3714 ζῶον
845 3648 1129 3720 φαίνεσθαι
1141 3647 1515 3720 ἀνθρωπον.-
1526 3649 1991 3722 Περιπέπλασται,

402 3740 530 3810 ἔφη.
554 3772 624 3782 -
647 3741 910 3812 Λέγωμεν
936 3742 1001 3813 δη
1029 3741 1108 3812 τῷ
1153 3741 1387 3810 λέγοντι,
1419 3742 1495 3806 ὡς
1527 3741 1794 3796 λυσιτελεῖ
1818 3741 1993 3812 τούτῳ

401 3832 612 3887 ἀδικεῖν
639 3833 716 3904 τῷ
747 3833 1042 3904 ἀνθρώπῳ,
1090 3834 1275 3888 δίκαια
1307 3835 1364 3888 δὲ
1405 3835 1666 3906 πράττειν
1687 3833 1748 3888 οὑ
1784 3834 1994 3906 ξυμφέ-

406 3941 512 3996 ρει,
541 3924 675 3977 διότι
705 3925 856 3977 ούδέν
907 3923 1038 3979 ἀλλο
1098 3927 1261 3996 φήσει
1294 3925 1327 3997 ἢ
1361 3926 1662 3979 λυσιτελεῖν
1706 3925 1876 3997 αὐτῷ,
1931 3927 1992 3979 τὸ

403 4016 744 4070 παντοδαπὸν
797 4017 984 4088 θηρίον
1027 4017 1340 4088 εὐωχοῦντι,
1405 4022 1578 4072 ποιεῖν
1632 4019 1852 4091 ἰσχυρὸν
1900 4019 1991 4073 τὸν

401 4108 595 4163 λέοντα
625 4110 720 4162 καὶ
755 4109 822 4164 τὰ
881 4110 1010 4182 περὶ
1045 4109 1138 4162 τὸν
1191 4110 1400 4163 λέοντα·
1454 4112 1545 4164 τὸν
1597 4111 1654 4163 δέ
1703 4111 1992 4184 ἄνθρωπον

401 4202 764 4274 λιμοκτονεῖν,
799 4204 894 4256 καὶ
923 4205 1096 4255 ποιεῖν
1137 4202 1362 4271 ἀσθενῆ,
1401 4201 1543 4256 ὥστε
1601 4203 1855 4258 ἕλκεσθαι
1881 4206 1988 4276 ὅπη

403 4293 475 4347 ἂν
501 4295 723 4348 ἐκείνων
767 4294 1028 4365 ὁπότερον
1072 4293 1202 4366 ἄγῃ·
1255 4295 1349 4348 καὶ
1393 4295 1556 4365 μηδὲν
1601 4294 1787 4366 ἕτερον
1819 4295 1990 4366 ἑτέρῳ

403 4385 721 4450 ξυνεθίζειν,
758 4385 892 4456 μηδέ
919 4385 1072 4456 φίλον
1099 4387 1292 4448 ποιεῖν,
1340 4385 1454 4438 ἀλλ’
1489 4387 1582 4457 ἐᾷν
1625 4386 1763 4440 αύτά
1804 4389 1862 4439 ἐν
1894 4387 1991 4439 αύ-

399 4481 515 4543 τοῖς
567 4477 854 4532 δάκνεσθαί
909 4494 970 4530 τε
1027 4479 1120 4530 καὶ
1171 4479 1455 4549 μαχόμενα
1515 4477 1715 4531 ἐσθίειν
1763 4478 1986 4550 ἄλληλα.

2105 2035 2176 2044 --
2206 2002 2282 2056 Ita
2312 2003 2594 2066 nimirum,
2628 2001 2872 2069 inquam,
2901 2008 2964 2054 ut
2984 2000 3272 2070 imaginem
3299 1999 3468 2052 animi
3495 2014 3690 2068 quam-

2105 2094 2229 2148 dam
2259 2094 2507 2146 oratione
2544 2092 2831 2158 fingamus,
2865 2098 2925 2142 ut
2949 2091 3198 2158 quisquis
3229 2090 3317 2142 illa
3349 2103 3690 2143 commemoo

2106 2181 2266 2242 rabit,
2304 2197 2414 2248 quo
2444 2180 2510 2233 de
2537 2187 2792 2248 loquatur
2844 2177 3126 2248 intelligat.
3155 2207 3222 2218 —-
3257 2177 3430 2243 Quam
3480 2177 3690 2247 porro?

2104 2273 2283 2343 inquit
2323 2272 2429 2326 ille.
2458 2302 2528 2310 —-
2558 2269 2658 2324 Cui
2709 2285 2828 2338 ego.
2864 2271 3116 2338 Aliquam
3161 2271 3450 2338 ejusmodi,
3495 2272 3686 2340 quales

2105 2377 2329 2419 naturas
2381 2365 2509 2417 olim
2551 2364 2854 2426 Chimazrze,
2906 2362 3117 2433 Scylltc,
3161 2363 3406 2422 Cerberi.
3439 2364 3686 2432 aliasque

2102 2477 2212 2514 non
2265 2475 2469 2529 paucas
2525 2457 2695 2513 fuisse
2727 2458 3060 2521 fabulantur,
3097 2473 3328 2526 quarum
3355 2458 3685 2527 multiplices

2101 2551 2294 2606 forma:
2319 2552 2462 2604 inter
2507 2565 2626 2605 sese
2672 2551 2993 2618 complexae,
3022 2565 3193 2604 unum
3217 2551 3281 2630 in
3317 2550 3524 2619 aliquid
3559 2561 3683 2606 ortu

2101 2644 2220 2714 ipso
2270 2643 2661 2698 coalescerent.
2692 2673 2758 2682 —-
2797 2641 2960 2703 Sane,
3009 2641 3206 2710 inquit,
3257 2641 3528 2710 ejusmodi
3585 2642 3684 2694 ali-

2101 2751 2241 2805 quas
2275 2735 2554 2789 exstitisse
2589 2733 2792 2788 ferunt.
2820 2762 2881 2774 --
2910 2732 3022 2800 Age
3054 2748 3204 2802 ergo,
3249 2732 3495 2801 inquam,
3539 2732 3683 2802 finge

2099 2825 2241 2879 mihi
2273 2825 2437 2879 varia:
2459 2824 2746 2891 cujusdam
2779 2839 2842 2878 ac
2865 2823 3204 2892 multicipitis
3237 2824 3534 2877 animantis
3556 2839 3682 2892 spe-

2097 2919 2235 2973 ciem
2270 2933 2437 2972 unam
2495 2917 2643 2970 illam
2694 2916 2940 2985 quidem,
2993 2917 3088 2969 sed
3146 2924 3324 2969 tamen
3382 2915 3676 2983 ejusmodi,

2097 3026 2219 3080 quae
2266 3010 2464 3080 partim
2514 3010 2786 3071 cicurum,
2822 3008 3020 3079 partim
3050 3007 3290 3063 ferarum
3323 3008 3592 3076 capitibus
3622 3008 3681 3063 in

2096 3102 2283 3156 orbem
2317 3101 2568 3172 pluribus
2598 3102 2887 3165 instructa,
2927 3100 3116 3155 eadem
3161 3114 3271 3154 non
3321 3109 3535 3154 mutare
3561 3115 3676 3156 mo-

2095 3193 2188 3260 do,
2218 3195 2314 3249 sed
2359 3195 2522 3248 etiam
2575 3191 2878 3263 producere
2919 3193 3104 3247 omnia
3131 3208 3198 3247 ex
3233 3207 3352 3248 sese
3381 3194 3576 3262 possit.
3605 3219 3677 3235 —-

2098 3285 2352 3350 Fictoris,
2383 3285 2583 3354 inquit,
2619 3300 2758 3355 opus
2793 3299 2986 3339 narras
3045 3284 3243 3354 oppido
3295 3300 3457 3353 quam
3503 3286 3675 3340 soler-

2099 3379 2170 3433 tis
2199 3395 2211 3430 :
2245 3377 2338 3432 sed
2371 3386 2572 3442 tamen,
2599 3376 2818 3446 quando
2848 3375 2964 3431 istis
2993 3375 3157 3430 etiam
3185 3378 3249 3431 de
3277 3377 3439 3431 rebus
3468 3377 3552 3430 vel
3585 3391 3678 3431 cce

2097 3485 2156 3523 ra
2189 3469 2306 3545 ipsa
2336 3467 2550 3522 facilior
2581 3483 2643 3522 ac
2675 3468 2889 3522 mollior
2916 3469 2983 3523 ad
3011 3469 3320 3538 fingendum
3362 3469 3539 3523 oratiu
3571 3479 3674 3535 est,

2097 3559 2332 3629 tingatur
2386 3559 2516 3613 illud
2563 3573 2716 3613 sane.
2754 3587 2822 3596 -—
2851 3557 3013 3622 Tum,
3046 3559 3208 3612 aliam
3245 3558 3375 3612 mihi
3422 3559 3676 3628 deinceps

2097 3651 2272 3706 leonis
2319 3650 2555 3720 speciem
2605 3649 2767 3719 tinge,
2799 3649 3038 3720 itemque
3083 3649 3324 3704 hominis
3355 3648 3515 3703 aliam
3550 3667 3562 3702 :
3601 3649 3675 3703 ita

2095 3744 2314 3814 quidem
2370 3752 2428 3797 ut
2481 3744 2633 3813 prior
2666 3743 2756 3796 ille
2794 3743 2952 3812 longe
2987 3742 3227 3796 maxima
3273 3741 3363 3802 sit.
3408 3741 3676 3812 posterior

2094 3850 2226 3889 vero
2271 3834 2646 3903 magnitudine
2675 3849 2896 3904 quoque
2925 3834 3213 3903 posterior.
3246 3863 3312 3873 --
3334 3833 3459 3888 Hazc
3500 3850 3628 3888 vero
3656 3875 3671 3897 ,

2096 3925 2315 3996 inquit,
2367 3927 2532 3980 etiam
2589 3925 2835 3980 faciliora
2883 3935 3056 3988 sunt,
3102 3926 3288 3995 itaque
3336 3926 3460 3980 fleta
3509 3926 3677 3997 616

2091 4018 2204 4088 jam
2245 4025 2394 4072 sunt.
2429 4049 2498 4059 —
2535 4016 2656 4072 Jam
2705 4034 2873 4071 unum
2922 4017 2975 4070 in
3031 4017 3237 4087 aliquid
3273 4018 3376 4070 tria
3409 4019 3510 4072 ista
3543 4032 3674 4071 con-

2093 4112 2244 4178 flato,
2277 4113 2436 4182 quasi
2468 4111 2572 4167 sub
2603 4119 2784 4164 ortum
2817 4107 2956 4163 inter
2985 4126 3105 4163 sese
3136 4109 3675 4164 coaluerint.—Con-

2094 4207 2218 4259 flata
2249 4215 2397 4268 sunt,
2431 4203 2626 4273 inquit.
2655 4233 2729 4244 —
2754 4202 2824 4256 lis
2855 4212 2910 4256 tu
2942 4217 3107 4271 porro
3141 4201 3486 4254 extrinsecus
3517 4215 3672 4254 com-

2093 4313 2316 4352 munem
2371 4296 2556 4359 unius,
2588 4294 2683 4349 sed
2738 4294 2978 4348 hominis
3027 4292 3276 4360 efﬁgiem,
3309 4292 3670 4358 circumdato,

2094 4399 2152 4442 ut
2178 4389 2294 4460 qui.
2330 4388 2475 4457 quod
2526 4385 2840 4440 interiorem
2905 4386 3051 4438 illam
3103 4384 3339 4454 speciem
3389 4384 3672 4452 pervidere

2092 4498 2199 4536 non
2255 4481 2447 4550 possit,
2500 4487 2786 4533 externum
2841 4479 2944 4532 hoc
2988 4477 3256 4531 duntaxat
3323 4477 3668 4530 involucrum

401 4598 472 4612 —-
504 4572 824 4626 Παντάπασι
851 4572 979 4644 γὰρ,
1009 4571 1136 4642 ἔφη,
1175 4571 1324 4624 ταῦτ’
1364 4570 1430 4625 ἂν
1462 4570 1658 4639 λέγοιό
1694 4571 1754 4623 τὸ
1784 4571 1990 4626 ἀδικεῖν

2099 4573 2488 4644 aspiciet,huie
2517 4587 2686 4626 unum
2721 4571 2940 4641 aliquod
2973 4571 3199 4635 animal,
3221 4569 3668 4638 bomo,inquam,

402 4662 664 4718 ἐπαινῶν.
699 4695 768 4705 --
795 4663 1004 4717 Οὐκοῦν
1030 4659 1097 4719 αὖ
1123 4665 1150 4717 ὁ
1176 4663 1242 4717 τὰ
1276 4663 1459 4716 δίκαια
1486 4662 1659 4732 λέγων
1690 4662 1990 4716 λυσιτελεῖν

402 4755 538 4824 φαίη
565 4754 633 4809 ἂν
666 4756 776 4809 δεῖν
803 4754 977 4809 ταῦτα
1015 4755 1294 4827 πράττειν,
1335 4753 1429 4807 καὶ
1454 4753 1625 4807 ταῦτα
1655 4751 1990 4822 λέγειν,ὃθεν

399 4841 496 4897 τοῦ
515 4844 803 4916 ἀνθρώπου
851 4848 879 4899 6
921 4847 1073 4910 ἐντὸς
1103 4845 1387 4917 ἄνθρωπος
1419 4845 1572 4899 ἔσται
1621 4844 1988 4916 ἐγκρατέστα-

399 4952 514 5000 τος’
543 4937 638 4990 καὶ
682 4936 776 4990 τοῦ
802 4937 1179 5008 πολυκεφάλου
1228 4937 1544 5010 θρέμματος
1573 4937 1983 5008 ἐπιμελήσεται,

399 5027 592 5098 ὥσπερ
619 5031 884 5100 γεωργὸς,
945 5030 1014 5084 τά
1061 5031 1158 5102 μὲν
1185 5031 1370 5101 ἥμερα
1418 5029 1633 5102 τρέφων
1667 5030 1761 5083 xal
1803 5028 1988 5083 τιθασ-

401 5117 597 5184 σεύων,
626 5120 696 5173 τά
723 5120 779 5174 δὲ
806 5121 974 5190 ἄγρια
1021 5121 1356 5176 ἀποκωλύων
1410 5120 1661 5191 φύεσθαι,
1700 5120 1985 5192 ξύμμαχον

480 5251 498 5282 ί
527 5252 724 5306 Ezech.
765 5268 802 5317 ι,
830 5253 885 5308 4.
961 5255 981 5285 ²
1011 5253 1145 5320 ibid,
1175 5255 1229 5308 5.

471 5363 764 5434 (89)}“311
799 5363 852 5417 δ’
898 5363 1072 5434 ἔφην,
1119 5363 1308 5428 Plato,
1362 5365 1458 5420 lib.
1514 5381 1565 5419 ιχ
1623 5363 1979 5434 Deirepubl”

400 5432 522 5504 pag.
560 5433 699 5506 509.
735 5432 799 5506 Βἶ
830 5435 901 5486 At
928 5435 998 5506 in
1042 5433 1270 5489 Phaedro
1292 5475 1305 5496 ,
1353 5451 1474 5506 pag.
1525 5434 1630 5506 3M
1653 5477 1668 5500 ,
1705 5433 1754 5506 Ε
1776 5474 1790 5497 ,
1825 5435 1983 5506 longe

400 5503 560 5557 aliam
587 5503 756 5557 animi
789 5503 1137 5573 hominisque
1160 5503 1394 5572 speciem
1429 5503 1668 5560 exhibet.
1699 5503 1792 5559 Sic
1834 5503 1979 5559 enim

398 5575 509 5637 ille,
549 5574 730 5626 Ἐοικε
847 5575 947 5645 τῇ.
968 5573 1229 5643 ξυμφύτῳ
1257 5574 1482 5645 δυνάμει
1511 5574 1819 5645 ὑποπτέρου
1852 5573 1978 5638 ζεύ-

397 5660 530 5712 γους
575 5661 633 5696 τε
668 5643 791 5712 ᾐκαὶ-
817 5643 1070 5712 ἡνιόχου.
1143 5645 1209 5698 Ει
1253 5643 1578 5711 quihusdam
1635 5643 1975 5710 interjectis:

400 5708 486 5784 Πῆ
532 5708 1070 5786 δὴ-οὖν-θνητόνξτε
1112 5715 1204 5786 καὶ
1252 5708 1516 5786 ἀθάνατον
1556 5713 1700 5786 ζῶον
1739 5708 1976 5786 ἐκλήθη,

398 5783 687 5854 πειρατέον
717 5783 911 5854 εἰπεῖν.
952 5783 1015 5837 Ἠ
1045 5783 1192 5854 ψυχὴ
1228 5784 1380 5854 πᾶσα
1410 5784 1611 5854 παντὸς
1641 5783 1978 5854 ἐπιμελεῖται

399 5851 509 5907 τοῦ
535 5851 764 5922 ἀψύχου,
793 5853 967 5908 πάντα
999 5854 1054 5909 δέ
1090 5851 1318 5923 οὐρανὸν
1351 5853 1658 5924 περιπολεῖ,
1693 5851 1879 5910 ἄλλοτε
1921 5856 1976 5908 ἐν

2092 4683 2236 4720 unus
2288 4675 2572 4735 appareat.
2603 4695 2674 4704 —
2700 4663 3116 4718 Circumdatam
3170 4672 3321 4732 puta,
3371 4661 3569 4730 inquit.
3601 4689 3671 4700 ——

2090 4757 2246 4812 Nunc
2294 4757 2343 4811 ei
2393 4758 2635 4822 demum,
2675 4757 2770 4826 qui
2822 4755 3024 4825 injuste
3084 4770 3245 4825 agere
3285 4753 3412 4808 huic
3460 4753 3667 4806 homini

2091 4850 2399 4904 conducere
2439 4850 2589 4915 velit,
2621 4849 2769 4918 juste
2815 4849 2957 4902 idem
3001 4848 3260 4916 prodesse
3312 4853 3490 4913 neget,
3519 4844 3667 4898 aliud

2088 4954 2211 4994 eum
2243 4941 2378 4994 nihil
2411 4940 2592 4994 dicere
2623 4954 2987 5009 opponamus,
3021 4953 3187 5008 quam
3237 4935 3290 4990 id
3326 4935 3427 5006 ipsi
3457 4934 3665 4990 condu~

2088 5047 2231 5096 cere,
2265 5031 2343 5084 uti
2375 5029 2504 5084 dum
2551 5031 2782 5084 bestiam
2835 5029 2982 5083 illam
3019 5029 3194 5098 pascit
3230 5028 3366 5082 adeo
3409 5027 3669 5096 multipli-

2087 5140 2227 5188 cem,
2270 5125 2480 5178 leonem
2518 5123 2738 5193 quidem
2782 5123 3066 5191 leonisque
3112 5129 3294 5190 partes
3330 5120 3539 5174 viribus
3576 5135 3670 5173 au-

2083 5365 2264 5426 ἄλλοις
2309 5363 2476 5432 εἴδεσι
2516 5362 2832 5432 γιγνομένη.
2871 5360 3008 5414 Tum
3050 5359 3118 5414 de
3164 5357 3440 5432 perfecta,
3494 5356 3664 5432 Τελέα

2131 5437 2187 5488 ἐν
2216 5433 2308 5490 οὖν
2341 5431 2475 5488 οὖσα
2505 5429 2598 5486 καῖ
2627 5429 3002 5502 ἐπτερωμένη,
3032 5430 3425 5502 μετεωροπολεῖ
3450 5445 3553 5502 τε,
3573 5429 3666 5502 καὶ

2084 5499 2302 5560 ἅπαντα
2331 5507 2423 5558 τὸν
2457 5505 2662 5573 κόσμον
2690 5499 2897 5573 διοικεῖ,
2934 5499 3095 5573 AtJde
3123 5499 3457 5573 imperfecta,
3581 5499 3662 5560 δέ,

2084 5577 2543 5649 πτερορρυήσασα
2563 5568 2826 5649 φέρεται,
2871 5571 2976 5634 ἓως
3007 5570 3073 5649 διν
3107 5568 3324 5649 στερεοῦ
3353 5585 3497 5649 τινος
3525 5569 3667 5646 ἀντι-

2081 5637 2344 5716 λάόηταὶ·
2384 5637 2445 5696 οὗ
2492 5637 2926 5716 κατοικισθεῖσα,
2962 5637 3350 5716 -σῶ-μαΑγήζνον
3390 5637 3660 5716 ξᾳδοῧσαν

2081 5707 2220 5767 αύτὸ
2251 5715 2385 5770 αὐτὸ
2422 5711 2612 5765 δοκοῦν
2655 5713 2823 5764 κινεῖν
2845 5753 2860 5782 ,
2899 5711 2993 5782 διὰΔ
3018 5707 3124 5782 τὴν
3149 5707 3362 5782 ἐκείνης
3399 5707 3624 5782 δύναμιν
3644 5746 3660 5768 ,

2083 5785 2219 5847 ζῶον
2256 5788 2312 5839 τὸ
2341 5784 2557 5855 ξύμπαν
2588 5782 2808 5855 ἐκλήθη,
2836 5779 3100 5853 ψυχηκαὶ
3132 5780 3290 5850 σῶμα
3313 5779 3486 5848 παγέν
3514 5791 3527 5810 ³
3552 5788 3658 5831 etc.
