4122 6434
340 319 480 375 1095

1398 314 1716 370 PR/EPAR.
1767 313 2018 370 EVANG.
2064 314 2188 368 LIB.
2230 314 2345 369 XII.

3492 322 3633 377 1026

335 433 532 505 Σχεδὸν
577 431 789 493 οὐδενὸς
826 432 1064 503 ἐπιδεὴς*
1084 460 1153 473 -
1173 430 1374 485 Γείτων
1397 431 1454 484 δὲ
1500 434 1638 504 αὐτῇ
1666 429 1817 495 πόλις
1848 425 1917 502 ἇρ

2039 430 2282 484 nulla.—
2297 428 2572 485 Urbemne
2600 431 2838 500 aliquam
2855 432 3090 487 vicinam
3108 432 3305 488 habet?
3329 433 3490 489 --Nu
3503 434 3633 490 llam

335 527 491 580 ἔσται
545 543 629 589 τις
662 525 925 596 πλησίον;
957 557 1027 567 -
1057 525 1131 578 Ob
1169 526 1330 580 πάνυ·
1366 523 1448 577 διὸ
1483 524 1578 577 καὶ
1622 523 1930 587 κατοικίζε-

331 634 449 673 ται.
484 616 702 672 Παλαιὰ
732 616 841 688 γάρ
872 633 958 679 τις
983 615 1261 687 ἐξοίκησις
1317 617 1376 669 ὲν
1414 615 1493 686 τῷ
1516 615 1668 686 τόπῳ
1699 615 1927 686 γενομέ-

328 728 421 782 νη,
462 711 562 780 τὴν
583 710 768 782 χώραν
790 711 994 781 ταύτην
1033 710 1238 782 ἔρημον
1284 709 1674 779 ἀπείργασται,
1741 708 1931 780 χρόνον

328 801 614 871 ἀμήχανον
642 801 786 854 ὅσον.
820 831 892 841 --
940 800 1006 853 Τί
1056 800 1100 853 δ’
1134 795 1200 854 αὖ
1234 799 1432 854 πεδίων
1494 817 1577 867 τε,
1631 801 1729 853 κεν.)⁸
1762 798 1928 871 ὀρῶν,

327 894 429 946 καὶ
459 892 611 962 ὕλης,
645 891 763 955 πῶς
799 892 966 963 μέρος
999 891 1245 947 ἑκάστων
1275 893 1405 963 ἡμῖν
1441 892 1623 963 εἴληχε
1650 892 1932 963 ;-Προσ-

326 983 476 1039 ἐοικε
507 986 574 1054 τῇ
602 983 701 1053 τῆς
735 981 902 1053 ἄλλης
929 984 1152 1056 Κρήτης
1180 982 1340 1053 φύσει
1366 984 1485 1057 ὅλῃ.
1503 983 1928 1055 -Τραχυτέραν

326 1075 501 1146 αὐτὴν
527 1075 561 1146 ἢ
586 1074 952 1147 πεδινωτέραν
986 1075 1052 1129 ἂν
1079 1075 1296 1145 λέγοιςς
1328 1076 1564 1130 -Πάνυ
1599 1076 1700 1146 μὲν
1738 1071 1928 1133 οὖν.-

328 1169 410 1223 Οὺ
443 1168 623 1221 τοίνυν
661 1167 874 1228 ἀνίατος
898 1167 967 1220 ἂν
998 1166 1087 1240 εἴη
1106 1168 1244 1240 πρὸς
1273 1168 1476 1241 ἀρετῆς
1496 1170 1711 1239 κτῆσιν.
1735 1170 1797 1222 Εἰ
1827 1171 1928 1239 μὲν

328 1259 445 1333 γὰρ
482 1258 840 1313 ἐπιθαλαττία
868 1274 928 1310 τε
948 1257 1187 1329 ἔμελλεν⁹
1204 1254 1345 1313 εἶναι
1381 1260 1477 1314 καὶ
1506 1260 1808 1331 εὐλίμενος,
1834 1258 1926 1312 καὶ

330 1352 411 1423 μὴ
439 1352 749 1422 πάμφορος,
791 1351 906 1405 ἀλλ’
941 1350 1163 1420 ἐπιδεὴς
1215 1350 1450 1415 πολλῶν,
1512 1351 1749 1422 μεγάλου
1781 1351 1926 1414 τινὸς

324 1442 438 1498 ἔδει
471 1444 714 1515 σωτῆρός
743 1460 808 1513 γε
833 1444 993 1515 αὐτῇ,
1034 1443 1130 1496 καὶ
1161 1443 1468 1514 νομοθετῶν
1522 1443 1684 1497 θείων
1738 1442 1922 1507 τινῶν,

324 1537 379 1589 εί
409 1536 484 1606 μὴ
518 1534 691 1589 πολλά
717 1552 779 1588 τε
807 1534 1033 1605 ἔμελλεν
1086 1534 1195 1605 ἤθη
1234 1536 1331 1590 καὶ
1372 1535 1597 1589 ποικίλα
1622 1535 1717 1590 καὶ
1744 1533 1925 1605 φαῦλα

323 1626 494 1693 ἕξειν,
525 1627 749 1699 τοιαύτη
784 1627 943 1698 φύσει
993 1627 1284 1698 γενομένη·
1344 1627 1440 1682 νῦν
1468 1628 1526 1682 δὲ
1560 1627 1924 1700 ’παραμύθιον

323 1721 444 1793 ἔχει
477 1722 538 1775 τὸ
556 1721 664 1775 τῶν
693 1721 1021 1793 ὀγδοήκοντα
1059 1720 1307 1776 σταδίων.
1355 1720 1682 1794 Ἐγγύτερον
1739 1721 1923 1792 μέντοι

322 1814 423 1869 τοῦ
462 1813 674 1878 δέοντος
706 1816 882 1868 κεῖται
915 1815 1016 1885 τῆς
1059 1814 1333 1883 θαλάττης
1362 1813 1572 1884 σχεδὸν,
1612 1814 1735 1866 ὅσον
1780 1813 1924 1867 εὐλι-

326 1903 640 1976 μενωτέραν
674 1905 780 1977 φὴς
813 1905 980 1977 αὐτὴν
1033 1900 1193 1959 εἶναι·
1235 1906 1386 1975 ὅμως
1417 1903 1475 1958 δὲ
1505 1904 1792 1976 ἀγαπητὸν
1828 1905 1924 1958 καὶ

317 1995 501 2051 τοῦτο.
565 1996 863 2068 Πρὸσοικος
900 1996 1010 2068 γὰρ
1049 1995 1286 2049 θάλαττα
1325 1993 1501 2067 χώρᾳ,
1541 1994 1605 2048 τὸ
1663 1995 1763 2065 μὲν
1790 1996 1922 2069 παρ’

319 2088 565 2157 ἑκάστην
607 2088 823 2160 ἡμέραν
883 2089 997 2160 ἡδὺ,
1031 2088 1177 2159 μάλα
1233 2103 1298 2155 γε
1337 2085 1443 2159 μὴν
1480 2087 1650 2151 ὅντως
1679 2086 1923 2160 ἁλμυρὸν

318 2179 421 2232 καὶ
447 2179 647 2250 πικρὸν
698 2180 1017 2251 γειτόνημα.
1074 2178 1377 2251 Ἐμπορίας
1415 2177 1525 2252 γὰρ
1577 2180 1674 2233 καὶ
1707 2199 1924 2252 χρημα-

314 2271 520 2342 τισμοῦ
553 2272 642 2326 διὰ
698 2273 1005 2345 καπηλείας
1068 2272 1393 2343 ὲμπιπλᾶσα
1423 2272 1645 2344 ἑαυτὴν,
1679 2273 1785 2345 ἢθη
1819 2291 1923 2328 πα-

313 2362 373 2415 λε
381 2362 555 2433 μϐολα
578 2363 674 2418 καὶ
709 2364 914 2418 ἄπιστα
941 2367 1063 2428 ταῖς
1100 2365 1303 2437 ψυχαῖς
1354 2364 1698 2429 ἐντίκτουσα,
1749 2365 1921 2436 αὑτήν

310 2471 380 2507 τε
411 2457 548 2528 πρὸς
570 2458 742 2529 αὐτὴν
773 2457 875 2529 τὴν
908 2459 1064 2513 πόλιν
1099 2458 1328 2513 ἄπιστον
1375 2459 1472 2513 καὶ
1525 2457 1718 2528 ἄφιλον
1753 2461 1918 2523 ποιεῖ,

310 2546 416 2599 καὶ
443 2548 581 2619 πρὸς
625 2549 752 2613 τοὺς
788 2550 979 2614 ἄλλους
1006 2550 1325 2624 ἀνθρώπους
1344 2551 1629 2616 ὡσαύτως
1664 2553 1922 2625 παραμύ-

311 2637 433 2693 θιον
461 2638 519 2693 δὲ
548 2640 612 2711 δὴ
636 2640 775 2713 πρὸς
801 2641 977 2697 ταῦτα
1003 2643 1100 2697 καὶ
1132 2641 1195 2697 τὸ
1223 2642 1515 2716 πάμφορος
1546 2640 1687 2697 εἶναι
1716 2644 1919 2716 κέκτη-

308 2732 704 2804 ται.,Τραχεϊα
737 2734 795 2788 δὲ
825 2731 981 2800 οὖσα,
1016 2734 1195 2807 δῆλον,
1222 2736 1298 2801 ὡς
1327 2737 1427 2790 οὐκ
1454 2736 1521 2791 ἂν
1546 2736 1851 2809 πολύφορός
1871 2740 1919 2791 τ’

310 2823 405 2896 εἴη
430 2824 1015 2901 καὶ-πάμφοροςᾼάμα.
1074 2827 1246 2881 Τοῦτο
1274 2828 1386 2901 γὰρ
1442 2828 1663 2900 ἔχουσα,
1716 2827 1921 2900 πολλὴν

311 2915 602 2989 ἐξαγωγὴν
629 2918 695 2971 ἂν
723 2899 1096 2991 παρεχομένη,
1154 2899 1501 2992 νομίσματος
1546 2920 1789 2993 ἀργυροῦ
1823 2923 1919 2975 καὶ

309 3007 522 3081 χρυσοῦ
549 3009 712 3064 πάλιν
747 3010 1144 3082 ἀντεπίμπλατ’
1178 3010 1264 3066 ἄν·
1302 3006 1363 3066 οὗ
1396 3011 1580 3082 μεῖζον
1613 3011 1802 3079 κακὸν,
1841 3011 1918 3076 ὡς

312 3101 452 3165 ἔπος
473 3102 670 3166 εἰπεῖν,
700 3103 855 3157 πόλει
882 3101 1002 3156 ἀνθ’
1033 3103 1151 3166 ἑνὸς
1177 3102 1235 3156 ἓν
1274 3103 1427 3156 οὐδὲν
1461 3104 1528 3158 ἂν
1566 3105 1800 3173 γένοιτο,
1835 3105 1917 3168 είς
1943 3129 1987 3191 C

198 3210 209 3221 -
310 3189 582 3259 γενναίων
634 3191 1001 3247 καὶ’δικαίων
1063 3191 1213 3263 ἠθῶν
1254 3192 1469 3263 κτῆσιν.
1506 3212 1526 3244 ι
1595 3193 1757 3247 Ἀλλά
1804 3193 1915 3265 γὰρ

311 3280 587 3337 τοσούτων
613 3283 744 3353 ἡμῖν
777 3284 870 3337 καὶ
899 3284 1059 3356 μέχρι
1079 3283 1233 3338 τοῦδε
1265 3283 1756 3355 ἀποδεδειγμένων,
1784 3301 1915 3338 σκε-

309 3370 550 3444 ψώμεθα
582 3374 731 3441 ὅπως
756 3376 849 3429 τὸν
892 3376 990 3448 τῆς
1046 3377 1177 3450 παρ’
1213 3375 1485 3447 Ἑϐραίοις
1514 3376 1763 3441 παιδείας
1789 3377 1916 3449 τρό-

312 3482 443 3534 πον,
467 3465 533 3520 δι’
559 3459 634 3521 ὧν
656 3469 957 3541 εἰρήκαμεν
1009 3468 1435 3540 ἀποδεξάμενος,
1467 3470 1560 3524 τὸν
1598 3469 1912 3541 Ἑλληνικὸν

312 3562 702 3631 παραιτεῖται,
736 3561 965 3632 γράφων
1017 3561 1076 3615 ἓν
1125 3560 1204 3633 τῷ
1232 3560 1444 3634 δεκάτῳ
1475 3562 1576 3635 τῆς
1593 3563 1914 3627 Πολιτείας

309 3643 441 3709 ὧδε.

2033 523 2323 577 admodum
2355 542 2366 577 :
2392 538 2502 595 quo
2531 522 2614 591 ﬁt,
2647 532 2705 578 ut
2738 540 2805 579 eo
2834 525 3015 579 coloni
3050 525 3321 596 hodieque
3351 526 3635 582 deducan-

2033 624 2141 669 tur.
2171 613 2480 669 lncolarum
2508 615 2679 680 enim,
2704 631 2828 685 quae
2865 617 2981 685 jam
3031 617 3162 671 olim
3205 618 3456 690 contigit,
3500 618 3571 674 iis
3602 633 3634 674 ο

2032 706 2254 762 sedibus
2309 706 2566 776 migratio
2592 705 2646 759 in
2669 721 2836 761 causa
2865 706 2987 773 fuit,
3011 708 3369 779 quamobrem
3395 718 3510 766 tota
3541 711 3631 767 illa

2030 798 2183 869 regio
2227 797 2521 854 solitudine
2558 797 2751 867 perdiu
2790 797 3075 854 laborarit.
3106 830 3175 838 —
3202 800 3441 872 Campos
3474 817 3630 870 vero,

2030 898 2244 946 montes
2292 890 2569 959 silvasque
2618 887 2767 959 quod
2815 890 3026 956 attinet,
3086 892 3266 961 qualis
3296 907 3360 947 ea
3403 891 3629 948 tandem

2030 980 2416 1049 est?—Qualis
2446 981 2560 1036 fere
2590 993 2702 1035 tota
2736 981 3015 1038 Cretensis
3037 999 3221 1038 ora—
3239 983 3440 1055 Nempe
3465 1001 3626 1057 aspe—

2029 1075 2230 1129 riorem
2262 1076 2408 1130 illam
2435 1076 2825 1146 potius,quam
2856 1077 3159 1145 planiorem
3192 1080 3444 1135 universe
3468 1081 3624 1137 dixe-

2029 1167 2205 1222 ris.—
2224 1164 2444 1237 Utique.
2475 1196 2538 1205 —-
2572 1165 2778 1223 Salutis
2817 1184 2948 1239 ergo
2978 1184 3087 1222 non
3123 1169 3307 1223 estita
3337 1171 3622 1240 deposita,

2029 1265 2089 1312 ut
2114 1257 2336 1312 virtutis
2367 1257 2708 1312 curationem
2739 1271 2956 1312 omnem
2996 1273 3060 1313 ac
3086 1259 3493 1327 possessionem
3525 1275 3624 1316 ex-

2028 1351 2233 1407 cludat.
2263 1348 2400 1405 Nam
2453 1351 2497 1405 si
2550 1352 2828 1406 maritima
2864 1353 3030 1407 simul
3063 1368 3125 1407 ac
3154 1362 3416 1423 portuosa
3452 1367 3619 1419 esset,

2027 1457 2130 1497 nec
2158 1443 2324 1497 rebus
2351 1441 2658 1497 abundaret
2685 1444 2965 1509 omnibus,
2999 1444 3092 1498 sed
3128 1445 3379 1514 pluribus
3412 1447 3623 1518 indige-

2027 1542 2140 1600 ret;
2169 1549 2428 1604 magnum
2464 1533 2712 1603 profecto
2742 1544 3099 1601 servatorem,
3130 1553 3195 1591 ac
3220 1537 3438 1594 divinos
3461 1540 3624 1609 plane

2026 1623 2366 1694 legislatores
2394 1624 2753 1691 desideraret,
2787 1644 3021 1696 quorum
3058 1630 3350 1697 industria,
3388 1648 3511 1703 quae
3542 1635 3622 1689 si-

2026 1724 2141 1769 tum
2186 1716 2410 1772 haberet
2441 1717 2616 1785 illum,
2654 1720 2947 1774 immanem
2978 1723 3272 1791 quamdam
3316 1725 3622 1781 alienorum

2029 1825 2439 1882 pravorumque
2464 1813 2670 1867 rituum
2696 1814 2988 1870 colluviem
3014 1817 3292 1888 eﬂ'ugeret.
3316 1818 3474 1877 Nunc
3488 1838 3622 1879 vero

2029 1902 2284 1956 nonnihil
2319 1903 2449 1958 huic
2476 1905 2724 1974 periculo
2755 1907 3004 1962 medetur
3035 1909 3382 1965 intervallum
3417 1928 3449 1966 a
3481 1915 3622 1970 mari

2026 1992 2333 2047 stadiorum
2373 1995 2675 2064 octoginta.
2707 1994 2946 2053 Tametsi
2992 1999 3162 2064 enim,
3208 2016 3310 2071 pro
3354 2018 3422 2059 eo
3470 2007 3621 2075 quod

2026 2100 2201 2154 usque
2231 2084 2369 2140 adeo
2400 2094 2721 2155 portuosam
2756 2088 2904 2142 illam
2934 2106 3058 2146 esse
3084 2092 3188 2158 ais,
3224 2094 3509 2165 aliquanto
3549 2099 3625 2154 sit

2024 2193 2189 2247 quam
2216 2192 2316 2247 par
2340 2188 2505 2245 esset,
2535 2179 2674 2234 mari
2708 2180 3090 2251 pr0pinquior,
3119 2188 3407 2242 commoda
3437 2197 3622 2246 tamen

2023 2276 2108 2324 est
2133 2268 2218 2321 vel
2248 2282 2311 2322 ea
2342 2268 2620 2323 distantias
2665 2270 2830 2324 ratio.
2880 2270 3032 2327 Mare
3082 2274 3227 2328 enim
3267 2277 3357 2331 cui
3408 2279 3620 2349 regioni

2022 2357 2335 2426 proximum
2367 2369 2473 2427 est,
2508 2359 2638 2415 huic
2668 2362 2855 2418 suavis
2885 2364 3106 2434 quidem
3139 2366 3234 2421 sed
3253 2368 3308 2422 in
3336 2368 3502 2438 diem,
3533 2389 3622 2429 re-

2024 2447 2140 2515 ipsa
2186 2462 2314 2503 vero
2334 2450 2481 2506 salsa
2503 2451 2749 2521 profecto
2780 2455 2944 2510 nimis
2973 2465 3027 2510 et
3051 2458 3250 2514 acerba
3279 2461 3478 2517 vicinia
3509 2471 3615 2521 est.

2020 2539 2188 2610 618
2217 2539 2358 2595 Dum
2394 2542 2540 2596 enim
2570 2542 2662 2598 illa
2692 2558 2813 2600 sese
2841 2549 3204 2616 cauponando
3236 2554 3513 2610 mercibus
3551 2572 3620 2612 ac

2021 2631 2269 2700 pecuniis
2305 2632 2516 2702 implet,
2551 2634 2826 2704 simulque
2860 2639 3220 2695 veteratorios
3252 2632 3619 2716 inﬁdelesque

2027 2741 2213 2782 mores
2246 2728 2531 2782 hominum
2559 2730 2843 2785 mentibus
2890 2731 3106 2798 inserit,
3137 2734 3302 2790 edicit
3329 2709 3615 2806 continuo,

2024 2817 2107 2871 uti
2152 2834 2331 2888 neque
2379 2834 2568 2875 secum
2617 2820 2758 2889 ipsa,
2792 2836 2971 2891 neque
3004 2839 3126 2877 eum
3183 2825 3308 2881 aliis
3358 2828 3619 2884 similiter

2021 2910 2242 2979 populis
2269 2910 2382 2965 ullo
2411 2911 2647 2982 amplius
2668 2912 2796 2967 ﬁdei
2824 2928 2890 2968 ac
2919 2915 3203 2979 societatis
3232 2917 3454 2974 vinculo
3480 2932 3616 2975 con—

2015 3003 2207 3074 juncta
2237 3010 2502 3057 teneatur.
2522 3002 2621 3056 Cui
2646 3005 2810 3058 etiam
2842 3005 2990 3059 malo
3017 3007 3345 3063 medicinam
3371 3009 3615 3081 aliquam

2020 3096 2174 3163 facit,
2203 3110 2304 3151 sua
2333 3094 2426 3149 illa
2466 3109 2653 3148 rerum
2699 3096 2946 3150 omnium
2981 3096 3312 3156 fecunditas.
3341 3101 3478 3158 Nam
3510 3121 3615 3176 pro

2019 3202 2087 3242 eo
2124 3193 2289 3255 atque
2337 3184 2588 3254 asperior
2618 3193 2724 3249 est,
2756 3185 2921 3240 simul
2947 3185 3169 3255 quidem
3213 3196 3271 3243 et
3323 3190 3463 3246 nihil
3503 3208 3613 3249 non

2020 3277 2184 3343 ferre,
2236 3285 2292 3332 et
2344 3276 2561 3331 abunde
2609 3277 2792 3331 omnia
2847 3275 2990 3332 ferre
3035 3292 3146 3332 non
3204 3282 3612 3351 potest.'Quod

2020 3376 2319 3437 utrumque
2349 3366 2397 3422 si
2430 3367 2677 3434 haberet,
2711 3377 2769 3422 ut
2800 3384 2986 3424 rerum
3022 3370 3150 3425 inde
3186 3373 3484 3430 multarum
3515 3392 3615 3433 ex-

2019 3464 2257 3533 portatio
2288 3464 2466 3529 ﬁeret,
2508 3462 2584 3517 ita
2617 3478 2816 3535 magna
2854 3464 3099 3520 vicissim
3135 3468 3347 3537 argenti
3385 3470 3619 3541 aurique

2021 3556 2178 3625 copia
2231 3555 2537 3623 repleretur
2575 3573 2589 3608 :
2623 3570 2734 3625 quo
2782 3554 3004 3625 quidem
3044 3559 3213 3627 malo,
3242 3560 3290 3615 si
3337 3562 3610 3622 malorum

2021 3648 2367 3719 singulorum
2421 3647 2759 3703 instituenda
2809 3651 3091 3707 contentio
3135 3662 3241 3721 est,
3280 3656 3515 3725 nullum,
3552 3669 3615 3713 ut

313 3744 487 3801 semel
548 3744 747 3812 dicam,
822 3745 944 3801 urbi
1011 3748 1255 3819 gravius,
1315 3747 1574 3820 quodque
1619 3744 1796 3817 magis
1852 3744 2114 3799 honestos
2190 3740 2568 3811 ingenuosque
2618 3755 2802 3796 mores
2858 3742 3137 3828 impediat,
3186 3760 3309 3803 esse
3348 3752 3544 3819 possit.
3588 3769 3617 3802 »-

312 3834 594 3893 Hactenus
644 3836 820 3893 Plato.
880 3836 995 3895 Nos
1043 3854 1195 3905 vero,
1238 3839 1501 3911 quoniam
1551 3839 1732 3893 adhuc
1791 3849 1957 3909 quam
2022 3832 2268 3888 Hebraeis
2320 3833 2502 3889 aﬂinia
2556 3834 2830 3900 statuerit,
2865 3835 3001 3892 satis
3052 3852 3327 3910 superque
3371 3843 3613 3898 ostendi-

310 3944 470 3995 mus;
521 3930 806 3986 videamus
836 3932 1116 4003 deinceps,
1152 3935 1248 4005 qui
1280 3933 1564 3989 Hebraicae
1593 3932 1900 4003 disciplinae
1938 3930 2208 3985 rationem
2253 3938 2541 3998 tantopere
2580 3931 2915 3999 probaverit,
2962 3931 3209 3987 Graecam
3251 3935 3397 3990 idem
3425 3954 3613 4008 quem-

311 4021 609 4078 admodum
646 4025 914 4096 repudiet.
946 4024 1004 4080 ld
1029 4027 1175 4097 quod
1205 4044 1272 4083 ex
1290 4028 1377 4083 his
1404 4028 1603 4084 decimi
1628 4027 1707 4081 De
1736 4025 1921 4095 repub.
1962 4025 2146 4081 verbis
2183 4023 2460 4097 intelliges

813 4117 1213 4172 ΚΕΦΑΛΔΙΟΝ
1242 4119 1379 4175 ΜΘ’.

312 4204 514 4279 ὀπως
556 4208 590 4260 ὁ
647 4206 902 4279 Πλάτων
942 4209 1017 4264 τὰ
1073 4207 1186 4279 τῆς
1243 4208 1611 4278 Ἑλληνικῆς
1651 4221 1906 4277 προπαι-

387 4274 556 4398 δείὲις
573 4318 588 4343 ,
675 4278 757 4344 ὠς
840 4274 1143 4348 ἐπιόλαϐἦ
1160 4274 1169 4276 ⁷
1188 4274 1608 4350 τυγχάνοντα,
1688 4274 1904 4348 imlpar-

384 4362 471 4399 τει
508 4361 590 4401 αι.

392 4456 411 4488 ι
460 4438 549 4502 Ὦς
576 4439 676 4510 μὲν
706 4441 841 4513 πρὸς
870 4442 1013 4514 ὑμᾶς
1048 4441 1159 4514 (95)
1210 4441 1450 4515 εἰρήσθω
1505 4441 1640 4515 (96),
1669 4442 1751 4514 (ού
1796 4441 1907 4515 γάρ

312 4547 419 4602 μου
452 4535 736 4603 κατερεῖτε
795 4534 932 4605 πρὸς
964 4536 1090 4600 τοὺς
1132 4535 1231 4606 τῆς
1281 4534 1589 4607 τραγῳδίας
1654 4534 1902 4605 ποιητὰς,

308 4624 413 4680 καὶ
443 4624 571 4689 τοὺς
612 4623 805 4689 ἄλλους
860 4627 1066 4691 πάντας
1127 4629 1255 4692 τοὺς
1313 4627 1688 4700 μιμητικούς)’
1754 4626 1905 4699 λώϐη

311 4715 491 4770 ἔοικεν
515 4711 654 4768 εἶναι
678 4714 855 4769 πάντα
880 4716 945 4772 τὰ
969 4715 1193 4771 τοιαῦτα
1211 4716 1310 4788 τῆς
1343 4716 1451 4769 τῶν
1473 4717 1780 4769 ἀκουόντων
1794 4716 1902 4787 (97)

307 4806 574 4872 διανοίας,
604 4807 720 4861 ὅσοι
752 4807 826 4879 μὴ
861 4806 1043 4878 ἔχουσι
1067 4807 1360 4880 φάρμακον
1407 4806 1469 4860 τὸ
1496 4807 1693 4860 εἰδέναι
1743 4805 1902 4870 αὐτὰ,

310 4892 406 4950 οἷα
432 4898 691 4967 τυγχάνει
716 4897 1032 4968 ovem—Ilii
1048 4898 1124 4963 δὲ,
1144 4899 1271 4970 ἔφη,
1294 4899 1677 4969 διανοούμενος
1691 4899 1900 4967 λέγεις;

309 5020 383 5033 --
399 4991 637 5061 Ῥητέον,
665 4985 733 5062 ἦν
756 4990 801 5044 δ’
827 4990 960 5059 ἐγὼ,
981 4991 1160 5045 καίτοι
1184 4991 1336 5060 φιλία
1356 4991 1420 5060 γέ
1443 4991 1527 5055 τίς
1547 5009 1613 5063 με
1629 4993 1724 5046 καὶ
1740 4991 1904 5055 αἰδὼς

310 5083 379 5134 ὲκ
407 5080 598 5144 παιδὸς
618 5081 817 5151 ἔχουσα
865 5082 994 5154 περὶ
1038 5083 1277 5155 Ὀμήρου
1329 5082 1640 5137 ἀποκωλύει
1696 5083 1900 5153 λέγειν.

312 5174 505 5227 Ἔοικε
532 5173 640 5246 γὰρ
668 5173 778 5228 τῶν
817 5172 998 5227 καλῶν
1048 5174 1302 5228 ἁπάντων
1336 5172 1542 5228 τούτων
1565 5173 1673 5227 τῶν
1709 5190 1904 5245 τραγι-

308 5264 427 5320 κῶν
485 5265 703 5336 πρῶτος
767 5265 1087 5330 διδάσκαλός
1139 5282 1200 5318 τε
1232 5266 1325 5319 καὶ
1348 5264 1572 5337 ἡγεμὼν
1624 5265 1899 5335 γενέσθαιο

322 5356 465 5410 Ἀλλ’
495 5358 556 5410 οὐ
587 5358 698 5427 γὰρ
732 5359 840 5429 πρό
887 5375 952 5427 γε
1008 5358 1105 5428 τῆς
1136 5357 1393 5429 ἀληθείας
1438 5357 1694 5429 τιμητέος
1738 5357 1898 5429 ἀνήρ.
1919 5425 1931 5433 .

321 5448 467 5502 Ἀλλ’
489 5449 517 5502 ὃ
543 5449 689 5518 λέγω
718 5449 1159 5522 ῥητέον.-Πάνυ
1189 5448 1288 5521 μὲν
1313 5445 1428 5517 οὖν,
1459 5449 1581 5523 ἔφη.
1597 5468 1615 5502 ι
1639 5445 1752 5502 Εἶθ’
1777 5448 1903 5520 ἑξῆς

308 5723 322 5735 ,
538 5650 632 5715 Ὡς
651 5650 769 5719 μὲν
795 5650 943 5720 πρὸς
970 5649 1149 5722 ὑμᾶς.
1178 5650 1354 5719 Plato,
1376 5652 1475 5708 lib.
1501 5667 1533 5707 ι
1567 5651 1643 5708 De
1670 5652 1896 5719 revubl.,

308 5728 496 5861 “"6585
538 5789 829 5859 Εἰρήσθω.
856 5790 1050 5876 ‘l’lalo,
1065 5790 1333 5863 εἰρῆσθαι.

2543 4117 2551 4127 ’
2573 4112 2807 4170 CAPUT
2843 4114 3033 4169 XLIX.

2015 4205 2472 4281 Quemadmodum
2508 4204 2672 4261 Plato
2714 4206 2945 4281 primqm
2975 4207 3150 4281 illam,
3183 4227 3303 4281 qua
3331 4230 3365 4266 α
3403 4213 3609 4280 ercis

2084 4280 2483 4355 usurquatur,
2531 4293 2817 4355 puerorum
2866 4279 3292 4348 institutionem,
3353 4279 3607 4355 tanquam

2087 4348 2435 4416 perniciosam
2467 4347 2696 4415 reﬁciat.

2092 4457 2110 4489 ι
2148 4437 2303 4505 Quod
2345 4437 2486 4511 apud
2520 4454 2640 4505 vos,
2684 4439 2862 4511 inquit
2893 4439 3082 4507 Plato,
3118 4442 3325 4499 dictum
3349 4445 3422 4501 sit
3479 4447 3605 4517 (nec

2009 4530 2156 4585 enim
2194 4546 2279 4586 me
2309 4546 2491 4586 coram
2517 4531 2740 4604 tragicis
2773 4542 2868 4588 aut
2899 4534 3023 4591 aliis
3049 4536 3384 4606 quibuslibet
3398 4540 3598 4609 poetis,

2009 4624 2103 4693 qui
2133 4626 2185 4677 in
2217 4624 2523 4678 imitatione
2551 4633 2863 4689 versantur,
2897 4627 3249 4701 accusabitis)
3279 4649 3291 4683 :
3327 4633 3602 4701 ejusmodi

2008 4730 2098 4768 res
2117 4753 2130 4777 ,
2166 4712 2336 4782 pestis
2362 4705 2613 4783 quaedam
2639 4717 2840 4771 mentis
2870 4717 3181 4772 auditorum
3213 4719 3429 4775 videtur
3453 4737 3600 4790 esse,

2008 4804 2210 4873 quibus
2241 4805 2294 4857 in
2326 4814 2580 4875 promptu
2616 4807 2919 4862 remedium
2947 4808 3080 4864 illud
3112 4826 3220 4865 non
3257 4812 3353 4874 sit,
3380 4822 3441 4868 ut
3461 4829 3600 4884 qua-

2006 4895 2087 4951 les
2107 4910 2185 4950 eat
2205 4911 2332 4951 vere
2355 4896 2485 4959 sint,
2520 4898 3043 4970 intelligant.—Quo
3057 4903 3271 4958 tandem
3299 4905 3484 4962 animo
3516 4908 3599 4963 sic

2007 4988 2251 5058 loqueris
2266 4988 2683 5057 ?—Dicendum,
2705 4994 2950 5061 inquam,
2966 4997 3183 5051 tametsi
3200 5011 3356 5050 amor
3369 4999 3597 5067 quidam

2007 5079 2463 5152 observantiaque
2498 5097 2652 5147 mea,
2706 5100 2872 5153 quam
2920 5085 3184 5143 adversus
3229 5088 3529 5145 Homerum
3563 5108 3595 5148 a

2005 5182 2179 5238 puero
2215 5169 2393 5237 hausi,
2427 5172 2723 5240 quominus
2755 5173 2810 5226 id
2858 5174 3063 5241 dicam,
3097 5175 3381 5247 impediat.
3433 5179 3595 5235 Vide-

2006 5267 2097 5311 tur
2124 5258 2270 5313 enim
2311 5261 2525 5330 primus
2569 5261 2659 5316 ille
2687 5262 2919 5319 istorum
2962 5268 3209 5322 omnium
3243 5270 3591 5339 egregiorum

2002 5350 2341 5420 tragicorum
2375 5352 2635 5423 magister
2663 5363 2720 5409 et
2740 5354 2852 5410 dux
2875 5356 3067 5412 fuisse.
3108 5359 3180 5413 At
3202 5360 3464 5415 nimirum
3492 5363 3594 5417 ho-

2004 5439 2209 5496 minem
2240 5442 2469 5497 veritate
2492 5443 2759 5512 potiorem
2796 5445 2997 5501 habere
3021 5462 3129 5503 non
3161 5450 3458 5519 debemus;
3495 5453 3596 5509 sed

2076 5652 2187 5737 (9.7)
2218 5653 2331 5723 Τῆς
2346 5654 2462 5737 τῶν·
2477 5655 2984 5737 ᾁκουόντωιη-Ηειεο
3005 5676 3179 5730 usque
3201 5663 3268 5719 ad
3291 5663 3437 5737 αὑτά
3458 5681 3593 5737 sup-

2002 5722 2358 5795 ple'vimusex
2380 5725 2621 5787 Platone,
2647 5743 2770 5795 qua:
2800 5722 3150 5787 librariorum
3181 5736 3358 5792 oculis
3389 5722 3592 5793 voeu'm

2002 5793 2226 5847 τοιαῦτα
2256 5806 2309 5850 et
2336 5795 2474 5851 αὐτά
2503 5793 2803 5855 similitudo
2839 5801 3195 5859 subduxerat.
