4122 6484
598 370 733 426 ποετ

1289 367 1553 425 EUSEBH
1593 364 2064 421 CALSAHIENSIS
2096 364 2246 421 OPP.
2269 363 2449 419 PARS
2484 362 2632 417 H.-—
2652 362 3149 424 APOLOGETICA.

3693 372 3830 428 5028

593 485 770 553 potius
796 482 1077 536 dicendum
1107 479 1160 533 in
1187 479 1469 549 prtesentia
1498 479 1640 547 quod
1674 475 2137 549 agimus—Sane,

2252 475 2512 543 ἐπιλέγεισ
2534 493 2553 525 ι
2586 475 2706 529 Τῶν
2741 478 2841 548 μὲν
2862 478 3042 532 τοίνυν
3077 477 3186 548 (98)
3214 477 3387 535 ἄλλων
3423 480 3548 551 πέρι
3574 480 3651 551 μὴ
3668 481 3831 535 άπαι-

592 574 784 642 .nqult.
813 591 833 623 ο
855 570 989 625 Tum
1019 568 1339 640 quibusdam
1376 568 1667 637 interjectis
1690 587 1735 623 τι
1759 570 1835 623 Ac
1863 568 1930 622 de
1953 567 2159 623 caeteris

591 664 807 732 quidem
836 663 1018 725 rebus,
1050 662 1243 730 inquit,
1275 658 1478 713 nullam
1506 660 1589 714 vel
1613 660 1680 713 ab
1712 659 2060 724 Homero,vel
2091 658 2160 713 ab

591 755 697 808 alio
739 754 937 823 quavis
986 761 1140 821 poeta
1188 754 1451 806 rationem
1503 752 1787 818 exigamus
1847 767 1863 805 :
1915 751 2158 819 adeoque

590 845 868 899 mittamus
911 857 1171 912 quaerere,
1225 850 1407 896 utrum
1458 857 1523 895 ex
1570 841 1637 895 iis
1686 840 1929 894 medicus
1961 840 2157 908 aliquis

589 934 771 996 fuerit,
808 950 915 987 non
944 934 1165 987 medica:
1202 942 1413 986 tantum
1446 932 1711 986 orationis
1737 931 1999 984 imitator.
2055 928 2159 983 Ec-

586 1040 724 1093 quos
765 1025 908 1077 enim
955 1024 1096 1077 ullus
1133 1037 1371 1091 unquam
1401 1030 1581 1089 poeta,
1628 1036 1723 1074 seu
1752 1019 2032 1085 vetustior,
2059 1034 2151 1073 seu

587 1114 875 1176 recentior,
920 1114 997 1167 uti
1045 1111 1393 1180 Esculapius
1427 1112 1574 1176 fecit,
1629 1111 1819 1164 morbo
1866 1109 2154 1163 liberam?

585 1204 733 1270 Quos
763 1206 1002 1266 tandem,
1029 1214 1087 1257 ut
1114 1203 1278 1274 619
1306 1215 1551 1271 posteros
1581 1202 1669 1255 ille
1698 1216 1849 1263 suos,
1872 1200 2153 1255 medicinae

584 1297 879 1364 discipulos
905 1295 1158 1363 reliquit?
1192 1295 1454 1347 Similiter
1474 1294 1541 1347 de
1568 1293 1778 1346 artibus
1801 1292 2008 1347 caneris
2033 1292 2151 1345 nul-

583 1386 694 1439 lum
744 1401 774 1438 a
816 1385 975 1439 nobis
1007 1385 1229 1439 verbum
1283 1387 1396 1437 liat.
1448 1383 1517 1435 At
1561 1398 1689 1437 vero
1717 1383 1952 1436 maxima
1983 1383 2069 1435 illa
2098 1391 2151 1436 et

583 1477 1030 1545 praestantissima
1071 1476 1215 1544 quod
1259 1476 1470 1536 attinet,
1500 1490 1733 1544 quorum
1771 1474 2148 1527 tractationem

581 1568 847 1623 Homerus
879 1569 1115 1638 attingit,
1135 1568 1292 1630 bella,
1320 1567 1564 1637 inquam,
1585 1567 1918 1635 imperiaque
1945 1566 2149 1618 milita-

579 1660 684 1722 ria,
703 1660 1225 1728 rerumpublicarum
1254 1658 1773 1719 administrationes,
1803 1668 1855 1712 et
1886 1666 2147 1726 pra2cepta

580 1752 893 1806 hominibus
926 1750 1287 1805 informandis
1320 1760 1473 1819 apta;
1510 1765 1693 1804 verum
1724 1765 1855 1804 sane
1883 1749 2046 1802 fuerit
2073 1749 2145 1802 ita

577 1842 692 1897 fere
735 1843 1006 1896 hominem
1043 1842 1367 1910 compellare
1397 1859 1410 1895 :
1453 1840 1548 1894 Dic
1565 1841 1744 1905 sodes,
1780 1839 1854 1894 mi
1894 1838 2143 1903 Homere,

577 1933 623 1987 si
654 1933 846 1988 tertius
876 1932 1075 2002 aliquis
1100 1948 1129 1986 a
1156 1933 1382 1987 veritate
1424 1948 1533 1986 non
1581 1947 1661 1998 es,
1705 1933 1796 2001 qui
1828 1932 2045 1985 virtutis
2069 1932 2146 1985 si-

576 2024 879 2079 mulacrum
910 2023 1078 2093 ﬁngas
1103 2023 1285 2094 (quem
1318 2035 1475 2077 antea
1512 2024 1835 2076 imitatorem
1866 2037 1988 2076 esse
2014 2022 2148 2076 dixi-

577 2118 744 2183 mus),
790 2115 883 2169 sed
927 2114 1108 2183 potius
1139 2114 1207 2166 ab
1231 2113 1420 2167 eadem
1474 2112 1766 2175 secundus,
1812 2120 1973 2178 atque
2001 2111 2146 2180 ejus-

577 2206 745 2269 modi,
780 2204 873 2274 qui
917 2204 1118 2273 optime
1147 2204 1387 2268 noveris,
1432 2204 1631 2273 quibus
1663 2202 1857 2257 studiis
1897 2203 2144 2256 homines

575 2304 672 2350 aut
695 2296 946 2349 meliores
968 2333 983 2358 ,
1020 2305 1113 2349 aut
1139 2294 1437 2348 deteriores
1466 2302 1574 2346 tam
1609 2293 1820 2362 publice
1845 2308 2007 2362 quam
2036 2294 2144 2361 pri-

575 2386 741 2440 vatim
778 2385 909 2439 ﬁant
954 2404 965 2438 :
1015 2385 1105 2439 dic
1129 2383 1285 2438 nobis
1305 2422 1320 2446 ,
1351 2383 1603 2452 inquam,
1635 2399 1762 2436 num
1796 2398 1917 2451 quae
1948 2397 2136 2451 respu-

577 2475 716 2529 blica
751 2475 943 2529 melius
973 2489 1067 2543 per
1096 2483 1146 2528 te
1173 2474 1420 2527 instltuta
1453 2472 1647 2536 fuerit,
1680 2475 1755 2527 uti
1785 2472 2140 2529 Lacedaemon

576 2582 671 2635 per
700 2565 1030 2635 Lycurgum,
1078 2579 1142 2618 ac
1173 2578 1268 2633 per
1294 2563 1432 2617 alios
1471 2563 1777 2633 plerosque,
1830 2563 2140 2632 complures

576 2655 702 2707 item
731 2654 849 2707 alia;
875 2663 981 2706 tam
1030 2652 1283 2721 majores,
1318 2666 1479 2721 quam
1531 2651 1805 2706 minores?
1871 2650 1947 2706 Te
1990 2665 2135 2714 vero,

572 2756 695 2811 quae
737 2742 952 2796 tandem
997 2742 1188 2797 civitas
1234 2742 1438 2795 bonum
1487 2740 1848 2809 legislatorem
1885 2741 2135 2810 appellat,

571 2843 668 2889 aut
695 2833 887 2888 merita
918 2849 1043 2904 erga
1072 2850 1130 2890 se
1159 2845 1247 2889 tua
1278 2833 1706 2889 commemorat?
1737 2832 1871 2886 Nam
1900 2831 2144 2887 Charon-

570 2923 694 2976 dam
727 2921 877 2977 Italia
912 2924 1074 2977 simul
1107 2932 1271 2993 atque
1300 2922 1508 2987 Sicilia,
1560 2937 1661 2976 nos
1692 2921 1945 2977 Solonem
1972 2936 2139 2991 agno-

571 3011 887 3067 scimus.Te
913 3020 1295 3082 autemecquae
1317 3010 1893 3078 celebrabit?—-Nulla,
1922 3012 2134 3081 opinor,

2260 565 2440 636 τῶμεν
2486 566 2639 634 λόγον
2678 568 2955 640 Ὅμηρον,
3011 569 3143 641 μηδὲ
3186 568 3341 624 ἄλλον
3404 571 3679 625 ὁντιναοῦν
3721 572 3832 627 τῶν

2260 654 2520 723 ποιητῶν,
2550 655 2877 725 ἐρωτῶντες,
2909 658 2958 708 εί
2992 657 3170 728 ἱατρός
3218 674 3302 721 τις
3328 650 3396 728 ἦν
3445 657 3644 722 αὐτῶν,
3695 659 3830 714 ἀλλὰ

2262 742 2336 814 μὴ
2364 744 2608 814 μιμητὴς
2640 745 2895 816 ἰατρικῶν
2921 746 3093 814 λόγων
3126 748 3302 817 μόνον.
3331 747 3494 811 Τίνας
3526 748 3635 820 γὰρ
3657 749 3831 819 ὑγιεῖς

2258 834 2484 903 ποιητής
2511 851 2595 898 τις
2630 834 2737 887 τῶν
2780 837 3025 889 παλαιῶν
3056 837 3088 908 ἦ
3128 837 3235 890 τῶν
3291 838 3425 890 νέων
3456 838 3673 907 λέγεται
3728 858 3830 894 πε-

2257 926 2558 995 ποιηκέναι,
2613 924 2802 997 ὥσπερ
2838 927 3233 997 .Ἀσκληπιός;
3276 929 3308 998 ἢ
3372 930 3522 993 τίνας
3578 929 3830 1000 μαθητὰς

2259 1018 2505 1088 ἰατρικῆς
2528 1017 2866 1081 κατελίπετο,
2896 1018 3081 1091 ὥσπερ
3138 1021 3342 1082 ἐκεῖνος
3372 1021 3496 1083 τοὺς
3529 1022 3827 1089 ἐγγόνους;

2257 1107 2379 1177 μηδ’
2411 1103 2477 1161 αὖ
2504 1110 2630 1179 περὶ
2653 1108 2752 1170 τὰς
2779 1102 2943 1172 ἄλλας
2970 1110 3163 1179 τέχνας
3200 1110 3360 1162 αὐτὸν
3383 1111 3678 1182 ἐρωτῶμεν
3708 1113 3825 1167 ἀλλ’

2253 1194 2448 1266 ἐῶμεν.
2474 1197 2684 1268 Περὶδὲ
2722 1198 2827 1249 τῶν
2871 1199 3140 1268 μεγίστων
3184 1217 3243 1252 τε
3269 1201 3363 1253 καὶ
3407 1201 3729 1266 καλλίστων,
3749 1182 3827 1258 ὧν

2253 1288 2519 1357 ἐπιχειρεῖ
2566 1287 2741 1356 λέγειν
2772 1289 3039 1360 Ὄμηρος,
3074 1289 3323 1361 πολέμων
3365 1293 3492 1362 πέρι
3527 1294 3621 1346 καὶ
3659 1311 3825 1364 στρα-
3882 1318 3893 1331 ·

2249 1377 2475 1446 τηγιῶν,
2511 1379 2604 1431 καὶ
2635 1379 2948 1446 διοικήσεων
2991 1380 3215 1443 πόλεων,
3266 1381 3361 1433 καὶ
3414 1381 3662 1445 παιδείας
3695 1383 3824 1456 πέρι

2248 1466 2568 1537 ἀνθρώπων,
2628 1468 2835 1522 δίκαιόν
2895 1487 2996 1523 που
3033 1472 3238 1542 ἐρωτᾷν
3263 1471 3423 1524 αὑτὸν
3484 1473 3818 1543 πυνθανομέ-

2248 1575 2394 1621 νους·
2427 1554 2496 1611 Ὦ
2543 1558 2662 1627 φίλε
2718 1560 2952 1630 Ὅμηρε,
2988 1560 3147 1632 εἴπερ
3203 1562 3276 1632 μὴ
3322 1562 3504 1633 τρίτος
3554 1563 3663 1617 ἀπὸ
3718 1563 3821 1634 τῆς

2246 1648 2503 1720 ἀληθείας
2529 1645 2579 1701 εἶ
2603 1651 2802 1722 ἀρετῆς
2858 1650 2985 1721 πέρι
3017 1650 3232 1704 εἰδώλου
3288 1651 3638 1727 δημιουργὸς,
3667 1653 3726 1706 δν
3751 1649 3818 1727 δὴ

2248 1737 2340 1791 κα)⁸
2378 1738 2619 1809 μιμητὴν
2671 1739 3009 1810 ὡρισάμεθα,
3065 1740 3199 1794 άλλά
3250 1742 3344 1795 καὶ
3403 1726 3673 1813 δεύτερος,
3722 1726 3819 1797 καὶ

2245 1824 2351 1891 οἷός
2382 1846 2439 1881 τε
2468 1823 2612 1899 ἦσθα
2630 1828 2915 1896 γινώσκειν
2967 1833 3093 1882 ποῖα
3127 1830 3525 1902 ἐπιτηδεύματα
3574 1830 3816 1901 βελτίους

2245 1919 2278 1990 ἦ
2330 1920 2542 1991 χείρους
2570 1919 2888 1991 ἀνθρώπους
2915 1924 3060 1974 ποιεῖ
3096 1922 3202 1992 ἰδίᾳ
3250 1924 3343 1975 καὶ
3393 1922 3653 1995 δημοσίᾳ·
3689 1924 3814 1993 λέγε

2245 2011 2394 2080 ήμῖν,
2419 2012 2503 2075 τίς
2529 2011 2636 2064 τῶν
2675 2011 2879 2064 πόλεων
2915 2012 3002 2065 διὰ
3026 2012 3084 2064 σὲ
3124 2012 3327 2082 βέλτιον
3358 2012 3574 2084 ᾤκησεν
3592 2054 3607 2079 ,
3627 2014 3815 2087 ὥσπερ

2241 2100 2329 2153 διὰ
2357 2101 2668 2174 Λυκοῦργον
2712 2102 3091 2173 Λακεδαίμων,
3140 2105 3233 2158 καὶ
3268 2104 3334 2157 δι’
3367 2106 3560 2171 ἄλλους
3587 2106 3815 2171 πολλοὺς

2243 2192 2432 2245 πολλαὶ
2472 2193 2704 2263 μεγάλαι
2733 2210 2792 2246 τε
2826 2194 2919 2247 καὶ⁵
2943 2196 3206 2265 σμικραί;
3249 2196 3318 2249 Σέ
3345 2196 3403 2249 δέ
3434 2197 3518 2261 τίς
3574 2202 3814 2257 αἰτιᾶται

2242 2285 2393 2347 πόλις
2423 2284 2625 2353 ἀγαθὸν
2654 2286 2948 2357 νομοθέτην
2982 2287 3281 2356 γεγονέναι,
3317 2290 3410 2342 καί
3432 2306 3572 2358 σφας
3597 2291 3813 2364 ὠφελη-

2241 2374 2429 2439 κέναι;
2471 2375 2763 2446 Χαρώνδαν
2793 2377 2894 2443 μὲν
2931 2377 3037 2449 γὰρ
3078 2380 3279 2434 Ἰταλία
3317 2380 3410 2434 καὶ
3450 2381 3691 2450 Σικελία,
3718 2385 3813 2440 καὶ

2238 2468 2397 2536 ήμεϊς
2426 2467 2653 2521 Σόλωνα·
2692 2469 2753 2522 σὲ
2778 2470 2837 2523 δὲ
2881 2471 2964 2534 τίς
3015 2469 3125 2536 ἕξει
3161 2471 3283 2524 τινὰ
3336 2474 3547 2537 εἰπεῖν;
3600 2505 3669 2515 -—
3696 2475 3815 2532 οὐκ

2238 2557 2437 2626 οἴομαι,
2474 2556 2574 2627 ἔφη
2624 2559 2653 2610 6
2683 2559 2959 2613 Γλαύκων.
3009 2592 3076 2603 -—
3098 2559 3306 2614 Οὔκουν
3360 2561 3579 2630 λέγεταί
3604 2580 3668 2632 γε
3700 2564 3809 2618 οὐδ’

2239 2649 2329 2701 ὑπ’
2370 2648 2548 2701 αὐτῶν
2591 2650 2912 2722 Ὁμηριδῶν.
2978 2650 3136 2704 Ἀλλὰ
3189 2650 3252 2722 δή
3292 2651 3377 2716 τίς
3432 2653 3670 2725 πόλεμος
3717 2656 3811 2710 ἐπὶ

2248 2738 2486 2810 Ὀμήρου
2518 2741 2610 2792 ὑπ’
2647 2741 2857 2794 ἐκείνου
2888 2741 3146 2813 ἄρχοντος
3264 2740 3720 2812 συμϐουλεύοντος
3746 2742 3807 2801 εὖ

2238 2833 2561 2904 πολεμηθεὶς
2606 2834 3047 2907 ιμνημονεύεται;
3105 2834 3313 2899 Οὐδείς.
3348 2864 3417 2876 --
3452 2835 3590 2889 Ἀλλ’
3629 2834 3717 2891 οἷα
3741 2839 3809 2910 δὴ

2236 2924 2315 2985 είς
2347 2922 2414 2975 τὰ
2454 2923 2587 2995 ἔργα
2620 2924 2785 2993 σοφοῦ
2808 2925 3021 2995 ἀνδρὸς,
3062 2923 3254 2978 πολλαὶ
3301 2925 3534 2979 ἐπίνοιαι
3582 2927 3675 2981 καὶ
3720 2929 3811 2981 εὑ·-

2240 3014 2466 3083 μήχανοι
2491 3017 2570 3078 είς
2599 3015 2790 3085 τέχνας
2815 3014 2847 3085 ἦ
2876 3032 3028 3077 τινας
3058 3015 3222 3079 ἄλλας
3270 3015 3496 3085 πράξεις
3535 3016 3805 3086 λέγονται,

570 3102 748 3173 inquit
774 3102 1148 3159 Glauco—Ac
1190 3119 1257 3157 ne
1293 3104 1361 3158 ab
1395 3103 1528 3172 ipsis
1575 3103 1791 3172 quidem
1836 3101 2136 3159 Homericis

2237 3102 2422 3176 ὥσπερ
2451 3100 2516 3158 αὖ
2539 3104 2721 3158 Θάλεώ
2747 3121 2805 3158 τε
2828 3105 2955 3175 πέρι
2982 3103 3074 3158 τοῦ
3104 3106 3393 3178 Μιλησίου,
3417 3108 3510 3160 καὶ
3552 3108 3809 3180 ’Δναχάρ-

568 3193 838 3264 ejusmodi
876 3194 1171 3263 quidquam
1201 3194 1411 3247 audias.
1442 3191 1582 3247 Num
1612 3194 1757 3263 quod
1784 3208 1910 3249 vero
1932 3194 2130 3249 bellum

571 3284 789 3340 Homeri
820 3284 1155 3353 temporibus
1181 3283 1499 3346 excitatum,
1533 3299 1599 3338 eo
1621 3285 1701 3339 vel
1724 3284 1882 3353 duce,
1923 3286 2009 3339 vel
2040 3302 2133 3341 au-

568 3382 717 3428 ctore
749 3372 975 3427 feliciter
1007 3380 1216 3441 gestum
1265 3381 1595 3426 memoratur
1613 3372 1708 3425 2-
1722 3371 2130 3430 Nullum—An

568 3463 762 3520 saltem
788 3464 1018 3533 plurima
1044 3464 1290 3532 quaedam
1316 3463 1456 3531 ejus,
1490 3473 1747 3533 tanquam
1773 3465 2010 3521 hominis
2037 3482 2132 3534 ap-

571 3555 744 3623 prlme
766 3569 948 3609 rerum
968 3554 1163 3623 periti,
1199 3554 1283 3608 vel
1314 3554 1369 3606 in
1395 3554 1600 3609 artibus
1618 3594 1634 3620 ,
1660 3556 1744 3610 vel
1768 3555 1823 3610 in
1851 3557 1974 3612 aliis
2006 3559 2132 3627 qui-

570 3645 805 3701 buslibet
846 3646 968 3701 vita:
1017 3645 1242 3709 olliciis,
1279 3643 1558 3699 industriae
1601 3646 1943 3716 solertiaque
1975 3649 2130 3717 plena

572 3736 787 3790 ivventa
820 3734 1193 3790 celebrantur?
1237 3733 1544 3804 cujusmodi
1582 3748 1717 3789 sane
1762 3734 1846 3788 vel
1892 3733 2130 3792 Thaletis

570 3824 786 3889 Milesii,
818 3826 903 3879 vel
940 3825 1271 3881 Anacharsis
1312 3825 1458 3880 illius
1498 3824 1713 3895 Scytha:
1758 3825 1929 3879 multa
1960 3824 2131 3881 fuisse

569 3917 953 3973 didicimus.-
965 3916 1133 3970 Aﬂine
1159 3930 1384 3985 prorsus
1415 3917 1645 3971 nihil.-
1659 3916 1729 3972 At
1756 3917 1802 3972 si
1827 3917 2009 3975 minus
2031 3934 2129 3989 pu-

569 4009 727 4074 blice,
762 4010 1011 4077 privatim
1044 4007 1261 4077 quidem
1307 4009 1505 4077 ipsum,
1561 4009 1690 4062 dum
1724 4010 1948 4074 viveret,
1996 4027 2128 4065 num

566 4098 661 4167 qui
692 4097 988 4166 disciplina:
1006 4111 1118 4151 suae
1141 4097 1333 4152 ducem
1359 4097 1620 4162 habuere,
1657 4099 1751 4168 qui
1779 4107 1833 4153 et
1858 4101 1976 4169 ejus
1998 4118 2127 4157 con-

566 4189 910 4244 suetudinem
936 4189 1262 4255 adamarint,
1285 4199 1337 4243 et
1362 4190 1589 4257 posteris
1613 4191 1715 4259 ipsi
1744 4193 1856 4247 suis
1884 4191 2127 4248 Homeri-

564 4293 691 4334 cum
721 4280 941 4350 aliquod
970 4280 1091 4334 vita:
1115 4295 1287 4350 genus
1320 4281 1657 4350 formamque
1688 4284 2128 4339 transmiserint?

637 4435 750 4506 (98)
794 4432 1049 4506 Τῶνίμὲν
1080 4433 1305 4506 τοικυν.
1345 4430 1672 4506 Plato,_pag.
1707 4431 1832 4506 _5l2__.
1869 4430 1931 4485 F.

639 4500 750 4573 (99)
786 4500 1144 4573 Κρεώφιλος.
1190 4503 1264 4554 lta
1298 4502 1459 4555 etiam
1488 4500 1660 4573 Plato.
1692 4501 1758 4553 At
1782 4500 2123 4573 Eustathius,

569 4568 758 4638 mm;
784 4568 845 4635 Β,
879 4568 997 4641 pug.
1027 4572 1130 4624 550
1153 4578 1416 4641 extrema,
1450 4579 1504 4641 et
1526 4570 1744 4641 Suidas,
1770 4568 2127 4641 Κρεώςξρλον

567 4644 847 4703 scribunt,
876 4638 971 4708 ᾖ)οὲ
999 4658 1055 4693 υ.
1088 4641 1281 4710 διιὶᾱαὶ
1295 4640 1523 4710 Astyclis
1551 4640 1716 4710 (ilius,
1756 4641 1928 4710 patria
1954 4638 2124 4710 Chius

567 4723 661 4764 aut
705 4706 922 4765 Samius
967 4710 1163 4763 dicitur
1194 4727 1207 4762 :
1243 4706 1525 4761 Eustathio
1576 4706 1790 4763 Samius
1836 4708 2126 4778 διωρισμέ-

567 4798 691 4842 νως.
750 4780 796 4832 Is
830 4779 1121 4832 Homerum
1178 4778 1411 4845 hospitio
1439 4792 1560 4830 cum
1590 4776 2124 4844 excepisset,'éh6€

567 4849 737 4928 δῶρον
772 4849 829 4914 ἐξ
855 4847 1018 4901 αὑτοῦ
1050 4846 1150 4969 1:2;
1171 4847 1476 4917 ἐπιγραφὴν
1507 4845 1599 4898 τοῦ
1630 4847 1950 4915 ποιήματος,
1972 4849 2000 4898 6
2022 4863 2124 4898 κα-

567 4918 747 4969 λουσιν
792 4916 1044 4969 Οἱναλίας
1152 4931 1314 4968 ωσιν·
1347 4915 1640 4969 τουτέστιν.
1674 4914 1831 4969 ἔσνεν
1862 4917 1940 4969 εἰς
1980 4915 2124 4968 άντί-

567 4914 747 4970 λοῧσιν
792 4916 1044 4986 Οἰχαλίας
1086 4914 1315 4986 ἂλωσινί
1347 4914 1943 4986 τουτέστινηῷχεν-είς
1980 4915 2126 4986 ἀντί-

513 5029 519 5039 .
566 4986 708 5040 δοσιν
729 4983 1083 5057 ἐξξύμήρου,
1106 4985 1167 5036 τὸ
1203 4983 1276 5057 μὴ
1303 4984 1597 5057 ἐπιγράψαι
1617 4983 1677 5038 τὸ
1707 4983 1905 5057 βιᾷλίον
1927 4984 2122 5054 ἐαυτῷ,

568 5056 704 5109 ἀλλὰ
744 5055 821 5126 τῷ
856 5053 992 5125 φίλῴ
1025 5053 1356 5125 Κρεωφύλῳ.
1402 5053 1504 5107 Alii
1556 5055 1818 5126 poematis
1851 5053 2121 5126 auctorem

570 5120 929 5196 Creopliylu'm
960 5120 1134 5196 ipsum
1170 5120 1488 5196 agnoscunt,
1513 5120 1654 5196 quod
1687 5132 1877 5196 tamen
1892 5120 2125 5196 Homero

609 5188 802 5262 ropter'
828 5188 1045 5262 hospitii
1078 5188 1544 5253 necessitudinem
1571 5192 1951 5262 inscripserita
1974 5188 2125 5245 Unde

615 5258 948 5317 aliimacbus'
968 5264 1106 5316 hanc
1139 5261 1224 5316 isti
1255 5263 1487 5330 poemati
1514 5276 1699 5315 vocem
1736 5258 1999 5323 attribuit,

595 5262 608 5276 Ἰ

575 5375 686 5429 Τοῦ
723 5376 941 5443 Σαμίου
979 5377 1162 5440 πόνος
1184 5375 1319 5443 ειμι,
1342 5373 1504 5443 ,δόμῳ
1534 5372 1677 5443 ποτὲ
1695 5372 1854 5427 θεῖον
1875 5373 2126 5441 ’Όμηρον

568 5441 899 5511 Δεξαμέκου
922 5461 934 5473 ·
976 5441 1268 5513 Ὁμήρείοτο
1290 5442 1363 5513 δὲΔ
1385 5441 1672 5511 καλεῦμαι

572 5510 850 5581 Γράμμα·
881 5510 1232 5581 Κρεωφύλῳ,
1267 5511 1379 5565 Ζεῦ
1407 5510 1575 5579 φίλε,
1596 5511 1771 5566 τοῦτο
1797 5510 1968 5581 μέγα.

572 5602 771 5657 Trunci
801 5619 1009 5673 versus.
1037 5603 1170 5658 Nam
1198 5604 1723 5673 secundus_,opinor,
1754 5604 2120 5673 πεντάμετρος

573 5687 691 5743 esse
732 5672 1169 5743 debuit,rtertius
1200 5674 1392 5726 iterum
1424 5671 1739 5743 ἑξάμετρος,
1769 5671 1997 5740 quartus
2021 5683 2122 5743 est

571 5742 800 5809 integer.
841 5740 984 5796 Nihil
1029 5751 1208 5796 tamen
1254 5755 1321 5795 ex
1371 5740 1536 5795 sensu
1579 5740 1897 5798 detractum.
1954 5741 2118 5795 Addit

2173 5406 2484 5465 .‘temptum
2517 5398 2733 5466 quidem
2776 5401 2926 5452 illum
2970 5402 3023 5452 in

2239 3194 2381 3258 σιδος
2429 3195 2523 3247 τοῦ
2581 3194 2823 3260 Σκύθου;
2854 3228 2922 3238 -
2958 3196 3219 3266 Οὐδαμῶς
3267 3197 3507 3250 τοιοῦτον
3542 3198 3710 3252 οὐδέν.
3736 3230 3808 3243 -

2249 3285 2407 3338 Ἀλλὰ
2435 3285 2518 3356 δὴ,
2543 3287 2591 3338 εί
2623 3285 2697 3357 μὴ
2715 3286 2968 3358 δημοσίᾳ,
2998 3287 3102 3358 ἰδίᾳ
3130 3288 3272 3340 τισὶν
3297 3288 3520 3359 ἡγεμὼν
3556 3290 3804 3355 παιδείας

2236 3378 2396 3442 αὐτὸς
2424 3377 2522 3448 ζῇν
2545 3379 2759 3447 λέγεται
2790 3379 3032 3451 Ὄμηρος
3060 3378 3334 3447 γενέσθαι,
3356 3379 3406 3433 οἳ
3435 3381 3639 3434 ἐκεῖνον
3667 3381 3810 3450 ἠγό-

2235 3485 2352 3522 πων
2389 3468 2481 3521 ἐπὶ
2505 3468 2776 3540 συνουσίᾳ,
2806 3469 2897 3522 καὶ
2936 3472 3046 3534 τοῖς
3073 3469 3297 3549 ὕστερον
3337 3469 3455 3523 ὀδόν
3484 3487 3605 3525 τινα
3629 3472 3809 3543 παρά⁶

2233 3559 2393 3614 δοσαν
2421 3558 2536 3629 βίου
2580 3558 3145 3634 Ὁμηρικήνιῶσπερ
3195 3559 3515 3632 Πυθαγόρας
3553 3562 3715 3628 αὐτός
3741 3579 3806 3615 τε

2233 3646 2592 3718 διαφερόντως
2615 3648 2707 3700 ἐπὶ
2726 3648 2899 3718 τούτῳ
2921 3648 3202 3718 ἠγαπήθη,
3242 3649 3333 3702 καὶ
3374 3652 3422 3702 oi
3456 3648 3689 3724 ὕστεροι,
3721 3650 3805 3706 ἔτι

2236 3737 2328 3789 καί
2347 3735 2441 3789 νῦν
2464 3736 2830 3808 Πυθαγόρειον
2862 3738 3060 3809 τρόπον
3093 3739 3520 3809 ἐπονομάζοντες
3550 3742 3644 3795 τοῦ
3656 3742 3801 3811 βίου.

2234 3825 2511 3896 διαφανεῖς
2534 3844 2611 3898 πη
2635 3827 2881 3882 δοκοῦσιν
2903 3823 3041 3881 εἶναι
3064 3829 3123 3881 ἐν
3149 3830 3260 3892 τοῖς
3284 3829 3679 3893 άλλοις.-Οὐδ’
3707 3826 3802 3892 αὖ,

2233 3918 2358 3988 ἔφη,
2386 3918 2621 3972 τοιοῦτον
2647 3918 2796 3973 οὐδὲν
2819 3918 3057 3986 λέγεται.
3101 3919 3159 3972 '0
3189 3918 3295 3990 γὰρ
3321 3920 3631 3991 Κρεώφιλος
3658 3922 3800 3991 (99),

2231 4001 2277 4061 ὦ
2304 4007 2607 4078 Σώκρατες,
2667 4010 2696 4061 6
2743 4006 2836 4061 τοῦ
2884 4010 3122 4080 Ὀμήρου
3152 4012 3382 4081 ἑταῖρος,
3420 4011 3514 4065 τοῦ
3535 4012 3803 4082 ὀνόματος

2233 4097 2299 4150 ἂν
2329 4087 2657 4169 γελοιότερος
2681 4098 2917 4171 ἐτι·πρὸς
2942 4099 3186 4152 παιδείαν
3221 4101 3436 4171 φανείη,
3462 4103 3511 4153 εί
3534 4100 3604 4153 τὰ
3643 4100 3803 4169 λεγό-

2234 4206 2369 4257 μενα
2393 4190 2518 4260 περὶ
2563 4190 2797 4259 Ὀμήρου
2833 4188 3005 4259 ἀληθῆ
3040 4191 3175 4243 ἐστι.
3230 4190 3462 4258 Λέγεται
3513 4191 3620 4260 γάρ
3662 4207 3799 4257 που,

2228 4277 2303 4340 ὡς
2320 4278 2487 4349 πολλὴ
2516 4278 2743 4350 ἀμέλεια
2768 4278 2843 4349 (1)
2869 4282 2994 4350 περὶ
3017 4281 3177 4333 αὐτὸν
3229 4276 3297 4350 ἦν
3327 4283 3414 4332 ἐπ’
3434 4282 3598 4334 αὐτοῦ
3643 4282 3801 4335 ἐκεί-

2157 4466 2201 4520 ι)
2228 4432 2543 4520 Elisseae?
2588 4434 3285 4520 9031991.!”Fretum!"
3328 4432 3800 4520 ,ίξιξιωμξιρφετί

2227 4512 2604 4571 praeceptorem
2658 4504 2975 4571 appellasse.
3037 4505 3104 4556 At
3134 4503 3340 4556 Platoni
3374 4504 3475 4555 hoc
3516 4503 3636 4556 loco
3678 4518 3799 4558 non

2228 4580 2432 4624 tantum
2462 4572 2699 4634 nomine,
2730 4572 2821 4624 sed
2852 4573 3011 4625 etiam
3042 4573 3378 4626 institutione
3397 4572 3654 4625 ridiculus
3677 4581 3797 4635 est,

2224 4640 2367 4708 quod
2402 4642 2452 4692 in
2487 4639 2712 4709 Homeri
2755 4650 3137 4709 praeceptorem
3183 4641 3357 4695 cadat.
3392 4639 3459 4693 Et
3488 4641 3803 4695 subobscu-

2225 4724 2346 4761 rum
2377 4720 2477 4771 est,
2511 4710 2650 4778 quod
2690 4708 2951 4771 insinuat,
2983 4726 3144 4778 quam
3172 4710 3433 4764 ridiculus
3461 4710 3571 4778 ipse
3600 4709 3797 4764 fuerit.

2224 4793 2299 4847 ex,
2320 4778 2386 4831 iis
2412 4794 2531 4846 quae
2562 4779 2626 4831 de
2653 4778 2887 4832 Homero
2922 4782 3229 4843 traduntur,
3257 4779 3478 4847 intelligi
3497 4794 3519 4843 _:
3555 4779 3657 4831 nisi
3689 4778 3798 4832 τοῦ

2223 4844 2445 4913 γελοίου
2461 4862 2680 4900 causam
2705 4848 2830 4900 inde
2864 4858 3061 4912 sumat,
3086 4850 3226 4917 quod
3253 4848 3301 4900 ei
3329 4844 3560 4917 carmini
3585 4861 3796 4901 nomen

2225 4930 2383 4968 suum
2435 4917 2656 4972 inscribi
2710 4926 3016 4984 pateretur,
3066 4914 3224 4988 cujus
3272 4930 3467 4984 parens
3515 4914 3802 4971 Homerus

2223 4992 2387 5037 esset.

2296 5051 2387 5174 (Il1
2408 5053 2610 5122 Πολλὴ
2647 5054 2908 5139 ἀμέλεια.
2944 5053 3212 5108 Incertum
3259 5066 3341 5109 est
3373 5062 3552 5106 utrum
3591 5052 3804 5107 adver-

2296 5138 2319 5174 s
2392 5138 2633 5174 umerum
2663 5126 3027 5174 Lreonhvlus.
3078 5139 3145 5174 an
3176 5123 3442 5174 Homerus
3462 5138 3585 5174 arma
3615 5121 3802 5174 Creo-

2224 5121 2633 5193 susHomernm
2663 5121 3027 5193 Creophylus,
3078 5139 3145 5176 an
3176 5123 3442 5178 Homerus
3462 5138 3585 5193 erga
3615 5121 3802 5176 Creo-

2224 5191 2442 5262 phylum
2473 5191 2825 5262 negligentior
2855 5191 3046 5255 fuerit;
3082 5208 3149 5245 an
3179 5195 3409 5262 denique
3437 5192 3717 5261 neglectus
3752 5207 3797 5246 ι

2225 5259 2338 5331 suis
2377 5259 2761 5331 ACreophj'lus,
2811 5264 2972 5316 etiam
3021 5263 3148 5315 dum
3216 5259 3478 5331 Homerus
3518 5259 3793 5331 ‘rviveret.

2224 5328 2479 5382 Eamdem
2525 5330 2576 5381 in
2617 5328 2862 5385 versione
2904 5332 3305 5391 ambiguitatem
3348 5330 3603 5391 retinuit,
3651 5342 3797 5382 con-

3097 5400 3409 5468 reophylum
3441 5399 3794 5468 cadere,_ye|

2222 5481 2286 5521 eo
2312 5464 2673 5535 probabilth
2695 5471 2837 5535 quod
2870 5469 3130 5521 ridiculus
3159 5464 3365 5521 Platoni
3394 5467 3623 5520 dicatur.
3664 5464 3797 5519 Nec

2222 5551 2334 5588 veri
2364 5545 2541 5588 tamen
2572 5537 2833 5600 absimile,
2858 5538 2984 5603 quin
3016 5537 3247 5590 Homero
3274 5536 3579 5596 conveniat,
3611 5550 3792 5602 quem

2222 5605 2304 5656 sui
2335 5619 2554 5676 omnes,
2594 5618 2652 5658 ut
2697 5607 2862 5675 paulo
2883 5617 3003 5676 post
3029 5607 3328 5675 signiﬁcat,
3358 5620 3539 5659 errare
3568 5603 3796 5673 passim

2220 5682 2274 5727 et
2297 5674 2481 5741 vagari
2512 5674 2836 5743 paterentur.
