4122 6414
370 358 398 415 1
410 360 515 415 029

1539 352 1866 407 ΡΠἉΕΡΑΒ.
1908 349 2161 405 EVANG.
2205 350 2331 404 LIB.
2373 349 2484 404 XII.

3495 349 3636 404 1050

363 498 480 542 νου,
501 481 588 532 ὅτε
609 478 802 550 ἐζη.-
820 479 1053 548 Λέγεται
1083 478 1192 550 γάρ
1208 474 1318 540 οὖν,
1337 473 1403 546 ἦν
1430 476 1470 528 δ’
1503 476 1632 544 ἐγὼ.
1668 475 1807 527 Ἀλλ’
1825 472 1939 538 οἴει,

2049 472 2508 542 quemadmodum
2540 469 2898 540 Pythagoras,
2936 483 3058 522 cum
3095 469 3212 538 ipse
3245 482 3350 536 per
3385 481 3443 520 se
3491 467 3634 519 mul-

361 564 411 622 ὧ
444 567 724 629 Γλαύκων,
749 569 796 620 εἰ
829 567 908 638 τῷ
937 567 1049 620 ὄντι
1078 562 1188 629 οἷός
1238 582 1296 618 τε
1323 562 1391 635 ἦν
1436 562 1710 615 παιδεύειν
1741 559 1948 631 ἀνθρώ-

363 677 502 722 πους
528 661 621 712 κα).
648 658 888 729 βελτίους
938 656 1343 728 ἀπεργάζεσθαι
1378 658 1643 727 Ὄμηρος,
1695 657 1785 708 ατε
1821 655 1949 723 περὶ

360 753 568 806 τούτων
592 753 652 805 οὐ
691 751 999 822 μιμεῖσθαι,
1021 751 1157 804 ἀλλὰ
1187 751 1476 818 γινώσκειν
1503 749 1817 818 δυνάμενος,
1847 747 1948 799 οὐκ

360 845 452 914 ἄρ’
475 841 540 896 ἂν
573 841 800 904 πολλοὺς
827 841 1076 910 ἐταίρους
1107 843 1418 910 ἐποιήσατο,
1449 839 1542 890 καὶ
1579 839 1824 907 ἐτιμᾶτο,
1854 838 1946 890 καὶ

359 935 618 1004 ἠγαπᾶτο
652 934 742 986 ὑπ’
774 932 980 997 αὑτῶν;
1025 931 1178 985 Ἀλλὰ
1206 930 1574 1001 Πρωταγόρας
1600 929 1673 997 (‘2)
1709 928 1806 998 μὲν
1840 929 1946 999 ἄρα

357 1027 392 1076 ὁ
436 1022 778 1094 ’Δὸδηρίτης,
812 1024 906 1076 καὶ
944 1022 1202 1093 Πρόδικος
1228 1024 1255 1074 ὁ
1284 1023 1462 1084 Κεῖος,
1503 1021 1594 1072 καὶ
1626 1019 1772 1072 ἄλλοι
1802 1020 1949 1088 πάμ-

359 1114 548 1168 πολλοι
595 1113 849 1168 δύνανται
905 1117 1017 1176 τοῖς
1077 1115 1162 1182 ἐφ’
1215 1111 1421 1164 ἑαυτῶν
1490 1111 1824 1180 παρεστάναι
1869 1110 1946 1179 (5)

362 1204 474 1275 ἰδία
505 1205 908 1274 συγγινόμενοι,
935 1203 1012 1266 ὡς
1035 1201 1159 1255 οὕτε
1193 1202 1369 1255 οἰκίαν
1390 1200 1511 1254 οὔτε
1546 1202 1698 1254 πόλιν
1722 1200 1818 1271 τὴν
1847 1202 1946 1253 αὑ-

355 1294 472 1348 τῶν
497 1297 668 1348 οἰκεῖν
699 1295 774 1364 (4)
803 1291 904 1348 οἷοί
938 1312 997 1347 τε
1049 1293 1282 1356 ἔσονται,
1331 1293 1423 1346 ἐὰν
1464 1294 1537 1364 μὴ
1597 1295 1736 1360 σφᾶς
1767 1292 1946 1346 αὐτῶν

356 1386 465 1449 τῆς
498 1385 746 1449 παιδείας
767 1387 1194 1456 ἐπιστατήσωσι,
1222 1386 1315 1438 καὶ
1365 1385 1459 1438 ἐπὶ
1479 1385 1652 1457 ταύτῃ
1680 1387 1746 1456 τῇ
1785 1386 1948 1456 σοφίᾳ

356 1478 506 1533 οὕτω
537 1477 745 1548 σφόδρα
769 1477 1068 1546 φιλοῦνται,
1097 1475 1236 1528 ὥστε
1264 1476 1423 1547 μόνον
1457 1478 1556 1530 οὐκ
1589 1477 1681 1529 ἐπὶ
1713 1479 1832 1540 ταῖς
1855 1495 1948 1530 κε-

359 1569 557 1638 φαλαῖς
585 1568 968 1639 περιφέρουσιν
1016 1568 1211 1630 αὐτοὺς
1257 1570 1303 1619 οἱ
1350 1568 1576 1638 ἑταῖροι·
1616 1569 1862 1639 ’Όμηρον
1890 1569 1946 1622 δὲ

352 1661 469 1732 ἄρα
496 1663 543 1712 οἱ
577 1659 664 1712 ἐπ’
694 1659 922 1721 ἐκείνου,
960 1659 1114 1730 εἴπερ
1147 1654 1255 1722 οἷός
1285 1676 1343 1710 τε
1366 1655 1434 1730 ἦν
1459 1660 1594 1728 πρὸς
1620 1661 1819 1731 ἀρετὴν
1844 1661 1950 1714 όνι-

357 1751 518 1804 νάναι
540 1748 934 1817 ἀνθρώπους,ῆ
974 1748 1232 1811 Ἡσίοδον,
1265 1749 1525 1819 ῥαψῳδεῖν
1550 1748 1614 1803 ἂν
1641 1751 1947 1821 περιιόντας

354 1843 508 1904 εἴων,
539 1841 634 1894 καὶ
688 1840 808 1910 οὐχὶ
840 1840 1036 1912 μᾶλλον
1089 1840 1154 1894 ἂν
1194 1841 1371 1895 αὐτῶν
1424 1842 1731 1912 ἀντείχοντο
1771 1842 1802 1912 ἢ
1847 1843 1941 1897 τοῦ

353 1930 584 2003 χρυσοῦ,
617 1933 709 1984 καὶ
740 1931 1046 2002 ἠνάγκαζον
1089 1933 1238 2005 παρᾶ
1267 1933 1448 2002 σφίσιν
1493 1932 1630 1986 οἴκοι
1669 1934 1743 2004 (5)
1772 1931 1940 2000 εἷναι;

354 2023 394 2093 ἢ
425 2025 472 2076 εί
502 2025 575 2096 μὴ
601 2023 835 2086 ἔπειθον,
859 2025 1011 2077 αὐτοὶ
1035 2023 1102 2078 ἂν
1125 2023 1557 2094 ἐπαιδαγώγουν,
1621 2027 1726 2096 ὅπη
1751 2026 1940 2096 ᾔεσαν,

353 2117 464 2180 ἕως
482 2114 679 2179 ἱκανῶς
691 2115 935 2178 παιδείας
951 2115 1297 2186 μεταλάϐοιεν
1319 2133 1407 2181 ;-
1425 2117 1796 2180 Παντάπασιν,
1815 2117 1939 2188 ἔφη,

351 2208 533 2272 δοκεῖς
562 2227 672 2278 μοι,
691 2202 733 2260 ὦ
749 2207 1052 2280 Σώκρατες,
1074 2207 1246 2280 ἀληθῆ
1271 2208 1754 2276 λέγειν.-οὑκοῦν
1783 2209 1944 2262 τιθῶ-

341 2318 482 2370 μεν,
511 2300 618 2354 ἀπὸ
662 2301 897 2371 Ὁμήρου
957 2298 1273 2371 ἀρξάμενοι,
1327 2301 1536 2366 πάντας
1568 2304 1694 2366 τοὺς
1735 2321 1944 2373 ποιητι-

353 2391 489 2455 κοὺς
520 2390 762 2462 μιμητὰς
795 2390 1025 2444 εἰδώλων
1059 2392 1261 2462 ἀρετῆς
1300 2389 1464 2460 εἶναι,
1497 2393 1720 2446 καὶτῶν
1767 2393 1942 2449 ἄλλων

353 2486 489 2556 περ).
517 2477 591 2538 ὧν
616 2484 849 2545 ποιοῦσι,
880 2487 980 2555 τῆς
1005 2483 1050 2536 δ’
1071 2483 1327 2556 ἀληθείας
1356 2486 1454 2558 οὐχ
1484 2487 1770 2540 ἅπτεσθαι·
1804 2487 1940 2556 ἀλλ’,

352 2576 548 2648 ὥσπερ
572 2577 666 2630 νῦν
687 2575 750 2646 δὴ
778 2577 1054 2647 ἐλέγομεν,
1071 2578 1099 2629 ὁ
1119 2578 1407 2649 ζωγράφος
1431 2581 1759 2650 σκυτοτόμον
1786 2581 1944 2653 ποιή-

355 2685 443 2720 σει
469 2667 728 2722 δοκοῦντα
753 2664 912 2732 εἶναι,
935 2669 1094 2731 αὐτὸς
1121 2669 1176 2722 δὲ
1215 2671 1313 2722 οὐκ
1364 2671 1569 2723 ἐπαΐων
1593 2675 1720 2742 περί⁵
1750 2689 1944 2725 σκυτο-

353 2759 575 2830 τομίας,
607 2759 700 2812 καὶ
733 2762 846 2824 τοῖς
881 2759 956 2832 μὴ
987 2762 1289 2826 ἐπαΐουσιν,
1326 2763 1389 2814 ἐκ
1414 2762 1522 2815 τῶν
1549 2765 1856 2835 χρωμάτων
1886 2765 1942 2818 δὲ

353 2849 454 2904 καὶ
518 2851 812 2921 σχημάτων
871 2851 1154 2924 θεωροῦσι.
1176 2885 1244 2894 -
1263 2854 1412 2907 Πάνυ
1449 2855 1548 2924 μὲν
1573 2851 1684 2908 οὖν.
1702 2885 1771 2896 -
1788 2855 1942 2910 Οὕτω

352 2943 443 3013 δὴ,
471 2939 644 3013 οἶμαι,
679 2945 775 2997 καὶ
801 2944 891 2998 τὸν
941 2946 1222 3016 ποιητικὸν
1251 2947 1493 3018 φήσομεν
1521 2948 1786 3018 χρώματα
1805 2949 1942 3002 ἄττα

350 3035 574 3105 ἑκάστῳ
599 3036 671 3104 (6)
687 3036 795 3090 τῶν
816 3036 1016 3107 τεχνῶν
1041 3039 1154 3100 τοῖς
1182 3039 1408 3109 ὀνόμασι
1443 3039 1537 3091 καὶ
1563 3041 1802 3111 ῥήμασιν
1824 3041 1942 3092 ἐπι-

2050 572 2229 616 torum
2263 563 2367 616 hoc
2407 562 2460 615 in
2511 575 2707 631 genere
2753 559 3198 628 approbationem
3233 559 3422 613 habuit
3469 557 3632 627 plane

2050 655 2401 724 singularem,
2432 663 2544 706 tum
2583 652 2744 706 etiam
2790 652 3046 705 exstitere
3091 651 3368 720 deinceps,
3404 651 3498 719 qui
3525 648 3634 719 Py-

2048 748 2390 812 thagoream,
2427 754 2487 798 ut
2511 754 2728 807 voeant,
2757 746 2880 797 vitae
2909 745 3180 799 rationem
3211 744 3481 813 hodieque
3501 757 3633 812 pro-

2049 840 2296 901 fitentes,
2334 839 2477 893 inter
2519 850 2744 892 caeteros
2789 838 3029 892 eminere
3076 834 3534 892 videantur.—Ne
3579 834 3634 888 id

2049 931 2291 998 quidem.
2353 927 2487 982 Nam
2535 929 2857 998 Creopliilus
2891 929 3131 1001 quidem,
3183 943 3216 981 ο
3248 926 3534 990 Socrates,
3585 925 3632 980 is

2049 1022 2142 1091 qui
2187 1020 2406 1076 Homeri
2452 1019 2637 1075 socius
2689 1019 2857 1074 fuisse
2889 1020 3110 1083 dicitur,
3153 1018 3444 1088 disciplina
3491 1016 3632 1070 forte

2049 1112 2265 1180 magis,
2295 1127 2460 1182 quam
2512 1111 2734 1165 nomine
2782 1111 2902 1180 ipso
2951 1110 3214 1164 ridiculus
3267 1109 3634 1180 appareat,si

2049 1219 2177 1258 vera
2228 1203 2391 1257 modo
2448 1202 2578 1266 sint,
2635 1217 2756 1271 quae
2813 1201 2880 1256 de
2929 1199 3166 1256 llomero
3215 1200 3628 1255 circumferunt.

2050 1295 2279 1366 Quippe,
2341 1296 2491 1350 illum
2534 1295 2700 1359 enim,
2755 1294 2918 1348 etiam
2962 1294 3090 1348 dum
3134 1295 3359 1359 viveret,
3395 1294 3465 1348 ab
3517 1292 3633 1348 suis

2047 1388 2347 1458 aequalibus
2371 1388 2676 1457 neglectum
2705 1387 2997 1440 admodum
3048 1385 3216 1440 fuisse
3263 1393 3509 1440 narrant.
3563 1415 3636 1427 —

2045 1477 2282 1532 Narrant
2315 1493 2466 1537 sane.
2501 1478 2747 1546 inquam.
2801 1475 3041 1531 Putasne
3089 1493 3238 1542 vero,
3277 1477 3350 1530 mi
3381 1476 3610 1538 Glauco,

2049 1571 2366 1634 Homerum,
2388 1571 2432 1624 si
2452 1586 2574 1624 vere
2596 1570 3118 1638 hominestanquam
3154 1570 3206 1623 in
3233 1585 3422 1624 eorum
3450 1571 3635 1640 cogni-

2049 1661 2196 1715 tione
2252 1662 2435 1730 potius
2482 1676 2645 1730 quam
2696 1661 2998 1716 imitatione
3042 1670 3312 1727 versatus,
3349 1662 3635 1716 instituere

2050 1766 2114 1806 ac
2143 1751 2396 1806 meliores
2451 1750 2670 1804 efﬁcere
2701 1751 2988 1819 potuisset,
3023 1751 3228 1806 amicos
3261 1751 3363 1805 sibi
3386 1751 3633 1806 sodales-

2047 1843 2328 1913 que620
2353 1843 2619 1912 plurimos
2650 1855 3094 1913 comparaturum
3121 1860 3228 1897 non
3256 1843 3492 1906 fuisse,a
3511 1844 3634 1912 qui-

2044 1933 2148 1988 bus
2193 1944 2248 1988 et
2296 1935 2688 1989 observaretur
2734 1944 2788 1989 et
2836 1935 3146 1990 amaretur?
3187 1934 3480 1990 Enimvero
3505 1950 3632 1988 eum

2044 2033 2099 2078 et
2123 2023 2450 2093 Protagoras
2478 2025 2786 2090 Abderites,
2811 2035 2865 2079 et
2893 2025 3156 2080 Prodicus
3185 2027 3275 2080 ille
3297 2024 3489 2090 Chius,
3513 2025 3634 2080 alii—

2043 2130 2151 2183 que
2185 2117 2478 2184 permulti,
2532 2117 2837 2185 mqualibus
2883 2117 3000 2171 suis
3045 2117 3244 2185 quibus
3293 2115 3637 2170 familiariter

2043 2216 2292 2273 utuntur,
2323 2209 2655 2276 persuadere
2686 2208 2918 2277 possint,
2965 2209 3210 2261 futurum
3246 2209 3322 2262 uti
3351 2223 3633 2278 nunquam

2044 2298 2147 2367 ipsi
2199 2314 2313 2352 rem
2371 2297 2695 2352 familiarem
2751 2307 2848 2352 aut
2913 2298 3187 2368 publicam
3243 2298 3635 2352 administrare

2043 2399 2246 2460 queant
2275 2391 2379 2445 nisi
2409 2406 2598 2446 eorum
2638 2390 2838 2445 studiis
2870 2399 2924 2444 et
2965 2390 3261 2445 eruditioni
3294 2390 3632 2460 praemerint.

2043 2484 2271 2554 ejusque
2303 2483 2584 2553 sapientia:
2619 2482 2672 2536 vi
2708 2491 2926 2537 tantum
2957 2483 3062 2538 sibi
3094 2490 3316 2552 tamque
3342 2482 3634 2538 vehemen-

2042 2584 2151 2629 tem
2177 2584 2510 2630 sectatorum
2540 2590 2768 2628 suorum
2797 2589 3041 2629 amorem
3075 2575 3387 2637 concilient,
3423 2583 3482 2630 ut
3511 2583 3636 2630 tan-

2041 2677 2158 2721 tum
2191 2682 2296 2720 non
2320 2667 2373 2720 in
2407 2666 2584 2736 capite
2612 2665 2772 2720 abiis
2806 2665 3054 2721 ferantur
3085 2684 3099 2720 :
3131 2665 3449 2732 Homerum,
3474 2667 3636 2722 obse-

2042 2772 2164 2824 cro,
2202 2757 2285 2810 vel
2311 2754 2636 2818 Hesiodum,
2674 2755 2719 2810 si
2746 2770 2968 2823 operam
3002 2756 3319 2810 hominibus
3350 2755 3416 2810 ad
3440 2771 3634 2824 capes-

2043 2849 2269 2902 sendam
2295 2848 2553 2902 virtutem
2590 2863 2791 2901 navare
2821 2857 3065 2917 possent,
3102 2849 3279 2902 atatis
3315 2863 3427 2902 sua:
3456 2848 3633 2902 homi-

2041 2953 2141 2992 nes
2172 2937 2419 2992 carmina
2445 2953 2542 2991 sua
2568 2937 2905 2998 cantitando,
2927 2937 3110 3006 vagari
3137 2936 3343 3004 passim
3361 2943 3416 2989 et
3446 2950 3632 2990 errare

2041 3040 2382 3100 paterentur,
2421 3047 2487 3085 ac
2536 3046 2643 3083 non
2676 3046 2770 3084 eos
2800 3031 2982 3100 potius
3021 3045 3158 3084 auro
3206 3029 3324 3098 ipso
3350 3029 3631 3084 cbariores

355 3128 744 3198 χρωματίζειν,
781 3129 946 3182 αὑτὸν
985 3129 1085 3182 οὐκ
1121 3131 1400 3193 ἐπαΐοντα,
1430 3130 1546 3183 ἀλλ’
1571 3130 1604 3201 ἢ
1634 3131 1935 3201 μιμεῖσθαι,

2043 3122 2330 3187 haberent,
2361 3137 2425 3176 ac
2445 3122 2530 3176 vel
2561 3121 2613 3176 in
2639 3120 2836 3175 mdium
2857 3135 3081 3175 suarum
3107 3129 3256 3190 parte
3279 3121 3628 3184 collocarent,

349 3213 499 3267 ὥστε
532 3215 736 3287 ἑτέροις
754 3217 1012 3281 τοιούτοις
1041 3221 1105 3272 ὲκ
1132 3219 1237 3271 τῶν
1266 3219 1438 3287 λόγων
1462 3218 1724 3293 θεωροῦσι
1741 3221 1934 3276 δοκεῖν·

350 3306 453 3360 ἐάν
483 3324 543 3360 τε
604 3309 733 3380 περὶ
787 3312 1148 3382 σκυτοτομίας
1199 3329 1249 3365 τι
1308 3311 1441 3384 λέγῃ
1491 3315 1548 3368 ἐν
1606 3313 1791 3384 μέτρῳ
1849 3317 1942 3368 καὶ

348 3392 552 3464 ῥυθμῷ
575 3395 669 3447 καὶ
693 3395 950 3468 ἁρμονίᾳ,
983 3398 1123 3451 πάνυ
1152 3393 1212 3450 εὖ
1243 3397 1419 3451 δοκεῖν
1447 3395 1722 3467 λέγεσθαι,
1752 3400 1846 3453 ἐάν
1873 3417 1934 3454 τε

353 3481 486 3552 περὶ
512 3484 860 3553 στρατηγίας,
903 3485 998 3538 ἐάν
1047 3503 1105 3539 τε
1141 3487 1269 3558 περ).
1294 3487 1454 3541 ἄλλου
1508 3488 1746 3543 ὁτουοῦν.
1780 3490 1935 3546 Οὕτω

355 3573 518 3641 φύσει
557 3574 694 3627 αὐτὰ
714 3574 886 3629 ταῦτα
924 3578 1165 3650 μεγάλην
1193 3579 1312 3632 τινὰ
1333 3579 1562 3651 κήλησιν
1581 3580 1715 3652 ἔχει·
1749 3584 1942 3654 ἐπιγυ-

343 3661 638 3733 μνωθέντα
669 3664 744 3736 (7)
776 3681 839 3733 γε
867 3665 975 3719 τῶν
1005 3667 1105 3737 τῆς
1133 3671 1396 3740 μουσικῆς
1447 3672 1773 3742 χρωμάτων,
1815 3676 1939 3730 τάδε

348 3753 464 3807 τῶν
489 3755 746 3826 ποιητῶν,
772 3758 911 3810 αὐτὰ
939 3761 1024 3827 ἐφ’
1042 3760 1246 3812 ἑαυτῶν
1269 3759 1558 3832 λεγόμενα,
1585 3758 1738 3834 οἶμαί
1770 3783 1828 3818 σε
1858 3769 1938 3820 εί-

347 3845 501 3900 δέναι
527 3844 614 3900 οἷα
655 3849 923 3917 φαίνεται.
955 3851 1223 3907 Τεθέασαι
1261 3854 1389 3924 γάρ,
1420 3855 1452 3926 ἢ
1493 3854 1553 3908 οὗ
1580 3873 1594 3921 ;
1629 3859 1938 3928 -Ἔγωγλ

349 3937 514 4009 ἔφη.»
549 3941 658 3994 Καὶ
686 3941 889 3995 τούτων
923 3942 978 3995 δέ
1013 3943 1185 4007 οὕτως
1230 3946 1482 4016 ἐχόντων,
1540 3943 1598 4001 εὖ
1651 3967 1742 4020 μοι
1797 3950 1938 4021 ἔχειν

323 4029 502 4083 ’δοκεῖ
526 4031 729 4102 βραχέα
767 4034 902 4087 ἄττα
931 4034 1038 4087 τῶν
1066 4035 1349 4099 Πλάτωνος
1384 4036 1632 4102 διελθεῖν,
1662 4039 1729 4092 δι’
1753 4034 1827 4094 ὧν
1853 4041 1940 4095 λο-

347 4121 652 4195 γικώτερον
672 4125 762 4176 τὸν
789 4125 917 4196 περὶ
943 4125 1077 4178 Θεοῦ
1116 4127 1210 4179 κςιι)⁸
1236 4127 1494 4198 προνοίας
1522 4130 1802 4202 συνίστησι
1855 4131 1941 4185 λὸ-

348 4231 470 4282 γον,
503 4219 615 4278 τοῖς
643 4217 907 4287 Ἐϐραίων
930 4220 1033 4270 κὰν
1055 4217 1227 4289 τούτῳ
1246 4221 1652 4289 παριστάμενος
1680 4221 1937 4294 δόγμασι.

345 4305 555 4377 Πρῶτά
597 4308 652 4360 δὲ
688 4307 1031 4379 θεασώμεθα,
1066 4312 1213 4374 ὅπως
1269 4311 1367 4374 τὰς
1405 4311 1562 4376 δόξας
1610 4312 1718 4366 τῶν
1761 4315 1938 4370 ἀθέων

348 4398 621 4470 ἐκτίθησι.

2039 3213 2124 3267 vel
2146 3213 2192 3268 si
2224 3212 2407 3266 minus
2433 3213 2538 3266 hoc
2572 3212 2640 3266 ab
2664 3211 2730 3266 iis
2753 3211 3133 3280 impetrarent,
3166 3211 3356 3265 taudiu
3377 3220 3526 3266 certe
3562 3211 3624 3264 il-

2038 3292 2590 3371 lorum,'ubicunque
2620 3301 2899 3369 degerent,
2939 3300 3225 3369 praeceptis
3258 3299 3628 3355 informaren-

2041 3401 2149 3456 tur,
2183 3389 2314 3444 dum
2341 3391 2474 3444 satis
2508 3391 2562 3444 in
2587 3405 2780 3444 eorum
2827 3389 3115 3458 disciplina
3142 3389 3543 3458 profecissent?
3564 3420 3632 3433 —

2039 3482 2358 3547 Verissime,
2392 3497 2424 3536 ο
2455 3479 2730 3548 Socrates,
2759 3481 2812 3535 id
2841 3483 2939 3537 abs
2964 3491 3014 3536 te
3042 3482 3249 3537 dictum
3284 3481 3538 3536 arbitror.
3560 3512 3632 3526 -

2045 3575 2261 3632 Maneat
2306 3576 2468 3645 igitur
2512 3583 2701 3645 poetas
2745 3589 2970 3638 omnes,
3006 3573 3244 3630 Homero
3273 3575 3393 3644 ipso
3434 3589 3632 3644 agmen

2044 3669 2296 3734 ducente,
2316 3668 2530 3724 virtutis
2561 3683 2625 3723 ac
2656 3669 3084 3733 caeterorum,de
3109 3668 3308 3738 quibus
3337 3667 3630 3737 aliquando

2045 3763 2340 3828 scribunt,
2421 3762 2714 3816 simulacra
2772 3767 2982 3815 tantum
3041 3761 3278 3826 imitari,
3343 3761 3626 3814 veritatem

2043 3855 2218 3925 ipsam
2251 3870 2530 3924 nunquam
2557 3856 2838 3923 attingere.
2870 3852 3624 3922 Videlicet,quemadmodum

2043 3949 2206 4019 paulo
2233 3958 2357 4002 ante
2388 3949 2724 4011 dicebamus,
2777 3947 2969 4016 pictor,
3005 3946 3098 4015 qui
3137 3947 3201 4000 de
3234 3954 3349 3998 arte
3395 3945 3626 3998 ceriaria

2044 4041 2180 4094 nihil
2206 4057 2444 4110 unquam
2479 4041 2804 4100 inaudierit,
2832 4040 3126 4092 eoriarium
3162 4049 3343 4091 tamen
3369 4037 3449 4091 sic
3473 4037 3627 4091 emn-

2045 4133 2140 4202 git,
2169 4142 2226 4186 ut
2251 4134 2384 4186 artis
2413 4132 2656 4201 ejusdem
2691 4132 3162 4199 imperitis,atque
3185 4145 3346 4183 unam
3377 4129 3623 4184 colorum

2040 4241 2104 4278 ac
2137 4227 2430 4292 figurarum
2466 4225 2700 4291 speciem
2735 4224 3105 4287 intuentibus,
3138 4223 3408 4277 coriarius
3438 4222 3622 4275 videa-

2047 4315 2736 4386 tur.—Utique.—-Eodem
2767 4316 2924 4384 plane
2955 4317 3115 4368 modo
3140 4324 3377 4384 poetam,
3406 4315 3619 4382 opinor,

1976 4402 2019 4454 D
2047 4411 2368 4473 dixerimus,
2415 4410 2682 4477 hospitem
2709 4408 2911 4477 alioqui
2942 4407 3375 4477 ac-peregrinum
3408 4408 3461 4460 in
3487 4407 3620 4461 arti-

345 4489 493 4554 bus,
529 4507 665 4561 quas
699 4500 907 4547 tantum
949 4493 1154 4548 imitari
1206 4495 1460 4553 noverit.
1497 4496 1577 4552 sic
1627 4499 1852 4553 nomina
1926 4508 2104 4554 tamen
2152 4509 2206 4553 et
2271 4499 2534 4553 vocabula
2587 4500 2927 4568 singularum
2975 4501 3249 4554 coloribus
3293 4499 3620 4569 quibusdam

347 4580 634 4649 inducere,
662 4593 723 4637 ut
780 4600 891 4638 rem
925 4585 1118 4653 ipsam.
1156 4587 1250 4656 qui
1299 4587 1536 4656 speciem
1569 4605 1733 4642 unam
1778 4591 2044 4644 orationis
2109 4591 2414 4658 attendunt,
2463 4591 2644 4645 videre
2691 4591 2794 4646 sibi
2842 4592 3149 4647 videantur.
3207 4591 3386 4658 Quare
3412 4591 3524 4646 sive
3553 4593 3621 4646 de

348 4677 606 4741 ceriaria,
657 4679 772 4734 sive
804 4681 867 4734 de
896 4681 1266 4750 imperatoria,
1300 4687 1414 4737 sive
1447 4683 1514 4736 de
1575 4686 1817 4753 qualibet
1862 4674 1965 4741 alia
2006 4702 2083 4750 re,
2118 4703 2277 4741 versu
2315 4703 2606 4742 numerose
2677 4704 2741 4744 ac
2781 4689 3054 4744 modulate
3083 4691 3357 4752 cecinerit,
3408 4689 3621 4759 egregie

348 4773 645 4826 admodum
681 4774 897 4829 locutus
927 4786 1165 4845 putetur.
1208 4775 1440 4832 Tantam
1472 4788 1663 4834 natura
1710 4796 1807 4834 sua
1834 4791 2132 4838 concentus
2190 4783 2277 4836 ille
2325 4784 2548 4838 suavior
2575 4783 2917 4838 demulcendi
2963 4785 3070 4838 vim
3115 4786 3290 4839 habet.
3321 4783 3453 4837 Nam
3485 4798 3616 4852 poe-

341 4874 528 4921 tarum
563 4882 749 4938 opera,
786 4867 916 4921 dum
974 4885 1068 4938 per
1097 4885 1238 4933 sese,
1266 4879 1428 4940 atque
1465 4871 1573 4928 illis
1631 4873 1855 4928 musica:
1909 4875 2112 4929 nudata
2170 4875 2448 4930 coloribus
2504 4876 2824 4943 audiuntur,
2874 4878 3054 4948 qualia
3087 4877 3305 4932 demum
3333 4877 3505 4930 videri
3528 4891 3620 4931 so-

421 5071 498 5153 (ἢ)
523 5073 928 5153 Πρωταγόρας,
948 5072 1279 5153 Notissimus
1308 5077 1516 5153 hic,ve_l
1541 5080 1921 5153 philosophus,
2032 5099 2172 5152 opus
2207 5083 2456 5153 attribuit
2484 5084 2548 5138 de
2579 5083 2811 5139 Hercule
2847 5085 2900 5137 in
2935 5083 3104 5147 bivio,
3136 5098 3298 5153 quem
3331 5084 3458 5137 hinc
3489 5081 3618 5136 inde.

343 5142 431 5224 yel
453 5144 736 5225 rsophista,
765 5159 841 5225 exp
864 5143 1120 5225 Diogene,
1165 5149 1444 5225 Athenaeo,
1479 5142 1668 5225 §tiida,
1697 5142 1925 5225 Platone
2032 5142 2219 5209 Virtus
2249 5164 2302 5208 et
2325 5152 2586 5222 Voluptas
2630 5157 2929 5225 allicerent.
2984 5142 3116 5218 Quae
3155 5142 3349 5208 'civttas
3376 5155 3495 5225 ejus
3523 5162 3618 5208 aut

346 5213 404 5292 in
445 5211 762 5294 Protagora,
798 5223 852 5294 et
875 5215 1001 5294 alibi
1039 5218 1344 5294 passim._et
1379 5219 1450 5294 al.
1476 5211 1742 5294 Diogenes
1774 5222 1924 5294 Thu-
2027 5225 2336 5294 praeceptis,
2368 5211 2702 5294 aut-legibus
2741 5240 2837 5278 usa
2875 5211 3059 5283 fuerit,
3094 5237 3198 5294 non
3227 5211 3462 5294 reperio.

345 5283 462 5336 rios
492 5283 967 5364 splumpominat,
1000 5302 1140 5364 quos
1170 5287 1380 5364 legibus
1413 5283 1747 5364 instituerit:
1782 5291 1920 5348 forte

2042 5283 2052 5294 ’
2101 5295 2177 5364 (5)
2210 5283 2614 5364 Ἡαρεστείνᾶι.
2658 5293 2837 5347 Malim
2875 5293 3228 5364 παριστάναι,
3269 5283 3338 5346 ex
3366 5293 3610 5348 Platone.

345 5297 462 5336 nos
492 5297 669 5336 solum
703 5297 967 5349 nominat,
1000 5302 1138 5354 quos
1170 5297 1380 5354 legibus
1413 5297 1706 5345 instituerit
1735 5311 1747 5344 :
1782 5297 1920 5348 forte

344 5367 472 5434 cum
503 5353 960 5434 Athenispulsus,
981 5371 1100 5434 eam
1130 5357 1182 5409 in
1213 5357 1376 5434 Italiae
1401 5373 1578 5434 oram.
1602 5359 1921 5434 Pythagora:

2101 5297 2177 5428 (ὅ)
2219 5297 2614 5361 Παρεστάναι.
2658 5297 2837 5347 Malim
2875 5310 2935 5346 πε

2124 5365 2177 5434 4)
2224 5363 2653 5434 ΟὶχεῐνχᾼΡιθιο,
2693 5364 2935 5434 διοικεῖν.

345 5425 583 5499 adventu
614 5432 666 5499 et
694 5424 981 5499 disciplina
1021 5425 1132 5499 jam
1165 5427 1434 5499 celebrem
1468 5424 1921 5499 migraésethec

344 5490 610 5547 Prodicus
644 5490 897 5561 ignotior,
929 5490 1123 5562 patria,
1154 5498 1337 5560 Κεῖος,
1377 5501 1480 5552 hoc
1507 5490 1590 5553 est
1624 5500 1778 5562 Ceus,
1811 5517 1920 5556 non

343 5562 527 5623 Χεῖος,
553 5572 646 5636 aut
671 5565 830 5636 Χῖος,
859 5565 911 5617 id
945 5576 1026 5619 est
1053 5566 1234 5636 thus,
1263 5578 1322 5620 ut
1348 5568 1488 5622 hanc
1522 5571 1573 5624 in
1602 5571 1916 5636 editionem,

345 5633 810 5709 quemadmodum
855 5641 910 5689 et
972 5637 1033 5709 in‘
1070 5635 1625 5709 Ficini_versionem,
1680 5633 1916 5709 irrepsit.

348 5701 572 5779 fluidam
623 5704 1036 5779 c_onsu_le_,_qui
1069 5721 1193 5779 eum
1239 5705 1552 5779 Protagora:
1593 5701 1919 5779 discipulum

345 5772 517 5825 fuisse
542 5771 724 5826 tradit.
759 5772 894 5828 lluic
913 5771 1238 5845 Xenophon,
1272 5771 1602 5834 .llemorabil.
1638 5771 1771 5851 ιι,
1795 5776 1918 5856 7.57,

2126 5432 2178 5504 5)
2215 5435 2397 5504 Οἶκογι.
2441 5432 2600 5504 Hanc
2618 5449 2809 5504 vocem
2843 5433 2996 5504 Plato
3035 5433 3446 5504 non__agnoscit.

2123 5500 2174 5573 6)
2228 5503 2508 5569 Ἑκάστῳ.
2573 5501 2767 5573 Plato,
2818 5503 3082 5555 ἑκάστων.
3140 5500 3407 5555 Neutrum
3473 5500 3612 5558 satis

2026 5572 2162 5628 mihi
2199 5577 2488 5640 probatur;
2520 5572 2732 5642 mallem
2762 5574 2984 5642 ἑκάστῃ.

2100 5643 2176 5713 (7)
2199 5637 2761 5713 "Egeram-wheat.
2805 5637 2997 5696 Purior
3033 5655 3096 5695 ac
3125 5640 3322 5696 tersior
3361 5637 3607 5713 Platonis

2026 5709 2300 5788 lec'tio_est
2322 5753 2337 5776 ,
2370 5709 2490 5764 ἐπεὶ
2536 5711 2889 5788 γυμνωαέντα
2920 5727 2984 5780 γε
3017 5727 3066 5763 τ.
3103 5727 3156 5764 τ.
3195 5727 3254 5782 μ.
3292 5728 3344 5780 χ.
3392 5709 3460 5763 τὰ
3498 5709 3606 5762 τῶν

2031 5781 2288 5848 ποιητῶν,
2320 5791 2422 5836 etc.
