4122 6426
562 340 695 397 1051
1225 329 1500 388 EUSEBII
1534 325 2016 384 CIESARIENSIS
2054 325 2206 381 OPP.
2256 326 2436 381 PARS
2474 325 2537 381 ll.
2583 357 2648 367 -
2688 324 3198 382 APOLOGETICA.
3701 326 3846 389 1052

556 454 739 520 leant,
788 450 952 514 satis,
1004 447 1229 518 opinor,
1284 447 1557 518 intelligis.
1623 447 1707 500 An
1756 456 1814 499 tu
1857 445 1940 500 sic
1992 459 2058 498 ea
2116 444 2412 507 aliquando
2468 442 3185 514 spectaSti?—Equidem,
3219 440 3399 511 inquit
3451 440 3561 495 ille.
3604 460 3623 493 ι
3657 440 3847 496 Athis

556 545 632 599 ita
657 539 969 598 constitutis
993 539 1169 608 placet
1190 537 1281 593 hic
1327 537 1495 592 etiam
1537 552 1604 592 ex
1642 534 1868 590 Platone
1908 551 2086 607 pauca
2142 537 2392 607 quaedam
2423 546 2682 610 attexere,
2708 534 2910 605 quibus
2939 533 3098 604 longe
3133 532 3436 603 sapientius
3464 547 3590 586 cum
3622 531 3691 587 de
3717 531 3850 598 Deo,

554 650 676 694 tum
732 639 799 693 de
832 636 1017 692 divina
1065 634 1412 691 Providentia
1474 632 1928 703 philosophatur,
1968 630 2323 689 Hebraeorum
2391 632 2558 688 etiam
2617 631 2810 686 hocin
2857 644 3055 702 genere
3107 629 3418 684 doctrinam
3484 637 3728 682 secutus.
3770 628 3851 683 Ac

556 735 793 806 primum
853 730 1142 786 hominum
1198 729 1494 799 impiorum
1538 743 1604 783 ac
1641 729 1980 785 divinitatem
2045 727 2295 784 funditus
2346 726 2829 784 exterminantium
2866 726 3189 790 sententias,
3255 723 3721 794 quemadmodum
3750 738 3854 779 ex-

557 838 748 899 ponat,
787 827 1091 882 videamus.

1087 916 1247 987 621
1288 912 1519 970 CAPUT
1558 914 1620 968 L.

723 1009 793 1061 De
822 1008 1097 1061 atheorum
1126 1009 1387 1062 ooinione.
1428 1007 1514 1061 Ea:
1539 1008 1743 1077 Legum
1771 1006 1990 1063 decimo.

630 1183 648 1214 ι
688 1163 913 1226 Docent,
966 1163 1146 1234 inquit
1185 1163 1363 1227 Plato,
1394 1162 1665 1229 nonnulli,
1698 1176 1786 1218 res
1827 1176 2020 1216 omnes
2048 1177 2145 1216 seu

553 1271 677 1324 qua:
704 1270 851 1309 nunc
882 1254 1020 1309 ﬁunt
1044 1296 1058 1319 ,
1092 1269 1188 1308 seu
1212 1270 1334 1324 quae
1362 1254 1518 1308 iactae
1538 1253 1651 1323 jam
1674 1292 1690 1317 ,
1719 1268 1816 1308 seu
1839 1268 1961 1324 quae
1994 1253 2147 1307 dein-

553 1361 681 1415 crps
730 1345 929 1399 futuraa
960 1354 1121 1410 sunt,
1175 1345 1257 1399 vel
1304 1354 1534 1409 natura,
1580 1346 1663 1399 vel
1691 1353 1842 1408 arte,
1899 1345 1980 1399 vel
2014 1360 2146 1400 casu

552 1437 689 1491 ﬁeri.
715 1466 786 1477 -
810 1436 1078 1493 Praeclare
1106 1437 1158 1491 id
1188 1438 1430 1508 quidem.
1450 1465 1524 1478 —
1550 1435 1842 1492 Probabile
1872 1451 2002 1492 sane
2028 1436 2148 1490 l‘ue-

552 1533 645 1595 rit,
677 1533 922 1588 eruditos
957 1531 1208 1586 homines
1238 1538 1385 1585 recte
1419 1529 1635 1585 locutos
1658 1544 1800 1585 esse.
1833 1527 1944 1585 Nos
1964 1537 2146 1584 tamen

545 1639 742 1679 eorum
779 1624 1024 1695 vestigiis
1055 1623 1394 1685 insistentes,
1426 1622 1559 1691 quid
1591 1621 1821 1691 ii.porro
1849 1621 2145 1687 senserint,

548 1714 647 1783 qui
677 1730 869 1769 eorum
897 1729 965 1767 ex
993 1713 1284 1783 disciplina
1308 1711 1537 1783 profecti
1562 1722 1711 1776 sunt,
1746 1712 2052 1769 videamus.
2078 1743 2147 1752 —

551 1804 848 1861 Videamus
879 1806 1080 1861 hercle.
1110 1834 1182 1845 -—
1215 1804 1481 1860 Videntur
1504 1846 1519 1868 ,
1565 1804 1861 1875 inquiunt,
1906 1806 2146 1860 maxima

549 1911 778 1966 quaeque
819 1912 884 1951 ac
929 1896 1407 1966 praestantissima,
1458 1896 1544 1951 vel
1587 1906 1783 1952 natura
1836 1898 1921 1953 vel
1972 1914 2143 1965 casu;

548 1987 764 2041 minora
793 2001 926 2042 vero
974 1995 1093 2040 arte
1130 1987 1245 2040 ﬁeri
1274 2004 1287 2040 :
1334 2002 1459 2056 quae
1498 1986 1750 2042 videlicet
1780 1988 2050 2058 majorum
2080 2002 2145 2042 ac

549 2076 862 2147 principum
909 2085 1119 2130 natura:
1165 2091 1395 2146 operum
1428 2077 1643 2146 copiam
1692 2085 1874 2141 nacta,
1917 2077 2142 2131 minima

548 2168 811 2236 deinceps
844 2168 936 2221 illa
969 2168 1136 2237 ﬁngat
1164 2177 1332 2236 atque
1370 2167 1654 2232 moliatur,
1684 2183 1804 2239 qua:
1846 2169 2144 2224 artiﬁciosa

548 2262 714 2333 vulgo
745 2261 1118 2316 nominamus.
1147 2291 1219 2301 —
1239 2260 1563 2330 Cujusmodi
1614 2271 1699 2316 est
1739 2262 1885 2332 quod
1928 2262 2049 2316 ais?
2076 2293 2144 2301 --

2793 903 3187 958 ΚΕΦΑΛΑΙΟΝ
3222 902 3271 956 Ν
3281 909 3314 955 ⁸.

2177 987 2225 1045 Α
2248 1000 2391 1067 Περὶ
2414 997 2527 1067 τῆς
2550 996 2670 1051 τῶν
2690 996 2881 1051 ἀθέων
2899 995 3107 1067 δόξης.
3150 994 3296 1049 Ἀπὸ
3317 991 3424 1047 τοῦ
3452 990 3710 1047 δεκάτου
3729 989 3855 1046 τῶν

2928 1066 3147 1136 Νόμων.

2328 1181 2347 1213 ι
2368 1161 2603 1230 Λέγουσί
2640 1159 2743 1214 πού
2779 1158 2856 1230 (8)
2888 1176 3032 1223 τινες
3052 1199 3065 1221 ,
3098 1158 3174 1222 ὡς
3208 1157 3387 1211 πάντα
3434 1156 3556 1209 ἐστὶ
3585 1154 3658 1208 τὰ
3707 1156 3855 1226 πρά-

2248 1271 2435 1326 γματα
2460 1254 2786 1323 γιγνόμενα,
2823 1252 2918 1305 καὶ
2945 1251 3234 1322 γενόμενα,
3265 1250 3359 1303 καὶ
3379 1248 3748 1320 γενησόμενα.
3780 1246 3854 1303 τὰ

2254 1349 2352 1419 μὲν
2387 1347 2570 1415 φύσει,
2603 1346 2673 1398 τὰ
2692 1345 2749 1398 δὲ
2776 1344 2941 1415 τέχνῃ
2960 1384 2973 1406 ,
3010 1343 3081 1397 τὰ
3113 1342 3171 1395 δὲ
3199 1341 3287 1395 διὰ
3310 1339 3503 1410 τύχην.
3538 1367 3613 1378 —-
3635 1338 3852 1394 Οὐκοῦν

2247 1438 2449 1503 καλῶς.
2479 1469 2549 1479 -
2576 1436 2737 1501 Εἰκὸς
2763 1436 2828 1505 γέ
2860 1435 2943 1489 τοί
2975 1452 3078 1488 που
3112 1434 3312 1502 σοφοὺς
3334 1431 3536 1503 ἄνδρας
3558 1429 3740 1503 ὀρθῶς
3759 1428 3853 1484 λέ-

2247 1549 2385 1601 γειν.
2456 1530 2739 1601 Ἑπόμενοί
2771 1546 2836 1598 γε
2868 1527 2943 1599 (9)
2977 1526 3083 1598 μὴν
3107 1527 3324 1589 αὐτοῖς,
3359 1520 3696 1593 σκεψώμεθα
3720 1523 3852 1586 τοὺς

2247 1620 2478 1689 ἐκεῖθεν,
2507 1621 2561 1673 τί
2582 1636 2712 1673 ποτε
2734 1618 2828 1671 καὶ
2848 1615 3178 1686 τυγχάνουσι
3195 1612 3588 1683 διανοούμενοι.
3610 1641 3683 1652 --
3703 1611 3851 1664 Πάν-

2245 1730 2374 1777 τως.
2402 1744 2473 1754 -
2492 1713 2697 1773 Ἔοικε,
2730 1709 2882 1779 φασὶ,
2904 1708 2975 1761 τὰ
2997 1707 3097 1779 μὲν
3127 1706 3360 1777 μέγιστα
3384 1703 3566 1756 αὐτῶν
3595 1704 3695 1756 καὶ
3716 1702 3851 1757 κάλα

2245 1806 2403 1861 λιστα
2434 1800 2844 1876 ἀπεργάζεσθαι
2881 1799 3042 1869 φύσιν
3076 1797 3169 1851 καὶ
3191 1795 3364 1866 τύχην
3383 1834 3399 1858 ,
3433 1794 3502 1848 τὰ
3524 1794 3585 1848 δὲ
3616 1793 3852 1865 σμικρό-

2244 1911 2381 1964 τερα
2412 1892 2633 1963 τέχνην·
2690 1890 2759 1960 ἢν
2790 1888 2855 1960 δὴ
2891 1887 3045 1961 παρὰ
3082 1887 3297 1957 φύσεως
3328 1884 3721 1957 λαμϐάνουσαν
3747 1884 3851 1955 τὴν

2244 1989 2356 2042 τῶν
2378 1987 2629 2059 μεγάλων
2652 1985 2747 2038 καὶ
2770 1981 3006 2055 πρώτων
3029 1981 3244 2050 γένεσιν
3266 1979 3444 2051 ἔργων
3468 1977 3729 2032 πλάττειν
3752 1976 3852 2031 καὶ

2245 2077 2618 2134 τεκταίνεσθαι
2643 2077 2820 2130 πάντα
2840 2074 2911 2128 τὰ
2938 2074 3301 2146 σμικρότατα,
3324 2072 3361 2127 ἃ
3380 2072 3445 2144 δὴ
3467 2072 3697 2145 τεχνικὰ
3718 2073 3854 2127 πάν-

2244 2190 2336 2236 τες
2367 2169 2869 2242 προσαγορεύομεν.
2893 2200 2964 2209 ——-
2990 2166 3115 2230 Πῶς
3140 2165 3354 2234 λέγεις;
3382 2196 3453 2206 -
3485 2157 3618 2218 ’Ὧδέ
3643 2182 3721 2236 πη
3750 2181 3851 2219 σα-

2248 2265 2511 2337 φέστερον
2540 2263 2669 2335 ἐρῶ.
2693 2261 2834 2331 Πῦρ,
2854 2261 2951 2314 καὶ
2978 2258 3144 2330 ὕδωρ,
3176 2259 3270 2313 καὶ
3293 2259 3421 2330 γῆν,
3444 2259 3542 2312 καὶ
3563 2257 3728 2330 ἀέρα,
3753 2257 3852 2325 φύ-

550 2353 690 2407 Rem
741 2356 814 2406 ita
862 2352 1067 2408 clarius
1107 2352 1314 2421 accipe.
1356 2350 1563 2422 Ignem,
1599 2368 1819 2422 aquam.
1857 2362 2057 2408 terram
2092 2363 2143 2408 ct

2252 2374 2333 2409 σει
2361 2357 2542 2410 πάντα
2575 2351 2712 2408 εἶναι
2744 2354 2841 2407 καὶ
2872 2353 3012 2426 τύχῃ
3045 2352 3213 2421 φασὶ,
3254 2350 3423 2424 τέχνῃ
3452 2350 3512 2403 δὲ
3542 2350 3700 2404 οὐδὲν
3725 2350 3852 2403 τού-

545 2460 755 2508 aerem,
804 2445 885 2500 sic
914 2453 1109 2499 natura
1164 2443 1328 2498 simul
1373 2452 1428 2498 et
1469 2458 1602 2499 casu
1639 2445 1906 2499 exsistere
1936 2444 2145 2507 volunt,

550 2535 688 2589 nihil
724 2544 783 2589 ut
812 2550 1005 2591 eorum
1036 2534 1106 2588 ab
1134 2544 1250 2588 arte
1281 2533 1533 2603 pendeat.
1587 2531 1855 2589 Similiter
1880 2550 2003 2605 qua:
2024 2536 2146 2591 loco

547 2636 675 2699 post
695 2643 761 2682 ea
796 2628 1040 2682 secundo
1059 2636 1417 2682 recensentur
1437 2641 1694 2697 corpora,
1714 2626 1822 2683 hoc
1850 2636 1934 2682 est
1962 2642 2145 2684 rerum

546 2721 922 2786 terrestrium,
951 2720 1088 2775 solis
1108 2761 1123 2786 ,
1162 2721 1305 2776 lunae
1326 2761 1340 2785 ,
1379 2720 1734 2790 siderumque
1766 2722 2012 2776 omnium
2034 2763 2049 2787 ,
2076 2738 2144 2779 ex

544 2825 785 2884 quatuor
811 2814 939 2878 illis,
971 2814 1157 2867 anima
1205 2813 1332 2867 licet
1374 2812 1601 2867 omnino
1648 2814 1987 2880 carentibus,
2019 2830 2143 2871 esse

541 2907 778 2962 conﬂata
813 2924 826 2960 :
858 2921 981 2975 quae
1001 2906 1199 2961 deinde
1230 2921 1327 2975 pro
1372 2922 1487 2960 sua:
1531 2920 1762 2976 qumque
1792 2907 1877 2961 vis
1907 2905 2141 2963 faculta~

544 3001 725 3070 tisque
754 2997 978 3052 fortuna
1008 2998 1116 3052 huc
1143 3008 1239 3052 aut
1268 2998 1397 3052 illuc
1414 2996 1682 3062 ferantur,
1701 3007 1866 3068 atque
1891 2999 1982 3053 ubi
2006 3014 2141 3055 con-

543 3091 838 3156 currerint,
873 3088 1204 3144 familiarius
1237 3090 1379 3144 inter
1407 3106 1529 3146 sese
1558 3091 1924 3159 conveniant,
1961 3092 2137 3148 calida

543 3198 669 3236 cum
698 3181 934 3252 frigidis,
951 3197 1078 3237 cum
1109 3182 1353 3237 humidis
1380 3183 1553 3249 arida,
1583 3184 1774 3239 mollia
1800 3199 1924 3240 cum
1957 3186 2131 3249 duris,

542 3276 729 3344 itaque
760 3275 828 3328 de
850 3274 1081 3339 caneris,
1118 3288 1241 3345 qua:
1273 3289 1459 3330 rerum
1489 3276 1890 3331 contrariarum
1925 3285 2133 3347 tempe-

2248 2465 2358 2502 των
2376 2464 2390 2479 ⁸
2416 2448 2512 2501 καὶ
2537 2446 2605 2499 τὰ
2630 2446 2767 2518 μετὰ
2789 2444 2960 2499 ταῦτα
2991 2439 3057 2498 αὖ
3084 2443 3335 2515 σώματα,
3370 2443 3474 2514 γῆς
3493 2459 3554 2495 τε
3574 2443 3671 2497 καὶ
3695 2441 3852 2514 ἡλίου

2250 2540 2342 2592 καὶ
2372 2538 2602 2609 σελήνης
2622 2578 2636 2600 ,
2671 2536 2886 2608 ἄστρων
2913 2553 2971 2589 τε
3004 2534 3153 2607 πέρι,
3182 2534 3272 2588 διὰ
3302 2534 3509 2588 τούτων
3537 2534 3849 2603 γεγονέναι,

2249 2627 2527 2690 παντελῶς
2567 2626 2735 2679 ὄντων
2778 2625 3035 2695 ἀψύχωνο
3071 2623 3210 2695 τύχῃ
3242 2623 3303 2677 δὲ
3332 2623 3614 2695 φερόμενα
3644 2626 3712 2694 τῇ
3747 2623 3852 2694 τῆς

2246 2720 2527 2789 δυνάμεως
2561 2716 2770 2770 ἕκαστα
2797 2714 3078 2777 ἑκάστων,
3176 2712 3606 2782 συμπέπτωκεν,
3637 2711 3852 2783 ἁρμότ-

2245 2830 2406 2866 τοντα
2426 2811 2639 2874 οἰκείως
2662 2827 2776 2872 πως
2800 2807 2977 2879 θερμὰ
3002 2806 3250 2877 ψυχροῖς,
3277 2804 3311 2876 ἢ
3341 2803 3484 2877 ξηρὰ
3508 2803 3650 2876 πρὸς
3673 2804 3847 2876 ὑγρὰ,

2245 2908 2339 2961 καὶ
2374 2904 2594 2979 μαλακὰ
2624 2891 2760 2976 πρὸς
2791 2900 3032 2972 σκληρὲ,
3068 2901 3163 2954 καὶ
3196 2899 3375 2952 πάντα
3413 2898 3592 2951 ὁπόσα
3632 2900 3703 2970 τῇ
3732 2897 3851 2951 τῶν

2243 3000 2502 3053 ἐναντίων
2527 2999 2721 3070 κράσει
2744 2995 2887 3048 κατὰ
2906 2994 3080 3064 τύχην
3107 2990 3166 3056 ἐξ
3191 2990 3441 3063 ἀνάγκης
3470 2988 3841 3062 συνεκράσθη.

2242 3089 2427 3161 Ταύτῃ
2473 3089 2568 3142 καὶ
2600 3085 2744 3140 κατὰ
2775 3084 2947 3138 ταύτὰ
2979 3081 3122 3135 οὕτω
3154 3081 3546 3152 γεγεννηκέναι
3599 3080 3714 3151 (l0)
3754 3081 3847 3133 τόν

2238 3200 2297 3237 τε
2324 3182 2552 3253 οὐρανὸν
2572 3180 2692 3233 ὅλον
2713 3178 2808 3231 καὶ
2836 3177 3015 3230 πάντα
3035 3175 3210 3228 ὁπόσα
3235 3175 3301 3229 ἂν
3327 3177 3449 3228 κατ’
3469 3172 3726 3246 οὐρανὸν,
3751 3174 3848 3228 καὶ

2239 3273 2354 3338 ζῶα
2381 3269 2448 3326 αὖ
2469 3313 2484 3337 ,
2510 3272 2604 3325 καὶ
2638 3269 2783 3341 φυτὰ
2814 3267 3125 3337 ξύμπαντα,
3148 3266 3308 3338 ὡρῶν
3330 3265 3523 3319 πασῶν
3544 3267 3610 3318 ὲκ
3633 3264 3847 3320 τούτων

542 3365 776 3429 ratione,
823 3379 955 3420 casu
1006 3364 1251 3434 quidem,
1282 3364 1375 3421 sed
1414 3374 1592 3422 tamen
1642 3369 1955 3428 necessario
1982 3382 2134 3423 com-

2242 3367 2579 3438 γενομένων,
2613 3365 2675 3417 οὑ
2707 3362 2797 3416 διὰ
2829 3360 2955 3416 νοῦν
2975 3400 2989 3424 ,
3028 3361 3192 3431 φασιν
3216 3400 3231 3424 ,
3274 3360 3396 3413 οὐδὲ
3421 3360 3512 3413 διὰ
3535 3376 3661 3414 τινα
3693 3360 3845 3426 θεὸν,

541 3455 868 3510 miscentur.
901 3457 1080 3525 Atque
1109 3455 1214 3511 hoc
1244 3458 1461 3525 penitus
1492 3459 1675 3521 modo,
1705 3471 1758 3514 et
1783 3458 1982 3514 caelum
2009 3459 2134 3514 uni-

2242 3460 2357 3513 οὐδὲ
2406 3458 2498 3513 διὰ
2532 3458 2730 3528 τέχνην
2756 3494 2770 3519 ,
2814 3452 2927 3508 ἀλλ’
2967 3451 2996 3505 ὃ
3033 3452 3300 3524 λέγομεν,
3352 3452 3514 3522 φύσει
3547 3453 3647 3507 καὶ
3674 3453 3842 3528 τύχῃ.

540 3563 783 3611 versum,
811 3555 865 3601 et
886 3562 1009 3616 quae
1033 3547 1176 3602 caelo
1204 3548 1554 3603 continentur
1579 3550 1785 3613 omnia,
1821 3550 2131 3605 animantes

2242 3552 2446 3623 Τέχνην
2460 3550 2515 3605 δὲ
2527 3549 2654 3603 ὖστε
2660 3564 2753 3621 ρον
2771 3550 2835 3600 ὲκ
2848 3546 3053 3600 τούτων
3071 3547 3199 3600 ύστέ
3207 3547 3650 3620 ρανγενομένην,
3668 3548 3845 3621 αὐτὴν

540 3637 708 3692 simul
748 3637 1075 3707 plantasque
1123 3651 1337 3693 omnes.
1384 3652 1509 3693 cum
1540 3640 1958 3709 tempestatibus
1998 3641 2128 3697 item

2242 3641 2436 3714 θνητὴν
2470 3643 2535 3694 ὲκ
2557 3639 2796 3711 θνητῶν,
2827 3638 3029 3710 ὕστερα
3059 3637 3454 3709 γεγεννηκέναι
3482 3639 3709 3703 παιδιάς
3728 3640 3775 3705 (1
3798 3642 3843 3707 l)

537 3727 821 3792 omnibus,
853 3742 975 3797 quae
1000 3742 1066 3782 ex
1098 3727 1475 3798 superioribus
1500 3728 1609 3785 illis
1638 3730 1887 3785 oriantur
1907 3770 1922 3795 ,
1958 3732 2131 3787 existi-

2242 3691 2426 3797 ιιπᾷἔξ,
2752 3691 2832 3782 7όύ
2869 3691 3084 3800 σφόδρα.
3113 3691 3480 3800 μετεχούσας,

538 3817 693 3883 tisse,
724 3833 836 3873 non
856 3817 973 3888 jam
1002 3818 1056 3873 vi
1087 3819 1286 3874 mentis
1311 3827 1408 3874 aut
1433 3821 1702 3885 numinis,
1736 3829 1833 3876 aut
1858 3822 1995 3877 artis
2028 3822 2130 3876 ali-

2242 3824 2369 3878 Ξττα
2420 3821 2657 3893 ξυγγενῆ
2692 3822 2901 3879 ἑαυτῶν
2936 3819 3049 3893 (12)
3070 3861 3085 3885 ,
3134 3817 3224 3875 οἶα
3258 3823 3507 3894 γραφικὴ
3542 3826 3711 3896 γεννᾷ
3746 3827 3842 3879 καὶ

534 3909 721 3981 cujus,
750 3921 811 3964 ut
835 3910 1013 3978 aiunt,
1045 3925 1260 3977 verum,
1291 3911 1371 3966 uti
1391 3912 1505 3983 jam
1531 3912 1870 3980 dicebamus,
1919 3923 2130 3970 naturae

2242 3913 2469 3985 μουσικὴ
2503 3914 2598 3967 καὶ
2622 3914 2743 3966 ὅσαι
2773 3910 2999 3973 ταύταις
3032 3910 3141 3964 εἰσὶ
3188 3913 3462 3985 συνέριθοι
3496 3914 3710 3986 τέχναι.
3771 3917 3840 3970 Δί

535 4004 715 4059 solum
762 4011 818 4059 et
861 4019 1046 4060 casus.
1087 4003 1273 4062 Arwm
1320 4020 1487 4075 porro
1515 4005 1582 4060 ab
1622 4005 1731 4062 illis
1772 4005 1907 4077 ipsis
1933 4006 2129 4063 deinde

2242 4006 2276 4060 ς’
2312 4006 2367 4059 εἴ
2385 4024 2438 4059 τι
2466 4006 2562 4060 καὶ
2591 4004 2879 4059 σπουδαῖον
2905 4003 3016 4077 ἄρα
3040 4002 3273 4074 γεννῶσι
3303 4004 3412 4059 τῶν
3430 4006 3667 4078 τεχνῶν,
3694 4003 3839 4062 εἶναι

536 4105 906 4166 procreatam,
964 4098 1253 4152 mortalem
1314 4113 1383 4153 ex
1437 4099 1783 4167 mortalibus,
1836 4102 2127 4156 nonnullos

2242 4096 2453 4162 ταύτας,
2486 4097 2683 4150 ὁπόσαι
2714 4098 2783 4168 τῇ
2815 4094 2975 4165 φύσει
3006 4096 3306 4150 ἐκοίνωσαν
3333 4095 3433 4169 τὴν
3459 4097 3645 4153 αὐτῶν
3673 4099 3840 4154 δύνα-

533 4197 726 4256 postea
751 4189 907 4245 lusus
939 4191 1238 4260 peperisse,
1262 4191 1357 4261 qui
1382 4206 1575 4261 parum
1600 4191 1895 4248 admodum
1920 4194 2123 4249 verita-

2242 4207 2345 4260 μιν,
2367 4184 2479 4244 οἷον
2507 4186 2575 4244 αὖ
2630 4190 2848 4261 ἰατρικὴ
2868 4230 2883 4253 ,
2904 4188 2999 4241 καὶ
3017 4188 3318 4261 γεωργικὴ,
3342 4191 3437 4244 καὶ
3457 4198 3834 4265 γυμναστική.

539 4283 610 4337 tis
641 4282 898 4346 habeant,
932 4283 1025 4338 sed
1054 4285 1237 4353 potius
1271 4283 1566 4340 simulacra
1596 4286 1868 4355 quaedam,
1903 4302 2029 4342 cum
2057 4286 2123 4342 iis

2242 4282 2338 4337 Καὶ
2363 4282 2427 4354 δὴ
2457 4283 2551 4337 καὶ
2581 4281 2682 4354 τὴν
2712 4281 2993 4351 πολιτικὴν
3025 4280 3257 4353 σμικρόν
3286 4300 3339 4336 τι
3368 4284 3537 4357 μέρος
3563 4282 3706 4342 εἷναί
3730 4305 3839 4358 φα-

535 4387 716 4433 tamen
746 4376 1008 4433 aﬁinitate
1032 4378 1326 4449 conjuncta
1355 4378 1672 4447 videantur;
1716 4380 2027 4450 cujusmodi
2058 4395 2121 4434 ea

2242 4393 2280 4429 τι
2300 4416 2314 4439 ,
2350 4375 2642 4430 κοινωνοῦν
2673 4374 2866 4445 φύσει,
2900 4374 3065 4445 τέχνῃ
3099 4375 3157 4428 δὲ
3177 4377 3239 4429 τὸ
3262 4376 3421 4431 πολύ.
3458 4378 3620 4435 Οὕτω
3648 4380 3708 4436 δὲ
3734 4385 3836 4439 καὶ

531 4477 666 4523 sunt
692 4484 815 4539 quae
852 4484 885 4524 a
926 4470 1163 4545 pictura,
1192 4471 1403 4526 musica
1424 4511 1439 4536 ,
1476 4481 1531 4526 et
1559 4472 1683 4526 aliis
1718 4472 1961 4542 ejusdem
1990 4488 2122 4527 con-

2242 4467 2323 4539 τὴν
2369 4466 2691 4539 νομοθεσίαν
2726 4468 2907 4521 πᾶσαν
2940 4466 3002 4518 ού
3038 4466 3199 4535 φύσει
3219 4507 3235 4532 ,
3267 4469 3433 4543 τέχνῃ
3474 4468 3533 4526 δὲ
3554 4513 3569 4538 ,
3622 4468 3695 4547 ἦς
3728 4475 3836 4531 οὐκ

533 4558 761 4614 ditionis
788 4559 1003 4615 artibus
1035 4559 1479 4630 proﬁciscuntur.
1543 4558 1701 4626 Quod
1745 4560 1790 4615 si
1847 4562 2121 4617 nonnullae

2242 4558 2446 4631 ὶληθεῖς
2470 4554 2609 4613 εἶναι
2634 4560 2731 4622 τὰς
2758 4558 2955 4623 θέσεις.
2979 4590 3047 4599 —
3064 4558 3191 4624 Πῶς
3219 4561 3432 4632 λέγεις;
3456 4596 3529 4606 -
3553 4564 3762 4635 Θεοὺς,
3782 4562 3832 4624 ὦ

527 4647 808 4705 interdum
854 4660 1000 4706 artes
1040 4651 1243 4706 serium
1267 4650 1548 4722 quidpiam
1582 4660 1969 4723 maturumque
1994 4669 2121 4723 pro-

2242 4652 2487 4724 ιακάριε,
2523 4652 2739 4725 πρῶτον
2773 4648 2911 4707 εἶναι
2945 4671 3109 4725 φασιν
3133 4649 3279 4711 οὗτοι
3310 4656 3510 4731 τέχνῃ,
3545 4660 3608 4713 οὐ
3638 4663 3826 4732 φύσει,

530 4739 754 4810 ducant,
770 4758 865 4798 eas
881 4742 1099 4797 demum
1126 4758 1272 4811 esse,
1300 4760 1422 4814 qua:
1449 4745 1556 4798 vim
1589 4759 1712 4799 cum
1742 4754 1936 4800 natura
1961 4763 2117 4801 suam

2242 4741 2361 4796 ιλλά
2386 4760 2497 4797 τισι
2528 4744 2734 4814 νόμοις,
2766 4744 2861 4797 καὶ
2893 4746 3117 4811 τούτους
3141 4747 3333 4813 ἄλλους
3360 4749 3495 4824 ἄλλῃ
3521 4752 3633 4826 (15)
3655 4795 3669 4818 ,
3714 4758 3823 4830 ὅπη

526 4835 890 4906 conjungant,
914 4836 1105 4906 quales
1135 4836 1429 4900 medicina,
1484 4837 1825 4908 agricultura
1876 4847 1931 4892 et
1962 4855 2117 4910 gym-

2242 4836 2441 4889 ὶκαστοι
2475 4836 2689 4899 ἑαυτοῖς
2715 4837 3173 4910 συνωμολόγησαν
3202 4841 3662 4915 νομοθετούμενοι
3690 4849 3823 4920 (id).

527 4926 747 4983 nastica
798 4942 919 4982 esse
960 4928 1192 4999 possint.
1236 4927 1378 4994 Quin
1429 4928 1597 4983 etiam
1632 4928 1709 4982 illi
1756 4929 1970 4984 civilem
2019 4932 2117 4985 do-

2242 4928 2332 4981 {al
2361 4928 2427 4999 δὴ
2456 4928 2552 4981 καὶ
2578 4928 2647 4981 τὰ
2679 4928 2821 4982 καλὰ
2852 4930 3012 5000 φύσει
3050 4933 3148 5002 μὲν
3178 4932 3314 4988 ἄλλα
3344 4929 3489 4990 εἶναι
3511 4977 3528 5001 ,
3568 4940 3722 5011 νόμῳ
3766 4942 3826 4995 δὲ

522 5018 787 5086 cuinam,
838 5019 1059 5074 nonnisi
1121 5019 1444 5090 particulam
1493 5019 1787 5089 quamdam
1844 5034 1967 5074 esse
2018 5020 2118 5075 do-

2242 5020 2388 5094 ἱτερα
2410 5040 2423 5051 ν
2457 5021 2529 5075 τὰ
2551 5021 2607 5075 δὲ
2639 5022 2703 5093 δὴ
2731 5022 2915 5078 δίκαια
2942 5025 3049 5079 οὐδ’
3083 5021 3224 5080 εἶναι
3248 5028 3310 5081 τὸ
3335 5031 3600 5101 παράπαν
3636 5034 3822 5104 φύσει,

713 5175 975 5257 ᾼέτορσί
1000 5189 1144 5257 που.
1184 5174 1359 5257 Plato,
1393 5176 1528 5257 Leg._
1554 5194 1612 5243 ι,
1639 5192 1759 5249 pag.
1795 5176 1901 5234 665
1914 5219 1943 5257 ,_
1966 5175 2033 5233 Η.

2246 5182 2308 5257 ui
2332 5181 2560 5257 παιδιάς,
2592 5196 2716 5235 cum
2743 5179 3027 5257 _E_usehio;
3058 5201 3188 5241 mox
3224 5186 3370 5240 enim
3404 5189 3662 5257 sequitur
3697 5195 3823 5247 κατ’

624 5246 1046 5331 θ).Ἑς.τςόμενοι
1084 5264 1175 5331 γεζ
1233 5246 1489 5304 Ficinus'
1516 5246 1792 5331 haecin'on
1844 5249 1977 5331 satis
2004 5265 2107 5331 “ex

2242 5251 2620 5331 ινθυποιρορᾴν,
2638 5261 2690 5305 et
2707 5253 2763 5306 αἳ
2777 5253 2895 5331 ’δ’-εἰ
2911 5272 2963 5308 τι
2979 5246 3075 5309 καὶ
3100 5257 3388 5331 σπουδαῖον
3404 5246 3512 5331 ἄρα
3531 5246 3816 5331 γεννῶσιν.

524 5315 837 5387 pliilOsophi
860 5315 1051 5406 .ii‘iente
1076 5315 1103 5400 ,Ξ
1131 5317 1309 5406 Quare
1340 5336 1625 5400 sequamur
1663 5320 1835 5387 ipsos,
1865 5320 2109 5388 inquira-
2216 5321 2297 5376 Ex
2327 5315 2646 5406 aliis'i'gitur
2670 5323 2890 5405 παιδιάς
2921 5342 3074 5390 τινας
3102 5328 3371 5384 exsistere
3400 5315 3518 5387 vult
3592 5347 3661 5388 ex
3692 5315 3818 5389 aliis

524 5401 746 5455 musque
781 5390 1036 5457 quidnam
1069 5390 1445 5447 intellexerint.

570 5456 711 5535 _(10)
755 5458 1410 5535 Oﬁtszrswnxérqt.
1462 5459 1602 5535 Quid
1644 5460 1690 5515 si
1735 5458 1905 5535 ὅντως
1946 5475 2110 5535 xero-

2242 5390 2579 5447 mouliaidv‘n
2612 5394 2764 5449 nasci
2794 5408 3074 5466 utcunque
3103 5400 3374 5454 concedit.
3548 5390 3563 5399 ’

2289 5465 2421 5535 (712),
2453 5461 2731 5535 Ἑαυτῶν.
2771 5464 3016 5532 Quorum
3042 5509 3057 5531 ,
3103 5469 3374 5525 obsecro?
3418 5472 3501 5527 An
3535 5472 3817 5531 εἰδώλωνῖ

526 5525 709 5605 νέναι,
738 5536 800 5605 ιιι
827 5525 992 5598 paulo
1016 5525 1161 5605 ante,
1186 5525 1236 5605 ci.
1263 5532 1316 5593 ὅ,
1338 5531 1425 5586 διὰ
1444 5525 1647 5605 τούτων
1668 5525 1970 5605 γεγονέναιξ
1995 5525 2109 5588 Nec

2242 5525 2467 5589 lidicula
2514 5525 2817 5605 essetista'
2832 5525 3139 5602 sententia,
3172 5540 3283 5594 imo
3321 5525 3498 5596 nulla.
3548 5525 3812 5603 8έὲῆῆὸὲ

526 5596 859 5683 ρηὶιρηούτιιξ
895 5601 1266 5683 cuminum)
1300 5611 1353 5656 et
1371 5604 1525 5683 acerra
1551 5596 1763 5669 ταύτά,
1797 5604 1917 5662 sine
1954 5602 2105 5659 into-

2242 5607 2343 5660 lum
2367 5606 2533 5683 igitur
2556 5603 2755 5683 αὐτῶν,
2783 5616 2848 5683 ut
2870 5596 3138 5664 referatur
3156 5612 3224 5665 ad
3249 5609 3483 5681 θνητῶν,
3513 5596 3617 5671 aui
3630 5596 3809 5683 55%,;

525 5665 734 5748 lerabili
766 5649 1650 5748 derigis}tqi"édiijil_ﬁi;i"ibie§;'
1667 5649 1786 5730 ἰῖεὶ
1797 5649 2103 5746 Q3561}-

2242 5686 2275 5731 ¹ί
2297 5649 2422 5748 ςυιῖἶ
2447 5674 2704 5745 ἀληθείας
2729 5649 3125 5748 coniungatur...
3156 5649 3224 5665 ω
3252 5649 3483 5681 "Tw"
3513 5649 3613 5671 “‘"
3636 5649 3777 5689 ’κίνει

533 5734 816 5815 liventem)
847 5734 1136 5815 referatur,
1174 5734 1470 5815 quidquam
1499 5734 1679 5815 habet.
1846 5734 1860 5744 ’
1913 5734 1926 5743 ’
2054 5734 2066 5746 ’

2286 5745 2399 5815 (15)
2443 5734 2876 5815 ἈλλῃδΡΙειιᾶ
2918 5734 3120 5815 ἀλλοις.

597 5804 1011 5875 (Ηγηαιδιάς.
1052 5804 1206 5868 Pluto
1227 5851 1241 5877 ,
1270 5804 1535 5881 παιδείας.
1565 5813 1807 5885 Ficinus,
1842 5832 1944 5873 res.
1985 5815 2101 5874 Ma-

2284 5804 2395 5891 (14)
2434 5804 2955 5889 Νομοϋετοιτμετίοι.
2984 5804 3226 5891 Ficinus,
3260 5838 3358 5895 pro
3384 5826 3803 5898 νομοθετοῦντες
