4122 6416
351 393 490 451 1035

1488 382 1811 437 PR/EPAR.
1851 381 2101 439 EVANG.
2141 383 2265 438 LIB.
2308 382 2418 439 XII.

3453 381 3588 435 1036

344 510 461 567 ἀλλ’
485 505 959 581 ἀμφισϐητοῦντας
985 505 1243 560 διατελεῖν
1267 502 1515 572 ἀλλήλοις
1534 541 1546 564 ,
1572 501 1665 553 καὶ
1693 516 1912 569 μετατι-

2018 509 2159 563 cent,
2186 514 2306 569 qua:
2337 514 2459 553 cum
2505 498 2557 552 in
2591 505 2818 561 naturae,
2850 505 2961 550 tum
3002 495 3055 551 in
3098 495 3230 550 artis
3263 494 3432 549 multo
3472 512 3590 551 nia-

344 601 603 672 θεμένους
628 600 715 654 ἀεὶ
735 599 926 653 ταῦτα·
946 600 983 653 ἃ
1008 598 1053 651 δ’
1070 597 1136 651 ἂν
1158 594 1495 666 μετάθωνται
1519 593 1612 644 καὶ
1633 591 1778 653 ὅταν,
1802 591 1919 643 τότε

343 691 510 762 κύρια
539 690 745 743 ἕκαστα
765 685 923 752 εἶναι,
957 687 1251 757 γιγνόμενα
1278 683 1439 754 τέχνῃ
1465 682 1558 735 καὶ
1579 682 1690 743 τοῖς
1716 679 1919 748 νόμοις,

341 784 459 837 ἀλλ’
484 783 546 835 ού
567 782 630 853 δή
663 798 767 835 τινι
797 781 975 853 φύσει.
1028 779 1190 832 Ταῦτ’
1221 777 1367 830 ἐστὶν
1389 816 1402 839 ,
1433 769 1479 827 ὦ
1504 773 1646 841 φίλοι
1665 812 1679 835 ,
1707 771 1921 824 ἅπαντα

341 872 554 944 ἀνδρῶν
597 872 777 941 σοφῶν
817 871 967 943 παρά
1013 871 1151 933 νέοις
1182 865 1518 940 ἀνθρώποις,
1557 862 1776 917 ἰδιωτῶν
1808 862 1919 932 (l5)

342 964 403 1019 δὲ
424 967 518 1020 xui.
542 964 798 1036 ποιητῶν,
833 966 1146 1034 φασκόντων
1172 958 1309 1015 εἶναι
1338 960 1399 1011 τὸ
1429 956 1782 1018 δικαιότατον,
1817 956 1846 1007 ὅ
1870 954 1921 1006 τί

342 1075 432 1121 τις
447 1059 513 1111 ἂν
532 1059 660 1129 νικᾷ
680 1056 1013 1127 βιαζόμενος.
1042 1055 1202 1109 Ὅθεν
1218 1050 1464 1107 ἀσέϐειαί
1483 1067 1542 1102 τε
1561 1048 1920 1119 ἐμπίπτουσιν

344 1146 653 1220 ἀνθρώποις
696 1148 868 1213 νέοις,
903 1147 981 1210 ὡς
1020 1148 1119 1201 οὐκ
1148 1146 1318 1199 ὅντων
1351 1144 1488 1197 θεῶν
1524 1143 1669 1205 οἴους
1700 1142 1729 1193 ὁ
1760 1140 1921 1209 νόμος

342 1242 675 1314 προστάττει
712 1239 1033 1294 διανοεῖσθαι
1078 1238 1217 1291 δεῖν·
1275 1236 1491 1298 στάσεις
1521 1235 1578 1289 δὲ
1610 1234 1697 1289 διὰ
1727 1233 1918 1298 ταῦτα,

339 1332 609 1386 ἑλκόντων
640 1330 777 1402 πρὸς
807 1330 899 1383 τὸν
930 1328 1067 1382 κατὰ
1092 1327 1252 1398 φύσιν
1283 1327 1394 1397 βίον
1421 1326 1598 1397 ὀρθὸν,
1628 1326 1686 1388 ὃς
1714 1327 1829 1377 ἐστι
1853 1326 1917 1395 τῇ

337 1422 574 1494 ἀληθείᾳ
598 1420 901 1493 κρατοῦντα
920 1419 1017 1491 ζῇν
1043 1420 1151 1473 τῶν
1177 1418 1369 1484 ἄλλων,
1392 1420 1485 1471 καὶ
1510 1418 1583 1489 μὴ
1604 1416 1919 1471 δουλεύοντα

342 1516 579 1586 ἑτέροισι
607 1513 750 1568 κατά
765 1514 1020 1584 νόμον.-
1036 1508 1158 1565 Οἷον
1172 1511 1508 1584 διελήλυθας,
1525 1506 1570 1565 ὦ
1586 1511 1724 1579 ξένε,
1741 1511 1915 1579 λόγον,

341 1609 441 1661 καὶ
483 1608 615 1677 ὅσην
660 1605 839 1677 λώὗην
881 1603 1182 1677 ἀνθρώπων
1222 1604 1358 1657 νέων
1382 1603 1617 1675 δημοσίᾳ
1646 1602 1833 1656 πόλεσί
1861 1620 1920 1655 τε

339 1700 440 1754 καὶ
488 1699 636 1761 ἰδίοις
677 1698 884 1761 οἴκοιςῑ
917 1716 935 1748 ι
986 1698 1093 1749 Καὶ
1126 1694 1243 1767 μεθ’
1274 1695 1436 1766 ἕτερά
1468 1711 1665 1766 φησιν·
1707 1713 1725 1746 ι
1761 1693 1920 1747 Ἀλλά

337 1808 407 1861 γε
433 1792 500 1862 δὴ
530 1790 711 1853 πάλιν,
736 1789 859 1858 λέγε
881 1806 991 1859 μοι,
1022 1787 1263 1851 Κλεινία,
1288 1788 1381 1840 καί
1406 1786 1469 1839 σύ
1492 1804 1504 1815 ’
1537 1786 1787 1840 κοινωνὸν
1808 1786 1915 1858 γὰρ

333 1882 423 1937 δεῖ
446 1899 505 1935 σε
527 1876 666 1939 εἶναι
686 1881 794 1934 τῶν
821 1880 993 1949 λόγων
1011 1897 1025 1911 ·
1052 1878 1349 1933 κινδυνεύει
1368 1878 1477 1950 γὰρ
1499 1880 1528 1930 ὁ
1549 1878 1722 1946 λέγων
1746 1878 1916 1930 ταῦτα

337 1975 475 2048 πῦρ,
493 1975 587 2029 καὶ¹
603 1974 767 2046 ὕδωρ,
794 1975 887 2028 καὶ
913 1973 1038 2044 γῆν,
1057 1972 1149 2027 καὶ
1173 1972 1331 2043 ἀέρα,
1357 1970 1548 2043 πρῶτα
1568 1969 1677 2024 τῶν
1700 1970 1916 2024 πάντων

334 2067 592 2138 ἡγεῖσθαι
619 2063 778 2131 εἶναι,
811 2067 905 2120 καὶ
935 2066 1037 2138 τὴν
1066 2065 1227 2136 φύσιν
1253 2063 1536 2136 ὀνομάζειν
1559 2062 1731 2118 ταῦτα
1754 2063 1914 2126 αὐτὰ,

334 2158 521 2230 ψυχὴν
545 2158 593 2211 δ’
623 2160 687 2212 ὲκ
717 2155 922 2211 τούτων
950 2156 1195 2227 ὕστερον.
1246 2156 1429 2209 Ἔοικε
1457 2154 1515 2207 δὲ
1544 2154 1607 2207 οὐ
1639 2152 1914 2207 κινδυνεύ-

333 2268 456 2315 ειν,
499 2250 616 2307 άλλ’
643 2251 812 2316 ὅντως
858 2251 1145 2321 σημαίνειν
1177 2250 1517 2319 ταῦτα’ήμίν
1547 2246 1624 2318 τῷ
1652 2247 1812 2318 λόγῳ.
1848 2279 1915 2287 —

333 2343 490 2398 Πάνυ
520 2341 621 2413 μὲν
651 2337 766 2396 οὖν.
784 2337 979 2411 -τΔρ’
999 2335 1091 2395 οῦν
1120 2340 1258 2413 πρὸς
1290 2340 1410 2401 Διὸς
1438 2333 1549 2393 οἷον
1579 2339 1760 2410 πηγήν
1794 2354 1914 2392 τινα

330 2436 567 2508 ἀνοήτου
609 2434 768 2505 δόξης
806 2436 1186 2505 ἀνευρήκαμεν
1212 2432 1547 2504 ἀνθρώπων,
1577 2431 1763 2485 ὁπόσοι
1797 2428 1913 2483 πώ-

330 2544 470 2583 ποτε
501 2526 612 2582 τῶν
653 2527 782 2599 περ).
814 2526 1029 2597 φύσεως
1059 2525 1336 2597 ἐφήψαντο
1372 2522 1740 2595 ζητημάτων;
1777 2520 1911 2576 Σκό-

334 2635 433 2673 πει
460 2619 637 2675 πάντα
658 2618 814 2687 λόγον
838 2616 1104 2683 ἐξετάζων
1119 2634 1133 2647 ο
1160 2617 1221 2671 οὐ
1243 2616 1350 2688 γὰρ
1375 2614 1609 2687 σμικρόν
1631 2631 1694 2683 γε
1714 2613 1774 2667 τὸ
1800 2613 1914 2666 δια-

333 2709 537 2782 φέρον,
569 2710 621 2763 εί
651 2711 868 2778 φανεῖεν
894 2709 944 2763 οί
971 2709 1145 2779 λόγων
1167 2708 1463 2779 ἁπτόμενοι
1493 2704 1704 2761 ἀσεϐῶν
1735 2704 1913 2768 ἀλλοις

330 2821 400 2860 τε
423 2804 740 2876 ἐξάρχοντες
771 2802 905 2875 μηδὲ
930 2801 990 2857 εὖ
1019 2805 1130 2867 τοῖς
1156 2802 1353 2871 λόγοις,
1387 2801 1501 2856 ἀλλ’
1525 2800 1911 2872 ἐξημαρτημέ-

330 2914 444 2962 νως
467 2895 758 2968 χρώμενοι.
775 2895 1015 2949 -Δοκεῐ
1039 2894 1218 2948 τοίνυν
1242 2909 1334 2964 μοι
1356 2893 1530 2947 ταῦτα
1549 2893 1721 2956 οὕτως
1745 2891 1907 2963 ἔχειν.

333 2985 414 3044 Εὖ
444 2988 623 3058 λέγεις
642 3030 657 3056 ,
678 2988 793 3044 ἀλλ’
813 2988 921 3059 ὂπη
944 2986 1028 3058 δὴ,
1052 2985 1225 3057 πειρῶ
1245 2984 1490 3063 φράζειν.
1513 3016 1583 3025 -
1607 2986 1790 3038 Ἔοικε
1808 2982 1914 3037 τοί-

332 3100 437 3139 νυν
463 3081 810 3155 ἀηθεστέρων
825 3082 1028 3135 ἁπτέον
1060 3075 1200 3133 εἶναι
1224 3078 1450 3148 λόγων.»
1483 3079 1596 3132 Καὶ
1626 3076 1763 3149 μετά
1783 3076 1912 3148 βρα-

335 3177 443 3249 χέα
469 3174 708 3245 ἐπιλέγει
726 3192 739 3205 ·
782 3193 801 3227 ι
824 3172 1037 3244 Ψυχὴν,
1063 3167 1109 3226 ὦ
1137 3170 1701 3268 ἑταῖρε,.ὴγνοηκέναι
1733 3170 1911 3268 κινδυ-
1936 3210 1978 3268 C

334 3267 553 3323 νεύουσι
600 3265 699 3338 μὲν
732 3265 912 3334 ὀλίγου
943 3263 1250 3336 ξύμπαντες
1274 3302 1289 3326 ,
1325 3256 1436 3315 οἷόν
1460 3279 1519 3314 τε
1549 3261 1607 3315 ὃν
1634 3259 1907 3331 τυγχάνει,

331 3360 435 3413 καὶ
469 3358 695 3428 δύναμιν
724 3357 792 3427 ἢν
821 3356 933 3426 ἔχει
955 3394 971 3418 ,
1016 3354 1124 3407 τῶν
1163 3370 1222 3407 τε
1257 3352 1431 3408 ἄλλων
1462 3353 1633 3423 αὐτῆς
1665 3352 1791 3423 πέρι
1821 3351 1913 3405 καὶ

330 3454 403 3524 δὴ
430 3453 526 3506 καὶ
552 3432 817 3521 γενέσεως
855 3452 931 3515 ὡς
962 3452 1021 3504 ὲν
1062 3448 1298 3522 πρώτοις
1326 3448 1442 3501 ἐστὶ
1461 3488 1475 3513 ,
1511 3445 1777 3517 σωμάτων
1815 3444 1913 3515 ἐμ-

331 3543 572 3617 προσθεν
612 3544 725 3613 (16)
776 3543 994 3597 πάντων
1039 3541 1303 3612 γενομένη
1327 3579 1341 3604 ,
1388 3539 1483 3593 καὶ
1516 3536 1815 3609 μεταϐολῆς
1854 3552 1911 3589 τε

335 3636 520 3692 αὐτῶν
540 3637 635 3691 καὶ
656 3636 1117 3708 μετακοσμήσεως
1140 3633 1357 3703 ἀπάσης
1379 3630 1535 3702 ἄρχει
1559 3628 1759 3692 παντὸς
1787 3627 1913 3699 μᾶλ-

332 3729 449 3782 λον.
501 3728 565 3781 Εί
594 3727 637 3779 δ’
670 3726 786 3780 ἔστι
812 3725 983 3779 ταῦτα
1008 3724 1180 3789 οὕτως
1203 3765 1218 3789 ,
1250 3720 1336 3795 ἆρ’
1366 3723 1465 3776 οὐκ
1487 3721 1545 3788 ἐξ
1574 3721 1816 3791 ἀνάγκης
1844 3719 1912 3773 τά

330 3818 515 3891 ψυχῆς
545 3817 782 3888 συγγενῆ
811 3818 1050 3889 πρότερα
1079 3815 1146 3869 ἂν
1166 3814 1249 3887 εἴη
1275 3812 1535 3884 γεγονότα
1566 3811 1675 3866 τῶν
1697 3811 1909 3883 σώματι

332 3910 721 3981 προσηκόντων
746 3949 761 3973 ,
793 3908 957 3978 οὔσης
982 3925 1045 3977 γε
1070 3907 1241 3978 αὐτῆς
1264 3905 1638 3979 πρεσϐυτέρας
1662 3904 1695 3976 ἢ
1728 3904 1912 3975 σώμα-

328 4017 463 4067 τοςς
487 4032 556 4043 .-
586 4001 842 4071 Ἀνάγκη,
870 4030 939 4044 ρ-
962 3998 1099 4065 Δόξα
1117 3999 1180 4071 δὴ
1203 4000 1297 4053 κα).
1317 3998 1619 4070 ἐπιμέλεια,
1643 3998 1738 4051 καὶ
1764 3997 1908 4062 νοῦς,

331 4094 433 4149 καὶ
460 4092 621 4165 τέχνη
647 4132 662 4155 ,
694 4095 789 4148 καὶ
819 4095 982 4165 νόμος
999 4133 1013 4155 ,
1049 4090 1300 4163 σκληρῶν
1318 4132 1333 4156 ,
1365 4092 1457 4145 καὶ
1487 4090 1744 4163 μαλακῶν
1763 4130 1778 4155 ,
1815 4092 1910 4145 καὶ

333 4184 552 4258 βαρέων
569 4226 585 4249 ,
613 4187 705 4240 καί
736 4184 952 4255 κούφων
988 4183 1225 4255 πρότερα
1253 4183 1318 4237 ἂν
1353 4181 1441 4254 εἴη
1459 4199 1473 4214 ·
1506 4183 1601 4237 καὶ
1628 4182 1692 4254 δὴ
1720 4183 1814 4235 καὶ
1842 4183 1909 4235 τὰ

334 4277 552 4351 μεγάλα
571 4279 665 4332 καὶ
685 4278 873 4349 πρῶτα
894 4276 1030 4349 ἔργα
1049 4276 1144 4331 καὶ
1164 4275 1391 4347 πράξεις
1408 4276 1600 4345 τέχνης
1621 4273 1685 4328 ἂν
1708 4275 1910 4343 γίγνοι-

333 4389 421 4434 το,
454 4371 581 4424 ὄντα
623 4374 680 4425 ἐν
706 4370 961 4442 πρώτοις⁹
986 4369 1055 4422 τὰ
1081 4367 1137 4421 δὲ
1166 4368 1323 4438 φύσει
1356 4368 1451 4422 καὶ
1479 4365 1660 4436 φύσις,
1704 4367 1769 4437 ἢν
1810 4367 1910 4420 οὐκ

331 4460 516 4531 ἐρθῶς
541 4460 694 4514 αὐτοὶ
720 4460 830 4531 (17)
864 4458 1286 4530 ἐπονομάζουσι,
1321 4457 1510 4511 τούτου
1547 4456 1781 4529 ὕστερα,
1816 4459 1910 4511 καὶ

2023 591 2104 659 gis
2132 592 2570 646 communionem
2595 606 2657 644 ac
2684 590 2994 644 societatem
3025 598 3266 643 vocetur.
3304 588 3468 660 622
3500 588 3591 645 Sic

2024 691 2187 737 totam
2218 684 2376 738 istam
2406 683 2551 754 leges
2574 682 2839 737 condendi
2872 683 3136 735 rationem
3168 679 3238 734 ab
3264 692 3379 735 arte
3406 682 3590 750 potius

2020 790 2184 843 quam
2216 776 2312 831 abs
2350 782 2544 829 natura
2577 773 2867 844 proﬁcisci,
2897 772 3053 843 cujus
3079 773 3241 827 etiam
3278 773 3593 828 sanctiones

2020 879 2183 937 atque
2234 869 2500 939 principia
2549 868 2778 923 veritate
2818 877 3155 924 careant.-
3187 868 3307 934 Quo
3371 876 3427 922 tu
3486 866 3591 923 ista

2022 962 2313 1015 sensu?—
2336 961 2501 1025 Deos,
2530 962 2612 1015 vir
2643 962 2878 1030 optime,
2912 962 2966 1014 in
3003 961 3194 1031 primis
3241 961 3327 1015 isti
3376 961 3588 1028 volunt,

2022 1071 2131 1109 non
2157 1056 2271 1126 jam
2304 1066 2519 1119 natura,
2556 1054 2650 1109 sed
2692 1063 2828 1119 arte,
2871 1055 2973 1108 hoc
3000 1062 3085 1108 est
3127 1053 3335 1123 legibus
3363 1053 3591 1122 quibus-

2020 1147 2144 1201 dam
2175 1148 2458 1210 exsistere,
2479 1128 2725 1218 adeoque
2750 1146 2886 1201 alios
2914 1145 3070 1200 aliter
3095 1160 3153 1201 se
3184 1145 3403 1213 habere,
3429 1155 3591 1214 prout

2022 1238 2162 1292 inter
2192 1253 2331 1305 sese,
2366 1239 2577 1311 legibus
2622 1237 2877 1303 instituti,
2912 1238 3085 1307 magis
3119 1238 3366 1293 minusve
3392 1251 3592 1293 conve-

2021 1333 2191 1387 niant.
2259 1331 2337 1386 Ex
2384 1332 2544 1387 bonis
2589 1331 2876 1395 similiter,
2923 1331 3027 1385 alia
3072 1339 3297 1396 natura,
3335 1330 3453 1400 lege
3480 1330 3589 1387 alia

2019 1424 2156 1479 ﬁeri.
2201 1422 2309 1478 Res
2349 1432 2528 1479 autem
2560 1422 2759 1494 justas,
2793 1432 2999 1477 natura:
3042 1422 3093 1475 vi
3146 1422 3323 1476 nullas
3363 1423 3591 1478 omnino

2018 1532 2169 1585 esse;
2204 1527 2260 1572 at
2300 1519 2354 1572 in
2407 1518 2474 1572 iis
2521 1516 2841 1572 definiendis
2889 1516 3138 1572 homines
3189 1516 3258 1571 ab
3301 1516 3424 1572 aliis
3452 1516 3590 1572 alios

2018 1618 2277 1678 perpetuo
2306 1607 2616 1670 dissentire,
2651 1623 2898 1677 novaque
2920 1607 3149 1664 subinde
3176 1615 3429 1663 statuere.
3457 1606 3591 1674 Quae

2018 1712 2167 1763 vero,
2200 1706 2252 1753 et
2284 1699 2719 1769 quandocunque
2762 1700 3063 1765 sanxerint,
3113 1714 3177 1755 ea
3226 1709 3340 1755 tum
3368 1701 3589 1757 demum

2018 1789 2217 1854 valere,
2247 1804 2355 1843 non
2382 1790 2569 1859 utique
2598 1798 2812 1855 natura,
2862 1790 2955 1845 sed
2986 1800 3101 1846 arte
3130 1807 3193 1846 ac
3223 1792 3433 1864 legibus
3459 1809 3590 1849 con-

2018 1881 2225 1935 stituta.
2258 1878 2383 1936 Haec
2405 1881 2610 1946 omnia,
2641 1896 2674 1936 ο
2702 1882 2892 1948 amici,
2926 1884 3122 1953 partim
3150 1899 3181 1938 a
3206 1884 3379 1941 doctis
3407 1884 3588 1940 homi-

2019 1974 2202 2037 nibus,
2236 1975 2430 2043 partim
2455 1974 2525 2029 ab
2559 1974 2744 2029 idiotis
2769 1984 2823 2029 et
2850 1976 3022 2045 poetis
3047 1976 3187 2046 apud
3216 1977 3465 2047 iuniores
3498 1993 3588 2034 ce-

2018 2064 2316 2126 lebrantur,
2344 2080 2575 2135 quorum
2620 2081 2724 2119 vox
2765 2080 2831 2120 ea
2869 2066 3177 2122 communis
3205 2076 3306 2132 est,
3340 2068 3590 2138 aequissi-

2017 2172 2166 2211 mum
2199 2156 2250 2211 id
2287 2172 2409 2212 esse
2434 2158 2575 2218 quod
2605 2173 2697 2227 per
2727 2158 2836 2213 vim
2884 2159 3194 2215 extorseris.
3253 2160 3373 2227 Quo
3406 2161 3498 2224 ﬁt,
3529 2169 3593 2218 ut

2011 2244 2257 2316 iuniores
2283 2247 2359 2301 illi
2388 2262 2510 2302 cum
2541 2247 2868 2318 impietatem
2899 2248 3183 2316 imbibant,
3211 2252 3356 2321 quod
3383 2268 3477 2308 eos
3503 2261 3586 2310 ta-

2015 2340 2095 2395 les
2125 2339 2257 2395 deos
2288 2353 2410 2395 esse
2436 2354 2544 2394 non
2582 2341 2826 2408 credant,
2878 2342 3067 2415 quales
3092 2351 3151 2397 ut
3179 2344 3481 2400 habeantur
3506 2346 3586 2402 le-

2014 2433 2172 2502 gibus
2220 2433 2490 2489 sancitum
2521 2441 2605 2487 est
2654 2453 2666 2488 :
2717 2443 2832 2488 tum
2877 2435 3038 2489 etiam
3070 2436 3275 2492 mutuis
3306 2446 3590 2506 propterea

2014 2524 2447 2580 dissensionibus
2489 2523 2753 2590 laborent,
2800 2524 2929 2580 dum
2956 2525 3024 2580 ad
3054 2535 3255 2581 rectam
3290 2529 3455 2583 vitam
3485 2544 3589 2583 ηασ-

2015 2628 2255 2689 tumque
2297 2626 2717 2673 consentaneam
2766 2617 3077 2687 pertrahere
3123 2627 3411 2683 conantur.
3467 2637 3590 2691 qua:

2013 2713 2230 2783 quidem
2274 2712 2377 2766 alia
2405 2726 2592 2767 revera
2623 2725 2732 2765 non
2778 2711 2882 2776 sit,
2917 2726 3079 2781 quam
3116 2722 3174 2766 ut
3200 2714 3474 2783 quomodo
3497 2729 3589 2770 ve-

2013 2821 2134 2860 rum
2162 2805 2287 2871 erit,
2339 2805 2569 2859 aliorum
2603 2802 2858 2858 dominus
2885 2803 3055 2871 vivas,
3091 2819 3193 2860 nec
3219 2804 3341 2861 aliis
3362 2824 3427 2861 ex
3453 2807 3588 2879 legis

2014 2895 2325 2965 praescripto
2372 2893 2598 2950 servias.
2621 2922 2692 2931 ——
2729 2892 2774 2948 0
2799 2908 2963 2964 quam
2995 2903 3051 2948 tu
3085 2908 3195 2949 rem
3216 2939 3231 2962 ,
3262 2897 3335 2950 mi
3364 2897 3584 2968 hospes,

2012 3001 2287 3057 quamque
2328 3002 2546 3057 gravem
2593 2985 2875 3056 juniorum
2906 2993 3131 3055 pestem,
3161 3001 3286 3042 cum
3318 2989 3373 3042 in
3401 2990 3588 3045 civita-

2013 3079 2159 3134 tibus
2181 3078 2412 3147 publice,
2428 3087 2542 3132 tum
2568 3078 2819 3149 privatim
2844 3079 2990 3134 domi
3016 3088 3350 3151 grassantem
3372 3081 3588 3152 aperui-

2014 3173 2080 3226 sti
2101 3168 2294 3225 !i—Et
2313 3170 2501 3239 paucis
2519 3170 2843 3241 quibusdam
2868 3172 3159 3243 interjcctis
3184 3192 3195 3226 :
3228 3172 3479 3240 «Verum,
3504 3174 3588 3228 in-

2013 3260 2150 3330 quit,
2184 3260 2260 3314 mi
2288 3258 2483 3323 Clinia,
2529 3258 2633 3314 hoc
2678 3275 2896 3317 rursum
2927 3261 3060 3315 mihi
3090 3260 3375 3332 responde,
3408 3271 3585 3318 tecum

2013 3351 2158 3405 enim
2182 3350 2418 3404 rationes
2448 3350 2563 3406 istae
2588 3350 2982 3405 communicari
3013 3350 3232 3406 debent.
3275 3351 3464 3407 Nonne
3492 3355 3587 3424 qui

2014 3440 2088 3494 ita
2110 3439 2384 3510 loquatur,
2423 3439 2471 3493 is
2495 3447 2731 3509 quatuor
2755 3439 2844 3493 illa
2874 3441 3075 3512 ignem,
3107 3456 3325 3511 aquam,
3357 3453 3584 3512 terram,

2013 3548 2216 3599 aerem,
2243 3532 2489 3588 omnium
2514 3533 2738 3587 omnino
2766 3533 2939 3603 prima
2965 3541 3236 3603 statuere,
3263 3536 3451 3591 eadem
3485 3553 3587 3593 na-

2015 3632 2191 3677 turam
2215 3623 2506 3693 appellare,
2562 3623 2910 3695 animamque
2927 3626 3201 3693 posterius
3226 3641 3293 3681 ex
3319 3625 3427 3682 illis
3452 3626 3587 3697 ipsis

2014 3716 2251 3772 conﬂare
2271 3716 2554 3771 videatur?
2586 3713 2908 3787 Quanquam
2933 3731 3039 3772 non
3065 3718 3275 3774 videtur
3295 3729 3440 3775 certe
3458 3721 3586 3791 qui-

2011 3809 2158 3872 dem,
2195 3823 2380 3864 verum
2410 3807 2570 3862 nobis
2602 3807 2659 3863 id
2684 3807 2843 3878 plane
2871 3808 2975 3864 hoc
3011 3808 3262 3880 loquendi
3294 3826 3490 3882 genere
3512 3812 3591 3867 si-

2010 3898 2250 3970 gniﬁcat.
2277 3927 2348 3937 —
2376 3895 2455 3952 Ita
2505 3911 2753 3967 prorsus.
2778 3926 2848 3937 —
2873 3896 3128 3969 Nunquid
3166 3900 3330 3970 igitur
3378 3902 3589 3958 stolida:

2011 3990 2294 4045 hominum
2328 4003 2516 4043 eorum
2545 3987 2818 4056 opinionis
2839 3990 3128 4058 quemdam
3169 3990 3326 4060 quasi
3381 3990 3586 4047 fontem

2009 4078 2333 4150 reperimus,
2382 4079 2477 4149 qui
2520 4093 2704 4133 rerum
2759 4079 3086 4133 naturalium
3131 4081 3587 4155 quaestionesun-

2011 4187 2176 4242 quam
2208 4170 2513 4242 attigerint?
2562 4169 2641 4224 Ac
2668 4169 2800 4224 mihi
2820 4209 2837 4234 ,
2871 4185 3091 4240 quaso,
3118 4186 3230 4226 rem
3262 4181 3428 4227 totam
3461 4173 3587 4228 dili-

2010 4263 2223 4334 gentius
2251 4261 2555 4318 considera.
2597 4259 2708 4316 Nec
2735 4260 2881 4315 enim
2912 4277 3104 4331 parum
3138 4264 3382 4328 interest,
3408 4264 3454 4319 si
3488 4266 3583 4335 qui

2010 4359 2064 4407 et
2096 4351 2238 4406 hanc
2261 4348 2554 4420 impietatis
2584 4348 2887 4404 doctrinam
2918 4359 3195 4405 sectantur
3218 4350 3341 4421 ipsi,
3371 4364 3431 4409 et
3461 4354 3584 4410 aliis

2008 4441 2252 4513 ejusdem
2277 4450 2529 4496 auctores
2557 4454 2678 4495 sese
2701 4440 3060 4511 doctoresque
3100 4441 3422 4514 proﬁtentur
3441 4484 3456 4510 ,
3484 4460 3583 4502 eos

328 4530 612 4621 ἀρχόμενα
638 4549 703 4603 ἂν
728 4551 791 4603 ἐκ
814 4530 1010 4621 τέχνης
1030 4548 1114 4620 εἴη
1142 4549 1237 4603 καὶ
1263 4546 1372 4602 νοῦ.
1409 4579 1477 4587 -
1509 4546 1634 4609 Πῶς
1655 4564 1668 4612 ;
1692 4578 1761 4587 -
1794 4547 1905 4600 Οὐκ

2014 4547 2121 4587 non
2144 4541 2289 4587 recte
2329 4530 2446 4587 suis
2476 4530 2584 4587 illis
2611 4531 2976 4602 argumentis,
3010 4541 3064 4587 at
3097 4548 3377 4603 perperam
3407 4535 3581 4602 abuti,

328 4641 511 4714 ὀρθῶς
557 4642 717 4711 φύσιν
762 4641 1035 4711 βούλονται
1068 4642 1244 4711 λέγειν
1276 4642 1488 4710 γένεσιν
1539 4641 1636 4712 τὴν
1681 4641 1908 4713 περὶτὰ

2014 4624 2234 4696 fallique
2265 4623 2588 4680 constiterit.
2618 4654 2678 4666 -
2719 4622 2852 4677 Mihi
2892 4625 3110 4695 quidem
3155 4626 3364 4681 videtur
3394 4627 3468 4682 ita
3494 4643 3583 4686 res

329 4733 550 4804 πρῶτα.
584 4734 648 4787 Et
678 4734 734 4787 δὲ
773 4735 1071 4804 φανήσεται
1099 4734 1244 4804 ψυχὴ
1271 4732 1505 4806 πρῶτον,
1537 4734 1597 4786 οὐ
1628 4733 1759 4805 πῦρ,
1787 4733 1906 4786 οὐδὲ

329 4825 478 4895 ἀὴρ,
512 4823 656 4895 ψυχή
682 4825 727 4878 δ’
757 4826 814 4878 ἐν
873 4824 1107 4896 πρώτοις
1139 4825 1249 4895 (18)
1282 4826 1624 4895 γεγενημένη
1650 4865 1664 4887 ,
1723 4824 1907 4895 σχεδὸν

324 4914 601 4986 ὀρθότατα
650 4915 845 4983 λέγοιτ’
897 4914 963 4969 ἂν
1013 4909 1149 4969 εἶναι
1182 4915 1544 4987 διαφερόντως
1578 4914 1737 4983 φύσει
1771 4912 1903 4985 (19).

328 5175 633 5248 intellexit;
663 5178 821 5233 vertit
845 5178 990 5232 enim
1010 5186 1220 5248 ,7prout
1254 5177 1449 5248 singuli
1481 5193 1653 5248 secum
1683 5193 1905 5231 consen-

333 5248 524 5318 tientes
553 5246 660 5318 lege
687 5258 997 5303 sanxerunt.
1033 5246 1255 5304 Rectius
1283 5246 1455 5302 multo
1499 5249 1567 5302 de
1610 5247 1715 5303 diis
1748 5248 1905 5317 ipsis,

333 5333 441 5388 pro
466 5317 644 5387 legum
671 5319 988 5374 diversitate
1014 5319 1265 5384 diversis,
1301 5318 1592 5387 intelligas.

413 5406 524 5476 (15)
575 5407 851 5461 Ἰδιωτῶν.
892 5407 1073 5474 Quare
1102 5405 1327 5463 Ficinus
1372 5404 1587 5469 ἰδιώτας
1626 5406 1906 5475 scriptores

334 5478 584 5539 verterit,
616 5493 726 5534 non
759 5479 938 5535 video.

412 5566 524 5637 (16)
551 5568 864 5645 ’Σωμάτων
903 5569 1259 5645 ἔμπροσθεν.
1321 5564 1437 5619 Hoc
1462 5571 1865 5645 argumentum
1889 5605 1902 5626 ,

331 5651 459 5707 quo
475 5633 782 5707 animorum
814 5633 1278 5693 immortalitatem
1321 5633 1631 5701 concludit,
1682 5636 1906 5689 uberius

334 5706 396 5762 in
423 5706 689 5762 Phtedone
713 5710 1081 5779 persequitur.

411 5797 524 5869 (17)
575 5797 782 5869 Ὀρθῶς
809 5800 980 5853 αὐτοί
997 5838 1033 5869 ,Α
1053 5807 1166 5869 (ιιι)ἒ
1189 5795 1343 5869 Plato
1373 5796 1590 5850 haec.ita
1620 5795 1781 5869 legit,
1813 5794 1908 5864 ὀρ-

411 5811 524 5869 (17)
581 5811 782 5865 υρθως
809 5811 977 5853 αὐτοι
997 5838 1012 5862 ,
1053 5811 1158 5853 etc.
1189 5811 1343 5850 rtato
1373 5811 1590 5850 naac.ita
1622 5811 1670 5849 te
1710 5811 1781 5857 ιι,
1813 5811 1906 5864 ορ-

333 5867 448 5933 θῐῦς
476 5867 897 5941 ἐπονομάζουσιν
922 5867 1050 5921 αὐτὸ
1076 5867 1251 5931 τοῦτο,
1281 5865 1504 5937 ὕστερα,
1524 5875 1629 5922 etc.
1659 5811 1791 5932 (Eua:
1815 5878 1906 5918 ve—

735 5962 1007 6023 ΡΑτιιοι.
1047 5960 1166 6024 Gn.
1204 5965 1374 6024 XM.

2010 4719 2226 4774 habere.
2269 4715 2335 4772 Et
2375 4717 2507 4772 mihi
2538 4732 2754 4788 quoque
2798 4733 2908 4773 rem
2942 4720 3154 4788 probas.
3229 4718 3332 4775 Sed
3375 4736 3472 4791 age
3501 4730 3583 4776 ta-

2008 4825 2155 4874 men,
2187 4823 2418 4879 eamque
2464 4808 2623 4865 nobis
2674 4809 2877 4865 clarius
2922 4809 2968 4864 si
3011 4818 3164 4879 potes
3203 4810 3480 4880 eloquere.
3510 4839 3581 4849 —

2007 4901 2076 4956 At
2127 4900 2722 4989 insolentioremamihi
2777 4901 3201 4971 disputationem
3256 4902 3514 4972 imponis.
3556 4922 3575 4953 ι

2011 5161 2121 5215 rior
2147 5161 2305 5215 lectio
2332 5167 2433 5214 est.
2464 5157 2606 5213 Sane
2636 5158 2776 5228 apud
2809 5156 3103 5212 Eusebium
3133 5155 3323 5210 τούτου
3351 5155 3576 5227 ὕστερα,

2008 5232 2062 5285 in
2084 5230 2288 5284 τούτων
2311 5228 2510 5301 ὕστερα
2539 5228 2859 5284 mutandum
2886 5236 3053 5282 esset.

2078 5343 2192 5415 (18)
2236 5343 2411 5413 Ψυχὴ
2447 5342 2500 5396 δ’
2540 5341 2611 5395 ἐν
2645 5340 2916 5415 πρώτοις.
2958 5336 3577 5415 lflatonieayedundan-

2008 5408 2098 5470 tia'
2129 5408 2245 5477 est,
2288 5408 2410 5482 quae
2450 5415 2505 5466 in
2538 5408 2894 5482 sequentibus
2926 5410 3087 5482 etiam
3117 5408 3398 5482 cernitur,
3450 5423 3573 5482 cum

2007 5485 2157 5540 addit
2186 5479 2455 5563 lv_¢i}uxﬁv
2480 5498 2562 5563 τις
2589 5479 2825 5563 {magiis
2857 5479 3203 5563 πρεσϐυτέρᾳ

3203 5496 3233 5531 ν
3262 5474 3429 5532 οὖσαν
3470 5479 3578 5532 σώ-

2010 5572 2198 5627 ματος.
2236 5549 2318 5607 Tu
2339 5549 2433 5617 ,τι
2466 5553 2682 5621 placet,
2711 5549 2911 5607 Graéca
2945 5566 3069 5605 cum
3118 5549 3293 5605 Ficini
3324 5549 3576 5604 versione

2008 5639 2292 5695 compone.

2076 5716 2186 5788 (19)
2224 5715 2623 5784 Διαφερόντως
2653 5715 2867 5788 φύσει,
2919 5710 3438 5788 ειομεοιιτὶξθειιίιιε
3484 5710 3576 5788 hic

2006 5781 2523 5873 ex'Plautone'locus,
2548 5781 2714 5874 :upu‘d
2732 5800 2907 5874 [quem
2940 5787 3020 5874 ital
3043 5781 3255 5851 legitur,
3269 5781 3573 5874 ⁸διαφερόν-

2008 5874 2115 5921 τως
2136 5895 2152 5922 ,
2183 5857 2263 5911 ὅτι
2292 5855 2449 5925 φύσει
2474 5853 2646 5911 ταῦτά
2668 5853 2779 5908 ἐσθ’
2799 5855 2971 5919 οὕτως
2996 5853 3208 5924 ἐγοντα,
3234 5862 3341 5906 etc.

3238 5944 3315 6009 33
