4122 6412
600 352 737 408 1035
1262 347 1525 407 EUSEBII
1555 347 2029 447 CAESAltlENSIS
2054 350 2199 406 OPP.
2234 348 2413 406 PARS
2441 350 2504 406 ll.
2547 381 2616 393 -
2654 350 3152 411 APOLOGETICA.
3542 349 3570 367 ‘
3690 356 3826 413 1056

596 472 904 542 lcruuique
932 478 1049 541 post
1077 485 1269 540 pauca,
1313 489 1330 519 ι
1363 467 1644 532 Videntur,
1678 469 1873 539 inquit,
1901 483 1934 521 ο
1965 470 2145 533 amice,

2261 470 2425 524 Ταῦτ’
2478 470 2585 523 ἔσθ’
2621 471 2793 537 οὕτως
2840 473 3063 545 ἔχοντα,
3109 474 3174 529 ἂν
3223 475 3398 548 ψυχήν
3456 494 3538 540 τις
3585 477 3833 556 ἐπιδείξῃ

594 564 837 634 plcrique
865 579 1053 618 omnes
1079 564 1376 631 ignorasse,
1405 570 1515 615 tum
1546 561 1672 630 quid
1700 562 1881 617 anima
1906 563 2008 627 sit,
2042 571 2145 617 tum

2262 560 2633 633 πρεσϐυτέραν
2678 559 2840 618 οὖσαν
2879 564 3148 636 σώματος,
3198 566 3371 630 ἄλλως
3390 567 3446 621 δὲ
3467 568 3737 639 οὐδαμῶς.
3763 602 3831 615 -

596 670 732 724 quas
777 657 890 725 ipsa
933 656 1076 711 vires
1118 655 1331 719 habeat,
1384 668 1483 709 nec
1508 655 1561 707 in
1596 654 1807 710 caneris
1841 655 2003 710 modo
2033 668 2145 725 qua

2273 654 2632 724 Ἀληθέστατα
2649 654 2845 725 λέγεις.

594 750 713 819 ejus
734 750 951 822 propria
975 758 1122 814 sunt,
1155 764 1340 804 verum
1375 748 1535 802 etiam
1564 748 1617 802 in
1651 749 1889 818 ejusdem
1950 757 2072 804 ortu
2137 747 2379 819 hospites
2445 764 2509 803 ac
2546 749 2813 821 peregrini
2853 749 3045 817 fuisse,
3076 751 3239 824 623
3264 765 3388 807 cum
3412 766 3532 808 eam
3566 760 3622 808 et
3652 753 3707 808 in
3742 770 3831 810 re-

595 858 715 897 rum
758 843 1060 912 principum
1120 857 1367 905 numero,
1410 850 1465 896 et
1497 843 1816 912 corporibus
1844 843 2100 899 omnibus
2156 843 2415 913 priorem,
2446 844 2686 915 adeoque
2719 859 2832 925 prae
2872 846 3082 903 caneris
3127 862 3348 903 causam
3392 848 3500 904 illis
3536 863 3603 904 ac
3628 848 3832 904 fontem

593 936 913 991 mutationis
953 936 1131 990 omnis
1186 950 1250 989 ac
1294 934 1626 990 diversitatis
1670 948 1791 990 esse
1845 935 2155 990 nescierint.
2194 933 2350 1001 Quod
2378 935 2596 1006 quidem
2639 936 2686 992 si
2724 951 2913 992 verum
2962 947 3080 1003 est,
3107 954 3290 996 nonne
3348 942 3609 997 continuo
3651 944 3833 1012 sequi-

592 1037 699 1090 tur,
733 1035 793 1081 ut
822 1041 942 1096 qua:
973 1026 1039 1080 ad
1073 1025 1269 1079 anima:
1319 1025 1581 1079 rationem
1634 1025 1922 1094 pertinent,
1984 1023 2197 1092 eadem,
2237 1032 2297 1079 ut
2349 1040 2577 1096 corpore
2623 1028 2895 1098 antiquior
2935 1030 3113 1084 anima
3141 1040 3259 1097 est,
3292 1031 3373 1087 sic
3413 1032 3670 1088 omnibus
3712 1049 3835 1103 qua:

594 1118 814 1187 corpori
843 1118 1177 1184 tribuuntur,
1192 1117 1501 1173 necessario
1529 1117 1711 1188 priora
1743 1118 2166 1174 babeautur?—
2200 1117 2438 1175 Omnino
2489 1122 2755 1191 sequitur.
2777 1152 2849 1164 —
2871 1121 3037 1195 Igitur
3083 1126 3287 1194 opinio,
3327 1141 3479 1187 cura,
3512 1140 3689 1193 mens,
3718 1142 3834 1191 ars,

591 1219 756 1280 atque
799 1209 906 1276 lex,
934 1209 1087 1265 duris
1130 1218 1185 1264 et
1223 1209 1517 1273 mollibus,
1553 1210 1807 1281 gravibus
1849 1219 1904 1267 et
1948 1211 2157 1268 levibus
2194 1212 2406 1281 priores
2465 1213 2573 1268 sint
2627 1224 2857 1286 oportet.
2902 1216 3015 1272 lmo
3048 1200 3209 1273 etiam
3246 1233 3444 1289 magna
3494 1219 3586 1274 illa
3629 1219 3834 1290 prima-

594 1317 701 1372 que
733 1316 923 1371 opera,
974 1301 1293 1372 similesque
1342 1300 1622 1368 actiones,
1654 1301 1719 1357 ad
1757 1308 1927 1357 artem
1965 1302 2291 1369 referentur,
2355 1313 2622 1375 quotquot
2669 1307 2970 1377 primorum
3016 1308 3070 1361 in
3110 1309 3286 1365 classe
3319 1324 3387 1366 ac
3443 1326 3676 1376 nurnero
3703 1324 3835 1366 cen-

584 1394 869 1451 sebantur.
912 1389 1046 1458 Quae
1066 1406 1196 1446 vero
1252 1399 1445 1446 natura
1501 1393 1659 1459 tiunt,
1706 1390 1936 1461 ipsaque
1981 1392 2117 1447 adeo
2172 1403 2364 1448 natura
2403 1392 2598 1465 (quam
2647 1382 2867 1466 quidem
2918 1396 3007 1454 isti
3052 1414 3337 1469 perperam
3389 1401 3497 1460 hoc
3562 1407 3836 1476 appellant

590 1491 831 1558 nomine)
878 1487 1146 1559 posterior
1186 1486 1295 1540 illis
1335 1484 1520 1549 fuerit,
1556 1494 1719 1556 atque
1747 1487 1816 1541 ab
1869 1495 1985 1541 arte
2017 1487 2179 1542 simul
2218 1502 2283 1543 ac
2346 1498 2526 1544 mente
2568 1489 2780 1546 initium
2833 1492 3053 1563 aliquod
3091 1493 3360 1550 habuerit.
3387 1526 3459 1540 —
3484 1496 3588 1566 Qui
3615 1504 3835 1559 tandem

586 1580 770 1637 istuc?
796 1610 864 1620 -
892 1576 1114 1648 Nempe,
1149 1586 1402 1632 naturam
1456 1575 1567 1642 isti,
1619 1577 2019 1647 generationem
2047 1579 2236 1648 primis
2285 1579 2341 1634 in
2399 1580 2561 1636 rebus
2599 1591 2927 1646 versantem,
2951 1584 3056 1639 dici
3109 1594 3378 1655 oportere,
3403 1603 3511 1645 non
3565 1600 3714 1648 recte
3741 1593 3835 1651 de.

587 1672 833 1733 tendunt.
876 1670 1037 1740 Atqui
1082 1668 1128 1723 si
1175 1668 1435 1735 animam,
1469 1676 1563 1722 aut
1596 1667 1867 1737 primam',
1900 1676 1995 1723 aut
2033 1678 2179 1725 certe
2214 1686 2339 1727 cum
2391 1672 2602 1743 primis,
2631 1688 2741 1728 non
2792 1673 2970 1745 ignem
2996 1675 3078 1730 vel
3102 1690 3301 1746 aerem,
3348 1688 3527 1736 natam
3552 1696 3678 1738 esse
3704 1700 3836 1742 con-

585 1767 816 1829 stiterit;
883 1761 1043 1819 simul
1085 1761 1251 1817 etiam
1302 1762 1507 1832 optime
1551 1777 1614 1817 ac
1649 1763 1925 1835 praecipuo
1988 1764 2221 1834 quodam
2270 1764 2395 1836 jure
2435 1767 2669 1834 dicatur,
2725 1767 2847 1824 illas
2893 1769 3039 1839 ipsas
3084 1779 3294 1828 natura:
3322 1773 3376 1828 vi
3402 1774 3736 1847 consistere;
3783 1785 3838 1846 si

584 1864 750 1915 modo
805 1873 1044 1913 animam
1099 1871 1331 1926 corpore
1374 1856 1743 1928 antiquiorem
1821 1872 1945 1914 esse
1990 1859 2383 1916 demonstraris
2437 1879 2452 1917 :

586 1953 790 2024 queris.
826 1971 843 2003 ι

1190 2045 1415 2101 CAPUT
1455 2045 1536 2100 LI.

715 2134 1165 2201 Quemadmodum
1201 2134 1355 2189 Plato
1389 2135 1453 2189 de
1478 2135 1585 2190 Deo
1609 2135 2018 2205 philosophetur.

660 2249 675 2280 ι
712 2231 823 2301 Age
863 2242 1012 2298 ergo,
1055 2226 1228 2295 inquit
1261 2224 1431 2293 Plato,
1464 2225 1509 2281 si
1551 2224 1693 2282 Deus
1723 2227 1881 2282 nobis
1911 2241 2150 2297 unquam

582 2321 916 2378 invocandus
961 2318 1082 2382 fuit,
1118 2332 1263 2373 nunc
1303 2317 1525 2388 quidem
1575 2318 1626 2373 id
1670 2319 1894 2375 omnino
1942 2317 2149 2375 facieno

581 2416 729 2470 dum.
767 2404 1123 2481 ltaque'hanc
1153 2409 1220 2464 ad
1246 2409 1688 2479 disputationem,
1724 2425 1846 2481 quae
1874 2418 1986 2466 tota
2024 2410 2152 2465 deo-

580 2520 702 2561 rum
735 2513 837 2570 est,
869 2511 1053 2574 utpote
1081 2517 1183 2571 qua
1214 2501 1333 2557 illos
1368 2516 1488 2558 esse
1528 2500 1999 2558 leutonstrandum
2029 2518 2151 2558 sus-

582 2597 834 2667 cipimus,
895 2608 1083 2650 eorum
1128 2608 1283 2664 opem
1333 2593 1481 2648 omni
1524 2593 1702 2649 studio
1746 2593 2147 2666 imploremus:

581 2688 852 2757 simulque
884 2696 1100 2756 arrepto
1138 2685 1242 2741 hoc
1273 2692 1529 2755 tanquam
1556 2695 1707 2741 certo
1732 2686 1966 2757 quodam
1994 2702 2151 2742 secu-

579 2794 751 2847 roque
792 2776 919 2832 fune
940 2819 953 2843 ,
991 2775 1324 2845 propositum
1357 2774 1515 2830 nobis
1542 2789 1846 2829 sermonem
1877 2774 2146 2831 ineamus.

578 2871 655 2926 Ac
683 2869 816 2923 mihi
849 2867 1065 2938 quidem
1096 2867 1199 2921 hoc
1227 2867 1281 2920 in
1310 2880 1524 2935 genere,
1558 2865 1848 2921 admodum
1884 2866 2150 2936 probatur

577 2978 639 3017 ea
676 2960 836 3027 ratio,
864 2968 925 3013 ut
948 2958 1171 3028 perinde
1202 2971 1266 3013 ac
1293 2957 1338 3012 si
1373 2956 1497 3027 quis
1520 2971 1609 3011 me
1637 2958 1799 3012 certis
1823 2958 2145 3027 quibusdam

578 3050 1092 3123 interrogationibus
1124 3056 1529 3119 percunctetur,
1578 3048 1658 3103 sic
1698 3048 1937 3103 vicissim
1974 3048 2023 3103 ei
2059 3063 2146 3103 re-

579 3146 894 3217 spondeam,
926 3144 1070 3197 bunc
1096 3142 1149 3195 in
1180 3140 1422 3196 modum.
1460 3138 1673 3205 Utrum,
1711 3137 1789 3193 mi
1816 3138 2011 3207 hospes
2038 3141 2149 3209 (ro-

576 3248 667 3311 get
687 3253 778 3292 me
810 3233 1128 3307 quispiam),
1161 3234 1234 3289 ita
1260 3232 1570 3290 consistunt
1598 3229 1804 3296 omnia,
1838 3238 1899 3284 ut
1926 3245 2142 3284 movea-

579 3342 666 3388 tur
695 3332 859 3395 nihil;
897 3345 964 3383 an
1001 3328 1224 3383 omnino
1272 3323 1470 3381 secus?
1523 3323 1605 3377 An
1639 3323 1821 3393 potius
1863 3332 2148 3376 moventur

2511 1876 2670 1918 secus
2721 1877 2879 1929 vero,
2944 1878 3247 1935 nunquam.
3276 1896 3347 1908 —
3380 1865 3684 1929 Verissime
3752 1873 3837 1930 lo-

2748 2051 3137 2114 ΚΕΦΑΛΑῙΟΝ
3172 2052 3266 2107 ΝΔ
3277 2058 3310 2105 ’.

2268 2141 2366 2205 Ὠς
2387 2142 2420 2195 ὁ
2440 2142 2690 2197 Πλάτων
2710 2142 2816 2197 τὸν
2843 2144 2974 2213 περὶ
2997 2142 3146 2199 Θεοῦ
3171 2141 3596 2206 κατασκευάζει
3618 2144 3829 2216 λόγον.

2333 2252 2351 2284 ι
2375 2235 2508 2302 Ἀγε
2527 2234 2590 2305 δὴ
2621 2235 2731 2307 (20)
2760 2235 2892 2291 Θεὸν
2918 2235 3029 2309 (21)
3055 2235 3109 2289 εῐ
3125 2253 3255 2290 ποτε
3275 2236 3655 2309 παρακλητέον
3674 2238 3830 2309 ἡμῖν,

2256 2322 2349 2378 νῦν
2374 2322 2512 2378 ἔστω
2537 2324 2693 2379 τοῦτο
2718 2324 2862 2380 οὕτω
2884 2326 3169 2397 γενόμενον
3189 2344 3201 2357 ·
3229 2327 3322 2381 ὲπί
3350 2344 3414 2397 γε
3437 2327 3710 2392 ἀπόδειξιν
3731 2328 3833 2400 τὴν

2256 2416 2433 2470 αὐτῶν
2455 2454 2472 2480 ,
2516 2415 2592 2480 ὡς
2624 2416 2730 2470 etot
2756 2456 2772 2481 ,
2808 2416 3010 2489 σπουδῇ
3044 2419 3193 2490 πάσῃ
3222 2416 3661 2490 παρακεκλήσθω
3690 2418 3828 2490 (22).

2268 2505 2545 2577 Ἐχόμενοι
2567 2504 2624 2558 δὲ
2652 2504 2765 2576 (25)
2792 2504 2867 2569 ὥς
2890 2523 3032 2569 τινος
3063 2506 3338 2576 ἀσφαλοῦς
3362 2507 3684 2578 πείσματος,
3709 2509 3834 2563 ἐπι-

2257 2596 2527 2667 ϐαίνωμεν
2550 2598 2628 2659 εἰς
2649 2595 2741 2649 τὸν
2763 2594 2859 2650 νῦν
2880 2595 3057 2665 λόγον.
3085 2596 3194 2651 Καί
3219 2614 3308 2670 μοι
3331 2598 3676 2669 ἐλεγχομένῳ
3699 2599 3830 2670 περὶ

2252 2685 2322 2740 τὰ
2339 2683 2580 2745 τοιαῦτα,
2608 2686 2908 2755 ἐρωτήσεσι
2934 2686 3166 2740 τοιαῖσδε
3188 2687 3568 2757 ἀσφαλέστατα
3594 2687 3829 2759 ἀποκρί-

2253 2775 2437 2829 νεσθαι
2464 2774 2712 2845 φαίνεται
2741 2774 2880 2829 κατὰ
2906 2776 3030 2828 τάδε
3049 2777 3158 2847 (24)
3178 2794 3192 2807 ο
3225 2773 3295 2831 Ὦ
3329 2777 3448 2844 ξένε
3466 2816 3483 2842 ,
3511 2778 3714 2833 ὁπόταν
3748 2780 3824 2849 φῇ

2252 2884 2371 2934 τις,
2408 2864 2520 2937 ἆρα
2549 2866 2743 2938 ἕστηκε
2783 2866 2881 2938 μὲν
2910 2866 3123 2933 πάντα,
3165 2872 3396 2923 κινεῖται
3442 2868 3502 2923 δὲ
3548 2868 3698 2924 οὐδὲν
3722 2912 3739 2937 ,
3790 2869 3826 2941 ἢ

2252 2958 2424 3029 τούτῳ
2450 2958 2558 3011 πᾶν
2586 2957 2888 3012 τούναντίον
2909 2974 2922 3023 ;
2946 2957 2989 3028 ἢ
3025 2958 3095 3011 τὰ
3127 2960 3223 3029 μὲν
3250 2959 3429 3014 αὐτῶν
3463 2961 3725 3024 κινεῖται,
3757 2956 3825 3015 τὰ

2250 3050 2309 3107 δὲ
2346 3050 2531 3121 μένεις
2569 3048 2649 3103 Τὰ
2680 3049 2776 3120 μὲν
2809 3048 3037 3103 κινεῖταί
3064 3065 3166 3101 που
3188 3089 3204 3115 ,
3238 3051 3397 3120 φήσω
3419 3089 3434 3114 ,
3464 3051 3532 3104 τὰ
3562 3049 3620 3103 δὲ
3653 3049 3817 3121 μένειν

2250 3174 2320 3185 -
2342 3143 2475 3197 Μῶν
2500 3137 2593 3197 οὖν
2623 3142 2721 3196 οὐκ
2751 3143 2809 3195 ὲν
2838 3140 2991 3214 χώρᾳ
3022 3142 3127 3194 τινὶ
3155 3141 3226 3194 τά
3254 3158 3315 3195 τε
3363 3141 3578 3197 ἑστῶτα
3602 3142 3826 3215 ἕστηκε,

2252 3236 2346 3288 καὶ
2381 3233 2453 3287 τὰ
2482 3234 2773 3305 κινούμενα
2803 3235 3064 3299 κινεῖται;
3098 3265 3167 3274 --
3193 3233 3319 3297 Πῶς
3354 3234 3462 3306 γὰρ
3488 3233 3586 3300 οῦς
3618 3265 3689 3277 —
3714 3235 3827 3289 Καὶ

2250 3325 2319 3379 τὰ
2349 3325 2447 3397 μέν
2479 3342 2541 3395 γε
2572 3326 2628 3378 ἐν
2665 3325 2763 3396 μιᾷ
2791 3323 2920 3395 ἕδρᾳ
2950 3341 3053 3378 που
3086 3324 3243 3379 τοῦτο
3274 3325 3341 3379 ἂν
3374 3325 3520 3398 δρῴη
3541 3365 3559 3394 ,
3589 3326 3655 3381 τὰ
3682 3325 3740 3379 δὲ
3768 3329 3826 3381 ὲν

577 3424 703 3487 alia,
740 3422 845 3477 alia
875 3418 1200 3490 quiescunt?
1255 3415 1357 3471 Cui
1389 3430 1521 3486 ego,
1568 3413 1873 3481 Moventur,
1904 3414 2145 3484 inquam,

2254 3418 2482 3472 πλείοσι.
2548 3417 2591 3470 Τ
2595 3416 2630 3470 ὰ
2661 3416 2757 3488 τὴν
2785 3416 2892 3473 τῶν
2935 3416 3182 3471 ἑστώτων
3213 3419 3271 3471 ἐν
3305 3417 3453 3488 μέσῳ
3483 3416 3826 3489 λαμϐάνοντα

577 3515 702 3579 alia,
734 3513 838 3569 alia
868 3511 1253 3582 quiescunt.-
1280 3506 1532 3579 Nunquid
1552 3506 1714 3579 igitur
1742 3514 1889 3562 certo
1918 3505 2150 3576 quodam

574 3607 630 3660 in
660 3606 801 3668 loco,
823 3603 905 3657 vel
928 3602 1216 3671 quiescunt
1245 3600 1355 3665 illa,
1385 3599 1468 3654 vel
1498 3605 1784 3653 moventur
1800 3595 2154 3651 ?—Plane.—

576 3697 642 3752 Et
670 3696 776 3750 alia
808 3693 1023 3764 quidem
1052 3693 1106 3747 in
1135 3708 1240 3746 una
1259 3692 1437 3761 aliqua
1468 3690 1596 3745 sede
1630 3690 1682 3745 id
1710 3687 1935 3756 faciunt,
1964 3688 2069 3741 alia
2096 3688 2148 3742 in

573 3788 840 3861 pluribus.
880 3784 999 3838 Vin'
1045 3795 1124 3849 tu,
1168 3784 1415 3853 inquam,
1447 3796 1556 3836 uno
1581 3781 1637 3835 in
1674 3780 1794 3835 loco
1821 3795 1884 3834 ea
1924 3778 2148 3844 moveri,

574 3897 696 3952 qua:
725 3879 1137 3935 consistentium
1174 3878 1228 3931 in
1266 3876 1447 3931 medio
1472 3873 1581 3929 vim
1615 3872 1998 3942 rationemque
2034 3885 2152 3926 sor—

575 3975 817 4040 tiuntur;
848 3986 958 4042 quo
987 3971 1148 4027 modo
1177 3969 1528 4034 circulorum,
1561 3979 1700 4037 quos
1725 3954 1868 4020 stare
1893 3963 2146 4029 dicimus,

569 4068 747 4142 624,
766 4068 1050 4124 conversio
1080 4065 1311 4121 volvitur
1327 4062 1707 4134 ?—Equidem,
1736 4060 1965 4131 inquit.»
2007 4056 2145 4113 Tum

572 4159 868 4229 inter-jectis
910 4157 1236 4225 quibusdam
1268 4158 1361 4226 _ita
1394 4154 1695 4226 ;subjungit
1741 4172 1756 4208 :
1794 4171 1811 4205 ι
1851 4150 2146 4222 Pergamus

570 4267 719 4318 vero,
744 4252 938 4322 inquit,
972 4252 1325 4320 eamdemque
1359 4263 1520 4319 porro
1554 4243 1827 4317 quaerendi
1851 4244 2050 4313 pariter
2083 4258 2146 4298 ac

569 4345 925 4416 respondendi
995 4344 1257 4399 rationem
1338 4352 1641 4398 teneamus.
1705 4335 1761 4392 Si
1809 4346 1926 4392 orta
1983 4335 2142 4390 simul

569 4438 771 4501 omnia,
805 4445 864 4492 ut
889 4436 1120 4491 istorum
1163 4435 1407 4505 plerique
1439 4444 1756 4489 asseverare
1793 4429 2011 4494 audent,
2047 4442 2144 4498 per

568 4545 688 4585 sese
716 4528 1026 4593 constitere,
1059 4542 1218 4595 quem
1245 4526 1461 4580 tandem
1493 4565 1508 4589 ,
1533 4539 1599 4578 ex
1632 4525 1699 4579 iis
1725 4536 1865 4591 quos
1897 4530 2019 4575 ante
2047 4534 2142 4590 po-

569 4621 800 4681 suimus.
834 4619 1127 4673 excitatum
1173 4617 1226 4670 in
1265 4617 1372 4670 illis
1432 4631 1552 4671 esse
1593 4623 1799 4669 motum
1835 4611 2141 4682 Oportebit?

2253 3508 2495 3579 δύναμιν,
2524 3507 2701 3576 λέγεις
2729 3506 3017 3579 (φήσομεν)
3047 3508 3104 3560 ὲν
3134 3506 3215 3559 ἑνὶ
3240 3507 3539 3575 κινεῖσθαι,
3572 3506 3826 3579 καθάπερ

2251 3602 2283 3670 ἡ
2319 3599 2424 3654 τῶν
2449 3598 2666 3653 ἑστάναι
2691 3598 2994 3669 λεγομένων
3026 3597 3239 3652 κύκλων
3275 3598 3564 3669 στρέφεται
3592 3614 3824 3670 περιφο-

2255 3687 2580 3763 ρά;--Ναί.
2608 3707 2625 3740 ι
2654 3687 2763 3742 Καὶ
2786 3687 2913 3758 ἑξῆς
2942 3688 3183 3757 ἐπιλέγει
3202 3705 3216 3719 ο
3248 3707 3266 3741 ι
3294 3690 3415 3742 Ἔτι
3438 3690 3533 3743 καὶ
3556 3689 3683 3762 τῇδε
3708 3690 3824 3763 (25)

2249 3780 2510 3850 εἴπομεν,
2538 3780 2631 3831 καὶ
2654 3777 3075 3850 ἀποκρινώμεθα
3100 3778 3261 3833 πάλιν
3286 3780 3419 3851 ἡμῖν
3449 3780 3706 3835 αὐτοῖσιν.
3755 3782 3822 3835 Et

2252 3871 2409 3943 σταίη
2440 3888 2556 3935 πως
2584 3869 2653 3924 τὰ
2682 3870 2859 3924 πάντα
2884 3868 3021 3941 ὁμοῦ
3050 3870 3317 3942 γενόμενα
3338 3911 3354 3936 ,
3390 3870 3640 3945 καθάπερ
3672 3872 3824 3926 πλεῖ-

2250 3978 2362 4015 στοι
2381 3961 2487 4016 τῶν
2505 3960 2759 4015 τοιούτων
2779 3961 3018 4031 τολμῶσι
3042 3961 3222 4032 λέγειν
3239 4003 3254 4028 ,
3282 3961 3402 4017 τινα
3422 3964 3531 4036 ἄρα
3557 3966 3624 4018 ὲν.
3637 3965 3821 4030 αὐτοῖς

2247 4053 2456 4124 ἀνάγκη
2504 4051 2722 4124 πρώτην
2764 4052 2974 4123 κίνησιν
3028 4052 3275 4121 γενέσθαι
3326 4054 3434 4109 τῶν
3479 4056 3819 4128 είρημένωί;

2247 4144 2357 4215 Τὴν
2371 4144 2538 4216 αὐτὴν
2555 4144 2752 4216 ἑαυτὴν
2769 4144 2939 4215 δήπου
2960 4142 3233 4198 κινοῦσαν.
3261 4147 3381 4201 Ὑπ’
3399 4145 3555 4201 ἄλλου
3579 4147 3689 4218 (26)
3708 4147 3819 4221 γὰρ

2244 4237 2303 4289 οὐ
2337 4238 2544 4306 μήποτε
2574 4235 2885 4308 ἔμπροσθεν
2915 4236 3215 4307 μεταπέσῃ,
3251 4236 3521 4307 μηδεμιᾶς
3552 4239 3605 4307 γ’
3632 4239 3690 4291 ὲν
3718 4240 3819 4291 αὺο

2242 4329 2355 4392 τοῖς
2384 4326 2548 4398 οὔσης
2574 4326 2879 4400 ἔμπροσθεν
2910 4326 3327 4399 μεταπτώσεως.
3369 4327 3568 4400 Ἀρχὴν
3598 4331 3707 4401 ἄρα
3730 4347 3817 4384 κι-

2242 4419 2448 4489 νήσεων
2469 4417 2659 4472 πασῶν
2678 4458 2692 4481 ,
2718 4419 2812 4473 καὶ
2838 4418 3081 4492 πρώτην,
3113 4418 3170 4473 ἔν
3196 4436 3255 4472 τε
3280 4419 3475 4473 ἑστῶσι
3497 4422 3821 4493 γενομένην,

2243 4512 2333 4564 καὶ
2352 4512 2410 4564 ὲν
2438 4511 2773 4581 κινουμένοις
2795 4505 2978 4576 οὖσαν,
3008 4511 3106 4582 τὴν
3128 4511 3325 4583 ἑαυτὴν
3346 4510 3621 4577 κινοῦσαν,
3647 4514 3817 4585 φήσο-

2245 4618 2341 4672 μεν
2359 4601 2671 4669 ἀναγκαίως
2691 4596 2831 4653 εἶναι
2857 4601 3259 4674 πρεσϐυτάτην,
3282 4602 3377 4656 κα)⁵
3401 4603 3695 4674 κρατίστην
3720 4623 3817 4675 με-

566 4711 702 4766 Eum
733 4711 996 4774 videlicet,
1015 4723 1125 4778 quo
1148 4708 1276 4778 quid
1298 4723 1356 4763 se
1382 4708 1559 4777 ipsum
1588 4712 1819 4761 moveat.
1860 4701 1970 4759 Nec
1987 4704 2131 4758 enim

2249 4689 2476 4745 ταὸολῶν
2497 4688 2685 4743 πασῶν
2701 4705 2713 4718 ·
2736 4687 2831 4758 τὴν
2855 4688 2912 4741 δὲ
2947 4688 3329 4762 ἀλλοιουμένην
3356 4690 3444 4759 ὑφ’
3467 4690 3653 4762 ἑτέρου
3673 4731 3689 4755 ,
3733 4709 3818 4745 κι-

568 4804 638 4857 ab
666 4803 776 4858 alio
806 4803 1060 4873 quopiam
1105 4817 1168 4857 ea
1215 4808 1583 4863 mutarentur,
1632 4797 1741 4851 nisi
1773 4796 1952 4866 aliqua
1981 4796 2132 4865 prius

2249 4783 2429 4837 δοῦσαν
2447 4781 2502 4834 δὲ
2522 4781 2704 4852 ἕτερα,
2725 4780 3000 4850 δευτέραν.
3032 4811 3101 4821 -
3129 4780 3490 4852 ’Λληθέστατα
3512 4781 3710 4851 λέγεις.
3745 4815 3816 4828 .-

570 4895 625 4949 in
660 4894 727 4948 iis
762 4895 892 4963 ipsis
924 4893 1153 4948 mutatio
1196 4890 1554 4962 contingeret.
1606 4888 1937 4958 Principium
1971 4887 2133 4959 igitur

569 4986 698 5041 illud
731 4984 1074 5053 primumque
1104 4988 1347 5037 motuum
1374 4978 1639 5046 omnium,
1661 4976 1756 5048 qui
1780 4976 1867 5031 vel
1894 4975 1948 5029 in
1979 4978 2134 5046 quie-

2247 4873 2431 4927 Ὀπὸτε
2458 4871 2525 4942 δὴ
2556 4870 2730 4924 τοίνυν
2751 4870 2985 4924 ἐνταῦθα
3009 4872 3175 4943 ἐσμεν
3200 4870 3295 4925 τοῦ
3326 4871 3510 4941 λόγου,
3533 4873 3654 4926 τόδε
3679 4875 3816 4927 ἀπο-

2236 4962 2567 5036 κρινώμεθα.
2605 4994 2673 5001 -
2704 4961 2777 5015 Τὸ
2820 4964 3004 5028 ποῖον;
3036 4995 3103 5004 ——
3150 4962 3276 5016 Ἐὰν
3321 4962 3519 5034 ῐδωμέν
3553 4982 3654 5017 που
3682 4967 3812 5018 ταύ-

567 5076 865 5139 scentibus,
899 5075 981 5128 vel
1014 5074 1067 5126 in
1100 5073 1166 5128 iis
1187 5087 1308 5143 quae
1335 5079 1643 5136 moventur,
1676 5067 1962 5134 excitatur,
2004 5083 2129 5123 eum

2249 5068 2333 5123 την
2365 5049 2661 5121 γενομένην
2688 5051 2747 5104 ὲν
2773 5050 2852 5122 τῷ
2876 5052 3077 5123 γηΐνῳ,
3109 5052 3141 5123 ἢ
3179 5050 3413 5124 ἐνύδρῳ,
3444 5053 3478 5124 ἢ
3513 5054 3811 5125 πυροειδεῖ,

637 5256 748 5327 (:20)
792 5257 922 5324 Ἄγε
950 5252 1060 5327 691,
1091 5253 1407 5327 etc._Plato,
1444 5250 1642 5327 Legum
1670 5266 1724 5319 χ,
1756 5265 1880 5327 pag.
1907 5249 2031 5327 667,
2065 5247 2130 5306 Ρ.

635 5321 953 5398 (21))Θεόν.
993 5323 1163 5398 Forte,
1201 5323 1386 5391 θεούς,
1432 5321 1679 5392 sequitur
1726 5322 1875 5378 enim
1923 5321 2015 5373 ἐπί
2068 5336 2132 5389 γε

565 5394 837 5462 ἀπόδειξιν
868 5396 966 5464 τὴν
995 5394 1191 5464 αὐτῶν.

623 5459 1295 5536 ,(ΞεὶγΠαρὶικεκλήσθω.
1354 5463 1464 5531 Ita,
1509 5462 1585 5536 si‘
1600 5459 1723 5536 θεόν
1766 5462 2041 5531 legamus;
2083 5460 2131 5515 si

766 5531 1326 5607 παρακεκλήσθωσαν.
1368 5533 1527 5604 Apud
1554 5531 1859 5594 Platonem,
1889 5546 2132 5601 παρακε-

569 5620 599 5655 κ
740 5621 835 5656 ων.

569 5620 835 5658 κλησυων.

626 5606 1103 5743 Ρὲἓῗῖὲχόμενοι
1142 5671 1229 5738 δέ,
1264 5680 1367 5727 etc.
1399 5671 1642 5734 Ficinus,
1662 5671 2025 5743 rationemque
2045 5670 2131 5724 in-

569 5739 887 5808 qtididnmr,
916 5739 1220 5796 rudentibus
1251 5743 1509 5797 tutissime
1539 5742 1715 5796 tensis.
1744 5739 1953 5795 Judica.

2309 5250 2420 5321 (24)
2460 5251 2733 5304 Φαίνεται
2763 5251 2914 5306 κατὰ
2944 5251 3104 5308 τάδε.
3160 5251 3298 5307 Hinc
3337 5252 3614 5307 emendari
3657 5250 3815 5321 Plato

2236 5318 2444 5444 gssit,
2484 5322 2626 5390 apud
2652 5335 2813 5390 quem
2843 5322 3037 5378 vitiose
3077 5323 3311 5393 legitur,
3345 5322 3614 5392 φαίνεται.
3652 5318 3812 5394 Κᾷτα

2313 5429 2326 5453 ,
2357 5408 2402 5444 ω
2436 5390 2551 5455 ξένε
2570 5429 2585 5455 ,
2621 5401 2724 5444 etc.

2313 5429 2326 5453 ,
2357 5401 2402 5444 ω
2436 5401 2551 5455 ξένε
2570 5429 2585 5455 ,
2621 5401 2724 5444 etc.

2309 5460 2441 5532 (25),
2462 5462 2583 5513 Ἔτι
2614 5460 2712 5532 καί
2742 5459 2903 5530 τῇδε.
2946 5459 3119 5526 Plato,
3151 5461 3281 5516 ibid.
3314 5460 3526 5532 p.668,
3557 5460 3622 5529 D,
3664 5461 3813 5517 unde

2239 5530 2573 5599 sumpsimus
2603 5530 2725 5600 Ἔτι
2757 5546 2855 5600 pro
2870 5532 3023 5584 Ἐπεί
3052 5533 3198 5600 quod
3227 5530 3352 5585 ante
3384 5531 3694 5600 legebatur;
3724 5547 3814 5586 se-

2239 5547 2573 5599 sumpSImus
2603 5547 2725 5583 'mr.
2757 5547 2855 5600 pro
2875 5547 3022 5584 ἰιπει
3092 5547 3198 5587 uou
3227 5547 3352 5585 ante
3384 5547 3694 5600 tegebatur;
3724 5547 3813 5586 se-

2237 5600 2460 5671 quentia
2490 5600 2586 5671 καὶ
2617 5599 2742 5670 τῇδε
2776 5600 2976 5656 retinui
3002 5641 3019 5669 ,
3052 5547 3194 5656 (iicet
3219 5601 3363 5671 apud
3392 5599 3671 5656 Platonem
3712 5602 3813 5655 ha-

2238 5670 2451 5731 beatur,
2482 5670 2544 5731 δὴ
2574 5671 2667 5723 καὶ
2687 5671 2824 5725 τόδε.

2311 5740 2420 5811 (26)
2442 5738 2683 5795 Ἀλλου.
2710 5738 2801 5795 Sic
2827 5740 2995 5808 Plato,
3016 5755 3126 5797 non
3152 5739 3340 5812 ἄλλης,
3359 5748 3419 5795 ut
3443 5741 3595 5812 prior
3618 5739 3806 5797 editio.
