4122 6424
280 458 420 516 1057

1505 447 1821 508 ΡΒΑΞΡΔΒ.
1867 445 2114 504 EVANG.
2157 445 2285 502 LIB.
2327 445 2441 502 XII.

3389 446 3527 501 1058

275 577 697 650 κεχωρισμένῳ,
739 577 773 649 ἢ
821 579 914 631 zeal
944 577 1236 648 ξυμμιγεῖ,
1278 575 1331 628 τί
1361 591 1488 628 ποτε
1518 574 1761 645 φήσομεν
1795 571 1852 624 ὲν

1959 567 2176 636 inquam
2209 573 2438 632 motum,
2487 564 2580 636 qui
2628 580 2723 634 per
2763 581 2822 622 se
2860 565 3034 636 ipsum
3066 563 3313 627 exsistit,
3347 574 3528 619 muta--

275 671 358 741 τῷ
387 670 612 739 τοιούτῳ
644 668 815 732 πάθος
858 671 1088 734 ὲνεῖναι;
1117 692 1187 710 -ο
1212 665 1343 720 Μῶν
1375 666 1480 736 ἄρα
1512 682 1574 736 με
1619 665 1848 736 ἐρωτᾷς,

275 763 329 816 εἰ
357 761 456 832 ζῇν
489 761 621 814 αὐτὸ
651 759 1025 831 προσεροῦμεν
1051 801 1066 825 ,
1108 759 1233 811 ὅταν
1262 756 1390 810 αὐτὸ
1423 757 1554 809 αὐτὸ
1589 758 1710 825 κινῇ
1737 772 1751 818 ;
1786 785 1854 794 —

275 852 416 915 Ναί,
448 851 564 922 ζῇν·
591 849 708 914 πῶς
737 849 847 921 γὰρ
891 847 952 901 οὖ
975 847 1151 913 ;-Τί
1170 847 1261 912 δέ;
1290 847 1417 899 ὅταν
1438 845 1614 916 ψυχὴν
1633 843 1688 897 ἕν
1713 860 1854 897 τισιν

273 941 494 1012 ὁρῶμεν
511 981 525 1004 ,
557 939 672 1011 μῶν
692 939 817 993 ἀλλο
840 937 951 1010 (27)
983 939 1017 1009 ἢ
1049 937 1243 991 ταύτὸν
1265 935 1436 1005 τούτῳ
1462 935 1558 1006 ζῇν
1591 935 1852 1006 ὁμολογη-

273 1032 430 1096 τέονς
455 1062 522 1072 -—
545 1031 658 1084 Ούκ
685 1029 1041 1098 ἀλλο.--”Εχε
1077 1028 1161 1100 δὴ,
1196 1027 1330 1099 πρὸς
1363 1027 1503 1090 Διὸς·
1539 1024 1626 1098 ἆρ’
1655 1028 1754 1080 οὐκ
1787 1025 1853 1080 ἂν

274 1121 482 1184 ἐθέλοις
511 1119 639 1192 περὶ
663 1119 892 1174 ἕκαστον
921 1119 1048 1192 τρία
1079 1119 1252 1188 νοεῖνῇ
1280 1151 1345 1160 -
1379 1117 1503 1181 Πῶς
1545 1117 1752 1187 λέγεις;
1784 1150 1854 1159 --

280 1210 381 1262 Ἕν
413 1210 511 1280 μὲν
546 1208 644 1280 τὴν
670 1207 856 1262 οὐσίαν
874 1249 889 1274 ,
936 1207 994 1262 ἓν
1021 1208 1078 1262 δὲ
1101 1208 1201 1279 τῆς
1231 1207 1416 1271 οὐσίας
1447 1207 1539 1260 τὸν
1569 1207 1726 1277 λόγον
1746 1248 1761 1270 ,
1793 1209 1854 1262 ἓν

271 1301 338 1355 δὲ
365 1301 425 1354 τὸ
452 1300 656 1372 δνομα*
695 1302 788 1355 zeal
811 1300 874 1372 δὴ
908 1301 1002 1354 καὶ
1031 1301 1329 1372 ἐρωτήσεις
1370 1298 1507 1356 εἶναι
1542 1302 1670 1373 περὶ
1706 1301 1766 1354 τὸ
1793 1301 1853 1355 ὂν

277 1393 459 1459 ἀπαν,
491 1391 603 1445 δύο.
627 1391 840 1456 -Πῶς
873 1391 993 1456 δύο;
1037 1422 1108 1433 -
1147 1391 1279 1444 Τοτὲ
1308 1391 1406 1463 μὲν
1434 1393 1591 1464 ήμῶν
1623 1393 1853 1446 ἕκαστον

273 1482 518 1555 τοῦνομα
544 1484 958 1557 προτεινόμενον
980 1482 1110 1537 αὐτὸ
1131 1482 1222 1536 τὸν
1243 1483 1400 1553 λόγον
1427 1485 1676 1538 ἀπαιτεῖν
1690 1525 1704 1549 ,
1731 1485 1852 1538 τοτὲ

273 1576 338 1630 δὲ
361 1576 450 1629 τὸν
474 1575 629 1644 λόγον
655 1575 817 1630 αὐτὸν
836 1575 1248 1647 προτεινόμενον
1272 1577 1482 1648 ἐρωτᾷν
1506 1572 1572 1630 αὖ
1594 1575 1848 1647 τοῦνομα.

275 1663 431 1738 Ἀρά
447 1683 511 1736 γε
526 1666 585 1719 τὸ
597 1665 788 1720 τοιόνδ’
812 1662 878 1720 αὖ
899 1666 1199 1738 βουλόμεθα
1219 1667 1312 1720 νῦν
1327 1666 1504 1736 λέγειν
1520 1684 1534 1732 ;
1550 1699 1618 1708 —
1638 1667 1713 1720 Τὸ
1733 1669 1850 1720 ποῖ-

274 1775 342 1811 ον
365 1774 380 1824 ;
407 1790 473 1800 —
497 1759 652 1812 Ἔστι
672 1775 774 1811 που
799 1757 921 1829 δίχα
946 1757 1318 1830 διαιρούμενον
1339 1760 1417 1822 εἰς
1437 1759 1526 1813 ἶσα
1552 1759 1691 1831 μέρη
1719 1759 1849 1829 (28),

275 1852 341 1902 ὲν
372 1848 576 1904 ἄλλοισί
607 1867 666 1903 τε
701 1851 795 1903 καὶ
827 1851 886 1903 ὲν
914 1849 1151 1922 ἀριθμῶ.
1183 1849 1368 1922 Τούτῳ
1391 1849 1453 1920 δὴ
1483 1849 1560 1921 τῷ
1587 1853 1706 1904 κατ’
1731 1852 1852 1920 ἀρι-

1959 659 2168 713 tionum
2215 658 2459 712 omnium
2490 665 2548 712 ut
2574 657 3010 727 antiquissimam
3031 699 3047 722 ,
3083 658 3154 712 ita
3183 658 3523 726 potissimam

1959 764 2023 804 ac
2047 748 2548 819 praestantissimam
2574 749 2821 804 dicamus
2847 764 3067 804 necesse
3098 759 3210 813 est;
3261 751 3353 819 qui
3399 767 3528 803 vero

1959 841 2296 895 extrinsecus
2325 839 2610 904 inferatur,
2642 841 2855 909 aliaque
2881 850 3115 907 moveat,
3140 843 3382 896 secundo
3409 841 3529 895 loco

1960 933 2371 987 numerandam.
2395 964 2465 973 —
2487 930 2604 988 Non
2636 932 2856 1003 potuisti
2886 934 3086 988 verius.
3103 960 3168 973 —
3187 930 3363 996 Nunc,
3390 947 3530 1002 quo—

1959 1023 2104 1078 niam
2136 1025 2240 1078 huc
2269 1039 2439 1093 usque
2467 1024 2808 1092 devenimus,
2855 1039 2952 1094 age
2981 1025 3084 1080 hoc
3105 1024 3265 1080 etiam
3298 1037 3527 1092 respon-

1959 1115 2278 1170 deamus.-—-
2304 1114 2443 1182 Quid
2474 1115 2689 1170 tandem
2705 1117 2799 1170 ?-
2829 1115 2886 1170 Si
2909 1117 3126 1186 quando
3145 1128 3351 1172 motum
3375 1118 3527 1171 illum

1958 1207 2278 1277 principem,
2324 1207 2380 1262 in
2427 1222 2486 1262 re
2528 1207 2709 1278 aliqua
2737 1208 2820 1263 vel
2856 1209 3120 1274 terrestri,
3158 1209 3239 1264 vel
3280 1209 3526 1279 aquatili,

1957 1300 2040 1353 vel
2073 1299 2250 1370 ignea,
2277 1315 2371 1355 seu
2399 1300 2627 1369 simplex
2655 1300 2765 1364 illa,
2792 1315 2887 1355 seu
2920 1301 3076 1355 mista
3119 1301 3300 1361 fuerit.
3351 1301 3530 1356 inesse

1957 1389 2261 1456 videamus,
2307 1391 2762 1460 quemadmodum
2788 1392 3031 1446 alfectam
3064 1393 3207 1446 illam
3238 1407 3360 1448 esse
3383 1393 3530 1448 dice-

1958 1497 2082 1537 mus
2097 1481 2662 1553 ?—Rogasne,utrum
2685 1499 2804 1538 eam
2836 1500 2956 1554 quae
2987 1499 3044 1539 se
3074 1484 3242 1554 ipsam
3271 1485 3529 1548 movebit,

1957 1574 2138 1628 vivere
2171 1575 2513 1630 statuamus?
2538 1603 2603 1613 —
2635 1574 2731 1640 lla,
2756 1577 2956 1630 vivere.
2999 1575 3137 1642 Quid
3165 1576 3310 1630 enim
3340 1577 3486 1632 aliud
3505 1577 3532 1631 τ

1957 1665 2213 1721 Animum
2262 1681 2390 1722 vero
2434 1667 2481 1723 si
2528 1667 2762 1736 cuipiam
2797 1667 2975 1723 inesse
3013 1665 3341 1733 viderimus,
3394 1682 3530 1722 num

1958 1759 2104 1814 aliud
2132 1761 2260 1830 quid
2288 1761 2484 1829 ipsum,
2520 1775 2684 1830 quam
2721 1760 2820 1816 hoc
2863 1760 3026 1822 idem,
3057 1759 3256 1825 vivere,
3282 1760 3526 1830 inquam,

1957 1851 2237 1907 dicemus?
2262 1882 2332 1892 —
2357 1853 2512 1907 Aliud
2559 1853 2787 1907 nihil.—
2810 1853 3037 1907 Attende
3078 1867 3173 1922 per
3197 1851 3404 1914 Jovem.
3434 1867 3528 1907 so-

275 1943 418 2012 θμὸν
443 1942 612 2012 ὄνομα
637 1943 734 2013 μὲν
757 1942 939 2016 ἄρτιον
958 1962 971 1975 ·
992 1943 1147 2012 λόγος
1163 1943 1219 1997 δὲ
1241 1942 1470 2014 ἀριθμὸς
1485 1943 1854 2014 διαιρούμενος

1963 1945 2104 1998 des:
2143 1959 2322 1998 annon
2366 1944 2530 1999 rebus
2573 1944 2626 1998 in
2679 1944 2908 2014 singulis
2959 1944 3062 1997 tria
3107 1943 3323 2012 quidem
3359 1957 3528 2014 agno-

277 2035 364 2096 εἱς
387 2031 475 2085 ἶσα
501 2033 641 2103 μέρη
661 2031 773 2085 δύο.
797 2063 866 2073 ——
886 2033 1014 2087 Ναί.
1038 2065 1108 2077 ——
1127 2035 1199 2088 Τὸ
1218 2033 1454 2087 τοιοῦτον
1478 2035 1694 2104 φράζωο
1738 2033 1854 2104 μῶν

274 2116 375 2174 οὖν
390 2121 450 2173 οὐ
465 2120 656 2174 ταύτὸν
669 2120 944 2192 ἑκατέρως
959 2121 1454 2194 προσαγορεύομεν,
1469 2124 1563 2176 ὲάν
1579 2141 1661 2189 τε,
1674 2123 1762 2176 τὸν
1776 2124 1860 2178 λό-

276 2229 378 2281 γον
393 2211 756 2284 ἐρωτώμενοι,
774 2211 1011 2284 τούνομα
1030 2213 1388 2285 ἀποδιδῶμεν,
1413 2215 1506 2268 ὲάν
1520 2231 1579 2266 τε
1599 2212 1751 2267 τοῦνο
1759 2231 1854 2285 μα,

276 2303 373 2357 τὸν
394 2303 567 2372 λόγον,
596 2302 778 2374 ἄρτιον
799 2303 1020 2375 ὀνόματι
1041 2304 1150 2375 (29)
1174 2305 1267 2358 zeal
1287 2303 1429 2375 λόγῳ
1447 2346 1461 2369 ,
1487 2304 1607 2374 δίχα
1626 2303 1859 2376 διαιρού-

282 2410 447 2464 μενον
472 2393 702 2464 ἀριθμὸν
724 2394 1236 2466 προσαγορεύοντες,
1253 2395 1444 2449 ταύτὸν
1464 2395 1521 2448 ὸν
1538 2396 1856 2459 ;-Ιῖαντά-

279 2499 420 2537 πασι
443 2483 538 2553 μὲν
557 2480 668 2537 οὖν.
687 2477 830 2554 -τῼ
854 2483 918 2554 δὴ
933 2483 1077 2555 ψυχὴ
1093 2483 1348 2555 τοῦνομα,
1370 2484 1454 2548 τίς
1465 2483 1652 2537 τούτου
1669 2483 1822 2552 λόγος
1839 2501 1854 2548 ;

284 2575 529 2644 Ἔχομεν
553 2573 736 2638 ἄλλον,
773 2575 914 2645 πλὴν
945 2575 1034 2628 τὸν
1067 2575 1159 2628 νῦν
1192 2575 1256 2647 δὴ
1294 2575 1545 2647 ρηθέντα,
1573 2576 1672 2646 τὴν
1701 2576 1859 2630 δυνα-

283 2664 459 2736 μένην
486 2665 654 2737 αύτὴν
681 2666 874 2737 ἑαυτὴν
911 2669 1078 2720 κινεῖν
1116 2668 1364 2738 κίνησιν;
1397 2668 1470 2722 Τὸ
1493 2667 1652 2722 ἑαυτὸ
1690 2670 1858 2720 κινεῖν

281 2758 394 2828 φῂς
413 2757 569 2824 λόγον
591 2757 734 2828 ἔχειν
761 2757 858 2829 τὴν
889 2759 1056 2830 αὐτὴν
1095 2760 1304 2826 οὐσίαν,
1334 2759 1399 2831 ἣν
1427 2758 1564 2831 πρὸς
1596 2759 1853 2831 τοῦνομα,

279 2848 312 2901 ὃ
343 2847 409 2918 δὴ
441 2848 632 2912 πάντες
657 2849 831 2920 ψυχὴν
854 2850 1330 2922 προσαγορεύομεν
1351 2849 1588 2922 ;-Φημί
1617 2868 1704 2920 γε.
1725 2852 1857 2904 -Εἰ

281 2937 328 2991 δ’
355 2937 474 2991 ἐστὶ
513 2938 669 2992 τοῦτο
685 2938 855 3004 οὕτως
878 2939 1018 3010 ἔχον,
1047 2937 1135 3012 ἆρ’
1164 2941 1529 3014 ἔτιποθοῦμεν
1559 2943 1633 3014 μὴ
1661 2943 1858 3008 ἱκανῶς

281 3028 554 3100 δεδεῖχθαι
577 3029 754 3102 ψυχὴν
777 3031 970 3084 ταύτὸν
996 3031 1077 3095 ὃν,
1117 3034 1209 3086 zeal
1241 3034 1341 3104 τὴν
1368 3032 1590 3104 πρώτην
1621 3033 1856 3105 κίνησιν,

283 3120 386 3174 zeal
409 3121 622 3189 γένεσιν
650 3123 760 3176 τῶν
780 3139 837 3176 τε
867 3122 1056 3187 ὄντων,
1080 3125 1173 3176 zeal
1201 3126 1518 3194 γεγονότων,
1546 3127 1637 3180 καὶ
1668 3126 1858 3198 ἐσομέ-

281 3230 416 3278 νων,
449 3213 544 3267 καὶ
561 3213 777 3268 πάντων
802 3209 868 3267 αὖ
889 3215 996 3268 τῶν
1029 3215 1284 3269 ἐναντίων
1311 3216 1551 3282 τούτοιςς
1575 3217 1759 3290 ἐπειδή
1792 3236 1856 3288 γε

283 3306 533 3376 ἀνεφάνη
573 3307 873 3379 μεταϐολῆς
915 3324 975 3360 τε
1016 3308 1110 3361 zeal
1143 3310 1404 3380 κινήσεως
1445 3309 1662 3382 ἀπάσης
1709 3312 1856 3366 αἰτία

283 3397 514 3453 ἅπασιν.
539 3427 608 3438 -
632 3397 764 3452 Οὔκ.
792 3427 860 3439 -—
902 3398 1058 3452 Ἀλλά
1091 3399 1391 3455 ἱκανώτατα
1422 3401 1685 3456 δέδεικται
1713 3401 1857 3474 ψυχὴ

281 3489 398 3544 τῶν
413 3489 628 3545 πάντων
644 3491 1013 3564 πρεσϐυτάτη,
1029 3492 1296 3564 γενομένη
1324 3509 1382 3545 τε
1399 3492 1541 3564 ἀρχὴ
1567 3495 1853 3566 κινήσεως.

282 3577 416 3651 Ἆρ’
443 3578 537 3636 οὖν
568 3582 668 3653 οὐχ
692 3584 726 3653 ἡ
752 3582 817 3636 δι’
859 3583 1042 3655 ἕτερον
1089 3585 1148 3638 ὲν
1173 3583 1314 3655 ἀλλῳ
1341 3583 1598 3656 γινομένη
1627 3585 1855 3656 κίνησις,

285 3671 422 3726 αὐτὸ
445 3673 502 3726 δὲ
528 3673 586 3726 ὲν
618 3673 767 3744 αύτῷ
802 3673 1066 3744 μηδέποτε
1109 3675 1424 3748 παρέχουσα
1462 3675 1726 3730 κινεῖσθαι
1758 3693 1860 3748 μη-

284 3762 396 3827 δὲν,
427 3761 654 3834 δευτέρα
677 3780 758 3828 τε,
784 3763 878 3816 zeal
897 3765 1106 3819 ὁπόσων
1139 3765 1386 3837 ἀριθμῶν
1409 3765 1646 3836 βούλοιτο
1675 3767 1741 3822 ἀν
1777 3784 1860 3831 τις

283 3853 539 3924 ἀριθμεῖν
563 3854 732 3926 αὐτὴν
753 3855 1068 3928 πολλοστὴν,
1103 3857 1390 3923 τοσούτων,
1437 3859 1686 3930 σώματος
1723 3857 1859 3915 οὖσα

285 3945 457 4010 ὅντως
483 3947 690 4019 ἀψύχου
730 3948 1032 4021 μεταϐολή;
1080 3980 1130 3988 -
1169 3951 1393 4019 Ὀρθῶς.
1417 3952 1700 4025 -Ὀρθῶς
1731 3954 1857 4025 ἀρα,

285 4038 385 4090 zeal
416 4037 639 4109 κυρίως,
660 4037 1002 4110 ἀληθέστατά
1028 4058 1110 4103 τε,
1139 4041 1232 4095 καὶ
1254 4041 1558 4096 τελεώτατα
1579 4045 1860 4115 εἰρηκότες

287 4127 358 4182 ἂν
388 4128 580 4200 εἴημεν
608 4129 784 4201 ψυχὴν
817 4131 914 4200 μὲν
954 4129 1224 4203 προτέραν
1256 4133 1540 4201 γεγονέναι
1585 4133 1858 4206 σώματος,

284 4223 320 4294 ἢ
348 4223 463 4293 μή;
511 4220 668 4291 σῶμα
701 4221 757 4273 δὲ
793 4221 1042 4293 δεύτερόν
1079 4239 1139 4276 τε
1173 4223 1268 4276 zeal
1302 4223 1524 4296 ὕστερον
1555 4224 1733 4298 ψυχῆς
1771 4227 1862 4298 ἀρ-

283 4314 490 4385 χούσης
519 4313 818 4383 ἀρχόμενον
852 4313 992 4366 κατά
1021 4313 1210 4382 φύσιν;
1245 4344 1316 4354 -
1354 4315 1714 4386 ’Λληθέστατα
1762 4318 1862 4388 μὲν

283 4401 401 4459 οὖν.
441 4433 508 4443 -—
537 4403 882 4474 Μεμνήμεθά
925 4421 990 4472 γε
1035 4405 1139 4475 μὴν
1181 4404 1614 4476 ὁμολογήσαντες
1651 4410 1708 4462 ὲν
1750 4411 1861 4472 τοῖς

283 4497 556 4570 πρόσθεν,
602 4498 676 4562 ὡς
704 4501 752 4552 εἰ
779 4499 938 4570 ’ψυχὴ
977 4498 1170 4569 φανείη
1224 4498 1568 4571 πρεσϐυτέρα
1610 4499 1862 4571 σώματος

1962 2036 2104 2090 scis?
2123 2067 2191 2076 -—
2211 2035 2376 2102 Qum?
2399 2066 2470 2076 —
2488 2035 2752 2101 Primum,
2791 2035 3114 2101 essentiam;
3153 2035 3402 2098 alterum,
3434 2049 3526 2089 es-

1959 2127 2147 2182 sentia:
2191 2127 2489 2194 rationem;
2527 2128 2742 2182 tertium
2773 2127 3035 2198 denique,
3061 2141 3258 2182 nomen
3304 2127 3524 2197 ipsum;
3561 2127 3570 2139 '

1958 2218 2174 2287 duoque
2212 2227 2470 2288 praeterea
2513 2218 2581 2272 de
2623 2218 2852 2288 singulis
2883 2219 3053 2289 quaeri
3091 2231 3270 2287 posse.
3301 2245 3370 2256 —
3395 2215 3529 2282 Qum

1956 2307 2106 2363 duo?
2131 2339 2199 2347 —
2229 2309 2471 2364 Alterum
2499 2310 2742 2380 quidem,
2768 2310 2896 2365 dum
2919 2309 3140 2364 nomine
3183 2309 3302 2379 ipso
3323 2324 3525 2378 propo-

1958 2401 2086 2466 sito,
2123 2401 2390 2456 rationem
2421 2401 2716 2472 qumrimus
2745 2421 2760 2469 ;
2807 2401 3034 2456 alterum
3064 2415 3225 2465 vero,
3274 2399 3404 2454 dum
3437 2414 3529 2454 ra-

1958 2494 2104 2548 tione
2135 2494 2420 2563 producta,
2459 2509 2656 2550 nomen
2727 2509 3004 2565 rogamus.
3061 2491 3202 2547 Num
3245 2507 3376 2548 vero
3420 2491 3528 2546 tale

1958 2586 2087 2679 quid
2111 2586 2287 2679 placet
2309 2585 2470 2679 etiam
2495 2586 2549 2640 in
2573 2586 2860 2679 praesentia
2888 2583 3444 2679 dicere_?;—Quidnam
3462 2583 3529 2679 il-

1958 2676 2049 2731 lud
2069 2677 2144 2730 ?—
2164 2675 2259 2732 Est
2284 2675 2541 2731 nimirum
2571 2676 2625 2730 in
2653 2677 2864 2731 caeteris
2885 2674 3245 2746 aliquidftum
3276 2674 3440 2730 etiam
3469 2674 3527 2729 in

1958 2783 2206 2833 numero,
2257 2768 2402 2837 quod
2449 2769 2504 2822 in
2538 2777 2718 2837 partes
2761 2769 2996 2838 aequales
3047 2767 3318 2822 dividatur
3367 2766 3525 2823 duas.

1957 2858 2023 2914 Et
2052 2861 2104 2914 in
2131 2876 2360 2915 numero
2389 2861 2606 2931 quidem
2638 2861 2758 2930 ejus
2784 2861 2999 2930 generis
3026 2875 3223 2914 nomen
3249 2867 3352 2925 est,
3384 2873 3525 2928 par;

1958 2954 2096 3008 ratio
2122 2967 2275 3018 vero,
2311 2965 2572 3008 numerus
2600 2954 2735 3022 ipse,
2766 2954 2858 3022 qui
2886 2954 3022 3008 duas
3051 2953 3103 3006 in
3136 2960 3316 3022 partes
3346 2965 3529 3020 aequa-

1958 3044 2036 3099 les
2064 3043 2358 3099 dividatur.
2384 3072 2455 3083 —
2483 3043 2575 3099 Sic
2623 3052 2728 3098 est.
2762 3073 2827 3084 —
2856 3041 2970 3114 Ego
3017 3057 3147 3098 vero
3189 3042 3368 3098 simile
3397 3043 3527 3112 quid

1959 3134 2099 3188 dico.
2141 3132 2396 3202 Nunquid
2445 3147 2560 3187 rem
2587 3131 2830 3188 eamdem
2863 3140 3094 3201 utroque
3120 3130 3281 3183 modo
3314 3127 3525 3199 signiti-

1959 3239 2171 3292 camus,
2201 3239 2298 3280 seu
2323 3226 2452 3279 dum
2480 3224 2618 3278 ratio
2651 3222 2931 3295 quaeritur,
2967 3237 3165 3278 nomen
3197 3219 3528 3294 respondea—

1957 3333 2114 3384 mus,
2149 3332 2244 3373 seu
2271 3317 2400 3372 dum
2432 3331 2662 3384 nomen,
2705 3315 3012 3370 rationem?
3053 3315 3129 3369 ita
3159 3324 3250 3380 ut,
3285 3323 3395 3368 tam
3432 3328 3530 3367 no-

1956 3410 2124 3476 mine,
2152 3423 2317 3480 quam
2343 3409 2572 3473 ratione,
2605 3423 2791 3478 parem
2834 3421 3004 3462 unum
3035 3407 3390 3476 eumdemque
3421 3421 3530 3458 nu-

1960 3515 2172 3556 merum
2213 3501 2466 3556 bifariam
2496 3499 2754 3566 divisum,
2812 3499 3178 3571 appellemus?
3200 3531 3271 3540 —
3297 3497 3530 3553 Prorsus

1958 3593 2228 3650 eamdem.
2255 3622 2326 3633 —
2358 3591 2492 3662 Ejus
2543 3600 2724 3647 autem
2769 3593 2884 3657 rei,
2917 3592 3004 3648 cui
3052 3605 3246 3646 nomen
3293 3590 3529 3656 animus,

1959 3701 2082 3756 qua).
2107 3685 2320 3742 tandem
2347 3685 2489 3741 ratio
2537 3686 2658 3742 est?
2684 3685 2847 3758 625
2871 3686 3119 3740 Aliamne
3165 3685 3403 3754 aliquam
3432 3682 3534 3738 ba-

1960 3779 2150 3835 bemus
2196 3794 2359 3851 quam
2392 3794 2512 3833 eam
2536 3818 2552 3845 ,
2581 3794 2686 3850 qua
2715 3779 2780 3833 de
2807 3779 2967 3849 paulo
2995 3787 3119 3833 ante
3139 3817 3156 3841 ,
3183 3787 3410 3842 motum,
3445 3774 3534 3830 in-

1961 3887 2146 3942 quam,
2171 3871 2342 3935 illum,
2371 3870 2574 3942 quiper
2603 3886 2662 3927 se
2686 3871 2862 3940 ipsum
2887 3870 3152 3926 exsistat?
3179 3868 3299 3924 Vin‘
3325 3877 3385 3923 tu
3409 3867 3533 3937 ejus

1961 3975 2188 4030 naturae,
2243 3979 2409 4034 quam
2458 3963 2626 4017 animi
2671 3963 2892 4017 nomine
2936 3977 3125 4018 omnes
3173 3961 3530 4031 appellamus,

1961 4055 2236 4127 propriam
2270 4057 2412 4110 hanc
2454 4055 2719 4110 rationem
2750 4070 2894 4123 esse,
2929 4054 3074 4126 quod
3113 4067 3174 4109 se
3214 4053 3386 4122 ipsam
3413 4067 3532 4107 mo-

1962 4147 2346 4212 veat?—Volo,
2366 4143 2850 4202 euimvero.—Hoc
2877 4155 3058 4200 autem
3089 4145 3138 4198 si
3169 4144 3242 4198 ita
3271 4152 3374 4210 est,
3400 4157 3532 4197 num

1963 4239 2164 4310 aliquid
2191 4249 2450 4310 praeterea
2478 4237 2872 4301 desideramus,
2890 4237 3048 4307 quasi
3077 4235 3251 4290 minus
3277 4233 3530 4289 enectum

1961 4335 2142 4390 adhuc
2196 4334 2592 4404 probatumque
2623 4331 2807 4396 fuerit,
2856 4331 3096 4385 animum
3130 4329 3270 4384 idem
3313 4344 3436 4386 esse
3467 4343 3532 4383 ac

1961 4429 2192 4498 primam
2220 4425 2621 4496 generationem
2655 4431 2974 4492 motumque
3005 4435 3206 4486 rerum,
3236 4436 3342 4475 non
3369 4421 3534 4475 modo

1965 4534 2086 4588 quae
2115 4517 2244 4584 sint,
2290 4531 2474 4570 verum
2501 4515 2665 4570 etiam
2693 4529 2814 4585 qua:
2844 4514 2927 4568 vel
2953 4511 3176 4578 fuerint,
3226 4513 3309 4568 vel
3337 4512 3534 4568 futura:

281 4589 445 4655 οὖσα,
477 4590 573 4644 καὶ
595 4590 664 4644 τὰ
683 4589 857 4660 ψυχῆς
878 4589 985 4642 τῶν
1012 4587 1106 4641 τοῦ
1144 4587 1392 4658 σώματος
1413 4589 1586 4643 ἔσοιτο
1616 4589 1856 4660 πρεσϐύ-

1962 4587 2105 4675 sint;
2151 4609 2389 4679 itemque
2420 4607 2822 4663 contrariarum
2849 4607 2957 4663 illis
2982 4608 3251 4672 omnium,
3283 4602 3532 4677 quando-

280 4697 457 4754 τερα;
487 4713 556 4722 -
577 4681 721 4734 Πάνυ
763 4682 859 4750 μὲν
899 4674 1012 4735 οὖν.
1043 4710 1114 4720 —
1143 4679 1346 4751 Τρόποι
1385 4680 1441 4733 δὲ
1462 4681 1555 4734 zeal
1590 4679 1719 4750 ήθη,
1768 4682 1860 4734 zeal

287 4774 592 4845 βουλήσεις,
624 4772 718 4826 zeal
757 4771 1024 4843 λογισμοὶ,
1076 4769 1170 4824 zeal
1212 4769 1360 4834 δόξαι
1391 4771 1627 4842 ἀληθεῖς,
1671 4771 1860 4841 ἐπιμέ-

281 4864 432 4918 λειαί
452 4881 511 4916 τε
537 4863 632 4916 zeal
667 4865 909 4934 μνῆμαι,
941 4861 1180 4932 πρότερα
1217 4863 1423 4933 μήκους
1469 4862 1734 4932 σωμάτων
1764 4864 1860 4917 καὶ

284 4953 546 5018 πλάτους,
573 4955 666 5007 zeal
697 4953 912 5022 βάθους,
939 4953 1032 5006 καὶ
1056 4951 1250 5023 ῥώμης
1271 4951 1354 5023 εἴη
1376 4953 1635 5021 γεγονότα
1669 4954 1757 5017 ἂν,
1787 4955 1862 5008 εἴ·

285 5062 399 5116 περ
415 5045 507 5098 καὶ
532 5045 676 5116 ψυχὴ
695 5044 1035 5117 σώματος.-
1049 5041 1506 5116 Ἀνάγκη-Ἆρ’
1533 5041 1624 5099 οὖν
1645 5045 1706 5098 τὸ
1723 5046 1863 5116 μετά

280 5134 434 5189 τοῦθ’
451 5137 730 5207 ὁμολογεῖν
766 5137 1081 5204 ἀναγκαῖον,
1106 5136 1214 5189 τῶν
1240 5153 1300 5188 τε
1329 5135 1551 5204 ἀγαθῶν
1578 5136 1754 5192 αἰτίαν
1787 5133 1862 5190 εἷ-

284 5245 378 5282 ναι
408 5227 584 5299 ψυχὴν
624 5229 716 5282 καὶ
740 5228 845 5283 τῶν
874 5229 1078 5292 κακῶν,
1108 5229 1201 5282 zeal
1244 5228 1423 5282 καλῶν
1476 5229 1568 5282 zeal
1594 5229 1858 5302 αἰσχρῶν,

361 5382 474 5454 (27)
513 5383 656 5439 Μῶν
681 5385 866 5448 ἄλλο,
898 5395 1002 5441 etc.
1031 5385 1284 5448 Ficinns,
1320 5383 1464 5438 Num
1513 5384 1575 5438 ob
1604 5384 1753 5438 aliud
1782 5387 1858 5440 υἱ-

283 5469 408 5524 gere
439 5456 630 5524 ipsum,
654 5471 812 5524 quam
845 5457 906 5509 ob
932 5457 1027 5510 hoc
1054 5457 1404 5524 putabimus?
1431 5454 1507 5509 οδ
1538 5456 1633 5508 hoc
1661 5457 1854 5521 ipsum.

281 5523 446 5598 Legit
474 5523 614 5598 ferte
639 5523 697 5577 ἐν
725 5542 852 5598 τινι,
876 5542 1012 5598 Anon
1039 5523 1094 5578 ἐν
1122 5534 1333 5598 τισιηει
1354 5524 1528 5598 τούτῳ
1557 5541 1651 5598 pro
1686 5526 1856 5598 ταύτῃ

279 5595 356 5664 τῇ
379 5592 532 5664 item
562 5594 812 5662 sumpsit.
859 5596 928 5649 At
957 5595 1110 5650 Plato
1138 5593 1377 5650 nondum
1407 5594 1459 5648 id
1487 5592 1617 5664 agit,
1651 5604 1709 5648 ut
1737 5592 1856 5649 cor";

280 5678 394 5745 pus
419 5667 605 5718 animo
627 5665 806 5744 vivere
831 5666 1101 5745 ostendat,
1134 5664 1243 5745 sed‘
1258 5672 1491 5745 tantum,
1529 5665 1589 5718 u't
1613 5665 1855 5745 animum

283 5731 411 5804 ipsi;
419 5749 468 5786 ιιι
495 5749 588 5803 per
619 5748 739 5788 sese
758 5735 940 5790 vivere
970 5736 1184 5790 doceat.
1203 5732 1364 5788 Forte
1383 5731 1538 5786 τοῦτο
1567 5749 1666 5804 pro
1685 5733 1859 5804 τούτῳ

285 5803 490 5858 melius
520 5805 802 5871 legeretur.

361 5871 474 5942 (28)
514 5875 619 5938 Εἰς
648 5872 752 5926 ἴσα
784 5873 952 5944 μέρη.
985 5871 1111 5929 llaec
1143 5871 1296 5927 Plato
1323 5886 1432 5927 non
1467 5871 1644 5928 habet.

1961 4702 2179 4774 quidem
2232 4700 2399 4757 semel
2451 4715 2572 4756 eam
2620 4701 2938 4758 mutationis
2987 4715 3052 4756 ac
3093 4710 3276 4757 motus
3329 4700 3530 4766 omnis,

1962 4809 2219 4865 omnibus
2244 4823 2468 4865 causam
2500 4823 2623 4865 esse
2648 4809 2993 4866 constiterit?
3015 4839 3082 4849 —
3109 4808 3256 4865 Nihil
3281 4824 3434 4866 sane.
3461 4835 3534 4850 -

1962 4915 2077 4972 lmo
2116 4917 2357 4972 animum
2397 4925 2453 4972 et
2480 4932 2664 4973 rerum
2695 4917 3131 4989 antiquissimam
3163 4915 3444 4981 omnium,
3479 4925 3534 4970 et

1962 5032 2144 5079 motus
2172 5023 2502 5094 principium
2533 5038 2676 5089 esse,
2726 5023 2862 5079 satis
2889 5035 3161 5093 superque
3186 5019 3531 5076 demonstra-

1963 5140 2078 5186 tum
2101 5139 2204 5186 est.
2245 5127 2436 5185 Nonne
2457 5129 2620 5200 igitur
2649 5129 2950 5200 impressus
2981 5126 3136 5183 alteri
3169 5125 3388 5182 aliunde
3414 5139 3534 5178 mo~

1962 5241 2071 5296 tus,
2094 5231 2298 5302 quique
2327 5246 2602 5302 nunquam
2629 5227 2842 5294 efficiat,
2858 5236 2921 5284 ut
2948 5241 3008 5283 se
3033 5227 3209 5297 ipsum
3235 5224 3533 5295 quidquam

2033 5389 2145 5461 (29)
2170 5391 2399 5461 Ἄρειον
2426 5389 2689 5461 dirarari,
2711 5396 2814 5442 etc.
2847 5385 3069 5461 Ficinus
3099 5383 3256 5453 legit,
3283 5381 3530 5461 ὀνόματι,

1961 5453 2054 5514 zeal
2091 5453 2245 5531 λόγω
2275 5460 2397 5531 δίχα
2433 5453 2806 5531 διαιρούμενον
2831 5494 2846 5519 ,
2893 5466 2971 5531 ut_
3000 5453 3188 5531 ἀρτιον
3227 5468 3352 5531 cum
3382 5453 3531 5508 solo

1959 5523 2743 5607 όνόματὶξηειί’διαιρούμενον
2785 5541 2909 5607 quin
2955 5523 3098 5594 λόγῳ
3134 5523 3528 5607 ‘conjungatur.

1960 5593 2072 5654 Nec
2104 5593 2351 5667 displicet
2373 5612 2436 5651 ea
2470 5593 2766 5667 distinctio.
2790 5593 3100 5667 Utramque
3130 5601 3310 5667 tamen
3338 5594 3532 5667 editio-

1959 5684 2084 5724 nem
2115 5661 2334 5722 secutus
2359 5681 2503 5734 sum,
2528 5664 2672 5734 quod
2706 5665 2759 5718 in
2789 5661 3225 5734 lectionemajqr
3250 5661 3528 5734 quaedam,

1959 5749 2016 5794 et
2041 5737 2232 5820 qualis.
2260 5752 2289 5790 a
2327 5726 2561 5816 Pla'tone'
2591 5735 2920 5804 postulatur,
2965 5726 3225 5804 ὀνόματός
3267 5726 3321 5787 et
3365 5731 3534 5806 λόγου

1959 5816 2272 5862 coniunctio
2309 5806 2575 5862 videatur.

1959 5821 2272 5879 coniunctio
2309 5821 2575 5862 videatur.
