4122 6418
606 431 628 483 1
639 426 741 481 039

1264 413 1535 473 EUSE-Bll
1573 406 2052 468 C/ESARIENSIS
2088 405 2237 464 OPP.
2276 404 2455 460 PARS
2492 402 2556 459 Il.
2597 434 2665 442 —
2689 401 3165 459 APOLOGETICA

3733 403 3872 460 ιοιο

604 553 838 607 moveat,
887 539 1158 599 secundus
1187 537 1308 607 jure
1342 536 1604 590 habeatur
1625 574 1639 595 ,
1686 540 1847 602 atque
1878 529 2013 584 adeo
2043 542 2180 599 quo-

2284 524 2509 579 δικαίων
2547 542 2605 577 τε
2654 524 2749 577 καὶ
2783 523 2985 577 ἀδίκων
3007 562 3021 588 ,
3056 522 3151 575 καὶ
3198 518 3416 575 πάντων
3440 519 3546 575 τῶν
3588 519 3868 588 εΰαντίων,

605 651 693 695 tus
721 638 918 708 cuique
958 634 1042 689 vel
1087 631 1405 702 longissime
1447 626 1789 682 numerando
1818 623 2181 694 progredienti

605 731 886 800 placuerit,
909 743 1033 783 cum
1058 722 1290 780 inanimi
1317 721 1561 789 corporis
1587 734 1714 773 vere
1745 717 1973 771 mutatio
1996 717 2068 771 sit
2092 716 2186 769 ?——

602 824 733 879 Jure
760 820 1025 894 proiecto.
1045 817 1295 871 ~Reete
1318 815 1483 885 igitur
1504 828 1567 867 ac
1599 812 1835 883 proprie,
1867 812 1977 864 imo
2008 809 2184 864 veris-

606 917 744 971 sime
772 912 1276 984 perfectissimeque
1310 906 1650 971 dixerimus,
1702 919 1908 968 annon,
1943 902 2182 957 animam

605 1023 834 1079 corpore
858 1007 1094 1076 priorem
1125 1017 1274 1068 esse;
1310 1014 1511 1070 corpus
1531 1012 1661 1053 vero
1686 996 2007 1061 secundum,
2023 1003 2185 1064 atque

604 1100 876 1171 posterius
897 1141 910 1163 ,
959 1096 1237 1165 animique
1272 1093 1499 1162 imperio
1546 1099 1739 1161 suapte
1767 1098 1962 1144 natura
1996 1086 2184 1144 subdi-

607 1194 764 1250 tum?
789 1224 857 1234 -—
884 1189 1201 1247 Verissime.
1227 1216 1296 1228 -—
1320 1184 1439 1240 Jam
1469 1198 1630 1248 vero,
1670 1184 1773 1238 hac
1803 1182 1869 1237 de
1898 1196 1956 1235 re
1989 1180 2182 1235 memi-

603 1290 786 1343 nimus
824 1287 963 1341 inter
984 1299 1082 1339 nos
1129 1295 1293 1351 supra
1325 1277 1678 1340 convenisse,
1704 1283 1767 1331 ut
1793 1275 1840 1331 si
1873 1274 2033 1330 modo
2058 1273 2178 1328 ani—

604 1396 755 1436 mum
784 1393 1016 1449 corpore
1044 1376 1282 1447 priorem
1330 1386 1452 1428 esse
1481 1377 1790 1433 constaret,
1823 1376 1936 1422 tum
1963 1381 2086 1438 quae
2113 1365 2180 1421 ad

608 1474 772 1529 animi
804 1473 1073 1527 rationem
1095 1467 1390 1539 pertinent,
1424 1464 1490 1518 iis
1519 1477 1640 1532 quae
1662 1460 1879 1531 corpori
1929 1458 2181 1514 tribuun-

608 1574 723 1628 tur,
779 1564 961 1633 priora
1014 1555 1405 1617 censerentur?
1430 1585 1499 1595 —
1527 1553 1671 1609 Sane
1721 1552 2089 1609 meminimus.
2112 1582 2183 1592 —

606 1654 784 1711 Mores
814 1654 998 1725 igitur,
1048 1650 1323 1720 animique
1373 1662 1591 1712 sensus,
1622 1647 1949 1711 voluntates,
1974 1646 2183 1717 cogita-

605 1749 805 1813 tiones,
861 1762 1003 1803 verae
1043 1744 1352 1815 opiniones,
1387 1756 1565 1806 curae,
1596 1739 2021 1803 recordationes,
2058 1753 2181 1794 cor-

604 1855 799 1911 porum
854 1838 1212 1910 proceritate,
1253 1834 1654 1897 crassitudine,
1686 1833 1970 1887 altitudine
2002 1846 2067 1886 ac
2094 1845 2182 1885 ro—

603 1933 735 1989 bore
782 1931 995 2002 priores
1040 1929 1244 1986 fuerint
1287 1934 1521 1999 oportet,
1566 1927 1614 1981 si
1659 1926 1907 1980 animum
1956 1939 2185 1994 corpore

602 2028 839 2097 priorem
876 2024 1045 2081 fuisse
1073 2019 1735 2091 concedimus.—-Utique
1756 2034 1980 2074 necesse
2007 2028 2186 2072 ρει-ν-

604 2118 744 2175 Hinc
764 2133 925 2188 porro
945 2117 1193 2186 nunquid
1219 2114 1530 2171 necessario
1549 2111 1817 2182 sequitur,
1837 2118 1898 2164 ut
1919 2111 2182 2187 animum,

607 2212 655 2265 si
687 2210 933 2265 omnium
979 2224 1203 2264 causam
1253 2205 1401 2261 illam
1447 2220 1569 2261 esse
1593 2204 1867 2265 volumus,
1916 2202 2183 2257 bonorum

605 2303 770 2359 simul
799 2312 853 2369 et
885 2302 1177 2365 malorum,
1224 2300 1578 2354 honestorum
1624 2312 1688 2352 ac
1718 2295 1980 2366 turpium,
2009 2295 2187 2364 justo-

608 2411 729 2450 rum
758 2408 812 2451 et
846 2394 1193 2464 injustorum,
1228 2392 1476 2462 adeoque
1507 2389 1906 2445 contrariorum
1938 2386 2183 2442 omnium

602 2501 825 2542 causam
855 2500 977 2540 esse
1004 2483 1368 2540 dicamus?—
1397 2481 1532 2549 Quis
1562 2482 1755 2552 neget?
1773 2511 1841 2521 -—
1866 2479 2055 2535 Nonne
2084 2479 2183 2550 igi-

604 2591 694 2635 tur
727 2592 949 2633 necesse
982 2585 1086 2643 est,
1131 2576 1374 2630 animum
1426 2574 1522 2646 qui
1578 2573 1743 2629 rebus
1778 2573 2034 2629 omnibus
2063 2586 2183 2642 quae

605 2685 1046 2743 quoquoversum
1082 2677 1402 2733 moventur,
1442 2677 1496 2722 et
1527 2666 1872 2731 moderetur,
1905 2674 1958 2719 et
2007 2664 2063 2718 in
2117 2663 2183 2716 il-

604 2763 673 2839 lis
704 2763 1050 2832 insit,ipsum
1079 2774 1297 2830 quoque
1319 2758 1516 2815 cmlum
1544 2771 1643 2828 per
1670 2771 1791 2812 sese
1806 2755 2077 2811 moderari
2091 2755 2183 2808 ?—

601 2851 1191 2911 0mnino.—Unumne
1216 2858 1398 2905 autem
1422 2865 1493 2905 an
1519 2847 1740 2919 plures?
1772 2847 1964 2903 Plures
1995 2855 2139 2901 certe
2165 2865 2177 2899 :

602 2962 729 3001 nam
783 2960 881 3015 pro
930 2945 1086 3000 vobis
1136 2942 1463 3013 respondere
1504 2942 1675 3011 juvat.
1735 2937 1846 2995 Nec
1892 2939 2181 3010 pauciores

604 3037 819 3093 duobus
854 3048 999 3092 recte
1032 3037 1379 3106 posuerimus
1402 3075 1416 3099 ,
1456 3033 1758 3089 beneﬁcum
1790 3033 2051 3099 alterum,
2101 3031 2182 3086 al-

600 3141 776 3186 terum
810 3126 1278 3185 maleﬁcum—Et
1310 3128 1414 3183 hoc
1440 3128 1572 3181 mihi
1602 3127 1950 3182 vehementer
1981 3126 2178 3195 proba-

2284 617 2442 689 εἴπερ
2466 617 2576 669 τῶν
2613 616 2829 670 πάντων
2850 632 2915 684 γε
2939 615 3107 686 αὐτήν
3137 614 3376 685 θήσομεν
3400 613 3581 668 αἰτίαν
3607 630 3624 679 ;
3652 643 3723 652 -
3746 614 3871 677 Πῶς

2283 709 2390 780 γάρ
2428 706 2617 773 οῦ;--
2640 706 2833 777 Ψυχὴν
2873 704 2938 776 δὴ
2976 703 3286 758 διοικοῦσαν
3320 703 3416 756 καὶ
3450 701 3769 756 ἐνοικοῦσαν
3813 705 3871 757 ἐν

2283 799 2455 854 ἅπασι
2481 801 2593 863 τοῖς
2616 798 2788 869 πάντη
2831 796 3192 867 κινουμένοις,
3221 794 3337 866 μῶν
3364 794 3426 848 οὐ
3463 794 3557 847 καὶ
3587 793 3681 847 τὸν
3706 793 3868 865 ούρα-

2283 894 2370 948 νὺν
2421 894 2632 964 ἀνάγκη
2678 893 2898 946 διοικεῖν
2937 890 3131 960 φάναι;
3158 917 3222 927 —
3250 886 3314 939 Τί
3361 886 3498 957 μήν;
3533 913 3604 925 --
3655 885 3802 941 Μίαν
3832 885 3867 957 ἦ

2283 987 2529 1051 πλείους;
2582 985 2825 1046 Πλείους·
2875 980 2985 1051 ἐγὼ
3041 980 3181 1050 ὑπὲρ
3236 977 3384 1047 σφῶν
3436 977 3864 1050 ἀποκρινοῦμαι.

2281 1082 2435 1133 Δυοῖν
2468 1078 2566 1151 μέν
2588 1078 2652 1147 γέ
2683 1094 2785 1130 που
2808 1075 3026 1128 ἔλαττον
3056 1072 3219 1143 μηδὲν
3258 1070 3527 1142 τιθῶμεν,
3554 1071 3655 1141 τῆς
3683 1088 3746 1124 τε
3772 1071 3864 1124 εὗ-

2281 1170 2575 1241 εργέτιδος,
2606 1169 2701 1223 καῖ¹
2725 1167 2824 1239 τῆς
2840 1166 3098 1220 τάναντία
3119 1164 3426 1235 δυναμένης
3445 1162 3860 1234 ἐξεργάζεσθαι.

2281 1298 2350 1307 ——
2389 1263 2599 1333 Σφόδρα
2643 1259 2820 1334 ὀρθῶς
2867 1261 3115 1332 εἴρηκας.
3148 1255 3383 1311 -Είεν,
3424 1257 3580 1325 Ἀγει
3634 1257 3735 1328 μὲν
3798 1257 3864 1328 δὴ

2279 1357 2426 1429 ψυχὴ
2456 1357 2635 1411 πάντα
2658 1354 2727 1409 τά
2749 1356 2871 1409 κατ’
2900 1351 3149 1424 οὐρανὸν,
3179 1350 3272 1404 καὶ
3300 1350 3424 1421 γῆν,
3443 1350 3541 1404 καὶ
3572 1349 3863 1415 θάλατταν,

2279 1453 2398 1514 ταῖς
2428 1450 2598 1521 αὐτῆς
2622 1448 2930 1518 κινήσεσιν,
2958 1441 3045 1509 αἷς
3080 1443 3324 1514 ὀνόματά
3354 1445 3494 1507 ἐστι,
3540 1443 3865 1513 βούλεσθαι,

2283 1539 2620 1605 σκοπεῖσθαι,
2650 1537 3049 1611 ἐπιμελεῖσθαι,
3079 1534 3448 1608 βουλεύεσθαι,
3488 1535 3754 1602 δοξάζειν,
3770 1537 3865 1608 όρ-

2282 1632 2409 1697 θῶς,
2427 1630 2793 1702 ἐψευσμένως,
2813 1629 3130 1701 χαίρουσαν,
3142 1627 3512 1699 λυπουμένην,
3527 1625 3864 1700 θαρροῦσαν,

2283 1723 2641 1795 φοϐουμένην,
2672 1721 2937 1792 μισοῦσαν
2956 1761 2970 1785 ,
3002 1720 3356 1792 στέργουσαν,
3385 1718 3484 1774 καὶ
3511 1718 3718 1783 πάσαις
3743 1719 3866 1772 δσαι

2280 1817 2485 1872 τούτων
2524 1814 2803 1885 ξυγγενεῖς
2833 1815 2867 1887 ἢ
2898 1814 3243 1887 πρωτουργοὶ
3273 1814 3519 1885 κινήσεις
3545 1810 3647 1877 τάς
3684 1813 3867 1866 δευτε-

2214 1889 2256 1944 B
2290 1910 2552 1981 ρουργοὺς
2590 1904 2656 1963 αὖ
2701 1907 3226 1980 παραλαμϐάνουσαι
3272 1908 3515 1978 κινήσεις
3560 1904 3866 1977 σωμάτων,

2286 2004 2475 2072 ἄγουσι
2505 2004 2681 2057 πάντα
2709 2003 2787 2065 είς
2815 2000 3060 2073 αὔξησιν,
3087 2001 3179 2055 καὶ
3210 2000 3413 2070 φθίσιν,
3445 2000 3542 2055 καὶ
3569 2000 3867 2072 διάκρισιν,

2287 2095 2380 2147 καὶ
2401 2093 2703 2166 σύγκρισιν,
2734 2094 2829 2148 καὶ
2853 2092 3063 2157 τούτοις
3079 2092 3350 2164 ἑπομένας
3379 2092 3739 2164 θερμότητας,
3760 2090 3868 2161 ψύ-

2288 2185 2418 2250 ξεις,
2451 2185 2782 2258 βαρύτητας,
2802 2186 3144 2257 κουφότητας
3162 2226 3177 2251 ,
3213 2185 3448 2257 σκληρὸν
3477 2187 3572 2239 καὶ
3600 2183 3871 2256 μαλακὸν,

2285 2277 2475 2332 λευκὸν
2499 2277 2593 2331 κα)⁵
2628 2277 2815 2348 μέλαν,
2855 2276 3128 2349 αὐστηρὸν
3167 2277 3263 2331 καλ⁵
3294 2276 3490 2346 γλυκὺ,
3520 2277 3616 2331 καὶ⁵
3648 2278 3867 2350 πικρὸν,

2286 2371 2380 2423 καὶ
2411 2371 2574 2423 πᾶσιν
2607 2365 2688 2433 οἷς
2718 2369 2866 2442 ψυχὴ
2896 2369 3151 2442 χρωμένη
3170 2410 3185 2434 ,
3212 2369 3335 2424 νοῦν
3366 2369 3465 2440 μὲν
3513 2369 3869 2441 προσλαμϐά-

2286 2480 2468 2527 νουσα,
2492 2462 2602 2516 αίεὶ
2627 2463 2780 2527 Θεὸν,
2799 2462 2931 2526 Θεὸς
2959 2458 3113 2526 οὖσα,
3142 2461 3278 2533 ὀρθὰ
3300 2461 3396 2516 καὶ
3424 2461 3718 2533 εὐδαίμονα
3743 2480 3870 2517 παι·-

2268 2557 2520 2625 ’δαγωγεῖ
2533 2555 2728 2609 πάντα·
2749 2554 2905 2627 ἀνοίᾳ
2916 2555 2971 2609 δὲ
2989 2553 3353 2624 ξυγγενομένη
3363 2593 3376 2616 ,
3395 2552 3576 2608 πάντα
3588 2548 3656 2607 αῦ
3672 2554 3869 2607 τάναν-

2282 2649 2373 2701 τία
2393 2647 2604 2711 τούτοις
2626 2646 3018 2718 ἀπεργάζεται.
3042 2640 3293 2716 Τιθῶμεν
3315 2644 3492 2698 ταῦτα
3515 2643 3690 2707 οὕτως
3723 2644 3869 2716 ἔχειν

2283 2741 2316 2812 ἢ
2346 2740 2425 2793 ἔτι
2450 2739 2772 2810 διστάζομεν
2791 2780 2806 2802 ,
2833 2742 2881 2793 εἰ
2908 2739 3109 2811 ἑτέρως
3139 2756 3257 2801 πως
3292 2737 3402 2809 ἔχει
3427 2755 3442 2803 ;
3475 2770 3543 2779 -
3577 2737 3865 2809 Οὐδαμῶς.

2282 2866 2351 2875 -
2371 2834 2605 2906 Πότερον
2635 2829 2727 2886 οὖν
2745 2832 2809 2903 δή
2832 2832 3010 2903 ψυχῆς
3038 2831 3100 2884 τὸ
3128 2830 3283 2900 γένος
3310 2830 3578 2902 ἐγκρατὲς
3608 2830 3867 2901 οὐρανοῦ,

2281 2925 2374 2979 καὶ
2398 2925 2523 2995 γῆς,
2551 2925 2645 2977 καὶ
2665 2925 2845 2995 πάσης
2865 2923 2964 2993 τῆς
2988 2923 3235 2994 περιόδου
3266 2923 3546 2991 γεγονέναι
3573 2921 3789 2992 φῶμεν,
3809 2921 3871 2975 τὺ

2282 3016 2563 3089 φρόνιμον,
2591 3017 2686 3069 καὶ
2714 3015 2915 3086 ἀρετῆς
2937 3015 3162 3086 πλῆρες,
3202 3013 3235 3084 ἤ
3260 3015 3322 3067 τὸ
3353 3012 3623 3085 μηδέτερα
3669 3030 3869 3085 κεκτη-

2283 3112 2441 3181 μένον
2465 3126 2480 3176 ;
2506 3108 2768 3162 Βούλεσθε
2791 3103 2884 3161 οὖν
2924 3106 3061 3179 πρὸς
3079 3107 3252 3161 ταῦτα
3277 3099 3379 3161 ὧδε
3407 3104 3868 3178 ἀποκρινώμεθας

601 3219 915 3277 tun—Haec
931 3220 1096 3291 igitur
1118 3234 1241 3275 eum
1270 3219 1342 3274 ita
1358 3219 1469 3275 sint
1500 3238 1511 3272 :
1540 3218 1769 3273 Animus
1795 3226 1940 3274 certe
1956 3194 2176 3287 quidem

2282 3229 2349 3242 --
2378 3201 2534 3268 Πῶς;
2558 3232 2628 3243 ——
2653 3202 2717 3255 Ei
2755 3201 2874 3272 μὲν,
2902 3194 2948 3254 ὧ
2971 3200 3261 3271 θαυμάσιε,
3285 3199 3475 3271 φῶμεν
3493 3240 3508 3265 ,
3536 3202 3570 3269 ἠ
3603 3198 3869 3269 ξύμπασα

605 3315 861 3369 universa
893 3313 1002 3376 illa,
1022 3327 1144 3382 quae
1177 3310 1322 3377 cmli,
1342 3319 1632 3375 terrarum,
1651 3309 1995 3381 mariumque
2026 3326 2178 3366 eom-

602 3408 798 3478 plexus
826 3406 1017 3470 ambit,
1046 3407 1161 3461 suis
1183 3406 1297 3475 ipsa
1323 3406 1560 3467 motibus
1584 3407 1697 3477 agit
1717 3420 1783 3460 ac
1812 3416 2014 3471 versat,
2041 3421 2181 3475 quo-

599 3514 722 3555 rum
776 3499 892 3553 haec
941 3495 1163 3552 nomina
1210 3504 1358 3561 sunt,
1389 3497 1556 3567 σεδ
1601 3496 1755 3560 velle,
1805 3496 2175 3560 considerare,

601 3599 819 3650 curare,
854 3584 1088 3655 opinari,
1124 3599 1219 3641 seu
1254 3601 1399 3650 vere,
1431 3602 1525 3642 seu
1556 3584 1716 3652 falso,
1745 3585 1935 3649 ltetari,
1971 3585 2175 3652 dolere,

602 3678 825 3741 audere,
859 3685 1120 3743 metuere,
1146 3678 1348 3742 odisse,
1384 3678 1636 3747 diligere,
1668 3693 1734 3733 ac
1757 3679 1968 3733 caeteris
1997 3680 2178 3733 omni-

604 3771 740 3833 bus,
791 3770 884 3840 qui
932 3770 1013 3824 vel
1044 3769 1273 3825 istornm
1322 3769 1508 3825 attines
1548 3786 1614 3825 ac
1663 3771 1861 3840 gemini
1891 3779 2061 3835 sunt,
2096 3772 2180 3826 vel

603 3862 848 3931 primarii
902 3860 1189 3932 fontesque
1223 3862 1580 3931 reliquorum,
1613 3863 1909 3932 assumptis
1939 3878 2044 3917 una
2076 3878 2179 3933 po-

604 3952 926 4009 sterioribus
969 3968 1261 4023 corporum
1303 3954 1562 4017 motibus,
1608 3955 1663 4009 in
1706 3955 1959 4011 omnibus
1984 3955 2179 4011 deinde

601 4045 960 4100 accretionem
994 4050 1090 4099 aut
1121 4045 1536 4101 diminutionem
1564 4086 1578 4111 ,
1626 4046 1904 4103 raritatem
1933 4057 2029 4103 aut
2055 4049 2181 4104 den-

602 4137 839 4203 sitatem,
871 4152 1101 4209 quaeque
1129 4137 1229 4193 bos
1257 4139 1606 4201 comitantur,
1662 4139 1898 4205 calores,
1949 4140 2174 4212 frigora,

601 4227 915 4295 gravitates,
962 4227 1228 4294 levitates,
1263 4229 1461 4283 durum
1494 4235 1549 4283 et
1584 4228 1766 4293 molle,
1803 4228 1984 4284 album
2017 4240 2072 4283 et
2102 4231 2183 4283 ni-

602 4330 791 4383 grum,
824 4314 1113 4381 acerbum,
1149 4314 1332 4378 dulce,
1369 4330 1613 4371 amarum
1649 4315 1919 4381 elliciunt,
1956 4327 2179 4373 caetera-

601 4421 709 4476 que
731 4421 957 4476 prorsus
989 4408 1207 4474 omnia,
1251 4407 1448 4478 quibus
1476 4408 1693 4464 animus
1733 4408 1863 4464 dum
1895 4409 2095 4474 utitur,
2135 4410 2181 4464 si

2283 3294 2516 3368 οὺρανοῦ
2548 3294 2668 3359 ὁδὸς
2687 3294 2806 3367 ἅμα
2834 3294 2930 3348 καὶ
2969 3292 3113 3365 φορὰ
3133 3333 3146 3358 ,
3172 3294 3267 3347 καὶ
3292 3292 3401 3346 τῶν
3432 3294 3491 3346 ὲν
3520 3292 3670 3364 αὐτῷ
3698 3292 3870 3347 ὄντων

2279 3387 2566 3452 ἁπάντων,
2595 3387 2688 3440 νοῦ
2717 3387 2930 3457 κινήσει
2973 3388 3065 3440 καὶ
3100 3386 3408 3458 περιφορᾷ,
3449 3385 3545 3439 καὶ
3584 3385 3870 3456 λογισμοῖς

2279 3482 2470 3552 ὁμοίαν
2496 3479 2658 3551 φύσιν
2689 3479 2834 3551 ἔχει,
2876 3478 2970 3531 κοιλ⁸
3005 3476 3280 3547 ξυγγενῶς
3310 3477 3553 3549 ἔρχεται,
3587 3476 3751 3547 δῆλον
3794 3476 3872 3542 ὡς

2279 3577 2378 3646 τήν
2401 3574 2630 3646 ἀρίστην
2665 3572 2841 3644 ψυχὴν
2871 3572 3069 3641 φατέον
3108 3570 3486 3642 ἐπιμελεῖσθαι
3513 3569 3610 3623 τοῦ
3656 3569 3868 3641 κόσμου

2282 3667 2504 3729 παντὸς,
2540 3665 2635 3718 καὶ
2667 3663 2822 3734 ἄγειν
2854 3664 3016 3716 αὑτὸν
3050 3662 3147 3732 τὴν
3179 3662 3433 3734 τοιαύτην
3469 3661 3588 3717 ὁδὸν
3625 3661 3867 3733 ἐκείνην.

2279 3789 2347 3797 —
2375 3758 2603 3831 Ὀρθῶς.
2620 3790 2688 3799 -
2714 3758 2778 3811 Εἰ
2804 3757 2862 3811 δέ
2891 3754 3133 3827 μανικῶς
3149 3772 3208 3809 τε
3230 3755 3323 3809 καὶ
3346 3754 3596 3819 ἀτάκτως
3622 3753 3869 3825 ἔρχεται,

2281 3848 2376 3919 τὴν
2407 3847 2600 3919 κακήν.
2642 3877 2705 3885 —
2724 3847 2833 3900 Kal.
2856 3845 3008 3900 ταῦτ’
3039 3845 3235 3917 ὀρθῶς.
3274 3877 3344 3886 --
3366 3845 3500 3899 Τίνα
3544 3840 3637 3899 οὖν
3664 3846 3730 3917 δὴ
3772 3845 3870 3901 νοῦ

2283 3939 2492 4010 κίνησις
2516 3939 2675 4008 φύσιν
2692 3938 2825 4010 ἔχει,
2857 3937 2999 3992 τοῦτ’
3046 3938 3147 4010 ήδη
3171 3937 3427 4009 χαλεπὸν,
3458 3931 3504 3991 ὦ
3534 3937 3699 4007 φίλοι,
3734 3936 3876 4010 ἐρὼα

2281 4049 2346 4103 τη
2355 4049 2431 4102 μα
2461 4032 2888 4103 ἀποκρινόμενον
2913 4032 3088 4085 εἰπεῖν
3110 4030 3417 4101 ἐμφρόνως.
3444 4030 3534 4083 Διὸ
3558 4030 3621 4102 δὴ
3644 4031 3741 4083 καὶ
3764 4031 3871 4101 ἐμὲ

2281 4127 2380 4195 τῆς
2395 4123 2735 4194 ἀποκρίσεως
2753 4125 2883 4194 ὑμῖν
2901 4122 3107 4177 δίκαιον
3131 4122 3294 4177 τανῦν
3307 4121 3710 4195 προλαμϐάνειν
3729 4121 3869 4195 (50).

2281 4213 2428 4269 -Εὖ
2459 4214 2829 4286 λέγεις.-Μή
2854 4213 3035 4269 τοίνυν
3078 4214 3409 4280 ἐξεναντίας,
3440 4207 3552 4267 οἷον
3591 4215 3672 4277 είς
3711 4214 3874 4285 ἣλιον

2282 4308 2699 4371 ἀποϐλέποντες,
2728 4306 2899 4362 νύκτα
2917 4309 2973 4362 ὲν
2990 4306 3309 4380 μεσημϐρίᾳ
3332 4307 3684 4379 ἐπαγόμενοι,
3702 4323 3872 4380 ποιη-

2285 4400 2505 4473 σώμεθα
2528 4400 2625 4472 τήν
2654 4400 2965 4473 ἀπόκρισιν,
2988 4399 3065 4464 ὠς
3089 4399 3213 4455 νοῦν
3230 4418 3361 4454 ποτε
3385 4399 3601 4472 θνητοῖς
3622 4400 3874 4471 ὄμμασιν

607 4497 967 4582 intellectum,
998 4497 1143 4554 Deus
1170 4498 1317 4568 ipse,
1346 4497 1516 4554 Deum
1566 4510 1830 4567 assumat,
1865 4508 2062 4555 cuncta
2094 4517 2179 4555 re-

2284 4493 2537 4563 όψόμενοί
2564 4510 2622 4546 τε
2675 4495 2769 4547 καὶ
2800 4494 3128 4565 γνωσόμενοι
3161 4493 3379 4557 ἱκανῶς.
3417 4494 3563 4565 Πρὸς
3591 4493 3648 4547 δὲ
3677 4493 3874 4549 είκόνα

601 4594 688 4641 cte
714 4602 779 4642 ac
805 4585 1033 4642 feliciter
1063 4587 1412 4650 moderatur;
1452 4588 1535 4642 sin
1563 4596 1746 4643 autem
1774 4604 1898 4644 cum
1947 4590 2181 4645 amentia

2285 4584 2379 4639 τοῦ
2422 4584 2777 4657 ἐρωτωμένου
2813 4585 3130 4654 βλέποντας,
3166 4585 3569 4658 ἀσφαλέστερον
3613 4588 3767 4658 ὁρᾷν.
3797 4612 3875 4629 --

600 4680 1001 4750 conjungatur,
1027 4679 1303 4735 contraria
1340 4678 1501 4735 ellieit
1525 4678 1731 4735 omnia.
1775 4679 2052 4737 Damusne
2079 4681 2180 4737 ista

2287 4676 2411 4740 Πῶς
2431 4676 2639 4745 λέγεις;
2671 4709 2738 4717 —
2762 4671 2840 4747 f1;]
2876 4675 3159 4747 προσέοικε
3189 4677 3398 4748 κινήσει
3436 4675 3562 4739 νοῦς
3590 4675 3697 4730 τῶν
3733 4676 3877 4732 δέκα

601 4774 748 4828 hunc
777 4773 831 4826 in
862 4772 1084 4827 modum
1110 4786 1170 4828 se
1191 4771 1410 4839 habere,
1425 4787 1493 4828 an
1520 4772 1699 4827 adhuc
1725 4788 1853 4826 num
1875 4772 2006 4843 quid
2035 4774 2179 4828 aliud

602 4876 932 4929 statuamus,
964 4865 1157 4921 incerti
1188 4863 1718 4921 sumus?—Minime
1751 4865 2179 4922 vero.—Utrum

602 4960 769 5029 igitur
816 4957 985 5012 animi
1035 4973 1207 5029 genus
1229 4998 1245 5022 ,
1279 4956 1403 5014 caeli
1430 4973 1495 5013 ac
1529 4942 1830 5020 terrarum,
1862 4957 1974 5012 imo
2015 4958 2182 5013 totius

600 5052 767 5139 orbis.
795 5049 1162 5121 principatum
1210 5058 1395 5105 tenere
1440 5050 1739 5105 volumus?
1786 5049 1989 5104 illudne
2036 5051 2180 5121 quod

601 5143 891 5214 prudentia
917 5151 973 5199 et
992 5142 1194 5199 virtute
1220 5144 1504 5215 praeditum
1536 5152 1638 5209 est,
1672 5157 1741 5197 an
1762 5142 1918 5212 quod
1951 5152 2183 5215 utraque
2216 5208 2219 5214 η

601 5240 784 5294 caret?
818 5236 960 5293 Num
1005 5238 1073 5293 ad
1108 5236 1229 5293 haec
1260 5237 1335 5292 ita
1361 5237 1678 5307 responderi
1708 5234 1921 5307 placet?
1940 5264 2012 5277 --
2034 5235 2184 5302 Quo-

602 5331 802 5386 modo?
850 5361 913 5373 ---
949 5330 1026 5386 lta
1060 5331 1331 5387 videlicet.
1370 5331 1426 5384 Si
1465 5331 1720 5385 universa
1749 5329 1872 5385 εοειὶ
1899 5329 1988 5384 via
2021 5338 2183 5400 atque

602 5424 911 5493 conversio,
946 5439 1245 5495 eorumque
1272 5424 1434 5479 simul
1465 5424 1710 5478 omnium
1735 5437 1856 5477 ante
1885 5422 2024 5479 cmlo
2049 5438 2182 5477 con-

674 5558 783 5692 ξδο)
824 5559 939 5639 Fi_c.
968 5569 1023 5617 et
1052 5576 1179 5626 ms.,
1212 5554 1675 5632 προσλαμϐάνειν.

697 5630 788 5692 51)
834 5634 954 5684 Teir
982 5631 1282 5685 ἁπάντων.
1325 5630 1455 5685 Post
1485 5631 1675 5687 ἀπάντα

644 5696 657 5709 .
675 5628 757 5709 (5i
770 5643 788 5699 )
834 5628 1282 5709 Τῶν-ἁπάντων.
1325 5628 1455 5709 Ριξξι
1485 5631 1739 5687 ἁπάντων
1764 5629 1968 5709 prioris
1991 5628 2185 5709 editio-

556 5750 565 5757 _
608 5700 690 5769 nis
732 5708 888 5768 turpe
918 5701 1191 5768 glossema
1220 5716 1345 5755 cum
1384 5700 1613 5756 Platone
1642 5701 2004 5763 sustulimus;
2041 5700 2185 5769 lege-

607 5767 956 5843 baturenim,
987 5771 1198 5843 τούτοιν
1229 5772 1294 5842 δὴ
1322 5775 1435 5824 τοῖν
1468 5774 1768 5843 κινήσεσιν.

675 5838 789 5909 (52)
834 5840 952 5908 Τὴν
979 5842 1047 5893 ἐυν
1079 5841 1167 5895 ἐνί
1208 5838 1687 5912 φερομένην.Ἰια
1735 5842 1950 5911 reposui
1995 5856 2055 5896 ex
2085 5839 2179 5895 alt.

2284 4769 2505 4824 ἐκείνων
2524 4769 2811 4839 κινήσεων,
2825 4768 2922 4840 τήν
2938 4769 3121 4822 εἰκόνα
3142 4768 3412 4840 λάϐωμεν·
3436 4769 3503 4839 ἢν
3525 4785 3878 4841 συναναμνη-

2287 4861 2432 4925 σθεὶς
2460 4862 2589 4932 ὑμῖν
2629 4859 2740 4929 ἐγὼ
2780 4863 2931 4932 κοινῆ
2970 4860 3068 4931 τὴν
3112 4861 3402 4933 ἀπόκρισιν
3446 4862 3767 4933 ποιήσομαι.
3800 4895 3876 4903 —-

2284 4953 2559 5008 Κάλλιστα
2593 4951 2660 5007 ἂν
2685 4952 2883 5021 λέγοις.
2903 4984 2971 4993 —
2993 4952 3335 5024 Μεμνήμεθα
3364 4953 3542 5007 τοίνυν
3569 4953 3629 5008 τό
3653 4971 3716 5023 γε
3737 4972 3875 5008 τοσ-

2282 5046 2439 5101 οῦτον
2472 5046 2579 5100 τῶν
2616 5046 2738 5099 τότε
2768 5045 2868 5109 ἔτι,
2902 5046 2985 5099 ὅτι
3010 5045 3119 5100 τῶν
3145 5047 3401 5100 ἁπάντων
3431 5046 3544 5120 (51)
3568 5045 3637 5100 τά
3665 5046 3767 5117 μὲν
3786 5066 3878 5102 κι-

2284 5142 2524 5207 νεῖσθαι,
2559 5132 2638 5197 τά’
2658 5142 2715 5196 δὲ
2750 5143 2931 5213 μένειν
2962 5142 3175 5214 ἔθεμεν.
3212 5172 3284 5181 -—
3305 5141 3433 5196 Ναί.
3466 5174 3534 5183 -
3568 5141 3691 5195 Τῶν
3715 5142 3764 5195 δ’
3800 5139 3874 5197 αὖ

2285 5236 2635 5307 κινουμένων,
2663 5235 2732 5289 τὰ
2760 5235 2855 5305 μὲν
2891 5236 2948 5288 ἐν
2985 5235 3065 5288 ἐνὶ
3094 5234 3245 5306 τόπῳ
3284 5233 3588 5297 κινεῖσθαι,
3628 5234 3698 5288 τά
3730 5234 3781 5288 δ’
3816 5238 3881 5291 ἐν

2286 5328 2491 5381 πλείοσι
2526 5327 2820 5400 φερόμενα.
2843 5357 2914 5366 -—
2940 5328 3095 5380 Ἔστι
3113 5326 3304 5381 ταῦτα.
3324 5327 3638 5382 -Ταύταιν
3662 5328 3728 5399 δή
3748 5332 3882 5385 ταῖν

2285 5423 2557 5493 κινήσεσιν
2589 5422 2689 5491 τὴν
2716 5422 2774 5474 ἐν
2808 5422 2889 5475 ἐνὶ
2922 5422 3227 5493 φερομένην
3259 5420 3373 5493 (52)
3401 5420 3510 5483 ἀεὶ,
3541 5419 3667 5493 περί
3700 5420 3770 5489 γέ
3820 5440 3882 5477 τι

2287 5594 2415 5642 ms.,
2461 5592 2584 5631 cum
2628 5586 2684 5631 et
2715 5578 2770 5631 in
2804 5577 2972 5646 priori
3006 5576 3245 5632 editione
3286 5586 3342 5647 et
3388 5576 3534 5647 apud
3580 5575 3883 5632 Platonem

2286 5650 2573 5719 legeretur,
2595 5651 2709 5702 τοῖν
2736 5645 2898 5701 ὲνένὶ
2932 5646 3272 5719 φερομένοιν.
3304 5645 3448 5702 Sane
3475 5662 3597 5718 quae
3620 5661 3884 5719 sequun-

2286 5717 2394 5782 tur,
2430 5719 2635 5790 αὐτὴν,
2659 5717 3025 5789 οἰκειοτάτην,
3072 5717 3298 5789 ὁμοίαν,
3340 5718 3468 5774 huic
3494 5717 3887 5774 emendationi

2284 5790 2499 5863 egregie
2530 5789 2917 5862 suffragantur.
