4122 6424
327 416 460 468 HW!

1505 393 1819 455 PILEPAR.
1856 391 2104 448 EVANG.
2149 390 2273 445 LIB.
2314 390 2437 467 ΧΗ..

3455 386 3589 440 iOl‘B

326 553 494 606 μεσον
536 535 753 605 ἀνάγκη
801 531 1098 595 κινεῖσθαι,
1137 528 1244 582 τῶν
1287 527 1551 595 ἐντόρνων
1601 519 1764 575 οὖσαν
1795 518 1901 590 (55)

2011 515 2271 577 tinentur,
2304 513 2602 567 intellectus
2634 511 2822 576 motui,
2855 510 3190 566 conversioni
3219 520 3271 564 ct
3303 510 3589 580 cogitatio-

324 625 557 699 μίμημά
579 644 631 679 τι
662 624 896 687 κύκλων,
925 621 1061 676 εἷναί
1084 638 1142 674 τε
1173 619 1341 690 αὐτὴν
1376 620 1441 688 τῇ
1475 616 1569 669 τοῦ
1601 613 1691 666 νοῦ
1721 611 1907 682 περιό-

318 721 398 790 δῳ
424 715 756 782 πάντως,ὼς
787 715 1032 781 δυνατὸν,
1054 712 1391 781 οἰκειοτάτην
1412 726 1469 761 τε
1497 710 1589 762 καὶ
1616 705 1910 778 ὁμοίαν.-

324 810 452 872 Πῶς
478 809 769 879 λέγεις;--
790 807 864 860 Τὸ
892 806 1035 867 κατὰ
1062 802 1236 857 ταύτά
1281 801 1474 871 δήπου,
1504 800 1599 853 καὶ
1627 797 1906 860 ὡσαύτως,

326 903 424 954 καὶ
451 904 511 954 ἐν
532 900 610 972 τῷ
632 899 801 970 αὐτῷ,
831 899 922 953 καὶ
951 896 1079 968 περὶ
1107 895 1177 949 τὰ
1200 895 1357 957 αὐτὰ,
1380 894 1476 948 καὶ
1498 891 1632 963 πρὸς
1650 890 1721 943 τά
1747 889 1905 953 αὐτὰ,

323 993 425 1045 καὶ
474 991 574 1046 ἕνα
620 990 799 1060 λόγον,
850 989 946 1042 καὶ¹
974 988 1127 1054 τάξιν
1156 986 1303 1057 μίαν,
1334 983 1500 1055 άμφω
1528 980 1791 1035 κινεῖσθαι
1818 978 1906 1031 λέ-

323 1099 537 1151 γοντες,
566 1081 714 1143 νοῦν,
736 1083 835 1151 τήν
858 1097 918 1134 τε
944 1080 1003 1133 ἐν
1036 1079 1115 1132 ἐνὶ
1150 1075 1455 1148 φερομένην
1485 1074 1719 1143 κίνησιν,
1750 1070 1907 1139 σφαί-

325 1190 434 1246 ρας
466 1173 714 1244 ἐντόρνου
763 1169 1144 1241 ἀπεικασμένα
1168 1169 1280 1239 (54)
1310 1168 1520 1237 φοραῖς,
1541 1165 1641 1217 οὐκ
1670 1163 1734 1216 ἄν
1779 1178 1906 1214 ποτε

325 1266 593 1335 φανεῖμεν
622 1262 816 1332 φαῦλοι
838 1260 1157 1333 δημιουργοὶ
1184 1259 1327 1329 λόγῳ
1352 1256 1530 1311 καλῶν
1565 1254 1806 1308 εἰκόνων.
1840 1282 1908 1291 -—-

334 1354 643 1428 Ὄρθότατα
654 1353 924 1423 λέγεις.--
941 1349 1151 1405 Οὐκοῦν
1175 1348 1312 1419 αῦτη
1335 1365 1421 1417 γε,
1448 1348 1482 1417 ὴ
1504 1345 1768 1417 μηδέποτε
1798 1343 1898 1396 ὠσ-

325 1447 529 1513 αύτως,
555 1445 690 1517 μηδέ
712 1444 850 1499 κατά
883 1444 954 1498 τά
971 1442 1130 1508 αὐτά,
1162 1441 1283 1513 μηδ’
1312 1442 1370 1493 ἐν
1393 1438 1596 1509 ταύτῷ,
1617 1437 1749 1508 μηδέ
1778 1436 1907 1506 περὶ

322 1539 534 1605 ταύτά,
586 1537 723 1610 μηδὲ
762 1537 898 1608 πρὸς
939 1536 1009 1591 τὰ
1041 1534 1206 1600 αὐτὰ,
1244 1534 1365 1605 μηδ’
1392 1534 1449 1586 ἐν
1496 1532 1575 1585 ἐνὶ
1609 1528 1903 1601 φερομένη,

327 1632 457 1703 μηδ’
489 1633 546 1685 ἐν
573 1631 783 1703 κόσμῳ,
824 1630 945 1702 μηδ’
986 1630 1044 1683 ἐν
1078 1627 1253 1695 τάξει,
1294 1625 1413 1697 μηδ’
1449 1624 1505 1677 έν
1536 1623 1801 1692 τινιλόγῳ
1817 1622 1902 1674 κί-

323 1741 503 1796 νησις,
542 1724 726 1788 άνοίας
758 1725 824 1779 ἂν
844 1718 910 1777 αὖ
942 1722 1123 1793 πάσης
1154 1721 1238 1791 εἴη
1270 1720 1553 1789 ξυγγενὴς.
1578 1746 1645 1755 -
1674 1716 1771 1787 Είη
1796 1716 1903 1785 γὰρ

296 1816 394 1870 ’ἂν
420 1815 851 1887 άληθέστατα.-
866 1813 1045 1868 Τανῦν
1066 1814 1129 1885 δὴ
1152 1811 1384 1885 χαλεπὸν
1403 1810 1552 1863 οὐδὲν
1581 1808 1659 1861 έτι
1674 1809 1899 1880 διαρρή-

320 1907 425 1978 δην
451 1909 642 1973 εἰπεῖν,
677 1906 781 1974 ὡς,
818 1905 1004 1977 ἐπειδὴ
1037 1904 1179 1976 ψυχὴ
1211 1904 1308 1976 μέν
1336 1905 1481 1957 ἐστιν
1508 1904 1541 1974 ἡ
1564 1903 1901 1973 περιάγουσα

319 2000 459 2071 ἡμῖν
481 2000 678 2067 πάντα,
714 2000 813 2069 τὴν
846 1998 905 2053 δὲ
943 1997 1172 2071 ούρανοῦ
1224 1995 1523 2069 περιφορὰν
1557 1993 1616 2059 ἐξ
1657 1992 1900 2063 ἀνάγκης

322 2092 611 2164 περιάγειν
636 2090 833 2160 φατέον
854 2089 1290 2161 ἐπιμελουμένην
1315 2089 1407 2141 καὶ
1429 2087 1760 2158 κοσμοῦσαν,
1783 2087 1900 2157 ἦτοι

318 2184 425 2254 τὴν
451 2183 679 2256 άρίστην
702 2182 902 2253 ψυχὴν,
926 2183 960 2254 ἢ
993 2182 1091 2253 τὴν
1124 2181 1392 2236 ἐναντίαν.
1425 2211 1494 2221 --
1518 2176 1589 2232 Ὦ
1621 2178 1758 2245 ξένε,
1786 2179 1899 2233 ἀλλ’

320 2271 390 2326 Ex
416 2287 480 2339 γε
517 2270 624 2324 τῶν
652 2271 750 2325 νῦν
777 2270 1101 2343 εἰρημένων,
1142 2271 1249 2324 οὐδ’
1294 2271 1437 2323 ὅσιον
1474 2269 1647 2333 ἄλλως
1676 2268 1899 2339 ἑχειν,ἧ

320 2364 508 2416 πᾶσαν
538 2361 739 2435 ἀρετὴν
771 2362 999 2433 ἔχουσαν
1024 2363 1203 2434 ψυχὴν
1234 2364 1390 2433 μίαν,
1428 2364 1462 2435 ἢ
1500 2363 1715 2427 πλείους
1748 2381 1902 2433 περι·

321 2455 481 2524 άγειν
516 2456 675 2508 αὑτά.
698 2454 1072 2518 -Κάλλιστα,
1108 2454 1154 2508 ὦ
1186 2456 1430 2519 Κλεινία,
1461 2457 1774 2528 ὑπήκουσας
1789 2459 1900 2521 τοῖς

319 2548 525 2616 λόγοις.
566 2547 697 2600 Τόδε
731 2546 788 2600 δὲ
812 2548 1254 2619 προσεπάκουσον
1290 2547 1387 2600 έτι.
1412 2580 1480 2589 -
1514 2550 1585 2602 Τὸ
1618 2552 1796 2612 ποῖον;
1828 2580 1897 2590 -ο

322 2636 536 2701 Ἥλιον,
561 2636 655 2690 κα)⁵
684 2635 933 2707 σελήνην,
962 2635 1146 2690 καὶτὰ
1175 2634 1311 2689 ἄλλα
1336 2636 1530 2707 ἄστρα,
1568 2635 1725 2708 εἴπερ
1753 2636 1898 2707 ψυχὴ

320 2729 581 2801 περιάγει
609 2728 808 2789 πάντα,
840 2722 928 2797 ἆρ’
958 2726 1018 2780 οὐ
1051 2726 1145 2781 καὶ
1177 2725 1235 2780 ἐν
1266 2727 1493 2781 ἕκαστον
1520 2744 1534 2791 ;
1563 2754 1630 2765 -—
1663 2728 1727 2779 Τί
1757 2731 1897 2798 μην;

318 2852 394 2865 -
418 2819 553 2891 Περὶ
582 2819 700 2883 ἐνὸς
720 2817 784 2891 δὴ
808 2817 1162 2890 ποιησώμεθα
1183 2818 1393 2888 λόγους,
1423 2820 1473 2872 οἳ
1496 2818 1589 2871 καὶ
1610 2821 1702 2873 ἐπὶ
1726 2819 1901 2874 πάντα

322 2911 688 2983 ἁρμόττοντες
734 2911 864 2981 ἡμῖν
916 2908 983 2963 τὰ
1018 2909 1195 2981 ἄστρα
1232 2908 1544 2978 φανοῦνται.
1593 2939 1662 2947 -
1712 2910 1898 2974 Τίνος;

318 3034 395 3043 -
419 3000 600 3054 Ἡλίου
632 3001 738 3063 πᾶς
762 2997 1048 3071 ἄνθρωπος
1078 2998 1235 3069 σῶμα
1257 2998 1355 3069 μὲν
1376 3001 1496 3070 ὁρᾷ,
1524 2999 1699 3070 ψυχὴν
1727 3000 1783 3053 δὲ
1812 3000 1901 3053 ού-

320 3093 454 3156 δείς·
483 3091 603 3146 οὐδὲ
630 3089 740 3163 γὰρ
766 3089 926 3145 ἄλλου
970 3089 1219 3161 σώματος
1249 3089 1479 3154 οὐδενὸς,
1521 3090 1642 3144 οὔτε
1677 3090 1897 3155 ζῶντος,

2014 606 2175 661 nibus
2204 614 2395 659 natura
2424 606 2617 661 similis
2647 614 2748 669 est,
2782 611 2835 657 et
2859 601 3070 657 aﬂinem
3099 602 3147 656 ei
3177 617 3394 656 cursum
3428 602 3588 655 insti-

2011 701 2143 766 tuit;
2179 699 2427 769 sequitur
2474 699 2719 764 omnino,
2765 708 2824 751 ut
2867 696 3127 766 optimum
3155 694 3305 749 illum
3340 694 3583 748 animum

2011 794 2179 849 totius
2210 792 2450 848 universi
2493 806 2679 847 curam
2710 805 2894 859 gerere
2916 829 2930 854 ,
2962 797 3125 857 atque
3152 786 3282 841 illud
3313 802 3409 856 per
3442 789 3578 839 hanc

2010 888 2182 955 ipsam
2217 885 2359 939 viam
2394 899 2551 954 agerc
2589 880 2873 936 fateamur.
2900 910 2968 924 —
2992 878 3157 933 Recte
3183 878 3234 932 id
3261 878 3586 948 quiderm-—

2013 977 2107 1032 Sin
2161 986 2339 1031 autem
2390 975 2595 1028 furiose
2646 989 2710 1028 ac
2757 972 3069 1042 perturbate
3098 972 3354 1035 volvitur,
3382 980 3443 1024 ut
3486 972 3587 1024 hoc

2009 1070 2155 1123 idem
2184 1067 2325 1121 malo
2362 1067 2544 1120 animo
2590 1062 3056 1119 tribuamus—Et
3084 1064 3224 1119 istud
3255 1078 3473 1133 quoque
3504 1079 3586 1115 re-

2007 1170 2113 1215 cte.
2139 1157 2383 1214 —Nunc
2418 1174 2547 1212 vero
2586 1158 2744 1227 cujus
2792 1158 3008 1212 tandem
3042 1164 3249 1210 naturae
3281 1154 3585 1209 intellectus

2009 1262 2215 1307 motum
2262 1267 2383 1306 esse
2428 1248 2791 1305 arbitramur?
2846 1248 2982 1303 Huic
3030 1264 3160 1303 sane
3205 1246 3523 1319 quaestioni,
3554 1261 3586 1299 o

2010 1347 2193 1411 amici,
2227 1344 2498 1415 sapienter
2544 1342 2873 1412 respondere
2905 1338 3121 1395 difficile
3147 1348 3247 1393 est.
3290 1336 3469 1404 Quare
3496 1351 3586 1391 ve-

2008 1456 2129 1495 rum
2165 1438 2327 1494 fuerit
2355 1439 2407 1492 in
2437 1434 2898 1507 prazsentiaJianc
2930 1447 3016 1487 me
3037 1430 3191 1486 vobis
3222 1428 3583 1499 respondendi

2007 1547 2195 1586 curam
2233 1530 2527 1598 suscipere.
2571 1558 2641 1567 ——
2678 1525 2853 1580 Probe
2883 1524 3141 1593 loqueris.
3173 1553 3242 1562 ——
3280 1520 3584 1575 Caveamus

2009 1624 2192 1690 igitur,
2227 1637 2294 1676 ne
2328 1620 2557 1676 adverso
2605 1619 2763 1689 quasi
2795 1618 2942 1672 vultu
2992 1617 3046 1670 in
3091 1614 3260 1671 solem
3291 1614 3581 1677 intuentes,

2008 1715 2231 1783 ipsaque
2256 1710 2481 1765 meridie
2502 1718 2714 1764 noctem
2741 1707 3080 1772 inducentes,
3111 1706 3334 1776 perinde
3359 1720 3584 1775 respon-

2005 1792 2250 1868 deamus,
2268 1813 2325 1858 ut
2359 1805 2401 1857 si
2426 1802 2747 1857 mortalibus
2778 1800 2952 1856 oculis
2983 1800 3286 1854 intellectus
3320 1799 3434 1868 ipse
3463 1814 3584 1868 per-

2002 1898 2174 1953 videri
2211 1894 2503 1966 aliquando
2539 1904 2742 1963 posset,
2778 1893 3105 1963 penitusque
3153 1892 3427 1962 cognosci.
3486 1892 3582 1946 Sc-

2002 1991 2189 2046 curius
2212 1990 2392 2059 itaque
2421 1987 2602 2053 fuerit,
2637 1987 2786 2041 illum
2821 1987 2996 2055 ipsum
3027 1985 3203 2039 defixo
3226 1984 3279 2038 in
3302 1983 3420 2051 ejus
3446 1984 3583 2037 ima-

2001 2090 2179 2156 ginem
2212 2084 2405 2138 obtutu
2436 2080 2811 2149 contemplari.
2837 2110 2908 2120 -—
2929 2077 3217 2144 Quomodo
3248 2077 3351 2132 hoc
3380 2077 3579 2131 intelli-

2002 2177 2206 2248 gis?—
2227 2175 2394 2244 Cujus
2424 2188 2490 2227 ex
2514 2172 2700 2227 decem
2734 2172 2839 2225 illis
2875 2169 3115 2225 motibus
3142 2169 3371 2224 similior
3426 2168 3582 2222 intel-

2002 2278 2175 2332 lectus
2206 2266 2388 2330 fuerit,
2422 2266 2543 2335 ejus
2592 2275 2653 2319 ut
2698 2265 2987 2334 imaginem
3020 2262 3355 2333 deligamus;
3415 2277 3579 2331 quam

2003 2364 2092 2416 ubi
2122 2360 2277 2415 vobis
2307 2361 2359 2413 in
2382 2358 2698 2413 memoriam
2728 2364 3136 2418 revocaro,tum
3167 2354 3577 2424 responsionem

2002 2453 2244 2508 omnium
2301 2465 2465 2505 causa
2511 2448 2912 2519 subjiciam.—
2959 2445 3172 2516 Optime
3223 2447 3484 2515 loqueris.
3512 2477 3582 2485 —

2000 2543 2433 2614 Principio,illud
2446 2542 2634 2596 saltem
2650 2540 2997 2596 meminimus
3009 2542 3361 2595 constitutum
3377 2555 3407 2593 a
3421 2539 3580 2593 nobis

2004 2636 2191 2703 fuisse,
2210 2652 2277 2691 ex
2303 2634 2453 2690 omni
2471 2648 2653 2689 rerum
2672 2633 3019 2689 multitudine
3049 2634 3255 2689 moveri
3272 2633 3580 2697 alias,alias

2001 2725 2828 2800 quiescere.—Meminimus.—-
2852 2725 3015 2796 627
3037 2724 3238 2781 Deinde
3268 2740 3333 2780 ex
3364 2725 3431 2779 iis
3458 2740 3579 2793 quae

2003 2832 2308 2885 moventur,
2356 2821 2461 2875 alia
2508 2833 2618 2873 uno
2669 2818 2896 2883 inloco,
2935 2818 2989 2869 in
3020 2816 3265 2887 pluribus
3315 2816 3418 2871 alia
3461 2831 3577 2870 mo-

2003 2917 2137 2972 veri.
2165 2944 2232 2955 —-
2259 2913 2350 2969 Sic
2375 2921 2477 2969 est.
2502 2941 2569 2951 ——
2591 2910 2685 2965 llis
2718 2911 2878 2981 igitur
2904 2925 2969 2964 ex
3002 2910 3237 2966 motibus
3258 2950 3272 2973 ,
3320 2925 3444 2965 eum
3482 2909 3575 2979 qui

2004 3021 2113 3061 uno
2153 3019 2367 3074 semper
2416 3004 2472 3056 in
2506 3002 2625 3056 loco
2674 3010 2948 3066 versetur,
2992 3002 3137 3056 circa
3187 2999 3424 3054 medium
3477 3000 3577 3053 ali-

2004 3096 2171 3168 quod.
2223 3094 2299 3149 uti
2345 3091 2579 3148 circulos
2633 3099 2791 3151 torno
2820 3089 3014 3156 factos,
3065 3090 3312 3146 videmus
3356 3091 3572 3158 agitari,

319 3183 447 3239 οῦτε
479 3184 840 3249 ἀποθανόντος
869 3226 885 3249 ,
928 3184 1034 3239 τῶν
1077 3182 1229 3250 ζώων
1265 3183 1496 3247 οὐδενός.
1553 3183 1710 3238 Ἀλλά
1748 3187 1901 3258 ἐλπὶς

2009 3197 2168 3257 atque
2199 3186 2265 3241 ad
2298 3184 2602 3240 intellectus
2628 3184 3040 3239 conversionem
3074 3181 3375 3237 imitatione
3409 3197 3472 3237 ac
3498 3184 3573 3238 si-

320 3274 496 3346 πολλὴ
524 3275 660 3347 ('55),
688 3275 751 3329 τδ
773 3276 1032 3347 παράπαν
1058 3274 1119 3327 τὸ
1139 3273 1292 3343 γένος
1307 3276 1439 3345 ἡμῖν
1466 3274 1623 3328 τοῦτο
1646 3277 1903 3350 ἀναίσθη-

318 3385 416 3423 τον
449 3369 651 3431 πάσαις
678 3369 797 3431 ταῖς
825 3365 918 3422 τοῦ
956 3367 1204 3437 σώματος
1231 3365 1511 3437 αἰσθήσεσι
1546 3374 1905 3438 περιπεφυκέ-

318 3478 434 3523 ναι,
464 3460 651 3531 νοητὸν
692 3458 747 3512 δὲ
787 3460 964 3529 μόνον.
1001 3456 1097 3529 Νῷ
1134 3457 1198 3530 δὴ
1240 3457 1334 3511 καὶ
1368 3459 1595 3530 νοήματι
1650 3460 1901 3533 λάϐωμεν

320 3552 492 3608 αὐτοῦ
527 3553 655 3622 περὶ
684 3552 745 3605 τὸ
775 3550 994 3605 τοιόνδε.
1026 3580 1095 3589 —
1119 3551 1307 3616 Ποῖον;
1338 3579 1408 3589 -
1429 3551 1614 3605 Ἥλιον
1646 3556 1695 3606 εἰ
1749 3570 1903 3626 περι⁸

322 3640 449 3708 άγει
468 3638 637 3712 ψυχὴ,
666 3639 836 3711 τριῶν
860 3639 1023 3710 αὐτὴν
1048 3638 1105 3693 ἓν
1132 3639 1382 3708 λέγοντες
1409 3640 1560 3713 δρᾷν,
1599 3643 1784 3714 σχεδὸν
1802 3646 1900 3698 οὐκ

320 3730 757 3803 άποτευξόμεθα.
786 3761 856 3771 —
881 3731 1083 3797 Τίνων;
1118 3762 1188 3772 -
1222 3731 1309 3795 Ὦς
1337 3731 1369 3801 ἢ
1411 3731 1608 3787 ἐνοῦσα
1646 3737 1796 3801 ἐντὸς
1825 3737 1901 3807 τῷ

322 3825 614 3896 περιφερεῖ
634 3822 808 3894 τούτῳ
834 3823 1141 3893 φαινομένῳ
1177 3822 1407 3894 σώματι,
1441 3824 1618 3896 πάντη
1660 3826 1902 3898 διακομί-

322 3913 412 3982 ζει
450 3915 511 3969 τὸ
547 3914 816 3979 τοιοῦτον,
865 3912 1115 3984 καθάπερ
1163 3915 1309 3989 ἡμᾶς
1344 3917 1376 3982 ή
1430 3917 1559 3986 παρ’
1590 3918 1723 3987 ἡμῖν
1756 3918 1900 3989 ψυχὴ

321 4008 503 4078 πάντη
530 4006 832 4078 περιφέρει·
857 4006 890 4076 ἦ
920 4003 1081 4058 ποθεν
1104 4003 1301 4069 ἔξωθεν
1330 4004 1487 4077 σῶμα
1513 4008 1648 4079 αὐτῇ
1677 4025 1901 4079 πορισα-

324 4094 464 4171 μένη
489 4098 657 4169 πυρὸς
684 4099 718 4170 ἦ
749 4114 895 4161 τινος
918 4096 1079 4167 ἀέρος
1096 4136 1111 4160 ,
1142 4095 1218 4161 ὡς
1240 4095 1396 4165 λόγος
1426 4099 1540 4151 ἐστί
1567 4117 1749 4165 τινων,
1774 4101 1904 4155 ὠθεί

323 4191 421 4262 βίᾳ
454 4188 666 4261 σώματι
723 4189 917 4258 aditur
954 4188 987 4260 ἢ
1030 4188 1232 4259 τρίτον,
1283 4188 1420 4259 αὐτὴ
1469 4188 1597 4260 ψιλὴ
1653 4190 1901 4262 σώματος

319 4276 483 4346 οὖσα,
514 4280 713 4353 ἔχουσα
729 4280 785 4334 δὲ
800 4276 1053 4352 δυνάμεις
1073 4279 1236 4345 ἄλλας
1262 4280 1415 4344 τινάς
1440 4281 1898 4352 ὑπερϐαλλούσας,

322 4373 565 4446 Θαύματι
613 4374 853 4445 ποδηγεῖ.
895 4405 963 4415 —
993 4372 1119 4427 Ναί.
1158 4405 1227 4415 -
1258 4373 1430 4427 Τοῦτο
1494 4375 1592 4445 μὲν
1646 4376 1855 4449 ἀνάγκη
1884 4420 1897 4443 ,

2011 3279 2334 3342 militudine,
2365 3290 2527 3347 quam
2562 3275 2806 3346 proxime
2840 3274 2956 3329 fieri
2989 3283 3185 3344 potest,
3204 3272 3458 3329 accedere
3483 3290 3578 3329 ne-

2008 3386 2161 3427 cesse
2210 3376 2313 3425 est.
2341 3396 2410 3409 -—
2434 3363 2650 3421 Clarius
2698 3364 2876 3431 istud,
2925 3380 3125 3435 quaeso.
3154 3394 3222 3404 —
3258 3362 3495 3433 Nempe,
3529 3366 3573 3419 si

2009 3472 2337 3531 utrumque,
2374 3460 2703 3515 intellectum
2725 3497 2740 3521 ,
2778 3458 2994 3527 inquam
3017 3498 3031 3524 ,
3076 3466 3128 3511 et
3159 3465 3365 3511 motum
3397 3456 3573 3518 illum,

2007 3551 2100 3622 qui
2130 3566 2238 3606 uno
2267 3565 2482 3621 semper
2513 3551 2567 3605 in
2599 3550 2716 3604 loco
2742 3556 3010 3611 versatur,
3059 3561 3167 3618 quo
3204 3549 3368 3602 modo
3395 3548 3571 3617 sphae-

2007 3660 2125 3698 ram
2152 3644 2387 3714 aliquam
2413 3643 2552 3699 volvi
2580 3642 2794 3697 solitam
2822 3640 3211 3704 videmus,una
3244 3654 3459 3709 semper
3487 3655 3579 3694 ea-

2007 3736 2240 3807 demque
2270 3737 2501 3802 ratione,
2540 3736 2595 3789 in
2630 3733 2842 3797 eodem,
2888 3733 3032 3789 circa
3062 3733 3273 3795 eadem,
3317 3740 3480 3801 atque
3510 3731 3577 3784 ad

2006 3826 2217 3893 eadem,
2250 3840 2470 3896 unoque
2498 3825 2688 3880 ordine
2720 3823 2962 3879 converti
2990 3823 3320 3889 dixerimus;
3350 3822 3572 3885 nemini,

2007 3917 2221 3987 opinor,
2256 3916 2544 3986 praeclaras
2589 3916 2851 3985 imagines
2875 3914 3250 3969 ratiocinando
3291 3927 3573 3983 perperam

2008 4008 2208 4078 tingere
2261 4008 2455 4062 merito
2488 4005 2785 4061 videamur.
2817 4033 2887 4046 -
2912 4003 3125 4074 Optime
3153 4004 3203 4057 id
3231 4005 3471 4074 quidem.
3504 4036 3577 4047 —

2008 4099 2149 4171 Ergo
2179 4099 2315 4153 alter
2346 4099 2433 4153 ille
2453 4106 2657 4162 motus,
2704 4096 2796 4167 qui
2833 4112 3111 4165 nunquam
3158 4096 3440 4163 similiter,
3475 4113 3574 4153 nec

2007 4191 2303 4246 secundum
2335 4189 2545 4252 eadem,
2578 4202 2676 4242 nec
2722 4188 2776 4241 in
2820 4185 3029 4250 eodem,
3072 4200 3171 4240 nec
3198 4185 3339 4240 circa
3364 4187 3572 4251 eadem,

2007 4298 2108 4338 nec
2129 4284 2194 4338 ad
2224 4282 2434 4348 eadem,
2463 4296 2562 4334 nec
2591 4293 2703 4333 uno
2732 4278 2784 4332 in
2810 4279 2951 4341 loco,
2979 4292 3079 4332 nec
3102 4286 3228 4347 apto
3259 4279 3495 4348 quodam
3521 4290 3574 4334 et

2006 4376 2238 4447 eleganti
2271 4373 2479 4439 ordine,
2527 4387 2625 4427 nec
2660 4380 2807 4427 certa
2838 4371 3049 4424 ratione
3076 4380 3570 4432 versatur,summa

321 4465 534 4519 τούτων
560 4464 620 4518 ἓν
644 4464 708 4533 γέ
734 4482 786 4518 τι
811 4464 1020 4537 δρῶσαν
1046 4463 1223 4536 ψυχὴν
1260 4464 1437 4518 πάντα
1470 4466 1675 4534 διάγειν
1714 4469 1843 4540 (56).
1876 4491 1896 4523 ι

2009 4484 2133 4523 cum
2186 4467 2421 4522 amentia
2466 4464 2789 4533 coniunctus
2823 4463 3010 4518 haberi
3055 4462 3325 4517 debet.—
3356 4462 3423 4517 Et
3471 4463 3573 4519 hoc

322 4556 514 4610 Ταῦτα
543 4556 643 4626 μὲν
670 4551 762 4610 οὖν
791 4558 849 4610 ἐν
875 4556 954 4627 τῷ
975 4555 1184 4627 δεκάτῳ
1207 4555 1315 4609 τῶν
1339 4559 1551 4627 Νόμων
1579 4558 1792 4631 εἴρηται
1822 4562 1901 4633 τῷ

2008 4576 2223 4630 quoque
2250 4556 2616 4613 verissimum.
2649 4586 2717 4597 -—
2741 4554 2859 4611 Jam
2883 4572 3011 4627 ergo
3042 4556 3218 4626 palam
3250 4557 3488 4627 profiteri
3511 4558 3575 4610 lt—

320 4647 624 4719 φιλοσόφῳ.
642 4649 750 4702 Κα)⁸
788 4649 844 4702 ἐν
867 4647 946 4718 τῷ
974 4648 1208 4717 Φιλήϐῳ
1225 4648 1281 4701 δὲ
1297 4648 1618 4715 ἐπάκουσον,
1637 4651 1784 4716 ὅπως
1804 4671 1901 4707 κα-

2006 4662 2153 4717 ceat,
2222 4649 2661 4722 quandoquidem
2723 4650 2939 4705 animus
2993 4649 3038 4703 is
3092 4657 3209 4713 est,
3249 4652 3341 4719 qui
3397 4658 3575 4703 versat

319 4739 651 4805 τασκευάςει
683 4739 940 4808 διάνοιαν.
962 4758 980 4790 ι
1004 4738 1210 4804 Πάντες
1244 4738 1352 4812 γὰρ
1373 4740 1485 4812 (57)
1523 4743 1901 4813 συμφωνοῦσιν

2006 4748 2209 4826 omnia,
2243 4749 2414 4818 ipsam
2444 4760 2663 4817 quoque
2689 4745 2811 4801 caeli
2839 4745 3246 4801 conversionem
3280 4745 3446 4798 animi
3470 4744 3573 4798 ali»

320 4835 377 4889 οἰ
414 4832 585 4902 σοφοὶ,
613 4832 780 4897 ὅντως
804 4832 933 4905 (58)
975 4833 1197 4898 ἑαυτοὺς
1237 4833 1590 4905 σεμνύνοντες
1611 4875 1624 4899 ,
1654 4836 1730 4899 ὡς
1778 4837 1901 4901 νοῦς

2006 4842 2184 4912 cujus,
2217 4855 2312 4896 seu
2355 4840 2506 4896 boni.
2545 4855 2640 4895 seu
2686 4838 2943 4894 contrarii
2979 4837 3207 4893 arbitrio
3232 4852 3296 4891 ac
3319 4835 3573 4891 modera-

322 4926 446 4977 ἐστι
477 4922 732 4995 βασιλεὺς
758 4927 889 4995 ήμίν
926 4924 1155 4995 οὐρανοῦ
1179 4941 1237 4978 τε
1272 4926 1365 4979 καὶ
1391 4927 1514 4997 γῆς·
1553 4927 1645 4980 καὶ
1685 4927 1813 4991 ἴσως
1842 4924 1900 4981 εὖ

2006 4936 2154 4987 tione
2183 4927 2889 5002 gubernari.—Enimvero,
2922 4928 2994 4982 mi
3027 4929 3243 4997 hospes,
3264 4942 3329 4980 ex
3362 4927 3429 4981 iis
3457 4941 3578 4995 qua!

319 5014 566 5084 λέγουσι.
589 5015 687 5069 Διὰ
704 5015 1056 5089 μακροτέρων
1075 5017 1143 5081 δ’,
1162 5019 1209 5070 εἰ
1236 5015 1433 5086 βούλει,
1456 5017 1556 5088 τὴν
1579 5018 1771 5087 σκέψιν
1800 5020 1900 5073 αὑ-

318 5107 423 5163 τοῦ
468 5108 563 5163 τοῦ
606 5111 795 5178 γένους
836 5108 1211 5181 ποιησώμεθα.
1240 5141 1300 5151 -
1330 5109 1465 5178 Λέγε
1508 5109 1655 5173 ὅπως
1694 5109 1900 5181 βούλει,

400 5266 516 5339 (ζῶ)
555 5267 783 5322 οὖσαν.
824 5267 918 5323 Sic
944 5269 1167 5324 omnino
1196 5268 1481 5339 legendum
1503 5310 1518 5334 ,
1560 5285 1667 5324 non
1705 5269 1899 5334 οὐσῶν,

336 5346 390 5393 ιι
412 5335 571 5393 Plato
597 5347 647 5393 et
676 5340 826 5407 prior
849 5340 1038 5394 editio.

399 5406 515 5478 (54)
563 5406 1007 5478 Ὰπέικασμένα.
1048 5407 1122 5464 lta
1169 5416 1315 5463 recte
1362 5407 1549 5475 Plato,
1594 5426 1701 5465 non
1749 5411 1904 5466 ἀπει-

329 5478 803 5572 ιιασέιένηζκιιιξοά
830 5488 1261 5572 ρεηρρςιιηξυοηιε
1290 5478 1585 5572 legebantur:

399 5546 516 5619 (35)
564 5546 767 5615 Ἐλπὶς
814 5546 1037 5619 πολλή.
1096 5548 1214 5605 Non
1251 5546 1415 5619 veriit
1466 5548 1705 5606 Ficinus.
1758 5550 1900 5607 Idem

321 5627 447 5682 est,
491 5618 556 5673 ac
596 5618 926 5683 κινδυνεύει,
958 5620 1160 5684 ἔοικεν,
1198 5618 1483 5686 φαίνεται,
1534 5630 1587 5673 ct
1615 5632 1803 5675 ca'tera
1852 5623 1901 5675 id

323 5704 503 5769 genus
540 5686 756 5744 Platoni
789 5689 1107 5755 familiaria,
1137 5704 1260 5745 cum
1286 5689 1581 5744 verisimile
1614 5691 1745 5760 quid
1781 5708 1902 5747 esse

323 5769 426 5815 all.

400 5828 515 5901 (56)
553 5827 803 5899 Διάγειν.
847 5827 1041 5887 Mirum
1082 5838 1165 5886 cst
1210 5828 1540 5898 prateritam
1576 5830 1642 5887 ab
1668 5830 1902 5887 Eusebio

1999 5024 2225 5095 jamjam
2254 5024 2397 5080 dicta
2434 5030 2582 5088 sunt,
2615 5022 2761 5077 aliud
2813 5021 3107 5091 quidquam
3158 5029 3396 5075 statuere
3422 5018 3576 5073 nefas

2004 5116 2108 5183 sit,
2144 5131 2309 5187 quam
2334 5116 2446 5172 sive
2475 5130 2645 5170 unum
2675 5114 2913 5183 aliquem
2954 5114 3218 5179 animum,
3254 5112 3366 5166 sive
3392 5110 3575 5179 plures

2004 5280 2319 5340 sequentem
2345 5271 2649 5341 periodum,
2676 5287 2796 5341 qua:
2822 5271 3098 5341 conceptis
3122 5268 3298 5325 verbis
3329 5267 3571 5341 animum

2006 5338 2179 5403 illum,
2208 5338 2373 5396 alium
2415 5358 2519 5397 non
2550 5357 2671 5396 esse
2693 5338 2862 5409 quam
2900 5338 3091 5396 Deum.
3136 5341 3208 5394 ita
3248 5338 3524 5409 concludit
3558 5357 3568 5389 :

2003 5411 2177 5464 Αὐτοῦ
2206 5411 2399 5483 (ἡλίου)
2431 5411 2493 5482 δὴ
2522 5406 2742 5483 ἄμεινον
2778 5410 2982 5483 ταύτην
3011 5408 3334 5483 τὴν-ψυχὴν,
3352 5406 3485 5483 μεῖτε
3516 5409 3574 5458 ἐν

2005 5477 2258 5567 ἆρξιειξηξ
2275 5477 2634 5567 ἔχουξαζήμῖν
2661 5481 2843 5567 ἥλιονκ,
2885 5477 3006 5567 ἄγει
3039 5477 3163 5567 ea);
3192 5480 3307 5567 τοῖς
3348 5477 3572 5559 ἅπασιν,

2005 5547 2102 5605 εἴτ’
2120 5547 2338 5623 ἔξωθεν,
2363 5547 2647 5623 εἶθ’ίῦπως,
2681 5547 3093 5623 εω’λὸπη,ῨΘεὸν
3119 5547 3370 5623 ἡγεῖσθαι
3395 5549 3571 5623 χρεων

2007 5618 2183 5676 πάντα
2224 5621 2391 5692 ἄνδρα
2415 5662 2429 5685 ,
2463 5622 2495 5690 ἢ
2529 5620 2810 5692 πῶςςκαὶ
2833 5661 2847 5681 ,
2891 5618 2981 5673 τόν
3024 5621 3085 5687 γέ
3122 5618 3231 5672 που
3268 5618 3342 5687 μὴ
3393 5618 3487 5672 ἐπὶ
3515 5620 3573 5671 τὸ

2006 5693 2229 5763 ἔσχατον
2258 5690 2555 5763 ἀφιγμένον
2582 5690 2783 5763 ἀνοίας,

2078 5758 2188 5833 (57)
2216 5758 2443 5827 Πίὶῗῖές
2472 5759 2798 5833 γᾷρίῐδιιιιο,
2832 5777 2953 5831 pag.
2985 5759 3050 5833 779
3326 5816 3329 5821 ι

2078 5829 2188 5902 (58)
2224 5834 2456 5901 Ὄντως.
2482 5829 2683 5887 Melius
2714 5829 2877 5901 quam
2910 5829 2976 5887 'ut
3010 5832 3063 5885 in
3099 5830 3341 5898 Platone,
3376 5829 3564 5893 οὕτως.
