4122 6452
652 413 789 472 1045

1310 413 1578 471 EUSEBII
1597 408 2068 470 CESARIENSIS
2106 407 2260 463 OPP.
2303 408 2480 465 PARS
2520 409 2585 466 ll.
2626 441 2696 454 —-
2744 412 3246 471 APOLOGETICA.

3754 414 3775 468 l
3785 413 3889 468 0H

651 529 798 585 omni
828 529 1037 583 virtutis
1067 542 1259 598 genere
1284 538 1635 600 prazstantes,
1679 541 1965 596 corporum
1994 525 2203 579 illorum

2322 525 2486 594 μηδὲν
2517 525 2686 596 μῆκος
2719 526 3168 598 ὑπολογιζόμενος
3208 528 3357 597 ἡμῖν,
3391 517 3436 579 ὧ
3461 525 3781 596 Σώκρατες,
3814 525 3888 589 ὡς

651 619 994 676 conversioni
1025 634 1276 690 pmesse.
1303 649 1372 660 —
1397 621 1620 691 Egregie
1639 662 1653 686 ,
1680 619 1756 673 mi
1777 618 1952 673 Clinia
1973 659 1988 681 ,
2025 617 2220 685 dispu-

653 711 872 766 tationis
898 708 1060 780 hujus
1089 709 1198 763 vim
1231 710 1440 778 cepisti.
1493 708 1597 764 Sed
1634 718 1812 763 tamen
1848 706 2054 762 audisis
2085 705 2220 759 illud

649 817 886 871 quoque.
915 832 985 843 —
1026 799 1334 867 Quidnam?
1358 789 1448 840 -’
1471 799 1650 855 Solem
1670 841 1684 864 ,
1733 802 1915 853 lunam
1961 807 2221 868 astraque

649 900 876 955 caetera,
915 891 962 947 si
1004 892 1218 946 animus
1262 893 1510 947 universa
1553 891 1904 962 circumagit,
1951 889 2220 960 numquid

649 981 810 1036 etiam
842 982 1086 1052 singula?
1105 1013 1174 1023 —-
1195 981 1393 1048 Quidni
1416 983 1597 1052 enim|?
1621 1012 1681 1024 -—
1719 981 1795 1036 De
1819 997 1930 1036 uno
1958 982 2122 1052 igitur
2149 995 2220 1036 ea

649 1073 917 1137 dicamus,
970 1089 1090 1143 qua:
1139 1075 1192 1126 in
1242 1075 1504 1144 reliquam
1537 1074 1776 1130 siderum
1811 1072 2215 1128 multitudinem

647 1166 934 1220 convenire
984 1165 1212 1234 possint.
1242 1198 1312 1208 —
1352 1167 1471 1234 Quo
1496 1167 1561 1221 de
1586 1177 1764 1221 autem
1782 1168 1805 1220 ‘.’
1822 1196 1894 1207 —
1913 1165 2057 1221 Solis
2089 1180 2210 1220 eor-

648 1269 751 1323 pus
779 1270 937 1311 nemo
965 1271 1071 1310 non
1097 1256 1260 1324 videt,
1309 1259 1550 1312 animum
1587 1257 1732 1312 videt
1757 1272 1936 1313 nemo.
1969 1287 2039 1296 —
2071 1255 2212 1323 Quid

648 1342 974 1398 mirum?—
1000 1342 1077 1401 Ne
1110 1346 1274 1400 ullius
1318 1347 1534 1415 quidem
1588 1347 1810 1401 alterius
1852 1347 2208 1401 animantium

648 1435 911 1504 corporis,
943 1451 1036 1490 seu
1062 1436 1291 1492 viventis
1314 1437 1512 1501 adhuc,
1555 1452 1649 1492 seu
1679 1437 1790 1506 jam
1819 1437 2039 1493 mortui.
2103 1437 2208 1492 Sed

646 1523 902 1579 nimirum
927 1526 1202 1593 probabile
1226 1525 1515 1582 admodum
1542 1537 1642 1594 est,
1681 1542 1851 1598 genus
1875 1528 2007 1582 illud
2034 1537 2206 1582 totum

644 1615 908 1684 ejusmodi
936 1632 1054 1672 esse
1075 1659 1090 1684 ,
1124 1617 1270 1687 quod
1312 1633 1500 1674 omnes
1527 1619 1773 1688 corporis
1805 1635 1998 1674 sensus
2022 1619 2093 1673 ita
2120 1619 2206 1673 fu-

645 1706 778 1776 giat,
807 1717 866 1761 ut
898 1715 1078 1763 tamen
1115 1709 1484 1780 intelligentiae
1507 1709 1557 1765 vi
1587 1710 1850 1780 capiatur.
1906 1709 2082 1765 Mente
2108 1710 2206 1781 igi-

643 1805 733 1851 tur
758 1806 919 1868 atque
946 1799 1320 1870 intelligentia,
1349 1802 1492 1870 quod
1524 1817 1554 1856 a
1584 1802 1740 1857 nobis
1761 1801 1827 1857 de
1854 1801 1945 1856 illo
1969 1802 2203 1869 additur,

2321 617 2418 668 οὑκ
2445 617 2900 688 ἀπεχθησόμενος.
2943 647 3010 657 --
3037 618 3232 681 Καλῶς
3255 613 3432 680 εἶπας.
3478 616 3796 687 Ἀρξώμεθα
3832 617 3889 670 δέ

2320 724 2436 770 πως
2471 701 2572 762 ὧδε
2627 707 3092 777 ἐπανερωτῶντες.
3127 738 3195 748 —
3227 707 3350 770 Πῶς
3373 723 3388 772 ;
3413 737 3483 746 -
3513 707 3752 777 Πότερον
3777 747 3792 771 ,
3843 698 3887 758 ὦ

2319 799 2636 871 Πρώταρχε,
2677 800 2745 854 τὰ
2775 800 3061 870 ξύμπαντα
3084 839 3098 862 ,
3141 800 3234 852 καὶ
3277 799 3394 851 τόδε
3442 798 3502 850 τὸ
3556 796 3882 868 καλούμενοι

2317 892 2463 954 ὅλον,
2513 891 2885 962 ἐπιτροπεύειν
2918 891 3104 962 φῶμεν
3143 891 3238 961 τὴν
3276 891 3366 943 τοῦ
3401 889 3596 958 ἀλόγου
3643 889 3738 943 καὶ⁵
3765 891 3886 961 εἰκῆ

2319 982 2562 1052 δύναμιν,
2591 985 2684 1036 καὶ
2707 982 2778 1035 τὰ
2804 985 2910 1050 ὅπη
2939 983 3163 1053 ἔτυχεν;
3191 982 3224 1052 ἢ
3252 980 3530 1047 τάναντία,
3554 980 3809 1052 καθάπερ
3837 985 3885 1035 οἱ

2318 1073 2549 1143 πρόσθεν
2573 1073 2730 1144 ἡμῶν
2758 1073 2962 1142 ἔλεγον,
2987 1073 3109 1127 νοῦν
3131 1073 3226 1125 καὶ
3247 1072 3504 1143 φρόνησίν
3525 1089 3647 1130 τινια
3677 1073 3886 1142 θαυμα-

2319 1164 2447 1234 στὴν
2476 1165 2869 1218 συντάττουσαν
2891 1163 3249 1236 διακυϐερνᾷν
3273 1163 3524 1228 ;--Οὐδὲν
3551 1162 3658 1215 τῶν
3686 1163 3884 1229 αὐτῶν,

2317 1249 2361 1308 ὦ
2389 1255 2655 1326 θαυμάσιε
2679 1255 2982 1326 Σώκρατες.
3021 1256 3087 1308 Ὃ
3123 1255 3222 1324 μὲν
3249 1253 3359 1326 γὰρ
3390 1253 3454 1325 δὴ
3478 1255 3542 1308 σὺ
3570 1255 3772 1323 λέγεις,
3792 1256 3885 1308 νῦν

2317 1347 2422 1401 οὐδ’
2448 1348 2594 1401 ὅσιον
2619 1341 2753 1400 εἷναί
2791 1365 2880 1415 μοι
2920 1347 3170 1417 φαίνεται
3196 1365 3209 1376 ·
3236 1347 3296 1399 τὸ
3318 1346 3374 1399 δὲ
3410 1345 3535 1399 νοῦν
3563 1347 3742 1400 πάντα
3765 1348 3883 1401 δια-

2316 1435 2538 1502 κοσμεῖν
2568 1433 2706 1486 αὐτὰ
2732 1434 2926 1502 φάναι,
2951 1434 3046 1487 καὶ
3072 1434 3170 1503 τῆς
3199 1434 3372 1503 ὅψεως
3408 1433 3504 1486 τοῦ
3533 1434 3762 1505 κόσμου,
3791 1437 3884 1490 καὶ

2313 1521 2486 1591 ἡλίου,
2513 1522 2608 1575 καὶ
2642 1523 2889 1594 σελήνης,
2939 1523 3033 1576 καὶ
3068 1523 3300 1594 ἄστρων,
3331 1521 3425 1576 καὶ
3461 1523 3644 1594 πάσης
3665 1525 3766 1595 τῆς
3793 1541 3886 1578 πε-

2315 1616 2539 1686 ριφορᾶς
2575 1614 2744 1679 ἄξιον,
2773 1616 2865 1668 καὶ
2891 1615 2988 1667 οὐκ
3003 1615 3175 1678 άλλως
3200 1614 3362 1682 ἔγωγ’
3386 1613 3450 1668 ἄν
3477 1632 3605 1666 ποτε
3643 1617 3772 1686 περὶ
3786 1619 3882 1670 ai)-

2313 1706 2425 1763 τῶν
2446 1708 2672 1777 εἴποιμι,
2705 1707 2762 1760 οὐ
2774 1707 2817 1758 δ’
2840 1705 2905 1759 ἂν
2921 1705 3412 1777 δόξαιμι.-Βούλει
3444 1705 3580 1776 δῆτα
3609 1709 3703 1760 καὶ
3727 1710 3882 1780 ἡμεῖς

2308 1799 2427 1860 τοῖς
2481 1795 2786 1868 ἔμπροσθεν
2831 1795 3278 1866 ὁμολογουμένοις
3342 1795 3712 1866 ξυμφήσωμεν
3741 1839 3757 1861 ,
3807 1799 3882 1863 ὡς

643 1886 1017 1944 informemus.
1044 1921 1114 1930 —
1145 1890 1284 1958 Quid
1315 1892 1444 1946 illud
1468 1893 1571 1944 ?—
1590 1891 1769 1948 Solem
1795 1894 1840 1949 si
1866 1895 2083 1950 animus
2109 1894 2203 1949 cir-

2310 1889 2465 1942 ταῦθ’
2493 1866 2663 1953 οὕτως
2685 1889 2824 1959 ἔχει;
2868 1889 2962 1941 καὶ
3000 1888 3074 1958 μὴ
3106 1888 3262 1958 μόνον
3289 1886 3396 1959 (59)
3421 1887 3660 1959 οἰώμεθα
3683 1890 3792 1942 δεῖν
3816 1891 3881 1944 τὰ

645 1978 906 2049 cumagit,
961 1996 992 2034 e
1038 1981 1213 2037 tribus
1263 1998 1428 2037 unum
1474 1983 1542 2037 ab
1572 2000 1636 2039 eo
1665 1984 1780 2040 ﬁeri
1813 1986 1860 2041 si
1886 1986 2206 2055 dixerimus,

642 2069 807 2136 haud,
831 2071 1044 2141 opinor,
1093 2073 1697 2141 aberrabimus—Quae
1725 2083 1780 2130 tu
1810 2077 1942 2131 mihi
1973 2079 2076 2134 tria
2097 2078 2120 2130 ?
2141 2108 2211 2118 ~—

641 2155 946 2225 Nimirum,
983 2170 1077 2216 aut
1123 2162 1392 2218 inclusum
1421 2165 1589 2236 628
1615 2166 1849 2222 rotundo
1895 2168 2020 2233 illo,
2064 2168 2208 2239 quod

641 2248 936 2317 cernimus,
967 2266 1191 2322 corpore
1216 2254 1480 2320 animum,
1517 2244 1646 2312 illud
1669 2273 1885 2314 omnem
1918 2259 1972 2312 in
1997 2267 2205 2327 partem

641 2338 1011 2406 circumferre,
1043 2343 1122 2397 uti
1151 2358 1587 2414 quoquoversum
1620 2362 1650 2401 a
1676 2357 1866 2404 nostro
1894 2349 1995 2419 ipsi
2021 2349 2204 2403 animo

640 2431 1074 2488 circumferimur
1114 2449 1130 2489 :
1179 2444 1272 2491 aut
1299 2437 1550 2493 eumdem
1594 2439 1782 2495 induto
1819 2441 1924 2496 sibi
1971 2441 2205 2506 aliunde,

638 2522 723 2576 vel
749 2523 928 2594 igneo,
964 2525 1045 2581 vel
1078 2528 1226 2582 aerio
1248 2544 1495 2599 corpore,
1521 2530 1665 2599 quod
1697 2533 1945 2587 nonnulli
1976 2531 2205 2598 malunt,

637 2614 883 2683 corporis
914 2615 965 2670 vi
987 2632 1186 2688 corpus
1215 2620 1489 2689 impellere
1525 2639 1537 2674 :
1574 2631 1667 2676 aut
1693 2635 1990 2687 postremo,
2026 2623 2205 2692 ipsum

637 2704 812 2770 illum,
841 2715 899 2760 ut
932 2722 1158 2778 corpore
1180 2713 1326 2765 omni
1357 2727 1453 2780 per
1483 2727 1602 2768 sese
1634 2724 1834 2778 careat,
1874 2714 1997 2769 aliis
2026 2725 2203 2770 tamen

634 2796 958 2866 eximiisque
988 2799 1194 2855 viribus
1221 2801 1568 2865 instructum,
1628 2803 1930 2858 admirabili
1967 2805 2204 2875 quodam

635 2888 800 2943 modo
832 2890 1000 2945 solem
1031 2890 1393 2948 deducere.-—
1428 2890 1590 2948 Sane.
1625 2925 1692 2933 —
1723 2894 1806 2948 Ab
1838 2895 2042 2959 animo,
2073 2897 2203 2950 dum

634 2997 699 3037 ex
730 2983 798 3038 iis
828 2999 998 3038 unum
1041 2986 1245 3055 aliquid
1295 2987 1474 3054 etIicit,
1506 2987 1710 3043 versari
1755 2988 1938 3043 omnia
1983 2989 2204 3060 regique

633 3087 858 3130 necesse
901 3086 1003 3132 est.
1045 3095 1063 3127 ι
1099 3076 1276 3146 Atque
1320 3079 1434 3133 haec
1481 3078 1834 3146 philosophus
1873 3077 2066 3148 Legum
2110 3079 2204 3133 de-

633 3166 996 3255 cimoawAudi
1023 3167 1135 3237 jam
1162 3168 1617 3238 quemadmodum
1648 3170 1703 3223 in
1730 3168 1954 3222 Philebo
1984 3180 2202 3224 senten-
2231 3197 2273 3255 ο

634 3253 764 3307 tiam
802 3253 890 3309 ille
920 3270 1074 3309 suam
1107 3264 1336 3310 astruat.
1379 3277 1395 3308 ι
1422 3255 1727 3327 Sapientes,
1756 3259 1952 3328 inquit,
1985 3274 2198 3323 omnes,

633 3344 727 3413 qui
755 3344 916 3399 modo
939 3345 1062 3414 jure
1112 3347 1216 3401 hoc
1261 3349 1479 3404 nomine
1508 3350 1840 3419 gloriantur,
1873 3352 2203 3406 intellectum

633 3434 758 3489 caeli
790 3445 1164 3507 terrarumque
1199 3454 1374 3507 regem
1398 3455 1519 3495 esse
1546 3441 1918 3495 consentiunt.
1958 3443 2038 3497 Ae
2066 3441 2204 3497 forte

634 3527 853 3598 quidem
900 3541 1002 3583 nec
1050 3539 1215 3586 recte.
1257 3530 1366 3587 Nos
1407 3547 1538 3588 vero
1570 3533 1614 3588 si
1645 3538 1852 3603 placet,
1883 3534 2060 3589 fusius
2086 3550 2202 3590 rem

633 3627 800 3673 totam
820 3620 1148 3690 uberiusque
1167 3622 1635 3678 tractemus.-—Tu
1663 3625 1896 3687 vero,uti
1914 3624 2199 3692 videbitur,

633 3725 669 3764 o
699 3709 972 3778 Socrates,
1006 3728 1105 3768 nec
1138 3714 1299 3768 ullam
1334 3715 1437 3770 hoc
1480 3716 1535 3770 in
1586 3732 1782 3787 genere
1809 3716 2200 3788 longitudinem

634 3815 878 3869 vereare,
913 3817 1035 3856 cum
1068 3805 1268 3858 nemini
1298 3806 1561 3862 molestus
1587 3808 1663 3863 sis
1687 3807 1924 3864 futurus.
1955 3839 2028 3850 —
2054 3808 2199 3864 Prae-

633 3895 799 3950 clare.
864 3894 1189 3966 Incipiamus
1254 3898 1420 3967 igitur
1476 3898 1618 3953 hunc
1677 3899 1731 3953 in
1773 3899 1996 3954 modum
2052 3915 2200 3969 quae-

633 4005 860 4045 rere.—
888 3989 1079 4058 Quem,
1112 3991 1398 4047 sodes?—
1425 3989 1639 4059 Utrum,
1665 3997 1737 4048 mi
1767 3991 2083 4057 Protarehe,
2113 4008 2200 4049 res

631 4096 846 4149 omnes,
882 4092 1044 4154 atque
1081 4083 1204 4147 hoc,
1241 4083 1319 4137 uti
1361 4098 1641 4152 vocamus,
1691 4086 2003 4142 universum
2037 4101 2200 4142 casus

631 4185 687 4230 et
735 4173 964 4230 fortunae
1009 4175 1061 4228 vi
1111 4184 1310 4230 temere
1357 4176 1441 4246 agi
1504 4177 1827 4243 statuimus;
1873 4193 1940 4232 an
1992 4186 2196 4243 contra,

632 4266 1088 4335 quemadmodum
1121 4266 1358 4335 majores
1402 4268 1574 4322 nostri
1623 4268 1862 4332 voluere,
1913 4268 2112 4322 mentis
2138 4283 2203 4322 ae

634 4357 910 4426 sapientiae
939 4357 1222 4428 cujusdam
1254 4357 1592 4414 admirabilis
1620 4359 1850 4415 consilio
1877 4357 2202 4428 gubernari?

630 4473 651 4480 -
679 4472 698 4480 -
720 4442 892 4509 Absit,
927 4459 960 4498 ο
985 4444 1384 4512 sapientissime
1409 4442 1680 4508 Socrates.
1707 4445 1783 4498 uti
1811 4445 1963 4514 prius
2001 4443 2133 4500 illud
2169 4459 2198 4500 a

2312 1982 2567 2052 ἀλλότρια
2587 1983 2713 2036 ἄνευ
2747 1979 3003 2034 κινδύνων
3046 1979 3222 2047 λέγειν
3247 2019 3262 2043 ,
3292 1977 3428 2032 ἀλλὰ
3473 1979 3566 2032 καὶ
3600 1981 3882 2047 συγκινδυ-

2315 2072 2563 2140 νεὺωμεν
2583 2110 2598 2134 ,
2629 2069 2722 2123 καὶ
2755 2069 3066 2140 μετέχωμεν
3097 2067 3191 2121 τοῦ
3230 2066 3398 2137 ψόγου
3419 2110 3432 2132 ,
3464 2068 3590 2120 ὅταν
3615 2069 3756 2138 ἀνὴρ
3779 2069 3881 2122 δειο

2309 2165 2395 2228 νὸς
2427 2165 2502 2234 φῇ
2523 2163 2692 2216 ταῦτα
2733 2161 2806 2234 μὴ
2833 2161 3020 2226 οὕτως,
3057 2161 3168 2215 ἀλλ’
3191 2161 3440 2223 ἀτάκτως
3468 2160 3647 2230 Exsul;
3677 2163 3882 2225 -Πῶς

2308 2257 2415 2329 γὰρ
2456 2256 2560 2310 οὐκ
2594 2254 2658 2307 ἂν
2691 2253 3013 2324 βουλοίμην;
3044 2285 3108 2293 --
3147 2252 3353 2322 Ἰθιδὴ,
3387 2251 3477 2305 τὸν
3506 2253 3729 2306 ἐπιόντα
3758 2254 3883 2323 περὶ

2306 2350 2511 2402 τούτων
2536 2345 2633 2399 νῦν
2658 2348 2790 2417 ἡμῖν
2827 2344 2982 2412 λόγον
3016 2343 3190 2414 ἄθρει.
3218 2371 3285 2381 ——
3318 2343 3457 2410 Λέγε
3499 2343 3680 2413 μόνον.
3708 2375 3774 2384 —
3804 2343 3884 2396 Τά

2310 2443 2441 2512 περὶ
2472 2458 2575 2503 την
2612 2437 2721 2490 τῶν
2769 2436 3037 2506 σωμάτων
3079 2435 3241 2503 φύσιν
3277 2436 3529 2489 ἁπάντων
3557 2434 3666 2487 τῶν
3704 2435 3880 2499 ζώων,

2315 2534 2448 2603 πῦρ,
2474 2534 2567 2585 καὶ
2591 2528 2758 2600 ὕδωρ,
2783 2529 2874 2580 καὶ
2901 2527 3118 2597 πνεῦμα
3150 2525 3470 2597 καθορῶμεν
3492 2542 3617 2588 που,
3646 2526 3742 2578 καὶ
3756 2525 3881 2596 γῆν,

2307 2623 2554 2693 καθάπερ
2621 2621 2672 2675 οἱ
2722 2617 3108 2690 χειμαζόμενοι
3181 2633 3340 2686 φασιν
3371 2657 3385 2680 ,
3453 2616 3641 2670 ὲνόντα
3702 2617 3762 2669 ἐν
3815 2617 3879 2685 τῇ

2308 2712 2608 2778 συστάσει;
2669 2739 2739 2749 —-—
2791 2710 2902 2762 Καὶ
2967 2709 3132 2778 μάλα.
3201 2738 3271 2748 —-
3317 2707 3707 2778 Χειμαζόμεθα
3773 2707 3882 2777 γὰρ

2305 2805 2473 2866 ὄντως
2524 2802 2628 2856 ὑπὸ
2675 2800 2906 2872 ἀπορίας
2959 2801 3016 2852 ὲν
3047 2801 3161 2862 τοῖς
3224 2798 3319 2852 νῦν
3377 2798 3577 2866 λόγοις.
3635 2797 3773 2867 Φέρε
3817 2797 3880 2868 δὴ

2306 2896 2432 2967 περὶ
2484 2895 2712 2948 ἑκάστου
2762 2893 2872 2946 τῶν
2919 2891 3049 2963 παρ’
3097 2892 3227 2960 ἡμῖν
3272 2890 3400 2942 λάϐε
3447 2890 3509 2942 τὸ
3553 2890 3780 2943 τοιόνδε.
3814 2920 3879 2931 ~—

2308 2990 2465 3042 Ποῖον
2486 3005 2500 3050 ;
2520 2988 2724 3039 -Ὄτι
2762 2983 2992 3056 σμικρόν
3023 3000 3076 3034 τι
3097 2982 3300 3035 τούτων
3330 2982 3559 3035 ἕκαστον
3589 2983 3720 3052 παρ’
3749 2983 3880 3052 ἡμῖν

2305 3079 2503 3142 ἔνεστι,
2533 3079 2626 3131 καὶ
2667 3077 2889 3146 φαῦλον,
2925 3075 3020 3130 καὶ
3048 3074 3256 3143 οὐδαμῆ
3306 3072 3559 3144 οὐδαμῶς
3591 3072 3880 3140 εἰλικρινὲς

2307 3169 2387 3233 ὃν,
2424 3169 2517 3222 καὶ
2536 3167 2630 3238 τὴν
2655 3167 2882 3237 δύναμιν
2909 3168 3008 3219 οὐκ
3031 3163 3187 3228 αξίαν
3217 3163 3315 3232 τῆς
3347 3162 3562 3230 φύσεως
3607 3161 3750 3232 ἕχον.
3793 3162 3880 3214 Ἐν

2305 3261 2384 3312 ἑνὶ
2416 3260 2472 3312 δὲ
2512 3258 2708 3321 λαϐὼν,
2764 3260 2891 3329 περὶ
2931 3258 3148 3311 πάντων
3195 3255 3304 3308 νόει
3350 3254 3575 3307 ταύτόν·
3611 3248 3725 3306 οἷον
3771 3254 3880 3324 πῦρ

2305 3352 2421 3403 ἐστι
2457 3351 2556 3420 μέν
2586 3367 2686 3402 που
2720 3352 2847 3419 παρ’
2874 3350 3023 3418 ἡμῖν,
3065 3347 3180 3400 ἔστι
3212 3346 3255 3398 δ’
3296 3346 3355 3397 ἐν
3397 3343 3473 3414 τῷ
3514 3345 3786 3398 παντί.-·
3814 3344 3880 3398 Τί

2307 3442 2534 3512 μήν;-
2565 3440 2771 3494 Οὐκοῦν
2822 3438 3050 3510 σμικρὸν
3094 3439 3193 3510 μέν
3236 3437 3378 3490 τιτὸ
3419 3437 3552 3506 παρ’
3596 3437 3753 3505 ἡμῖν,
3786 3435 3880 3488 καὶ⁸

2306 3531 2548 3595 ἀσθενὲς,
2585 3533 2679 3585 καὶ
2722 3532 2954 3600 φαῦλον,
2983 3531 3044 3582 τὸ
3085 3529 3130 3582 δ’
3169 3531 3227 3583 ἐν
3269 3529 3347 3599 τῷ
3378 3528 3560 3594 παντὶ,
3588 3527 3790 3596 πλήθει
3820 3545 3877 3581 τε

2303 3622 2610 3694 θαυμαστὸν
2644 3625 2737 3677 καὶ
2768 3624 2970 3686 κάλλει,
3003 3623 3096 3675 καὶ
3127 3622 3273 3692 πάσῃ
3305 3620 3529 3690 δυνάμει
3557 3623 3623 3690 τῇ
3657 3620 3788 3690 περὶ
3818 3619 3880 3673 τὸ

2303 3710 2415 3781 πῦρ
2445 3709 2578 3782 οὔσῃ
2601 3727 2614 3776 ;
2634 3740 2702 3749 —
2734 3712 2844 3764 Καὶ
2892 3709 3032 3781 μάλα
3063 3709 3260 3780 ἀληθὲς
3300 3709 3329 3760 ὃ
3360 3708 3560 3776 λέγεις.
3591 3739 3663 3750 ——
3684 3709 3752 3762 Τί
3785 3709 3875 3772 δέ;

2301 3803 2559 3872 τρέφεται
2586 3802 2678 3854 καὶ
2707 3803 2912 3870 γίνεται
2941 3803 3005 3854 ὲκ
3044 3801 3255 3865 τούτου,
3285 3801 3380 3854 καὶ
3422 3801 3651 3871 ἄρχεται
3693 3800 3756 3853 τὸ
3783 3799 3876 3853 τοῦ

2303 3892 2503 3956 παντὸς
2536 3893 2666 3964 πῦρ,
2700 3893 2803 3945 ὑπὸ
2831 3892 2925 3945 τοῦ
2962 3893 3091 3964 παρ’
3113 3895 3245 3963 ἡμῖν
3269 3893 3458 3965 πυρὸς,
3486 3893 3520 3963 ἢ
3543 3893 3874 3956 τούναντίον,

2302 3985 2393 4037 ὑπ’
2420 3985 2626 4037 ἐκείνου
2651 3984 2710 4036 τό
2729 4001 2785 4037 τε
2810 3984 2961 4054 ὲμὸν,
2991 3985 3089 4039 ’καὶ
3115 3985 3174 4038 τὸ
3204 3986 3316 4050 σὺν,
3351 3987 3445 4040 καὶ
3471 3987 3531 4039 τὸ
3559 3987 3667 4041 τῶν
3699 3988 3877 4042 ἄλλων

2301 4076 2476 4140 ζωων,
2507 4077 2698 4130 ἅπαντ’
2733 4075 2871 4148 ἴσχει
2893 4076 3098 4142 ταῦτα;
3123 4108 3192 4117 -
3225 4077 3397 4132 Τοῦτο
3433 4079 3532 4149 μὲν
3576 4080 3698 4133 οὐδὲ
3739 4083 3879 4135 ἀπο-

2301 4173 2533 4238 κρίσεως
2562 4169 2709 4235 eam
2735 4170 3049 4240 ὲρωτᾷς.--
3083 4169 3306 4240 Ὀρθῶς.
3347 4171 3532 4226 Ταυτὰ
3566 4173 3676 4244 γὰρ
3710 4176 3878 4246 ὲρεῖς,

2301 4266 2470 4332 οἱμαι,
2504 4261 2630 4332 περί
2660 4277 2718 4313 τε
2743 4262 2842 4331 τῆς
2876 4263 2932 4314 ὲν
2964 4264 3075 4324 τοῖς
3101 4260 3259 4325 ζώοις
3283 4262 3385 4333 γῆς
3414 4263 3512 4332 τῆς
3539 4264 3748 4329 ἐνθάδε,
3785 4268 3880 4319 καὶ¹

2300 4356 2398 4423 τῆς
2430 4356 2488 4406 ὲν
2513 4352 2590 4424 τῷ
2619 4352 2780 4406 παντί
2801 4371 2814 4385 ο
2858 4353 2952 4406 καὶ
2994 4353 3100 4406 τῶν
3130 4352 3303 4406 ἄλλων
3341 4353 3406 4424 δὴ
3441 4355 3582 4408 ὃσων
3613 4357 3880 4427 ἠρώτησα

2301 4447 2474 4515 ὀλίγον
2506 4443 2836 4517 ἔμπροσθεν,
2872 4443 3044 4507 οὕτως
3066 4444 3438 4518 άποκρινῇ.-
3465 4446 3562 4509 Τίς
3594 4447 3705 4518 γὰρ
3738 4451 3878 4502 ἀπο-

631 4534 788 4590 nobis
807 4536 1039 4599 dicatur,
1056 4536 1199 4604 quod
1227 4536 1308 4590 vel
1331 4550 1423 4589 ore
1445 4545 1604 4592 tenus
1631 4535 1859 4605 proferri
1891 4535 2047 4592 nefas
2075 4552 2196 4593 esse

2307 4539 2615 4609 κρινόμενος
2633 4537 2806 4600 ἄλλως
2829 4537 3082 4606 ὑγιαίνων
3103 4537 3167 4589 ἄν
3200 4555 3328 4591 ποτε
3354 4539 3547 4610 φανείη
3565 4556 3579 4601 ;
3598 4569 3667 4577 -—
3682 4541 3882 4610 Σχεδὸν

630 4627 880 4681 dixerim.
923 4627 990 4680 At
1021 4643 1151 4682 vero
1181 4629 1346 4682 menti
1391 4643 1572 4682 rerum
1602 4627 1980 4683 universarum
2009 4629 2194 4684 mode-

631 4719 894 4774 rationem
943 4719 1245 4788 assignare,
1295 4720 1347 4774 id
1398 4719 1651 4790 equidem
1698 4729 1753 4773 et
1798 4720 1984 4774 mundi
2029 4720 2194 4790 hujus

630 4819 872 4880 aspectu,
903 4819 956 4863 et
989 4809 1140 4870 solis,
1174 4809 1314 4864 lunw
1364 4809 1703 4880 aliorumque
1735 4809 1998 4877 siderum,
2031 4811 2193 4867 adeo-

629 4917 735 4972 que
784 4900 931 4954 omni
985 4900 1086 4955 hac
1128 4901 1481 4956 conversione
1525 4901 1745 4973 dignum
1775 4901 2064 4968 existimo,
2094 4920 2194 4960 nec

628 4994 784 5049 aliter
817 5007 1052 5062 unquam
1094 4992 1193 5047 hac
1225 4993 1289 5046 de
1318 5009 1375 5047 re
1407 5002 1501 5047 aut
1527 4993 1719 5063 loquar
1751 5002 1845 5047 aut
1869 4994 2193 5048 sentiam.—

629 5082 725 5138 Vis
758 5083 1054 5146 enimvero,
1099 5084 1176 5136 uti
1204 5084 1304 5139 hac
1331 5084 1384 5137 in
1413 5100 1592 5140 rerum
1626 5083 1997 5140 moderatione
2024 5093 2192 5140 statu-

628 5176 785 5234 enda.
820 5176 966 5247 quod
994 5185 1200 5230 veteres
1231 5191 1340 5230 uno
1366 5192 1633 5233 consensu
1680 5177 1909 5247 professi
1954 5186 2100 5242 sunt,
2138 5179 2190 5232 id

630 5267 834 5321 nostris
862 5267 962 5336 ipsi
992 5267 1170 5322 verbis
1205 5269 1619 5337 comprobemus
1640 5309 1653 5332 ,
1686 5285 1786 5323 nec
1814 5269 2044 5322 aliorum
2075 5284 2190 5323 sen-

629 5358 849 5412 tentiam
881 5359 1017 5413 citra
1061 5361 1357 5428 periculum
1393 5360 1586 5415 ati‘erre
1631 5361 1894 5424 contenti,
1945 5361 2189 5415 eamdem

626 5467 786 5520 quam
815 5453 917 5522 ipsi
947 5455 1118 5509 aleam
1148 5455 1685 5534 ntaleilietionemque
1715 5455 2028 5520 subeamus,
2066 5471 2190 5510 eum

629 5552 852 5616 argutus
904 5559 965 5598 ac
1026 5547 1312 5602 vehemens
1338 5547 1632 5618 quispiam,
1682 5561 1790 5602 non
1821 5562 1886 5601 eo
1923 5561 2031 5614 quo
2057 5547 2190 5604 dici-

696 5721 954 5799 (59)._Kal_
969 5723 1055 5790 μὴ
1079 5725 1292 5799 μόνογ,
1324 5723 1707 5799 etc._FieinIts,
1737 5741 1829 5777 nec
1871 5724 2029 5799 modo
2048 5733 2188 5793 pule-

629 5807 740 5845 mus
776 5791 883 5844 alia
912 5793 1017 5844 sine
1051 5794 1284 5860 periculo
1332 5791 1555 5860 profe'rri
1585 5811 1684 5847 non
1714 5811 1882 5863 posse,
1925 5791 2090 5860 nullo,
2131 5804 2187 5849 ut

2300 4631 2407 4684 οὐδ’
2435 4629 2681 4684 ὁστισοῦν
2703 4647 2715 4660 ’
2757 4628 2892 4683 ἀλλὰ
2934 4629 2995 4682 τὸ
3024 4627 3135 4699 (40)
3158 4630 3308 4699 μετὰ
3339 4631 3496 4683 τοῦτο
3547 4631 3671 4700 ἑξῆς
3716 4633 3879 4687 ἓπου.

2302 4723 2484 4777 Πάντα
2516 4722 2624 4794 γὰρ
2649 4721 2820 4776 ταῦτα
2853 4723 3012 4792 ἡμεῖς
3042 4720 3205 4774 τανῦν
3231 4722 3294 4793 δὴ
3331 4722 3606 4793 λεχθέντα,
3633 4721 3723 4792 ἆρ’
3753 4724 3878 4788 οὐκ,

2301 4817 2378 4877 είς
2411 4813 2468 4867 ἒν
2505 4813 2837 4884 συγκείμενα
2865 4813 3084 4876 ἰδόντες,
3118 4814 3551 4884 ἐπωνομάσαμεν
3584 4816 3744 4884 σῶμα
3767 4832 3782 4879 ;
3807 4847 3882 4855 —

2301 4905 2364 4956 Τί
2395 4905 2502 4974 μήν
2522 4901 2828 4968 ;-Ταύτὺν
2857 4902 2920 4973 δὴ
2949 4903 3076 4956 λάϐε
3113 4902 3206 4956 καὶ
3230 4905 3357 4972 περὶ
3388 4903 3561 4967 τοῦδε,
3580 4905 3640 4958 ὃν
3671 4906 3883 4974 κόσμον

2299 4998 2525 5066 λέγομεν
2546 5015 2557 5025 ·
2583 4996 2670 5048 διὰ
2698 4995 2787 5047 τὸν
2821 4994 2979 5047 αὑτὸν
3005 4994 3110 5066 γὰρ
3135 4996 3335 5064 τρόπον
3358 4995 3421 5048 ἂν
3448 4997 3532 5066 εἴη
3563 5014 3664 5048 που
3692 4996 3878 5066 σῶμα,

2302 5088 2548 5141 σύνθετον
2565 5087 2621 5140 ὃν
2638 5088 2701 5138 ἐκ
2719 5086 2822 5139 τῶν
2839 5085 3108 5139 αὑτῶν.-
3125 5087 3416 5159 Ὀρθότατα
3432 5086 3881 5155 λέγεις.--Πότε-

2301 5197 2392 5250 ρον
2418 5175 2508 5232 οὗν
2529 5182 2592 5231 ἐκ
2614 5178 2801 5230 τούτου
2817 5176 2910 5230 τοῦ
2928 5177 3174 5248 σώματος
3190 5178 3312 5231 ὅλου
3321 5178 3382 5231 τὸ
3399 5196 3474 5231 πα
3483 5180 3527 5247 ρ’
3546 5180 3677 5248 ἡμῖν
3694 5179 3879 5246 σῶμα,

2298 5270 2512 5343 ἥὲκτοῦ
2540 5272 2666 5340 παρ’
2691 5271 2820 5339 ήμῖν
2848 5268 3006 5321 τοῦτο
3037 5270 3294 5341 τρέφεταί
3321 5287 3402 5331 τε,
3433 5270 3529 5322 καὶ
3554 5271 3654 5322 ὅσα
3685 5269 3783 5322 νῦν
3811 5271 3882 5340 δὴ

2298 5363 2422 5433 περὶ
2438 5361 2612 5414 αὐτῶν
2639 5361 2951 5430 ὲπείπομεν,
2969 5360 3154 5430 εἴληφέ
3168 5377 3226 5412 τε
3249 5363 3340 5413 καὶ
3367 5360 3477 5428 ἔχει
3499 5361 3711 5423 ;-Κα“ι
3732 5360 3883 5413 τοῦθ’

2296 5452 2502 5527 ἓτερον,
2530 5449 2574 5506 ὦ
2599 5452 2883 5525 Σώκρατες
2901 5492 2915 5516 ,
2946 5452 3044 5506 οὐκ
3072 5451 3218 5516 ἄξιον
3248 5453 3586 5523 ἐρωτήσεως.
3607 5454 3756 5506 -Τί
3783 5453 3843 5506 δέ
3866 5472 3881 5516 ;

2295 5549 2412 5600 τόδε
2454 5541 2562 5616 ἆρα
2596 5544 2740 5610 ἄξιον
2780 5545 3131 5616 ἐρωτήσεως;
3164 5543 3326 5614 ἢπῶς
3356 5545 3498 5616 ἐρεῖς
3519 5561 3533 5607 ;
3558 5545 3786 5613 -Λέγε
3817 5546 3886 5598 τὸ

2298 5726 2768 5796 ι’ἰιίοιιιι-,ερηεψ
2785 5732 2877 5780 aut
2898 5725 3055 5796 plane
3083 5721 3376 5778 contrario.

2371 5797 2481 5865 (40)
2515 5794 2671 5851 Forte
2705 5793 2799 5864 τῷ.
