4122 6418
348 363 482 420 ,045

1507 365 1822 422 ΡΒᾸΞΡΑΒ.
1862 368 2113 425 EVANG.
2152 369 2278 424 LIB.
2320 368 2432 424 XII.

3445 373 3580 429 1016

343 484 511 535 ποῖον.
532 506 597 521 σι·-
630 480 700 534 Te
724 482 849 553 παρ’
876 483 1011 553 ἡμῖν
1056 482 1214 555 σῶμα
1241 479 1329 556 ἆρ’
1363 486 1423 538 οὐ
1459 486 1635 557 ψυχην
1671 495 1915 558 φήσομεν

2020 504 2141 545 mus
2173 489 2383 556 ordine,
2422 489 2514 545 sed
2543 490 2857 560 perturbate
2885 504 2950 546 ac
2991 498 3191 545 temere
3230 488 3356 545 ferri
3387 503 3581 547 cuneta

336 571 515 642 ἔχεινς
541 603 611 614 --
630 572 817 644 Δῆλον,
850 574 933 626 ὅτι
965 575 1225 645 φήσομεν.
1246 606 1315 614 -
1337 576 1526 642 Πόθεν,
1549 572 1594 631 ὦ
1622 577 1741 645 φίλε
1765 577 1919 648 Πρώ-

339 677 533 732 ταρχε,
565 660 750 722 λαϐὸν,
791 662 949 733 εἴπερ
986 663 1061 734 μὴ
1093 664 1154 717 τό
1184 681 1247 733 γε
1266 666 1360 719 τοῦ
1394 666 1592 731 παντὸς
1628 666 1788 739 σῶμα
1817 667 1918 738 ἔμ-

337 751 510 822 ψυχον
536 751 597 809 ὃν
639 753 938 823 ἐτύγχανε,
986 755 1159 810 ταύτά
1184 773 1248 826 γε
1295 756 1417 828 ἔχον
1448 756 1621 828 τούτῳ
1644 797 1659 821 ,
1707 758 1801 813 καὶ
1839 759 1918 813 ἔτι

341 842 520 915 πάντη
554 844 927 910 καλλίονας-
953 845 1141 917 Δῆλον,
1168 846 1244 911 ὡς
1271 846 1566 919 οὐδαμόθεν
1598 847 1837 912 ἄλλοθεν,
1873 843 1918 903 ὧ

340 932 823 1005 Σώκρατες-(ὥ
859 936 968 1007 γάρ
994 954 1096 990 που
1129 937 1392 1010 δοκοῦμέν
1416 956 1501 1006 γε,
1530 932 1575 993 ὦ
1600 938 1916 1012 Πρώταρχε,

339 1024 414 1078 τὰ.
429 1024 665 1097 τέτταρα
701 1026 906 1091 ἐκεῖνα,
943 1028 1137 1099 πέρας,
1171 1030 1266 1084 καὶ
1293 1030 1537 1102 ἄπειρον,
1572 1032 1667 1085 καὶ
1714 1033 1914 1099 κοινὸν,

342 1117 441 1170 καὶ
474 1116 537 1170 τὸ
584 1117 683 1189 τῆς
713 1118 894 1182 αἰτίας
934 1118 1090 1188 γένος
1147 1124 1203 1175 ὲν
1257 1122 1427 1176 ἅπασι
1470 1123 1730 1195 τέταρτον
1766 1123 1915 1188 ἐνὸν,

339 1208 490 1262 τοῦτ’
518 1209 579 1263 έν
616 1209 714 1280 μὲν
743 1213 857 1275 τοῖς
890 1211 1020 1282 παρ’
1052 1213 1182 1283 ἡμῖν
1219 1212 1397 1285 ψυχήν
1440 1232 1499 1268 τε
1531 1215 1786 1287 παρέχον,
1825 1216 1919 1268 καὶ

344 1301 666 1373 σωμασκίαν
698 1301 806 1372 (41)
841 1301 1124 1373 ἐμποιοῦν,
1165 1304 1263 1357 καὶ⁵
1309 1306 1636 1369 πταίσαντος
1669 1304 1918 1375 σώματος

344 1391 617 1465 ἰατρικὴν,
658 1393 754 1446 καὶ
806 1394 865 1447 ἐν
902 1393 1082 1457 ἄλλοις
1122 1394 1256 1449 ἄλλα
1294 1396 1540 1450 συντιθὲν
1585 1398 1680 1450 καὶ
1721 1397 1920 1451 ἀσκού-

345 1500 529 1554 μενον,
554 1484 731 1537 πᾶσαν
754 1483 846 1538 καὶ
868 1485 1128 1538 παντοίαν
1158 1486 1348 1555 σοφίαν
1371 1485 1743 1540 ἐπικαλεῖσθαι
1768 1504 1781 1517 ⁸
1811 1487 1918 1540 τῶν

339 1574 400 1628 δὲ
434 1574 615 1630 αὐτῶν
634 1573 840 1629 τούτων
873 1576 932 1629 ὲν
956 1576 1061 1648 ὅλῳ
1080 1594 1138 1630 τε
1177 1576 1409 1650 οὐρανῷ,
1436 1580 1529 1633 καὶ
1552 1578 1691 1633 κατὰ
1712 1579 1918 1649 μεγάλα

343 1665 513 1737 μέρη,
538 1666 632 1720 καὶ
657 1666 880 1738 προσέτι
900 1666 1079 1721 καλῶν
1096 1668 1189 1722 καὶ
1208 1668 1531 1739 είλικρινῶν,
1546 1670 1603 1722 ὲν
1620 1669 1831 1732 τούτοις
1861 1669 1916 1721 δὲ

337 1757 443 1810 οὐκ
470 1757 577 1829 ἄρα
601 1758 1014 1829 μεμηχανῆσθαι
1034 1757 1132 1829 τὴν
1157 1758 1263 1812 τῶν
1288 1758 1592 1813 καλλίστων
1613 1761 1707 1813 καὶ
1725 1776 1920 1826 τιμιω-

2019 579 2610 651 pugnabit.—-Quidni
2658 582 2803 637 enim
2858 582 2912 638 id
2960 582 3154 637 velim?
3224 611 3234 614 -
3280 584 3391 652 Age
3427 600 3578 658 ergo,

2020 685 2085 724 ac
2133 670 2263 724 mihi
2319 671 2765 741 consequentiam
2800 671 2965 741 hujus
2998 672 3379 743 disputationis
3409 684 3583 729 atten-

2019 762 2106 817 de.
2129 791 2199 802 ——
2221 760 2388 834 Perge
2441 771 2496 818 tu
2538 763 2720 819 modo.
2742 793 2813 804 —
2835 762 3079 830 Quatuor
3125 764 3245 826 illa,
3276 779 3340 819 ex
3382 766 3581 835 quibus

2020 848 2376 902 animantium
2423 849 2666 903 omnium
2719 864 3006 920 corporum
3059 859 3253 905 natura
3310 851 3579 916 consistit,

2020 937 2231 1008 ignem,
2262 952 2491 1009 aquam,
2534 939 2784 1009 spiritum
2827 954 2888 994 ac
2936 949 3171 1006 terram,
3205 957 3331 996 num
3373 944 3426 996 in
3466 944 3582 1011 ipsa

2018 1044 2203 1083 eorum
2232 1031 2573 1086 concretione
2599 1043 2875 1101 utcunque
2919 1033 3283 1102 agnoscimus,
3310 1035 3582 1103 quomodo

2018 1120 2265 1175 videlicet
2293 1120 2543 1175 homines
2572 1122 2868 1192 loquuntur
2901 1131 3217 1191 tempestate
3253 1122 3484 1194 jactati?
3514 1154 3583 1163 —

2022 1208 2184 1265 Sane.
2213 1240 2283 1251 ——
2310 1208 2422 1266 Hoc
2454 1211 2598 1265 enim
2631 1212 2685 1266 in
2716 1213 2981 1267 orationis
3019 1228 3246 1283 genere,
3273 1224 3407 1268 aestu
3441 1229 3581 1283 quo-

2020 1300 2143 1354 dam
2177 1301 2580 1357 ineertitndinis
2607 1317 2733 1358 vere
2770 1302 3059 1372 jactamnr.
3101 1303 3267 1375 629
3294 1306 3405 1375 Age
3433 1320 3580 1370 vero,

2020 1404 2083 1444 ac
2106 1390 2173 1446 de
2198 1390 2438 1460 quolibet
2464 1407 2650 1447 eorum
2693 1409 2815 1462 quae
2854 1393 3015 1448 nobis
3062 1394 3276 1460 insunt,
3311 1395 3581 1464 ejusmodi

2020 1480 2222 1553 aliquid
2265 1486 2469 1554 accipe.
2495 1515 2564 1524 -——
2587 1485 2727 1552 Quid
2752 1525 2765 1549 ,
2813 1485 3076 1539 obsecro?
3099 1515 3168 1525 —
3190 1484 3451 1556 Exiguam
3484 1489 3583 1542 ali-

2020 1586 2185 1640 quam
2210 1580 2263 1626 et
2291 1572 2673 1642 despicabilem
2705 1588 2734 1628 e
2783 1573 3009 1643 singulis
3042 1574 3358 1644 particulam
3405 1576 3584 1632 inesse

2022 1662 2199 1728 nobis,
2238 1679 2358 1734 qua)
2390 1680 2488 1721 nec
2514 1666 2624 1720 ullo
2651 1666 2812 1720 modo
2838 1681 2968 1736 pura
2997 1668 3314 1739 sinceraque
3342 1672 3444 1736 sit,
3481 1688 3583 1726 nec

2018 1754 2128 1808 vim
2154 1764 2207 1809 et
2232 1754 2542 1811 facultatem
2572 1756 2766 1811 habeat
2799 1765 2991 1810 natura
3021 1757 3259 1829 dignam.
3302 1759 3454 1827 Quod
3489 1762 3578 1816 ubi

338 1848 521 1903 τάτων
535 1848 787 1918 φύσιν.-
804 1850 940 1907 Ἀλλ’
973 1850 1222 1920 οὐδαμῶς
1252 1850 1409 1905 τοῦτό
1429 1853 1480 1920 γ’
1514 1851 1580 1905 ἂν
1607 1851 1763 1919 λόγον
1779 1850 1912 1920 ἔχοι.

2020 1840 2084 1895 de
2114 1858 2223 1897 uno
2250 1843 2434 1913 aliquo
2480 1846 2757 1911 statueris,
2788 1855 2897 1899 tum
2933 1847 2998 1901 de
3028 1848 3296 1904 universis
3328 1850 3466 1904 idem
3501 1852 3583 1904 in-

337 1936 622 1994 -Οὐκοῦν
650 1940 700 1993 si
731 1940 805 2011 μὴ
827 1939 1004 2005 τοῦτο,
1038 1941 1153 2012 μετ’
1184 1941 1390 1994 ἐκείνου
1414 1941 1505 1994 τοῦ
1528 1941 1686 2010 λόγου
1702 1941 1767 1996 ἂν
1798 1942 1917 1995 ἐπό-

343 2049 497 2101 μενοι
513 2031 741 2103 ⁵βέλτιον
770 2031 1040 2103 λέγοιμεν,
1072 2034 1148 2097 ὡς
1164 2033 1329 2097 ἔστιν,
1353 2033 1389 2088 ἃ
1414 2033 1669 2098 πολλάκις
1695 2033 1915 2105 εἰρήκα-

344 2140 467 2194 μεν,
488 2122 713 2194 ἄπειρόν
733 2140 794 2177 τε
827 2125 887 2179 ὲν
907 2123 985 2195 τῷ
1014 2124 1175 2179 παντὶ
1208 2124 1364 2189 πολὺ,
1391 2124 1485 2178 καὶ
1510 2124 1681 2195 πέρας
1714 2123 1915 2187 ἱκανὸν,

339 2214 436 2268 καί
466 2232 548 2278 τις
569 2216 655 2268 ἐπ’
682 2215 864 2279 αὐτοῖς
894 2214 1043 2268 αἰτία
1076 2216 1138 2268 οὐ
1170 2213 1367 2285 φαύλη,
1405 2213 1683 2285 κοσμοῦσά
1721 2231 1781 2266 τε
1824 2214 1918 2267 καὶ

340 2306 706 2362 συντάττουσα
730 2306 1006 2371 ἐνιαυτούς
1032 2323 1090 2359 τε
1115 2307 1210 2359 καὶ
1229 2304 1377 2378 ὥρας
1401 2305 1495 2359 καὶ
1527 2304 1720 2375 μῆνας,
1759 2304 1918 2373 σοφία

337 2396 437 2450 καὶ
453 2397 577 2461 νοῦς
590 2397 855 2469 λεγομένη
869 2398 1180 2453 δικαιότατα
1195 2397 1675 2453 ἄν.-Δικαιότατα
1693 2397 1919 2468 δῆτα.-

337 2486 510 2557 Σοφία
527 2488 635 2560 μὴν
658 2489 755 2542 καὶ
772 2488 897 2553 νοῦς
915 2489 1043 2542 ἄνευ
1064 2489 1239 2560 ψυχῆς
1259 2491 1360 2543 οὐκ
1380 2488 1444 2543 ἄν
1464 2506 1593 2542 ποτε
1615 2487 1916 2560 γενοίσθην.

339 2604 412 2616 --
438 2575 737 2647 οὐγαροῦν.
774 2603 839 2615 --
870 2575 1077 2631 Οὐκοῦν
1118 2578 1177 2629 ὲν
1215 2576 1313 2646 μὲν
1357 2578 1426 2647 τῇ
1470 2574 1563 2629 τοῦ
1600 2573 1723 2637 Διὸς
1774 2575 1915 2645 ἐρεῖς

2023 1932 2218 2003 tellige.
2279 1934 2457 2005 Ignis,
2492 1937 2720 2005 exempli
2772 1952 2972 2000 causa,
3009 1951 3280 2010 utcunque
3324 1941 3377 1995 in
3425 1943 3581 1998 nobis

2020 2031 2123 2088 est,
2153 2031 2235 2078 est
2263 2024 2427 2079 etiam
2478 2025 2531 2078 in
2560 2027 2833 2081 universo.
2875 2056 2935 2066 —
2966 2025 3178 2097 Utique.
3207 2060 3277 2069 —
3302 2030 3436 2085 Cum
3483 2032 3583 2101 igi-

2022 2124 2142 2179 tur,
2178 2114 2271 2183 qui
2315 2115 2369 2168 in
2410 2115 2567 2171 nobis
2595 2126 2710 2183 est,
2745 2119 2792 2172 is
2819 2128 2872 2173 et
2903 2121 3132 2191 exiguus
3177 2121 3498 2186 admodum,
3527 2132 3583 2178 et
3662 2182 3673 2192 ο

2023 2204 2345 2271 imbecillus,
2378 2221 2442 2261 ac
2471 2207 2758 2278 languidus
2787 2210 2875 2277 sit,
2931 2219 3044 2267 tum
3075 2226 3204 2266 vero
3233 2212 3325 2281 qui
3376 2213 3431 2267 in
3461 2215 3583 2268 uni-

2022 2311 2182 2351 verso
2204 2306 2317 2362 est,
2350 2297 2396 2352 is
2422 2299 2574 2368 copia
2609 2300 2770 2355 simul
2808 2317 2870 2357 ac
2895 2304 3327 2373 pulchritudine,
3362 2316 3585 2363 cuneta-

2022 2400 2128 2454 que
2157 2385 2293 2442 adeo
2329 2389 2401 2451 vi,
2431 2404 2553 2456 quae
2602 2390 2744 2460 ignis
2774 2395 2993 2463 propria
3024 2405 3126 2459 est,
3164 2397 3321 2465 plane
3348 2399 3584 2454 admira-

2026 2478 2173 2533 bilis.
2200 2510 2269 2520 —
2300 2479 2600 2539 Verissime
2632 2485 2893 2555 loqueris.
2919 2517 2982 2526 ——
3010 2485 3148 2553 Quid
3182 2491 3354 2543 vero?
3393 2487 3583 2543 Utrum

2022 2566 2274 2640 deinceps
2318 2572 2495 2642 ignem
2541 2574 2695 2630 illum
2725 2576 2999 2641 universi,
3035 2578 3103 2632 ab
3127 2594 3193 2633 eo
3218 2579 3313 2650 qui
3343 2580 3396 2633 in
3427 2579 3584 2634 nobis

338 2666 502 2739 φύσει
534 2667 819 2740 βασιλικὴν
864 2670 962 2740 μὲν
988 2667 1186 2740 ψυχὴν,
1219 2667 1494 2739 βασιλικὸν
1530 2665 1587 2718 δὲ
1612 2662 1737 2717 νοῦν
1764 2663 1915 2732 ἐγγί-

336 2758 550 2823 νεσθαι,
571 2758 660 2813 διὰ
678 2759 777 2831 τὴν
801 2759 901 2830 τῆς
921 2760 1100 2823 αἰτίας
1122 2759 1349 2831 δύναμιν
1370 2777 1383 2790 ·
1422 2759 1479 2811 ὲν
1501 2756 1557 2810 δὲ
1577 2755 1755 2818 ἄλλοις
1784 2753 1916 2809 ἄλλα

338 2849 506 2917 καλὰ,
535 2850 723 2905 καθότι
765 2850 920 2920 φίλον
947 2850 1219 2916 ἑκάστοις,
1252 2847 1529 2919 λέγεσθαι.

2023 2843 2200 2913 ignem
2226 2843 2340 2898 haec
2365 2844 2547 2899 omnia
2573 2845 3091 2917 suscipere?—Iloc
3113 2864 3241 2906 vero
3269 2866 3338 2905 ne
3366 2862 3585 2918 respon-

339 2941 496 2998 sione
524 2941 743 3012 quidem
769 2941 989 3014 dignum
1039 2941 1312 2998 existimo.
1336 2969 1407 2981 —
1436 2938 1497 2994 Et
1562 2939 1754 2994 merito
1779 2952 1930 2995 sane.
1970 2934 2079 2993 Nec
2140 2937 2313 3005 aliter,
2362 2939 2577 3007 opinor,
2610 2956 2734 2996 cum
2767 2942 2832 2997 de
2857 2943 2959 2999 hac
2996 2952 3157 3010 terra,
3193 2959 3315 3014 quae
3338 2944 3585 2998 animan-

338 3034 489 3106 tibus
515 3033 685 3102 inest,
718 3041 832 3090 tum
859 3032 929 3089 de
956 3034 1044 3090 illa
1095 3050 1217 3106 qua:
1268 3034 1324 3090 in
1360 3032 1636 3097 universo,
1667 3032 1933 3102 loquare:
1975 3044 2041 3086 ac
2082 3030 2148 3086 de
2200 3030 2323 3087 aliis
2365 3032 2637 3097 omnibus,
2665 3035 2731 3089 de
2759 3036 2957 3105 quibus
3006 3038 3166 3107 paulo
3212 3046 3334 3092 ante
3374 3051 3584 3107 quaere-

340 3124 497 3191 bam,
538 3124 679 3180 idem
721 3114 945 3182 omnino
990 3123 1338 3195 respondeas.
1393 3151 1463 3163 —
1512 3119 1648 3188 Quis
1704 3120 1880 3184 enim,
1923 3119 1968 3174 si
2024 3119 2184 3175 modo
2227 3135 2394 3178 sanus
2437 3121 2560 3189 erit,
2622 3124 2767 3179 aliud
2844 3141 3084 3196 unquam
3131 3127 3488 3196 respondeat?
3517 3154 3586 3165 —

338 3214 567 3288 Opinor,
622 3232 803 3275 nemo.
846 3216 951 3274 Sed
992 3232 1278 3289 pergamus
1327 3216 1393 3273 ad
1418 3224 1633 3271 caetera.
1684 3212 1939 3283 Nunquid
1977 3212 2065 3266 illa
2124 3223 2374 3284 quatuor,
2442 3216 2531 3270 ubi
2562 3216 2789 3272 conﬂata
2829 3218 2882 3273 in
2911 3235 3076 3274 unum
3106 3220 3423 3284 coaluerint,
3459 3234 3583 3273 cor—

337 3327 449 3383 pus
489 3310 854 3382 appellamus.
884 3341 952 3351 —
983 3308 1084 3365 Ita.
1110 3337 1180 3349 —
1207 3309 1353 3365 Idem
1404 3307 1570 3378 igitur
1614 3306 1680 3361 de
1728 3319 1795 3361 eo
1843 3318 2004 3374 quem
2046 3305 2309 3359 mundum
2342 3322 2600 3363 vocamus
2661 3309 2913 3379 intellige.
2957 3309 3005 3365 Is
3038 3311 3180 3365 enim
3209 3310 3398 3365 eodem
3428 3310 3587 3380 plane

339 3403 504 3461 modo
530 3417 728 3475 corpus
779 3403 966 3459 haberi
994 3402 1178 3470 debet,
1206 3416 1331 3458 cum
1362 3415 1428 3456 ex
1454 3398 1645 3455 iisdem
1672 3396 1936 3453 conﬂatus
1973 3397 2063 3452 sit.
2088 3426 2160 3440 -
2180 3396 2502 3455 Rectissime
2555 3401 2814 3470 loqueris.
2849 3432 2920 3441 —
2947 3398 3139 3456 Utrum
3172 3402 3336 3471 igitur
3371 3401 3439 3455 ab
3462 3402 3585 3456 uni-

341 3508 503 3551 verso
526 3494 620 3550 illo
646 3509 877 3566 corpore
935 3503 1180 3551 nostrum
1224 3495 1368 3560 hoc,
1402 3508 1470 3549 an
1500 3491 1681 3561 potius
1717 3505 1747 3546 a
1800 3498 1990 3546 nostro
2029 3490 2158 3546 illud
2192 3501 2245 3547 et
2270 3492 2452 3561 alitur,
2501 3501 2553 3549 et
2599 3503 2788 3550 caetera
2823 3510 2942 3563 quae
2994 3493 3216 3563 jamjam
3256 3493 3587 3560 addidimus,

340 3587 878 3660 accipin—Neque
925 3590 1030 3646 hoc
1083 3590 1335 3655 alterunt,
1370 3604 1404 3644 o
1433 3586 1705 3652 Socrates,
1765 3584 2121 3655 responsione
2167 3586 2389 3658 dignum
2438 3587 2799 3655 est.—Quid
2853 3605 2982 3645 vero
3044 3588 3262 3643 tertium
3311 3588 3450 3643 hoc?
3494 3604 3586 3642 re-

339 3680 638 3751 sponsione
673 3682 894 3752 dignum
943 3685 1069 3747 erit,
1118 3695 1189 3736 an
1242 3679 1436 3736 secus?
1463 3709 1533 3720 —
1556 3676 1744 3734 Profer
1802 3675 1935 3730 illud
1973 3676 2070 3732 sis.
2098 3706 2166 3717 —
2188 3676 2442 3736 Nostrum
2502 3680 2606 3736 hoc
2641 3695 2839 3751 corpus
2872 3681 3125 3735 animone
3157 3680 3440 3749 praeditum
3465 3695 3591 3735 esse

342 3771 1095 3830 fatebimur?—Fatebimur
1149 3770 1636 3844 utique.—Unde
1667 3782 1846 3828 autem
1904 3771 2054 3828 illum
2118 3766 2379 3838 hauserit,
2445 3774 2519 3828 mi
2571 3771 2886 3838 Protarche,
2941 3773 3046 3829 nisi
3090 3774 3329 3828 universi
3390 3787 3581 3841 corpus

343 3869 646 3924 animatum
681 3868 863 3935 fuerit,
895 3876 950 3923 et
979 3867 1168 3924 iisdem
1229 3867 1474 3934 omnino,
1512 3866 1711 3937 quibus
1766 3866 1871 3921 hoc
1931 3876 2200 3933 nostrum,
2248 3868 2516 3937 longeque
2559 3868 2692 3923 adeo
2748 3868 3218 3938 praestantioribus
3262 3871 3588 3923 instructum

341 3957 732 4017 facultatibus?
761 3989 831 4001 —
870 3957 1083 4029 Liquet,
1113 3972 1147 4013 o
1173 3955 1444 4023 Socrates,
1514 3956 1659 4012 unde
1713 3963 1968 4026 potuerit,
2005 3972 2126 4013 esse
2153 3956 2305 4011 nihil.
2336 3987 2407 3999 —
2438 3955 2747 4023 Enimvero,
2779 3972 2886 4012 non
2931 3957 3279 4020 arbitramur,
3308 3973 3341 4011 ο
3370 3955 3589 4011 Protar-

340 4052 469 4115 cho,
498 4059 732 4120 quatuor
797 4049 909 4117 illa,
952 4048 1280 4112 terminum,
1312 4046 1618 4113 inﬁnitum,
1660 4046 1882 4101 mistum
1933 4061 1999 4101 ex
2041 4056 2301 4118 utroque,
2341 4054 2454 4102 tum
2494 4061 2623 4102 vero
2667 4055 2920 4115 quartum
2966 4045 3118 4105 illud,
3162 4046 3306 4116 quod
3337 4047 3589 4101 omnbus

340 4141 509 4204 inest,
532 4156 711 4197 causa:
731 4155 922 4213 genus,
950 4140 1096 4210 quod
1130 4139 1334 4195 nostris
1395 4146 1450 4193 et
1480 4138 1718 4193 animum
1752 4136 2020 4205 infundat,
2089 4147 2139 4193 et
2203 4140 2445 4209 corporis
2492 4138 2576 4193 vel
2633 4138 2954 4203 exercendi,
2988 4138 3093 4204 vel,
3129 4138 3173 4192 si
3201 4140 3589 4208 quoquomodo

341 4230 703 4295 laboraverit,
744 4231 972 4288 curandi
1024 4229 1330 4286 facultatem
1366 4230 1599 4296 tribuat,
1653 4240 1708 4285 et
1746 4230 1800 4283 in
1835 4230 1958 4285 aliis
1994 4241 2278 4300 componat
2322 4231 2462 4295 alia,
2510 4231 2615 4285 alia
2675 4240 2916 4299 reparet;
2954 4244 3179 4284 summae
3209 4230 3493 4300 cujusdam
3528 4240 3584 4286 et

341 4321 609 4378 absolutae
634 4321 912 4392 sapientiae
950 4321 1174 4376 nomine
1222 4320 1442 4389 dignum
1476 4333 1597 4374 esse
1667 4338 1681 4373 :
1739 4317 1902 4389 630
1952 4319 2138 4374 eadem
2166 4335 2287 4374 cum
2321 4329 2375 4375 et
2402 4320 2454 4373 in
2484 4327 2597 4373 toto
2621 4317 2794 4384 coelo,
2831 4328 2883 4372 et
2912 4318 2964 4371 in
3006 4317 3304 4387 majoribus
3335 4318 3440 4374 illis
3466 4336 3589 4389 par-

343 4415 492 4476 tibus
537 4414 714 4471 locum
753 4413 1006 4478 habeant,
1055 4428 1155 4470 nec
1207 4413 1389 4484 specie
1417 4412 1599 4481 modo,
1649 4413 1744 4469 sed
1800 4415 1964 4470 etiam
2007 4414 2313 4482 integritate
2364 4422 2639 4484 praestent,
2691 4412 2795 4475 illa
2829 4421 3007 4467 tamen
3058 4427 3240 4467 rerum
3289 4414 3589 4483 pulcherri-

344 4522 583 4572 marum,
618 4521 684 4564 ac
709 4506 1176 4563 nobilissimarum
1219 4511 1413 4560 natura
1446 4519 1649 4561 carere.
1678 4536 1748 4546 —
1778 4505 1987 4577 Quippe
2022 4507 2257 4561 alienum
2297 4506 2349 4561 id
2383 4506 2454 4560 ab
2484 4507 2633 4560 omni
2668 4507 2875 4561 ratione
2904 4503 3085 4561 fuerit.
3118 4536 3188 4547 --
3219 4505 3351 4561 Illud
3382 4522 3512 4579 ergo
3540 4507 3587 4563 si

341 4602 623 4674 rejicimus
644 4639 661 4668 ,
707 4606 989 4669 superest,
1023 4606 1084 4653 ut
1122 4598 1350 4656 rationis
1380 4597 1544 4668 hujus
1575 4597 1684 4652 vim
1713 4598 1904 4662 secuti,
1946 4598 2139 4653 melius
2196 4597 2272 4652 ita
2338 4606 2666 4664 statuamus,
2708 4612 2829 4653 esse
2862 4598 3143 4665 nimirum,
3176 4598 3320 4668 quod
3346 4598 3458 4668 jam
3487 4614 3587 4655 sae.

342 4710 645 4768 penumero
672 4693 934 4759 diximus,
968 4692 1160 4749 hocin
1193 4694 1469 4757 universo,
1503 4707 1629 4748 cum
1678 4692 2007 4749 immensum
2065 4693 2321 4763 quiddam
2374 4703 2537 4765 atque
2585 4694 2876 4758 infinitum,
2930 4705 3043 4749 tum
3086 4695 3250 4749 etiam
3293 4696 3587 4755 terminum

340 4790 393 4844 ei
418 4787 851 4852 convenientem,
897 4798 1119 4841 causam
1169 4786 1393 4855 insuper
1423 4784 1656 4854 aliquam
1691 4798 1801 4839 non
1848 4797 2192 4840 communem
2248 4795 2410 4856 atque
2453 4786 2766 4858 vulgarem,
2803 4801 2924 4856 quae
2970 4800 3174 4854 annos,
3217 4796 3586 4857 tempestates,

342 4891 669 4948 mensesque
725 4875 972 4947 digerat,
1020 4884 1183 4947 atque
1238 4876 1588 4943 moderetur,
1640 4875 1961 4946 sapientiam
2029 4886 2191 4949 atque
2231 4878 2561 4934 intellectum
2617 4878 2743 4949 jure
2795 4877 3001 4938 ontimo
3052 4879 3491 4948 nuneupandam.
3518 4911 3589 4923 -

338 4972 560 5045 Optimo
591 4988 743 5030 sane.
769 5004 840 5017 —
865 4972 1141 5044 Sapientia
1182 4986 1345 5043 porro
1395 4981 1558 5043 atque
1602 4972 1911 5028 Intellectus
1977 4974 2047 5029 ab
2105 4974 2292 5029 animo
2322 4974 2530 5044 sejungi
2577 4989 2685 5030 non
2736 4985 2985 5044 possunt.
3014 5003 3085 5015 —
3108 4972 3267 5029 Nullo
3303 4974 3488 5031 modo.
3519 5005 3589 5018 —-

340 5066 652 5123 Concludas
679 5065 847 5137 igitur
880 5074 1124 5136 oportet,
1162 5081 1341 5121 causa:
1386 5065 1550 5135 hujus
1607 5067 1683 5132 vi,
1728 5075 1784 5122 et
1817 5067 1965 5123 Jovis
2005 5077 2279 5134 naturam,
2324 5070 2532 5139 regium
2581 5068 2870 5139 quemdam
2899 5068 3139 5124 animum
3170 5082 3233 5122 ac
3264 5056 3476 5135 regium.
3503 5071 3591 5124 in-

342 5161 614 5217 tellectum
638 5153 1025 5231 possiderefet
1064 5162 1117 5215 in
1150 5160 1273 5216 aliis
1296 5161 1554 5232 praeclara
1596 5162 1841 5231 quadam
1881 5164 1986 5218 alia
2025 5165 2271 5235 reperiri,
2308 5165 2411 5221 hoc
2438 5165 2597 5220 illove
2622 5166 2861 5229 nomine,
2892 5176 3049 5236 prout
3084 5180 3184 5220 sua
3205 5164 3471 5234 cujusque
3501 5183 3593 5220 ra~

347 5254 425 5308 tio
455 5252 713 5324 postulet,
741 5252 1079 5323 appellanda.
1118 5271 1137 5303 ι
1172 5250 1443 5308 Hactenus
1469 5251 1646 5307 Plato.

847 5345 1244 5398 ΚΕΦΑΛΛΙΟΝ
1280 5342 1405 5398 NB'.

2614 5342 2844 5398 CAPUT
2884 5342 2992 5397 LII.

343 5436 538 5504 ὀπως
562 5436 829 5505 περὶτοῦ
875 5434 1154 5505 προνοεῖν
1204 5435 1312 5490 τοῦ
1354 5434 1579 5505 παντὸς
1628 5437 1736 5492 τὸν
1773 5438 1917 5492 Θεὸν

2028 5438 2482 5505 Quemadmodum
2520 5436 2658 5505 idem
2690 5437 2798 5504 ipse
2838 5434 3001 5505 Deum
3036 5433 3261 5505 universi
3295 5448 3477 5485 curam
3513 5449 3594 5501 ge-

553 5502 842 5571 διέξεισιν
862 5502 933 5560 ἐῶ
954 5506 1036 5571 τῷ
1062 5504 1293 5570 δεκάτῳ
1316 5504 1434 5559 τῶν
1465 5505 1681 5577 Νόμων.

2036 5502 2065 5505 7⁷
2361 5523 2474 5561 rere
2502 5502 2911 5576 philosophetur.
2953 5503 3155 5573 Legum
3194 5502 3255 5555 Χ.

421 5617 440 5649 ι
461 5597 566 5653 Τὸν
588 5598 634 5652 δ’
656 5597 955 5669 ⁴ἡγούμενον
981 5596 1094 5668 (42)
1125 5598 1222 5666 μὲν
1252 5595 1408 5657 θεοὺς
1446 5593 1607 5662 εἶναι,
1648 5597 1723 5669 μὴ
1757 5614 1916 5669 φρον-

2099 5618 2117 5648 ι
2154 5595 2271 5653 1am
2302 5612 2456 5663 vero,
2499 5594 2678 5665 inquit
2704 5594 2880 5663 Plato,
2912 5595 3267 5665 alloquendus
3296 5594 3384 5649 ille
3414 5593 3594 5659 nobis,

2021 2672 2122 2729 est,
2166 2663 2259 2729 ali,
2297 2663 2423 2720 duci
2470 2666 2691 2737 regique
2722 2668 3039 2735 arbitraris,
3089 2685 3156 2725 an
3192 2672 3366 2740 potius
3399 2671 3467 2725 ab
3492 2670 3584 2724 illo

2022 2759 2131 2805 tam
2161 2766 2362 2818 meum,
2398 2768 2560 2823 quam
2586 2762 2761 2823 tuum,
2790 2772 2855 2813 ac
2877 2767 3192 2815 cancrorum
3224 2760 3584 2815 animantium

417 5729 529 5803 (41)
559 5732 938 5799 Σωμασκιαν.
989 5730 1162 5794 Plato,
1204 5731 1361 5783 σῶαα
1381 5771 1393 5795 ,
1426 5733 1584 5786 σκιάν
1605 5773 1619 5796 ,
1650 5733 1915 5803 ﬂagitiose

417 5815 548 5855 rore.
579 5802 671 5855 nui
710 5800 895 5855 Ficino
918 5800 1211 5855 admodum
1243 5802 1540 5855 imposuit:
1570 5806 1729 5855 vertit
1750 5806 1916 5855 enim.

2030 5735 2259 5787 animum
2295 5749 2383 5785 cor
2418 5748 2579 5800 usque
2609 5732 2822 5799 prwbet,
2857 5731 2983 5785 dum
3028 5730 3288 5799 imprimit
3334 5728 3595 5782 umbram.

2098 5803 2210 5855 ($22)
2230 5802 2339 5855 Τὸν
2437 5802 2789 5855 ἡγούμενον.
2816 5798 2968 5855 Plato
2995 5800 3116 5855 Lm.
3146 5817 3194 5855 ι.
3257 5816 3355 5855 nas:
3401 5799 3506 5853 670
3533 5796 3595 5849 Β.

341 5796 548 5863 errore.
579 5796 671 5863 qui
710 5800 895 5858 Ficino
918 5800 1211 5858 admodum
1243 5802 1540 5871 imposuit;
1570 5796 1916 5870 vertit'enim,

2098 5803 2210 5873 (5'2)
2230 5802 2339 5857 Τὸν
2364 5796 2416 5855 δ’·
2437 5796 2789 5871 ἠῄτούμενον.
2816 5798 2968 5857 Plato
2995 5796 3116 5871 Leg.
3146 5817 3196 5868 ι,
3256 5816 3355 5871 pag
3401 5799 3506 5853 οτι)
3533 5796 3598 5849 Β.
