4122 6414
571 355 704 412 1047
1237 356 1325 414 EU
1336 356 1506 413 SEBII
1539 356 2018 415 ΟᾹῖδΑΙὶΙΕΝΒΙὲ
2052 358 2142 414 ΟΡ

2242 358 2421 414 PARS
2453 358 2518 415 11.
2552 390 2623 405 --
2642 359 3139 418 APOLOGETICA.
3674 365 3811 422 ιοιε

570 473 662 542 qui
698 454 829 527 deos
857 486 978 526 esse
1010 488 1134 526 cum
1177 473 1471 537 existimet,
1502 476 1569 530 iis
1601 484 1778 530 tamen
1825 492 2005 531 rerum
2034 479 2134 530 hn-

2242 476 2402 541 τίζειν
2426 477 2482 531 δέ
2503 479 2700 542 αὐτοὺς
2733 479 2840 533 τῶν
2869 479 3219 551 ἀνθρωπΓῠσΝ
3247 486 3611 551 umquam,
3634 497 3812 554 παρα-

574 580 857 620 Inanarum
893 580 1078 618 curam
1109 566 1324 634 eripiat.
1364 565 1519 633 Quod
1564 576 1654 635 tu,
1698 571 1778 622 vir
1804 569 2009 638 optime
2042 567 2142 638 (sic

2247 566 2533 638 μυθητέον.
2562 565 2632 622 Ὦ
2661 569 2850 641 ἄριστε
2895 570 2981 641 δὴ,
3012 570 3221 640 φῶμεν,
3262 570 3343 623 ὅτι
3378 571 3474 640 μὲν
3505 573 3614 643 ἡγῇ
3656 572 3813 638 θεοὺς

575 658 716 710 enim
750 658 926 727 ipsum
955 659 1391 727 compellamus),
1423 660 1557 716 deos
1584 675 1706 717 esse
1732 661 1934 728 credis,
1960 661 2142 716 divina

2245 658 2531 726 συγγένειά
2561 677 2645 725 τις
2672 661 2801 724 ίσως
2834 678 2893 714 σε
2941 660 3060 714 θεία
3093 662 3227 732 πρὸς
3259 662 3322 715 τὸ
3372 662 3651 732 ξύμφυτον
3689 663 3811 733 ἄγει

575 747 817 815 quaedam
847 746 1100 813 afﬁnitas.
1137 750 1203 804 ad
1232 761 1519 822 cognatum
1543 752 1635 808 tibi
1662 770 1863 810 numen
1892 763 1946 809 et
1972 769 2142 825 agno.

576 839 829 893 scendum
851 879 867 904 ,
902 851 956 894 et
985 841 1293 905 colendum,
1318 851 1393 908 te,
1423 855 1483 899 ut
1511 846 1755 911 videtur,
1793 847 2031 902 adducit.
2071 850 2141 902 At

577 943 702 984 vero
734 930 1106 1000 improborum
1139 944 1192 989 et
1224 935 1548 1005 injustorum
1602 939 1882 994 hominum
1930 940 2142 1010 privata

573 1023 900 1093 publicaque
925 1023 1167 1093 fortuna,
1201 1044 1323 1091 qua;
1352 1046 1475 1085 cum
1510 1047 1568 1087 re
1591 1032 1705 1102 ipsa
1735 1032 2007 1090 felicitatis
2040 1034 2140 1089 ha-

573 1113 695 1168 beat
717 1115 885 1182 nihil,
922 1119 1068 1190 vulgi
1096 1130 1275 1176 tamen
1308 1122 1565 1193 Opinione
1598 1124 1914 1182 felicissima
1947 1126 2142 1197 praedi-

573 1217 746 1274 catur,
777 1207 1024 1280 adeoque
1059 1212 1181 1268 talis
1208 1222 1264 1268 et
1295 1215 1650 1279 carminibus,
1675 1226 1727 1272 et
1750 1220 1898 1272 omni
1929 1230 2140 1274 sermo-

574 1314 703 1353 num
733 1314 930 1372 genere
976 1318 1259 1373 perperam
1309 1306 1646 1376 celebratur,
1688 1310 2064 1365 vehementius
2090 1319 2142 1366 te

573 1406 737 1461 quam
778 1395 993 1453 cautius
1039 1397 1107 1451 ad
1160 1399 1489 1469 impietatem
1542 1401 1760 1472 abripit.
1823 1402 1933 1458 Aut
1976 1402 2140 1459 etiam

576 1482 743 1549 forte,
779 1485 909 1541 dum
941 1488 1179 1545 nefarios
1224 1491 1476 1548 homines
1520 1493 1585 1547 ad
1629 1501 1924 1549 extremam
1967 1510 2143 1565 usque

574 1585 904 1633 senectutem
934 1583 1215 1650 pervenire
1236 1583 1409 1649 vides,
1437 1584 1744 1656 liberosque
1770 1587 1934 1642 simul
1961 1603 2025 1643 ac
2048 1604 2142 1643 ne-

574 1674 728 1737 potes
755 1671 985 1727 summis
1031 1672 1085 1726 in
1128 1673 1428 1732 honoribus
1453 1678 1778 1735 constitutos
1810 1681 2137 1751 relinquere,

572 1759 790 1829 gravius
835 1763 1191 1830 perturbaris.
1247 1767 1423 1837 Atque
1466 1768 1560 1835 ita,
1595 1770 1723 1826 dum
1757 1773 1837 1825 vel
1865 1772 2141 1827 auditione

574 1851 797 1921 accipis,
829 1852 915 1908 vel
944 1856 1118 1911 oculis
1165 1857 1278 1927 ipse
1321 1822 1430 1915 tuis
1466 1863 1759 1919 nonnullos
1791 1862 2024 1920 fortasse
2058 1865 2140 1918 vi-
2172 1822 2214 1877 Β

573 1941 690 2007 des,
712 1944 802 2014 qui
840 1948 1179 2015 gravissimis
1208 1950 1452 2007 obstricti
1483 1954 1885 2017 sceleribus,ob
1907 1956 1996 2010 illa
2026 1956 2139 2027 ipsa

572 2050 637 2089 ex
670 2035 861 2093 humili
892 2041 1149 2111 tenuique
1178 2040 1395 2099 fortuna
1427 2045 1494 2099 ad
1523 2047 1866 2117 tyrannidem
1903 2063 2141 2120 opesque

574 2128 841 2187 maximas
869 2131 1169 2189 evehantur
1220 2155 1233 2191 :
1287 2148 1401 2192 tum
1429 2140 1707 2196 enimvero
1738 2140 1869 2197 deos
1898 2141 2138 2211 quidem,

573 2219 730 2286 quasi
765 2234 945 2275 rerum
977 2223 1202 2279 istarum
1252 2237 1526 2296 auctores,
1562 2242 1780 2301 propter
1828 2231 2138 2287 afﬁnitatem

572 2322 698 2363 cum
728 2309 836 2368 illis
864 2321 1010 2367 tuam
1043 2317 1321 2372 criminari
1357 2334 1465 2375 non
1493 2321 1606 2389 vis;
1656 2323 1748 2377 sed
1778 2324 1970 2393 partim
1998 2339 2142 2379 caeco

574 2399 832 2470 abreptus
875 2414 1030 2470 aestu,
1083 2408 1279 2475 partim
1333 2411 1399 2465 de
1450 2411 1554 2468 diis
1610 2413 1860 2467 dubitare
1900 2414 2139 2481 nescius,

573 2488 733 2561 631
769 2505 888 2546 eam
922 2493 975 2547 in
1001 2496 1201 2551 mentis
1230 2498 1601 2568 aegritudinem
1634 2502 1916 2563 devenisti,
1965 2510 2024 2557 ut
2045 2518 2142 2557 eos

576 2581 795 2651 quidem
821 2597 944 2639 esse
976 2584 1197 2653 fateare,
1234 2599 1486 2645 caeterum
1524 2591 1591 2646 ab
1616 2592 1807 2647 iisdem
1835 2609 1922 2649 res
1945 2594 2141 2649 huma-

574 2684 676 2726 nas
706 2670 950 2729 funditus
980 2676 1176 2749 negligi
1206 2679 1487 2736 arbitrere.
1530 2680 1919 2749 Quamobrem,
1954 2700 2023 2739 ne
2056 2694 2139 2739 ta-

575 2761 643 2817 lis
675 2763 864 2832 opinio
888 2772 940 2821 te
974 2766 1028 2821 in
1055 2768 1359 2839 graviorem
1395 2772 1687 2843 impietatis
1735 2784 1939 2844 pestem
1969 2776 2143 2846 conji-

580 2854 708 2922 ciat,
740 2871 785 2912 ει
814 2871 924 2928 quo
956 2860 1117 2915 modo
1138 2876 1280 2927 eam,
1328 2878 1396 2919 ne
1435 2862 1652 2936 longius
1681 2874 1896 2937 serpat,
1928 2867 2140 2923 amoliri

577 2948 779 3016 verbis,
801 2957 856 3005 et
875 2952 1031 3021 quasi
1074 2968 1436 3012 averruncare
1474 2956 1792 3028 poterimus,
1824 2973 2138 3031 sequentem

572 3036 1014 3108 disputationem,
1033 3057 1156 3097 cum
1182 3045 1363 3114 priore
1386 3046 1677 3119 illa,quam
1702 3049 1964 3106 adversus
1989 3067 2134 3117 eum,

2241 752 2406 821 τιμᾷν
2434 752 2527 805 καὶ
2574 752 2814 823 νομίζειν
2858 747 2995 805 εἶναι
3015 769 3030 783 ο
3069 752 3254 805 κακῶν
3281 752 3339 805 δὲ
3381 752 3685 825 ἀνθρώπων
3716 755 3809 808 καὶ

2242 841 2440 896 ἀδίκων
2466 843 2623 914 τύχαι
2657 844 2761 916 ίδίᾳ
2793 847 2887 900 καὶ
2920 846 3172 917 δημοσία,
3194 845 3422 917 ἀληθείᾳ
3457 845 3557 916 μὲν
3577 848 3678 901 οὐκ
3724 849 3812 902 εὑ-

2240 930 2510 1002 δαίμονες,
2539 932 2718 999 δόξαις
2734 933 2791 986 δὲ
2813 933 3312 1006 εὐδαιμονιζόμεναι
3342 935 3566 1005 σφόδρα,
3584 936 3810 990 ἀλλὀὐκ

2241 1023 2719 1094 ἐμμελῶς,ᾶγουσί
2750 1042 2810 1078 σε
2839 1026 2977 1097 πρὸς
2995 1026 3268 1091 ἀσέϐειαν,
3288 1025 3348 1079 ἐν
3366 1043 3424 1079 τε
3459 1026 3690 1097 μούσαις
3711 1030 3811 1082 ούκ

2240 1114 2416 1186 ὀρθῶς
2454 1115 2783 1186 ὑμνούμεναι
2831 1117 2945 1187 ἆμα
2981 1118 3071 1170 καὶ
3117 1120 3176 1171 ἐν
3215 1118 3489 1181 παντοίοις
3517 1118 3713 1188 λόγοις.
3741 1121 3809 1172 Ἢ

2242 1206 2334 1259 καὶ
2365 1207 2499 1278 πρὸς
2529 1206 2679 1271 τέλος
2709 1208 2838 1272 ἴσως
2863 1209 3109 1274 ἀνοσίους
3128 1208 3446 1281 ἀνθρώπους
3465 1210 3612 1282 ὁρῶν
3636 1210 3812 1263 ἐλθόν-

2240 1315 2339 1361 τας
2366 1300 2647 1370 γηραιοὺς,
2676 1301 2870 1363 παῖδας
2896 1300 3097 1355 παίδων
3122 1300 3517 1365 καταλιπόντας
3542 1303 3602 1355 ἐν
3626 1305 3810 1373 τιμαῖς

2240 1392 2361 1454 ταῖς
2383 1391 2689 1461 μεγίσταις,
2733 1392 2974 1463 ταράττῃ
3004 1393 3169 1446 τανῦν
3192 1394 3334 1464 (55),
3367 1394 3498 1446 ὅταν
3530 1395 3589 1446 ἐν
3640 1393 3809 1448 ἅπασι

2239 1480 2449 1545 τούτοις
2479 1480 2625 1545 ίδὼν,
2664 1483 2697 1551 ἢ
2728 1482 2796 1536 δι’
2827 1482 2998 1553 ἀκοῆς
3023 1482 3415 1554 αίσθόμενος,ἢ
3463 1484 3558 1537 καὶ
3608 1485 3809 1539 παντάο

2242 1588 2408 1627 πασιν
2433 1572 2596 1636 αὐτὸς
2617 1573 2795 1627 αὐτῶν
2817 1592 2923 1627 τινι
2947 1574 3219 1644 αὐτόπτης
3241 1573 3582 1645 προστυχὼν,
3607 1575 3811 1629 πολλῶν

2241 1664 2601 1735 ἀσεϐημάτων
2647 1667 2741 1719 καὶ
2782 1666 2969 1721 δεινῶν
3007 1668 3314 1738 γενομένων
3355 1668 3501 1735 τισὶ,
3548 1668 3617 1722 δι’
3678 1668 3813 1723 αύτά

2240 1755 2413 1809 ταῦτα
2458 1757 2591 1828 δρᾷς
2633 1758 2699 1809 ἐκ
2749 1757 2995 1830 σμικρῶν
3043 1758 3124 1821 είς
3157 1758 3477 1829 τυραννίδας
3513 1775 3575 1811 τε
3618 1759 3714 1812 καὶ
3748 1759 3814 1812 τά

2246 1846 2476 1918 μέγιστα
2509 1849 2906 1920 ἀφικομένους,
2938 1849 3059 1902 τότε
3104 1849 3194 1903 διὰ
3247 1850 3426 1903 πάντα
3468 1851 3538 1903 τά
3591 1848 3811 1902 τοιαῦτα

2240 1938 2395 2009 δῆλος
2425 1934 2477 1991 εί
2504 1939 2811 2010 μέμφεσθαι
2847 1941 2944 2011 μὲν
2989 1940 3145 2004 θεοὺς
3169 1940 3245 2004 ὡς
3285 1940 3492 2003 αἰτίους
3522 1941 3683 2003 ὄντας
3709 1940 3812 1993 τῶν

2240 2031 2494 2084 τοιούτων
2517 2030 2605 2085 διά
2635 2031 2949 2100 ξυγγένειαν
2980 2033 3082 2085 οὐκ
3113 2032 3179 2086 ἂν
3208 2031 3428 2097 ἐθέλων,
3466 2033 3734 2103 ἀγόμενος
3760 2032 3813 2085 δὲ

2243 2122 2349 2174 ὑπό
2370 2139 2429 2174 τε
2460 2121 2682 2191 ἀλογίας
2727 2123 2843 2193 ἅμα
2869 2123 2963 2176 καὶ
3001 2124 3062 2176 οὐ
3107 2123 3404 2193 δυνάμενος
3442 2123 3812 2194 δυσχεραίνειν

2242 2213 2416 2278 θεοὺς,
2449 2216 2528 2279 είς
2561 2213 2719 2267 τοῦτο
2753 2215 2846 2267 νῦν
2870 2215 2933 2267 τὸ
2953 2214 3149 2284 πάθος]
3171 2214 3436 2285 ἐλήλυθας
3459 2253 3476 2279 ,
3508 2214 3639 2269 ὥστ’
3679 2210 3814 2268 εἶναι

2245 2308 2345 2378 μέν
2371 2309 2544 2363 δοκεῖν
2570 2311 2784 2374 αὐτοὺς,
2820 2311 2927 2363 τῶν
2970 2311 3015 2364 δ’
3064 2310 3422 2382 ἀνθρωπίνων
3458 2310 3815 2381 καταφρονεῖν

2243 2402 2336 2454 καὶ
2365 2401 2584 2471 ἀμελεῖν
2612 2402 2972 2472 πραγμάτων.
3000 2402 3118 2455 ’Ὶνα
3141 2397 3235 2455 οὖν
3261 2402 3336 2473 μὴ
3366 2402 3459 2455 ἐπὶ
3487 2400 3671 2471 μεῖζον
3689 2399 3814 2472 ἔλθῃ

2244 2507 2325 2543 σοι
2352 2490 2523 2554 πάθος
2554 2492 2690 2561 πρὸς
2737 2492 2991 2545 ἀσέϐειαν
3034 2491 3095 2544 τὸ
3122 2491 3217 2545 νῦν
3246 2492 3418 2564 παρὸν
3469 2492 3670 2563 δόγμα,
3701 2491 3812 2545 ἀλλ’

2242 2584 2336 2638 ἐάν
2357 2602 2473 2647 πως
2494 2578 2605 2637 οἷον
2622 2584 3204 2655 ἀποδιοπομπήσασθαι
3226 2585 3403 2653 λόγοις
3431 2584 3566 2639 αὐτὸ
3595 2584 3814 2656 προσιὸν

2244 2674 2382 2745 (44)
2441 2673 2727 2746 γενώμεθα
2778 2675 3025 2741 δυνατοὶ,
3070 2676 3423 2747 πειρώμεθα,
3484 2675 3814 2745 συνάψαντες

2240 2765 2332 2819 τὸν
2359 2765 2487 2835 ἑξῆς
2516 2764 2691 2835 λόγον,
2724 2759 2770 2834 ᾧ
2810 2768 2947 2838 πρὸς
2978 2766 3068 2821 τὸν
3097 2769 3359 2839 παράπαν
3389 2767 3487 2838 οὐχ
3514 2768 3815 2838 ἡγούμενον

2243 2859 2400 2922 θεοὺς
2446 2859 2506 2925 ἐξ
2553 2859 2729 2930 ἀρχῆς
2755 2858 3207 2931 διεπερανάμεθα,
3242 2858 3416 2931 τούτῳ
3447 2860 3616 2914 τανῦν
3648 2877 3815 2932 προσ-

2241 2949 2567 3022 χρήσασθαι.
2596 2951 2669 3004 Σὺ
2695 2949 2761 3014 δ’,
2797 2945 2844 3003 ὧ
2878 2950 3102 3004 Κλεινία
3133 2967 3192 3004 τε
3238 2950 3337 3005 καὶ
3385 2950 3646 3020 Μέγιλλε,
3674 2952 3816 3022 ὑπὲρ

2240 3040 2335 3095 τοῦ
2363 3041 2508 3106 νέου,
2534 3040 2784 3113 καθάπερ
2818 3041 2876 3094 ἐν
2902 3044 3017 3105 τοῖς
3041 3040 3369 3112 ἔμπροσθεν,
3399 3042 3815 3113 ἀποκρινόμενοι

573 3130 667 3200 qui
700 3131 830 3188 deos
872 3147 1101 3204 prorsus
1147 3151 1268 3193 esse
1314 3139 1494 3194 nullos
1523 3140 1777 3210 putabat,
1808 3143 1927 3214 ipso
1957 3145 2138 3199 statim

2242 3132 2569 3204 διαδέχεσθε.
2611 3133 2736 3185 Ἐὰν
2768 3132 2825 3186 δέ
2856 3150 2910 3185 τι
2941 3131 3195 3187 δύσκολον
3223 3133 3544 3203 ἐγγίγνηται
3587 3135 3704 3197 τοῖς
3733 3133 3818 3186 λό-

573 3226 731 3282 lnitio
751 3228 1145 3297 pertexuimus,
1182 3242 1435 3288 accurate
1475 3249 1539 3289 ac
1565 3235 1807 3290 studiose
1848 3238 2145 3309 conjunga-

572 3333 719 3373 mus.
758 3318 825 3374 Et
849 3334 946 3376 vos
974 3321 1215 3390 quidem,
1249 3338 1281 3377 ο
1304 3321 1506 3390 Clinia,
1557 3333 1721 3396 tuque
1747 3325 1978 3399 Megille,
2008 3331 2143 3384 ado-

573 3408 829 3466 lescentis
859 3409 1034 3465 vicem
1077 3411 1166 3466 hic
1191 3428 1408 3483 quoque
1441 3414 1755 3481 subeuntes,
1801 3417 1975 3487 ipsius
2002 3430 2141 3487 loco,

572 3498 1027 3567 quemadmodum
1086 3501 1199 3570 jam
1270 3511 1395 3557 ante
1456 3503 1684 3573 fecistis,
1745 3510 2140 3577 respondetote.

576 3588 710 3661 Ego,
739 3591 784 3647 si
819 3592 949 3661 quid
987 3593 1257 3648 interdum
1302 3595 1533 3665 spissius
1558 3596 1827 3658 inciderit,
1863 3614 1961 3653 vos
1992 3608 2143 3655 trans

573 3680 829 3747 fluvium,
880 3683 959 3736 uti
1005 3682 1182 3737 adhuc
1233 3683 1367 3748 feci,
1396 3685 1687 3755 trajiciam.
1713 3715 1786 3730 —
1813 3686 1997 3745 Recte.
2035 3690 2144 3745 Fac

576 3773 739 3828 modo
786 3774 931 3843 quod
980 3775 1287 3844 polliceris,
1340 3792 1441 3832 nos
1483 3777 1724 3834 vicissim
1779 3782 1920 3850 quod
1957 3783 2139 3854 jubes,

577 3873 841 3933 quantum
876 3866 930 3920 in
957 3867 1117 3921 nobis
1144 3867 1269 3930 erit,
1304 3865 1588 3925 faciemus.
1609 3895 1678 3911 ι-
1702 3870 1998 3944 Principio,
2032 3875 2142 3929 dif-

574 3958 736 4023 ticile,
763 3959 976 4030 opinor,
1016 3961 1069 4015 id
1102 3960 1292 4015 saltem
1313 3963 1599 4018 ostendere
1647 3979 1755 4019 non
1787 3964 1987 4034 fuerit,
2035 3967 2143 4023 diis

574 4065 663 4106 res
701 4065 898 4122 parvas
927 4066 1035 4105 non
1079 4052 1259 4108 minus
1298 4066 1445 4109 curae
1471 4069 1592 4110 esse
1633 4070 1796 4127 quam
1851 4058 2138 4115 maximas.

577 4142 876 4199 Audiebam
905 4144 1050 4198 enim
1088 4153 1251 4215 atque
1311 4147 1624 4215 intereram,
1672 4164 1796 4204 cum
1827 4151 1988 4220 paulo
2017 4163 2142 4207 ante

574 4232 868 4299 diceretur,
898 4248 993 4289 eos
1017 4249 1141 4290 cum
1166 4237 1368 4292 virtute
1394 4238 1540 4291 omni
1574 4238 1830 4307 praeditos
1856 4254 1999 4307 esse,
2023 4247 2138 4296 tum

574 4339 753 4379 rerum
805 4314 1179 4382 universarum
1229 4344 1416 4384 curam
1472 4329 1710 4385 maxime
1753 4333 2026 4402 propriam
2076 4350 2140 4388 ac

571 4415 900 4485 peculiarem
934 4417 1151 4497 habere.
1179 4449 1249 4458 —
1273 4419 1386 4488 Ego
1416 4436 1544 4476 vero
1573 4421 1624 4476 id
1652 4422 1815 4477 etiam
1846 4424 2137 4480 admodum

2244 3242 2382 3295 γοις,
2414 3224 2525 3294 ἐγὼ
2559 3224 2727 3295 σφῶν,
2760 3224 2950 3295 ὥσπερ
2978 3224 3073 3277 νῦν
3103 3224 3199 3295 δὴ,
3236 3223 3549 3295 δεξάμενος,
3591 3224 3818 3279 διαϐιϐῶ

2244 3318 2334 3371 τὸν
2366 3318 2708 3387 ποταμόν.-
2747 3316 2951 3389 Ὀρθῶς
2992 3317 3202 3386 λέγεις,
3234 3318 3330 3370 καὶ
3381 3316 3625 3371 σὺόῦτω
3649 3318 3819 3373 ταῦτα

2243 3410 2365 3477 δρᾶ,
2399 3410 2695 3481 ποιήσομέν
2717 3426 2776 3462 τε
2811 3412 2971 3480 ἡμεῖς
3000 3412 3080 3472 είς
3113 3408 3171 3462 τὸ
3194 3409 3438 3475 δυνατὸν,
3466 3411 3503 3464 ἃ
3532 3411 3732 3478 λέγεις.
3752 3438 3820 3451 -

2257 3501 2395 3553 Ἀλλ’
2435 3500 2588 3554 οὐδὲν
2613 3501 2733 3572 τάχ’
2775 3501 2841 3555 ἂν
2893 3502 3023 3564 ῐσως
3072 3502 3156 3573 εἵη
3209 3502 3448 3572 χαλεπὸν
3484 3503 3818 3571 ἐνδείξασθαι

2242 3591 2402 3645 τοῦτό
2424 3609 2508 3660 γε,
2537 3592 2614 3655 ὡς
2645 3592 2922 3663 ἐπιμελεῖς
2955 3592 3204 3664 σμικρῶν
3237 3596 3344 3647 εἰσι
3372 3594 3487 3650 θεοὶ
3526 3596 3626 3666 οὐχ
3656 3591 3819 3667 ἦττον

2241 3684 2275 3754 ἢ
2298 3682 2374 3753 τῷ
2398 3682 2613 3753 μεγέθει
2640 3682 3023 3755 διαφερόντων.
3034 3680 3264 3738 Ἤκουον
3283 3684 3394 3756 γάρ
3412 3701 3536 3749 που,
3555 3686 3651 3738 καὶ
3672 3701 3816 3756 παρ-

2241 3776 2310 3847 ῆν
2349 3780 2464 3841 τοῖς
2501 3775 2597 3829 νῦν
2626 3774 2689 3847 δὴ
2713 3775 3044 3847 λεγομένοις,
3068 3777 3144 3840 ὡς
3165 3777 3358 3845 ἀγαθοί
3378 3794 3442 3846 γε
3463 3777 3615 3841 ὄντες
3639 3777 3819 3831 πᾶσαν

2242 3868 2461 3938 ἀρετὴν,
2478 3868 2576 3937 τὴν
2589 3867 2700 3920 τῶν
2716 3868 2932 3922 πάντων
2952 3868 3267 3939 ἐπιμέλειαν
3286 3868 3622 3938 οἰκειοτάτην
3642 3868 3817 3922 αὐτῶν

2241 3954 2405 4013 οὖσαν
2436 3948 2842 4029 κέκτηνται.⁶--
2865 3958 2972 4011 Καὶ
3014 3959 3219 4030 σφόδρα
3245 3977 3310 4028 γε
3342 3960 3718 4030 ἐπήκουον.-
3747 3958 3819 4011 Τὸ

2245 4049 2384 4121 μετά
2411 4049 2567 4103 τοῦτο
2586 4048 2764 4104 τοίνυν
2791 4053 2943 4121 κοινῇ
2979 4051 3443 4122 συνεξετάξωμεν,
3470 4052 3593 4105 τίνα
3632 4050 3817 4120 λέγον-

2240 4157 2331 4203 τες
2356 4139 2555 4211 ἀρετὴν
2579 4139 2780 4206 αὐτῶν,
2796 4138 3162 4211 ὁμολογοῦμεν
3183 4141 3378 4205 αὐτοὺς
3397 4142 3633 4210 ἀγαθοὺς
3655 4137 3813 4196 εἶναι.

2239 4233 2395 4303 Φέρε,
2415 4233 2477 4286 τὸ
2487 4236 2780 4305 σωφρονεῖν
2800 4234 2923 4287 νοῦν
2947 4250 3006 4286 τε
3039 4233 3357 4303 κεκτῆσθαι,
3387 4232 3567 4303 φαμέν
3596 4233 3814 4305 ἀρετῆς

2239 4324 2306 4378 τὰ
2339 4325 2395 4379 δὲ
2417 4325 2652 4389 ἐναντία,
2685 4326 2917 4389 κακίας;
2943 4354 3012 4364 -
3046 4325 3247 4395 Φαμὲν.
3270 4353 3339 4363 —
3361 4324 3426 4377 Τί
3470 4324 3586 4389 δαί;
3615 4323 3816 4395 ἀρετῆς

2245 4417 2344 4487 μὲν
2376 4417 2626 4491 ἀνδρείαν
2670 4413 2831 4482 εἶναι,
2865 4416 3065 4471 δειλίαν
3096 4417 3155 4470 δὲ
3182 4417 3415 4479 κακίας;
3441 4448 3510 4458 --
3538 4418 3686 4472 Πάνυ
3718 4417 3815 4487 μὲν

570 4504 844 4560 exaudivi.
867 4533 940 4548 —
963 4504 1119 4572 Quod
1163 4522 1294 4576 ergo
1345 4511 1623 4579 sequitur,
1657 4511 1947 4582 conjuncta
1994 4530 2142 4570 nunc

2245 4504 2359 4564 οὖν.
2381 4540 2452 4549 —
2469 4509 2578 4562 Καὶ
2602 4508 2673 4562 τά
2693 4512 2790 4579 μὲν
2816 4510 3017 4580 αἰσχρά
3037 4509 3264 4572 τούτων,
3295 4509 3366 4564 τά
3385 4510 3443 4563 δὲ
3475 4511 3614 4564 καλὰ
3646 4513 3815 4581 φήσο-

572 4609 740 4667 Opera
780 4596 1083 4662 videamus,
1117 4614 1344 4670 ecquam
1376 4603 1444 4656 iis
1470 4602 1724 4658 virtutem
1768 4605 2003 4662 maxime
2045 4608 2143 4662 tri-

573 4688 826 4752 buamus,
888 4702 1013 4743 cum
1066 4704 1163 4744 eos
1212 4690 1385 4746 bonos
1433 4705 1555 4746 esse
1603 4692 1947 4749 conﬁtemur.
2006 4697 2141 4768 Age,

573 4794 755 4835 nonne
788 4781 1166 4850 temperantia,
1222 4791 1277 4835 et
1329 4782 1663 4854 intelligendi
1706 4784 1965 4843 facultate
2005 4803 2145 4857 prae-

571 4881 738 4936 stare,
790 4872 976 4927 virtuti
1027 4873 1394 4943 assignamus,
1423 4878 1667 4946 vitioque
1726 4880 2046 4935 contraria?
2074 4911 2143 4921 —

574 4962 738 5028 Sane,
772 4965 1139 5036 assignamus.
1165 4997 1235 5008 —
1258 4966 1399 5033 Quid
1428 4970 1596 5024 vero?
1626 4985 1734 5024 non
1760 4971 1925 5025 etiam
1956 4974 2142 5028 virtuti

572 5052 941 5113 fortitudinem
962 5096 978 5120 ,
1014 5058 1355 5114 timiditatem
1411 5061 1575 5116 vitio?
1595 5093 1665 5104 --
1684 5062 1938 5119 Prorsus.
1966 5096 2038 5106 —
2064 5065 2142 5120 Ex

574 5145 766 5203 iisdem
796 5149 1040 5219 nunquid
1077 5150 1181 5205 alia
1216 5153 1393 5222 turpia
1414 5193 1429 5218 ,
1459 5154 1688 5210 honesta
1732 5156 1836 5210 alia
1869 5172 1991 5213 esse
2010 5159 2145 5213 dici-

572 5238 740 5295 mus?
768 5271 838 5280 —
866 5238 933 5296 Et
978 5244 1311 5299 necessario.
1340 5274 1393 5285 -—
1439 5244 1723 5309 Prmterea.
1748 5249 1794 5303 si
1840 5265 1962 5318 quae
1990 5252 2045 5305 in
2077 5253 2144 5308 iis

643 5481 754 5552 (45)
792 5483 1052 5555 Ταράττῃ
1080 5484 1288 5541 τανῦν.
1324 5484 1448 5541 Hzec
1480 5487 1620 5555 apud
1647 5486 1924 5543 Platonem
1957 5490 2029 5543 ita
2064 5491 2143 5546 le-

572 5566 686 5621 ges,
719 5554 963 5626 ταράττῃ
988 5556 1157 5626 τανῦν
1197 5558 1255 5608 ἐν
1296 5556 1465 5610 ἅπασι
1500 5554 1726 5622 τούτοις·
1768 5558 1889 5613 ἰδὼν
1927 5561 1959 5626 ἢ
1998 5562 2062 5613 δι’
2088 5579 2142 5615 α.

573 5638 628 5702 α.
655 5639 711 5702 η.
740 5640 795 5676 κ.
823 5641 882 5702 π.
911 5624 1077 5702 αὐτὸς
1104 5624 1378 5698 αὐτόπτης
1422 5629 1775 5702 προστυχὼν,
1802 5641 1903 5685 etc.
1940 5624 2055 5702 Ego
2084 5633 2148 5686 li-

574 5689 761 5768 benter
799 5694 977 5746 αὐτῶν
1027 5712 1131 5768 τινι
1177 5689 1555 5765 expuitierim,
1605 5689 1849 5768 sEquiiur
1892 5689 2034 5756 enim
2080 5703 2148 5756 de

568 5761 819 5832 pluribus
850 5763 1151 5834 γενομένων
1186 5761 1312 5820 τισί.
1340 5769 1403 5822 At
1436 5768 1563 5825 ὅταν
1594 5761 1818 5837 retineo,
1848 5774 2146 5842 praesertim

2248 4616 2380 4671 μεν;
2409 4629 2480 4639 -
2515 4600 2771 4671 Ἀνάγκη.
2792 4630 2862 4640 —-
2904 4601 3016 4654 Καὶ
3047 4600 3154 4653 τῶν
3187 4603 3284 4672 μὲν
3329 4605 3630 4674 προσήκειν
3664 4606 3814 4674 ἡμῖν,

2243 4691 2399 4761 εῐπερ
2425 4690 2599 4744 ὁπόσα
2625 4690 2862 4763 φλαῦρα,
2890 4690 3030 4754 θεοῖς
3058 4691 3114 4744 δὲ
3132 4691 3257 4745 οὔτε
3280 4693 3422 4763 μέγα
3439 4693 3563 4747 οὔτε
3590 4694 3819 4766 σμικρὸν

2243 4780 2350 4834 τῶν
2382 4780 2636 4834 τοιούτων
2692 4782 2851 4850 μετὸν
2898 4783 3164 4854 ἐροῦμενς
3192 4815 3260 4824 -
3301 4784 3413 4838 Καὶ
3461 4783 3615 4839 ταῦθ’
3651 4783 3819 4849 οὓτως

2243 4870 2496 4941 ὁμολογοῖ
2524 4873 2630 4936 πᾶς
2663 4873 2890 4926 «im—Tt
2928 4874 3046 4939 δαί;
3080 4874 3343 4945 ἀμέλειάν
3371 4892 3451 4937 τε,
3478 4877 3575 4930 καὶ⁵
3600 4874 3816 4947 ἀργίαν,

2245 4964 2339 5017 καὶ
2369 4964 2597 5035 τρυφὴν,
2631 4966 2711 5028 εἰς
2751 4966 2952 5038 ἀρετὴν
2994 4966 3172 5038 ψυχῆς
3203 4967 3472 5037 θήσομεν;
3503 4968 3537 5038 ἢ
3582 4967 3699 5031 πῶς
3732 4965 3817 5017 λέ-

2245 5073 2392 5123 γεις;
2416 5087 2485 5096 ——
2507 5058 2618 5111 Καὶ
2640 5056 2757 5120 πῶς
2777 5073 2791 5120 ;
2815 5086 2883 5096 —
2919 5058 3055 5111 Ἀλλ’
3085 5061 3165 5122 εἰς
3193 5059 3818 5123 τούναντίονς-Ναί,--

2246 5150 2515 5203 Τάναντία
2543 5151 2650 5218 ἄρα
2680 5149 2888 5213 τούτοις
2910 5152 2990 5214 εἰς
3017 5151 3358 5217 τούναντίον;
3381 5180 3451 5189 —-
3479 5144 3814 5204 Τούναντίον.
3872 5226 3877 5235 ι

2246 5272 2313 5281 —
2344 5242 2407 5295 Τί
2457 5238 2583 5307 οὖν;
2645 5240 2899 5312 τρυφῶν,
2946 5243 3042 5296 καὶ
3074 5242 3281 5314 ἀμελὴς
3303 5281 3319 5307 ,
3350 5242 3518 5313 ἀργός
3556 5258 3652 5307 τε,
3701 5241 3758 5295 δν
3789 5241 3817 5292 ὁ

2248 5508 2370 5568 cum
2407 5499 2667 5568 sequatur
2697 5492 2837 5568 τότε.
2867 5491 3042 5547 Credo
3073 5492 3235 5546 etiam
3262 5488 3385 5544 ἰδών
3420 5488 3613 5545 abesse
3629 5500 3813 5568 posse,

2250 5563 2353 5617 nisi
2390 5562 2455 5617 sit
2477 5556 2500 5626 ,⁷
2535 5561 2708 5626 εἰδώς,
2756 5564 2896 5617 scire
2929 5572 3108 5617 autem
3146 5570 3342 5631 potest,
3373 5576 3468 5618 seu
3498 5556 3653 5632 quod
3672 5556 3817 5617 vide-

2250 5634 2339 5693 rit,
2374 5647 2467 5685 seu
2501 5632 2642 5700 quod
2674 5633 2924 5686 audierit.

2322 5703 2433 5774 (Η)
2466 5706 2743 5773 Πμοσιίν.
2774 5703 2985 5759 Mallem
3019 5703 3219 5776 προϊὸν.
