4122 6456
428 385 572 446 1049

1574 384 1894 444 ΡΒᾸΞΡΑΒ.
1938 386 2192 444 EVANG.
2225 389 2351 443 LIB.
2395 389 2508 445 XII.

3534 391 3671 446 1050

427 502 659 574 ποιητὴς
705 502 841 574 (45)
886 502 1094 573 κηφῆσι
1147 500 1448 572 κοθούροισι
1500 503 1733 572 μάλιστα
1790 503 1993 558 είκελον

2101 506 2293 562 vitiosa
2324 515 2472 569 sunt,
2503 522 2565 561 ea
2595 506 2771 561 locum
2804 507 2857 560 in
2898 508 3056 563 nobis
3091 509 3289 563 habere
3337 522 3516 576 posse,
3552 509 3673 559 nul‘

426 594 667 666 ἔφασκεν
723 592 896 659 εἶναι,
924 592 1149 664 γίγνοιτ’
1181 592 1247 647 ἂν
1296 596 1325 646 ὁ
1375 593 1612 657 τοιοῦτος
1669 593 1778 664 (46)
1837 597 2002 649 πᾶσιν

426 679 675 761 ἡμῖνιτ-
701 679 998 750 Ὀρθότατά
1024 696 1087 748 γε
1111 678 1298 733 εἰπών.
1322 710 1391 721 -
1417 677 1625 732 Οὐκοῦν
1655 679 1746 733 τόν
1771 697 1835 749 γε
1869 680 2002 733 Θεὸν

424 769 489 824 οὐ
525 771 718 842 ῥητέον
752 770 898 841 ἔχειν
924 766 1055 843 ἦθος
1071 770 1332 837 τοιοῦτον,
1362 773 1391 825 ὃ
1410 771 1475 840 γέ
1503 788 1585 825 τοι
1617 772 1780 837 αὐτὸς
1817 776 1965 844 μισεῖ
1983 788 1998 804 θ

424 860 502 931 τῷ
530 859 589 913 δέ
613 877 667 914 τι
689 859 929 914 τοιοῦτον
958 859 1286 931 φθέγγεσθαι
1307 862 1629 932 πειρωμένῳ
1648 861 1748 914 οὐκ
1786 862 2003 932 ἐπιτρε-

425 952 604 1006 πτέον.
634 982 704 993 --
737 952 814 1006 Oti
847 952 947 1023 μὲν
978 952 1041 1024 δή
1064 969 1077 983 ⁸
1129 953 1247 1017 πῶς
1278 953 1387 1024 γὰρ
1411 953 1602 1019 ἀν;-
1632 946 1703 1025 ᾯ
1733 953 1795 1024 δὴ
1832 971 1999 1025 προσ-

424 1045 548 1114 ήκει
602 1044 704 1115 μὲν
753 1046 1013 1117 πράττειν
1057 1047 1152 1100 καὶ
1216 1044 1592 1117 ἐπιμελεῖσθαι
1638 1045 2003 1118 διαφερόντως

422 1129 599 1194 τινός·
655 1132 685 1183 ὁ
719 1130 777 1184 δὲ
833 1131 1025 1186 τούτου
1072 1132 1165 1186 τοῦ
1206 1133 1394 1201 γένους
1439 1134 1547 1189 τῶν
1598 1134 1699 1206 μὲν
1753 1134 2000 1205 μεγάλων

421 1222 786 1294 ιπιμελεῖται,
814 1224 925 1278 τῶν
955 1226 1205 1298 σμικρῶν
1227 1226 1287 1280 δὲ
1337 1226 1548 1297 ἀμελεῖ,
1582 1227 1724 1281 κατά
1763 1227 1883 1282 τινα
1907 1224 2001 1283 οὖν

420 1313 771 1380 ἐπαινοῦντες
813 1317 906 1370 τὸν
948 1317 1189 1373 τοιοῦτον
1221 1317 1397 1388 λόγον,
1429 1320 1530 1373 οὐκ
1577 1318 1645 1373 ἂν
1686 1321 2001 1374 παντάπασι

352 1470 361 1475 _
419 1407 864 1480 πλημμελοῖμεν;
882 1410 1181 1482 Σκοπῶμεν
1199 1410 1255 1464 δὲ
1275 1404 1600 1482 ὧδεῘΑρόύ
1620 1412 1759 1466 κατά
1777 1411 1871 1465 δύο
1885 1412 1999 1484 εἴδη

416 1501 481 1555 τὸ
491 1501 728 1556 τοιοῦτον
743 1502 970 1573 πράττει
982 1505 1011 1556 ὁ
1023 1504 1296 1575 πράττων,
1310 1504 1417 1557 είτε
1430 1505 1563 1567 Θεὸς
1572 1507 1679 1559 εἴτε
1692 1506 1789 1560 ἄνθ
1797 1523 1997 1578 ρωπος;

417 1591 650 1663 -Ποίῳ
673 1591 737 1662 δὴ
766 1591 997 1663 λέγομεν
1020 1593 1161 1663 (4ης
1184 1594 1335 1646 -Ἦ
1360 1593 1619 1666 διαφέρον
1643 1596 1794 1650 οὐδὲν
1816 1597 1998 1667 οίόμευ

417 1698 508 1745 νος
534 1676 674 1736 εἶναι
691 1682 769 1753 τῷ
789 1683 918 1754 ὅλῳ,
939 1683 1326 1755 ἀμελουμένων
1354 1683 1464 1739 τῶν
1486 1686 1804 1757 σμικρῶν,ἢ
1831 1688 1997 1758 ῥᾳθυ-

420 1772 523 1845 μίᾳ.
543 1774 637 1828 καὶ
660 1778 865 1847 τρυφῇ.
886 1777 934 1828 εί
959 1775 1207 1848 διαφέρει
1233 1778 1263 1830 ὁ
1281 1776 1339 1830 δὲ
1369 1778 1580 1848 ἀμελεῖ·
1604 1779 1636 1850 ἢ
1664 1778 1810 1833 ἐστιν
1826 1780 1998 1844 ἄλλως

2104 596 2214 651 lum
2245 598 2299 651 in
2323 598 2561 653 diis?—
2596 596 2672 653 Ne
2705 600 2848 654 istud
2875 601 3091 670 quidem
3125 616 3155 654 a
3191 615 3463 670 quoquam
3508 614 3670 669 nege-

2104 689 2471 754 tur.—Jam,
2520 692 2922 761 negligentiam,
2970 693 3140 746 otium
3217 701 3383 761 atque
3427 691 3669 753 delicias,

2102 789 2284 834 utrum
2316 780 2484 834 animi
2525 780 2710 833 virtuti
2743 781 3056 845 tribuimus,
3094 797 3161 835 an
3192 782 3339 835 non?
3388 778 3489 845 Qui
3525 781 3667 833 enim

2101 872 2446 927 tribuamus?
2480 871 2618 927 Num
2651 873 2817 942 igitur
2851 874 3228 927 contrario?~—
3258 871 3510 928 Certe.—
3539 871 3671 938 Quae

2102 974 2230 1019 sunt
2259 964 2425 1034 igitur
2447 964 2515 1020 iis
2539 965 2832 1028 contraria,
2858 966 3134 1020 contrario
3159 964 3577 1036 assignabimus.
3600 992 3672 1003 —-

2100 1051 2177 1107 Ita
2199 1094 2215 1118 ,
2246 1054 2541 1109 contrario.
2569 1084 2639 1094 ——
2664 1054 2807 1121 Quid
2849 1056 3044 1126 igitur?
3093 1056 3353 1126 Quisquis
3392 1056 3668 1121 deliciose,

2101 1145 2432 1216 negligenter
2472 1158 2526 1201 et
2566 1146 2737 1201 otiose
2767 1147 2931 1213 vivit,
2976 1163 3158 1203 nonne
3188 1148 3234 1203 is
3260 1147 3527 1217 ejusmodi
3559 1164 3673 1203 me-

2100 1238 2208 1292 rito
2234 1252 2263 1291 a
2289 1237 2447 1292 nobis
2491 1237 2749 1292 omnibus
2797 1238 3079 1304 habeatur,
3121 1253 3282 1308 quem
3316 1237 3455 1293 fucis
3482 1238 3672 1292 inerti—

2102 1326 2204 1381 bus
2254 1325 2591 1381 simillimum
2645 1334 2803 1395 poeta
2846 1324 3365 1396 vocat?—Optime
3422 1327 3512 1380 ille
3555 1327 3673 1396 qui—

2100 1418 2341 1472 dem.—-
2374 1415 2516 1487 Ergo
2560 1432 2661 1471 nec
2712 1417 2749 1469 ii
2807 1432 2987 1472 mores
3035 1416 3143 1472 Deo
3189 1417 3478 1481 tribuendi,
3529 1431 3672 1487 quos

2099 1510 2327 1580 ipsemet
2359 1510 2554 1575 oderit,
2592 1525 2691 1565 nec
2715 1509 2970 1564 ferendus
3000 1511 3312 1580 quisquam,
3344 1511 3436 1579 qui
3488 1511 3560 1562 ita
3591 1510 3673 1563 lo-

2098 1603 2194 1672 qui
2245 1602 2460 1656 audeat.
2485 1631 2555 1640 —
2578 1599 2843 1656 Neutrum
2870 1616 3001 1656 sane
3035 1620 3046 1653 :
3085 1602 3178 1671 qui
3203 1602 3347 1656 enim
3372 1601 3563 1656 deceat
3578 1600 3671 1653 ?—

2098 1690 2217 1746 Jam
2248 1691 2406 1761 cujus
2435 1692 2507 1746 sit
2530 1690 2732 1760 aliquid
2757 1689 2965 1745 efﬁcere
2990 1690 3187 1754 simul,
3219 1700 3273 1744 et
3320 1690 3581 1759 majorem
3615 1688 3671 1744 in

2100 1781 2324 1835 modum
2358 1795 2575 1849 curare,
2612 1780 2659 1835 is
2687 1780 2732 1834 si
2763 1795 2826 1832 ex
2856 1794 2920 1833 eo
2950 1795 3146 1851 genere
3181 1781 3389 1850 majora
3435 1780 3671 1845 curabit,

416 1882 535 1931 πως
561 1868 856 1939 γιγνομένη
883 1868 1146 1939 ἀμέλεια;
1175 1869 1250 1923 Ού
1275 1870 1384 1941 γάρ
1409 1887 1533 1936 που,
1552 1872 1683 1926 ὅταν
1707 1890 1770 1941 γε
1799 1873 1993 1928 ἀδύνα-

2100 1870 2333 1940 negliget
2362 1870 2594 1936 minora,
2654 1885 2762 1939 qua
2792 1870 3004 1923 tandem
3035 1884 3160 1924 eum
3189 1869 3349 1925 laude
3377 1884 3674 1939 proseque-

416 1972 511 2010 τον
605 1956 713 2011 τῶν
744 1959 961 2013 πάντων
994 1961 1390 2031 ἐπιμελεῖσθαι,
1423 1964 1544 2017 τότε
1588 1963 1817 2035 ἀμέλεια
1845 1964 1995 2018 ἔσται

415 2048 525 2103 τῶν
559 2050 808 2122 σμικρῶν
834 2051 868 2123 ἦ
923 2052 1202 2124 μεγάλων,
1240 2053 1315 2126 μὴ
1348 2055 1791 2126 ἐπιμελουμένῳ,
1824 2052 1898 2109 ὧν
1930 2056 1996 2110 ἂν

413 2140 642 2213 δυνάμει
659 2141 815 2208 Θεὸς,
839 2143 873 2215 ἢ
903 2144 1105 2214 φαῦλός
1127 2162 1210 2210 τις
1240 2144 1316 2199 ὢν
1349 2146 1589 2219 ἐλλιπὴς,
1614 2149 1708 2201 καὶ
1740 2147 1815 2219 μὴ
1839 2148 1996 2202 δυνα-

410 2233 504 2298 τὸς
533 2235 912 2306 ἐπιμελεῖσθαι
945 2236 1215 2310 γίγνηται.
1256 2268 1325 2279 -
1349 2239 1474 2303 Πῶς
1505 2238 1616 2311 γὰρ
1648 2239 1749 2305 av;
1786 2270 1855 2279 —
1881 2240 1994 2295 Νῦν

410 2326 477 2398 δὴ
503 2326 597 2380 δύο
619 2327 773 2392 ὄντες
803 2330 980 2399 τρισὶν
1015 2331 1146 2401 ἡμῖν
1185 2326 1338 2385 οὖσιν
1385 2330 1894 2403 ἀποκρινάσθωσαν,
1942 2333 1992 2384 οἱ

411 2418 570 2482 θεοὺς
608 2422 706 2490 μὲν
734 2421 1031 2493 ἀμφότεροι
1065 2422 1452 2494 ὁμολογοῦντες
1515 2419 1678 2488 εἶναι,
1719 2440 1993 2495 παραιτη-

408 2512 536 2576 τοὺς
558 2512 616 2565 δὲ
651 2513 871 2585 ἕτερος,
920 2517 949 2570 ὁ
979 2514 1036 2569 δὲ
1067 2515 1288 2586 ἀμελεῖς
1315 2514 1425 2569 τῶν
1458 2515 1724 2589 σμικρῶν.
1773 2515 1993 2586 Πρῶτον

414 2604 514 2676 μὲν
545 2604 702 2670 θεοὺς
732 2606 1032 2678 ἀμφότεροί
1065 2625 1202 2677 φατε
1230 2606 1541 2676 γινώσκειν,
1587 2609 1681 2662 καὶ
1712 2608 1868 2680 ὁρᾷν,
1898 2608 1994 2661 καὶ

409 2694 632 2749 ἀκούειν
664 2695 863 2761 πάντα,
895 2696 1076 2751 λαθεῖν
1106 2698 1164 2752 δὲ
1194 2700 1393 2763 αὐτοὺς
1419 2698 1573 2754 οὐδὲν
1599 2698 1820 2751 δυνατὸν
1853 2693 1993 2750 εἶναι

407 2784 520 2839 τῶν
560 2786 775 2842 ὁπόσων
828 2788 967 2842 εἰσὶν
1015 2790 1070 2842 αί
1108 2790 1389 2863 αἰσθήσεις
1426 2806 1485 2843 τε
1529 2789 1624 2843 καὶ
1670 2788 1989 2859 ἐπιστῆμαι.

408 2877 596 2951 Ταύτῃ
618 2878 677 2933 δέ
709 2896 774 2949 γε
800 2880 986 2950 λέγετε
1012 2882 1160 2953 ἔχειν
1207 2882 1399 2947 ταῦτα,
1431 2882 1465 2953 ἢ
1515 2882 1668 2946 πῶς;
1699 2881 1989 2942 -Οὖτωςι

409 3001 481 3010 —
509 2970 573 3023 Τί
604 2971 727 3038 δαίς
776 2972 1037 3026 δύνασθαι
1064 2973 1242 3027 πάντα
1267 2970 1575 3028 ὁπόσων“αὗ
1607 2973 1832 3045 δύναμίς
1877 2974 1993 3026 ἐστι

408 3064 625 3137 θνητοῖς
644 3081 703 3118 τε
728 3066 823 3118 καὶ
850 3064 1138 3129 ἀθανάτοις
1153 3065 1368 3132 ς-Πῶς
1391 3065 1501 3137 γὰρ
1528 3066 1591 3119 οὐ
1615 3067 1996 3138 συγχωρήσον-

406 3171 502 3208 ται
534 3155 628 3209 καὶ
654 3155 824 3209 ταῦτα
847 3137 1022 3220 οὕτως
1053 3155 1229 3227 ἔχεινς
1254 3185 1325 3198 —-
1354 3155 1465 3208 Καὶ
1511 3156 1619 3227 μὴν
1649 3137 1889 3223 ἀγαθούς
1931 3172 1990 3207 τε

2097 1975 2240 2022 mur,
2265 1959 2396 2029 quin
2432 1968 2546 2013 toto
2577 1960 2717 2014 coelo
2739 1961 3095 2013 aberremus?
3132 1961 3421 2013 Enimvero
3448 1960 3528 2015 sic
3551 1961 3673 2030 phi-

2098 2051 2469 2120 l050pliemur.
2505 2048 2697 2105 Nonne
2725 2050 2889 2121 632
2913 2050 3004 2119 qui
3040 2049 3241 2119 aliquid
3286 2049 3555 2119 ejusmodi
3590 2049 3673 2104 fa-

2097 2143 2223 2209 ciat,
2260 2144 2307 2196 is
2334 2142 2449 2196 sive
2478 2140 2620 2195 Deus
2651 2141 2836 2204 fuerit,
2870 2142 2984 2196 sive
3032 2142 3216 2207 homo,
3243 2141 3460 2196 duobus
3491 2142 3675 2195 modis

2097 2234 2197 2287 hoc
2229 2231 2454 2288 fecerit?
2483 2261 2551 2271 —-
2580 2231 2788 2299 Quibus
2820 2231 3071 2286 tandem?
3094 2260 3164 2272 --
3182 2229 3311 2293 Aut,
3344 2232 3489 2301 quod
3516 2232 3664 2286 illam

2094 2339 2275 2377 rerum
2301 2325 2574 2379 minorum
2607 2323 3039 2394 despicientiam,
3061 2323 3225 2378 totius
3259 2324 3500 2379 universi
3533 2324 3671 2379 nihil
3708 2344 3715 2353 ο

2096 2418 2359 2473 interesse
2384 2428 2556 2487 putet,
2604 2429 2699 2472 aut
2728 2418 2771 2471 si
2805 2432 2929 2472 cum
2962 2417 3200 2483 intersit,
3229 2417 3467 2488 negligat
3490 2430 3669 2472 tamen

2093 2509 2239 2580 quod
2289 2509 2505 2581 pigritia
2552 2510 2874 2580 deliciisque
2928 2509 3224 2565 vincatur:
3262 2511 3367 2565 nisi
3412 2511 3517 2565 alia
3574 2510 3671 2565 tibi

2093 2602 2340 2673 quaedam
2390 2604 2632 2658 occurrit
2676 2603 3016 2673 negligentiae
3064 2605 3221 2659 ratio.
3282 2601 3393 2658 Nec
3438 2603 3584 2658 enim
3624 2604 3670 2657 si

2094 2696 2339 2748 omnium
2376 2696 2600 2750 omnino
2630 2694 2820 2749 haberi
2868 2711 2999 2749 cura
3053 2711 3163 2750 non
3192 2696 3399 2765 possit,
3426 2696 3477 2750 ei
3501 2694 3674 2765 negli-

2093 2787 2288 2858 gentiae
2316 2788 2609 2854 tribuatur,
2661 2788 2755 2858 qui
2799 2803 2985 2843 rerum
3013 2789 3095 2843 vel
3130 2789 3405 2844 minorum
3441 2790 3525 2844 vel
3553 2803 3672 2844 ma-

2089 2879 2272 2949 jorum
2297 2892 2486 2933 curam
2518 2892 2627 2933 non
2670 2878 2969 2949 suscipiat,
2996 2880 3198 2948 quibus
3238 2881 3521 2948 curandis,
3554 2884 3671 2938 sive

2094 2972 2259 3039 Deus,
2296 2973 2411 3028 sive
2441 2971 2701 3027 humilior
2728 2973 3024 3043 quispiam,
3056 2982 3273 3044 propter
3297 2973 3663 3028 infirmitatem

2094 3079 2248 3119 suam
2279 3078 2375 3133 par
2394 3077 2516 3117 esse
2543 3077 2651 3117 non
2675 3062 2868 3131 possit.
2898 3091 2971 3102 --
3000 3061 3137 3129 Quis
3159 3064 3305 3118 enim
3338 3062 3390 3116 id
3428 3063 3551 3132 jure
3589 3062 3669 3117 fe—

2095 3155 2269 3213 cerit?
2292 3183 2361 3195 —
2390 3153 2545 3209 Nunc
2588 3154 2751 3222 igitur
2792 3154 2950 3208 nobis
2982 3154 3156 3210 tribus
3180 3155 3290 3209 duo
3314 3154 3403 3209 isti
3438 3169 3669 3224 respon-

407 3246 505 3299 καὶ
525 3244 779 3317 ἀρίστους
799 3245 1233 3317 ὡμολογήκαμεν
1256 3246 1454 3309 αὐτοὺς
1475 3241 1613 3300 εἶναι
1637 3246 1797 3299 πέντε
1819 3230 1988 3310 ὁντεςζ

2094 3247 2277 3310 deant,
2310 3245 2404 3316 qui
2432 3259 2554 3299 cum
2588 3245 2750 3300 ambo
2777 3246 2911 3300 deos
2945 3261 3065 3301 esse
3093 3246 3403 3310 fateantur,
3446 3247 3666 3302 eosdem

407 3365 481 3376 .-
497 3335 710 3407 Σφόδρα
732 3352 816 3405 γε,
835 3365 906 3376 -
926 3331 1050 3409 Ἆρ’
1084 3333 1178 3391 οὖν
1208 3338 1269 3391 οὐ
1302 3336 1542 3409 ῥᾳθυμίᾳ
1575 3338 1674 3409 μὲν
1697 3339 1792 3390 καὶ
1810 3339 1989 3409 τρυφῇ

406 3426 670 3481 ἀδύνατον
701 3429 903 3492 αὐτοὺς
924 3428 1207 3501 ὁμολογεῖν
1237 3431 1498 3501 πράττειν
1522 3428 1698 3483 ὁτιοῦν
1721 3430 1782 3483 τὸ
1811 3430 1991 3501 παρά-

406 3532 547 3582 παν,
596 3517 757 3581 ὄντας
785 3534 849 3587 γε
885 3518 1030 3582 οἵους
1062 3518 1291 3591 λέγομεν
1317 3536 1332 3584 ;
1378 3518 1586 3582 Δειλίας
1617 3517 1726 3590 γὰρ
1774 3519 1993 3588 ἔγγονος

406 3608 468 3662 εν
499 3625 564 3679 γε
592 3610 726 3681 ἡμῖν
763 3610 952 3681 ἀργία,
983 3609 1225 3682 ῥᾳθυμία
1256 3610 1313 3664 δὲ
1341 3610 1540 3681 ἀργίας
1568 3611 1661 3663 καὶ
1686 3611 1994 3682 τρυφῆς.-

420 3700 792 3773 ’Δληθέστατα
834 3701 1032 3770 λέγεις.
1057 3731 1125 3740 -
1162 3702 1355 3775 Ἀργίᾳ
1411 3703 1507 3773 μὲν
1535 3703 1599 3774 δὴ
1628 3704 1720 3756 καὶ
1750 3702 1993 3775 ῥαθυμίᾳ

406 3797 586 3862 οὐδεὶς
617 3798 812 3870 ἀμελεῖ
845 3797 1010 3851 θεῶν·
1048 3799 1108 3851 ού
1142 3799 1252 3871 γὰρ
1281 3800 1529 3870 μέτεστιν
1567 3800 1717 3871 αὐτῷ
1751 3818 1851 3853 που
1880 3800 1991 3853 δει-

407 3889 552 3953 λίας.
592 3921 664 3933 ——
712 3890 1010 3962 Ὀρθότατα
1056 3889 1255 3958 λέγεις.
1296 3922 1366 3931 -
1410 3890 1618 3947 Οὐκοῦν
1669 3891 1730 3944 τὸ
1772 3891 1990 3958 λοιπὸν,

405 3981 565 4055 εῐπερ
595 3980 857 4053 ἀμελοῦσι
881 3980 990 4034 τῶν
1021 3982 1268 4054 σμικρῶν
1296 3981 1390 4061 καὶ
1423 3982 1619 4051 ὀλίγων
1640 3982 1749 4035 τῶν
1780 3984 1908 4054 περὶ
1931 3983 1993 4037 τὸ

408 4075 542 4139 πᾶν,
586 4074 620 4145 ἢ
665 4072 1023 4143 γινώσκοντες
1043 4115 1059 4138 ,
1090 4074 1167 4137 ὡς
1207 4074 1270 4127 τὸ
1316 4075 1580 4146 παράπαν
1625 4074 1836 4139 οὐδενὸς
1885 4075 1992 4129 τῶν

406 4165 666 4220 τοιούτων
692 4162 1070 4237 ἐπιμελεῖσθαι
1099 4165 1198 4233 δεῖ,
1245 4164 1419 4237 δρῷεν
1450 4164 1517 4219 ἂν
1555 4164 1734 4232 τοῦτο,
1774 4165 1808 4237 ἦ
1839 4165 1893 4218 τί
1932 4165 1993 4219 τὸ

407 4257 596 4313 λοιπὸν
620 4258 762 4330 πλὴν
798 4259 895 4312 τοῦ
925 4257 1214 4327 γινώσκειν
1241 4257 1585 4324 τούναντίον;
1610 4285 1680 4296 -
1713 4258 1899 4313 Οὐδέν.
1922 4288 1994 4298 -

406 4350 647 4424 Πότερον
673 4346 786 4414 οὖν,
821 4343 868 4404 ὧ
896 4350 1086 4423 ἄριστε
1122 4350 1217 4403 καὶ
1275 4348 1520 4419 βέλτιστε
1540 4389 1555 4414 ,
1583 4348 1765 4420 θῶμέν
1807 4366 1867 4401 σε
1900 4348 1991 4402 λέ-

413 4460 604 4513 γοντα,
638 4442 714 4508 ὡς
747 4442 1076 4511 ἀγνοοῦντάς
1132 4458 1214 4506 τε,
1270 4439 1399 4504 καὶ,
1431 4439 1549 4493 δέον
1593 4440 1990 4512 ἐπιμελεῖσθαι,

405 4537 478 4591 δι’
506 4535 729 4605 ἄγνοιαν
755 4534 1112 4606 ἀμελοῦντας,
1146 4534 1181 4606 ἢ
1219 4532 1586 4603 γινώσκοντας
1632 4534 1714 4588 δτι
1745 4534 1827 4588 δεῖ
1860 4535 1992 4606 (κα-

408 4626 588 4699 θάπερ
621 4628 669 4680 οἱ
697 4626 1021 4696 φαυλότατοι
1055 4625 1164 4680 τῶν
1191 4624 1494 4697 ἀνθρώπων
1516 4626 1766 4695 λέγονται
1792 4629 1987 4691 ποιεῖν,

408 4719 613 4782 εἰδότες
630 4718 765 4775 ἄλλα
786 4714 923 4772 εἶναι
946 4717 1139 4793 βελτίω
1156 4719 1439 4790 πράττειν,
1457 4710 1532 4773 ὧν
1555 4720 1619 4790 δὴ
1647 4718 1987 4791 πράττουσι),

408 4809 500 4864 διά
521 4827 672 4875 τινας
713 4810 882 4882 ἥττας
914 4809 1117 4881 ἡδονῶν
1148 4809 1181 4881 ἢ
1222 4808 1406 4863 λυπῶν
1438 4809 1498 4862 οὐ
1550 4812 1753 4874 ποιεῖν;
1775 4841 1843 4850 —
1866 4809 1991 4873 Πῶς

408 4902 519 4974 γὰρ
542 4902 608 4955 ἀν
627 4919 715 4963 ;-
727 4901 933 4955 Οὐκοῦν
962 4886 1119 4972 δὴτά
1136 4919 1202 4971 γε
1227 4900 1545 4974 ἀνθρώπινα
1569 4902 1870 4973 πράγματα
1891 4903 1990 4974 τῆς

405 5011 470 5048 τε
513 4994 757 5066 ἐμψύχου
788 4993 1002 5065 μετέχει
1034 4992 1248 5064 φύσεως
1273 4993 1411 5065 ἅμα,
1445 4995 1539 5048 καὶ
1573 4994 1988 5051 θεοσεϐέστατον

410 5087 543 5140 αὑτό
572 5090 688 5142 ὲστι
736 5088 953 5142 πάντων
987 5085 1140 5153 ζώων
1175 5086 1482 5159 ἄνθρωπος.
1514 5117 1582 5126 -
1618 5089 1800 5143 Ἔοικε
1835 5089 1983 5159 γοῦν.

409 5174 646 5230 -Θεῶν
674 5193 739 5245 γε
785 5177 892 5249 μὴν
925 5176 1184 5248 κτήματά
1233 5194 1413 5249 φαμεν
1443 5177 1584 5231 εἶναι
1611 5178 1787 5233 πάντα
1814 5180 1986 5234 ὁπόσα

412 5266 582 5339 θνητὰ
604 5269 721 5333 ζῶα
747 5269 781 5341 ἦ
813 5269 997 5342 νοερὰ,
1029 5263 1214 5342 ὧνπερ
1245 5272 1340 5325 καὶ
1369 5270 1463 5325 τὸν
1494 5273 1720 5343 οὐρανὸν
1749 5274 1888 5328 ὅλον.
1920 5304 1987 5316 --

483 5427 597 5501 (45)
634 5430 690 5482 '0
728 5429 999 5499 ποιητής.
1040 5429 1331 5499 Hesiodus,
1358 5431 1517 5503 cujus
1552 5432 1607 5488 in
1650 5433 1807 5502 Ἐργ.
1850 5432 1982 5487 illud

409 5508 564 5641 ὕει’,
1193 5607 1209 5624 .
1250 5611 1265 5626 .
1308 5610 1324 5626 .
1366 5572 1468 5639 Ὃς
1492 5588 1600 5626 κεν
1623 5572 1835 5641 ἀεργὸς

414 5638 634 5761 ν,Ζιιξνιμ
668 5642 979 5768 κηὲήνῃσι
1005 5643 1314 5711 κοθούροις
1344 5638 1581 5709 εἴκελος
1606 5638 1806 5713 ὁρμήν.

464 5714 630 5784 Irgll.,
650 5728 704 5767 Iv
776 5730 917 5784 σονς.
942 5727 961 5766 :
1416 5783 1421 5784 γ

487 5782 746 5851 Ignavum
780 5782 926 5850 fucos
954 5799 1111 5851 pecus
1144 5799 1177 5836 a
1203 5783 1521 5851 pra’sepibus
1546 5792 1748 5836 arcent.

487 5800 510 5834 Ι
556 5800 746 5837 navum
780 5800 926 5850 μιεοε
1018 5800 1111 5837 σιω
1144 5800 1177 5836 a
1203 5800 1521 5851 pra’sepwus
1546 5800 1748 5836 arcent.

485 5800 597 5926 (496)
633 5800 1178 5925 Τοιοῦτος.;βῖςὶηω
1204 5861 1257 5909 ct
1287 5853 1556 5908 Serranus
1595 5860 1828 5917 vertunt,
1858 5853 1977 5906 odio

2091 3352 2275 3393 tamen
2311 3338 2446 3392 alter
2488 3337 2705 3391 exorari
2735 3336 2916 3401 facile,
2945 3338 3082 3392 alter
3106 3353 3195 3393 res
3230 3338 3472 3392 minores
3497 3338 3669 3408 negli-

2092 3445 2217 3501 gere
2242 3428 2542 3485 contendit.
2601 3426 2915 3500 Principio,
2971 3431 3102 3486 deos
3149 3431 3311 3484 ambo
3368 3445 3554 3495 nosse,
3587 3432 3670 3484 vi-

2092 3523 2241 3588 dere,
2277 3521 2468 3578 audire
2496 3522 2681 3576 omnia
2711 3522 3046 3591 conceditis,
3080 3537 3145 3578 ac
3178 3523 3315 3576 nihil
3346 3536 3537 3578 eorum
3570 3537 3667 3591 pe-

2092 3616 2241 3671 nitus
2273 3616 2440 3669 latere
2470 3629 2654 3684 posse,
2684 3630 2809 3684 qum
2835 3614 2916 3667 vel
2949 3629 3168 3680 sensus,
3190 3613 3275 3669 vel
3302 3614 3525 3669 scientia
3548 3628 3672 3683 per-

2092 3710 2281 3781 cipiat.
2323 3707 2517 3763 Utrum
2562 3709 2618 3761 in
2647 3722 2713 3761 eo
2746 3708 3123 3776 convenimus,
3147 3724 3214 3762 an
3256 3709 3400 3763 non?
3427 3737 3497 3748 -—-
3521 3708 3670 3763 Con-

2092 3804 2361 3859 venimus.
2396 3832 2467 3842 —-
2499 3799 2641 3868 Quid
2692 3802 2865 3857 illud?
2916 3818 3045 3856 num
3096 3801 3219 3856 illos
3264 3801 3431 3855 etiam
3485 3800 3668 3853 omnia

2091 3912 2275 3967 posse,
2303 3910 2426 3966 quas
2454 3895 2509 3948 in
2539 3894 2754 3949 mortali
2801 3903 2897 3949 aut
2926 3893 3219 3949 immortali
3250 3902 3513 3962 potestate
3545 3908 3669 3945 ver-

2093 3998 2282 4045 sentur
2296 3986 2526 4042 ?—Nam
2554 3986 2678 4058 quis
2705 3987 2810 4042 hoc
2833 3987 3001 4042 etiam
3026 3995 3184 4056 neget
3203 3985 3464 4054 ?--Atqui
3493 3985 3668 4039 bonos

2095 4083 2218 4138 illos
2239 4095 2380 4146 esse,
2409 4080 2655 4150 adeoque
2685 4080 2922 4148 optimos
2942 4118 2957 4143 ,
2987 4078 3101 4147 jam
3129 4091 3232 4132 nos
3263 4076 3507 4147 quinque
3538 4090 3670 4130 con-

2094 4176 2383 4232 cessimus.
2411 4203 2482 4215 -
2514 4173 2581 4228 Et
2612 4173 2832 4243 quidem
2864 4170 3243 4225 libentissime.
3268 4199 3339 4211 ——
3366 4169 3507 4223 Fieri
3537 4182 3669 4233 ergo

2093 4285 2202 4326 non
2228 4276 2425 4339 potest,
2460 4276 2521 4323 ut
2549 4266 2696 4337 quod
2726 4264 2996 4336 ejusmodi
3041 4278 3161 4318 esse
3186 4262 3563 4326 defendimus,
3599 4260 3669 4315 ab

2091 4360 2160 4415 iis
2185 4359 2481 4429 quidquam
2516 4356 2744 4411 omnino
2788 4355 2871 4409 vel
2918 4353 3127 4409 desidia
3177 4353 3262 4406 vel
3300 4351 3526 4406 mollitie
3549 4349 3667 4404 fieri

2092 4451 2343 4506 velimus.
2402 4445 2539 4502 Nam
2576 4456 2630 4501 et
2674 4446 2817 4515 apud
2848 4460 2949 4499 nos
2978 4443 3287 4498 timiditatis
3318 4441 3461 4497 fetus
3493 4444 3665 4496 otium

2093 4552 2177 4599 est
2195 4581 2212 4607 ,
2245 4538 2454 4595 desidia
2484 4553 2615 4594 vero
2637 4547 2800 4608 atque
2834 4535 3092 4591 mollities
3133 4536 3253 4591 otii.
3274 4563 3349 4576 —
3371 4532 3667 4589 Verissime

2094 4635 2199 4689 hoc
2236 4642 2294 4687 tu
2328 4632 2569 4703 quidem.
2596 4663 2670 4672 —
2694 4630 2930 4686 Deorum
2979 4642 3112 4698 ergo
3153 4628 3338 4682 nullus
3365 4625 3666 4696 quidquam

2090 4742 2204 4798 pra:
2235 4725 2349 4780 otio
2385 4725 2704 4795 desidiaque
2731 4721 2975 4794 negligit,
3007 4733 3133 4776 cum
3167 4719 3427 4775 timiditas
3456 4718 3511 4771 in
3538 4730 3665 4772 eum

2091 4820 2240 4875 nulla
2271 4819 2450 4876 cadat.
2478 4849 2551 4859 —
2579 4817 2646 4873 Et
2674 4817 2818 4874 istud
2851 4830 3016 4886 quam
3045 4813 3269 4884 optime.
3294 4840 3365 4852 —
3402 4810 3589 4878 Igitur,
3619 4810 3665 4865 si

2090 4930 2274 4972 rerum
2309 4915 2415 4971 hoc
2442 4916 2497 4969 in
2530 4915 2793 4970 universo
2820 4913 3094 4967 minorum
3128 4924 3193 4965 ac
3228 4908 3537 4966 tenuiorum
3569 4923 3668 4962 cu—

2088 5024 2206 5064 ram
2238 5009 2522 5080 abjiciunt,
2537 5009 2808 5078 reliquum
2834 5018 2938 5070 est,
2973 5006 3027 5060 id
3050 5012 3113 5059 ut
3140 5002 3364 5067 faciant,
3395 5010 3491 5055 ant
3520 5000 3666 5070 quod

2088 5098 2226 5154 nihil
2258 5114 2484 5170 prorsus
2510 5113 2700 5153 eorum
2737 5099 2842 5153 sibi
2890 5095 3194 5151 curandum
3228 5108 3351 5149 esse
3379 5101 3663 5155 statuant;

2086 5202 2184 5247 aut
2206 5192 2337 5262 quid
2370 5192 2519 5246 aliud
2543 5198 2815 5260 superest,
2864 5189 2971 5243 nisi
3002 5196 3062 5242 ut
3083 5197 3274 5251 contra
3298 5182 3575 5240 sentiant?
3598 5211 3664 5270 -ς

2086 5285 2255 5341 Nihil.
2290 5317 2361 5327 -—
2392 5283 2587 5339 Utrum
2616 5282 2804 5354 igitur,
2838 5280 2921 5335 vir
2959 5279 3185 5349 optime,
3219 5278 3353 5333 deos
3379 5275 3665 5333 existimas

2085 5438 2358 5494 habeatur.
2390 5438 2522 5505 Quze
2563 5437 2748 5492 odium
2791 5433 3077 5506 signiticet,
3108 5448 3212 5488 vox
3244 5431 3389 5506 nulla
3414 5439 3529 5506 est;
3565 5428 3661 5506 sed

2082 5510 2358 5564 Platonica
2400 5499 2684 5576 trajectio,
2728 5499 2887 5575 quasi
2932 5505 3145 5576 diceret
3181 5502 3418 5567 τοιοῦτος
3464 5500 3529 5576 iv
3572 5499 3659 5566 γί-

2082 5597 2294 5650 γνοιτο,
2328 5578 2388 5631 ὃν
2417 5580 2461 5650 ὁ
2491 5570 2761 5650 ποιητής,
2792 5585 2895 5629 etc.
2942 5573 3218 5627 Articulus
3251 5578 3430 5626 autem
3474 5570 3503 5622 ὁ
3534 5585 3658 5623 cum

2080 5646 2320 5711 τοιοῦτος
2357 5648 2532 5702 Attice
2558 5646 3009 5713 conjunctusiest.

2151 5719 2263 5789 (47)
2298 5707 2553 5789 hor/«poi;
2583 5707 2854 5789 τῖέᾷομεν.
2890 5712 3139 5781 Rectius,
3168 5726 3333 5782 quam
3362 5708 3506 5784 apud
3529 5707 3657 5766 Pla-

2081 5786 2260 5845 tonem
2290 5787 2430 5858 Ποίῳ
2454 5788 2516 5858 δή
2540 5803 2552 5851 ;
2589 5786 2837 5856 λέγομεν.
