4122 6424
503 334 640 392 1051

1212 337 1481 396 EUSEBII
1511 341 1992 401 (ΣίΕΞΑΒΙΕΝΒΙΞ
2025 348 2066 403 0

2168 385 2177 401 .
2218 342 2397 400 PARS
2436 342 2501 400 ll.
2521 374 2586 385 —
2606 343 3104 402 APOLOGETICA.

3597 352 3742 408 1052

503 448 809 517 ignorantia
840 447 1117 514 laborare,
1147 467 1420 522 quamque
1451 454 1520 508 ab
1548 455 1614 510 iis
1644 470 1828 510 curam
1861 459 2061 529 suscipi

2168 455 2290 520 Πῶς
2315 457 2422 528 γάρ
2447 455 2507 509 οὐ
2531 473 2545 521 ;
2571 483 2641 496 -
2667 456 2803 527 Ἤδη
2838 457 3014 510 τοίνυν
3047 459 3079 529 ἢ
3113 462 3316 532 σμικρά
3355 462 3387 532 ἢ
3420 463 3629 533 μεγάλα
3659 483 3740 530 τις

503 547 801 607 oporteret,
852 539 925 593 ob
972 544 1218 595 eamdem
1271 543 1634 612 ignorantiam
1675 548 1943 617 abjicere;
1980 565 2069 617 an,

502 645 628 684 cum
657 644 719 683 ea
749 629 848 684 sibi
881 631 1125 686 curanda
1172 648 1293 688 esse
1347 636 1627 703 noverint,
1678 647 1858 692 tamen
1906 640 2071 710 (quod

502 720 756 789 pessimis
797 719 1147 787 hominibus,
1201 739 1302 778 usu
1329 726 1510 779 venire
1553 726 1778 792 dicunt,
1826 729 1920 798 qui
1966 731 2070 785 alia

499 827 665 881 quam
697 827 820 881 qua:
863 811 1090 880 faciant,
1126 813 1273 870 factu
1312 818 1535 872 meliora
1571 834 1691 873 csse
1715 820 1847 876 satis
1874 821 2072 876 intelli-

497 903 650 972 gant)
683 917 778 956 seu
811 902 1104 972 voluptate,
1124 918 1216 959 seu
1247 904 1436 962 dolore
1464 908 1636 962 victos
1657 923 1764 962 non
1788 908 1963 964 facere
1979 911 2071 964 ?—

497 992 630 1059 Quis
679 993 897 1048 tandem
944 995 1047 1050 hoc
1092 995 1292 1051 illudve
1335 997 1516 1052 dicat?
1542 1031 1612 1040 —
1643 999 1708 1053 Et
1733 1000 1952 1069 quidem
1981 1017 2069 1056 res

497 1085 754 1142 humana:
794 1101 920 1142 cum
966 1089 1203 1143 animata
1252 1097 1448 1144 natura
1494 1090 1728 1160 przedilaa
1758 1101 1920 1158 sunt,
1954 1101 2067 1146 tum

486 1191 628 1230 .vero
662 1178 1034 1235 animantibus
1060 1181 1317 1236 omnibus
1348 1181 1606 1251 religione
1629 1197 1693 1237 ac
1711 1183 1896 1238 divino
1921 1184 2066 1238 cultu

461 1267 664 1328 ,homo
693 1271 988 1324 antecellit.
1026 1303 1094 1311 —
1127 1270 1566 1327 Consentaneum
1603 1273 1652 1327 id
1686 1273 1868 1328 hercle
1893 1285 2070 1330 est.—

499 1360 778 1432 Quidquid
827 1378 991 1432 porro
1016 1363 1376 1419 animantium
1399 1405 1413 1430 ,
1462 1381 1557 1420 seu
1591 1367 1936 1434 mortalium,
1970 1384 2063 1423 seu

498 1454 828 1523 Spiritalium
878 1465 981 1521 est,
1031 1472 1264 1527 quorum
1298 1458 1351 1512 in
1389 1474 1618 1513 numero
1646 1468 1815 1514 totum
1849 1477 2067 1531 quoque

500 1547 696 1602 malum
730 1549 1048 1618 reponitur,
1099 1549 1148 1604 id
1196 1566 1357 1605 omne
1385 1550 1610 1606 deorum
1666 1552 2062 1620 possessionem

497 1653 618 1694 esse
640 1640 1444 1712 conccdimusﬁ33—Quidni
1475 1644 1616 1697 enim
1632 1643 1854 1698 ?—Esto
1879 1645 2062 1715 igitur,

499 1731 613 1785 haec
640 1745 671 1784 a
694 1731 800 1787 diis
824 1733 907 1787 vel
931 1734 1092 1788 exilia
1108 1735 1194 1788 vel
1238 1751 1432 1806 magna
1469 1735 1771 1790 habeantur
1803 1752 1817 1790 :
1850 1745 2063 1791 utrum-

497 1822 580 1877 vis
603 1823 750 1877 enim
781 1825 907 1894 quis
937 1826 1157 1892 dixerit,
1188 1843 1464 1897 nunquam
1494 1829 1562 1883 ab
1594 1828 1661 1884 iis
1691 1836 1891 1893 tamen,
1926 1845 2064 1899 quo-
2095 1817 2137 1872 Β

497 1929 617 1968 rum
653 1915 706 1968 in
736 1919 1082 1984 possessione
1114 1935 1328 1984 sumus,
1350 1936 1474 1976 cum
1507 1920 1668 1976 iidem
1696 1930 1750 1976 et
1777 1922 2063 1990 providen-

497 2005 693 2060 tissimi
723 2016 778 2062 et
803 2011 992 2077 optimi
1025 2010 1155 2077 sint,
1185 2011 1310 2081 jure
1343 2013 1698 2084 negligamur.
1752 2013 1950 2068 Verum
1980 2015 2062 2068 al—

499 2105 677 2150 terum
707 2098 812 2154 hoc
843 2111 1100 2170 praeterea
1129 2104 1560 2160 consideremus.
1585 2136 1652 2144 —
1681 2104 1950 2172 Quidnam
1973 2107 2066 2159 ἳ-

495 2186 688 2244 Nonne
719 2206 912 2248 sensus
954 2203 1007 2248 et
1051 2195 1292 2263 potentia
1323 2197 1656 2251 contrariam
1690 2213 1720 2252 a
1747 2207 1940 2254 natura
1968 2198 2066 2253 ba-

443 2299 452 2308 ·
494 2281 622 2335 bent
649 2280 927 2340 facilitatis
962 2301 1026 2341 ac
1047 2285 1377 2343 difﬁcultatis
1406 2287 1714 2343 rationem?
1740 2289 2064 2356 —Clarius,

494 2373 745 2438 obsecro.
778 2406 848 2415 —
872 2374 1048 2431 Parva
1078 2379 1337 2433 nimirum
1364 2378 1634 2435 diﬁicilius
1657 2390 1710 2435 et
1746 2382 1931 2438 videre
1962 2391 2064 2450 est,

495 2473 550 2517 et
581 2463 792 2531 audire,
847 2482 1011 2536 quam
1061 2483 1256 2539 magna
1311 2489 1323 2524 :
1374 2469 1517 2526 ferre
1552 2488 1712 2535 vero,
1742 2483 1834 2528 aut
1863 2483 2064 2538 tenere,

497 2567 593 2613 aut
639 2575 838 2615 curare
868 2577 1034 2631 parva
1080 2563 1258 2632 quivis
1314 2572 1369 2620 et
1414 2565 1576 2619 exilia
1612 2564 1858 2631 facilius,
1904 2582 2065 2636 quam

496 2666 692 2722 magna
747 2654 942 2722 possit.
968 2686 1036 2695 —
1066 2654 1251 2727 Longe
1299 2655 1565 2727 proiecto.
1591 2688 1664 2698 —
1688 2659 1770 2712 An
1813 2659 1860 2714 si
1907 2659 2070 2714 medi-

493 2757 594 2799 cus
623 2744 842 2814 aliquis,
876 2761 1000 2802 cum
1037 2747 1305 2818 integrum
1337 2763 1536 2817 corpus
1565 2747 1684 2803 ﬁdei
1718 2749 2068 2806 commissum

496 2851 608 2890 suae
635 2851 829 2892 curare
859 2853 966 2892 non
999 2839 1158 2895 vellet
1185 2839 1367 2902 modo,
1405 2840 1496 2894 sed
1529 2840 1693 2895 etiam
1724 2850 1932 2911 posset,
1960 2857 2068 2897 ma-

491 2925 705 2995 joribus
737 2937 946 2983 tantum
976 2931 1222 3000 partibus
1250 2931 1560 2986 mederetur
1579 2973 1594 2998 ,
1640 2933 1882 2988 minores
1913 2941 2070 2988 caete-

497 3029 588 3068 ras
623 3015 938 3086 negligcrct,
971 3032 1168 3087 corpus
1216 3017 1482 3087 integrum
1511 3017 1613 3073 hac
1643 3018 1763 3088 ejus
1787 3020 2070 3075 curatione

2179 548 2332 618 φάτω
2360 549 2530 602 ταῦτα
2571 545 2709 603 εἶναι
2740 553 2849 613 τοῖς
2896 549 3035 612 θεοῖς
3057 568 3068 580 ο
3102 552 3206 604 οὐδ’
3253 554 3454 625 ἑτέρως
3489 555 3599 626 (48)
3634 558 3741 628 γὰρ

2177 644 2288 705 τοῖς
2318 641 2671 712 κεκτημένοις
2691 645 2836 712 ἡμᾶς
2860 643 3075 712 ἀμελεῖν
3096 644 3160 696 ἂν
3184 644 3268 715 εἰή
3303 646 3599 717 προσῆκον,
3620 650 3740 701 ἑπι-

2180 733 2547 812 μελεστάτοις
2584 749 2642 800 γε
2679 728 2796 786 οὖσι
2845 735 2938 786 καὶ
2971 734 3230 803 ἀρίστοις.
3259 737 3559 807 Σκοπῶμεν
3591 739 3647 790 δὲ
3678 740 3739 812 δὴ

2176 822 2271 876 καὶ
2296 824 2414 876 τόδε
2457 822 2536 874 ἔτι
2571 821 2706 893 πρὸς
2755 822 2981 886 τούτοις.
3005 853 3073 863 -
3103 824 3175 877 Τὸ
3207 827 3391 891 ποῖον;
3422 857 3492 867 ——
3522 827 3657 897 Περί
3681 846 3739 881 τε

2174 916 2477 986 αἰσθήσεως
2507 916 2598 969 καὶ
2622 915 2899 985 δυνάμεως
2922 933 2934 945 ο
2956 911 3042 985 ἆρ’
3064 915 3163 968 οὐκ
3200 916 3455 974 ἐναντίως
3493 918 3740 989 ἀλλήλοιν

2177 1007 2309 1078 πρὸς
2363 1007 2640 1078 ῥᾳστώνην
2687 1008 2778 1060 καὶ
2828 1008 3167 1078 χαλεπότητά
3207 1010 3362 1062 ἐστον
3431 1011 3737 1079 πεφυκότε;

2173 1099 2390 1162 -Πῶς
2435 1099 2644 1167 λέγεις;
2676 1129 2745 1140 ——
2778 1100 2942 1170 Ὀρᾷν
2987 1100 3087 1170 μέν
3137 1118 3238 1154 που
3287 1102 3380 1156 καὶ
3421 1101 3639 1156 ἀκούειν
3673 1104 3740 1158 τὰ

2173 1190 2380 1261 σμικρά
2405 1189 2778 1260 χαλεπώτερον
2813 1190 2846 1260 ἢ
2880 1190 2947 1244 τὰ
2975 1190 3214 1261 μεγάλα·
3238 1192 3423 1262 φέρειν
3444 1193 3502 1244 ἃ
3526 1189 3616 1259 αὖ,
3647 1194 3740 1247 καὶ

2173 1285 2412 1354 κρατεῖν,
2445 1284 2538 1336 καὶ
2560 1281 2934 1354 ἐπιμελεῖσθαι
2979 1285 3087 1336 τῶν
3122 1283 3368 1355 σμικρῶν
3401 1286 3495 1337 καὶ
3522 1285 3737 1354 ὀλίγων,

2173 1377 2335 1428 παντὶ
2372 1377 2500 1447 ῥᾷον
2524 1375 2685 1446 ἡτῶν
2724 1374 3001 1428 ἐναντίων.
3038 1407 3104 1414 -
3125 1375 3236 1428 Καὶ
3267 1374 3400 1428 πολύ
3422 1393 3505 1444 γε.
3537 1408 3603 1416 -
3639 1379 3740 1430 Ἰα-

2171 1465 2284 1537 τρῷ
2321 1465 2384 1537 δὴ
2449 1465 2920 1535 προστεταγμένον
2948 1465 3067 1518 ὅλον
3111 1483 3162 1518 τι
3193 1467 3515 1536 θεραπεύειν
3553 1467 3737 1538 βουλο-

2175 1559 2320 1629 μένῳ
2376 1558 2467 1611 καὶ
2517 1557 2819 1628 δυναμένῳ,
2880 1556 2988 1610 τῶν
3041 1557 3140 1628 μὲν
3191 1561 3440 1629 μεγάλων
3483 1564 3738 1633 ἐπιμελὲς

2172 1649 2322 1703 ἔσται
2353 1649 2485 1720 (49),
2510 1649 2614 1704 τῶν
2641 1648 2932 1720 μορίωνδὲ
2961 1650 3054 1703 καὶ
3087 1651 3333 1722 σμικρῶν
3361 1653 3561 1722 ἀμελές
3587 1653 3699 1724 (50)
3721 1672 3734 1686 ’

2171 1737 2270 1794 εἷθ’
2297 1741 2409 1812 (51)
2439 1741 2547 1805 ἕξει
2581 1741 2708 1794 ποτὲ
2733 1741 2910 1804 καλῶς
2937 1742 3066 1794 αὐτό
3088 1741 3146 1794 τὸ
3186 1744 3328 1808 πᾶν;
3351 1776 3418 1784 -
3453 1745 3735 1816 Οὐδαμῶς.

2165 1862 2231 1870 ——
2247 1830 2322 1882 Οὐ
2349 1829 2453 1900 μὴν
2474 1829 2592 1882 οὐδέ
2608 1846 2670 1898 γε
2691 1829 3067 1900 κυϐερνήταις,
3101 1830 3218 1884 οὐδὲ
3253 1836 3596 1902 στρατηγοῖς,
3629 1835 3737 1888 οὐδ’

2163 1921 2483 1991 οἰκονόμοις,
2500 1920 2606 1973 οὐδ’
2621 1917 2688 1974 αὖ
2703 1938 2811 1974 τισι
2833 1921 3145 1986 πολιτικοῖς,
3163 1921 3270 1974 οὐδ’
3288 1922 3432 1992 ἄλλῳ
3448 1923 3554 1977 τῶν
3575 1925 3739 1979 τοιού-

2163 2031 2269 2066 των
2321 2013 2494 2066 οὐδενὶ
2528 2013 2695 2085 χωρὶς
2725 2011 2832 2066 τῶν
2847 2012 3086 2084 ὀλίγωνῆ
3112 2013 3379 2086 σμικρῶν,
3409 2015 3620 2088 πολλάῆ
3644 2034 3740 2086 με-

2163 2104 2322 2172 γάλα·
2343 2105 2462 2158 οὐδὲ
2476 2105 2581 2175 γὰρ
2602 2105 2728 2159 ἀνευ
2743 2105 2850 2158 τῶν
2884 2105 3128 2176 σμικρῶν
3143 2107 3267 2169 τοὺς
3287 2106 3553 2177 μεγάλους
3575 2110 3738 2177 φασὶν

2165 2197 2214 2249 οἱ
2229 2196 2493 2265 λιθολόγοι
2516 2196 2694 2260 λίθους
2715 2193 2772 2250 εὖ
2791 2197 3096 2250 κεῖσθαι.--
3119 2197 3243 2262 Πῶς
3276 2197 3385 2268 γὰρ
3414 2198 3478 2251 ἀν
3500 2216 3515 2263 ;
3550 2228 3620 2238 —-
3647 2201 3737 2270 Μὴ

2165 2287 2342 2340 τοίνυν
2363 2285 2453 2340 τὸν
2485 2286 2615 2340 Θεὸν
2641 2285 2962 2358 ἀξιώσωμέν
2998 2305 3127 2341 ποτε
3163 2287 3372 2360 θνητῶν
3395 2289 3739 2361 δημιουργῶν

2168 2376 2515 2448 φαυλότερον,
2541 2377 2590 2430 οἳ
2639 2379 2704 2432 τὰ
2737 2379 3080 2449 προσήκοντα
3127 2380 3306 2443 αὐτοῖς
3333 2379 3490 2450 ἔργα,
3522 2381 3739 2453 ὅσῳπερ

2166 2466 2231 2520 ἂν
2262 2467 2515 2537 ἀμείνους
2536 2461 2658 2530 ὦσι,
2683 2467 2824 2538 τόσῳ
2889 2467 3252 2539 ἀκριϐέστερα
3297 2469 3392 2522 καὶ
3440 2470 3739 2544 τελεώτερα

2171 2557 2271 2627 μιᾷ
2302 2557 2466 2630 τέχνῃ
2491 2559 2699 2629 σμικρά
2731 2559 2825 2612 καὶ
2859 2559 3066 2630 μεγάλα
3097 2560 3530 2631 ἀπεργάζονται·
3565 2564 3656 2617 τὸν
3682 2564 3739 2618 δὲ

2168 2647 2300 2703 Θεὸν
2330 2648 2458 2702 ὅντα
2488 2667 2547 2702 τε
2583 2647 2908 2719 σοφώτατον,
2938 2649 3258 2720 βουλόμενόν
3281 2670 3340 2705 τε
3367 2655 3738 2724 ἐπιμελεῖσθαι

2169 2740 2264 2793 καὶ
2295 2739 2610 2811 δυνάμενον,
2651 2734 2726 2796 ὧν
2761 2742 2856 2812 μὲν
2889 2744 3016 2814 ῥᾷον
3044 2742 3462 2814 ἐπιμεληθῆναι,
3493 2745 3739 2816 σμικρῶν

2167 2831 2357 2897 ὅντων,
2383 2832 2608 2903 μηδαμῆ
2629 2832 3025 2902 ἐπιμελεῖσθαι,
3053 2833 3300 2906 καθάπερ
3324 2835 3540 2906 ἀργὺνῆ
3569 2835 3738 2890 δειλόν

2170 2942 2290 2979 τινα
2331 2925 2418 2979 διὰ
2473 2925 2668 2988 πόνους
2728 2924 3095 2997 ῥᾳθυμοῦντα,
3144 2925 3250 2979 τῶν
3276 2925 3333 2978 δὲ
3369 2927 3639 2997 μεγάλων.
3671 2959 3738 2969 -

2171 3015 2452 3088 Μηδαμῶς
2478 3015 2636 3080 δόξαν
2667 3017 2920 3087 τοιαύτην
2943 3017 3070 3089 περ)⁹
3095 3017 3252 3084 θεῶν,
3281 3011 3326 3072 ὦ
3364 3017 3502 3085 ξένε,
3539 3020 3736 3074 ἀποδε-

495 3105 788 3175 aliquando
847 3107 1376 3165 convalesceret?—
1407 3108 1565 3164 Nullo
1610 3125 1741 3166 sane
1784 3111 1962 3167 modo.
2000 3143 2066 3154 -—

2173 3106 2427 3179 χώμεθα·
2456 3107 2663 3178 οὐδαμῇ
2687 3107 2795 3178 γὰρ
2824 3106 2947 3160 οὐτε
2979 3109 3142 3172 ὅσιον,
3167 3105 3279 3161 οὔτ’
3313 3106 3506 3180 ἀληθὲς
3531 3108 3595 3161 τὸ
3626 3109 3738 3162 δια-

495 3196 571 3252 1\e
603 3199 1059 3268 gubernatoribus
1088 3201 1327 3274 quidem,
1365 3202 1807 3272 imperatoribus,
1844 3218 2062 3260 oecono-

493 3292 621 3358 mis,
673 3301 768 3347 aut
814 3293 880 3348 iis
924 3293 1017 3362 qui
1056 3293 1108 3347 in
1155 3293 1290 3363 reip.
1342 3292 1814 3350 administratione
1838 3310 2060 3352 versen-

497 3392 606 3446 tur,
653 3391 748 3436 aut
795 3382 889 3436 ulli
933 3384 1158 3437 omnino
1205 3383 1416 3453 generis
1462 3384 1742 3453 ejusdem,
1796 3385 1841 3440 si
1889 3401 2062 3457 pauca

495 3472 1058 3542 quadamminorave
1091 3475 1501 3543 contempserit,
1537 3475 1772 3545 plurium
1819 3486 1912 3532 aut
1943 3493 2061 3533 ma-

491 3564 673 3634 jorum
700 3563 929 3620 feliciter
953 3580 1083 3620 cura
1115 3567 1387 3622 succedat.
1443 3565 1675 3637 Majores
1698 3567 1895 3638 quippe
1924 3570 2060 3640 lapi-

495 3657 592 3712 des
621 3657 738 3712 sine
767 3657 1069 3713 minoribus
1118 3656 1346 3713 ﬁrmiter
1375 3658 1649 3713 cohaerere
1696 3673 1853 3728 posse
1884 3661 2064 3716 archi-

497 3749 626 3804 tecti
654 3759 872 3818 negant.
900 3779 971 3789 —
998 3747 1066 3802 Et
1098 3765 1226 3804 vero
1255 3749 1346 3818 qui
1372 3751 1634 3819 possent?
1661 3780 1729 3791 —
1761 3750 2063 3809 Caveamus

496 3857 647 3913 ergo,
679 3856 745 3897 ne
778 3840 946 3897 Deum
980 3841 1303 3896 mortalibus
1329 3856 1567 3910 unquam
1595 3841 1893 3898 artiﬁcibus
1918 3843 2066 3898 dete-

496 3936 695 3990 riorem
740 3944 992 4005 putemus
1043 3954 1055 3989 :
1105 3944 1166 3990 ut
1217 3951 1339 3990 cum
1374 3936 1449 3992 illi
1489 3938 1705 4006 propria
1737 3938 1838 3992 sibi
1873 3953 2059 4008 opera,

497 4036 608 4081 tam
656 4027 867 4082 minora
922 4043 1082 4097 quam
1135 4029 1374 4098 majora,
1431 4044 1541 4099 quo
1592 4029 1994 4098 praestantiores
2027 4033 2062 4086 ii

496 4127 646 4188 sunt,
696 4120 801 4175 hoc
844 4136 951 4175 una
979 4121 1278 4191 eademque
1320 4129 1436 4176 arte
1461 4121 1771 4192 diligentius
1805 4137 1868 4177 ac
1891 4121 2066 4192 perfe-

497 4214 640 4267 ctius
667 4212 974 4280 elaborent;
1011 4213 1155 4269 Deus
1185 4223 1401 4282 tamen,
1437 4215 1526 4284 qui
1549 4226 1602 4268 et
1631 4213 2064 4283 sapientissimus

497 4305 614 4374 ipse
646 4305 738 4370 sit,
788 4314 843 4360 et
887 4321 1112 4375 operum
1149 4321 1374 4362 suorum
1413 4322 1602 4361 curam
1637 4308 1912 4377 suscipere
1941 4307 2067 4363 velit

500 4397 641 4452 idem
677 4413 741 4453 ac
768 4399 958 4467 possit,
992 4399 1205 4454 minora
1241 4399 1441 4469 quibus
1475 4398 1691 4454 facilius
1736 4398 2062 4469 provideret,

2169 3199 2345 3269 νόημα
2401 3198 2724 3270 διανοοίμεθ’
2753 3199 2838 3254 ἄν.
2873 3231 2941 3240 -
2967 3198 3237 3270 Δοκοῦμεν
3277 3199 3334 3253 δέ
3383 3215 3473 3272 μοι
3506 3200 3617 3273 (52)
3644 3201 3738 3256 νῦν

2164 3292 2264 3362 ἤδη
2293 3292 2387 3345 καὶ
2424 3292 2633 3363 μεγάλα
2671 3292 2906 3364 μετρίως
2933 3291 3224 3361 διειλέχθαι
3248 3291 3326 3364 τῷ
3357 3292 3611 3364 φιλαιτίῳ
3637 3293 3741 3364 τῆς

2163 3381 2419 3451 ἀμελείας
2449 3381 2575 3454 πέρι
2597 3381 2766 3448 θεῶν;
2792 3414 2859 3423 -
2884 3382 3007 3436 Ναί.
3027 3380 3197 3453 -Τῷ
3219 3400 3282 3451 γε
3317 3382 3597 3454 βιάζεσθαι
3629 3386 3738 3448 τοῖς

2163 3471 2342 3540 λόγοις
2369 3473 2649 3545 ὁμολογεῖν
2683 3474 2844 3528 αὐτὸν
2880 3474 2954 3546 μὴ
2986 3474 3162 3550 λέγειν
3187 3475 3364 3547 ὀρθῶς
3391 3476 3524 3547 (55).
3561 3477 3736 3547 Ἐπῳ-

2163 3564 2268 3618 δῶν
2289 3581 2352 3634 γε
2386 3566 2491 3638 μὴν
2539 3566 2884 3638 προσδεῖσθαί
2927 3585 3017 3638 μοι
3050 3567 3197 3621 δοκεῖ
3237 3567 3419 3638 μύθων
3451 3568 3532 3622 ἔτι
3555 3568 3735 3625 τινῶν.

2164 3686 2232 3696 —
2248 3654 2442 3721 Ποίων,
2487 3650 2530 3708 ὦ
2549 3655 2720 3724 ἀγαθέ
2743 3673 2844 3722 ;--
2860 3657 3141 3728 Πείσωμεν
3154 3657 3245 3711 τὸν
3277 3659 3490 3712 νεανίαν
3513 3661 3624 3722 τοῖς
3653 3659 3740 3712 λό-

2164 3763 2280 3814 γοις
2316 3747 2448 3817 (54),
2481 3747 2556 3811 ὡς
2588 3747 2665 3818 τῷ
2693 3746 2786 3800 τοῦ
2807 3748 3005 3812 παντὸς
3039 3749 3448 3820 ἐπιμελουμένῳ
3475 3751 3611 3822 πρὸς
3642 3750 3734 3821 τὴν

2167 3838 2437 3910 σωτηρίαν
2495 3839 2589 3893 καὶ
2639 3839 2836 3912 ἀρετὴν
2878 3840 2972 3893 τοῦ
3016 3840 3135 3894 ὅλου
3185 3843 3339 3896 πάντ’
3390 3843 3508 3896 ἐστὶ
3550 3861 3734 3896 συντε-

2163 3931 2432 4001 ταγμένα,
2485 3924 2558 3984 ὧν
2607 3931 2791 3985 καὶτὸ
2825 3932 2989 4002 μέρος
3042 3933 3121 3995 εἰς
3161 3933 3388 4005 δύναμιν
3430 3935 3656 3988 ἕκαστον
3679 3934 3735 3986 τὸ

2166 4025 2440 4096 προσῆκον
2467 4025 2666 4095 πάσχει
2697 4026 2788 4078 καὶ
2815 4027 2976 4082 ποιεῖ.
3001 4025 3222 4090 Τούτοις
3237 4027 3292 4080 δέ
3319 4029 3456 4081 εἰσιν
3481 4029 3735 4099 ἄρχοντες

2167 4117 2631 4186 προστεταγμένοι
2663 4116 2913 4180 ἑκάστοις
2944 4117 3036 4170 ἐπὶ
3051 4118 3112 4170 τὸ
3132 4119 3493 4190 σμικρότατον
3519 4121 3607 4173 ἀεὶ⁵
3637 4121 3737 4174 πά-

2167 4207 2265 4279 θης
2293 4209 2387 4264 καὶ
2436 4209 2706 4280 πράξεως,
2753 4211 2833 4273 είς
2886 4210 3152 4281 μερισμὸν
3192 4212 3282 4264 τὸν
3319 4212 3542 4283 ἔσχατον
3587 4213 3736 4274 τέλος

2165 4300 2631 4371 ἀπειργασμένοι·
2658 4293 2732 4354 ὧν
2756 4299 2813 4353 ἓν
2841 4303 2934 4354 καὶ
2954 4302 3014 4354 τὸ
3047 4301 3158 4365 σὸν,
3187 4299 3232 4356 ὦ
3260 4303 3491 4372 σχέτλιε,
3530 4304 3733 4375 μόριον,

2167 4392 2247 4454 εἰς
2273 4392 2334 4444 τὸ
2365 4394 2472 4445 πᾶν
2496 4390 2754 4456 ξυντείνει
2775 4390 2970 4461 βλέπον
3000 4390 3108 4456 ἀεὶ,
3147 4392 3348 4464 καίπερ
3398 4393 3734 4465 πάνσμικρον

498 4491 642 4561 quod
687 4493 899 4547 minora
943 4494 1072 4558 sint,
1115 4505 1376 4564 tanquam
1404 4495 1575 4565 piger,
1618 4510 1682 4550 ac
1703 4495 1883 4552 mollis
1911 4495 2062 4566 quis-

2168 4481 2242 4536 ὅν.
2278 4482 2346 4534 Σὲ
2398 4483 2455 4535 δὲ
2504 4481 2692 4553 λέληθε
2721 4481 2830 4551 (55)
2875 4481 3002 4552 περὶ
3043 4481 3200 4534 τοῦτο
3249 4481 3400 4547 αὐτὸ,
3425 4481 3500 4544 ὡς
3528 4482 3734 4550 γένεσις

498 4585 640 4653 piam
672 4593 726 4640 et
754 4585 998 4640 laborum
1029 4586 1402 4656 magnitudine
1430 4588 1668 4652 fractus,
1717 4588 1940 4643 omnino
1969 4587 2063 4642 de-

497 4677 710 4744 spiciat,
751 4693 859 4732 una
890 4679 944 4732 in
987 4678 1256 4747 majorum
1301 4679 1693 4748 gubernatione
1734 4679 1964 4734 deﬁxus.
1996 4709 2066 4718 -

498 4765 650 4824 lianc
672 4769 739 4825 de
767 4769 872 4825 diis
904 4769 1236 4839 opinionem,
1273 4771 1347 4824 mi
1376 4771 1602 4842 hospes,
1632 4773 1778 4826 nulla
1811 4786 1878 4826 ex
1910 4779 2065 4842 parte

496 4876 736 4930 unquam
762 4862 1075 4931 probemus.
1107 4860 1202 4916 Est
1223 4862 1368 4916 enim
1401 4863 1514 4918 haec
1543 4877 1650 4918 non
1671 4863 1836 4932 impia
1859 4863 2060 4926 minus,

495 4967 660 5022 quam
712 4953 847 5010 falsa
897 4955 1178 5026 cogitatio.
1207 4983 1279 4996 ——
1304 4953 1442 5008 Num
1473 4969 1600 5010 vero
1636 4955 1728 5009 tibi
1763 4955 1875 5024 jam
1910 4954 2062 5007 vidc-

497 5060 622 5099 mur
667 5045 736 5102 de
768 5045 993 5102 deorum
1044 5047 1406 5118 negligentia,
1439 5063 1539 5118 pro
1568 5046 1646 5101 rei
1697 5045 2065 5116 magnitudine

720 5263 878 5336 Forte
907 5264 1221 5336 οὐδετέρως.

720 5335 1036 5407 Ἐπιμελὲςγ
1057 5332 1246 5390 ἔσται.
1269 5334 1445 5407 Plato,
1474 5335 1903 5407 ἐπιμελουμένῳ.

592 5403 681 5475 50)
727 5403 987 5475 ᾊμὲλές.
1016 5406 1186 5468 Plato,
1212 5405 1519 5475 ἀμελοῦντι.

594 5473 680 5544 51)
709 5471 854 5544 Εἴθ’.
887 5475 1003 5529 Non
1030 5477 1202 5530 habet
1224 5471 1380 5530 Plato
1404 5476 1546 5531 istud
1578 5471 1698 5529 εἷθ’.

567 5541 678 5609 (52)
707 5542 866 5597 Forte
896 5563 996 5598 σοι.

570 5548 658 5609 (52
707 5548 866 5597 Forte
896 5563 996 5598 σοι.

570 5548 816 5684 (55)Μὴ
845 5615 1045 5683 λέγειν
1085 5614 1288 5683 ὀρθῶς.
1319 5613 1500 5670 Recte.
1532 5613 1664 5668 Nam
1701 5614 1839 5684 apud
1885 5613 2064 5668 Plato-

501 5682 857 5753 ηῠιῃ-,μζόρθῷς
891 5682 1237 5751 respondenti
1263 5684 1451 5737 Cliniae
1481 5682 1758 5753 perperam
1787 5684 2060 5738 tribuitur.

576 5750 687 5820 (54)
718 5750 846 5817 Τοῖς
889 5750 1110 5820 λόγοις.
1153 5753 1284 5810 Post
1322 5750 1495 5820 λόγοις
1532 5750 1589 5808 in
1632 5755 1795 5824 priori
1832 5755 2065 5809 editione

567 5335 587 5542 ἓ

2164 4573 2326 4625 ἕνεκα
2375 4571 2581 4625 ἐκείνου
2630 4570 2837 4639 γίνεται
2880 4571 3049 4633 πᾶσα,
3076 4566 3283 4642 ὅπωςῇ
3317 4569 3514 4640 τῷτοῦ
3539 4569 3735 4632 παντὸς

2167 4663 2267 4734 βίῳ
2295 4661 2615 4732 ὑπάρχουσα
2645 4661 2915 4731 εὐδαίμων
2945 4660 3124 4724 οὐσία,
3152 4661 3249 4730 οὐχ
3275 4661 3436 4715 ἕνεκα
3470 4660 3561 4713 σοῦ
3592 4677 3734 4729 γινο-

2169 4755 2326 4826 μένη,
2358 4755 2422 4807 σὺ
2466 4753 2510 4805 δ’
2542 4753 2705 4806 ἕνεκα
2729 4753 2960 4805 ἐκείνου.
3001 4753 3117 4815 Πᾶς
3149 4752 3257 4823 γὰρ
3279 4753 3460 4824 ἰατρὸς
3489 4755 3585 4806 καὶ
3633 4754 3736 4814 πᾶς

2165 4847 2408 4917 ἔντεχνος
2449 4843 2779 4915 δημιουργὸς
2826 4843 3023 4906 παντὸς
3064 4843 3162 4914 μὲν
3190 4843 3352 4897 ἕνεκα
3386 4845 3563 4898 πάντα
3587 4845 3739 4915 ἐργά-

2167 4937 2337 5001 ζεται,
2363 4935 2498 5008 πρὸς
2522 4935 2582 4987 τὺ
2603 4936 2755 5005 κοινῇ
2788 4933 3068 4997 ξυντείνων
3104 4932 3398 5002 βέλτιστον,
3432 4934 3596 5006 μέρο.⁵
3638 4935 3739 5006 μὴν

2164 5029 2325 5083 ἕνεκα
2346 5027 2488 5093 ὅλου,
2511 5027 2605 5080 καὶ
2633 5026 2753 5096 οὐχ).
2773 5025 2890 5078 ὅλον
2922 5025 3119 5098 μέρους
3145 5025 3308 5079 ἓνεκα
3342 5025 3734 5096 ἀπεργάζεται.

2165 5262 2495 5326 addebatur}
2524 5261 2806 5331 ὁμολογεῖν
2836 5261 3012 5332 αὐτὸν
3065 5261 3139 5332 μὴ
3183 5262 3360 5330 λέγειν
3405 5260 3611 5331 ὀρθῶς·
3649 5260 3738 5314 sed

2166 5334 2281 5388 lucc
2309 5333 2464 5388 Plato
2495 5348 2601 5386 non
2631 5331 2892 5401 agnoscit,
2922 5342 2976 5387 et
2997 5331 3370 5401 superioribus
3402 5348 3467 5386 ex
3495 5331 3739 5386 versibus

2164 5404 2400 5458 alienum
2434 5403 2486 5456 in
2518 5401 2697 5470 locum
2733 5400 3082 5470 irrepserant.

2235 5473 2346 5542 (55)
2376 5472 2453 5526 Σὲ
2482 5472 2550 5524 δὲ
2580 5469 2822 5542 λέληθε,
2846 5469 2952 5525 etc.
2984 5471 3040 5542 δ.
3069 5472 3357 5541 Augustin.
3385 5471 3479 5525 lib.
3511 5486 3527 5524 ι
3557 5481 3737 5542 contra

2165 5539 2492 5607 Academia,
2515 5541 2669 5595 initio
2694 5557 2706 5590 :
2736 5539 2944 5594 Etenim
2969 5539 3216 5609 fortasse,
3233 5541 3428 5611 inquit.
3450 5557 3568 5609 qua:
3590 5541 3736 5608 vulgo

2166 5612 2380 5680 fortuna
2422 5612 2747 5674 nominatur,
2793 5611 2998 5681 occulto
3030 5613 3260 5681 quodam
3298 5612 3480 5665 ordine
3522 5612 3733 5681 regitur,

2165 5683 2400 5751 nihilque
2431 5697 2520 5734 seu
2567 5680 2848 5743 commodi,
2885 5697 2974 5733 seu
3007 5680 3329 5735 incommodi
3387 5681 3639 5749 contingit
3685 5680 3736 5732 in

2166 5764 2332 5820 parte,
2365 5753 2501 5821 quod
2530 5767 2628 5804 non
2671 5752 2939 5806 conveniat
2969 5760 3017 5804 et
3049 5761 3299 5822 congruat
3332 5753 3590 5805 unircrso.
