4122 6462
471 352 611 455 ωδε.

1641 394 1957 452 ΡΒᾹΞΡΑΒ.
1999 392 2248 449 EVANG.
2291 391 2416 446 LIB.
2449 389 2561 445 XII.

3588 385 3725 442 1054

469 518 544 572 Σὺ
576 516 634 570 δὲ
684 515 1035 584 ἀγανακτεῖς,
1085 515 1295 585 ἀγνοῶν
1330 516 1435 589 ὅπη
1458 517 1521 571 τὸ
1556 516 1685 589 περὶ
1718 517 1777 569 σὲ
1803 516 2044 586 ἄριστον,

2152 512 2495 567 mediocriter
2529 525 2653 564 cum
2684 507 2907 563 homine
2926 505 3272 562 contentioso
3301 504 3653 574 disputasse?
3673 536 3724 546 —

466 607 546 680 τῷ
589 607 753 661 παντί
798 606 1084 679 ξυμϐαίνει
1133 607 1228 660 καὶ
1265 607 1347 661 σοὶ
1388 608 1528 662 κατὰ
1572 608 1805 678 δύναμιν
1835 608 1932 677 τὴν
1954 606 2051 676 τῆς

467 703 655 773 κοινῆς
702 700 992 771 γενέσεως.
1044 699 1197 753 Ἐπεὶ
1225 700 1282 753 δὲ
1331 700 1419 754 άεὶ
1448 700 1596 771 ψυχὴ
1642 699 2051 769 συντεταγμένη

470 793 683 866 σώματι
708 792 830 847 τοτὲ
853 793 951 864 μὲν
971 791 1136 862 ἄλλῳ,
1162 792 1284 846 τοτέ
1307 791 1351 845 δ’
1378 791 1542 863 ἄλλῳ,
1567 791 1889 863 μεταϐάλλει
1912 806 2052 843 παν-

466 888 617 952 τοίας
644 885 946 958 μεταϐολὰς
972 880 1038 938 δι⁴
1063 885 1262 955 ἐαυτὴν
1293 884 1327 956 ἢ
1349 885 1418 938 δι’
1451 887 1643 957 ἑτέραν
1668 884 1866 956 ψυχὴν,
1902 882 2052 936 οὐδὲν

465 980 594 1036 ἄλλο
618 978 778 1052 ἔργον
800 976 879 1049 τῷ
910 977 1174 1047 πεττευτῇ
1223 975 1470 1031 λείπεται
1503 977 1641 1048 πλὴν
1685 974 2049 1047 μετατιθέναι,

464 1071 525 1126 τὺ
556 1072 656 1143 μὲν
685 1070 909 1142 ἄμεινον
937 1069 1222 1139 γινόμενον
1249 1063 1384 1138 ἦθος
1406 1070 1485 1133 εἰς
1510 1067 1704 1138 βελτίω
1725 1068 1911 1133 τόπον,
1939 1069 2053 1138 χεῖ-

467 1180 560 1235 ρον
607 1161 665 1216 δέ
720 1163 801 1225 εἰς
824 1160 916 1214 τὸν
943 1160 1182 1231 χείρονα,
1226 1159 1368 1213 κατὰ
1390 1159 1454 1212 τὸ
1475 1157 1685 1229 πρέπον
1710 1156 1889 1212 αὐτῶν
1916 1157 2050 1210 ἐκα-

466 1265 612 1313 στον,
639 1248 727 1302 ἴνα
760 1247 862 1318 τῆς
910 1246 1297 1319 προσηκούσης
1338 1247 1531 1318 μοίρας
1569 1245 1834 1317 λαγχάνη.
1865 1277 1934 1287 -
1964 1245 2048 1316 Πῆ

391 1387 404 1399 ,
464 1340 681 1409 λέγεις;
712 1371 782 1382 --
808 1333 996 1413 τῌπερ
1027 1339 1093 1394 ἂν
1122 1338 1235 1411 ἔχοι
1264 1339 1422 1408 λόγον
1452 1337 1699 1411 ῥᾳστώνη
1733 1337 2051 1410 ἐπιμελείας

463 1432 600 1486 Θεοῦ
634 1432 741 1486 τῶν
772 1433 1012 1498 πάντων,
1062 1432 1237 1505 ταύτῃ
1268 1449 1358 1503 μοι
1391 1431 1533 1485 δοκῶ
1578 1431 1826 1502 φράζειν.
1861 1431 1924 1484 Εἰ
1952 1429 2049 1501 μὲν

464 1523 574 1597 γάρ
608 1523 745 1596 πρὸς
771 1523 833 1576 τὸ
857 1522 977 1577 ὅλον
1013 1523 1100 1576 ἀεὶ
1145 1523 1356 1594 βλέπων
1390 1523 1615 1577 πλάττοι
1642 1540 1746 1587 τις,
1775 1537 2049 1593 μετασχη-

466 1614 709 1688 ματίζων
721 1615 792 1671 τὰ
808 1616 985 1671 πάντα
1006 1611 1136 1687 (οἷον
1158 1619 1222 1670 ἐκ
1236 1616 1409 1685 πυρὸς
1427 1614 1570 1687 ὕδωρ
1603 1613 1864 1686 ἐμψύχων
1880 1612 2043 1685 [56]),

463 1706 557 1760 καί
593 1706 669 1778 μὴ
703 1706 984 1778 ξύμπολλα
1011 1706 1071 1772 ἐξ
1099 1707 1215 1772 ἐνὸς
1254 1709 1289 1780 ἢ
1324 1711 1388 1762 ἐκ
1413 1706 1623 1761 πολλῶν
1651 1705 1730 1767 ἓν,
1760 1702 1985 1776 πρώτης
2010 1704 2043 1776 ἦ

462 1795 741 1867 δεύτερας,
767 1794 800 1867 ἢ
834 1796 929 1849 καὶ
954 1795 1145 1869 τρίτης
1171 1796 1439 1866 γενέσεως
1492 1792 1874 1865 μετειληφότα,
1905 1790 2045 1861 πλή-

2151 602 2329 657 Certe.
2362 632 2432 643 —-
2468 600 2670 655 Saltem
2709 608 2767 653 ut
2816 600 2862 653 is
2906 613 3186 670 perperam
3221 612 3279 653 se
3312 598 3554 652 loculum
3604 612 3728 652 esse

2154 697 2308 752 fateri
2334 707 2578 766 cogatur.
2615 694 2686 747 At
2720 708 2867 748 nunc
2899 692 3075 747 eidem
3108 690 3431 760 quibusdam
3466 698 3726 758 praeterea

2150 788 2542 844 verisimilibus
2568 786 2936 857 argumentis,
2973 784 3132 855 quasi
3178 782 3493 837 cantionum
3540 782 3725 836 illece-

2150 883 2263 937 bris
2299 896 2439 952 opus
2464 880 2696 935 videtur.
2726 910 2794 920 —
2819 876 3030 943 Quibus
3070 876 3309 940 tandem,
3348 874 3488 929 bone
3511 874 3597 929 vir
3614 874 3639 927 ?
3655 902 3728 916 -—-

2151 970 2362 1039 Quibus
2413 972 2680 1026 adductus
2721 969 3040 1025 adolescens
3091 969 3196 1023 hoc
3242 968 3344 1022 sibi
3380 966 3727 1037 persuadeat,

2151 1067 2243 1136 qui
2274 1064 2512 1120 universi
2544 1078 2731 1119 curam
2764 1062 3085 1132 susceperit,
3121 1077 3245 1116 eum
3292 1062 3359 1116 ad
3406 1060 3552 1115 illius
3575 1059 3726 1114 salu-

2151 1166 2260 1212 tem
2287 1158 2505 1227 vimque
2555 1155 2987 1212 conser‘vandam
3009 1197 3024 1220 ,
3069 1154 3316 1209 ordinata
3346 1162 3399 1207 et
3428 1153 3725 1208 constituta

2153 1249 2353 1304 habere
2382 1249 2566 1303 omnia
2587 1288 2602 1311 ,
2650 1248 2729 1303 sic
2757 1256 2817 1301 ut
2864 1255 3045 1317 partes
3085 1246 3246 1300 etiam
3274 1245 3502 1315 singula:
3520 1286 3534 1310 ,
3563 1244 3727 1314 quid-

2150 1341 2279 1411 quid
2312 1340 2380 1396 atl
2414 1357 2508 1395 eas
2534 1340 2768 1410 pertinet
2788 1379 2803 1402 ,
2826 1353 2926 1409 pro
2948 1338 3064 1394 suis
3094 1339 3304 1394 viribus
3334 1337 3635 1408 patiantur,
3670 1345 3729 1392 et

2150 1420 2331 1507 agant.
2380 1435 2469 1489 E28
2496 1436 2583 1490 vel
2608 1433 2989 1490 minutissimis
3018 1433 3072 1487 in
3109 1432 3271 1488 rebus
3296 1470 3310 1494 ,
3342 1444 3464 1499 quae
3491 1428 3596 1484 sibi
3629 1436 3727 1483 aut

2150 1529 2443 1584 subeunda;
2472 1528 2600 1594 sint,
2636 1536 2732 1582 aut
2760 1525 3116 1597 praestandae,
3152 1538 3282 1578 suos
3315 1535 3543 1591 quaeque
3567 1519 3727 1591 prin-

2148 1623 2297 1692 cipes
2323 1636 2387 1677 ac
2418 1619 2704 1691 praefectos
2753 1620 2991 1683 habent,
3038 1618 3131 1689 qui
3167 1617 3328 1671 finem
3374 1615 3440 1670 ad
3476 1614 3727 1669 ultimam

2149 1731 2323 1786 usque
2370 1714 2694 1786 particulam
2747 1715 2953 1785 integre
3003 1719 3362 1781 accurateque
3404 1709 3721 1779 perducant.

2146 1806 2312 1880 634
2353 1805 2396 1860 Ε
2443 1808 2643 1878 quibus
2677 1822 2785 1861 una
2827 1806 2990 1862 etiam
3025 1813 3114 1861 est
3155 1813 3269 1867 tua,
3298 1802 3527 1868 miselle,
3557 1801 3729 1872 parti-

461 1884 610 1938 θεσιν
630 1884 814 1956 ἄπειρ’
846 1883 913 1938 ἂν
944 1867 1051 1955 εἰη,
1082 1867 1183 1954 τῆς
1226 1882 1656 1955 μετατιθεμένης
1692 1879 1806 1952 (57)
1848 1880 2044 1951 κοσμή-

2147 1867 2445 1968 c'uTaTquaa
2460 1867 2685 1953 tametsi
2716 1897 3009 1967 perpusilla
3053 1898 3157 1962 sit,
3191 1895 3256 1950 ad
3286 1867 3595 1949 universum
3627 1902 3726 1948 ta-

462 1994 632 2042 σεως·
663 1977 758 2031 νῦν
794 1977 839 2030 δ’
859 1976 975 2031 ἐστι
1018 1974 1302 2048 θαυμαστὴ
1325 1974 1573 2047 ῥᾳστώνη
1607 1972 1685 2044 τῷ
1708 1971 1804 2026 τοῦ
1844 1971 2046 2034 παντὸς

460 2065 894 2138 ἐπιμελουμένῳ.
922 2096 988 2106 -
1020 2065 1146 2131 Πῶς
1182 2060 1250 2120 αὖ
1290 2064 1497 2134 λέγεις;
1534 2095 1597 2104 --
1633 2059 1782 2116 Ὧδε.
1826 2055 2043 2133 Ἐπειδὴ

460 2158 704 2213 κατεῖδεν
733 2158 892 2230 ἡμῶν
923 2161 952 2213 ὁ
981 2157 1235 2230 βασιλεὺς
1274 2157 1553 2229 ἐμψύχους
1580 2154 1747 2218 οὔσας
1772 2154 1873 2219 τὰς
1895 2154 2042 2226 πρά-

460 2250 574 2316 ξεις
606 2250 847 2315 ἁπάσας,
890 2250 985 2304 καὶ
1033 2250 1234 2321 πολλὴν
1266 2249 1365 2320 μὲν
1403 2248 1605 2321 ἀρετὴν
1642 2248 1703 2299 ἐν
1730 2247 1924 2310 αὐταῖς
1951 2241 2044 2300 οὖα

461 2354 583 2403 σαν,
616 2337 817 2409 πολλὴν
846 2337 904 2390 δέ
943 2338 1160 2392 κακίανο
1201 2336 1505 2409 ἀνώλεθρον
1537 2336 1593 2390 δέ
1622 2335 1682 2391 ὃν
1727 2336 2038 2407 γενόμενον,

458 2430 574 2485 ἀλλ’
599 2431 699 2484 οὐκ
726 2427 964 2496 αἰώνιον,
997 2430 1176 2503 ψυχὴν
1198 2432 1292 2484 καί
1318 2429 1498 2502 σῶμα,
1532 2429 1785 2501 καθάπερ
1822 2430 1873 2483 οἰ
1900 2430 2041 2484 κατὰ

458 2524 622 2596 νόμον
650 2524 803 2591 ὄντες
830 2524 942 2578 θεοί
958 2541 971 2554 ’
1007 2524 1238 2593 (γένεσις
1272 2523 1376 2594 γάρ
1392 2524 1493 2577 οὐκ
1515 2523 1580 2578 ἄν
1609 2540 1740 2577 ποτε
1764 2518 1833 2595 ἦν
1863 2521 2037 2590 ζώων,

455 2614 793 2687 ἀπολομένου
814 2614 1022 2670 τούτοιν
1043 2613 1273 2687 Θατέρου
1298 2614 1337 2685 ’)
1372 2614 1465 2668 καὶ
1479 2615 1539 2669 τὸ
1573 2615 1672 2687 μὲν
1699 2614 1929 2684 ὠφελεῖν
1952 2615 2041 2668 ἀεὶ

456 2708 700 2777 πεφυκὸς
744 2707 824 2773 ὃν,
880 2707 1082 2776 ἀγαθὸν
1129 2707 1327 2779 ψυχῆς,
1366 2706 1634 2780 διενοήθη,
1675 2706 1738 2761 τό
1765 2707 1823 2760 δέ
1871 2707 2039 2761 κακὸν

459 2797 720 2869 βλάπτειν
774 2799 886 2872 (58)
908 2816 922 2831 ο
953 2798 1128 2855 ταῦτα
1166 2800 1342 2853 πάντα
1369 2795 1609 2864 ξυνιδὼν,
1659 2799 2041 2870 ἐμηχανήσατο

458 2889 561 2944 ποῦ
607 2889 860 2961 κείμενον
899 2889 1133 2945 ’ἑκαστον
1181 2888 1290 2943 τῶν
1328 2890 1509 2960 μερῶν
1537 2889 1776 2944 νικῶσαν
1815 2889 2037 2963 ἀρετὴν,

459 2982 780 3055 ἡττωμένην
831 2981 888 3036 δέ
942 2980 1138 3035 κακίαν
1166 2984 1223 3035 ἐν
1254 2981 1332 3052 τῷ
1363 2982 1525 3035 παντὶ
1562 2982 1791 3053 παρέχοι
1825 2981 2037 3053 μάλιστ’

456 3074 525 3129 ἂν
542 3075 637 3129 καὶ
661 3076 835 3148 ῥᾷστα
862 3075 958 3129 καί¹
984 3074 1202 3145 ἄριστα.
1243 3074 1642 3146 Μεμηχάνηται
1669 3072 1734 3146 δὴ
1760 3073 1896 3146 πρὸς
1929 3076 2039 3129 πᾶν

2148 2003 2269 2042 men
2304 2004 2400 2059 per
2430 2004 2550 2044 sese
2586 1988 2758 2044 tendit
2785 2004 2999 2066 semper
3032 2003 3097 2043 ac
3128 1988 3368 2058 respicit.
3414 1986 3637 2058 ignoras
3663 1994 3727 2040 tu
3780 2050 3787 2061 ‘

2144 2093 2274 2134 vero
2322 2080 2564 2144 interea,
2599 2088 2754 2135 ortus
2796 2095 2982 2134 rerum
3022 2094 3214 2134 omnes
3269 2077 3508 2132 universi
3553 2091 3724 2132 causa

2145 2169 2284 2236 fieri,
2312 2179 2372 2225 ut
2393 2172 2558 2226 vitam
2584 2171 2705 2241 ejus
2735 2172 3018 2242 complexa
3058 2180 3252 2226 natura
3283 2171 3337 2224 in
3367 2185 3580 2225 summa
3608 2168 3729 2224 feli-

2143 2264 2307 2319 citate
2341 2273 2588 2320 versetur
2621 2283 2634 2318 :
2667 2265 2760 2334 qui
2792 2264 3039 2335 profecto
3069 2263 3217 2318 illius
3242 2262 3411 2333 gratia
3437 2260 3612 2317 factus
3640 2276 3726 2324 es,

2143 2370 2249 2409 non
2286 2355 2377 2410 illa
2410 2356 2508 2410 tui.
2554 2354 2834 2427 Siquidem
2884 2356 3132 2412 medicus
3181 2355 3394 2419 omnis,
3436 2354 3731 2424 omnisque

2141 2447 2354 2517 peritus
2387 2447 2582 2503 artifex
2602 2490 2617 2513 ,
2652 2449 2732 2504 sic
2761 2449 2932 2505 totius
2955 2464 3123 2504 causa
3155 2447 3337 2509 omnia
3366 2446 3611 2518 perﬁcit,
3644 2445 3726 2502 sic

2141 2554 2309 2593 unum
2343 2539 2473 2594 illud
2500 2540 2646 2611 quod
2677 2542 3044 2597 communiter
3072 2541 3340 2611 optimum
3363 2540 3435 2595 sit
3455 2540 3731 2627 intuetur,

2141 2640 2202 2686 ut
2225 2632 2393 2688 totius
2415 2648 2579 2688 causa
2602 2643 2834 2705 partem,
2874 2648 2983 2688 non
3010 2640 3183 2688 totum
3216 2632 3387 2703 partis
3409 2645 3575 2687 causa
3606 2644 3727 2685 mo-

2141 2723 2323 2779 liatur.
2366 2723 2447 2779 'l‘u
2477 2740 2610 2781 vero
2640 2725 2962 2796 indignaris,
2989 2723 3134 2795 quod
3161 2724 3394 2788 nescias,
3419 2723 3471 2777 id
3496 2721 3638 2793 quod
3663 2721 3722 2777 in

2140 2825 2195 2873 te
2224 2817 2489 2887 optimum
2526 2826 2629 2882 est,
2654 2819 3115 2889 quemadmodum
3144 2817 3197 2871 vi
3230 2816 3462 2887 quadam
3485 2828 3727 2876 commu-

2139 2909 2227 2965 nis
2250 2916 2426 2976 ortus,
2463 2909 2721 2966 universo
2761 2910 2971 2977 tibique
2996 2910 3306 2965 conveniat.
3365 2907 3433 2963 Et
3460 2909 3723 2979 quoniam

2139 2998 2354 3055 animus
2388 3015 2513 3055 cum
2559 3015 2790 3071 corpore
2839 3015 3075 3071 semper,
3128 3000 3239 3055 alio
3282 3009 3463 3055 tamen
3504 2999 3724 3067 alioque

2140 3092 2480 3163 complexus,
2508 3092 2717 3147 nullum
2742 3107 2850 3146 non
2872 3092 3193 3147 mutationis
3219 3108 3390 3163 genus
3413 3092 3577 3157 subit,
3595 3107 3724 3148 cum

455 3167 638 3234 τοῦτο,
679 3168 742 3220 τὸ
793 3167 945 3221 ποῖόν
994 3184 1047 3221 τι
1098 3165 1417 3237 γιγνόμενον
1463 3167 1550 3222 ἀεὶ
1583 3167 1742 3222 ποίαν
1767 3166 1927 3239 ἕδραν
1958 3167 2040 3221 δεῖ

2145 3201 2266 3250 sua,
2298 3192 2411 3240 tum
2436 3184 2662 3240 alterius
2688 3184 2975 3255 cujusdam
3003 3184 3169 3239 animi
3198 3200 3387 3249 causa,
3431 3184 3596 3240 sortis
3624 3199 3725 3239 no-

459 3257 876 3331 μεταλαμϐάνον
898 3256 1198 3323 οἰκίζεσθαι
1226 3257 1496 3322 καὶτίνας
1524 3259 1654 3312 ποτὲ
1683 3259 1884 3324 τόπους
1909 3277 1922 3292 ο
1943 3263 2044 3332 τῆς

2146 3286 2273 3335 strze
2296 3277 2624 3334 moderatori
2661 3278 2932 3350 reliquum
2960 3278 3067 3334 hoc
3116 3293 3287 3333 unum
3330 3286 3445 3345 est,
3480 3279 3561 3333 uti
3603 3293 3724 3332 mo-

454 3351 516 3406 δέ
548 3350 817 3420 γενέσεως
858 3348 951 3405 τοῦ
986 3349 1140 3403 ποίου
1181 3350 1326 3414 τινὸς
1353 3350 1532 3421 ἀφῆκε
1564 3353 1682 3417 ταῖς
1727 3351 2045 3425 βουλήσεσιν

458 3444 705 3499 ἑκάστων
729 3442 887 3515 ἡμῶν
909 3442 1008 3507 τὰς
1036 3442 1237 3508 αἰτίας.
1266 3443 1414 3515 Ὄπη
1441 3443 1550 3515 γὰρ
1570 3443 1636 3498 ἂν
1655 3443 1918 3517 ἐπιθυμῇ,
1949 3445 2046 3500 καὶ

456 3535 641 3599 ὁποῖός
668 3550 755 3599 τις
781 3533 858 3587 ὣν
885 3534 987 3606 τὴν
1007 3532 1206 3606 ψυχὴν,
1235 3535 1406 3607 ταύτῃ
1440 3533 1626 3605 σχεδὸν
1655 3534 1915 3590 ἑκάστοτε
1951 3538 2045 3591 καὶ

455 3626 700 3690 τοιοῦτος
721 3624 968 3696 γίγνεται
995 3624 1140 3689 ἅπας
1167 3625 1346 3697 ἡμῶν,
1374 3625 1450 3689 ὡς
1477 3624 1696 3679 τοπολύ.
1718 3657 1787 3665 -
1806 3627 1880 3680 Τὸ
1911 3627 2044 3697 γοῦν

455 3715 626 3781 εἰκός.
651 3745 720 3759 --
750 3713 1092 3769 Μεταϐάλλει
1145 3716 1247 3787 μέν
1290 3715 1473 3770 τοίνυν
1515 3715 1673 3769 πάνθ’
1707 3717 1809 3773 ὅσα
1840 3718 2045 3789 μέτοχά

456 3807 577 3860 ἐστι
597 3804 797 3877 ψυχῆς,
831 3804 889 3857 ἐν
915 3804 1099 3868 αὐτοῖς
1129 3805 1444 3876 κεκτημένα
1472 3805 1571 3876 τὴν
1610 3807 1708 3877 τῆς
1738 3808 2044 3881 μεταϐολῆς

453 3896 639 3952 αἰτίαν
659 3912 672 3926 ·
698 3894 1101 3967 μεταϐάλλοντα
1119 3895 1175 3950 δέ
1191 3895 1415 3969 φέρεται
1443 3889 1584 3951 κατὰ
1605 3897 1704 3969 τὴν
1725 3898 1826 3969 τῆς
1849 3900 2044 3973 εἱμαρ-

457 3989 629 4062 μένης
666 3986 822 4055 τάξιν
881 3988 976 4041 καὶ
1020 3988 1184 4059 νόμον
1204 4004 1218 4018 ο
1249 3989 1584 4061 σμικρότερα
1629 3989 1729 4061 μὲν
1758 3990 1867 4045 τῶν
1896 3993 2043 4062 ἠθῶν

459 4079 887 4153 μεταϐάλλοντα,
918 4078 1126 4135 ἐλάττω
1149 4078 1287 4151 (59),
1316 4080 1455 4134 κατὰ
1491 4080 1553 4133 τὸ
1580 4081 1680 4152 τῆς
1710 4082 1895 4155 χώρας
1923 4085 2043 4138 ἐπί-

455 4173 620 4227 πεδον
650 4171 1081 4245 μεταπορεύεται
1096 4188 1110 4202 °
1133 4169 1301 4225 πλείω
1319 4171 1374 4224 δέ
1407 4172 1502 4225 καὶ
1522 4172 1847 4247 ἀδικώτερα,
1873 4192 2041 4246 μετα-

456 4262 692 4317 πεσόντα
716 4264 798 4327 εἰς
821 4262 1004 4333 βάθος,
1031 4262 1101 4316 τά
1131 4278 1192 4314 τε
1223 4263 1375 4316 κάτω
1409 4263 1675 4333 λεγόμενα
1704 4266 1814 4321 τῶν
1840 4268 2038 4336 τόπων,

454 4352 561 4407 ὅσα
588 4352 722 4425 ᾅδην
751 4369 836 4415 τε,
864 4352 959 4406 κα)⁸
986 4351 1055 4405 τὰ
1108 4350 1315 4405 τούτων
1352 4351 1586 4422 ἐχόμενα
1621 4353 1731 4407 τῶν
1761 4355 2041 4426 ὀνομάτων

458 4446 908 4517 ἐπονομάζοντες,
945 4444 1149 4517 σφόδρα
1186 4442 1477 4512 φοϐοῦνται
1506 4445 1601 4499 καὶ
1637 4448 2040 4520 ὁνειροπολοῦσι

2144 3388 2253 3434 res.
2290 3373 2337 3429 si
2369 3373 2625 3429 meliores
2658 3372 2833 3428 eﬂecti
2861 3382 3044 3438 erunt,
3075 3373 3380 3435 meliorem,
3430 3373 3511 3428 sin
3541 3381 3723 3427 autem

2143 3464 2463 3530 deteriores,
2499 3465 2825 3520 deteriorem
2860 3464 2915 3519 in
2948 3465 3128 3521 locum
3176 3479 3274 3532 pro
3325 3479 3425 3520 sua
3455 3464 3725 3533 cujusque

2144 3554 2356 3611 ratione
2378 3556 2651 3623 traducat,
2684 3565 2742 3610 ut
2768 3555 2953 3612 sedem
2977 3556 3192 3627 singula
3217 3556 3629 3612 convenientem
3658 3570 3724 3611 ac

2142 3648 2415 3719 propriam
2451 3649 2863 3705 sortiantur:-—
2881 3648 3094 3705 Clarius
3124 3648 3253 3711 ista,
3283 3648 3537 3705 sodes.—
3557 3646 3725 3717 Equi-

2143 3740 2265 3795 dem
2295 3740 2367 3795 ita
2398 3741 2613 3811 loquor.
2638 3741 2914 3812 quomodo
2945 3756 3034 3799 res
3068 3756 3259 3798 omnes
3297 3739 3407 3796 Deo
3437 3754 3580 3796 curae
3600 3754 3723 3795 esse

2146 3830 2361 3901 facilius
2390 3832 2615 3903 intelligi
2653 3833 2848 3902 possit.
2904 3831 3142 3898 Etenim,
3172 3831 3218 3888 si
3253 3833 3380 3902 quis
3411 3845 3626 3903 semper
3652 3830 3721 3887 ad

2145 3931 2317 3977 totum
2348 3923 2685 3993 respiciens,
2722 3925 2795 3979 ita
2822 3924 3047 3995 ﬁngeret
3098 3939 3163 3980 ac
3213 3924 3497 3995 refingeret
3538 3924 3722 3980 omnia

2145 4014 2227 4085 (ut
2253 4016 2297 4070 si
2328 4030 2525 4085 aquam
2554 4014 2677 4087 igne
2700 4014 2989 4087 animaret)
3015 4056 3030 4080 ,
3059 4023 3237 4070 tamen
3263 4024 3321 4069 ιιι
3352 4028 3528 4084 neque
3551 4012 3721 4068 multa

2143 4122 2209 4161 ex
2242 4121 2384 4172 uno,
2434 4121 2610 4176 neque
2640 4120 2672 4161 e
2697 4106 2884 4161 multis
2930 4121 3101 4161 unum
3131 4104 3334 4175 aliquid
3364 4102 3628 4167 efﬁceret,
3656 4118 3721 4158 ea

2144 4208 2275 4249 sane
2300 4203 2657 4264 posteaquam
2686 4194 2916 4263 primam
2938 4236 2953 4259 ,
2985 4202 3081 4248 aut
3122 4193 3417 4248 secundam
3438 4233 3452 4256 ,
3495 4200 3590 4246 aut
3619 4200 3727 4250 ter.

2142 4284 2274 4339 tiam
2307 4283 2710 4354 generationem
2739 4284 3070 4350 subiissent,
3118 4284 3219 4340 i5ta
3252 4298 3435 4339 rerum
3480 4284 3722 4340 ordinis-

2141 4391 2248 4447 que
2263 4375 2873 4440 mutatione,infinitum
2901 4385 3163 4447 quantum
3189 4384 3537 4447 augerentur.
3567 4373 3724 4431 Nunc

2141 4484 2292 4533 vero,
2325 4468 2565 4524 universi
2596 4469 2930 4524 moderatori
2981 4467 3214 4525 facilitas
3251 4468 3500 4539 quaedam
3541 4468 3718 4523 admi-

460 4537 693 4603 ζῶντες,
738 4537 1079 4602 διαλυθέντες
1132 4554 1191 4592 τε
1253 4536 1362 4592 τῶν
1410 4539 1696 4609 σωμάτων.
1744 4542 1931 4606 Μείζω
1978 4543 2043 4614 δὴ

2148 4561 2336 4616 rabilis
2370 4562 2630 4631 suppetit.
2661 4591 2732 4604 —
2761 4559 3003 4617 Necdum
3034 4561 3179 4617 istud
3215 4536 3472 4631 intelligo.
3492 4588 3561 4601 —
3580 4560 3721 4615 Audi

458 4628 611 4702 ψυχὴ
639 4629 750 4702 (60)
776 4630 977 4693 κακίας
1023 4629 1056 4700 ἦ
1085 4629 1287 4700 ἀρετῆς
1343 4628 1547 4683 ὁπόταν
1596 4631 1922 4704 μεταϐάλλῃ,
1957 4632 2045 4686 διὰ

460 4721 564 4794 τὴν
591 4723 762 4793 αὐτῆς
791 4720 1043 4793 βούλησίν
1072 4737 1133 4774 τε
1172 4720 1268 4774 καὶ
1298 4720 1517 4792 ὁμιλίαν
1548 4723 1850 4794 γενομένην
1892 4725 2043 4793 ἰσχυ-

464 4812 589 4885 ράν,
616 4812 816 4867 ὁπόταν
844 4812 944 4883 μὲν
969 4812 1138 4886 ἀρετῇ
1152 4812 1274 4885 θεία
1307 4812 1655 4884 προσμίξασα
1684 4813 1902 4885 γίνηται
1922 4814 2038 4867 δια-

464 4903 739 4976 φερόντως
789 4903 1013 4959 τοιαῦτα.
1068 4905 1395 4977 διαφέροντα
1438 4903 1580 4977 (61),
1630 4905 1725 4959 καὶ
1783 4906 2044 4977 μετέϐαλε

537 5077 651 5143 (56)
712 5076 1044 5150 Ὲμψύχωις.
1092 5075 1395 5150 Legeliatur
1437 5076 1678 5149 ἔμψυχον
1702 5121 1718 5146 ,
1782 5092 1844 5134 ιιι
1902 5081 2045 5150 apud

464 5144 780 5213 Platonem,
818 5144 933 5203 sed
960 5144 1192 5202 adnotat
1227 5144 1497 5203 Serranus
1523 5144 1670 5205 'al‘i‘bi
1704 5144 1887 5204 etiam
1939 5144 2045 5215 legi

466 5216 708 5288 ἐμψύχον
733 5233 799 5272 ex
835 5233 952 5288 quo
983 5217 1246 5287 ἐμψύχων
1291 5217 1472 5288 facere
1504 5219 1706 5285 malui;
1741 5235 1867 5274 vere
1900 5216 2042 5275 enim

468 5274 756 5370 aqpa'illa,
781 5274 914 5369 quin.
933 5274 1323 5370 frigidanprius‘
1344 5296 1406 5370 et.
1426 5287 1651 5370 in_i_rnola
1684 5274 2041 5356 consistebat,

468 5357 715 5426 subjecto
744 5358 866 5427 igne
901 5358 1238 5412 incalescens
1277 5368 1332 5411 et
1359 5358 1626 5415 ebulliens
1646 5399 1660 5423 ,
1688 5376 2047 5431 μετασχημα-

466 5424 695 5498 τίζεται,
726 5443 791 5498 a_c
821 5426 1211 5498 propemodum
1243 5426 1569 5498 ἐμψύχεται.

539 5485 651 5566 (57)
683 5485 803 5561 ’Τῆς
821 5485 1309 5567 ᾆιεὲατιθνμένηξ.
1332 5485 1603 5554 Ὁῇιιιιίιιε
1643 5507 1698 5554 et
1735 5499 1937 5556 clarius
1965 5500 2047 5554 di—

468 5565 704 5639 ceratum
738 5565 1168 5639 μεῗειτιθεμένης
1192 5567 1292 5639 τῆς
1316 5568 1659 5639 κοσμῄρεως.

542 5634 654 5707 (58)
690 5634 761 5690 Τὸ
795 5636 864 5712 ei
886 5634 1097 5701 κακόν,
1117 5634 1437 5700 Βλάζτττεινζ
1467 5634 1700 5705 Mallem,
1726 5638 1789 5692 τὸ
1824 5638 1882 5692 δέ
1915 5639 2068 5712 βλά-’

469 5706 647 5767 πτειν,
680 5706 867 5759 κακόν.
1915 5706 1927 5712 ’

541 5775 655 5852 (ξεν)
696 5775 971 5835 Ἐλάττω.
1004 5775 1185 5842 Forte,
1232 5776 1438 5852 ἐλάττω
1465 5778 1566 5852 μὲν
1595 5778 1689 5852 καὶ
1710 5779 2042 5852 δικαιότερα,

471 5854 531 5899 ιιι
555 5846 622 5902 iis
654 5856 997 5916 opponantur
1028 5863 1148 5916 quae
1187 5848 1346 5918 paulo
1370 5846 1490 5919 post
1513 5848 1682 5903 πλείω
1720 5849 1811 5903 καὶ
1846 5846 2043 5905 ἀδικώ-

2153 4642 2303 4724 ergo.
2355 4651 2516 4708 Novit
2546 4669 2641 4709 rex
2679 4653 2770 4710 ille
2836 4663 3043 4717 noster,
3091 4652 3334 4710 actiones
3373 4667 3562 4708 omnes
3602 4652 3723 4706 ani-

2144 4756 2320 4800 matas
2341 4760 2484 4809 esse,
2500 4747 2720 4802 easdem
2758 4761 2883 4802 cum
2909 4747 3130 4802 virtutis
3161 4745 3379 4809 habere,
3415 4756 3527 4800 tum
3556 4744 3721 4800 etiam

2145 4838 2457 4895 vitiositatis
2488 4840 2781 4909 plurimum
2827 4857 2841 4894 ε
2885 4840 3127 4895 animum
3171 4840 3299 4894 item
3327 4846 3382 4893 et
3409 4853 3635 4908 corpus,
3662 4848 3723 4894 ut

2145 4937 2352 5000 pestem
2379 4946 2447 4985 ex
2469 4946 2527 4985 se
2554 4931 2761 4987 nullam
2787 4931 3041 4999 habeant,
3071 4945 3258 4986 carere
3286 4939 3464 4986 tamen
3496 4930 3719 4985 immor-

2146 5102 2335 5240 ἷεῗὲθ)
2366 5156 2554 5240 ﬂagiti
2581 5156 2660 5240 δὴ
2677 5159 2893 5240 ψυχή..
2928 5160 3367 5240 porruptusmhic
3393 5159 3565 5240 locus
3586 5167 3722 5240 _cst.

2148 5222 2325 5281 Editid
2366 5222 2893 5300 Ficini_et:Scr_i'alli
2932 5222 3123 5300 habet;
3154 5229 3355 5300 μείζων
3470 5228 3630 5300 ,δὴ
3663 5245 3718 5283 κ.

2146 5310 2297 5384 the.
2312 5297 2721 5384 l0.,p.e'cc~zlt§61p
2756 5297 3124 5384 Οοιιῇίρίιῖιιιιηι
3144 5297 3166 5363 ,⁷
3187 5298 3412 5384 ’μείζων
3430 5298 3496 5370 δὴ
3617 5316 3722 5352 κα-

2147 5364 2343 5505 ἔὲῧᾰηη
2388 5364 2554 5439 ἀρετῇ
2598 5364 2704 5440 (vel
2736 5364 2935 5423 κακίαν
2982 5364 3268 5441 ἢάρετῆν)
3313 5364 3514 5424 ὁπόταν
3538 5364 3722 5440 ’μετα-

2217 5491 2331 5594 (ἒέ)
2364 5503 3494 5594 loeﬁeﬁeﬁewe.?hm.eum
3542 5508 3724 5594 διαφέ-

2144 5589 2332 5696 gown.
2385 5573 2656 5630 Serranus
2705 5573 2866 5630 aliain
2925 5573 3445 5642 lectionem’aﬂ‘ert,
3483 5573 3720 5649 ’τοιαύτη

2197 5643 2480 5701 αφερέται.
2522 5643 2686 5701 Ertio.
2719 5647 2766 5701 si
2807 5646 3030 5701 τοιαύτη
3077 5649 3392 5701 retineatur.
3435 5659 3489 5701 ct
3535 5648 3724 5701 διαφέ-

2197 5657 2686 5730 αφερετοιικιςτερ,
2719 5657 2766 5701 st
2807 5657 3030 5730 τοιαύτη
3077 5657 3696 5730 τθιιηιξιιιυτκοιυδιαςρέ

2148 5713 2331 5784 ροντα,
2365 5713 2442 5768 vel
2487 5713 3158 5786 diacpépsmt'rejiciatur,
3203 5717 3552 5772 obscuritatis
3588 5713 3722 5771 nihil

2148 5782 2438 5856 admodum
2472 5781 2586 5856 fore
2618 5785 3077 5856 arbitror.——chi
3111 5803 3271 5856 posse
3305 5788 3558 5856 opinatur
3594 5788 3723 5843 Hei-

2147 5799 2438 5837 aulnoauln
2472 5799 2586 5838 tore
2618 5799 3077 5855 artiltror.——chl
3111 5803 3271 5857 posse
3305 5799 3558 5856 opinatur

2147 5852 2343 5908 nichen
2370 5852 2609 5927 τοιαύτη,
2642 5854 2962 5928 διαφέροντα
2991 5860 3083 5912 καὶ
3113 5856 3391 5930 μετέϐαλε.
3425 5856 3584 5912 Εῐιιτ.
