4122 6450
423 360 563 417 i055

1057 359 1330 417 EUSEBII
1373 361 1854 419 CAESARlENSlS
1877 363 2026 421 OPP.
2067 366 2250 424 PARS
2288 368 2351 425 ll.
2394 401 2463 411 -
2497 369 3003 426 APOLOGETICA.

3542 374 3686 430 1056

423 483 664 547 talitate,
699 498 806 552 qua
840 482 952 538 veri
978 482 1309 553 lcgitimique
1357 484 1429 538 dii
1460 483 1808 553 perfruantur
1841 486 1997 555 (alio-

2125 492 2260 544 όπον
2284 492 2439 560 ἅγιον
2453 491 2595 556 ὅλον,
2634 491 3095 562 μετακομισθεῖσα
3111 491 3189 554 είς
3221 489 3426 561 ἀμείνω
3451 490 3573 544 τινά
3596 489 3687 543 τό·

424 591 521 645 qut
548 577 694 631 nul-la
727 591 965 646 unquam
998 576 1359 630 animantium
1405 577 1684 646 generatio
1718 579 1889 643 lieret,
1923 581 2001 634 al-

425 677 548 722 tero
570 678 744 723 morte
768 667 1005 737 sublato)
1032 685 1046 733 ;
1075 668 1143 723 ad
1171 678 1500 733 extremum,
1526 669 1786 740 quidquid
1810 671 2004 740 jurare

428 777 523 831 per
565 772 685 813 sese
714 767 925 826 potest,
978 758 1031 813 id
1068 773 1230 814 omne
1268 760 1438 814 animi
1467 759 1709 827 bonum,
1740 761 2003 832 quidquid

428 868 629 909 nocere
660 852 819 917 solet,
849 852 1052 906 malum
1087 868 1209 910 esse
1240 856 1451 910 statuit.
1511 855 1723 922 Quibus
1752 858 2006 914 omnibus

426 945 744 1017 exploratis,
772 945 996 1003 molitus
1018 946 1125 1002 hoc
1152 946 1371 1002 demum
1417 958 1521 1014 est,
1550 950 2006 1019 quemadmodum

402 1021 503 1107 ‘jta
550 1046 734 1107 partes
781 1035 1011 1107 singulae
1051 1036 1545 1103 constituerentur,
1594 1039 1673 1093 uti
1726 1055 1856 1094 cum
1893 1055 2009 1094 ma-

425 1084 503 1092 --_
551 1084 732 1107 ,m---
781 1084 1010 1107 _---,,_-_
1056 1084 1545 1103 ---.----_----.-_.,
1598 1084 1673 1093 ε--
1727 1084 1856 1094 η...
1894 1084 1980 1094 ν...

410 1084 594 1196 lxime,
622 1136 739 1183 tum
768 1128 933 1183 etiam
961 1125 1218 1183 facillime
1249 1136 1413 1198 atque
1444 1130 1677 1198 optime,
1704 1141 1910 1184 certam
1955 1133 2008 1185 in

412 1218 687 1285 lJniverso
711 1219 935 1274 virtutis
959 1218 1245 1274 victoriam
1270 1218 1533 1286 facerent,
1570 1220 1865 1277 vitiositate
1886 1238 2010 1292 pro-

393 1321 622 1375 ,strata.
687 1311 863 1379 Quam
907 1314 961 1368 in
1013 1329 1128 1368 rem
1181 1314 1421 1369 universi
1471 1316 1613 1372 bono
1657 1318 2008 1389 excogitavit,

430 1421 597 1475 quam
642 1407 899 1476 quodque
942 1406 1124 1461 sedem
1156 1422 1255 1476 pro
1285 1414 1493 1462 natura:
1537 1423 1651 1463 sua:
1678 1410 2010 1476 conditione,

428 1513 706 1568 quemque
737 1498 917 1552 locum
947 1497 1242 1567 aliquando
1269 1498 1452 1552 sortiri
1491 1499 1708 1554 ﬁrmum
1752 1516 1816 1555 ac
1846 1502 2014 1557 stabi-

431 1588 540 1646 lem
568 1596 867 1659 oporteret.
910 1590 979 1643 At
1006 1604 1156 1652 vero,
1197 1598 1257 1643 ut
1287 1589 1410 1645 talis
1436 1591 1672 1662 quisque
1703 1593 1892 1649 talisve
1920 1592 2015 1648 tie—

2105 601 2204 637 πον
2234 584 2421 656 ἕτερον
2444 601 2457 614 ·
2488 585 2614 638 ὅταν
2642 584 2700 637 δὲ
2727 584 2986 638 τάναντία
3032 584 3124 636 ἐπὶ
3152 583 3410 636 τάναντία
3445 579 3692 653 μεθιδρύ-

2105 691 2237 727 σατο
2266 674 2377 745 (62)
2407 675 2498 729 τὸν
2525 675 2695 746 αὐτῆς
2722 674 2854 743 βίον.
2874 674 3021 743 Α’ύτη
3038 690 3115 726 τοι
3136 674 3261 744 δίκη
3299 673 3415 727 ἐστὶ
3453 672 3611 737 θεῶν,
3638 671 3690 727 οἳ

2110 766 2390 837 Ὄλυμπον
2409 767 2642 837 ἔχουσιν,
2666 760 2711 820 ὦ
2738 769 2856 829 παῖ,
2871 767 2964 819 καὶ
2974 765 3240 832 νεανίσκε,
3258 764 3577 836 ἀμελεῖσθαι
3602 765 3691 820 δο-

2108 857 2218 911 κῶν
2236 858 2341 911 ὑπὸ
2358 857 2515 911 θεῶν·
2546 858 2722 912 κακίω
2746 858 2844 928 μὲν
2866 858 3169 928 γινόμενον,
3192 858 3328 927 πρὸς
3348 857 3446 921 τὰς
3469 857 3695 924 κακίους

2107 948 2303 1018 ψυχὰς,
2325 949 2534 1019 ἀμείνω
2549 949 2606 1002 δὲ
2623 947 2755 1021 πρὸς
2779 948 2876 1013 τὰς
2888 948 3143 1020 ἀμείνους
3159 950 3543 1021 πορευόμενον,
3562 949 3620 1004 ἐν
3634 967 3693 1004 τε

2111 1038 2222 1109 ζωῇ
2247 1039 2341 1091 καὶ
2365 1040 2421 1091 ἐν
2450 1039 2585 1091 πᾶσι
2603 1037 2875 1101 θανάτοις,
2896 1038 3124 1108 πάσχειν
3138 1055 3195 1091 τε
3210 1037 3321 1107 (65)
3351 1036 3387 1089 ἀ
3419 1037 3695 1108 προσῆκον

2111 1131 2243 1202 δρᾷν
2279 1132 2395 1183 ἐστι
2418 1134 2531 1194 τοῖς
2564 1131 2866 1202 προσφυέσι
2900 1130 3010 1201 (64)
3038 1131 3160 1193 τοὺς
3198 1130 3550 1201 προσφερεῖς,
3600 1131 3695 1184 καὶ

2113 1225 2305 1275 ποιεῖν.
2335 1222 2551 1292 Ταύτης
2571 1222 2672 1291 τῆς
2693 1222 2847 1292 δίκης
2873 1221 2997 1275 οὔτε
3032 1223 3096 1276 σὺ
3136 1222 3365 1292 μήποτε,
3394 1219 3506 1273 οὔτ’
3540 1220 3698 1284 ἄλλος

2113 1313 2321 1384 ἀτυχὴς
2351 1313 2463 1382 (65)
2486 1312 2772 1383 γενόμενος
2799 1312 3085 1378 ἐπεύξεται
3119 1310 3499 1383 περιγενέσθαι
3534 1310 3693 1364 θεῶν’

2115 1405 2180 1471 ἥν
2209 1402 2399 1457 πασῶν
2428 1402 2585 1473 δίκην
2606 1402 2769 1455 δικῶν
2801 1402 3166 1472 διαφερόντως
3209 1399 3403 1464 ἔταξάν
3428 1417 3485 1453 τε
3517 1402 3564 1452 οἱ
3603 1400 3701 1453 τά-

2116 1492 2326 1559 ξαντες,
2352 1491 2527 1565 χρεών
2550 1510 2609 1545 τε
2638 1491 3041 1559 ἐξευλαϐεῖσθαι
3073 1492 3134 1545 τὸ
3180 1492 3459 1563 παράπαν.
3484 1492 3557 1545 Οὐ
3588 1491 3701 1563 γὰρ

2117 1585 2440 1657 ἀμεληθήσῃ
2473 1585 2603 1638 ποτὲ
2660 1584 2752 1637 ὑπ’
2801 1584 3005 1661 αὐτῆς·
3052 1584 3149 1654 οὐχ
3184 1584 3325 1637 οὕτω
3357 1583 3589 1654 σμικρὸς
3623 1581 3699 1638 ὢν

431 1690 547 1747 ret,
581 1696 781 1737 causas
818 1695 1012 1735 omnes
1058 1693 1261 1735 nostrae
1305 1682 1358 1734 in
1407 1682 1704 1738 voluntatis
1750 1692 2016 1752 potestate

2125 1678 2257 1753 δύσῃ
2284 1679 2424 1733 κατά
2455 1679 2514 1731 τὸ
2550 1678 2648 1748 τῆς
2693 1678 2795 1749 γῆς
2826 1677 3008 1746 βάθος,
3038 1677 3145 1730 οὐδ’
3181 1676 3381 1747 ὑψηλὸς
3409 1678 3701 1748 γενόμενος

432 1775 673 1845 reliquit.
732 1772 922 1841 Qualis
965 1774 1111 1829 enim
1150 1773 1313 1844 635
1360 1774 1658 1844 cupiditate
1700 1777 1932 1845 quisque
1963 1787 2016 1831 et

2125 1772 2199 1833 εἰς
2226 1770 2318 1823 τὸν
2349 1770 2576 1841 οὐρανὸν
2591 1770 2879 1842 ἀναπτήσῃ
2900 1785 2913 1798 ’
2937 1768 3108 1831 τίσεις
3128 1767 3186 1821 δὲ
3215 1767 3393 1840 σαυτῷ
3418 1767 3514 1839 τὴν
3532 1783 3702 1838 προσ-

432 1868 618 1923 animo
643 1865 827 1932 fuerit,
861 1866 984 1921 talis
1019 1864 1131 1920 fere
1162 1839 1367 1935 pass—im
1394 1839 1516 1922 esse
1541 1839 1859 1922 solct.-:—Et
1881 1884 2010 1923 con-

2125 1863 2359 1931 ήκουσαν
2381 1839 2650 1931 τιμωρίαν
2674 1860 2769 1912 εἴτ’
2795 1839 2979 1913 ἐνθάδε
3011 1858 3209 1930 μένων,
3240 1859 3349 1911 εἴτε
3370 1839 3472 1911 καὶ
3487 1861 3544 1912 ἐν
3572 1859 3700 1929 ᾅδου

432 1967 755 2018 sentaneum
788 1958 841 2013 id
871 1958 1110 2029 quidem.
1133 1986 1204 1999 --
1232 1960 1584 2029 Quaecunque
1638 1958 1803 2029 igitur
1831 1960 2015 2016 animo

433 2050 661 2120 praedita
708 2057 874 2113 sunt,
921 2058 1205 2105 mutantur
1251 2050 1470 2117 omnia,
1515 2052 1659 2120 quod
1708 2052 1763 2105 in
1793 2067 1851 2105 se
1882 2053 2015 2121 ipsis

436 2156 661 2196 causam
692 2140 1015 2197 mutationis
1043 2142 1298 2196 habeant.
1341 2140 1458 2208 Qua
1486 2143 1540 2196 in
1567 2143 1889 2208 mutatione,
1920 2144 2016 2199 fati

436 2233 814 2305 praescriptum
859 2248 924 2288 ac
969 2233 1139 2303 legem
1187 2241 1510 2303 sequuntur.
1579 2234 1826 2301 Quorum
1870 2238 2018 2291 enim

436 2327 749 2382 animorum
766 2325 1168 2381 tolerabiliores
1199 2323 1403 2379 fuerint
1424 2319 1876 2397 remissioresque
1900 2343 2020 2381 nio-

437 2433 550 2485 res,
587 2418 624 2472 ii
657 2417 789 2472 dum
812 2431 877 2472 ea
909 2416 1144 2471 mutatio
1178 2415 1258 2481 fit,
1291 2424 1479 2485 utpote
1502 2417 1755 2485 leviores,
1780 2419 1833 2472 in
1870 2434 2020 2474 sum-

436 2524 589 2565 mum
642 2508 881 2579 regionis
925 2506 1103 2562 solum
1148 2518 1494 2573 commeant;
1549 2488 1783 2578 quorum
1837 2518 2019 2563 autem

437 2600 723 2673 graviores
762 2609 818 2655 et
867 2599 1209 2669 injustinres,
1257 2599 1293 2653 ii
1330 2609 1538 2654 vastam
1569 2599 1623 2653 in
1656 2601 2017 2667 altitudinem,

433 2701 495 2750 et
521 2692 869 2764 depressiora
917 2692 1036 2747 loca
1062 2691 1450 2755 detruduntur,
1476 2707 1600 2761 quae
1619 2692 1712 2762 qui
1736 2693 1914 2748 adhuc
1943 2693 2023 2747 vi-

438 2795 596 2850 vunt,
628 2786 833 2856 quique
856 2784 1183 2855 corporibus
1212 2783 1377 2839 soluti
1394 2783 1508 2853 jam
1527 2794 1675 2847 sunt,
1698 2782 2018 2847 inferorum,

442 2893 512 2933 ac
544 2877 820 2933 similibus
854 2877 978 2933 aliis
1011 2876 1328 2931 nominibus
1353 2875 1646 2931 admodum
1670 2875 1922 2940 horrere,
1958 2891 2024 2930 ac

442 2957 649 3039 saepius
680 2969 954 3025 somniare
985 2968 1181 3025 solent.
1232 2967 1329 3035 lta,
1362 2967 1522 3047 cujus
1555 2968 1722 3024 animi
1748 2983 1873 3023 cum
1898 2984 2024 3023 sua-

443 3069 533 3130 pte
560 3061 862 3125 voluntate,
911 3068 1023 3115 tum
1069 3060 1185 3115 acri
1230 3068 1286 3115 et
1325 3059 1682 3114 corroborata
1725 3068 2023 3113 consuetu-

2117 1950 2517 2021 διαπορευθεὶς,
2570 1950 2680 2003 εἴτε
2727 1949 2822 2004 καὶ
2869 1948 3073 2003 τούτων
3107 1950 3188 2012 εἰς
3233 1948 3530 2020 άγιὼτερον
3586 1950 3713 2023 (66),

2123 2044 2201 2097 ἔτι
2250 2043 2623 2113 διακομισθεὶς
2666 2043 2851 2098 τόπον.
2897 2042 2953 2094 '0
2990 2042 3153 2105 αὐτὸς
3199 2041 3255 2095 δέ
3299 2042 3454 2111 λόγος
3492 2060 3573 2096 σοι
3606 2043 3701 2096 καὶ

2123 2137 2251 2207 περὶ
2276 2137 2499 2191 ἐκείνων
2521 2136 2587 2191 ἂν
2614 2138 2720 2207 εἴη,
2751 2135 2859 2189 τῶν
2883 2134 2975 2200 οὒς
3009 2133 3071 2187 σὺ
3095 2134 3325 2189 κατιδὼν
3356 2136 3421 2188 ἐκ
3454 2136 3703 2206 σμικρῶν

2122 2230 2387 2301 μεγάλους
2414 2228 2723 2298 γεγονότας,
2748 2229 3294 2300 ἀνοσιουργήσαντας,
3327 2229 3360 2299 ή
3392 2245 3444 2280 τι
3464 2227 3705 2283 τοιοῦτον

2122 2325 2453 2396 πράξαντας,
2488 2324 2673 2395 ᾠήθης
2705 2324 2765 2391 ἐξ
2813 2325 3012 2379 ἀθλίων
3040 2325 3361 2396 εὐδαίμονας
3398 2327 3704 2393 γεγονέναι,

2123 2421 2216 2473 καὶ
2251 2419 2328 2483 ὡς
2362 2421 2418 2472 ἐν
2466 2418 2791 2490 κατόπτροις
2839 2418 3017 2471 αὐτῶν
3057 2421 3180 2481 ταῖς
3220 2417 3481 2490 πράξεσιν
3513 2420 3707 2491 ἡγήσω

2125 2511 2537 2584 καθεωρακέναι
2565 2512 2665 2581 τὴν
2697 2511 2915 2565 πάντων
2944 2511 3204 2582 ἀμέλειαν
3239 2511 3398 2577 θεῶν,
3419 2512 3521 2565 οὐκ
3549 2509 3709 2576 εἰδὼς

2121 2603 2300 2657 αὐτῶν
2329 2602 2426 2674 τὴν
2460 2602 2786 2666 συντέλειαν,
2836 2604 2941 2673 ὅπη
2974 2603 3101 2656 ποτὲ
3117 2601 3195 2673 τῷ
3210 2603 3371 2656 παντὶ
3400 2600 3709 2672 ξυμϐάλλε-

2121 2714 2229 2749 ται,
2263 2694 2558 2749 Γινώσκειν
2589 2694 2645 2748 δὲ
2670 2695 2854 2766 αὐτὴν,
2881 2688 2927 2748 ὦ
2954 2696 3169 2749 πάντων
3189 2695 3554 2766 ἀνδρειότατε,
3571 2693 3709 2764 πρὸς

2122 2789 2274 2841 οὐδὲν
2299 2788 2473 2850 δοκεῖς
2496 2786 2652 2858 ((56⁸),
2679 2787 2747 2857 ήν
2773 2804 2856 2849 τις
2883 2786 2955 2858 μὴ
2978 2786 3280 2855 γινώσκων,
3314 2786 3421 2839 οὐδ’
3453 2786 3519 2840 ἂν
3536 2785 3709 2839 τύπον

2125 2882 2223 2934 ῖδοι
2260 2881 2407 2944 ποτὲ,
2433 2878 2555 2932 οὐδὲ
2589 2878 2743 2947 λόγον
2773 2876 3171 2950 ξυμϐάλλεσθαι
3194 2879 3321 2948 περὶ
3346 2878 3461 2949 βίου
3485 2879 3709 2943 δυνατὸς

2124 2971 2189 3025 ἂν
2212 2971 2439 3040 γένοιτο,
2463 2973 2542 3034 εἰς
2581 2971 2924 3042 εὐδαιμονίαν
2940 2987 2999 3022 τε
3026 2971 3117 3024 καὶ
3143 2970 3470 3041 δυσδαίμονα
3504 2970 3700 3040 τύχην.

2126 3063 2314 3118 Ταῦτα
2342 3066 2389 3118 εἰ
2429 3064 2527 3135 μέν
2578 3080 2638 3117 σε
2672 3062 2847 3118 πείθει
2896 3062 3149 3126 Κλεινίας
3181 3062 3288 3126 ὅδε,
3323 3062 3416 3116 καὶ
3449 3060 3710 3132 ξύμπασα

446 3153 573 3210 dine
614 3154 792 3225 major
824 3162 920 3209 aut
950 3152 1256 3219 vitiositas,
1293 3163 1389 3207 aut
1432 3153 1606 3208 virtus
1638 3152 1927 3216 eiStiterit,
1978 3152 2022 3206 is

2126 3156 2282 3227 ήμῶν
2313 3156 2408 3227 ἥδε
2448 3159 2481 3227 ή
2533 3156 2807 3226 γερουσία,
2862 3155 2990 3226 περὶ
3016 3154 3153 3207 θεῶν
3182 3154 3257 3215 ὡς
3294 3154 3393 3208 οὐκ
3422 3149 3579 3207 οἶσθα
3601 3155 3631 3207 ὅ
3654 3172 3709 3207 τι

442 3246 550 3303 sub
593 3247 742 3302 illam
774 3249 1154 3314 mutationem,
1192 3247 1239 3302 si
1269 3246 1507 3301 divinam
1554 3245 1620 3299 ad
1649 3245 1902 3299 virtutem
1928 3244 2023 3298 ad-

446 3338 690 3403 haeserit,
718 3339 949 3409 ejusque
993 3338 1345 3410 singulariter
1367 3345 1422 3392 et
1459 3336 1657 3391 eximie
1685 3336 1879 3392 similis
1913 3335 2028 3391 fue-

447 3432 544 3496 rit,
567 3431 753 3487 sedem
786 3446 1006 3502 quoque
1033 3446 1192 3487 suam
1216 3428 1419 3499 alioqui
1450 3428 1873 3500 sanctissimam,
1900 3443 2026 3485 cum

444 3523 555 3579 alia
582 3521 817 3592 quadam
842 3523 1023 3578 adhuc
1039 3522 1264 3578 meliore
1280 3528 1597 3577 commutat.
1626 3519 1731 3587 Qui
1747 3534 1875 3576 vero
1897 3535 2029 3575 con-

450 3616 678 3671 trariam
705 3615 1147 3681 viaminstiterit,
1167 3614 1332 3670 vitam
1359 3628 1578 3684 quoque
1605 3612 1860 3682 deinceps
1895 3627 2026 3667 con-

451 3706 635 3763 trariis
665 3707 721 3761 in
746 3707 904 3772 locis,
929 3716 984 3763 et
1016 3706 1289 3763 contraria
1318 3713 1467 3762 sorte
1495 3704 1661 3775 degit.
1736 3702 1813 3758 Ea
1838 3704 2027 3774 judieii

449 3796 616 3861 ratio,
641 3797 718 3851 mi
749 3796 1090 3864 adolescens,
1125 3796 1220 3867 qui
1257 3804 1308 3851 te
1347 3812 1377 3849 a
1424 3795 1532 3850 diis
1557 3794 1757 3865 negligi
1797 3793 2029 3849 arbitra-

451 3888 551 3955 ris,
579 3902 610 3943 a
641 3889 748 3945 diis
773 3889 866 3958 qui
897 3888 952 3943 in
981 3886 1211 3959 Olympo
1240 3897 1550 3949 versantur,
1577 3884 1874 3941 constituta
1895 3891 1977 3940 est
2013 3904 2025 3938 :

451 3990 514 4036 ut
541 3982 636 4050 qui
664 3981 902 4037 deterior
952 3979 1136 4046 fuerit,
1183 3980 1249 4036 ad
1297 3979 1658 4044 deteriorum;
1693 3977 1786 4048 qui
1814 3977 2026 4040 melior,

454 4070 523 4125 ad
562 4072 851 4126 meliorum
901 4072 1210 4128 animorum
1239 4073 1556 4128 societatem
1588 4070 1940 4141 commigret;
1976 4077 2032 4124 et

452 4177 580 4219 eum
609 4162 663 4217 in
690 4163 822 4228 vita,
851 4170 969 4217 tum
994 4162 1239 4233 quolibet
1260 4161 1456 4217 mortis
1484 4160 1538 4214 in
1568 4173 1787 4231 genere,
1833 4157 2032 4228 quibus

453 4265 491 4308 α
535 4251 807 4307 similibus
855 4251 1061 4308 similes
1108 4251 1248 4308 allici
1298 4253 1525 4315 deceat,
1581 4250 1819 4320 patiatur
1868 4258 2033 4319 atque

455 4352 583 4415 agat
608 4344 812 4399 omnia.
866 4342 983 4400 Hoc
1023 4345 1292 4415 judicium
1339 4358 1518 4413 neque
1545 4351 1639 4407 tu,
1683 4356 1858 4412 neque
1892 4341 2030 4396 alius

456 4436 747 4505 quisquam
795 4436 1070 4507 defugisse
1115 4453 1194 4503 se,
1227 4447 1393 4507 atque
1421 4436 1495 4491 ita
1524 4436 1658 4492 deos
1701 4436 1848 4505 ipsos
1871 4449 2030 4503 supe-

458 4545 610 4586 rasse
634 4530 956 4600 gloriabitur
1007 4550 1020 4585 :

457 4622 603 4675 xime
633 4636 742 4691 prae
767 4622 976 4678 caeteris
1004 4624 1284 4681 omnibus:
1305 4631 1557 4677 sanetum
1586 4635 1709 4677 esse
1739 4620 2028 4685 voluerint,

458 4712 795 4784 omninoque
821 4724 1105 4784 propterea
1135 4714 1310 4769 vereri
1354 4720 1638 4784 oporteat;
1674 4728 1775 4769 nec
1797 4713 1942 4767 enim
1968 4711 2034 4766 il-

461 4804 552 4860 lud
588 4815 641 4861 te
670 4822 910 4877 unquam
938 4806 1254 4877 prmteribit.
1294 4804 1406 4860 Nec
1438 4814 1543 4859 tam
1570 4804 1802 4875 pusillus
1833 4803 2038 4859 tenuis-

459 4914 568 4969 que
591 4897 708 4965 ties,
733 4908 794 4954 ut
820 4899 890 4954 ab
913 4913 981 4954 eo
1006 4908 1057 4953 te
1090 4898 1144 4952 in
1174 4897 1386 4953 abditos
1406 4905 1564 4951 terrae
1590 4896 1746 4951 sinus
1775 4894 2038 4949 latebras-

459 5008 568 5063 que
596 4992 872 5049 subducas
904 5010 916 5047 :
948 5007 1049 5047 nec
1080 5006 1209 5046 vero
1238 4999 1348 5045 tam
1374 4989 1725 5053 sublimis,ut
1750 4988 1803 5042 in
1836 4987 2037 5042 cwlum

458 5085 661 5139 evoles.
710 5084 782 5138 At
811 5084 1005 5156 dignas
1052 5082 1278 5138 omnino
1328 5097 1521 5153 pinnas
1550 5082 1781 5137 daturus
1808 5080 1923 5151 ipse
1952 5095 2034 5145 es,

461 5180 578 5233 sive
604 5179 692 5234 hic
715 5194 962 5244 maneas,
994 5177 1429 5248 sive_trajiciaris
1461 5178 1526 5232 ad
1556 5176 1783 5241 inferos,
1831 5177 1945 5232 sive
1970 5176 2039 5231 ad

462 5268 645 5325 locum
687 5271 924 5341 aliquem
987 5271 1056 5327 iis
1106 5271 1286 5326 adhuc
1339 5271 1700 5326 horridiorem
1751 5268 2033 5325 deferaris.

538 5468 651 5543 {1}?)
681 5470 1113 5543 Μεθιδρύσατο,
1150 5471 1340 5529 Melius
1371 5487 1535 5543 quam
1569 5469 2038 5543 apud‘Platoncm,

469 5529 872 5661 $033»ch
890 5542 1144 5599 convenit
1174 5545 1319 5599 enim
1362 5529 1488 5598 eum
1522 5529 1849 5613 praecedenti
1911 5529 2041 5611 μετέ

535 5625 572 5661 α
605 5626 651 5661 ε.

535 5625 630 5662 αΑε
638 5649 651 5663 ο

545 5678 659 5764 (635)
685 5679 952 5765 Πάσχειγ
980 5699 1061 5765 τε.
1090 5682 1388 5765 Plato_pt1st
1413 5684 1644 5765 πάσχειν
1662 5701 1743 5765 τε.
1775 5679 1925 5736 addit
1949 5681 2041 5734 καὶ

472 5752 668 5822 ποιεῖν,
699 5752 841 5817 quod
876 5752 963 5806 hic
986 5754 1039 5806 in
1073 5752 1277 5822 periodi
1315 5754 1472 5807 finem
1497 5752 1759 5821 rejicitur.

548 5818 662 5889 (6-l)
688 5822 1051 5889 Προσφινέσι.
1073 5818 1260 5891 Ῥιειιο,
1284 5818 1638 5893 προσφερέσι,
1666 5822 1883 5890 melius,
1917 5835 2042 5877 cum

2125 3249 2326 3317 λέγεις,
2348 3247 2528 3313 καλῶς
2580 3248 2644 3303 ἄν
2680 3267 2761 3302 σοι
2787 3249 2919 3313 Θεὸς
2941 3247 3103 3312 αὐτὸς
3140 3245 3503 3317 ξυλλαμϐάνοι
3522 3263 3536 3277 ·
3568 3248 3622 3300 εἰ
3653 3247 3707 3300 δ’

2127 3340 2347 3411 ἐπιδεὴς
2378 3339 2458 3392 ἐτι
2483 3338 2642 3409 λόγου
2675 3338 2740 3393 ἂν
2766 3341 2901 3410 εἴης,
2933 3339 3197 3407 λεγόντων
3229 3341 3262 3410 ή
3272 3338 3387 3410 μῶν
3439 3337 3576 3410 πρὸς
3617 3338 3711 3391 τὸν

2126 3432 2309 3502 τρίτον
2337 3431 2596 3497 ἐπάκουε,
2622 3432 2671 3484 εί
2700 3430 2825 3484 νοῦν
2850 3431 2944 3483 καὶ
2969 3430 3216 3484 ὁπωσοῦν
3237 3430 3399 3503 ἔχεις.
3442 3451 3459 3482 ι
3492 3429 3713 3485 Τούτων

2127 3523 2156 3574 ὁ
2180 3521 2325 3585 νοῦς,
2350 3523 2400 3575 εἰ
2433 3522 2529 3574 καὶ
2562 3521 2636 3593 μὴ
2682 3521 2750 3575 τὰ
2809 3523 3049 3593 ῥήματα,
3082 3522 3140 3575 ἐν
3172 3525 3285 3586 τοῖς
3329 3522 3597 3593 Ἐϐραίων
3625 3520 3713 3575 λο-

2129 3616 2271 3684 γίοις
2307 3612 2839 3686 πῳκαταὸέϐληται,
2876 3613 3281 3684 συντομώτατα,
3314 3614 3407 3667 καὶ
3431 3613 3496 3666 δι’
3519 3612 3714 3682 ὀλίγων

2127 3705 2227 3776 τῆς
2249 3704 2486 3767 διανοίας
2506 3704 2917 3775 περιεχομένης.
2940 3702 3013 3755 Τό
3033 3719 3090 3755 τε
3112 3703 3270 3774 γὰρ,‹
3293 3705 3405 3774 υύχ
3425 3702 3568 3757 οὕτω
3587 3720 3713 3774 σμι-

2133 3795 2264 3867 κρὸς
2292 3794 2368 3850 ὢν
2425 3795 2561 3867 δύσῃ
2603 3794 2746 3849 κατά
2769 3794 2829 3847 τὸ
2873 3795 2973 3865 τῆς
3002 3795 3106 3867 γῆς
3143 3795 3325 3866 βάθος,
3356 3795 3465 3848 οὐδ’
3512 3794 3717 3867 ὑψηλὸς

2135 3890 2425 3959 γενόμενος
2446 3889 2526 3951 εἰς
2554 3886 2645 3940 τὸν
2679 3887 2907 3958 οὐρανὸν
2931 3888 3237 3959 ἀναπτήσῃ,
3271 3908 3288 3939 ι
3310 3889 3495 3958 ὅμοιον
3516 3886 3584 3940 ἂν
3626 3887 3713 3956 εἴη

2137 3981 2216 4053 τῷ
2238 3981 2391 4052 παρά
2421 3979 2498 4050 τῷ
2525 3978 2709 4043 Δαυῖδ,
2732 3978 2922 4033 τοῦτον
2964 3980 3137 4051 ἔχοντι
3163 3981 3254 4033 τὸν
3282 3981 3482 4050 τρόπον
3499 3988 3565 4031 οἰ
3603 3978 3711 4032 Ποῦ

2137 4074 2386 4148 πορευθῶ
2414 4075 2525 4128 ἀπὸ
2555 4073 2861 4143 πνεύματός
2903 4090 3019 4136 σου,
3048 4075 3142 4127 καὶ
3165 4074 3274 4126 ἀπὸ
3297 4074 3388 4126 τοῦ
3422 4073 3716 4143 προσώπου

2136 4184 2228 4220 σου
2256 4166 2359 4220 ποῦ
2385 4165 2578 4235 φύγω;
2624 4164 2750 4218 Ἐὰν
2775 4164 2962 4219 ἀναὸῶ
2985 4169 3063 4230 εἰς
3094 4166 3184 4219 τὸν
3212 4166 3461 4237 οὐρανὸν,
3499 4167 3564 4219 σὺ
3603 4168 3715 4219 ἐκει

2132 4255 2184 4312 εἷ
2205 4275 2221 4291 ·
2246 4257 2342 4311 ἐὰν
2374 4256 2598 4312 καταϐῶ
2635 4259 2715 4320 είς
2746 4256 2838 4311 τὸν
2871 4256 3023 4328 ᾅδην,
3059 4258 3245 4329 πάρει.
3299 4257 3361 4310 El
3390 4258 3716 4328 ἀναλάὸοιμι

2134 4349 2429 4421 πτέρυγας,
2481 4350 2575 4403 καὶ
2628 4348 3117 4420 κατασκηνώσαιμι
3163 4351 3242 4413 είς
3274 4349 3341 4402 τά
3375 4349 3580 4420 ἔσχατα
3618 4350 3716 4421 τῆς

2135 4440 2409 4510 θαλάσσης
2434 4456 2447 4469 ·
2483 4440 2579 4493 καὶ
2604 4440 2713 4509 γὰρ
2755 4441 2873 4493 ἐκεῖ
2900 4442 2934 4512 ή
2984 4440 3105 4511 χείρ
3133 4457 3225 4493 σου
3250 4440 3506 4511 ὁδηγήσει
3543 4457 3609 4510 με
3639 4459 3653 4472 θ
3697 4462 3715 4495 ι

1075 4533 1278 4602 quippe
1306 4532 1449 4602 quod
1477 4531 1598 4601 ejus
1627 4538 1878 4585 auctores
1912 4543 2022 4583 ma-

2137 4531 2272 4586 ἀλλὰ
2317 4532 2410 4586 καὶ
2441 4533 2503 4585 τό
2527 4550 2540 4562 ·
2578 4550 2597 4582 ι
2628 4533 2692 4586 Ol
2729 4532 2950 4604 οὐρανοὶ
3002 4531 3315 4603 διηγοῦνται
3349 4531 3507 4596 δόξαν
3563 4533 3722 4595 Θεοῦ,

2133 4625 2227 4678 καὶ⁸
2257 4624 2473 4696 ποίησιν
2500 4622 2698 4695 χειρῶν
2740 4622 2904 4677 αὐτοῦ
2933 4622 3252 4694 ἀναγγέλλει
3291 4623 3352 4676 τὸ
3376 4624 3719 4695 στερέωμα.»

2134 4716 2243 4770 Καὶ
2270 4717 2431 4771 πάλιν
2462 4717 2519 4768 ἐν
2552 4715 2629 4787 τῷ
2666 4716 2863 4787 Ἡσαΐᾳ
2890 4718 2980 4769 τό·
3012 4734 3030 4767 ι
3071 4714 3432 4784 Ἀναὸλέψατε
3471 4716 3552 4779 εἰς
3594 4715 3725 4784 ὕψος

2134 4810 2261 4873 τοὺς
2290 4809 2598 4880 ὀφθαλμοὺς
2629 4808 2804 4879 ὑμῶν,
2838 4809 2930 4862 καὶ
2953 4808 3112 4870 ἴδετε,
3131 4809 3215 4872 τίς
3245 4809 3521 4873 κατέδειξε
3555 4807 3725 4861 ταῦτα

2138 4901 2314 4955 πάντα
2339 4918 2353 4933 .
2414 4921 2431 4953 ,
2485 4900 2579 4954 καὶ
2632 4900 2723 4953 τό·
2771 4920 2790 4951 ι
2839 4901 2933 4953 Ἐκ
2989 4900 3252 4972 μεγέθους
3305 4902 3401 4954 καὶ
3453 4898 3721 4968 καλλονῆς

2138 4990 2450 5062 κτισμάτων
2509 4989 2787 5059 ἀναλόγως
2834 4991 2862 5042 ὁ
2894 4990 2933 5042 Γ
2937 4990 3276 5061 ενεσιουργὸς
3335 4990 3619 5061 θεωρεῖται
3653 5005 3667 5018 '
3701 5006 3721 5040 ι

2140 5084 2316 5137 καὶτὸ
2339 5102 2353 5114 ·
2383 5103 2402 5133 ‹
2464 5083 2545 5136 Τὰ
2591 5083 2702 5155 γὰρ
2736 5083 2944 5155 ἀόρατα
2976 5081 3142 5137 αὑτοῦ
3170 5124 3186 5149 ,
3235 5084 3343 5137 ἀπὸ
3375 5084 3607 5144 κτίσεως
3642 5080 3728 5132 κό·

2141 5195 2276 5249 σμου
2305 5179 2419 5239 τοῖς
2453 5177 2720 5247 ποιήμασι
2750 5176 3012 5246 νοούμενα
3042 5174 3364 5247 καθορᾶται,
3395 5176 3429 5245 ἦ
3464 5192 3520 5227 τε
3551 5173 3720 5235 ἀΐδιος

2140 5267 2306 5322 αὑτοῦ
2332 5266 2561 5336 δύναμις
2594 5266 2687 5319 καὶ
2705 5265 2912 5334 θειότης
2932 5285 2944 5297 ·
2980 5287 2997 5317 ι
3022 5265 3157 5319 ἀλλὰ
3176 5267 3269 5320 καὶ
3290 5265 3368 5329 τὸ,
3396 5284 3413 5316 ι
3440 5266 3720 5335 Ἐζήλωσα

2143 5476 2401 5538 sequatur
2434 5483 2643 5538 προσφε
2652 5469 2780 5538 ρεῖς.

2363 5536 2630 5624 ςᾼτύχής.
2654 5536 3060 5624 ίιθίοξριιεᾼιοεξι,
3092 5537 3341 5622 εύτυχής.
3501 5607 3514 5624 ⁸
3553 5623 3574 5624 η
3616 5605 3690 5624 HJ

2213 5605 2325 5680 (66)
2363 5605 2714 5680 Ἁγιώτερον.
2761 5605 2933 5671 Plato,
2979 5605 3357 5680 ἀγριώτερονὶ
3371 5607 3517 5675 quod
3551 5605 3723 5680 magis

2145 5676 2337 5749 placet,
2366 5680 2448 5733 vel
2477 5677 2841 5746 ἀτοπώτερον.
2880 5688 2937 5730 ιιι
2982 5676 3142 5734 etiam
3188 5678 3289 5747 legi
3324 5677 3594 5734 Serranus
3627 5676 3719 5733 ad-

2146 5760 2317 5804 nutat.

2218 5818 2351 5891 (66‘)
2394 5817 2532 5889 Lrgc
2566 5818 2689 5883 Πῶς
2724 5819 2783 5872 οὐ
2817 5818 2945 5876 δεῖν,
