4122 6406
394 389 530 446 1057

1570 366 1901 425 PRIEPAB.
1940 363 2188 420 EVANG.
2230 359 2357 417 LIB.
2389 358 2526 415 XIII.

3517 353 3659 413 l058

395 508 486 561 επὶ
525 500 767 574 ἀνόμοις,
818 499 1036 572 εἰρήνην
1082 491 1425 566 ἁμαρτωλῶν
1460 488 1711 560 θεωρῶνο
1752 506 1770 537 ι
1801 501 1966 555 μετα·
1998 491 2040 546 Α

2082 481 2228 548 Quod
2272 495 2449 551 ipsum
2492 477 2588 533 tibi
2637 479 2705 535 de
2749 478 2853 533 illis
2900 492 3118 549 quoque
3171 474 3519 533 statuendum
3551 482 3656 540 est,

395 596 710 671 πεφράσθαι
758 612 846 666 μοι
894 592 1041 645 δοκεῖ
1085 589 1189 643 ὑπὸ
1208 585 1323 671 ’τοῦ
1376 582 1659 644 Πλάτωνος
1705 580 1793 633 διὰ
1841 577 1966 632 τοῦθ

402 714 420 746 ι
473 668 530 744 Ὅ
552 689 714 751 αὐτὸς
745 686 802 739 δὲ
846 684 1004 753 λόγος
1038 699 1120 735 σοι
1161 668 1254 735 ica-tl
1301 678 1431 749 περὶ
1474 674 1698 727 ἐκείνων
1749 672 1816 725 ἂν
1862 671 1970 740 εἴη,

392 784 502 837 τῶν
528 780 624 844 οὒς
650 779 714 832 σὺ
746 774 975 832 κατιδὼν
1023 775 1088 826 ὲκ
1131 768 1339 844 μικρῶν
1370 766 1637 840 μεγάλους
1659 763 1972 833 γεγονότας,

395 870 947 942 ἀνοσιουργήσαντας,
979 866 1014 936 ἦ
1055 882 1108 917 τι
1152 859 1388 915 τοιοῦτον
1415 855 1749 930 πράξαντας,
1790 850 1977 924 ᾠήθης

396 964 455 1031 ἐξ
486 964 685 1019 ἀθλίων
744 959 1067 1031 εὐδαίμονας
1093 954 1390 1025 γεγονέναι.
1428 971 1447 1003 ι
1486 951 1597 1005 Καὶ
1627 950 1698 1006 τὰ
1722 948 1856 1004 ἄλλα
1896 948 1974 1012 δὲ,

398 1057 497 1111 ὅσα
521 1056 730 1117 τούτοις
757 1053 960 1123 ὁμοίως
981 1049 1217 1122 εἴρηται,
1241 1043 1513 1118 προῦλαϐε
1536 1042 1635 1115 τὴν
1665 1043 1745 1106 είς
1776 1041 1978 1104 πλάτος

401 1148 711 1202 ὲκτεθεῖσαν
740 1144 832 1199 τοῦ
860 1144 1145 1205 Πλάτωνος
1170 1137 1462 1212 ἑρμηνείαν
1487 1139 1542 1189 ὲν
1568 1137 1683 1199 τοῖς
1711 1132 1979 1206 Ἐϐραίων

400 1241 598 1310 λόγοις.
628 1240 900 1293 ’Ἑκαστον
931 1236 974 1289 δ’
995 1230 1087 1288 οὖν
1122 1231 1302 1287 αὐτῶν
1334 1227 1476 1284 κατὰ
1508 1227 1673 1300 μέρος
1696 1225 1877 1297 εὕροις
1912 1221 1980 1276 ἂν

401 1333 643 1406 ἀκριϐῶς
707 1330 973 1398 ἐξετάζων
1044 1329 1157 1389 τοῖς
1238 1321 1505 1394 Ἐϐραίων
1570 1316 1982 1390 συμφερόμενον

401 1428 713 1499 γράμμασι.
769 1422 1036 1495 Ἐϐραίων
1067 1419 1124 1473 δὲ
1175 1413 1311 1471 εἶναι
1356 1414 1568 1483 λόγους,
1610 1410 1673 1464 οὐ
1714 1406 1982 1499 μόνονᾷτὰ

407 1497 554 1588 παρὰ
592 1518 798 1585 Mam
836 1513 992 1581 λόγιά
1020 1528 1182 1583 φημι,
1241 1504 1378 1561 ἀλλά
1423 1504 1518 1558 καὶ
1564 1500 1634 1556 τὰ
1658 1499 1770 1554 τῶν
1811 1497 1985 1554 ἄλλων

416 1609 554 1683 μετὰ
581 1608 817 1663 Μωῦσέα
846 1602 1108 1674 θεοφιλῶν
1137 1598 1367 1671 ἀνδρῶν,
1408 1595 1525 1683 εἴτε
1540 1591 1836 1667 προφητῶν
1877 1589 1985 1683 εἴτε

2072 588 2213 645 quos
2235 581 2295 628 tu
2320 588 2443 627 cum
2470 588 2536 627 ex
2560 573 2743 643 parvis
2770 588 2998 643 magnos
3036 572 3299 638 evasisse,
3345 577 3470 640 post
3494 581 3661 639 grave

2074 667 2295 737 aliquod
2344 666 2431 720 vel
2470 664 2786 735 impietatis,
2829 666 2915 720 vel
2948 665 3174 720 alterius
3220 662 3443 719 sceleris
3472 674 3662 715 exem-

2074 758 2223 828 plum
2251 757 2485 824 videres,
2520 758 2711 813 beatos
2737 772 2804 812 ex
2838 757 3057 813 miseris
3087 755 3263 812 factos
3290 755 3565 827 putabas;
3601 761 3659 808 et

2076 864 2310 918 quorum
2358 847 2414 902 in
2458 846 2764 911 maleﬁciis,
2803 857 3062 919 tanquam
3108 849 3164 903 in
3199 846 3457 918 speculis,
3492 859 3660 915 quam

2078 942 2177 997 abs
2206 941 2318 997 diis
2365 942 2549 997 omnia
2599 942 2964 1013 negligantur,
2999 943 3183 998 videre
3231 943 3329 997 tibi
3386 940 3660 1005 videbare,

2079 1036 2337 1107 ignorans
2368 1034 2642 1101 videlicet,
2689 1035 2781 1105 qui
2814 1033 3031 1089 tandem
3066 1046 3160 1089 aut
3191 1050 3300 1094 qua
3342 1045 3494 1105 parte
3525 1032 3661 1087 isto-

2081 1146 2204 1184 rum
2251 1128 2374 1184 ﬁnis
2407 1137 2461 1183 et
2494 1129 2672 1183 exitus
2700 1144 2825 1182 cum
2873 1129 3116 1183 universi
3152 1129 3459 1184 rationibus
3483 1130 3664 1184 cohae-

2081 1234 2244 1280 reret.
2298 1224 2454 1278 Illum
2484 1238 2683 1295 porro,
2719 1223 2802 1278 vir
2831 1226 3284 1295 generosissime,
3319 1224 3413 1295 qui
3442 1225 3664 1279 tandem

2083 1318 2264 1373 sciens
2294 1317 2593 1387 volensque
2642 1316 2915 1387 negligere
2956 1330 3110 1388 potes
3132 1357 3146 1381 ,
3176 1317 3268 1387 qui
3300 1326 3481 1372 tamen
3518 1317 3667 1388 ejus-

2083 1409 2230 1464 modi
2259 1417 2363 1475 est,
2399 1418 2457 1462 ut
2484 1409 2579 1477 qui
2616 1411 2685 1481 ab
2720 1408 2840 1479 ejus
2865 1409 3173 1481 cognitione
3219 1409 3385 1481 636
3429 1408 3667 1479 impara-

2086 1510 2174 1558 tus
2201 1502 2291 1565 sit,
2334 1502 2468 1556 nihil
2501 1516 2744 1572 unquam
2792 1502 2878 1556 vel
2924 1504 3110 1556 animo
3146 1501 3443 1557 informare
3473 1502 3666 1572 possit,

2086 1609 2187 1648 nec
2215 1592 2379 1646 ullam
2407 1592 2474 1647 de
2503 1591 2757 1648 humana:
2782 1593 2905 1648 vitae
2928 1607 3024 1649 seu
3052 1592 3330 1658 felicitate,
3366 1608 3461 1648 seu
3500 1592 3670 1665 mise:

405 1679 499 1759 ιιαὶ
531 1700 839 1758 ἀποστόλων
875 1696 970 1750 τοῦ
1011 1693 1262 1764 Σωτῆρος
1286 1688 1464 1762 ἡμῶν,
1491 1680 1564 1740 ὧν
1583 1688 1616 1751 ἡ
1643 1684 1751 1737 τῶν
1782 1679 1988 1752 δογμά-

2087 1687 2168 1740 ria
2197 1685 2617 1756 disputationem
2644 1685 2949 1741 instituere.
2991 1684 3106 1741 Hoc
3133 1687 3181 1741 si
3215 1686 3311 1742 tibi
3330 1685 3539 1742 Clinias
3567 1685 3672 1742 iste

402 1816 512 1853 των
534 1793 844 1868 συμφωνία,
888 1793 1015 1863 μιᾶς
1053 1788 1279 1851 εἰκότως
1309 1785 1505 1849 αὐτοὺς
1528 1781 1623 1837 καὶ
1662 1779 1761 1851 τῆς
1790 1794 1988 1848 προση-

2088 1778 2157 1831 de
2185 1777 2312 1844 diis,
2348 1792 2413 1832 ac
2440 1786 2665 1832 senatus
2697 1778 2788 1833 hic
2811 1786 3000 1833 noster
3022 1778 3202 1834 omnis
3226 1777 3552 1849 persuadere
3574 1794 3673 1849 po-

404 1890 594 1961 γορίας
621 1886 922 1955 ἀξιώσειεν.
2018 1868 2040 1922 Ι

2096 1871 2278 1935 tuerit,
2320 1869 2531 1924 nescire
2556 1877 2608 1924 te
2630 1869 2760 1941 quid
2791 1871 3037 1940 loquare,
3052 1871 3327 1942 singulare
3354 1886 3385 1925 a
3411 1870 3519 1926 Deo
3548 1871 3673 1941 ipso

406 1980 725 2038 beneﬁcium
758 1973 1053 2045 acceperis.
1109 1969 1205 2025 Sin
1242 1965 1477 2037 longiori
1510 1963 1691 2020 adhuc
1730 1964 1983 2017 oratione
2021 1976 2160 2031 opus
2192 1961 2438 2029 habebis,
2481 1977 2580 2032 age
2624 1978 2812 2032 porro,
2868 1978 3078 2034 nosque
3137 1963 3202 2020 de
3233 1966 3395 2020 tertio
3444 1964 3536 2020 illo
3563 1965 3673 2020 dis-

406 2081 686 2138 serentes,
719 2071 768 2126 si
811 2068 942 2140 quid
975 2065 1202 2123 omnino
1256 2060 1454 2118 mentis
1519 2059 1709 2124 habes,
1750 2055 1990 2140 attende.
2024 2074 2043 2108 ι
2088 2053 2214 2111 llaac
2247 2054 2422 2111 Plato.
2480 2055 2724 2123 Quorum
2763 2071 2896 2113 sane
2945 2072 3138 2121 mens,
3186 2057 3235 2113 si
3280 2056 3464 2113 minus
3508 2057 3677 2111 verba

407 2172 548 2241 ipsa,
599 2165 774 2222 multo
816 2172 942 2218 ante
1000 2159 1349 2215 Hebraeorum
1383 2154 1636 2211 exstabat
1670 2153 1726 2207 in
1761 2136 1979 2215 litteris,
2021 2148 2117 2204 sed
2153 2149 2473 2206 brevissime
2503 2166 2568 2207 ac
2616 2150 2967 2221 paucissimis
3010 2151 3242 2206 vocibus
3280 2149 3680 2221 comprehensa

407 2262 696 2320 sententia.
747 2257 884 2313 Nam
934 2255 1065 2312 illud
1115 2253 1367 2324 quidem,
1402 2270 1419 2302 ι
1454 2248 1566 2305 Nec
1606 2258 1717 2303 tam
1753 2246 1989 2318 pusillus
2029 2245 2150 2312 ﬁes,
2183 2253 2243 2300 ut
2269 2245 2339 2301 ab
2372 2245 2493 2313 ejus
2528 2256 2581 2302 te
2628 2246 2807 2302 oculis
2851 2247 2908 2301 in
2953 2246 3172 2302 abditos
3199 2255 3361 2302 terra:
3408 2244 3564 2302 sinus
3593 2243 3680 2298 la-

410 2359 703 2428 tebrasque
736 2354 1048 2418 subducas;
1086 2365 1186 2405 nec
1235 2362 1365 2403 vero
1396 2355 1508 2402 tam
1570 2344 1825 2400 sublimis
1845 2385 1861 2409 ,
1895 2352 1956 2398 ut
1996 2345 2052 2398 in
2113 2343 2316 2398 coelum
2341 2348 2575 2410 evoles,»
2601 2343 2749 2399 dicto
2778 2343 2907 2400 huic
2935 2344 3194 2399 Davidico
3214 2343 3525 2414 proximum
3553 2351 3676 2397 est:

417 2474 435 2507 ι
463 2452 583 2521 Quo
614 2453 705 2507 ibo
736 2467 767 2507 a
792 2449 985 2521 spiritu
1020 2447 1150 2502 tuo?
1182 2453 1237 2501 et
1266 2459 1374 2515 quo
1396 2459 1427 2497 a
1457 2441 1597 2497 facie
1662 2449 1752 2494 tua
1804 2439 2050 2510 fugiam?
2089 2437 2144 2493 Si
2173 2438 2471 2493 ascendero
2503 2438 2556 2492 in
2588 2438 2810 2505 coelum,
2848 2448 2905 2493 tu
2931 2438 3042 2493 illic
3063 2453 3157 2505 es;
3186 2437 3235 2494 si
3263 2437 3598 2493 descendere
3624 2434 3681 2488 in

416 2549 713 2611 infernum,
744 2546 894 2601 ades.
931 2542 989 2599 Si
1017 2555 1302 2611 sumpsero
1332 2552 1562 2609 pennas,
1593 2546 1648 2592 et
1676 2535 1998 2590 habitavere
2036 2534 2091 2588 in
2141 2533 2402 2589 extremis
2435 2533 2636 2600 maris;
2677 2534 2880 2590 etenim
2914 2534 3043 2589 illuc
3072 2548 3270 2589 manus
3330 2540 3421 2588 tua
3453 2532 3686 2592 deducet

411 2657 500 2697 me
527 2641 614 2707 ¹;ι
653 2638 850 2694 deinde
879 2637 984 2690 hoc
1014 2633 1259 2705 ejusdem
1288 2630 1564 2702 praphetae
1592 2646 1627 2683 .:
1664 2626 1838 2683 «Caeli
1888 2635 2148 2681 enarrant
2176 2626 2403 2696 gloriam
2442 2624 2560 2691 Dei,
2600 2633 2656 2681 et
2706 2641 2871 2697 opera
2938 2640 3197 2680 manuum
3232 2624 3353 2695 ejus
3394 2623 3686 2679 annuntiat

409 2724 815 2796 ﬁrmamentum
843 2733 898 2800 ’;
942 2750 961 2783 ι
995 2731 1233 2801 itemque
1262 2728 1392 2782 illud
1434 2725 1626 2781 Isaiae:
1668 2741 1688 2775 ι
1726 2722 1924 2777 Tollite
1949 2722 2002 2776 in
2042 2722 2215 2778 altum
2259 2720 2451 2778 oculos
2488 2731 2726 2788 vestros,
2786 2731 2841 2778 et
2906 2722 3101 2787 videte,
3135 2722 3261 2792 quis
3286 2721 3525 2777 ostendit
3567 2719 3686 2777 hac

411 2828 598 2884 omnia
625 2829 679 2894 ³;
721 2845 740 2877 ι
773 2824 997 2880 ethoc:
1030 2840 1049 2874 ι
1074 2821 1150 2876 Ex
1214 2817 1591 2890 magnitudine
1634 2825 1690 2872 et
1730 2814 2139 2885 pulchritudine
2184 2824 2560 2870 creaturarum
2611 2814 2840 2870 Creator
2892 2829 3017 2870 cum
3072 2813 3428 2885 proportione
3470 2821 3687 2884 specta-

414 2921 577 2990 tur‘;
614 2940 632 2972 ι
664 2920 887 2975 ethoc:
925 2936 944 2969 ι
975 2916 1274 2972 invisibilia
1324 2915 1469 2970 enim
1494 2914 1614 2983 ejus
1658 2928 1691 2967 a
1731 2921 1988 2968 creatura
2027 2910 2238 2972 mundi,
2276 2926 2373 2981 per
2421 2910 2537 2966 haec
2583 2925 2705 2981 quae
2757 2908 2899 2965 facta
2958 2920 3119 2975 sunt,
3170 2908 3439 2964 intellecta
3465 2908 3687 2979 conspi-

413 3014 657 3075 ciuntur,
702 3010 1032 3081 sempiterna
1080 3022 1299 3078 quoque
1344 3005 1465 3076 ejus
1498 3004 1669 3058 virtus
1724 3017 1789 3058 ac
1845 3002 2107 3057 divinitas
2132 3002 2189 3068 ⁸;
2222 3020 2241 3053 ι
2282 3010 2561 3072 postremo
2589 3001 2734 3056 istud
2765 3021 2779 3055 :
2815 3020 2833 3053 ι
2873 2999 3057 3055 Zelavi
3106 3016 3270 3071 super
3310 3000 3554 3069 iniquos,
3585 3014 3686 3070 pa-

416 3124 535 3166 cem
561 3116 910 3180 peccatorum
940 3105 1130 3159 videns
1154 3111 1216 3157 σε
1259 3120 1280 3155 ι
1321 3102 1437 3156 haec
1474 3100 1661 3155 omnia
1715 3099 2102 3169 interpretatus
2156 3097 2371 3152 videtur
2424 3096 2580 3152 Plato
2611 3096 2740 3152 dum
2776 3097 2872 3163 ait,
2909 3114 2927 3148 ι
2967 3095 3083 3151 Ηοο
3129 3097 3308 3166 ipsum
3339 3096 3442 3150 tibi
3471 3097 3539 3150 de
3578 3095 3691 3152 illis

416 3202 1009 3276 quoquestatuendum
1039 3209 1142 3264 est,
1163 3210 1301 3268 quos
1361 3204 1417 3250 tu
1450 3210 1574 3251 cum
1642 3209 1710 3250 ex
1752 3194 1942 3265 parvis
1998 3207 2228 3263 magnos
2276 3193 2546 3259 evasisse,
2598 3201 2723 3264 post
2765 3192 3190 3263 gravealiquod
3236 3192 3575 3262 impietatis,
3602 3192 3692 3246 vel

416 3302 644 3357 alterius
674 3299 896 3355 sceleris
916 3295 1221 3367 exemplum
1256 3294 1489 3356 videres,
1520 3294 1707 3347 beatos
1734 3305 1801 3346 ex
1854 3290 2070 3345 miseris
2107 3288 2282 3344 factos
2314 3289 2567 3359 putabas.
2602 3308 2620 3341 ι
2656 3289 2734 3343 Ac
2763 3297 2956 3343 caetera
2998 3302 3121 3357 qua:
3176 3286 3426 3341 eamdem
3454 3285 3509 3338 in
3563 3299 3690 3339 sen-

416 3395 643 3449 tentiam
693 3393 837 3449 dicta
887 3398 1039 3454 sunt,
1100 3391 1155 3443 in
1215 3386 1567 3443 Hebraeorum
1624 3372 1985 3440 monimentis
2049 3381 2316 3437 fusiorem
2373 3382 2522 3436 illam
2568 3380 2809 3438 Platonis
2859 3380 3279 3452 explicationem
3328 3385 3691 3449 occuparunt.

418 3486 551 3551 Quae
601 3496 658 3541 tu
712 3484 961 3555 singula,
994 3483 1041 3539 si
1074 3489 1333 3536 accurate
1388 3494 1452 3534 ac
1506 3478 1796 3547 diligenter
1842 3474 2135 3545 expendes,
2172 3490 2300 3529 cum
2365 3474 2718 3530 Hebraeorum
2775 3475 3027 3530 doctrina
3078 3472 3392 3528 consentire
3426 3472 3689 3542 reperies,

418 3576 771 3632 Hebraeorum
799 3583 977 3629 autem
1012 3570 1273 3625 librorum
1337 3568 1590 3630 nomine,
1623 3583 1733 3621 non
1797 3566 1912 3621 sola
1966 3564 2171 3636 Moysis
2215 3567 2438 3621 oracula
2490 3567 2751 3637 intelligo,
2788 3567 2882 3621 sed
2933 3566 3166 3621 aliorum
3217 3566 3380 3621 etiam
3426 3565 3520 3635 qui
3566 3571 3694 3635 post

415 3689 543 3731 eum
579 3674 870 3743 scripsere,
922 3668 1206 3724 hominum
1265 3665 1377 3721 Deo
1434 3664 1916 3726 charissimorum,
1974 3676 2070 3716 seu
2113 3662 2409 3732 prophetae,
2460 3677 2559 3717 seu
2607 3661 2779 3717 nostri
2828 3676 3049 3731 quoque
3100 3659 3408 3715 Servatoris
3459 3657 3690 3729 apostoli

418 3772 661 3836 fuerint,
713 3769 915 3839 quibus
980 3766 1051 3821 ob
1133 3778 1403 3821 summam
1472 3761 1791 3833 dogmatum
1868 3758 2329 3823 consensionem,
2384 3774 2492 3815 una
2580 3770 2744 3825 atque
2819 3757 3009 3813 eadem
3073 3757 3368 3831 appellatio
3416 3755 3539 3826 jure
3596 3755 3693 3813 tri-

421 3869 647 3924 buatur.

494 3985 513 4017 ¹
547 3982 696 4038 .Psal.
727 3994 993 4043 cxxxvm,
1035 3978 1090 4031 7.
1167 3977 1188 4007 ²
1224 3974 1368 4031 Psal.
1395 3990 1552 4039 xvm,
1582 3971 1637 4026 ‘2.
1714 3972 1736 4004 ³
1764 3970 1873 4025 lea.
1904 3985 1995 4037 ιιι,
2022 3969 2114 4024 9.6.
2193 3966 2216 3997 ‘
2246 3966 2374 4036 Sap.
2410 3981 2528 4033 χιιι,
2559 3965 2612 4019 5.
2688 3965 2709 3997 ⁸
2742 3963 2903 4021 Rom.
2938 3978 2976 4030 I,
3004 3962 3095 4017 20.
3172 3963 3197 3994 ⁸
3225 3961 3372 4017 Psal.
3404 3975 3575 4025 uxn,
3601 3960 3658 4014 3.

430 4158 3680 4203 ______________.___..__________———————————————

815 4326 2156 4457 ΠΡΟΠΑΡΑΣΚΕΥΗΣ
2212 4312 3289 4436 ΕΥΑΓΓΕΛΙΚΗΣ

1340 4551 1782 4641 ΒΙΒΛΙΟΝ
1858 4542 2853 4633 ΤΡΙΣΚΑΙΔΕΚΑΤΟΝ.

936 4912 2134 5041 ΡΒβΕΡΑΒΑΤιοΝιδ
2245 4877 3203 5028 ΕνΑΝϐΕΙλΙΕέΕ

1242 5167 1615 5262 LIBER
1693 5156 2230 5253 DECIMUS
2280 5151 2858 5245 TERTIUS.

432 5535 617 5587 TAAE
670 5526 1017 5585 IIEPIEXEI
1073 5525 1855 5653 TEAITngKAMEKATON
1900 5526 2010 5580 BI-

427 5700 498 5750 a’.
558 5695 754 5761 Ὅπως
807 5696 842 5748 ὁ
898 5688 1150 5748 Πλάτων
1204 5688 1317 5756 τῆς
1380 5685 1744 5761 Ἑλληνικῆς
1803 5691 2009 5761 deoio-

500 5767 634 5888 rla‘c
696 5757 1008 5835 ἆπήλεγχε
1060 5762 1176 5832 τὴν
1232 5757 1508 5814 ἀτοπίαν.
1545 5760 1681 5814 .Ἐκ
1742 5757 1849 5812 τοῦ
1914 5758 2010 5811 Τι-

502 5854 580 5908 μα
603 5853 688 5889 ου.

2222 5531 2387 5607 637
2428 5522 2639 5583 LIBRI
2678 5517 2956 5577 DECIMI
2997 5512 3252 5572 mam
3290 5507 3585 5566 cum.
3702 5470 3707 5475 ’

2119 5691 2172 5747 1.
2215 5680 2865 5755 Quemadmodumj’lato
2913 5677 3113 5734 σπρεαδ
3160 5673 3432 5746 theologia:
3468 5671 3696 5742 ineptias

2190 5751 2510 5829 coarguerit.
2549 5753 2632 5809 Ex
2664 5751 2890 5807 Timaeo.
