4122 6442
443 377 580 434 1059

435 491 490 544 9..
535 490 610 543 De
635 490 830 544 eodem.
875 486 955 540 Ea:
985 487 1325 557 Ep‘nomide.

434 626 488 680 5.
540 625 620 678 Ea:
651 642 751 679 sec.
786 625 857 676 De
886 625 1093 692 republ.
1119 623 1192 677 De
1212 625 1389 678 eodem
1415 641 1431 678 :
1473 642 1534 677 ac
1555 636 1807 694 prceterea
1835 621 2000 677 Deum

506 698 765 749 malorum
795 704 1058 747 auctorem
1090 711 1190 746 non
1216 712 1348 748 esse.

435 821 489 876 4.
531 821 735 874 .Prrrter
758 823 1002 875 obscenas
1022 824 1254 891 fabulas,
1281 823 1412 876 nihil
1440 824 1571 877 istas
1593 827 1654 878 de
1680 823 1878 878 Grcecis
1903 841 2002 877 nu-

506 891 732 963 minibus
760 897 1088 947 narrationes
1122 897 1419 956 continere;
1453 891 1842 963 Socratemque.
1861 894 1997 963 quod

505 962 572 1014 iis
605 961 760 1028 fidem
797 979 898 1033 non
936 964 1174 1028 haberet,
1226 964 1288 1016 ab
1325 961 1745 1018 Atheniensibus
1777 961 1996 1033 interfe-

505 1042 646 1103 ctum
668 1048 808 1103 esse.
971 1033 1376 1103 Euthyphronc.

435 1101 489 1155 5.
537 1100 617 1153 Ea:
659 1099 909 1154 Numenii
963 1102 1056 1154 lib.
1099 1099 1172 1157 De
1219 1104 1458 1158 Platonis
1491 1104 1728 1168 arcanis,
1759 1102 2000 1156 eamdem

505 1187 561 1223 tn
584 1187 691 1223 rem
698 1211 711 1224 .

432 1239 488 1295 6.
536 1241 597 1293 ln
627 1240 766 1309 vulgi
793 1242 1058 1308 opiniones
1083 1242 1377 1294 abeundum
1413 1258 1518 1294 non
1550 1259 1680 1306 esse,
1706 1261 1796 1298 nec
1831 1243 1894 1296 ab
1920 1245 2000 1297 in-

505 1312 690 1364 stituto
717 1327 832 1376 suo,
861 1311 938 1364 uel
969 1312 1152 1365 mortis
1182 1322 1320 1366 metu
1348 1313 1738 1366 discedendum.
1775 1313 1860 1366 Ea:
1888 1313 2002 1368 Cri-

505 1390 650 1435 ιοηθ.

433 1512 488 1567 7.
533 1511 895 1581 Reponendam
925 1513 992 1566 iis
1022 1528 1123 1582 non
1148 1529 1276 1577 esse,
1307 1529 1337 1564 a
1368 1512 1556 1582 quibus
1585 1512 1840 1582 injuriose
1893 1523 2001 1568 tra-

505 1591 726 1646 ctemur,
766 1583 1040 1650 injuriam.
1082 1581 1166 1634 Ea:
1198 1581 1397 1636 eodem.

431 1651 487 1706 8.
531 1652 661 1717 Qua:
703 1653 861 1706 semel
891 1661 1025 1705 recte
1056 1653 1329 1722 statueris,
1363 1668 1424 1704 ea
1463 1668 1524 1706 ne
1561 1653 1747 1706 ntortis
1791 1653 1999 1722 quidem

504 1731 644 1775 metu
671 1723 966 1790 abjicienda
993 1738 1121 1776 esse.
1148 1721 1213 1793 Id
1235 1723 1372 1790 quod
1402 1723 1459 1774 in
1483 1738 1568 1776 eos
1592 1721 1876 1788 conveniet,
1907 1725 1998 1793 qui

502 1793 924 1860 persecutionum
952 1791 1265 1860 temporibus
1289 1793 1594 1862 religionem
1625 1793 1857 1862 ejurant.

429 1928 486 1983 9.
530 1927 717 1994 Qualis
740 1929 916 1982 animo
942 1929 1013 1982 sit
1041 1938 1267 1994 oportet,
1316 1930 1408 1998 qui
1436 1929 1620 1983 mortis
1651 1939 1792 1984 metu
1821 1947 1999 1986 susce-

500 2011 647 2066 ptum
673 2000 975 2053 institutum
1004 2000 1189 2068 ejuret.

428 2069 597 2141 638
644 2069 739 2143 lO_.
772 2069 1011 2143 M_ortem_
1040 2069 1294 2143 ueritatis
1326 2085 1488 2122 causa
1515 2084 1617 2122 non
1647 2085 1759 2124 esse
1792 2071 2000 2143 fugien-

505 2137 648 2191 dam.
691 2137 776 2190 Ex
805 2140 1047 2193 Socratis
1073 2137 1353 2207 Apologia.

433 2209 519 2264 11.
563 2208 1013 2278 Quemadmodum
1043 2223 1223 2261 eorum
1248 2218 1487 2271 mortem,
1540 2207 1630 2278 qui
1673 2209 1836 2263 vitam
1885 2212 2000 2278 glo-

503 2269 643 2332 riose
691 2277 1076 2346 profuderunt,
1121 2277 1373 2332 celebrari
1421 2269 1678 2349 oporieat.
1745 2278 1824 2332 Ex
1866 2269 2001 2337 Pla-

504 2360 622 2402 tone
630 2392 642 2404 .

431 2419 519 2473 12.
561 2415 926 2471 Aristobulum
961 2415 1368 2486 Peripateticum
1398 2420 1560 2472 etiam
1590 2427 1714 2473 ante
1748 2435 1840 2472 nos
1871 2437 1997 2475 con-

501 2489 694 2558 fessum
715 2504 843 2558 esse,
866 2485 1100 2541 Hebraeis
1131 2503 1158 2541 e
1187 2488 1417 2557 fontibus
1451 2505 1602 2542 suam
1632 2487 1840 2544 Graecos
1865 2491 2000 2544 hau-

501 2557 632 2612 sisse
662 2557 1062 2627 philosophiam.

429 2691 521 2776 «1⁸5Ζ
563 2692 694 2757 Qua:
725 2709 754 2745 a
787 2691 983 2776 Qi'tecis
1012 2702 1145 2748 recte
1178 2693 1373 2776 scripta
1406 2694 1625 2776 fuerint.
1646 2711 1708 2776 ea
1734 2693 1996 2776 camille-

502 2763 761 2835 braeorum
790 2763 1031 2835 doctrina
1066 2763 1376 2829 consentire,
1410 2781 1443 2817 a
1462 2763 1723 2820 Clemente
1742 2763 1998 2835 prieterea

500 2834 794 2904 ostenditur
820 2833 1023 2904 Strom.
1055 2835 1260 2904 quinto.

430 2901 519 2954 H.
565 2901 684 2956 Non
733 2913 864 2957 recte
894 2903 957 2955 de
986 2901 1225 2956 omnibus
1274 2903 1647 2971 pronuntiasse
1676 2903 1951 2959 Platonem
1976 2921 1996 2969 ;

499 2989 655 3044 eoque
690 2989 780 3026 nos
811 2971 952 3026 haud
981 2975 1172 3044 absque
1207 2974 1410 3026 ratione
1439 2975 1504 3026 ab
1531 2975 1643 3042 ejus
1664 2975 1997 3044 philosophia

498 3043 831 3110 discessisse,
882 3053 1036 3112 atque
1082 3043 1422 3097 Hebrteorum
1453 3044 1672 3098 oracula
1699 3043 1994 3115 complexos

500 3129 631 3168 βεδε.

430 3203 518 3276 15ἶ
564 3203 685 3257 Non
713 3205 769 3257 in
803 3205 1044 3276 omnibus
1076 3203 1343 3276 Platonis,
1375 3206 1466 3260 sed
1498 3204 1841 3260 Hebraeorum
1868 3222 1988 3276 pro-

499 3273 725 3326 bandam
779 3291 888 3329 esse
937 3275 1000 3328 de
1048 3275 1376 3345 spiritalibus
1419 3278 1626 3330 naturis
1672 3273 1997 3346 disputatio-

501 3359 636 3396 nem.

433 3411 520 3466 16.
562 3413 637 3484 De
687 3413 864 3484 animo
911 3430 1013 3467 non
1049 3424 1220 3478 recte,
1266 3425 1323 3467 ut
1353 3413 1602 3469 Hebraeos
1624 3454 1640 3480 ,
1673 3415 1728 3470 in
1757 3414 1996 3470 omnibus

501 3483 725 3536 sensisse
757 3481 1051 3536 Platonem.

433 3551 519 3605 17.
565 3550 686 3605 Non
733 3553 1170 3623 quemadmodum
1202 3553 1419 3607 Platoni
1470 3554 1638 3608 visum
1669 3564 1780 3620 est,
1831 3556 1997 3609 animi

502 3620 754 3676 naturam
781 3620 985 3675 duabus
1015 3639 1077 3675 ea:
1103 3625 1341 3690 partibus
1363 3663 1376 3686 ,
1414 3640 1636 3692 quarum
1686 3625 1856 3678 altera
1902 3643 1994 3693 pa-

504 3693 670 3746 tiendi
715 3697 1021 3746 necessitate
1064 3693 1250 3753 libera,
1283 3694 1519 3760 patibilis
1563 3694 1731 3748 altera
1761 3695 1852 3758 sit,
1885 3711 1994 3749 esse

501 3763 808 3831 con/latam.
865 3761 948 3816 E1:
996 3760 1169 3816 Seueri
1225 3763 1490 3817 Platonici
1538 3765 1896 3833 disputatione
1922 3765 2000 3820 De

502 3847 705 3887 animo.

435 3901 524 3956 18.
570 3903 640 3955 De
686 3901 836 3967 cazlo,
872 3903 1034 3971 deque
1080 3901 1454 3956 collucentibus
1505 3904 1561 3956 in
1608 3920 1666 3958 eo
1713 3903 1997 3970 sideribus,

503 3976 642 4025 haud
687 3982 821 4026 recte
858 3974 1068 4042 omnino
1094 3975 1316 4026 sensisse
1347 3973 1640 4028 Platonem.
1684 3973 1770 4028 Ea:
1797 3974 1996 4042 Epiuo-

503 4043 668 4099 mide.
712 4042 915 4096 Timmo
955 4052 1003 4113 et
1039 4041 1166 4113 Leg.
1195 4042 1424 4113 xtQute
1457 4043 1660 4113 Moyses
1689 4046 1791 4113 coli
1821 4041 1996 4097 omnia

503 4113 697 4174 vetuit,
749 4111 1187 4181 quemadmodum
1238 4111 1490 4169 Hebraeus
1536 4111 1694 4168 etiam
1724 4112 1883 4168 Philo
1911 4116 1996 4168 in-

508 4192 840 4248 terpretatur.

437 4252 522 4306 19.
561 4253 818 4318 Quaenam
868 4253 1040 4306 minus
1084 4264 1217 4308 recte
1257 4250 1417 4308 Plato
1450 4255 1514 4308 de
1546 4253 1854 4308 mulieribus
1888 4263 1998 4308 sta-

508 4326 681 4376 luerit.

433 4391 523 4445 20.
570 4393 825 4456 Qutenam
870 4392 1027 4446 Plato
1073 4393 1136 4445 de
1181 4392 1402 4462 infando
1443 4409 1620 4446 amore
1657 4394 1715 4446 in
1761 4391 1998 4448 Phaedro

505 4465 747 4517 statuerit
777 4463 998 4533 :quibus
1032 4465 1301 4516 contraria
1342 4473 1463 4515 sunt
1495 4480 1526 4515 a
1558 4463 1736 4533 Moyse
1767 4465 1994 4517 sancita.

1074 373 1344 431 EUSEBII
1381 372 1859 430 CASSARIENSIS
1896 371 2047 427 OPP.
2091 369 2273 425 PARS
2311 368 2373 425 ll.
2417 401 2487 410 —
2521 367 3021 428 APOLOGETICA.

2029 495 2077 550 Α
2106 485 2169 556 β’.
2225 488 2352 540 Ἔτι
2401 485 2519 540 απὸ
2573 486 2680 540 τοῦ
2727 487 2913 555 λόγου
2965 483 3300 556 Ἐπινομίδος
3322 523 3337 550 ,
3384 484 3518 553 περὶ
3569 487 3676 542 τοῦ

3538 371 3676 426 1060

2175 557 2380 609 αὑτοῦ.

2102 633 2171 694 γ’.
2217 628 2365 705 "pro
2402 625 2521 705 ἀένςύ
2563 625 2668 705 τοῦ
2713 623 3150 705 δευτέρου-τῆς
3184 624 3488 705 Πολ-περς,
3540 627 3674 705 περὶ

2172 696 2276 748 τοῦ
2299 697 2507 758 αὐτοῦ,
2535 696 2631 747 καὶ
2662 695 2795 763 περὶ
2829 691 2934 748 τοῦ
2950 694 3035 764 μὴ
3065 691 3217 748 εῖναι
3247 695 3352 746 τὸν
3380 695 3530 748 Θεὸν
3557 691 3676 750 τῶν

2173 764 2374 818 κακῶν
2411 767 2621 818 αἴτιον.
3279 800 3288 811 .

2101 835 2163 888 δ’.
2204 836 2325 887 Ὅτι
2349 836 2537 888 πλέον
2565 833 2745 887 οὐδὲν
2781 832 2898 903 τῶν
2921 831 3192 900 αἰσχρῶν
3217 833 3420 901 μύθων
3447 837 3507 887 al
3537 835 3672 903 περὶ

2173 903 2290 973 τῶν
2332 903 2705 971 Ἑλληνικῶν
2735 902 2886 957 θεῶν
2924 903 3232 973 διηγήσεις
3262 902 3670 973 περιέχουσιν,

2171 971 2268 1044 αἶς
2307 974 2392 1044 μὴ
2435 974 2786 1044 πειθόμενον
2826 973 3144 1042 Σωκράτην
3188 971 3463 1029 ἔκτειναν
3517 975 3675 1043 Ἀθη-

2172 1042 2347 1098 ναῖοι.
2389 1045 2521 1097 Ἀπὸ
2552 1042 2914 1112 Εὐθύφρονος.

2100 1118 2160 1165 ε’.
2200 1114 2564 1185 Νουμηνίου,
2590 1115 2661 1185 ἐκ
2679 1110 2787 1166 τῶν
2838 1111 2988 1182 παρὰ
3012 1110 3256 1166 Πλάτωνι
3295 1113 3668 1185 ’Ampphrwv,

2173 1182 2439 1250 περὶτοῦ
2477 1182 2683 1236 αὐτοῦ.

2103 1258 2177 1316 ς’.
2219 1248 2341 1305 Ὅτι
2366 1253 2453 1321 μὴ
2488 1251 2583 1321 δεῖ
2617 1251 2746 1317 ταῖς
2775 1249 2894 1304 τῶν
2939 1248 3185 1303 πολλῶν
3211 1252 3537 1321 προσέχειν
3573 1252 3674 1308 δό-

2171 1321 2325 1389 ξαις,
2370 1320 2526 1391 μηδὲ
2568 1321 2680 1389 τῆς
2727 1321 2879 1388 ιδίας
2933 1321 3348 1388 μετατίθεσθαι
3401 1320 3674 1391 προαιρέ-

2169 1408 2325 1458 σεως
2385 1391 2491 1460 ,διὰ
2551 1391 2808 1446 θανάτου
2873 1391 3079 1459 φόϐον.
3152 1391 3283 1444 Ἀπὸ
3359 1391 3468 1446 τοῦ
3534 1393 3672 1465 Κρί-

2168 1478 2356 1524 τωνος.

2099 1527 2164 1595 ζ’.
2207 1532 2329 1584 ’Ὁτι
2380 1532 2466 1601 μὴ
2515 1530 2611 1585 δεῖ
2654 1530 2983 1601 ἀμύνεσθαι
3043 1529 3186 1601 τοὺς
3239 1529 3466 1601 ἀδικεῖν
3514 1529 3674 1600 ἡμᾶς

2171 1599 2792 1670 παρεσκευασμένους.
2834 1599 2965 1670 Ἀπὸ
2994 1600 3098 1670 τοῦ
3125 1600 3334 1670 αὑτοῦ.

2099 1676 2172 1742 η’.
2213 1668 2332 1742 ’Ότι
2353 1673 2439 1740 μὴ
2473 1668 2566 1742 δεῖ
2597 1671 2670 1723 τὰ
2702 1669 2871 1742 ἅπαξ-
2906 1668 3092 1742 ὀρθῶς
3117 1669 3389 1742 κριθέντα
3415 1669 3668 1742 ᾁθετεῒν,

2163 1741 2302 1808 μηδ’
2330 1739 2380 1795 εί
2427 1739 2684 1795 θάνατόν
2727 1759 2816 1806 τις
2847 1739 3074 1808 ἐπάγοι.
3118 1740 3380 1807 Ἀρμόσει
3421 1739 3490 1792 δὲ
3523 1740 3674 1808 πρὸς

2029 1825 2076 1886 Β
2167 1807 2313 1886 τοὺς
2335 1813 2431 1886 Aer
2481 1810 2707 1878 καιροῖς
2755 1807 3023 1878 διωγμῶν
3063 1808 3505 1878 ἐξομνυμένους
3558 1807 3673 1879 τὴν

2169 1882 2501 1934 εὐσέϐειαν.

2101 1947 2169 2002 0'.
2220 1951 2446 2015 Ὀποῖός
2483 1963 2627 2003 ποτε
2649 1948 2820 2002 ἔσται
2862 1947 2977 2016 τὴν
2997 1947 3271 2002 διάθεσιν
3297 1951 3331 2002 ὀ
3361 1947 3461 2002 διὰ
3493 1950 3672 2004 θανά-

2169 2037 2275 2104 του
2303 2019 2927 2104 φόϐονμεεομνύμενος
2951 2019 3080 2104 τὴν⁸
3103 2018 3328 2104 οὶὶκείαν
3364 2020 3669 2104 πρόθεσιν.

2101 2085 2154 2142 ι’.
2196 2085 2318 2143 Ὅτι
2357 2089 2437 2158 μὴ
2481 2089 2603 2142 δέοι
2624 2085 2891 2158 έρεύγειν
2919 2089 3024 2140 τὸν
3052 2087 3204 2158 ὑπὲρ
3245 2087 3356 2156 τῆς
3383 2089 3671 2157 ἀληθείας

2171 2157 2448 2214 θάνατον.
2488 2158 2622 2212 Ἀπύ
2653 2157 3112 2228 τῆςίΣωκράτους
3156 2157 3491 2228 Ἀπολογίας.

2102 2226 2190 2282 ια’.
2234 2229 2427 2295 Ὅπως
2470 2229 2595 2282 δέοι
2625 2226 2802 2296 τιμᾷν
2829 2225 2936 2280 τὸν
2963 2225 3218 2282 θάνατον
3243 2225 3369 2281 τῶν
3405 2227 3670 2294 εὐκλεῶς

2163 2298 2673 2366 μεταλλαξάντων
2716 2297 2822 2350 τὸν
2855 2298 3000 2366 ,Βίοφ⁴
3018 2313 3032 2327 ·
3071 2297 3141 2350 ὲκ
3178 2297 3282 2350 τοῦ
3327 2297 3667 2365 Πλάτωνος.

2103 2365 2187 2420 t6".
2250 2369 2441 2434 Ὅπως
2485 2368 2584 2420 καὶ
2631 2369 2664 2420 ό
2706 2367 2820 2434 πρὸ
2857 2365 3026 2436 ἡμῶν
3076 2367 3145 2432 ἐξ
3198 2369 3480 2437 Ἑϐραίων
3533 2369 3672 2436 Ἀρι-

2168 2438 2501 2503 στόϐουλος
2567 2439 2600 2490 ό
2667 2437 3128 2504 Περιπατητικὸς
3199 2436 3298 2490 ἐκ
3344 2436 3454 2505 τῆς
3531 2438 3668 2506 παρ’

2180 2507 2470 2575 Ἑϐραίοις
2494 2506 2856 2576 φιλοσοφίας
2901 2506 3179 2576 ὁμολογεῖ
3196 2506 3337 2575 τοὺς
3369 2508 3672 2576 Ἕλληνας

2169 2575 2494 2630 ὡοιιῆσθαι.

2169 2594 2494 2645 ωρμησσαι.

2103 2649 2190 2712 ιγ’.
2242 2649 2330 2712 Ὠς
2377 2646 2477 2700 καὶ
2515 2643 2762 2714 Κλήμης
2809 2646 3024 2714 ὁμοίως
3066 2644 3140 2699 τὰ
3198 2646 3396 2712 καλῶς
3443 2648 3670 2714 ’Ἐλλη-

2167 2730 2273 2769 σιν
2293 2716 2573 2785 εἰρημένα
2592 2718 2883 2784 σύμφωνα
2906 2715 3220 2785 τυγχάνειν
3239 2717 3362 2782 τοῖς
3390 2718 3669 2784 Ἐϐραίων

2169 2787 2499 2908 ἥαρίστησι
2554 2785 2868 2856 δόγμασιν.
2944 2784 3086 2839 Ἀπὸ
3146 2787 3252 2840 τοῦ
3303 2793 3346 2840 ε’
3403 2788 3668 2857 Στρωμα-

2169 2873 2200 2908 τ
2230 2873 2323 2908 ωε.

2167 2873 2323 2919 τεως.

2102 2924 2182 2979 ιδ’.
2224 2926 2346 2979 Ὅτι
2387 2924 2476 2995 μὴ
2525 2925 2722 2978 πάντα
2765 2924 3062 2995 ἐπιτυχῶς
3107 2925 3334 2992 alpheae
3380 2923 3462 2989 τῷ
3510 2925 3669 2979 Πλά-

2166 3012 2334 3048 τωνι·
2364 2994 2457 3048 διὸ
2487 2998 2600 3049 οὐκ
2627 2995 2857 3063 ἀλόγως
2887 2994 3001 3061 τὴν
3042 2995 3170 3048 κατ’
3196 2996 3383 3049 αὺτὸν
3406 2995 3670 3063 παρῃτή-

2163 3068 2315 3134 μεθα
2337 3065 2720 3134 φιλοσοφίαν,
2747 3063 2818 3117 τὰ
2853 3063 2921 3116 δὲ
2957 3064 3237 3132 Ἑϐραίων
3259 3063 3670 3134 ἀποδεχόμεθα

2023 3165 2069 3228 C
2147 3135 2364 3223 ’λόγια

2100 3222 2180 3256 ιε.
2242 3208 2344 3256 Οτι

2120 3202 2180 3261 ε’.
2221 3202 2344 3258 Ὀτι
2381 3202 2468 3273 μὴ
2511 3203 2771 3259 καθόλου
2813 3202 3012 3273 ὀρθῶς
3031 3206 3064 3257 ό
3109 3203 3360 3258 Πλάτων
3400 3203 3510 3258 τὸν
3535 3204 3672 3273 περὶ

2168 3274 2287 3362 τῶν
2337 3272 2570 3355 [omne
2623 3272 2851 3328 οὐσιῶν
2905 3272 3210 3344 ἐφώδευσε
3269 3275 3474 3344 λόγον,
3532 3272 3672 3330 ἀλλ’

2101 3346 2460 3482 ις’ξῇξιίιιῖἷ
2502 3412 2784 3483 Ἑϐραίοις
2816 3413 3028 3483 ὁμοίως
3065 3411 3216 3466 κατὰ
3253 3410 3451 3467 πάντα
3484 3411 3671 3481 ὀρθῶς

2165 3483 2420 3547 ἐδόξασε
2443 3482 2576 3551 περὶ
2603 3482 2811 3551 ψυχῆς
2845 3482 2878 3537 ὀ
2903 3482 3173 3536 Πλάτων.

2101 3551 2186 3616 ιζ’.
2233 3553 2351 3605 Ὅτι
2381 3550 2530 3606 κατὰ
2559 3549 2849 3622 Πλάτωνα
2885 3553 2970 3622 μὴ
3001 3551 3073 3622 ἐξ
3111 3551 3380 3622 ἀπαθοῦς
3415 3549 3516 3604 καὶ
3558 3567 3669 3604 πα-

2169 3621 2355 3691 θητῆς
2405 3622 2638 3691 οὐσίας,
2686 3621 2724 3687 ἡ
2776 3620 3122 3690 τῆςήψνυχῆς
3171 3620 3511 3688 συνέστηκε
3561 3623 3672 3689 φύε

2168 3690 2312 3775 σιςέ
2336 3692 2468 3746 Ἀπὸ
2499 3690 2619 3744 τῶν
2645 3694 2759 3744 Σευ

2100 3761 2377 3903 ιη’ῒυῆἓιξί
2407 3829 2669 3903 οὐρανοῦ
2715 3831 2814 3903 καὶ
2859 3830 2977 3903 τῶν
2999 3831 3088 3903 μέν
3105 3828 3285 3903 Δαὐτῷ
3321 3829 3670 3903 φωστήρων,

2169 3900 2257 3953 ὅτι
2306 3898 2392 3970 μὴ
2443 3901 2702 3953 καθόλου
2759 3898 2944 3968 ὀρθῶς
2987 3900 3298 3970 ἐδόξασεζ
3317 3903 3350 3954 ό
3402 3898 3668 3954 Πλάτων.

2181 3967 2469 4041 hac):th
2526 3967 2881 4041 Ἐπινομίδος,
2944 3971 3041 4024 καὶ
3102 3970 3196 4022 τοῦ
3256 3967 3508 4041 Τιμαίου,
3571 3971 3672 4024 καὶ

2665 4039 2732 4092 ῶν
2770 4039 3000 4110 Νόμων.
3042 4039 3526 4110 ’ἈπερίΜωῢσῆς
3570 4042 3671 4094 σέ-

2169 4111 2296 4163 ϐειν
2332 4109 2709 4198 ᾀπαγορεύει,
2747 4109 2828 4176 ὡς
2857 4109 2956 4164 καὶ
2992 4112 3025 4164 ὀ
3065 4109 3324 4178 Ἑϐραῖος
3353 4111 3551 4164 Φίλων
3576 4111 3673 4179 ἐρ-

2101 4197 2445 4335 ιθξψθᾟὲα
2473 4247 2605 4317 περὶ
2645 4247 2945 4318 γυναικῶν
2980 4250 3093 4303 οὐκ
3140 4246 3327 4318 ὀρθῶς
3358 4253 3391 4304 ό
3424 4249 3674 4305 Πλάτων

2169 4319 2498 4383 διετάξατο.

2099 4395 2170 4444 κ’.
2221 4389 2425 4442 Ὀποῖα
2452 4387 2585 4455 περὶ
2623 4387 2838 4457 ἔρωτος
2881 4388 3177 4457 ἐκθέσμου
3210 4391 3243 4441 ό
3265 4389 3446 4455 αὐτὸς
3484 4389 3671 4443 διετά-

2173 4460 2316 4535 ξαιχ)
2459 4452 2698 4535 φαίδρῴ,
2723 4452 2822 4535 01g:
2842 4452 3103 4535 Μωυσῆς
3141 4452 3595 4535 ἀντινομοθετεῖ.

2764 3691 2910 3759 ήρου
2940 3693 3048 3746 τοῦ
3083 3693 3498 3756 Πλατωνικοῦ,
3538 3691 3674 3762 Περὶ

2168 4041 2274 4094 τοῦ
2326 4038 2580 4093 δεκάτου
2622 4038 2732 4092 τῶν
2782 4039 2860 4092 Νό

431 4509 1997 4603 ειξ’ὖέἱὲῇίὸιῖἕὶὶῖᾶεᾶνὶὲῖᾱά’ἔωὶιὲἷρὲνὶἶιῖἔιῖἷίιῖιῖέζ’τὶὲἇέ

2104 4509 2394 4603 χῇερίιί
2410 4509 2531 4603 εει
2552 4509 2713 4603 sub;
2732 4509 3297 4603 ηῑιάέφάρλεδιιᾳκῷι
3317 4509 3669 4603 tamen.

503 4603 722 4674 gnailla
747 4604 971 4657 hominis
998 4612 1164 4674 mente
1190 4603 1421 4671 indignis
1451 4619 1468 4658 :
1498 4603 1808 4673 quibuscum
1840 4603 2000 4674 Mog-

505 4675 578 4726 sis
607 4673 739 4744 leges
777 4673 1182 4728 committendaz.

885 4764 1050 4835 639
1110 4761 1529 4819 PROOEMIUM.

502 4855 638 4909 Cum
669 4855 1042 4926 superioribus
1072 4856 1227 4916 libris
1262 4857 1580 4921 viderimus,
1631 4856 1906 4912 Platonica
1940 4867 2002 4912 ut

430 4947 724 5017 plurimum
766 4947 1148 5017 philosophia,
1201 4946 1405 5018 Moysis
1453 4956 1506 5001 et
1528 4962 1812 5003 sacrorum
1855 4949 1999 5018 apud

432 5037 687 5094 Hebraeos
725 5040 1067 5096 oraculorum
1113 5040 1404 5110 quamdam
1457 5040 1615 5110 quasi
1662 5040 1906 5096 Graecam
1943 5041 1997 5096 in

431 5131 670 5202 linguam
735 5132 1144 5187 conversionem
1215 5131 1528 5186 contineri:
1590 5147 1690 5187 nos
1742 5132 1998 5202 deinceps

431 5223 628 5293 partim
668 5238 789 5293 quae
818 5223 946 5279 huic
983 5222 1339 5293 disputationi
1368 5223 1567 5278 desunt
1615 5223 1995 5292 adiungemus,

430 5316 626 5386 partim
661 5331 782 5385 qua:
820 5331 849 5370 a
890 5317 1192 5386 superioris
1235 5315 1510 5370 memoria
1548 5316 1909 5385 scriptoribus
1941 5319 1994 5371 in

431 5407 693 5462 similium
724 5409 968 5464 locorum
1001 5410 1323 5464 tractatione
1351 5409 1494 5463 dicta
1523 5419 1668 5473 sunt,
1706 5426 1996 5482 perseque-

429 5514 593 5566 mur;
624 5499 691 5554 ad
722 5510 1022 5555 extremum
1079 5503 1380 5571 speciosam
1415 5503 1560 5556 illam
1605 5503 1994 5558 nonnullorum

430 5591 864 5646 criminationem
911 5593 1224 5648 diluemus:
1283 5592 1490 5663 Ecquid
1545 5595 1759 5650 tandem
1816 5612 1995 5651 causa:

431 5683 523 5748 sit,
588 5683 939 5751 quamobrem
992 5684 1036 5739 si
1077 5683 1246 5754 Moysi
1274 5692 1378 5738 tam
1433 5696 1797 5740 consentanee
1841 5686 1996 5741 Plato

433 5771 847 5842 philosophatus
898 5773 1247 5842 est,Moysis
1300 5775 1482 5843 potius
1545 5794 1708 5846 quam
1751 5778 1991 5834 Platonis

2173 4598 2361 4661 ἀξίων
2399 4598 2591 4652 ὄντων
2620 4597 2729 4666 τῆς
2755 4598 3152 4666 μεγαλονοίας
3180 4596 3503 4666 αὺτοῦ,ίοῖς
3530 4599 3671 4664 τοὺς

2173 4666 2468 4734 Μωῢσέως
2488 4667 3055 4736 ἀντιπαραϐλητέον.

2685 4779 3092 4832 ΠΡΟΟΙΜΙΟΝ.

2185 4870 2398 4942 Ἐπειδὴ
2439 4869 2676 4941 πέφηνεν
2704 4870 2761 4924 ὲν
2801 4873 2913 4934 τοῖς
2941 4870 3048 4942 πρὸ
3081 4868 3271 4925 τούτου
3310 4871 3674 4942 συγγράμμα-

2100 4979 2185 5016 σιν
2226 4963 2260 5034 ἡ
2305 4961 2449 5017 κατὰ
2497 4961 2758 5016 Πλάτωνα
2807 4961 3092 5031 φιλοσοφία
3139 4962 3279 5016 κατὰ
3328 4963 3394 5016 τὰ
3427 4963 3671 5024 πλεῖστα,

2099 5053 2376 5115 Μωῦσέως
2399 5051 2497 5106 καὶ
2538 5052 2646 5105 τῶν
2684 5055 2810 5124 παρ’
2843 5051 3113 5123 Ἑϐραίοις
3157 5052 3318 5125 ἱερῶν
3358 5054 3530 5122 λόγων
3578 5056 3668 5124 ἐρα

2103 5143 2328 5214 μηνείαν
2369 5143 2558 5216 ὥσπερ
2586 5145 2678 5196 ἐπὶ
2704 5145 2801 5216 τὴν
2839 5145 3060 5201 Ἐλλάδα
3102 5147 3284 5216 φωνὴν
3322 5146 3671 5218 περιέχουσα,

2098 5232 2325 5305 ἔρχομαι
2359 5233 2454 5287 νῦν
2482 5232 2616 5304 ὁμοῦ
2644 5235 2736 5287 καὶ
2760 5235 2829 5289 τὰ
2859 5235 3110 5291 λείποντα
3138 5236 3570 5308 προσαποδοῦναι
3598 5234 3674 5306 τῷ

2098 5319 2260 5391 λόγῳ,
2295 5323 2391 5376 καὶ
2431 5322 2501 5375 τὰ
2527 5325 2638 5385 τοῖς
2671 5323 2778 5396 πρὸ
2819 5325 2976 5394 ἡμῶν
3027 5327 3107 5389 εἰς
3134 5327 3262 5389 τοὺς
3292 5326 3492 5388 τόπους
3524 5328 3673 5397 εἰρη-

2101 5413 2242 5483 μένα
2288 5413 2514 5466 διελθεῖν
2541 5431 2554 5445 ο
2602 5414 2737 5485 όμοῦ
2787 5417 2882 5470 καὶ
2931 5416 3182 5486 διαϐολῆς
3227 5418 3446 5486 εὐλόγου
3493 5419 3674 5473 αἰτίαν

2098 5506 2522 5577 ἀπολυσόμενος,
2553 5510 2600 5560 εί
2627 5508 2689 5580 δή
2723 5525 2806 5572 τις
2838 5511 2968 5580 ἡμῖν
2998 5510 3272 5564 ἐπικαλῶν
3307 5511 3462 5581 φαίη,
3493 5511 3559 5562 Τί
3581 5510 3674 5580 δή-

2097 5599 2215 5650 ποτ’
2247 5593 2361 5664 οὖν,
2387 5598 2667 5662 Μωῡσέως
2694 5601 2787 5652 καὶ
2819 5600 3103 5665 Πλάτωνος
3147 5601 3218 5654 τὰ
3264 5601 3472 5674 συνῳδὰ
3512 5618 3671 5669 πεφι-

2097 5687 2495 5758 λοσοφηκότων,
2540 5688 2660 5760 οὐχὶ
2692 5689 2762 5743 τὰ
2799 5691 3103 5756 Πλάτωνος,
3137 5692 3272 5746 ἀλλὰ
3299 5693 3367 5746 τὰ
3396 5693 3671 5754 Μωῦσὲως

2101 5779 2345 5850 μέτιμεν,
2382 5778 2688 5850 τοῦμπαλιν
2714 5781 2852 5848 δέον,
2898 5783 2980 5837 ὅτι
3018 5784 3082 5854 δὴ
3125 5785 3261 5855 πρὸς
3287 5788 3398 5848 τοῖς
3427 5786 3562 5848 ἴσοις
3586 5785 3669 5837 66-
