  <div class='ocr_page' id='page_1' title='image "/cluster/home/n/w/nwhite01/storage/ocr_20150623/21:no.3/coo.31924054873017/546.png"; bbox 0 0 4122 6414; ppageno 0'>
   <div class='ocr_carea' id='block_1_1' title="bbox 388 350 520 405">
    <p class='ocr_par' dir='ltr' id='par_1_1' title="bbox 388 350 520 405">
     <span class='ocr_line' id='line_1_1' title="bbox 388 350 520 405; baseline -0.008 0"><span class='ocrx_word' id='word_1_1' title='bbox 388 350 520 405; x_wconf 78' lang='grc'><strong>1061</strong></span> 
     </span>
    </p>
   </div>
   <div class='ocr_carea' id='block_1_2' title="bbox 1512 337 2464 398">
    <p class='ocr_par' dir='ltr' id='par_1_2' title="bbox 1512 337 2464 398">
     <span class='ocr_line' id='line_1_2' title="bbox 1512 337 2464 398; baseline -0.006 0"><span class='ocrx_word' id='word_1_2' title='bbox 1512 343 1828 398; x_wconf 67' lang='lat' dir='ltr'><strong>PII/EPAR.</strong></span> <span class='ocrx_word' id='word_1_3' title='bbox 1875 340 2119 397; x_wconf 71' lang='lat' dir='ltr'><strong>EVANG.</strong></span> <span class='ocrx_word' id='word_1_4' title='bbox 2158 339 2286 395; x_wconf 86' lang='lat' dir='ltr'><strong>LIB.</strong></span> <span class='ocrx_word' id='word_1_5' title='bbox 2329 337 2464 393; x_wconf 79' lang='lat' dir='ltr'>XIII.</span> 
     </span>
    </p>
   </div>
   <div class='ocr_carea' id='block_1_3' title="bbox 3490 334 3627 388">
    <p class='ocr_par' dir='ltr' id='par_1_3' title="bbox 3490 334 3627 388">
     <span class='ocr_line' id='line_1_3' title="bbox 3490 334 3627 388; baseline 0.015 -2"><span class='ocrx_word' id='word_1_6' title='bbox 3490 334 3510 386; x_wconf 86' lang='lat' dir='ltr'><strong>I</strong></span> <span class='ocrx_word' id='word_1_7' title='bbox 3521 334 3627 388; x_wconf 75' lang='lat'><strong>06?.</strong></span> 
     </span>
    </p>
   </div>
   <div class='ocr_carea' id='block_1_4' title="bbox 385 452 1947 540">
    <p class='ocr_par' dir='ltr' id='par_1_4' title="bbox 385 461 1947 540">
     <span class='ocr_line' id='line_1_4' title="bbox 385 461 1947 540; baseline -0.003 -19"><span class='ocrx_word' id='word_1_8' title='bbox 385 485 558 540; x_wconf 86' lang='grc' dir='ltr'>γμασι</span> <span class='ocrx_word' id='word_1_9' title='bbox 597 468 887 540; x_wconf 79' lang='grc' dir='ltr'>προσήκων</span> <span class='ocrx_word' id='word_1_10' title='bbox 925 469 1052 538; x_wconf 83' lang='grc' dir='ltr'>ἡμῖν</span> <span class='ocrx_word' id='word_1_11' title='bbox 1099 467 1291 534; x_wconf 80' lang='grc' dir='ltr'>γένοιτ’</span> <span class='ocrx_word' id='word_1_12' title='bbox 1343 465 1409 518; x_wconf 84' lang='grc' dir='ltr'>ἂν</span> <span class='ocrx_word' id='word_1_13' title='bbox 1449 465 1703 535; x_wconf 82' lang='grc' dir='ltr'>Ἕλλησιν</span> <span class='ocrx_word' id='word_1_14' title='bbox 1735 461 1882 518; x_wconf 80' lang='grc' dir='ltr'>οὖσιν</span> <span class='ocrx_word' id='word_1_15' title='bbox 1929 467 1947 517; x_wconf 77' lang='grc' dir='ltr'><strong><em>ἐ</em></strong></span> 
     </span>
    </p>
   </div>
   <div class='ocr_carea' id='block_1_5' title="bbox 2048 452 3622 540">
    <p class='ocr_par' dir='ltr' id='par_1_5' title="bbox 2057 452 3622 531">
     <span class='ocr_line' id='line_1_5' title="bbox 2057 452 3622 531; baseline -0.008 -14"><span class='ocrx_word' id='word_1_16' title='bbox 2057 463 2360 518; x_wconf 77' lang='lat' dir='ltr'><strong>doctrinam</strong></span> <span class='ocrx_word' id='word_1_17' title='bbox 2413 475 2726 531; x_wconf 84' lang='lat' dir='ltr'><strong>sequamur,</strong></span> <span class='ocrx_word' id='word_1_18' title='bbox 2783 475 2908 516; x_wconf 88' lang='lat' dir='ltr'><strong>cum</strong></span> <span class='ocrx_word' id='word_1_19' title='bbox 2962 473 3121 514; x_wconf 91' lang='lat' dir='ltr'><strong>secus</strong></span> <span class='ocrx_word' id='word_1_20' title='bbox 3170 455 3358 526; x_wconf 91' lang='lat' dir='ltr'><strong>utique</strong></span> <span class='ocrx_word' id='word_1_21' title='bbox 3420 452 3622 506; x_wconf 85' lang='lat' dir='ltr'><strong>factum</strong></span> 
     </span>
    </p>
   </div>
   <div class='ocr_carea' id='block_1_6' title="bbox 398 554 1951 631">
    <p class='ocr_par' dir='ltr' id='par_1_6' title="bbox 398 554 1951 631">
     <span class='ocr_line' id='line_1_6' title="bbox 398 554 1951 631; baseline -0.005 -18"><span class='ocrx_word' id='word_1_22' title='bbox 398 559 706 631; x_wconf 84' lang='grc' dir='ltr'>Ἑλληνικὸς</span> <span class='ocrx_word' id='word_1_23' title='bbox 754 558 949 629; x_wconf 83' lang='grc' dir='ltr'>μᾶλλον</span> <span class='ocrx_word' id='word_1_24' title='bbox 993 558 1025 628; x_wconf 87' lang='grc' dir='ltr'>ἢ</span> <span class='ocrx_word' id='word_1_25' title='bbox 1059 559 1088 611; x_wconf 86' lang='grc' dir='ltr'>ὁ</span> <span class='ocrx_word' id='word_1_26' title='bbox 1129 556 1414 626; x_wconf 84' lang='grc' dir='ltr'>βάρϐαρος.</span> <span class='ocrx_word' id='word_1_27' title='bbox 1458 554 1659 607; x_wconf 85' lang='grc' dir='ltr'>Ὀκνῶν</span> <span class='ocrx_word' id='word_1_28' title='bbox 1693 554 1748 606; x_wconf 85' lang='grc' dir='ltr'><strong>δέ</strong></span> <span class='ocrx_word' id='word_1_29' title='bbox 1779 555 1951 607; x_wconf 85' lang='grc' dir='ltr'>ἀπαν-</span> 
     </span>
    </p>
   </div>
   <div class='ocr_carea' id='block_1_7' title="bbox 383 643 1952 725">
    <p class='ocr_par' dir='ltr' id='par_1_7' title="bbox 383 643 1952 725">
     <span class='ocr_line' id='line_1_7' title="bbox 383 643 1952 725; baseline -0.006 -19"><span class='ocrx_word' id='word_1_30' title='bbox 383 656 544 725; x_wconf 82' lang='grc' dir='ltr'>τῆσαι</span> <span class='ocrx_word' id='word_1_31' title='bbox 576 652 712 723; x_wconf 88' lang='grc' dir='ltr'>πρὸς</span> <span class='ocrx_word' id='word_1_32' title='bbox 742 649 914 714; x_wconf 79' lang='grc' dir='ltr'>τοῦτο,</span> <span class='ocrx_word' id='word_1_33' title='bbox 945 650 1084 702; x_wconf 79' lang='grc' dir='ltr'>αἰδοῖ</span> <span class='ocrx_word' id='word_1_34' title='bbox 1112 651 1176 719; x_wconf 83' lang='grc' dir='ltr'>τῇ</span> <span class='ocrx_word' id='word_1_35' title='bbox 1224 647 1356 718; x_wconf 82' lang='grc' dir='ltr'>πρὸς</span> <span class='ocrx_word' id='word_1_36' title='bbox 1382 647 1472 700; x_wconf 86' lang='grc' dir='ltr'><strong>τὸν</strong></span> <span class='ocrx_word' id='word_1_37' title='bbox 1500 647 1803 715; x_wconf 88' lang='grc' dir='ltr'>φιλόσοφον,</span> <span class='ocrx_word' id='word_1_38' title='bbox 1831 643 1952 697; x_wconf 82' lang='grc' dir='ltr'><strong>τοῦ-</strong></span> 
     </span>
    </p>
   </div>
   <div class='ocr_carea' id='block_1_8' title="bbox 382 733 1950 814">
    <p class='ocr_par' dir='ltr' id='par_1_8' title="bbox 382 733 1950 814">
     <span class='ocr_line' id='line_1_8' title="bbox 382 733 1950 814; baseline -0.008 -17"><span class='ocrx_word' id='word_1_39' title='bbox 382 763 474 798; x_wconf 86' lang='grc' dir='ltr'><strong>τον</strong></span> <span class='ocrx_word' id='word_1_40' title='bbox 508 743 606 814; x_wconf 84' lang='grc' dir='ltr'><strong>μὲν</strong></span> <span class='ocrx_word' id='word_1_41' title='bbox 640 744 720 806; x_wconf 82' lang='grc' dir='ltr'>εἰς</span> <span class='ocrx_word' id='word_1_42' title='bbox 762 741 985 812; x_wconf 74' lang='grc' dir='ltr'>ὕστερον</span> <span class='ocrx_word' id='word_1_43' title='bbox 1025 738 1344 809; x_wconf 80' lang='grc' dir='ltr'>ἀνατίθεμαι</span> <span class='ocrx_word' id='word_1_44' title='bbox 1376 737 1466 790; x_wconf 86' lang='grc' dir='ltr'><strong>τὸν</strong></span> <span class='ocrx_word' id='word_1_45' title='bbox 1493 736 1676 804; x_wconf 87' lang='grc' dir='ltr'>λόγον·</span> <span class='ocrx_word' id='word_1_46' title='bbox 1708 733 1776 788; x_wconf 84' lang='grc' dir='ltr'>τὰ</span> <span class='ocrx_word' id='word_1_47' title='bbox 1802 734 1857 786; x_wconf 86' lang='grc' dir='ltr'><strong>δέ</strong></span> <span class='ocrx_word' id='word_1_48' title='bbox 1887 751 1950 802; x_wconf 89' lang='grc' dir='ltr'><strong>γε</strong></span> 
     </span>
    </p>
   </div>
   <div class='ocr_carea' id='block_1_9' title="bbox 381 821 1949 905">
    <p class='ocr_par' dir='ltr' id='par_1_9' title="bbox 381 821 1949 905">
     <span class='ocr_line' id='line_1_9' title="bbox 381 821 1949 905; baseline -0.008 -16"><span class='ocrx_word' id='word_1_49' title='bbox 381 835 576 905; x_wconf 83' lang='grc' dir='ltr'>πρῶτά</span> <span class='ocrx_word' id='word_1_50' title='bbox 607 851 695 904; x_wconf 86' lang='grc' dir='ltr'><strong>μοι</strong></span> <span class='ocrx_word' id='word_1_51' title='bbox 725 832 981 903; x_wconf 84' lang='grc' dir='ltr'>λεχθέντα</span> <span class='ocrx_word' id='word_1_52' title='bbox 1010 831 1198 900; x_wconf 87' lang='grc' dir='ltr'>πρῶτα</span> <span class='ocrx_word' id='word_1_53' title='bbox 1230 829 1605 898; x_wconf 78' lang='grc' dir='ltr'>διασκέψομαι.</span> <span class='ocrx_word' id='word_1_54' title='bbox 1637 825 1828 879; x_wconf 86' lang='grc' dir='ltr'>Λαϐὼν</span> <span class='ocrx_word' id='word_1_55' title='bbox 1855 821 1949 878; x_wconf 85' lang='grc' dir='ltr'>οὖν</span> 
     </span>
    </p>
   </div>
   <div class='ocr_carea' id='block_1_10' title="bbox 382 916 1949 993">
    <p class='ocr_par' dir='ltr' id='par_1_10' title="bbox 382 916 1949 993">
     <span class='ocr_line' id='line_1_10' title="bbox 382 916 1949 993; baseline -0.006 -14"><span class='ocrx_word' id='word_1_56' title='bbox 382 924 674 993; x_wconf 84' lang='grc' dir='ltr'>ἀνάγνωθι,</span> <span class='ocrx_word' id='word_1_57' title='bbox 707 921 896 976; x_wconf 81' lang='grc' dir='ltr'>ὁποίαν</span> <span class='ocrx_word' id='word_1_58' title='bbox 924 924 1158 992; x_wconf 76' lang='grc' dir='ltr'>ἐπήγετο</span> <span class='ocrx_word' id='word_1_59' title='bbox 1187 919 1341 985; x_wconf 82' lang='grc' dir='ltr'>δόξαν</span> <span class='ocrx_word' id='word_1_60' title='bbox 1377 921 1405 972; x_wconf 84' lang='grc' dir='ltr'>ὁ</span> <span class='ocrx_word' id='word_1_61' title='bbox 1435 918 1658 971; x_wconf 84' lang='grc' dir='ltr'><strong>Πλάτων</strong></span> <span class='ocrx_word' id='word_1_62' title='bbox 1687 916 1949 988; x_wconf 76' lang='grc' dir='ltr'>περὶτῶν</span> 
     </span>
    </p>
   </div>
   <div class='ocr_carea' id='block_1_11' title="bbox 394 1009 1944 1087">
    <p class='ocr_par' dir='ltr' id='par_1_11' title="bbox 394 1009 1944 1087">
     <span class='ocr_line' id='line_1_11' title="bbox 394 1009 1944 1087; baseline -0.006 -17"><span class='ocrx_word' id='word_1_63' title='bbox 394 1015 720 1087; x_wconf 83' lang='grc' dir='ltr'>Ἑλληνικῶν</span> <span class='ocrx_word' id='word_1_64' title='bbox 765 1015 1027 1082; x_wconf 89' lang='grc' dir='ltr'>θεολόγων</span> <span class='ocrx_word' id='word_1_65' title='bbox 1055 1031 1114 1065; x_wconf 90' lang='grc' dir='ltr'><strong>τε</strong></span> <span class='ocrx_word' id='word_1_66' title='bbox 1143 1012 1237 1065; x_wconf 79' lang='grc' dir='ltr'>καὶ</span> <span class='ocrx_word' id='word_1_67' title='bbox 1271 1010 1528 1081; x_wconf 80' lang='grc' dir='ltr'><strong>ποιητῶν,</strong></span> <span class='ocrx_word' id='word_1_68' title='bbox 1553 1011 1700 1073; x_wconf 83' lang='grc' dir='ltr'>ὅπως</span> <span class='ocrx_word' id='word_1_69' title='bbox 1740 1027 1799 1064; x_wconf 88' lang='grc' dir='ltr'><strong>τε</strong></span> <span class='ocrx_word' id='word_1_70' title='bbox 1839 1009 1944 1061; x_wconf 88' lang='grc' dir='ltr'>πά-</span> 
     </span>
    </p>
   </div>
   <div class='ocr_carea' id='block_1_12' title="bbox 385 1099 1945 1175">
    <p class='ocr_par' dir='ltr' id='par_1_12' title="bbox 385 1099 1945 1175">
     <span class='ocr_line' id='line_1_12' title="bbox 385 1099 1945 1175; baseline -0.006 -15"><span class='ocrx_word' id='word_1_71' title='bbox 385 1121 485 1170; x_wconf 80' lang='grc' dir='ltr'><strong>σας</strong></span> <span class='ocrx_word' id='word_1_72' title='bbox 512 1105 613 1168; x_wconf 81' lang='grc' dir='ltr'>τὰς</span> <span class='ocrx_word' id='word_1_73' title='bbox 638 1103 897 1175; x_wconf 81' lang='grc' dir='ltr'>πατρίους</span> <span class='ocrx_word' id='word_1_74' title='bbox 925 1102 1054 1173; x_wconf 73' lang='grc' dir='ltr'>περὶ</span> <span class='ocrx_word' id='word_1_75' title='bbox 1095 1101 1201 1154; x_wconf 88' lang='grc' dir='ltr'><strong>τῶν</strong></span> <span class='ocrx_word' id='word_1_76' title='bbox 1241 1100 1377 1153; x_wconf 87' lang='grc' dir='ltr'>θεῶν</span> <span class='ocrx_word' id='word_1_77' title='bbox 1407 1099 1700 1170; x_wconf 81' lang='grc' dir='ltr'>ὑπολήψεις</span> <span class='ocrx_word' id='word_1_78' title='bbox 1743 1099 1945 1169; x_wconf 82' lang='grc' dir='ltr'>ήθέτει,</span> 
     </span>
    </p>
   </div>
   <div class='ocr_carea' id='block_1_13' title="bbox 383 1192 1488 1268">
    <p class='ocr_par' dir='ltr' id='par_1_13' title="bbox 383 1192 1488 1268">
     <span class='ocr_line' id='line_1_13' title="bbox 383 1192 1488 1268; baseline -0.006 -17"><span class='ocrx_word' id='word_1_79' title='bbox 383 1197 479 1251; x_wconf 80' lang='grc' dir='ltr'>καὶ</span> <span class='ocrx_word' id='word_1_80' title='bbox 504 1197 603 1268; x_wconf 82' lang='grc' dir='ltr'>τὴν</span> <span class='ocrx_word' id='word_1_81' title='bbox 637 1197 693 1248; x_wconf 85' lang='grc' dir='ltr'><strong>ἐν</strong></span> <span class='ocrx_word' id='word_1_82' title='bbox 725 1195 905 1257; x_wconf 76' lang='grc' dir='ltr'>αὐτοῖς</span> <span class='ocrx_word' id='word_1_83' title='bbox 934 1193 1161 1246; x_wconf 79' lang='grc' dir='ltr'>ἀτοπίαν</span> <span class='ocrx_word' id='word_1_84' title='bbox 1189 1192 1488 1263; x_wconf 83' lang='grc' dir='ltr'>διήλεγχεν.</span> 
     </span>
    </p>
   </div>
   <div class='ocr_carea' id='block_1_14' title="bbox 2058 547 3624 623">
    <p class='ocr_par' dir='ltr' id='par_1_14' title="bbox 2058 547 3624 623">
     <span class='ocr_line' id='line_1_14' title="bbox 2058 547 3624 623; baseline -0.005 -16"><span class='ocrx_word' id='word_1_85' title='bbox 2058 561 2351 623; x_wconf 82' lang='lat' dir='ltr'><strong>Oporteret,</strong></span> <span class='ocrx_word' id='word_1_86' title='bbox 2393 553 2538 622; x_wconf 92' lang='lat' dir='ltr'><strong>quod</strong></span> <span class='ocrx_word' id='word_1_87' title='bbox 2587 559 2785 622; x_wconf 86' lang='lat' dir='ltr'><strong>praeter</strong></span> <span class='ocrx_word' id='word_1_88' title='bbox 2833 551 3144 620; x_wconf 80' lang='lat' dir='ltr'><strong>dogmatum</strong></span> <span class='ocrx_word' id='word_1_89' title='bbox 3193 547 3624 612; x_wconf 78' lang='lat' dir='ltr'><strong>similitudinem,</strong></span> 
     </span>
    </p>
   </div>
   <div class='ocr_carea' id='block_1_15' title="bbox 2058 637 3625 714">
    <p class='ocr_par' dir='ltr' id='par_1_15' title="bbox 2058 637 3625 714">
     <span class='ocr_line' id='line_1_15' title="bbox 2058 637 3625 714; baseline -0.004 -16"><span class='ocrx_word' id='word_1_90' title='bbox 2058 646 2343 700; x_wconf 88' lang='lat' dir='ltr'><strong>nobiscum</strong></span> <span class='ocrx_word' id='word_1_91' title='bbox 2379 646 2564 709; x_wconf 89' lang='lat' dir='ltr'><strong>etiam,</strong></span> <span class='ocrx_word' id='word_1_92' title='bbox 2598 652 2783 714; x_wconf 87' lang='lat' dir='ltr'><strong>utpote</strong></span> <span class='ocrx_word' id='word_1_93' title='bbox 2827 642 3050 707; x_wconf 72' lang='lat' dir='ltr'><strong>Graecis,</strong></span> <span class='ocrx_word' id='word_1_94' title='bbox 3095 641 3284 696; x_wconf 69' lang='lat' dir='ltr'><strong>Graeco</strong></span> <span class='ocrx_word' id='word_1_95' title='bbox 3323 637 3495 708; x_wconf 85' lang='lat' dir='ltr'><strong>magis</strong></span> <span class='ocrx_word' id='word_1_96' title='bbox 3527 638 3625 692; x_wconf 85' lang='lat' dir='ltr'><strong>ho-</strong></span> 
     </span>
    </p>
   </div>
   <div class='ocr_carea' id='block_1_16' title="bbox 2056 733 3624 807">
    <p class='ocr_par' dir='ltr' id='par_1_16' title="bbox 2056 733 3624 807">
     <span class='ocr_line' id='line_1_16' title="bbox 2056 733 3624 807; baseline -0.006 -16"><span class='ocrx_word' id='word_1_97' title='bbox 2056 738 2190 792; x_wconf 88' lang='lat' dir='ltr'><strong>mini</strong></span> <span class='ocrx_word' id='word_1_98' title='bbox 2236 753 2402 807; x_wconf 90' lang='lat' dir='ltr'><strong>quam</strong></span> <span class='ocrx_word' id='word_1_99' title='bbox 2433 737 2667 792; x_wconf 88' lang='lat' dir='ltr'><strong>barbaro</strong></span> <span class='ocrx_word' id='word_1_100' title='bbox 2699 735 3036 792; x_wconf 87' lang='lat' dir='ltr'><strong>conveniret.</strong></span> <span class='ocrx_word' id='word_1_101' title='bbox 3093 733 3158 788; x_wconf 88' lang='lat' dir='ltr'><strong>Et</strong></span> <span class='ocrx_word' id='word_1_102' title='bbox 3191 733 3452 804; x_wconf 90' lang='lat' dir='ltr'><strong>quoniam</strong></span> <span class='ocrx_word' id='word_1_103' title='bbox 3501 744 3624 800; x_wconf 79' lang='lat' dir='ltr'><strong>ego,</strong></span> 
     </span>
    </p>
   </div>
   <div class='ocr_carea' id='block_1_17' title="bbox 2056 821 3625 897">
    <p class='ocr_par' dir='ltr' id='par_1_17' title="bbox 2056 821 3625 897">
     <span class='ocr_line' id='line_1_17' title="bbox 2056 821 3625 897; baseline -0.004 -16"><span class='ocrx_word' id='word_1_104' title='bbox 2056 843 2162 896; x_wconf 90' lang='lat' dir='ltr'><strong>qua</strong></span> <span class='ocrx_word' id='word_1_105' title='bbox 2193 827 2578 897; x_wconf 86' lang='lat' dir='ltr'><strong>philosophum</strong></span> <span class='ocrx_word' id='word_1_106' title='bbox 2609 828 2754 882; x_wconf 91' lang='lat' dir='ltr'><strong>hunc</strong></span> <span class='ocrx_word' id='word_1_107' title='bbox 2773 826 3117 882; x_wconf 85' lang='lat' dir='ltr'><strong>observantia</strong></span> <span class='ocrx_word' id='word_1_108' title='bbox 3148 838 3470 894; x_wconf 85' lang='lat' dir='ltr'><strong>prosequor,</strong></span> <span class='ocrx_word' id='word_1_109' title='bbox 3500 821 3625 874; x_wconf 87' lang='lat' dir='ltr'><strong>huic</strong></span> 
     </span>
    </p>
   </div>
   <div class='ocr_carea' id='block_1_18' title="bbox 2056 915 3626 988">
    <p class='ocr_par' dir='ltr' id='par_1_18' title="bbox 2056 915 3626 988">
     <span class='ocr_line' id='line_1_18' title="bbox 2056 915 3626 988; baseline -0.003 -15"><span class='ocrx_word' id='word_1_110' title='bbox 2056 917 2236 974; x_wconf 90' lang='lat' dir='ltr'><strong>adhuc</strong></span> <span class='ocrx_word' id='word_1_111' title='bbox 2275 919 2686 988; x_wconf 87' lang='lat' dir='ltr'><strong>reprehensioni</strong></span> <span class='ocrx_word' id='word_1_112' title='bbox 2729 934 3018 975; x_wconf 91' lang='lat' dir='ltr'><strong>occurrere</strong></span> <span class='ocrx_word' id='word_1_113' title='bbox 3054 934 3266 982; x_wconf 86' lang='lat' dir='ltr'><strong>vereor,</strong></span> <span class='ocrx_word' id='word_1_114' title='bbox 3302 918 3404 971; x_wconf 84' lang='lat' dir='ltr'><strong>hac</strong></span> <span class='ocrx_word' id='word_1_115' title='bbox 3432 915 3626 971; x_wconf 87' lang='lat' dir='ltr'><strong>tantis-</strong></span> 
     </span>
    </p>
   </div>
   <div class='ocr_carea' id='block_1_19' title="bbox 2052 999 3624 1080">
    <p class='ocr_par' dir='ltr' id='par_1_19' title="bbox 2052 999 3624 1080">
     <span class='ocr_line' id='line_1_19' title="bbox 2052 999 3624 1080; baseline -0.001 -18"><span class='ocrx_word' id='word_1_116' title='bbox 2052 1022 2148 1077; x_wconf 89' lang='lat' dir='ltr'><strong>per</strong></span> <span class='ocrx_word' id='word_1_117' title='bbox 2187 1009 2434 1063; x_wconf 84' lang='lat' dir='ltr'><strong>oratione</strong></span> <span class='ocrx_word' id='word_1_118' title='bbox 2461 1009 2652 1074; x_wconf 88' lang='lat' dir='ltr'><strong>dilata,</strong></span> <span class='ocrx_word' id='word_1_119' title='bbox 2681 1025 2803 1080; x_wconf 84' lang='lat' dir='ltr'><strong>quae</strong></span> <span class='ocrx_word' id='word_1_120' title='bbox 2831 999 3068 1080; x_wconf 85' lang='lat' dir='ltr'><strong>primum</strong></span> <span class='ocrx_word' id='word_1_121' title='bbox 3103 1010 3202 1063; x_wconf 91' lang='lat' dir='ltr'><strong>abs</strong></span> <span class='ocrx_word' id='word_1_122' title='bbox 3233 1023 3319 1062; x_wconf 89' lang='lat' dir='ltr'><strong>me</strong></span> <span class='ocrx_word' id='word_1_123' title='bbox 3345 1007 3624 1078; x_wconf 87' lang='lat' dir='ltr'><strong>proposita</strong></span> 
     </span>
    </p>
   </div>
   <div class='ocr_carea' id='block_1_20' title="bbox 2053 1097 3623 1170">
    <p class='ocr_par' dir='ltr' id='par_1_20' title="bbox 2053 1097 3623 1170">
     <span class='ocr_line' id='line_1_20' title="bbox 2053 1097 3623 1170; baseline -0.002 -15"><span class='ocrx_word' id='word_1_124' title='bbox 2053 1109 2200 1167; x_wconf 90' lang='lat' dir='ltr'><strong>sunt,</strong></span> <span class='ocrx_word' id='word_1_125' title='bbox 2242 1116 2307 1156; x_wconf 91' lang='lat' dir='ltr'><strong>ea</strong></span> <span class='ocrx_word' id='word_1_126' title='bbox 2362 1101 2543 1170; x_wconf 88' lang='lat' dir='ltr'><strong>primo</strong></span> <span class='ocrx_word' id='word_1_127' title='bbox 2592 1102 2713 1157; x_wconf 93' lang='lat' dir='ltr'><strong>loco</strong></span> <span class='ocrx_word' id='word_1_128' title='bbox 2764 1102 3072 1157; x_wconf 81' lang='lat' dir='ltr'><strong>discutiam.</strong></span> <span class='ocrx_word' id='word_1_129' title='bbox 3111 1102 3277 1156; x_wconf 91' lang='lat' dir='ltr'><strong>Sume</strong></span> <span class='ocrx_word' id='word_1_130' title='bbox 3310 1114 3442 1170; x_wconf 80' lang='lat' dir='ltr'><strong>ergo</strong></span> <span class='ocrx_word' id='word_1_131' title='bbox 3489 1097 3623 1152; x_wconf 88' lang='lat' dir='ltr'><strong>mihi</strong></span> 
     </span>
    </p>
   </div>
   <div class='ocr_carea' id='block_1_21' title="bbox 2053 1190 3624 1266">
    <p class='ocr_par' dir='ltr' id='par_1_21' title="bbox 2053 1190 3624 1266">
     <span class='ocr_line' id='line_1_21' title="bbox 2053 1190 3624 1266; baseline -0.002 -19"><span class='ocrx_word' id='word_1_132' title='bbox 2053 1191 2354 1258; x_wconf 87' lang='lat' dir='ltr'><strong>Platonem,</strong></span> <span class='ocrx_word' id='word_1_133' title='bbox 2381 1210 2444 1250; x_wconf 89' lang='lat' dir='ltr'><strong>ac</strong></span> <span class='ocrx_word' id='word_1_134' title='bbox 2471 1195 2703 1266; x_wconf 80' lang='lat' dir='ltr'><strong>perlege,</strong></span> <span class='ocrx_word' id='word_1_135' title='bbox 2735 1194 2950 1264; x_wconf 88' lang='lat' dir='ltr'><strong>qualem</strong></span> <span class='ocrx_word' id='word_1_136' title='bbox 2981 1194 3096 1263; x_wconf 92' lang='lat' dir='ltr'><strong>ipse</strong></span> <span class='ocrx_word' id='word_1_137' title='bbox 3125 1194 3343 1248; x_wconf 91' lang='lat' dir='ltr'><strong>demum</strong></span> <span class='ocrx_word' id='word_1_138' title='bbox 3375 1190 3624 1245; x_wconf 87' lang='lat' dir='ltr'><strong>habuerit</strong></span> 
     </span>
    </p>
   </div>
   <div class='ocr_carea' id='block_1_22' title="bbox 380 1283 3626 1359">
    <p class='ocr_par' dir='ltr' id='par_1_22' title="bbox 380 1283 3626 1359">
     <span class='ocr_line' id='line_1_22' title="bbox 380 1283 3626 1359; baseline -0.001 -15"><span class='ocrx_word' id='word_1_139' title='bbox 380 1288 692 1345; x_wconf 67' lang='lat' dir='ltr'><strong>Graecorum</strong></span> <span class='ocrx_word' id='word_1_140' title='bbox 739 1286 1114 1357; x_wconf 81' lang='lat' dir='ltr'><strong>theologorum</strong></span> <span class='ocrx_word' id='word_1_141' title='bbox 1177 1299 1241 1338; x_wconf 91' lang='lat' dir='ltr'><strong>ac</strong></span> <span class='ocrx_word' id='word_1_142' title='bbox 1278 1293 1560 1354; x_wconf 86' lang='lat' dir='ltr'><strong>poetarum</strong></span> <span class='ocrx_word' id='word_1_143' title='bbox 1601 1283 1936 1354; x_wconf 83' lang='lat' dir='ltr'><strong>Opinionem,</strong></span> <span class='ocrx_word' id='word_1_144' title='bbox 1973 1292 2034 1342; x_wconf 77' lang='lat' dir='ltr'><strong>et</strong></span> <span class='ocrx_word' id='word_1_145' title='bbox 2063 1289 2520 1357; x_wconf 88' lang='lat' dir='ltr'><strong>quemadmodum</strong></span> <span class='ocrx_word' id='word_1_146' title='bbox 2578 1289 2785 1359; x_wconf 89' lang='lat' dir='ltr'><strong>patrias</strong></span> <span class='ocrx_word' id='word_1_147' title='bbox 2837 1303 3027 1345; x_wconf 87' lang='lat' dir='ltr'><strong>onmes</strong></span> <span class='ocrx_word' id='word_1_148' title='bbox 3060 1289 3127 1343; x_wconf 89' lang='lat' dir='ltr'><strong>de</strong></span> <span class='ocrx_word' id='word_1_149' title='bbox 3163 1288 3270 1342; x_wconf 89' lang='lat' dir='ltr'><strong>diis</strong></span> <span class='ocrx_word' id='word_1_150' title='bbox 3325 1284 3626 1342; x_wconf 78' lang='lat' dir='ltr'><strong>sententias</strong></span> 
     </span>
    </p>
   </div>
   <div class='ocr_carea' id='block_1_23' title="bbox 389 1377 1602 1453">
    <p class='ocr_par' dir='ltr' id='par_1_23' title="bbox 389 1377 1602 1453">
     <span class='ocr_line' id='line_1_23' title="bbox 389 1377 1602 1453; baseline -0.006 -16"><span class='ocrx_word' id='word_1_151' title='bbox 389 1381 661 1453; x_wconf 86' lang='lat' dir='ltr'><strong>rejeeerit,</strong></span> <span class='ocrx_word' id='word_1_152' title='bbox 687 1392 984 1447; x_wconf 90' lang='lat' dir='ltr'><strong>earumque</strong></span> <span class='ocrx_word' id='word_1_153' title='bbox 1012 1377 1244 1447; x_wconf 88' lang='lat' dir='ltr'><strong>ineptias</strong></span> <span class='ocrx_word' id='word_1_154' title='bbox 1281 1377 1602 1446; x_wconf 81' lang='lat' dir='ltr'><strong>coarguerit.</strong></span> 
     </span>
    </p>
   </div>
   <div class='ocr_carea' id='block_1_24' title="bbox 905 1466 1407 1520">
    <p class='ocr_par' dir='ltr' id='par_1_24' title="bbox 905 1466 1407 1520">
     <span class='ocr_line' id='line_1_24' title="bbox 905 1466 1407 1520; baseline 0 0"><span class='ocrx_word' id='word_1_155' title='bbox 905 1466 1297 1520; x_wconf 81' lang='grc' dir='ltr'><strong>ΚΕΦΑΛΑΙΟΝ</strong></span> <span class='ocrx_word' id='word_1_156' title='bbox 1329 1466 1407 1520; x_wconf 84' lang='lat' dir='ltr'><strong>A&#39;.</strong></span> 
     </span>
    </p>
   </div>
   <div class='ocr_carea' id='block_1_25' title="bbox 416 1577 1913 1648">
    <p class='ocr_par' dir='ltr' id='par_1_25' title="bbox 416 1577 1913 1648">
     <span class='ocr_line' id='line_1_25' title="bbox 416 1577 1913 1648; baseline -0.002 -12"><span class='ocrx_word' id='word_1_157' title='bbox 416 1584 616 1648; x_wconf 77' lang='grc' dir='ltr'>Ὅπως</span> <span class='ocrx_word' id='word_1_158' title='bbox 665 1584 698 1635; x_wconf 83' lang='grc' dir='ltr'><strong>ό</strong></span> <span class='ocrx_word' id='word_1_159' title='bbox 755 1579 1004 1634; x_wconf 77' lang='grc' dir='ltr'>Πλάτων</span> <span class='ocrx_word' id='word_1_160' title='bbox 1061 1580 1172 1648; x_wconf 82' lang='grc' dir='ltr'>τῆς</span> <span class='ocrx_word' id='word_1_161' title='bbox 1209 1578 1566 1647; x_wconf 77' lang='grc' dir='ltr'><strong>Ἑλληνικῆς</strong></span> <span class='ocrx_word' id='word_1_162' title='bbox 1603 1577 1913 1647; x_wconf 75' lang='grc' dir='ltr'>θεολογίας</span> 
     </span>
    </p>
   </div>
   <div class='ocr_carea' id='block_1_26' title="bbox 516 1649 1802 1722">
    <p class='ocr_par' dir='ltr' id='par_1_26' title="bbox 516 1649 1802 1722">
     <span class='ocr_line' id='line_1_26' title="bbox 516 1649 1802 1722; baseline -0.003 -17"><span class='ocrx_word' id='word_1_163' title='bbox 516 1651 820 1722; x_wconf 78' lang='grc' dir='ltr'>ἀπήλεγχε</span> <span class='ocrx_word' id='word_1_164' title='bbox 850 1650 965 1718; x_wconf 81' lang='grc' dir='ltr'><strong>τὴν·</strong></span> <span class='ocrx_word' id='word_1_165' title='bbox 992 1651 1262 1704; x_wconf 77' lang='grc' dir='ltr'>ἀτοπίαν.</span> <span class='ocrx_word' id='word_1_166' title='bbox 1303 1650 1393 1702; x_wconf 81' lang='grc' dir='ltr'>Ἐκ</span> <span class='ocrx_word' id='word_1_167' title='bbox 1421 1649 1526 1703; x_wconf 86' lang='grc' dir='ltr'>τοῦ</span> <span class='ocrx_word' id='word_1_168' title='bbox 1553 1649 1802 1719; x_wconf 84' lang='grc' dir='ltr'>Τιμαίου.</span> 
     </span>
    </p>
   </div>
   <div class='ocr_carea' id='block_1_27' title="bbox 453 1742 2018 1834">
    <p class='ocr_par' dir='ltr' id='par_1_27' title="bbox 453 1742 2018 1834">
     <span class='ocr_line' id='line_1_27' title="bbox 453 1742 2018 1834; baseline -0.001 -38"><span class='ocrx_word' id='word_1_169' title='bbox 453 1763 472 1796; x_wconf 79' lang='grc' dir='ltr'><strong>ι</strong></span> <span class='ocrx_word' id='word_1_170' title='bbox 516 1744 652 1815; x_wconf 71' lang='grc' dir='ltr'>Περὶ</span> <span class='ocrx_word' id='word_1_171' title='bbox 680 1745 737 1798; x_wconf 85' lang='grc' dir='ltr'>δὲ</span> <span class='ocrx_word' id='word_1_172' title='bbox 777 1743 887 1798; x_wconf 88' lang='grc' dir='ltr'><strong>τῶν</strong></span> <span class='ocrx_word' id='word_1_173' title='bbox 919 1744 1090 1798; x_wconf 81' lang='grc' dir='ltr'>ἄλλων</span> <span class='ocrx_word' id='word_1_174' title='bbox 1116 1743 1225 1813; x_wconf 90' lang='grc'><strong>(67)</strong></span> <span class='ocrx_word' id='word_1_175' title='bbox 1264 1742 1532 1812; x_wconf 85' lang='grc' dir='ltr'>δαιμόνων</span> <span class='ocrx_word' id='word_1_176' title='bbox 1559 1743 1732 1794; x_wconf 78' lang='grc' dir='ltr'>εἰπεῖν</span> <span class='ocrx_word' id='word_1_177' title='bbox 1764 1759 1822 1794; x_wconf 90' lang='grc' dir='ltr'><strong>τε</strong></span> <span class='ocrx_word' id='word_1_178' title='bbox 1851 1742 1946 1794; x_wconf 77' lang='grc' dir='ltr'>καὶ</span> <span class='ocrx_word' id='word_1_179' title='bbox 1977 1779 2018 1834; x_wconf 77' lang='grc' dir='ltr'><strong>Β</strong></span> 
     </span>
    </p>
   </div>
   <div class='ocr_carea' id='block_1_28' title="bbox 2682 1467 2989 1526">
    <p class='ocr_par' dir='ltr' id='par_1_28' title="bbox 2682 1467 2989 1526">
     <span class='ocr_line' id='line_1_28' title="bbox 2682 1467 2989 1526; baseline -0.01 0"><span class='ocrx_word' id='word_1_180' title='bbox 2682 1467 2910 1526; x_wconf 85' lang='lat' dir='ltr'><strong>CAPUT</strong></span> <span class='ocrx_word' id='word_1_181' title='bbox 2950 1468 2989 1523; x_wconf 94' lang='lat' dir='ltr'><strong>I.</strong></span> 
     </span>
    </p>
   </div>
   <div class='ocr_carea' id='block_1_29' title="bbox 2131 1559 3546 1630">
    <p class='ocr_par' dir='ltr' id='par_1_29' title="bbox 2131 1559 3546 1630">
     <span class='ocr_line' id='line_1_29' title="bbox 2131 1559 3546 1630; baseline -0.001 -17"><span class='ocrx_word' id='word_1_182' title='bbox 2131 1559 2584 1624; x_wconf 80' lang='lat' dir='ltr'><strong>Quemadmodum</strong></span> <span class='ocrx_word' id='word_1_183' title='bbox 2613 1561 2765 1615; x_wconf 84' lang='lat' dir='ltr'><strong>Plato</strong></span> <span class='ocrx_word' id='word_1_184' title='bbox 2798 1562 2995 1616; x_wconf 67' lang='lat' dir='ltr'><strong>Graeca:</strong></span> <span class='ocrx_word' id='word_1_185' title='bbox 3027 1560 3297 1630; x_wconf 76' lang='lat' dir='ltr'><strong>theologia:</strong></span> <span class='ocrx_word' id='word_1_186' title='bbox 3323 1559 3546 1628; x_wconf 71' lang='lat' dir='ltr'><strong>ineptias</strong></span> 
     </span>
    </p>
   </div>
   <div class='ocr_carea' id='block_1_30' title="bbox 2483 1631 3179 1700">
    <p class='ocr_par' dir='ltr' id='par_1_30' title="bbox 2483 1631 3179 1700">
     <span class='ocr_line' id='line_1_30' title="bbox 2483 1631 3179 1700; baseline 0.003 -16"><span class='ocrx_word' id='word_1_187' title='bbox 2483 1633 2800 1700; x_wconf 79' lang='lat' dir='ltr'><strong>coarguerit.</strong></span> <span class='ocrx_word' id='word_1_188' title='bbox 2838 1631 2922 1686; x_wconf 77' lang='lat' dir='ltr'><strong>Ea:</strong></span> <span class='ocrx_word' id='word_1_189' title='bbox 2955 1631 3179 1686; x_wconf 66' lang='lat' dir='ltr'><strong>Timaeo.</strong></span> 
     </span>
    </p>
   </div>
   <div class='ocr_carea' id='block_1_31' title="bbox 2123 1743 3622 1815">
    <p class='ocr_par' dir='ltr' id='par_1_31' title="bbox 2123 1743 3622 1815">
     <span class='ocr_line' id='line_1_31' title="bbox 2123 1743 3622 1815; baseline 0.001 -21"><span class='ocrx_word' id='word_1_190' title='bbox 2123 1761 2142 1794; x_wconf 75' lang='grc' dir='ltr'><strong>ι</strong></span> <span class='ocrx_word' id='word_1_191' title='bbox 2182 1743 2426 1799; x_wconf 80' lang='lat' dir='ltr'><strong>Aliorum</strong></span> <span class='ocrx_word' id='word_1_192' title='bbox 2458 1755 2639 1800; x_wconf 90' lang='lat' dir='ltr'><strong>autem</strong></span> <span class='ocrx_word' id='word_1_193' title='bbox 2663 1746 2992 1811; x_wconf 83' lang='lat' dir='ltr'><strong>daemonum,</strong></span> <span class='ocrx_word' id='word_1_194' title='bbox 3022 1743 3199 1815; x_wconf 88' lang='lat' dir='ltr'><strong>inquit</strong></span> <span class='ocrx_word' id='word_1_195' title='bbox 3229 1743 3339 1808; x_wconf 90' lang='lat' dir='ltr'><strong>ille,</strong></span> <span class='ocrx_word' id='word_1_196' title='bbox 3368 1757 3622 1813; x_wconf 89' lang='lat' dir='ltr'><strong>procrea-</strong></span> 
     </span>
    </p>
   </div>
   <div class='ocr_carea' id='block_1_32' title="bbox 375 1831 1947 1909">
    <p class='ocr_par' dir='ltr' id='par_1_32' title="bbox 375 1832 1947 1909">
     <span class='ocr_line' id='line_1_32' title="bbox 375 1832 1947 1909; baseline -0.004 -19"><span class='ocrx_word' id='word_1_197' title='bbox 375 1837 579 1907; x_wconf 81' lang='grc' dir='ltr'>γνῶναι</span> <span class='ocrx_word' id='word_1_198' title='bbox 603 1837 703 1909; x_wconf 78' lang='grc' dir='ltr'>τὴν</span> <span class='ocrx_word' id='word_1_199' title='bbox 738 1836 952 1904; x_wconf 85' lang='grc' dir='ltr'>γένεσιν</span> <span class='ocrx_word' id='word_1_200' title='bbox 987 1835 1167 1907; x_wconf 82' lang='grc' dir='ltr'>μεῖξον</span> <span class='ocrx_word' id='word_1_201' title='bbox 1195 1835 1230 1905; x_wconf 85' lang='grc' dir='ltr'>ἢ</span> <span class='ocrx_word' id='word_1_202' title='bbox 1261 1835 1380 1887; x_wconf 86' lang='grc' dir='ltr'>καθ’</span> <span class='ocrx_word' id='word_1_203' title='bbox 1410 1835 1576 1904; x_wconf 78' lang='grc' dir='ltr'>ἡμᾶς.</span> <span class='ocrx_word' id='word_1_204' title='bbox 1624 1832 1947 1886; x_wconf 89' lang='grc' dir='ltr'>Πιστευτέον</span> 
     </span>
    </p>
   </div>
   <div class='ocr_carea' id='block_1_33' title="bbox 2048 1831 3622 1909">
    <p class='ocr_par' dir='ltr' id='par_1_33' title="bbox 2049 1831 3622 1906">
     <span class='ocr_line' id='line_1_33' title="bbox 2049 1831 3622 1906; baseline -0.002 -18"><span class='ocrx_word' id='word_1_205' title='bbox 2049 1834 2250 1890; x_wconf 90' lang='lat' dir='ltr'><strong>tionem</strong></span> <span class='ocrx_word' id='word_1_206' title='bbox 2309 1838 2392 1891; x_wconf 91' lang='lat' dir='ltr'><strong>vel</strong></span> <span class='ocrx_word' id='word_1_207' title='bbox 2443 1837 2733 1906; x_wconf 83' lang='lat' dir='ltr'><strong>explicare,</strong></span> <span class='ocrx_word' id='word_1_208' title='bbox 2774 1831 2880 1891; x_wconf 67' lang='lat' dir='ltr'><strong>vel&#39;</strong></span> <span class='ocrx_word' id='word_1_209' title='bbox 2913 1849 3095 1900; x_wconf 90' lang='lat' dir='ltr'><strong>nosse,</strong></span> <span class='ocrx_word' id='word_1_210' title='bbox 3149 1850 3238 1889; x_wconf 90' lang='lat' dir='ltr'><strong>res</strong></span> <span class='ocrx_word' id='word_1_211' title='bbox 3294 1842 3377 1888; x_wconf 91' lang='lat' dir='ltr'><strong>est</strong></span> <span class='ocrx_word' id='word_1_212' title='bbox 3435 1843 3622 1887; x_wconf 89' lang='lat' dir='ltr'><strong>nostra</strong></span> 
     </span>
    </p>
   </div>
   <div class='ocr_carea' id='block_1_34' title="bbox 372 1919 1945 2003">
    <p class='ocr_par' dir='ltr' id='par_1_34' title="bbox 372 1919 1945 2003">
     <span class='ocr_line' id='line_1_34' title="bbox 372 1919 1945 2003; baseline -0.004 -19"><span class='ocrx_word' id='word_1_213' title='bbox 372 1930 433 1984; x_wconf 86' lang='grc' dir='ltr'>δὲ</span> <span class='ocrx_word' id='word_1_214' title='bbox 457 1933 568 1994; x_wconf 88' lang='grc' dir='ltr'>τοῖς</span> <span class='ocrx_word' id='word_1_215' title='bbox 593 1930 868 2003; x_wconf 75' lang='grc' dir='ltr'>εἰρηκόσιν</span> <span class='ocrx_word' id='word_1_216' title='bbox 907 1927 1234 2000; x_wconf 82' lang='grc' dir='ltr'>ἔμπροσθεν,</span> <span class='ocrx_word' id='word_1_217' title='bbox 1265 1927 1507 1997; x_wconf 75' lang='grc' dir='ltr'>ἐκγόνοις</span> <span class='ocrx_word' id='word_1_218' title='bbox 1544 1927 1640 1996; x_wconf 77' lang='grc' dir='ltr'><strong>μὲν</strong></span> <span class='ocrx_word' id='word_1_219' title='bbox 1683 1924 1820 1979; x_wconf 89' lang='grc' dir='ltr'>θεῶν</span> <span class='ocrx_word' id='word_1_220' title='bbox 1853 1919 1945 1978; x_wconf 78' lang='grc' dir='ltr'>οὖ-</span> 
     </span>
    </p>
   </div>
   <div class='ocr_carea' id='block_1_35' title="bbox 377 2017 1946 2092">
    <p class='ocr_par' dir='ltr' id='par_1_35' title="bbox 377 2017 1946 2092">
     <span class='ocr_line' id='line_1_35' title="bbox 377 2017 1946 2092; baseline -0.003 -16"><span class='ocrx_word' id='word_1_221' title='bbox 377 2040 483 2088; x_wconf 86' lang='grc' dir='ltr'>σιν,</span> <span class='ocrx_word' id='word_1_222' title='bbox 516 2023 591 2087; x_wconf 81' lang='grc' dir='ltr'>ὼς</span> <span class='ocrx_word' id='word_1_223' title='bbox 634 2021 860 2092; x_wconf 75' lang='grc' dir='ltr'>ἔφασαν,</span> <span class='ocrx_word' id='word_1_224' title='bbox 894 2021 1081 2091; x_wconf 82' lang='grc' dir='ltr'>σαφῶς</span> <span class='ocrx_word' id='word_1_225' title='bbox 1113 2021 1170 2073; x_wconf 86' lang='grc' dir='ltr'><strong>δέ</strong></span> <span class='ocrx_word' id='word_1_226' title='bbox 1215 2038 1319 2073; x_wconf 84' lang='grc' dir='ltr'><strong>που</strong></span> <span class='ocrx_word' id='word_1_227' title='bbox 1356 2021 1479 2083; x_wconf 80' lang='grc' dir='ltr'>τοὺς</span> <span class='ocrx_word' id='word_1_228' title='bbox 1511 2017 1714 2072; x_wconf 76' lang='grc' dir='ltr'>ἑαυτῶν</span> <span class='ocrx_word' id='word_1_229' title='bbox 1745 2019 1946 2091; x_wconf 82' lang='grc' dir='ltr'>προγό-</span> 
     </span>
    </p>
   </div>
   <div class='ocr_carea' id='block_1_36' title="bbox 373 2109 1946 2179">
    <p class='ocr_par' dir='ltr' id='par_1_36' title="bbox 373 2109 1946 2179">
     <span class='ocr_line' id='line_1_36' title="bbox 373 2109 1946 2179; baseline -0.003 -10"><span class='ocrx_word' id='word_1_230' title='bbox 373 2133 499 2179; x_wconf 89' lang='grc' dir='ltr'>νους</span> <span class='ocrx_word' id='word_1_231' title='bbox 544 2109 757 2169; x_wconf 79' lang='grc' dir='ltr'>εἰδόσιν.</span> <span class='ocrx_word' id='word_1_232' title='bbox 797 2113 1078 2167; x_wconf 90' lang='grc' dir='ltr'>Ἀδύνατον</span> <span class='ocrx_word' id='word_1_233' title='bbox 1124 2109 1216 2166; x_wconf 76' lang='grc' dir='ltr'><strong>οὖν</strong></span> <span class='ocrx_word' id='word_1_234' title='bbox 1264 2110 1400 2164; x_wconf 89' lang='grc' dir='ltr'>θεῶν</span> <span class='ocrx_word' id='word_1_235' title='bbox 1444 2111 1630 2163; x_wconf 75' lang='grc' dir='ltr'>παισὶν</span> <span class='ocrx_word' id='word_1_236' title='bbox 1678 2111 1946 2175; x_wconf 84' lang='grc' dir='ltr'>ἀπιστεῖν,</span> 
     </span>
    </p>
   </div>
   <div class='ocr_carea' id='block_1_37' title="bbox 373 2202 1948 2280">
    <p class='ocr_par' dir='ltr' id='par_1_37' title="bbox 373 2202 1948 2280">
     <span class='ocr_line' id='line_1_37' title="bbox 373 2202 1948 2280; baseline -0.004 -18"><span class='ocrx_word' id='word_1_237' title='bbox 373 2209 578 2280; x_wconf 86' lang='grc' dir='ltr'>καίπερ</span> <span class='ocrx_word' id='word_1_238' title='bbox 607 2209 732 2263; x_wconf 81' lang='grc' dir='ltr'>ἄνευ</span> <span class='ocrx_word' id='word_1_239' title='bbox 771 2207 994 2260; x_wconf 79' lang='grc' dir='ltr'>εἰκότων</span> <span class='ocrx_word' id='word_1_240' title='bbox 1024 2207 1118 2261; x_wconf 77' lang='grc' dir='ltr'><strong>καὶ</strong></span> <span class='ocrx_word' id='word_1_241' title='bbox 1151 2205 1462 2274; x_wconf 78' lang='grc' dir='ltr'>ἀναγκαίων</span> <span class='ocrx_word' id='word_1_242' title='bbox 1495 2202 1821 2268; x_wconf 78' lang='grc' dir='ltr'>ἀποδείξεων</span> <span class='ocrx_word' id='word_1_243' title='bbox 1867 2203 1948 2256; x_wconf 85' lang='grc' dir='ltr'>λέ-</span> 
     </span>
    </p>
   </div>
   <div class='ocr_carea' id='block_1_38' title="bbox 372 2296 1948 2370">
    <p class='ocr_par' dir='ltr' id='par_1_38' title="bbox 372 2296 1948 2370">
     <span class='ocr_line' id='line_1_38' title="bbox 372 2296 1948 2370; baseline -0.003 -17"><span class='ocrx_word' id='word_1_244' title='bbox 372 2316 562 2370; x_wconf 87' lang='grc' dir='ltr'>γουσιν</span> <span class='ocrx_word' id='word_1_245' title='bbox 582 2319 595 2330; x_wconf 93' lang='grc'><strong>·</strong></span> <span class='ocrx_word' id='word_1_246' title='bbox 629 2300 742 2353; x_wconf 88' lang='grc' dir='ltr'>ἀλλ’</span> <span class='ocrx_word' id='word_1_247' title='bbox 775 2299 850 2362; x_wconf 85' lang='grc' dir='ltr'><strong>ὡς</strong></span> <span class='ocrx_word' id='word_1_248' title='bbox 878 2300 1052 2352; x_wconf 87' lang='grc' dir='ltr'>οἰκεῖα</span> <span class='ocrx_word' id='word_1_249' title='bbox 1081 2299 1376 2367; x_wconf 86' lang='grc' dir='ltr'>φάσκουσιν</span> <span class='ocrx_word' id='word_1_250' title='bbox 1414 2296 1794 2366; x_wconf 84' lang='grc' dir='ltr'>ἀπαγγέλλειν,</span> <span class='ocrx_word' id='word_1_251' title='bbox 1821 2296 1948 2348; x_wconf 79' lang='grc' dir='ltr'>ἐπο-</span> 
     </span>
    </p>
   </div>
   <div class='ocr_carea' id='block_1_39' title="bbox 376 2381 1948 2462">
    <p class='ocr_par' dir='ltr' id='par_1_39' title="bbox 376 2381 1948 2462">
     <span class='ocr_line' id='line_1_39' title="bbox 376 2381 1948 2462; baseline -0.003 -19"><span class='ocrx_word' id='word_1_252' title='bbox 376 2391 572 2462; x_wconf 86' lang='grc' dir='ltr'>μένους</span> <span class='ocrx_word' id='word_1_253' title='bbox 609 2388 687 2460; x_wconf 84' lang='grc' dir='ltr'>τῷ</span> <span class='ocrx_word' id='word_1_254' title='bbox 729 2389 878 2460; x_wconf 81' lang='grc' dir='ltr'>νόμῳ</span> <span class='ocrx_word' id='word_1_255' title='bbox 918 2387 1252 2442; x_wconf 83' lang='grc' dir='ltr'>πιστευτέον.</span> <span class='ocrx_word' id='word_1_256' title='bbox 1295 2385 1481 2450; x_wconf 77' lang='grc' dir='ltr'>Οὕτως</span> <span class='ocrx_word' id='word_1_257' title='bbox 1523 2381 1616 2440; x_wconf 76' lang='grc' dir='ltr'><strong>οὖν</strong></span> <span class='ocrx_word' id='word_1_258' title='bbox 1656 2388 1776 2439; x_wconf 87' lang='grc' dir='ltr'>κατ’</span> <span class='ocrx_word' id='word_1_259' title='bbox 1809 2387 1948 2439; x_wconf 86' lang='grc' dir='ltr'>ἐκεί-</span> 
     </span>
    </p>
   </div>
   <div class='ocr_carea' id='block_1_40' title="bbox 371 2476 1945 2552">
    <p class='ocr_par' dir='ltr' id='par_1_40' title="bbox 371 2476 1945 2552">
     <span class='ocr_line' id='line_1_40' title="bbox 371 2476 1945 2552; baseline -0.003 -17"><span class='ocrx_word' id='word_1_260' title='bbox 371 2499 497 2545; x_wconf 85' lang='grc' dir='ltr'>νους</span> <span class='ocrx_word' id='word_1_261' title='bbox 529 2483 659 2552; x_wconf 83' lang='grc' dir='ltr'>ἡμῖν</span> <span class='ocrx_word' id='word_1_262' title='bbox 698 2481 731 2552; x_wconf 83' lang='grc' dir='ltr'><strong>ἡ</strong></span> <span class='ocrx_word' id='word_1_263' title='bbox 777 2479 990 2548; x_wconf 86' lang='grc' dir='ltr'>γένεσις</span> <span class='ocrx_word' id='word_1_264' title='bbox 1031 2478 1158 2548; x_wconf 77' lang='grc' dir='ltr'><strong>περί⁸</strong></span> <span class='ocrx_word' id='word_1_265' title='bbox 1191 2477 1396 2531; x_wconf 87' lang='grc' dir='ltr'>τούτων</span> <span class='ocrx_word' id='word_1_266' title='bbox 1443 2478 1549 2531; x_wconf 88' lang='grc' dir='ltr'><strong>τῶν</strong></span> <span class='ocrx_word' id='word_1_267' title='bbox 1585 2476 1722 2530; x_wconf 85' lang='grc' dir='ltr'>θεῶν</span> <span class='ocrx_word' id='word_1_268' title='bbox 1753 2477 1945 2547; x_wconf 82' lang='grc' dir='ltr'>ἐχέτω,</span> 
     </span>
    </p>
   </div>
   <div class='ocr_carea' id='block_1_41' title="bbox 373 2555 1948 2641">
    <p class='ocr_par' dir='ltr' id='par_1_41' title="bbox 373 2555 1948 2641">
     <span class='ocr_line' id='line_1_41' title="bbox 373 2555 1948 2641; baseline -0.003 -15"><span class='ocrx_word' id='word_1_269' title='bbox 373 2573 470 2626; x_wconf 82' lang='grc' dir='ltr'><strong>καὶ</strong></span> <span class='ocrx_word' id='word_1_270' title='bbox 505 2571 765 2641; x_wconf 82' lang='grc' dir='ltr'>λεγέσθω.</span> <span class='ocrx_word' id='word_1_271' title='bbox 801 2571 908 2641; x_wconf 83' lang='grc' dir='ltr'>Γῆς</span> <span class='ocrx_word' id='word_1_272' title='bbox 947 2586 1007 2621; x_wconf 90' lang='grc' dir='ltr'><strong>τε</strong></span> <span class='ocrx_word' id='word_1_273' title='bbox 1051 2569 1144 2623; x_wconf 77' lang='grc' dir='ltr'>καὶ</span> <span class='ocrx_word' id='word_1_274' title='bbox 1195 2555 1437 2638; x_wconf 74' lang='grc' dir='ltr'>ὒύρανοῦ</span> <span class='ocrx_word' id='word_1_275' title='bbox 1471 2568 1657 2633; x_wconf 83' lang='grc' dir='ltr'>παῖδες</span> <span class='ocrx_word' id='word_1_276' title='bbox 1699 2569 1948 2632; x_wconf 86' lang='grc' dir='ltr'>Ὠκεανός</span> 
     </span>
    </p>
   </div>
   <div class='ocr_carea' id='block_1_42' title="bbox 369 2661 1950 2734">
    <p class='ocr_par' dir='ltr' id='par_1_42' title="bbox 369 2661 1950 2734">
     <span class='ocr_line' id='line_1_42' title="bbox 369 2661 1950 2734; baseline -0.003 -16"><span class='ocrx_word' id='word_1_277' title='bbox 369 2682 433 2718; x_wconf 85' lang='grc' dir='ltr'><strong>τε</strong></span> <span class='ocrx_word' id='word_1_278' title='bbox 462 2664 557 2718; x_wconf 78' lang='grc' dir='ltr'><strong>καί</strong></span> <span class='ocrx_word' id='word_1_279' title='bbox 585 2663 764 2734; x_wconf 78' lang='grc' dir='ltr'>Τηθὺς</span> <span class='ocrx_word' id='word_1_280' title='bbox 790 2662 1107 2733; x_wconf 75' lang='grc' dir='ltr'>ἐγενέσθην·</span> <span class='ocrx_word' id='word_1_281' title='bbox 1143 2661 1347 2715; x_wconf 87' lang='grc' dir='ltr'>τούτων</span> <span class='ocrx_word' id='word_1_282' title='bbox 1383 2661 1442 2715; x_wconf 85' lang='grc' dir='ltr'>δὲ</span> <span class='ocrx_word' id='word_1_283' title='bbox 1486 2663 1714 2733; x_wconf 80' lang='grc' dir='ltr'>Φόρκυς,</span> <span class='ocrx_word' id='word_1_284' title='bbox 1742 2662 1950 2732; x_wconf 85' lang='grc' dir='ltr'>Κρόνος</span> 
     </span>
    </p>
   </div>
   <div class='ocr_carea' id='block_1_43' title="bbox 370 2753 1948 2825">
    <p class='ocr_par' dir='ltr' id='par_1_43' title="bbox 370 2753 1948 2825">
     <span class='ocr_line' id='line_1_43' title="bbox 370 2753 1948 2825; baseline -0.003 -16"><span class='ocrx_word' id='word_1_285' title='bbox 370 2773 452 2818; x_wconf 87' lang='grc' dir='ltr'><strong>τε,</strong></span> <span class='ocrx_word' id='word_1_286' title='bbox 483 2757 576 2808; x_wconf 75' lang='grc' dir='ltr'><strong>καὶ</strong></span> <span class='ocrx_word' id='word_1_287' title='bbox 611 2754 754 2819; x_wconf 76' lang='grc' dir='ltr'>Ῥέα,</span> <span class='ocrx_word' id='word_1_288' title='bbox 798 2754 893 2809; x_wconf 72' lang='grc' dir='ltr'><strong>καὶ</strong></span> <span class='ocrx_word' id='word_1_289' title='bbox 919 2755 1033 2807; x_wconf 81' lang='grc' dir='ltr'>ὅσοι</span> <span class='ocrx_word' id='word_1_290' title='bbox 1079 2753 1216 2825; x_wconf 89' lang='grc' dir='ltr'><strong>μετά</strong></span> <span class='ocrx_word' id='word_1_291' title='bbox 1257 2753 1493 2806; x_wconf 78' lang='grc' dir='ltr'>τούτων’</span> <span class='ocrx_word' id='word_1_292' title='bbox 1533 2755 1598 2807; x_wconf 86' lang='grc' dir='ltr'><strong>ἐκ</strong></span> <span class='ocrx_word' id='word_1_293' title='bbox 1639 2753 1697 2806; x_wconf 86' lang='grc' dir='ltr'>δὲ</span> <span class='ocrx_word' id='word_1_294' title='bbox 1738 2753 1948 2824; x_wconf 82' lang='grc' dir='ltr'>Κρόνου</span> 
     </span>
    </p>
   </div>
   <div class='ocr_carea' id='block_1_44' title="bbox 370 2845 1948 2918">
    <p class='ocr_par' dir='ltr' id='par_1_44' title="bbox 370 2845 1948 2918">
     <span class='ocr_line' id='line_1_44' title="bbox 370 2845 1948 2918; baseline -0.002 -16"><span class='ocrx_word' id='word_1_295' title='bbox 370 2849 467 2902; x_wconf 77' lang='grc' dir='ltr'><strong>καὶ</strong></span> <span class='ocrx_word' id='word_1_296' title='bbox 509 2848 688 2912; x_wconf 82' lang='grc' dir='ltr'>Ῥέας,</span> <span class='ocrx_word' id='word_1_297' title='bbox 714 2848 868 2910; x_wconf 84' lang='grc' dir='ltr'>Ζεὺς,</span> <span class='ocrx_word' id='word_1_298' title='bbox 903 2847 1050 2918; x_wconf 88' lang='grc' dir='ltr'>Ἥρα</span> <span class='ocrx_word' id='word_1_299' title='bbox 1093 2863 1173 2912; x_wconf 87' lang='grc' dir='ltr'><strong>τε,</strong></span> <span class='ocrx_word' id='word_1_300' title='bbox 1223 2846 1318 2900; x_wconf 74' lang='grc' dir='ltr'><strong>καὶ</strong></span> <span class='ocrx_word' id='word_1_301' title='bbox 1369 2845 1566 2910; x_wconf 87' lang='grc' dir='ltr'>πάντες</span> <span class='ocrx_word' id='word_1_302' title='bbox 1613 2847 1767 2908; x_wconf 85' lang='grc' dir='ltr'>ὅσους</span> <span class='ocrx_word' id='word_1_303' title='bbox 1794 2845 1948 2916; x_wconf 84' lang='grc' dir='ltr'>ἴσμεν</span> 
     </span>
    </p>
   </div>
   <div class='ocr_carea' id='block_1_45' title="bbox 368 2932 1950 3007">
    <p class='ocr_par' dir='ltr' id='par_1_45' title="bbox 368 2932 1950 3007">
     <span class='ocr_line' id='line_1_45' title="bbox 368 2932 1950 3007; baseline -0.003 -16"><span class='ocrx_word' id='word_1_304' title='bbox 368 2937 632 3007; x_wconf 81' lang='grc' dir='ltr'>ἀδελφοὺς</span> <span class='ocrx_word' id='word_1_305' title='bbox 677 2936 1000 3007; x_wconf 83' lang='grc' dir='ltr'>λεγομένους</span> <span class='ocrx_word' id='word_1_306' title='bbox 1025 2935 1222 2999; x_wconf 85' lang='grc' dir='ltr'>αὐτῶν,</span> <span class='ocrx_word' id='word_1_307' title='bbox 1258 2935 1338 2988; x_wconf 79' lang='grc' dir='ltr'>ἔτι</span> <span class='ocrx_word' id='word_1_308' title='bbox 1374 2953 1434 2987; x_wconf 91' lang='grc' dir='ltr'><strong>τε</strong></span> <span class='ocrx_word' id='word_1_309' title='bbox 1461 2935 1589 2997; x_wconf 79' lang='grc' dir='ltr'>τοὺς</span> <span class='ocrx_word' id='word_1_310' title='bbox 1627 2932 1830 2987; x_wconf 83' lang='grc' dir='ltr'>τούτων</span> <span class='ocrx_word' id='word_1_311' title='bbox 1856 2934 1950 2987; x_wconf 82' lang='grc' dir='ltr'><strong>ἄλ-</strong></span> 
     </span>
    </p>
   </div>
   <div class='ocr_carea' id='block_1_46' title="bbox 369 3027 1949 3100">
    <p class='ocr_par' dir='ltr' id='par_1_46' title="bbox 369 3027 1949 3100">
     <span class='ocr_line' id='line_1_46' title="bbox 369 3027 1949 3100; baseline -0.003 -16"><span class='ocrx_word' id='word_1_312' title='bbox 369 3033 497 3096; x_wconf 78' lang='grc' dir='ltr'>λους</span> <span class='ocrx_word' id='word_1_313' title='bbox 543 3030 818 3100; x_wconf 89' lang='grc' dir='ltr'>ἐγγόνους.</span> <span class='ocrx_word' id='word_1_314' title='bbox 872 3050 892 3082; x_wconf 72' lang='grc' dir='ltr'><strong>ι</strong></span> <span class='ocrx_word' id='word_1_315' title='bbox 947 3028 1046 3081; x_wconf 87' lang='grc' dir='ltr'>Διά</span> <span class='ocrx_word' id='word_1_316' title='bbox 1093 3027 1296 3082; x_wconf 89' lang='grc' dir='ltr'>τούτων</span> <span class='ocrx_word' id='word_1_317' title='bbox 1331 3028 1603 3082; x_wconf 84' lang='grc' dir='ltr'>πιστεύειν</span> <span class='ocrx_word' id='word_1_318' title='bbox 1658 3029 1770 3091; x_wconf 84' lang='grc' dir='ltr'>τοῖς</span> <span class='ocrx_word' id='word_1_319' title='bbox 1820 3028 1949 3100; x_wconf 78' lang='grc' dir='ltr'>περὶ</span> 
     </span>
    </p>
   </div>
   <div class='ocr_carea' id='block_1_47' title="bbox 370 3117 2016 3194">
    <p class='ocr_par' dir='ltr' id='par_1_47' title="bbox 370 3117 2016 3194">
     <span class='ocr_line' id='line_1_47' title="bbox 370 3117 2016 3194; baseline -0.005 -17"><span class='ocrx_word' id='word_1_320' title='bbox 370 3123 510 3177; x_wconf 87' lang='grc' dir='ltr'>θεῶν</span> <span class='ocrx_word' id='word_1_321' title='bbox 541 3122 748 3192; x_wconf 84' lang='grc' dir='ltr'>μύθοις,</span> <span class='ocrx_word' id='word_1_322' title='bbox 778 3121 870 3174; x_wconf 74' lang='grc' dir='ltr'><strong>καὶ</strong></span> <span class='ocrx_word' id='word_1_323' title='bbox 895 3121 1077 3183; x_wconf 86' lang='grc' dir='ltr'>αὐτοῖς</span> <span class='ocrx_word' id='word_1_324' title='bbox 1097 3120 1154 3172; x_wconf 81' lang='grc' dir='ltr'>δὲ</span> <span class='ocrx_word' id='word_1_325' title='bbox 1179 3121 1291 3182; x_wconf 88' lang='grc' dir='ltr'>τοῖς</span> <span class='ocrx_word' id='word_1_326' title='bbox 1323 3118 1431 3172; x_wconf 88' lang='grc' dir='ltr'><strong>τῶν</strong></span> <span class='ocrx_word' id='word_1_327' title='bbox 1465 3117 1647 3188; x_wconf 85' lang='grc' dir='ltr'>μύθων</span> <span class='ocrx_word' id='word_1_328' title='bbox 1676 3120 1944 3188; x_wconf 87' lang='grc' dir='ltr'>ποιηταῖς,</span> <span class='ocrx_word' id='word_1_329' title='bbox 1975 3137 2016 3194; x_wconf 75' lang='lat' dir='ltr'><strong><em>C</em></strong></span> 
     </span>
    </p>
   </div>
   <div class='ocr_carea' id='block_1_48' title="bbox 367 3207 1948 3284">
    <p class='ocr_par' dir='ltr' id='par_1_48' title="bbox 367 3207 1948 3284">
     <span class='ocr_line' id='line_1_48' title="bbox 367 3207 1948 3284; baseline -0.004 -17"><span class='ocrx_word' id='word_1_330' title='bbox 367 3215 446 3278; x_wconf 83' lang='grc' dir='ltr'>ὡς</span> <span class='ocrx_word' id='word_1_331' title='bbox 475 3214 538 3284; x_wconf 80' lang='grc' dir='ltr'><strong>δή</strong></span> <span class='ocrx_word' id='word_1_332' title='bbox 576 3213 711 3266; x_wconf 88' lang='grc' dir='ltr'>θεῶν</span> <span class='ocrx_word' id='word_1_333' title='bbox 741 3213 984 3281; x_wconf 86' lang='grc' dir='ltr'>ἐγγόνοις</span> <span class='ocrx_word' id='word_1_334' title='bbox 1017 3207 1136 3264; x_wconf 80' lang='grc' dir='ltr'>οὖσι</span> <span class='ocrx_word' id='word_1_335' title='bbox 1166 3209 1734 3282; x_wconf 82' lang='grc' dir='ltr'>παρακελευσάμενος,</span> <span class='ocrx_word' id='word_1_336' title='bbox 1758 3207 1948 3280; x_wconf 88' lang='grc' dir='ltr'>πρῶτα</span> 
     </span>
    </p>
   </div>
   <div class='ocr_carea' id='block_1_49' title="bbox 378 3297 1948 3380">
    <p class='ocr_par' dir='ltr' id='par_1_49' title="bbox 378 3297 1948 3380">
     <span class='ocr_line' id='line_1_49' title="bbox 378 3297 1948 3380; baseline -0.006 -18"><span class='ocrx_word' id='word_1_337' title='bbox 378 3309 481 3380; x_wconf 86' lang='grc' dir='ltr'>μὲν</span> <span class='ocrx_word' id='word_1_338' title='bbox 505 3307 591 3360; x_wconf 84' lang='grc' dir='ltr'><strong>διά</strong></span> <span class='ocrx_word' id='word_1_339' title='bbox 615 3305 708 3360; x_wconf 82' lang='grc' dir='ltr'>τοῦ</span> <span class='ocrx_word' id='word_1_340' title='bbox 735 3305 900 3374; x_wconf 86' lang='grc' dir='ltr'>φάναι</span> <span class='ocrx_word' id='word_1_341' title='bbox 923 3304 1177 3373; x_wconf 81' lang='grc' dir='ltr'>ἐγγόνους</span> <span class='ocrx_word' id='word_1_342' title='bbox 1201 3297 1338 3356; x_wconf 79' lang='grc' dir='ltr'>εἶναι</span> <span class='ocrx_word' id='word_1_343' title='bbox 1361 3301 1468 3354; x_wconf 88' lang='grc' dir='ltr'><strong>τῶν</strong></span> <span class='ocrx_word' id='word_1_344' title='bbox 1495 3300 1631 3354; x_wconf 90' lang='grc' dir='ltr'>θεῶν</span> <span class='ocrx_word' id='word_1_345' title='bbox 1654 3302 1779 3363; x_wconf 85' lang='grc' dir='ltr'>τοὺς</span> <span class='ocrx_word' id='word_1_346' title='bbox 1801 3317 1948 3371; x_wconf 88' lang='grc' dir='ltr'>ποιη-</span> 
     </span>
    </p>
   </div>
   <div class='ocr_carea' id='block_1_50' title="bbox 375 3391 1948 3471">
    <p class='ocr_par' dir='ltr' id='par_1_50' title="bbox 375 3391 1948 3471">
     <span class='ocr_line' id='line_1_50' title="bbox 375 3391 1948 3471; baseline -0.007 -16"><span class='ocrx_word' id='word_1_347' title='bbox 375 3401 480 3466; x_wconf 84' lang='grc' dir='ltr'>τὰς</span> <span class='ocrx_word' id='word_1_348' title='bbox 513 3397 794 3471; x_wconf 78' lang='grc' dir='ltr'>χλευάζειν</span> <span class='ocrx_word' id='word_1_349' title='bbox 839 3398 930 3469; x_wconf 73' lang='grc' dir='ltr'>μοὶ</span> <span class='ocrx_word' id='word_1_350' title='bbox 975 3397 1143 3462; x_wconf 87' lang='grc' dir='ltr'>δοκεῖ,</span> <span class='ocrx_word' id='word_1_351' title='bbox 1185 3393 1259 3459; x_wconf 85' lang='grc' dir='ltr'>ὡς</span> <span class='ocrx_word' id='word_1_352' title='bbox 1300 3395 1394 3448; x_wconf 84' lang='grc' dir='ltr'>καὶ</span> <span class='ocrx_word' id='word_1_353' title='bbox 1421 3394 1526 3446; x_wconf 89' lang='grc' dir='ltr'><strong>τῶν</strong></span> <span class='ocrx_word' id='word_1_354' title='bbox 1561 3392 1697 3446; x_wconf 90' lang='grc' dir='ltr'>θεῶν</span> <span class='ocrx_word' id='word_1_355' title='bbox 1739 3391 1948 3464; x_wconf 81' lang='grc' dir='ltr'>ἀνθρώ-</span> 
     </span>
    </p>
   </div>
   <div class='ocr_carea' id='block_1_51' title="bbox 369 3483 1948 3563">
    <p class='ocr_par' dir='ltr' id='par_1_51' title="bbox 369 3483 1948 3563">
     <span class='ocr_line' id='line_1_51' title="bbox 369 3483 1948 3563; baseline -0.009 -14"><span class='ocrx_word' id='word_1_356' title='bbox 369 3513 489 3549; x_wconf 87' lang='grc' dir='ltr'><strong>πων</strong></span> <span class='ocrx_word' id='word_1_357' title='bbox 531 3493 853 3563; x_wconf 86' lang='grc' dir='ltr'>γεγονότων,</span> <span class='ocrx_word' id='word_1_358' title='bbox 899 3491 994 3545; x_wconf 78' lang='grc' dir='ltr'><strong>καὶ</strong></span> <span class='ocrx_word' id='word_1_359' title='bbox 1041 3492 1153 3552; x_wconf 89' lang='grc' dir='ltr'>τοῖς</span> <span class='ocrx_word' id='word_1_360' title='bbox 1195 3487 1436 3557; x_wconf 87' lang='grc' dir='ltr'>ἐγγόνοις</span> <span class='ocrx_word' id='word_1_361' title='bbox 1472 3484 1671 3556; x_wconf 83' lang='grc' dir='ltr'>ὁμοίων</span> <span class='ocrx_word' id='word_1_362' title='bbox 1705 3483 1804 3555; x_wconf 80' lang='grc' dir='ltr'><strong>τὴν</strong></span> <span class='ocrx_word' id='word_1_363' title='bbox 1849 3483 1948 3552; x_wconf 86' lang='grc' dir='ltr'>φύ-</span> 
     </span>
    </p>
   </div>
   <div class='ocr_carea' id='block_1_52' title="bbox 370 3573 1946 3652">
    <p class='ocr_par' dir='ltr' id='par_1_52' title="bbox 370 3573 1946 3652">
     <span class='ocr_line' id='line_1_52' title="bbox 370 3573 1946 3652; baseline -0.01 -11"><span class='ocrx_word' id='word_1_364' title='bbox 370 3603 486 3643; x_wconf 81' lang='grc' dir='ltr'>σιν⁶</span> <span class='ocrx_word' id='word_1_365' title='bbox 531 3586 803 3641; x_wconf 87' lang='grc' dir='ltr'>διαϐάλλει</span> <span class='ocrx_word' id='word_1_366' title='bbox 834 3584 879 3638; x_wconf 82' lang='grc' dir='ltr'>δ’</span> <span class='ocrx_word' id='word_1_367' title='bbox 905 3583 1032 3652; x_wconf 79' lang='grc' dir='ltr'>ἑξῆς</span> <span class='ocrx_word' id='word_1_368' title='bbox 1060 3583 1317 3652; x_wconf 79' lang='grc' dir='ltr'>ἄντικρυς</span> <span class='ocrx_word' id='word_1_369' title='bbox 1371 3578 1498 3640; x_wconf 81' lang='grc' dir='ltr'>τοὺς</span> <span class='ocrx_word' id='word_1_370' title='bbox 1537 3575 1817 3644; x_wconf 82' lang='grc' dir='ltr'>θεολόγους</span> <span class='ocrx_word' id='word_1_371' title='bbox 1854 3573 1946 3636; x_wconf 86' lang='grc' dir='ltr'><strong>οὒς</strong></span> 
     </span>
    </p>
   </div>
   <div class='ocr_carea' id='block_1_53' title="bbox 366 3666 1942 3749">
    <p class='ocr_par' dir='ltr' id='par_1_53' title="bbox 366 3666 1942 3749">
     <span class='ocr_line' id='line_1_53' title="bbox 366 3666 1942 3749; baseline -0.011 -15"><span class='ocrx_word' id='word_1_372' title='bbox 366 3681 625 3749; x_wconf 85' lang='grc' dir='ltr'>ἐγγόνους</span> <span class='ocrx_word' id='word_1_373' title='bbox 649 3679 848 3748; x_wconf 81' lang='grc' dir='ltr'>ἔφησεν</span> <span class='ocrx_word' id='word_1_374' title='bbox 880 3673 1017 3730; x_wconf 81' lang='grc' dir='ltr'>εἶναι</span> <span class='ocrx_word' id='word_1_375' title='bbox 1045 3673 1202 3738; x_wconf 88' lang='grc' dir='ltr'>θεῶν,</span> <span class='ocrx_word' id='word_1_376' title='bbox 1232 3670 1298 3724; x_wconf 89' lang='grc' dir='ltr'>δι’</span> <span class='ocrx_word' id='word_1_377' title='bbox 1343 3686 1418 3724; x_wconf 88' lang='grc' dir='ltr'><strong>ων</strong></span> <span class='ocrx_word' id='word_1_378' title='bbox 1445 3668 1640 3737; x_wconf 83' lang='grc' dir='ltr'>ἐπάγει</span> <span class='ocrx_word' id='word_1_379' title='bbox 1678 3666 1903 3736; x_wconf 85' lang='grc' dir='ltr'>φάσκων</span> <span class='ocrx_word' id='word_1_380' title='bbox 1928 3683 1942 3697; x_wconf 76' lang='grc' dir='ltr'><strong>ο</strong></span> 
     </span>
    </p>
   </div>
   <div class='ocr_carea' id='block_1_54' title="bbox 372 3759 1946 3848">
    <p class='ocr_par' dir='ltr' id='par_1_54' title="bbox 372 3759 1946 3848">
     <span class='ocr_line' id='line_1_54' title="bbox 372 3759 1946 3848; baseline -0.013 -17"><span class='ocrx_word' id='word_1_381' title='bbox 372 3796 393 3830; x_wconf 72' lang='grc' dir='ltr'><strong>ε</strong></span> <span class='ocrx_word' id='word_1_382' title='bbox 429 3777 644 3848; x_wconf 85' lang='grc' dir='ltr'>Καίπερ</span> <span class='ocrx_word' id='word_1_383' title='bbox 687 3774 815 3828; x_wconf 82' lang='grc' dir='ltr'>ἀνευ</span> <span class='ocrx_word' id='word_1_384' title='bbox 857 3771 1082 3824; x_wconf 81' lang='grc' dir='ltr'>εἰκότων</span> <span class='ocrx_word' id='word_1_385' title='bbox 1132 3768 1226 3822; x_wconf 67' lang='grc' dir='ltr'><strong>καὶ</strong></span> <span class='ocrx_word' id='word_1_386' title='bbox 1276 3763 1586 3833; x_wconf 86' lang='grc' dir='ltr'>ἀναγκαίων</span> <span class='ocrx_word' id='word_1_387' title='bbox 1621 3759 1946 3824; x_wconf 79' lang='grc' dir='ltr'>ἀποδείξεων</span> 
     </span>
    </p>
   </div>
   <div class='ocr_carea' id='block_1_55' title="bbox 366 3850 1942 3936">
    <p class='ocr_par' dir='ltr' id='par_1_55' title="bbox 366 3850 1942 3936">
     <span class='ocr_line' id='line_1_55' title="bbox 366 3850 1942 3936; baseline -0.011 -16"><span class='ocrx_word' id='word_1_388' title='bbox 366 3867 618 3936; x_wconf 88' lang='grc' dir='ltr'>λέγουσι·</span> <span class='ocrx_word' id='word_1_389' title='bbox 661 3885 679 3916; x_wconf 73' lang='grc' dir='ltr'><strong>ι</strong></span> <span class='ocrx_word' id='word_1_390' title='bbox 717 3863 783 3915; x_wconf 84' lang='grc' dir='ltr'>δι’</span> <span class='ocrx_word' id='word_1_391' title='bbox 831 3855 905 3914; x_wconf 81' lang='grc' dir='ltr'>ὧν</span> <span class='ocrx_word' id='word_1_392' title='bbox 957 3877 1014 3912; x_wconf 89' lang='grc' dir='ltr'><strong>τε</strong></span> <span class='ocrx_word' id='word_1_393' title='bbox 1062 3855 1383 3930; x_wconf 86' lang='grc' dir='ltr'>προστίθησι</span> <span class='ocrx_word' id='word_1_394' title='bbox 1418 3854 1498 3918; x_wconf 85' lang='grc' dir='ltr'><strong>τὸ,</strong></span> <span class='ocrx_word' id='word_1_395' title='bbox 1558 3853 1637 3917; x_wconf 89' lang='grc' dir='ltr'>ὡς</span> <span class='ocrx_word' id='word_1_396' title='bbox 1685 3850 1942 3914; x_wconf 70' lang='grc' dir='ltr'>ἔφασαν.</span> 
     </span>
    </p>
   </div>
   <div class='ocr_carea' id='block_1_56' title="bbox 367 3942 1947 4022">
    <p class='ocr_par' dir='ltr' id='par_1_56' title="bbox 367 3942 1947 4022">
     <span class='ocr_line' id='line_1_56' title="bbox 367 3942 1947 4022; baseline -0.014 -9"><span class='ocrx_word' id='word_1_397' title='bbox 367 3956 591 4022; x_wconf 79' lang='grc' dir='ltr'>Παίζειν</span> <span class='ocrx_word' id='word_1_398' title='bbox 615 3957 660 4009; x_wconf 76' lang='grc' dir='ltr'>δ’</span> <span class='ocrx_word' id='word_1_399' title='bbox 689 3955 831 4008; x_wconf 76' lang='grc' dir='ltr'>ἔοικε</span> <span class='ocrx_word' id='word_1_400' title='bbox 860 3951 1063 4021; x_wconf 74' lang='grc' dir='ltr'>λέγων’</span> <span class='ocrx_word' id='word_1_401' title='bbox 1105 3970 1123 4000; x_wconf 73' lang='grc' dir='ltr'><strong>ι</strong></span> <span class='ocrx_word' id='word_1_402' title='bbox 1166 3946 1358 4016; x_wconf 83' lang='grc' dir='ltr'>Σαφῶς</span> <span class='ocrx_word' id='word_1_403' title='bbox 1401 3945 1467 4013; x_wconf 86' lang='grc' dir='ltr'><strong>γέ</strong></span> <span class='ocrx_word' id='word_1_404' title='bbox 1516 3961 1617 3998; x_wconf 82' lang='grc' dir='ltr'><strong>που</strong></span> <span class='ocrx_word' id='word_1_405' title='bbox 1656 3943 1780 4004; x_wconf 82' lang='grc' dir='ltr'>τοὺς</span> <span class='ocrx_word' id='word_1_406' title='bbox 1823 3942 1947 3993; x_wconf 88' lang='grc' dir='ltr'>ἐαυ-</span> 
     </span>
    </p>
   </div>
   <div class='ocr_carea' id='block_1_57' title="bbox 364 4031 1945 4119">
    <p class='ocr_par' dir='ltr' id='par_1_57' title="bbox 364 4031 1945 4119">
     <span class='ocr_line' id='line_1_57' title="bbox 364 4031 1945 4119; baseline -0.011 -16"><span class='ocrx_word' id='word_1_407' title='bbox 364 4050 476 4103; x_wconf 89' lang='grc' dir='ltr'><strong>τῶν</strong></span> <span class='ocrx_word' id='word_1_408' title='bbox 509 4047 803 4119; x_wconf 90' lang='grc' dir='ltr'>προγόνους</span> <span class='ocrx_word' id='word_1_409' title='bbox 847 4043 1041 4096; x_wconf 82' lang='grc' dir='ltr'>εἰδόσι·</span> <span class='ocrx_word' id='word_1_410' title='bbox 1077 4061 1094 4092; x_wconf 73' lang='grc' dir='ltr'><strong>ι</strong></span> <span class='ocrx_word' id='word_1_411' title='bbox 1142 4039 1237 4092; x_wconf 76' lang='grc' dir='ltr'><strong>καὶ</strong></span> <span class='ocrx_word' id='word_1_412' title='bbox 1282 4038 1361 4100; x_wconf 86' lang='grc' dir='ltr'><strong>τὸ,</strong></span> <span class='ocrx_word' id='word_1_413' title='bbox 1419 4054 1437 4086; x_wconf 76' lang='grc' dir='ltr'><strong>ι</strong></span> <span class='ocrx_word' id='word_1_414' title='bbox 1482 4034 1767 4087; x_wconf 85' lang='grc' dir='ltr'>Ἀδύνατον</span> <span class='ocrx_word' id='word_1_415' title='bbox 1809 4031 1945 4085; x_wconf 88' lang='grc' dir='ltr'>θεῶν</span> 
     </span>
    </p>
   </div>
   <div class='ocr_carea' id='block_1_58' title="bbox 366 4122 1944 4199">
    <p class='ocr_par' dir='ltr' id='par_1_58' title="bbox 366 4122 1944 4199">
     <span class='ocr_line' id='line_1_58' title="bbox 366 4122 1944 4199; baseline -0.013 -5"><span class='ocrx_word' id='word_1_416' title='bbox 366 4139 558 4194; x_wconf 77' lang='grc' dir='ltr'>παισὶν</span> <span class='ocrx_word' id='word_1_417' title='bbox 599 4139 866 4191; x_wconf 78' lang='grc' dir='ltr'>ἀπιστεῖν.</span> <span class='ocrx_word' id='word_1_418' title='bbox 906 4154 924 4186; x_wconf 73' lang='grc' dir='ltr'><strong>ι</strong></span> <span class='ocrx_word' id='word_1_419' title='bbox 977 4131 1088 4185; x_wconf 73' lang='grc' dir='ltr'><strong>Καὶ</strong></span> <span class='ocrx_word' id='word_1_420' title='bbox 1121 4131 1180 4183; x_wconf 84' lang='grc' dir='ltr'>τὸ</span> <span class='ocrx_word' id='word_1_421' title='bbox 1228 4127 1381 4199; x_wconf 83' lang='grc' dir='ltr'>παρὰ</span> <span class='ocrx_word' id='word_1_422' title='bbox 1422 4124 1647 4195; x_wconf 86' lang='grc' dir='ltr'>γνώμην</span> <span class='ocrx_word' id='word_1_423' title='bbox 1678 4123 1734 4177; x_wconf 86' lang='grc' dir='ltr'><strong>δέ</strong></span> <span class='ocrx_word' id='word_1_424' title='bbox 1773 4122 1944 4175; x_wconf 78' lang='grc' dir='ltr'>ταῦτα</span> 
     </span>
    </p>
   </div>
   <div class='ocr_carea' id='block_1_59' title="bbox 364 4215 1946 4300">
    <p class='ocr_par' dir='ltr' id='par_1_59' title="bbox 364 4215 1946 4300">
     <span class='ocr_line' id='line_1_59' title="bbox 364 4215 1946 4300; baseline -0.013 -15"><span class='ocrx_word' id='word_1_425' title='bbox 364 4232 544 4300; x_wconf 81' lang='grc' dir='ltr'>λέγειν</span> <span class='ocrx_word' id='word_1_426' title='bbox 580 4229 688 4282; x_wconf 87' lang='grc' dir='ltr'><strong>τῶν</strong></span> <span class='ocrx_word' id='word_1_427' title='bbox 718 4230 900 4296; x_wconf 85' lang='grc' dir='ltr'>νόμων</span> <span class='ocrx_word' id='word_1_428' title='bbox 937 4225 1101 4277; x_wconf 78' lang='grc' dir='ltr'>ἓνεκα</span> <span class='ocrx_word' id='word_1_429' title='bbox 1131 4219 1429 4293; x_wconf 75' lang='grc' dir='ltr'>διαρρήδην</span> <span class='ocrx_word' id='word_1_430' title='bbox 1463 4216 1787 4287; x_wconf 85' lang='grc' dir='ltr'>παρίστησιν</span> <span class='ocrx_word' id='word_1_431' title='bbox 1818 4215 1946 4284; x_wconf 86' lang='grc' dir='ltr'>ὁμο-</span> 
     </span>
    </p>
   </div>
   <div class='ocr_carea' id='block_1_60' title="bbox 364 4305 1942 4393">
    <p class='ocr_par' dir='ltr' id='par_1_60' title="bbox 364 4305 1942 4393">
     <span class='ocr_line' id='line_1_60' title="bbox 364 4305 1942 4393; baseline -0.013 -18"><span class='ocrx_word' id='word_1_432' title='bbox 364 4323 622 4393; x_wconf 82' lang='grc' dir='ltr'>λογήσας,</span> <span class='ocrx_word' id='word_1_433' title='bbox 644 4322 724 4373; x_wconf 81' lang='grc' dir='ltr'><strong>ὅτι</strong></span> <span class='ocrx_word' id='word_1_434' title='bbox 754 4321 862 4372; x_wconf 85' lang='grc' dir='ltr'>δέοι</span> <span class='ocrx_word' id='word_1_435' title='bbox 896 4315 1196 4386; x_wconf 80' lang='grc' dir='ltr'>ἑπομένους</span> <span class='ocrx_word' id='word_1_436' title='bbox 1235 4309 1313 4381; x_wconf 82' lang='grc' dir='ltr'><strong>τῷ</strong></span> <span class='ocrx_word' id='word_1_437' title='bbox 1345 4309 1494 4378; x_wconf 86' lang='grc' dir='ltr'>νόμῳ</span> <span class='ocrx_word' id='word_1_438' title='bbox 1524 4305 1799 4358; x_wconf 87' lang='grc' dir='ltr'>πιστεύειν</span> <span class='ocrx_word' id='word_1_439' title='bbox 1842 4305 1942 4357; x_wconf 84' lang='grc' dir='ltr'>αὐ-</span> 
     </span>
    </p>
   </div>
   <div class='ocr_carea' id='block_1_61' title="bbox 362 4396 1944 4478">
    <p class='ocr_par' dir='ltr' id='par_1_61' title="bbox 362 4396 1944 4478">
     <span class='ocr_line' id='line_1_61' title="bbox 362 4396 1944 4478; baseline -0.013 -10"><span class='ocrx_word' id='word_1_440' title='bbox 362 4417 497 4478; x_wconf 86' lang='grc' dir='ltr'>τοῖς.</span> <span class='ocrx_word' id='word_1_441' title='bbox 529 4412 651 4466; x_wconf 82' lang='grc' dir='ltr'>’Ότι</span> <span class='ocrx_word' id='word_1_442' title='bbox 682 4412 738 4464; x_wconf 79' lang='grc' dir='ltr'><strong>δὲ</strong></span> <span class='ocrx_word' id='word_1_443' title='bbox 767 4409 918 4463; x_wconf 81' lang='grc' dir='ltr'>ταῦτ’</span> <span class='ocrx_word' id='word_1_444' title='bbox 945 4407 1107 4472; x_wconf 86' lang='grc' dir='ltr'>ἐνόει,</span> <span class='ocrx_word' id='word_1_445' title='bbox 1136 4404 1438 4458; x_wconf 80' lang='grc' dir='ltr'>ἐπάκουσον</span> <span class='ocrx_word' id='word_1_446' title='bbox 1467 4399 1612 4460; x_wconf 80' lang='grc' dir='ltr'>ὅπως</span> <span class='ocrx_word' id='word_1_447' title='bbox 1640 4398 1817 4467; x_wconf 85' lang='grc' dir='ltr'>γυμνῇ</span> <span class='ocrx_word' id='word_1_448' title='bbox 1849 4396 1944 4449; x_wconf 69' lang='grc' dir='ltr'><strong>καὶ</strong></span> 
     </span>
    </p>
   </div>
   <div class='ocr_carea' id='block_1_62' title="bbox 2047 1922 3623 1994">
    <p class='ocr_par' dir='ltr' id='par_1_62' title="bbox 2047 1922 3623 1994">
     <span class='ocr_line' id='line_1_62' title="bbox 2047 1922 3623 1994; baseline -0.001 -17"><span class='ocrx_word' id='word_1_449' title='bbox 2047 1922 2307 1979; x_wconf 82' lang='lat' dir='ltr'><strong>facultate</strong></span> <span class='ocrx_word' id='word_1_450' title='bbox 2340 1925 2536 1994; x_wconf 81' lang='lat' dir='ltr'><strong>major.</strong></span> <span class='ocrx_word' id='word_1_451' title='bbox 2573 1925 2755 1991; x_wconf 83' lang='lat' dir='ltr'><strong>Quare</strong></span> <span class='ocrx_word' id='word_1_452' title='bbox 2786 1926 2892 1980; x_wconf 88' lang='lat' dir='ltr'><strong>hoc</strong></span> <span class='ocrx_word' id='word_1_453' title='bbox 2923 1925 2979 1978; x_wconf 92' lang='lat' dir='ltr'><strong>in</strong></span> <span class='ocrx_word' id='word_1_454' title='bbox 3013 1938 3232 1994; x_wconf 77' lang='lat' dir='ltr'><strong>genere,</strong></span> <span class='ocrx_word' id='word_1_455' title='bbox 3273 1922 3466 1992; x_wconf 91' lang='lat' dir='ltr'><strong>priscis</strong></span> <span class='ocrx_word' id='word_1_456' title='bbox 3512 1922 3623 1976; x_wconf 91' lang='lat' dir='ltr'><strong>illis</strong></span> 
     </span>
    </p>
   </div>
   <div class='ocr_carea' id='block_1_63' title="bbox 2044 1999 3624 2084">
    <p class='ocr_par' dir='ltr' id='par_1_63' title="bbox 2044 1999 3624 2084">
     <span class='ocr_line' id='line_1_63' title="bbox 2044 1999 3624 2084; baseline -0.004 -14"><span class='ocrx_word' id='word_1_457' title='bbox 2044 1999 2274 2072; x_wconf 69' lang='lat' dir='ltr'><strong>testibus</strong></span> <span class='ocrx_word' id='word_1_458' title='bbox 2305 2016 2613 2071; x_wconf 86' lang='lat' dir='ltr'><strong>adhibenda</strong></span> <span class='ocrx_word' id='word_1_459' title='bbox 2662 2016 2839 2080; x_wconf 70' lang='grc' dir='ltr'>ίίόοε,ε</span> <span class='ocrx_word' id='word_1_460' title='bbox 2864 2015 2958 2084; x_wconf 91' lang='lat' dir='ltr'><strong>qui</strong></span> <span class='ocrx_word' id='word_1_461' title='bbox 3003 2024 3064 2070; x_wconf 93' lang='lat' dir='ltr'><strong>ut</strong></span> <span class='ocrx_word' id='word_1_462' title='bbox 3095 2014 3282 2076; x_wconf 90' lang='lat' dir='ltr'><strong>deum,</strong></span> <span class='ocrx_word' id='word_1_463' title='bbox 3325 2011 3470 2082; x_wconf 89' lang='lat' dir='ltr'><strong>quod</strong></span> <span class='ocrx_word' id='word_1_464' title='bbox 3517 2009 3624 2080; x_wconf 91' lang='lat' dir='ltr'><strong>ipsi</strong></span> 
     </span>
    </p>
   </div>
   <div class='ocr_carea' id='block_1_64' title="bbox 2045 2099 3626 2176">
    <p class='ocr_par' dir='ltr' id='par_1_64' title="bbox 2045 2099 3626 2176">
     <span class='ocr_line' id='line_1_64' title="bbox 2045 2099 3626 2176; baseline -0.003 -16"><span class='ocrx_word' id='word_1_465' title='bbox 2045 2107 2219 2174; x_wconf 84' lang='lat' dir='ltr'><strong>aiunt,</strong></span> <span class='ocrx_word' id='word_1_466' title='bbox 2281 2116 2508 2176; x_wconf 90' lang='lat' dir='ltr'><strong>nepotes</strong></span> <span class='ocrx_word' id='word_1_467' title='bbox 2559 2111 2736 2172; x_wconf 90' lang='lat' dir='ltr'><strong>erant,</strong></span> <span class='ocrx_word' id='word_1_468' title='bbox 2789 2105 2864 2159; x_wconf 90' lang='lat' dir='ltr'><strong>ita</strong></span> <span class='ocrx_word' id='word_1_469' title='bbox 2913 2105 3151 2172; x_wconf 86' lang='lat' dir='ltr'><strong>majores</strong></span> <span class='ocrx_word' id='word_1_470' title='bbox 3207 2117 3338 2157; x_wconf 88' lang='lat' dir='ltr'><strong>suos</strong></span> <span class='ocrx_word' id='word_1_471' title='bbox 3385 2099 3626 2156; x_wconf 81' lang='lat' dir='ltr'><strong>maxime</strong></span> 
     </span>
    </p>
   </div>
   <div class='ocr_carea' id='block_1_65' title="bbox 2045 2191 3625 2264">
    <p class='ocr_par' dir='ltr' id='par_1_65' title="bbox 2045 2191 3625 2264">
     <span class='ocr_line' id='line_1_65' title="bbox 2045 2191 3625 2264; baseline -0.004 -13"><span class='ocrx_word' id='word_1_472' title='bbox 2045 2205 2206 2252; x_wconf 88' lang='lat' dir='ltr'><strong>notos</strong></span> <span class='ocrx_word' id='word_1_473' title='bbox 2242 2197 2565 2252; x_wconf 88' lang='lat' dir='ltr'><strong>habuerunt.</strong></span> <span class='ocrx_word' id='word_1_474' title='bbox 2599 2195 2710 2252; x_wconf 88' lang='lat' dir='ltr'><strong>Nec</strong></span> <span class='ocrx_word' id='word_1_475' title='bbox 2739 2195 2855 2251; x_wconf 87' lang='lat' dir='ltr'><strong>ﬁeri</strong></span> <span class='ocrx_word' id='word_1_476' title='bbox 2897 2194 3119 2249; x_wconf 90' lang='lat' dir='ltr'><strong>omnino</strong></span> <span class='ocrx_word' id='word_1_477' title='bbox 3153 2201 3354 2264; x_wconf 90' lang='lat' dir='ltr'><strong>potest,</strong></span> <span class='ocrx_word' id='word_1_478' title='bbox 3400 2201 3459 2245; x_wconf 90' lang='lat' dir='ltr'><strong>ut</strong></span> <span class='ocrx_word' id='word_1_479' title='bbox 3489 2191 3625 2245; x_wconf 86' lang='lat' dir='ltr'><strong>ﬁdes</strong></span> 
     </span>
    </p>
   </div>
   <div class='ocr_carea' id='block_1_66' title="bbox 2045 2277 3625 2352">
    <p class='ocr_par' dir='ltr' id='par_1_66' title="bbox 2045 2277 3625 2352">
     <span class='ocr_line' id='line_1_66' title="bbox 2045 2277 3625 2352; baseline -0.004 -8"><span class='ocrx_word' id='word_1_480' title='bbox 2045 2305 2234 2345; x_wconf 91' lang='lat' dir='ltr'><strong>eorum</strong></span> <span class='ocrx_word' id='word_1_481' title='bbox 2265 2291 2389 2345; x_wconf 87' lang='lat' dir='ltr'><strong>ﬁliis</strong></span> <span class='ocrx_word' id='word_1_482' title='bbox 2421 2289 2740 2345; x_wconf 90' lang='lat' dir='ltr'><strong>detrahatur</strong></span> <span class='ocrx_word' id='word_1_483' title='bbox 2767 2327 2781 2352; x_wconf 95' lang='lat'><strong>,</strong></span> <span class='ocrx_word' id='word_1_484' title='bbox 2818 2287 3034 2342; x_wconf 90' lang='lat' dir='ltr'><strong>etiamsi</strong></span> <span class='ocrx_word' id='word_1_485' title='bbox 3070 2285 3231 2340; x_wconf 90' lang='lat' dir='ltr'><strong>nullis</strong></span> <span class='ocrx_word' id='word_1_486' title='bbox 3282 2277 3625 2340; x_wconf 71' lang='lat' dir='ltr'><strong>demonstra-</strong></span> 
     </span>
    </p>
   </div>
   <div class='ocr_carea' id='block_1_67' title="bbox 2046 2375 3626 2449">
    <p class='ocr_par' dir='ltr' id='par_1_67' title="bbox 2046 2375 3626 2449">
     <span class='ocr_line' id='line_1_67' title="bbox 2046 2375 3626 2449; baseline -0.004 -14"><span class='ocrx_word' id='word_1_487' title='bbox 2046 2381 2287 2437; x_wconf 88' lang='lat' dir='ltr'><strong>tionibus</strong></span> <span class='ocrx_word' id='word_1_488' title='bbox 2341 2380 2688 2446; x_wconf 83' lang='lat' dir='ltr'><strong>necessariis,</strong></span> <span class='ocrx_word' id='word_1_489' title='bbox 2736 2395 2800 2435; x_wconf 89' lang='lat' dir='ltr'><strong>ac</strong></span> <span class='ocrx_word' id='word_1_490' title='bbox 2856 2395 2924 2434; x_wconf 91' lang='lat' dir='ltr'><strong>ne</strong></span> <span class='ocrx_word' id='word_1_491' title='bbox 2978 2376 3353 2449; x_wconf 89' lang='lat' dir='ltr'><strong>probabilibus</strong></span> <span class='ocrx_word' id='word_1_492' title='bbox 3401 2375 3626 2445; x_wconf 89' lang='lat' dir='ltr'><strong>quidem</strong></span> 
     </span>
    </p>
   </div>
   <div class='ocr_carea' id='block_1_68' title="bbox 2048 2466 3624 2543">
    <p class='ocr_par' dir='ltr' id='par_1_68' title="bbox 2048 2466 3624 2543">
     <span class='ocr_line' id='line_1_68' title="bbox 2048 2466 3624 2543; baseline -0.004 -16"><span class='ocrx_word' id='word_1_493' title='bbox 2048 2473 2386 2543; x_wconf 77' lang='lat' dir='ltr'><strong>argumentis</strong></span> <span class='ocrx_word' id='word_1_494' title='bbox 2417 2473 2659 2542; x_wconf 90' lang='lat' dir='ltr'><strong>ipsorum</strong></span> <span class='ocrx_word' id='word_1_495' title='bbox 2690 2470 2999 2526; x_wconf 89' lang='lat' dir='ltr'><strong>testimonia</strong></span> <span class='ocrx_word' id='word_1_496' title='bbox 3034 2469 3460 2539; x_wconf 89' lang='lat' dir='ltr'><strong>comprobentur</strong></span> <span class='ocrx_word' id='word_1_497' title='bbox 3487 2484 3501 2521; x_wconf 91' lang='lat'><strong>:</strong></span> <span class='ocrx_word' id='word_1_498' title='bbox 3530 2466 3624 2521; x_wconf 90' lang='lat' dir='ltr'><strong>sed</strong></span> 
     </span>
    </p>
   </div>
   <div class='ocr_carea' id='block_1_69' title="bbox 2048 2560 3626 2634">
    <p class='ocr_par' dir='ltr' id='par_1_69' title="bbox 2048 2560 3626 2634">
     <span class='ocr_line' id='line_1_69' title="bbox 2048 2560 3626 2634; baseline -0.004 -16"><span class='ocrx_word' id='word_1_499' title='bbox 2048 2579 2270 2620; x_wconf 73' lang='lat' dir='ltr'><strong>necesse</strong></span> <span class='ocrx_word' id='word_1_500' title='bbox 2323 2564 2482 2634; x_wconf 85' lang='lat' dir='ltr'><strong>plane</strong></span> <span class='ocrx_word' id='word_1_501' title='bbox 2525 2572 2632 2627; x_wconf 91' lang='lat' dir='ltr'><strong>est,</strong></span> <span class='ocrx_word' id='word_1_502' title='bbox 2686 2573 2746 2617; x_wconf 91' lang='lat' dir='ltr'><strong>ut</strong></span> <span class='ocrx_word' id='word_1_503' title='bbox 2791 2565 2879 2629; x_wconf 76' lang='lat' dir='ltr'><strong>iis,</strong></span> <span class='ocrx_word' id='word_1_504' title='bbox 2917 2561 3194 2631; x_wconf 77' lang='lat' dir='ltr'><strong>quomodo</strong></span> <span class='ocrx_word' id='word_1_505' title='bbox 3243 2561 3327 2616; x_wconf 78' lang='lat' dir='ltr'><strong>lex</strong></span> <span class='ocrx_word' id='word_1_506' title='bbox 3362 2560 3626 2629; x_wconf 87' lang='lat' dir='ltr'><strong>imperat,</strong></span> 
     </span>
    </p>
   </div>
   <div class='ocr_carea' id='block_1_70' title="bbox 2049 2651 3627 2726">
    <p class='ocr_par' dir='ltr' id='par_1_70' title="bbox 2049 2651 3627 2726">
     <span class='ocr_line' id='line_1_70' title="bbox 2049 2651 3627 2726; baseline -0.004 -16"><span class='ocrx_word' id='word_1_507' title='bbox 2049 2665 2308 2726; x_wconf 89' lang='lat' dir='ltr'><strong>tanquam</strong></span> <span class='ocrx_word' id='word_1_508' title='bbox 2340 2657 2578 2710; x_wconf 63' lang='lat' dir='ltr'><strong>suarum&#39;</strong></span> <span class='ocrx_word' id='word_1_509' title='bbox 2614 2655 2669 2708; x_wconf 91' lang='lat' dir='ltr'><strong>in</strong></span> <span class='ocrx_word' id='word_1_510' title='bbox 2720 2670 2902 2708; x_wconf 90' lang='lat' dir='ltr'><strong>rerum</strong></span> <span class='ocrx_word' id='word_1_511' title='bbox 2949 2651 3473 2708; x_wconf 87' lang='lat' dir='ltr'><strong>commemoratione</strong></span> <span class='ocrx_word' id='word_1_512' title='bbox 3506 2664 3627 2705; x_wconf 83' lang='lat' dir='ltr'><strong>cre-</strong></span> 
     </span>
    </p>
   </div>
   <div class='ocr_carea' id='block_1_71' title="bbox 2048 2738 3626 2815">
    <p class='ocr_par' dir='ltr' id='par_1_71' title="bbox 2048 2738 3626 2815">
     <span class='ocr_line' id='line_1_71' title="bbox 2048 2738 3626 2815; baseline -0.006 -15"><span class='ocrx_word' id='word_1_513' title='bbox 2048 2747 2260 2801; x_wconf 87' lang='lat' dir='ltr'><strong>damus.</strong></span> <span class='ocrx_word' id='word_1_514' title='bbox 2322 2746 2475 2800; x_wconf 89' lang='lat' dir='ltr'><strong>lllam</strong></span> <span class='ocrx_word' id='word_1_515' title='bbox 2526 2760 2656 2815; x_wconf 81' lang='lat' dir='ltr'><strong>ergo</strong></span> <span class='ocrx_word' id='word_1_516' title='bbox 2709 2742 2936 2798; x_wconf 90' lang='lat' dir='ltr'><strong>deorum</strong></span> <span class='ocrx_word' id='word_1_517' title='bbox 2987 2741 3420 2812; x_wconf 86' lang='lat' dir='ltr'><strong>procreationem</strong></span> <span class='ocrx_word' id='word_1_518' title='bbox 3479 2738 3626 2808; x_wconf 87' lang='lat' dir='ltr'><strong>quod</strong></span> 
     </span>
    </p>
   </div>
   <div class='ocr_carea' id='block_1_72' title="bbox 2048 2823 3626 2905">
    <p class='ocr_par' dir='ltr' id='par_1_72' title="bbox 2048 2823 3626 2905">
     <span class='ocr_line' id='line_1_72' title="bbox 2048 2823 3626 2905; baseline -0.005 -14"><span class='ocrx_word' id='word_1_519' title='bbox 2048 2837 2262 2899; x_wconf 86' lang='lat' dir='ltr'><strong>attinet,</strong></span> <span class='ocrx_word' id='word_1_520' title='bbox 2309 2837 2383 2888; x_wconf 91' lang='lat' dir='ltr'><strong>uti</strong></span> <span class='ocrx_word' id='word_1_521' title='bbox 2411 2844 2582 2905; x_wconf 73' lang='lat' dir='ltr'><strong>poetze</strong></span> <span class='ocrx_word' id='word_1_522' title='bbox 2633 2834 2900 2898; x_wconf 88' lang='lat' dir='ltr'><strong>scribunt,</strong></span> <span class='ocrx_word' id='word_1_523' title='bbox 2935 2833 3010 2886; x_wconf 89' lang='lat' dir='ltr'><strong>ita</strong></span> <span class='ocrx_word' id='word_1_524' title='bbox 3055 2823 3156 2886; x_wconf 87' lang='lat' dir='ltr'><strong>nos</strong></span> <span class='ocrx_word' id='word_1_525' title='bbox 3189 2844 3408 2900; x_wconf 89' lang='lat' dir='ltr'><strong>quoque</strong></span> <span class='ocrx_word' id='word_1_526' title='bbox 3459 2828 3526 2883; x_wconf 91' lang='lat' dir='ltr'><strong>de</strong></span> <span class='ocrx_word' id='word_1_527' title='bbox 3562 2843 3626 2884; x_wconf 74' lang='lat' dir='ltr'><strong>ea</strong></span> 
     </span>
    </p>
   </div>
   <div class='ocr_carea' id='block_1_73' title="bbox 2049 2919 3626 2996">
    <p class='ocr_par' dir='ltr' id='par_1_73' title="bbox 2049 2919 3626 2996">
     <span class='ocr_line' id='line_1_73' title="bbox 2049 2919 3626 2996; baseline -0.006 -13"><span class='ocrx_word' id='word_1_528' title='bbox 2049 2935 2354 2983; x_wconf 80' lang='lat' dir='ltr'><strong>statuamus</strong></span> <span class='ocrx_word' id='word_1_529' title='bbox 2405 2941 2469 2980; x_wconf 89' lang='lat' dir='ltr'><strong>ac</strong></span> <span class='ocrx_word' id='word_1_530' title='bbox 2501 2926 2811 2996; x_wconf 86' lang='lat' dir='ltr'><strong>loquamur.</strong></span> <span class='ocrx_word' id='word_1_531' title='bbox 2846 2923 3010 2996; x_wconf 62' lang='lat'><strong>640</strong></span> <span class='ocrx_word' id='word_1_532' title='bbox 3046 2922 3232 2978; x_wconf 70' lang='lat' dir='ltr'><strong>Terra:</strong></span> <span class='ocrx_word' id='word_1_533' title='bbox 3264 2919 3512 2990; x_wconf 72' lang='lat' dir='ltr'><strong>leique</strong></span> <span class='ocrx_word' id='word_1_534' title='bbox 3557 2921 3626 2974; x_wconf 92' lang='lat' dir='ltr'><strong>li-</strong></span> 
     </span>
    </p>
   </div>
   <div class='ocr_carea' id='block_1_74' title="bbox 2049 3009 3629 3084">
    <p class='ocr_par' dir='ltr' id='par_1_74' title="bbox 2049 3009 3629 3084">
     <span class='ocr_line' id='line_1_74' title="bbox 2049 3009 3629 3084; baseline -0.006 -11"><span class='ocrx_word' id='word_1_535' title='bbox 2049 3017 2185 3082; x_wconf 89' lang='lat' dir='ltr'><strong>beri,</strong></span> <span class='ocrx_word' id='word_1_536' title='bbox 2232 3016 2480 3071; x_wconf 89' lang='lat' dir='ltr'><strong>Oceanus</strong></span> <span class='ocrx_word' id='word_1_537' title='bbox 2506 3024 2561 3071; x_wconf 91' lang='lat' dir='ltr'><strong>et</strong></span> <span class='ocrx_word' id='word_1_538' title='bbox 2603 3013 2845 3084; x_wconf 85' lang='lat' dir='ltr'><strong>Tethys:</strong></span> <span class='ocrx_word' id='word_1_539' title='bbox 2884 3015 3078 3067; x_wconf 88' lang='lat' dir='ltr'><strong>horum</strong></span> <span class='ocrx_word' id='word_1_540' title='bbox 3126 3011 3398 3082; x_wconf 85' lang='lat' dir='ltr'><strong>Phorcyn,</strong></span> <span class='ocrx_word' id='word_1_541' title='bbox 3435 3009 3629 3064; x_wconf 86' lang='lat' dir='ltr'><strong>Satur-</strong></span> 
     </span>
    </p>
   </div>
   <div class='ocr_carea' id='block_1_75' title="bbox 2050 3099 3622 3176">
    <p class='ocr_par' dir='ltr' id='par_1_75' title="bbox 2050 3099 3622 3176">
     <span class='ocr_line' id='line_1_75' title="bbox 2050 3099 3622 3176; baseline -0.004 -17"><span class='ocrx_word' id='word_1_542' title='bbox 2050 3121 2154 3161; x_wconf 89' lang='lat' dir='ltr'><strong>nus</strong></span> <span class='ocrx_word' id='word_1_543' title='bbox 2197 3115 2250 3160; x_wconf 92' lang='lat' dir='ltr'><strong>et</strong></span> <span class='ocrx_word' id='word_1_544' title='bbox 2285 3103 2418 3176; x_wconf 89' lang='lat' dir='ltr'><strong>Ops,</strong></span> <span class='ocrx_word' id='word_1_545' title='bbox 2448 3105 2740 3174; x_wconf 86' lang='lat' dir='ltr'><strong>caeterique</strong></span> <span class='ocrx_word' id='word_1_546' title='bbox 2789 3103 3004 3158; x_wconf 85' lang='lat' dir='ltr'><strong>fratres.</strong></span> <span class='ocrx_word' id='word_1_547' title='bbox 3037 3101 3116 3156; x_wconf 76' lang='lat' dir='ltr'><strong>Ex</strong></span> <span class='ocrx_word' id='word_1_548' title='bbox 3144 3100 3383 3156; x_wconf 89' lang='lat' dir='ltr'><strong>Saturno</strong></span> <span class='ocrx_word' id='word_1_549' title='bbox 3415 3111 3468 3155; x_wconf 91' lang='lat' dir='ltr'><strong>et</strong></span> <span class='ocrx_word' id='word_1_550' title='bbox 3488 3099 3622 3170; x_wconf 87' lang='lat' dir='ltr'><strong>Ope,</strong></span> 
     </span>
    </p>
   </div>
   <div class='ocr_carea' id='block_1_76' title="bbox 2053 3191 3624 3270">
    <p class='ocr_par' dir='ltr' id='par_1_76' title="bbox 2053 3191 3624 3270">
     <span class='ocr_line' id='line_1_76' title="bbox 2053 3191 3624 3270; baseline -0.005 -18"><span class='ocrx_word' id='word_1_551' title='bbox 2053 3196 2286 3267; x_wconf 86' lang='lat' dir='ltr'><strong>Jupiter,</strong></span> <span class='ocrx_word' id='word_1_552' title='bbox 2320 3195 2488 3270; x_wconf 70' lang='lat' dir='ltr'><strong>,Iuno,</strong></span> <span class='ocrx_word' id='word_1_553' title='bbox 2539 3211 2604 3251; x_wconf 91' lang='lat' dir='ltr'><strong>ac</strong></span> <span class='ocrx_word' id='word_1_554' title='bbox 2657 3195 2873 3266; x_wconf 84' lang='lat' dir='ltr'><strong>reliqui,</strong></span> <span class='ocrx_word' id='word_1_555' title='bbox 2923 3209 3062 3265; x_wconf 91' lang='lat' dir='ltr'><strong>quos</strong></span> <span class='ocrx_word' id='word_1_556' title='bbox 3097 3194 3382 3262; x_wconf 91' lang='lat' dir='ltr'><strong>utriusque</strong></span> <span class='ocrx_word' id='word_1_557' title='bbox 3425 3191 3624 3248; x_wconf 80' lang='lat' dir='ltr'><strong>fratrea</strong></span> 
     </span>
    </p>
   </div>
   <div class='ocr_carea' id='block_1_77' title="bbox 2052 3283 3625 3360">
    <p class='ocr_par' dir='ltr' id='par_1_77' title="bbox 2052 3283 3625 3360">
     <span class='ocr_line' id='line_1_77' title="bbox 2052 3283 3625 3360; baseline -0.003 -17"><span class='ocrx_word' id='word_1_558' title='bbox 2052 3290 2308 3360; x_wconf 84' lang='lat' dir='ltr'><strong>appellari</strong></span> <span class='ocrx_word' id='word_1_559' title='bbox 2339 3290 2564 3354; x_wconf 87' lang='lat' dir='ltr'><strong>scimus,</strong></span> <span class='ocrx_word' id='word_1_560' title='bbox 2601 3290 2892 3358; x_wconf 88' lang='lat' dir='ltr'><strong>procreati.</strong></span> <span class='ocrx_word' id='word_1_561' title='bbox 2927 3289 3103 3357; x_wconf 87' lang='lat' dir='ltr'><strong>Atque</strong></span> <span class='ocrx_word' id='word_1_562' title='bbox 3147 3287 3221 3340; x_wconf 87' lang='lat' dir='ltr'><strong>ita</strong></span> <span class='ocrx_word' id='word_1_563' title='bbox 3254 3283 3510 3354; x_wconf 89' lang='lat' dir='ltr'><strong>deinceps</strong></span> <span class='ocrx_word' id='word_1_564' title='bbox 3557 3285 3625 3339; x_wconf 92' lang='lat' dir='ltr'><strong>de</strong></span> 
     </span>
    </p>
   </div>
   <div class='ocr_carea' id='block_1_78' title="bbox 2053 3374 3621 3452">
    <p class='ocr_par' dir='ltr' id='par_1_78' title="bbox 2053 3374 3621 3452">
     <span class='ocr_line' id='line_1_78' title="bbox 2053 3374 3621 3452; baseline -0.006 -15"><span class='ocrx_word' id='word_1_565' title='bbox 2053 3390 2163 3437; x_wconf 90' lang='lat' dir='ltr'><strong>tota</strong></span> <span class='ocrx_word' id='word_1_566' title='bbox 2194 3389 2449 3452; x_wconf 85' lang='lat' dir='ltr'><strong>nepotum</strong></span> <span class='ocrx_word' id='word_1_567' title='bbox 2488 3382 2648 3436; x_wconf 86' lang='lat' dir='ltr'><strong>serie.</strong></span> <span class='ocrx_word' id='word_1_568' title='bbox 2707 3399 2726 3431; x_wconf 85' lang='grc'><strong>›</strong></span> <span class='ocrx_word' id='word_1_569' title='bbox 2764 3378 2862 3434; x_wconf 85' lang='lat' dir='ltr'><strong>His</strong></span> <span class='ocrx_word' id='word_1_570' title='bbox 2897 3377 3072 3444; x_wconf 87' lang='lat' dir='ltr'><strong>Plato,</strong></span> <span class='ocrx_word' id='word_1_571' title='bbox 3126 3377 3255 3432; x_wconf 90' lang='lat' dir='ltr'><strong>dum</strong></span> <span class='ocrx_word' id='word_1_572' title='bbox 3301 3385 3354 3431; x_wconf 90' lang='lat' dir='ltr'><strong>et</strong></span> <span class='ocrx_word' id='word_1_573' title='bbox 3393 3374 3621 3430; x_wconf 88' lang='lat' dir='ltr'><strong>deorum</strong></span> 
     </span>
    </p>
   </div>
   <div class='ocr_carea' id='block_1_79' title="bbox 2052 3465 3622 3538">
    <p class='ocr_par' dir='ltr' id='par_1_79' title="bbox 2052 3465 3622 3538">
     <span class='ocr_line' id='line_1_79' title="bbox 2052 3465 3622 3538; baseline -0.008 -11"><span class='ocrx_word' id='word_1_574' title='bbox 2052 3471 2270 3538; x_wconf 87' lang='lat' dir='ltr'><strong>fabulis,</strong></span> <span class='ocrx_word' id='word_1_575' title='bbox 2308 3482 2362 3527; x_wconf 91' lang='lat' dir='ltr'><strong>et</strong></span> <span class='ocrx_word' id='word_1_576' title='bbox 2387 3485 2575 3526; x_wconf 91' lang='lat' dir='ltr'><strong>earum</strong></span> <span class='ocrx_word' id='word_1_577' title='bbox 2615 3470 2930 3524; x_wconf 89' lang='lat' dir='ltr'><strong>auctoribus</strong></span> <span class='ocrx_word' id='word_1_578' title='bbox 2976 3466 3170 3537; x_wconf 89' lang='lat' dir='ltr'><strong>poetis,</strong></span> <span class='ocrx_word' id='word_1_579' title='bbox 3233 3465 3313 3519; x_wconf 89' lang='lat' dir='ltr'><strong>sic</strong></span> <span class='ocrx_word' id='word_1_580' title='bbox 3361 3473 3622 3532; x_wconf 89' lang='lat' dir='ltr'><strong>tanquam</strong></span> 
     </span>
    </p>
   </div>
   <div class='ocr_carea' id='block_1_80' title="bbox 2051 3554 3623 3634">
    <p class='ocr_par' dir='ltr' id='par_1_80' title="bbox 2051 3554 3623 3634">
     <span class='ocr_line' id='line_1_80' title="bbox 2051 3554 3623 3634; baseline -0.006 -14"><span class='ocrx_word' id='word_1_581' title='bbox 2051 3567 2276 3620; x_wconf 89' lang='lat' dir='ltr'><strong>deorum</strong></span> <span class='ocrx_word' id='word_1_582' title='bbox 2307 3563 2595 3634; x_wconf 86' lang='lat' dir='ltr'><strong>nepotibus</strong></span> <span class='ocrx_word' id='word_1_583' title='bbox 2628 3561 2785 3616; x_wconf 90' lang='lat' dir='ltr'><strong>ﬁdem</strong></span> <span class='ocrx_word' id='word_1_584' title='bbox 2818 3560 3075 3615; x_wconf 87' lang='lat' dir='ltr'><strong>adhibere</strong></span> <span class='ocrx_word' id='word_1_585' title='bbox 3097 3557 3270 3628; x_wconf 85' lang='lat' dir='ltr'><strong>jubet,</strong></span> <span class='ocrx_word' id='word_1_586' title='bbox 3302 3556 3537 3626; x_wconf 87' lang='lat' dir='ltr'><strong>primum</strong></span> <span class='ocrx_word' id='word_1_587' title='bbox 3572 3554 3623 3610; x_wconf 91' lang='lat' dir='ltr'><strong>is</strong></span> 
     </span>
    </p>
   </div>
   <div class='ocr_carea' id='block_1_81' title="bbox 2051 3642 3624 3724">
    <p class='ocr_par' dir='ltr' id='par_1_81' title="bbox 2051 3642 3624 3724">
     <span class='ocr_line' id='line_1_81' title="bbox 2051 3642 3624 3724; baseline -0.009 -15"><span class='ocrx_word' id='word_1_588' title='bbox 2051 3655 2208 3722; x_wconf 89' lang='lat' dir='ltr'><strong>mihi,</strong></span> <span class='ocrx_word' id='word_1_589' title='bbox 2242 3653 2372 3708; x_wconf 91' lang='lat' dir='ltr'><strong>dum</strong></span> <span class='ocrx_word' id='word_1_590' title='bbox 2411 3661 2603 3724; x_wconf 86' lang='lat' dir='ltr'><strong>poetas</strong></span> <span class='ocrx_word' id='word_1_591' title='bbox 2645 3651 2872 3706; x_wconf 89' lang='lat' dir='ltr'><strong>deorum</strong></span> <span class='ocrx_word' id='word_1_592' title='bbox 2901 3655 3126 3718; x_wconf 87' lang='lat' dir='ltr'><strong>nepotes</strong></span> <span class='ocrx_word' id='word_1_593' title='bbox 3159 3644 3413 3716; x_wconf 84' lang='lat' dir='ltr'><strong>appellat,</strong></span> <span class='ocrx_word' id='word_1_594' title='bbox 3444 3642 3624 3697; x_wconf 79' lang='lat' dir='ltr'><strong>ridere</strong></span> 
     </span>
    </p>
   </div>
   <div class='ocr_carea' id='block_1_82' title="bbox 2049 3731 3622 3816">
    <p class='ocr_par' dir='ltr' id='par_1_82' title="bbox 2049 3731 3622 3816">
     <span class='ocr_line' id='line_1_82' title="bbox 2049 3731 3622 3816; baseline -0.011 -15"><span class='ocrx_word' id='word_1_595' title='bbox 2049 3761 2114 3801; x_wconf 91' lang='lat' dir='ltr'><strong>ac</strong></span> <span class='ocrx_word' id='word_1_596' title='bbox 2161 3744 2337 3816; x_wconf 84' lang='lat' dir='ltr'><strong>jocari</strong></span> <span class='ocrx_word' id='word_1_597' title='bbox 2379 3743 2616 3808; x_wconf 87' lang='lat' dir='ltr'><strong>videtur,</strong></span> <span class='ocrx_word' id='word_1_598' title='bbox 2668 3739 2825 3810; x_wconf 88' lang='lat' dir='ltr'><strong>quasi</strong></span> <span class='ocrx_word' id='word_1_599' title='bbox 2871 3738 3004 3792; x_wconf 90' lang='lat' dir='ltr'><strong>deos</strong></span> <span class='ocrx_word' id='word_1_600' title='bbox 3061 3735 3210 3805; x_wconf 90' lang='lat' dir='ltr'><strong>ipsos</strong></span> <span class='ocrx_word' id='word_1_601' title='bbox 3251 3740 3307 3786; x_wconf 94' lang='lat' dir='ltr'><strong>et</strong></span> <span class='ocrx_word' id='word_1_602' title='bbox 3370 3731 3622 3785; x_wconf 89' lang='lat' dir='ltr'><strong>homines</strong></span> 
     </span>
    </p>
   </div>
   <div class='ocr_carea' id='block_1_83' title="bbox 2051 3818 3622 3903">
    <p class='ocr_par' dir='ltr' id='par_1_83' title="bbox 2051 3818 3622 3903">
     <span class='ocr_line' id='line_1_83' title="bbox 2051 3818 3622 3903; baseline -0.012 -12"><span class='ocrx_word' id='word_1_603' title='bbox 2051 3836 2242 3903; x_wconf 88' lang='lat' dir='ltr'><strong>fuisse,</strong></span> <span class='ocrx_word' id='word_1_604' title='bbox 2266 3843 2321 3890; x_wconf 90' lang='lat' dir='ltr'><strong>et</strong></span> <span class='ocrx_word' id='word_1_605' title='bbox 2352 3833 2586 3890; x_wconf 88' lang='lat' dir='ltr'><strong>similem</strong></span> <span class='ocrx_word' id='word_1_606' title='bbox 2621 3829 2910 3900; x_wconf 85' lang='lat' dir='ltr'><strong>nepotibus</strong></span> <span class='ocrx_word' id='word_1_607' title='bbox 2941 3825 3056 3880; x_wconf 90' lang='lat' dir='ltr'><strong>suis</strong></span> <span class='ocrx_word' id='word_1_608' title='bbox 3084 3832 3334 3877; x_wconf 88' lang='lat' dir='ltr'><strong>naturam</strong></span> <span class='ocrx_word' id='word_1_609' title='bbox 3363 3818 3622 3874; x_wconf 86' lang='lat' dir='ltr'><strong>habuisse</strong></span> 
     </span>
    </p>
   </div>
   <div class='ocr_carea' id='block_1_84' title="bbox 2049 3915 3617 3990">
    <p class='ocr_par' dir='ltr' id='par_1_84' title="bbox 2049 3915 3617 3990">
     <span class='ocr_line' id='line_1_84' title="bbox 2049 3915 3617 3990; baseline -0.016 -6"><span class='ocrx_word' id='word_1_610' title='bbox 2049 3929 2198 3984; x_wconf 82' lang='lat' dir='ltr'><strong>velit.</strong></span> <span class='ocrx_word' id='word_1_611' title='bbox 2237 3924 2441 3982; x_wconf 89' lang='lat' dir='ltr'><strong>Deinde</strong></span> <span class='ocrx_word' id='word_1_612' title='bbox 2469 3937 2616 3989; x_wconf 89' lang='lat' dir='ltr'><strong>vero,</strong></span> <span class='ocrx_word' id='word_1_613' title='bbox 2658 3934 2798 3990; x_wconf 86' lang='lat' dir='ltr'><strong>quos</strong></span> <span class='ocrx_word' id='word_1_614' title='bbox 2829 3917 3054 3971; x_wconf 89' lang='lat' dir='ltr'><strong>deorum</strong></span> <span class='ocrx_word' id='word_1_615' title='bbox 3100 3919 3326 3982; x_wconf 83' lang='lat' dir='ltr'><strong>nepotes</strong></span> <span class='ocrx_word' id='word_1_616' title='bbox 3352 3915 3574 3963; x_wconf 88' lang='lat' dir='ltr'><strong>vocarat</strong></span> <span class='ocrx_word' id='word_1_617' title='bbox 3600 3946 3617 3971; x_wconf 90' lang='lat'><strong>,</strong></span> 
     </span>
    </p>
   </div>
   <div class='ocr_carea' id='block_1_85' title="bbox 2049 3998 3620 4086">
    <p class='ocr_par' dir='ltr' id='par_1_85' title="bbox 2049 3998 3620 4086">
     <span class='ocr_line' id='line_1_85' title="bbox 2049 3998 3620 4086; baseline -0.014 -13"><span class='ocrx_word' id='word_1_618' title='bbox 2049 4019 2268 4073; x_wconf 87' lang='lat' dir='ltr'><strong>eosdem</strong></span> <span class='ocrx_word' id='word_1_619' title='bbox 2329 4017 2446 4086; x_wconf 88' lang='lat' dir='ltr'><strong>ipse</strong></span> <span class='ocrx_word' id='word_1_620' title='bbox 2501 4013 2784 4083; x_wconf 79' lang='lat' dir='ltr'><strong>theologos</strong></span> <span class='ocrx_word' id='word_1_621' title='bbox 2849 4005 3138 4061; x_wconf 88' lang='lat' dir='ltr'><strong>manifeste</strong></span> <span class='ocrx_word' id='word_1_622' title='bbox 3193 4001 3472 4064; x_wconf 89' lang='lat' dir='ltr'><strong>traducit,</strong></span> <span class='ocrx_word' id='word_1_623' title='bbox 3532 3998 3620 4052; x_wconf 81' lang='lat' dir='ltr'><strong>his</strong></span> 
     </span>
    </p>
   </div>
   <div class='ocr_carea' id='block_1_86' title="bbox 2048 4093 3616 4176">
    <p class='ocr_par' dir='ltr' id='par_1_86' title="bbox 2048 4093 3616 4176">
     <span class='ocr_line' id='line_1_86' title="bbox 2048 4093 3616 4176; baseline -0.015 -11"><span class='ocrx_word' id='word_1_624' title='bbox 2048 4110 2250 4176; x_wconf 86' lang='lat' dir='ltr'><strong>verbis,</strong></span> <span class='ocrx_word' id='word_1_625' title='bbox 2281 4106 2539 4161; x_wconf 70' lang='lat' dir='ltr'><strong>«Etiamsi</strong></span> <span class='ocrx_word' id='word_1_626' title='bbox 2590 4105 2754 4159; x_wconf 83' lang='lat' dir='ltr'><strong>nullis</strong></span> <span class='ocrx_word' id='word_1_627' title='bbox 2782 4093 3616 4158; x_wconf 72' lang='lat' dir='ltr'><strong>demonsh‘ationihusnecessa-</strong></span> 
     </span>
    </p>
   </div>
   <div class='ocr_carea' id='block_1_87' title="bbox 2050 4187 3614 4269">
    <p class='ocr_par' dir='ltr' id='par_1_87' title="bbox 2050 4187 3614 4269">
     <span class='ocr_line' id='line_1_87' title="bbox 2050 4187 3614 4269; baseline -0.011 -13"><span class='ocrx_word' id='word_1_628' title='bbox 2050 4202 2167 4266; x_wconf 88' lang='lat' dir='ltr'><strong>riis,</strong></span> <span class='ocrx_word' id='word_1_629' title='bbox 2199 4216 2263 4255; x_wconf 91' lang='lat' dir='ltr'><strong>ac</strong></span> <span class='ocrx_word' id='word_1_630' title='bbox 2290 4215 2356 4254; x_wconf 92' lang='lat' dir='ltr'><strong>ne</strong></span> <span class='ocrx_word' id='word_1_631' title='bbox 2389 4196 2767 4269; x_wconf 85' lang='lat' dir='ltr'><strong>probabilibus</strong></span> <span class='ocrx_word' id='word_1_632' title='bbox 2812 4193 3031 4263; x_wconf 88' lang='lat' dir='ltr'><strong>quidem</strong></span> <span class='ocrx_word' id='word_1_633' title='bbox 3062 4187 3396 4259; x_wconf 82' lang='lat' dir='ltr'><strong>argumentis</strong></span> <span class='ocrx_word' id='word_1_634' title='bbox 3424 4200 3614 4240; x_wconf 90' lang='lat' dir='ltr'><strong>eorum</strong></span> 
     </span>
    </p>
   </div>
   <div class='ocr_carea' id='block_1_88' title="bbox 2050 4275 3689 4358">
    <p class='ocr_par' dir='ltr' id='par_1_88' title="bbox 2050 4275 3689 4358">
     <span class='ocr_line' id='line_1_88' title="bbox 2050 4275 3689 4358; baseline -0.014 -10"><span class='ocrx_word' id='word_1_635' title='bbox 2050 4292 2361 4348; x_wconf 88' lang='lat' dir='ltr'><strong>testimonia</strong></span> <span class='ocrx_word' id='word_1_636' title='bbox 2389 4288 2848 4358; x_wconf 89' lang='lat' dir='ltr'><strong>comprobentur;</strong></span> <span class='ocrx_word' id='word_1_637' title='bbox 2891 4303 2909 4339; x_wconf 71' lang='grc' dir='ltr'><strong>ι</strong></span> <span class='ocrx_word' id='word_1_638' title='bbox 2965 4283 3202 4350; x_wconf 90' lang='lat' dir='ltr'><strong>itemque</strong></span> <span class='ocrx_word' id='word_1_639' title='bbox 3245 4279 3375 4333; x_wconf 90' lang='lat' dir='ltr'><strong>dum</strong></span> <span class='ocrx_word' id='word_1_640' title='bbox 3423 4275 3614 4338; x_wconf 88' lang='lat' dir='ltr'><strong>addit,</strong></span> <span class='ocrx_word' id='word_1_641' title='bbox 3686 4321 3689 4324; x_wconf 93' lang='lat'><strong>.</strong></span> 
     </span>
    </p>
   </div>
   <div class='ocr_carea' id='block_1_89' title="bbox 2055 4367 3614 4451">
    <p class='ocr_par' dir='ltr' id='par_1_89' title="bbox 2055 4367 3614 4451">
     <span class='ocr_line' id='line_1_89' title="bbox 2055 4367 3614 4451; baseline -0.013 -14"><span class='ocrx_word' id='word_1_642' title='bbox 2055 4401 2073 4435; x_wconf 80' lang='grc' dir='ltr'><strong>ι</strong></span> <span class='ocrx_word' id='word_1_643' title='bbox 2109 4381 2264 4448; x_wconf 84' lang='lat' dir='ltr'><strong>Quod</strong></span> <span class='ocrx_word' id='word_1_644' title='bbox 2303 4381 2406 4451; x_wconf 88' lang='lat' dir='ltr'><strong>ipsi</strong></span> <span class='ocrx_word' id='word_1_645' title='bbox 2436 4379 2608 4433; x_wconf 87' lang='lat' dir='ltr'><strong>aiunt.</strong></span> <span class='ocrx_word' id='word_1_646' title='bbox 2652 4396 2671 4428; x_wconf 74' lang='grc' dir='ltr'><strong>ι</strong></span> <span class='ocrx_word' id='word_1_647' title='bbox 2708 4376 2848 4442; x_wconf 89' lang='lat' dir='ltr'><strong>Quin</strong></span> <span class='ocrx_word' id='word_1_648' title='bbox 2883 4383 2938 4427; x_wconf 90' lang='lat' dir='ltr'><strong>et</strong></span> <span class='ocrx_word' id='word_1_649' title='bbox 2975 4371 3161 4426; x_wconf 91' lang='lat' dir='ltr'><strong>ludere</strong></span> <span class='ocrx_word' id='word_1_650' title='bbox 3190 4369 3350 4438; x_wconf 91' lang='lat' dir='ltr'><strong>plane</strong></span> <span class='ocrx_word' id='word_1_651' title='bbox 3380 4367 3614 4429; x_wconf 87' lang='lat' dir='ltr'><strong>videtur,</strong></span> 
     </span>
    </p>
   </div>
   <div class='ocr_carea' id='block_1_90' title="bbox 362 4460 1947 4573">
    <p class='ocr_par' dir='ltr' id='par_1_90' title="bbox 362 4460 1942 4573">
     <span class='ocr_line' id='line_1_90' title="bbox 362 4460 1942 4573; baseline -0.015 -13"><span class='ocrx_word' id='word_1_652' title='bbox 362 4460 804 4573; x_wconf 62' lang='grc' dir='ltr'>ἀκατακαλύπτῳ</span> <span class='ocrx_word' id='word_1_653' title='bbox 853 4502 1003 4570; x_wconf 82' lang='grc' dir='ltr'>φωνῇ</span> <span class='ocrx_word' id='word_1_654' title='bbox 1053 4498 1178 4558; x_wconf 80' lang='grc' dir='ltr'>τοὺς</span> <span class='ocrx_word' id='word_1_655' title='bbox 1231 4492 1294 4564; x_wconf 81' lang='grc' dir='ltr'>δὴ</span> <span class='ocrx_word' id='word_1_656' title='bbox 1349 4489 1634 4556; x_wconf 86' lang='grc' dir='ltr'>θεολόγους</span> <span class='ocrx_word' id='word_1_657' title='bbox 1695 4487 1942 4548; x_wconf 72' lang='grc' dir='ltr'>ἅπαντας</span> 
     </span>
    </p>
   </div>
   <div class='ocr_carea' id='block_1_91' title="bbox 2048 4460 3616 4573">
    <p class='ocr_par' dir='ltr' id='par_1_91' title="bbox 2048 4460 3616 4540">
     <span class='ocr_line' id='line_1_91' title="bbox 2048 4460 3616 4540; baseline -0.013 -11"><span class='ocrx_word' id='word_1_658' title='bbox 2048 4474 2175 4529; x_wconf 91' lang='lat' dir='ltr'><strong>dum</strong></span> <span class='ocrx_word' id='word_1_659' title='bbox 2206 4474 2302 4538; x_wconf 89' lang='lat' dir='ltr'><strong>ait,</strong></span> <span class='ocrx_word' id='word_1_660' title='bbox 2344 4492 2364 4524; x_wconf 77' lang='grc' dir='ltr'><strong>ι</strong></span> <span class='ocrx_word' id='word_1_661' title='bbox 2398 4472 2606 4540; x_wconf 85' lang='lat' dir='ltr'><strong>Quippe</strong></span> <span class='ocrx_word' id='word_1_662' title='bbox 2642 4469 2737 4539; x_wconf 90' lang='lat' dir='ltr'><strong>qui</strong></span> <span class='ocrx_word' id='word_1_663' title='bbox 2767 4467 3001 4536; x_wconf 86' lang='lat' dir='ltr'><strong>majores</strong></span> <span class='ocrx_word' id='word_1_664' title='bbox 3032 4477 3163 4520; x_wconf 92' lang='lat' dir='ltr'><strong>suos</strong></span> <span class='ocrx_word' id='word_1_665' title='bbox 3193 4460 3428 4516; x_wconf 78' lang='lat' dir='ltr'><strong>maxime</strong></span> <span class='ocrx_word' id='word_1_666' title='bbox 3456 4465 3616 4511; x_wconf 81' lang='lat' dir='ltr'><strong>notos</strong></span> 
     </span>
    </p>
   </div>
   <div class='ocr_carea' id='block_1_92' title="bbox 362 4577 1936 4662">
    <p class='ocr_par' dir='ltr' id='par_1_92' title="bbox 362 4577 1936 4662">
     <span class='ocr_line' id='line_1_92' title="bbox 362 4577 1936 4662; baseline -0.013 -13"><span class='ocrx_word' id='word_1_667' title='bbox 362 4596 656 4662; x_wconf 82' lang='grc' dir='ltr'>διαϐάλλει,</span> <span class='ocrx_word' id='word_1_668' title='bbox 699 4595 915 4648; x_wconf 85' lang='grc' dir='ltr'>κόπτων</span> <span class='ocrx_word' id='word_1_669' title='bbox 954 4593 1014 4645; x_wconf 87' lang='grc' dir='ltr'><strong>ἐν</strong></span> <span class='ocrx_word' id='word_1_670' title='bbox 1057 4583 1386 4656; x_wconf 79' lang='grc' dir='ltr'>Ἐπινομίδι</span> <span class='ocrx_word' id='word_1_671' title='bbox 1431 4579 1640 4641; x_wconf 88' lang='grc' dir='ltr'>τούτοις</span> <span class='ocrx_word' id='word_1_672' title='bbox 1675 4581 1788 4641; x_wconf 85' lang='grc' dir='ltr'>τοῖς</span> <span class='ocrx_word' id='word_1_673' title='bbox 1835 4577 1936 4648; x_wconf 79' lang='grc' dir='ltr'><strong>ῥή-</strong></span> 
     </span>
    </p>
   </div>
   <div class='ocr_carea' id='block_1_93' title="bbox 367 4685 1855 4756">
    <p class='ocr_par' dir='ltr' id='par_1_93' title="bbox 367 4685 1855 4756">
     <span class='ocr_line' id='line_1_93' title="bbox 367 4685 1855 4756; baseline -0.006 -18"><span class='ocrx_word' id='word_1_674' title='bbox 367 4701 555 4756; x_wconf 82' lang='grc' dir='ltr'>μασιν.</span> <span class='ocrx_word' id='word_1_675' title='bbox 1851 4685 1855 4688; x_wconf 81' lang='grc'><strong>’</strong></span> 
     </span>
    </p>
   </div>
   <div class='ocr_carea' id='block_1_94' title="bbox 2050 4555 3616 4632">
    <p class='ocr_par' dir='ltr' id='par_1_94' title="bbox 2050 4555 3616 4632">
     <span class='ocr_line' id='line_1_94' title="bbox 2050 4555 3616 4632; baseline -0.013 -10"><span class='ocrx_word' id='word_1_676' title='bbox 2050 4568 2307 4622; x_wconf 90' lang='lat' dir='ltr'><strong>habuere.</strong></span> <span class='ocrx_word' id='word_1_677' title='bbox 2351 4585 2369 4618; x_wconf 76' lang='grc' dir='ltr'><strong>ι</strong></span> <span class='ocrx_word' id='word_1_678' title='bbox 2403 4564 2662 4632; x_wconf 86' lang='lat' dir='ltr'><strong>Itemque,</strong></span> <span class='ocrx_word' id='word_1_679' title='bbox 2702 4580 2720 4612; x_wconf 71' lang='grc' dir='ltr'><strong>ε</strong></span> <span class='ocrx_word' id='word_1_680' title='bbox 2759 4559 2899 4614; x_wconf 87' lang='lat' dir='ltr'><strong>Fieri</strong></span> <span class='ocrx_word' id='word_1_681' title='bbox 2949 4557 3099 4612; x_wconf 91' lang='lat' dir='ltr'><strong>nullo</strong></span> <span class='ocrx_word' id='word_1_682' title='bbox 3151 4555 3312 4610; x_wconf 88' lang='lat' dir='ltr'><strong>modo</strong></span> <span class='ocrx_word' id='word_1_683' title='bbox 3339 4564 3524 4622; x_wconf 89' lang='lat' dir='ltr'><strong>posse,</strong></span> <span class='ocrx_word' id='word_1_684' title='bbox 3557 4556 3616 4602; x_wconf 92' lang='lat' dir='ltr'><strong>ut</strong></span> 
     </span>
    </p>
   </div>
   <div class='ocr_carea' id='block_1_95' title="bbox 2045 4642 3612 4717">
    <p class='ocr_par' dir='ltr' id='par_1_95' title="bbox 2045 4642 3612 4717">
     <span class='ocr_line' id='line_1_95' title="bbox 2045 4642 3612 4717; baseline -0.014 0"><span class='ocrx_word' id='word_1_685' title='bbox 2045 4661 2179 4717; x_wconf 89' lang='lat' dir='ltr'><strong>ﬁdes</strong></span> <span class='ocrx_word' id='word_1_686' title='bbox 2210 4659 2436 4713; x_wconf 90' lang='lat' dir='ltr'><strong>deorum</strong></span> <span class='ocrx_word' id='word_1_687' title='bbox 2467 4657 2593 4712; x_wconf 81' lang='lat' dir='ltr'><strong>ﬁliis</strong></span> <span class='ocrx_word' id='word_1_688' title='bbox 2618 4655 2955 4711; x_wconf 89' lang='lat' dir='ltr'><strong>detrahatur.</strong></span> <span class='ocrx_word' id='word_1_689' title='bbox 3002 4671 3021 4705; x_wconf 75' lang='grc' dir='ltr'><strong>ι</strong></span> <span class='ocrx_word' id='word_1_690' title='bbox 3059 4650 3326 4706; x_wconf 68' lang='lat' dir='ltr'><strong>Caeterum</strong></span> <span class='ocrx_word' id='word_1_691' title='bbox 3365 4659 3530 4716; x_wconf 90' lang='lat' dir='ltr'><strong>quam</strong></span> <span class='ocrx_word' id='word_1_692' title='bbox 3559 4642 3612 4696; x_wconf 90' lang='lat' dir='ltr'><strong>id</strong></span> 
     </span>
    </p>
   </div>
   <div class='ocr_carea' id='block_1_96' title="bbox 363 4737 3616 4844">
    <p class='ocr_par' dir='ltr' id='par_1_96' title="bbox 363 4737 3616 4844">
     <span class='ocr_line' id='line_1_96' title="bbox 363 4737 3616 4844; baseline -0.013 -15"><span class='ocrx_word' id='word_1_693' title='bbox 363 4737 544 4844; x_wconf 71' lang='lat' dir='ltr'><strong>Ir-gum</strong></span> <span class='ocrx_word' id='word_1_694' title='bbox 575 4787 764 4837; x_wconf 78' lang='lat' dir='ltr'><strong>causa,</strong></span> <span class='ocrx_word' id='word_1_695' title='bbox 787 4778 980 4840; x_wconf 67' lang='lat' dir='ltr'><strong>praeter</strong></span> <span class='ocrx_word' id='word_1_696' title='bbox 1004 4773 1242 4822; x_wconf 85' lang='lat' dir='ltr'><strong>mentem</strong></span> <span class='ocrx_word' id='word_1_697' title='bbox 1277 4764 1393 4834; x_wconf 87' lang='lat' dir='ltr'><strong>ipse</strong></span> <span class='ocrx_word' id='word_1_698' title='bbox 1453 4759 1675 4822; x_wconf 84' lang='lat' dir='ltr'><strong>dixerit,</strong></span> <span class='ocrx_word' id='word_1_699' title='bbox 1741 4754 2023 4826; x_wconf 87' lang='lat' dir='ltr'><strong>perspicue</strong></span> <span class='ocrx_word' id='word_1_700' title='bbox 2063 4755 2197 4810; x_wconf 89' lang='lat' dir='ltr'><strong>satis</strong></span> <span class='ocrx_word' id='word_1_701' title='bbox 2221 4753 2479 4816; x_wconf 84' lang='lat' dir='ltr'><strong>declarat,</strong></span> <span class='ocrx_word' id='word_1_702' title='bbox 2515 4749 2644 4804; x_wconf 90' lang='lat' dir='ltr'><strong>dum</strong></span> <span class='ocrx_word' id='word_1_703' title='bbox 2688 4763 2783 4803; x_wconf 83' lang='lat' dir='ltr'><strong>eos</strong></span> <span class='ocrx_word' id='word_1_704' title='bbox 2812 4747 2902 4816; x_wconf 90' lang='lat' dir='ltr'><strong>qui</strong></span> <span class='ocrx_word' id='word_1_705' title='bbox 2938 4745 3107 4816; x_wconf 85' lang='lat' dir='ltr'><strong>legem</strong></span> <span class='ocrx_word' id='word_1_706' title='bbox 3143 4741 3303 4796; x_wconf 90' lang='lat' dir='ltr'><strong>modo</strong></span> <span class='ocrx_word' id='word_1_707' title='bbox 3345 4737 3496 4808; x_wconf 89' lang='lat' dir='ltr'><strong>sequi</strong></span> <span class='ocrx_word' id='word_1_708' title='bbox 3522 4748 3616 4788; x_wconf 88' lang='lat' dir='ltr'><strong>vo-</strong></span> 
     </span>
    </p>
   </div>
   <div class='ocr_carea' id='block_1_97' title="bbox 361 4827 3616 4930">
    <p class='ocr_par' dir='ltr' id='par_1_97' title="bbox 361 4827 3616 4930">
     <span class='ocr_line' id='line_1_97' title="bbox 361 4827 3616 4930; baseline -0.011 -11"><span class='ocrx_word' id='word_1_709' title='bbox 361 4827 611 4928; x_wconf 58' lang='lat' dir='ltr'><strong>luerint,</strong></span> <span class='ocrx_word' id='word_1_710' title='bbox 665 4827 825 4917; x_wconf 78' lang='lat' dir='ltr'><strong>ﬁdem</strong></span> <span class='ocrx_word' id='word_1_711' title='bbox 878 4861 1010 4930; x_wconf 90' lang='lat' dir='ltr'><strong>ipsis</strong></span> <span class='ocrx_word' id='word_1_712' title='bbox 1069 4827 1328 4912; x_wconf 77' lang='lat' dir='ltr'><strong>adhibere</strong></span> <span class='ocrx_word' id='word_1_713' title='bbox 1398 4860 1652 4923; x_wconf 90' lang='lat' dir='ltr'><strong>oportere</strong></span> <span class='ocrx_word' id='word_1_714' title='bbox 1712 4848 1930 4903; x_wconf 86' lang='lat' dir='ltr'><strong>fatetur.</strong></span> <span class='ocrx_word' id='word_1_715' title='bbox 1973 4847 2151 4916; x_wconf 87' lang='lat' dir='ltr'><strong>Atque</strong></span> <span class='ocrx_word' id='word_1_716' title='bbox 2185 4845 2326 4900; x_wconf 90' lang='lat' dir='ltr'><strong>hanc</strong></span> <span class='ocrx_word' id='word_1_717' title='bbox 2359 4845 2504 4899; x_wconf 92' lang='lat' dir='ltr'><strong>illius</strong></span> <span class='ocrx_word' id='word_1_718' title='bbox 2543 4857 2669 4898; x_wconf 89' lang='lat' dir='ltr'><strong>vere</strong></span> <span class='ocrx_word' id='word_1_719' title='bbox 2733 4839 3058 4897; x_wconf 86' lang='lat' dir='ltr'><strong>sententiam</strong></span> <span class='ocrx_word' id='word_1_720' title='bbox 3122 4834 3332 4900; x_wconf 86' lang='lat' dir='ltr'><strong>fuisse;</strong></span> <span class='ocrx_word' id='word_1_721' title='bbox 3377 4840 3438 4885; x_wconf 90' lang='lat' dir='ltr'><strong>ut</strong></span> <span class='ocrx_word' id='word_1_722' title='bbox 3483 4827 3616 4884; x_wconf 84' lang='lat' dir='ltr'><strong>faci-</strong></span> 
     </span>
    </p>
   </div>
   <div class='ocr_carea' id='block_1_98' title="bbox 363 4922 3616 5024">
    <p class='ocr_par' dir='ltr' id='par_1_98' title="bbox 363 4922 3616 5024">
     <span class='ocr_line' id='line_1_98' title="bbox 363 4922 3616 5024; baseline -0.011 -13"><span class='ocrx_word' id='word_1_723' title='bbox 363 4957 474 5011; x_wconf 86' lang='lat' dir='ltr'><strong>lius</strong></span> <span class='ocrx_word' id='word_1_724' title='bbox 533 4922 826 5024; x_wconf 74' lang='lat' dir='ltr'><strong>intelligas,</strong></span> <span class='ocrx_word' id='word_1_725' title='bbox 865 4922 1074 5007; x_wconf 76' lang='lat' dir='ltr'><strong>audisis</strong></span> <span class='ocrx_word' id='word_1_726' title='bbox 1102 4945 1564 5018; x_wconf 90' lang='lat' dir='ltr'><strong>quemadmodum</strong></span> <span class='ocrx_word' id='word_1_727' title='bbox 1620 4940 1761 4996; x_wconf 91' lang='lat' dir='ltr'><strong>nuda</strong></span> <span class='ocrx_word' id='word_1_728' title='bbox 1820 4939 2074 5006; x_wconf 88' lang='lat' dir='ltr'><strong>claraque</strong></span> <span class='ocrx_word' id='word_1_729' title='bbox 2142 4951 2274 4993; x_wconf 87' lang='lat' dir='ltr'><strong>voce</strong></span> <span class='ocrx_word' id='word_1_730' title='bbox 2333 4947 2504 4992; x_wconf 91' lang='lat' dir='ltr'><strong>totum</strong></span> <span class='ocrx_word' id='word_1_731' title='bbox 2546 4935 2651 4990; x_wconf 90' lang='lat' dir='ltr'><strong>hoc</strong></span> <span class='ocrx_word' id='word_1_732' title='bbox 2703 4932 3071 5002; x_wconf 79' lang='lat' dir='ltr'><strong>theologorum</strong></span> <span class='ocrx_word' id='word_1_733' title='bbox 3123 4941 3292 4998; x_wconf 79' lang='lat' dir='ltr'><strong>genus</strong></span> <span class='ocrx_word' id='word_1_734' title='bbox 3331 4922 3616 4994; x_wconf 86' lang='lat' dir='ltr'><strong>reprehen-</strong></span> 
     </span>
    </p>
   </div>
   <div class='ocr_carea' id='block_1_99' title="bbox 362 5035 1644 5110">
    <p class='ocr_par' dir='ltr' id='par_1_99' title="bbox 362 5035 1644 5110">
     <span class='ocr_line' id='line_1_99' title="bbox 362 5035 1644 5110; baseline -0.009 -9"><span class='ocrx_word' id='word_1_735' title='bbox 362 5047 477 5101; x_wconf 90' lang='lat' dir='ltr'><strong>dat.</strong></span> <span class='ocrx_word' id='word_1_736' title='bbox 517 5045 609 5101; x_wconf 86' lang='lat' dir='ltr'><strong>Sic</strong></span> <span class='ocrx_word' id='word_1_737' title='bbox 639 5047 784 5102; x_wconf 86' lang='lat' dir='ltr'><strong>enim</strong></span> <span class='ocrx_word' id='word_1_738' title='bbox 817 5044 936 5099; x_wconf 92' lang='lat' dir='ltr'><strong>illos</strong></span> <span class='ocrx_word' id='word_1_739' title='bbox 958 5042 1013 5096; x_wconf 91' lang='lat' dir='ltr'><strong>in</strong></span> <span class='ocrx_word' id='word_1_740' title='bbox 1050 5037 1361 5110; x_wconf 79' lang='lat' dir='ltr'><strong>Epinomide</strong></span> <span class='ocrx_word' id='word_1_741' title='bbox 1390 5035 1644 5092; x_wconf 83' lang='lat' dir='ltr'><strong>vellicat-</strong></span> 
     </span>
    </p>
   </div>
   <div class='ocr_carea' id='block_1_100' title="bbox 2038 5269 3615 5358">
    <p class='ocr_par' dir='ltr' id='par_1_100' title="bbox 2038 5269 3615 5358">
     <span class='ocr_line' id='line_1_100' title="bbox 2038 5269 3615 5358; baseline -0.011 -17"><span class='ocrx_word' id='word_1_742' title='bbox 2038 5287 2166 5351; x_wconf 79' lang='grc' dir='ltr'>τοὺς</span> <span class='ocrx_word' id='word_1_743' title='bbox 2197 5286 2292 5358; x_wconf 87' lang='grc' dir='ltr'><strong>μέν</strong></span> <span class='ocrx_word' id='word_1_744' title='bbox 2319 5283 2511 5358; x_wconf 80' lang='grc' dir='ltr'>παῖδας</span> <span class='ocrx_word' id='word_1_745' title='bbox 2534 5279 2668 5335; x_wconf 78' lang='grc' dir='ltr'>Θεοῦ</span> <span class='ocrx_word' id='word_1_746' title='bbox 2696 5276 3180 5358; x_wconf 66' lang='grc' dir='ltr'>ἀνηγορευμένους,</span> <span class='ocrx_word' id='word_1_747' title='bbox 3211 5273 3303 5358; x_wconf 67' lang='grc' dir='ltr'><strong>τδν</strong></span> <span class='ocrx_word' id='word_1_748' title='bbox 3330 5273 3387 5356; x_wconf 72' lang='grc' dir='ltr'><strong>δέ</strong></span> <span class='ocrx_word' id='word_1_749' title='bbox 3409 5269 3615 5358; x_wconf 63' lang='grc' dir='ltr'>Κύριον</span> 
     </span>
    </p>
   </div>
   <div class='ocr_carea' id='block_1_101' title="bbox 2041 5343 3615 5424">
    <p class='ocr_par' dir='ltr' id='par_1_101' title="bbox 2041 5343 3615 5424">
     <span class='ocr_line' id='line_1_101' title="bbox 2041 5343 3615 5424; baseline -0.011 -14"><span class='ocrx_word' id='word_1_750' title='bbox 2041 5343 2170 5410; x_wconf 73' lang='grc' dir='ltr'>Υἱὸν</span> <span class='ocrx_word' id='word_1_751' title='bbox 2197 5343 2342 5409; x_wconf 75' lang='grc' dir='ltr'>’ὄντα</span> <span class='ocrx_word' id='word_1_752' title='bbox 2386 5343 2906 5424; x_wconf 37' lang='grc' dir='ltr'>γνήσιονηάληθεΐς</span> <span class='ocrx_word' id='word_1_753' title='bbox 2954 5343 3092 5424; x_wconf 71' lang='grc' dir='ltr'>εἶναι</span> <span class='ocrx_word' id='word_1_754' title='bbox 3144 5345 3271 5424; x_wconf 71' lang='grc' dir='ltr'><strong>περί</strong></span> <span class='ocrx_word' id='word_1_755' title='bbox 3305 5343 3413 5424; x_wconf 66' lang='grc' dir='ltr'><strong>τῶν</strong></span> <span class='ocrx_word' id='word_1_756' title='bbox 3455 5343 3615 5424; x_wconf 63' lang='grc' dir='ltr'>θείων</span> 
     </span>
    </p>
   </div>
   <div class='ocr_carea' id='block_1_102' title="bbox 2043 5407 3612 5498">
    <p class='ocr_par' dir='ltr' id='par_1_102' title="bbox 2043 5407 3612 5498">
     <span class='ocr_line' id='line_1_102' title="bbox 2043 5407 3612 5498; baseline -0.012 -17"><span class='ocrx_word' id='word_1_757' title='bbox 2368 5407 2450 5498; x_wconf 59' lang='grc' dir='ltr'><strong>δῖῥ</strong></span> <span class='ocrx_word' id='word_1_758' title='bbox 2472 5407 2568 5498; x_wconf 68' lang='grc' dir='ltr'><strong>καίἶ</strong></span> <span class='ocrx_word' id='word_1_759' title='bbox 2587 5407 2694 5498; x_wconf 74' lang='grc' dir='ltr'>δεῖν</span> <span class='ocrx_word' id='word_1_760' title='bbox 2720 5407 2993 5498; x_wconf 63' lang='grc' dir='ltr'>πιστεύειν</span> <span class='ocrx_word' id='word_1_761' title='bbox 3016 5407 3452 5498; x_wconf 36' lang='grc' dir='ltr'>αὐτοῖςζζένθέοις</span> <span class='ocrx_word' id='word_1_762' title='bbox 3473 5407 3612 5498; x_wconf 73' lang='grc' dir='ltr'>οὖσι,</span> 
     </span>
    </p>
   </div>
   <div class='ocr_carea' id='block_1_103' title="bbox 2041 5482 3612 5567">
    <p class='ocr_par' dir='ltr' id='par_1_103' title="bbox 2041 5482 3612 5567">
     <span class='ocr_line' id='line_1_103' title="bbox 2041 5482 3612 5567; baseline -0.012 -18"><span class='ocrx_word' id='word_1_763' title='bbox 2041 5482 2374 5567; x_wconf 24' lang='grc' dir='ltr'>προσέθηκε..</span> <span class='ocrx_word' id='word_1_764' title='bbox 2411 5491 2678 5567; x_wconf 72' lang='lat' dir='ltr'><strong>Eusebius</strong></span> <span class='ocrx_word' id='word_1_765' title='bbox 2722 5485 3091 5567; x_wconf 68' lang='lat' dir='ltr'><strong>contra,_h:ec</strong></span> <span class='ocrx_word' id='word_1_766' title='bbox 3131 5499 3164 5567; x_wconf 70' lang='lat' dir='ltr'><strong>_a</strong></span> <span class='ocrx_word' id='word_1_767' title='bbox 3190 5482 3612 5567; x_wconf 56' lang='lat' dir='ltr'><strong>Platppeetpw-</strong></span> 
     </span>
    </p>
   </div>
   <div class='ocr_carea' id='block_1_104' title="bbox 2040 5552 3608 5633">
    <p class='ocr_par' dir='ltr' id='par_1_104' title="bbox 2040 5552 3608 5633">
     <span class='ocr_line' id='line_1_104' title="bbox 2040 5552 3608 5633; baseline -0.012 -13"><span class='ocrx_word' id='word_1_768' title='bbox 2040 5552 2205 5628; x_wconf 73' lang='grc' dir='ltr'>νίκῶς</span> <span class='ocrx_word' id='word_1_769' title='bbox 2230 5552 2284 5618; x_wconf 74' lang='grc' dir='ltr'>εἰ</span> <span class='ocrx_word' id='word_1_770' title='bbox 2314 5558 2679 5633; x_wconf 76' lang='grc' dir='ltr'>χλευαστικῶς</span> <span class='ocrx_word' id='word_1_771' title='bbox 2705 5552 3292 5633; x_wconf 72' lang='lat' dir='ltr'><strong>dicta_interpretatur,</strong></span> <span class='ocrx_word' id='word_1_772' title='bbox 3327 5552 3450 5631; x_wconf 79' lang='lat' dir='ltr'><strong>licet</strong></span> <span class='ocrx_word' id='word_1_773' title='bbox 3485 5565 3608 5633; x_wconf 83' lang='lat' dir='ltr'><strong>eum</strong></span> 
     </span>
    </p>
   </div>
   <div class='ocr_carea' id='block_1_105' title="bbox 2041 5621 3610 5702">
    <p class='ocr_par' dir='ltr' id='par_1_105' title="bbox 2041 5621 3610 5702">
     <span class='ocr_line' id='line_1_105' title="bbox 2041 5621 3610 5702; baseline -0.011 -13"><span class='ocrx_word' id='word_1_774' title='bbox 2041 5621 2203 5697; x_wconf 62' lang='lat' dir='ltr'><strong>infra,</strong></span> <span class='ocrx_word' id='word_1_775' title='bbox 2241 5621 2361 5702; x_wconf 54' lang='lat' dir='ltr'><strong>pag.</strong></span> <span class='ocrx_word' id='word_1_776' title='bbox 2387 5631 2512 5694; x_wconf 74' lang='lat'><strong>69:2,</strong></span> <span class='ocrx_word' id='word_1_777' title='bbox 2541 5628 2683 5702; x_wconf 76' lang='lat' dir='ltr'><strong>serio</strong></span> <span class='ocrx_word' id='word_1_778' title='bbox 2708 5621 3083 5702; x_wconf 77' lang='lat' dir='ltr'><strong>reprehendat,</strong></span> <span class='ocrx_word' id='word_1_779' title='bbox 3115 5623 3273 5702; x_wconf 44' lang='lat' dir='ltr'><strong>quod“</strong></span> <span class='ocrx_word' id='word_1_780' title='bbox 3293 5621 3463 5702; x_wconf 86' lang='lat' dir='ltr'><strong>poetis</strong></span> <span class='ocrx_word' id='word_1_781' title='bbox 3493 5628 3610 5672; x_wconf 87' lang='lat' dir='ltr'><strong>tan-</strong></span> 
     </span>
    </p>
   </div>
   <div class='ocr_carea' id='block_1_106' title="bbox 2043 5690 3613 5763">
    <p class='ocr_par' dir='ltr' id='par_1_106' title="bbox 2043 5690 3613 5763">
     <span class='ocr_line' id='line_1_106' title="bbox 2043 5690 3613 5763; baseline -0.011 -5"><span class='ocrx_word' id='word_1_782' title='bbox 2043 5714 2157 5758; x_wconf 92' lang='lat' dir='ltr'><strong>tum</strong></span> <span class='ocrx_word' id='word_1_783' title='bbox 2192 5690 2260 5756; x_wconf 45' lang='lat' dir='ltr'><strong>&#39;in</strong></span> <span class='ocrx_word' id='word_1_784' title='bbox 2300 5690 2807 5760; x_wconf 44' lang='lat' dir='ltr'><strong>Timwo&#39;tribuerit&#39;,</strong></span> <span class='ocrx_word' id='word_1_785' title='bbox 2842 5694 3040 5763; x_wconf 80' lang='lat' dir='ltr'><strong>quibus</strong></span> <span class='ocrx_word' id='word_1_786' title='bbox 3085 5693 3210 5746; x_wconf 88' lang='lat' dir='ltr'><strong>alibi</strong></span> <span class='ocrx_word' id='word_1_787' title='bbox 3244 5690 3402 5746; x_wconf 85' lang='lat' dir='ltr'><strong>ﬁdem</strong></span> <span class='ocrx_word' id='word_1_788' title='bbox 3445 5702 3613 5759; x_wconf 88' lang='lat' dir='ltr'><strong>prope</strong></span> 
     </span>
    </p>
   </div>
   <div class='ocr_carea' id='block_1_107' title="bbox 2047 5770 2613 5829">
    <p class='ocr_par' dir='ltr' id='par_1_107' title="bbox 2047 5770 2613 5829">
     <span class='ocr_line' id='line_1_107' title="bbox 2047 5770 2613 5829; baseline -0.019 0"><span class='ocrx_word' id='word_1_789' title='bbox 2047 5788 2262 5829; x_wconf 88' lang='lat' dir='ltr'><strong>omnem</strong></span> <span class='ocrx_word' id='word_1_790' title='bbox 2292 5770 2613 5827; x_wconf 89' lang='lat' dir='ltr'><strong>detraheret.</strong></span> 
     </span>
    </p>
   </div>
   <div class='ocr_carea' id='block_1_108' title="bbox 439 5289 1923 5379">
    <p class='ocr_par' dir='ltr' id='par_1_108' title="bbox 439 5289 1923 5379">
     <span class='ocr_line' id='line_1_108' title="bbox 439 5289 1923 5379; baseline -0.013 -18"><span class='ocrx_word' id='word_1_791' title='bbox 439 5304 806 5379; x_wconf 50' lang='lat' dir='ltr'><strong>(67)_II_8pI_8{I’</strong></span> <span class='ocrx_word' id='word_1_792' title='bbox 837 5302 957 5358; x_wconf 71' lang='grc' dir='ltr'>τῶν</span> <span class='ocrx_word' id='word_1_793' title='bbox 983 5303 1120 5356; x_wconf 77' lang='grc' dir='ltr'>ἄλλ.</span> <span class='ocrx_word' id='word_1_794' title='bbox 1161 5297 1494 5379; x_wconf 55' lang='lat' dir='ltr'><strong>Idemmlocus</strong></span> <span class='ocrx_word' id='word_1_795' title='bbox 1537 5289 1923 5379; x_wconf 42' lang='lat' dir='ltr'><strong>citaturpip‘frg’,</strong></span> 
     </span>
    </p>
   </div>
   <div class='ocr_carea' id='block_1_109' title="bbox 367 5357 1930 5448">
    <p class='ocr_par' dir='ltr' id='par_1_109' title="bbox 367 5357 1930 5448">
     <span class='ocr_line' id='line_1_109' title="bbox 367 5357 1930 5448; baseline -0.012 -15"><span class='ocrx_word' id='word_1_796' title='bbox 367 5357 491 5448; x_wconf 49' lang='lat' dir='ltr'><strong>pagg:</strong></span> <span class='ocrx_word' id='word_1_797' title='bbox 508 5357 518 5360; x_wconf 19' lang='lat' dir='ltr'><strong>ﬁ</strong></span> <span class='ocrx_word' id='word_1_798' title='bbox 534 5357 956 5448; x_wconf 33' lang='lat' dir='ltr'><strong>[fiﬁi&#39;zvfllahetur</strong></span> <span class='ocrx_word' id='word_1_799' title='bbox 975 5382 1185 5448; x_wconf 45' lang='lat' dir='ltr'><strong>autem“</strong></span> <span class='ocrx_word' id='word_1_800' title='bbox 1202 5370 1254 5421; x_wconf 94' lang='lat' dir='ltr'><strong>in</strong></span> <span class='ocrx_word' id='word_1_801' title='bbox 1299 5364 1493 5448; x_wconf 69' lang='grc' dir='ltr'>Τιιηιιό</span> <span class='ocrx_word' id='word_1_802' title='bbox 1513 5406 1528 5430; x_wconf 94' lang='grc'><strong>,</strong></span> <span class='ocrx_word' id='word_1_803' title='bbox 1554 5357 1930 5448; x_wconf 43' lang='grc' dir='ltr'><strong>ροκξήηὕῦθις.</strong></span> 
     </span>
    </p>
   </div>
   <div class='ocr_carea' id='block_1_110' title="bbox 365 5430 1931 5510">
    <p class='ocr_par' dir='ltr' id='par_1_110' title="bbox 365 5430 1931 5510">
     <span class='ocr_line' id='line_1_110' title="bbox 365 5430 1931 5510; baseline -0.013 -8"><span class='ocrx_word' id='word_1_804' title='bbox 365 5430 618 5502; x_wconf 64' lang='grc' dir='ltr'>ὃίἕιηοηε</span> <span class='ocrx_word' id='word_1_805' title='bbox 651 5430 1019 5500; x_wconf 19' lang='grc' dir='ltr'>ἽΑΙθχιιηιΙνίη.</span> <span class='ocrx_word' id='word_1_806' title='bbox 1069 5457 1102 5496; x_wconf 89' lang='lat' dir='ltr'><strong>v</strong></span> <span class='ocrx_word' id='word_1_807' title='bbox 1148 5438 1437 5499; x_wconf 87' lang='lat' dir='ltr'><strong>Slromat.,</strong></span> <span class='ocrx_word' id='word_1_808' title='bbox 1481 5430 1603 5510; x_wconf 57' lang='lat' dir='ltr'><strong>pag:</strong></span> <span class='ocrx_word' id='word_1_809' title='bbox 1629 5430 1752 5486; x_wconf 38' lang='lat'><strong>‘429</strong></span> <span class='ocrx_word' id='word_1_810' title='bbox 1779 5430 1931 5510; x_wconf 55' lang='lat' dir='ltr'><strong>edit.</strong></span> 
     </span>
    </p>
   </div>
   <div class='ocr_carea' id='block_1_111' title="bbox 365 5501 1934 5573">
    <p class='ocr_par' dir='ltr' id='par_1_111' title="bbox 365 5501 1934 5573">
     <span class='ocr_line' id='line_1_111' title="bbox 365 5501 1934 5573; baseline -0.014 0"><span class='ocrx_word' id='word_1_811' title='bbox 365 5501 704 5573; x_wconf 62' lang='lat' dir='ltr'><strong>Graeco—Lat.</strong></span> <span class='ocrx_word' id='word_1_812' title='bbox 748 5515 997 5568; x_wconf 88' lang='lat' dir='ltr'><strong>eumdem</strong></span> <span class='ocrx_word' id='word_1_813' title='bbox 1047 5510 1263 5573; x_wconf 87' lang='lat' dir='ltr'><strong>laudat,</strong></span> <span class='ocrx_word' id='word_1_814' title='bbox 1293 5522 1359 5560; x_wconf 83' lang='lat' dir='ltr'><strong>ex</strong></span> <span class='ocrx_word' id='word_1_815' title='bbox 1398 5501 1504 5573; x_wconf 84' lang='lat' dir='ltr'><strong>quo</strong></span> <span class='ocrx_word' id='word_1_816' title='bbox 1531 5503 1602 5573; x_wconf 88' lang='lat' dir='ltr'><strong>id</strong></span> <span class='ocrx_word' id='word_1_817' title='bbox 1641 5501 1934 5573; x_wconf 75' lang='lat' dir='ltr'><strong>concludit,</strong></span> 
     </span>
    </p>
   </div>
   <div class='ocr_carea' id='block_1_112' title="bbox 367 5569 1934 5649">
    <p class='ocr_par' dir='ltr' id='par_1_112' title="bbox 367 5569 1934 5649">
     <span class='ocr_line' id='line_1_112' title="bbox 367 5569 1934 5649; baseline -0.012 -8"><span class='ocrx_word' id='word_1_818' title='bbox 367 5569 543 5641; x_wconf 67' lang='lat' dir='ltr'><strong>multo</strong></span> <span class='ocrx_word' id='word_1_819' title='bbox 571 5569 752 5638; x_wconf 86' lang='lat' dir='ltr'><strong>verius</strong></span> <span class='ocrx_word' id='word_1_820' title='bbox 783 5583 1002 5637; x_wconf 80' lang='lat' dir='ltr'><strong>Christo</strong></span> <span class='ocrx_word' id='word_1_821' title='bbox 1048 5569 1356 5649; x_wconf 75' lang='lat' dir='ltr'><strong>sanctisque</strong></span> <span class='ocrx_word' id='word_1_822' title='bbox 1391 5569 1698 5649; x_wconf 70' lang='lat' dir='ltr'><strong>prophetis,</strong></span> <span class='ocrx_word' id='word_1_823' title='bbox 1729 5585 1816 5649; x_wconf 75' lang='lat' dir='ltr'><strong>res</strong></span> 
     </span>
    </p>
   </div>
   <div class='ocr_carea' id='block_1_113' title="bbox 368 5639 1930 5723">
    <p class='ocr_par' dir='ltr' id='par_1_113' title="bbox 368 5639 1930 5723">
     <span class='ocr_line' id='line_1_113' title="bbox 368 5639 1930 5723; baseline -0.012 -15"><span class='ocrx_word' id='word_1_824' title='bbox 368 5639 526 5710; x_wconf 73' lang='lat' dir='ltr'><strong>vinas</strong></span> <span class='ocrx_word' id='word_1_825' title='bbox 558 5654 918 5723; x_wconf 82' lang='lat' dir='ltr'><strong>pandentibus</strong></span> <span class='ocrx_word' id='word_1_826' title='bbox 959 5651 1114 5723; x_wconf 77' lang='lat' dir='ltr'><strong>ﬁdem</strong></span> <span class='ocrx_word' id='word_1_827' title='bbox 1149 5639 1354 5699; x_wconf 70' lang='lat' dir='ltr'><strong>habet-i.</strong></span> <span class='ocrx_word' id='word_1_828' title='bbox 1391 5639 1506 5694; x_wconf 74' lang='grc' dir='ltr'>Οὐκ</span> <span class='ocrx_word' id='word_1_829' title='bbox 1540 5639 1930 5723; x_wconf 28' lang='grc' dir='ltr'>οζμαιιὶηίιιιίἱι,</span> 
     </span>
    </p>
   </div>
   <div class='ocr_carea' id='block_1_114' title="bbox 369 5707 1936 5798">
    <p class='ocr_par' dir='ltr' id='par_1_114' title="bbox 369 5707 1936 5798">
     <span class='ocr_line' id='line_1_114' title="bbox 369 5707 1936 5798; baseline -0.013 -19"><span class='ocrx_word' id='word_1_830' title='bbox 369 5707 848 5798; x_wconf 2' lang='grc' dir='ltr'>σαφέστερονγὺπὸ</span> <span class='ocrx_word' id='word_1_831' title='bbox 895 5720 1164 5798; x_wconf 62' lang='grc' dir='ltr'>Ἑλλήνων</span> <span class='ocrx_word' id='word_1_832' title='bbox 1210 5707 1936 5798; x_wconf 35' lang='grc' dir='ltr'>προσμαρτυρήσεσθαξ,Δτὸᾼν</span> 
     </span>
    </p>
   </div>
   <div class='ocr_carea' id='block_1_115' title="bbox 368 5779 1936 5865">
    <p class='ocr_par' dir='ltr' id='par_1_115' title="bbox 368 5779 1936 5865">
     <span class='ocr_line' id='line_1_115' title="bbox 368 5779 1936 5865; baseline -0.017 -11"><span class='ocrx_word' id='word_1_833' title='bbox 368 5779 658 5865; x_wconf 51' lang='grc' dir='ltr'><strong>Σωέἧρίή</strong></span> <span class='ocrx_word' id='word_1_834' title='bbox 668 5793 802 5863; x_wconf 87' lang='grc' dir='ltr'>μῶν,</span> <span class='ocrx_word' id='word_1_835' title='bbox 824 5779 1058 5852; x_wconf 72' lang='grc' dir='ltr'>καὶτοὺς</span> <span class='ocrx_word' id='word_1_836' title='bbox 1079 5790 1154 5850; x_wconf 87' lang='grc' dir='ltr'><strong>εἰς</strong></span> <span class='ocrx_word' id='word_1_837' title='bbox 1174 5779 1504 5856; x_wconf 72' lang='grc' dir='ltr'>προφητείαν</span> <span class='ocrx_word' id='word_1_838' title='bbox 1530 5779 1936 5850; x_wconf 81' lang='grc' dir='ltr'>κεχρισμένους,</span> 
     </span>
    </p>
   </div>
  </div>
