4122 6412
482 335 620 393 {0‘33

1105 451 1334 507 CAPUT
1371 451 1439 510 Il.

884 543 959 599 De
982 545 1183 611 eodem,
1212 559 1277 598 ea:
1308 542 1648 615 Epinomide.

553 652 577 688 ι
616 634 871 702 Deorum,
928 637 1127 708 inquit,
1171 646 1335 708 atque
1392 636 1754 692 animantium
1802 650 2057 704 procrea-

480 727 705 799 tionem,
734 731 880 801 quod
912 730 1152 802 majores
1182 730 1358 787 nostri
1394 746 1676 801 perperam
1710 730 1779 786 de
1804 730 1895 787 illa
1935 729 2056 801 phi-

480 822 751 894 losophati
785 823 915 889 sint,
945 823 1144 879 melius
1176 822 1263 879 hic
1296 822 1433 877 mihi
1472 822 1785 878 necessario
1816 829 2054 876 tractan-

476 913 603 968 dam
632 921 797 984 atque
824 913 1203 985 explicandam
1235 923 1388 985 puto,
1422 923 1589 984 atque
1616 913 1690 969 ita
1713 922 1772 969 ut
1806 913 2056 983 superior

478 1003 595 1071 illa,
629 1020 796 1074 quam
832 1005 1098 1061 adversus
1123 1003 1322 1075 impios
1352 1004 1586 1071 institui,
1624 1004 1923 1075 disputatio
1966 1017 2054 1058 re—

478 1094 707 1168 legatur.
747 1115 767 1149 ι
801 1096 872 1151 At
902 1112 1033 1153 vero
1065 1112 1229 1168 quam
1253 1105 1466 1152 mature
1488 1112 1553 1153 ac
1583 1097 1877 1168 prudenter
1905 1097 2051 1151 illam

479 1198 721 1244 veterum
760 1190 1087 1261 theologiam
1136 1188 1405 1260 repudiet,
1460 1188 1604 1244 idem
1637 1188 1754 1258 ipse
1779 1188 1939 1244 docet
1962 1202 2052 1243 se-

477 1284 659 1340 cundo
693 1283 770 1338 De
800 1283 1089 1353 republica,
1124 1282 1218 1339 ubi
1257 1297 1390 1338 sane
1417 1298 1607 1338 verum
1640 1280 1805 1337 fuerit
1830 1282 2052 1352 diligen—

478 1378 587 1433 tius
616 1376 894 1431 attendere
914 1375 1372 1445 quemadmodum
1397 1375 1659 1430 adversus
1680 1382 1868 1444 poetas
1889 1384 2051 1445 atque

476 1463 778 1531 theologos,
812 1464 867 1517 in
893 1462 960 1519 iis
994 1464 1294 1533 praesertim
1325 1479 1447 1533 quae
1478 1463 1544 1519 de
1574 1462 1780 1519 Graecis
1819 1465 2052 1519 numini-

477 1557 580 1612 bus
608 1556 805 1611 tradita
829 1556 944 1628 jam
977 1558 1107 1611 olim
1139 1555 1374 1621 fuerant,
1410 1557 1715 1612 invehatur.
1763 1554 1903 1612 Sunt
1935 1557 2052 1612 haec

474 1646 597 1719 ejus
626 1647 810 1702 verba.

978 1738 1138 1812 eu
1179 1738 1412 1795 CAPUT
1444 1739 1532 1797 ιιι.

1125 332 1398 389 EUSEBII
1439 328 1920 387 CESARIENSIS
1957 324 2107 382 OPP.
2148 324 2330 382 PARS
2366 324 2429 381 ll.
2455 356 2525 369 --
2550 323 3057 382 APOLOGETICA.

2085 449 2137 507 Α
2688 443 3083 497 ΚΕΦΑΛΔΙΟΝ
3132 443 3208 497 B'.

3596 328 3739 384 4064

2169 543 2298 596 Ἔτι
2345 540 2464 595 ἀπὸ
2503 538 2610 594 τοῦ
2650 539 2837 608 λόγου
2875 537 3232 619 Ἐτῃνομίδοῆ
3289 537 3422 606 περὶ
3479 538 3586 593 τοῦ
3630 542 3737 595 αὐ-

2884 626 3013 663 του.

2238 702 2571 773 (Θεογονίαν
2586 701 2763 756 τοίνυν
2789 701 2884 755 καὶ
2907 699 3220 771 ζωογονίαν,
3248 700 3323 767 ὡς
3352 700 3550 767 ἔοικεν,
3577 703 3738 772 ἀναγ-

2161 798 2315 852 καῖον
2356 795 2574 869 πρῶτόν
2617 812 2741 866 μοι,
2799 794 2985 858 κακῶς
3025 794 3445 849 άπεικασάντων
3488 795 3593 849 τῶν
3641 794 3738 867 ἐμ-

2162 888 2415 961 προσθεν,
2445 887 2653 958 βέλτιον
2679 887 2980 942 ἀπεικάσαι
3009 885 3154 940 κατὰ
3179 886 3268 940 τὸν
3302 886 3529 960 ὕστερον
3556 886 3736 957 λόγον,

2161 981 2496 1037 ἀναλαϐόντα
2533 979 2593 1035 ὃν
2623 979 2761 1051 πρὸς
2791 979 3009 1043 ἀσεϐεῖς
3056 980 3453 1052 ἐπικεχείρηκα
3500 980 3677 1050 λόγον.
3710 1002 3732 1034 ι

2162 1078 2283 1130 ’Ότι
2314 1075 2361 1129 δ’
2391 1074 2629 1144 εὐλόγως
2671 1073 2771 1145 τὴν
2796 1072 2904 1126 τῶν
2936 1071 3167 1141 πρώτων
3210 1072 3489 1143 θεολογίαν
3536 1092 3737 1147 παραι-

2157 1172 2351 1233 τεῖται,
2386 1167 2625 1222 διδάσκει
2654 1168 2712 1219 ὲν
2747 1165 2826 1235 τῷ
2854 1165 3093 1237 δευτέρῳ
3122 1166 3222 1237 τῆς
3245 1167 3577 1233 Πολιτείας,
3608 1167 3740 1223 ἔνθα

2155 1261 2248 1314 τδν
2281 1259 2404 1314 νοῦν
2435 1260 2725 1330 ἐπιστῆσαι
2768 1257 2936 1325 ἄξιον,
2966 1257 3141 1312 ὁπόσα
3182 1258 3278 1311 καὶ¹
3312 1253 3401 1312 οἷα
3453 1260 3581 1330 περὶ
3625 1259 3739 1313 τῶν

2157 1351 2337 1407 αὐτῶν
2361 1348 2598 1421 ποιητῶν
2628 1366 2689 1402 τε
2717 1350 2811 1403 καὶ
2853 1348 3117 1417 θεολόγων
3152 1349 3261 1404 τῶν
3294 1367 3357 1418 γε
3396 1353 3462 1404 ἐκ
3505 1350 3735 1405 παλαιοῦ

2158 1442 2605 1516 παραδεδομένων
2635 1440 2763 1510 περὶ
2794 1438 2903 1493 τῶν
2939 1440 3264 1511 Ἑλληνικῶν
3299 1440 3438 1493 θεῶν
3461 1441 3734 1508 διέξεισιν,

2156 1526 2260 1586 ὧδε
2293 1534 2532 1605 ῥήμασιν
2573 1532 2756 1594 αὐτοῖς
2784 1529 3029 1600 φάσκων.

2684 1711 3080 1765 ΚΕΦΑΛΛῙΟΝ
3130 1711 3201 1766 Γ¹.

512 1830 597 1887 Ea:
619 1830 846 1887 secundo
873 1830 950 1887 De
974 1800 1271 1902 ιῌῶιίοιι.
1309 1832 1386 1888 De
1407 1835 1585 1889 eodem
1610 1850 1631 1901 ;
1669 1851 1731 1889 ac
1758 1843 2015 1905 preterea

2155 1806 2290 1890 Ἔτι.
2310 1803 2429 1886 cap
2462 1803 2570 1905 to?
2625 1801 2907 1905 δεγτέρου
2923 1800 3073 1905 ὃἱετῆξι
3110 1803 3463 1905 1101:15ch
3450 1806 3588 1885 περὶ
3628 1805 3737 1860 τοῦ

722 1926 893 1983 Deum
925 1928 1190 1983 malorum
1215 1936 1485 1984 auctorem
1522 1945 1627 1984 non
1658 1945 1789 1985 esse.

552 2060 571 2094 ι
605 2040 664 2096 In
712 2043 1016 2113 majoribus
1064 2044 1284 2112 fabulis,
1316 2046 1561 2115 inquam,
1611 2045 1853 2101 minores
1885 2045 2049 2100 etiam

474 2133 637 2191 facile
665 2136 994 2192 videbimus.
1025 2135 1258 2194 Necesse
1295 2139 1440 2193 enim
1487 2146 1573 2195 est
1615 2137 1851 2210 speciem
1881 2153 2049 2194 unam

472 2228 713 2300 aliquam
740 2244 881 2293 esse,
924 2230 1143 2302 vimque
1182 2231 1491 2287 minoribus
1522 2246 1677 2302 atque
1722 2231 2051 2301 majoribus-

468 2338 582 2393 que
614 2337 985 2378 communem.
1043 2324 1238 2379 Annon
1283 2325 1358 2379 ita
1401 2324 1619 2379 sentis?
1644 2353 1714 2363 ——
1746 2323 2009 2394 Equidem
2030 2364 2045 2386 ,

471 2416 654 2487 inquit
689 2416 800 2481 ille,
837 2416 931 2472 sed
963 2433 1102 2488 quas
1131 2427 1189 2472 tu
1225 2419 1463 2489 majores
1489 2418 1664 2484 dicas,
1711 2431 1821 2472 non
1868 2416 2045 2486 capio.

471 2539 543 2549 ——
570 2507 720 2576 Quas
750 2508 1039 2576 Hesiodus,
1073 2511 1320 2582 inquam,
1353 2519 1518 2580 atque
1562 2508 1857 2576 Homerus,
1887 2518 2047 2564 caete—

471 2601 631 2671 rique
670 2611 847 2673 poetae
888 2612 1341 2658 commemorant.
1376 2600 1458 2655 Illi
1493 2602 1638 2657 enim
1671 2599 1840 2657 falsas
1869 2601 2049 2656 homi-

471 2692 636 2748 nibus
666 2692 880 2751 fabulas
917 2695 1234 2761 commenti,
1267 2702 1320 2749 et
1369 2694 1666 2749 narrabant
1697 2694 1828 2749 olim
1862 2696 2048 2749 hodie-

472 2800 579 2855 que
612 2796 859 2842 narrant.
889 2817 961 2830 —
984 2786 1136 2856 Quas
1169 2787 1410 2849 tandem,
1439 2787 1615 2856 inquit
1659 2786 1769 2852 ille,
1798 2796 1893 2843 aut
1914 2788 2046 2857 quid

471 2876 528 2930 in
565 2876 633 2933 iis
683 2879 1081 2948 reprehendis?
1110 2909 1181 2919 —
1208 2878 1309 2933 Cui
1337 2893 1439 2949 ego
1474 2876 1665 2946 :Quod
1704 2889 1757 2936 et
1806 2879 2044 2950 primum

470 2981 526 3028 et
550 2972 792 3029 omnium
824 2972 1061 3027 maxime
1090 2971 1593 3042 reprehendendum
1622 2980 1726 3035 est,
1745 2972 2044 3043 praesertim

472 3063 565 3119 ubi
596 3065 721 3134 quis
751 3078 860 3118 non
893 3071 1040 3120 recte
1065 3063 1377 3119 mentiatur.
1411 3095 1479 3106 —
1507 3064 1648 3132 Quid
1683 3064 1815 3121 illud
1844 3068 2048 3137 porro?

2222 1874 2439 1997 αριόῦἱ
2457 1873 2556 1928 καὶ
2584 1872 2845 1943 περὶτοῦ
2874 1872 2961 1943 μὴ
2994 1871 3146 1930 εἶναι
3172 1874 3280 1929 τὸν
3311 1874 3463 1929 Θεὸν
3490 1871 3612 1929 τῶν
3642 1893 3740 1930 κα-

2222 1963 2346 1997 xum
2374 1961 2413 1997 a
2440 1962 2585 1997 τιον.

2221 1963 2346 2000 κων
2374 1961 2433 1998 αι
2440 1962 2585 1998 τιον.

2227 2058 2245 2089 ι
2307 2038 2394 2091 Ἐν
2428 2038 2542 2101 τοῖς
2576 2035 2817 2108 μείζοσιν
2843 2035 2977 2108 (68),
3007 2032 3075 2108 ἦν
3110 2036 3156 2090 δ’
3186 2035 3319 2106 ἐγὼ,
3366 2035 3580 2108 μύθοις,
3606 2036 3738 2108 ὀψό-

2154 2128 2296 2201 μεθα
2326 2128 2421 2183 καὶ
2447 2128 2575 2192 τοὺς
2606 2127 2858 2191 ἐλάττους
2878 2145 2892 2159 ·
2935 2127 3015 2181 δεῖ
3060 2125 3168 2199 γὰρ
3203 2126 3267 2199 δὴ
3307 2127 3400 2180 τὸν
3444 2126 3612 2181 αὐτὸν
3645 2127 3741 2181 τύ-

2151 2239 2252 2275 πον
2276 2217 2434 2284 εἶναι,
2458 2223 2555 2275 καὶ
2586 2221 2782 2273 ταύτὸν
2819 2218 3077 2274 δύνασθαι
3120 2219 3246 2283 τούς
3282 2236 3343 2273 τε
3385 2217 3610 2291 μείζους
3644 2222 3740 2275 καὶ

2149 2314 2276 2378 τοὺς
2305 2313 2579 2378 ἐλάττους,
2603 2314 2673 2367 Ἦ
2698 2315 2801 2367 οὐκ
2825 2312 2956 2377 οίεις
2980 2344 3049 2353 —
3068 2312 3303 2380 Ἔγωγε,
3332 2310 3436 2384 ἔφη
3456 2328 3471 2341 ·
3498 2311 3615 2365 ἀλλ’
3638 2313 3741 2366 ούκ

2149 2405 2315 2462 ἐννοῶ
2339 2404 2460 2459 οὐδὲ
2489 2404 2616 2468 τοὺς
2674 2403 2893 2476 μείζους
2921 2404 3071 2468 τίνας
3096 2404 3293 2471 λέγεις.
3321 2435 3390 2445 -
3419 2402 3529 2467 Οὓς
3560 2404 3741 2457 Ἠσίο-

2148 2498 2239 2561 δός
2287 2513 2366 2561 τε,
2415 2492 2598 2559 εἷπον,
2646 2496 2743 2551 καὶ
2772 2496 3018 2567 Ὅμηρος
3067 2497 3198 2567 ἡμῖν
3246 2494 3521 2566 ἐλεγέτην,
3552 2496 3648 2549 καὶ
3688 2496 3741 2548 ot

2149 2589 2296 2644 ἄλλοι
2329 2587 2584 2661 ποιηταί·
2618 2581 2764 2642 οὗτοι
2802 2587 2911 2659 γάρ
2950 2605 3087 2651 που,
3134 2587 3335 2659 μύθους
3376 2586 3597 2658 ψευδεῖς
3624 2590 3742 2651 τοῖς

2148 2679 2457 2753 ἀνθρώποις
2512 2678 2877 2743 συντιθέντες,
2924 2678 3109 2749 ἔλεγόν
3148 2696 3211 2733 τε
3252 2679 3345 2733 καὶ
3389 2678 3629 2749 λέγουσι.
3670 2711 3741 2722 -

2149 2767 2488 2843 Ποίουςδὴ,ἧ
2511 2770 2556 2823 δ’
2569 2771 2649 2835 δς,
2674 2770 2768 2825 καὶ
2788 2772 2841 2824 τί
2857 2770 3036 2826 αὐτῶν
3071 2772 3420 2843 μεμφόμενος
3450 2772 3631 2841 λέγεις
3650 2791 3742 2837 ;--

2148 2864 2346 2936 Ὀπερ,
2366 2858 2435 2935 ἦν
2459 2862 2504 2915 δ’
2537 2863 2667 2932 ἐγὼ,
2700 2863 2808 2935 χρὴ
2838 2862 3054 2934 πρῶτόν
3089 2879 3152 2916 τε
3193 2863 3288 2917 καὶ
3323 2862 3560 2934 μάλιστα
3590 2865 3737 2937 μέμ-

2147 2954 2363 3027 φεσθαι,
2395 2954 2569 3019 ἄλλως
2604 2972 2666 3008 τε
2707 2955 2803 3009 καὶ
2841 2954 2936 3009 ὲάν
2981 2971 3066 3019 τις
3104 2953 3179 3025 μὴ
3233 2954 3414 3019 καλῶς
3452 2955 3737 3027 ψεύδηται.

2146 3077 2217 3089 -—-
2243 3047 2309 3101 Τί
2336 3047 2527 3114 τοῦτο;
2556 3076 2624 3086 -
2655 3046 2824 3101 Ὅταν
2862 3046 3054 3115 εἰκάζῃ
3099 3063 3181 3110 τις
3220 3046 3407 3109 κακῶς
3442 3048 3633 3102 οὐσίαν
3660 3046 3740 3119 τῷ

471 3185 541 3198 -—
574 3132 678 3213 Ubi
708 3158 835 3228 quis
862 3157 1003 3211 male
1023 3156 1247 3211 deorum
1276 3156 1615 3229 heroumque
1641 3132 1891 3235 naturam
1925 3175 2045 3216 ora-

2152 3140 2290 3212 λόγῳ
2326 3139 2455 3213 περὶ
2502 3138 2642 3193 θεῶν
2678 3156 2739 3192 τε
2789 3139 2882 3192 καὶ
2928 3139 3140 3210 ἡρωων,
3191 3132 3293 3235 οἷοί
3344 3140 3502 3204 εἰσιν,
3545 3139 3737 3211 ὥσπερ

470 3250 622 3306 tione
660 3258 1031 3320 repraesentat,
1088 3249 1313 3320 perinde
1346 3258 1408 3305 ut
1455 3250 1629 3321 pictor
1678 3249 1900 3316 faceret,
1954 3251 2048 3320 qui

471 3342 728 3397 tabellam
776 3343 825 3396 ei
858 3343 935 3397 rei
985 3342 1134 3397 nulla
1166 3358 1233 3397 ex
1271 3353 1423 3413 parte
1480 3343 1713 3399 similem
1760 3343 2047 3416 pingeret,

473 3448 641 3504 quam
688 3433 941 3503 penicillo
988 3432 1395 3501 exprimendam
1449 3433 1801 3503 suscepisset.
1855 3463 1925 3472 —
1973 3432 2048 3486 Ea

473 3542 627 3593 vero,
666 3526 864 3595 inquit,
911 3526 1336 3596 reprehensione
1379 3526 1702 3597 dignissima
1746 3527 1895 3589 sint;
1953 3526 2049 3582 sed

474 3618 679 3675 clarius
708 3619 821 3684 illa,
861 3616 1043 3683 sodes,
1070 3626 1233 3686 atque
1262 3617 1591 3673 distinctius.
1623 3647 1695 3656 —
1716 3616 1829 3687 Ego
1867 3632 1995 3671 vero
2032 3636 2047 3672 :

476 3709 747 3772 Primum,
784 3708 1030 3778 inquam,
1061 3709 1361 3763 maximum
1414 3708 1549 3762 illud
1584 3708 1945 3778 maximisque
1982 3708 2050 3764 de

477 3803 642 3857 rebus
679 3801 1042 3867 mendacium,
1069 3802 1161 3871 qui
1190 3802 1433 3857 narravit
1473 3799 1759 3869 Hesiodus,
1803 3801 1933 3872 quid
1967 3802 2048 3856 vi-

479 3894 677 3949 delicet
705 3904 884 3949 actum
919 3910 949 3949 a
980 3894 1122 3951 celo
1184 3892 1369 3959 fuerit,
1411 3908 1687 3965 quamque
1716 3893 1959 3949 vicissim
1996 3893 2047 3948 ei

477 4002 695 4056 plenam
722 3985 991 4042 Saturnus
1016 3986 1341 4057 reposuerit,
1365 4000 1647 4057 perperam
1671 3985 1896 4041 omnino
1916 3998 2049 4040 con-

478 4082 653 4137 finxit.
684 4081 803 4138 iam
841 4098 965 4153 quae
1002 4081 1277 4140 Saturnus
1302 4080 1444 4137 idem
1476 4089 1570 4136 aut
1597 4080 1847 4150 gesserit,
1895 4088 1990 4134 aut
2015 4094 2050 4135 a

477 4172 592 4229 ﬁlio
636 4174 939 4244 pertulerit,
979 4188 1045 4228 ne
1100 4173 1145 4229 si
1195 4185 1325 4227 vera
1385 4171 1606 4241 quidem
1656 4180 1861 4235 essent,
1911 4169 2047 4224 adeo

477 4274 659 4321 tamen
707 4264 863 4321 facile
891 4280 957 4320 ac
983 4274 1185 4320 temere
1233 4263 1376 4334 apud
1406 4263 1658 4317 homines
1687 4272 1781 4317 aut
1820 4261 2037 4326 stultos,

478 4367 573 4414 aut
608 4357 978 4414 adolescentes
999 4356 1254 4425 jactanda
1286 4355 1615 4421 viderentur,
1651 4353 1748 4408 sed
1775 4353 2040 4423 prin‘cipir

478 4445 721 4517 quidem,
753 4446 978 4500 omnino
1004 4445 1267 4500 tacenda:
1301 4444 1383 4499 sin
1420 4443 1696 4515 aperiendi
1746 4444 2047 4499 necessitas

480 4539 661 4607 aliqua
691 4537 849 4602 foret,
891 4551 1017 4593 cum
1048 4537 1417 4607 paucissimis,
1449 4535 1527 4591 uti
1562 4535 1798 4589 maxime
1848 4549 2046 4589 arcana

554 4671 801 4744 ((58)ng
852 4669 974 4739 τοῖς
1010 4670 1295 4743 μείζοσιν.
1344 4670 1496 4725 Plato
1549 4685 1586 4723 tl
1632 4667 1704 4722 De
1752 4667 2051 4737 republica,

480 4742 1022 4892 Ρῗῗέθῗὲὺῖάᾳῷονς
1051 4811 1226 4892 Hujus
1248 4810 1615 4892 victimrepraa
1635 4809 1843 4890 ueteris
1872 4808 2055 4892 memi-

480 4879 593 4965 nit,
611 4879 695 4937 vel
729 4879 1289 4965 qtt'odéantiquissima
1334 4879 1538 4965 fuerit,‘
1559 4880 1903 4946 maximeque
1922 4879 2055 4965 Δγιιιτ

481 4954 649 5035 garis,
682 4950 829 5008 ut'ex
853 4950 1097 5008 Varrone
1137 4952 1366 5034 aliisque
1389 4958 1602 5006 constat
1632 4964 1647 5001 :
1677 4964 1786 5018 quo
1825 4950 2055 5017 pertinet

483 5024 615 5073 illud
658 5022 953 5073 Clementis
998 5022 1351 5073 Alexandrini
1397 5020 1591 5073 Strom.
1633 5035 1706 5073 ιι.
1752 5034 1874 5073 nas.
1907 5016 2050 5073 297:

483 5020 615 5077 illud
658 5022 953 5079 Clementis
998 5020 1351 5079 Alexandrini
1397 5020 1591 5075 Strom.
1633 5035 1706 5081 ιι,
1752 5034 1874 5089 pag.
1907 5020 2050 5073 297:

481 5092 712 5171 Λέγεταί
744 5095 808 5171 ’γ’
832 5089 927 5171 οὖν
969 5110 1090 5171 τινα
1133 5092 1242 5171 τῶν
1289 5087 1749 5171 φιλοσοφούντων,
1770 5086 2056 5171 Αετυμολοῖ-

482 5158 681 5233 γοῦντα
708 5158 801 5217 τὸν
832 5159 917 5226 ὗν,
958 5164 1071 5218 θῦν
1115 5158 1255 5217 εἶναι
1303 5158 1498 5231 ἓράναι,
1542 5159 1619 5223 ὡς
1656 5162 1735 5223 είς
1768 5158 1919 5211 θύσιν
1961 5159 2055 5212 καὶ

486 5234 700 5283 σφαγὴν
733 5235 891 5283 ιιόνον
920 5234 1241 5283 ἐπιτήδειον.
1281 5234 1466 5283 Itamte
1500 5228 1652 5283 Plato
1680 5244 1798 5283 eam
1838 5229 2055 5283 μεγάλω

486 5234 700 5305 σφαγὴν
733 5235 891 5304 μόνον
920 5234 1241 5306 ἐπιτήδειον.
1281 5234 1466 5313 Itaque
1500 5234 1652 5283 Plato
1680 5244 1798 5312 eam
1837 5234 2055 5312 μεγάλῳ

485 5305 580 5356 καὶ
626 5305 814 5384 άπὸριρ
863 5304 1063 5384 θύματι
1086 5299 1568 5384 -ρρρρῆιιειδιιηνοι
1600 5309 1782 5381 pullus
1816 5302 1962 5384 quod
1997 5316 2053 5354 tn

486 5375 700 5453 arcanis
735 5370 1049 5453 Ceret-is_ct
1084 5370 1281 5428 Bacchi
1332 5373 1525 5433 sacris,
1564 5371 1904 5453 praecipuum
1949 5370 2053 5426 hoc

485 5444 738 5522 victimas
760 5460 930 5522 genus
964 5446 1274 5522 haberetur,
1320 5458 1429 5513 quo
1448 5442 1627 5522 .verba
1657 5441 2049 5522 _illa.spectant,

484 5511 564 5597 δι’.
603 5511 947 5597 άποῤῥήτωνι
986 5513 1235 5595 ἀκούειν’,
1284 5511 1401 5597 εμὲ..
1434 5511 1781 5594 Aristophani
1803 5513 2054 5597 _ejusque

487 5581 1029 5703 sclltoliagtaz'crebra
1080 5585 1249 5639 moris
1290 5584 1473 5654 ,hujus
1523 5583 1746 5638 mentio.
1793 5581 2048 5655 Βατράχ.

487 5665 551 5703 ac
581 5690 595 5702 .
633 5667 672 5703 ι.
762 5668 776 5703 :

486 5665 672 5717 acr._i,
710 5665 727 5703 ι
762 5668 776 5704 :

688 5722 897 5794 ποτνια
921 5724 1285 5794 πολυτίμητε
1312 5722 1619 5791 Δήμητρος
1637 5727 1810 5794 Κόρη,

607 5789 699 5855 Ὦς
724 5790 840 5855 ἡδύ
867 5809 964 5859 μοι
987 5789 1403 5859 προάέπνευσέ
1427 5789 1694 5863 χοιρείων
1712 5789 1921 5865 κρεῶν.

2152 3234 2398 3302 γραφεὺς
2442 3231 2607 3304 μηδὲν
2655 3231 2871 3285 ἐοικότα
2914 3231 3160 3303 γράφων,
3197 3223 3279 3294 οἷς
3313 3228 3381 3284 ἂν
3415 3232 3578 3303 ὃμοια
3609 3231 3739 3303 βου-

2152 3321 2287 3394 ληθῇ
2337 3322 2564 3395 γράψαι.
2595 3354 2665 3364 -
2696 3324 2804 3375 Καὶ
2832 3320 2962 3392 γὰρ,
2992 3321 3117 3393 ἔφη,
3176 3322 3354 3394 ὀρθῶς
3394 3322 3508 3393 ἔχει
3552 3324 3624 3379 τά
3674 3341 3740 3394 γε

2149 3413 2372 3467 τοιαῦτα
2397 3414 2729 3486 μέμφεσθαι·
2748 3412 2885 3467 ἀλλὰ
2901 3413 3019 3477 πῶς
3032 3412 3097 3484 δὴ
3118 3413 3369 3485 λέγομεν,
3387 3415 3482 3468 καὶ
3502 3418 3631 3469 ποῖα
3648 3432 3739 3481 ;—-

2151 3504 2374 3576 Πρῶτον
2406 3506 2505 3577 μὲν
2543 3506 2638 3578 δὴ,
2671 3501 2740 3577 ἦν
2769 3506 2813 3560 δ’
2842 3505 2981 3574 ἐγὼ,
3027 3505 3090 3559 τὸ
3133 3506 3421 3577 μέγιστον,
3468 3508 3566 3561 καὶ
3609 3508 3742 3580 περὶ

2149 3598 2257 3651 τῶν
2288 3597 2557 3669 μεγίστων
2592 3595 2784 3667 ψεῦδος
2822 3597 2852 3649 ὁ
2892 3595 3082 3662 είπὼν,
3121 3598 3185 3650 ού
3226 3598 3406 3662 καλῶς
3443 3598 3739 3669 ἐψεύσατο,

2150 3690 2227 3753 ὡς
2258 3687 2497 3761 Οὐρανός
2519 3705 2578 3741 τε
2607 3687 2918 3759 είργάσατο,
2943 3687 2979 3741 ἃ
3000 3704 3131 3760 φησι
3157 3688 3349 3760 δρᾶσαι
3373 3690 3537 3743 αὑτὸν
3562 3690 3742 3744 Ἠσιο-

2147 3781 2257 3845 δος,
2290 3782 2319 3835 δ
2344 3798 2404 3835 τε
2443 3777 2510 3835 αὖ
2555 3780 2763 3852 Κρόνος
2801 3780 2877 3844 ὡς
2914 3781 3294 3853 ἐτιμωρήσατο
3324 3781 3509 3837 αὐτόν.
3553 3781 3638 3836 Τὰ
3679 3783 3740 3836 δὲ

2148 3873 2212 3945 δὴ
2262 3873 2470 3943 Κρόνου
2523 3870 2661 3943 ἔργα
2700 3873 2795 3925 καὶ
2835 3872 2982 3942 πάθη
3032 3872 3137 3925 ὑπὸ
3179 3872 3274 3926 τοῦ
3324 3872 3468 3936 υἱέος
3513 3874 3627 3927 οὐδ’
3671 3874 3741 3928 ἂν

2149 3981 2197 4017 ει
2237 3960 2305 4035 ἦν
2333 3962 2529 4035 ἀληθῆ,
2555 3961 2712 4034 ᾤμην
2744 3962 2855 4015 δεῖν
2886 3962 3083 4033 ῥᾳδίως
3115 3962 3258 4017 οὕτω
3296 3964 3551 4033 λέγεσθαι
3599 3968 3740 4039 πρὸς

2149 4055 2389 4126 ἄφρονάς
2419 4071 2479 4107 τε
2513 4055 2606 4107 καὶ
2636 4052 2814 4116 νέους·
2864 4053 2999 4107 ἀλλὰ
3030 4053 3262 4124 μάλιστα
3297 4056 3396 4126 μὲν
3441 4058 3700 4126 σιγᾶσθαι
3721 4074 3736 4090 ’

2149 4148 2197 4200 εἰ
2226 4146 2270 4199 δ’
2302 4146 2514 4216 ἀνάγκη
2552 4161 2636 4208 τις
2679 4141 2747 4215 ἦν
2789 4144 2987 4214 λέγειν,
3032 4145 3099 4198 δι’
3145 4146 3476 4219 ἀπορρήτων
3514 4148 3740 4203 ἀκούειν

2146 4239 2225 4303 ὡς
2264 4237 2584 4305 ὀλιγίστους,
2616 4235 2951 4307 θυσαμένους
2990 4238 3053 4290 οὐ
3094 4239 3274 4309 χοῖρον
3321 4237 3452 4310 (69),
3501 4238 3643 4293 ἀλλά
3683 4257 3739 4296 τι

2152 4330 2295 4403 μέγα
2327 4330 2420 4383 καὶ
2450 4329 2653 4401 ἄπορον
2688 4329 2857 4399 θῦμα,
2891 4329 3038 4392 ὅπως
3067 4329 3149 4382 ὅτι
3186 4330 3502 4400 ἐλαχίστους
3534 4331 3738 4404 συνέϐη

2152 4422 2401 4477 ἀκοῦσαι.
2420 4450 2489 4460 -
2511 4423 2620 4476 Καὶ
2648 4422 2776 4492 γὰρ,
2810 4416 2846 4491 ἦ
2875 4420 3014 4485 δ’ὃς,
3035 4415 3180 4474 οὗτοί
3213 4437 3274 4489 γε
3314 4423 3363 4475 οί
3401 4422 3548 4491 λόγοι
3575 4422 3743 4493 χαλε-

2085 4494 2129 4548 D
2157 4515 2473 4571 “ML—Kal.
2506 4515 2566 4568 ού
2605 4513 2811 4567 λεκτέοι
2836 4531 2920 4581 γε,
2947 4517 3102 4586 ἔφην,
3133 4507 3179 4567 ὧ
3219 4516 3554 4582 Ἀδείμαντε,
3581 4518 3640 4571 ὲν
3669 4518 3739 4591 τῇ

2159 4677 2472 4762 δςὴοιίιιςιη
2503 4678 2773 4763 Παρόσον,
2803 4679 3001 4765 inquit,
3034 4682 3205 4750 χοῖροι
3237 4680 3309 4760 τῇ
3335 4681 3611 4802 Δημητρι,
3645 4683 3743 4737 καὶ

2159 4767 2233 4802 τω
2264 4751 2502 4802 Διονυσω
2530 4748 2767 4802 ὲθυοντο.
2797 4766 2873 4802 ως
2896 4749 3216 4802 λυιιαντικοὶ
3242 4766 3351 4802 των
3416 4767 3527 4802 εοιν
3558 4750 3743 4802 δωοη-

2154 4749 2233 4831 τῶ
2264 4747 2502 4831 Διονύσῳ
2530 4747 2767 4831 ἐθύοντο,
2797 4747 3216 4831 ὡςίλυμαζνξιξοὶ
3242 4747 3351 4802 τῶν
3384 4747 3744 4831 eameam-

2158 4817 2363 4891 μάτων.
2386 4817 2449 4873 Ει
2474 4817 2525 4873 in
2543 4817 2799 4891 Aeliam"
2819 4830 2939 4891 act.
2965 4817 3046 4883 tu,
3072 4819 3126 4883 2,
3142 4818 3487 4891 Megarensis
3509 4817 3740 4890 quidam

2156 4889 2425 4944 mercator
2456 4889 2661 4958 puellas
2690 4889 2935 4958 geminas
2968 4889 3319 4958 porculorum
3350 4889 3744 4945 larvisindne-

2157 4960 2269 5023 bat,
2299 4973 2435 5027 quas
2468 4959 2583 5028 sub
2627 4960 3011 5028 mysteriorum
3048 4969 3262 5028 tempus
3304 4960 3359 5013 in
3408 4962 3590 5015 Attico
3621 4960 3744 5014 foro

2155 5029 2430 5083 venderet.
2466 5027 2565 5083 llis
2596 5028 2650 5082 in
2680 5043 2901 5084 saccum
2939 5028 3301 5084 subeuntibus
3334 5031 3630 5087 edicebat:

2262 5097 2324 5151 X’
2359 5093 2399 5171 ᾖ
2423 5098 2582 5171 gain
2600 5098 2817 5171 Δερωνιὶιν
2843 5100 3082 5171 χοιρίων
3100 5100 3509 5171 μυστηρικῶν.

2156 5167 2259 5251 Ubi
2292 5167 2720 5251 sclioliastn'ZO'rt
2745 5169 2803 5222 ὲν
2832 5167 3738 5251 τοῖς.μυστηρίοις-τῇςρημητρος

2191 5241 2335 5311 οῖρος
2364 5238 2569 5311 θύεται·
2600 5237 2891 5311 ἀνάκειται
2911 5237 2981 5311 δέ
3000 5240 3060 5293 τὸ
3088 5237 3313 5311 ςῶονῄτῇ
3345 5237 3475 5311 θεῷ·
3506 5237 3737 5302 ἕκαστος

2191 5258 2335 5310 οιρος
2364 5258 2569 5292 υυεται·
2600 5258 2878 5291 ανακειται
2911 5258 2969 5292 οε
3000 5258 3060 5293 το
3088 5258 3225 5303 ςωον
3247 5258 3313 5311 τῃ
3345 5258 3475 5311 υεῳ·
3507 5258 3733 5302 εκαστος

2154 5258 2210 5363 δὲ
2231 5308 2336 5363 τῶν
2360 5307 2639 5379 θυομένων
2662 5306 2840 5429 (Bora,
2872 5307 3130 5379 θυόντων)
3154 5309 3297 5381 ὑπὲρ
3333 5311 3535 5365 ἑαυτοῦ
3558 5311 3733 5373 ἔθυεν,

2154 5379 2355 5429 Ibidem
2384 5377 2646 5429 ammenti
2728 5378 3002 5429 ieazonoli.
3040 5380 3105 5429 Τί
3137 5379 3225 5429 δαὶ
3253 5380 3469 5429 ωέοειςε
3510 5395 3733 5429 resnon-

2154 5379 2355 5453 Ibidem
2384 5377 2646 5453 quaerenti
2680 5377 3002 5448 Dicampoli,
3040 5377 3225 5434 Τίδαὶ
3253 5377 3470 5453 ῲέρειςς
3510 5395 3735 5452 respon-

2155 5452 2246 5507 det
2279 5447 2607 5520 Megarensis
2630 5464 2645 5500 :

2266 5561 2278 5573 .
2326 5558 2342 5573 .
2365 5516 2403 5575 ⁷.
2450 5561 2464 5573 .
2501 5517 2757 5589 Χοίρουε
2777 5516 3005 5589 έτῴνγα
3031 5519 3353 5588 μυστικάς.

2154 5589 2269 5645 Hoc
2300 5591 2479 5660 ipsum
2510 5586 2689 5640 innuit
2716 5585 2960 5660 'I‘_ibullus
2990 5585 3093 5649 lft.
3121 5590 3255 5659 eleg.
3283 5585 3390 5645 1'0:

2261 5655 2339 5714 Αἱ
2361 5660 2508 5715 nobis
2542 5666 2709 5728 (erata
2735 5655 2897 5711 Lares
2926 5659 3168 5728 depellite
3199 5655 3326 5726 tela,

2263 5732 2555 5803 Hostiaque
2577 5743 2604 5782 e
2634 5727 2788 5798 plena
2820 5727 3043 5798 mystica
3066 5747 3256 5801 porcus
3294 5731 3463 5789 hara.
