4122 6410
344 355 369 408 1
380 355 488 411 θθδ

1493 360 1811 417 PRIEPAR.
1850 361 2104 421 EVANG.
2146 364 2274 421 ΜΒ.
2306 365 2448 421 Xlll.

3456 372 3480 426 l
3491 369 3595 427 066

337 471 585 544 ἡμετέρᾳ
612 472 781 527 πόλει.
815 475 947 528 usas
989 475 1203 530 λεκτέον
1250 489 1355 546 νεῳ
1398 476 1669 543 ἀκούοντι,
1701 479 1776 542 ὡς
1809 480 1903 532 ἀδι·

2023 485 2217 549 solent,
2246 480 2718 544 communicanda,
2744 489 2795 533 et
2825 479 3043 549 quidem
3079 479 3422 541 auditoribus
3445 483 3594 554 ejus-

339 564 454 618 κῶν
489 563 558 617 τὰ
601 563 838 634 ἔσχατα,
869 565 1020 618 οὐδὲν
1064 566 1130 619 ἂν
1166 566 1475 638 θαυμαστὸν
1515 573 1677 634 ποιοῖ,
1716 570 1824 624 οὐδ’
1855 568 1923 626 αὖ

339 654 627 708 ἀδικοῦντα
654 657 866 726 πατέρα
903 656 1144 721 κολάζων
1186 661 1349 715 παντὶ
1382 660 1590 731 τρόπῳ,
1616 660 1749 716 ἀλλά
1775 662 1920 734 δρῴη

338 747 406 800 ἂν
436 748 572 819 ὅπερ
610 748 747 803 θεῶν
777 752 823 802 οἱ
854 752 1059 823 πρῶτοί
1087 771 1146 807 τε
1172 755 1265 807 καὶ
1310 754 1574 824 μέγιστοι.
1603 756 1678 809 Οὐ
1715 756 1791 826 μὰ
1831 758 1922 810 τὸν

337 836 521 910 Δία,ἦ
560 839 605 894 δ’
646 842 725 905 ὃς,
762 843 882 896 οὐδὲ
944 845 1092 915 αὑτῷ
1143 863 1232 916 μοι
1281 846 1428 899 δοκεῖ
1474 847 1751 918 ἐπιτήδεια
1784 843 1921 900 εἶναι

335 931 538 1000 λέγειν.
569 964 639 975 -
662 934 795 987 Οὑδέ
821 952 906 1003 γε,
953 932 1022 1007 ἦν
1053 935 1097 988 δ’
1139 936 1269 1005 ἐγὼ,
1301 937 1360 989 τὸ
1387 938 1664 1008 παράπαν,
1702 938 1775 1002 ὡς
1812 938 1922 991 θεοὶ

336 1022 481 1087 θεοῖς
523 1024 815 1095 πολεμοῦσί
857 1043 937 1090 τε,
970 1027 1065 1079 καὶ
1114 1026 1540 1092 ἐπιϐουλεύουσι,
1583 1030 1676 1082 καὶ
1724 1031 1921 1100 μάχον-

334 1131 462 1168 ται·
490 1114 613 1168 οὔτε
647 1116 753 1188 γὰρ
779 1116 952 1188 ἀληθῆ
974 1136 986 1148 ·
1016 1118 1070 1170 εἴ
1098 1136 1162 1188 γε
1195 1121 1275 1173 δεῖ
1304 1121 1433 1191 ἡμῖν
1472 1122 1597 1183 τοὺς
1628 1120 1919 1191 μέλλοντας

332 1205 435 1276 τὴν
464 1206 616 1260 πόλιν
649 1206 962 1275 φυλάσσειν,
1011 1211 1286 1280 αἴσχιστον
1340 1210 1576 1282 νομίζειν
1615 1212 1675 1265 τὸ
1721 1214 1919 1285 ῥᾳδίως

332 1298 583 1370 ἀλλήλοις
632 1298 1059 1369 ἀπεχθάνεσθαι⁶
1110 1300 1303 1353 πολλοῦ
1358 1302 1439 1355 δεῖ
1484 1304 1918 1375 Γιγαντομαχίας

331 1407 394 1444 τε
424 1390 814 1463 μυθολογητέον
857 1393 1059 1459 αὑτοῖς,
1102 1393 1195 1446 καὶ
1244 1393 1571 1462 ποικιγτέον,
1621 1396 1714 1449 καὶ
1753 1395 1917 1459 ἄλλας

332 1484 534 1556 ἔχθρας
563 1484 765 1549 πολλὰς
809 1487 903 1539 καὶ
941 1486 1303 1552 παντοδαπὰς,
1339 1487 1475 1541 θεῶν
1502 1504 1559 1540 τε
1588 1489 1681 1541 καὶ
1721 1487 1914 1560 ἡρώων

329 1576 470 1647 πρὸς
499 1578 780 1644 συγγενεῖς
816 1594 874 1629 τε
905 1579 997 1631 καὶ
1028 1578 1261 1643 οἰκείους
1288 1578 1489 1632 αὐτῶν.
1533 1578 1669 1632 Ἀλλ’
1713 1578 1767 1632 εἴ
1798 1597 1915 1642 πως

332 1666 617 1738 μέλλοιμεν
654 1667 880 1732 πείσειν,
910 1669 986 1733 ὼς
1019 1669 1192 1734 οὐδεὶς
1230 1671 1446 1724 πώποτε
1480 1671 1701 1740 πολίτης
1728 1669 1913 1742 ἔτερος

328 1758 502 1830 ἑτέρῳ
530 1760 823 1831 ἀπήχθετο,
856 1761 961 1815 οὐδ’
990 1761 1104 1815 ἔστι
1141 1761 1298 1817 τοῦτο
1330 1764 1495 1827 ὅσιον,
1520 1763 1741 1817 τοιαῦτα
1775 1761 1910 1833 μᾶλ-

2026 575 2194 640 modi,
2241 572 2335 643 qui
2368 587 2474 625 non
2511 586 2758 641 porrum,
2812 569 2909 625 sed
2942 572 3199 627 eximiam
3235 572 3473 643 aliquam
3512 591 3593 630 ra-

2025 680 2251 735 ramque
2274 662 2546 719 victimam
2576 663 2972 728 immolassent,
2998 670 3058 717 ut
3081 678 3243 733 quam
3272 665 3593 734 paucissimi

2024 758 2187 827 hujus
2220 757 2274 811 in
2307 753 2576 810 sermonis
2620 753 3059 810 communionem
3114 754 3382 809 venirent.
3416 783 3488 794 --
3521 754 3595 807 E-

2023 849 2269 902 nimvero
2296 861 2480 916 grave,
2527 845 2721 915 inquit,
2756 859 2819 900 ac
2851 846 3218 915 periculosum
3249 848 3352 903 hoc
3382 862 3596 903 sermo-

2023 952 2151 991 num
2179 952 2372 1007 genus.
2405 964 2478 974 -—
2506 934 2614 989 Nec
2645 934 2890 1000 omnino,
2921 935 3168 1004 inquam,
3199 951 3232 989 ο
3261 936 3546 993 Adimante
3576 974 3593 1000 ,

2024 1035 2210 1083 nostra
2239 1029 2292 1082 in
2322 1026 2598 1097 republica
2639 1025 2968 1081 audiendum
3001 1043 3016 1092 ;
3047 1041 3147 1083 nec
3176 1028 3429 1085 audiente
3456 1030 3593 1083 ado-

2020 1121 2255 1176 lescente
2286 1118 2414 1173 huic
2462 1116 2694 1172 orationi
2734 1117 2888 1172 locus
2935 1132 3057 1173 esse
3094 1117 3293 1182 debet,
3327 1119 3423 1189 qui
3469 1134 3591 1174 sce-

2021 1212 2309 1268 lestissima
2333 1224 2561 1281 quaeque
2587 1210 2856 1275 admittat,
2887 1210 3083 1264 mirum
3115 1209 3184 1266 ab
3215 1227 3280 1266 eo
3308 1211 3443 1265 nihil
3470 1210 3588 1266 ﬁeri

2020 1321 2088 1360 ne
2117 1306 2163 1360 si
2196 1312 2475 1375 parentem
2507 1302 2724 1372 quidem
2756 1302 2958 1372 ipsum,
2987 1318 3016 1357 a
3047 1318 3157 1374 quo
3190 1303 3355 1359 lzesus
3384 1302 3585 1368 fuerit,

2018 1397 2168 1452 omni
2228 1395 2617 1467 suppliciorum
2648 1409 2844 1464 genere
2890 1395 3232 1451 mulctaverit
3266 1414 3281 1463 ;
3319 1394 3415 1452 sed
3452 1395 3586 1452 illud

2017 1487 2283 1543 duntaxat
2324 1486 2525 1557 ipsum,
2579 1485 2727 1555 quod
2768 1485 2931 1555 primi
2983 1486 3316 1556 maximique
3356 1485 3584 1542 deorum

2018 1589 2144 1635 ante
2170 1579 2284 1650 jam
2315 1579 2560 1634 fecerint.
2589 1607 2660 1620 -ι
2682 1575 2794 1634 Nec
2818 1578 2954 1634 mihi
2996 1593 3093 1649 per
3119 1577 3330 1644 Jovem,
3364 1578 3585 1649 inquit,

2015 1670 2235 1726 ferenda
2262 1686 2367 1726 vox
2392 1686 2456 1726 ea
2490 1671 2759 1726 videatur.
2789 1700 2861 1709 —
2888 1669 3074 1741 Neque
3103 1670 3271 1727 altera
3300 1686 3432 1727 sane
3464 1670 3584 1727 hac

2018 1763 2238 1832 inquam
2265 1781 2280 1817 :
2315 1763 2516 1818 bellare
2542 1761 2697 1828 deos,
2729 1775 3080 1832 pugnareque
3109 1776 3235 1817 cum
3260 1762 3385 1828 diis,
3418 1770 3584 1833 atque

325 1850 419 1903 λον
451 1849 643 1904 λεκτέα
677 1851 812 1923 πρὸς
849 1852 915 1905 τά
959 1853 1148 1908 παιδία
1190 1853 1370 1918 εὐθὺς,
1414 1856 1509 1909 καὶ
1555 1855 1773 1927 γέρουσι
1817 1850 1903 1907 καλ

2016 1856 2204 1912 iisdem
2250 1855 2517 1920 insidiari,
2550 1870 2672 1910 cum
2721 1863 2774 1909 et
2802 1854 2904 1909 hoc
2936 1853 3005 1907 ab
3045 1853 3197 1909 omni
3230 1853 3458 1910 veritate
3486 1855 3583 1909 ab-

325 1943 526 2013 γραυσὶ
550 1981 565 2005 ,
614 1942 707 1995 καὶ
761 1944 1146 2015 πρεσϐυτέροις
1200 1946 1576 2016 γιγνομένοις,
1634 1945 1728 1998 καὶ
1784 1945 1909 2009 τοὺς

325 2033 556 2104 ποιητὰς
576 2035 743 2102 ἐγγὺς
763 2034 966 2089 τούτων
993 2036 1364 2104 ἀναγκαστέον
1391 2035 1710 2103 λογοποιεῖν.
1733 2035 1911 2107 Ἥρας

321 2124 380 2178 δὲ
405 2125 637 2195 δεσμοὺς
664 2125 770 2179 ὑπὸ
798 2127 961 2191 υἱέος,
997 2128 1090 2181 καὶ
1126 2127 1420 2196 Ἡφαίστου
1448 2127 1624 2199 ῥίψεις
1658 2126 1763 2180 ὑπὸ
1799 2143 1909 2180 πα·-

321 2217 472 2288 τρὺς,
520 2216 804 2288 μέλλοντος
846 2220 911 2288 τῇ
968 2218 1135 2291 μητρὶ
1180 2217 1409 2288 ἀμύνειν
1464 2218 1792 2290 τυπτομένῃ,
1815 2222 1910 2275 καὶ

322 2306 618 2379 θεομαχίας
638 2309 769 2372 ὅσας
804 2308 1050 2381 Ὄμηρος
1084 2311 1400 2382 πεποίηκεν,
1441 2310 1501 2363 οὐ
1542 2310 1908 2382 παραδεκτέον

321 2400 404 2462 εἰς
452 2400 552 2470 τὴν
604 2399 779 2464 πόλιν,
841 2399 950 2453 οὔτ’
1003 2401 1280 2465 ὑπονοίαις
1342 2401 1737 2473 πεποιημένας,
1782 2401 1908 2457 οὔτε

320 2490 448 2544 ἄνευ
476 2491 759 2546 ὑπονοιῶν.
801 2492 862 2546 Ὀ
885 2493 994 2564 γάρ
1018 2493 1136 2557 νέος
1162 2493 1259 2564 οὐχ
1292 2487 1402 2557 οἷός
1441 2511 1500 2547 τε
1541 2494 1768 2565 κρίνειν,
1796 2494 1826 2547 ὃ
1854 2512 1907 2548 τι

320 2584 568 2648 ὑπόνοια,
596 2585 692 2638 καὶ
720 2585 750 2638 ὅ
773 2602 825 2637 τι
857 2586 960 2656 μὴ’
992 2585 1108 2639 ἀλλ’
1135 2584 1172 2640 ἃ
1197 2585 1264 2639 ἂν
1291 2586 1609 2658 τηλικοῦτος
1649 2585 1725 2639 ὢν
1767 2586 1908 2662 λάϐῃ

318 2677 379 2728 ἐν
410 2678 531 2738 ταῖς
560 2673 761 2742 δόξαις,
791 2675 1121 2730 δυσέκνιπτά
1158 2694 1219 2730 τε
1252 2678 1347 2731 καὶ
1384 2678 1736 2748 ἀμετάστατα
1765 2680 1911 2749 φιλεῖ

316 2766 619 2837 γίγνεσθαι.
641 2760 741 2821 Ὧν
767 2766 829 2839 δὴ
867 2768 997 2830 ἴσως
1028 2768 1190 2823 ἕνεκα
1228 2769 1356 2840 περὶ
1403 2768 1604 2832 παντὸς
1628 2772 1904 2841 ποιητέον,

315 2858 354 2912 ἃ.
394 2858 586 2930 πρῶτα
625 2859 934 2926 ἀκούουσιν,
977 2861 1058 2914 ὅτι
1113 2860 1373 2915 κάλλιστα
1417 2863 1907 2938 μεμυθολογημένα

316 2949 457 3020 πρὸς
480 2948 681 3021 ἀρετὴν
703 2950 939 3005 ἀκούειν.
952 2952 1323 3025 -Ἔχειγάρ,
1348 2953 1475 3023 ἔφη,
1495 2954 1668 3023 λόγον.
1702 2957 1840 3009 Ἀλλ’
1857 2940 1914 3009 εἴ

315 3057 400 3104 τις
424 3036 490 3094 αὖ
516 3041 611 3095 καὶ
637 3041 810 3095 ταῦτα
835 3042 1057 3114 ἐρωτῴη
1093 3045 1260 3114 ἡμᾶς.
1294 3044 1431 3098 ἄττα
1454 3047 1589 3110 ἐστὶ,
1631 3048 1725 3100 καὶ
1764 3048 1908 3110 τίνες

314 3134 365 3185 οι
386 3130 566 3203 μῦθοι,
593 3133 745 3196 τίνας
772 3134 838 3187 ἂν
855 3136 1055 3204 φαῖμεν
1076 3135 1297 3200 ;-Καὶ
1314 3134 1424 3203 ἐγὼ
1441 3130 1613 3189 εἷπον·
1639 3133 1709 3190 Ὦ
1737 3138 1903 3191 ’Δδεί-

317 3240 510 3293 μαντε,
544 3222 646 3278 οὑκ
680 3226 846 3295 ἐσμεν
869 3225 1088 3296 ποιηταὶ
1126 3224 1238 3294 ἐγώ
1275 3243 1333 3281 τε
1366 3229 1461 3281 καὶ
1504 3230 1569 3281 σὺ
1604 3230 1661 3282 ὲν
1688 3228 1768 3299 τῷ
1796 3248 1904 3285 πα-

317 3316 495 3386 ρόντι,
525 3316 638 3370 ἀλλ’
664 3318 900 3371 οἰκισταὶ
933 3316 1159 3381 πόλεως.
1209 3319 1490 3384 Οὶκισταῖς
1528 3321 1586 3374 δὲ
1628 3323 1753 3387 τοὺς
1804 3324 1904 3394 μὲν

312 3405 515 3470 τόπους
541 3409 806 3478 προσήκει
837 3407 1057 3473 εἰδέναι,
1089 3409 1148 3461 ὲν
1183 3405 1266 3473 οἷς
1301 3409 1384 3463 δεῖ
1432 3411 1748 3481 μυθολογεῖν
1777 3416 1905 3478 τοὺς

315 3498 563 3567 ποιητὰς,
597 3500 726 3571 παρ’
760 3499 852 3562 οὒς
874 3499 968 3553 ἐὰν
998 3501 1242 3566 ποιῶσιν,
1282 3503 1382 3557 οὐκ
1423 3504 1808 3575 ἐπιτρεπτέονο
1837 3509 1900 3561 οὑ

318 3586 428 3657 μὴν
442 3590 626 3653 αὐτοῖς
642 3606 706 3659 γε
729 3593 977 3662 ποιητέον
1011 3593 1232 3664 μύθους.
1250 3623 1323 3637 --
1362 3594 1588 3665 Ὀρθῶς,
1610 3595 1712 3668 ἔφη
1736 3613 1749 3626 ”
1784 3596 1899 3649 ἀλλ’

313 3680 449 3733 αὐτὸ
475 3680 540 3752 δὴ
560 3681 740 3747 τοῦτο,
767 3682 817 3735 οἱ
837 3681 997 3736 τύποι
1020 3683 1148 3756 περὶ
1182 3682 1458 3753 θεολογίας
1488 3685 1633 3749 τίνες
1660 3685 1727 3740 ἂν
1753 3683 1897 3742 dav;

313 3773 522 3827 Τοιοίδε
580 3772 683 3826 πού
731 3790 895 3839 τινες,
942 3770 1010 3847 ἦν
1040 3775 1085 3829 δ’
1115 3775 1246 3844 ἐγὼ,
1297 3771 1407 3840 οἷος
1451 3778 1707 3848 τυγχάνει
1751 3778 1826 3833 ὢν
1870 3783 1899 3834 ὁ

312 3863 468 3932 εεδς,
516 3865 603 3918 ἀεὶ
630 3865 696 3936 δή
748 3882 853 3918 που
900 3866 1211 3934 ἀποδοτέον,
1257 3868 1354 3921 ἐάν
1399 3868 1459 3922 τέ
1514 3887 1599 3934 τις
1636 3871 1801 3925 αὑτὸν
1837 3872 1896 3925 ὲν

312 3955 469 4009 ἔπεσι
499 3959 648 4027 ποιῇ,
680 3956 776 4010 ὲάν
806 3973 864 4009 τε
901 3957 961 4009 ὲν
990 3957 1194 4028 μέλεσι,
1219 3958 1313 4013 ἐάν
1347 3976 1407 4013 τε
1431 3962 1491 4013 ἐν
1511 3962 1807 4035 τραγῳδίᾳ.
1828 3994 1897 4005 -

311 4050 408 4104 Δεῖ
436 4049 563 4119 γάρ.
586 4047 874 4102 -Οὑκοῦν
900 4048 1101 4117 ἀγαθὸς
1118 4050 1292 4114 ὀΘεὺς
1321 4050 1399 4123 τῷ
1429 4053 1543 4109 ὄντι
1579 4072 1661 4119 τε,
1692 4057 1787 4110 καὶ
1809 4056 1895 4110 λε-

310 4138 470 4194 κτέον
512 4138 674 4194 οὕτω.
708 4171 773 4181 -
808 4140 873 4193 Τί
912 4141 1052 4211 μήν;
1105 4140 1261 4195 Ἀλλὰ
1319 4143 1425 4215 μὴν
1475 4145 1630 4198 οὐδέν
1672 4162 1736 4214 γε
1786 4148 1895 4201 τῶν

310 4230 555 4299 ἀγαθῶν,
592 4226 1021 4302 βλαϐερόνμ-Ἦ
1032 4231 1174 4304 γάρ;
1204 4263 1271 4273 —-
1292 4231 1366 4286 OG
1394 4251 1485 4304 μοι
1508 4234 1670 4288 δοκεῖ.
1697 4232 1892 4311 *Ἆρ’

309 4320 410 4377 οὖν
439 4323 500 4377 τὸ
540 4324 617 4395 μὴ
643 4322 907 4394 βλαϐερὸν
934 4322 1191 4393 βλάπτει;
1220 4353 1291 4365 -
1321 4325 1602 4395 Οὐδαμῶς.
1641 4357 1710 4366 -
1737 4329 1803 4381 Ὃ
1834 4328 1890 4381 δὲ
1938 4314 1945 4323 ‘

315 4416 394 4486 μὴ
428 4414 675 4484 βλάπτει,
706 4414 873 4468 κακόν
890 4432 942 4468 τι
986 4417 1163 4481 ποιεῖ;
1192 4443 1262 4454 -
1288 4415 1423 4469 Οὐδὲ
1453 4417 1716 4473 τοῦτο.-
1736 4416 1803 4473 Ὀ
1833 4418 1891 4473 δέ

2010 1945 2250 2010 horreat,
2276 1945 2439 2017 642
2470 1953 2524 2000 et
2549 1945 2640 2015 qui
2678 1945 2811 2014 reip.
2845 1952 3048 1998 nostra:
3078 1942 3336 1999 custodes
3367 1958 3433 1999 ac
3470 1958 3581 1999 mo-

2009 2040 2289 2094 deratores
2313 2037 2482 2092 futuri
2503 2046 2650 2103 sunt,
2680 2051 2776 2091 eos
2797 2034 2940 2090 civili
2962 2034 3089 2089 odio
3111 2033 3272 2090 facile
3292 2034 3578 2103 dissidere,

2010 2129 2168 2200 longe
2197 2127 2571 2198 turpissimum
2620 2127 2820 2181 ducere
2849 2133 3097 2194 oporteat
3123 2142 3137 2179 :
3168 2124 3392 2191 nedum,
3424 2135 3486 2181 ut
3510 2126 3580 2181 iis

2008 2219 2218 2284 flctitia,
2253 2219 2540 2287 modisque
2568 2216 2825 2271 omnibus
2879 2216 3110 2283 variata,
3142 2218 3259 2274 sive
3299 2217 3581 2289 gigantum

2008 2311 2173 2376 bella,
2204 2310 2319 2367 sive
2348 2310 2459 2365 alia
2512 2307 2695 2363 omnis
2729 2308 2964 2378 generis,
2994 2307 3157 2364 deum
3187 2309 3353 2365 simul
3398 2318 3453 2365 et
3482 2310 3582 2365 be-

2009 2417 2193 2470 roum,
2246 2401 2318 2457 ab
2372 2399 2622 2456 afﬁnibus
2673 2400 3028 2472 cognatisque
3083 2399 3310 2457 dissidia
3360 2402 3578 2459 narrari

2010 2498 2260 2553 debeant.
2315 2493 2519 2552 Contra
2552 2509 2714 2562 vero,
2772 2495 2821 2550 si
2871 2510 2983 2566 quo
3036 2495 3201 2551 modo
3250 2496 3579 2566 persuadere

2007 2588 2331 2660 poterimus,
2389 2587 2494 2644 civi
2542 2586 2717 2642 civem
2767 2580 2924 2641 alteri
2974 2584 3252 2643 inlensum
3301 2586 3576 2643 neminem

2008 2695 2249 2752 unquam
2283 2678 2478 2745 fuisse,
2527 2694 2627 2735 nec
2660 2679 2714 2733 id
2756 2677 2982 2734 omnino
3011 2676 3095 2733 fas
3124 2693 3290 2746 esse;
3326 2678 3444 2734 haec
3485 2687 3575 2736 at-

2007 2787 2115 2841 que
2149 2770 2351 2828 similia
2380 2769 2566 2839 pueris
2613 2777 2826 2824 mature
2848 2783 2882 2824 a
2917 2768 3226 2824 senioribus
3255 2777 3312 2824 et
3339 2769 3574 2825 aniculis

2008 2866 2330 2922 inculcanda
2359 2872 2540 2929 erunt,
2573 2864 2787 2935 ipsique
2818 2869 2990 2933 poeta:
3038 2862 3307 2933 cogendi,
3354 2877 3485 2919 suas
3512 2872 3576 2920 ut

2008 2958 2219 3014 fabulas
2262 2973 2328 3013 eo
2354 2957 2611 3012 referant.
2646 2956 2715 3010 At
2761 2954 2961 3023 injecta
3009 2950 3213 3008 Iunoni
3243 2968 3274 3008 a
3302 2953 3414 3010 tilio
3458 2954 3573 3010 vin-

2007 3050 2149 3114 cula,
2194 3048 2463 3118 deiectum
2500 3061 2531 3101 a
2580 3054 2732 3116 patre
2774 3043 3102 3111 Vulcanum,
3154 3043 3300 3113 quod
3341 3044 3573 3116 pulsata:

2007 3141 2166 3197 matri
2189 3155 2348 3210 Opem
2371 3138 2512 3194 ferre
2540 3138 2716 3203 vellet,
2733 3147 3066 3206 exterasque
3089 3136 3316 3192 deorum
3334 3152 3570 3207 pugnas,

2006 3237 2275 3299 quotquot
2297 3228 2367 3283 ab
2399 3226 2635 3283 Homero
2663 3226 2909 3283 conficta:
2945 3234 3096 3293 sunt,
3126 3227 3231 3284 hac
3261 3227 3316 3282 in
3352 3229 3574 3284 civitate

2005 3334 2285 3390 nunquam
2319 3319 2511 3374 audire
2542 3318 2847 3395 oportebit,
2883 3318 3000 3374 sive
3036 3333 3301 3375 arcanum
3333 3319 3571 3391 aliquem

2004 3426 2224 3467 sensum
2271 3409 2571 3474 includant,
2621 3410 2737 3465 sive
2766 3410 2995 3466 nullum.
3024 3409 3137 3467 Nec
3182 3410 3328 3467 enim
3353 3410 3576 3481 juvenis

2004 3510 2247 3559 statuere
2275 3509 2476 3573 potest,
2511 3502 2606 3557 ubi
2635 3500 2835 3573 aliquis
2863 3502 3134 3573 ejusmodi
3159 3518 3357 3561 sensus
3382 3504 3569 3572 lateat,

2003 3594 2095 3648 ubi
2123 3594 2345 3650 nullus:
2381 3593 2478 3649 sed
2509 3608 2868 3664 quascunque
2915 3593 3200 3664 opiniones
3237 3609 3304 3651 ea
3331 3596 3570 3666 primum

1999 3695 2156 3742 astate
2186 3686 2495 3753 imbiberit,
2547 3701 2625 3741 ea:
2668 3685 2840 3741 deleri
2882 3683 2997 3742 fere
3038 3693 3228 3757 postea
3272 3686 3572 3755 revelliquo

1999 3792 2109 3833 non
2138 3786 2389 3848 possunt.
2433 3776 2620 3847 Itaque
2655 3776 2811 3840 tanti,
2849 3776 3066 3848 opinor,
3095 3776 3223 3842 erit,
3260 3768 3569 3847 ut'quibus

1999 3869 2238 3940 primum
2272 3868 2558 3926 audiendis
2605 3868 2806 3925 fabulis
2831 3876 3170 3934 assuescent,
3194 3868 3264 3925 ad
3312 3868 3565 3928 virtutem

1996 3976 2095 4030 eae,
2112 3975 2276 4032 quam
2295 3960 2599 4017 rectissime
2628 3962 2745 4016 fieri
2766 3961 2983 4032 poterit,
3005 3961 3317 4018 collineent.
3338 3990 3411 4002 —
3434 3961 3567 4019 lure

1996 4053 2099 4106 hoc
2111 4051 2422 4123 Mquidem,
2439 4060 2629 4107 etcum
2645 4053 2873 4116 ratione,
2892 4050 3068 4121 inquit
3085 4069 3099 4105 :
3116 4060 3172 4106 at
3185 4056 3229 4106 si
3247 4050 3449 4122 quisex
3470 4068 3568 4107 no-

1993 4143 2077 4199 bis
2090 4152 2313 4213 quaaret,
2331 4143 2633 4214 cujusmodi
2650 4158 2734 4207 ea,
2761 4155 2946 4211 quaeve
2968 4141 3164 4205 fabula:
3176 4157 3296 4199 esse
3309 4143 3560 4212 debeant,

1991 4232 2123 4301 quid
2143 4231 2355 4286 tandem
2386 4230 2833 4301 respondebimus
2855 4229 3071 4284 ?—Cui
3097 4243 3220 4299 ego,
3237 4226 3440 4293 Poetis,
3470 4229 3559 4283 in-

1993 4337 2178 4392 quam,
2214 4323 2519 4385 Adimante,
2539 4322 2593 4375 in
2619 4321 2904 4391 praesentia
2922 4335 3096 4391 neque
3123 4335 3223 4391 ego
3247 4361 3262 4389 ,
3294 4335 3470 4391 neque
3500 4330 3561 4377 tu

1992 4429 2203 4479 sumus,
2231 4413 2326 4469 sed
2358 4412 2665 4482 reipublicae
2693 4411 3025 4467 conditores.
3064 4409 3234 4480 Quos,
3264 4420 3324 4466 ut
3349 4409 3556 4469 formas

311 4524 379 4576 γε
409 4506 575 4578 μηδὲν
601 4506 768 4561 κακὸν
795 4508 956 4573 ποιεῖ,
989 4507 1097 4561 οὐδ’
1117 4507 1185 4562 ἀν
1212 4525 1357 4572 τινος
1386 4508 1472 4579 εἴη
1496 4508 1666 4562 κακοῦ
1696 4509 1886 4565 αἴτιον.

2003 4504 2114 4560 illas
2163 4512 2218 4558 et
2245 4503 2572 4573 exemplaria
2605 4519 2769 4559 nosse
2811 4511 3083 4575 oporteat,
3127 4518 3251 4574 quae
3280 4504 3455 4573 poetis
3497 4505 3555 4559 in

309 4630 385 4643 ——
404 4597 531 4663 Πῶς
554 4599 662 4670 γάρ
680 4614 697 4665 ;
716 4599 872 4653 -Τί
902 4598 991 4667 δέ;
1023 4600 1293 4670 ὠφέλιμον
1324 4600 1384 4653 τὸ
1410 4600 1643 4668 ἀγαθόν;
1669 4631 1737 4640 -
1761 4603 1887 4656 Ναί.

313 4693 585 4747 -Αιτιον
622 4693 731 4763 ἀρα
771 4693 1091 4765 εὐπραγίας.
1132 4694 1258 4749 Ναί.
1290 4725 1359 4737 -
1381 4694 1495 4748 Οὐκ
1526 4695 1635 4766 ἄρα
1674 4694 1889 4749 πάντων

319 4799 379 4853 γε
433 4784 603 4839 αῐτιον
643 4784 704 4838 τὸ
744 4783 974 4853 ἀγαθόν’
1002 4783 1138 4839 ἀλλά
1182 4785 1290 4842 τῶν
1329 4786 1430 4857 μὲν
1460 4781 1518 4840 εὗ
1547 4786 1776 4857 ἐχόντων
1807 4786 1890 4839 αι’-

323 4890 449 4939 τιον,
476 4874 583 4929 τῶν
623 4875 680 4930 δὲ
704 4874 890 4928 κακῶν
924 4876 1181 4930 ἀναίτιον.
1210 4905 1282 4916 -
1312 4875 1600 4942 Παντελῶς
1644 4894 1732 4946 γε,
1759 4876 1884 4946 ἔφη.

322 4966 437 5019 θὺδ’
465 4966 592 5038 ἄρα,
623 4962 692 5038 ἦν
736 4967 782 5020 δ’
815 4967 945 5036 ἐγὼ,
978 4969 1008 5021 ὁ
1052 4968 1204 5033 Θεὸς,
1246 4970 1367 5022 ἐπεὶ
1417 4969 1636 5037 ἀγαθὸς,
1673 4969 1888 5023 πάντων

307 5056 384 5111 ἂν
439 5052 525 5126 εἴη
565 5057 753 5120 αἴτιος,
799 5058 876 5119 ὡς
915 5059 965 5110 οἱ
1014 5056 1198 5112 πολλοὶ
1231 5057 1476 5125 λέγουσιν
1500 5076 1513 5088 ·
1551 5057 1665 5111 ἀλλ’
1693 5057 1887 5127 ὀλίγων

313 5146 419 5219 μὲν
477 5149 588 5211 τοῖς
650 5147 955 5219 ἀνθρώποις
1015 5150 1207 5212 αἴτιος,
1269 5147 1480 5202 πολλῶν
1513 5148 1570 5201 δὲ
1623 5148 1881 5212 ἀναίτιος.

311 5238 459 5293 Πολὺ
504 5239 614 5312 γὰρ
662 5240 866 5294 ἐλάττω
896 5239 964 5294 τὰ
1000 5239 1179 5308 ἀγαθά
1222 5239 1330 5292 τῶν
1369 5239 1554 5294 κακῶν
1588 5241 1736 5311 ἡμῖν.
1777 5242 1886 5293 Καὶ

313 5330 426 5383 τῶν
460 5332 558 5401 μὲν
590 5331 809 5400 ἀγαθῶν
835 5331 1023 5386 οὐδένα
1046 5331 1203 5386 ἄλλον
1235 5331 1523 5395 αἰτιατέον,
1553 5331 1660 5384 τῶν
1704 5332 1760 5385 δὲ
1791 5350 1887 5386 κα-

313 5420 429 5475 κῶν
484 5421 619 5475 άλλα
664 5423 797 5477 ἄττα
848 5423 929 5475 δεῖ
970 5422 1150 5495 ζητεῖν
1191 5421 1258 5475 τὰ
1314 5421 1492 5486 αἴτια,
1544 5421 1657 5476 ἀλλ’
1689 5423 1750 5476 οὐ
1794 5425 1885 5477 τὸν

314 5511 948 5586 Θεόν.-’Δληθέστατα,
981 5513 1109 5585 ἔφη,
1134 5514 1309 5578 δοκεῖς
1337 5530 1427 5583 μοι
1457 5513 1653 5582 λέγειν.
1672 5543 1742 5556 -
1773 5515 1886 5569 Οὐκ

312 5604 444 5675 ἄρα,
476 5599 545 5676 ἦν
564 5605 593 5658 δ
608 5605 620 5625 ’
640 5604 769 5674 ἐγὼ,
799 5604 1273 5668 ἀποδεκτέον,οὗτε
1304 5605 1561 5677 Ὀμήρου,
1580 5605 1702 5659 οὔτε
1723 5606 1883 5660 ἄλλου

313 5695 564 5766 ποιητοῦ,
593 5696 794 5769 ταύτην
822 5698 922 5769 τὴν
950 5696 1222 5768 ἁμαρτίαν
1250 5697 1376 5767 περὶ
1401 5698 1523 5760 τοὺς
1550 5696 1703 5761 θεοὺς
1728 5698 1879 5770 ἀνοή-

312 5802 424 5860 σιμῇ
451 5788 854 5859 ἁμαρτάνοντος
879 5789 972 5841 καὶ
999 5787 1245 5855 λέγοντος
1262 5802 1276 5815 ο

758 5883 950 5944 Pun.
987 5880 1106 5944 Gn.
1142 5879 1317 5942 XXI.

1992 4596 2298 4651 fabularum
2327 4611 2552 4649 suarum
2580 4595 2890 4651 fictionibus
2922 4594 3205 4665 proposita
3238 4608 3361 4651 esse
3390 4593 3555 4650 debe-

1991 4695 2105 4755 ant,
2135 4695 2188 4742 et
2219 4701 2250 4740 a
2282 4687 2500 4757 quibus,
2533 4686 2579 4741 si
2606 4686 2826 4757 quando
2855 4685 3160 4750 deﬂectent,
3194 4683 3404 4742 ferendi
3443 4701 3553 4741 non

1991 4779 2122 4844 sint,
2178 4777 2392 4833 fabulas
2440 4778 2589 4848 ipsos
2637 4779 2859 4849 quidem
2905 4779 3110 4851 lingere
3157 4796 3266 4837 non
3316 4788 3554 4848 oportet.

1987 4898 2059 4908 —-
2090 4868 2305 4933 Fateor,
2356 4869 2553 4939 inquit,
2588 4868 2683 4925 sed
2735 4869 2841 4925 hoc
2891 4870 3066 4941 ipsum
3099 4878 3303 4937 tamen,
3336 4868 3549 4933 formis,

1988 4960 2234 5031 inquam,
2274 4960 2400 5027 illae,
2428 4975 2565 5030 quas
2590 4960 2680 5016 ubi
2712 4960 2780 5016 de
2808 4958 2914 5018 diis
2956 4961 3285 5033 loquendum
3317 4959 3440 5025 erit,
3465 4973 3554 5041 se-

1988 5051 2081 5121 qui
2118 5051 2408 5121 oportebit,
2440 5050 2628 5120 quales
2674 5051 2888 5105 tandem
2921 5065 3045 5106 esse
3074 5050 3320 5107 debent?
3345 5049 3507 5105 Tales
3531 5088 3548 5113 ,

1988 5143 2234 5213 inquam,
2273 5150 2332 5196 ut
2359 5141 2661 5210 cujusmodi
2689 5157 2785 5212 per
2809 5156 2931 5196 sese
2962 5140 3106 5198 Deus
3134 5147 3240 5210 est,
3279 5140 3551 5212 ejusmodi

1986 5248 2220 5304 semper,
2249 5242 2362 5287 tam
2392 5232 2651 5298 heroicis,
2685 5248 2849 5303 quam
2884 5232 3068 5304 lyricis
3096 5246 3162 5287 ac
3186 5231 3409 5303 tragicis
3433 5245 3553 5286 car-

1985 5325 2224 5380 minibus
2251 5332 2686 5395 repraesentetur.
2709 5353 2781 5363 -—
2803 5323 2969 5379 Decet
2987 5323 3285 5378 enimvero.
3307 5351 3380 5366 -—
3403 5319 3548 5377 Deus

1985 5416 2171 5485 igitur,
2208 5414 2355 5484 quod
2385 5427 2576 5483 reapse
2611 5412 2789 5468 bonus
2815 5412 2909 5477 sit,
2955 5414 3132 5469 bonus
3165 5424 3386 5481 quoque
3412 5409 3549 5465 cele-

1983 5507 2224 5562 brandus
2273 5506 2397 5560 erit.
2430 5532 2501 5544 —
2548 5502 2666 5558 Erit
2716 5503 2958 5558 omnino.
2996 5531 3070 5544 —-
3109 5501 3273 5571 Atqui
3318 5501 3542 5556 noxium

1982 5599 2189 5654 bonum
2215 5610 2336 5652 esse
2358 5593 2568 5649 nullum
2604 5602 2784 5664 potest
2808 5611 2822 5647 :
2857 5607 3039 5649 nonne
3063 5593 3088 5649 ἳ
3113 5621 3183 5634 --
3210 5590 3452 5659 Nullum,
3484 5601 3545 5647 ut

1982 5689 2212 5743 videtur.
2243 5715 2315 5726 —
2340 5685 2495 5752 Quod
2520 5693 2699 5739 autem
2744 5684 2970 5740 noxium
3003 5698 3111 5739 non
3141 5693 3245 5745 est,
3279 5681 3405 5737 idne
3440 5681 3544 5737 ali-

1985 5777 2201 5836 cuando
2226 5786 2384 5833 nocet
2410 5776 2434 5830 ?
2461 5803 2531 5815 —
2555 5772 2844 5845 Nunquam
2879 5784 3043 5831 certe.
3084 5803 3156 5816 —-
3198 5770 3353 5841 Quod
3382 5787 3546 5844 porro

3061 5868 3138 5928 31s
