4122 6428
559 350 694 407 i067
1227 351 1500 410 EUSEBII
1545 352 2030 412 CESARIENSIS
2068 357 2219 417 OPP.
2259 361 2442 417 PARS
2490 359 2555 416 11.
2586 390 2657 403 -
2685 362 3187 421 APOLOGETICA.
3684 371 3831 430 1068

556 488 666 531 non
695 483 874 533 nocet.
916 488 985 528 an
1016 472 1220 545 aliquid
1282 474 1413 530 mali
1473 474 1747 531 facit?—
1780 476 1859 533 Ne
1890 478 2035 534 istud
2091 479 2333 550 quidem.
2361 511 2431 523 -—
2488 481 2645 549 Quod
2671 491 2857 539 autem
2908 484 3038 540 mali
3088 484 3229 539 nihil
3282 485 3433 552 facit,
3484 486 3538 542 id
3585 503 3658 544 ne
3697 491 3830 545 mali

557 566 772 639 quidem
799 565 964 622 ullius
985 580 1151 621 causa
1172 580 1294 623 esse
1316 575 1501 638 queat.
1520 566 1738 623 —Nam
1761 568 1895 641 qui?
1935 601 2008 612 --
2044 568 2189 639 Quid
2226 589 2355 631 vero
2378 575 2402 627 ?
2425 590 2495 631 an
2544 576 2749 632 bonum
2782 577 2922 633 utile
2950 578 3208 650 quiddam
3238 589 3322 635 est
3345 580 3370 634 ἲ
3395 609 3466 621 --
3502 579 3599 636 ita.
3628 612 3700 625 -—
3731 581 3834 637 Est

556 676 684 734 ergo
728 676 896 718 causa
940 660 1217 719 felicitatis
1280 663 1535 734 alicujus.
1582 663 1747 736 643
1790 663 2057 722 Est.-Non
2123 668 2291 739 igitur
2347 686 2531 726 rerum
2581 672 2828 728 omnium
2886 682 3078 740 causa,
3134 674 3347 730 bonum'
3376 684 3482 739 est,
3512 675 3608 731 sed
3636 689 3827 731 eorum

554 756 820 812 duntaxat
847 771 967 826 qua:
1021 756 1160 813 bene
1225 772 1287 814 se
1340 758 1566 825 habent,
1618 760 1891 816 malorum
1922 772 2103 817 autem
2146 765 2391 821 minime.
2430 765 2783 834 —Prorsus,
2829 767 3027 839 inquit.
3053 799 3125 811 -—
3149 769 3295 825 Deus
3327 770 3512 841 igitur,
3561 770 3783 842 inquam
3807 814 3822 840 ,

553 868 678 910 cum
725 853 906 911 bonus
955 853 1048 921 sit,
1082 869 1266 911 rerum
1295 856 1550 911 omnium
1596 865 1789 913 auctor
1837 868 1985 915 certe
2036 874 2144 916 non
2215 861 2362 929 erit,
2421 864 2569 935 quod
2613 873 2796 920 tamen
2825 864 3020 936 jactari
3066 867 3230 936 vulgo
3274 866 3452 922 solet:
3503 866 3617 920 imo
3658 882 3823 933 vero,

552 964 853 1021 paucarum
908 949 1203 1006 admodum
1264 951 1583 1009 hominibus
1640 963 1836 1010 auctor
1879 955 2005 1020 erit,
2078 956 2438 1027 plurimarum
2499 959 2782 1016 minime:
2833 960 2993 1017 bonis
3056 961 3202 1015 enim
3251 961 3413 1031 longe
3474 959 3824 1029 paucioribus

550 1042 777 1109 utimur,
830 1059 996 1115 quam
1053 1044 1235 1101 malis.
1289 1042 1359 1100 Et
1386 1044 1660 1101 bonorum
1699 1047 1921 1119 quidem
1970 1048 2130 1104 alteri
2196 1053 2405 1107 nemini
2467 1053 2799 1125 assignanda
2851 1069 3017 1109 causa
3046 1054 3445 1118 est,malorum
3477 1062 3659 1108 autem
3684 1051 3822 1118 alim,

550 1151 715 1208 quam
748 1136 912 1202 Deus,
948 1136 1112 1193 nobis
1150 1135 1495 1206 requirendae
1520 1167 1591 1176 —
1624 1135 1923 1194 Verissima
1966 1139 2119 1211 loqui
2163 1151 2215 1197 te
2262 1152 2412 1213 puto.
2436 1171 2508 1184 --
2531 1143 2793 1217 sequitur
2828 1160 2979 1216 ergo,
3017 1160 3117 1201 nec
3146 1143 3470 1212 Homerum,
3506 1159 3611 1200 nec
3654 1144 3823 1199 alium

547 1240 766 1302 poetam
796 1231 966 1286 ullum
1000 1230 1354 1295 audiendum,
1386 1230 1482 1303 qui
1516 1237 1628 1286 tam
1670 1231 2046 1304 imprudenter
2075 1234 2131 1290 in
2167 1236 2300 1292 deos
2331 1246 2643 1309 temereque
2664 1247 2872 1310 peccet,
2912 1248 2973 1293 ut
3000 1238 3171 1305 dicat,

616 1346 779 1403 Dolia
813 1345 938 1418 bina
963 1347 1143 1418 jacent
1177 1346 1363 1418 Magni
1392 1349 1488 1403 sub
1516 1348 1704 1402 limina
1733 1348 1917 1403 Patr-is
1945 1366 1965 1405 :

617 1417 840 1473 Milibus
872 1417 968 1471 hoc
992 1417 1121 1487 falis
1147 1417 1358 1487 plenum
1386 1428 1488 1485 est,
1520 1428 1574 1472 at
1604 1419 1846 1473 tristibus
1874 1419 2032 1474 illud.

543 1531 814 1589 Caeterum
859 1531 950 1587 cui
983 1529 1197 1602 Jupiter
1231 1546 1299 1588 ex
1342 1541 1578 1603 utroque
1609 1532 1813 1604 aliquid
1848 1533 2123 1605 alluderit,

544 1626 695 1682 hunc

544 1736 816 1794 Incertum
841 1737 997 1792 modo
1025 1752 1159 1792 uena
1180 1744 1445 1805 premunt,
1471 1745 1629 1792 modo
1659 1739 1786 1794 lwta
1810 1749 2121 1809 sequuntur.

541 1888 644 1944 Cui
678 1904 806 1946 vero
839 1903 1021 1958 secus,
1054 1904 1159 1944 noc
1194 1899 1279 1946 est
1302 1891 1465 1962 jmera
1496 1906 1564 1945 ex
1595 1891 1767 1949 altero
1800 1901 1998 1950 cuncta
2024 1894 2121 1952 de-

539 1980 702 2035 derit.

612 2090 771 2146 Hunc
797 2091 951 2147 dolor
982 2090 1231 2147 assiduus
1267 2101 1534 2147 terrarum
1560 2093 1619 2147 in
1650 2093 1771 2149 sede
1799 2093 2017 2165 fatigat.

535 2203 651 2262 Nec
686 2220 909 2262 rursum
943 2204 1202 2261 ferendus
1235 2205 1330 2275 qui
1365 2204 1586 2273 dixerit,
1617 2203 1808 2261 Jovem
1848 2205 2120 2260 honorum

535 2309 595 2356 et
634 2299 908 2354 malorum
958 2305 1288 2369 quaestorem
1339 2298 1503 2353 nobis
1553 2313 1621 2353 ac
1671 2296 2115 2368 dispensatorem

535 2405 678 2447 esse.
713 2389 980 2445 Praeterea
1011 2389 1059 2446 si
1086 2389 1235 2460 quis,
1257 2389 1404 2460 quod
1431 2387 1795 2458 jurisjurandi
1819 2386 2118 2443 foederum-

533 2497 645 2554 que
689 2482 982 2553 religiones
1030 2480 1317 2536 Pandarus
1368 2480 1730 2548 conturbarit,
1771 2478 1829 2534 id
1866 2478 2120 2534 Minervae

532 2572 795 2644 Jovisque
838 2572 1071 2630 consilio
1098 2571 1307 2627 factum
1346 2586 1474 2629 esse
1515 2572 1736 2638 scribet,
1772 2571 1925 2627 nullo
1954 2572 2117 2627 modo

532 2662 890 2733 probabimus
921 2680 936 2716 :
968 2662 1049 2717 uti
1082 2676 1197 2717 nec
1231 2662 1459 2718 deorum
1499 2662 1906 2718 contentionem
1954 2670 2117 2733 atque

2154 1359 2202 1414 Δ
2242 1352 2335 1419 Ὡς
2364 1353 2513 1425 δοιοὶ
2543 1354 2656 1425 (70)
2688 1356 2849 1410 πίθοι
2887 1354 3264 1425 κατακείαται
3294 1353 3365 1407 ἐν
3392 1352 3527 1418 Διὸς
3553 1350 3737 1425 οὔδει,

2226 1423 2441 1492 Κηρῶν
2474 1421 2743 1495 ἔμπλειοι
2763 1442 2777 1455 ·
2818 1429 2852 1480 ὀ
2882 1424 3001 1494 μὲν
3023 1424 3280 1489 ἐσθλῶν,
3311 1425 3500 1493 αὐτὰρ
3524 1427 3557 1478 ὀ
3581 1421 3821 1479 δειλῶν.

2226 1539 2341 1594 Καὶ
2367 1531 2413 1609 ᾧ
2443 1540 2543 1611 μὲν
2566 1539 2632 1596 ἂν
2668 1539 2830 1612 μίξας
2864 1542 2893 1593 6
2924 1539 3056 1602 Ζεὺς
3084 1538 3413 1610 ἀμφοτέρων
3441 1536 3535 1608 δῷ.

2230 1720 2478 1776 Ἄλλοτε
2508 1719 2626 1791 μέν
2649 1737 2715 1791 γε
2749 1719 2955 1775 κακῶν
2984 1720 3021 1775 ὅ
3054 1738 3120 1789 γε
3160 1720 3421 1791 κύρεται,
3459 1719 3683 1861 ῗλέὲῗ
3705 1718 3820 1773 δ’έο

3500 1807 3544 1843 σ
3670 1807 3709 1843 ν
3726 1807 3742 1822 ·

3500 1807 3709 1843 συλῶν
3726 1807 3742 1822 ⁵

2224 1893 2296 1973 ᾯ
2323 1903 2367 1958 δ’
2395 1901 2461 1958 ἂν
2484 1903 2592 1977 μὴ,
2628 1905 2744 1959 ἀλλ’
2784 1904 2999 1978 ἄκρατα
3030 1906 3097 1958 τὰ
3127 1905 3311 1978 ἕτερα,

2226 2098 2341 2165 τὸν
2362 2106 2432 2161 δε
2463 2107 2619 2174 κακὴ
2650 2109 3022 2178 βούϐρωστις
3050 2108 3149 2161 ἐπὶ
3175 2109 3363 2177 χθόνα
3385 2105 3523 2162 δῖαν
3549 2107 3814 2162 ἑλαυνει.

2222 2201 2347 2255 Οὐδ’
2375 2202 2450 2265 ὡς
2489 2202 2691 2273 ταμίας
2736 2205 2764 2256 6
2826 2204 2958 2266 Ζεὺς
2993 2201 3103 2271 (71)
3130 2204 3259 2272 ἡμῖν
3292 2200 3512 2269 ἀγαθῶν
3535 2217 3594 2253 τε
3628 2200 3813 2254 κακῶν

2219 2311 2280 2348 τε
2316 2294 2593 2349 τέτυκται.
2641 2297 2754 2367 Τὴν
2797 2296 2852 2348 δὲ
2901 2297 3077 2366 ὅρκων
3113 2295 3207 2347 καὶ
3251 2293 3490 2348 σπονδῶν
3530 2293 3810 2363 σύγχυσιν,

2220 2385 2288 2457 ῆν
2318 2388 2348 2439 6
2380 2387 2659 2459 Πάνδαρος
2692 2387 2943 2457 συνέχεεν
2974 2387 3109 2458 (72),
3136 2388 3234 2441 ἐάν
3266 2404 3351 2450 τις
3377 2390 3451 2458 φῇ
3477 2386 3544 2439 δι’
3584 2386 3811 2455 Ἀθηνᾶς

2220 2494 2278 2531 τε
2310 2478 2404 2531 καὶ
2439 2478 2560 2542 Διὸς
2586 2478 2887 2548 γεγονέναι,
2922 2479 3042 2531 οὐδὲ
3075 2477 3212 2531 θεῶν
3247 2480 3361 2550 ἔριν
3402 2495 3462 2531 τε
3505 2477 3599 2530 καὶ
3629 2477 3809 2548 κρίσιν

2220 2569 2307 2623 διὰ
2333 2570 2562 2641 Θέμιδός
2601 2587 2660 2624 τε
2709 2571 2802 2624 καὶ
2846 2571 2965 2634 Διός
2996 2570 3130 2641 (75).
3168 2570 3288 2623 Οὐδ’
3319 2566 3385 2623 αὖ
3426 2570 3502 2633 ὡς
3544 2567 3808 2641 Αἰσχύλος

2219 2659 2387 2728 λέγει,
2419 2661 2604 2715 ἐατέον
2636 2662 2854 2716 ἀκούειν
2887 2662 3015 2726 τοὺς
3043 2662 3195 2725 νέους
3228 2678 3241 2692 ·

528 2753 798 2824 judicium
834 2753 905 2809 ad
961 2751 1281 2810 Themidem
1328 2750 1636 2825 Jovemque
1682 2753 1952 2810 revocari.
2015 2752 2278 2809 Similiter
2341 2756 2637 2824 quominus
2666 2754 2797 2809 illud
2828 2752 3076 2826 Alschyli
3113 2769 3145 2808 a
3184 2752 3494 2823 junioribus
3530 2753 3804 2814 audiatur.

531 2848 839 2904 cavendum
873 2848 981 2905 erit
1014 2866 1032 2903 :

746 2969 819 2982 -—
857 2939 998 2997 Deus
1032 2941 1347 2999 mortalibus
1385 2959 1604 2998 causam
1631 2946 1782 3013 serit,

669 3010 900 3067 Domum
922 3014 1033 3082 ipse
1059 3013 1185 3067 dum
1211 3014 1323 3068 vult
1347 3013 1592 3083 funditus
1612 3010 1966 3087 pessundare.

529 3126 602 3183 At
629 3126 679 3183 si
725 3129 852 3199 quis
883 3126 1130 3184 funestos
1160 3127 1286 3184 illos
1325 3126 1550 3195 Niobes,
1584 3138 1680 3185 aut
1723 3127 2107 3199 Pelopidarum

523 3232 710 3285 casus,
758 3219 846 3276 vel
888 3218 1156 3292 Trojanas
1192 3221 1566 3285 calamitates,
1616 3229 1715 3277 aut
1758 3222 1906 3277 aliud
1943 3222 2108 3292 quid-

526 3320 691 3376 quam
719 3306 992 3377 ejusmodi
1039 3308 1293 3365 versibus
1324 3308 1578 3384 iambicis
1609 3310 1873 3368 mandare
1913 3312 2107 3368 volue-

522 3397 617 3463 rit,
663 3407 758 3453 aut
788 3398 1211 3469 permittendum
1239 3401 1293 3457 ei
1324 3415 1437 3457 non
1464 3402 1591 3470 erit,
1626 3411 1689 3457 ut
1724 3404 1822 3459 abs
1867 3403 1979 3460 Deo
2019 3404 2106 3461 fa-

523 3499 614 3547 cta
646 3490 740 3546 illa
782 3506 908 3549 esse
952 3492 1117 3558 dicat,
1154 3503 1251 3549 aut
1282 3494 1328 3550 si
1361 3493 1475 3550 Deo
1514 3495 1848 3561 tribuentur,
1890 3512 1956 3552 ea
1986 3504 2103 3553 tum

522 3582 665 3637 forte
691 3582 834 3638 ratio
863 3584 1221 3654 excogitanda
1264 3584 1374 3641 illis
1406 3585 1532 3651 erit,
1565 3600 1732 3657 quam
1767 3589 1989 3658 ipsimet
2016 3589 2105 3644 in-

519 3673 889 3743 vestigamus;
934 3681 1102 3745 atque
1153 3676 1226 3731 ita
1270 3676 1626 3748 loquendum,
1672 3679 1773 3735 abs
1804 3679 1918 3736 Deo
1959 3681 2103 3737 bona

517 3762 777 3833 justeque
827 3762 1073 3835 profecta
1114 3779 1238 3822 esse
1280 3767 1487 3833 omnia,
1531 3782 1634 3825 nec
1667 3770 1852 3826 minus
1894 3770 1964 3827 iis
2005 3772 2101 3842 qui

520 3855 846 3926 punirentur
871 3855 1177 3914 fructuosa.
1204 3858 1277 3915 At
1303 3874 1434 3916 vero
1461 3869 1518 3917 et
1551 3861 1782 3919 miseros
1806 3861 1978 3920 fuisse
2004 3846 2103 3936 qui

591 3999 705 4070 (70)
745 4000 839 4068 Ὠς
864 4000 1051 4073 χδοιοί.
1092 3999 1260 4056 Iliad.
1292 4001 1367 4068 Ω,
1396 4017 1450 4055 v.
1487 4000 1611 4056 527.
1652 3998 1858 4059 Versus
1890 4002 1983 4060 isti
2019 4003 2099 4060 sic

518 4070 885 4213 1682;212in
909 4158 975 4213 τε
1003 4143 1163 4213 πίθοι
1190 4143 1567 4213 κατακείαται
1594 4144 1666 4197 έν
1692 4141 2034 4213 Διύςῄοὖδει,

589 4209 796 4281 Δώρων
822 4209 918 4283 οἷα
944 4211 1176 4281 δίδωσι,
1209 4212 1430 4283 κακῶν,
1459 4214 1661 4283 ἕτερος
1686 4212 1755 4268 δέ
1780 4211 1954 4283 έάων.

517 4281 624 4363 Qui
651 4281 1121 4363 secundusualius
1152 4299 1182 4338 a
1207 4282 1489 4340 Platonico
1521 4281 1625 4347 est,
1656 4283 1752 4339 sed
1779 4282 2095 4340 Platonicus
2123 4304 2167 4363 ο

519 4352 681 4422 longe
707 4352 921 4408 melior.
952 4351 1244 4422 Sequitur:

588 4417 665 4493 ’ῼ
683 4422 802 4493 μὲν
826 4417 1121 4493 καμμίεὶις
1147 4422 1267 4491 δῴη
1293 4422 1444 4491 Ζεὺς
1474 4422 1954 4493 τερπικέραυνος.

589 4441 665 4515 ,μ
683 4441 802 4493 μεν
826 4441 1121 4563 κιέιὸιςας
1147 4441 1281 4505 σῳηρ
1293 4441 1444 4491 ιευς
1474 4441 1954 4513 τερπικέραυνος.
2084 4495 2097 4515 .

608 4497 841 4549 Αλλοτε
1030 4510 1097 4547 τε
1126 4510 1293 4559 κακῳ
1334 4495 1366 4548 ὅ
1398 4511 1466 4564 τε
1497 4511 1756 4562 κυρεται,
1782 4493 2022 4635 [ἕέέὲξε
2045 4493 2082 4546 δ

1837 4578 2022 4629 συλῳ.

516 4636 594 4688 ita
643 4633 805 4687 etiam
854 4630 1031 4691 Plato.
1086 4632 1282 4690 Noster
1335 4643 1550 4700 autem,
1597 4630 1811 4699 κακῶν,
1861 4633 2094 4702 ἐσθλῶν,

515 4714 809 4772 utrumque
839 4714 1045 4758 rectum
1077 4714 1178 4760 cst.
1207 4704 1528 4760 Concludit:

583 4768 660 4846 '9
777 4790 846 4829 κε
868 4773 987 4846 τῶν
1016 4773 1432 4846 λυγρῶν-δῴη,
1452 4774 1726 4846 λωϐητὸν
1755 4774 1953 4846 ἔθηκε,

587 4843 705 4915 Καὶ
721 4844 752 4897 ἐ
774 4843 928 4911 κακὴ
944 4844 1322 4915 βούϐρωστις
1342 4843 1440 4898 ἐπὶ
1460 4847 1652 4915 χθόνα
1674 4844 1810 4899 δῖαν
1833 4845 2092 4901 ἐλαύνει.

514 4913 615 4968 Adi
667 4913 1014 4969 Eustathium
1059 4914 1165 4971 hoc
1211 4916 1357 4982 loco,
1407 4913 1498 4970 ubi
1546 4924 1731 4969 mouet
1771 4915 2095 4984 nonnullos,

515 4984 738 5040 secundi
770 5000 960 5041 versus
987 4985 1342 5056 ambiguitate
1367 4985 1645 5056 deceptos,
1679 4985 1780 5056 tria
1824 4985 1967 5038 dolia
1997 5002 2097 5054 pro

516 5056 731 5125 duobus
762 5057 1075 5125 accepisse;
1118 5054 1407 5125 ipsumque
1455 5059 1589 5112 adeo
1618 5054 1937 5122 Pindarum,
1978 5055 2098 5109 ἔντε

514 5124 714 5191 ἄλλοις,
743 5126 839 5179 καὶ
867 5121 925 5179 ἐν
954 5121 1036 5189 οἷς
1061 5121 1208 5193 λέγει
1237 5145 1250 5182 :

590 5196 694 5251 ,Ἐν
750 5197 889 5264 παρ’
945 5196 1173 5252 ἐσθλὸν
1230 5196 1473 5267 πήματα
1531 5195 1785 5267 σύνδυο-
1832 5194 2098 5267 δαίονται

1765 5264 2029 5337 ῗβροτοῖς

583 5372 603 5391 .
644 5375 663 5392 .
705 5376 720 5391 .
765 5379 780 5394 .
826 5377 840 5392 .
885 5377 899 5391 .
940 5378 955 5392 .
998 5377 1012 5392 .
1067 5337 1392 5392 Ἀθάνατοι.

516 5402 672 5477 Quod
702 5407 980 5476 explicans
1027 5407 1277 5464 Eustath.
1298 5448 1312 5471 ,
1344 5401 1491 5476 λέγει
1530 5408 1619 5471 δὲ,
1662 5405 1876 5477 inquit.
1907 5405 1964 5459 ἒν
1998 5406 2096 5477 μὲν

512 5475 824 5547 ἑτέρων,τὺ
863 5480 929 5531 ὲκ
969 5477 1064 5532 τοῦ
1099 5478 1217 5542 ἐνὸς
1249 5475 1427 5532 πίθουλ
1466 5478 1654 5532 σύνδυο
1685 5476 1763 5541 δὲ,
1794 5476 1864 5529 τὰ
1895 5479 1959 5529 ὲκ
1991 5475 2099 5529 τῶν

513 5544 715 5618 ξἑτέρων
740 5546 833 5600 δύο
861 5549 1052 5603 πίθων.
1088 5547 1266 5618 Atque
1298 5550 1426 5603 hinc
1454 5549 1680 5603 omnino
1704 5557 1939 5612 constat,
1972 5563 2096 5601 cum

512 5613 779 5688 Pindarus
808 5620 1014 5688 integro
1040 5618 1149 5673 fere
1176 5613 1376 5675 saeculo
1400 5618 1677 5672 Platonem
1714 5618 2087 5682 antecesserit,

514 5687 811 5759 secundum
860 5687 989 5759 illud
1038 5702 1255 5759 carmen
1300 5690 1413 5759 jam
1443 5689 1571 5745 olim
1604 5688 1677 5742 ita
1711 5688 2087 5759 iectumessc,

512 5756 885 5833 ut__hodiequc_
916 5758 1129 5833 legitur
1147 5772 1165 5833 _:
1203 5756 1481 5833 Platonem
1515 5757 1745 5833 νει-ο-τὺ
1792 5756 2090 5833 αμφίὸολον

512 5824 701 5879 tollere
744 5822 1001 5882 voluisse:
1045 5827 1321 5886 Ἐλλειψιν
1352 5830 1611 5892 agnoscit
1646 5822 1993 5891 Eustathius.
2030 5838 2091 5883 ut

2145 2954 2190 3011 Β
2258 2942 2411 3018 -ξθτι
2444 2941 2588 3006 Θεὸς
2615 2938 2726 3018 (74)
2757 2938 2875 3018 μέν
2900 2939 3099 2993 αἰτίαν
3129 2938 3267 3018 φῷει
3290 2937 3555 3018 βροτοῖς,

2291 3012 2470 3066 Ὅταν
2493 3008 2759 3065 κακῶσαι
2787 3008 2951 3079 δῶμα
2983 3009 3312 3079 παμπήδην
3349 3010 3521 3076 θέλῃ.

2222 3127 2362 3184 Ἀλλ’
2391 3127 2486 3182 ἐάν
2518 3143 2605 3191 τις
2634 3129 2785 3198 ποιῇ,
2815 3126 2874 3178 ὲν
2906 3119 2988 3189 οἷς
3032 3122 3206 3179 ταῦτα
3240 3122 3309 3177 τὰ
3342 3122 3563 3194 ἰαμϐεῖα
3605 3122 3801 3197 ἔνεστι⁹

2207 3223 2279 3277 τὰ
2304 3222 2402 3293 τῆς
2432 3219 2637 3289 Νιόϐης
2667 3219 2836 3291 πάθη,
2868 3219 2902 3289 ἢ
2927 3217 2997 3272 τὰ
3025 3216 3356 3283 Πελοπιδῶν,
3389 3215 3423 3287 ἢ
3455 3215 3526 3270 τὰ
3557 3215 3800 3288 Τρωϊκὰ,

2205 3315 2241 3386 ἦ
2269 3331 2321 3368 τι
2348 3313 2476 3368 ἄλλο
2502 3312 2610 3365 τῶν
2644 3310 2922 3375 τοιούτων,
2950 3310 2984 3380 ἢ
3014 3309 3074 3363 οὑ
3103 3308 3239 3362 Θεοῦ
3274 3308 3412 3380 ἔργα
3441 3307 3631 3363 ἐατέον
3661 3307 3804 3362 αὐτὰ

2205 3405 2383 3475 λέγειν
2403 3422 2417 3436 ·
2449 3403 2482 3475 ἢ
2528 3406 2577 3457 εἰ
2621 3402 2779 3468 Θεοῦ,
2813 3399 3123 3474 ἐξευρετέον
3155 3401 3337 3465 αὐτοῖς
3378 3400 3586 3472 σχεδὸν,
3613 3400 3673 3456 ὃν
3709 3400 3800 3455 νῦν

2204 3500 2367 3570 ἡμεῖς
2404 3495 2563 3566 λόγον
2600 3493 2902 3565 ζητοῦμεν·
2952 3495 3046 3547 καὶ
3087 3492 3327 3558 λεκτέον,
3358 3491 3435 3556 ὡς
3465 3493 3495 3546 6
3540 3492 3643 3566 μὲν
3670 3494 3801 3560 Θεὸς

2203 3588 2390 3644 δίκαιά
2416 3605 2475 3641 τε
2510 3585 2605 3640 καὶ
2634 3585 2815 3655 ἀγαθὰ
2846 3584 3153 3657 εἰργάζετο,
3189 3586 3237 3637 οἱ
3265 3584 3323 3637 δὲ
3346 3582 3610 3639 ὠνίναντο
3641 3585 3801 3640 κολα-

2204 3680 2445 3753 ζὸμενοι.
2484 3680 2571 3744 Ὡς
2603 3679 2648 3732 δ’
2682 3678 2857 3732 ἄθλιοι
2908 3677 3008 3749 μὲν
3049 3679 3098 3731 ot
3150 3676 3305 3748 δίκην
3340 3675 3597 3740 διδόντες,
3637 3671 3707 3748 ἦν
3743 3678 3801 3731 δὲ

2202 3775 2232 3827 6
2262 3773 2404 3845 δρῶν
2444 3770 2616 3827 ταῦτα
2648 3769 2803 3833 Θεὸς,
2833 3768 2937 3823 οὐκ
2961 3769 3148 3824 ἐατέον
3188 3768 3369 3838 λέγειν
3404 3769 3498 3823 τὸν
3545 3770 3795 3842 ποιητήν.

2215 3865 2355 3919 Ἀλλ’
2389 3866 2439 3918 ει
2483 3863 2595 3935 μὲν
2635 3863 2717 3918 ὅτι
2763 3861 3062 3934 ἐδεήθησαν
3106 3860 3385 3926 κολάσεως
3420 3861 3628 3931 λέγοιεν
3662 3860 3796 3934 (75),

2202 4001 2391 4056 κακῶν
2419 4001 2510 4069 sit,
2539 4015 2641 4069 pro
2665 3994 2746 4063 εἷς
2780 3999 2879 4070 μὲν
2907 3997 3113 4070 κακῶν.
3152 4067 3165 4070 Α
3194 4020 3205 4032 -

2271 4072 2386 4142 (7i)
2418 4066 2637 4140 Ταμῖας
2659 4073 2690 4124 ὀ
2721 4066 2891 4135 Ζεύς.
2915 4069 3114 4123 Allusit
3142 4067 3282 4124 forte
3307 4067 3377 4123 ad
3406 4067 3539 4123 illud
3567 4066 3790 4125 Homer.

2202 4140 2372 4195 Iliad.
2406 4143 2471 4195 Δ.
2500 4158 2553 4195 v.
2580 4141 2649 4194 84
2677 4158 2692 4195 :
3608 4144 3613 4149 ⁷

2238 4141 2373 4197 liad.
2406 4143 2471 4208 Δ,
2500 4158 2553 4195 v.
2580 4141 2649 4194 84
2677 4158 2692 4195 :
3608 4144 3613 4149 ’

2199 4211 2370 4277 Ζεὺς,
2402 4211 2531 4265 ὅστ’
2556 4208 2882 4279 ἀνθρώπων
2904 4210 3118 4279 ταμίης
3143 4209 3428 4279 πολέμοιο
3458 4209 3754 4268 τέτυκται.

2200 4282 2305 4349 Qui
2333 4297 2530 4337 versus
2561 4279 2727 4334 Iliad.
2757 4282 2821 4345 T,
2846 4281 2972 4343 224,
3007 4282 3295 4348 reperitur.

2273 4351 2386 4419 (72)
2424 4352 2480 4404 '0
2511 4349 2824 4419 Πάνδαρος
2856 4349 3168 4419 συνέχεεν.
3209 4350 3450 4406 Consule
3496 4350 3788 4407 Homerum

2212 4420 2411 4477 Ἰλιαδ.
2437 4423 2507 4488 Δ,
2536 4421 2629 4475 ubi
2662 4420 2946 4476 Pandarus
2974 4420 3229 4475 Minervae
3271 4422 3515 4489 quidem,
3544 4423 3635 4477 sed
3668 4421 3789 4476 Jovi

2199 4492 2627 4561 obtemperantis
2672 4492 2901 4546 consilio
2948 4500 3116 4559 atque
3168 4492 3428 4559 impulsu,
3481 4492 3785 4547 Menelaum

2199 4563 2471 4630 vulnerat,
2502 4578 2565 4616 ac
2597 4561 2778 4615 foedus
2811 4561 2923 4631 jam
2956 4561 3207 4616 allectum
3236 4562 3463 4616 omnino
3492 4564 3784 4618 disturbat.

2200 4632 2321 4704 Quo
2348 4631 2795 4704 Virgilianiiillud
2828 4631 3047 4704 Eueid.
3078 4647 3111 4684 v
3148 4650 3161 4685 :

2272 4702 2526 4773 Pindare,
2563 4702 2949 4773 quiquondam
2967 4703 3151 4770 jussus
3184 4702 3503 4771 confundere
3531 4704 3724 4773 Ῑαάιιε,

2275 4772 2341 4826 In
2375 4774 2571 4827 medios
2606 4772 2763 4825 telum
2795 4774 2999 4825 torsisti
3032 4775 3233 4839 primus
3259 4773 3503 4827 Achivos.

2273 4844 2382 4914 (75)
2413 4841 2656 4911 Θέμιδος
2688 4842 2785 4895 καὶ
2813 4845 2966 4906 Διός.
3002 4842 3221 4896 Homer.
3269 4844 3463 4897 Ἰλιαδ.
3510 4844 3576 4908 Υ,
3607 4845 3781 4899 initio.

2199 4915 2301 4969 Adi
2332 4924 2588 4983 pratterca
2622 4914 2881 4979 Quintum
2922 4914 3263 4983 Smyrnaeum
3295 4914 3389 4967 lib.
3439 4930 3537 4979 xu,
3577 4931 3605 4967 a
3636 4931 3782 4970 vers.

2200 4985 2329 5047 198,
2366 4984 2456 5037 ubi
2491 4983 2714 5037 Themis
2738 4985 3061 5037 acerrimam
3093 4983 3320 5037 deorum
3352 4986 3782 5048 contentionem,

2201 5056 2429 5179 abscide
2460 5052 2594 5109 Jove
2630 5055 2992 5120 concitatam,
3033 5053 3143 5107 leui
3178 5069 3243 5108 ac
3284 5054 3502 5124 placida
3537 5057 3787 5110 oratione

2201 5139 2260 5179 se
2301 5141 2329 5178 a
2383 5142 2396 5178 :
3272 5138 3275 5141 ·
3711 5164 3719 5172 .

2198 5132 2356 5181 sedat
2383 5142 2396 5178 :
3272 5138 3275 5141 '
3711 5164 3719 5172 .

2279 5196 2381 5259 Ὣς
2406 5193 2578 5264 φάτο·
2604 5194 2691 5249 τοὶ
2722 5193 2791 5247 δέ
2820 5194 3085 5257 πίθοντο,
3113 5193 3247 5260 Διὸς
3270 5194 3623 5264 τρομέοντες
3649 5197 3787 5263 ὀμο-

3528 5269 3606 5318 κ.1
3617 5267 3711 5330 in“,

2280 5330 2563 5403 ’Υσμίνης
2599 5334 2650 5388 δ’
2678 5336 2937 5404 ἔσχοντο
2957 5373 2971 5398 ,
3008 5335 3198 5403 χόλον
3221 5333 3274 5386 δ’
3305 5333 3426 5389 ἀπὸ
3459 5263 3785 5404 νὲΐὲοιίνέά-

3526 5407 3712 5458 λοντο

2285 5473 2615 5544 Ἄργαλέον,
2644 5475 2937 5543 φιλότητα
2962 5473 3029 5527 δὲ
3052 5472 3274 5542 ὀμηθέα
3303 5402 3659 5544 ποιήσὲιέἓὲ

2273 5541 2535 5614 (τίίὍτι
2562 5541 2728 5608 Θεὸς.
2762 5541 2861 5599 Hic
2891 5545 3043 5600 locus
3086 5541 3159 5616 in
3192 5544 3471 5614 tragmdiis
3504 5541 3775 5616 tEschyli,

2201 5633 2323 5687 qua:
2352 5632 2503 5687 nunc
2535 5624 2774 5687 exstant,
2806 5630 2920 5687 non
2948 5614 3209 5687 occurrit.

2270 5686 2381 5756 (ῖὸ)
2415 5685 2677 5755 Λέγοιεν.
2719 5683 2825 5756 Ρτρ
2865 5684 3207 5756 λέγοιῂιίηςο
3252 5682 3399 5739 enim
3441 5683 3778 5753 prmcedente

2201 5752 2433 5828 ποιητήν
2493 5752 2721 5812 dixerat.
2782 5752 3092 5813 Familiaris
3151 5752 3363 5811 Platoni
3423 5752 3774 5811 numerorum

2199 5830 2444 5884 mutatio.
