4122 6416
405 378 431 421 1
442 377 544 423 Ub}!

1561 367 1875 422 PRLPAR.
1919 367 2167 424 EVANG.
2210 367 2337 424 LIB.
2376 367 2516 425 ΧῙιῐ.

3499 366 3639 421 107³0

402 490 480 551 ὡς
513 484 709 552 ἄθλιοι,
738 488 788 541 οί
815 486 967 542 καλοὶ
991 486 1123 559 (76),
1148 487 1375 551 διδόντες
1394 486 1453 541 δὲ
1486 486 1644 557 δίκην
1670 486 1976 558 ὠφελοῦντο

2076 503 2266 559 poenas
2293 504 2387 546 eas
2417 489 2765 552 sustinerent,
2791 486 2910 543 illas
2943 495 3123 541 tamen
3149 482 3317 539 Deum
3348 482 3636 547 indixisse,

402 580 508 632 υπὸ
538 575 635 631 τοῦ
681 576 839 642 Θεοῦ,
880 578 1084 632 ἐατέον.
1125 578 1324 632 Κακῶν
1355 577 1412 630 δὲ
1443 577 1616 632 αἴτιον
1652 578 1816 648 φάναι
1849 579 1981 633 Θεόν

399 685 505 724 τινι
554 666 839 737 γίγνεσθαι
857 707 873 732 ,
925 669 1154 737 ἀγαθὸν·
1179 668 1342 735 ὄντα,
1395 668 1760 740 διαμαχητέον
1817 670 1980 724 παντὶ

399 758 601 831 τρόπῳ,
632 759 769 829 μήτε
788 759 912 813 τινὰ
933 759 1105 814 ταῦτα
1122 759 1300 828 λέγειν
1334 760 1391 812 ὲν
1406 762 1471 832 τῇ
1502 760 1696 814 ἑαυτοῦ
1735 760 1907 824 πόλει,
1929 763 1979 815 εί

404 848 587 921 μέλλει
608 849 1024 920 εὐνομήσεσθαι,
1040 852 1175 922 μήτε
1186 849 1308 903 τινὰ
1317 850 1555 915 ἀκούειν,
1572 852 1703 923 μήτε
1718 851 1979 923 νεώτερον

404 940 540 1011 μήτε
566 940 953 1011 πρεσϐύτερον,
987 943 1123 1013 μήτε
1147 943 1205 995 ὲν
1239 942 1439 1013 μέτρῳ,
1471 944 1593 1014 μήτ’
1616 942 1740 998 ἄνευ
1781 942 1980 1014 μέτρου

405 1029 826 1100 μυθολογοῦντα,
858 1031 934 1095 ὡς
965 1030 1090 1085 οὔτε
1121 1032 1243 1087 ὅσια
1285 1032 1352 1086 ἃν
1377 1032 1642 1105 λεγόμενα
1670 1036 1719 1087 εί
1747 1033 1975 1102 λέγοιτο,

395 1119 524 1174 οὔτε
578 1121 827 1195 ξύμφορα
871 1124 1036 1194 ἡμῖν,
1071 1122 1194 1177 οὔτε
1228 1122 1488 1195 ξύμφωνα
1520 1125 1659 1179 αὐτὰ
1691 1126 1980 1189 αὐτοῖς.-

397 1210 699 1284 Ξύμψηφός
746 1213 828 1266 σοί
876 1215 1012 1285 εἰμι,
1041 1214 1168 1286 ἔφη,
1215 1215 1402 1269 τούτου
1455 1216 1549 1269 τοῦ
1595 1216 1777 1287 νόμου,
1810 1216 1978 1286 κάμοὶ

399 1303 719 1374 άρέσκει.-
733 1296 899 1368 Οὗτος
919 1306 1017 1375 μὲν
1035 1306 1234 1370 τοίνυν,
1262 1301 1329 1377 ἦν
1345 1306 1387 1359 δ’
1417 1304 1548 1375 ἐγὼ,
1572 1301 1650 1371 εἷς
1663 1307 1729 1360 ἂν
1756 1307 1843 1377 εἴη
1873 1306 1978 1359 τῶν

399 1395 528 1465 περὶ
544 1393 679 1448 Θεοῦ
695 1394 873 1465 νόμων
890 1411 951 1447 τε
976 1396 1070 1449 καὶ
1102 1396 1309 1462 τύπων,
1337 1398 1395 1450 ὲν
1421 1390 1501 1460 οἷς
1526 1398 1735 1469 δεήσειε
1773 1397 1899 1461 τούς
1918 1414 1977 1450 τε

394 1484 655 1554 λέγοντας
680 1484 878 1555 λέγειν,
904 1486 1137 1549 καὶτοὺς
1151 1488 1431 1552 ποιοῦντας
1457 1490 1828 1559 ποιεῖν.-Μὴ
1840 1489 1977 1544 πάν-

395 1592 506 1629 των
530 1576 702 1631 αῐτιον
732 1576 823 1630 τὸν
848 1576 1000 1643 Θεὸν,
1030 1578 1164 1633 ἀλλὰ
1183 1578 1290 1633 τῶν
1313 1580 1553 1648 ἀγαθῶν.
1580 1582 1691 1635 Καὶ
1720 1582 1974 1652 μάλιστα,

397 1666 527 1738 ἐφη,
555 1668 768 1740 ἀπόχρη
801 1668 1105 1739 (77).-Τί
1136 1671 1192 1724 δὲ
1227 1671 1291 1743 δὴ
1328 1674 1357 1725 ὁ
1398 1670 1646 1742 δεύτερος
1695 1672 1821 1738 ὃδε;
1871 1668 1978 1746 ἆρα

395 1758 567 1830 γόητα
612 1759 705 1812 τὸν
748 1759 882 1814 Θεὸν
930 1762 1029 1815 οίει
1074 1759 1233 1828 εἶναι,
1276 1762 1370 1817 καὶ
1414 1759 1525 1817 οἷον
1580 1763 1638 1829 ἐξ
1689 1763 1978 1835 ἐπιϐουλῆς

398 1850 765 1919 φαντάζεσθαι
796 1851 985 1906 ἄλλοτε
1018 1854 1074 1906 ὲν
1110 1853 1296 1919 άλλαις
1328 1854 1510 1919 ἰδέαις,
1537 1855 1657 1907 τοτὲ
1688 1854 1787 1926 μὲν
1817 1856 1976 1909 αὐτὸν
2011 1834 2050 1890 Β

392 1941 733 2013 γιγνόμενον,
762 1943 856 1997 καὶ
877 1942 1206 1997 ἀλλάττοντα
1226 1944 1286 1997 τὸ
1305 1943 1466 1997 αὑτοῦ
1497 1939 1634 2007 εἶδος
1665 1946 1746 2008 είς
1781 1944 1981 2007 πολλὰς

390 2032 631 2103 μορφὰς,
648 2033 769 2086 τοτὲ
789 2033 844 2086 δὲ
867 2035 1012 2105 ἡμᾶς
1027 2035 1320 2088 ἀπατῶντα
1352 2035 1445 2088 καὶ
1465 2033 1717 2088 ποιοῦντα
1737 2037 1863 2107 περὶ
1885 2037 1981 2089 αὑ-

391 2121 486 2176 τοῦ
497 2122 717 2179 τοιαῦτα
731 2124 921 2178 δοκεῖνο
941 2126 974 2197 ἢ
992 2125 1193 2179 άπλοῦν
1204 2143 1261 2178 τε
1275 2123 1431 2191 εἶναι,
1444 2127 1537 2179 καὶ
1555 2125 1769 2179 πάντων
1783 2127 1980 2198 ἥκιστα

390 2214 491 2285 τῆς
505 2214 669 2269 αὐτοῦ
694 2215 838 2280 ίδέας
853 2216 1122 2271 ἐκϐαίνειν
1140 2235 1155 2282 ;
1173 2247 1242 2258 —
1255 2218 1368 2271 Οὐκ
1388 2216 1514 2288 ἔχω,
1530 2215 1654 2288 ἔφη,
1671 2216 1765 2270 νῦν
1782 2233 1842 2286 γε
1854 2215 1978 2270 οῦτ-

392 2319 468 2365 ως
481 2306 671 2358 εἰπεῖν.
683 2335 753 2346 -
766 2306 831 2358 Τί
846 2305 902 2358 δὲ
918 2307 1039 2360 τόδε
1058 2325 1072 2374 ;
1090 2309 1190 2360 οὐκ
1214 2307 1449 2377 ἀνάγκη,
1470 2308 1625 2377 εῐπερ
1645 2324 1698 2360 τι
1711 2290 1979 2374 ἐξίσταιτο

389 2398 492 2467 τῆς
512 2396 677 2450 αὐτοῦ
712 2397 877 2463 ίδέας,
899 2397 931 2468 ἢ
951 2397 1080 2452 αὐτὸ
1102 2398 1192 2467 ὑφ’
1235 2396 1397 2451 αὑτοῦ
1423 2397 1795 2468 μεθίστασθαι,
1827 2398 1861 2469 ἢ
1886 2381 1978 2452 ὑπ’

389 2486 588 2554 dnuo;
614 2516 688 2528 —
723 2488 985 2559 Ἀνάγκη.
1023 2518 1092 2528 -
1123 2488 1331 2542 Οὐκοῦν
1378 2487 1484 2541 ὑπὸ
1537 2489 1634 2558 μὲν
1689 2488 1849 2542 ἄλλου
1910 2488 1979 2542 τὰ

391 2578 592 2649 ἄριστα
656 2578 845 2650 ἔχοντα
882 2580 1081 2651 ἥκιστα
1123 2579 1427 2633 ἀλλοιοῦταί
1481 2596 1540 2631 τε
1587 2578 1682 2633 καὶ
1727 2581 1976 2643 κινεῖται,

389 2666 505 2723 οἷον
538 2668 696 2740 σῶμα
727 2670 831 2724 ὑπὸ
866 2671 1047 2724 σιτίων
1072 2688 1132 2723 τε
1164 2670 1259 2723 καὶ
1304 2670 1481 2722 ποτῶν
1508 2669 1603 2722 καὶ
1646 2670 1852 2724 πόνων’
1883 2686 1978 2738 καὶ⁹

392 2764 503 2814 πᾶν
547 2762 712 2831 φυτὸν
759 2762 866 2815 ὑπὸ
906 2761 1163 2833 εἱλήσεών
1208 2779 1290 2827 τε,
1340 2762 1435 2815 καὶ
1472 2762 1711 2832 ἀνέμων,
1737 2762 1831 2815 καὶ¹
1865 2761 1976 2815 τῶν

388 2854 647 2907 τοιούτων
681 2851 1038 2923 παθημάτων,
1070 2855 1131 2906 οὐ
1166 2852 1276 2925 (78)
1301 2853 1363 2905 τὸ
1412 2853 1739 2924 ὑγιέστατον,
1775 2869 1835 2906 τε
1881 2852 1976 2906 καὶ

390 2944 744 3017 χαριέστατον
802 2944 1002 3013 ἥκιστα
1062 2942 1383 2997 ἀλλοιοῦται.
1419 2974 1488 2984 --
1533 2942 1658 3006 Πῶς
1694 2944 1741 2996 δ’
1781 2942 1979 3010 ob;—

390 3035 583 3107 Ψυχὴν
616 3034 675 3089 δὲ
722 3034 891 3106 αὐτὴν
919 3034 1294 3105 ἀνδρειοτάτην
1321 3033 1431 3104 (79)
1460 3051 1520 3087 τε
1569 3035 1660 3088 καὶ
1696 3051 1974 3106 φρονιμωο

2082 581 2187 637 Ιιοο
2218 590 2278 636 ιιι
2300 591 2457 653 poeta
2486 589 2666 643 canat,
2699 579 2976 635 ferendum
3008 592 3286 648 nunquam
3311 575 3434 632 erit.
3473 572 3642 647 644

2079 670 2231 738 Quod
2261 673 2308 728 si
2341 672 2588 728 homines
2621 671 2920 742 improbos,
2960 679 3143 740 utpote
3174 669 3425 731 miseros,
3458 668 3637 723 anim-

2080 764 2402 821 adversione
2446 779 2585 835 opus
2613 762 2872 819 habuisse
2914 763 3189 827 dicerent,
3232 773 3464 830 eamque
3504 759 3637 814 dum

2079 858 2345 923 subirent,
2377 872 2534 929 opem
2565 856 2802 912 sensisse
2830 855 3091 922 divinam,
3132 854 3395 910 hactenus
3419 851 3473 906 id
3503 851 3641 906 tole-

2078 948 2188 1002 rari
2219 948 2410 1019 possit.
2437 947 2508 1001 At
2544 945 2735 1012 Deum,
2766 962 2862 1017 qui
2894 961 2991 1016 per
3022 959 3144 1001 sese
3182 944 3358 999 bonus
3383 942 3474 1007 sit,
3504 957 3640 998 cau-

2079 1055 2197 1095 sam
2231 1040 2326 1094 ulli
2358 1039 2628 1094 malorum
2658 1054 2797 1106 esse,
2828 1039 2881 1093 id
2908 1052 3039 1093 vero
3070 1051 3139 1092 ne
3173 1046 3266 1091 aut
3295 1051 3328 1091 a
3364 1049 3639 1106 quoquam

2078 1131 2134 1185 in
2168 1146 2268 1186 sua
2301 1131 2518 1185 civitate
2559 1128 2792 1197 dicatur,
2821 1130 2869 1184 si
2900 1145 3020 1184 eam
3055 1128 3216 1183 modo
3245 1136 3390 1182 recte
3420 1126 3638 1180 institu-

2077 1232 2189 1278 tam
2221 1223 2381 1287 volet,
2425 1231 2521 1281 aut
2563 1223 2705 1278 ullus
2744 1221 3081 1277 occinentem
3119 1219 3324 1283 audiat,
3353 1217 3504 1273 omni
3543 1231 3638 1271 ra.

2078 1315 2229 1371 tione
2271 1315 2620 1386 pugnandum
2669 1314 2793 1378 erit,
2827 1312 2990 1383 idque
3016 1327 3113 1368 seu
3146 1310 3330 1381 junior
3373 1308 3485 1375 ille,
3535 1322 3639 1363 seu

2078 1406 2263 1463 senior
2304 1405 2485 1472 fuerit,
2514 1405 2628 1461 sive
2655 1405 2866 1469 stricta,
2910 1402 3025 1459 sive
3066 1403 3244 1459 soluta
3281 1401 3527 1456 oratione
3556 1399 3640 1454 di-

2078 1506 2232 1555 catur
2261 1514 2275 1551 :
2303 1496 2450 1566 quod
2480 1496 2585 1551 ista
2634 1512 2737 1552 nec
2781 1494 2867 1563 pie
2910 1494 3125 1549 narrari
3154 1492 3385 1563 possint,
3422 1506 3524 1547 nec
3554 1490 3642 1545 ul-

2078 1588 2185 1642 lam
2215 1588 2375 1644 nobis
2410 1588 2695 1643 utilitatem
2736 1587 2983 1647 aﬂ‘erant,
3015 1598 3115 1640 nec
3140 1599 3326 1640 secum
3356 1584 3472 1654 ipsa
3502 1596 3638 1637 con-

2078 1679 2332 1735 sentiant.
2378 1706 2447 1719 -—-
2488 1677 2601 1749 Ego
2644 1694 2793 1743 vero,
2836 1675 3031 1747 inquit,
3070 1675 3204 1746 legis
3249 1683 3428 1729 tecum
3475 1672 3639 1740 hujus

2079 1779 2269 1826 auctor
2314 1770 2544 1826 libenter
2589 1768 2819 1833 fuerim,
2862 1770 2934 1825 ita
2977 1768 3110 1823 mihi
3162 1767 3358 1837 placet.
3396 1793 3467 1806 —-
3510 1761 3639 1819 Haec

2078 1861 2264 1930 igitur,
2305 1862 2548 1931 inquam,
2593 1876 2660 1916 ex
2701 1860 2768 1915 iis
2809 1860 3017 1930 legibus
3059 1867 3220 1929 atque
3258 1856 3469 1923 formis,
3499 1868 3636 1925 quas

2078 1949 2173 2004 ubi
2202 1950 2268 2005 de
2295 1946 2407 2004 Deo
2455 1949 2784 2019 loquendum
2819 1950 2945 2012 erit,
2971 1952 3081 2004 t‘am
3122 1947 3431 2002 oratoribus
3471 1958 3638 2014 quam

2080 2038 2273 2109 poetis,
2303 2038 2607 2107 propositas
2648 2052 2769 2092 esse
2799 2037 3088 2107 oportebit,
3136 2051 3246 2090 una
3277 2044 3415 2098 esto,
3465 2031 3638 2087 Deum

2080 2144 2187 2182 non
2236 2128 2517 2192 omnium,
2574 2127 2666 2182 sed
2730 2128 2998 2182 bonorum
3053 2128 3347 2190 duntaxat,
3409 2138 3635 2179 causam

2079 2233 2221 2273 esse.
2249 2246 2319 2257 —
2354 2215 2555 2282 Placet,
2588 2217 2782 2287 inquit,
2813 2218 3025 2272 abunde
3048 2225 3151 2271 est.
3183 2246 3256 2257 —-
3296 2214 3420 2269 Haec
3454 2224 3635 2270 autem

2080 2309 2339 2373 secunda,
2387 2308 2559 2379 quid?
2605 2309 2687 2362 An
2735 2318 2793 2362 tu
2838 2310 3136 2363 veneﬁcum
3182 2308 3414 2377 aliquem
3464 2306 3634 2362 Deum

2078 2410 2219 2462 esse,
2268 2405 2323 2451 et
2371 2405 2630 2465 tanquam
2676 2412 2743 2450 ex
2779 2396 2991 2451 insidiis
3021 2397 3125 2451 alia
3165 2404 3384 2467 repente
3425 2394 3639 2466 aliaque

2079 2486 2252 2542 forma
2293 2487 2447 2543 nobis
2481 2502 2740 2558 apparere
2778 2487 3095 2553 existimas;
3138 2488 3213 2542 ita
3246 2499 3308 2540 ιιι
3334 2485 3497 2542 modo
3540 2500 3638 2557 per

2079 2594 2199 2635 sese
2229 2578 2356 2634 talis
2396 2579 2511 2647 ipse
2533 2578 2645 2643 fiat,
2678 2578 2991 2648 crebrisque
3014 2576 3405 2632 mutationibus
3432 2592 3635 2630 novum

2078 2670 2308 2726 subinde
2332 2669 2543 2723 vultum
2578 2684 2641 2723 ac
2671 2668 2906 2739 speciem
2940 2667 3163 2733 induat;
3206 2666 3367 2721 modo
3404 2665 3637 2721 illudens

2078 2763 2280 2829 oculis,
2320 2769 2382 2816 ut
2422 2760 2688 2831 ejusmodi
2735 2758 3014 2823 videatur,
3061 2756 3301 2813 efﬁciat?
3347 2772 3417 2810 an
3456 2756 3637 2825 potius

2078 2852 2378 2923 simplicem
2408 2866 2530 2906 esse
2559 2851 2731 2913 illum,
2764 2848 3094 2917 minimeque
3123 2846 3366 2901 omnium
3403 2844 3635 2901 formam

2077 2958 2232 3001 suam
2266 2942 2502 2997 exuere?
2525 2970 2594 2980 -—
2622 2938 2803 3005 Modo,
2831 2938 3028 3008 inquit,
3059 2937 3201 3007 quod
3233 2944 3344 2990 tam
3383 2934 3639 2990 universe

2076 3034 2428 3105 respondeam
2459 3048 2565 3087 non
2595 3031 2790 3087 habeo.
2824 3056 2893 3073 —-
2927 3029 3065 3097 Quid
3096 3029 3259 3100 igitur
3295 3027 3363 3082 ad
3403 3027 3549 3082 hoc?
3576 3026 3635 3081 Si

389 3126 561 3198 τάτην
595 3127 777 3197 ἥκιστ’
829 3125 894 3179 ἂν
933 3124 986 3178 τί
1027 3125 1198 3189 πάθος
1228 3123 1425 3192 ἔξωθεν
1456 3124 1709 3196 ταράξειέ
1750 3141 1832 3188 τε,
1879 3126 1973 3177 καὶ

2075 3124 2204 3196 quid
2242 3121 2431 3178 forma
2480 3136 2593 3177 sua:
2639 3118 2991 3175 mutationem
3045 3117 3255 3182 subeat,
3318 3130 3494 3169 nonne
3541 3122 3645 3171 aut.

389 3214 738 3285 ἀλλοιώσεως
767 3247 841 3261 -
862 3216 988 3271 Ναί.
1018 3246 1089 3257 -
1114 3217 1225 3271 Καὶ
1256 3217 1360 3288 μήν
1393 3233 1495 3270 που
1526 3216 1618 3269 καὶ
1652 3214 1722 3269 τά
1749 3232 1813 3286 γε
1845 3214 1969 3283 ξύν-

394 3306 524 3360 θετα
553 3307 748 3373 πάντα,
783 3306 951 3379 σκεύη
980 3325 1040 3361 τε
1081 3308 1175 3361 καὶ
1213 3306 1636 3377 οἰκοδομήματα,
1664 3307 1759 3360 καὶ
1799 3307 1968 3378 άμφι-

391 3399 623 3469 έσματα,
650 3399 791 3453 κατὰ
813 3399 903 3453 τὸν
932 3398 1094 3453 αὐτὸν
1122 3397 1297 3466 λόγον,
1327 3400 1396 3450 τὰ
1421 3394 1480 3449 εὖ
1512 3396 1845 3469 εἰργασμένα
1874 3397 1969 3452 καὶ

390 3488 453 3545 εὖ
482 3490 694 3562 ἔχοντα,
719 3490 825 3545 ὑπὸ
850 3491 1042 3562 χρόνου
1069 3506 1128 3543 τε
1156 3493 1249 3545 καὶ
1276 3485 1383 3542 τῶν
1425 3489 1598 3544 ἄλλων
1631 3488 1967 3560 παθημάτων

386 3583 591 3653 ⁴ἣκιστα
644 3581 969 3636 ἀλλοιοῦται.
1006 3611 1076 3621 -
1105 3582 1259 3636 Ἔστι
1304 3580 1496 3635 ταῦτα.
1537 3612 1605 3622 -
1633 3581 1749 3634 Πᾶν
1792 3581 1857 3651 δὴ
1906 3580 1967 3633 τὸ

392 3671 574 3736 καλῶς
606 3671 806 3744 ἔχον,ῆ
842 3672 1083 3743 φύσει,ἢ
1134 3673 1319 3745 τέχνῃ,
1364 3672 1397 3744 ἢ
1444 3672 1790 3744 ἀμφοτέροις,
1840 3672 1965 3725 ὲλαο

391 3764 584 3835 χίστην
615 3763 913 3836 μεταὸολὴν
936 3765 1028 3818 ὑπ’
1056 3763 1215 3817 άλλου
1265 3763 1873 3835 ἐνδέχεται.-Ἔοικεν.
1895 3793 1967 3805 ——

403 3855 567 3910 Ἀλλά
598 3855 703 3927 μὴν
731 3857 761 3909 δ
791 3856 922 3918 Θεός
951 3872 1015 3923 γε
1048 3854 1143 3909 καὶ⁵
1171 3854 1241 3908 τά
1272 3853 1364 3910 τοῦ
1402 3854 1535 3909 Θεοῦ
1572 3855 1748 3926 πάντη
1773 3855 1967 3925 ἄριστα

392 3946 528 4017 ἔχει.
554 3978 623 3999 -τ-
645 3946 769 4010 Ιίῶς
794 3946 840 3999 δ’
868 3944 965 4012 ob;
998 3977 1067 3987 -—
1094 3945 1280 4018 Ταύτῃ
1310 3946 1407 4016 μὲν
1436 3944 1499 4017 δὴ
1530 3946 1708 4016 ἥκιστ’
1740 3947 1806 4000 ἂν
1836 3946 1967 4000 πολ-

389 4039 493 4103 λὰς
522 4038 733 4111 μορφὰς
776 4040 914 4109 ίσχοι
951 4038 982 4089 ὁ
1012 4037 1162 4101 Θεός.
1186 4068 1256 4080 -—
1275 4036 1512 4091 ’Ἠκιστα
1554 4037 1707 4110 δῆτα.
1730 4068 1797 4079 --
1825 4037 1966 4092 Ἀλλ’

393 4126 505 4202 ἆρα
533 4131 694 4194 αὐτὸς
718 4129 879 4185 αὐτὸν
912 4126 1231 4200 μεταϐάλλοι
1249 4127 1315 4182 ἂν
1338 4129 1433 4190 καὶ
1448 4127 1651 4182 ἀλλοιοί
1667 4147 1681 4191 ;
1697 4129 1968 4200 -Δηλον-

390 4222 499 4287 ότι,
533 4220 658 4293 ἔφη,
689 4222 844 4292 εἴπερ
880 4219 1273 4274 άλλοιοῢται.-
1289 4219 1523 4290 Πότερον
1536 4215 1629 4273 οὖν
1645 4220 1737 4272 ἐπὶ
1757 4220 1818 4273 τὸ
1852 4219 1968 4289 βέλ-

390 4313 509 4367 τιόν
558 4330 620 4366 τε
660 4314 753 4367 καὶ
801 4312 1016 4368 κάλλιον
1056 4310 1378 4383 μεταϐάλλει
1421 4310 1632 4375 ἑαυτὸν,
1687 4309 1722 4381 ἢ
1768 4312 1861 4363 ἐπὶ
1906 4312 1968 4364 τὸ

392 4407 577 4478 χεῖρον
606 4405 697 4458 καὶ
716 4403 924 4476 αἴσχιον
941 4402 1105 4456 αὑτοῦ
1126 4419 1216 4468 ;-
1229 4403 1487 4473 ’Δνάγκη,
1519 4401 1644 4472 ἔφη,
1672 4402 1765 4455 ἐπὶ
1779 4401 1840 4455 τὸ
1854 4405 1967 4473 χεῖ-

395 4514 491 4563 ρον
517 4496 731 4558 ἑαυτοῦ,
760 4495 917 4567 εἴπερ
946 4492 1267 4548 ἀλλοιοῦται.
1314 4494 1389 4547 Οὐ
1427 4492 1536 4563 γάρ
1580 4509 1683 4546 που
1723 4492 1879 4547 ἐνδεᾶ
1904 4511 1969 4561 γε
1997 4511 2048 4570 D

391 4571 642 4660 ξρήσομεν
655 4587 745 4640 τὸν
763 4586 892 4640 Θεὸν
909 4585 1135 4649 κάλλους
1150 4585 1182 4657 ἢ
1200 4585 1396 4657 ἀρετῆς
1415 4579 1648 4639 εῖναι.-
1660 4583 1971 4656 Ὀρθότατα,

392 4676 465 4750 ἦν
503 4679 548 4732 δ’
582 4678 711 4748 ἐγὼ,
739 4677 935 4747 λέγεις.
968 4676 1081 4730 Kai
1128 4674 1299 4739 οὕτως
1342 4675 1576 4745 ἔχοντος,
1607 4673 1753 4728 δοκεῖ
1793 4674 1858 4729 ἂν
1891 4676 1976 4739 τίς

399 4788 503 4837 σοι,
531 4763 578 4824 ὧ
621 4770 950 4841 Ἀδείμαντε,
985 4767 1125 4822 ἑκὼν
1166 4767 1327 4820 αὐτὸν
1357 4767 1523 4839 χείρω
1572 4767 1743 4819 ποιεῖν
1772 4765 1973 4838 ὁπηοῦν

396 4863 432 4934 ἢ
451 4861 642 4933 θεῶνῆ
669 4860 970 4933 ἀνθρώπων
990 4877 1005 4927 ;
1023 4861 1158 4912 -Ἀ
1168 4858 1390 4912 δύνατον
1409 4900 1423 4923 ,
1457 4857 1582 4928 ἔφη.
1605 4887 1675 4897 -
1690 4855 1972 4910 Ἀδύνατον

396 4956 508 5026 ἄρα
539 4953 694 5024 ἔφην,
722 4953 816 5007 καὶ
852 4952 983 5005 Θεὸν
1013 4950 1212 5004 ἐθέλειν
1248 4950 1408 5003 αὐτὸν
1447 4947 1721 5001 άλλοιοῦψ
1753 4946 1866 4999 ἀλλ’
1897 4945 1974 5010 ὡς

396 5047 562 5113 ἔοικε,
588 5045 870 5109 κάλλιστος
901 5044 995 5097 καὶ
1026 5043 1245 5114 ἄριστος
1278 5039 1355 5096 ὢν
1394 5042 1473 5103 εἰς
1503 5040 1565 5093 τὸ
1593 5037 1815 5093 δυνατὸν
1844 5036 1973 5090 ἓκα⁴

401 5146 522 5201 στος
544 5135 745 5201 αὐτῶν,
779 5135 927 5208 μένει
960 5134 1047 5188 ἀεὶ
1080 5132 1263 5197 ἁπλῶς
1299 5135 1357 5185 ὲν
1386 5133 1452 5202 τῇ
1486 5128 1653 5183 αὐτοῦ
1691 5131 1971 5201 μορφῇ.-

469 5417 832 5491 (7_6)‘Ka.zol_.
861 5413 1186 5491 Reponend1
1218 5411 1377 5466 κακοί
1418 5425 1484 5466 ex
1518 5409 1760 5465 Platone.
1792 5409 1970 5479 Atque

395 5483 489 5544 ita'
508 5483 705 5555 legitur
736 5486 898 5551 infra,
934 5483 1057 5555 pag.
1086 5483 1211 5555 648.

472 5547 590 5639 (ηῐ
622 5547 894 5639 Ἀπόκρηέ
936 5547 1433 5639 λνὶιέρέειξίιὲρξ
1475 5559 1609 5639 25.92.
1630 5547 1969 5639 quaesitis

399 5620 630 5684 feliciter
657 5620 1163 5692 mmiflainurfcum
1194 5621 1449 5689 dicimus,
1476 5620 1611 5676 C’est
1641 5634 1790 5674 asses
1805 5634 1826 5684 ;
1853 5626 1968 5686 aut,

404 5696 531 5753 Cela
558 5711 621 5749 va
654 5694 924 5748 trés-bien.

478 5764 590 5828 (78)
619 5762 782 5821 Forte
803 5758 883 5820 ὦ.

2072 3217 2253 3286 ipsum
2283 3214 2481 3269 mutari
2505 3228 2599 3282 per
2637 3227 2757 3268 sese
2811 3216 3035 3266 necesse
3060 3218 3163 3274 est,
3189 3216 3281 3262 aut
3312 3207 3380 3262 ab
3408 3205 3638 3261 alio?—

2073 3299 2303 3356 Necesse
2331 3300 2385 3355 id
2422 3297 2660 3371 quidem.
2688 3326 2760 3337 —
2786 3294 2949 3366 Atqui
2976 3294 3067 3348 vix
3099 3309 3164 3350 ac
3197 3307 3264 3347 ne
3285 3292 3374 3345 vi:
3414 3289 3635 3361 quidem

2075 3392 2144 3446 ab
2184 3392 2311 3456 alio,
2343 3406 2463 3462 quae
2508 3390 2709 3460 optime
2760 3401 2880 3443 sese
2914 3386 3135 3447 habent,
3168 3381 3371 3438 mutari
3396 3382 3634 3437 moveri-

2073 3498 2180 3553 que
2205 3482 2420 3538 solent:
2452 3468 2562 3552 quo
2590 3479 2752 3535 modo
2781 3492 2981 3547 corpus
3017 3490 3048 3529 a
3081 3473 3223 3540 cibo,
3253 3480 3405 3545 potu,
3429 3471 3635 3527 labori-

2071 3572 2195 3639 bus,
2222 3582 2276 3628 et
2295 3572 2523 3643 quodvis
2550 3570 2747 3641 planta:
2766 3582 2954 3640 genus,
2985 3566 3052 3621 ab
3076 3574 3231 3631 aestu,
3255 3563 3453 3626 ventis,
3488 3562 3639 3618 aliis.

2072 3680 2180 3736 que
2226 3663 2638 3733 tempestatibus
2685 3661 2761 3736 ita
2800 3666 3064 3724 mutatur,
3095 3666 3157 3711 ut
3192 3665 3372 3710 tamen
3407 3654 3550 3723 quod
3580 3655 3636 3707 in

2072 3773 2137 3813 eo
2163 3772 2358 3828 genere
2387 3734 2736 3811 sanissimuiu
2763 3767 2826 3807 ac
2848 3749 3276 3804 valentissimum
3305 3755 3407 3813 est,
3433 3747 3487 3801 id
3515 3761 3640 3800 mu-

2072 3846 2331 3902 tationem
2352 3844 2498 3898 illam
2523 3842 2745 3897 minime
2776 3840 3067 3895 sentiat.—
3082 3835 3216 3904 Quis
3235 3837 3380 3892 enim
3408 3835 3512 3889 hoc
3540 3849 3639 3888 ne«

2073 3946 2160 4008 get
2180 3938 2268 3990 τ-
2302 3935 2531 3990 Animus
2553 3935 2717 4005 igitur
2736 3934 2875 4003 ipse,
2891 3945 3013 3986 eum
3036 3928 3366 3983 fortissimus
3393 3927 3534 3981 idem
3563 3928 3638 3980 sit

2073 4045 2138 4085 ac
2162 4027 2639 4100 prudentissimus,
2671 4025 2741 4079 ab
2775 4032 2999 4078 externa
3024 4020 3136 4075 ulla
3162 4018 3216 4073 vi
3259 4017 3484 4071 minime
3507 4031 3636 4086 per-

2074 4121 2281 4177 turbari
2321 4118 2629 4187 mutarique
2668 4115 2883 4184 poterit.
2927 4140 3001 4153 —-
3046 4110 3209 4165 Sane.
3244 4138 3316 4149 —
3343 4106 3633 4169 Praeterea,

2074 4211 2375 4283 composita
2428 4209 2591 4264 etiam
2635 4204 2850 4269 omnia,
2892 4213 2951 4256 ut
2982 4216 3131 4266 vasa,
3185 4197 3431 4261 aedilicia,
3468 4200 3634 4255 vesti-

2073 4312 2275 4363 menta,
2325 4302 2370 4356 si
2417 4299 2580 4355 modo
2623 4305 2769 4350 recte
2812 4292 3057 4348 confecta
3095 4292 3232 4357 sint,
3280 4290 3637 4360 partibusque

2075 4392 2189 4448 suis
2221 4390 2474 4445 omnibus
2507 4385 2776 4450 absoluta,
2811 4382 3090 4437 minimam
3124 4378 3373 4435 similiter
3406 4380 3489 4434 vel
3534 4380 3637 4435 abs

2073 4491 2315 4551 tempore
2337 4478 2422 4533 vel
2454 4477 2523 4532 ab
2548 4475 2653 4529 alia
2679 4473 2871 4544 quavis
2902 4471 3102 4540 injuria
3128 4469 3484 4524 mutationem
3506 4469 3634 4523 sub-

2074 4580 2226 4629 eunt.
2260 4599 2326 4610 -—
2368 4568 2445 4623 Ita
2484 4577 2595 4636 ,est.
2636 4594 2700 4605 --
2732 4562 3005 4632 Quidquid
3053 4561 3221 4636 igitur
3263 4558 3347 4613 vel
3395 4557 3493 4613 abs
3534 4573 3635 4611 na-

2077 4677 2218 4729 tura,
2251 4665 2335 4719 vel
2370 4663 2439 4717 ab
2473 4673 2606 4723 arte,
2633 4657 2718 4714 vel
2761 4658 2830 4711 ab
2859 4663 3089 4725 utraque
3125 4668 3279 4709 suam
3303 4653 3466 4708 habet
3488 4652 3634 4707 inte-

2073 4758 2341 4830 gritatem,
2360 4754 2413 4809 id
2435 4750 2751 4809 extrinsecae
2771 4745 3059 4801 mutationi
3086 4744 3308 4799 minime
3335 4744 3638 4803 obnoxium

2072 4848 2255 4903 fuerit.
2295 4874 2359 4885 -—
2384 4844 2463 4899 Ita
2495 4841 2729 4897 videtur.
2758 4865 2830 4878 --
2858 4834 2980 4891 Jam
3016 4848 3163 4899 vero,
3191 4833 3334 4889 Deus
3368 4830 3632 4902 profecto,

2072 4952 2302 5011 quaeque
2318 4936 2414 4993 Dei
2429 4942 2559 4989 sunt
2571 4933 2775 4998 omnia,
2798 4930 2946 4989 omni
2974 4943 3041 4983 ex
3069 4935 3222 4998 parte
3238 4922 3634 4993 perfectissima

2072 5042 2218 5091 sunt.
2250 5061 2321 5072 ——
2357 5028 2492 5097 Quis
2516 5026 2717 5099 neget?
2744 5054 2815 5065 —-
2844 5023 3100 5093 Sequitur
3118 5033 3263 5089 ergo
3289 5018 3458 5072 Deum
3487 5017 3633 5071 mul-

2070 5127 2281 5200 tiplices
2312 5120 2527 5177 aliunde
2570 5119 2774 5175 formas
2822 5115 3004 5171 subire
3045 5125 3154 5165 non
3186 5123 3366 5180 posse.
3393 5135 3465 5149 --
3502 5106 3636 5162 0m-

2142 5397 2254 5471 (79)
2283 5389 2749 5471 ,Ἀνδρειοτιὲτηι-
2790 5386 2964 5471 Plat?»
2989 5378 3635 5471 _2°-?*1Y-é?§£“.°f;_§€‘*

2069 5451 2256 5526 nostra
2283 5451 2444 5521 lectio
2468 5464 2641 5530 magis
2672 5451 2867 5530 placet.
2891 5455 3047 5530 Quod
3078 5451 3635 5530 si_hegatio_adli_ibe-

2070 5480 2256 5526 nostra
2284 5474 2444 5521 lectio
2468 5476 2641 5530 magis
2710 5474 2867 5513 tacet.
2891 5474 3047 5521 quoa
3078 5474 3123 5507 δι
3162 5474 3375 5522 negauu
3407 5474 3632 5505 anniue-

2070 5551 2239 5603 retur,
2267 5535 2639 5603 mallemante
2664 5474 2863 5603 ξκιστα
2900 5524 3173 5603 collocari,
3203 5536 3325 5603 qua:
3360 5519 3632 5603 significa-

2069 5588 2412 5665 i-éﬁbhnei
2448 5600 2613 5653 Linea
2660 5588 2925 5668 superiori
2964 5608 3061 5664 pro
3098 5588 3451 5665 χαριῖστατον
3480 5588 3638 5644 Plato

2069 5680 2197 5751 legit
2234 5671 2597 5745 ισχυρότατον.
