4122 6416
510 353 647 409 107i
1170 350 1441 408 EUSEBII
1481 349 1960 408 CAESARIENSIS
1997 349 2146 405 OPP.
2188 328 2368 405 PARS
2408 347 2472 403 ll.
2513 380 2586 390 —
2623 348 3123 408 APOLOGETICA.
3620 345 3760 402 {07:2

494 477 626 533 nino
679 476 945 548 sequitur.
986 502 1057 517 --
1084 474 1167 528 An
1201 489 1331 530 vero
1372 490 1471 543 per
1514 490 1634 532 sese
1676 474 1859 531 varias
1893 471 2053 545 65.5

2160 472 2338 551 Πᾶσα,
2368 471 2496 543 ἔφη,
2531 471 2744 543 ἀνάγκη
2776 471 2963 544 ἔμοιγε
3008 472 3175 525 δοκεῖ.
3195 499 3264 511 ——
3286 468 3492 541 Μηδεὶς
3537 468 3668 539 ἄρα,
3697 462 3762 538 ἦν

492 570 615 626 illas
636 570 721 626 sui
750 569 1080 625 mutationes
1104 577 1158 624 et
1178 570 1568 626 conversiones
1601 567 1831 624 eﬂiciet?
1859 597 1928 610 —
1947 565 2053 619 Elli-

2165 564 2212 618 δ’
2242 563 2374 633 ἐγὼ,
2400 557 2446 617 ὧ
2476 563 2688 635 ἄριστε,
2712 564 2922 633 λεγέτω
2955 566 3087 635 ἡμῖν
3115 562 3223 617 τῶν
3248 561 3511 633 ποιητῶν,

487 661 612 727 ciet,
651 661 849 731 inquit,
881 661 927 716 si
960 659 1180 730 quando
1209 660 1626 717 mutabitur.——
1651 658 1847 715 Utrum
1909 656 2074 729 igitur
2105 655 2158 709 in
2198 655 2394 710 melius
2452 669 2575 710 sese
2633 654 2839 725 aliquid
2879 654 3339 725 prmstantiusque
3386 650 3642 711 mutabit,
3693 664 3761 703 an

487 764 679 811 contra
746 756 803 811 in
851 755 1090 811 deterius
1145 770 1209 811 ac
1272 755 1528 826 turpius?
1572 782 1646 796 —
1683 753 1745 808 In
1793 752 2058 817 deterius,
2132 750 2342 820 inquit,
2393 749 2736 815 necessario,
2788 749 2833 805 si
2884 758 3146 804 mutetur.
3206 746 3439 818 Quippe,
3480 757 3762 814 nunquam

483 849 627 904 enim
689 847 801 903 Deo
857 846 1275 917 pulchritudinis
1326 846 1623 917 quidquam
1680 854 1775 901 aut
1836 844 2053 901 virtutis
2090 843 2281 898 deesse
2330 841 2655 897 dixerimus.
2691 870 2762 881 —
2795 839 3122 896 Rectissime
3180 837 3447 909 loqueris,
3510 836 3756 906 inquam,

484 940 624 1007 Sed,
677 956 802 996 cum
863 940 969 995 hoc
1019 939 1093 994 ita
1146 939 1241 1004 sit,
1291 955 1423 995 num
1474 939 1602 1004 tibi,
1656 953 1691 994 ο
1746 938 2057 1002 Adimante,
2123 936 2294 991 Deum
2338 935 2628 1006 quisquam
2673 941 2767 987 aut
2814 932 3120 995 hominum,
3167 944 3288 985 sese
3330 929 3604 984 ullatenus
3662 927 3759 980 de-

484 1034 738 1097 teriorem
792 1032 937 1087 ultro
983 1030 1227 1088 facturus
1279 1032 1625 1088 videtur?—
1656 1029 1800 1087 Fieri
1865 1046 1977 1085 non
2030 1036 2230 1099 potest,
2298 1026 2494 1096 inquit.
2542 1054 2612 1065 --
2649 1022 2761 1079 Nec
2806 1023 2923 1079 ﬁeri
2965 1039 3098 1093 ergo
3155 1028 3356 1092 potest,
3392 1019 3642 1087 inquam,
3673 1017 3751 1071 uti

487 1127 629 1185 Deus
662 1143 720 1183 se
749 1128 928 1198 ipsum
955 1135 1168 1182 mutare
1196 1127 1326 1182 velit
1356 1145 1369 1183 :
1405 1126 1499 1182 sed
1527 1127 1730 1197 potius,
1763 1134 1823 1181 ut
1871 1126 2061 1196 liquet,
2100 1123 2325 1179 deorum
2372 1120 2574 1193 quivis,
2600 1134 2725 1174 cum
2752 1134 2851 1190 pro
2902 1133 2963 1174 se
2986 1133 3151 1188 quam
3185 1115 3587 1186 pulcherrimus
3615 1114 3763 1182 quis-

486 1238 612 1293 que,
663 1233 826 1295 atque
875 1226 1115 1296 Optimus
1154 1227 1246 1295 sit,
1298 1227 1382 1283 sui
1428 1242 1641 1297 semper
1699 1225 1927 1282 omnino
1994 1222 2190 1279 similis
2242 1220 2496 1290 idemque
2551 1225 2757 1273 manet.
2787 1246 2860 1258 —
2905 1215 3140 1272 Prorsus
3169 1216 3276 1270 hoc
3319 1212 3458 1268 mihi
3503 1225 3760 1269 necessa-

485 1318 629 1373 rium
659 1320 894 1376 videtur.
947 1352 1021 1364 —
1054 1322 1280 1379 Desinat
1320 1338 1474 1395 ergo,
1522 1324 1607 1379 vir
1646 1323 1870 1394 optime,
1902 1329 2062 1391 poeta
2099 1316 2351 1389 quilibet,
2378 1316 2522 1371 istuc
2549 1312 2711 1369 nobis
2739 1311 3011 1378 occinere,

997 1468 1049 1479 —
1088 1438 1376 1510 Peregrina
1405 1439 1626 1493 numina
1658 1437 1826 1510 cultu,

487 1505 801 1578 Omnigenos
843 1508 1034 1563 induta
1066 1505 1300 1575 habitus,
1339 1523 1523 1564 nostra
1559 1509 1753 1579 oppida
1798 1508 2054 1562 lustrant.

484 1615 592 1672 Nec
624 1618 767 1675 ullus
800 1619 855 1673 in
894 1629 1176 1688 posterum
1209 1620 1276 1675 de
1306 1619 1505 1676 Proteo
1536 1636 1600 1676 ac
1641 1619 1871 1675 Thetide
1900 1635 2055 1675 men-

482 1708 636 1763 dacia
660 1709 763 1763 ista
793 1710 1068 1781 conlingat
1095 1730 1109 1766 :
1139 1727 1239 1767 nec
1265 1711 1320 1766 in
1349 1710 1649 1780 tragtediis,
1675 1717 1770 1764 aut
1795 1709 1902 1763 alio
1928 1724 2057 1779 poe-

2266 1432 2360 1498 Ὠς
2398 1428 2519 1485 θεοὶ
2557 1428 2852 1498 ξείνοισιν
2891 1424 3000 1498 (8θ)
3039 1424 3300 1498 ἐοικότες
3337 1419 3761 1498 ἀλλοδαποῖσι,

2240 1491 2519 1556 Παᾶτοῖοι
2556 1491 2923 1563 τελέθοντες,
2957 1491 3376 1564 ἐπιστρωφῶσι
3413 1494 3655 1560 πόληας
3672 1506 3687 1521 ο
3739 1508 3751 1537 ς

2160 1613 2313 1686 Μηδὲ
2348 1611 2617 1684 Πρωτέως
2663 1627 2722 1664 τε
2779 1609 2877 1663 καὶ
2908 1608 3139 1670 Θέτιδος
3193 1594 3617 1678 καταψευδέσθω
3654 1622 3760 1677 μη-

2161 1706 2305 1771 δείςο
2364 1704 2487 1775 μηδ’
2548 1705 2606 1756 ὲν
2670 1701 3029 1774 τραγῳδίαις,
3097 1700 3219 1772 μηδ’
3293 1700 3354 1753 ὲν
3413 1702 3529 1763 τοῖς
3579 1699 3762 1779 ἄλλοις

480 1800 644 1856 matis
670 1815 866 1871 genere
892 1799 1164 1858 Junonem
1200 1801 1532 1870 introducat,
1584 1817 1707 1872 qum
1755 1802 2053 1858 sacerdotis

2168 1798 2472 1869 ποιήμασιν
2503 1795 2772 1862 εἰσαγέτω
2794 1795 2975 1866 Ἦραν
3009 1790 3379 1863 ἠλλοιωμένην
3407 1790 3483 1854 ὡς
3530 1790 3756 1861 ἱέρειαν,

480 1892 539 1946 in
590 1891 828 1962 speciem
876 1892 1221 1965 formamque
1268 1902 1502 1961 mutata,
1528 1894 1687 1949 almis
1721 1893 1828 1951 illis
1868 1894 2053 1949 Inachi

2162 1889 2493 1960 ἀγείρουσαν
2530 1886 2731 1957 Ἰνάχου
2769 1885 3015 1958 Ἀργείου
3066 1881 3313 1954 ποταμοῦ
3360 1882 3518 1937 παισὶ
3563 1880 3756 1951 βιοδώ-

481 1984 668 2056 Argivi
714 1982 866 2040 ﬂuvii
913 1984 1099 2043 liberis
1138 1986 1337 2058 stipem
1376 1995 1649 2058 corroget.
1683 1984 1809 2041 Haec
1842 1987 2059 2057 aliaque

481 2075 535 2129 id
568 2089 739 2149 genus
788 2083 1041 2129 sexcenta
1092 2089 1252 2130 nemo
1298 2075 1557 2145 deinceps
1610 2074 1929 2129 mentiatur.
1959 2074 2059 2131 Ca-

480 2174 642 2220 veant
684 2174 947 2235 praeterea
998 2173 1236 2231 matres,
1294 2180 1365 2221 ne
1413 2165 1610 2221 hausta
1661 2165 1831 2220 semel
1872 2180 2056 2220 rerum

480 2258 716 2313 istarum
766 2256 1023 2326 Opinione
1076 2256 1259 2311 ﬁliolis
1308 2263 1577 2311 terrorem
1619 2255 1892 2326 injiciant,
1923 2255 2057 2310 dum

480 2347 753 2419 ejusmodi
809 2355 1119 2403 commenta
1173 2362 1455 2418 perperam
1518 2345 1869 2414 fabulantur,
1923 2347 2056 2402 deos

482 2448 647 2495 noctu
683 2439 978 2495 nonnullos
1006 2439 1264 2494 aberrare
1290 2439 1600 2508 omnigenis
1646 2436 1958 2508 hospitibus
1982 2437 2075 2495 si-.

481 2532 661 2599 miles,
696 2545 764 2586 ne
789 2530 955 2586 simul
982 2531 1248 2601 iniuriose
1277 2530 1345 2585 de
1387 2529 1493 2584 diis
1522 2528 1794 2601 impieque
1819 2529 2053 2600 loquan-

480 2632 591 2689 tur,
637 2621 801 2677 simul
827 2621 1027 2678 liberos
1049 2636 1268 2691 quoque
1303 2637 1434 2677 suos
1474 2621 1911 2676 meticulosiores
1937 2620 2057 2676 elli-

479 2713 647 2767 ciant.
678 2741 747 2750 --
768 2709 1085 2766 Cavendum
1117 2710 1167 2767 id
1196 2726 1350 2776 sane,
1387 2711 1584 2781 inquit.
1625 2740 1696 2750 —
1726 2709 1870 2766 Num
1902 2726 2051 2776 vero,

480 2805 730 2874 inquam,
764 2802 837 2858 dii
873 2810 933 2857 ut
976 2813 1168 2874 suapte
1213 2810 1408 2858 natura
1438 2802 1640 2857 mutari
1677 2817 1786 2857 non
1816 2803 2050 2872 possint,

479 2889 534 2945 id
590 2899 772 2944 tamen
837 2889 1184 2947 illusionibus
1245 2906 1308 2946 ac
1371 2890 1662 2961 praestigiis
1722 2892 2050 2962 quibusdam

480 2988 666 3050 agunt,
704 2980 864 3036 nobis
899 2993 956 3035 ut
981 2981 1127 3036 omni
1168 2980 1468 3039 formarum
1513 2996 1711 3052 genere
1752 2983 1927 3037 induti
1965 2983 2049 3037 vi-

480 3069 748 3124 dcantur?
775 3099 844 3108 -—
866 3067 1030 3125 Forte
1051 3085 1142 3135 an,
1176 3070 1377 3143 inquit.
1405 3100 1477 3112 —-
1506 3070 1620 3143 Ego
1660 3088 1811 3139 vero,
1839 3072 2054 3131 Fierine

480 3160 675 3230 possit,
709 3159 787 3216 uti
815 3159 959 3215 Deus
988 3169 1081 3214 aut
1101 3160 1306 3226 verbis,
1334 3169 1430 3215 aut
1457 3176 1518 3215 re
1559 3163 1676 3233 ipsa
1709 3162 1954 3217 inanium
1985 3165 2052 3218 ii-

482 3266 742 3321 gurarum
793 3250 1005 3321 objecta
1049 3251 1230 3322 specie
1269 3252 1488 3307 mentiri
1523 3254 1694 3308 velit?
1725 3284 1796 3294 —
1831 3254 2052 3324 Nescio,

479 3340 680 3412 inquit.
711 3369 782 3380 —
809 3338 998 3397 Nescis
1026 3348 1110 3410 tu,
1152 3341 1398 3412 inquam,
1423 3358 1596 3417 genus
1618 3345 1722 3402 hoc
1758 3349 2050 3414 mendacii,

480 3433 762 3499 omnibus,
791 3441 852 3487 ut
873 3431 947 3487 ita
986 3432 1200 3502 loquar,
1232 3433 1337 3488 diis
1367 3442 1422 3488 et
1467 3435 1780 3493 hominibus
1813 3438 2053 3493 invisum

481 3525 636 3580 esse?
678 3553 750 3563 —
790 3521 1005 3578 Clarius
1049 3523 1476 3579 istuc‘obsecro.
1525 3556 1597 3568 —
1635 3523 1929 3594 Nimirum,
1966 3530 2053 3584 in-

481 3630 672 3687 quam,
703 3628 865 3668 nemo
895 3621 979 3668 est
1004 3608 1272 3681 omnium,
1299 3614 1393 3684 qui
1419 3613 1675 3683 libenter,
1698 3624 1754 3672 et
1780 3627 1933 3688 parte
1966 3620 2053 3674 sui

480 3707 778 3777 praecipua,
813 3713 869 3761 et
908 3705 1196 3776 praecipuis
1221 3707 1276 3761 in
1310 3709 1475 3763 rebus
1504 3706 1618 3762 falli
1646 3709 1794 3777 velit,
1824 3711 1936 3768 imo
1958 3714 2052 3785 qui

481 3813 593 3855 non
620 3814 791 3870 genus
830 3798 933 3854 hoc
969 3799 1239 3854 mendacii
1276 3814 1389 3869 prae
1430 3802 1640 3858 caeteris
1681 3804 1938 3863 omnibus
1976 3823 2056 3863 re-

479 3886 759 3945 formidet.
788 3918 859 3931 -—
901 3886 979 3945 Ne
1009 3904 1155 3945 nunc
1187 3889 1427 3961 quidem,
1473 3891 1669 3962 inquit,
1710 3896 1844 3951 satis
1878 3897 1931 3953 id
1970 3914 2054 3955 ca-

480 3982 593 4053 pio.
635 4012 705 4024 --
736 3981 1020 4051 Videlicet,
1063 3982 1309 4054 inquam,
1352 3983 1554 4038 mirum
1602 4003 1691 4043 me
1736 3989 1940 4062 aliquid
1978 3992 2055 4046 di-

482 4091 609 4132 cere
640 4076 946 4133 arbitraris.
1000 4075 1116 4149 Ego
1161 4094 1292 4134 vero
1331 4079 1499 4153 646
1527 4091 1740 4137 tantum
1775 4082 1880 4143 hoc
1904 4083 2051 4151 dico,

483 4169 556 4224 ita
592 4177 936 4239 comparatos
963 4184 1154 4226 omnes
1179 4185 1320 4238 esse,
1349 4172 1489 4226 utin
1520 4186 1704 4229 rerum
1736 4174 2054 4231 nationibus

482 4261 866 4330 informandis,
889 4263 974 4318 vel
1019 4262 1193 4333 decipi
1224 4278 1304 4329 se,
1347 4264 1433 4320 vel
1463 4265 1720 4337 deceptos
1758 4266 2054 4336 aliquando

481 4368 625 4422 esse,
674 4355 920 4425 adeoque
962 4354 1268 4426 ignorantia
1314 4355 1590 4425 laborare,
1620 4368 2055 4430 conceptumque

482 4444 827 4505 mendacium
873 4445 1057 4499 animo
1098 4443 1308 4512 fovere,
1335 4460 1447 4502 non
1485 4454 1697 4503 tantum
1729 4448 2056 4517 permoleste

2129 2056 2142 2070 .
2169 1997 2316 2053 ροιςο
2348 1980 2444 2034 καὶ
2467 1978 2603 2034 ἄλλα
2628 1978 2855 2032 τοιαῦτα
2884 1976 3055 2031 πολλὰ
3082 1975 3155 2048 μὴ
3186 1978 3320 2047 ἡμῖν
3349 1973 3752 2044 ψευδέσθωσαν.

2173 2072 2317 2143 Μηδ’
2349 2067 2415 2126 αὖ
2457 2069 2563 2123 ὑπὸ
2601 2069 2806 2123 τούτων
2853 2067 3279 2139 ἀναπειθόμεναι
3315 2067 3372 2120 αἱ
3416 2063 3656 2136 μητέρες
3684 2063 3756 2117 τὰ

2161 2166 2353 2220 παιδία
2399 2163 2896 2235 ἐκδειματούντων,
2939 2162 3193 2231 λέγουσαι
3237 2158 3367 2223 τοὺς
3406 2157 3609 2230 μύθους
3649 2173 3754 2212 κα-

2162 2258 2295 2323 κῶς,
2321 2257 2397 2321 ὡς
2426 2257 2536 2329 ἄρα
2571 2255 2683 2309 θεοί
2712 2272 2859 2319 τινες
2883 2253 3264 2328 περιέρχονται
3295 2250 3512 2323 νύκτωρ
3539 2250 3755 2314 πολλοῖς

2159 2346 2330 2412 ξένοις
2377 2346 2470 2399 καὶ
2519 2342 2883 2406 παντοδαποῖς
2939 2341 3328 2413 ἰνδαλλόμενοι,
3383 2338 3472 2393 ἵνα
3509 2338 3584 2411 μὴ
3634 2339 3753 2410 ἅμα

2160 2440 2260 2512 μὲν
2271 2440 2350 2503 εἰς
2368 2437 2522 2501 θεοὺς
2540 2435 2951 2507 βλασφημῶσιν,
2982 2433 3099 2505 ἅμα
3124 2433 3181 2487 δὲ
3200 2435 3327 2498 τοὺς
3351 2431 3547 2495 παῖδας
3577 2433 3755 2503 ἁπερ-

2165 2528 2440 2600 γὰζωνται
2469 2528 2823 2599 δειλοτέρους.
2844 2557 2912 2569 -
2932 2527 3024 2598 Μὴ
3051 2524 3182 2598 γὰρ,
3212 2524 3335 2596 ἔφη.
3359 2550 3433 2566 --
3459 2521 3600 2576 Ἀλλ’
3618 2519 3750 2594 ἄρα,

2161 2618 2230 2694 ἦν
2260 2621 2305 2674 δ’
2337 2618 2471 2688 ἐγὼ,
2520 2619 2674 2671 αὐτοὶ
2696 2617 2808 2691 ⁸μὲν
2838 2619 2888 2671 οἱ
2921 2616 3032 2670 θεοί
3065 2617 3203 2670 εἰσιν
3232 2611 3335 2668 οἷοι
3372 2615 3447 2686 μὴ
3479 2613 3746 2685 μεταδῶ-

2158 2714 2292 2778 λειν,
2328 2712 2477 2784 ἡμᾶς
2502 2711 2559 2763 δὲ
2584 2709 2795 2763 ποιοῦσι
2823 2708 2998 2762 δοκεῖν
3034 2726 3179 2779 σφας
3212 2707 3590 2771 παντοδαποὺς
3622 2708 3753 2775 φαί-

2152 2804 2360 2873 νεσθαι,
2382 2801 2758 2868 ἐξαπατῶντες
2778 2804 2872 2858 καὶ
2893 2803 3246 2873 γοητεύοντες
3271 2818 3286 2866 ;
3314 2802 3574 2864 -Ἴσως,
3619 2799 3748 2872 ἔφη.

2155 2898 2219 2951 Τί
2269 2897 2356 2963 es;
2402 2892 2470 2968 ἦν
2516 2895 2561 2949 δ’
2598 2894 2741 2965 ἐγὼ,
2782 2894 3071 2966 ψεύδεσθαι
3102 2896 3131 2948 ὁ
3174 2894 3307 2957 Θεὸς
3351 2892 3524 2946 ἐθέλοι
3571 2892 3755 2957 ἂν,-

2153 2989 2187 3061 ἢ
2214 2988 2356 3060 λόγῳ
2378 2987 2410 3059 ἢ
2440 2986 2586 3059 ἔργῳ
2614 2988 2976 3058 φαντάσματα
2996 2986 3295 3059 προτείνων
3322 3002 3339 3052 ;
3362 3015 3432 3026 -
3459 2986 3573 3039 Οὐκ
3606 2980 3750 3049 οἶδα,

2154 3075 2241 3153 ἧδ’
2263 3080 2342 3142 ὃς.
2365 3107 2435 3118 -
2454 3079 2568 3131 Οὐκ
2592 3073 2748 3130 οἶσθα
2765 3117 2780 3143 ,
2810 3074 2878 3149 ἦν
2905 3078 2950 3131 δ’
2981 3076 3111 3147 ἐγὼ,
3136 3077 3217 3129 ὅτι
3248 3076 3309 3129 τό
3340 3092 3404 3144 γε
3432 3075 3508 3139 ὡς
3534 3074 3752 3147 ἀληθῶς

2165 3169 2389 3239 ψεῦδος,
2426 3169 2475 3223 εἰ
2507 3162 2619 3222 οἷόν
2659 3185 2719 3222 τε
2750 3168 2899 3223 τοῦτ’
2932 3169 3128 3231 εἰπεῖν,
3174 3165 3376 3228 πάντες
3409 3164 3521 3218 θεοί
3561 3182 3620 3219 τε
3656 3168 3752 3219 καὶ

2160 3255 2435 3328 ἅνθρωποι
2456 3254 2612 3326 μισοῦ
2622 3272 2673 3308 σι
2689 3272 2703 3322 ;
2722 3255 2950 3323 -Πῶς,
2969 3256 3073 3326 ἔφη
3098 3296 3113 3321 ,
3132 3255 3308 3325 λέγεις
3328 3270 3342 3319 ;
3362 3283 3432 3294 -—
3453 3253 3660 3321 Οὕτως,
3681 3251 3752 3326 ἦν

2160 3345 2207 3399 δ’
2244 3346 2376 3416 ἐγὼ,
2422 3347 2502 3400 δτι
2551 3348 2630 3417 τῷ
2670 3347 2995 3418 κυριωτάτῳ
3038 3347 3248 3400 ἑαυτῶν
3295 3344 3607 3417 ψεύδεσθαι,
3656 3348 3751 3399 καὶ

2163 3439 2293 3510 περὶ
2321 3437 2390 3492 τὰ
2422 3437 2736 3512 κυριώτατα
2762 3439 2940 3503 οὐδεὶς
2968 3439 3109 3492 ἑκὼν
3137 3438 3330 3505 ἐθέλει,
3366 3439 3503 3497 ἀλλὰ
3531 3441 3750 3494 πάντων

2164 3530 2397 3601 μάλιστα
2418 3530 2662 3600 φοϐεῖται
2697 3531 2813 3583 ἐκεῖ
2852 3531 2984 3585 αὐτὸ
3032 3530 3353 3603 κεκτῆσθαι.
3379 3562 3448 3572 —
3473 3531 3606 3585 Οὐδὲ
3652 3531 3750 3586 νῦν

2161 3639 2268 3687 πω,
2298 3617 2335 3692 ἦ
2363 3623 2409 3674 δ’
2431 3622 2510 3689 ὃς,
2549 3621 2825 3693 μανθάνω,
2845 3653 2912 3663 -
2931 3622 3044 3676 Οἴει
3062 3623 3171 3695 γάρ
3198 3623 3248 3677 τί
3267 3641 3357 3696 με,
3375 3622 3533 3696 ἔφην,
3552 3624 3748 3695 σεμνὸν

2160 3713 2373 3784 λέγειν’
2418 3714 2529 3783 ἐγὼ
2576 3715 2633 3766 δὲ
2683 3713 2846 3783 λέγω,
2902 3715 2983 3767 ὅτι
3027 3717 3093 3786 τῇ
3144 3715 3290 3788 ψυχῇ
3342 3717 3470 3788 περὶ
3506 3717 3575 3770 τὰ
3619 3716 3749 3769 ὄντα

2159 3807 2450 3877 ψεύδεσθαί
2491 3825 2583 3872 τε,
2631 3808 2726 3862 καὶ
2765 3805 3044 3876 ἐψεῦσθαι,
3082 3807 3178 3860 καὶ
3217 3806 3403 3879 ἀμαθῆ
3452 3803 3613 3872 εἶναι,
3652 3810 3750 3863 καὶ

2161 3899 2395 3955 ἐνταῦθα
2443 3900 2585 3971 ἔχειν
2625 3916 2684 3953 τε
2722 3900 2816 3953 καὶ
2853 3898 3154 3969 κεκτῆσθαι
3189 3900 3251 3954 τὸ
3290 3900 3507 3970 ψεῦδος,
3544 3903 3749 3967 πάντες

2160 3994 2339 4065 ἥκιστ’
2367 3992 2432 4046 ἂν
2460 3992 2724 4061 δέξαιντο,
2755 3993 2849 4046 καὶ
2884 3992 3103 4064 μισοῦσι
3146 3994 3381 4064 μάλιστα
3416 3995 3548 4049 αὐτὸ
3582 3997 3641 4050 ὲν
3666 3997 3747 4068 τῷ

2158 4086 2402 4157 τοιούτῳ.
2429 4084 2654 4139 -ΙῙολύ
2675 4088 2747 4155 γ’,
2766 4085 2967 4158 ἔφη.-
2982 4085 3140 4139 Ἀλλὰ
3160 4085 3266 4157 μὴν
3305 4086 3575 4159 ὀρθότατά
3590 4087 3744 4156 γ’ἂν,

2159 4177 2189 4230 ὂ
2216 4176 2310 4231 νῦν
2349 4177 2414 4249 δὴ
2457 4177 2663 4246 ελεγον,
2711 4176 2869 4231 τοῦτο
2914 4178 2990 4243 ὡς
3023 4178 3241 4251 ἀληθῶς
3271 4178 3467 4249 ψεῦδος
3504 4181 3742 4247 καλοῖτο,

2161 4270 2195 4341 ἡ
2219 4271 2275 4323 ὲν
2308 4271 2374 4341 τῇ
2397 4269 2539 4341 ψυχῇ
2568 4268 2663 4323 τοῦ
2706 4269 3037 4341 ἐψευσμένου
3079 4269 3271 4341 ἄγνοια
3293 4289 3307 4303 ⁸
3347 4274 3469 4326 ἐπεὶ
3504 4274 3565 4326 τό
3592 4290 3656 4343 γε
3682 4275 3745 4328 ἐν

2158 4363 2273 4425 τοῖς
2319 4360 2522 4430 λόγοις,
2569 4362 2796 4434 μίμημά
2828 4380 2881 4415 τι
2928 4361 3022 4414 τοῦ
3077 4363 3135 4416 ὲν
3183 4366 3248 4436 τῇ
3292 4364 3434 4437 ψυχῇ
3489 4366 3740 4440 (81)ἐστι

2154 4452 2517 4524 παθήματος,
2559 4453 2656 4506 καὶ
2696 4453 2920 4524 ὕστερον
2958 4454 3181 4523 γεγονὸς
3223 4454 3460 4521 εἴδωλον,
3500 4459 3559 4510 ού
3596 4458 3740 4512 πάνυ

482 4536 685 4604 lerant,
711 4536 805 4591 sed
827 4536 991 4591 etiam
1025 4536 1094 4591 ab
1119 4551 1185 4591 eo
1202 4536 1307 4591 hac
1334 4537 1388 4591 in
1421 4548 1575 4606 parte
1600 4538 1946 4594 vehementer
1965 4540 2053 4597 ab-

2156 4545 2391 4618 ἄκρατον
2419 4544 2614 4615 ψεῦδος
2633 4563 2649 4577 ·
2684 4545 2838 4617 ἢούχ
2869 4545 3287 4611 οὗτω;--Πάνυ
3324 4548 3423 4619 μὲν
3446 4545 3560 4605 οὖν.
3577 4550 3739 4603 -Τὸ

484 4630 842 4689 horreant.—
856 4625 1111 4694 Prorsus,
1131 4627 1329 4698 inquit.
1343 4628 1608 4697 —Atqui,
1623 4640 1789 4695 recte,
1804 4630 2051 4701 inquam,

483 4717 734 4784 omnino,
782 4716 929 4787 quod
967 4716 1193 4787 jamjam
1229 4717 1327 4772 abs
1355 4732 1444 4773 me
1474 4718 1781 4786 dicebatur,
1824 4719 1929 4778 hoc
1967 4732 2054 4780 est

483 4825 603 4881 qure
632 4810 686 4863 in
713 4808 952 4863 hominis
985 4806 1194 4877 decepti
1223 4808 1407 4863 animo
1442 4816 1690 4863 versatur
1721 4809 2051 4881 ignorantia,

484 4899 830 4955 mendacium
876 4897 1215 4968 appelletur;
1262 4897 1410 4968 quod
1459 4898 1605 4953 enim
1645 4899 1700 4953 in
1743 4900 1925 4956 verbis
1970 4913 2054 4959 est

482 4990 748 5060 positum,
795 4990 847 5043 id
894 4988 1015 5058 ejus
1068 4986 1473 5058 tantum,quod
1511 4987 1756 5046 animum
1799 5002 2049 5063 occupat,

480 5083 601 5137 vitii
643 5081 877 5136 imitatio
902 5080 1149 5150 quaedam
1180 5088 1283 5148 est,
1311 5095 1740 5153 expressumque
1781 5086 2052 5152 posterius

480 5176 859 5241 simulacrum,
895 5188 1003 5228 non
1043 5182 1224 5229 autem
1267 5189 1465 5243 purum
1499 5174 1722 5230 omnino
1751 5186 2052 5249 putumque

483 5264 850 5320 mendacium.
896 5262 981 5316 An
1011 5276 1122 5316 non
1162 5262 1236 5315 ita
1281 5262 1406 5317 est?
1446 5290 1518 5302 —
1568 5263 1650 5317 ita
1689 5279 1936 5333 prorsus.
1981 5296 2052 5306 —

484 5354 643 5422 Quod
664 5368 792 5426 ergo
815 5370 874 5409 re
894 5353 1014 5425 ipsa
1040 5352 1382 5409 mendacium
1412 5362 1516 5419 est,
1543 5352 1597 5408 id
1621 5370 1729 5410 non
1755 5355 1833 5410 dii
1863 5358 2048 5423 modo,

483 5461 675 5503 verum
708 5447 870 5502 etiam
888 5445 1135 5502 homines
1164 5459 1391 5501 exosum
1416 5445 1637 5501 habent.
1653 5445 1971 5517 —Habent,
1990 5459 2051 5504 ut

554 5581 666 5652 (80)
722 5583 814 5649 Ὡς
868 5581 989 5637 θεοὶ
1040 5580 1350 5647 ξείνοισιν.
1416 5577 1687 5639 Homerus
1738 5581 1931 5652 Odyss.
1982 5585 2046 5651 P,

482 5652 798 5792 “(ﬁSL‘Er
835 5722 909 5791 τῇ
940 5720 1270 5793 ψυχῄειη.
1302 5720 1457 5793 Elato
1493 5719 1591 5786 sic,
1620 5723 1652 5793 ή
1694 5722 1754 5793 ἐν
1797 5724 1862 5793 τῇ
1901 5721 2047 5793 ψυχῇ

482 5776 702 5864 lvi/ate,
735 5795 772 5861 ἡ
796 5776 1269 5862 τού’ὲῖιιειῖῖτ’μένου.
1306 5790 1520 5846 Mallem
1561 5776 1753 5866 τῇ’τοῦ
1788 5776 1874 5866 ὲιξῖ.
1908 5776 2050 5849 Fiat:

2158 4638 2257 4708 μὲν
2291 4636 2355 4708 δὴ
2396 4635 2476 4707 τῷ
2515 4636 2628 4690 δντι
2677 4635 2871 4706 ψεῦδος
2918 4636 2980 4688 ού
3029 4637 3188 4707 μόνον
3234 4638 3340 4691 ὑπὸ
3387 4638 3546 4705 θεῶν,
3600 4639 3737 4694 ἀλλὰ

2153 4729 2249 4781 καὶ
2289 4728 2394 4781 ὑπὸ
2431 4728 2735 4801 ἀνθρώπων
2771 4734 3293 4803 μισεῖται.-Δοκεί
3339 4752 3450 4806 μοι.
3480 4765 3552 4778 -·
3576 4736 3643 4789 Τί
3679 4735 3737 4789 δὲ

2151 4817 2216 4889 δὴ
2244 4818 2303 4871 τὸ
2334 4820 2390 4871 ὲν
2418 4822 2529 4882 τοῖς
2557 4819 2740 4888 λόγοις
2762 4820 3146 4893 ψεῦδοςηπότε
3164 4863 3180 4889 ,
3217 4825 3315 4878 καὶ
3348 4825 3402 4878 τι
3437 4827 3734 4897 χρήσιμον,

2150 4908 2290 4963 ὥστε
2328 4910 2403 4983 μὴ
2445 4909 2593 4976 ἀξιον
2632 4907 2771 4965 εἶναι
2821 4912 3047 4984 μεσουςς
3080 4910 3206 4988 Ἆρ’
3247 4916 3307 4969 ού
3342 4916 3479 4987 πρός
3514 4932 3576 4969 τε
3612 4918 3741 4980 τοὺς

2153 4999 2444 5070 πολεμίους
2471 5001 2565 5055 καὶ
2589 4999 2698 5055 τῶν
2721 5001 3069 5075 καλουμένων
3095 5005 3263 5077 φίλων
3297 5006 3470 5070 τινὰς,
3496 5007 3626 5061 ὅταν
3648 5004 3737 5059 διὰ

2154 5088 2348 5159 μανίαν
2379 5090 2413 5160 ἦ
2441 5107 2562 5144 τινα
2589 5090 2773 5145 ἄνοιαν
2805 5093 2974 5147 κακόν
2997 5111 3050 5147 τι
3075 5095 3396 5168 ἐπιχειρῶσι
3439 5096 3727 5166 πράττειν,

2148 5181 2270 5234 τότε
2301 5182 2620 5253 ἀποτροπῆς
2651 5183 2815 5238 ἕνεκα
2837 5185 2912 5250 ὡς
2935 5187 3224 5259 φάρμακον
3258 5193 3525 5261 χρήσιμον
3552 5189 3735 5259 γίγνε-

2148 5287 2274 5336 ται;
2307 5272 2416 5325 Καὶ
2452 5274 2509 5324 ὲν
2541 5268 2630 5337 αἶς
2656 5273 2753 5327 νῦν
2783 5275 2849 5348 δὴ
2889 5277 3173 5349 ἐλέγομεν,
3203 5283 3323 5344 ταῖς
3359 5279 3729 5351 μυθολογίαις,

2148 5361 2238 5414 διὰ
2272 5362 2331 5414 τὸ
2370 5362 2445 5434 μὴ
2484 5362 2711 5429 εἰδέναι,
2742 5366 2848 5438 ὅπη
2890 5369 3120 5439 τάληθὲς
3151 5369 3263 5441 ἔχει
3300 5371 3428 5441 περὶ
3471 5370 3581 5423 τῶν
3627 5388 3732 5424 πα-

2149 5452 2336 5520 λαιῶν,
2379 5456 2766 5526 ἀφομοιοῦντες
2803 5458 2880 5531 τῷ
2917 5460 3110 5532 ἀληθεῖ
3157 5463 3219 5516 τὸ
3246 5462 3461 5533 ψεῦδος,
3497 5463 3579 5517 ὃτι
3625 5464 3731 5535 μά-

2150 5599 2255 5639 nus
2275 5624 2290 5651 ,
2330 5587 2387 5639 in
2416 5587 2594 5640 animo
2636 5592 2936 5664 mentientis
2978 5593 3210 5649 inscitia.
3241 5593 3375 5660 Ima,
3404 5594 3498 5664 qui
3529 5597 3731 5651 menti-

2149 5664 2257 5731 tur,
2305 5666 2496 5731 contra
2544 5669 2777 5731 mentem
2833 5662 2949 5731 ipse
3000 5679 3181 5731 suam,
3230 5681 3294 5720 ac
3345 5662 3534 5721 verum
3568 5665 3725 5731 illud,

2149 5725 2433 5855 ἓιῖἐυῗτὲἑιή
2456 5729 2711 5788 conscius
2735 5738 2839 5799 est,
2854 5725 3131 5803 'loquitur.
3166 5725 3263 5792 Est
3288 5750 3418 5810 ergo
3445 5725 3725 5806 passivum

2252 5813 2279 5848 υ
2391 5813 2502 5854 νος.

2252 5813 2502 5854 υσυυενος.
