4122 6410
397 402 537 458 Ιθῖὄ

1581 398 1901 459 PREPAR.
1944 404 2193 462 EV'ANG.
2236 405 2364 463 LIB.
2405 404 2541 461 χιιι.

3502 410 3639 467 1074

392 516 549 573 λιστα
580 518 721 573 οὕτω
739 521 1004 592 χρήσιμον
1033 520 1328 591 ποιοῦμενς
1355 550 1425 566 -
1447 504 1557 576 καὶ
1604 519 1851 595 μάλα,ἦδ
1885 525 1962 591 ὃς,

2067 527 2301 582 videtur.
2328 556 2400 568 —
2437 526 2557 582 Jam
2588 539 2720 584 vero
2751 527 2894 598 quod
2942 526 2999 582 in
3024 524 3204 582 verbis
3236 526 3381 582 inest
3411 527 3641 584 menda-

390 608 565 673 οὕτως
597 608 728 680 ἔχει.
756 637 825 650 —-
850 610 1006 665 Κατὰ
1039 610 1102 684 δὴ
1138 612 1189 664 τί
1221 607 1313 665 οὖν
1336 612 1399 684 δὴ
1436 613 1660 679 τούτων,
1682 614 1889 687 τῷΘεῷ
1905 617 1966 669 τὸ

381 700 583 773 ψεῦδος
624 703 922 772 χρήσιμονς
979 703 1240 773 πότερον,
1286 702 1371 758 διά
1423 706 1484 759 τὸ
1531 706 1605 779 μὴ
1656 708 1853 762 εἰδέναι
1899 709 1968 763 τὰ

382 791 627 857 παλαιὰ,
657 793 939 863 ἀφομοιῶν
957 793 1024 848 ἂν
1069 795 1353 865 ψεύδοιτος
1392 826 1459 838 -
1480 799 1692 853 Γελοῖον
1720 801 1863 871 μέντ’
1902 801 1967 856 ἂν

379 882 462 954 εἴη
488 924 504 948 ,
538 883 739 955 ἔφη.-
759 884 994 957 Ποιητὴς
1029 885 1128 955 μὲν
1157 884 1263 957 ἄρα
1290 900 1346 939 εν
1361 885 1481 959 Θεῷ
1510 888 1710 962 ψευδὴς
1732 891 1831 944 οὐκ
1854 890 1964 956 ἔνι;

375 972 545 1027 -αΟὕ
596 990 685 1044 μοι
733 973 988 1029 δοκεῖ.-
1017 974 1178 1030 Ἀλλά
1217 977 1405 1042 δεδιὼς
1448 981 1575 1044 τοὺς
1625 982 1853 1053 ἐχθροὺς
1900 981 1967 1035 ἂν

378 1063 665 1133 ψεύδοιτος
695 1094 766 1103 -—
799 1064 1003 1119 Πολλοῦ
1056 1082 1120 1134 γε
1180 1067 1282 1122 δεῖ.
1325 1098 1395 1108 --
1438 1070 1596 1124 Ἀλλὰ
1637 1071 1703 1124 δι’
1750 1075 1967 1126 οἰκείων

378 1154 568 1207 ἄνοιαν
600 1154 633 1225 ἢ
670 1153 1131 1225 μανίαν;--Ἀλλ’
1170 1157 1372 1226 οὐδεὶς,
1407 1159 1508 1231 ἔφη
1531 1202 1545 1224 ,
1584 1160 1693 1215 τῶν
1723 1163 1965 1234 ἀνοήτων

381 1247 475 1299 καὶ
513 1248 871 1318 μαινομένων,
897 1247 1169 1320 θεοφιλής.
1211 1250 1326 1303 Οὐκ
1350 1250 1458 1323 ἄρα
1496 1252 1665 1316 ἐστὶν,
1706 1245 1768 1305 οὗ
1805 1252 1966 1308 ἕνεκα

380 1333 446 1387 ἂν
473 1335 603 1399 Θεὸς
626 1334 894 1404 ψεύδοιτο.
913 1368 983 1377 -
1006 1338 1120 1392 Οὐκ
1154 1337 1292 1394 ἔστι.
1309 1340 1576 1412 -Πάντη
1604 1340 1713 1412 ἄρα
1737 1341 1965 1411 ἀψευδὲς

380 1427 442 1480 τὸ
463 1426 743 1497 δαιμόνιόν
774 1445 836 1481 τε
859 1429 954 1482 καὶ
979 1429 1041 1483 τὸ
1057 1431 1231 1485 Θεῖον.
1262 1461 1324 1472 -
1358 1432 1677 1486 Παντάπασι
1712 1435 1809 1505 μὲν
1848 1430 1961 1497 οὖν,

381 1521 794 1593 ἔφη.-Κομιδῇ
811 1523 917 1595 ἄρα
932 1525 960 1576 ὁ
974 1522 1105 1587 Θεὸς
1122 1523 1326 1577 ἁπλοῦν
1343 1525 1436 1578 καὶ
1465 1524 1660 1597 ἀληθὲς
1677 1527 1734 1577 ὲν
1755 1524 1802 1577 τ’
1819 1525 1964 1595 ἔργῳ

381 1614 474 1667 καὶ
498 1612 662 1683 λόγῳ.
712 1615 823 1667 Καὶ
865 1612 991 1667 οὔτε
1035 1614 1199 1679 αὐτὸς
1238 1615 1583 1685 μεθίσταται,
1620 1615 1744 1670 οὔτε
1771 1617 1963 1682 ἄλλους

381 1704 648 1776 ἐξαπατᾷ,
688 1704 813 1758 οὕτε
852 1706 995 1759 κατὰ
1046 1707 1364 1776 φαντασίας,
1407 1707 1534 1762 οὔτε
1569 1709 1712 1763 κατὰ
1749 1709 1959 1778 λόγους,

378 1795 503 1850 οὔτε
542 1796 683 1851 κατὰ
721 1797 964 1870 σημείων
1002 1799 1259 1870 πομπὰς,
1313 1798 1429 1853 οὗθ’
1465 1799 1614 1873 ὕπαρ
1649 1799 1764 1854 οὔτ’
1802 1801 1955 1873 ὄναρ.

2070 619 2239 684 cium,
2277 619 2498 690 quando
2532 620 2772 687 tandem,
2818 628 2872 675 et
2900 620 3046 690 quod
3068 634 3189 675 eam
3218 620 3508 676 utilitatem
3538 621 3640 676 ha-

2067 710 2180 778 bet,
2204 719 2263 766 ut
2286 712 2413 767 odio
2434 710 2659 782 dignum
2692 711 2878 766 haberi
2908 726 3017 767 non
3042 711 3271 766 debeat?
3301 710 3492 767 Nonne
3512 726 3640 767 cum

2067 801 2329 857 adversus
2359 802 2567 870 hostes,
2606 810 2723 857 tum
2762 803 2925 858 etiam
2962 817 3089 874 erga
3121 803 3414 858 nonnullos
3448 818 3637 861 eorum

2067 907 2205 962 quos
2253 893 2459 949 amicos
2505 907 2791 960 vocamus,
2837 894 2882 949 si
2916 894 3136 963 quando
3164 894 3249 949 vel
3281 894 3388 950 acti
3430 893 3637 961 furore,

2065 983 2151 1038 vel
2193 983 2502 1054 ignorantia
2535 985 2695 1055 lapsi,
2746 985 2873 1039 mali
2908 986 3112 1056 aliquid
3147 985 3476 1053 moliantur,
3521 986 3641 1055 ejus

2066 1076 2342 1131 avertendi
2393 1057 2581 1141 causa,
2620 1086 2883 1147 tanquam
2927 1078 3224 1133 amuletum
3276 1078 3494 1148 aliquod
3543 1092 3641 1148 0p-

2066 1175 2364 1235 portunum
2397 1167 2515 1222 est?
2546 1165 2687 1233 Quin
2723 1168 2884 1222 etiam
2927 1168 2983 1223 in
3028 1168 3135 1224 illis
3161 1169 3314 1239 ipsis,
3345 1169 3413 1224 de
3442 1169 3643 1239 quibus

2064 1258 2228 1327 paulo
2258 1265 2384 1313 ante
2413 1260 2727 1328 agebamus,
2764 1259 2987 1324 fabulis,
3027 1261 3173 1331 quod
3199 1275 3301 1316 nos
3327 1276 3508 1315 rerum
3545 1276 3645 1315 au-

2063 1347 2340 1416 tiquarum
2375 1347 2578 1403 veritas
2602 1347 2787 1404 lateat.
2829 1347 2969 1403 Dum
2997 1350 3065 1404 ad
3090 1350 3204 1405 veri
3226 1351 3641 1406 similitudinem

2064 1438 2407 1494 mendacium
2438 1440 2727 1505 trahimus,
2769 1455 2951 1496 nonne
2978 1449 3115 1508 tum,
3150 1451 3210 1496 ut
3238 1441 3440 1512 aliquid
3466 1457 3535 1497 ex
3569 1457 3637 1497 eo

2064 1527 2276 1587 fructus
2305 1531 2509 1602 percipi
2546 1531 2740 1602 possit,
2776 1531 3087 1588 ecimus?
3117 1564 3186 1574 ——
3213 1533 3393 1600 Certe,
3442 1533 3639 1605 inquit.

2063 1648 2134 1663 -
2182 1621 2433 1688 Quonam
2480 1621 2646 1693 igitur
2690 1638 2754 1678 ex
2807 1623 2915 1679 illis
2958 1623 3305 1690 nominibus,
3355 1625 3486 1681 utile
3527 1624 3639 1680 Deo

2063 1714 2408 1770 mendacium
2437 1729 2560 1771 esse
2599 1716 2799 1785 queat?
2841 1714 3061 1783 Utrum,
3095 1717 3242 1787 quod
3272 1730 3456 1771 rerum
3495 1717 3638 1771 anti-

2063 1822 2296 1879 quarum
2343 1807 2685 1879 ignoratione
2725 1808 2953 1876 laboret,
2982 1808 3217 1879 quadam
3257 1809 3372 1864 veri
3414 1808 3641 1864 simula~

377 1886 597 1952 υῦτως,
633 1888 769 1961 ἔφη,
798 1888 987 1960 ἔμοιγε
1021 1890 1113 1944 καὶ
1150 1890 1299 1962 αὐτῷ
1336 1891 1617 1961 φαίνεται,
1648 1891 1743 1945 σοῦ
1771 1892 1958 1962 λέγον-

2062 1902 2209 1955 tione
2245 1899 2576 1955 mentietur?
2603 1929 2675 1941 —
2706 1898 3038 1965 Ridiculum,
3079 1900 3276 1970 inquit,
3305 1901 3411 1956 hoc
3451 1899 3637 1958 fuerit.

375 1994 488 2042 τος.
522 1979 834 2051 Συγχωρεῖς
890 1982 1028 2052 ἄρα,
1075 1981 1181 2052 ἔφη
1205 2020 1219 2047 ,
1261 1981 1450 2036 τοῦτον
1499 1983 1751 2055 δεύτερον
1794 1984 1962 2038 τύπον

375 2064 554 2137 εἶναι,
600 2070 662 2123 ὲν
700 2063 745 2140 ᾧ
787 2071 868 2125 δεῖ
904 2074 1035 2145 περὶ
1073 2071 1212 2126 θεῶν
1269 2075 1364 2128 καὶ
1404 2074 1584 2144 λέγειν
1626 2077 1721 2130 καὶ
1764 2080 1959 2145 ποιεῖν,

372 2161 451 2227 ὡς
514 2164 652 2235 μήτε
712 2165 911 2228 αὐτοὺς
975 2166 1182 2237 γόητας
1255 2166 1419 2232 ὄντας
1468 2166 1547 2239 τῷ
1608 2169 1962 2240 μεταϐάλλειν

373 2256 622 2320 ἑαυτοὺς,
653 2256 783 2328 μήθ’
806 2258 958 2329 ἡμᾶς
993 2256 1213 2327 ψεύδεσι
1260 2259 1531 2329 παράγειν
1570 2262 1628 2315 ὲν
1652 2260 1794 2331 λόγῳ
1833 2262 1867 2332 ἢ
1903 2264 1963 2315 ὲν

372 2349 522 2422 ἔργῳ
542 2366 558 2416 ;
575 2380 646 2391 --
663 2352 960 2426 Συγχωριῖκ
977 2354 1239 2408 -Πολλὰ
1268 2355 1379 2425 ἄρα
1413 2356 1550 2426 Ὀμή
1562 2372 1654 2427 ρου
1681 2354 1964 2409 ἐπαινοῦν-

371 2457 464 2505 τες
499 2440 655 2509 ἄλλα,
680 2443 840 2496 τοῦτο
863 2444 963 2498 οὐκ
980 2444 1411 2516 ἐπαινεσόμεθα,
1444 2447 1544 2518 τὴν
1580 2446 1674 2500 τοῦ
1712 2448 1961 2500 ἐνυπνίου

348 2596 351 2599 _
373 2532 600 2602 πομπὴν
616 2523 736 2604 ’(82)
753 2533 859 2587 ὑπὸ
878 2535 1002 2599 Διὸς
1023 2534 1099 2606 τῷ
1126 2536 1507 2608 ’Δγαμέμνονν
1529 2537 1652 2591 Οὐδ’
1670 2536 1960 2608 Αἰσχύλου,

369 2625 503 2680 ὅταν
532 2627 606 2696 φῇ
651 2627 684 2697 ἡ
718 2625 878 2692 Θέτις
913 2627 1007 2682 τὸν
1041 2629 1283 2683 ’Δπόλλω
1319 2631 1379 2684 ὲν
1404 2632 1516 2693 τοῖς
1554 2629 1724 2700 αὐτῆς
1761 2629 1964 2701 γάμοις

368 2716 585 2789 ᾅδοντα·

2059 2016 2130 2030 -
2161 1990 2392 2046 Mendax
2435 1990 2601 2061 igitur
2646 1989 2701 2045 in
2748 1990 2860 2045 Deo
2908 2000 3069 2061 poeta
3116 2007 3227 2045 non
3270 1999 3373 2048 est.
3402 2020 3475 2032 --
3505 1990 3641 2047 Mihi

2062 2082 2281 2153 quidem
2332 2098 2441 2136 non
2493 2083 2724 2137 videtur.
2773 2111 2837 2121 —
2888 2084 2970 2136 An
3001 2098 3132 2137 vero
3167 2083 3405 2137 hostium
3452 2082 3642 2138 metu?

2062 2174 2235 2229 Absit.
2253 2203 2323 2213 —
2339 2174 2418 2227 An
2438 2182 2663 2244 propter
2685 2173 2986 2229 amicorum
3005 2174 3395 2229 autstultitiam
3427 2182 3523 2229 aut
3549 2174 3641 2229 fu-

2061 2263 2278 2318 rorem?
2319 2291 2393 2305 -—
2440 2262 2510 2318 At
2564 2262 2784 2328 stultus,
2837 2262 3035 2333 inquit,
3080 2264 3432 2335 furiosusque
3481 2279 3644 2321 nemo

2062 2354 2272 2410 amicus
2325 2353 2437 2410 Deo
2484 2369 2607 2409 esse
2655 2362 2853 2423 potest.
2890 2352 3085 2409 Causa
3131 2354 3297 2425 igitur
3346 2355 3482 2410 nihil
3533 2362 3640 2421 est,

2063 2446 2423 2516 quamobrem
2474 2445 2770 2501 mentiatur
2802 2444 2969 2501 Deus.
2997 2472 3071 2485 —-
3096 2444 3262 2501 Nihil.
3307 2476 3381 2487 —
3421 2446 3643 2502 Semota

2062 2554 2194 2611 ergo
2223 2538 2293 2594 ah
2320 2538 2472 2594 omni
2519 2537 2806 2593 mendacio
2854 2545 2941 2593 est
2976 2537 3265 2593 numinum
3304 2538 3644 2609 deorumque

2064 2636 2283 2686 natura.
2334 2657 2405 2670 —-
2452 2628 2711 2692 Omnino,
2743 2627 2940 2697 inquit.
2986 2658 3058 2669 —
3099 2626 3244 2685 Deus
3285 2629 3449 2699 igitur
3471 2640 3643 2700 quam

2065 2719 2509 2790 simplicissimus
2538 2726 2644 2785 est,
2673 2716 2928 2787 idemque
2952 2726 3063 2772 tam
3088 2734 3169 2784 re,
3200 2735 3365 2789 quam
3394 2721 3645 2776 oratione

368 2810 713 2878 verissimus,
754 2826 855 2867 nec
900 2820 1143 2868 mutatur
1200 2814 1335 2885 ipse,
1379 2829 1481 2870 nec
1543 2814 1682 2870 alios
1712 2823 1807 2870 aut
1843 2812 2099 2869 simulata
2162 2810 2363 2883 specie,
2428 2817 2524 2864 aut
2557 2808 2760 2872 verbis,
2807 2817 2902 2864 aut
2944 2809 3227 2880 signorum
3259 2810 3507 2879 ostentis,
3547 2819 3645 2869 aut

367 2905 524 2971 visis,
580 2915 676 2960 aut
721 2908 984 2977 somniis,
1027 2907 1084 2963 in
1124 2925 1369 2967 errorem
1446 2911 1668 2967 inducit.
1739 2910 1933 2966 Restat
1979 2910 2165 2982 igitur,
2236 2916 2299 2963 ut
2340 2906 2636 2963 secundam
2702 2904 2845 2961 hanc
2884 2904 3118 2960 formam
3165 2921 3286 2963 esse
3348 2910 3638 2977 concedas,

366 3017 534 3073 quam
578 3011 828 3059 oratores
884 3013 939 3061 et
998 3015 1191 3077 poetae,
1236 3020 1361 3062 cum
1405 3006 1474 3062 de
1518 3007 1625 3063 diis
1668 3008 1993 3078 loquuntur,
2050 3002 2250 3061 intueri
2293 2992 2545 3067 debeant,
2600 3013 2696 3055 eos
2743 3013 2844 3054 nec
2891 3013 3014 3055 sese
3066 3008 3325 3071 tanquam
3367 3003 3640 3059 veneﬁcos

353 3097 681 3185 immutare,
721 3116 824 3157 nec
857 3101 1057 3170 verbis,
1087 3111 1181 3158 aut
1240 3117 1300 3159 re
1347 3098 1465 3174 ipsa
1524 3105 1857 3171 mentiendo,
1921 3102 2084 3158 nobis
2142 3100 2441 3171 imponere.
2471 3127 2539 3136 —
2564 3093 2838 3151 Concedo.
2871 3123 2942 3133 —
2974 3093 3162 3165 Itaque
3204 3093 3523 3168 Homerum,
3580 3106 3643 3155 ut

365 3194 427 3251 in
461 3194 584 3250 aliis
609 3196 884 3267 plerisque
928 3197 1235 3279 laudemus,
1280 3199 1337 3254 in
1394 3214 1460 3255 eo
1517 3209 1700 3255 tamen
1763 3216 1872 3256 non
1937 3200 2306 3270 laudabimus,
2364 3200 2511 3272 quod
2556 3202 2831 3257 somnium
2871 3200 3002 3257 illud
3029 3200 3422 3272 Agamemnoni
3454 3196 3642 3255 aJove

363 3286 677 3347 immissum
742 3293 1085 3349 conﬁnxerit.
1136 3293 1302 3367 647
1358 3293 1469 3351 Nec
1515 3294 1836 3368 Eschylum
1906 3296 2297 3369 probabimus,
2357 3311 2485 3352 cum
2538 3292 2827 3352 Thetidem
2901 3295 3237 3362 introducit,
3305 3292 3634 3365 Apollinem,

366 3386 545 3458 ipsum
576 3402 739 3459 quem
784 3388 844 3444 in
881 3390 997 3446 suis
1050 3390 1142 3445 illa
1175 3391 1382 3462 nuptiis
1414 3401 1693 3448 cautorem
1744 3394 2033 3462 habuerat,

448 3499 876 3577 Ἐνδαιτεῒσᾷαι
898 3503 1010 3577 (85)
1040 3504 1147 3570 τὰς
1180 3504 1284 3577 ἑὰς
1303 3503 1637 3577 εὐπαιδίας,
1983 3514 2026 3571 C

437 3571 657 3650 ΙΪᾴσων
684 3571 1078 3650 τεάστείροῂς,
1108 3576 1207 3650 καὶ
1230 3571 1608 3650 μακραίωνος
1627 3577 1773 3641 βίου
1814 3580 1948 3650 (84),

437 3641 768 3726 adgrauare/ri
797 3646 845 3697 τ’
874 3641 1081 3726 εὶπὼν,
1107 3641 1403 3726 θεοφιλεῖς
1432 3641 1791 3726 ἐμὰς-τύχας

438 3711 640 3787 rem
672 3714 1129 3787 ἐπευφήμησεν,
1167 3711 1597 3787 ea.

440 3782 717 3859 ,τὸ
752 3782 1167 3859 Φρίϐὀυθεῖον
1202 3782 1466 3859 gis-imm
1500 3782 1699 3859 στόμα

441 3852 723 3935 ᾟλέιζον
746 3851 931 3935 εἶναι,
965 3851 1461 3935 [lanigeri-£9150};
1482 3851 1703 3935 τέχὶῃ.

451 3923 516 4017 Η
536 3923 592 4017 6;
614 3923 800 4017 αὺιςιές
830 3923 1056 4017 φιτρῶν,
1095 3923 1279 4017 αὐτὸς
1304 3923 1375 3980 ἓν
1400 3923 1573 4017 θοξ
1585 3923 1811 4017 ἒτάξρὼν,

437 3994 632 4061 Αὐτὸς
654 3994 783 4048 τάδ’
808 3996 1013 4059 εἰπὼν,
1044 3999 1228 4063 αὐτός
1249 3998 1424 4052 ἐστιν
1452 4003 1485 4053 d
1510 3994 1746 4055 κτανὼν

445 4065 559 4121 Τὸν
595 4065 782 4119 παῖδα
818 4065 927 4120 τὸν
960 4067 1127 4135 ἐμόν.

2201 3508 2400 3562 Risisse
2427 3515 2619 3577 sortem
2643 3506 2807 3576 prolis
2838 3507 3099 3577 egregiam
3118 3520 3250 3567 sum.

2207 3578 2342 3648 Mihi
2369 3594 2492 3631 nam
2522 3575 2773 3648 valentes,
2803 3575 2969 3648 atque
2989 3577 3248 3648 longaevos
3282 3575 3396 3644 fore

2204 3647 2344 3702 Dum
2374 3658 2582 3701 caneret
2618 3648 2729 3716 ipse
2754 3646 2970 3710 liberos,
2999 3646 3323 3715 nil’insuper

2206 3717 2331 3773 Non
2363 3726 2546 3787 sponte
2572 3732 2723 3786 paen
2750 3717 2979 3783 addidit,
3008 3720 3223 3770 citarem
3246 3716 3360 3787 deis

2215 3786 2419 3869 zocans
2450 3797 2739 3869 parentem,
2769 3804 2952 3869 meque
2984 3786 3177 3869 (iutilia
3203 3786 3445 3869 egerem,

2203 3855 2466 3928 Equidem
2498 3858 2674 3912 subire
2697 3855 2905 3928 fraudis
2930 3874 2993 3911 ac
3024 3856 3154 3926 falsi
3184 3855 3317 3928 nihil

2206 3927 2400 3983 Divina
2429 3928 2565 3982 vatis
2600 3944 2697 3980 ora
2726 3927 3053 3981 credideram
3080 3927 3242 3980 sacri.

2205 3998 2310 4069 ιιισ
2337 4000 2445 4069 ipse
2466 4013 2638 4069 puero
2670 4005 2956 4069 ποιων-,οε
2978 4011 3176 4069 mensa;
3186 4011 3389 4069 eomes.

2204 4065 2412 4124 Cuncta
2435 4065 2534 4122 illa
2550 4068 2793 4137 factum,
2823 4065 2997 4136 filium
3028 4066 3221 4121 occidit
3246 4083 3460 4135 meum.,

366 4179 539 4232 ’Ὅταν
587 4195 673 4243 τις
718 4176 942 4233 τοιαῦτα
985 4179 1121 4251 λέγῃ
1159 4182 1285 4251 περ)⁸
1326 4181 1487 4245 θεῶν,
1538 4182 1953 4255 χαλεπανοῦμέν

2060 4177 2181 4235 Haec
2209 4179 2522 4249 similiaque
2547 4178 2616 4234 de
2638 4177 2745 4234 diis
2770 4192 2802 4233 a
2832 4192 3162 4249 quocunque
3187 4178 3461 4245 dicantur,
3493 4177 3635 4235 fere-

361 4282 449 4332 τε,
477 4267 573 4321 καὶ
597 4267 758 4340 χορὸν
785 4269 847 4322 οὐ
875 4266 1118 4340 δώσομεν
1144 4268 1278 4339 (85),
1305 4270 1428 4324 οὐδὲ
1451 4273 1577 4336 τοὺς
1602 4272 1952 4338 διδασκάλους

2060 4285 2182 4326 mus
2230 4269 2490 4341 graviter,
2540 4282 2644 4324 nec
2685 4267 2895 4338 legendi
2941 4267 3283 4339 docendique
3331 4269 3485 4324 chori
3527 4284 3631 4340 po-

364 4360 605 4431 ἐάσομεν
633 4361 727 4415 ἐπὶ
754 4361 970 4433 παιδείᾳ
1001 4361 1237 4436 χρῆσθαι
1265 4360 1372 4416 τῶν
1397 4362 1554 4428 νέων,
1589 4366 1636 4417 εί
1669 4365 1952 4436 μέλλουσιν

2060 4371 2304 4419 testatem
2330 4362 2379 4416 ei
2412 4360 2700 4426 faciemus,
2733 4373 2835 4413 nec
2868 4358 2938 4415 iis
2972 4368 3331 4429 praeceptores
3368 4360 3424 4415 in
3447 4359 3635 4431 junio-

362 4458 503 4529 ἡμῖν
547 4459 597 4510 οἱ
640 4456 880 4525 φύλακες
927 4454 1202 4520 θεοσεδεῖς
1245 4473 1306 4509 τε
1353 4457 1449 4511 καὶ
1479 4455 1611 4512 θεῖοι
1643 4458 1948 4528 γίγνεσθαι,

2060 4454 2208 4509 ribus
2236 4450 2601 4506 informandis
2646 4449 2795 4505 abuti
2839 4449 3143 4518 patiemur;
3196 4449 3243 4505 si
3294 4450 3461 4505 modo
3490 4450 3628 4521 reip.

363 4548 597 4604 καθόσον
619 4546 718 4602 ἀνθ
727 4547 892 4618 ρώπῳ
911 4546 1006 4601 ἐπὶ
1023 4546 1275 4601 πλεῖστον
1290 4540 1402 4600 οἷόν
1419 4562 1576 4601 τε.-
1592 4546 1945 4603 Παντάπασιν

2060 4553 2252 4600 nostrae
2279 4541 2537 4599 custodes
2576 4542 2860 4613 religiosos
2904 4549 2978 4607 et,
3018 4548 3285 4612 quantum
3327 4541 3538 4597 homini
3567 4541 3636 4597 li-

364 4640 497 4712 ἔφη,
540 4639 716 4709 ἔγωγε
760 4638 888 4703 τοὺς
929 4638 1135 4703 τύπους
1175 4636 1397 4702 τούτους
1439 4638 1708 4709 συγχωρῶ
1745 4640 1840 4692 καὶ
1875 4639 1950 4703 ὼς

2060 4645 2160 4702 cet,
2187 4635 2403 4690 divinos
2432 4634 2636 4690 habere
2669 4634 2979 4704 cupiamus.
3008 4662 3078 4674 —
3111 4633 3225 4706 Ego
3248 4649 3399 4699 vero,
3432 4634 3633 4705 inquit,

364 4732 555 4805 νόμοις
600 4731 666 4787 ἂν
707 4731 891 4796 αὐτοῖς
926 4730 1174 4802 χρῴμην.
1204 4749 1223 4782 ι
1271 4729 1458 4785 Ταῦτα
1503 4730 1603 4801 μὲν
1645 4733 1676 4785 ὁ
1702 4730 1947 4784 Πλάτων.

364 4822 564 4896 Εὖροις
592 4823 638 4877 δ’
669 4823 737 4877 ἂν
760 4822 861 4895 τὴν
892 4821 1158 4893 Ἐϐραίων
1182 4820 1421 4892 γραφὴν,
1451 4820 1698 4891 οὐδαμῶς
1726 4821 1826 4891 μὲν
1857 4820 1952 4891 μύ-

365 4916 495 4979 θους
517 4917 782 4988 αἰσχροὺς
806 4915 937 4982 περὶ
952 4914 1048 4968 τοῦ
1068 4914 1177 4968 τῶν
1202 4912 1341 4967 ὅλων
1361 4912 1519 4977 Θεοῦ,
1542 4912 1658 4966 ἀλλ’
1679 4913 1800 4966 οὐδὲ
1821 4914 1952 4984 περὶ

364 5007 478 5062 τῶν
508 5008 645 5079 ἀμφ’
664 5007 827 5060 αὑτὸν
873 5006 1031 5060 θείων
1067 5006 1335 5076 ἀγγέλων,
1372 5005 1497 5059 οὐδὲ
1546 5022 1611 5074 γε
1668 5006 1800 5077 περὶ
1837 5003 1949 5059 τῶν

366 5099 629 5170 θεοφιλῶν
670 5097 903 5170 ἀνδρῶν,
936 5097 1135 5169 ὁμοίως
1168 5101 1289 5161 ταῖς
1330 5097 1672 5170 Ἑλληνικαῖς
1718 5096 1949 5168 μυθολο-

366 5194 516 5264 γίαις
534 5211 602 5246 πε
611 5194 910 5265 ριέχουσαν⁹
936 5193 1028 5247 τὸν
1043 5191 1100 5244 δὲ
1119 5191 1226 5244 ὑπὸ
1242 5190 1337 5245 τοῦ
1354 5190 1641 5256 Πλάτωνος
1659 5190 1951 5246 ἐκτεθέντα

355 5286 557 5349 τύπον,
588 5284 671 5336 ὅτι
718 5299 778 5335 τε
807 5281 1009 5351 ἀγαθὸς
1052 5281 1129 5335 ὢν
1166 5283 1195 5334 ό
1223 5281 1357 5349 Θεὸς
1400 5282 1692 5354 τυγχάνει,
1741 5283 1836 5335 καὶ
1876 5283 1948 5337 τὰ

357 5507 369 5520 ,
603 5436 921 5491 Ἐ’νυπνίου
980 5434 1247 5506 πομπήν.
1304 5435 1578 5492 Homerus
1636 5433 1804 5490 Iliad.
1868 5436 1947 5501 Β,

355 5518 549 5648 '“'(‘§%‘)
604 5575 1044 5648 ’Er§atteio‘0at.
1101 5573 1226 5632 Hac
1271 5574 1411 5644 apud
1470 5574 1790 5648 A_S_scbylum
1839 5592 1948 5648 non

365 5644 489 5716 legi.
518 5647 674 5717 Apud
702 5644 984 5701 Platonem
1013 5654 1098 5700 est
1120 5649 1471 5717 ἐνδατεισθαι.
1498 5644 1771 5717 Hesychia
1794 5647 1949 5700 ἐνδα-

361 5714 626 5788 τοῖδμένὴ,
657 5732 761 5769 non
814 5725 1025 5770 tantum
1061 5714 1544 5784 ἐπιλαμϐανομένη
1566 5756 1582 5780 ,
1611 5714 1945 5787 μερίζουσα,

365 5788 462 5840 sed
504 5787 669 5840 etiam
716 5785 1122 5840 ἐνδατούμενος.
1169 5786 1331 5838 οἱονεὶ
1378 5785 1561 5840 κακῶς
1602 5786 1776 5840 λέγων
1811 5802 1945 5840 σωο-

365 5802 462 5841 ευα
504 5802 669 5841 etiam
716 5802 1122 5855 ενοατουμενος,
1169 5802 1331 5838 οιονει
1378 5802 1561 5849 κακως
1604 5802 1776 5853 Αεγων
1811 5802 1945 5854 σφο-

365 5857 530 5926 δρῶς.
556 5854 656 5912 llic
680 5856 891 5912 videtur
912 5870 1035 5913 esse
1057 5852 1435 5920 ὲνδαιτείσθαι,
1465 5870 1561 5913 seu
1590 5855 1945 5929 ἐνδατεῖσθαι,

2053 4726 2260 4782 formas
2295 4725 2416 4781 illas
2458 4726 2808 4782 vehementer
2841 4727 3036 4796 probo,
3065 4726 3243 4797 iisque
3266 4735 3524 4796 tanquam
3553 4726 3630 4781 le-

2053 4818 2213 4889 gibus
2241 4817 2480 4873 maxime
2511 4819 2591 4873 uti
2624 4817 2811 4873 velim.
2846 4837 2866 4871 ι
2903 4817 3180 4874 Hactenus
3202 4817 3377 4874 Plato.
3406 4817 3525 4873 Jam
3569 4819 3625 4873 in

2052 4908 2409 4965 Hebraeorum
2452 4910 2672 4977 litteris,
2720 4926 2993 4980 nusquam
3036 4912 3281 4977 omnino,
3333 4920 3520 4982 turpes
3559 4913 3629 4968 de

2052 5000 2292 5056 universi
2319 5000 2666 5057 moderatore
2711 5000 2840 5068 Deo,
2870 5017 2936 5058 ac
2982 5018 3048 5057 ne
3075 5003 3143 5057 de
3174 5003 3376 5059 divinis
3398 5004 3621 5074 quidem

2052 5093 2226 5163 ipsius
2275 5094 2504 5164 angelis,
2539 5094 2650 5149 imo
2695 5109 2796 5149 nec
2839 5095 2905 5149 de
2959 5095 3273 5151 hominibus
3304 5096 3471 5150 etiam
3516 5094 3629 5152 Deo

2053 5186 2234 5242 charis
2284 5184 2535 5253 fabulas,
2584 5185 2790 5242 Graecis
2836 5186 2945 5242 illis
2984 5187 3191 5243 similes
3249 5188 3511 5258 reperias.
3561 5189 3631 5240 At

2051 5279 2317 5334 sancitam
2360 5279 2508 5334 illam
2539 5294 2573 5333 a
2611 5278 2837 5335 Platone
2879 5279 3111 5335 formam
3148 5281 3352 5350 passim
3382 5281 3629 5335 invenias

2048 5438 2108 5510 ὲν
2138 5438 2293 5508 δαιτῇ
2324 5438 2754 5510 κατειρωνεύειν.
2788 5436 2993 5510 Sensus
3018 5437 3235 5508 quidem
3270 5438 3322 5493 id
3362 5437 3621 5509 postulat.

2047 5507 2404 5563 Ficinus'hoc
2431 5507 2656 5563 verbum
2689 5507 2944 5577 praeterit.

2120 5576 2811 5650 (8:4)_Maxpalwroc_.ﬂlov.
2836 5576 2952 5633 Hoc
2976 5578 3120 5633 malo
3147 5594 3306 5649 quam
3336 5578 3621 5650 μακραίω-

2045 5665 2140 5711 νας
2173 5648 2341 5717 βίους,
2372 5657 2434 5702 ut
2466 5649 2609 5716 apud
2634 5648 2934 5717 Platonem.

2120 5716 2233 5786 (8’5)
2255 5717 2447 5784 Χορὸν
2477 5719 2549 5771 οὺ
2578 5717 2866 5788 δώσομεν.
2898 5716 3080 5786 Neque
3105 5717 3158 5772 id
3188 5718 3350 5772 vertit
3378 5717 3624 5775 Ficinus.

2048 5787 2242 5843 Notum
2286 5797 2369 5842 est
2420 5789 2514 5855 qui
2570 5787 2887 5858 tragaédiam
2936 5788 3198 5853 docebat,
3242 5789 3370 5843 huic
3415 5788 3623 5858 legendi

2048 5873 2267 5931 quoque
2306 5857 2643 5926 docendique
2663 5857 2832 5915 ’chori
2874 5866 3197 5928 potestatem
3231 5860 3350 5915 tieri
3383 5857 3621 5916 solitam.
