4122 6410
508 361 653 445 1615

1170 387 1439 445 EUSEBH
1472 386 1949 446 CESARIENSIS
1991 387 2142 442 OPP.
2185 386 2365 442 PARS
2402 385 2469 441 11.
2505 412 2574 426 -
2608 385 3125 441 APOLOGE'I'ICA.'

3618 388 3765 437 1076

499 504 646 567 licet,
670 500 788 559 Non
813 504 977 560 modo
1005 503 1208 558 bonum
1243 519 1365 560 esse
1394 503 1586 569 Deum,
1617 504 1712 560 sed
1732 507 1894 559 etiam
1924 519 2070 575 quae-

2177 502 2310 573 πρὸς
2342 502 2505 556 αὑτοῦ
2536 501 2799 570 γεγονότα
2824 500 3024 565 πάντα,
3057 498 3299 553 τοιαῦτα.
3348 498 3460 567 Ἐφ’
3492 498 3516 528 ³
3545 498 3766 570 ἑκάστῳ

499 613 719 669 cunque
750 597 957 665 fecerit,
983 596 1038 651 in
1068 597 1327 653 bonitatis
1359 612 1473 653 suae
1504 597 1948 652 communionem
1982 612 2078 651 vo-

494 705 671 747 casse.
721 689 865 745 Sane
907 689 1131 760 quidem
1177 688 1514 746 admirabilis
1539 690 1642 760 iille
1681 688 1929 761 Moyses,
1955 698 2078 759 post

496 782 682 849 operis
717 782 1011 852 cujuslibet
1042 781 1443 836 enarrationem
1489 781 1757 851 adjungit,
1796 800 1814 833 ι
1851 779 1920 834 Et
1946 781 2078 836 vidit

500 871 644 926 Deus
677 873 823 943 quod
867 872 1073 927 bonum
1111 880 1273 938 erat;
1313 891 1333 924 ι
1369 872 1623 942 idemque
1666 881 1787 942 post
1827 873 2076 927 omnium

495 964 917 1034 expositionem,
964 963 1033 1018 de
1058 963 1333 1019 universis
1378 964 1633 1020 universe
1674 964 1749 1019 ita
1776 965 2073 1030 concludit,

502 1071 523 1104 ι
561 1052 628 1108 Et
658 1052 793 1108 vidit
827 1053 968 1109 Deus
1009 1054 1195 1109 omnia
1225 1069 1348 1123 quae
1398 1053 1622 1121 fecerat,
1652 1067 1705 1109 et
1738 1064 1897 1109 erant
1921 1054 2077 1109 valde

496 1143 662 1198 bona.
720 1162 742 1195 ι
795 1141 1084 1207 Praeterea,
1142 1157 1434 1197 commune
1484 1140 1840 1197 Hebraeorum
1880 1142 2074 1211 dogma

497 1234 603 1288 hoc
649 1242 752 1299 est,
788 1233 1058 1288 malorum
1102 1242 1381 1287 auctorem
1431 1232 1598 1287 Deum
1640 1248 1751 1286 non
1795 1245 1936 1286 esse.
1989 1229 2075 1284 Si.

498 1325 718 1395 quidem
754 1340 854 1381 nec
884 1334 1114 1379 mortem
1148 1322 1276 1379 fecit
1307 1322 1475 1387 Deus,
1521 1338 1623 1378 nec
1655 1322 1951 1376 viventium
1983 1321 2071 1375 in-

498 1415 659 1469 teritu
702 1414 1022 1470 delectatur.
1070 1411 1141 1468 lit
1188 1415 1333 1468 enim
1376 1421 1580 1477 essent,
1621 1411 1805 1468 omnia
1846 1409 2071 1478 creavit,

497 1516 733 1578 suntque
776 1507 1042 1563 salutares
1093 1521 1159 1560 ex
1208 1520 1328 1562 sese
1386 1503 1577 1559 mundi
1633 1502 2011 1570 generationes
2053 1519 2069 1556 :

503 1620 521 1652 ι
579 1600 785 1653 Invidia
832 1609 1017 1654 autem
1064 1598 1267 1653 diaboli
1315 1612 1465 1653 mors
1526 1595 1751 1650 intravit
1791 1595 1847 1649 in
1909 1610 2070 1649 mun-

495 1695 625 1747 dum
661 1692 702 1747 ⁸.
741 1711 760 1744 ι
804 1690 1174 1758 Quamobrem
1218 1706 1249 1744 a
1297 1690 1558 1761 propheta
1605 1688 1748 1743 Deus
1786 1689 1949 1743 etiam
1983 1688 2072 1742 in-

495 1785 822 1851 troducitur,
853 1775 1069 1840 cum'eo
1093 1784 1187 1853 qui
1218 1793 1409 1853 suapte
1435 1783 1712 1838 voluntate
1747 1781 1924 1836 malus
1944 1796 2071 1837 eva-

2178 595 2224 647 δ’
2245 590 2336 649 οὖν
2350 594 2457 648 τῶν
2482 595 2544 667 δη
2555 612 2677 665 μιου
2688 595 2984 664 ργημάτων
3017 595 3046 645 6
3067 591 3373 661 θαυμάσιος
3409 592 3617 663 Μωσῆς
3648 594 3766 645 έπι-

2179 686 2365 754 λέγει·
2418 688 2562 741 «Καὶ
2596 684 2734 739 εἶδεν
2771 689 2799 739 6
2828 685 2980 749 Θεὸς,
3008 687 3089 739 ὃτι
3121 685 3283 739 καλόν
3305 703 3318 715 ·
3352 705 3373 737 ι
3408 685 3503 738 ὲπί
3534 703 3595 739 τε
3627 686 3765 740 πᾶσι

2177 778 2271 830 τὸν
2318 778 2445 848 περὶ
2489 778 2701 831 πάντων
2766 775 3333 846 συγκεφαλαιούμενος
3390 775 3549 843 λόγον
3604 775 3761 847 φησί·

2184 869 2323 921 «Καὶ
2360 864 2499 921 εἶδεν
2540 870 2570 920 6
2593 867 2725 933 Θεὸς
2754 870 2932 922 πάντα
2956 869 3058 922 ὅσα
3083 868 3326 938 ἐποίησε,
3356 869 3449 921 καὶ
3476 868 3586 921 ἰδοὺ
3621 866 3765 921 καλά

2174 958 2315 1013 λίαν.
2350 979 2369 1011 ι
2423 960 2612 1030 Δόγμα
2642 960 2687 1012 δ’
2723 959 2989 1031 Ἐϐραίων
3017 959 3138 1011 ἐστὶ
3175 960 3272 1013 καὶ
3302 959 3365 1012 τὸ
3396 964 3473 1030 μη
3502 956 3644 1013 εἶναι
3667 959 3762 1013 τὸν

2178 1051 2311 1107 Θεὸν
2342 1053 2527 1107 κακῶν
2556 1055 2725 1107 αἴτιον
2744 1069 2758 1081 ·
2797 1054 2845 1104 εἰ
2866 1052 2929 1124 δὴ
2959 1054 2988 1105 6
3018 1051 3149 1115 Θεὸς
3177 1051 3403 1106 θάνατον
3435 1052 3536 1105 οὐκ
3567 1052 3763 1124 ἐποίη-

2179 1163 2289 1211 σεν,
2317 1146 2437 1199 οὐδὲ
2465 1145 2724 1217 τέρπεται
2752 1144 2841 1198 ἐπ’
2870 1143 3117 1215 ἀπωλείᾳ
3153 1141 3370 1207 ζώντων
3387 1161 3402 1174 ·
3435 1143 3622 1197 ἔκτισε
3647 1143 3763 1215 γὰρ

2175 1242 2257 1303 εἰς
2287 1239 2349 1292 τὸ
2372 1234 2511 1292 εἶναι
2537 1237 2607 1291 τὰ
2644 1237 2844 1301 πάντα,
2875 1236 2970 1290 καὶ
3003 1238 3259 1308 σωτήριοι
3300 1237 3359 1289 αἰ
3393 1237 3638 1305 γενέσεις
3660 1235 3759 1289 τοῦ

2174 1331 2415 1400 κόσμου·
2465 1347 2484 1380 ι
2511 1328 2695 1399 Φθόνῳ
2735 1327 2792 1380 δὲ
2833 1327 3077 1382 διαϐόλου
3124 1326 3354 1391 θάνατος
3387 1326 3641 1398 εἰσῆλθεν
3678 1329 3764 1391 εἰς

2172 1421 2266 1474 τὸν
2289 1421 2513 1491 κόσμον.
2546 1440 2565 1472 ι
2604 1422 2695 1475 Διὸ
2736 1422 2833 1474 καὶ
2878 1419 3032 1490 παρὰ
3077 1418 3155 1489 τῷ
3200 1420 3457 1491 προφήτῃ
3505 1419 3760 1489 εἰσῆκται

2173 1513 2349 1583 λέγων
2388 1515 2419 1567 ὁ
2464 1514 2597 1577 Θεὸς
2625 1552 2641 1577 ,
2691 1512 2826 1584 πρὸς
2871 1511 2962 1565 τὸν
3001 1510 3063 1576 ἐξ
3115 1511 3321 1575 οἰκείας
3384 1510 3762 1582 προαιρέσεως

2174 1608 2340 1661 κακὸν
2364 1607 2727 1678 γεγενημένον
2745 1624 2757 1635 ·
2799 1625 2818 1656 ι
2842 1603 2982 1673 Ἐγὼ
3027 1605 3085 1658 δὲ
3109 1605 3381 1675 ὲφύτευσά
3421 1621 3481 1658 σε
3510 1604 3761 1676 ἄμπελον

2178 1701 2550 1771 καρποφόρον,
2579 1701 2757 1754 πᾶσαν
2790 1698 3077 1770 ἀληθινήν·
3118 1699 3236 1761 πῶς
3269 1697 3551 1770 ὲστράφης
3580 1700 3662 1761 εἰς
3687 1697 3761 1751 τὰ

2171 1792 2379 1856 ὀπίσω,
2422 1794 2456 1862 ἠ
2483 1791 2726 1862 ἄμπελος
2763 1794 2799 1862 ἡ
2835 1790 3117 1862 ἀλλοτρίας
3146 1810 3163 1842 ι
3205 1790 3269 1844 Εἰ
3303 1789 3362 1843 δέ
3408 1807 3512 1843 που
3540 1790 3761 1859 λέγοιτο

493 1887 660 1942 serat,
696 1878 844 1932 hunc
876 1876 932 1930 in
967 1877 1193 1931 modum
1220 1876 1620 1945 expostulatis:
1654 1895 1674 1929 ι
1728 1876 1842 1947 Ego
1886 1884 2069 1931 autem

2176 1880 2322 1934 κακά
2361 1884 2475 1944 τοῖς
2515 1880 2738 1949 φαύλοις
2774 1882 2840 1934 ὲκ
2887 1879 3021 1934 Θεοῦ
3065 1878 3416 1950 συμϐαίνειν,
3445 1878 3760 1951 ὁμωνύμως

494 1969 735 2036 plantavi
765 1977 820 2024 te
847 1968 1061 2023 vineam
1090 1967 1453 2032 fructiferam,
1476 1977 1647 2024 totam
1679 1982 1862 2023 veram
1896 1986 1911 2017 :
1943 1981 2075 2037 quo-

492 2060 656 2116 modo
698 2075 960 2116 conversa
1009 2076 1068 2115 es
1108 2068 1275 2124 retro,
1318 2059 1475 2115 vinea
1516 2060 1695 2115 aliena
1742 2061 1783 2114 ².
1830 2078 1850 2112 ι
1888 2057 2075 2114 Sicubi

494 2163 677 2206 autem
721 2151 992 2221 improbis
1020 2151 1285 2206 divinitus
1328 2151 1550 2205 evenire
1596 2150 1741 2205 mala
1787 2150 2069 2216 dicuntur,

492 2243 551 2298 id
575 2242 952 2313 accipiendum
982 2243 1058 2297 ita
1089 2256 1193 2308 est,
1220 2252 1280 2297 ut
1310 2243 1451 2297 mala
1491 2242 1662 2299 solius
1687 2244 2074 2298 communione

491 2333 645 2388 vocis
677 2347 852 2402 pana:
894 2333 998 2388 illa:
1045 2334 1417 2402 nominentur,
1448 2349 1587 2404 quas
1634 2332 1781 2389 Deus
1818 2350 1917 2404 per
1952 2349 2075 2390 sese

491 2425 692 2491 bonus,
728 2425 795 2479 ad
827 2440 1040 2489 eorum,
1077 2425 1280 2495 quibus
1324 2424 1715 2489 immittuntur,
1745 2439 1854 2480 non
1884 2426 2071 2495 perni-

492 2518 657 2580 ciem,
704 2515 799 2572 sed
839 2517 1122 2572 utilitatem
1172 2527 1228 2572 et
1272 2516 1623 2573 commodum
1661 2516 1904 2587 inﬂigere
1931 2517 2075 2572 dica-

490 2618 581 2661 tur
615 2626 630 2663 :
663 2609 1125 2677 quemadmodum
1153 2609 1321 2682 648
1351 2610 1618 2677 medicus,
1667 2609 1761 2679 qui
1807 2610 1876 2664 ad
1926 2610 2071 2664 labo-

492 2698 736 2753 rantium
769 2700 1022 2767 salutem,
1066 2701 1358 2756 molestum
1387 2709 1441 2755 et
1474 2717 1636 2772 grave
1662 2700 1962 2757 curationis
1987 2718 2073 2773 ge-

493 2805 598 2845 nus
627 2790 929 2858 adhiberet,
973 2791 1176 2846 malum
1222 2792 1290 2847 iis
1320 2791 1516 2846 all‘erre
1556 2802 1850 2863 pateretur.
1891 2791 2073 2858 Quare

489 2880 544 2934 in
577 2880 780 2935 divinis
821 2881 987 2936 etiam
1040 2882 1273 2952 paginis,
1325 2882 1637 2952 ubicunque
1684 2898 1717 2937 a
1780 2880 1893 2937 Deo
1927 2884 2069 2937 mala

488 2970 804 3026 hominibus
852 2971 1069 3026 immitti
1112 2972 1389 3037 dicuntur,
1444 2970 1758 3040 usurpanda
1800 2979 1929 3025 sunt
1976 2971 2066 3026 illa

488 3059 753 3130 Platonis,
789 3061 887 3119 abs
920 3062 1033 3118 Deo
1055 3063 1205 3132 justa
1248 3062 1502 3132 bonaque
1544 3062 1816 3132 proﬁcisci
1858 3044 2065 3126 omnia,

487 3169 718 3226 quaeque
767 3156 1085 3213 hominibus
1122 3157 1301 3211 tristia
1353 3156 1606 3227 malaque
1653 3156 1821 3210 videri
1865 3155 2063 3221 solent,
2091 3188 2137 3247 ε

491 3246 666 3317 Signis
694 3248 1023 3318 quibusdam
1070 3248 1273 3319 indigi;
1325 3256 1579 3302 caeterum
1621 3248 1716 3316 qui
1746 3248 2063 3318 puniantur,

486 3337 728 3394 fructum
755 3354 822 3394 ex
864 3340 933 3395 iis
971 3356 1164 3409 capere
1196 3359 1209 3393 :
1245 3339 1392 3409 quod
1438 3354 1549 3393 non
1583 3347 1793 3393 tantum
1825 3354 1856 3393 a
1900 3339 2069 3408 philo-

486 3431 683 3499 mpho,
720 3431 817 3486 sed
844 3433 1008 3486 etiam
1047 3448 1076 3485 a
1097 3429 1378 3500 Scriptura
1406 3431 1784 3494 conﬁrmatur,
1816 3430 1945 3484 dum
1968 3430 2065 3497 ait,

492 3539 513 3571 σ
568 3518 744 3587 Quem
791 3523 935 3577 enim
986 3522 1162 3594 diligit
1205 3522 1489 3588 Dominus,
1538 3523 1802 3592 castigat;
1836 3521 2070 3592 ﬂagellat

486 3630 671 3674 autem
703 3631 918 3673 omnem
949 3615 1139 3679 lilium,
1172 3629 1335 3685 quem
1365 3614 1556 3684 recipit
1590 3613 1630 3666 ³.
1671 3632 1690 3666 ι
1734 3611 1804 3667 At
1827 3628 1977 3680 vero,
2014 3621 2071 3667 et

491 3711 728 3767 miseros
757 3709 951 3773 fuisse,
988 3708 1080 3779 qui
1114 3723 1308 3779 poenas
1345 3722 1439 3763 eas
1485 3707 1838 3770 sustinerent,
1868 3716 1921 3761 et
1948 3706 2069 3760 illas

494 3812 680 3857 tamen
717 3803 886 3857 Deum
918 3799 1237 3877 immisisse,
1266 3799 1372 3854 hoc
1401 3808 1461 3853 ut
1487 3807 1644 3868 poeta
1671 3807 1853 3862 canat,
1885 3796 2067 3853 feren-

489 3893 621 3946 dum
668 3907 947 3962 nunquam
996 3892 1119 3945 erit.
1167 3890 1321 3957 Quod
1376 3889 1421 3944 si
1466 3889 1717 3944 homines
1764 3889 2066 3960 improbos,

487 3993 678 4054 utpote
711 3983 965 4046 miseros,
1011 3982 1483 4037 animadversione
1523 3995 1662 4052 opus
1707 3981 1967 4037 habuisse
1991 3981 2068 4036 di-

490 4088 695 4139 cerent,
727 4091 960 4146 eamque
993 4078 1121 4130 dum
1150 4077 1416 4140 subirent,
1447 4091 1605 4144 opem
1653 4076 1894 4131 sensisse
1925 4075 2068 4130 divi-

489 4185 642 4235 nam,
679 4170 944 4225 hactenus
980 4168 1032 4223 id
1070 4168 1285 4223 tolerari
1311 4168 1505 4238 possit.
1540 4167 1709 4222 Deum
1738 4178 1945 4234 autem,
1972 4168 2067 4237 qui

487 4276 588 4332 per
627 4276 748 4319 sese
779 4262 954 4318 bonus
996 4261 1087 4327 sit,
1132 4277 1355 4317 causam
1395 4261 1489 4316 ulli
1526 4261 1796 4316 malorum
1841 4276 1986 4324 esse,
2013 4261 2068 4316 id

487 4368 625 4410 vero
654 4370 723 4409 ne
757 4370 999 4424 unquam
1028 4354 1262 4416 dicatur,
1296 4354 1446 4408 omni
1478 4354 1687 4408 ratione
1716 4352 2067 4424 pugnandum

487 4444 613 4499 erit.
652 4442 922 4499 Praeterea
957 4442 1124 4498 Deum
1162 4443 1362 4497 mutari
1411 4460 1518 4498 non
1556 4459 1720 4514 posse
1761 4444 1921 4500 docet
1963 4442 2068 4500 Hec

2174 1973 2488 2038 ἀκουστέον,
2518 1973 2592 2037 ὡς
2615 1973 2724 2027 τῶν
2761 1972 3043 2044 τιμωριῶν
3076 1971 3220 2025 οὕτω
3264 1971 3640 2042 κεκλημένων,
3687 1973 3759 2035 εις

2175 2063 2378 2132 ἀγαθὸς
2405 2062 2480 2119 ὣν
2504 2066 2533 2118 6
2556 2064 2688 2128 Θεὸς
2718 2064 2819 2118 οὐκ
2845 2064 2939 2117 ἐπὶ
2973 2062 3143 2135 βλάϐῃ
3170 2062 3277 2116 τῶν
3301 2063 3757 2135 τιμωρουμένων,

2173 2158 2262 2211 ἐπ’
2305 2157 2542 2228 ὠφελείᾳ
2584 2158 2641 2211 δὲ
2694 2158 2790 2211 καὶ
2839 2156 3171 2228 συμφέροντι
3223 2155 3442 2225 λέγεται
3489 2156 3753 2225 ἐπάγειν·

2172 2248 2360 2321 ὥσπερ
2392 2249 2461 2304 ἂν
2509 2251 2605 2305 καὶ
2654 2250 2835 2322 ἰατρὸς
2877 2251 2972 2303 ὲπί
3005 2249 3249 2321 σωτηρίᾳ
3287 2248 3396 2301 τῶν
3433 2248 3757 2320 καμνόντων

2174 2340 2318 2395 κακὰ
2343 2342 2616 2412 νομίζοιτο
2639 2342 2993 2413 προσφέρειν,
3023 2340 3123 2405 τὰς
3144 2340 3397 2409 ἀλγεινὰς
3425 2342 3521 2393 καὶ
3546 2340 3759 2412 πικρὰς

2173 2431 2487 2505 θεραπείας.
2545 2433 2637 2486 Διὸ
2694 2434 2790 2486 καὶ
2838 2433 2932 2486 ἐπὶ
2974 2432 3073 2503 τῆς
3127 2431 3277 2496 θείας
3328 2433 3570 2505 γραφῆς,
3624 2432 3756 2487 ἔνθα

2172 2524 2390 2597 εἴρηται
2415 2525 2565 2579 κακά
2594 2524 2901 2595 ἀνθρώποις
2929 2524 3231 2593 ἐπάγεσθαι
3261 2524 3367 2578 ὑπὸ
3388 2524 3483 2579 τοῦ
3501 2524 3663 2589 Θεοῦ,
3684 2524 3759 2581 τὰ

2172 2613 2325 2685 παρὰ
2354 2614 2433 2684 τῷ
2462 2614 2709 2669 Πλάτωνι
2748 2614 2988 2677 λεκτέον,
3016 2614 3094 2678 ὡς
3125 2632 3145 2664 ι
3169 2615 3227 2668 '0
3275 2615 3373 2685 μὲν
3404 2614 3538 2679 Θεὸς
3564 2615 3759 2671 δίκαιά

2170 2721 2228 2756 τε
2262 2705 2356 2756 καὶ
2383 2703 2562 2772 ἀγαθὰ
2607 2703 2913 2775 εἰργάζετο,
2958 2705 3051 2757 καὶ
3087 2704 3167 2757 ὅτι
3194 2703 3262 2756 τὰ
3302 2703 3626 2776 σκυθρωπὰ,
3660 2704 3758 2761 καὶ

2170 2793 2477 2866 ἀνθρώποις
2538 2794 2686 2848 κακὰ
2731 2795 3093 2865 νενομισμένα
3150 2796 3263 2856 τοῖς
3313 2792 3518 2847 τούτων
3579 2794 3756 2861 ἀξίοις

2169 2888 2408 2957 ἐπῆγεν·
2440 2905 2459 2937 ι
2515 2888 2563 2939 οἱ
2613 2886 2671 2940 δὲ
2715 2885 2950 2940 ῶνανται
3019 2884 3397 2955 κολαζόμενοι,
3463 2886 3525 2938 οὐ
3593 2886 3756 2956 μόνον

2169 2978 2312 3032 κατά
2357 2978 2447 3030 τὸν
2491 2976 2798 3047 φιλόσοφον,
2847 2975 2985 3030 ἀλλὰ
3021 2977 3116 3030 καί
3160 2976 3301 3029 κατὰ
3348 2976 3444 3047 τὴν
3485 2976 3754 3048 Ἑϐραίων

2170 3070 2387 3142 γραφὴν
2436 3069 2726 3137 λέγουσαν·
2776 3089 2797 3121 ι
2826 3071 2923 3123 Ὃν
2967 3068 3076 3141 γὰρ
3121 3069 3311 3141 ἀγαπᾷ
3358 3069 3584 3140 Κύριος,
3621 3088 3753 3124 παι-

2169 3161 2348 3215 δεύει·
2384 3162 2655 3232 ’μαστιγοῖ
2696 3160 2752 3214 δὲ
2794 3160 2973 3215 πάντα
3013 3160 3146 3225 υἱὸν,
3194 3160 3253 3213 ὃν
3301 3160 3687 3231 παραδέχεται.
3725 3179 3746 3213 ι

2182 3254 2269 3317 Ὦς
2296 3252 2341 3304 δ’
2369 3253 2541 3307 ἄθλιοι
2573 3255 2671 3325 μὲν
2724 3254 2771 3305 οἱ
2825 3252 2979 3323 δίκην
3036 3250 3289 3314 διδόντες,
3335 3246 3403 3322 ἦν
3449 3250 3496 3304 δ’
3552 3253 3582 3304 ὁ
3608 3250 3754 3322 δρῶν

2167 3345 2342 3399 ταῦτα
2376 3346 2406 3399 6
2426 3344 2591 3409 Θεὸς,
2624 3346 2724 3399 οὐκ
2766 3343 2953 3397 ἐατέον
2982 3342 3162 3411 λέγειν
3190 3342 3281 3395 τὸν
3310 3344 3576 3414 ποιητήν·
3608 3341 3751 3406 ἀλλ’,

2168 3438 2217 3489 εἰ
2256 3438 2376 3508 μὲν,
2403 3437 2487 3490 ὅτι
2524 3436 2821 3509 ἐδεήθησαν
2848 3434 3144 3500 κολάσεως,
3193 3433 3428 3503 λέγοιεν,
3459 3433 3537 3497 ὡς
3576 3433 3753 3488 ἄθλιοι

2168 3530 2350 3593 κακοὶ,
2391 3528 2624 3591 διδόντες
2664 3527 2723 3581 δὲ
2764 3527 2941 3598 δίκην,
2980 3524 3287 3595 ὠφελοῦντο
3319 3525 3424 3578 ὑπὸ
3459 3524 3554 3578 τοῦ
3590 3524 3748 3591 Θεοῦ,

2168 3621 2384 3674 ἐατέον·
2422 3618 2607 3673 κακῶν
2648 3619 2705 3673 δὲ
2744 3618 2916 3672 αἴτιον
2944 3616 3110 3686 φάναι
3136 3616 3268 3671 Θεόν
3300 3634 3405 3669 τινι
3442 3614 3753 3686 γίγνεσθαι,

2168 3712 2369 3781 ἀγαθὸν
2426 3711 2576 3777 ὄντα,
2626 3709 2990 3781 διαμαχητέον
3045 3710 3209 3763 παντὶ
3259 3708 3469 3780 τρόπῳ.
3500 3727 3521 3759 ι
3589 3708 3754 3763 Ἀλλὰ

2169 3806 2264 3859 καὶ
2319 3802 2447 3875 περὶ
2510 3802 2602 3855 τοῦ
2658 3802 2732 3874 μὴ
2793 3800 3136 3855 ἀλλοιοῦσθαι
3194 3800 3288 3854 τὸν
3337 3799 3471 3852 Θεὸν
3528 3801 3563 3870 ἡ
3619 3802 3753 3872 παρ’

2180 3895 2452 3967 Ἑϐραίοις
2482 3892 2788 3968 προφητεία
2829 3887 2931 3947 ὧδέ
2960 3910 3037 3964 πη
3073 3895 3139 3947 ὲκ
3168 3892 3460 3964 προσώπου
3490 3891 3586 3946 τοῦ
3612 3890 3751 3947 Θεοῦ

2167 3986 2407 4041 διδάσκει
2449 3987 2683 4054 λέγουσα
2706 4003 2721 4017 ·
2759 4004 2780 4038 ι
2805 3985 2949 4039 Διότι
2976 3984 3089 4054 ἐγὼ
3112 3986 3318 4057 Κύριος
3346 3988 3376 4039 6
3405 3985 3540 4049 Θεὸς
3570 3984 3751 4056 ὑμῶν,

2169 4078 2266 4133 καὶ
2309 4080 2411 4132 οὐκ
2453 4075 2776 4149 ἠλλοίωμαι.
2809 4095 2827 4127 ι
2863 4075 2969 4131 Καὶ
3014 4079 3073 4129 ἐν
3112 4079 3232 4140 ταῖς
3276 4076 3580 4145 θεολογίαις
3624 4076 3683 4129 δὲ
3719 4076 3755 4129 ὸ

2168 4171 2333 4226 Δαϐἰδ
2380 4172 2658 4240 ἀναφωνεῖ
2702 4171 2904 4240 λέγων·
2956 4189 2977 4222 ι
3005 4170 3214 4234 Πάντες
3257 4170 3334 4234 ὡς
3382 4171 3598 4242 ἰμάτιον
3641 4189 3751 4225 πα-

2167 4263 2583 4334 λαιωθήσονται,
2617 4264 2714 4317 καὶ
2743 4263 2876 4316 ώσεί
2915 4262 3259 4337 περιϐόλαιον
3302 4260 3497 4329 ἑλίξεις
3528 4264 3755 4327 αὐτοὺς,

2168 4355 2265 4407 καὶ
2302 4353 2719 4424 ἀλλαγήσονται.
2767 4355 2841 4407 Σὺ
2887 4352 2945 4406 δὲ
2998 4354 3028 4406 6
3080 4354 3243 4416 αὐτὸς
3288 4349 3358 4417 εἴ,
3400 4355 3497 4406 καὶ
3539 4354 3610 4407 τὰ
3652 4354 3751 4423 ἐτη

2172 4460 2265 4497 σου
2295 4445 2395 4498 οὐκ
2423 4444 2782 4514 ἐκλείψουσιν.
2808 4462 2828 4496 ιι
2871 4445 2935 4497 Εἰ
2964 4443 3023 4496 δέ
3054 4461 3131 4515 πη
3157 4444 3250 4498 τὸν
3281 4443 3376 4497 τοῦ
3402 4443 3537 4497 Θεοῦ
3576 4443 3751 4510 Λόγον

488 4539 670 4595 limus
698 4539 983 4609 propheta,
1022 4538 1113 4593 ubi
1145 4539 1225 4594 sic
1251 4538 1372 4608 ejus
1405 4552 1475 4593 ex
1508 4554 1743 4609 persona
1777 4540 2064 4610 loquitur:

2171 4534 2500 4604 εἰσάγουσιν,
2528 4536 2587 4587 έν
2623 4534 2752 4587 εἴδει
2793 4534 2889 4587 καὶ
2926 4536 3167 4605 σχήματι
3204 4533 3530 4605 ἀνθρωπίνῳ
3563 4550 3750 4605 παρα-

495 4653 517 4683 ι
561 4631 833 4699 Quoniam
884 4645 986 4701 ego
1013 4629 1278 4686 Dominus
1309 4629 1453 4686 Deus
1489 4641 1694 4695 vester,
1723 4641 1779 4686 et
1807 4647 1916 4687 non
1940 4646 2066 4687 mu-

490 4734 599 4778 tor.
637 4741 657 4775 ι
691 4720 953 4777 Similiter
982 4720 1150 4776 David
1184 4723 1235 4776 in
1266 4738 1364 4778 sua
1394 4723 1484 4777 illa
1528 4724 1825 4794 theologia,
1864 4724 1945 4779 sic
1968 4739 2065 4779 ex-

487 4816 690 4869 clamat
723 4832 737 4868 :
778 4832 798 4865 ι
855 4812 1058 4869 Omnes
1099 4814 1242 4869 sicut
1278 4815 1661 4869 vestimentum
1704 4824 2064 4881 veterascent,

486 4917 544 4962 et
581 4909 725 4963 sicut
749 4906 1084 4977 opertorium
1111 4907 1400 4963 convolves
1430 4907 1573 4969 illos,
1600 4915 1657 4961 et
1685 4907 2061 4962 mutabuntur.

488 4999 573 5056 Tu
600 5010 784 5056 autem
814 5000 956 5055 idem
986 4999 1103 5069 ipse
1130 5016 1212 5065 es,
1243 5010 1299 5055 et
1324 4999 1453 5054 anni
1476 5000 1552 5054 tui
1583 5015 1692 5055 non
1720 5000 2060 5055 deﬁcient‘.»

487 5090 595 5147 libi
622 5102 803 5147 autem
846 5090 941 5146 Dei
976 5089 1237 5156 Verbum,
1275 5090 1451 5145 forma
1490 5092 1782 5163 specieque
1826 5094 2065 5148 humana

489 5185 761 5249 indutum,
792 5183 1144 5240 Hebraeorum
1186 5185 1383 5239 litteras
1426 5194 1839 5255 repraesentant,
1879 5186 2067 5241 dicen-

485 5274 616 5329 dum
646 5276 947 5340 enimvero,
988 5291 1097 5330 non
1130 5276 1408 5345 quomodo
1430 5274 1742 5331 Graecorum
1771 5276 1966 5332 fabulm
1995 5278 2066 5334 de

469 5362 709 5433 ‘Pruleo,
752 5362 978 5420 Thetide
1034 5381 1099 5420 ac
1128 5363 1342 5421 Junone
1388 5375 1711 5432 memorant,
1748 5380 1843 5422 aut
1872 5369 2062 5439 quales

470 5453 628 5526 ldeos
672 5455 797 5510 illos
830 5456 1057 5526 jamjam
1096 5456 1474 5523 audiebamus,
1540 5467 1706 5512 noctu
1740 5460 1929 5515 multis
1955 5463 2069 5515 ani-

471 5525 788 5615 'mantibus,
826 5558 991 5618 atque
1025 5549 1333 5618 omnigenis
1366 5548 1574 5605 similes
1610 5551 1890 5617 oberrare,
1924 5553 2065 5608 divi-

489 5651 620 5689 num
657 5642 763 5692 hoc
792 5635 1028 5692 Verbum
1062 5654 1184 5694 sese
1207 5640 1522 5695 hominibus
1559 5642 1825 5697 exhibens
1858 5643 1926 5698 ab
1957 5643 2065 5699 illis

489 5725 809 5785 introduci:
860 5729 955 5782 sed
999 5730 1204 5798 potius,
1245 5730 1705 5799 quemadmodum
1742 5730 1897 5787 Plato
1947 5733 2064 5805 ipse

2169 4628 2525 4699 φαινόμενον,
2580 4627 2837 4694 λεκτέον,
2880 4626 2956 4689 ὼς
3015 4627 3077 4678 οὐ
3130 4627 3272 4680 κατά
3313 4627 3441 4689 τοὺς
3482 4623 3752 4695 Ἐλλήνων

2172 4718 2373 4791 μύθους
2414 4718 2616 4791 ὁμοίως
2652 4720 2885 4791 Ηρωτεί,
2937 4719 3031 4771 καὶ
3061 4719 3259 4783 Θέτιδι,
3304 4719 3398 4771 καὶ
3424 4718 3596 4790 ’⁷Ηρᾳ,
3637 4717 3749 4771 οὐδ’

2167 4813 2244 4876 ὡς
2273 4813 2324 4865 οἱ
2359 4811 2474 4865 θεοὶ
2509 4814 2559 4865 οἰ
2615 4812 3033 4883 περιερχόμενοι
3062 4812 3297 4883 νύκτωρ,
3333 4811 3549 4876 πολλοῖς
3590 4810 3754 4878 ζώοις

2169 4907 2264 4959 καὶ
2307 4904 2677 4968 πανταδαποίς
2733 4904 3130 4975 ἰνδαλλόμενοι,
3177 4906 3271 4958 καὶ
3330 4905 3421 4959 τὸν
3468 4905 3563 4959 τοῦ
3612 4904 3751 4959 Θεοῦ

2170 4996 2342 5065 Λόγον
2374 4994 2681 5067 ἀνθρώποις
2726 4994 3006 5066 πεφηνότα
3049 4995 3360 5064 εἰσάγουσιν
3397 4997 3447 5049 οἱ
3482 4996 3753 5068 Ἐϐραίων

2172 5088 2318 5157 λόγοι
2338 5104 2351 5117 ·
2406 5087 2521 5140 ἀλλ’
2573 5086 2648 5150 ὡς
2699 5088 2862 5150 αὐτὸς
2921 5090 2951 5141 6
2978 5086 3202 5142 Πλάτων
3251 5088 3360 5142 δεῖν
3411 5090 3544 5143 ποτέ
3586 5107 3755 5161 φησιν

2171 5182 2264 5236 ἐπὶ
2295 5181 2464 5251 φίλων
2493 5180 2804 5251 εὐεργεσία,
2839 5181 2967 5234 ὅταν
2994 5180 3084 5234 διὰ
3114 5181 3311 5251 μανίαν
3344 5182 3377 5251 ἦ
3408 5198 3532 5235 τινα
3564 5181 3755 5236 ἄνοιαν
3857 5211 3861 5214 ν

2170 5276 2339 5329 κακόν
2359 5292 2411 5327 τι
2436 5272 2755 5344 ἐπιχειρῶσι
2788 5274 3070 5345 πράττειν,
3101 5275 3223 5328 τότε
3250 5275 3566 5347 ἀποτροπῆς
3588 5276 3756 5329 ἕνεκα

2168 5367 2245 5431 ὡς
2275 5368 2566 5438 φάρμακον
2617 5367 2886 5437 χρήσιμον
2934 5364 3187 5433 γενέσθαι
3231 5364 3330 5437 τὴν
3363 5365 3460 5425 τοῦ
3488 5366 3626 5420 Θεοῦ
3671 5366 3753 5430 εἰς

2173 5457 2493 5529 ἀνθρώπους
2546 5456 2797 5527 πάροδον.
2843 5456 2997 5509 Ἐπεί¹
3031 5451 3125 5509 οῦν
3167 5456 3277 5510 τῶν
3324 5458 3416 5510 ἐπὶ
3457 5457 3564 5529 γῆς
3598 5456 3753 5522 ζώων

2169 5550 2321 5603 οὐδὲν
2351 5545 2417 5621 ἦν
2442 5549 2847 5622 θεοφιλέστερον
2871 5548 3029 5617 γένος
3048 5548 3362 5620 ἀνθρώπου,
3395 5549 3658 5617 συγγενές
3690 5565 3748 5601 τε

2170 5643 2265 5695 καί
2302 5643 2499 5695 οἰκεῖον
2527 5641 2607 5712 τῷ
2646 5641 2780 5694 Θεοῦ
2810 5641 2988 5711 Λόγῳ,
3022 5641 3153 5718 παρ’
3194 5633 3255 5693 οῦ
3285 5642 3379 5694 καὶ
3405 5639 3623 5709 λογικὸς
3652 5639 3751 5709 τὴν

2168 5736 2267 5806 τῆς
2282 5734 2460 5805 ψυχῆς
2480 5735 2640 5806 φύσιν
2662 5735 3026 5807 ἀπείργαστο·
3057 5733 3302 5797 εἰκότως,
3325 5727 3414 5788 οἷα
3431 5732 3587 5802 φίλου
3609 5728 3748 5796 ζώου

558 5841 579 5873 ⁸
616 5840 743 5907 Sap.
774 5856 832 5908 ιι,
864 5842 952 5899 24.
1030 5848 1049 5877 ³
1088 5844 1195 5901 Jer.
1236 5846 1408 5916 11,21.
1489 5847 1710 5925 ‘_llcbr.
1750 5850 1936 5920 311,16.
2010 5853 2070 5911 ⁸1

2171 5856 2197 5911 l.
2238 5870 2314 5920 ει,
2346 5854 2417 5908 9-7

1446 5942 1481 5949 —
