4122 6416
483 342 625 399 1079

1157 343 1431 400 ΕΗΞΕΒΠ
1457 343 1941 402 CESARIENSIS
1978 347 2056 403 ΟΡ

2168 343 2353 403 PARS
2383 343 2447 400 ll.
2476 374 2544 384 —
2565 344 3067 402 APOLOGETICA.

3603 345 3751 403 IOSO

481 471 612 514 vero
643 471 809 514 causa
846 468 955 514 nec
985 471 1096 512 una
1123 466 1230 523 est,
1267 452 1611 529 Euthyphro,
1639 474 1762 529 quae
1791 475 1877 515 me
1904 474 2056 514 reum

2162 458 2311 513 τοῦτ’
2342 460 2489 512 ἐστιν
2520 450 2582 511 οὗ
2612 457 2775 512 ἕνεκα
2799 458 2897 530 τὴν
2922 460 3135 531 γραφὴν
3176 460 3386 529 φεύγω,
3420 460 3503 514 ὅτι
3532 460 3605 515 τὰ
3637 477 3729 515 τοι

479 549 633 617 facit,
664 549 810 619 quod
842 562 985 620 aegre
1010 548 1252 613 audiam,
1287 550 1333 604 si
1360 551 1486 620 quis
1514 550 1645 605 talia
1672 551 1741 607 de
1768 551 1875 607 diis
1904 566 2055 606 com-

479 645 766 698 memoret.
813 638 932 694 Erit
974 649 1284 711 propterea,
1316 649 1376 696 ut
1420 641 1654 705 videtur,
1688 643 1783 712 qui
1828 656 2057 712 peccare

478 745 568 789 me
607 733 774 789 dicat.
806 730 875 787 Et
914 733 1135 803 quidem
1177 734 1223 788 si
1266 742 1323 787 tu
1363 747 1581 803 quoque
1613 749 1797 789 rerum
1824 735 2054 790 istarum

476 824 616 881 adeo
664 826 897 896 peritus,
942 824 1134 879 eadem
1186 824 1239 879 in
1291 824 1552 894 opinione
1582 826 1846 892 versaris,
1895 826 2057 882 nobis

477 914 667 980 etiam,
720 914 952 985 opinor,
1000 913 1055 968 id
1106 914 1213 969 erit
1256 916 1574 970 necessario
1622 916 2053 972 concedendum.

420 986 425 1000 ¹
479 1004 621 1071 Quid
659 1006 807 1062 enim
849 1020 1032 1062 causa
1053 1005 1393 1074 diceremus,
1430 1023 1554 1063 cum
1597 1008 1733 1062 nihil
1762 1010 1829 1065 iis
1862 1012 1930 1065 de
1970 1027 2058 1065 re-

477 1099 583 1156 bus
615 1101 759 1155 scire
788 1114 912 1164 nos,
950 1100 1094 1154 ultro
1125 1097 1228 1168 ipsi
1257 1097 1569 1155 fateamur?
1592 1102 1697 1156 Sed
1734 1111 1812 1166 tu,
1839 1118 1934 1173 per
1963 1102 2059 1158 Jo-

476 1206 601 1247 vem
650 1191 806 1246 illum
856 1189 1111 1245 amicitia:
1159 1191 1467 1259 praesidem,
1520 1206 1585 1247 ea
1632 1209 1758 1249 vere
1808 1196 1956 1250 hunc
2000 1196 2056 1250 in

477 1284 703 1339 modum
750 1284 1043 1353 contigisse
1078 1284 1285 1355 putas?
1317 1315 1385 1325 —
1428 1286 1544 1339 lmo
1591 1297 1647 1342 et
1668 1288 1795 1351 alia,
1838 1289 1915 1342 mi
1957 1288 2058 1343 So-

480 1381 681 1439 crates,
704 1371 867 1443 longe
897 1373 983 1429 his
1014 1374 1372 1441 mirabiliora,
1399 1390 1523 1444 qua
1550 1377 1832 1432 hominum
1861 1379 2058 1450 vulgus

479 1461 713 1532 ignorat.
751 1460 906 1515 Tune
956 1461 1121 1533 igitur
1163 1463 1368 1518 bellum
1422 1464 1566 1518 inter
1613 1465 1767 1533 deos,
1828 1467 2058 1537 illasque

478 1562 672 1618 graves
713 1550 1054 1618 inimicitias,
1092 1562 1258 1624 atque
1306 1556 1709 1622 contentiones,
1742 1558 1959 1627 aliaque
2002 1559 2056 1613 id

477 1655 649 1713 genus
693 1643 985 1713 permulta,
1016 1659 1139 1715 qua
1185 1660 1216 1699 a
1265 1646 1440 1714 poetis
1481 1648 1830 1713 occinuntur,
1878 1649 2056 1705 locum

476 1735 679 1790 habere
722 1735 1050 1791 arbitraris?
1079 1736 1222 1792 Sane
1250 1738 1491 1807 quidem,
1519 1754 1643 1793 cum
1687 1754 1845 1796 sacra
1898 1742 2057 1798 nobis

475 1827 583 1881 alia
616 1826 747 1881 boni
792 1827 1033 1898 pictores
1060 1827 1276 1897 egregie
1309 1828 1596 1896 variarint,
1638 1838 1753 1885 tum
1779 1847 1911 1887 vero
1940 1847 2061 1888 ma-

475 1917 598 1986 gnis
647 1917 759 1973 illis
799 1916 1183 1974 Panathenaeis
1232 1919 1445 1989 peplum
1477 1921 1752 1990 quoddam
1785 1923 2058 1992 ejusmodi

474 2008 833 2064 varietatibus
881 2010 1126 2079 plenum,
1176 2023 1450 2065 summam
1488 2011 1546 2065 in
1596 2028 1777 2068 arcem
1826 2015 2053 2070 tollitur.

475 2097 619 2155 Vera
651 2100 766 2155 haec
805 2115 949 2166 esse,
999 2100 1074 2153 mi
1123 2100 1469 2171 Euthyphro,
1496 2117 1629 2157 num
1662 2105 1951 2161 dicemus?
1986 2136 2059 2148 —

474 2190 610 2259 lmo,
652 2206 763 2247 non
793 2193 898 2247 ista
929 2193 1128 2260 solum,
1163 2192 1238 2247 mi
1261 2193 1536 2259 Socrates,
1575 2197 1669 2252 sed
1697 2199 1886 2260 etiam,
1910 2200 2057 2268 quod

474 2286 640 2357 paulo
693 2296 821 2342 ante
861 2287 1130 2353 dicebam,
1178 2288 1288 2343 alia
1337 2290 1437 2345 tibi
1485 2291 1766 2360 pleraque,
1824 2293 1869 2347 si
1918 2294 2055 2350 velis

474 2378 660 2444 modo,
698 2378 767 2434 de
793 2378 899 2435 diis
933 2378 1187 2447 referam,
1219 2396 1342 2451 quae
1393 2390 1473 2448 tu,
1514 2392 1599 2438 sat
1630 2383 1766 2446 scio,
1798 2397 1921 2437 cum
1955 2399 2056 2438 au-

474 2468 619 2538 dies,
672 2469 1052 2540 obstupesces.
1093 2488 1114 2523 ›
1157 2468 1285 2526 Haec
1336 2469 1494 2526 Plato
1544 2471 1599 2524 in
1655 2471 2049 2542 Euthyphrone.

2160 548 2319 611 αὕτα,
2339 548 2554 602 ἐπειδάν
2580 566 2664 613 τις
2692 551 2819 619 περὶ
2840 549 2950 603 τῶν
2979 550 3116 606 θεῶν
3147 553 3303 624 λέγῃ,
3329 553 3604 625 δυσχερῶς
3627 572 3750 621 πως

2162 640 2521 712 ἀποδέχομαι,
2544 640 2662 695 δι’ἂ
2692 641 2777 712 δὴ,
2808 642 2886 707 ὡς
2913 642 3077 709 ἔοικε,
3105 646 3269 716 φήσει
3286 645 3373 710 τίς
3406 663 3474 717 με
3496 646 3742 720 ὲξαμαρυ

2162 740 2361 792 τάνειν.
2408 738 2521 791 Νῦν
2560 733 2672 804 οὖν,
2715 740 2765 791 εἰ
2802 739 2896 793 καί
2925 756 3007 793 σοι
3038 740 3212 795 ταῦτα
3243 741 3509 807 συνδοκεῖ,
3552 742 3632 812 τῷ
3685 738 3749 797 εὗ

2163 831 2323 884 εἰδότι
2358 832 2488 902 περὶ
2529 830 2638 885 τῶν
2668 830 2946 897 τοιούτων,
2977 833 3191 904 ἀνάγκη
3229 833 3315 906 δὴ,
3344 834 3423 897 ὡς
3454 832 3619 897 ἔοικε,
3650 834 3751 887 καὶ

2161 925 2297 993 ἡμῖν
2329 925 2652 994 συγχωρεῖν.
2689 923 2755 976 Τί
2790 922 2899 995 γὰρ
2942 925 3035 978 καὶ
3069 926 3332 996 φήσομεν,
3365 926 3420 978 οἵ
3437 942 3503 995 γε
3530 926 3626 979 καὶ
3650 926 3723 978 αὖ

2162 1016 2248 1067 τοι
2293 1014 2664 1086 ὁμολογοῦμεν
2719 1016 2847 1086 περὶ
2886 1017 3066 1070 αὐτῶν
3114 1018 3279 1087 μηδὲν
3317 1017 3544 1081 είδέναις
3586 1017 3753 1070 Ἀλλά

2168 1124 2257 1177 μοι
2279 1107 2400 1161 είπὲ
2430 1106 2567 1178 πρὸς
2598 1108 2801 1172 Φιλίου,
2836 1110 2900 1163 σὺ
2926 1109 3002 1174 ὡς
3034 1109 3250 1180 άληθῶς
3276 1112 3385 1181 ἡγῇ
3408 1108 3583 1163 ταῦτα
3602 1108 3753 1163 οὕτω

2164 1197 2479 1265 γεγονέναι;
2510 1227 2580 1237 --
2603 1198 2715 1251 Καὶ
2750 1198 2829 1252 ἔτι
2861 1200 3065 1253 τούτων
3090 1199 3535 1272 θαυμασιώτερα,
3561 1192 3609 1253 ὧ
3635 1200 3755 1253 Σώνο

2166 1305 2384 1360 κρατες,
2412 1288 2450 1342 ἀ
2477 1292 2529 1342 οί
2557 1290 2742 1344 πολλοὶ
2770 1293 2870 1345 οὐκ
2911 1293 3078 1345 ἴσασι.
3105 1292 3217 1345 Καὶ
3249 1292 3483 1363 πόλεμον
3508 1293 3616 1363 ἄρα
3635 1294 3753 1364 ἡγῇ

2168 1382 2230 1433 σὺ
2280 1377 2419 1434 εἶναι
2476 1381 2555 1453 τῷ
2595 1381 2709 1435 ὅντι
2759 1385 2817 1437 ἐν
2843 1386 2956 1447 τοῖς
3001 1383 3142 1447 θεοῖς
3171 1382 3309 1455 πρὸς
3340 1383 3623 1454 ἀλλήλους,
3653 1385 3755 1437 καὶ

2164 1471 2366 1543 ἔχθρας
2395 1490 2456 1543 γε
2495 1473 2695 1538 δεινάς,
2732 1476 2825 1529 καὶ
2861 1476 3059 1546 μάχας,
3091 1476 3185 1528 καὶ
3205 1474 3339 1528 ἄλλα
3364 1475 3593 1529 τοιαῦτα
3620 1475 3757 1528 πολ-

2164 1564 2251 1627 λὰ,
2280 1560 2366 1618 οἷα
2405 1565 2620 1635 λέγεταί
2669 1584 2730 1620 τε
2780 1567 2886 1621 ὑπὸ
2927 1569 3037 1622 τῶν
3076 1567 3348 1636 ποιητῶν;
3378 1569 3474 1622 καὶ
3501 1568 3607 1621 ὑπὸ
3640 1568 3754 1621 τῶν

2165 1656 2386 1725 ἀγαθῶν
2421 1658 2700 1730 γραφέων,
2735 1660 2803 1713 τά
2829 1644 2888 1711 τε
2918 1659 3050 1712 ἀλλα
3093 1660 3215 1729 ἱερὰ
3241 1662 3374 1731 ἡμῖν
3407 1659 3754 1713 καταπεποί-

2165 1749 2366 1814 κιλται,
2399 1751 2492 1803 καὶ
2530 1751 2595 1823 δὴ
2638 1752 2732 1805 καὶ
2770 1753 2828 1805 ὲν
2859 1755 2970 1817 τοῖς
3003 1754 3256 1823 μεγάλοις
3293 1752 3693 1823 Παναθηναίοις
3723 1756 3756 1807 ὁ

2161 1841 2366 1907 πέπλος
2400 1844 2597 1914 μεστὸς
2630 1844 2741 1897 τῶν
2791 1845 3045 1899 τοιούτων
3083 1845 3457 1917 ποικιλμάτων
3485 1844 3756 1912 ἀνάγεται

2164 1937 2243 1999 είς
2271 1935 2371 2007 τὴν
2411 1936 2727 2007 ἀκρόπολιν.
2760 1937 2943 1990 Ταῦτα
2976 1937 3148 2007 ἀληθῆ
3173 1933 3311 1991 εἶναι
3336 1936 3550 2006 φῶμεν,
3571 1929 3617 1989 ὦ
3646 1936 3759 1988 Εὐ-

2163 2022 2404 2096 θύφρονς
2436 2026 2619 2097 -Μὴ
2664 2026 2800 2097 μόνα
2848 2044 2935 2096 γε,
2990 2022 3037 2081 ὦ
3089 2026 3399 2099 Σώκρατες,
3443 2026 3579 2090 ἀλλ’,
3614 2026 3760 2095 ὅπερ

2162 2116 2286 2187 ἄρτι
2312 2115 2488 2181 εἷπον,
2531 2119 2624 2172 καὶ
2661 2118 2796 2173 ἀλλα
2840 2136 2922 2173 σοι
2966 2120 3077 2190 ἐγὼ
3112 2120 3303 2184 πολλὰ,
3331 2120 3536 2190 ἐάνπερ
3564 2118 3759 2192 βούλῃ,

2163 2208 2291 2277 περὶ
2328 2207 2436 2261 τῶν
2485 2208 2623 2265 θεῶν
2657 2210 3009 2283 διηγήσομαι,
3045 2211 3082 2266 ἀ
3113 2214 3177 2267 σὺ
3206 2210 3418 2267 ἀκούων
3452 2207 3512 2266 εὖ
3540 2206 3637 2264 οἷδ’
3670 2212 3763 2264 ὅτι

2162 2299 2485 2374 ὲκπλαγήσῃ
2534 2322 2553 2355 ι
2599 2303 2785 2356 Ταῦτα
2828 2306 2857 2357 ὁ
2904 2304 3126 2358 Πλάτων
3171 2306 3231 2358 ὲν
3268 2304 3348 2376 τῷ
3388 2305 3755 2373 Εὐθύφρονα

2160 2393 2426 2459 Διασαφεί
2450 2392 2506 2445 δὲ
2524 2406 2624 2463 την
2643 2393 2879 2447 διάνοιαν
2902 2395 2931 2446 ὁ
2950 2394 3276 2466 Νουμήνιος,
3295 2396 3353 2447 ἐν
3375 2392 3455 2465 τῷ
3476 2393 3618 2462 Περὶ
3634 2391 3763 2446 τῶν

2163 2478 2323 2547 παρὰ
2348 2481 2622 2535 Πλάτωνι
2654 2482 3027 2551 ἀπορρήτων,
3064 2479 3166 2539 ὧδέ
3197 2504 3274 2558 πη
3299 2485 3495 2554 λέγων.

474 2563 721 2631 Quorum
810 2566 1140 2622 sententiam
1200 2565 1440 2622 illustrat
1500 2565 1836 2635 Numenius,
1912 2568 1968 2622 in
2048 2584 2117 2625 eo
2184 2588 2346 2643 quem
2424 2576 2503 2631 De
2570 2577 2867 2632 Platonicis
2931 2580 3143 2633 arcanis
3218 2578 3593 2650 conscripsit,
3668 2575 3761 2635 his

471 2656 675 2713 verbis.

1091 2750 1321 2811 CAPUT
1357 2752 1426 2808 ν.

473 2856 563 2914 Εε
586 2857 842 2917 Numenii
879 2862 1015 2920 libro
1046 2863 1124 2922 De
1149 2864 1399 2923 Platonis
1428 2867 1669 2924 arcanis.
1706 2865 1966 2923 Eamdem
1998 2869 2057 2922 in

1192 2952 1324 2993 rem.

551 3064 571 3098 ι
619 3042 677 3101 Si
729 3045 800 3102 de
847 3047 1266 3105 Atheniensium
1316 3050 1588 3123 theologia
1634 3068 1758 3107 cum
1804 3069 1863 3109 se
1901 3051 2058 3109 Plato

474 3137 809 3208 scripturum
844 3152 969 3193 esse
995 3140 1397 3209 proposuisset,
1432 3156 1555 3195 eam
1580 3143 1833 3211 asperius
1861 3143 2058 3199 deinde

474 3226 938 3298 reprehendisset,
970 3228 1117 3299 quod
1162 3229 1360 3300 partim
1394 3240 1583 3286 mutua
1614 3231 1901 3286 numinum
1940 3232 2057 3287 dis-

473 3320 616 3376 sidia
647 3320 972 3386 contineret,
1003 3320 1201 3391 partim
1233 3320 1437 3377 liberos
1469 3331 1910 3394 autcongressos
1933 3338 2059 3380 cum

472 3412 812 3482 parentibus,
832 3421 927 3468 aut
941 3411 1010 3466 ab
1030 3412 1098 3467 iis
1119 3411 1429 3477 devoratos,
1455 3415 1655 3483 partim
1677 3415 1898 3471 sceleris
1921 3417 2059 3471 utri—

473 3518 652 3573 usque
672 3518 862 3572 causa,
884 3518 1076 3574 pcenas
1107 3504 1189 3559 vel
1214 3506 1528 3576 parentibus
1558 3505 1811 3572 aliberis,
1845 3506 1928 3561 vel
1952 3505 2061 3561 fra-

474 3595 653 3651 tribus
669 3611 700 3650 a
720 3593 987 3652 fratribus
1007 3596 1500 3668 impositas,'atque
1520 3598 1574 3653 id
1593 3613 1765 3670 genus
1782 3599 1887 3653 alia
1915 3601 2058 3655 cele-

475 3688 662 3742 braret
689 3706 703 3742 :
733 3684 887 3751 Hazc,
917 3687 1168 3758 inquam,
1201 3688 1247 3745 si
1280 3690 1458 3759 palam
1485 3698 1539 3744 et
1564 3698 1749 3759 aperte
1780 3690 1933 3745 Plato
1968 3706 2059 3747 ac-

476 3790 770 3846 cusasset,
821 3780 957 3835 mihi
1010 3796 1143 3837 sane
1189 3798 1418 3838 causam
1468 3782 1898 3839 Atheniensibus
1959 3784 2060 3839 ali-

476 3887 641 3942 quam
670 3871 970 3942 praebuisse
990 3873 1283 3940 videretur,
1305 3881 1365 3928 ut
1394 3874 1450 3928 in
1480 3889 1566 3939 eo,
1597 3875 2057 3944 quemadmodum

477 3973 532 4019 et
559 3967 617 4019 in
650 3961 896 4032 Socrate,
927 3963 1323 4026 interﬁciendo.
1358 3983 1377 4018 ι
1397 3965 1557 4036 651
1574 3965 1644 4020 At
1670 3981 1821 4033 vero,
1854 3983 1977 4022 cum
2010 3968 2056 4024 is

477 4068 578 4110 nec
605 4054 745 4123 vitae,
776 4070 946 4126 quam
980 4054 1251 4121 veritatis,
1283 4057 1583 4112 retinendae
1617 4056 1865 4128 cupidior
1891 4068 2054 4126 esset,

475 4156 529 4203 et
566 4156 856 4219 utramque
896 4156 1016 4204 tuto
1060 4147 1158 4203 abs
1205 4164 1326 4204 sese
1375 4148 1591 4203 defendi
1634 4164 1796 4220 posse
1826 4150 2053 4216 videret,

478 4237 912 4311 Euthyphronem
951 4240 1105 4295 illum
1138 4239 1441 4305 hominem,
1471 4248 1819 4309 arrOgautem
1853 4256 1917 4295 ac
1944 4249 2057 4296 sto-

2695 2758 3092 2811 ΚΕΦΑΛΛΙΟΝ
3131 2755 3208 2812 Ε¹.

2162 2870 2531 2939 Νουμηνίου,
2593 2871 2661 2924 ἐκ
2719 2869 2839 2923 τῶν
2893 2870 3050 2940 Παρὰ
3098 2869 3348 2922 Πλάτωνι
3398 2868 3757 2939 ἀπορρήτων.

2677 2940 2815 3010 Περὶ
2861 2942 2968 2995 τοῦ
3007 2941 3214 2994 αὐτοῦ.

2241 3071 2260 3103 ι
2296 3053 2359 3106 Ei
2402 3054 2520 3125 μὲν,
2553 3055 2787 3125 γράφειν
2830 3053 3253 3123 ύποτεινάμενος
3288 3054 3317 3105 ὁ
3361 3049 3589 3104 Πλάτων
3622 3050 3761 3121 περὶ

2159 3148 2257 3217 τῆς
2278 3144 2553 3214 θεολογίας
2579 3146 2680 3216 τῆς
2714 3146 2823 3201 τῶν
2864 3145 3182 3217 Ἀθηναίων,
3214 3139 3333 3197 εἶτα
3372 3142 3761 3213 ἐδυσχέραινεν

2161 3237 2321 3308 αὐτῇ,
2349 3238 2442 3292 καὶ
2474 3238 2795 3310 κατηγόρει,
2819 3237 3018 3310 ἐχούσῃ
3052 3237 3271 3300 στάσεις
3298 3236 3397 3308 μὲν
3421 3237 3560 3309 πρὸς
3591 3236 3760 3308 ἀλλή-

2159 3328 2302 3393 λους,
2320 3330 2522 3383 τέκνων
2546 3329 2605 3383 δὲ
2634 3329 2742 3383 τῶν
2768 3331 2864 3401 μὲν
2897 3328 3071 3400 μίξεις
3099 3329 3206 3382 τῶν
3236 3328 3293 3381 δὲ
3319 3327 3538 3391 ἐδωδάς,
3562 3327 3673 3380 τῶν
3694 3327 3759 3381 δὲ

2161 3422 2283 3474 ἀντὶ
2320 3420 2525 3474 τούτων
2570 3423 2810 3493 πατράσι
2834 3421 3124 3492 τιμωρίας,
3152 3420 3397 3489 ἀδελφῶν
3419 3437 3478 3472 τε
3504 3418 3758 3487 ἀδελφοῖς

2161 3511 2423 3584 ύμνούσῃ,
2466 3513 2560 3567 καὶ
2602 3512 2737 3567 ἀλλα
2770 3513 3030 3576 τοιαῦτα,
3070 3513 3229 3584 εἴπερ
3262 3514 3292 3564 6
3324 3512 3553 3566 Πλάτων
3592 3510 3758 3565 ταύτὶ

2160 3601 2339 3657 λαϐὼν
2366 3605 2445 3667 είς
2478 3604 2539 3657 τὸ
2573 3604 2804 3675 φανερὸν
2836 3604 3153 3678 κατηγόρει,
3183 3608 3484 3677 παρασχεῖν
3513 3605 3580 3658 ἂν
3606 3604 3759 3658 δοκεῖ

2164 3708 2253 3761 μοι
2298 3695 2409 3755 τοῖς
2464 3691 2771 3763 Ἀθηναίοις
2814 3693 2994 3748 αἰτίαν
3040 3694 3202 3748 πάλιν
3243 3698 3436 3757 κακοῖς
3491 3694 3757 3763 γενέσθαι

2159 3782 2510 3837 ἀποκτείνασι
2568 3784 2661 3837 καὶ
2720 3786 2903 3850 αὐτὸν,
2960 3784 3150 3858 ὥσπερ
3202 3786 3293 3840 τὸν
3344 3787 3666 3859 Σωκράτην.
3724 3808 3747 3839 ι

2172 3876 2325 3930 Ἐπεὶ
2340 3876 2394 3929 δὲ
2419 3874 2517 3949 ζῇν
2537 3878 2636 3949 μὲν
2655 3879 2755 3931 οὐκ
2780 3879 2846 3932 ἂν
2866 3879 3149 3950 προείλετο
3168 3878 3413 3950 μᾶλλονῆ
3436 3880 3755 3951 ἀληθεύειν,

2159 3967 2305 4039 ἐώρα
2347 3966 2403 4020 δὲ
2460 3969 2558 4039 ζῇν
2601 3985 2661 4020 τε
2718 3970 2814 4022 καὶ
2853 3967 3135 4041 ἀληθεύειν
3201 3970 3463 4039 ἀσφαλῶς
3520 3969 3757 4041 δυνησό-

2162 4076 2340 4129 μενος,
2396 4059 2591 4131 ἔθηκεν
2624 4064 2683 4114 ἐν
2719 4062 2816 4133 μὲν
2865 4062 2944 4133 τῷ
2990 4064 3229 4135 σχήματι.
3274 4061 3384 4116 τῶν
3426 4062 3755 4132 Ἀθηναίων,

2157 4150 2249 4203 τὸν
2305 4153 2683 4221 Εὐθύφρονα,
2736 4154 2864 4208 ὄντα
2900 4155 3069 4225 ἄνδρα
3117 4152 3372 4218 ἀλαζόνα,
3424 4153 3522 4208 καὶ
3560 4154 3757 4209 κοάλε-

2162 4261 2283 4312 μον,
2314 4244 2408 4298 καὶ
2448 4245 2583 4309 εἴτις
2626 4245 2804 4309 ἄλλος,
2834 4245 3077 4315 θεολογεί
3110 4244 3325 4309 κακῶς⁸
3367 4246 3531 4301 αὑτὸν
3571 4245 3629 4298 δὲ
3657 4245 3756 4299 τὸν

476 4332 665 4396 lidum,
693 4332 897 4403 quique
923 4332 993 4388 de
1022 4332 1128 4387 diis
1154 4347 1463 4402 perperam,
1495 4333 1540 4387 si
1568 4336 1860 4401 quisquam
1892 4334 2053 4398 alius,

2164 4336 2460 4408 Σωκράτην
2485 4339 2571 4390 ἐπ’
2606 4335 2769 4390 αὑτοῦ
2796 4355 2876 4401 τε,
2902 4338 2996 4391 καὶ
3027 4338 3085 4390 ὲν
3107 4336 3187 4407 τῷ
3214 4336 3329 4408 ίδίῳ
3359 4336 3750 4410 σχηματισμῷ,

476 4425 801 4496 disputaret,
850 4423 1264 4480 Atheniensium
1310 4425 1428 4478 vice
1471 4424 1821 4478 introduxit:
1857 4424 2057 4480 Socra-

2163 4428 2221 4479 ἐν
2251 4421 2295 4495 ᾧ
2328 4430 2454 4500 περὶ
2482 4430 2731 4494 εἰωθότος
2760 4430 2986 4501 ἤλεγχεν
3020 4431 3233 4502 ἑκάστῳ
3273 4429 3640 4504 προσομιλῶν

475 4522 586 4572 tem
626 4530 756 4570 vero
782 4530 876 4585 per
909 4531 1143 4587 sese,,ac
1182 4517 1274 4587 pio
1338 4517 1430 4571 illo
1488 4532 1643 4572 more
1696 4519 1963 4589 genioque
1999 4520 2250 4590 proprio,
2303 4537 2412 4592 quo
2448 4525 2652 4593 passim
2684 4525 2773 4580 ille
2825 4540 2948 4579 cum
2979 4525 3238 4582 omnibus
3291 4525 3565 4582 utebatur.
3591 4539 3753 4579 coar—

478 4622 735 4684 guentem
763 4608 1032 4665 exhibuit.

1083 4703 1316 4760 CAPUT
1361 4704 1452 4758 Vl.

478 4789 548 4850 In
578 4794 722 4865 vulgi
753 4795 1023 4864 opiniones
1055 4797 1356 4850 abeundum
1379 4814 1479 4851 non
1503 4814 1632 4859 esse,
1688 4816 1779 4852 nec
1806 4800 1869 4853 ab
1897 4801 2057 4854 insli-

552 4875 667 4919 tuto
712 4882 807 4919 suo
849 4866 928 4919 vel
971 4868 1159 4920 mortis
1205 4880 1344 4922 metu
1378 4869 1771 4924 discedendum.
1818 4870 1901 4923 Ex
1929 4872 2052 4926 Cri-

550 4945 699 4991 tone.

553 5048 573 5082 ι
608 5028 654 5084 0
699 5028 874 5085 amice
919 5029 1071 5086 Crito
1107 5029 1306 5100 (inquit
1351 5031 1496 5101 apud
1531 5029 1811 5087 Platonem
1858 5029 2057 5087 Socra-

472 5124 605 5190 tes),
637 5130 792 5176 tuum
825 5121 932 5178 hoc
956 5122 1221 5187 studium,
1240 5122 1285 5178 si
1314 5122 1478 5177 modo
1498 5138 1621 5177 cum
1642 5123 1897 5192 aequitate
1927 5139 2029 5178 con

474 5216 726 5283 iunctum
757 5213 850 5280 sit,
910 5214 1135 5271 maximi
1165 5229 1297 5270 sane
1329 5213 1641 5269 faciendum
1671 5223 1789 5280 est;
1832 5217 1917 5270 sin
1957 5216 2060 5270 mi-

475 5322 602 5368 nus,
640 5320 749 5375 quo
778 5304 1156 5361 vehementius
1176 5312 1279 5371 est,
1315 5319 1381 5359 eo
1405 5304 1709 5360 molestius.
1752 5303 2057 5360 Videndum

475 5412 609 5465 ergo
636 5397 820 5463 nobis,
844 5406 1028 5452 utrum
1057 5397 1131 5451 ita
1161 5395 1232 5452 sit
1265 5395 1559 5467 agendum,
1580 5412 1769 5452 necne.
1794 5396 2057 5469 Equidem

476 5500 585 5538 non
617 5493 831 5543 tantum
860 5488 915 5542 in
942 5488 1253 5557 praesentia,
1271 5486 1365 5542 sed
1379 5488 1541 5543 etiam
1561 5497 1819 5559 perpetuo
1846 5488 1918 5543 ita
1936 5505 2056 5544 sum

477 5578 662 5633 animo
704 5589 1073 5645 comparatus,
1126 5589 1187 5635 ut
1217 5580 1484 5651 quidquid
1529 5597 1558 5635 a
1608 5583 1746 5638 meis
1776 5582 2053 5647 alferatur,

480 5670 615 5724 nihil
657 5688 898 5743 unquam
949 5684 1146 5744 praeter
1168 5690 1290 5729 eam
1326 5676 1593 5732 rationem
1646 5677 1861 5733 audiam
1883 5719 1898 5745 ,
1932 5693 2056 5748 quae

545 5781 659 5854 (90)
682 5780 747 5840 Ὦ
776 5788 917 5856 φίλε
952 5790 1200 5858 Κρίτων.
1229 5789 1381 5849 Plato
1416 5792 1473 5850 in
1504 5792 1740 5864 Critone,
1781 5809 1836 5866 p.
1866 5793 1994 5863 571,
2028 5792 2089 5848 Β.

2684 4710 3083 4763 ΚΕΦΑΛΑΙΟΝ
3130 4712 3222 4777 ς’.

2162 4803 2290 4856 Ὅτι
2327 4801 2412 4871 μὴ
2453 4801 2549 4855 δεῖ
2580 4802 2709 4868 ταῖς
2744 4801 2862 4856 τῶν
2885 4802 3132 4857 πολλῶν
3158 4802 3485 4871 προσέχειν
3515 4800 3745 4871 δόξαις,

2224 4870 2380 4942 μηδὲ
2413 4872 2524 4939 τῆς
2566 4872 2719 4938 ιδίας
2752 4874 3167 4942 μετατίθεσθαι
3196 4870 3619 4941 προαιρέσεως,
3652 4870 3749 4927 διὰ

2230 4942 2492 4997 θανάτου
2521 4943 2731 5011 φόϐον.
2772 4943 2912 4998 Ἀπὸ
2942 4942 3048 4997 τοῦ
3082 4943 3379 5013 Κρίτωνος.

2236 5055 2254 5088 ι
2288 5031 2358 5087 Ὦ
2412 5035 2533 5104 φίλε
2586 5035 2805 5106 Κρίτων
2856 5034 3049 5106 (90),ή
3096 5033 3378 5106 προθυμία
3414 5051 3510 5086 σου
3551 5032 3745 5086 πολλοῦ

2165 5126 2311 5192 ἀξία,
2361 5128 2409 5178 εἰ
2467 5128 2606 5197 μετά
2656 5143 2799 5189 τινος
2857 5126 3146 5196 ὀρθότητος
3185 5125 3304 5195 εἴη·
3339 5126 3470 5179 εἰδὲ
3507 5126 3603 5195 μὴ,
3640 5127 3749 5195 ὅσῳ

2169 5220 2392 5291 μείζων,
2443 5217 2680 5288 τοσούτῳ
2723 5217 3101 5289 χαλεπωτέρα.
3139 5217 3467 5271 Σκοπεῖσθαι
3508 5213 3605 5273 οὖν
3643 5217 3749 5290 χρὴ

2164 5315 2332 5384 ἡμᾶς,
2383 5313 2491 5365 εἴτε
2537 5310 2713 5365 ταῦτα
2769 5310 3064 5383 πρακτέον,
3097 5310 3206 5365 εἴτε
3261 5312 3354 5383 μή.
3397 5312 3485 5376 Ὠς
3531 5312 3645 5381 ἐγὼ
3688 5314 3747 5365 ού

2157 5407 2329 5477 ’μόνον
2384 5403 2499 5469 νῦν,
2535 5403 2670 5458 ἀλλὰ
2715 5404 2809 5457 καὶ
2855 5403 2941 5458 ἀεὶ
2985 5402 3246 5468 τοιοῦτος,
3289 5399 3400 5468 οἷος
3441 5403 3553 5457 τῶν
3599 5403 3747 5473 ἐμῶν

2171 5497 2357 5568 μηδενὶ
2383 5497 2526 5568 ἄλλῳ
2560 5496 2841 5550 πείθεσθαι
2867 5496 3008 5567 ἢτῷ
3035 5496 3196 5567 λόγῳ,
3216 5496 3276 5560 ὃς
3310 5496 3375 5551 ἄν
3409 5513 3500 5566 μοι
3532 5494 3746 5562 λογιζο-

2168 5589 2316 5661 μένῳ
2341 5589 2610 5661 βέλτιστος
2646 5588 2922 5662 φαίνηται.
2947 5590 3085 5652 Τοὺς
3116 5589 3181 5661 δὴ
3218 5588 3433 5657 λόγους,
3457 5589 3552 5653 οὓς
3586 5590 3645 5641 ὲν
3671 5585 3745 5656 τῷ

2163 5680 2471 5753 ἔμπροσθεν
2517 5681 2723 5752 ἔλεγον,
2751 5683 2811 5736 ού
2842 5681 3075 5754 δύναμαι
3103 5682 3198 5737 νύν
3230 5680 3513 5738 ἐκϐάλλειν
3556 5678 3744 5738 ἐπειδή
