4122 6440
415 367 550 426 1081

1581 368 1898 423 ΡΒᾸΞΡΑΒ.
1938 368 2186 424 EVANG.
2224 367 2351 425 LIB.
2391 368 2527 424 XIII.

3506 369 3647 425 1082

414 498 506 552 μοι
541 479 637 550 ήδι
669 478 704 550 ἡ
738 475 874 549 τύχη
907 478 1158 562 γέγονεν·
1195 477 1333 532 ἀλλὰ
1353 478 1535 548 σχεδόν
1560 495 1613 531 τι
1647 479 1820 548 ὅμοιοι
1851 478 1960 547 φαί-

2079 478 2212 532 mibi
2242 494 2357 534 rem
2383 487 2589 535 attente
2631 481 2889 550 cogitanti
2914 480 3118 550 optima
3159 480 3427 536 videatur.
3483 481 3651 551 Atqui

412 571 592 625 νονταί
641 587 750 641 μοι,
799 570 1048 633 καὶτοὺς
1089 569 1287 632 αὐτοὺς
1326 569 1613 641 πρεσϐεύω
1665 570 1760 622 καὶ
1816 569 1977 639 τιμῶ,

414 664 617 734 ὥσπερ
643 660 739 715 καὶ
765 661 1025 732 πρότερον
1048 659 1181 731 (91)’
1216 654 1315 713 Ὧν
1340 660 1432 713 ἐὰν
1461 660 1535 731 μὴ
1561 660 1752 730 βελτίω
1770 659 1980 730 ἔχωμεν

411 751 586 823 λέγειν
611 756 669 807 ἐν
699 752 777 823 τῷ
828 752 1054 823 παρόντι
1091 748 1150 806 εὖ
1187 751 1318 817 ῐσθι,
1351 753 1432 806 ὃτι
1464 753 1523 805 οὐ
1558 753 1630 822 μή
1661 768 1741 805 σοι
1770 767 1981 821 συγχω-

409 846 581 915 ρήσω,
612 842 720 896 οὐδ’
755 843 822 896 ἂν
860 841 1029 895 πλείω
1067 841 1175 895 τῶν
1205 842 1299 895 νῦν
1328 841 1608 912 παρόντων
1635 842 1669 911 ή
1706 838 1813 893 τῶν
1852 840 1980 892 πολ-

404 935 512 988 λῶν
562 935 812 1005 δύναμις,
865 933 1052 1004 ὥσπερ
1106 933 1302 997 παῖδας
1324 934 1470 1003 ἡμᾶς
1520 931 1976 1004 μορμολύττηται,

404 1022 637 1095 δεσμούς
669 1039 727 1077 τε
757 1022 852 1076 καὶ
882 1021 1143 1085 θανάτους
1193 1022 1596 1092 ἐπιπέμπουσα,
1636 1021 1732 1074 καὶ
1765 1020 1979 1092 χρημά-

403 1131 514 1168 των
540 1110 870 1186 ἀφαιρέσεις.
907 1112 1030 1175 Πῶς
1061 1109 1155 1166 οὖν
1176 1111 1242 1166 ἂν
1269 1112 1610 1185 μετριώτατα
1643 1110 1978 1181 σκοποίμεθα

404 1206 579 1270 ausa;
615 1207 678 1258 Ei
712 1205 925 1277 πρῶτον
959 1204 1056 1275 μὲν
1082 1204 1269 1257 τοῦτον
1297 1204 1388 1257 τὸν
1420 1203 1574 1272 λόγον
1598 1202 1974 1273 ἀναλάὸοιμεν,

402 1296 464 1349 ὃν
503 1298 567 1351 σὺ
611 1297 810 1364 λέγεις,
843 1296 935 1349 τὸν
982 1296 1110 1369 περὶ
1160 1296 1268 1350 τῶν
1311 1294 1498 1359 δοξῶν,
1535 1295 1760 1366 πότερον
1799 1293 1977 1357 καλῶς

401 1388 622 1457 ἐλέγετο
674 1387 954 1452 ἑκάστοτε,
989 1388 1023 1459 ἢ
1075 1387 1157 1454 οὒ,
1185 1389 1266 1442 ὅτι
1297 1391 1417 1452 ταῖς
1450 1388 1546 1459 μὲν
1576 1388 1656 1441 δεῖ
1676 1386 1782 1441 τῶν
1809 1386 1976 1454 δοξῶν

401 1480 691 1552 προσέχειν
711 1480 804 1533 τὸν
831 1478 974 1543 νοῦν,
1004 1482 1124 1543 ταῖς
1149 1479 1226 1544 δὲ,
1255 1479 1315 1533 οὗ
1335 1496 1349 1511 ’
1379 1480 1412 1551 ἦ
1447 1480 1576 1551 πρίν
1613 1496 1680 1550 με
1704 1479 1812 1534 δεῖν
1841 1481 1975 1532 ἀπο-

402 1572 673 1643 θνήσκειν,
713 1571 892 1634 καλῶς
923 1570 1159 1640 ἐλέγετο,
1200 1571 1293 1625 νῦν
1312 1572 1368 1625 δὲ
1407 1571 1704 1642 κατάδηλος
1730 1571 1836 1642 ἄρα
1855 1569 1975 1637 ἐγέ-

400 1678 544 1725 νετο,
582 1662 663 1714 ὅτι
699 1660 876 1724 ἄλλως
911 1660 1074 1715 ἕνεκα
1117 1661 1275 1729 λόγου
1308 1661 1546 1730 ἐλέγετο,
1583 1656 1650 1731 ἦν
1688 1660 1746 1713 δὲ
1786 1658 1973 1713 παιδιὰ

398 1754 496 1805 καί
520 1751 758 1823 φλυαρία
786 1752 862 1816 ὼς
894 1751 1127 1824 ἀληθῶς.
1163 1752 1445 1824 Ἐπιθυμῶ
1468 1753 1513 1806 δ’
1544 1751 1719 1820 ἔγωγε
1750 1749 1972 1803 ἐπισκέο

396 1840 623 1910 ψασθαι,
656 1834 701 1894 ὦ
732 1840 968 1912 Κρίτων,
1003 1844 1152 1911 κοινῇ
1184 1841 1319 1912 μετὰ
1346 1840 1439 1894 σοῦ
1476 1839 1530 1894 sl
1555 1841 1607 1894 τί
1648 1858 1737 1911 μοι
1764 1838 1971 1893 ἀλλοιό-

395 1949 557 2003 τερος
584 1934 853 2001 φανεῖται,
875 1933 1060 2001 ἐπειδὴ
1093 1926 1184 1986 ὧδ’
1218 1932 1346 2004 ἔχω,
1378 1932 1412 2003 ἢ
1449 1934 1479 1987 ό
1511 1932 1673 1996 αὐτὸς
1696 1933 1791 1985 καὶ
1817 1932 1973 1985 ἐάσο-

399 2039 500 2094 μεν
531 2022 764 2096 χαίρειν,
790 2021 822 2092 ἢ
862 2021 1159 2092 πεισόμεθα
1183 2021 1350 2092 αὐτῷ.
1386 2022 1632 2090 Ἐλὲγετο
1652 2020 1709 2074 δέ
1742 2038 1878 2085 πως,
1896 2021 1971 2084 ώς

393 2111 629 2182 ἐγῷμαι,
670 2111 929 2165 ἑκάστοτε
976 2104 1078 2164 ὧδε
1126 2112 1231 2165 ὑπὸ
1259 2111 1366 2165 τῶν
1399 2111 1657 2182 οἰομένων
1690 2128 1743 2163 τι
1772 2110 1968 2178 λέγειν,

393 2202 583 2274 ὥσπερ
628 2202 722 2256 νῦν
763 2201 826 2273 δὴ
858 2201 968 2271 ἐγὼ
996 2202 1200 2272 ἔλεγον,
1224 2204 1305 2256 ὅτι
1341 2202 1448 2256 τῶν
1477 2200 1643 2267 δοξῶν
1689 2201 1756 2264 ἃς
1791 2203 1838 2254 οἱ
1874 2201 1969 2255 ἄν·

392 2293 1033 2366 θρωποιδοξάζουσι,δέοι
1059 2294 1159 2358 τὰς
1185 2296 1280 2366 μὲν
1312 2295 1439 2367 περὶ
1466 2294 1659 2347 πολλοῦ
1681 2293 1968 2359 ποιεῖσθαι,

390 2386 492 2449 τὰς
516 2386 573 2439 δὲ
601 2387 695 2457 μή.
733 2386 902 2440 Τοῦτο
937 2386 1072 2458 πρὸς
1096 2385 1254 2449 θεῶν,
1285 2380 1330 2439 ὧ
1352 2370 1589 2457 Κρίτων,
1605 2388 1666 2439 οὐ
1693 2387 1840 2439 δοκεῖ
1868 2404 1969 2440 κα-

388 2476 501 2541 λῶς
535 2494 616 2530 σοι
649 2476 932 2545 λέγεσθαι;
957 2478 1029 2530 Σὺ
1055 2478 1185 2550 γὰρ,
1202 2478 1303 2531 ὅσα
1334 2495 1398 2546 γε
1423 2476 1787 2549 τάνθρώπεια,
1814 2479 1969 2543 ἐκτὸς

389 2566 445 2623 εἴ
478 2568 573 2623 τοῦ
620 2569 832 2641 μέλλειν
871 2569 1234 2641 ἀποθνήσκειν
1283 2569 1492 2642 αὔριον,
1523 2570 1618 2625 καὶ
1666 2571 1768 2625 οὐκ
1808 2572 1873 2626 ἄν
1907 2588 1967 2624 σε

388 2662 731 2734 παρακρούοι
781 2665 814 2733 ἡ
857 2663 1107 2735 παροῦσα
1158 2664 1431 2735 συμφορά.
1461 2665 1659 2718 Σκόπει
1703 2664 1797 2735 δή.
1855 2662 1967 2736 Οὐχ

391 2754 594 2817 ἱκανῶς
636 2755 784 2808 δοκεῖ
815 2772 896 2808 σοι
929 2755 1205 2824 λέγεσθαι,
1244 2756 1327 2809 ὅτι
1360 2757 1420 2809 οὐ
1462 2756 1641 2821 πάσας
1673 2756 1777 2826 χρὴ
1809 2756 1967 2821 δόξας

385 2846 490 2909 τὰς
516 2845 625 2899 τῶν
663 2846 963 2917 ἀνθρώπων
997 2849 1182 2919 τιμᾷν,
1224 2847 1358 2902 ἀλλὰ
1387 2848 1486 2912 τὰς
1522 2849 1640 2919 μὲν,
1671 2848 1770 2911 τὰς
1795 2848 1838 2902 δ’
1869 2848 1963 2916 οὓς

383 2939 509 2992 οὐδὲ
546 2939 787 3002 πάντων,
840 2938 975 2993 ἀλλὰ
1031 2938 1140 2994 τῶν
1190 2940 1308 3010 μὲν,
1342 2939 1451 2993 τῶν
1500 2940 1546 2994 δ’
1590 2939 1683 3006 οὓς
1720 2940 1785 2993 Τί
1828 2939 1962 3010 φῂς;

383 3029 560 3084 ταῦτα
584 3032 703 3102 οὐχὶ
732 3031 908 3095 καλῶς
931 3031 1147 3100 λέγεται
1167 3048 1181 3097 ;
1207 3062 1275 3072 --
1308 3031 1524 3095 Καλῶς.
1551 3064 1617 3073 -
1637 3031 1843 3085 Οὐκοῦν
1867 3032 1966 3096 τὰς

2001 1816 2043 1871 Β

387 3121 491 3191 μὲν
543 3121 786 3193 χρηστὰς
834 3123 1019 3193 τιμᾷν,
1053 3122 1150 3185 τὰς
1194 3121 1253 3176 δὲ
1308 3122 1549 3194 πονηρὰς
1581 3123 1686 3195 pi};
1721 3154 1791 3163 ——
1828 3121 1954 3175 Nai.
1986 3147 2028 3204 ρ

381 3212 636 3281 Χρησταὶ
666 3212 722 3266 δὲ
749 3213 846 3282 οὐχ
879 3214 933 3264 αἱ
962 3212 1068 3265 τῶν
1103 3213 1378 3283 φρονίμων
1414 3214 1642 3284 πονηραὶ
1677 3213 1734 3265 δὲ
1766 3216 1821 3267 αἱ
1853 3212 1961 3267 τῶν

381 3303 669 3372 ἀφρόνων;
705 3333 775 3344 ο-
817 3303 942 3366 Πῶς
970 3302 1026 3355 δὲ
1065 3302 1161 3369 ob;
1209 3303 1345 3374 Φέρε
1393 3302 1477 3375 δὴ,
1514 3303 1632 3367 πῶς
1664 3299 1730 3357 αὖ
1760 3303 1827 3357 τὰ
1856 3322 1965 3357 τοι-

381 3392 524 3447 αῦτα
561 3392 804 3461 ἐλέγετος
843 3392 1256 3465 Γυμναζόμενος
1288 3393 1450 3464 ἀνὴρ,
1481 3394 1575 3445 καὶ
1604 3393 1760 3447 τοῦτο
1787 3394 1962 3464 πράτ-

378 3499 493 3536 των
522 3481 653 3552 (92),
686 3483 914 3554 πότερον
949 3484 1150 3547 παντὸς
1183 3483 1373 3554 ἀνδρὸς
1402 3484 1630 3555 ἐπαίνῳ,
1669 3485 1762 3538 καὶ
1787 3485 1957 3557 ψόγῳ,

380 3573 479 3627 καὶ
508 3573 634 3647 δόξῃ
659 3573 750 3627 τὸν
781 3572 903 3628 νοῦν
929 3575 1203 3646 προσέχει,
1233 3574 1265 3646 ἢ
1291 3575 1408 3639 ἐνὸς
1444 3575 1605 3646 μόνου
1641 3577 1872 3643 ἐκείνου,
1901 3578 1961 3641 ὃς

270 3650 275 3659 ’
376 3665 448 3719 ἂν
475 3666 718 3738 τυγχάνῃ
748 3665 950 3736 ἰατρὸς,
979 3664 1010 3736 ἢ
1037 3664 1390 3735 παιδοτρίϐης
1426 3662 1531 3727 (iw;
1561 3695 1631 3706 —-
1667 3665 1816 3729 Ἐνὺς
1866 3666 1957 3737 μό-

376 3773 569 3811 νου.-
585 3754 795 3810 Οὐκοῦν
817 3755 1096 3825 φοϐεῖσθαι
1121 3756 1224 3828 χρὴ
1259 3756 1383 3819 τοὺς
1412 3753 1630 3824 ψόγους,
1657 3757 1752 3810 καὶ
1782 3756 1959 3811 ἀσπάι

376 3846 569 3910 ζεσθαι
599 3849 724 3910 τοὺς
757 3847 1011 3911 ἐπαίνους
1026 3848 1151 3910 τοὺς
1170 3846 1262 3900 τοῦ
1288 3848 1405 3911 ἐνὸς
1439 3848 1646 3901 ἐκείνου
1668 3847 1798 3919 (95),
1824 3848 1958 3904 ἀλλὰ

380 3940 459 4008 μὴ
490 3940 615 4002 τοὺς
641 3937 750 3991 τῶν
776 3936 1006 3991 πολλῶν.
1041 3938 1356 4010 -Δηλαδή.
1386 3971 1448 3979 -
1468 3939 1651 4011 Ταύτῃ
1680 3938 1787 4011 ἄρα
1814 3957 1957 4012 πρα-

374 4032 535 4086 κτέον
579 4030 749 4102 αὐτῷ,
790 4031 885 4084 καὶ
935 4030 1294 4100 γυμναστέον,
1330 4032 1425 4084 καὶ
1457 4031 1699 4085 ἐδεστέον
1745 4047 1829 4100 γε,
1858 4031 1956 4084 καὶ

368 4117 646 4199 ποτέον,ᾗ
679 4124 744 4177 ἂν
768 4122 846 4195 τῷ
878 4123 959 4177 ἐνὶ
996 4122 1125 4193 δοκῇ
1164 4120 1241 4192 τῷ
1280 4122 1679 4193 ὲπιστάτῃ,κα“ι
1711 4122 1954 4175 ἐπαΐοντι

376 4214 600 4286 μᾶλλον,
648 4214 680 4285 ἢ
726 4212 970 4285 ξύμπασι
1010 4216 1124 4277 τοῖς
1175 4213 1375 4276 ἄλλοις.
1402 4242 1467 4250 -
1493 4214 1648 4265 Ἔστι
1680 4212 1955 4267 ταῦτα.-

371 4302 523 4361 Εῖεν.
572 4305 901 4374 Ἀπειθήσας
931 4305 985 4359 δὲ
1009 4304 1086 4375 τῷ
1127 4304 1207 4357 ἐνὶ
1244 4303 1337 4356 καὶ
1366 4304 1637 4373 ἀτιμάσας
1661 4305 1823 4357 αὐτοῦ
1853 4304 1952 4374 τὴν

367 4396 533 4464 δόξαν
570 4398 664 4451 καὶ
710 4399 836 4461 τοὺς
866 4396 1138 4460 ἐπαίνους,
1172 4395 1411 4466 τιμήσας
1433 4394 1489 4448 δὲ
1526 4396 1653 4459 τοὺς
1680 4396 1789 4449 τῶν
1820 4396 1943 4450 πολε

2082 585 2149 624 ne
2177 570 2231 624 in
2256 569 2362 625 hac
2384 571 2600 641 quidem
2630 569 2870 637 fortuna,
2902 586 3013 641 qua
3039 587 3185 628 nunc
3218 583 3363 637 utor,
3399 588 3522 643 qua:
3545 589 3650 627 an-

2081 662 2240 716 tehac
2282 661 2380 717 abs
2424 676 2513 715 me
2540 662 2817 730 disputata
2864 673 3012 729 sunt,
3045 666 3332 735 repudiare
3376 678 3647 740 possum;

2078 745 2153 798 ita
2180 743 2294 799 fere
2327 745 2460 798 mihi
2496 760 2711 814 semper
2734 748 2819 800 sui
2847 747 3048 804 similia
3087 751 3367 820 videntur;
3405 758 3651 830 adeoque

2078 837 2170 893 illa
2215 839 2362 909 ipsa,
2407 855 2529 908 quae
2572 840 2761 909 prius,
2802 841 3099 910 amplector
3137 845 3435 902 etiamnum
3474 864 3538 904 ac
3563 867 3653 906 εε-

2077 944 2234 998 quor.
2278 928 2486 996 Quibus
2526 931 2756 999 proinde
2796 932 2844 986 si
2891 933 3090 989 melius
3138 935 3312 1001 nihil,
3362 938 3469 993 hoc
3502 949 3648 996 statu

2078 1036 2296 1086 rerum,
2348 1022 2492 1091 quod
2538 1021 2809 1087 dicamus,
2859 1024 3118 1091 occurrit,
3164 1042 3464 1097 nunquam,
3511 1034 3647 1088 mihi

2076 1116 2269 1180 crede,
2320 1114 2415 1168 tibi
2456 1115 2755 1181 assentiar;
2804 1129 2874 1170 ne
2919 1115 2967 1170 si
3010 1117 3168 1173 nobis
3207 1121 3422 1189 quidem
3465 1124 3644 1192 plura,

2078 1221 2241 1277 quam
2270 1206 2448 1262 adhuc
2475 1206 2779 1269 videamus,
2818 1207 3264 1266 terriculamenta
3302 1213 3384 1266 vis
3424 1212 3512 1269 illa
3545 1231 3647 1285 po-

2074 1298 2187 1366 puli
2212 1307 2468 1368 tanquam
2495 1298 2678 1367 pueris
2701 1296 2996 1364 obiecerit,
3029 1300 3242 1355 vincula
3263 1342 3280 1368 ,
3305 1314 3507 1361 mortes
3524 1347 3540 1372 ,
3578 1321 3647 1360 ac

2073 1391 2339 1445 bonorum
2367 1391 2702 1459 direptiones
2753 1391 3092 1445 intentando.
3132 1392 3267 1458 Quis
3293 1394 3458 1463 igitur
3487 1411 3517 1449 a
3551 1412 3648 1451 no-

2074 1478 2159 1535 bis
2188 1479 2426 1549 optimus
2456 1479 2541 1533 his
2571 1478 2625 1532 iu
2662 1478 2827 1533 rebus
2870 1479 3205 1535 aestimandis
3253 1481 3501 1537 adhiberi
3532 1499 3647 1538 mo-

2072 1571 2175 1626 dus
2220 1571 2455 1639 poterit?
2502 1568 2782 1638 Principio
2823 1570 3073 1640 quidem,
3110 1573 3156 1626 si
3199 1580 3347 1627 tuam
3391 1573 3535 1629 illam
3575 1576 3647 1631 de

2072 1661 2421 1730 opinionibus
2450 1661 2870 1731 disputationem
2901 1663 3220 1732 repetimus,
3256 1673 3474 1721 rectene
3494 1666 3645 1722 vide-

2072 1753 2216 1815 licet,
2250 1769 2318 1807 an
2350 1768 2528 1816 secus,
2558 1754 2765 1807 dictum
2794 1754 3047 1808 universe
3075 1753 3256 1822 fuerit,
3283 1756 3337 1809 in
3365 1759 3647 1814 nonnullis

2071 1844 2419 1914 opinionibus
2447 1844 2902 1912 acquiescendum
2942 1859 3085 1908 esse,
3125 1845 3178 1898 in
3210 1846 3333 1902 aliis
3365 1847 3589 1901 minime
3622 1866 3638 1901 :

2071 1952 2141 1991 an
2178 1936 2393 2006 potius,
2446 1945 2738 2006 antequam
2787 1936 2919 1990 mihi
2972 1946 3117 1992 esset
3161 1938 3427 1994 moriendi
3459 1939 3642 1994 oblata

2070 2030 2369 2084 necessitas
2387 2072 2402 2096 ,
2430 2039 2575 2084 recte
2606 2030 2659 2083 id
2687 2045 2752 2085 ac
2785 2046 2910 2084 vere
2931 2030 3203 2085 diceretur
3226 2070 3242 2095 ,
3281 2046 3425 2087 nunc
3457 2040 3637 2086 autem

2070 2119 2230 2189 plane
2252 2119 2590 2186 constiterit,
2627 2127 2741 2174 tum
2768 2120 2986 2189 quidem
3010 2121 3187 2185 aliter,
3216 2122 3310 2176 sed
3338 2122 3475 2178 dicis
3516 2132 3643 2178 tan-

2070 2219 2187 2265 tum
2220 2224 2384 2266 causa
2436 2210 2798 2280 disputatum,
2829 2213 3005 2282 reipsa
3035 2221 3214 2267 tamen
3247 2213 3433 2267 ludum
3466 2214 3518 2268 id
3553 2224 3640 2268 to-

2071 2310 2186 2357 tum
2214 2317 2279 2358 ac
2308 2318 2481 2373 nugas
2505 2302 2693 2358 fuisse.
2720 2303 2833 2373 Ego
2858 2319 2988 2359 vero
3016 2312 3194 2359 tecum
3224 2305 3445 2368 una,mi
3465 2304 3637 2372 Crito,

2070 2395 2349 2450 attendere
2373 2410 2519 2450 nunc
2540 2403 2596 2450 et
2615 2395 2897 2465 explorare
2926 2396 3087 2465 cupio
3105 2437 3121 2463 ,
3147 2412 3279 2451 num
3315 2397 3453 2452 alius
3477 2398 3636 2464 mihi,

2069 2493 2354 2553 postquam
2387 2485 2533 2539 hunc
2561 2484 2615 2540 in
2648 2485 2827 2540 locum
2857 2485 3243 2556 fortunamque
3278 2487 3421 2550 veni,
3455 2503 3639 2542 sermo

2069 2574 2159 2628 ille
2188 2574 2455 2639 videatur,
2490 2573 2654 2644 652
2694 2591 2762 2629 an
2791 2590 3019 2645 prorsus
3051 2576 3192 2631 idem
3240 2595 3254 2631 :
3301 2591 3368 2632 ac
3410 2579 3639 2647 proinde

2070 2673 2253 2721 utrum
2304 2681 2427 2720 eum
2468 2664 2736 2721 facessere
2774 2667 3101 2736 jubeamus,
3145 2683 3212 2721 an
3238 2667 3411 2722 eidem
3444 2684 3637 2738 parea-

2067 2767 2212 2807 mus.
2256 2750 2393 2807 Tum
2427 2752 2670 2823 quidem,
2703 2755 2920 2824 opinor,
2959 2757 3038 2810 uti
3067 2756 3294 2825 jamjam
3344 2757 3458 2825 ipse
3485 2758 3636 2814 dice-

2065 2842 2214 2907 bam,
2262 2844 2316 2898 id
2365 2844 2644 2898 communi
2674 2845 2909 2913 quodam
2959 2860 3170 2912 eorum,
3207 2847 3298 2915 qui
3343 2846 3546 2916 aliquid
3576 2864 3638 2903 se

2065 2935 2247 2990 dicere
2289 2935 2711 3000 existimabant,
2759 2936 2967 3004 judicio
3018 2926 3393 3004 slatuebatur;
3446 2954 3513 2993 ex
3565 2939 3636 2996 iis

2066 3040 2188 3096 quae
2213 3025 2269 3080 in
2310 3027 2593 3081 hominum
2620 3026 2880 3097 opinione
2906 3036 3191 3082 versantur
3213 3068 3229 3093 ,
3280 3030 3385 3083 alia
3413 3030 3634 3099 plurimi

2065 3115 2311 3172 facienda
2357 3131 2498 3180 esse,
2547 3117 2654 3172 alia
2702 3132 2880 3173 secus.
2940 3117 3055 3173 IIoc
3098 3120 3263 3189 igitur
3296 3137 3390 3191 per
3412 3122 3564 3188 deos,
3598 3138 3636 3177 ο

2065 3205 2236 3270 Crito,
2264 3220 2373 3260 non
2399 3206 2495 3260 tibi
2522 3215 2667 3261 recte
2695 3208 2858 3262 statui
2883 3208 3136 3263 videtur?
3190 3208 3323 3264 Nam
3349 3219 3426 3276 tu,
3460 3228 3636 3282 quan-

2062 3304 2177 3352 tum
2203 3313 2334 3354 sane
2377 3298 2696 3354 humanitus
2721 3299 2979 3354 alIirmari
3014 3309 3210 3371 potest,
3236 3311 3390 3357 extra
3419 3303 3637 3373 pericu-

2061 3387 2173 3441 lum
2205 3404 2264 3443 es
2292 3389 2532 3443 crastino
2566 3388 2653 3443 die
2679 3389 2972 3457 moriendi,
2991 3407 3090 3447 nec
3112 3400 3196 3446 est
3217 3393 3362 3463 quod
3394 3408 3634 3463 praesens

2060 3478 2151 3535 hic
2178 3489 2231 3534 te
2260 3495 2421 3536 casus
2447 3489 2819 3537 transversum
2844 3491 2987 3553 agat.
3032 3483 3261 3539 Attende
3288 3500 3439 3555 ergo.
3489 3483 3629 3539 Num

2060 3578 2117 3625 tu
2143 3580 2264 3641 apte
2293 3572 2420 3625 illud
2453 3588 2517 3627 ac
2543 3573 2667 3642 jure
2698 3572 2803 3628 dici
2850 3574 3154 3640 arbitraris,
3204 3590 3306 3630 nec
3348 3575 3633 3645 opiniones

2061 3661 2344 3716 hominum
2393 3678 2583 3718 omnes
2628 3679 2751 3720 esse
2792 3664 3113 3730 laudandas,
3146 3666 3239 3721 sed
3271 3666 3481 3736 aliquas
3512 3676 3633 3721 tan-

2061 3759 2200 3816 tum,
2222 3754 2362 3808 alias
2394 3770 2502 3808 non
2528 3754 2656 3809 item
2690 3774 2703 3810 :
2734 3771 2834 3811 nec
2858 3757 3102 3810 omnium
3128 3757 3293 3811 etiam
3323 3758 3629 3819 hominum,

2059 3846 2151 3898 sed
2176 3845 2487 3915 aliquorum
2517 3846 2802 3910 duntaxat,
2839 3848 3071 3901 aliorum
3101 3848 3296 3902 secus?
3334 3847 3474 3913 Quid
3501 3849 3582 3904 ais
3608 3848 3633 3900 ?

2055 3934 2313 4006 Nunquid
2355 3938 2498 3992 istud
2544 3948 2691 3993 recte
2725 3938 2963 3993 dicitur?
2988 3969 3059 3979 —-
3092 3939 3344 3993 Recte.—
3379 3938 3631 3995 Laudan-

2057 4026 2156 4081 das
2203 4042 2338 4096 ergo
2370 4045 2492 4099 quae
2522 4029 2679 4084 bonae
2727 4039 2872 4095 sunt,
2922 4046 3044 4100 quae
3087 4045 3289 4099 pravae,
3336 4030 3630 4100 repudianu

2054 4117 2193 4173 das?
2221 4149 2287 4158 —
2310 4120 2411 4173 Ita.
2439 4151 2509 4161 --
2538 4119 2717 4174 Bonas
2741 4131 2922 4175 autem
2956 4136 3186 4190 nonpcas
3215 4128 3269 4173 tu
3295 4134 3476 4186 vocas,
3504 4138 3629 4190 qua:

2055 4228 2086 4266 a
2117 4213 2498 4281 prudentibus,
2545 4211 2719 4266 malas
2764 4220 2985 4277 contra,
3022 4226 3143 4281 quae
3169 4212 3237 4265 ab
3265 4211 3626 4278 imprudenti-

2052 4302 2155 4358 bus
2224 4301 2600 4357 imbibuntur?
2651 4316 2713 4342 -ι-
2763 4302 2901 4367 Quid
2947 4302 3091 4355 enim
3145 4300 3292 4355 aliud
3351 4303 3629 4357 dicerem?

2052 4393 2163 4460 Age
2210 4409 2375 4456 nunc,
2425 4392 2882 4463 quemadmodum
2919 4393 3019 4447 ista
3065 4408 3229 4461 porro
3269 4393 3627 4464 disputaban-

360 4480 485 4542 Ἀῶν
507 4490 596 4543 καὶ
620 4488 783 4561 μηδὲν
808 4488 1127 4551 ἐπαϊόντων,
1154 4482 1263 4557 ἆρα
1294 4485 1445 4539 οὐδὲν
1478 4486 1646 4541 κακὸν
1672 4487 1947 4553 miserat;

2062 4488 2179 4543 tur?
2210 4487 2314 4554 Qui
2347 4490 2401 4542 in
2436 4489 2842 4560 gymnasiorum
2876 4488 3356 4544 exercitationibus
3380 4490 3626 4545 studiose

448 4667 560 4739 (9i)
597 4665 835 4739 Oiia‘gtep
876 4664 974 4739 καὶ
1022 4667 1327 4739 :tpo'tepor.
1366 4665 1595 4720 Animus
1628 4665 1947 4737 philosopho

370 4735 594 4803 dignus.
623 4735 763 4789 Audi
793 4745 845 4790 et
877 4736 1161 4794 Senecam.
1195 4736 1287 4806 sed
1306 4736 1417 4806 jam
1450 4751 1656 4800 senem,
1692 4751 1756 4790 ac
1784 4735 1944 4789 morti

368 4807 855 4876 propinquiorem,
898 4807 1056 4875 epist.
1084 4806 1155 4860 26
1186 4823 1200 4859 :
1238 4805 1350 4876 Ego
1386 4817 1538 4876 certe.
1583 4806 1776 4874 inquit,
1809 4806 1945 4859 velut

369 4874 753 4945 appropinquat
799 4874 1230 4943 experimentum,
1276 4874 1325 4930 et
1368 4875 1456 4928 ille
1495 4874 1701 4928 laturus
1734 4886 1943 4928 senten-

371 4950 503 4999 tiam
532 4944 595 4999 de
622 4944 861 4999 amnibus
895 4947 1048 4999 annis
1078 4947 1204 4998 meis
1249 4947 1359 4999 dies
1390 4946 1581 4998 venerit
1626 4945 1702 4998 ita
1746 4962 1824 4997 me
1853 4945 1944 4997 ob-

368 5032 518 5070 servo
550 5023 601 5069 et
646 5015 909 5085 alloquor.
952 5013 1107 5085 Nihil
1151 5025 1265 5079 est,
1297 5018 1533 5085 inquam,
1575 5014 1765 5077 adhuc,
1803 5018 1942 5084 quod

367 5094 466 5138 aut
503 5085 676 5149 rebus,
717 5083 810 5137 aut
853 5084 1021 5138 verbis
1062 5083 1415 5139 exhibuimus.
1449 5083 1609 5138 Levia
1646 5094 1767 5138 sunt
1813 5083 1936 5148 ista,

364 5163 420 5209 et
458 5155 679 5225 fallacia
710 5155 933 5224 pignora
967 5156 1153 5225 animi,
1179 5155 1460 5225 multisque
1481 5153 1715 5207 involuta
1746 5154 1940 5225 lenoci-

368 5225 495 5276 m'is.
546 5223 687 5288 Quid
728 5223 1067 5292 profecerim,
1104 5226 1263 5277 morti
1310 5223 1603 5278 crediturus
1645 5240 1781 5276 sum.
1816 5224 1937 5278 Non

369 5293 554 5346 timide
587 5309 868 5362 componor
912 5293 981 5346 ad
1010 5293 1163 5346 illum
1207 5297 1364 5361 diem,
1396 5310 1518 5362 quo,
1554 5295 1764 5346 remotis
1794 5305 1936 5347 stro-

372 5363 500 5434 phis
523 5379 584 5415 ac
614 5363 772 5431 fucis,
804 5364 869 5416 de
898 5380 977 5416 me
1014 5363 1355 5434 judicarlurus
1378 5379 1515 5434 sum.
1549 5373 1725 5415 utrum
1752 5363 1939 5431 loquar

368 5432 539 5497 fortia
569 5448 637 5484 an
665 5434 893 5486 sentiam
923 5449 941 5485 :
972 5433 1207 5502 nunquid
1237 5433 1506 5485 simulatio
1544 5433 1739 5501 fuerit,
1754 5444 1800 5485 et
1833 5435 1936 5486 mi-

367 5517 521 5565 mus,
567 5502 822 5571 quidquid
872 5511 1057 5554 contra
1111 5503 1378 5571 fortunam
1407 5502 1609 5569 jactavi
1664 5503 1936 5555 uerborum

367 5570 776 5624 contumacium.
813 5570 1204 5635 Disputationes
1243 5582 1291 5641 et
1317 5570 1546 5641 litterata
1570 5572 1855 5641 colloquia,
1885 5583 1936 5626 et

368 5654 437 5693 ea:
486 5641 763 5708 pra'ceptis
801 5641 1117 5707 sapientium
1147 5639 1299 5693 verba
1341 5640 1580 5705 collecta,
1606 5651 1655 5694 et
1695 5639 1934 5695 eruditus

369 5725 560 5772 sermo,
602 5725 703 5761 uon
733 5709 1011 5761 ostendunt
1056 5724 1230 5761 verum
1257 5709 1415 5762 robur
1454 5711 1637 5763 animi.
1674 5710 1766 5763 Est
1798 5714 1936 5762 enim

370 5780 545 5832 oratio
585 5780 747 5832 etiam
781 5778 1130 5831 timidissimis
1181 5781 1377 5831 audax.
1411 5778 1547 5842 Quid
1578 5781 1741 5840 meris
1762 5820 1774 5838 .
1813 5790 1934 5833 tunc

2042 4662 2335 4732 apparebit,
2380 4680 2498 4717 cum
2538 4663 2773 4716 animum
2815 4680 2954 4734 ages.
3006 4662 3144 4719 Vide
3192 4674 3245 4720 et
3277 4666 3491 4735 epistol.
3526 4666 3615 4721 50.

2040 4735 2228 4800 Qualis
2274 4742 2517 4789 extremo
2563 4734 2656 4787 illo
2690 4744 2835 4797 actu,
2889 4736 3063 4802 reipsa
3117 4736 3278 4789 fuerit
3298 4734 3521 4799 {disces
3551 4754 3619 4791 ex

2041 4804 2259 4868 Tacito,
2296 4804 2394 4875 lib.
2432 4803 2629 4875 Αηηαί.
2666 4820 2735 4857 xv
2760 4845 2772 4863 .
2807 4820 2930 4858 nam
2984 4821 3270 4874 supremas
3311 4806 3429 4875 ejus
3457 4822 3631 4862 voces.

2042 4884 2343 4939 temporum
2376 4874 2575 4943 invidit
2597 4874 2821 4943 injuria.

2112 4944 2221 5013 (92)
2254 4945 2434 4997 Τοῦτο
2462 4942 2763 5013 πράττων,
2798 4943 2963 4997 Malui
2993 4960 3104 5013 uno
3133 4945 3318 5008 verbo,
3355 4944 3611 4997 studiose.

2039 5010 2184 5068 Idem
2208 5010 2392 5068 tamen
2429 5022 2529 5077 est,
2557 5013 2699 5082 quod
2746 5012 2922 5067 Latini
2959 5028 2989 5065 a
3031 5010 3203 5067 Numa
3235 5014 3488 5074 instituti,
3525 5029 3617 5067 se-

2042 5086 2139 5138 riis
2169 5084 2222 5137 iu
2255 5084 2437 5147 rebus,
2469 5098 2533 5137 ac
2571 5084 2868 5151 praisertim
2904 5084 2957 5136 in
2989 5084 3159 5151 sacris
3202 5084 3565 5137 admonebant
3596 5100 3612 5137 :

2044 5153 2157 5207 Hoc
2194 5170 2311 5223 age.
2341 5149 2618 5207 Plutarch.
2664 5154 2717 5205 in
2750 5151 2945 5223 Numa
2978 5168 2996 5205 :
3022 5149 3129 5223 ,Ὧν
3168 5152 3313 5222 ἴχνος
3360 5170 3420 5223 τι
3452 5152 3616 5222 μέχρι

2041 5224 2135 5276 νῦν
2160 5222 2531 5288 διασώζοντες,
2560 5223 2687 5274 ὅταν

2727 5222 2908 5293 ἄρχων
2939 5221 3076 5292 πρὸς
3107 5221 3311 5293 ὄρνισιν
3341 5222 3373 5291 ἢ
3403 5221 3616 5293 θυσίαις

2041 5242 2135 5276 νυν
2160 5238 2531 5288 οιασωςοντες,
2560 5238 2687 5274 οταν
2727 5238 2760 5275 α
2834 5238 2908 5273 ων
2939 5238 3076 5292 προς
3107 5238 3311 5293 ορνισιν
3341 5238 3373 5291 η
3403 5238 3612 5284 υυσιαις

2041 5238 2901 5372 ἕατρίὸῃ,δβοῶσιν.ΟΚ.ΧέΕ.
2951 5292 3202 5372 σημαίνει
3249 5291 3306 5344 δὲ
3352 5295 3405 5372 ᾗ)-
3436 5292 3612 5372 φωνὴ,

2044 5360 2221 5416 Τοῦτο
2249 5360 2506 5431 πρᾶσσε.
2546 5362 2690 5431 Idem
2726 5361 2777 5413 in
2810 5360 2959 5413 Rom.
2990 5360 3308 5431 (Ῑιιιεδεὶοη.)
3352 5362 3610 5431 Ῥωμαῖοι

2037 5432 2098 5485 τὸ
2144 5429 2369 5485 παλαιὸν
2402 5434 2458 5482 ἐν
2496 5434 2616 5492 ταῖς
2664 5430 2874 5500 ἑορταῖς
2921 5431 3075 5500 οὐδὲν
3120 5429 3615 5500 ᾠκονόμουν,”οὺδὲ

2040 5502 2371 5581 ἐφρόντιζον,
2404 5500 2516 5553 ἀλλ’
2558 5500 2590 5570 ἢ
2624 5498 2752 5569 περὶ
2783 5499 2907 5561 τοὺς
2952 5499 3108 5564 θεοὺς
3136 5498 3482 5570 ἠσχολοῦντο,
3516 5500 3612 5553 καὶ

2036 5570 2192 5623 τοῦτο
2223 5570 2508 5641 ἔπραττον.

2109 5642 2217 5710 (95)
2242 5636 2350 5692 Τόῦ
2365 5638 2502 5701 ἐνὸς
2518 5637 2770 5710 ἐκείνου.
2805 5636 3010 5710 Seneca
3057 5639 3108 5693 in
3149 5650 3380 5710 quartam
3407 5638 3568 5707 epist.
3590 5655 3613 5695 ι

2037 5705 2411 5778 Argumentum
2460 5708 2672 5775 pessimi
2732 5707 2885 5778 turba
2936 5718 3033 5760 est.
3094 5705 3208 5765 Etiz
3259 5705 3611 5764 Numerattda

2038 5776 2137 5832 non
2165 5788 2281 5832 sunt
2312 5778 2529 5839 iudicia,
2562 5778 2649 5830 sed
2683 5776 3041 5836 ponderanda.
