4122 6432
471 350 621 404 1083

1132 346 1219 402 EU
1233 345 1407 401 SEBll
1444 344 1926 402 CIESARIENSIS
1964 343 2115 402 OPP.
2152 343 2336 401 PARS
2372 342 2439 400 ll.
2477 374 2549 386 —
2574 342 3081 400 APOLOGETICA.

3599 344 3763 402 1084

468 475 742 531 versatur,
777 475 958 520 utrum
987 463 1034 520 is
1075 466 1367 535 cujuslibet
1396 466 1636 524 hominis
1667 460 1851 535 laude,
1903 467 2047 522 vitu-

2168 498 2218 508 -
2239 464 2364 528 Πῶς
2395 464 2506 537 γὰρ
2545 463 2644 531 οὓς
2677 495 2746 506 -
2771 463 2837 516 Τί
2865 464 2913 517 δ’
2952 465 3071 516 ἐστι
3101 461 3165 516 τὸ
3215 461 3385 516 κακὸν
3424 460 3604 530 τοῦτο;
3644 464 3761 518 καὶ

468 560 625 630 perio
683 568 738 614 et
782 555 1043 627 opinione
1084 559 1292 613 moveri
1338 557 1537 624 debet,
1570 574 1642 614 an
1690 558 1810 630 ejus
1837 568 2051 615 tantum

467 653 655 718 unius,
683 651 776 720 qui
806 660 899 704 aut
928 650 1173 705 medicus
1197 650 1301 717 sit,
1333 660 1430 706 aut
1473 651 1738 706 similium
1782 653 2053 708 exercita-

470 744 680 798 tionum
718 742 1068 796 moderator?
1095 772 1165 781 —
1191 742 1335 796 Sane
1378 743 1544 812 hujus
1583 754 1818 802 tantum.
1844 773 1916 785 —
1938 743 2053 798 Hu-

465 837 556 902 jus
595 847 725 902 ergo
763 833 1051 896 duntaxat,
1075 848 1182 886 non
1208 842 1390 887 autem
1420 835 1809 903 multitudinis,
1832 837 1917 890 vel
1937 850 2054 890 ine-

468 934 622 979 tuere
660 926 1134 993 reprehensiones,
1176 925 1261 979 vel
1295 926 1548 981 laudibus
1586 927 1843 983 delectari
1885 942 2052 996 opor-

467 1019 623 1073 tebit.
652 1017 954 1085 ——Utiquc.
977 1049 1047 1061 —
1069 1017 1246 1073 Unius
1278 1034 1410 1088 ergo
1448 1020 1811 1075 moderatoris
1844 1019 2049 1090 potius,

467 1124 533 1162 ac
566 1123 750 1164 rerum
789 1109 1014 1163 istarum
1066 1108 1268 1176 periti,
1306 1122 1472 1177 quam
1530 1107 1764 1162 aliorum
1805 1108 2052 1162 omnium

470 1215 674 1256 sensus
729 1207 895 1269 atquc
926 1198 1216 1268 judicium,
1259 1206 1367 1252 tam
1406 1200 1459 1251 in
1487 1197 1757 1254 obeundis
1784 1198 2052 1253 exercita-

473 1289 738 1355 tionibus,
769 1305 935 1358 quam
978 1290 1033 1343 in
1077 1289 1183 1344 cibi
1206 1298 1479 1360 potusque
1510 1290 1675 1345 modo
1713 1290 2054 1360 sequendum

472 1380 599 1434 erit.
628 1410 699 1420 -—
730 1378 821 1434 Sic
855 1387 961 1434 est.
986 1408 1058 1419 —
1086 1377 1231 1433 Bene
1261 1378 1441 1432 habet.
1489 1378 1631 1445 Quid
1658 1381 1704 1435 si
1725 1390 1906 1435 autem
1933 1381 2055 1451 ejus

473 1472 640 1528 unius
693 1472 898 1543 rejecto
946 1471 1136 1536 ducto,
1177 1482 1231 1541 et
1270 1470 1529 1540 opinione
1561 1471 1924 1542 laudibusque
1956 1488 2055 1528 ne-

474 1563 688 1633 glectis,
729 1562 909 1619 stultae
942 1562 1309 1618 multitudinis
1336 1561 1622 1617 arbitrium
1655 1571 1938 1632 sequatur,
1972 1563 2059 1618 ni-

476 1657 625 1711 hilne
656 1657 877 1711 tandem
906 1670 971 1709 ex
1001 1669 1068 1709 eo
1093 1654 1223 1710 mali
1269 1653 1542 1724 patietur?
1567 1684 1637 1695 —
1664 1652 1799 1708 Nam
1831 1656 1927 1725 qui
1955 1656 2059 1709 ali—

476 1757 558 1801 ter
582 1745 992 1801 ﬁat?—Malum
1024 1747 1167 1802 istuc
1186 1756 1369 1802 autem
1402 1746 1712 1816 cujusmodi
1732 1747 1853 1803 est?
1879 1763 2059 1818 quove

2157 560 2251 612 ποῖ
2276 558 2474 623 τείνει;
2507 556 2605 611 καὶ
2648 558 2728 620 είς
2771 555 2824 609 τί
2853 555 2962 609 τῶν
2998 552 3094 608 τοῦ
3120 552 3507 620 ἀπειθοῦντος;
3542 584 3611 594 -
3637 557 3764 624 Δη-

2154 649 2329 704 λονότι
2370 652 2451 714 εἰς
2481 650 2543 702 τὸ
2578 649 2758 721 σῶμα,
2783 646 2944 701 τοῦτο
2993 646 3103 718 γὰρ
3151 646 3413 702 διόλλυσι.
3440 678 3512 688 --
3542 649 3765 715 Καλῶς

2156 738 2353 808 λέγεις.
2383 739 2592 793 Οὐκοῦν
2616 738 2710 792 καὶ
2738 738 2808 791 τὰ
2833 737 2989 802 ἄλλα,
3016 732 3061 791 ὦ
3090 737 3328 808 Κρίτων,
3355 736 3525 803 οὕτως
3550 739 3643 793 ἵνα
3674 741 3764 810 μὴ

2158 832 2337 885 πάντα
2385 831 2629 903 διίωμεν.
2658 832 2770 884 Καὶ
2823 831 2889 901 δὴ
2937 831 3035 883 κα)⁵
3074 830 3343 902 περὶτῶν
3373 830 3598 885 δικαίων
3657 832 3762 885 καὶ

2157 924 2378 985 ἀδίκων,
2427 927 2523 978 καὶ
2573 924 2837 996 αἰσχρῶν,
2875 923 2972 977 καὶ
3016 922 3220 988 καλῶν,
3247 924 3342 976 καὶ
3367 923 3613 993 ἀγαθῶν,
3657 922 3763 977 καὶ

2159 1017 2366 1080 κακῶν,
2406 1016 2533 1086 περὶ
2566 1009 2641 1069 ὧν
2670 1014 2766 1069 νῦν
2796 1017 2830 1087 ή
2868 1013 3031 1085 βουλὴ
3062 1017 3195 1084 ἡμῖν
3235 1015 3375 1078 ἐστι,
3409 1013 3643 1083 πότερον
3686 1014 3767 1082 τῇ

2157 1104 2268 1159 τῶν
2306 1105 2516 1159 πολλῶν
2549 1105 2677 1179 δόξῃ
2720 1105 2801 1158 δεῖ
2848 1105 2995 1176 ἡμᾶς
3032 1102 3283 1169 ἕπεσθαι,
3334 1104 3430 1157 καὶ
3463 1102 3769 1172 φοϐεῖσθαι

2158 1196 2351 1267 αὐτὴν,
2394 1194 2428 1266 ἢ
2462 1199 2529 1267 τῇ
2562 1192 2652 1249 τοῦ
2707 1196 2845 1259 ἐνὸς,
2895 1195 2951 1248 εί
2989 1194 3074 1258 τίς
3132 1198 3279 1250 ἐστιν
3329 1197 3557 1260 ὲπαῖων,
3590 1195 3652 1248 ὃν
3690 1194 3767 1266 δὴ

2160 1289 2254 1342 καὶ
2307 1288 2657 1359 αἰσχύνεσθαι
2705 1289 2802 1342 καὶ
2840 1287 3123 1358 φοϐεῖσθαι
3175 1287 3375 1358 μᾶλλον
3417 1288 3453 1360 ἢ
3498 1287 3766 1359 ξύμπανο

2159 1398 2258 1444 τας
2309 1381 2439 1445 τοὺς
2505 1381 2729 1447 ἄλλους
2776 1375 2847 1453 ’ᾫ
2894 1382 2944 1433 εί
3001 1379 3077 1451 μὴ
3127 1380 3591 1452 ἁκολουθήσομεν,
3628 1378 3766 1434 δια-

2162 1473 2470 1545 φθεροῦμεν
2523 1477 2718 1536 ἐκεῖνο,
2789 1474 2885 1527 καὶ
2960 1472 3351 1543 λωϐησὸμεθα,
3407 1472 3437 1525 δ
3498 1470 3578 1542 τῷ
3650 1472 3767 1544 μὲν

2161 1566 2355 1636 δικαίῳ
2420 1565 2628 1636 βέλτιον
2682 1565 2921 1636 ἐγίνετο,
2971 1565 3049 1636 τῷ
3096 1565 3153 1618 δὲ
3217 1564 3390 1636 ἀδίκῳ
3438 1563 3761 1618 ἀπώλλυτο.

2168 1657 2241 1710 Ἦ
2274 1658 2428 1711 οὐδέν
2449 1659 2565 1712 ἐστι
2592 1658 2750 1712 τοῦτο
2768 1662 2784 1725 ς
2798 1690 2865 1703 —
2882 1652 3051 1727 Οἶμαι
3080 1657 3277 1726 ἔγωγε,
3294 1652 3339 1710 ὧ
3362 1655 3674 1728 Σώκρατες.
3687 1688 3768 1702 -ν-

2162 1750 2299 1821 Φέρε
2335 1751 2421 1823 δὴ,
2455 1751 2550 1806 ἐὰν
2578 1750 2640 1805 τὸ
2683 1751 2788 1805 ὑπὸ
2820 1750 2914 1804 τοῦ
2949 1750 3185 1820 ὑγιεινοῦ
3226 1750 3327 1820 μὲν
3355 1748 3562 1819 βέλτιον
3604 1750 3769 1816 γινό-

475 1839 742 1910 pertinet?
774 1850 867 1895 aut
920 1855 1089 1910 quam
1142 1841 1198 1895 in
1254 1840 1561 1896 rcfractarii
1611 1849 1820 1911 partem
1860 1842 2064 1896 redun-

2170 1860 2351 1913 μενον,
2398 1843 2505 1897 ὑπὸ
2531 1843 2627 1898 τοῦ
2666 1843 2931 1908 νοσώδους
2967 1844 3025 1897 δὲ
3074 1841 3545 1913 διαφθειρόμενον,
3582 1841 3767 1903 διολέ-

475 1934 699 1989 dat?——
731 1931 1001 1988 Nimirum
1035 1934 1091 1987 in
1130 1948 1366 2003 corpus,
1402 1934 1532 1989 huic
1568 1933 1715 1989 enim
1765 1933 2061 2003 perniciem

478 2035 652 2083 creat.
676 2056 750 2068 —
775 2026 941 2082 Recte
994 2028 1315 2097 respondes.
1371 2025 1707 2083 Caeterorum
1745 2027 1945 2099 igitur,
1984 2027 2062 2083 mi

478 2114 654 2181 Crito,
696 2131 766 2171 ne
792 2117 1009 2187 singula
1044 2132 1460 2188 persequamur,
1492 2117 1683 2173 eadem
1710 2119 1958 2174 omnium
1982 2134 2065 2174 ra-

478 2208 560 2261 tio
594 2215 699 2262 est.
739 2206 929 2278 Itaque
957 2224 1044 2264 res
1069 2208 1231 2264 etiam
1265 2209 1443 2278 justas
1475 2208 1779 2280 injustasve
1806 2210 1950 2281 quod
1990 2218 2067 2265 at-

481 2298 640 2365 tinet,
683 2308 868 2369 turpes
912 2301 1042 2355 item
1076 2312 1172 2355 aut
1205 2302 1489 2368 honestas,
1528 2303 1703 2359 bonas
1733 2312 1827 2357 aut
1867 2303 2062 2370 malas,

478 2390 549 2445 de
573 2390 773 2460 quibus
803 2392 1050 2447 instituta
1075 2408 1222 2448 nunc
1250 2408 1282 2447 a
1310 2395 1469 2449 nobis
1493 2395 1722 2463 quaestio
1746 2404 1849 2462 est,
1878 2406 2063 2449 utrum

481 2483 630 2553 vulgi
671 2484 986 2553 Opinionem
1043 2486 1198 2556 sequi
1238 2501 1303 2542 ac
1340 2484 1638 2541 formidare
1676 2502 1778 2543 nos
1825 2497 2063 2557 oportet,

481 2592 553 2631 an
595 2578 761 2633 unius
789 2579 1089 2644 duntaxat,
1124 2580 1172 2635 si
1197 2581 1320 2650 quis
1348 2580 1511 2635 modo
1551 2580 1719 2649 probe
1760 2580 2067 2650 intelligens

482 2668 842 2739 fuerit,quem
871 2672 1169 2726 etiamnum
1196 2672 1397 2741 potius,
1416 2686 1581 2741 quam
1604 2671 1846 2741 reliquos
1876 2687 2067 2727 omnes

482 2763 657 2816 vereri
692 2778 757 2818 ac
793 2772 1038 2819 metuere
1090 2764 1425 2819 debeamus?
1482 2761 1744 2817 Eumdem
1793 2773 1981 2819 contra
2020 2764 2069 2819 si

482 2857 667 2912 minus
698 2858 1007 2924 audiemus,
1043 2858 1303 2913 damnum
1336 2858 1385 2912 ei
1415 2858 1555 2927 parti
1584 2872 1648 2912 ac
1680 2858 2067 2914 detrimentum

482 2944 701 2999 allaturi
734 2947 927 3013 simus,
961 2963 1082 3016 qua:
1111 2958 1169 3003 ut
1198 2948 1454 3018 aequitate
1485 2948 1663 3013 ﬂoret,
1693 2948 1774 3003 sic
1822 2950 1875 3003 in
1904 2950 2070 3019 justi-

482 3040 559 3091 tia
585 3039 960 3093 contabescit?
977 3040 1057 3093 An
1081 3050 1254 3094 totum
1287 3040 1431 3095 istuc
1454 3041 1604 3095 nihili
1638 3039 2071 3097 facis?——Enim-

481 3144 637 3194 vero,
660 3129 936 3192 Socrates,
955 3140 1131 3188 tecum
1156 3133 1356 3189 sentio.
1386 3163 1455 3175 -—
1483 3133 1647 3205 653
1688 3135 1930 3206 Agedum
1965 3136 2069 3207 igi-

483 3232 596 3286 tur,
636 3226 683 3277 si
716 3224 860 3293 quod
887 3224 942 3277 in
983 3225 1157 3280 nobis:
1183 3241 1363 3279 rerum
1394 3235 1449 3280 et
1480 3227 1781 3281 salubrium
1816 3244 1919 3297 ope
1941 3242 2074 3284 con-

482 3315 727 3381 vaiescit,
742 3325 795 3370 et
816 3316 1105 3370 noxiarum
1144 3334 1247 3371 usu
1272 3318 1557 3382 deteritur,
1591 3320 1722 3374 illud
1754 3322 1972 3389 ipsimet
2003 3320 2074 3375 ab

487 3404 803 3458 hominibus
842 3405 1112 3474 imperitis
1153 3408 1361 3461 inducti
1397 3411 1862 3476 pessundabimus
1885 3450 1901 3475 ,
1934 3427 2073 3466 eone

481 3493 597 3562 jam
644 3495 930 3565 proﬂigato
972 3496 1267 3551 vivendum
1326 3499 1487 3554 nobis
1526 3500 1667 3555 ultra
1714 3503 2073 3570 putabimus?

486 3584 706 3655 Corpus
750 3598 931 3642 autem
977 3588 1110 3642 illud
1161 3597 1276 3655 est;
1326 3589 1614 3657 nunquid?
1639 3620 1713 3630 —
1754 3592 1831 3647 Ita
1865 3606 1969 3649 est.
2000 3623 2072 3634 ——-

486 3675 629 3731 Num
652 3694 783 3749 ergo
812 3678 990 3744 nobis,
1016 3695 1142 3733 cum
1174 3693 1321 3749 aegro
1360 3694 1426 3734 ac
1458 3680 1657 3736 vitioso
1684 3696 1934 3752 corpore,
1968 3699 2070 3754 po-

490 3776 597 3822 test
625 3782 747 3823 esse
791 3769 901 3823 vita
928 3769 1148 3824 vitalis?
1177 3800 1248 3811 --
1283 3768 1443 3823 Nullo
1484 3770 1670 3825 modo.
1700 3802 1771 3813 —
1798 3775 1868 3827 At
1893 3789 1960 3829 eo
1994 3775 2077 3829 vi-

488 3859 685 3915 delicet
718 3870 999 3931 corrupto,
1031 3863 1211 3920 vitalis
1233 3867 1359 3931 erit,
1394 3867 1480 3921 cui
1508 3875 1569 3921 ut
1590 3866 1817 3920 exitium
1855 3867 2074 3938 injusti-

487 3952 588 4015 tia,
622 3954 703 4008 sic
730 3954 962 4023 aequitas
1004 3971 1163 4025 opem
1215 3972 1279 4013 ac
1311 3958 1543 4013 salutem
1593 3958 1771 4013 all'ert.
1822 3959 1906 4013 An
1945 3975 2071 4014 cor-

489 4058 623 4112 pore
663 4044 827 4099 vilius
879 4045 1229 4112 habebimus,
1263 4048 1526 4118 quidquid
1560 4048 1779 4103 demum
1816 4049 1870 4103 in
1913 4048 2074 4104 nobis

488 4135 622 4191 illud
653 4148 755 4200 est,
791 4140 940 4194 circa
1003 4142 1146 4210 quod
1193 4141 1460 4211 injustitia
1488 4140 1810 4212 justitiaque
1848 4157 2074 4196 versan-

2169 1952 2374 2007 σωμεν,
2404 1932 2716 2004 πειθόμενοι
2749 1934 2823 2006 μὴ
2865 1936 2930 2004 τῇ
2963 1933 3072 1986 τῶν
3110 1931 3410 1985 ἐπαϊόντων
3448 1930 3599 2001 δόξῃ,
3642 1926 3769 2001 ἆρα

2171 2020 2364 2092 βιωτὸν
2399 2024 2529 2094 ἡμῖν
2562 2024 2679 2076 ἐστι
2710 2022 3107 2094 διεφθαρμένου
3140 2020 3339 2088 aurai};
3374 2021 3531 2074 Ἐστι
3563 2019 3767 2074 stam

2167 2116 2330 2170 τοῦτο
2351 2115 2533 2187 σῶμα,
2561 2114 2595 2185 ἢ
2618 2115 2739 2185 οὐχί
2763 2133 2862 2183 ;-——
2884 2115 3014 2169 Ναί.
3035 2110 3246 2186 -τΑρ“
3279 2109 3373 2167 οὖν
3403 2113 3597 2184 βιωτὸν
3620 2114 3772 2185 ἡμῖν

2170 2211 2287 2262 ἐστι
2319 2207 2458 2280 μετὰ
2489 2206 2764 2280 μοχθηροῦ
2809 2209 2904 2263 καὶ
2933 2208 3332 2279 διεφθαρμένου
3379 2205 3664 2277 σώματος
3690 2234 3774 2247 —

2171 2301 2459 2373 Οὐδαμῶς.
2479 2333 2549 2342 -
2574 2299 2735 2354 Ἀλλὰ
2767 2301 2884 2372 μετ’
2927 2300 3136 2355 ἐκείνου
3167 2300 3277 2372 (94)
3307 2300 3416 2371 ἄρα
3444 2299 3595 2353 ἐστὶν
3625 2299 3774 2370 ἡμῖν

2174 2392 2369 2462 βιωτὸν
2391 2392 2812 2464 διεφθαρμένου,
2844 2393 2874 2446 ὃ
2904 2392 2964 2445 τὸ
2989 2392 3173 2447 ἄδικον
3204 2392 3303 2464 μὲν
3329 2392 3596 2451 λωϐᾶται,
3614 2390 3681 2444 τὸ
3710 2390 3774 2445 δὲ

2171 2484 2378 2539 δίκαιον
2417 2486 2677 2557 ὀνίνησιν.
2705 2487 2775 2539 Ἣ
2804 2485 3134 2556 φαυλότερον
3172 2484 3459 2556 ἡγούμεθα
3496 2480 3636 2538 εἶναι
3665 2480 3773 2538 τοῦ

2175 2575 2428 2647 σώματος
2465 2579 2661 2641 ἐκεῖνο,
2696 2578 2726 2630 ὃ
2755 2577 2808 2630 τί
2842 2578 2960 2630 ποτ’
2985 2578 3104 2631 ἐστὶ
3135 2576 3245 2631 τῶν
3271 2576 3591 2647 ἡμετέρων,
3631 2575 3773 2646 περὶ

2173 2670 2313 2741 ante
2345 2671 2529 2725 ἀδικία
2549 2672 2645 2725 καὶ
2671 2672 2705 2743 ἡ
2735 2671 3048 2742 δικαιοσύνη
3082 2671 3263 2737 ὲστίν;
3290 2700 3362 2709 -
3390 2669 3773 2740 Οὐδαμῶς.-

2187 2762 2349 2816 Ἀλλὰ
2377 2761 2738 2834 τιμιάγτερονς
2763 2795 2833 2805 —
2855 2763 2998 2817 Πολύ
3023 2780 3107 2832 γε.
3141 2792 3210 2801 -
3241 2763 3357 2816 Οὐκ
3396 2762 3528 2834 ἄρα,
3571 2754 3616 2814 ὧ
3643 2760 3774 2831 βέλ-

2174 2872 2347 2921 τιστε,
2389 2856 2530 2910 πάνυ
2573 2857 2705 2927 ἡμῖν
2740 2854 2884 2909 οῦτω
2938 2854 3316 2927 φροντιστέον,
3363 2854 3417 2906 τί
3466 2852 3689 2925 ἐροῦσιν
3717 2855 3772 2907 οἱ

2178 2948 2366 3002 πολλοὶ⁸
2392 2949 2561 3020 ἡμᾶς,
2589 2948 2725 3001 ἀλλὰ
2754 2949 2806 3001 τί
2831 2950 2861 3001 ὀ
2885 2949 3091 3002 ἐπαΐων
3130 2947 3261 3019 περ)¹
3285 2947 3395 3000 τῶν
3416 2946 3643 3000 δικαίων
3671 2947 3773 3000 καὶ

2176 3042 2381 3096 ἀδίκων
2404 3081 2419 3105 ,
2455 3044 2484 3096 ὁ
2514 3036 2631 3106 εἷς,
2668 3043 2762 3095 καὶ
2811 3042 2950 3113 αὑτὴ
2993 3043 3026 3113 ἡ
3060 3040 3310 3111 ἀλήθεια.
3339 3040 3505 3092 Ὥστε
3546 3038 3772 3110 πρῶτον

2183 3133 2283 3202 μὲν
2313 3132 2487 3204 ταύτῃ
2517 3134 2619 3187 οὐκ
2654 3132 2831 3204 ὀρθῶς
2858 3132 3249 3204 εἰσηγούμενος
3280 3131 3381 3203 τῆς
3410 3130 3521 3184 τῶν
3552 3128 3774 3183 πολλῶν

2102 3200 2143 3257 C
2177 3200 2335 3293 δόξης
2361 3200 2487 3277 δεῖν⁷
2513 3226 2658 3295 ἡμᾶς
2689 3200 3008 3295 φροντίζειν
3042 3200 3167 3295 περὶ
3218 3200 3344 3276 τῶν*
3370 3222 3620 3286 δικαίων,
3671 3221 3774 3276 καὶ

2176 3317 2383 3382 καλῶν,
2421 3317 2515 3369 καὶ
2548 3316 2786 3384 ἀγαθῶν,
2813 3316 2907 3369 καὶ
2944 3315 3051 3368 τῶν
3092 3315 3371 3368 ἐναντίων.
3405 3334 3424 3366 ι
3455 3314 3567 3367 Καὶ
3605 3315 3635 3367 ὸ
3663 3329 3774 3365 σω-

2178 3409 2367 3479 τήριος
2408 3408 2464 3460 δὲ
2487 3408 2660 3476 Λόγος
2699 3408 2850 3479 φησί·
2879 3425 2899 3459 ι
2934 3408 3104 3473 Δόξαν
3139 3407 3239 3477 τὴν
3272 3406 3425 3478 παρὰ
3462 3404 3774 3478 ἀνθρώπων

2179 3497 2416 3569 ζητεῖτε,
2458 3499 2551 3551 καὶ
2574 3499 2671 3570 τὴν
2693 3499 2854 3563 δόξαν
2886 3500 2988 3571 τὴν
3019 3500 3170 3571 παρὰ
3220 3501 3380 3571 μόνον
3404 3500 3501 3554 τοῦ
3536 3501 3674 3563 ἑνὸς,
3707 3501 3777 3552 οὐ

2178 3591 2415 3664 ζητεῖτε.
2443 3610 2463 3644 ι
2489 3592 2582 3645 Διὸ
2608 3593 2701 3645 καὶ
2718 3595 2877 3663 ἡμεῖς
2897 3595 2955 3646 ἐν
2975 3596 3087 3657 τοῖς
3108 3593 3248 3664 ὑπὲρ
3263 3593 3546 3657 εὐσεϐείας
3561 3593 3776 3660 ἀγῶσιν

2176 3683 2354 3757 ὀρθῶς
2386 3684 2718 3755 πράττομεν,
2753 3685 2813 3738 οὐ
2856 3685 3187 3749 σκοποῦντες
3214 3686 3268 3738 τί
3313 3688 3462 3757 ἡμᾶς
3491 3688 3543 3738 οἱ
3583 3685 3776 3739 πολλοὶ

2176 3776 2416 3848 ἐροῦσιν,
2449 3775 2586 3830 ἀλλὰ
2612 3777 2665 3829 τί
2717 3777 2966 3848 βούλεται
3016 3773 3096 3843 εἷς
3129 3781 3158 3833 ὁ
3196 3779 3288 3833 τοῦ
3319 3778 3455 3832 Θεοῦ
3488 3779 3661 3846 Λόγος
3716 3778 3777 3831 δν

2177 3865 2329 3933 ἅπαξ
2374 3869 2555 3940 κρίσει
2589 3868 2897 3940 ἑλομένους,
2936 3871 3206 3942 προσήκει
3249 3871 3451 3941 ὁμοίως
3502 3870 3597 3923 καὶ
3622 3871 3777 3935 τότε,

2177 3958 2367 4031 ῶσπερ
2395 3956 2462 4014 αὖ
2490 3960 2584 4013 καὶ
2607 3961 2891 4033 πρότερον,
2921 3964 3107 4033 τιμᾷν,
3132 3964 3227 4016 καὶ
3258 3963 3332 4034 μὴ
3360 3961 3775 4033 μετατίθεσθαι,

2183 4050 2401 4125 μηδ’,ἂν
2429 4053 2462 4121 ἡ
2508 4051 2614 4105 τῶν
2660 4053 2869 4107 πολλῶν
2900 4052 3148 4123 δύναμις,
3173 4052 3363 4125 ὥσπερ
3395 4054 3592 4117 παῖδας
3621 4053 3783 4124 ἡμᾶς

2187 4143 2645 4215 μορμολύτητται.
2685 4146 2930 4202 Tuto-31:0:
2964 4149 3021 4202 δὲ
3062 4144 3202 4219 ἦσαν
3227 4149 3321 4201 καὶ
3358 4151 3406 4201 οἱ
3435 4148 3606 4202 πάλαι
3640 4146 3776 4219 παρ’

487 4226 899 4285 tur?——Ahsit.
933 4260 1003 4271 --
1033 4230 1171 4285 Num
1207 4232 1372 4303 igitur
1407 4232 1880 4301 praestantius?--
1907 4232 2064 4286 Multc

2191 4235 2465 4307 Ἑϐραίοις
2498 4239 2556 4290 ἐν
2590 4240 2874 4311 μαρτυρίῳ
2899 4240 3318 4311 διαλάμψαντες.

490 4337 643 4378 sane.
672 4354 745 4365 -
772 4323 889 4378 Non
957 4326 1251 4380 admodum
1301 4342 1460 4398 ergo,
1514 4330 1597 4383 vir
1668 4328 1905 4398 optimc,
1949 4328 2254 4384 curandum
2331 4332 2490 4387 nobis
2559 4334 2703 4400 erit,
2746 4333 2879 4404 quid
2906 4335 2992 4389 .de
3037 4334 3196 4411 nobis
3240 4333 3435 4405 vulgus
3475 4333 3787 4403 loquatur;

491 4418 586 4472 sed
626 4419 755 4489 quid
791 4420 879 4475 ille
907 4430 1140 4488 tantum,
1189 4422 1285 4491 qui
1347 4438 1531 4479 rerum
1559 4424 1839 4494 iustarum
1905 4434 1959 4478 et
1997 4424 2325 4494 injustarum
2398 4428 2711 4497 cognitione
2786 4429 3092 4501 praestabit;
3133 4445 3300 4493 unus,
3352 4429 3619 4500 inquam,
3659 4429 3784 4494 ille,

492 4510 717 4581 ipsaque
757 4513 893 4569 adeo
932 4515 1155 4570 veritas.
1197 4514 1378 4580 Quare
1413 4518 1596 4573 minus
1640 4527 1788 4573 recte
1833 4517 2075 4587 primum
2116 4519 2249 4575 illud
2311 4521 2411 4577 abs
2445 4530 2499 4577 te
2554 4523 2794 4580 positum
2823 4531 2927 4589 est,
2960 4522 3053 4578 ubi
3089 4522 3157 4577 de
3190 4523 3354 4578 rebus
3380 4522 3571 4593 justis,
3602 4522 3780 4577 hone-

492 4604 592 4660 stis
645 4621 709 4661 ac
764 4606 925 4662 bonis
979 4620 1192 4679 agatur,
1226 4626 1525 4682 earumque
1577 4615 1889 4678 contrariis,
1928 4614 2072 4686 vulgi
2113 4616 2425 4685 Opinionem
2470 4618 2657 4690 aliquo
2689 4619 2849 4675 nobis
2879 4620 2931 4673 in
2956 4632 3214 4684 numero;i
3240 4618 3548 4673 habendam
3590 4632 3773 4674 esse.»

492 4694 768 4755 Hactenus
828 4700 1006 4755 Plato.
1050 4702 1226 4768 Quam
1270 4703 1329 4757 in
1371 4705 1699 4759 sententiam
1760 4705 1892 4761 illud
1927 4715 2013 4762 est
2068 4708 2326 4766 salutaris
2394 4708 2696 4780 Evangelii,
2744 4728 2762 4761 ι
2795 4709 3034 4765 Gloriam
3090 4709 3159 4763 ab
3206 4708 3527 4763 hominibus
3570 4708 3779 4776 quaeri-

494 4790 587 4856 tis,
624 4802 678 4846 et
708 4793 942 4863 gloriam
976 4794 1044 4848 ab
1072 4809 1139 4848 eo
1173 4795 1329 4860 solo,
1376 4797 1471 4866 qui
1521 4814 1649 4853 vere
1690 4814 1834 4854 unus
1862 4811 1978 4865 est,
2022 4815 2131 4855 non
2196 4803 2443 4873 qumritis
2482 4805 2527 4859 ³.
2564 4824 2583 4858 ι
2628 4803 2898 4871 Quocirca
2944 4819 3046 4857 nos
3080 4804 3245 4857 etiam
3289 4802 3345 4855 in
3376 4801 3787 4855 certaminibus

493 4898 595 4952 pro
627 4884 895 4953 religione
946 4885 1237 4954 susceptis,
1272 4886 1398 4955 jure
1435 4888 1682 4956 profecto
1725 4904 1836 4943 non
1892 4890 2250 4959 attendimus,
2296 4892 2426 4962 quid
2499 4893 2567 4948 de
2595 4894 2755 4948 nobis
2805 4893 3099 4948 multitudo
3131 4892 3407 4961 loquatur,
3438 4890 3531 4945 sed
3563 4898 3776 4944 tantum

494 4976 626 5047 quid
683 4993 853 5031 unum
907 4977 1039 5033 illud
1077 4977 1169 5032 Dei
1219 4976 1452 5033 Verbum
1502 4982 1778 5051 postulet;
1829 4981 1897 5036 ad
1950 4982 2097 5053 quod
2138 4982 2232 5038 ubi
2277 4999 2379 5039 nos
2426 4985 2595 5041 semel
2628 4985 2977 5041 considerare
3027 4983 3405 5054 adjunximus,
3467 4990 3583 5036 tum
3644 4981 3778 5036 illud

494 5075 658 5128 etiam
688 5073 912 5144 perinde
943 5075 1020 5129 uti
1054 5076 1209 5145 prius
1241 5076 1538 5132 observare
1573 5094 1673 5134 nos
1705 5087 1937 5147 oportet,
1972 5093 2076 5133 nec
2114 5094 2359 5150 unquam
2388 5081 2615 5136 omnino
2670 5081 2968 5145 dimittere,
3026 5078 3243 5133 tametsi
3274 5077 3433 5131 nobis
3457 5074 3618 5145 quasi
3648 5090 3778 5145 pue-

490 5172 571 5226 ris
630 5171 1072 5227 terriculamenta
1136 5172 1217 5228 vis
1269 5175 1360 5228 tlla
1409 5174 1780 5231 multitudinis
1841 5174 2083 5245 objiciat.
2125 5173 2328 5241 Quales
2358 5177 2522 5232 etiam
2564 5185 2752 5241 erant,
2794 5176 2889 5248 qui
2939 5174 3082 5246 apud
3144 5172 3401 5227 Hebraeos
3448 5171 3581 5225 olim
3629 5184 3780 5225 mar-

494 5261 621 5334 tyrii
654 5262 826 5333 gloria
861 5263 1128 5324 claruere.

567 5419 590 5449 ⁸
624 5416 782 5475 Joan.
813 5436 869 5487 ν,
900 5421 991 5476 44.

2192 5583 2452 5645 corrupto
2494 5572 2697 5637 animo,
2735 5570 2834 5645 qui
2870 5570 3019 5626 solus
3058 5568 3496 5645 justitigerapax
3525 5571 3583 5621 et
3625 5560 3771 5633 inju-

573 5575 684 5650 (94)
718 5577 890 5631 Ἀλλὰ
902 5578 1029 5646 μετ’
1055 5579 1312 5634 ἐκείνου.
1343 5579 1598 5634 Animum
1628 5580 1833 5648 accipe.
1858 5576 1912 5632 Id
1936 5576 2063 5631 enin

2192 5583 2452 5650 corrupto
2494 5575 2697 5637 animo,
2735 5575 2834 5650 qui
2870 5575 3019 5626 solus
3058 5575 3249 5650 justitif

2190 5637 2377 5715 stiti-cu;
2406 5646 2564 5716 longe
2598 5637 2903 5715 graviorem
2934 5637 3254 5697 eam—videri
3279 5637 3499 5693 debere.

504 5649 618 5699 vult
653 5644 927 5716 Socrates,
960 5650 1005 5704 si
1037 5666 1179 5721 agro
1202 5666 1439 5723 corpore
1483 5644 1780 5721 injucunda
1831 5650 1942 5705 vita
1974 5656 2079 5717 est,
