4122 6428
403 370 540 428 1085

937 487 1337 544 ΚΕΦᾹΛΑΙΟΝ
1376 490 1452 544 Z'.

398 595 524 652 ὀτι
555 598 644 668 μὴ
685 597 781 651 δεῖ
804 598 1133 680 ἀμύνεσθαι
1176 600 1320 680 τοὺς
1345 598 1575 680 ἀδικεῖτ’
1613 598 1771 680 ἡμᾶς
1804 614 1981 669 παρε-

665 669 1145 739 σκευασμένους.
1188 669 1321 724 Ἀπὸ
1350 670 1456 724 τοῦ
1488 672 1634 724 αὐτο
1648 669 1700 724 ῡ.

477 803 496 833 ‹
535 784 725 837 Ούδενὶ
774 783 959 853 τρόπῳ
1005 782 1136 853 (95)
1195 784 1375 853 φαμὲν
1436 784 1659 846 ἑκόντας
1702 784 1983 855 ἀδικητέον

396 871 557 935 εἶναι,
574 874 607 945 ἢ
627 875 733 926 τινὶ
756 873 855 944 μὲν
877 874 1160 945 ἀδικητέον
1177 873 1381 944 τρόπῳ,
1398 875 1503 926 τινὶ⁵
1522 873 1565 926 δ’
1591 872 1651 926 οῦ
1673 890 1687 938 ;
1712 876 1780 927 Ἢ
1821 875 1948 928 ούδα
1965 905 1981 915 ο

399 963 519 1033 μῶς
544 964 605 1016 τό
625 981 687 1032 γε
703 963 905 1017 ἀδικεῖν
929 963 1053 1017 οὔτε
1067 964 1234 1017 καλὸν
1248 963 1371 1017 οὔτε
1396 964 1614 1034 ἀγαθὸν,
1633 965 1707 1028 ῶς
1724 964 1982 1030 πολλάκις

393 1057 535 1126 ἡμῖν
568 1057 661 1108 καὶ
689 1058 747 1108 ὲν
779 1055 857 1127 τῷ
899 1056 1209 1127 ἔμπροσθεν
1253 1056 1429 1128 χρόνῳ
1462 1056 1809 1127 ὡμολογήθη,
1845 1058 1982 1128 ὅπερ

394 1146 496 1200 καὶ
523 1145 648 1220 ἄρτι
675 1148 925 1217 ὲλέγετο;
952 1151 1021 1201 Ἢ
1055 1152 1226 1203 πᾶσαι
1248 1152 1381 1220 ἡμῖν
1419 1151 1624 1203 ἐκεῖναι
1658 1152 1715 1203 αἱ
1744 1151 1981 1222 πρόσθεν

392 1239 700 1310 ὁμολογίαι,
734 1242 793 1294 ὲν
814 1241 996 1293 ταῖσδε
1025 1244 1147 1304 ταῖς
1177 1242 1387 1310 ὀλίγαις
1414 1242 1653 1313 ἡμέραις
1681 1246 1878 1315 ἐκκεχυ
1889 1244 1983 1315 μέ-

393 1351 486 1387 ναι
510 1334 645 1387 εἰσί·
671 1335 765 1387 καὶ
797 1334 985 1399 πάλαι,
1010 1328 1055 1387 ὦ
1090 1335 1329 1407 Κρίτων,
1355 1332 1463 1408 ἆρα
1496 1337 1767 1409 τηλικοίδε
1792 1338 1981 1409 γέρον-

392 1443 489 1490 τες
544 1426 769 1497 ἄνδρες,
804 1426 941 1497 πρὸς
992 1426 1251 1497 ἀλλήλους
1305 1428 1507 1500 σπουδῇ
1572 1429 1977 1501 διαλεγόμενοι,

392 1518 665 1591 ἐλάθομεν
711 1520 860 1590 ἡμᾶς
906 1520 1104 1584 αὐτοὺς
1153 1521 1358 1575 παίδων
1403 1522 1555 1576 οὐδὲν
1593 1522 1978 1594 διαφέροντες;

394 1612 470 1664 ’ἹΙ
511 1612 710 1675 παντὸς
739 1611 938 1682 μᾶλλον
979 1611 1154 1676 οὕτως
1185 1612 1333 1683 ἔχει,
1380 1613 1570 1686 ῶσπερ
1595 1615 1716 1668 τότε
1766 1615 1981 1683 ἐλέγετο

391 1705 563 1773 ἡμῖν,
598 1704 709 1757 εἴτε
744 1704 908 1772 φασὶν
952 1704 1002 1755 οἱ
1038 1703 1255 1772 πολλοὶ,
1297 1707 1406 1758 εἴτε
1444 1706 1548 1777 μή·
1596 1707 1692 1761 καὶ
1735 1706 1846 1759 εἴτε
1901 1706 1983 1758 δεῖ

391 1798 544 1865 ἡμᾶς
575 1795 655 1849 ἔτι
687 1795 852 1848 τῶνδε
877 1795 1233 1868 χαλεπώτερα
1264 1799 1513 1868 πάσχειν,
1544 1800 1652 1852 εἴτε
1687 1800 1781 1852 καὶ
1810 1798 1982 1869 πραό-

390 1905 549 1958 τερα,
595 1890 746 1958 ὅμως
776 1887 837 1940 τό
874 1904 938 1955 γε
973 1888 1178 1942 ἀδικεῖν
1215 1888 1295 1958 τῷ
1342 1889 1635 1954 ἀδικοῦντι,
1682 1892 1776 1944 καὶ
1813 1891 1983 1945 κακὸν

387 1980 491 2032 καὶ
524 1977 750 2049 αἰσχρὸν
779 1978 1067 2047 τυγχάνειν
1093 1978 1153 2032 ὃν
1190 1958 1568 2049 παντὶοτρόπῳ
1599 1980 1855 2051 φαμὲν,ἢ
1886 1977 1980 2045 οῦ;

386 2070 681 2140 -Φαμέν,
709 2099 776 2108 —
805 2069 1071 2140 Οὐδαμῶς
1108 2071 1218 2142 ἄρα
1254 2070 1332 2123 δεῖ
1372 2070 1786 2137 ἀδικεῖν;-Οὑ
1823 2071 1980 2141 δῆτα.

384 2195 464 2208 --
499 2164 632 2217 Ούδὲ
663 2163 1016 2234 ἀδικούμενον
1062 2165 1171 2235 ἄρα
1210 2163 1540 2229 ἀνταδικεῖν,
1571 2163 1647 2227 ὡς
1699 2164 1750 2217 οἱ
1797 2163 1984 2218 πολλοὶ

384 2258 616 2318 οἴονται,
647 2257 831 2328 ἐπειδή
874 2275 937 2326 γε
978 2257 1235 2328 οὐδαμῶς
1271 2258 1352 2310 δεῖ
1397 2257 1726 2322 ἁδικεῖν;-
1753 2258 1827 2310 Οὐ
1860 2257 1984 2325 φαί-

386 2360 565 2405 νεται.
589 2381 659 2390 —
681 2351 745 2403 Τί
782 2351 837 2403 δὲ
867 2351 963 2422 δή;
996 2353 1324 2422 κακουργεῖν
1357 2349 1455 2416 δεῖ,
1484 2344 1529 2403 ὦ
1556 2349 1850 2422 Κρίτων,ἦ
1883 2349 1979 2416 ob;

382 2476 461 2485 —-—
487 2445 561 2497 Οὐ
612 2444 693 2496 δεῖ
734 2444 797 2515 δή
832 2462 968 2507 που,
999 2439 1044 2497 ὧ
1084 2445 1389 2515 Σώκρατες.
1440 2475 1511 2485 ——
1559 2444 1624 2496 Τί
1654 2443 1711 2496 δὲ
1758 2446 1982 2497 ἀντικα-

385 2537 645 2605 κουργεῖν
679 2535 865 2599 κακῶς
894 2535 1203 2605 πάσχοντα,
1244 2534 1319 2597 ὡς
1363 2535 1412 2586 οί
1459 2531 1644 2585 πολλοί
1684 2549 1856 2602 φασι,
1897 2532 1981 2585 δί-

382 2644 567 2690 καιον,
599 2626 632 2697 ἦ
664 2628 725 2681 οὐ
757 2627 965 2681 δίκαιον
988 2643 1003 2691 ;
1029 2657 1100 2667 --
1122 2626 1414 2696 Οὐδαμῶς·
1452 2626 1513 2678 τὸ
1535 2627 1644 2695 γάρ
1680 2644 1783 2679 που
1816 2626 1982 2679 κακὸν

384 2721 565 2773 ποιεῖν
582 2717 900 2788 ἀνθρώπους
924 2717 1014 2771 τοῦ
1040 2718 1242 2770 ἀδικεῖν
1262 2718 1412 2769 οὐδὲν
1434 2716 1983 2787 διαφέρει.--Καλῶς

385 2810 828 2880 λέγεις-Οὔτε
856 2810 963 2883 ἄρα
992 2812 1298 2864 ἀνταδικεῖν
1329 2811 1429 2874 δεῖ,
1447 2810 1569 2865 οῦτε
1593 2811 1779 2875 κακῶς
1807 2815 1981 2865 ποιεῖν

380 2904 585 2959 οὐδένα
620 2902 945 2975 ἀνθρώπων,
981 2902 1090 2955 οὐδ’
1124 2900 1190 2955 ἂν
1222 2902 1398 2955 ὁτιοῦν
1428 2902 1612 2974 πάσχῃ
1650 2920 1734 2966 τις
1756 2902 1847 2954 ὑπ’
1884 2903 1982 2956 αὐ-

381 2998 518 3051 τῶν.
558 2996 696 3049 Ἀλλ’
725 2997 848 3067 ὅρα,
890 2988 934 3047 ὦ
956 2994 1174 3067 Κρίτων
1197 2994 1371 3048 ταῦτα
1403 2994 1808 3065 καθομολογῶν,
1832 2995 1982 3058 ὅπως

385 3088 470 3159 μὴ
493 3087 649 3159 παρὰ
689 3086 847 3150 δόξαν
874 3085 1159 3155 ὁμολογῇς.
1213 3080 1343 3137 Οἶδα
1373 3084 1482 3156 γὰρ
1524 3085 1604 3138 ὅτι
1640 3084 1843 3153 ὀλίγοις
1869 3091 1983 3141 τισὶ.

1577 372 1899 428 ΡΒίΕΡΑῐῖ.
1939 373 2190 428 EVANG.
2229 375 2356 427 LIB.
2405 376 2538 426 XIII.

2010 498 2060 555 A

2684 484 2915 542 CAPUT
2950 485 3060 541 VII.

2089 580 2458 650 Rrponendam
2493 581 2562 634 iis
2587 596 2693 634 non
2728 596 2873 643 esse,
2904 596 2935 632 a
2959 576 3438 650 quibusqinjuriose
3477 582 3672 630 tracta-

2475 667 2613 715 mur,
2649 651 2926 718 injuriam.
2972 648 3057 703 E1:
3077 648 3279 702 eodem.

2171 760 2191 793 ι
2231 740 2442 808 Utrum,
2483 740 2663 810 inquit
2704 741 2878 805 Plato,
2918 740 3174 809 injuriam
3204 745 3397 808 sponte
3430 736 3540 790 ullo
3565 751 3672 791 un—

2089 848 2254 903 quam
2308 833 2473 887 modo
2528 832 2832 887 faciendam
2884 846 3167 903 negamus,
3215 846 3283 883 an
3328 830 3511 897 aliquo
3554 826 3671 881 fieri

2089 937 2271 993 posse,
2302 922 2487 989 aliquo
2523 936 2633 975 non
2674 935 2836 990 posse
2863 918 3195 975 statuimus?
3234 916 3398 982 Num,
3425 917 3671 985 inquam,

2089 1016 2347 1085 iniuriam
2383 1014 2566 1068 facere
2592 1014 2904 1067 nullatenus
2932 1013 3218 1068 honestum
3245 1026 3309 1065 ac
3338 1011 3543 1064 bonum
3564 1016 3671 1069 est,

2088 1107 2550 1178 quemadmodum
2589 1106 2732 1160 inter
2765 1120 2865 1160 nos
2894 1114 3053 1159 antea
3086 1120 3229 1173 saepe
3285 1104 3572 1169 convenit,
3614 1110 3674 1153 ut

2087 1196 2253 1251 etiam
2299 1195 2462 1266 paulo
2507 1202 2634 1248 ante
2677 1190 2995 1248 dicebatur?
3031 1190 3197 1262 654
3224 1194 3308 1246 An
3348 1204 3479 1243 vero
3511 1186 3673 1256 quid-

2086 1288 2215 1359 quid
2244 1303 2275 1342 a
2305 1287 2463 1342 nobis
2495 1297 2653 1341 antea
2679 1285 3036 1340 constitutum
3062 1292 3213 1349 erat,
3253 1283 3305 1337 id
3335 1296 3495 1335 omne
3532 1294 3671 1348 pau-

2088 1380 2169 1434 cis
2209 1379 2356 1434 bisce
2383 1377 2578 1432 diebus
2635 1376 2966 1442 effudimus;
3007 1389 3241 1443 nosque,
3284 1372 3358 1427 mi
3391 1372 3565 1437 Crito,
3608 1384 3672 1425 ea

2083 1471 2197 1542 jam
2230 1480 2387 1526 aetate
2427 1485 2609 1535 senes,
2640 1470 2770 1523 dum
2812 1469 2955 1522 inter
2995 1482 3097 1521 nos
3128 1466 3371 1521 studiose
3401 1463 3674 1533 discepta-

2093 1577 2257 1627 mus,
2313 1561 2504 1616 tandiu
2550 1560 2728 1625 latuit,
2771 1575 2936 1629 quam
2964 1558 3102 1613 nihil
3131 1573 3162 1611 a
3191 1556 3377 1627 pueris
3424 1554 3673 1609 differre-

2087 1653 2255 1708 mus?
2288 1654 2369 1706 An
2400 1653 2583 1722 potius
2628 1651 2702 1705 ita
2746 1651 2907 1721 plane
2936 1665 2995 1705 se
3025 1665 3112 1705 res
3147 1650 3311 1703 habet
3345 1646 3670 1710 etiamnum,

2056 1808 2059 1811 Α
2087 1745 2165 1799 uti
2194 1760 2226 1799 a
2250 1745 2409 1799 nobis
2439 1760 2504 1798 eo
2533 1753 2776 1814 tempore
2801 1743 3204 1813 disputabatur,
3239 1741 3358 1797 sive
3406 1738 3673 1810 suﬂrage-

2012 1862 2059 1921 Β
2089 1842 2178 1886 tur
2194 1833 2505 1901 multitudo,
2534 1834 2648 1888 sive
2674 1831 3083 1903 non?adeoque
3112 1848 3209 1887 seu
3238 1847 3337 1887 nos
3369 1831 3488 1886 istis
3505 1830 3672 1884 etiam

2086 1925 2337 1995 graviora
2366 1934 2645 1988 maneant,
2678 1940 2772 1979 seu
2800 1924 3028 1991 leviora,
3063 1924 3320 1993 injuriam
3355 1932 3534 1978 tamen
3568 1938 3671 1978 au-

2085 2015 2225 2070 ctori
2269 2030 2372 2070 suo
2422 2016 2621 2070 malam
2651 2030 2878 2084 prorsus
2915 2030 3038 2070 esse
3070 2025 3395 2085 turpemque
3424 2013 3673 2070 defendi-

2084 2123 2231 2172 mus,
2257 2122 2324 2161 an
2356 2123 2466 2161 non
2485 2106 2593 2159 ?—
2619 2106 2811 2161 llercle
2837 2107 3276 2162 defendimus.—
3304 2105 3491 2177 ltaque
3520 2106 3673 2160 nullo

2083 2200 2250 2255 modo
2301 2198 2550 2254 facienda
2605 2199 2805 2268 injuria
2842 2210 2946 2253 est.
2975 2229 3047 2238 —
3075 2198 3256 2253 Nullo.
3288 2229 3358 2239 —-
3397 2197 3564 2268 Igitur
3601 2212 3674 2253 ne

2085 2287 2401 2354 reponenda
2431 2286 2651 2355 quidem
2678 2285 2955 2353 inferenti,
2986 2296 3045 2340 ut
3081 2287 3227 2340 aliud
3259 2287 3456 2358 vulgus
3482 2286 3675 2359 opine-

2083 2383 2195 2442 tur,
2248 2377 2693 2447 quandoquidem
2739 2375 2990 2431 facienda
3042 2394 3324 2448 nunquam
3379 2377 3675 2433 cst.——Et

2083 2467 2191 2525 hoc
2233 2484 2578 2539 consequens
2622 2479 2727 2526 est.
2752 2500 2824 2512 ——
2851 2468 2992 2536 Quid
3042 2480 3225 2524 autem
3280 2471 3673 2524 detrimentum

2084 2560 2278 2615 afferre
2302 2601 2319 2627 ,
2350 2561 2425 2614 mi
2450 2561 2602 2616 Crito
2622 2602 2637 2627 ,
2673 2562 2936 2627 decetne,
2979 2576 3047 2615 an
3101 2560 3243 2615 non?
3268 2591 3340 2600 —
3364 2559 3482 2614 Non
3516 2576 3674 2629 sane,

2084 2654 2157 2706 mi
2212 2650 2583 2709 Socrates.—-
2616 2652 2933 2724 Rependerc
2982 2668 3112 2706 vero
3159 2653 3306 2723 quod
3372 2654 3671 2723 acceperis,

2082 2758 2371 2812 aequumne
2397 2757 2582 2812 porro,
2613 2759 2681 2797 an
2713 2744 2913 2798 secus?
2937 2740 3181 2796 ——Nullo
3215 2744 3378 2797 modo
3414 2761 3428 2798 :
3470 2744 3674 2814 quippe

2086 2835 2477 2890 detrimentum
2514 2834 2661 2890 enim
2695 2835 2789 2905 qui
2813 2835 3023 2899 afferat,
3052 2836 3099 2889 is
3146 2835 3214 2889 ab
3240 2835 3496 2904 iniuriam
3526 2836 3671 2890 infc-

2082 2937 2238 2982 rente
2262 2928 2397 2980 nihil
2431 2928 2666 2983 differat.
2691 2959 2759 2968 —
2784 2925 2950 2981 Recte
2986 2924 3235 2980 omnino.
3263 2956 3332 2965 -—
3350 2924 3536 2996 Itaque
3569 2942 3671 2982 nee

2086 3021 2394 3089 reponenda
2436 3019 2678 3074 vicissim
2700 3018 2906 3088 injuria
2936 3029 3043 3081 εει,
3087 3034 3186 3074 nec
3213 3019 3304 3072 ulli
3332 3032 3559 3088 prorsus
3592 3018 3671 3075 in-

2083 3110 2566 3174 commodandum,
2601 3109 2868 3181 quidquid
2918 3110 2987 3164 ab
3012 3110 3135 3164 aliis
3178 3097 3327 3181 passi
3378 3109 3668 3168 fuerimus.

380 3179 562 3232 ταῦτα
597 3180 690 3232 καὶ
713 3178 860 3231 δοκεῖ
887 3178 983 3231 καὶ
1010 3176 1170 3243 δόξει.
1196 3170 1290 3239 Οἷς
1313 3172 1403 3229 οὖν
1423 3175 1565 3229 οὕτω
1590 3175 1856 3239 δέδοκται,
1885 3178 1974 3230 καὶ

2083 3200 2189 3257 Sed
2215 3204 2337 3257 vide
2363 3202 2439 3256 sis
2464 3243 2480 3269 ,
2518 3203 2591 3256 mi
2620 3170 2771 3256 Crito
2795 3238 2811 3264 ,
2846 3216 2913 3256 ne
2938 3200 3067 3254 dum
3094 3170 3235 3255 istuc
3271 3199 3455 3257 fateris
3480 3243 3495 3267 ,
3527 3217 3668 3273 pra:-

379 3266 470 3335 οἷς
509 3270 605 3342 μὴ,
635 3271 846 3334 τούτοις
879 3271 979 3323 οὐκ
1019 3268 1135 3322 ἔστι
1164 3269 1318 3342 κοινὴ
1358 3268 1551 3340 βουλή·
1604 3267 1719 3321 ἀλλ’
1757 3268 1971 3339 ἀνάγκη

377 3364 612 3426 τούτους
643 3362 887 3430 ἀλλήλων
926 3362 1305 3433 καταφρονεῖν,
1352 3359 1593 3432 ὁρῶντας
1631 3359 1698 3413 τὰ
1733 3359 1976 3431 ἀλλήλων

384 3454 757 3527 βουλεύματα.
787 3454 990 3507 Σκόπει
1022 3452 1086 3524 δὴ
1112 3448 1206 3506 οὖν
1243 3453 1337 3505 καὶ
1368 3454 1431 3506 σὺ
1464 3447 1522 3505 εὖ
1555 3450 1720 3522 μάλα,
1747 3452 1975 3522 πότερον

379 3549 667 3609 κοινωνεῖς
701 3546 794 3599 καὶ
824 3543 1070 3599 συνδοκεῖ
1113 3561 1216 3610 σοι,
1251 3544 1345 3598 καὶ
1388 3542 1684 3614 ἀρχώμεθα
1726 3542 1975 3597 ἐντεῦθεν

383 3642 800 3712 βουλευόμενοι,
851 3640 926 3703 ὡς
957 3639 1212 3692 οὐδέποτε
1245 3638 1421 3710 ὀρθῶς
1467 3638 1681 3708 ἔχοντος
1727 3637 1848 3690 οὔτε
1880 3635 1973 3689 τοῦ

380 3736 617 3797 ἀδικεῖν,
650 3732 776 3787 οὔτε
828 3732 921 3786 τοῦ
956 3733 1294 3797 ἀνταδικεῖν,
1334 3730 1460 3785 οὔτε
1498 3731 1592 3785 τοῦ
1644 3730 1830 3793 κακῶς
1869 3730 1975 3783 πά-

382 3846 590 3899 σχοντα
622 3825 925 3897 ἀμύνεσθαι
966 3825 1298 3897 ἀντιδρῶντα
1334 3824 1546 3889 κακῶςο
1589 3824 1622 3896 ἢ
1654 3825 1970 3891 ἀφίστασαι,

379 3922 484 3973 καὶ
512 3920 573 3973 οὐ
604 3920 883 3980 κοινωνεῖς
913 3917 1011 3987 τῆς
1045 3917 1239 3987 ἀρχῆς.
1276 3917 1430 3986 Ἐμοὶ
1467 3917 1566 3987 μὲν
1599 3917 1708 3988 γὰρ
1746 3918 1841 3970 καὶ
1868 3916 1974 3969 πά-

378 4015 477 4066 λαι
514 4011 658 4065 οὕτω
698 4011 794 4064 καὶ
825 4008 921 4064 νῦν
955 4007 1036 4061 ἔτι
1083 4008 1248 4061 δοκεῖ.
1278 4007 1387 4061 Καί
1422 4025 1504 4061 σοι
1531 4008 1587 4061 δὲ
1618 4010 1668 4061 εἴ
1712 4026 1789 4079 πη
1837 4008 1971 4078 ἄλλη

376 4106 666 4169 δέδοκται,
721 4104 883 4173 λέγε,
940 4104 1035 4157 καὶ
1070 4103 1313 4156 δίδασκε⁸
1355 4103 1405 4154 εἰ
1452 4102 1499 4155 δ’
1542 4102 1802 4174 ὲμμένεις
1858 4105 1971 4165 τοῖς

379 4194 658 4264 πρόσθεν,
699 4196 760 4248 τὸ
792 4192 930 4265 μετά
972 4190 1130 4245 τοῦτο
1172 4192 1444 4247 ἄκουερ-
1473 4192 1612 4245 Ἀλλ’
1658 4193 1881 4264 ἐμμένω
1910 4210 1970 4246 τε

377 4287 481 4341 καὶ
511 4287 758 4339 συνδοκεῖ
784 4302 894 4356 μοι.
932 4284 1092 4337 Ἀλλά
1113 4283 1259 4352 λέγε.
1279 4283 1521 4352 -Λέγω
1550 4283 1613 4355 δὴ
1646 4281 1711 4338 αὖ
1744 4284 1805 4338 τὸ
1832 4285 1971 4353 μετὰ

372 4378 563 4445 τοῦτο,
586 4379 786 4450 μᾶλλον
814 4379 871 4433 δὲ
903 4378 1113 4451 ἐρωτῶ,
1146 4378 1374 4450 πότερον
1402 4377 1438 4432 ἀ
1465 4378 1530 4432 ἄν
1553 4395 1637 4441 τις
1659 4379 1969 4454 ὁμολογήσῃ

373 4490 461 4543 τῳ
492 4471 675 4525 δίκαια
704 4470 854 4538 ὄντα,
892 4471 1164 4543 ποιητέον,
1193 4470 1227 4541 ἢ
1269 4469 1762 4539 ὲξαπατητέονς-
1800 4471 1966 4544 Ποιη-

2080 3307 2161 3350 ter
2194 3294 2510 3364 opinionem
2543 3294 2659 3363 ipse
2708 3302 2856 3347 tuam
2905 3292 3131 3347 fateare.
3195 3292 3390 3348 Paucis
3422 3292 3568 3347 enim
3610 3289 3670 3348 id

2076 3386 2341 3454 probatur
2372 3395 2458 3440 sat
2490 3386 2626 3452 scio,
2679 3385 2982 3455 paucisque
3017 3384 3275 3454 deinceps
3319 3384 3664 3454 probabitur.

2077 3475 2180 3541 Qui
2215 3484 2397 3530 autem
2440 3475 2627 3530 hocin
2663 3490 2860 3545 genere
2887 3473 3175 3538 dissident,
3204 3474 3273 3529 iis
3303 3490 3410 3529 una
3448 3475 3665 3530 consilii

2076 3567 2219 3621 ratio
2242 3567 2554 3621 communis
2586 3581 2707 3621 esse
2746 3581 2855 3619 non
2903 3575 3102 3636 potest,
3137 3566 3230 3623 sed
3270 3571 3400 3620 dum
3428 3566 3665 3621 aliorum

2076 3659 2168 3713 alii
2213 3659 2394 3714 studia
2423 3658 2796 3725 considerant,
2844 3674 2940 3714 eos
2981 3674 3102 3715 sese
3141 3668 3335 3727 mutuo
3385 3657 3667 3728 despicere

2076 3763 2303 3804 necesse
2341 3756 2447 3803 est.
2514 3746 2651 3803 Vide
2678 3764 2809 3819 ergo
2842 3758 2897 3802 tu
2925 3763 3145 3819 quoque
3181 3748 3493 3818 diligenter,
3531 3764 3662 3803 num

2074 3839 2127 3894 id
2163 3855 2316 3908 aeque
2342 3840 2437 3894 tibi
2477 3839 2739 3909 probetur
2770 3854 2836 3894 ac
2856 3840 3012 3905 mihi,
3056 3840 3292 3909 indeque
3317 3839 3479 3895 ambo
3503 3855 3661 3895 com-

2074 3931 2317 3985 muniter
2377 3925 2739 3986 consilidrum
2796 3941 3109 3987 nostrorum
3162 3932 3409 4003 auspicia
3468 3948 3664 4003 capere

2073 4021 2400 4086 debeamus,
2436 4037 2625 4076 verum
2684 4036 2806 4077 esse
2846 4039 3126 4093 nunquam
3169 4033 3264 4077 aut
3302 4023 3480 4078 facere
3511 4024 3661 4098 inju:

2073 4114 2237 4179 riam,
2266 4124 2359 4169 aut
2390 4128 2687 4184 reponere,
2720 4114 2881 4184 eique
2926 4116 3169 4170 vicissim
3201 4132 3231 4170 a
3262 4133 3372 4186 quo
3397 4117 3537 4172 male
3571 4119 3665 4174 ha-

2072 4205 2221 4260 bitus
2250 4205 2417 4261 fueris
2456 4205 2643 4259 damni
2690 4206 2896 4275 aliquid
2951 4208 3247 4276 rependere
3295 4226 3308 4261 :
3351 4223 3420 4261 an
3464 4218 3656 4265 contra

2070 4299 2322 4354 discedas
2360 4313 2390 4351 a
2420 4297 2598 4364 nobis,
2638 4312 2814 4365 neque
2845 4297 3128 4352 nobiscum
3166 4298 3271 4354 hoc
3306 4299 3359 4352 in
3390 4300 3658 4370 principio

2070 4392 2385 4445 convenias.
2404 4388 2541 4444 Nam
2568 4390 2961 4460 mihiquidem,
2984 4391 3059 4444 uti
3082 4390 3195 4459 jam
3221 4391 3465 4453 olim,ita
3491 4394 3656 4450 etiam

2070 4497 2218 4537 nunc
2249 4482 2303 4537 id
2331 4483 2511 4551 ipsum
2541 4481 2774 4537 videtur.
2838 4480 2920 4536 Tu
2947 4483 2991 4536 si
3019 4482 3307 4552 pristinam
3342 4484 3656 4555 opinionem

374 4566 526 4619 τέσν.
573 4586 592 4617 ι
635 4565 855 4629 Τούτοις
904 4564 1147 4637 παράθες
1196 4563 1287 4627 τὸ,
1324 4582 1343 4614 ι
1381 4563 1584 4635 Μηδενὶ
1633 4564 1802 4618 κακὸν
1845 4565 1967 4618 ἀντὶ

2076 4575 2340 4644 abjecisti,
2384 4575 2494 4641 dic,
2525 4584 2580 4630 et
2606 4576 2930 4631 mutationis
2977 4576 3243 4631 rationem
3278 4592 3487 4648 expone
3523 4598 3537 4633 :
3568 4580 3656 4635 sin

377 4658 557 4713 κακοῦ
594 4658 955 4721 ἀποδιδόντες,
983 4676 1000 4707 ι
1038 4659 1133 4710 καὶ
1163 4656 1243 4720 τὸ,
1273 4675 1290 4706 ι
1320 4656 1603 4723 Εὑλογεῖτε
1636 4657 1761 4720 τοὺς
1790 4673 1961 4710 κατα-

380 4747 663 4818 ρωμένους
723 4749 901 4818 ὑμᾶς·
952 4745 1327 4818 Προσεύχεσθε
1363 4746 1504 4818 ὑπὲρ
1556 4746 1663 4799 τῶν
1718 4748 1961 4819 ἐπηρεα-

374 4837 583 4903 ζόντων
632 4839 726 4892 καὶ
776 4839 1077 4892 διωκόντων
1123 4838 1288 4909 ὑμᾶς,
1324 4836 1410 4890 ἵνα
1447 4837 1680 4908 γένησθε
1713 4839 1820 4891 υἱοὶ
1865 4839 1960 4893 τοῦ

376 4929 597 5001 Πατρὸς
657 4929 811 5000 ὑμῶν
843 4970 857 4993 ,
909 4928 1000 4982 τοῦ
1057 4930 1115 4981 ὲν
1177 4931 1288 4992 τοῖς
1336 4928 1586 4999 οὐρανοῖς
1617 4968 1631 4991 ,
1666 4929 1813 4993 ὅστις
1865 4929 1962 4982 τὸν

370 5022 532 5091 ἥλιον
566 5022 730 5076 αὑτοῦ
777 5021 1053 5077 ἀνατέλλει
1101 5022 1194 5075 ἐπὶ
1258 5022 1529 5092 πονηροὺς
1568 5021 1660 5073 καὶ
1688 5021 1958 5090 ἀγαθοὺς,

373 5114 477 5168 καὶ
531 5113 713 5187 βρέχει
773 5115 867 5168 ἐπὶ
920 5114 1162 5178 δικαίους
1214 5114 1308 5167 καὶ
1360 5114 1598 5177 ἀδίκους.
1633 5134 1652 5166 ι
1705 5115 1816 5168 Καὶ
1880 5115 1961 5169 ἔτι

370 5203 462 5264 τὸ,
503 5221 525 5254 ι
559 5204 971 5275 Λοιδορούμενοι
1029 5204 1381 5276 εὐλογοῦμεν,
1409 5192 1727 5274 διωκόμενοι
1768 5206 1959 5276 ἀνεχό⁹

376 5294 521 5366 μεθα
541 5335 557 5360 ,
585 5297 1029 5369 δυσφημούμενοι
1062 5296 1489 5370 παρακαλοῦμεν
1506 5338 1522 5363 ,
1548 5318 1566 5349 ι
1597 5299 1655 5352 ὲν
1682 5301 1797 5363 τοῖς
1830 5300 1958 5369 παρ’

371 5389 509 5459 ἡμῖν
540 5389 707 5461 ἱεροῖς
733 5389 1014 5461 φερόμενα
1044 5390 1356 5461 γράμμασι.
1388 5391 1497 5442 Καὶ
1524 5391 1553 5442 ὁ
1587 5393 1871 5463 προφήτης
1900 5392 1960 5445 δὲ

371 5480 509 5550 παρ’
544 5479 816 5552 Ἑϐραίοις
850 5481 1048 5552 φησίνο
1095 5501 1114 5532 ι
1154 5483 1218 5535 Εἰ
1250 5483 1610 5537 ἀνταπέδωκα
1650 5487 1763 5547 τοῖς
1794 5484 1959 5537 ἀντα-

368 5570 648 5626 ποδιδοῦσί
684 5589 774 5644 μοι
816 5573 996 5627 κακά·
1026 5593 1044 5623 ι
1090 5573 1202 5627 Καὶ
1232 5573 1423 5627 πάλιν·
1460 5593 1478 5625 ι
1510 5576 1666 5631 Μετὰ
1705 5576 1812 5629 τῶν
1866 5594 1955 5648 μι-

368 5663 615 5720 σούντων
638 5666 737 5736 τὴν
761 5667 986 5737 εἰρήνην
1019 5667 1166 5736 ἥμην
1197 5666 1487 5735 εἰρηνικός.
1522 5687 1540 5719 ι

469 5762 491 5792 ⁶
523 5760 683 5815 Rom.
711 5778 810 5829 xu,
840 5764 927 5816 Π.

2070 4667 2309 4736 priorem
2339 4666 2484 4721 illam
2523 4668 2727 4723 retines
2747 4710 2763 4736 ,
2797 4668 2924 4722 audi
2954 4670 3099 4738 quod
3140 4672 3407 4740 sequitur.
3438 4700 3510 4712 —
3542 4670 3658 4743 Ego

2067 4772 2199 4812 vero
2224 4766 2279 4813 et
2308 4758 2545 4827 priorem
2573 4759 2723 4813 illam
2751 4763 2978 4824 retineo.
2996 4768 3051 4816 et
3079 4762 3174 4815 tibi
3206 4779 3431 4832 prorsus
3461 4779 3653 4819 assen-

2067 4848 2193 4905 tior.
2238 4847 2368 4912 Sed,
2402 4853 2621 4915 amabo,
2656 4854 3435 4926 proscquere.-—’Prosequor
3467 4857 3650 4926 igitur,

2066 4937 2152 4993 vel
2195 4939 2378 5009 potius
2430 4956 2650 5011 quaero,
2694 4958 2824 4997 num
2868 4944 3014 5012 quod
3059 4959 3276 5014 {equum
3317 4961 3438 5001 esse
3494 4947 3651 5002 alteri

2066 5030 2353 5087 confessus
2385 5031 2530 5097 eris,
2576 5033 2884 5088 faciendum
2919 5034 2971 5088 id
3012 5035 3118 5095 sit,
3150 5050 3218 5089 an
3261 5036 3451 5091 fraude
3496 5040 3651 5094 omit-

2066 5121 2328 5197 tendum?
2352 5152 2422 5163 -
2454 5121 2791 5179 Faciendum
2840 5126 3048 5195 utique.
3088 5145 3108 5178 ι
3149 5125 3274 5182 Ηερσ
3306 5127 3478 5184 Plato.
3518 5129 3647 5197 Qui-

2064 5194 2296 5267 buscum
2324 5212 2456 5268 illud
2486 5213 2738 5269 conferas
2762 5223 2817 5268 tu
2849 5194 3010 5269 velim
3042 5234 3054 5268 :
3090 5235 3108 5266 ι
3145 5214 3289 5271 Nulli
3317 5218 3521 5272 malum
3544 5194 3651 5286 pro

2064 5302 2210 5358 malo
2247 5304 2535 5360 reddentes
2563 5305 2607 5359 ‘.
2648 5324 2667 5357 ι
2726 5303 2839 5360 Nec
2864 5320 2973 5360 non
3004 5307 3235 5361 alterum
3272 5307 3400 5362 illud
3436 5327 3450 5362 :
3488 5327 3507 5360 ι
3543 5307 3650 5364 Be-

2064 5394 2298 5451 nedicite
2337 5395 2406 5451 iis
2430 5396 2525 5466 qui
2551 5411 2650 5452 vos
2676 5406 3032 5452 exsecrantur
3077 5415 3092 5452 :
3129 5406 3281 5454 orate
3308 5413 3409 5469 pro
3434 5399 3648 5455 calum-

2064 5486 2345 5542 niantibus
2390 5496 2445 5542 et
2493 5489 2948 5558 persequentibus
2985 5504 3083 5543 vos
3108 5531 3125 5554 ,
3177 5498 3237 5543 ut
3267 5490 3390 5545 sitis
3412 5490 3505 5545 filii
3537 5490 3646 5545 Pa-

2062 5578 2162 5632 tris
2206 5578 2369 5633 vestri
2401 5579 2495 5649 qui
2527 5579 2582 5633 in
2621 5578 2778 5633 caelis
2822 5588 2927 5645 est,
2958 5578 3124 5651 655
3151 5581 3243 5650 qui
3277 5580 3448 5636 solem
3480 5596 3644 5637 suum

2062 5669 2194 5723 oriri
2234 5670 2365 5725 facit
2387 5684 2552 5740 super
2579 5670 2755 5726 malos
2783 5680 2836 5725 et
2861 5670 3056 5735 bonos,
3086 5680 3139 5727 et
3187 5671 3324 5741 pluit
3362 5686 3526 5742 super
3551 5672 3640 5742 ju-

447 5855 558 5917 (95)
590 5855 801 5913 Οὐδενί
852 5858 1063 5920 τρόπω.
1118 5856 1301 5917 Plato.
1360 5858 1414 5913 in
1458 5860 1644 5916 eodem
1703 5859 1945 5925 Critone,

2076 5876 2107 5924 ι.
2136 5857 2242 5913 572
2271 5856 2334 5912 Ε.
