4122 6418
508 350 650 406 1087
1177 349 1263 402 bl}
1277 348 1447 401 SL811
1478 345 1958 403 CAESARlENSIS
1998 343 2147 401 OPP.
2191 340 2369 398 PARS
2389 339 2455 395 ll.
2478 370 2549 382 —
2574 333 3075 392 APOLOGETlCA.
3601 329 3733 385 11188

507 477 626 523 stos
653 474 708 519 et
736 462 968 532 injustos
990 461 1012 493 "
1045 500 1058 514 .
1093 480 1112 513 ι
1149 460 1414 517 Ρτερῑετεα
1466 463 1596 517 illud
1633 463 1878 533 Apostoli
1901 503 1916 529 ,
1957 480 1975 514 ι
2011 460 2402 521 Maledicimur,
2450 464 2505 511 et
2567 454 2939 509 benedicimus
2967 470 2981 507 :
3007 445 3436 521 persecutionem
3480 443 3738 516 patimur,

505 571 560 615 et
590 558 923 615 sustinemus
954 575 966 610 :
1004 556 1461 626 hlasphemamur,
1501 567 1558 613 et
1589 573 1939 614 oosecramus
1968 558 1991 589 ⁸
2014 596 2029 621 ,
2054 574 2074 609 ι
2118 571 2239 627 quae
2272 552 2445 609 sacris
2496 558 2808 604 nostrorum
2863 546 3057 601 litteris
3103 542 3469 599 continentur.
3533 537 3738 604 Quibus

506 654 670 706 etiam
715 650 918 705 accinit
965 647 1225 703 Hebraeus
1269 650 1563 718 propheta,
1612 651 1742 704 dum
1787 652 1868 706 ait
1906 670 1924 718 ;
1957 668 1976 701 ‹
2018 648 2077 702 Si
2142 644 2349 701 reddidi
2417 638 2843 696 retribuentibus
2884 636 3021 691 mihi
3072 633 3216 689 mala
3254 634 3297 684 '.
3341 650 3360 684 ι
3419 630 3592 700 Atque
3639 629 3736 684 ite-

507 758 628 797 rum
665 759 678 795 :
726 759 749 793 ι
791 737 929 795 Cum
966 738 1054 793 his
1085 738 1176 807 qui
1204 738 1435 809 oderunt
1461 753 1644 807 pacem
1671 780 1686 807 ,
1713 754 1861 795 eram
1890 738 2168 809 pacificus.
2208 737 2252 770 ¹⁶
2290 759 2310 793 ι
3778 720 3791 805 ξ

1091 829 1320 886 CAPUT
1364 830 1495 887 Vill.
2101 839 2153 894 Α
2698 827 2719 879 1

2101 839 2153 894 Α
2698 822 3090 879 ΚΕΦΔΛΑΙΟΝ
3133 818 3215 875 Η’.

502 914 645 980 -ραυ
664 920 820 975 semel
851 929 987 974 recte
1011 920 1284 983 statueris,
1309 936 1371 973 ea
1403 936 1466 973 ne
1494 920 1680 975 mortis
1706 920 1915 988 quidem
1936 927 2078 972 metu

2181 922 2301 974 Ὅτι
2345 919 2433 988 μὴ
2472 917 2569 973 δεῖ
2609 918 2682 971 τὰ
2731 915 2892 980 ἅπαξ
2936 912 3121 988 ὀρθῶς
3173 910 3447 988 κριθέντα
3494 907 3743 988 ᾀβετεῖτι

586 991 882 1061 abjicienda
908 1007 1039 1044 esse.
1068 989 1135 1042 Id
1157 977 1302 1063 quod
1333 988 1399 1063 in!
1421 1005 1507 1063 eos
1531 977 1815 1063 conveniet,
1843 991 1936 1060 qui
1961 1005 2080 1058 pcr-

2244 977 2380 1063 μηδ⁴
2412 977 2470 1063 ὲὶΔ
2500 988 2759 1063 θάνατόνς
2800 977 2886 1063 τις
2925 977 3451 1063 ἐΞ-τάγὰηξᾼρμόσει
3488 977 3557 1030 δὲ
3600 977 3741 1061 πρρς

583 1048 913 1116 εεὲιιιὶυηιιηι
949 1048 1265 1129 temporibus
1303 1061 1605 1129 religionem
1636 1048 1868 1131 ejurant:
1961 1048 1972 1058 ’

2244 1048 2391 1124 ὶοῖτ
2447 1059 2515 1110 ἐν
2561 1057 2786 1125 καιροῖς
2844 1048 3108 1124 διωγμῶν
3147 1048 3592 1120 ἐξομνυμένους
3638 1048 3744 1112 τὴν

2249 1132 2579 1183 εὐσέϐειαν,

458 1209 475 1219 ’
588 1233 610 1269 ι
645 1216 783 1269 Tum
817 1214 1097 1269 enimvero
1132 1213 1420 1282 magniﬁce
1467 1213 1799 1283 praedicabas
1822 1253 1837 1277 ,
1879 1213 1971 1282 (ita
2002 1213 2080 1267 le-

2257 1236 2276 1268 ι
2302 1218 2373 1271 Σὺ
2405 1218 2461 1270 δὲ
2491 1218 2611 1270 τότε
2646 1215 2757 1286 (96)
2802 1216 2899 1286 μὲν
2930 1210 3331 1275 ὲκαλλωπίζου,
3370 1210 3446 1272 ὡς
3476 1208 3575 1261 οὐκ
3616 1208 3745 1273 ἀγα-

510 1319 611 1374 ges
634 1304 702 1356 ad
729 1301 1032 1370 Socratem)
1079 1315 1147 1354 ne
1172 1309 1401 1355 mortem
1428 1302 1648 1371 quidem
1687 1304 1859 1371 ipsam
1897 1301 2085 1369 iniquo

2183 1309 2415 1375 νακτῶν,
2449 1310 2497 1361 εἰ
2528 1309 2635 1361 δέοι
2665 1306 2917 1360 τεθνάναι
2948 1322 3028 1367 σε,
3062 1303 3195 1356 ἀλλά
3229 1300 3383 1374 ῄροῦ,
3410 1300 3486 1363 ὡς
3518 1296 3751 1367 ἔφησθα,

510 1399 569 1448 te
596 1394 782 1448 animo
815 1393 1054 1449 laturum
1101 1406 1243 1457 esse,
1297 1408 1460 1461 quam
1489 1397 1652 1448 etiam
1692 1394 1884 1447 exsilio
1908 1393 2084 1462 potio-

2186 1401 2293 1471 πρὸ
2320 1401 2419 1471 τῆς
2453 1400 2631 1469 φυγῆς
2685 1399 2943 1452 θάνατον’
2982 1395 3077 1449 νῦν
3104 1395 3160 1447 δὲ
3193 1393 3317 1446 οὔτε
3364 1392 3603 1453 ἐκείνους
3628 1391 3751 1452 τοὺς

515 1502 629 1539 rem
674 1485 771 1539 tibi
819 1498 943 1539 esse
992 1484 1233 1539 dicebas.
1276 1483 1431 1540 Nunc
1479 1499 1681 1550 autem,
1732 1502 1831 1540 nec
1878 1485 1997 1554 ejus
2027 1495 2121 1555 tu.

2186 1493 2375 1560 λόγους
2408 1492 2673 1562 αἰσχύνῃ,
2724 1489 2846 1542 οὗτε
2894 1488 3054 1559 ἡμῶν
3101 1487 3209 1540 τῶν
3261 1485 3440 1555 νόμων
3495 1481 3752 1554 ὲντρέπῃ,

517 1576 778 1631 orationis
811 1574 1183 1629 testimonium
1208 1575 1434 1639 vereris,
1456 1583 1749 1644 nostraque
1770 1574 2088 1628 auctoritate

2187 1583 2474 1653 ἐπιχειρῶν
2522 1583 2666 1653 ἡμᾶς
2697 1579 3030 1650 διαφθεῖραν
3086 1577 3345 1648 πράττεις
3391 1591 3452 1627 τε
3505 1573 3643 1641 ὅπερ
3688 1569 3756 1623 ἂν

517 1668 592 1722 ita
626 1682 732 1722 non
775 1667 1033 1729 moveris,
1083 1680 1204 1720 eum
1255 1675 1313 1720 ut
1359 1667 1520 1720 etiam
1553 1666 1850 1737 infringere
1877 1682 1939 1719 ac
1965 1681 2086 1736 pes-

2186 1675 2367 1737 δοῦλος
2406 1676 2436 1726 ὁ
2484 1673 2815 1743 φαυλότατος
2867 1669 3155 1741 πράξειεν,
3194 1665 3610 1736 ἀποδιδράσκειν
3638 1665 3758 1714 ἐπι-

517 1758 755 1822 :undare
799 1757 1066 1812 ntoliaris.
1132 1756 1183 1809 Id
1211 1758 1329 1827 agis
1356 1773 1541 1827 porro,
1573 1758 1719 1827 quod
1766 1773 1955 1812 servus
1996 1772 2091 1810 ne-

2187 1764 2380 1834 χειρῶν
2404 1764 2552 1834 παρά
2578 1764 2676 1826 τάς
2707 1761 2977 1831 συνθήκας
3009 1777 3071 1813 τε
3098 1758 3192 1812 καὶ
3207 1756 3513 1829 ὁμολογίας,
3543 1754 3661 1807 καθ’
3692 1752 3759 1816 ἃς

514 1851 816 1921 quissimus
856 1860 1076 1919 ageret,
1117 1850 1247 1903 dum
1288 1849 1453 1903 etiam
1495 1849 1756 1903 adversus
1797 1856 1954 1918 pacta
1997 1847 2088 1902 illa

2188 1858 2320 1925 ἡμῖν
2355 1856 2579 1907 συνέθου
2612 1852 3039 1906 πολιτεύσεσθαι.
3076 1851 3298 1923 Πρῶτον
3321 1845 3413 1902 οὖν
3443 1850 3576 1918 ἡμῖν
3611 1844 3758 1899 τοῦτ’

517 1956 680 2012 atque
719 1942 1097 2002 conditiones,
1141 1941 1341 2010 quibus
1389 1950 1438 1995 te
1487 1940 1540 1993 in
1590 1955 1705 2007 rep.
1743 1949 2088 1995 versaturum

2190 1945 2322 1998 αὐτὸ
2358 1944 2686 2014 ἀπόκριναι,
2720 1944 2769 1996 εἰ
2804 1938 2998 2012 ’ἀληθῆ
3050 1940 3278 2010 λέγομεν
3299 1979 3314 2002 ,
3349 1930 3648 2005 φάσκοντες
3698 1950 3762 1986 σε

517 2034 679 2088 nobis
726 2031 1021 2101 recepisti,
1059 2031 1239 2101 fugam
1279 2031 1505 2100 cogitas.
1569 2028 1738 2084 Nobis
1778 2030 1943 2099 igitur
1974 2027 2088 2098 pri-

2189 2036 2597 2106 ὠμολογηκέναι
2629 2018 3038 2087 πολιτεύσεσθαι
3058 2032 3180 2086 καθ’
3202 2033 3347 2101 ἡμᾶς
3376 2030 3540 2101 ἔργῳ,
3558 2026 3672 2081 ἀλλ’
3695 2027 3763 2079 οὐ

518 2138 668 2176 mum
704 2121 835 2175 illud
870 2120 1137 2188 responde
1159 2160 1175 2185 ,
1216 2134 1413 2175 verene
1450 2133 1478 2173 a
1525 2119 1682 2173 nobis
1737 2118 1983 2179 dicatur,
2019 2132 2088 2170 an
2125 2183 2146 2194 -

2135 2183 2162 2194 _
2190 2122 2355 2192 λόγῳ,
2391 2123 2423 2191 ἢ
2454 2123 2553 2175 οὐκ
2578 2122 2787 2194 ἀληθῆ;
2813 2121 2877 2174 Τί
2920 2121 3106 2191 φῶμεν
3144 2120 3278 2192 πρὸς
3302 2118 3509 2185 ταῦτα,
3540 2111 3586 2169 ὦ
3626 2115 3763 2187 Κρί-

519 2213 682 2279 falso,
730 2222 782 2267 te
808 2213 864 2265 in
901 2222 1016 2283 rep.
1049 2183 1236 2267 nostro
1272 2226 1337 2265 ex
1371 2210 1707 2280 praascripto,
1757 2223 1864 2263 non
1907 2208 2088 2263 verbis
2123 2183 2147 2237 ε

2137 2183 2165 2237 Β
2195 2183 2493 2277 των-,ἄλλο
2527 2230 2611 2277 τι,
2727 2183 3078 2283 δμολογιῦμεν
3103 2229 3117 2277 ;
3140 2183 3212 2253 -ξι
3253 2183 3526 2281 Ἀνάγκην,
3569 2201 3614 2261 ὦ

521 2311 716 2367 tenus,
756 2304 850 2358 sed
897 2304 1071 2373 reipsa
1112 2304 1382 2358 victurum
1436 2300 1739 2370 recepisse?
1795 2299 1937 2365 Quid
1986 2314 2088 2354 no-

2196 2323 2504 2377 κρατες.-
2535 2305 2693 2362 Ἀλλά
2728 2305 2780 2358 τί
2820 2301 2913 2359 οὖν
2942 2304 3050 2375 (97)
3093 2303 3158 2357 ἂν
3198 2305 3387 2373 eam;
3423 2302 3455 2371 ἢ
3493 2301 3764 2370 συνθήκας

523 2396 611 2451 his
643 2395 710 2449 ad
742 2396 858 2449 haec
904 2393 1367 2465 respondendum,
1403 2392 1477 2446 mi
1515 2390 1706 2446 Crito?
1751 2407 1884 2445 num
1935 2391 2089 2461 inge-

2197 2395 2332 2467 πρὸς
2361 2397 2505 2465 ἡμᾶς
2546 2396 2741 2459 αὐτοὺς
2786 2396 2880 2448 καὶ⁵
2911 2394 3199 2465 ὁμολογίας
3240 2392 3600 2463 παραϐαίνεις
3621 2434 3635 2456 ,
3668 2393 3766 2462 οὐχ

525 2503 633 2542 nue
664 2485 1030 2542 confitendum
1050 2486 1074 2538 ἲ
1097 2514 1168 2526 -
1194 2483 1429 2538 Necesse
1470 2482 1524 2536 id
1561 2480 1804 2550 quidem,
1838 2496 1871 2535 ο
1897 2478 2092 2535 Socra-

2198 2486 2303 2539 ὑπὸ
2334 2486 2576 2558 ἀνάγκης
2617 2486 2975 2557 ὁμολογήσας,
3020 2486 3139 2539 οὐδὲ
3173 2484 3471 2556 ἀπατηθεὶς
3493 2524 3508 2549 ,
3544 2484 3665 2537 οὐδὲ
3709 2484 3761 2536 ὲκ

521 2588 627 2633 tes.
653 2607 723 2618 —-
755 2575 897 2643 Quid
929 2577 1112 2646 igitur,
1149 2574 1415 2645 inquient,
1451 2571 1595 2626 aliud
1627 2570 1781 2637 facis,
1807 2586 1971 2641 quam
1999 2584 2093 2640 pa-

2198 2576 2363 2644 ὀλίγῳ
2409 2576 2582 2648 χρόνῳ
2632 2575 2996 2644 ἀναγκασθεὶς
3055 2571 3477 2644 βουλεύσασθαι,
3541 2570 3657 2624 ἀλλ’
3709 2572 3768 2624 ιν

521 2678 608 2722 cta
642 2666 733 2722 illa
761 2675 1028 2721 conventa
1056 2706 1071 2732 ,
1100 2680 1221 2734 qua:
1248 2662 1531 2716 nobiscum
1568 2662 1851 2731 pepigisti,
1879 2659 2093 2715 violas?

2200 2668 2372 2723 ἐτεσιν
2401 2668 2801 2738 ἐϐδομήκοντα,
2829 2667 2887 2719 ὲν
2917 2660 2997 2730 οἷς
3039 2666 3166 2737 ἐξῆν
3208 2682 3292 2718 σοι
3325 2664 3563 2728 ἀπιέναι,
3600 2665 3651 2715 εί
3695 2661 3772 2731 μὴ

522 2757 706 2826 idque,
738 2770 863 2811 cum
889 2755 1037 2809 nulla
1068 2754 1152 2809 vel
1182 2753 1503 2807 necessitate
1522 2792 1537 2818 ,
1565 2751 1648 2806 vel
1678 2750 1867 2805 fraude
1896 2750 2093 2820 impul-

2198 2760 2503 2830 ἠρέσκομεν
2553 2761 2751 2829 ἡμεῖς,
2807 2758 2940 2829 μηδὲ
2985 2758 3189 2810 δίκαιαι
3251 2755 3532 2825 ἐφαίνοντὸ
3579 2771 3662 2807 σοι
3712 2755 3770 2808 αἱ

522 2866 619 2905 sus
663 2862 724 2904 ea
766 2847 1104 2917 probaveris,
1150 2859 1251 2899 nec
1295 2851 1587 2913 angustum
1617 2842 1838 2912 aliquod
1875 2851 2091 2911 tempus

2199 2851 2476 2922 ὁμολογίαι
2526 2846 2685 2903 εἶναι.
2722 2851 2792 2903 Σύ
2826 2868 2884 2903 τε
2928 2849 3050 2903 οὔτε
3080 2848 3455 2918 Λακεδαίμονα
3503 2846 3771 2919 προῃροῦ,

522 2941 591 2994 ad
621 2940 1033 2995 deliberandum
1065 2937 1344 3002 habueris,
1376 2936 1468 2991 sed
1502 2950 1675 2990 annos
1701 2944 1845 2990 totos
1871 2944 2093 3004 septua-

2200 2943 2320 2996 ούτε
2346 2944 2589 3014 Κρήτην,
2635 2942 2700 3007 ἃς
2726 2942 2790 3013 δὴ
2827 2943 3081 2996 ἑκάστοτε
3115 2942 3221 3013 φὴς
3252 2939 3615 3012 εὐνομεῖσθαι,
3648 2938 3772 2991 οὔτε

523 3032 671 3102 ginta
699 3072 715 3098 ,
748 3033 947 3103 quibus
972 3046 1105 3087 sane
1125 3072 1141 3097 ,
1168 3031 1215 3085 si
1245 3031 1427 3085 minus
1458 3029 1551 3083 tibi
1589 3030 1925 3099 placeremus
1947 3069 1961 3095 ,
1998 3043 2097 3082 nec

2201 3035 2366 3104 ἄλλην
2394 3034 2647 3105 οὐδεμίαν
2692 3033 2800 3087 τῶν
2845 3028 3163 3104 Ἐλληνίδων
3196 3033 3401 3084 πόλεων
3425 3071 3439 3093 ,
3498 3031 3621 3083 οὐδὲ
3666 3028 3773 3082 τῶν

519 3124 685 3195 juste
725 3122 1071 3178 conditiones
1109 3121 1458 3184 viderentur,
1500 3120 1651 3174 abire
1697 3118 1945 3189 potuisti.
1988 3115 2095 3172 Ve-

2204 3124 2584 3196 βαρϐαρικῶψ
2632 3123 2768 3179 ἀλλά
2811 3125 3018 3179 ἐλάττω
3052 3123 3110 3188 ἐξ
3152 3122 3322 3192 αὐτῆς
3350 3121 3711 3192 ἀπεδήμησας
3738 3119 3776 3193 ἢ

526 3224 862 3279 rumtamen,
892 3228 1067 3283 neque
1094 3211 1539 3267 Lacedazmonem
1574 3222 1668 3267 aut
1691 3213 1928 3278 Cretam,
1959 3225 2095 3279 qua-

2201 3218 2247 3270 oi
2279 3216 2439 3286 χωλοί
2490 3234 2549 3270 τε
2596 3217 2691 3270 καὶ⁹
2741 3217 2968 3287 τυφλοὶ,
3034 3218 3129 3269 καὶ
3180 3219 3229 3269 οἱ
3285 3215 3434 3269 ἄλλοι
3480 3214 3775 3286 ἀνάπηρα.

524 3321 649 3362 rum
686 3313 744 3361 tu
791 3305 935 3373 leges
957 3304 1161 3375 passim
1195 3312 1249 3358 et
1276 3305 1521 3359 instituta
1570 3302 1956 3365 commendas,
1997 3315 2099 3355 nec

2204 3306 2362 3360 Οὕτω
2392 3324 2473 3360 σοι
2502 3307 2864 3379 διαφερόντως
2887 3308 2994 3361 τῶν
3014 3306 3187 3361 ἄλλων
3219 3306 3516 3377 Ἀθηναίων
3543 3307 3778 3375 ἤρεσκεν

526 3398 692 3452 aliam
727 3396 917 3462 ullam,
954 3410 1051 3450 seu
1085 3393 1351 3461 Graecam,
1389 3410 1486 3450 seu
1508 3395 1795 3450 barbaram
1823 3395 2096 3449 civitatem

2204 3399 2238 3469 ή
2266 3398 2420 3462 πόλις
2452 3417 2512 3452 τε
2563 3401 2658 3453 καὶ
2688 3403 2871 3471 ἡμεῖς,
2906 3402 2955 3452 οἱ
3010 3399 3162 3470 νόμοι
3209 3399 3470 3469 δηλονότι.
3518 3397 3639 3450 Τίνι
3669 3397 3780 3465 γὰρ

527 3487 657 3542 huic
709 3486 1014 3555 praetulisti.
1091 3484 1235 3551 Quin
1279 3486 1442 3539 etiam
1477 3500 1545 3539 ex
1582 3499 1647 3540 ea
1692 3485 1892 3547 rarius,
1933 3500 2098 3554 quam

2205 3489 2271 3543 ἂν
2303 3490 2457 3554 πόλις
2481 3491 2703 3562 ἀρέσκοι
2729 3491 2856 3544 ἄνευ
2890 3491 3103 3561 νόμων;
3132 3490 3247 3544 Νῦν
3273 3491 3329 3543 δὲ
3367 3490 3431 3558 δὴ
3475 3490 3576 3541 ούκ
3606 3490 3778 3559 ἐμμέ-

529 3577 746 3647 ipsimet
765 3575 960 3640 claudi,
978 3577 1127 3641 caeci,
1154 3576 1353 3645 aliique
1372 3577 1423 3629 id
1440 3591 1611 3643 genus
1626 3576 1801 3630 mutili
1832 3576 2100 3641 homines,
2134 3634 2157 3653 ί

2153 3634 2172 3653 Ἰ
2206 3596 2316 3644 νεις
2338 3580 2449 3651 (98)
2483 3584 2596 3645 τοῖς
2621 3581 3094 3653 ὡμολογημένοις’
3127 3582 3384 3652 ὲμμένοις
3411 3580 3489 3648 δὲ,
3526 3579 3621 3633 ἐὰν
3648 3581 3781 3651 ἡμῖν

527 3634 734 3737 pedeml
764 3634 1027 3721 extulisti.
1065 3634 1605 3737 4353;531an
1627 3674 1681 3719 tu
1741 3679 1855 3735 prae
1897 3634 2155 3721 εεειει-ίὲί

1316 3664 1425 3735 58
1456 3666 1605 3720 Adeo
1627 3674 1681 3719 tu
1741 3679 1855 3735 pra:
1897 3666 2106 3721 exteris
2132 3634 2174 3690 Ο
2207 3686 2271 3738 γε
2297 3634 2488 3742 eremi},
2517 3634 2895 3744 ὧέώζιρατεςῖ
2928 3693 2944 3724 ι

529 3758 951 3815 Atheniensibus
985 3758 1089 3813 hac
1113 3759 1166 3812 in
1198 3758 1451 3820 civitate,
1487 3766 1652 3827 atque
1694 3756 1751 3809 in
1777 3755 1935 3811 nobis
1995 3756 2126 3825 ipsis
2186 3762 2527 3830 acquievisti.
2567 3762 2667 3818 Cui
2696 3764 2841 3818 enim
2882 3764 3075 3820 civitas
3103 3764 3221 3820 sine
3270 3763 3483 3835 legibus
3510 3762 3622 3817 ulla
3660 3762 3783 3831 pla-

531 3851 684 3907 ceat?
741 3849 899 3907 Nunc
937 3862 1117 3905 tamen
1155 3864 1277 3919 qua
1324 3848 1555 3919 ipsemet
1606 3846 1892 3918 pepigisti,
1928 3848 2216 3917 repudias;
2256 3864 2313 3908 at
2374 3853 2618 3910 servabis
2676 3870 2742 3910 ea
2791 3855 3072 3926 profecto,
3109 3856 3156 3911 si
3203 3870 3305 3911 nos
3357 3854 3573 3921 audias,
3604 3869 3637 3909 o
3670 3852 3782 3908 So-

532 3957 729 4003 crates.
764 3965 783 3999 ι

1135 4035 1364 4094 CAPUT
1404 4035 1495 4091 IX.
2732 4040 2763 4093 11

2732 4039 3129 4093 ΚΕΦΔΛΑΙΟΝ
3174 4038 3250 4093 Θ’.

535 4155 720 4223 Qualis
743 4152 920 4208 animo
943 4154 1013 4206 sit
1043 4159 1265 4219 oportet,
1302 4151 1391 4220 qui
1416 4149 1603 4223 martis
1636 4157 1777 4204 metu
1801 4156 2101 4217 susceptum

2217 4153 2452 4218 Ὀποῖος
2476 4152 2605 4223 ποτ’
2641 4153 2810 4207 ἔσται
2845 4152 2959 4220 τὴν
2994 4151 3265 4206 διάθεσιν
3308 4154 3343 4207 ὁ
3381 4150 3480 4205 διὰ
3520 4149 3790 4207 θανάτου

1059 4223 1369 4276 institutum
1390 4221 1575 4290 ejuret.
2311 4225 2500 4291 φόϐον
2531 4222 2687 4292 ἐξομῖ

2311 4225 2500 4291 φόϐον
2531 4222 2937 4292 ἐξομνύμενος
2975 4222 3089 4290 τὴν
3115 4223 3341 4276 οἰκείαν
3368 4223 3678 4290 πρόθεσιν.

606 4314 847 4371 «Etenim
872 4314 1126 4387 (pergunt
1148 4313 1348 4367 eaedem
1378 4310 1545 4381 leges)
1571 4325 1732 4380 quem
1759 4310 1937 4380 legum
1960 4309 2107 4379 ipsa-

2287 4332 2306 4365 ι
2336 4316 2525 4378 Ὅστις
2556 4315 2664 4387 γὰρ
2690 4316 2867 4386 νόμων
2898 4314 3009 4385 (99)
3050 4312 3373 4385 διαφθορεύς
3402 4314 3541 4377 ἐστι,
3582 4313 3792 4386 σφόδρα

531 4423 656 4465 rum
687 4418 1065 4477 corruptorem
1102 4420 1224 4460 esse
1256 4403 1597 4468 constiterit,
1635 4403 1684 4456 is
1712 4399 1871 4455 facile
1914 4400 2105 4455 admo-

2211 4425 2314 4461 που
2341 4407 2541 4473 δόξειεν
2572 4406 2637 4460 ἂν
2668 4406 2803 4460 νέων
2836 4423 2896 4459 τε
2925 4406 3021 4460 καὶ
3058 4407 3298 4477 ἀνοήτων
3334 4404 3635 4476 ἀνθρώπων
3672 4406 3792 4460 δια-

535 4501 665 4555 dum
703 4508 756 4554 et
775 4498 1077 4569 juventutis
1101 4506 1156 4551 et
1184 4496 1474 4551 hominum
1515 4494 1889 4563 imperitorum
1912 4507 2106 4547 corru-

2214 4497 2446 4571 φθορεὺς
2491 4493 2653 4555 εἶναι.
2699 4497 2932 4568 Πότερον
2977 4493 3071 4551 οὖν
3097 4496 3164 4550 ἂν
3193 4496 3363 4568 φεύξῃ
3390 4496 3488 4559 τάς
3534 4513 3596 4549 τε
3636 4496 3793 4551 εὖνο-

538 4598 659 4659 ptor
684 4590 969 4644 habeatur.
1009 4586 1203 4641 Utrum
1238 4601 1368 4657 ergo
1392 4585 1531 4640 bene
1559 4593 1799 4639 moratas
1835 4583 2106 4648 civitates,

2216 4584 2490 4655 μουμένας
2522 4585 2705 4649 πόλεις
2730 4625 2745 4648 ,
2778 4585 2871 4638 καὶ
2908 4585 3014 4639 τῶν
3056 4585 3424 4657 ἀνδρῶν-τοὺς
3474 4587 3791 4657 κοσμιωτά-

538 4693 590 4734 et
616 4681 855 4734 virorum
888 4676 1403 4733 honestissimorum
1449 4673 1897 4729 consuetudinem
1942 4670 2109 4726 decli-

2214 4693 2360 4741 τους,
2392 4677 2486 4729 καὶ
2504 4675 2661 4729 τοῦτο
2694 4676 2954 4741 ποιοῦντι,
2986 4672 3095 4748 ἆρα
3122 4676 3270 4743 ἄξιόν
3296 4694 3379 4729 σοι
3406 4674 3507 4747 ζῇν
3536 4676 3724 4741 ἔσται;
3753 4675 3789 4748 ἥ

540 4771 735 4827 nabis?
770 4787 840 4826 an
869 4772 1033 4825 vitam
1060 4784 1222 4838 porro
1242 4807 1257 4833 ,
1302 4767 1432 4821 dum
1463 4766 1517 4819 id
1552 4780 1678 4834 ages
1698 4805 1713 4831 ,
1748 4764 1847 4818 tibi
1870 4762 2110 4818 retinen-
2141 4769 2168 4825 Ῑ

2164 4770 2186 4823 >
2213 4765 2533 4837 πλησιάσεις
2554 4766 2783 4830 τούτοις,
2801 4768 2893 4820 καὶ
2919 4769 3385 4838 ἁναισχυντήσεις,
3407 4766 3792 4837 διαλεγόμενός

538 4865 665 4919 dam
696 4860 949 4933 putabis?
982 4877 1050 4914 an
1073 4876 1198 4915 cum
1226 4859 1293 4914 iis
1321 4858 1502 4928 potius
1525 4855 1830 4920 versabere,
1863 4868 1965 4908 nec
1989 4869 2107 4909 ser—

2210 4875 2360 4921 τινας
2409 4859 2629 4927 λόγους,
2664 4853 2709 4912 ὦ
2758 4858 3064 4930 Σώκρατες,
3096 4860 3353 4932 οἵουσπερ
3393 4860 3604 4926 ἐνθάδε,
3648 4862 3725 4923 ὡς
3756 4862 3792 4913 ἡ

536 4971 728 5013 mones
759 4955 901 5019 illos,
928 4953 1125 5022 quibus
1143 4952 1231 5006 hic
1261 4951 1535 5014 Socrates,
1561 4949 1768 5017 pridem
1797 4948 2106 5014 assuevisti,

2211 4948 2381 5020 ἀρετὴ
2413 4951 2507 5003 καὶ
2528 4954 2561 5021 ὴ
2603 4950 2913 5021 δικαιοσύνη
2957 4951 3206 5006 πλείστου
3241 4950 3390 5017 ἄξιον
3418 4956 3530 5015 τοῖς
3582 4950 3787 5021 ἀνθρὼ-

533 5066 658 5105 cum
701 5048 769 5102 iis
795 5060 975 5102 serere
1009 5045 1332 5109 erubesces;
1367 5042 1658 5104 virtutem,
1689 5040 1956 5110 justitiam
1978 5080 1994 5105 ,
2029 5039 2107 5093 le-

2214 5057 2369 5105 ποις,
2420 5044 2511 5096 καὶ
2552 5042 2622 5097 τά
2658 5044 2864 5115 νόμιμα
2918 5045 3012 5097 καὶ
3058 5047 3107 5097 οἱ
3134 5044 3324 5115 νόμοις
3382 5044 3494 5097 Καὶ
3540 5044 3641 5097 ούκ
3690 5044 3788 5095 οἴει

533 5158 661 5207 ﬂes,
700 5152 931 5210 quaeque
972 5137 1149 5207 legum
1182 5149 1251 5189 ex
1291 5133 1608 5203 praescripto
1650 5133 1813 5199 fiant,
1867 5132 2108 5186 maximo

2217 5129 2463 5201 ἄσχημον
2493 5133 2773 5201 φανεῖσθαι
2804 5134 2865 5186 τὸ
2895 5134 2988 5187 τοῦ
3019 5134 3340 5205 Σωκράτους
3375 5135 3645 5203 «parum;
3674 5132 3781 5185 Οῐε-

621 5310 644 5344 ’
671 5311 863 5368 Matth.
889 5328 944 5378 ν,
972 5312 1063 5381 ﬂ,
1092 5312 1183 5369 45.
1259 5312 1281 5345 ⁸
1309 5309 1332 5365 ι
1358 5311 1482 5368 Cor.
1514 5328 1589 5382 tv,
1620 5312 1703 5379 1‘2,
1734 5310 1846 5393 15..
1901 5309 1925 5342 ’
1950 5308 2093 5366 Psal.
2126 5324 2227 5373 vn,

1259 5312 1281 5345 ⁸
1309 5309 1332 5365 ι
1358 5311 1482 5368 Cor.
1514 5328 1589 5382 tv,
1620 5312 1703 5379 1‘2,
1734 5310 1846 5393 15..
1901 5309 1925 5342 ’
1950 5308 2093 5366 Psal.
2126 5324 2227 5373 vu,
2261 5306 2318 5364 5.
2396 5304 2439 5335 ⁸ο
2463 5300 2608 5357 Psal.
2644 5315 2793 5366 εχιτ,
2823 5298 2871 5350 7.

614 5470 722 5537 (n6)
755 5471 839 5524 Σὺ
863 5470 932 5523 δὲ
960 5472 1127 5540 τότεζ
1143 5469 1295 5525 Plato
1328 5470 1382 5523 in
1416 5471 1647 5540 Critone,
1670 5483 1795 5540 pag.
1820 5467 1925 5540 ’574
1945 5472 2034 5540 A._
2223 5488 2242 5527 ι

2223 5473 2421 5527 misere
2448 5480 2728 5527 truncatus
2761 5470 2969 5537 fuerat;
2997 5468 3275 5540 legebatur
3297 5470 3465 5533 enim,
3491 5468 3592 5521 οὐκ
3620 5466 3765 5538 ὲμμέ

618 5535 728 5604 (97)
769 5541 944 5594 Ἀλλὰ
968 5542 1022 5594 τί
1056 5536 1550 5612 οηῦντηνιιιῐοζᾶλλο
1576 5535 1897 5612 οὖν“(ῷαῖεν)
1930 5539 1995 5612 ἡ.
2016 5538 2115 5594 Le-
2222 5561 2246 5596 ν

2222 5560 2333 5606 νοις
2378 5545 2490 5606 τοῖς
2535 5541 2705 5612 ὼμολ.
2750 5540 2844 5612 saw
2874 5535 3074 5612 byth,—
3100 5550 3252 5612 etc.._
3272 5540 3576 5612 contrario
3635 5535 3779 5608 plant

549 5613 780 5681 gendum
830 5611 1064 5681 arbitror
1090 5650 1104 5673 ,
1138 5610 1316 5663 ἀλλοτι
1356 5605 1449 5663 οὖν
1480 5611 1680 5679 (φαῖεν)
1709 5605 1773 5679 ἧ,
1816 5605 2000 5679 phraSi
2051 5625 2115 5664 ac

1840 5605 2000 5662 dirasi
2051 5625 2115 5664 ac
2222 5605 2409 5668 senisu.
2443 5605 2711 5681 Integ'rum
2737 5611 2824 5665 hic
2855 5605 3104 5681 dedimus
3125 5625 3190 5663 ex
3226 5610 3468 5681 Platone.

550 5676 1525 5754 sensitPlntoniPantiliat'igSimiS-J
1585 5750 1594 5754 _
1664 5676 1671 5679 ν
1737 5676 1758 5754 ⁷,
1817 5676 1843 5754 ⁷,

2288 5683 2397 5754 (99)
2429 5676 2625 5749 ὀστῖς
2659 5681 2766 5751 γὰρ
2789 5681 3005 5750 νόμων.
3040 5679 3192 5735 Plato
3223 5679 3375 5744 ibid.,
3410 5694 3463 5750 p.
3501 5677 3605 5732 574
3634 5676 3699 5731 ι).

625 5750 734 5812 (98)
767 5751 886 5801 Οὐκ
927 5749 1216 5812 emisi-ste.
1253 5748 1431 5805 Lotus
1463 5750 1548 5806 hic
1584 5750 1636 5804 in
1681 5749 1847 5809 uriori
1877 5749 2110 5804 editione
