4122 6406
330 364 467 418 1089

1433 357 1750 413 PRAJPAR.
1790 353 2045 411 EVANG.
2087 357 2214 412 LIB.
2242 356 2379 413 Xlll.

3444 361 3587 415 {090

325 478 448 531 σθαί
480 492 545 545 γε
578 474 707 549 χρή.
759 474 897 528 Ἀλλ’
931 476 996 527 ἐκ
1040 475 1137 546 μὲν
1170 473 1373 530 τούτων
1401 478 1508 529 τῶν
1539 478 1720 531 τόπων
1746 485 1888 531 άπα-

1995 477 2134 543 apud
2169 478 2419 532 homines
2442 476 2495 530 in
2530 476 2704 546 pretio
2730 492 2852 533 esse
2880 478 3116 534 debere?
3155 477 3266 535 Nec
3288 488 3444 550 turpe
3473 480 3580 534 So‘

324 558 473 639 ρεῖς,
495 567 647 637 ἥξεις
675 566 733 619 δέ
769 568 849 629 είς
877 566 1194 630 Θετταλίαν,
1221 568 1372 639 παρά
1408 570 1536 632 τοὺς
1562 568 1743 633 ξένους
1774 570 1900 631 τοὺς

320 659 619 730 Κρίτωνος.
672 659 820 712 Ἐκεῖ
844 658 953 730 γὰρ
985 658 1050 730 δὴ
1084 659 1310 730 πλείστη
1352 659 1545 724 ἀταξία
1574 662 1668 714 καὶ
1706 660 1902 715 ἀκολα-

320 750 433 802 σία.
480 751 592 805 Καὶ
644 751 773 815 ἴσως
804 749 870 804 ἂν
914 751 1085 822 ἡδέως
1116 769 1207 806 σου
1240 752 1508 817 ἀκούοιεν,
1555 754 1631 817 ὡς
1679 754 1901 823 γελοίως

317 840 384 890 ἐκ
413 838 507 892 τοῦ
555 840 933 912 δεσμωτηρίου
981 841 1398 912 ἀπεδίδρασκες,
1433 845 1634 915 σκευήν
1678 846 1739 899 τέ
1781 863 1901 899 τινα

318 929 679 1001 περιθέμενος
710 933 742 1002 ἢ
782 932 1041 1005 διφθέραν
1062 931 1261 997 λαϐὼν,
1286 935 1318 1006 ἢ
1345 935 1477 989 ἀλλα
1507 931 1595 989 οἷα
1623 937 1685 1009 δὴ
1709 938 1900 992 εἰώθα-

318 1034 407 1071 σιν
442 1020 862 1085 ἐνσκευάζεσθαι
901 1022 952 1074 οἱ
977 1022 1481 1095 ἀποδιδράσκοντες,
1509 1027 1604 1079 καὶ
1628 1027 1690 1079 τὸ
1714 1028 1898 1097 σχῆμα

315 1110 380 1165 τὸ
408 1112 607 1165 σαυτοῦ
644 1113 1000 1184 μεταλλάξας.
1030 1117 1153 1171 Ὅτι
1194 1118 1251 1171 δέ
1280 1119 1460 1191 γέρων
1494 1120 1633 1189 ἀνὴρ
1654 1160 1666 1184 ,
1701 1120 1896 1191 μικροῦ

314 1204 512 1273 χρόνου
554 1203 631 1275 τῷ
659 1205 758 1276 βίῳ
783 1205 969 1261 λοιποῦ
1004 1208 1175 1274 ὄντος,
1205 1209 1280 1274 ὡς
1310 1211 1370 1263 τὸ
1400 1211 1567 1276 εἰκὸς,
1598 1211 1900 1283 ἐτόλμησας

314 1295 459 1349 οὕτω
484 1296 754 1368 γλίσχρως
779 1297 1064 1368 ἐπιθυμεῖν
1094 1297 1213 1371 ζῇν,
1237 1302 1433 1372 νόμους
1454 1303 1580 1365 τοὺς
1610 1303 1898 1373 μεγίστους

314 1387 608 1457 παραϐάς·
661 1387 837 1451 οὐδεὶς
888 1388 948 1452 ὃς
1003 1391 1119 1461 ἐρεῖ
1144 1391 1257 1463 (1);
1293 1394 1490 1456 Ἴσως,
1550 1391 1617 1446 ἂν
1673 1394 1746 1463 μή
1778 1410 1899 1446 τινα

311 1476 566 1549 λυπήσῃς
584 1494 599 1508 ⁸
628 1480 676 1531 εἰ
704 1478 760 1532 δὲ
791 1480 886 1550 μὴ.
927 1480 1158 1552 ἀκούσῃ,
1191 1476 1237 1535 ὦ
1263 1481 1570 1553 Σώκρατες,
1606 1482 1776 1537 πολλὰ
1803 1484 1898 1537 καὶ

309 1568 511 1635 ἀνάξια
541 1569 757 1623 σαυτοῦ.
810 1572 1211 1643 Ὑπερχόμενος
1257 1574 1321 1645 δὴ
1358 1574 1532 1649 βιώσῃ
1558 1575 1765 1639 πάντας
1806 1576 1899 1629 ἀν-

308 1660 586 1732 θρώπους,
610 1662 705 1715 καὶ
736 1661 1018 1717 δουλεύων
1052 1664 1105 1716 τί
1138 1663 1306 1719 ποιῶν
1331 1682 1346 1731 ;
1383 1664 1810 1737 ῆεὺωχούμενος
1838 1668 1896 1718 ἐν
1928 1716 1940 1727 ,

305 1752 615 1826 Gaetulia;
672 1753 861 1826 ῶσπερ
909 1755 1000 1808 ἐπὶ
1050 1755 1265 1810 δεῖπνον
1323 1757 1752 1828 ἀποδεδημηκὼς
1812 1760 1893 1821 είς

302 1843 792 1913 Θετταλίαν.Λόγοι
808 1845 865 1898 δέ
886 1847 1080 1901 ἐκεῖνοι
1101 1848 1149 1900 οί
1172 1847 1302 1919 περὶ
1317 1847 1660 1920 δικαιοσύνης
1683 1849 1777 1903 καὶ
1795 1849 1893 1921 τῆς

300 1933 477 2005 ἄλλης
511 1937 711 2007 ἀρετῆς
738 1938 840 1991 ποῦ
861 1939 992 2009 ἡμῖν
1014 1938 1258 2005 ἐσονται;
1289 1940 1447 1995 Ἀλλὰ
1472 1941 1535 2011 δὴ
1559 1941 1666 1994 τῶν
1689 1941 1892 1996 παίδων

297 2024 469 2080 ῑνεκα
491 2027 670 2098 βούλει
694 2027 812 2100 ζῇν,
836 2030 919 2083 ἵνα
939 2032 1135 2095 αὐτοὺς
1154 2031 1249 2085 ἐκθ
1259 2032 1427 2105 ρέψῃς
1446 2032 1539 2086 καὶ
1564 2032 1888 2107 παιδεύσῃς;

299 2117 373 2170 Τί
398 2118 478 2181 δὲ,
514 2120 591 2183 εἰς
611 2119 904 2175 Θετταλίαν
927 2122 1125 2185 αὐτοὺς
1157 2122 1400 2191 ἀγαγὼν,
1434 2122 1653 2194 θρέψεις
1696 2141 1755 2178 τε
1796 2125 1893 2177 καὶ

298 2210 641 2276 παιδεύσεις,
664 2210 846 2277 ξένους
866 2214 1118 2284 ποιήσας,
1138 2214 1225 2267 ἵνα
1244 2215 1338 2267 καὶ
1356 2214 1514 2268 τοῦτό
1540 2231 1634 2267 σου
1654 2214 1891 2269 ἀπολαύ-

298 2317 498 2367 σωσιν,
518 2302 551 2374 ἥ
567 2301 724 2355 τοῦτο
744 2302 841 2374 μὲν
855 2302 937 2356 οῦ’
956 2304 1118 2357 αὐτοῦ
1131 2305 1187 2358 δέ
1207 2304 1651 2376 τρεφόμενοι,σοῦ
1669 2303 1888 2371 ζῶντος,

296 2393 514 2465 βέλτιον
545 2393 833 2466 θρέψονται
864 2395 960 2448 καὶ
988 2395 1388 2461 παιδεύσονται,
1417 2396 1491 2467 μὴ
1518 2396 1764 2461 συνόντος
1795 2415 1888 2450 σου

295 2486 527 2552 αὑτοῖς;
558 2487 605 2538 oi
636 2485 745 2557 γὰρ
766 2487 1056 2557 ἐπιτήδειοι
1083 2487 1133 2540 οί
1156 2488 1236 2540 σοὶ
1253 2486 1667 2558 ἐπιμελήσονται
1688 2487 1885 2541 αὐτῶν.

294 2574 539 2648 Πότερον
569 2575 646 2638 δὲ,
670 2576 764 2629 ἐὰν
798 2575 898 2647 μὲν
930 2578 1011 2641 εἰς
1039 2576 1333 2631 Θετταλίαν
1362 2577 1741 2650 ἀποδημήσῃς,
1769 2578 1889 2630 ἐπι-

297 2668 650 2740 μελήσονται·
686 2669 783 2723 ἐὰν
812 2669 867 2722 δὲ
894 2671 972 2732 είς
995 2669 1120 2740 ᾅδου
1142 2669 1520 2742 ἀποδημησῃς,
1547 2669 1667 2739 οὐχὶ
1690 2670 1887 2740 ἐπιμε-

292 2759 593 2832 λήσονται;
626 2761 798 2834 Εἴπερ
837 2760 900 2829 γέ
934 2779 986 2814 τι
1027 2760 1219 2830 ὄφελος
1257 2760 1435 2814 αὐτῶν
1483 2763 1619 2825 ἐστι,
1650 2759 1758 2813 τῶν
1806 2778 1887 2814 σοι

293 2844 618 2924 φασκόντων
649 2854 968 2924 ἐπιτηδείων
984 2849 1146 2921 εἶναι,
1174 2851 1380 2906 οἴεσθαί
1410 2869 1474 2922 γε
1494 2853 1623 2925 χρή.
1654 2852 1810 2914 Ἀλλ’,
1840 2847 1887 2906 ὦ

291 2944 610 3016 Σώκρατες,
643 2943 959 3015 πειθόμενος
984 2946 1116 3015 ἡμῖν
1150 2946 1262 3007 τοῖς
1298 2946 1410 3007 σοῖς
1434 2943 1712 3015 τροφεῦσι,
1750 2946 1885 3015 μήτε

292 3036 501 3099 παῖδας
531 3036 662 3107 περὶ
687 3035 931 3099 πλείονος
958 3034 1134 3101 ποιοῦ,
1169 3036 1306 3106 μήτε
1328 3035 1389 3088 τὸ
1425 3036 1553 3107 ζῇν,
1600 3036 1737 3107 μήτε
1759 3036 1886 3090 ἀλλο

295 3126 473 3198 μηδὲν
514 3128 620 3199 πρὸ
660 3125 754 3179 τοῦ
799 3126 1029 3180 δικαίου·
1082 3126 1168 3179 ἵνα
1212 3128 1293 3190 εἰς
1333 3125 1459 3198 ᾅδου
1498 3126 1701 3190 ἐλθὼν,
1755 3126 1884 3199 ἔχῃς

287 3219 473 3272 ταῦτα
500 3219 676 3272 πάντα
708 3216 1155 3289 ἀπολογήσασθαι
1183 3220 1293 3281 τοῖς
1312 3218 1429 3271 ἐκεῖ
1448 3218 1725 3290 ἄρχουσιν.
1744 3218 1882 3272 Οὔτε

287 3311 408 3382 γὰρ
442 3309 626 3364 ἐνθάδε
654 3328 737 3363 σοι
768 3309 1017 3379 φαίνεται
1048 3310 1220 3364 ταῦτα
1248 3310 1538 3380 πράττοντι
1561 3311 1783 3381 ἄμεινον
1808 3308 1884 3365 εἷ-

287 3418 408 3465 ναι,
437 3401 555 3454 οὐδὲ
581 3401 931 3471 δικαιότερον,
964 3399 1084 3453 οὐδὲ
1111 3399 1255 3470 ἄλλῳ
1280 3400 1388 3452 τῶν
1410 3399 1517 3452 σῶν
1535 3400 1730 3465 οὐδενὶ,
1760 3400 1882 3455 οὔτε

283 3494 476 3545 ἐκεῖσε
509 3491 822 3563 ἀφικομένῳ
851 3490 1072 3561 ἄμεινον
1103 3490 1277 3545 ἔσται.
1318 3491 1477 3544 Ἀλλά
1508 3490 1603 3544 νῦν
1639 3492 1737 3563 μὲν
1768 3493 1883 3562 ὴδι-

286 3581 534 3652 κημένος
562 3583 693 3635 ἀπει
724 3581 839 3653 (ἐὰν
869 3581 1079 3653 ἀπίῃς),
1112 3581 1209 3652 οὐχ
1231 3583 1321 3652 ὑφ’
1352 3582 1510 3653 ἡμῶν
1536 3582 1645 3637 τῶν
1678 3584 1880 3655 νόμων,

282 3671 411 3727 ἀλλ’
442 3673 532 3727 ὑπ’
568 3673 869 3746 ἀνθρώπων
889 3692 903 3705 ·
934 3674 1028 3727 ἐὰν
1061 3673 1116 3727 δέ
1149 3673 1371 3746 ἐξέλθῃς
1409 3673 1582 3739 οὕτως
1619 3675 1878 3746 αἰσχρῶς,

283 3762 657 3837 ἁνεαδικήσας
714 3783 775 3819 τε
818 3765 912 3819 καὶ
953 3767 1497 3839 ἀντικακουργήσας,
1536 3766 1635 3831 τὰς
1678 3766 1878 3821 σαυτοῦ

280 3855 577 3927 ὁμολογίας
600 3873 661 3909 τε
687 3857 781 3909 καὶ
805 3854 1074 3927 συνθήκας
1106 3854 1206 3920 τὰς
1242 3858 1378 3929 πρὸς
1412 3859 1562 3929 ἡμᾶς
1601 3859 1877 3930 παραϐὰς,

279 3948 392 4005 καὶ
417 3949 565 4003 κακά
588 3948 952 4020 ἐργαζόμενος
975 3946 1220 4013 τούτους,
1249 3948 1344 4012 οὒς
1371 3950 1569 4021 ἥκιστα
1591 3950 1716 4015 ἔδει,
1746 3969 1879 4006 σαυ-

280 4040 384 4095 τόν
415 4057 497 4105 τε,
519 4040 757 4102 καὶτοὺς
774 4040 980 4109 φίλους,
1002 4038 1095 4092 καὶ
1122 4038 1377 4111 πατρίδα,
1405 4042 1499 4094 καὶ
1531 4043 1698 4112 ἡμᾶς·
1720 4044 1879 4113 ἡμεῖς

280 4130 350 4185 τέ
387 4148 469 4184 σοι
501 4129 911 4202 χαλεπανοῦμεν
965 4128 1163 4195 ζῶντι,
1220 4131 1312 4183 καὶ
1358 4133 1477 4184 ἐκεῖ
1523 4134 1571 4185 οί
1620 4134 1878 4206 ἡμέτεροι

278 4223 527 4292 ἀδελφοὶ,
555 4224 603 4277 οί
640 4226 698 4279 ἐν
726 4224 855 4295 ᾅδου
888 4221 1062 4293 νόμοι,
1099 4222 1198 4275 οὐκ
1229 4222 1475 4293 εὐμενῶς
1504 4241 1562 4277 σε
1588 4224 1875 4292 ὑποδέξον-

278 4331 403 4380 ται,
431 4314 627 4379 εἰδότες
663 4316 743 4369 ὅτι
782 4314 877 4369 καὶ
907 4315 1056 4386 ἡμᾶς
1085 4314 1448 4385 ἐπεχείρησας
1481 4314 1776 4383 ἀπολέσαι,
1816 4317 1877 4371 τὸ

282 4407 386 4461 σὺν
410 4407 595 4479 μέρος.
626 4427 645 4459 ι

1999 567 2164 620 cratis
2199 565 2399 620 factum
2437 567 2611 621 visum
2660 568 2726 620 iri
2778 569 3098 623 existlmas?
3150 571 3221 624 At
3259 572 3581 628 existiman-

1998 654 2126 707 dum
2160 670 2310 710 sane.
2370 654 2604 722 Verum,
2653 656 2721 710 iis
2769 664 2826 710 tu
2874 657 3079 714 relictis
3124 658 3260 715 locis
3307 661 3582 727 videlicet,

2000 742 2341 800 Thessaliam
2367 747 2597 816 cogitas,
2621 747 2860 803 Critonis
2888 749 3133 819 hospites
3161 749 3430 806 aditurus.
3471 752 3585 809 Illis

1999 835 2142 888 enim
2172 837 2341 891 ell‘usa
2381 838 2628 907 quaedam
2662 837 2895 894 licentia:
2922 840 3004 895 vis
3040 848 3143 907 est,
3180 857 3243 896 ac
3271 844 3589 911 petulantiae

2000 927 2175 994 copia.
2220 926 2286 981 Et
2312 928 2565 983 fortassis
2594 945 2658 983 ex
2698 938 2748 984 te
2775 931 3008 985 libenter
3040 933 3285 999 audient,
3310 951 3476 1005 quam
3516 938 3588 990 ri-

2001 1018 2179 1072 dicule
2204 1018 2482 1089 aufugeris
2512 1036 2575 1075 ex
2609 1036 2848 1086 carcere,
2885 1024 3072 1077 habitu
3100 1026 3287 1081 nescio
3313 1042 3423 1095 quo
3444 1066 3458 1091 ,
3490 1036 3587 1082 aut

1998 1110 2137 1178 pelle
2165 1111 2399 1179 quadam
2433 1112 2731 1178 involutus,
2761 1122 2856 1167 aut
2878 1115 2986 1169 alio
3008 1116 3251 1185 quolibet
3289 1118 3580 1187 eiusmodi,

1999 1199 2144 1267 quod
2186 1199 2416 1255 induere
2448 1201 2698 1257 homines
2728 1203 2942 1275 fugitivi
2972 1206 3167 1272 solent,
3196 1209 3404 1262 vultum
3436 1209 3585 1266 insu-

1999 1304 2098 1357 per
2121 1291 2469 1361 speciemque
2494 1300 2642 1347 tuam
2676 1295 2959 1350 mentitus.
3016 1295 3156 1363 Quid
3191 1299 3394 1368 porro?
3423 1309 3584 1355 vetu-

1999 1381 2110 1433 lum
2134 1381 2431 1448 hominem,
2460 1385 2570 1448 cui,
2603 1393 2661 1438 ut
2690 1385 2869 1441 simile
2892 1388 3009 1442 veri
3034 1404 3136 1457 est,
3166 1406 3360 1459 parum
3390 1393 3582 1448 admo-

2000 1469 2129 1525 dum
2178 1474 2301 1527 vitae
2344 1484 2674 1544 superesset,
2718 1477 3058 1547 gravissimis
3084 1481 3298 1552 legibus
3339 1485 3580 1548 violatis,

2001 1569 2109 1614 tam
2157 1563 2375 1619 sordide
2424 1581 2489 1620 ac
2532 1568 2718 1636 putide
2760 1568 2977 1624 vivendi
3034 1572 3332 1642 cupiditate
3360 1584 3580 1645 captum

1999 1649 2199 1719 fuisse;
2232 1670 2393 1710 nemo
2434 1657 2539 1712 erit
2578 1659 2671 1728 qui
2703 1660 2959 1729 obiiciat?
2995 1660 3166 1718 Nemo
3193 1665 3332 1721 forte
3353 1708 3369 1733 ,
3411 1669 3459 1722 si
3487 1683 3580 1722 ne-

1999 1743 2134 1797 mini
2162 1747 2430 1803 molestus
2461 1765 2703 1821 unquam
2734 1753 2865 1808 eris.
2926 1753 3020 1809 Sin
3045 1767 3263 1826 autem;
3299 1760 3580 1830 pleraque,

1922 1823 1970 1884 Β
2002 1833 2277 1901 Socrates,
2306 1854 2371 1894 ac
2401 1848 2452 1894 te
2484 1856 2712 1910 prorsus
2749 1844 2971 1916 indigna
3014 1823 3316 1906 auditurus
3350 1866 3429 1906 es.
3469 1823 3579 1907 ita;

2000 1939 2107 1993 que
2130 1926 2263 1981 nulli
2291 1944 2402 1983 non
2442 1930 2736 1997 obnoxius,
2773 1949 2838 1989 ac
2863 1937 3005 1990 servi
3035 1953 3190 1992 more
3220 1938 3470 1996 addictus
3496 1941 3579 1994 vi-

1998 2031 2113 2071 ves.
2153 2015 2291 2073 Nam
2336 2020 2466 2090 quid
2512 2037 2639 2092 ages
2680 2026 2979 2093 praeterea?
3013 2026 3153 2083 Num
3202 2029 3258 2084 in
3289 2029 3577 2086 Thessalia

1999 2110 2247 2165 convivia
2294 2112 2634 2169 celebrabis?
2671 2118 2898 2186 perinde
2939 2119 3196 2175 nimirum
3220 2161 3235 2185 ,
3280 2130 3339 2177 ut
3367 2123 3413 2177 si
3450 2138 3577 2178 cum

1999 2198 2339 2256 Thessaliam
2375 2211 2583 2272 peteres
2606 2244 2621 2268 ,
2666 2209 2859 2276 epulas
2900 2222 3213 2279 sequerere.
3251 2212 3321 2266 At
3349 2215 3579 2284 egregia:

2001 2292 2109 2345 illa:
2138 2292 2206 2347 de
2234 2292 2449 2363 iustitia
2470 2334 2486 2359 ,
2540 2296 2716 2366 deque
2740 2299 2889 2352 omni
2922 2300 3143 2355 virtutis
3176 2316 3372 2371 genere
3400 2304 3561 2374 dispu

1998 2383 2251 2450 tationes,
2275 2400 2384 2456 quo
2403 2388 2619 2442 tandem
2642 2389 2944 2444 avolarint?
2965 2389 3257 2448 Enimvero
3279 2394 3576 2451 liberorum

1997 2485 2054 2530 tu
2083 2492 2250 2532 causa
2278 2479 2497 2533 vivendi
2521 2480 2754 2550 cupidus
2774 2472 2856 2546 es,
2894 2488 2956 2536 ut
2988 2483 3112 2539 illos
3151 2485 3390 2541 educare
3414 2494 3576 2557 atque

1997 2568 2283 2624 instituere
2304 2571 2503 2639 possis.
2547 2570 2657 2626 Eos
2676 2572 2914 2643 igiturin
2939 2573 3281 2632 Thessaliam
3310 2578 3576 2634 abductos

1994 2662 2254 2718 educabis
2281 2674 2335 2717 et
2367 2664 2643 2728 institues,
2666 2665 2757 2719 ubi
2791 2665 3036 2735 hospites
3058 2668 3222 2722 etiam
3248 2683 3312 2723 ac
3338 2671 3569 2741 peregri-

1996 2770 2099 2808 nos
2132 2754 2348 2821 feceris,
2389 2757 2466 2810 uti
2488 2756 2594 2812 hoc
2618 2772 2838 2827 quoque
2862 2759 2959 2813 tibi
2987 2769 3267 2829 acceptum
3294 2759 3575 2816 referant!

1992 2842 2159 2914 659
2186 2844 2269 2897 An
2304 2846 2356 2900 id
2390 2847 2608 2915 quidem
2654 2848 2880 2903 minime
2911 2833 3160 2906 facturus
3194 2865 3292 2914 es;
3348 2852 3443 2907 sed
3479 2860 3571 2907 ta-

1994 2949 2155 2997 men,
2205 2951 2330 2990 cum
2377 2937 2468 2991 hic
2500 2938 2918 3004 educabuntur,
2965 2948 3130 3010 atque
3180 2940 3573 3009 instituentur,

1994 3026 2189 3080 melius
2218 3027 2270 3080 id
2304 3037 2358 3081 te
2385 3029 2682 3096 superstite
2705 3069 2721 3095 ,
2756 3030 2983 3084 absente
3014 3031 3171 3099 licet,
3198 3030 3445 3087 futurum
3475 3048 3570 3087 ar~

1992 3116 2251 3183 hitraris,
2285 3121 2431 3188 quod
2460 3121 2754 3174 necessarii
2788 3121 2866 3175 tui
2901 3137 3090 3176 curam
3130 3137 3321 3177 eorum
3364 3125 3571 3195 gesturi

1991 3210 2139 3264 sint?
2177 3209 2360 3276 Quid?
2385 3208 2442 3264 Si
2476 3211 2531 3264 in
2582 3209 2923 3267 Thessaliam
2973 3214 3296 3284 migraveris
3323 3257 3339 3284 ,
3377 3231 3568 3273 curam

1991 3302 2208 3357 illorum
2246 3313 2464 3373 gerent;
2523 3304 2570 3357 si
2626 3304 2943 3375 migraveris
2967 3320 3036 3361 au
3086 3306 3327 3377 inferos,
3363 3309 3570 3365 nullam

1990 3396 2210 3464 gerent?
2249 3395 2453 3450 Gerent
2480 3394 2745 3465 profecto,
2781 3397 2827 3452 si
2869 3399 2999 3468 quid
3043 3399 3096 3453 in
3130 3399 3198 3455 iis
3226 3416 3353 3457 vere
3375 3442 3390 3467 ,
3438 3403 3570 3472 quid

1993 3494 2119 3541 tuos
2148 3500 2207 3541 se
2240 3488 2582 3541 necessarios
2611 3501 2732 3542 esse
2760 3487 3049 3555 dictitant,
3081 3490 3202 3560 opis
3223 3499 3308 3546 est
3343 3506 3407 3547 ac
3431 3508 3574 3563 prae-

1988 3577 2112 3633 sidii
2133 3578 2514 3633 constitutum.
2544 3577 2908 3648 Quanquam,
2953 3580 3161 3651 agesis,
3206 3597 3240 3636 o
3283 3580 3569 3653 Socrates,

1987 3684 2198 3739 nosque
2226 3668 2470 3725 nutrices
2518 3678 2642 3726 tuas
2685 3670 2845 3737 audi,
2894 3686 3071 3741 neque
3113 3672 3351 3741 liberos,
3394 3689 3574 3744 neque

1984 3763 2183 3829 vitam,
2209 3777 2388 3832 neque
2422 3762 2568 3818 aliud
2597 3763 2897 3833 quidquam
2927 3763 3009 3831 ei,
3040 3763 3185 3835 quod
3214 3764 3423 3835 iustum
3449 3774 3531 3820 est
3551 3806 3570 3828 ,

1985 3862 2377 3924 anteponezut
2420 3870 2545 3909 cum
2592 3854 2660 3909 ad
2700 3854 2904 3911 inferos
2952 3864 3177 3911 ventum
3223 3857 3359 3925 erit,
3404 3857 3472 3912 iis
3510 3858 3567 3912 in

1985 3947 2242 4001 omnibus
2268 3961 2494 4000 causam
2522 3946 2802 4015 judicibus
2827 3947 2934 4003 illis
2975 3956 3124 4003 tuam
3160 3948 3396 4017 probare
3434 3962 3567 4018 pos-

1984 4039 2081 4094 sis.
2119 4036 2254 4093 Nam
2282 4037 2336 4093 id
2365 4054 2496 4093 sane
2522 4038 2725 4107 liquet,
2766 4039 2882 4094 haec
2918 4048 2979 4093 ut
3001 4038 3233 4107 feceris,
3270 4055 3449 4110 neque
3479 4049 3563 4094 te-

1983 4146 2107 4186 cum
2154 4137 2437 4201 propterea
2474 4129 2673 4184 melius
2698 4169 2713 4194 ,
2761 4144 2940 4200 neque
2994 4146 3121 4185 cum
3160 4139 3378 4186 tuorum
3416 4131 3564 4199 ulc,

1983 4223 2183 4277 melius
2216 4221 2305 4275 hic
2339 4227 2430 4274 aut
2468 4219 2680 4289 aequius
2712 4223 3022 4276 sanctiusve
3055 4230 3236 4277 actum
3266 4222 3331 4276 iri
3361 4240 3374 4277 :
3402 4237 3467 4277 ac
3497 4237 3569 4278 ne

1981 4313 2097 4369 illic
2124 4313 2345 4384 quidem
2382 4310 2620 4366 felicius.
2654 4308 2798 4377 Quin
2825 4320 2884 4366 tu
2916 4312 3081 4382 igitur
3119 4313 3370 4381 decedis,
3405 4315 3450 4369 si
3483 4322 3567 4369 ta-

1976 4422 2102 4461 men
2133 4402 2500 4459 decedendum
2528 4414 2647 4469 est,
2677 4418 2785 4457 non
2812 4418 2843 4458 a
2874 4403 3035 4459 nobis
3069 4404 3288 4475 quidem
3310 4447 3326 4473 ,
3371 4406 3464 4461 sed
3494 4405 3567 4459 ab

282 4504 606 4561 hominibus
655 4502 919 4574 iniuriose
970 4503 1277 4559 tractatus?
1323 4500 1459 4556 Nam
1491 4502 1538 4558 si
1614 4502 1749 4558 adeo
1802 4502 2034 4571 turpiter
2102 4496 2414 4568 aufugeris,
2459 4496 2691 4562 injurias
2747 4512 2874 4552 cum
2923 4497 3176 4567 injuriis,
3224 4514 3351 4554 cum
3392 4498 3565 4554 male"

280 4595 429 4651 liciis
467 4595 731 4651 malellcia
797 4596 1222 4666 compensando,
1256 4603 1410 4664 pacta
1446 4594 1730 4648 nobiscum
1788 4595 1921 4650 inita
1959 4590 2237 4653 violando,
2283 4588 2488 4643 malum
2540 4588 2611 4643 iis
2653 4589 2850 4655 etiam,
2890 4590 3093 4660 quibus
3133 4591 3357 4646 minime
3396 4606 3564 4662 opor-

279 4688 431 4756 tuit,
484 4688 616 4756 tibi,
669 4688 862 4743 amicis
886 4729 901 4754 ,
925 4688 1133 4758 patriae,
1181 4702 1246 4741 ac
1291 4686 1449 4741 nobis
1489 4686 1626 4757 ipsis
1655 4687 1892 4741 creando
1930 4702 1945 4740 :

1987 4699 2112 4739 cum
2149 4683 2279 4752 ipsae
2306 4680 2403 4734 tibi
2443 4679 2682 4753 graviter
2709 4681 2891 4737 adhuc
2919 4682 3043 4739 vivo
3078 4683 3558 4739 succensebimus.

279 4794 405 4838 tum
431 4782 539 4835 illic
565 4795 783 4837 sorores
812 4780 978 4834 etiam
1008 4787 1242 4843 nostris,
1278 4778 1383 4833 hoc
1432 4786 1517 4833 est
1569 4777 1869 4833 inferorum
1936 4778 2083 4846 leges
2108 4818 2122 4841 ,
2157 4790 2222 4829 eo
2257 4782 2309 4829 te
2357 4775 2604 4845 asperius
2661 4773 2969 4844 excipient,
3007 4789 3119 4845 quo
3154 4784 3205 4832 te
3248 4775 3401 4831 illum
3438 4791 3563 4832 esse

280 4873 623 4944 intelligent,
660 4871 755 4942 qui
795 4886 937 4933 nos,
986 4879 1252 4940 quantum
1300 4869 1349 4924 ii.
1409 4878 1462 4924 te
1479 4868 1621 4937 fuit,
1667 4869 2019 4939 exstinguere
2048 4866 2125 4923 sis
2154 4881 2218 4922 ac
2248 4864 2538 4937 profligare
2564 4874 2817 4921 conatus.
2861 4884 2881 4918 ι

828 4961 1222 5016 ΚΕΦᾹΛΑΙΟΝ
1273 4962 1331 5015 1'.

280 5080 410 5134 Ὅτι
436 5078 522 5150 μὴ
546 5077 669 5133 δέοι
692 5078 938 5150 φεύγειν
961 5074 1068 5150 τὸν
1091 5075 1249 5150 ὑπὲρ
1269 5073 1559 5150 ἀληθείας
1583 5071 1862 5129 θάνατον.

573 5144 708 5203 Ἀπὸ
734 5144 848 5217 τῆς
873 5146 1196 5217 Σωκράτους
1237 5144 1582 5213 Ἀπολογίας.

362 5242 559 5305 «Ἴσως
591 5242 637 5295 δ’
670 5240 745 5312 (2)
771 5239 838 5295 ἂν
863 5234 959 5292 οὖν
980 5238 1123 5292 εἴποι
1152 5253 1258 5302 τιςο
1285 5232 1400 5290 Εἶτ’
1422 5237 1524 5290 οὐκ
1558 5227 1871 5306 αἰσχύνῃ,ὧ

278 5332 605 5405 Σώκρατες,
650 5332 889 5386 τοιοῦτον
931 5330 1270 5401 ἐπιτήδευμα
1310 5327 1688 5399 ἐπιτηδεύσας,
1718 5325 1777 5389 ἐξ
1808 5318 1869 5379 οὖ

278 5424 612 5488 κινδυνεύεις
652 5426 771 5478 νυνὶ
815 5422 1142 5488 ἁποθανεῖν;
1190 5419 1333 5490 Ἐγὼ
1359 5419 1417 5475 δὲ
1450 5420 1623 5489 τούτῳ
1662 5418 1870 5472 δίκαιον

280 5516 351 5573 ἂν
372 5516 528 5587 λόγον
552 5517 884 5587 ἀντείποιμι,
905 5517 988 5569 ὅτι
1014 5515 1073 5568 οὐ
1095 5513 1275 5578 καλῶς
1292 5513 1495 5583 λέγεις,
1517 5505 1562 5565 ὦ
1589 5511 1864 5591 ἄνθρωπε,

279 5610 328 5663 εί
358 5607 459 5663 οῐει
482 5610 591 5663 δεῖν
624 5608 865 5663 κίνδυνον
888 5604 1304 5676 ὑπολογίζεσθαι
1326 5602 1420 5658 τοῦ
1455 5600 1577 5674 ζῇν,
1611 5602 1645 5672 ἢ
1675 5601 1869 5655 τεθνά-

2602 4956 2833 5012 CAPUT
2874 4956 2943 5012 X.

2049 5067 2274 5124 Mortem
2302 5070 2539 5141 veritatis
2570 5085 2733 5123 causa
2771 5086 3022 5141 noniesse
3051 5069 3376 5141 fugiendam.
3408 5070 3496 5127 Ex

2486 5139 2731 5195 Socratis
2758 5139 3044 5210 Apologia.

2052 5248 2072 5282 ι
2119 5228 2322 5286 Verum
2344 5273 2358 5297 ,
2391 5230 2609 5301 inquit,
2632 5230 2707 5283 ita
2738 5226 2878 5283 forte
2916 5230 3042 5300 quis
3084 5229 3345 5300 obiiciat,
3378 5228 3521 5298 Quid

1978 5336 2087 5377 non
2116 5338 2248 5394 ergo
2296 5331 2351 5378 te
2401 5322 2602 5394 pudet,
2651 5337 2686 5376 ο
2744 5323 3034 5389 Socrates,
3079 5321 3204 5376 vita:
3242 5321 3552 5378 institutum

1979 5412 2254 5484 eiusmodi
2283 5425 2531 5469 secutum
2567 5428 2724 5478 esse,
2750 5427 2861 5485 quo
2895 5412 2994 5468 tibi
3037 5412 3142 5468 hoc
3175 5414 3369 5470 mortis
3411 5416 3526 5485 peri

1974 5505 2159 5560 culum
2179 5499 2454 5560 'creares‘!
2481 5504 2581 5557 Cui
2610 5519 2711 5576 ego
2736 5507 2862 5575 iure
2902 5507 2983 5561 sic
3017 5521 3277 5576 reponam
3297 5546 3313 5571 .
3349 5506 3551 5575 Erras.

1975 5597 2052 5650 mi
2084 5595 2253 5651 homo
2275 5634 2290 5661 ,
2324 5595 2369 5651 si
2403 5594 2549 5665 apud
2580 5612 2706 5651 eum
2730 5638 2745 5665 ,
2778 5598 2873 5668 qui
2910 5598 3174 5670 aliquem
3203 5615 3433 5656 numero
3459 5602 3549 5669 sit,

381 5741 433 5811 l)
466 5741 675 5809 Οὐδείς
701 5742 771 5808 ὃς
792 5740 931 5810 ἐρεῖ.
963 5740 1041 5794 Ita
1081 5747 1227 5811 recte
1252 5737 1441 5811 ser_ibit
1467 5736 1859 5811 distinguimus

1993 5746 2077 5799 to;
2106 5732 2248 5795 male
2291 5734 2347 5791 in
2374 5732 2544 5804 priori
2576 5733 2835 5802 editione,
2860 5734 3032 5802 οὐδείς
3067 5753 3128 5792 σε
3167 5738 3287 5809 ἐρεῖ
3322 5737 3477 5804 fcere.

375 5805 434 5875 ‘2)
460 5805 759 5877 Ἵσωςδέ.
789 5805 941 5869 Plato
968 5811 1024 5867 in
1057 5807 1279 5873 Apoloq.
1314 5807 1548 5873 Sacra!"
1579 5805 1762 5873 p.565
1789 5805 1832 5858 υ
