4122 6420
520 360 652 417 1091

1176 349 1446 406 EUSEBII
1474 346 1952 404 CAESARlENSIS
1982 344 2132 400 OPP.
2174 341 2354 396 PARS
2387 339 2453 394 ll.
2486 370 2556 380 —
2587 337 3085 394 APOLOGETICA.

3622 329 3786 387 1092

515 476 642 530 vita:
668 469 925 525 mortisve
953 464 1255 537 periculum
1286 462 1420 517 tanti
1444 478 1565 517 esse
1596 471 1788 532 putes;
1819 474 1920 514 nec
1956 458 2085 513 illud

2210 474 2277 510 ναι
2312 455 2480 525 ἄνδρα
2500 495 2515 519 ,
2556 454 2677 507 ὅτου
2699 470 2749 505 τι
2792 452 2885 505 καὶ
2937 450 3168 521 σμικρὸν
3201 448 3394 518 ὄφελός
3430 447 3580 499 ἐστιν
3600 463 3613 477 ·
3647 445 3782 500 ἀλλ’

517 565 705 637 potius
739 575 908 617 unum
937 559 1007 613 ab
1039 572 1106 612 eo
1134 555 1365 626 cogitari
1390 596 1403 619 ,
1428 554 1646 623 justeue
1671 568 1741 606 an
1774 552 1974 621 injuste
2004 565 2091 605 re-

518 658 623 713 bus
646 657 700 710 in
733 653 990 708 omnibus
1026 664 1147 705 sese
1172 656 1360 717 gerat,
1398 645 1617 715 virique
1669 645 1798 699 boni
1821 684 1837 708 ,
1868 658 1937 697 an
1986 643 2091 696 im-

512 747 676 819 probi
702 744 844 798 facta
872 748 1247 811 persequatur.
1275 736 1569 790 Enimvero
1589 776 1605 799 ,
1641 734 1687 789 si
1709 734 1839 803 quid
1863 742 1951 787 tua
1975 733 2092 786 haec

512 840 682 896 edicit
700 836 899 901 oratio,
925 846 1157 903 nequam
1191 830 1393 884 fuerint
1417 843 1637 883 necesse
1665 836 1748 880 est
1786 826 1984 879 heroes
2010 824 2088 877 illi

515 942 747 987 omnes,
800 923 895 991 qui
942 920 1086 989 apud
1138 917 1356 987 Trojam
1387 916 1570 970 obiere
1599 953 1615 978 ,
1663 914 1886 982 ipseque
1928 911 2093 982 660

516 1014 652 1067 adeo
684 1009 930 1064 Thetidis
956 1007 1135 1072 lilius,
1176 1007 1265 1075 qui
1300 1019 1409 1074 prae
1450 1002 1805 1072 turpitudinis
1847 1011 1900 1055 et
1938 1001 2094 1071 igno-

516 1103 705 1158 miniaa
736 1108 915 1163 metu,
951 1099 1023 1152 ita
1077 1096 1383 1165 periculum
1421 1108 1584 1148 omne
1630 1090 1993 1161 contempsit,
2032 1098 2094 1143 ut

516 1208 642 1247 cum
678 1206 805 1246 eum
827 1188 1027 1245 eaedem
1062 1185 1311 1239 llectoris
1358 1182 1736 1247 anhelantem,
1772 1180 1879 1235 Dea
1921 1187 2093 1233 mater

517 1283 622 1338 hoc
656 1281 771 1335 fere
797 1280 958 1335 modo
988 1291 1246 1332 revocare
1271 1283 1582 1329 conaretur.
1614 1270 1673 1325 Si
1710 1270 1959 1325 Hectoris
1990 1285 2095 1324 cte-

518 1375 622 1440 de,
664 1373 739 1427 fili
766 1372 879 1435 mi,
910 1367 1149 1423 Patrocli
1175 1380 1365 1421 necem
1391 1364 1691 1430 ulciscare,
1733 1361 2009 1431 periturus
2034 1374 2094 1415 es

440 1468 443 1473 ’
522 1465 641 1531 ipse
675 1477 896 1532 quoque
912 1499 929 1525 ,

556 1553 699 1607 Nam
725 1563 772 1607 te
802 1563 948 1606 certa
975 1558 1183 1612 manet,
1216 1549 1426 1619 inquit,
1459 1564 1601 1601 mors
1631 1545 1859 1601 Hectore
1890 1559 2059 1599 casso:

521 1644 644 1716 Ipse
676 1644 764 1699 bis
802 1643 1005 1699 auditis
1030 1683 1046 1706 ,
1084 1641 1403 1709 calcatuque
1451 1640 1645 1693 mortis
1694 1641 1843 1692 omni
1892 1637 2094 1691 discri-

523 1737 671 1790 mine
690 1776 705 1802 ,
731 1734 876 1804 quod
902 1733 1067 1787 vitam
1106 1733 1279 1802 i'psam
1302 1745 1427 1785 cum
1453 1730 1665 1800 ignavia
1696 1729 2042 1799 conjunctam
2071 1768 2087 1791 ,

524 1840 861 1895 suorumque
890 1824 1084 1879 mortis
1114 1822 1297 1876 inultae
1318 1822 1576 1891 probrum
1615 1821 1776 1890 longe
1802 1821 2096 1874 vehemen-
2127 1804 2169 1858 Β

525 1920 634 1975 tius
662 1916 1001 1982 formidaret,
1027 1916 1101 1969 ita
1134 1913 1507 1984 responderit,
1532 1911 1781 1965 Protinus
1805 1928 1836 1964 ο
1857 1910 2102 1981 peream!

526 2011 621 2066 sed
650 2009 828 2079 prunis
859 2009 929 2064 ab
956 2007 1154 2063 infesto
1172 2008 1391 2062 homine
1415 2006 1680 2077 repetitis,
1699 2021 1768 2060 ne
1792 2006 1882 2062 hic
1898 2006 2104 2060 diutius

525 2102 756 2157 classem
789 2099 858 2153 ad
890 2115 1067 2154 meam
1093 2099 1357 2155 ridiculus
1389 2100 1663 2164 sessitem,
1687 2099 1895 2153 telluris
1918 2099 2105 2153 inutile

525 2191 754 2263 pondus.
779 2190 934 2246 Hunc
950 2200 1007 2245 tu
1038 2192 1313 2246 hominem
1333 2191 1401 2246 de
1425 2201 1601 2246 morte
1621 2207 1685 2246 ac
1702 2192 1944 2261 periculo
1956 2192 2108 2247 solli-

526 2284 695 2337 citum
710 2283 885 2338 fuisse
900 2283 1224 2338 arbitraris?
1249 2283 1481 2353 Quippe,
1502 2284 1575 2337 ita
1599 2284 1742 2338 enim
1761 2283 1920 2353 plane
1939 2299 1998 2338 se
2020 2298 2107 2339 res

529 2372 716 2439 habet,
740 2373 1102 2428 Athenienses
1132 2391 1147 2427 :
1175 2390 1287 2444 quo
1304 2375 1604 2443 quisquein
1624 2376 1744 2429 loco
1761 2375 1844 2429 vel
1864 2376 2108 2444 seipsum

528 2464 906 2529 constituerit,
940 2465 1207 2532 optimum
1262 2465 1316 2520 id
1344 2480 1467 2519 esse
1494 2474 1677 2529 ratus,
1726 2466 1813 2519 vel
1849 2467 2110 2520 constitu-

530 2563 621 2609 tus
644 2569 674 2609 a
709 2555 1030 2624 magistratu
1064 2554 1260 2618 fuerit,
1301 2553 1356 2606 in
1391 2568 1457 2607 eo
1490 2554 1568 2608 sic
1597 2553 1923 2607 manendum
1968 2553 2108 2622 ipsi,

532 2659 599 2699 ac
625 2644 928 2714 periculum
958 2658 1123 2699 omne
1158 2643 1499 2697 subeundum
1526 2656 1647 2697 esse
1673 2652 1883 2709 statuo,
1915 2650 1975 2695 ut
2001 2657 2111 2710 pra:

533 2749 646 2791 uno
695 2733 1048 2802 turpitudinis
1097 2744 1283 2797 metu,
1348 2748 1448 2787 nec
1507 2742 1769 2797 mortem,
1810 2747 1912 2787 nec
1963 2732 2111 2786 aliud

507 2825 830 2896 ,quidquam
856 2824 941 2878 vel
970 2824 1131 2879 nauci
1177 2822 1360 2878 faciat.
1395 2822 1662 2891 Equidem
1706 2820 1923 2877 facinus
1959 2822 2108 2877 indi-

534 2933 700 2985 gnum
726 2916 1066 2970 admitterem
1093 2956 1109 2981 ,
1138 2915 1499 2970 Athenienses
1520 2954 1534 2979 ,
1562 2915 1608 2969 si
1638 2930 1797 2984 quem
1843 2913 1977 2969 mihi
2022 2914 2107 2967 lo-

535 3024 659 3064 cum
688 3009 1050 3077 imperatores
1071 3007 1146 3060 illi
1180 3008 1344 3062 vestri
1372 3047 1389 3071 ,
1420 3008 1622 3077 quibus
1669 3021 1755 3061 me
1791 3021 1984 3077 parere
2008 3021 2107 3061 vo-

2191 549 2290 601 οὑκ
2317 549 2491 599 ἐκεῖνο
2524 545 2682 616 μόνον
2715 545 2960 607 σκοπεῖν,
2989 542 3116 596 ὅταν
3154 540 3389 611 πράττῃ,
3428 537 3657 608 πότερον
3693 537 3786 588 δίο·

2190 636 2377 706 καιαῆ
2412 636 2572 689 ἄδικα
2619 635 2864 705 πράττει’
2914 632 3010 686 καὶ
3049 631 3243 703 ἀνδρὸς
3280 627 3487 699 ἀγαθοῦ
3523 628 3659 699 ἔργα
3681 668 3699 690 ,
3738 627 3779 698 ἦ

2191 728 2385 781 κακοῦ.
2407 726 2607 780 Φαῦλοι
2634 725 2741 797 γὰρ
2766 725 2854 787 ἂν,
2876 722 2953 794 τῷ
2981 740 3045 791 γε
3073 721 3149 792 σῷ
3174 721 3316 791 λόγῳ
3347 716 3476 782 εἷεν,
3512 718 3617 772 τῶν
3636 720 3788 788 ἡμι-

2191 817 2326 870 θέων
2350 819 2463 871 ὅσοι
2503 820 2560 870 ὲν
2593 816 2762 888 Τροίᾳ
2785 815 3229 884 τετελευτήκασιν
3254 855 3269 879 ,
3297 811 3409 864 οἵτε
3436 809 3585 864 ἄλλοι
3612 810 3716 862 καὶ
3748 810 3786 860 ὁ

2189 910 2289 980 τῆς
2309 909 2524 971 Θέτιδος
2549 908 2681 971 υίὸς,
2718 907 2777 970 ὂς
2802 906 3055 960 τοσοῦτον
3088 903 3181 958 τοῦ
3215 902 3458 956 κινδύνου
3498 901 3786 970 κατεφρό-

2191 1019 2341 1074 νησε,
2370 1001 2517 1074 παρά
2549 1001 2609 1053 τὸ
2633 1000 2854 1071 αἰσχρόν
2877 1016 2930 1052 τι
2961 999 3269 1068 ὑπομεῖναι,
3297 995 3460 1059 ὥστε,
3481 994 3671 1061 ἐπειδὴ
3688 988 3783 1045 εῖ-

2193 1094 2349 1164 πενή
2382 1094 2564 1164 μήτηρ
2595 1091 2742 1162 αὐτῷ
2783 1089 3214 1162 προθυμουμένῳ
3233 1088 3475 1160 Ἕκτορα
3514 1086 3785 1139 άνποκτεῖο

2193 1204 2302 1251 ναι,
2342 1185 2462 1250 θεὸς
2491 1180 2653 1250 οῦσα⁹
2693 1183 2887 1237 οὑτωσί
2934 1200 3069 1247 πως,
3099 1181 3173 1245 ὡς
3207 1175 3440 1256 ἐγῷμαι,
3465 1174 3534 1231 Ὤ
3569 1182 3691 1240 παῖ,
3727 1179 3782 1230 εἰ

2192 1279 2527 1350 τιμωρήσεις
2554 1276 2852 1347 Πατρόκλῳ
2875 1274 2951 1344 τῷ
2975 1273 3175 1345 ἑταίρῳ
3201 1270 3291 1324 τὸν
3319 1271 3499 1341 φόνον,
3522 1271 3619 1323 καὶ
3630 1270 3783 1323 Ἕκ-

2194 1388 2328 1445 τορα
2378 1371 2718 1433 ἀποκτενεῖς,
2762 1367 2922 1429 αὐτὸς
2963 1365 3242 1435 ἀποθανῇ·-

2194 1555 2418 1610 Αὐτίκα
2432 1552 2541 1624 γάρ
2561 1569 2668 1613 τοι,
2682 1550 2853 1621 φησὶ,
2866 1549 2991 1619 μεθ’
3010 1549 3267 1616 ’Ἕκτορα
3278 1546 3502 1615 πότμος
3519 1543 3781 1613 ἑτοῖμος·

2207 1647 2266 1700 '0
2292 1646 2350 1701 δὲ
2378 1645 2532 1698 τοῦτο
2556 1643 2809 1708 ἀκούσας,
2828 1640 2921 1695 τοῦ
2942 1641 3040 1712 μὲν
3055 1639 3284 1693 θανάτου
3302 1638 3396 1690 καὶ
3415 1636 3509 1690 τοῦ
3527 1634 3787 1689 κινδύνου

2200 1734 2536 1806 ὠλιγώρησε,
2555 1734 2687 1787 πολὺ
2718 1732 2775 1786 δὲ
2792 1731 2987 1803 μᾶλλον
2998 1730 3177 1792 δείσας
3198 1729 3258 1781 τὸ
3276 1729 3373 1799 ζῇν
3388 1726 3554 1790 κακὸς
3567 1725 3663 1786 ὣν,
3684 1726 3790 1778 καὶ

2201 1830 2310 1890 τοῖς
2327 1826 2497 1896 φίλοις
2510 1825 2582 1896 μὴ
2607 1826 2888 1895 τιμωρεῖν,
2908 1822 3147 1884 αὐτίκα,
3165 1819 3317 1891 φησί’
3335 1817 3791 1887 τεθναίηνδίκην

2202 1917 2407 1979 ἐπιθεὶς
2433 1915 2510 1986 τῷ
2539 1914 2829 1980 ἀδικοῦντι,
2857 1915 2943 1966 ἵνα
2968 1911 3042 1983 μὴ
3076 1910 3264 1964 ἐνθάδε
3284 1910 3441 1980 μένω
3475 1907 3793 1976 καταγέλα-

2205 2027 2328 2073 στος
2352 2008 2503 2079 παρά
2530 2007 2688 2077 νηυσὶ
2715 2004 3025 2077 κορωνίσιν,
3052 2003 3237 2071 ἄχθος
3268 2002 3549 2071 ἀρούρης.
3573 2000 3665 2069 Μὴ
3685 2000 3794 2052 αὐ-

2202 2103 2295 2155 τὸν
2325 2102 2426 2154 οῐει
2466 2097 2746 2170 φροντίσαι
2779 2097 3007 2150 θανάτου
3037 2096 3133 2149 καὶ
3160 2094 3404 2149 κινδύνου
3433 2109 3447 2158 ;
3482 2091 3637 2145 υῦτω
3670 2090 3793 2161 γὰρ

2205 2194 2336 2264 ἔχει,
2362 2187 2407 2246 ὧ
2433 2192 2623 2262 ἄνδρες
2661 2189 2950 2260 Ἀθηναῖοι,
2973 2191 3039 2260 τῇ
3065 2186 3310 2258 ἀληθείᾳ·
3339 2179 3398 2239 οῦ
3424 2184 3488 2239 ἄν
3509 2200 3591 2247 τις
3613 2182 3792 2236 αὑτὸν

2204 2285 2360 2357 τάξῃ,
2404 2282 2753 2356 ἡγησάμενος
2801 2280 3074 2350 βέλτιστον
3106 2275 3276 2343 εἶναι,
3304 2278 3338 2350 ἢ
3371 2277 3476 2332 ὑπὸ
3520 2277 3795 2347 ἄρχοντος

2204 2377 2413 2449 ταχθῇ,
2454 2373 2688 2429 ἐνταῦθα
2720 2373 2832 2437 δεῖ,
2862 2373 2937 2437 ὡς
2981 2373 3105 2443 ἐμοὶ
3127 2371 3303 2437 δοκεῖ,
3339 2369 3573 2441 μένοντα
3598 2366 3790 2421 κινδυ-

2207 2468 2411 2529 νεύειν,
2453 2462 2618 2534 μηδὲν
2665 2460 3134 2532 ὑπολογιζόμενον,
3178 2459 3314 2530 μήτε
3345 2459 3601 2520 θάνατον,
3642 2457 3793 2527 μήτε

2208 2559 2335 2614 ἄλλο
2362 2556 2547 2627 μηδὲν,
2579 2554 2685 2625 πρὸ
2713 2552 2805 2606 τοῦ
2832 2552 3080 2624 αἰσχροῦ.
3120 2550 3260 2619 Ἐγὼ
3282 2546 3373 2603 οῦν
3397 2549 3544 2602 δεινὰ
3565 2546 3632 2601 ἂν
3663 2546 3795 2615 εἴην

2208 2650 2582 2721 εἰργασμένος,
2620 2643 2667 2703 ὦ
2692 2645 3247 2718 ἄνδρεςἈθηναῖοι,εί
3270 2644 3358 2696 ὅτε
3396 2642 3494 2712 μέν
3520 2657 3587 2710 με
3617 2640 3665 2691 οἱ
3684 2638 3793 2708 ἄρ-

2210 2760 2394 2815 χοντες
2425 2741 2667 2807 ἔταττον,
2701 2739 2795 2804 οὒς
2816 2741 2971 2811 ὑμεῖς
3002 2737 3212 2791 εἵλεσθε
3233 2735 3422 2807 ἄρχειν
3450 2750 3585 2806 μου,
3607 2731 3796 2786 aedito

2209 2834 2485 2905 Ποτιδαίᾳ,
2515 2834 2610 2887 καὶ
2642 2835 2700 2885 ὲν
2738 2829 3080 2901 Ἀμφιπόλει,
3107 2829 3202 2882 καὶ
3228 2828 3321 2881 ἐπὶ
3348 2827 3546 2898 Δηλίῳ,
3565 2825 3659 2879 καὶ
3697 2824 3798 2878 ἆλ-

2210 2926 2323 2980 λοθί
2351 2944 2474 2988 που,
2506 2920 2565 2979 οὗ
2590 2927 2787 2978 ἐκεῖνοι
2813 2923 3051 2985 ἔταττον,
3079 2920 3267 2991 ἔμενον
3295 2918 3483 2990 ὥσπερ
3513 2919 3606 2971 καὶ
3629 2916 3797 2980 ἄλλος

2210 3039 2313 3085 τις,
2347 3021 2441 3074 καὶ
2470 3017 2805 3073 ἐκινδύνευον
2834 3015 3124 3068 ἀποθανεῖν
3147 3030 3160 3043 ·
3190 3010 3283 3066 τοῦ
3322 3011 3379 3064 δὲ
3406 3007 3540 3062 Θεοῦ
3568 3008 3801 3061 τάττον-

535 3100 718 3155 luistis
739 3139 755 3164 ,
787 3100 899 3153 sive
922 3098 1061 3168 apud
1088 3097 1401 3163 Potidaeam,
1423 3100 1537 3153 sive
1548 3098 1692 3167 apud
1710 3096 2101 3167 Amphipolim,

2213 3130 2323 3177 τος,
2353 3112 2427 3174 ὼς
2452 3111 2560 3179 ἐγὼ
2582 3107 2767 3180 ᾠήθην
2793 3123 2852 3159 τε
2876 3106 2967 3158 καὶ
2989 3102 3274 3165 ὑπέλαϐον,
3304 3098 3696 3169 φιλοσοφοῦντά
3726 3115 3798 3168 με

536 3189 651 3244 sive
697 3188 839 3259 apud
888 3187 1127 3254 Delium,
1170 3189 1285 3242 sive
1309 3188 1492 3242 ubiubi
1541 3189 1918 3258 assignarunt,
1960 3188 2106 3242 ineo

2210 3206 2316 3258 δεῖν
2342 3205 2461 3275 ζῇν,
2490 3203 2584 3256 καὶ
2614 3198 2934 3265 ἐξετάζοντα
2974 3195 3212 3267 ἐμαυτὸν
3238 3233 3252 3256 ,
3296 3192 3391 3245 καὶ
3414 3192 3539 3256 τοὺς
3560 3190 3761 3253 ἄλλους
3778 3206 3796 3220 ο

535 3294 661 3335 cum
691 3281 949 3335 haererem
977 3318 993 3343 ,
1019 3288 1079 3333 ut
1106 3279 1285 3350 quivis
1333 3280 1475 3334 alius
1518 3280 1822 3349 mortisque
1865 3280 2105 3335 subirem

536 3371 779 3443 pericula
806 3388 821 3437 ;
848 3381 960 3425 tum
987 3385 1115 3425 vero
1136 3385 1311 3436 nunc,
1342 3386 1467 3425 cum
1496 3371 1569 3425 ita
1600 3371 1667 3426 de
1700 3387 1786 3424 me
1806 3412 1820 3436 ,
1848 3371 2110 3440 quemad-

537 3461 762 3515 modum
787 3461 902 3531 jam
929 3462 1063 3515 mihi
1090 3461 1298 3532 pridem
1327 3461 1615 3530 persuasi,
1665 3461 1807 3516 Deus
1846 3462 1962 3531 ipse
2000 3471 2112 3516 sta-

539 3552 740 3618 tuerit,
797 3560 857 3606 ut
905 3568 992 3606 me
1035 3552 1343 3622 philosophi
1381 3552 1546 3606 vitam
1601 3552 1816 3617 vivere,
1861 3569 1962 3609 nec
2025 3569 2113 3608 me

541 3642 721 3710 ipsum
753 3642 951 3709 modo,
986 3658 1173 3697 verum
1201 3645 1362 3698 etiam
1405 3643 1545 3699 alios
1589 3653 1799 3698 tentare
1848 3645 2114 3714 probare-

540 3748 649 3803 que
677 3734 944 3801 voluerit,
985 3736 1180 3790 mortis
1208 3744 1304 3790 aut
1350 3736 1577 3791 alterius
1616 3737 1993 3807 cujuscunque
2033 3737 2114 3791 rei

541 3833 723 3891 metu,
753 3827 977 3895 gradum
1018 3827 1167 3882 hunc
1215 3842 1396 3881 meum
1452 3828 1851 3897 stationemque
1897 3828 2117 3882 desere-

542 3929 659 3969 rem
696 3932 710 3969 :
735 3915 1052 3985 Indignum,
1078 3917 1301 3986 inquam
1330 3956 1346 3981 ,
1372 3917 1635 3989 flagitium
1664 3927 1847 3985 esset,
1891 3928 2117 3986 tumque

543 4008 677 4062 adeo
706 4022 793 4062 me
811 4006 958 4078 juste
989 4008 1115 4077 quis
1147 4009 1373 4063 omnino
1395 4049 1408 4074 ,
1435 4010 1595 4079 quasi
1629 4010 1762 4064 deos
1787 4025 1909 4065 esse
1928 4010 2110 4065 nullos

544 4105 837 4166 putarem,
885 4097 1181 4166 impietatis
1236 4106 1571 4164 arcesseret;
1618 4098 1818 4168 quippe
1872 4099 1968 4168 qui
2016 4115 2118 4154 nec

543 4188 765 4242 oraculo
794 4203 1066 4257 parerem,
1108 4198 1162 4242 et
1194 4198 1428 4243 mortem
1448 4190 1868 4244 extimescerem
1891 4231 1906 4254 ,
1947 4202 2003 4245 et
2035 4206 2118 4245 sa-

542 4283 698 4351 piens
730 4280 944 4336 viderer
970 4280 1089 4349 ipse
1123 4281 1298 4347 mihi,
1345 4299 1469 4339 cum
1507 4299 1614 4338 non
1652 4298 1854 4338 essem.
1887 4281 2116 4336 Mortem

542 4370 690 4425 enim
731 4371 952 4435 timere,
985 4370 1380 4439 Athenienses,
1430 4373 1577 4427 aliud
1621 4374 1756 4427 nihil
1799 4381 1914 4437 est,
1951 4389 2116 4441 quam

2209 3292 2438 3346 ἐνταῦθα
2452 3291 2528 3351 δὲ,
2547 3289 2869 3360 φοϐηθε“ις,ἢ
2888 3286 3115 3339 θάνατον
3137 3284 3169 3354 ἦ
3194 3283 3320 3338 ἄλλο
3345 3280 3521 3336 ὁτιοῦν
3537 3282 3800 3351 πρᾶγμα,

2208 3387 2420 3455 λίποιμι
2450 3382 2547 3454 τὴν
2573 3381 2724 3446 τάξιν
2750 3399 2763 3445 ;
2793 3378 2972 3432 Δεινὸν
3010 3377 3156 3447 μέντ’
3192 3376 3256 3428 ἂν
3278 3374 3385 3444 εἴη,
3420 3372 3516 3426 καὶ
3555 3372 3631 3435 ώς
3658 3370 3804 3442 ἀληο

2212 3477 2321 3540 θῶς
2345 3475 2452 3528 τότ’
2478 3473 2545 3527 ἂν
2590 3490 2656 3543 με
2688 3470 2909 3533 δικαίως
2952 3468 3160 3536 εἰσάγοι
3198 3483 3281 3529 τις
3316 3467 3396 3529 εἰς
3424 3464 3801 3533 δικαστήριον,

2211 3568 2293 3621 ὅτι
2325 3567 2384 3618 οὐ
2417 3563 2622 3635 νομίζω
2647 3563 2802 3625 θεοὺς
2830 3557 2968 3614 εἶναι
2988 3601 3003 3625 ,
3031 3556 3272 3611 ἀπειθῶν
3309 3558 3375 3626 τῇ
3411 3553 3670 3626 μαντείᾳ,
3698 3552 3801 3607 καὶ

2210 3656 2397 3721 δεδιὼς
2428 3656 2672 3717 θάνατον,
2712 3653 2806 3707 καὶ
2832 3653 3074 3722 οἱόμενσς
3108 3647 3268 3718 σοφὸς
3293 3641 3451 3711 εἶναι,
3472 3646 3572 3699 οὐκ
3600 3644 3696 3699 ῶν.
3721 3643 3802 3697 To

2212 3750 2319 3821 γάρ
2346 3765 2429 3801 τοι
2456 3748 2682 3801 θάνατον
2702 3744 2951 3805 δεδιέναι,
2987 3736 3032 3794 ὧ
3064 3739 3277 3810 ἄνδρες,
3306 3738 3458 3791 οὐδὲν
3486 3736 3613 3792 ἄλλο
3640 3735 3796 3791 ἐστὶν

2212 3841 2247 3912 ἢ
2270 3841 2444 3893 δοκεῖν
2469 3838 2631 3907 σορὸν
2660 3835 2818 3890 εἶναι.
2854 3836 2927 3907 μὴ
2958 3834 3105 3887 ὄντα.
3134 3833 3321 3885 Δοκεῖν
3346 3832 3456 3902 γὰρ
3475 3829 3672 3883 εἰδέναι
3702 3832 3796 3882 ἐσ-

2213 3933 2317 3996 τὶν,
2345 3931 2381 3985 ἀ
2408 3931 2506 3984 οὐκ
2537 3926 2698 3982 οἶδεν.
2730 3922 2855 3980 Οἵδε
2897 3925 2996 3996 μὲν
3033 3924 3140 3995 γὰρ
3186 3922 3364 3985 οὐδεὶς
3398 3921 3488 3974 τὸν
3537 3920 3791 3981 θάνατον,

2213 4020 2322 4072 οὐδ’
2366 4021 2415 4072 εἰ
2450 4018 2706 4089 τυγχάνει
2749 4016 2828 4088 τῷ
2864 4013 3159 4086 ἀνθρώπῳ,
3194 4014 3412 4067 πάντων
3447 4010 3702 4082 μέγιστον
3741 4009 3805 4062 ὃν

2214 4111 2322 4165 τῶν
2343 4110 2561 4180 ἀγαθῶν
2580 4128 2592 4141 ο
2617 4110 2819 4164 δεδίασι
2850 4108 2908 4161 δὲ
2946 4107 3023 4169 ὡς
3045 4099 3145 4160 ούκ
3172 4106 3396 4169 εἰδότες,
3429 4104 3511 4158 ὃτι
3542 4103 3803 4173 μέγιστον
3834 4145 3841 4148 .

2213 4203 2321 4256 τῶν
2348 4202 2533 4256 κακῶν
2569 4203 2704 4254 ἐστι.
2750 4200 2943 4253 Καίτοι
2967 4198 3079 4262 πῶς
3107 4198 3207 4250 οὐκ
3230 4196 3440 4266 ἀμαθία
3472 4195 3621 4248 ἐστὶν
3654 4192 3801 4264 αῦτη

2215 4298 2249 4367 ἡ
2286 4296 2667 4359 ἐπονείδιστος,
2716 4295 2751 4364 ἡ
2801 4292 2897 4345 τοῦ
2945 4292 3153 4345 οἴεσθαι
3193 4290 3389 4343 εἰδέναι
3428 4288 3464 4342 ὃ.
3500 4289 3601 4341 οὐκ
3629 4280 3803 4351 οἶδενς

2229 4388 2368 4459 Ἐγὼ
2390 4388 2455 4453 δ’,
2479 4382 2524 4441 ὧ
2558 4388 2769 4459 ἄνδρες,
2791 4386 2965 4457 τούτῳ
3006 4385 3102 4439 καὶ
3139 4383 3373 4437 ἐνταῦθα
3412 4382 3655 4451 διαφέρω
3693 4379 3807 4433 τῶν

543 4466 845 4534 sapientem
878 4464 1085 4528 videri,
1122 4465 1215 4534 qui
1257 4480 1365 4520 non
1400 4466 1491 4522 sit.
1536 4464 1774 4535 Nempe,
1798 4465 1971 4519 videri
2013 4465 2112 4519 hoc

2222 4478 2427 4533 πολλῶν
2468 4477 2597 4541 ἴσως
2627 4475 2947 4548 ἀνθρώπων
2979 4474 3073 4528 καὶ
3100 4474 3235 4544 είδὴ
3261 4490 3339 4543 τῳ
3373 4470 3678 4541 σοφώτερός
3705 4487 3805 4523 του

547 4556 644 4611 tibi
681 4556 821 4611 scire
860 4564 972 4622 est,
1006 4557 1151 4624 quod
1198 4559 1435 4613 nescias.
1477 4556 1616 4611 Nam
1664 4572 1813 4612 mors
1843 4557 1961 4627 ipsa
1990 4559 2115 4627 qui-

546 4647 699 4713 dem,
737 4662 865 4700 num
897 4646 1053 4716 quasi
1087 4647 1353 4703 bonorum
1381 4648 1626 4703 omnium
1672 4648 1974 4702 maximum
2023 4649 2121 4703 ho-
2152 4718 2157 4721 _

545 4739 682 4793 mini
710 4740 954 4805 eveniat,
1015 4754 1177 4794 nemo
1229 4741 1382 4794 novit
1414 4757 1428 4793 :
1458 4748 1513 4794 et
1565 4739 1727 4809 vulgo
1768 4748 1949 4794 tamen
1997 4755 2119 4796 eam

544 4831 943 4895 extimescunt,
979 4832 1136 4901 quasi
1171 4831 1439 4885 malorum
1492 4846 1611 4885 eam
1654 4846 1776 4886 esse
1818 4834 2121 4889 maximum

545 4925 749 4993 optime
776 4933 1021 4979 nossent.
1052 4924 1186 4989 Quis
1213 4933 1395 4978 autem
1435 4922 1804 4979 foedissimum
1847 4926 1983 4980 illud
2044 4926 2123 4981 in-

547 5014 717 5068 scitiae
736 5030 905 5085 genus
934 5030 1058 5070 esse
1084 5024 1262 5085 neget,
1280 5030 1403 5070 cum
1428 5030 1492 5071 ea
1520 5016 1662 5072 scire
1690 5018 1814 5086 quis
1849 5018 1950 5072 sibi
1974 5018 2125 5072 vide-

549 5112 668 5168 tur,
693 5117 815 5173 quae
864 5104 1089 5158 nesciat.
1138 5101 1401 5174 Equidem
1424 5146 1440 5171 ,
1478 5105 1839 5162 Athenienses
1863 5144 1880 5172 ,
1924 5106 2026 5161 hac
2067 5106 2126 5160 in

549 5203 705 5264 parte
736 5193 991 5251 fortassis
1037 5196 1107 5251 ab
1154 5195 1472 5251 hominibus
1518 5198 1797 5268 plerisque
1840 5198 2122 5254 dissideo:

546 5285 708 5357 661
748 5296 802 5342 et
830 5288 875 5343 si
904 5304 1012 5358 qua
1039 5289 1092 5342 in
1119 5303 1181 5342 re
1210 5288 1348 5341 mihi
1373 5304 1652 5360 quoquam
1702 5291 2005 5360 sapientior
2048 5292 2128 5346 vi-

549 5380 740 5444 derer,
778 5378 834 5431 in
876 5378 978 5433 hac
1002 5393 1135 5433 sane
1163 5379 1372 5434 viderer
1392 5422 1407 5447 ,
1438 5379 1584 5450 quod
1617 5381 1696 5437 uti
1727 5397 1816 5436 res
1848 5383 1955 5437 illae
1996 5370 2129 5438 infe-

551 5484 737 5523 rorum
761 5468 1064 5539 cuiusmodi
1099 5471 1211 5526 sint
1236 5512 1252 5538 ,
1285 5487 1396 5527 non
1426 5475 1558 5528 satis
1612 5473 1857 5545 intelligo
1880 5517 1896 5542 ,
1928 5476 2002 5530 ila
2029 5492 2133 5532 nec

551 5574 649 5613 eas
686 5574 773 5614 me
805 5562 940 5615 satis
968 5560 1269 5631 intelligere
1299 5564 1553 5618 sentiam.
1596 5566 1667 5620 At
1716 5582 1847 5621 vero
1884 5578 1937 5622 et
1984 5568 2129 5637 inju-

554 5648 693 5702 riam
724 5647 901 5703 facere
919 5688 935 5713 ,
959 5658 1014 5703 et
1036 5649 1087 5704 ei
1112 5667 1272 5721 quem
1301 5654 1640 5721 superiorem
1663 5670 1931 5727 agnoscas
1954 5698 1971 5723 ,
2014 5658 2133 5714 sive

554 5738 700 5796 Deus
729 5739 818 5798 ille
849 5739 1050 5812 fuerit,
1087 5742 1201 5800 sive
1249 5744 1450 5813 homo,
1498 5761 1607 5804 non
1658 5763 1889 5819 parere,
1921 5751 2025 5809 hoc
2073 5760 2130 5809 et

2223 4571 2389 4641 φαίην
2409 4565 2572 4632 εἶναι,
2605 4568 2776 4638 τούτῳ
2797 4566 2885 4632 ἂν,
2909 4566 2990 4619 ὅτι
3014 4566 3114 4618 οὐκ
3136 4565 3288 4629 εἰδὼς
3319 4563 3519 4626 ἱκανῶς
3552 4563 3679 4633 περὶ
3692 4561 3810 4615 τῶν

2221 4666 2279 4717 ὲν
2312 4662 2461 4735 ᾅδου,
2490 4661 2634 4716 οὕτω
2658 4661 2751 4713 καὶ
2786 4660 2966 4731 οἴομαι
2992 4660 3090 4714 οὐκ
3127 4643 3347 4712 εἰδέναι.
3385 4657 3458 4709 Τὸ
3477 4656 3536 4709 δὲ
3575 4655 3805 4717 ἀδικεῖν,

2221 4758 2315 4811 καὶ
2344 4757 2403 4808 τὸ
2424 4754 2667 4810 ἀπειθεῖν
2704 4753 2781 4824 τῷ
2817 4752 3067 4823 βελτίονι,
3099 4751 3193 4804 καὶ
3215 4750 3353 4819 Θεῷ,
3381 4750 3477 4802 καὶ
3509 4746 3804 4818 ἀνθρώπῳ,

2221 4850 2303 4902 ὅτι
2337 4848 2504 4902 κακὸν
2538 4848 2632 4900 καὶ
2663 4848 2885 4918 αἰσχρόν
2927 4848 3102 4902 ἐστιν,
3135 4840 3271 4897 οἴδα.
3305 4842 3419 4913 Πρὸ
3443 4837 3536 4896 οὖν
3564 4839 3672 4892 τῶν
3703 4856 3809 4892 κα-

2223 4940 2354 5002 κῶν,
2378 4931 2451 4991 ὧν
2474 4932 2591 4990 οἶδα
2616 4939 2696 4990 ὃτι
2727 4938 2872 4990 κακά
2903 4937 3070 4995 ἐστιν,
3093 4933 3128 4987 ὃ.
3170 4934 3244 5005 μὴ
3276 4927 3413 4990 οἶδα,
3440 4932 3488 4983 εί
3512 4932 3606 4984 καὶ
3629 4928 3812 4997 ἀγαθὲ

2224 5032 2351 5084 ὅντα
2382 5030 2659 5101 τυγχάνει,
2708 5028 2962 5081 οὐδέποτε
2994 5026 3326 5095 φοϐήσομαι,
3356 5022 3479 5076 οὐδὲ
3514 5020 3805 5091 φεύξομαι.

2228 5124 2411 5184 Ὥστε,
2439 5121 2621 5174 οὐδἐῖ
2657 5137 2724 5191 με
2769 5117 2865 5171 νῦν
2903 5119 3060 5188 ὑμεῖς
3088 5115 3295 5184 ἀφίετε.
3335 5113 3817 5183 Ἀνύτῳιάπισειιή-

2230 5227 2438 5275 σαντες·
2475 5210 2551 5280 (ὃς
2576 5209 2703 5279 ἔφη,
2737 5209 2770 5278 ἦ
2797 5208 2896 5277 τὴν
2920 5207 3092 5277 ἀρχὴν
3121 5206 3181 5256 οὺ
3204 5204 3313 5256 δεῖν
3341 5201 3443 5272 ἐμὲ
3462 5199 3621 5270 δεῦρο
3647 5198 3818 5251 εἰσελ-

2229 5302 2362 5366 θεῖν,
2398 5300 2431 5371 ἢ
2471 5301 2658 5372 ἐπειδὴ
2692 5299 2958 5369 εἰσῆλθον,
2998 5297 3097 5366 οὐχ
3114 5290 3226 5348 οἷόν
3251 5310 3311 5345 τε
3342 5289 3482 5346 εἶναι
3515 5291 3576 5343 τὸ
3602 5290 3678 5362 μὴ
3711 5290 3820 5342 οὐκ

2228 5391 2545 5449 ἀποκτεῖναί
2575 5409 2674 5463 με,
2720 5390 2893 5459 λέγων
2925 5388 3059 5461 πρὸς
3092 5387 3264 5457 ὑμᾶς,
3286 5383 3383 5447 ὡς,
3421 5386 3470 5436 εἰ
3499 5380 3817 5451 διαφευξοί-

2234 5503 2361 5556 μην,
2389 5485 2490 5555 ἤδη
2521 5484 2587 5536 ἂν
2618 5481 2771 5555 ὑμῶν
2799 5484 2847 5535 οἱ
2878 5482 3034 5543 υἱεῖς,
3082 5475 3490 5549 ἐπιτηδεύοντες
3523 5473 3560 5526 ἃ
3590 5472 3820 5543 Σωχρά-

2230 5589 2329 5642 της
2387 5570 2662 5632 διδάσκει,
2703 5569 2901 5631 πάντες
2941 5568 3256 5621 παντάπασι
3310 5560 3818 5634 διαφθαρήσονται·)

2234 5665 2286 5718 εἴ
2315 5680 2406 5735 μοι
2429 5663 2565 5735 πρὸς
2592 5662 2764 5715 ταῦτα
2792 5662 3020 5723 εἴποιτε,
3044 5656 3115 5712 ’Ὦ
3137 5657 3442 5729 Σώκρατες,
3478 5656 3573 5709 νῦν
3614 5654 3819 5722 ’Δνύτῳ

2233 5757 2294 5810 οὐ
2317 5754 2640 5819 πεισόμεθα,
2659 5753 2776 5810 ἀλλ’
2800 5751 3031 5819 ἀφίεμέν
3065 5767 3145 5816 σε,
3170 5750 3260 5805 ἐπὶ
3289 5748 3463 5805 τούτω
3499 5747 3700 5813 μέντοι.
3728 5747 3817 5808 ἐφ’
