4122 6420
349 367 490 424 1095

1487 368 1815 424 ΡΒΑΞΡΑΒ.
1857 368 2109 425 EVANG.
2149 370 2277 425 LIB.
2319 371 2454 427 XIII.

3479 377 3615 434 {094

346 480 451 555 ᾧτε
483 486 556 557 (5)
579 488 784 559 μηκέτι
817 488 874 540 ὲν
897 486 1071 560 ταύτῃ
1099 489 1165 558 τῇ
1198 488 1423 558 ζητήσει
1453 486 1770 559 διατρίϐειν,
1801 488 1936 559 μηδὲ

2051 510 2243 565 malum
2271 521 2327 567 et
2350 521 2507 583 turpe
2529 528 2651 569 esse
2683 512 2929 584 profecto
2959 515 3108 571 novi.
3141 513 3432 587 Nunquam
3457 516 3621 586 igitur

345 580 680 649 φιλοσοφεῖν·
706 579 867 633 ἐὰνδὲ
892 578 1034 651 ἁλῷς
1060 579 1141 633 ἔτι
1168 579 1326 633 τοῦτο
1355 580 1634 651 πράττων,
1664 578 1933 652 ἀποθανῇ.

346 675 411 727 Εἰ
442 668 535 727 οὖν
569 691 659 744 με,
694 675 830 745 ὅπερ
877 669 1053 739 εἷπον,
1086 676 1178 727 ἐπὶ
1203 673 1413 737 τούτοις
1445 674 1656 743 άφίοιτε
1682 689 1696 704 ·
1729 676 1939 744 εἴποιμι

344 763 414 818 ἂν
439 764 590 835 ὑμῖν,
624 766 707 818 ὅτι
753 764 896 833 Ἐγὼ
923 766 1087 836 ὑμᾶς,
1120 758 1165 819 ὦ
1198 766 1390 835 ἄνδρες
1432 765 1729 836 Ἀθηναῖοι,
1770 764 1940 819 ἀσπά-

350 855 518 927 ζομαι
551 856 651 927 μὲν
679 857 774 910 καὶ
802 856 941 925 φιλῶ
964 896 979 921 ,
1022 856 1282 927 πείσομαι
1315 856 1371 909 δὲ
1404 856 1604 928 μᾶλλον
1632 856 1711 927 τῷ
1753 855 1872 927 Θεῷ
1904 856 1938 927 ἢ

350 948 501 1018 ὑμῖν·
543 948 638 1001 καὶ
673 948 892 1020 ἕωσπερ
919 948 986 1001 ἂν
1022 949 1275 1019 ἐμπνέω,
1307 949 1401 1002 καὶ
1429 944 1541 1012 οἷός
1568 966 1627 1002 τε
1657 943 1701 1002 ὦ
1722 990 1737 1014 ,
1774 950 1833 1001 ού
1864 948 1941 1021 μὴ

350 1040 634 1111 παύσομαι
668 1041 998 1110 φιλοσοφῶν,
1034 1042 1129 1094 καὶ
1155 1042 1288 1112 ὑμῖν
1320 1040 1829 1113 παρακελευόμενός
1857 1058 1938 1105 τε,

351 1136 447 1187 καὶ
472 1133 879 1206 ἐνδεικνύμενος
897 1175 913 1199 ,
948 1135 1055 1204 ὅτῳ
1083 1133 1150 1188 ἂν
1180 1135 1267 1187 ἀεὶ
1307 1134 1620 1204 ἐντυγχάνω
1656 1134 1829 1205 ὑμῶν,
1860 1132 1943 1186 λέ-

350 1247 467 1300 γων
509 1225 599 1285 οἷά
633 1249 739 1303 περ
765 1231 952 1284 εἴωθα.
987 1250 1005 1283 ι
1045 1231 1157 1284 Καὶ
1182 1231 1319 1302 μετὰ
1342 1231 1549 1303 βραχέα
1580 1232 1656 1303 (4)
1680 1231 1938 1300 ὲπιλέγει⁴

357 1341 379 1373 ι
402 1322 777 1392 Ἐννοήσωμεν
793 1321 856 1391 δὴ
881 1322 978 1375 καὶ
1010 1322 1160 1392 τῇδε,
1188 1322 1264 1385 ὡς
1295 1322 1463 1394 πολλὴ
1500 1322 1652 1386 ἐλπίς
1688 1323 1765 1393 (5)
1795 1324 1943 1376 ἐστιν

356 1412 564 1482 ἀγαθὸν
597 1414 729 1465 αὐτὸ
748 1407 907 1467 εἶναι.
932 1415 1087 1465 Δυοῖν
1119 1412 1228 1484 γάρ
1264 1412 1491 1486 θάτερόν
1520 1416 1635 1468 ἐστι
1666 1414 1728 1468 τὸ
1762 1414 1945 1468 τεθνά-

358 1522 474 1562 ναι·
504 1506 538 1577 ἢ
567 1506 677 1577 γάρ
706 1500 814 1559 οἷον
852 1506 1017 1578 μηδέν
1046 1524 1097 1559 τι
1131 1501 1269 1561 εἶναι
1291 1546 1307 1571 ,
1340 1507 1474 1579 μηδὲ
1498 1507 1749 1580 αἴσθησιν
1781 1508 1945 1579 μηδε-

363 1600 497 1672 μίαν
528 1598 755 1671 μηδενὸς
796 1598 940 1670 ἔχειν
966 1598 1058 1652 τὸν
1080 1598 1377 1653 τεθνεῶτα·
1422 1600 1455 1672 ἢ
1489 1600 1632 1655 κατὰ
1684 1600 1753 1654 τὰ
1791 1599 1946 1670 λεγό-

353 1710 516 1764 μενα,
551 1691 819 1763 μεταϐολή
865 1709 951 1755 τις
995 1692 1250 1763 τυγχάνει
1276 1688 1445 1759 οὖσα,
1486 1695 1582 1748 καὶ
1632 1694 1946 1766 μετοίκησις

350 1788 453 1857 τῆς
484 1784 664 1856 ψυχῆς
686 1784 780 1839 τοῦ
806 1784 973 1837 τόπου
1001 1785 1094 1839 τοῦ
1119 1787 1330 1841 ἐνθένδε
1348 1790 1427 1853 εἰς
1443 1788 1602 1843 ἄλλον
1630 1789 1813 1842 τόπον.
1833 1789 1945 1843 Καὶ

350 1881 465 1934 εἴτε
495 1879 558 1951 δὴ
591 1878 831 1951 μηδεμία
859 1880 1108 1950 αἴσθησίς
1126 1882 1294 1947 ἐστιν,
1319 1877 1559 1936 άλλόἷον
1585 1881 1771 1946 ὕπνος,
1797 1884 1944 1935 ἐπει-

351 1973 450 2027 δάν
480 1989 565 2036 τις
603 1970 881 2026 καθεύδων
918 1972 1054 2044 μηδὲ
1091 1973 1225 2045 ὄναρ
1277 1974 1441 2046 μηδὲν
1472 1976 1594 2047 ὁρᾷ,
1645 1974 1944 2046 θαυμάσιον

352 2066 545 2138 κέρδος
572 2063 639 2117 ἂν
666 2063 752 2136 εἴη
780 2067 809 2118 ό
841 2064 1087 2130 θάνατος.
1133 2066 1274 2135 Ἐγὼ
1294 2066 1404 2138 γάρ
1434 2066 1501 2122 ἂν
1520 2063 1695 2138 οἶμαι,
1738 2066 1793 2120 εἶ
1823 2084 1945 2121 τινα

351 2156 716 2228 ἐκλεξάμενον
738 2155 846 2209 δέοι
880 2156 1084 2228 ταύτην
1105 2157 1206 2229 τὴν
1238 2157 1430 2223 νύκτα,
1468 2159 1527 2211 ἐν
1633 2158 1776 2212 οὓτω
1809 2175 1943 2211 κατ-

351 2247 601 2320 έδαρθεν,
626 2247 767 2301 ὥστε
796 2248 963 2320 μηδὲν
990 2247 1125 2321 ὄναρ
1153 2249 1301 2316 ἰδεῖν,
1322 2250 1417 2303 καὶ
1444 2250 1541 2314 τὰς
1558 2249 1723 2314 ἄλλας
1744 2250 1944 2314 νύκτας

353 2358 414 2394 τε
443 2341 536 2395 καὶ
559 2341 775 2413 ἡμέρας
801 2340 899 2405 τὰς
926 2340 1019 2394 τοῦ
1050 2341 1165 2412 βίου
1182 2342 1274 2395 τοῦ
1292 2341 1483 2396 ἑαυτοῦ
1510 2342 1947 2413 ἀντιπαραθέντα

352 2428 529 2503 ταύτῃ
560 2433 627 2502 τῇ
677 2430 875 2495 νυκτὶ,
911 2433 960 2484 εἰ
988 2431 1096 2484 δέοι
1137 2432 1478 2504 σκεψάμενον
1508 2434 1701 2500 εἰπεῖν,
1743 2434 1947 2498 ὁπόσας

352 2521 581 2593 ἄμεινον
626 2522 722 2576 καὶ
752 2522 902 2594 ἣδιον
948 2523 1165 2595 ἡμέρας
1216 2526 1310 2578 καὶ
1360 2525 1561 2591 νύκτας
1610 2526 1813 2598 ταύτης
1842 2526 1943 2598 τῆς

354 2613 552 2678 νυκτὸς
577 2614 839 2685 βεϐίωκεν
865 2616 922 2667 ὲν
939 2613 1019 2686 τῷ
1043 2616 1236 2669 ἑαυτοῦ
1260 2616 1379 2688 βίῳ,
1415 2613 1567 2689 οἶμαι
1591 2617 1656 2671 ἂν
1677 2618 1777 2672 οὐκ
1806 2616 1949 2670 ἰδιώ-

353 2721 460 2777 την
490 2706 633 2774 τινὰ,
668 2707 803 2761 ἀλλὰ
833 2709 925 2763 τὸν
956 2709 1129 2781 μέγαν
1164 2710 1387 2781 βασιλέα
1413 2709 1510 2781 (6),
1546 2710 1948 2783 εὐαριθμήτους

354 2797 428 2853 ἂν
455 2801 636 2871 εὑρεῖν
664 2801 830 2856 αὐτὸν
847 2803 1050 2867 ταύτας
1082 2803 1219 2875 πρὸς
1244 2803 1342 2869 τὰς
1359 2804 1523 2869 ἄλλας
1539 2806 1750 2878 ἡμέρας
1778 2823 1837 2858 τε
1856 2807 1948 2859 καὶ

356 2891 582 2958 νύκτας.
604 2895 667 2948 Εἰ
696 2890 792 2949 οὖν
822 2895 1062 2949 τοιοῦτον
1097 2898 1126 2949 ό
1145 2895 1373 2961 θάνατός
1390 2899 1529 2962 ἐστι,
1553 2897 1741 2969 κέρδος
1770 2897 1946 2967 ἔγωγε

356 2984 525 3053 λέγω·
556 2987 649 3040 καὶ
694 2987 803 3060 γὰρ
835 2988 990 3042 οὐδὲν
1039 2988 1223 3042 πλεῖον
1255 2990 1285 3041 ὁ
1317 2991 1426 3054 πᾶς
1458 2991 1648 3060 χρόνος
1698 2991 1946 3060 φαίνεται

354 3076 504 3131 οὕτω
539 3077 603 3148 δὴ
652 3074 793 3132 εἶναι
831 3078 864 3150 ἢ
905 3080 1003 3151 μία
1045 3081 1159 3146 νύξ.
1198 3083 1260 3135 Ei
1284 3082 1329 3135 δ’
1365 3079 1433 3135 αὖ
1462 3077 1571 3135 οἷον
1597 3082 1946 3153 ἀποδημῆσαί

2040 617 2105 657 ea
2133 618 2256 672 quae
2290 604 2433 659 bona
2479 605 2589 660 sint
2616 620 2788 661 necne
2832 607 3023 662 dubito
3048 648 3065 674 ,
3095 616 3332 661 metuam
3390 606 3624 678 fugiam-

2040 709 2146 762 qne
2167 695 2545 752 vehementius
2571 736 2587 762 ,
2637 712 2801 766 quam
2827 713 2891 751 ea
2937 699 3115 763 mala,
3151 714 3273 768 quae
3304 714 3428 754 vere
3482 698 3624 751 mala

2039 800 2162 842 esse
2200 787 2346 842 novi.
2380 786 2746 854 Quamobrem
2768 831 2784 857 ,
2814 805 2883 845 ne
2919 792 2963 845 si
2997 806 3082 844 me
3104 791 3325 860 quidem
3352 806 3498 845 nunc
3526 789 3620 845 ab-

2042 880 2324 934 solveretis
2355 881 2469 949 (illa
2501 882 2664 951 Anyti
2698 882 2947 936 oratione
2972 884 3169 951 reiecta
3192 923 3210 949 ,
3251 898 3375 937 cum
3403 890 3619 952 negaret

2042 980 2138 1025 aut
2167 987 2253 1026 me
2284 973 2337 1025 in
2360 974 2452 1041 jus
2487 978 2713 1029 omnino
2749 975 3054 1029 vocandum
3106 975 3310 1040 fuisse,
3359 984 3453 1028 aut
3485 989 3619 1043 quo-

2042 1065 2188 1120 niam
2223 1076 2449 1122 vocatus
2494 1083 2649 1131 sum,
2706 1067 2790 1122 fas
2837 1068 2951 1137 jam
2985 1083 3105 1123 esse
3146 1068 3335 1128 vobis,
3367 1083 3454 1122 me
3511 1082 3625 1123 non

2042 1170 2219 1214 morte
2246 1159 2509 1214 damnare
2539 1178 2551 1214 :
2594 1161 2793 1231 quippe
2843 1162 2936 1229 qui
2980 1160 3221 1214 futurum
3257 1160 3494 1225 diteret,
3528 1168 3625 1229 ut,

2043 1251 2091 1307 si
2124 1252 2410 1307 absolutus
2430 1268 2608 1308 essem
2629 1295 2645 1319 ,
2672 1253 2839 1308 vestri
2865 1252 3123 1321 deinceps
3150 1252 3330 1318 liberi,
3361 1268 3392 1306 e
3420 1247 3624 1307 Socra-

2044 1344 2117 1399 tis
2142 1345 2430 1415 disciplina
2468 1346 2751 1413 viventes,
2800 1361 2994 1400 omnes
3038 1345 3265 1399 omnino
3304 1358 3627 1414 comtmpe-

2045 1437 2287 1504 rentur),
2322 1437 2367 1491 si
2402 1453 2490 1490 me
2511 1475 2526 1501 ,
2555 1436 2814 1505 inquam,
2858 1436 2958 1489 hac
2977 1435 3097 1503 ejus
3125 1436 3309 1488 audita
3339 1435 3587 1489 oratione
3606 1472 3623 1498 ,

2045 1527 2193 1583 hunc
2224 1528 2278 1581 in
2312 1530 2534 1582 modum
2576 1528 2977 1597 contpellaretis
2998 1542 3016 1580 :
3039 1525 3196 1581 Nunc
3242 1526 3459 1596 quidem
3479 1567 3495 1594 ,
3526 1524 3629 1580 So-

2046 1631 2259 1687 crates,
2292 1624 2466 1678 misso
2503 1622 2722 1677 interim
2770 1621 2983 1693 Anyto,
3015 1630 3068 1676 te
3103 1621 3477 1684 absolvimus.
3529 1618 3626 1676 sed

2046 1732 2108 1772 ea
2139 1718 2284 1788 lege,
2313 1726 2374 1771 ut
2393 1726 2566 1771 totum
2603 1718 2746 1771 istuc
2801 1715 2854 1768 in
2900 1723 3178 1784 posterum
3222 1711 3531 1783 inquirendi
3561 1726 3629 1766 ac

2047 1808 2467 1880 philosophandi
2510 1824 2684 1880 genus
2707 1808 2965 1874 omittas;
3009 1821 3135 1860 nam
3173 1805 3220 1862 si
3260 1814 3313 1860 te
3358 1804 3540 1859 adhuc
3572 1803 3629 1858 id

2048 1906 2277 1961 actitare
2298 1903 2608 1961 constiterit
2632 1940 2648 1967 ,
2675 1903 2928 1956 moriere.
2983 1899 3097 1956 Bac
3133 1901 3180 1956 si
3227 1916 3315 1956 me
3339 1939 3356 1965 ,
3404 1900 3481 1954 uti
3509 1898 3627 1969 jam

2046 1998 2299 2053 dicebam
2321 2038 2337 2063 ,
2362 1995 2677 2053 conditione
2703 1995 3015 2049 absolutum
3047 1994 3257 2049 velletis
3275 2001 3517 2063 ,.contra
3547 1991 3629 2046 sic

2046 2087 2476 2157 responderem.
2512 2086 2623 2141 Vos
2679 2085 2973 2154 equidem,
3030 2084 3423 2149 Athenienses,
3470 2097 3630 2137 com-

2046 2177 2257 2247 plector
2285 2192 2351 2232 ac
2377 2176 2543 2247 diligo
2568 2215 2584 2241 ,
2620 2174 2716 2231 sed
2752 2183 2933 2229 tamen
2966 2173 3077 2229 Deo
3100 2175 3285 2244 patius
3324 2189 3491 2245 quam
3527 2173 3631 2227 bo-

2046 2270 2290 2325 minibus
2319 2270 2712 2339 obtemperabo
2736 2310 2752 2336 ,
2791 2284 2892 2324 nec
2939 2268 3069 2323 dum
3119 2270 3330 2337 spirare
3370 2268 3627 2338 quidem,

2046 2363 2207 2434 eique
2232 2366 2313 2417 rel
2334 2377 2530 2416 vacare
2557 2372 2768 2432 potero,
2799 2360 3171 2431 philosophari
3200 2360 3470 2423 desinam,
3500 2373 3632 2414 vos-

2047 2473 2156 2529 que
2180 2455 2492 2521 cohortari,
2518 2465 2575 2511 et
2603 2456 2657 2509 in
2684 2470 3069 2527 quemcunque
3088 2462 3332 2509 vestrum
3357 2452 3627 2516 incidero,

2047 2567 2174 2609 eum
2192 2567 2346 2607 more
2377 2565 2501 2605 meo
2530 2550 2699 2605 libere
2730 2566 2795 2605 ac
2826 2550 3054 2605 ﬁdenter
3081 2547 3397 2603 admonere.
3429 2565 3450 2599 ι
3488 2543 3628 2599 Tum

2046 2645 2241 2716 paucis
2299 2643 2508 2713 aliquot
2559 2642 2887 2713 interiectis,
2937 2661 2956 2693 ι
2986 2641 3162 2708 Quam
3210 2655 3407 2710 magna
3462 2652 3632 2709 porro

2048 2752 2204 2806 spes,
2245 2735 2460 2805 inquit,
2494 2743 2678 2790 tenere
2716 2750 2818 2789 nos
2856 2733 3083 2797 debeat,
3118 2733 3246 2786 boni
3289 2730 3492 2801 aliquid
3526 2730 3632 2784 hoc

2049 2828 2231 2899 ipsum
2260 2843 2416 2895 esse,
2447 2828 2521 2882 ita
2564 2841 2786 2897 quoque
2824 2824 3240 2879 ratiocinemur.
3275 2820 3510 2876 Necesse
3546 2829 3632 2876 est

2047 2922 2192 2977 enim
2217 2920 2354 2973 mori
2378 2918 2450 2973 sit
2478 2918 2709 2973 alterum
2736 2917 2804 2971 de
2832 2914 3071 2977 duobus,
3096 2922 3155 2968 ut
3186 2922 3280 2967 aut
3311 2911 3366 2965 in
3396 2909 3628 2965 nihilum

2049 3021 2303 3068 mortuus
2341 3010 2602 3076 intereat,
2638 3023 2703 3063 ac
2750 3021 2945 3062 sensus
2982 3006 3210 3060 omnino
3246 3017 3397 3058 mors
3438 3016 3631 3057 omnes

2050 3104 2302 3171 auferat;
2332 3111 2428 3158 aut
2480 3104 2535 3157 in
2566 3102 2732 3156 alium
2765 3099 3054 3170 quemdam
3107 3097 3286 3151 locum
3307 3136 3321 3159 ,
3355 3103 3416 3149 ut
3465 3094 3630 3163 vulgo

354 3171 512 3223 ἐστιν
544 3169 575 3221 ὁ
614 3169 845 3235 θάνατος
872 3172 1084 3226 ἐνθένδε
1115 3176 1196 3237 εἰς
1232 3173 1391 3229 ἄλλον
1426 3173 1609 3238 τόπον,
1639 3179 1733 3227 καὶ
1769 3172 1945 3244 ἀληθῆ

2052 3169 2347 3259 dictitant,
2371 3208 2437 3248 ex
2473 3191 2561 3247 his
2592 3191 2726 3247 locis
2749 3169 2923 3243 morte
2952 3190 3235 3257 migretur.
3263 3185 3632 3252 Quamobrem

355 3264 478 3316 ἐστι
497 3261 566 3316 τὰ
589 3262 856 3333 λεγόμενα
876 3304 891 3328 ,
920 3264 996 3329 ὡς
1022 3265 1132 3336 ἄρα
1164 3267 1283 3319 ἐκεῖ
1305 3268 1443 3319 εἰσιν
1473 3264 1713 3329 ἅπαντες
1739 3266 1789 3318 οί
1829 3264 1949 3319 τεθ-

356 3355 582 3420 νεῶτες·
606 3356 663 3411 τί
693 3356 877 3429 μεῖζον
905 3359 1113 3428 ἀγαθὸν
1144 3359 1334 3414 τούτου
1349 3360 1437 3430 εἴη
1465 3359 1551 3424 ἂν,
1576 3352 1623 3412 ὦ
1651 3358 1843 3431 ἄνδρες
1866 3358 1950 3412 δι-

356 3449 561 3504 διασταί
586 3466 602 3516 ;
632 3450 807 3521 εῑγάρ
844 3467 961 3517 τις,
992 3451 1324 3523 ἀφικόμενος
1340 3453 1421 3515 είς
1449 3450 1951 3523 memmium;

366 3541 570 3596 τούτων
598 3542 708 3598 τῶν
740 3543 1059 3612 φασκόντων
1081 3542 1349 3599 δικαστῶν
1379 3539 1542 3612 εἶναι,
1564 3544 1787 3616 εὑρήσει
1825 3544 1952 3607 τοὺς

368 3636 440 3701 εις
464 3635 680 3708 ἀληθῶς
719 3634 1000 3702 δικαστάς,
1034 3636 1193 3707 οἵπερ
1222 3637 1316 3691 καὶ
1365 3636 1615 3707 λέγονται
1647 3638 1765 3690 ἐκεῖ
1808 3634 1956 3691 δικά-

368 3732 499 3795 ζειν,
526 3729 715 3792 Μίνως
767 3744 853 3793 τε,
885 3729 980 3782 καὶ
1029 3728 1434 3799 Ῥαδάμανθυς,
1466 3728 1564 3783 καὶ
1603 3728 1829 3795 Αἰακὸς,
1859 3726 1955 3782 καὶ

373 3820 763 3894 Τριπτόλεμος,
795 3821 892 3876 καὶ
914 3819 1065 3876 ἄλλοι
1079 3823 1196 3875 ὅσοι
1224 3820 1587 3893 τῶνὴμιθέων
1611 3821 1810 3875 δίκαιοι
1842 3820 1957 3890 ἐγέ-

369 3930 520 3968 νοντο
550 3914 610 3967 ὲν
641 3912 720 3984 τῷ
742 3911 949 3967 ἑαυτῶν
977 3912 1100 3984 βίῳ,
1133 3909 1245 3985 ἆρα
1272 3912 1450 3986 φαύλη
1474 3912 1541 3967 ἂν
1574 3912 1661 3985 εἴη
1686 3915 1719 3984 ἡ
1750 3913 1957 3984 ἀποδη-

367 4007 507 4079 μίας
559 4007 596 4079 ἢ
657 4002 725 4062 αὖ
768 4007 956 4079 Ὀρφεῖ
993 4005 1351 4075 ξυγγενέσθαι
1395 4007 1490 4060 καὶ
1533 4006 1814 4078 Μουσαίῳ,
1861 4007 1957 4061 καὶ

376 4103 611 4175 Ἡσιόδῳ
633 4142 650 4169 ,
682 4103 778 4158 καὶ
823 4102 1079 4174 Ὁμήρῳ,
1111 4101 1206 4154 ἐπὶ
1248 4101 1400 4171 πόσῳ
1426 4100 1494 4155 ἂν
1528 4117 1615 4164 τις
1665 4099 1863 4166 δέξαιτ’
1890 4101 1959 4156 ἂν

366 4195 558 4268 ὖμῶν,
597 4193 741 4264 Ἐγὼ
773 4195 871 4267 μὲν
900 4194 1010 4265 γὰρ
1044 4194 1138 4247 καὶ
1171 4191 1433 4256 πολλάκις
1472 4191 1641 4246 ἐθέλω
1675 4191 1957 4258 τεθνάναι,

367 4288 531 4359 εἴπερ
575 4286 749 4343 ταῦτά
796 4289 945 4342 ἐστιν
990 4286 1190 4358 ἀληθῆ.
1240 4286 1394 4345 ἷΕπεὶ
1448 4285 1638 4357 ἔμοιγε
1671 4287 1767 4340 καὶ¹
1812 4285 1960 4357 αὐτῷ

366 4380 660 4453 θαυμαστὴ
685 4378 751 4433 ἂν
778 4382 864 4453 εἴη
890 4382 923 4451 ἡ
950 4379 1203 4451 διατριϐὴ
1240 4377 1450 4442 αὐτόθι,
1481 4380 1646 4432 ὁπότε
1678 4379 1960 4451 ἐντύχοιμι

369 4472 712 4544 Παλαμήδει,
739 4471 833 4526 καὶ
859 4471 1047 4525 Αἴαντι
1077 4469 1156 4541 τῷ
1175 4468 1501 4541 Τελαμῶνος
1521 4509 1535 4533 ,
1566 4469 1662 4523 καὶ
1694 4469 1844 4534 εἴτις
1874 4469 1961 4524 ἂλ-

2052 3286 2167 3341 sive
2194 3300 2390 3340 sensus
2419 3281 2824 3352 exstinguitur,
2847 3294 3107 3349 morsque
3146 3279 3195 3333 ei
3231 3292 3427 3333 somno
3476 3274 3635 3330 simi-

2050 3377 2121 3431 lis
2148 3385 2232 3431 est
2257 3417 2271 3441 ,
2300 3376 2394 3446 qui
2427 3388 2824 3443 nonnunquam
2855 3371 3020 3425 etiam
3060 3371 3180 3426 sine
3207 3369 3343 3423 visis
3387 3367 3633 3423 somnio-

2051 3484 2207 3534 rum,
2238 3468 2668 3539 placatissimam
2710 3465 2947 3535 quietem
2984 3463 3173 3525 ali‘ert,
3207 3462 3279 3517 dii
3312 3460 3472 3525 boni,
3500 3459 3634 3531 quid

2052 3560 2193 3616 lucri
2216 3568 2302 3615 est
2322 3557 2825 3627 emori?Equidem
2862 3556 2944 3611 sic
2978 3554 3268 3618 existimo,
3306 3553 3355 3609 si
3393 3552 3483 3607 cui
3511 3560 3636 3607 tan-

2054 3669 2220 3726 quam
2258 3653 2461 3708 eximia
2511 3650 2822 3721 seponenda
2894 3663 3003 3703 nox
3058 3647 3149 3702 illa
3227 3645 3425 3711 fuerit,
3467 3659 3634 3715 quam

2056 3747 2175 3803 sine
2202 3745 2458 3800 molestia
2488 3742 2829 3799 somniorum
2858 3740 2969 3795 ulla
2996 3738 3330 3800 traduxerit,
3361 3737 3487 3791 licet
3507 3750 3634 3791 cum

2055 3851 2120 3893 ea
2155 3836 2274 3892 dies
2303 3835 2429 3889 vitae
2454 3842 2754 3902 noctesque
2787 3833 3073 3886 universas
3089 3827 3443 3895 conferendo,
3465 3841 3632 3898 quam

2007 3990 2011 3995 ,
2056 3930 2258 3986 multas
2289 3937 2405 3984 toto
2434 3927 2530 3983 illo
2568 3926 2744 3997 spatio
2767 3922 3067 3995 jucundius
3091 3937 3156 3977 ac
3188 3921 3413 3977 suavius
3440 3920 3634 3991 egerit.

2058 4020 2311 4093 aperiat,
2341 4020 2443 4075 has
2463 4058 2479 4083 ,
2505 4017 2576 4073 ab
2603 4032 2671 4072 eo
2707 4014 2928 4086 quidem
2948 4053 2964 4080 ,
2994 4023 3059 4069 ut
3094 4028 3193 4068 rex
3220 4011 3639 4083 potentissimus

2059 4112 2271 4181 fuerit,
2309 4113 2510 4167 nedum
2540 4117 2603 4165 ut
2627 4109 2877 4180 privatus
2904 4107 3202 4177 quispiam,
3250 4120 3361 4176 prae
3398 4104 3632 4158 aliarum

2060 4201 2410 4258 multitudine
2430 4243 2446 4268 ,
2472 4200 2633 4256 facile
2664 4198 2960 4254 admodum
2993 4205 3343 4251 numeratum
3367 4192 3637 4265 H.362

2059 4295 2249 4366 itaque
2273 4295 2322 4351 si
2376 4309 2527 4349 mors
2560 4290 2833 4361 ejusmodi
2881 4288 3085 4358 aliquid
3129 4296 3248 4352 est,
3298 4294 3529 4343 mortem
3582 4286 3637 4338 in

2059 4390 2217 4444 lucro
2249 4399 2397 4457 pono
2431 4403 2447 4439 :
2478 4400 2604 4439 cum
2635 4383 2686 4439 ei
2721 4381 2866 4437 nocti
2894 4379 3092 4435 similis
3131 4378 3314 4460 futura
3345 4378 3418 4432 sit
3447 4391 3643 4448 perpe-
3731 4366 3736 4369 ⁷

2061 4479 2231 4535 tuitas
2256 4475 2436 4531 omnis
2453 4474 2844 4545 conseQuentis
2871 4472 3156 4542 temporis.
3185 4470 3281 4525 Sin
3320 4471 3502 4541 aliqua
3524 4468 3640 4524 vel-

370 4577 467 4631 λος
497 4564 606 4619 τῶν
627 4562 874 4618 παλαιῶν
905 4562 994 4616 διὰ
1025 4562 1208 4634 κρίσιν
1233 4561 1415 4615 ἄδικον
1446 4560 1706 4632 τέθνηκεν
1733 4560 1810 4632 (1)
1831 4578 1844 4592 ·
1869 4561 1951 4614 ἀν·

2065 4568 2145 4624 uti
2175 4565 2431 4638 migratio
2465 4574 2550 4621 est
2600 4565 2654 4619 in
2701 4565 2837 4621 alias
2891 4564 3157 4634 quasdam
3205 4578 3366 4627 oras,
3405 4575 3646 4632 veraque

370 4656 834 4729 τιπαραϐάλλοντι
870 4656 939 4710 τά
967 4654 1204 4726 ἐμαυτοῦ
1244 4654 1416 4725 πάθη,
1448 4652 1586 4724 πρὸς
1612 4654 1680 4706 τὰ
1713 4652 1958 4720 ἐκείνων,

370 4751 452 4815 ὡς
473 4744 708 4821 ἐγῷμαι,
748 4749 850 4803 οὐκ
878 4747 944 4802 ἂν
978 4747 1144 4819 ἀηδὲς
1174 4747 1280 4819 εἴη.
1315 4746 1425 4799 Kal.
1453 4746 1517 4817 δὴ
1549 4747 1643 4799 καὶ
1685 4745 1747 4798 τὸ
1803 4744 1962 4815 μέγι-

376 4860 527 4908 στον,
554 4844 681 4907 τοὺς
700 4844 816 4896 ἐκεῖ
826 4841 1147 4909 ἐξετάζοντα
1177 4826 1270 4895 καὶ
1287 4839 1612 4911 ἐρευνῶντα,
1630 4837 1818 4909 ὥσπερ
1837 4838 1965 4900 τοὺς

376 4933 613 4989 ἐνταῦθα
631 4975 646 4999 ,
676 4934 919 5003 διάγειν,
952 4934 1035 4997 τίς
1067 4933 1248 4986 αὐτῶν
1270 4932 1431 5001 σοφός
1454 4933 1599 4993 ἐστι,
1630 4929 1725 4982 καὶ⁵
1753 4928 1835 4992 τίς
1857 4927 1965 4981 οἴε-

374 5043 471 5081 ται
492 5026 589 5097 μὶν
619 5027 735 5080 ἐστι
760 5027 805 5080 δ’
830 5024 915 5080 οὗ.
954 5044 973 5077 ι
1003 5025 1114 5078 Καὶ
1140 5027 1270 5096 παρ’
1304 5025 1457 5095 ἡμῖν,
1487 5041 1508 5074 ι
1545 5020 1868 5092 Πειθαρχεῖν
1887 5019 1968 5073 δεῖ

376 5122 501 5193 Θεῷ
536 5120 802 5192 μᾶλλον--ῆ
832 5117 1160 5191 ἀνθρώποις,
1192 5136 1213 5170 ι
1250 5118 1486 5188 εἴρηται·
1527 5114 1654 5177 καὶ,
1696 5133 1714 5165 ι
1745 5112 1839 5183 Μὴ
1872 5130 1969 5182 φο-

378 5217 563 5273 ϐεῖσθε
582 5215 690 5271 άπὸ
712 5214 818 5269 τῶν
838 5213 1266 5269 ἀποκτεινόντων
1297 5211 1359 5265 τὺ
1384 5209 1565 5281 σῶμα,
1593 5208 1694 5280 τὴν
1713 5207 1771 5261 δὲ
1789 5207 1967 5279 ψυχὴν

457 5349 534 5414 (5)
569 5347 732 5404 Forte
764 5365 851 5414 γε,

556 5365 1115 5489 ἓιῗῖἷιῗεῖῖβραχέᾳ.
1148 5413 1262 5469 lmo
1291 5415 1425 5469 satis
1449 5413 1649 5477 multa;
1685 5411 1967 5482 sequentia

382 5487 533 5576 enini
566 5490 853 5576 (trahentur.
868 5503 1004 5576 pag;
1025 5487 1151 5576 3538.

459 5559 535 5627 (5)
574 5560 668 5625 Ὡς
694 5551 897 5622 πολλὴ
935 5551 1131 5621 ἐλπίς.
1165 5554 1358 5627 Cicero
1390 5554 1606 5627 Tuscul.
1645 5569 1684 5615 ι,
1718 5560 1852 5607 sect.
1870 5551 1967 5627 97,

384 5621 567 5687 locum
600 5621 747 5683 hunc
780 5621 1046 5683 convertit
1070 5626 1313 5693 quidem,
1340 5625 1434 5679 sed
1468 5635 1647 5678 tamen
1686 5638 1830 5691 saepe
1865 5621 1968 5675 So-

385 5710 590 5758 cratem
625 5699 809 5754 mittus
842 5696 983 5751 κατὰ
1011 5696 1178 5758 πόδας
1201 5695 1465 5763 sequitur.
1490 5695 1764 5760 Quantum
1794 5693 1968 5755 licuit,

386 5770 559 5827 divini
607 5768 850 5826 hominis
893 5768 947 5821 in
990 5766 1221 5836 dicendo
1263 5778 1424 5822 voces
1461 5775 1626 5836 atque
1670 5763 1971 5819 sententias

389 5840 626 5898 orationi
660 5845 860 5895 nostrae
890 5835 1244 5893 intexuimus.

2066 4669 2196 4717 sunt
2219 4674 2283 4715 ea
2314 4674 2438 4729 quae
2463 4659 2723 4714 dicuntur
2743 4698 2759 4725 ,
2790 4657 2884 4727 qui
2907 4671 2938 4711 e
2964 4658 3076 4711 vita
3102 4664 3492 4720 excesserunt,
3518 4653 3645 4708 illas

2065 4754 2352 4810 universos
2379 4752 2618 4807 incolere
2660 4769 2674 4805 :
2706 4750 2835 4821 quid
2872 4751 2985 4820 jam
3021 4766 3088 4805 eo
3115 4748 3330 4804 beatius
3379 4755 3503 4813 est,
3555 4746 3646 4816 ju-

2065 4848 2215 4903 dices
2235 4887 2251 4916 ,
2271 4854 2325 4901 te
2350 4860 2476 4900 cum
2500 4844 2569 4899 ab
2595 4844 2662 4900 iis
2679 4881 2696 4908 ,
2719 4843 2813 4912 qui
2839 4857 2898 4898 se
2921 4841 3161 4912 iudicum
3198 4855 3426 4895 numero
3456 4836 3643 4893 haberi

2065 4938 2289 5002 volunt,
2313 4935 2585 5000 evaseris,
2614 4934 2680 4988 ad
2705 4948 2800 4988 eos
2829 4932 3084 4987 devenire
3102 4971 3117 4997 ,
3142 4932 3235 5001 qui
3269 4945 3394 4985 vere
3432 4929 3646 4999 judiccs

2068 5027 2435 5097 appellentur,
2479 5024 2741 5090 Minoem,
2803 5022 3317 5086 Rhadamanthum,
3377 5019 3646 5083 Aiacum,

2069 5117 2484 5188 Triptolemum,
2531 5114 2933 5183 convenireque
2971 5113 3166 5167 heroes
3197 5112 3343 5177 illos,
3378 5111 3471 5180 qui
3502 5111 3652 5180 juste

2066 5219 2124 5267 et
2158 5226 2283 5267 cum
2314 5208 2419 5263 fide
2448 5206 2723 5262 vixerint?
2757 5204 2883 5260 Haec
2917 5204 3284 5275 peregrinatio
3327 5202 3528 5257 vilisne
3553 5214 3652 5253 vos-

2142 5343 2218 5417 (6)
2252 5344 2362 5397 Τὸν
2398 5342 2592 5417 μέγαν
2624 5339 2912 5417 βασιλέα.
2942 5338 3232 5417 Persarum
3255 5352 3463 5417 regem,
3497 5334 3649 5417 Gne-

2067 5406 2260 5471 coru'm
2301 5406 2495 5477 more,
2532 5412 2784 5466 fortassis
2831 5409 3116 5478 intelligit;
3162 5406 3343 5478 malui
3370 5417 3547 5460 tamen
3583 5406 3652 5460 de

2069 5500 2401 5555 quocunque
2434 5476 2698 5551 accipere,
2731 5490 2796 5555 ut_
2817 5480 2978 5534 latius
3011 5476 3219 5555 pateret
3249 5476 3504 5555 _S_ocratis“
3526 5489 3654 5555 ora-

2069 5545 2191 5623 t'io;
2225 5545 2389 5623 quam
2423 5545 2696 5623 hocjoco,
2725 5552 2932 5611 minus,
2956 5545 3185 5623 ut_mihi
3212 5549 3456 5623 videtur,
3477 5545 3650 5623 Iideli-z

2073 5635 2156 5680 ter
2179 5614 2478 5694 reipressit
2521 5614 2755 5694 _Ficinus
2785 5661 2800 5684 ,
2844 5627 2916 5694 ut_
2950 5618 3108 5694 facile
3152 5617 3519 5689 deprehendet
3557 5614 3652 5687 qui

2072 5711 2196 5753 cum
2234 5689 2463 5761 singulis
2489 5692 2700 5761 singula
2735 5689 3047 5747 contulerit.

2147 5765 2223 5838 (7)
2250 5760 2410 5821 Forte
2433 5761 2556 5818 add.
2587 5760 2718 5817 Καί.
