4122 6412
509 343 649 398 1095

1169 333 1441 392 ΙΞΗΞΕΒΙΙ
1465 329 1943 388 CASSANENSIS
1988 327 2140 384 OI’P.
2176 325 2359 384 PARS
2393 323 2458 381 ll.
2489 355 2558 365 —
2596 321 3100 379 APOLOGETICA.

3641 319 3778 376 1.096

506 462 592 518 his
614 471 669 513 et
703 453 1099 513 contemnenda
1127 453 1295 508 videri
1325 454 1544 523 potest?
1586 451 1654 505 Ut
1680 453 1808 505 vero
1838 448 2079 518 colloqui

2203 447 2251 500 γε)
2278 444 2591 516 δυναμένων
2617 444 2955 497 ἀποκτεῖναι.
2986 441 3196 496 Εἰδέναι
3231 457 3311 507 τε,
3338 440 3443 503 ὅτι,
3472 438 3568 495 ἐὰν
3601 439 3636 510 ἠ
3664 439 3779 492 επί-

505 568 636 613 cum
681 551 932 621 Orpheo,
987 546 1226 613 Musaeo,
1282 544 1553 611 Hesiodo,
1604 542 1840 598 Homero
1890 543 2086 604 liceat,

506 644 699 716 quanti
731 642 950 698 tandem
994 639 1313 695 aestimatis?
1344 637 1607 708 Equidem
1646 651 1785 705 sarpe
1808 635 1948 689 mori
1973 634 2087 688 vel-

504 740 609 794 lem
632 780 648 804 ,
678 745 741 792 ut
771 752 836 791 ea
868 750 991 805 qute
1014 734 1138 789 dico
1164 734 1299 787 mihi
1345 732 1534 787 liceret
1565 729 1831 784 invenire.
1873 726 2088 794 Quanta

505 845 672 902 porro
710 829 1070 884 delectatione
1103 828 1343 882 aﬂicerer
1367 869 1380 892 ,
1414 841 1538 880 cum
1567 823 1934 887 Palamedem,
1961 836 2086 876 cum

500 921 727 989 Ajacem
756 921 887 974 olim
918 920 1071 973 illum
1106 916 1420 973 Telamonis
1467 916 1672 981 lilium,
1706 929 1830 969 cum
1876 920 2088 967 veteres

500 1011 643 1065 alios
688 1010 895 1081 judicio
924 1010 1235 1081 iniquorum
1265 1009 1669 1062 circumventos
1720 1014 1884 1073 atque
1932 1003 2087 1057 dam-

2195 557 2343 606 γειος
2371 538 2526 609 ἡμῶν
2558 537 2705 591 οίκία
2728 534 2823 590 τοῦ
2859 536 3088 606 σκήνους
3126 531 3442 604 καταλυθῇ,
3489 532 3782 603 οίκοδομὴν

2195 632 2260 683 ἐκ
2293 629 2427 683 Θεοῦ
2478 629 2697 700 ἔχομεν,
2753 627 2932 681 οἰκίαν
2963 625 3399 696 ἀχειροποίητον,
3458 622 3680 677 αίώνιον
3724 626 3782 677 ἐν

2194 724 2307 786 τοῖς
2370 722 2640 792 οὐρανοῖς·
2666 721 2748 774 ὅτι
2775 736 2835 771 τε
2857 717 3221 789 ἐκδημοῦντες
3247 712 3356 769 ἀπὸ
3374 714 3471 768 τοῦ
3503 715 3778 785 σώματος,

2196 812 2536 885 ὲνδημοῧμεν
2567 811 2646 883 τῷ
2677 810 2891 882 Κυρίῳ’
2931 828 2950 861 ι
2975 809 3034 873 ὃς
3066 809 3160 863 καὶ
3192 810 3326 861 πᾶσι
3359 812 3474 871 τοῖς
3505 808 3587 870 είς
3622 807 3783 861 αὑτὸν

2195 907 2480 979 ήλπικόσιν
2522 904 2878 977 ἐπήγγελται,
2930 904 3011 967 είς
3064 902 3297 965 κόλπους
3347 898 3639 972 Ἀϐραὰμ,
3692 899 3780 952 καὶ

2207 1000 2414 1066 Ἰσαὰκ,
2443 1000 2537 1054 καὶ
2573 996 2767 1053 ’ῐακὼδ
2796 996 3226 1058 ἀναπαύσεσθαι,
3278 994 3418 1065 μετά
3443 1010 3504 1046 τε
3540 991 3651 1046 τῶν
3688 992 3781 1047 ἀλ-

502 1114 661 1157 natos
715 1080 1101 1157 convenirem?
1153 1101 1352 1167 Quidni
1405 1100 1549 1154 enim
1608 1097 1910 1168 jucundum
1958 1094 2091 1148 mihi

2203 1093 2302 1146 λων
2351 1092 2485 1161 παρ’
2526 1088 2802 1160 Ἑϐραίοις
2863 1085 3127 1155 θεοφιλῶν
3194 1083 3490 1157 προφητῶν
3539 1098 3632 1148 τε,
3691 1080 3778 1135 καὶ

506 1193 691 1261 foret,
741 1212 917 1249 meam
965 1209 1089 1249 cum
1135 1210 1325 1249 eorum
1368 1193 1587 1248 casibus
1636 1190 1914 1245 fortunam
1941 1202 2092 1243 com-

2203 1183 2538 1253 5ικαίων,ξὲν
2584 1179 2828 1253 μακαρίᾳ
2892 1178 3005 1250 ζωῇ
3050 1177 3142 1231 τὸν
3186 1177 3397 1249 μακρὸν
3448 1175 3621 1229 αίῶνα
3666 1173 3782 1229 διάο

503 1286 746 1355 ponere?
777 1285 911 1340 Illud
941 1300 1101 1350 vero,
1132 1284 1336 1355 quanti
1373 1282 1487 1337 Iieri
1526 1282 1749 1345 debeat,
1800 1278 1895 1334 eos
1928 1279 2091 1333 etiam
2196 1274 2330 1342 ξειν.

505 1379 599 1449 qui
673 1380 784 1435 illic
849 1390 1172 1443 versentur,
1232 1379 1457 1449 perinde
1515 1386 1577 1431 ut
1626 1378 1719 1445 qui
1755 1378 1855 1431 hac
1900 1377 1955 1430 in
1995 1374 2107 1427 vita
2138 1371 2377 1443 degunt,
2411 1377 2621 1427 tentare
2644 1366 2992 1436 scrutarique
3016 1377 3207 1435 posse;
3256 1363 3382 1433 quis
3418 1376 3487 1417 ex
3526 1362 3782 1419 omnibus

503 1486 632 1525 vere
692 1472 904 1542 sapiat,
950 1472 1075 1541 quis
1131 1481 1344 1527 tantum
1378 1470 1636 1541 opinione
1660 1469 1863 1524 tenus?
1891 1487 1910 1520 ι
1939 1465 2067 1521 llaec
2097 1464 2206 1519 ille.
2234 1463 2448 1530 Quibus
2480 1471 2669 1519 nostra
2700 1464 2815 1517 btec
2846 1460 3084 1532 gemina,
3121 1456 3393 1512 «Obedire
3423 1464 3641 1527 oportet
3674 1456 3783 1514 Deo

502 1566 713 1635 magis,
744 1581 909 1635 quam
967 1564 1282 1620 hominibus
1326 1564 1389 1617 ⁸⁸.
1419 1563 1601 1618 Nolite
1674 1563 1865 1617 timere
1923 1576 2052 1627 eos,
2091 1561 2186 1632 qui
2222 1558 2483 1616 occidunt
2526 1571 2759 1627 corpus,
2794 1556 3032 1611 animam
3059 1561 3241 1608 autem
3281 1566 3390 1606 non
3427 1561 3663 1621 possunt
3689 1568 3781 1608 oc-

504 1659 772 1714 cidere“.
800 1657 956 1712 Scire
993 1658 1179 1720 etiam,
1227 1657 1373 1726 quod
1414 1655 1461 1711 si
1518 1657 1797 1711 terrestris
1836 1654 2033 1710 domus
2094 1661 2280 1709 nostra
2314 1651 2480 1722 hujus
2539 1648 2897 1705 habitationis
2956 1647 3318 1713 dissolvatur,
3367 1644 3782 1702 aediﬁcationem

503 1766 571 1806 ex
623 1748 735 1805 Deo
769 1750 1071 1814 habemus,
1118 1750 1342 1804 domum
1395 1762 1507 1803 non
1568 1763 1735 1802 manu
1779 1746 2009 1813 factam,
2063 1756 2323 1801 aeternam
2390 1745 2446 1801 in
2510 1743 2685 1799 caelis.
2720 1739 2788 1796 Et
2828 1740 3239 1812 peregrinantes
3287 1754 3319 1794 a
3359 1755 3624 1811 corpore,
3668 1756 3780 1797 ver

503 1860 692 1899 samur
727 1857 853 1897 cum
892 1841 1126 1897 Domino
1161 1843 1247 1908 “;
1297 1859 1316 1892 ι
1351 1840 1446 1909 qui
1478 1839 1646 1895 etiam
1693 1839 1986 1903 omnibus,
2012 1839 2105 1909 qui
2146 1839 2203 1893 in
2251 1853 2377 1893 eum
2433 1836 2810 1908 speraverint,
2854 1848 3077 1890 suavem
3110 1832 3164 1887 in
3201 1831 3468 1896 Abrahae,
3521 1830 3694 1887 lsaaci
3731 1844 3784 1888 et

504 1937 692 1993 Jacobi
752 1937 880 1991 sinu
917 1935 1195 2005 quietem.
1261 1943 1426 2005 atque
1468 1934 1523 1987 in
1565 1941 1888 1989 cancrorum
1945 1934 2335 2003 prephetarum
2388 1930 2776 2003 justorumque
2820 1928 3143 1997 consortio,
3192 1928 3289 1999 qui
3338 1925 3597 1983 Hebraeos
3645 1926 3782 1983 inter

505 2025 617 2081 Deo
648 2025 799 2080 chari
829 2023 1069 2092 fuerint,
1100 2023 1448 2094 sempiterna:
1471 2023 1596 2079 vitae
1630 2021 1953 2078 felicitatem
1979 2021 2291 2093 pollicetur.

1104 2284 1337 2341 CAPUT
1386 2283 1483 2340 XI.

507 2401 966 2471 Quemadmodum
1002 2417 1183 2455 eorum
1233 2409 1474 2463 mortem,
1519 2404 1635 2471 qui
1655 2398 1820 2471 vitam
1864 2398 2094 2469 gloriose

632 2474 991 2543 profuderint,
1015 2472 1269 2526 celebrari
1301 2468 1562 2541 oporteat.
1589 2468 1673 2522 Ea;
1705 2468 1955 2525 Platone.

573 2584 739 2657 663
766 2583 887 2639 Jam
916 2600 1045 2640 vero
1070 2625 1086 2649 ,
1136 2583 1316 2654 inquit
1362 2581 1549 2647 Plato,
1581 2580 1677 2651 qui
1719 2590 1846 2651 post
1877 2580 2095 2653 egregia

508 2679 729 2735 virtutis
749 2678 998 2749 exempla
1020 2720 1035 2745 ,
1069 2679 1359 2733 honestam
1389 2678 1442 2731 in
1480 2675 1623 2731 bello
1650 2685 1881 2730 mortem
1931 2690 2097 2729 occu-

510 2769 761 2834 buerint,
806 2767 1053 2837 nunquid
1092 2782 1188 2822 eos
1218 2766 1273 2820 in
1318 2765 1512 2836 primis
1551 2780 1617 2820 ex
1668 2779 1837 2820 aureo
1864 2763 1958 2817 illo
2001 2778 2095 2834 ge-

508 2874 638 2914 nere
667 2859 840 2915 fuisse
872 2860 1157 2915 dicemus?
1210 2888 1282 2901 —
1340 2856 1574 2913 Maxime
1628 2872 1781 2913 vero.
1838 2888 1885 2897 —
1953 2850 2094 2910 Num

506 2955 671 3007 etiam
700 2950 998 3008 Hesiodum
1032 2952 1352 3014 audiemus,
1392 2952 1522 3006 dum
1562 2967 1629 3007 ex
1658 2966 1725 3005 eo
1760 2965 1957 3021 genere
2000 2949 2096 3020 qui

507 3046 725 3101 vivendi
753 3045 915 3101 linem
943 3045 1204 3112 fecerint,
1235 3046 1302 3100 de
1328 3044 1437 3100 illis
1463 3046 1537 3100 ita
1561 3043 1917 3114 pronuntiat,

510 3156 645 3212 Sunt
668 3156 767 3211 alii
796 3158 981 3228 heroes
1012 3158 1150 3211 casti
1171 3196 1213 3228 ,ί
1241 3167 1510 3225 terrasque
1547 3157 1879 3228 frequentant
1904 3197 1918 3221 ,

510 3233 680 3299 Atque
707 3228 848 3283 ultro
873 3227 1018 3281 mala
1044 3227 1315 3297 depellunt
1344 3267 1359 3292 ,
1392 3224 1730 3297 hominesque
1754 3224 2011 3280 tuentur?

509 3393 577 3403 —
605 3361 751 3418 Sane
779 3360 1093 3430 audiemus.
1152 3391 1223 3405 —-
1261 3359 1528 3416 Consulto
1583 3360 1772 3430 itaque
1823 3357 2095 3425 Numine,

510 3466 753 3523 quonam
781 3451 977 3506 heroes
1001 3425 1125 3505 illos
1149 3464 1215 3505 ac
1242 3449 1516 3505 semideos
1537 3450 1669 3517 ritu,
1691 3465 1871 3521 quove
1897 3449 2098 3505 discri-

512 3543 661 3601 mine
691 3541 1007 3598 consecrari
1038 3549 1325 3611 oporteat,
1371 3540 1630 3610 religiose
1678 3542 1907 3596 omnino
1939 3542 2098 3611 quid-

2126 2289 2174 2350 Β

2718 2289 3116 2343 ΚΕΦΛΛΑΙΟΝ
3168 2289 3239 2343 1A
3259 2327 3274 2342 .

2199 2402 2392 2468 Ὅπως
2423 2402 2546 2474 δέοι
2564 2400 2761 2474 Ᾱτιμᾷν
2800 2403 2907 2458 τὸν
2948 2403 3209 2459 θάνατον
3242 2402 3363 2458 τῶν
3388 2401 3654 2470 εὐκλεῶς
3678 2419 3787 2474 με·

2301 2472 2736 2539 ταλλαξάντων
2765 2475 2875 2528 τὸν
2904 2475 3069 2540 βίον.
3112 2476 3215 2530 Ἐκ
3246 2474 3355 2530 τοῦ
3378 2472 3724 2541 Πλάτωνοῤ.

2274 2604 2293 2637 t
2330 2585 2452 2639 Τῶν
2470 2584 2526 2639 δὲ
2544 2584 2608 2657 δὴ
2639 2585 2714 2657 (8)
2751 2586 3133 2640 ἀποθανόντων
3161 2586 3254 2640 ἐπὶ
3284 2585 3602 2659 στρατείας,
3626 2585 3690 2651 ὃς
3718 2584 3788 2643 ἂν

2198 2674 2906 2748 εὐδοκιμήσαςὶτελευτήσῃ,
2938 2671 3026 2748 ἆρ’
3055 2677 3115 2729 οὐ
3151 2675 3370 2748 πρῶτον
3399 2676 3497 2748 μὲν
3541 2678 3787 2748 φήσομεν

2197 2764 2292 2819 τοῦ
2321 2765 2525 2838 χρυσοῦ
2572 2766 2760 2830 γένους
2789 2762 2958 2832 εἷναι;
2987 2768 3103 2820 Πᾶν
3136 2784 3201 2836 γε
3240 2768 3497 2839 μάλιστα.
3541 2767 3683 2822 Ἀλλ’
3723 2770 3785 2823 οὗ

2200 2859 2503 2929 πεισόμεθα
2539 2859 2788 2924 Ἡσιόδῳ,
2833 2859 3053 2913 ἐπειδάν
3096 2876 3242 2924 τινες
3283 2860 3379 2915 τοῦ
3415 2861 3659 2916 τοιούτου
3691 2861 3786 2931 γέ·-

2201 2966 2326 3015 νους
2351 2949 2773 3022 τελευτήσωσιν,
2803 2953 2879 3016 ὡς
2905 2952 3040 3025 ἄρα,

2204 3152 2270 3223 ot
2287 3148 2443 3223 μὲν,Δ
2457 3150 2737 3223 δαίμονες
2763 3152 2933 3222 ἁγνοὶ
2956 3153 3053 3208 ἐπι
3059 3154 3285 3223 χθόνιοι.
3306 3155 3682 3221 τελέθουσιν,

2214 3221 2475 3310 Ἐονιῑίλοὶ,⁸
2487 3221 2858 3288 ἀλεξίκακοι,
2875 3221 3143 3294 φύλακες
3153 3227 3431 3295 μερόπων
3439 3226 3789 3296 ἀνθρώπων;

2203 3356 2514 3428 Πεισόμεθα
2541 3357 2640 3429 μὲν
2667 3352 2781 3414 οὖν.
2806 3358 3202 3430 Διαπυθόμενοι
3228 3361 3337 3433 ἄρα
3361 3360 3458 3415 τοῦ
3483 3362 3642 3426 Θεοῦ.
3670 3363 3791 3427 πῶς

2203 3448 2307 3520 χρὴ
2334 3450 2463 3513 τοὺς
2500 3448 2809 3520 δαιμονίους
2843 3467 2905 3504 τε
2936 3452 3032 3505 καὶ
3073 3451 3251 3517 θείους
3285 3453 3514 3519 τιθέναι,
3562 3454 3659 3509 καὶ
3684 3454 3790 3508 τίνι

2204 3540 2468 3613 διαφόρῳ,
2500 3541 2644 3596 οὕτω
2693 3542 2786 3596 καὶ
2830 3543 3004 3616 ταύτῃ
3037 3544 3296 3617 θήσομεν,
3409 3546 3477 3601 ἂν
3505 3547 3788 3618 ἐξηγῆται.

513 3636 646 3708 quid
679 3634 1059 3705 responderit,
1087 3632 1528 3690 observabimus.
1572 3662 1641 3678 ην-
1683 3633 1975 3690 Enimvero
2016 3633 2097 3689 fa-

2203 3632 2268 3686 Τί
2299 3634 2345 3686 δ’
2388 3635 2449 3686 ού
2498 3633 2799 3707 μέλλομεν;
2830 3636 2941 3691 Καὶ
2988 3638 3082 3691 τὸν
3125 3637 3311 3693 λοιπὸν
3347 3638 3412 3708 δὴ
3458 3638 3672 3711 χρόνον,
3714 3639 3791 3703 ὡς

513 3728 772 3785 ciendum
804 3728 860 3783 id
894 3727 1020 3782 erit.
1064 3756 1137 3767 —
1189 3725 1329 3781 Tum
1361 3725 1487 3782 illos
1535 3727 1792 3797 deinceps
1837 3736 2098 3797 tanquam

516 3822 713 3877 heroas
746 3818 1161 3896 venerabimur,
1195 3834 1501 3889 eorumque
1534 3818 1786 3889 sepulcra
1824 3820 2101 3876 sanctiore

515 3913 668 3968 cultu
701 3926 1123 3983 prosequemur.
1176 3910 1379 3967 Eadem
1414 3927 1578 3983 porro
1626 3911 1958 3976 statuimus,
2005 3912 2101 3968 ubi

516 4007 642 4075 quis
669 4013 796 4076 post
815 4005 984 4060 vitam
1010 4020 1137 4061 cum
1168 4005 1486 4062 excellentis
1512 4005 1802 4076 probitatis
1839 4005 2102 4076 opinione

516 4098 855 4163 traductam,
890 4113 1208 4167 supremum
1271 4106 1365 4153 aut
1402 4098 1589 4163 senio,
1624 4105 1719 4153 aut
1766 4098 1873 4152 alio
1904 4099 2101 4169 quovis

518 4192 682 4246 modo
731 4192 875 4247 diem
911 4191 1127 4247 obierit.
1168 4210 1187 4245 ι
1238 4188 1365 4247 Haec
1398 4189 1569 4247 Plato.
1604 4189 1737 4257 Quae
1788 4192 2008 4262 quidem
2044 4193 2100 4247 in

522 4285 805 4340 hominum
842 4287 950 4340 Deo
984 4284 1439 4340 charissimorum
1479 4283 1664 4341 obitus
1696 4285 1915 4356 egregie
1966 4301 2101 4340 con-

435 4378 449 4391 '
518 4376 778 4443 veniunt,
809 4392 952 4447 quos
981 4391 1124 4431 vera:
1143 4376 1363 4446 pietatis
1392 4376 1594 4432 milites
1630 4375 1756 4444 jure
1785 4375 2097 4445 appellaris.

517 4462 655 4518 Nam
678 4474 732 4518 et
757 4477 947 4517 eorum
978 4463 1231 4533 sepulcra
1260 4462 1538 4518 celebrare
1558 4502 1575 4529 ,
1602 4470 1658 4517 et
1687 4477 1877 4533 preces
1902 4461 1975 4517 ibi
2001 4477 2098 4517 vo-

520 4565 684 4625 taque
707 4568 1050 4624 nuncupare,
1089 4562 1143 4608 et
1183 4553 1373 4610 beatas
1413 4554 1631 4609 illorum
1676 4555 1891 4611 animas
1939 4569 2102 4611 vene-

520 4644 630 4699 rari
661 4644 1079 4709 consuevimus,
1113 4643 1278 4715 idque
1325 4659 1357 4699 a
1398 4645 1560 4700 nobis
1603 4648 1804 4701 merito
1825 4646 1944 4701 fieri
1986 4656 2101 4703 sta-

520 4736 749 4791 tuimus.
780 4736 961 4807 Atque
988 4751 1055 4791 ex
1106 4734 1354 4793 Platonis
1410 4738 1672 4807 operibus
1720 4741 1835 4794 haec
1876 4755 1907 4795 a
1945 4740 2101 4796 nobis

518 4828 720 4884 sélecta
746 4836 876 4884 sunt
910 4847 924 4884 :
956 4830 1112 4899 plura
1150 4829 1433 4885 studiosus
1488 4830 1756 4900 quilibet,
1811 4846 1913 4888 nec
1956 4832 2098 4902 apud

518 4919 696 4990 ipsum
733 4919 932 4984 modo,
968 4919 1064 4975 sed
1093 4918 1259 4974 etiam
1296 4918 1554 4975 fortassis
1587 4920 1733 4991 apud
1770 4921 1944 4989 alios,
1973 4938 2097 4977 cum

2205 3726 2465 3797 δαίμονας
2526 3728 2840 3795 γεγονότας,
2890 3728 3035 3783 οὕτω
3091 3729 3501 3803 θεραπεύσομέν
3553 3748 3636 3796 τε,
3692 3732 3792 3787 καὶ

2207 3818 2660 3891 προσκυνήσομεν
2694 3818 2873 3873 αὐτῶν
2897 3821 2994 3884 τὰς
3025 3820 3222 3892 θήκας.
3252 3821 3335 3875 Τὰ
3371 3822 3511 3875 αὐτὰ
3533 3822 3591 3876 δὲ
3616 3821 3792 3877 ταῦτα

2208 3906 2524 3978 νομιοῦμεν,
2557 3910 2685 3963 ὅταν
2729 3910 2814 3973 τὶς
2852 3912 3002 3983 γήρᾳ
3029 3911 3064 3981 ή
3090 3928 3196 3966 τινι
3224 3911 3369 3984 ἄλλῳ
3391 3914 3581 3985 τρόπῳ
3606 3912 3791 3968 τελευ-

2206 4002 2347 4072 τήσῃ
2375 4000 2483 4054 τῶν
2508 4002 2622 4054 ὅσοι
2647 4000 2714 4056 ἂν
2743 4002 3109 4075 διαφερόντως
3130 4005 3190 4057 ὲν
3212 4003 3293 4075 τῷ
3326 4003 3426 4075 βίῳ
3447 4004 3644 4073 ἁγαθοὶ
3671 4021 3792 4075 κρι-

2208 4091 2361 4148 θῶσι.
2396 4111 2417 4146 ι
2446 4094 2557 4147 Καὶ
2582 4094 2758 4149 ταῦτα
2783 4093 2839 4147 δὲ
2881 4095 3111 4166 ἁρμόζει
3138 4096 3233 4149 ὲπὶ
3276 4099 3342 4168 τῇ
3378 4095 3489 4151 τῶν
3526 4095 3791 4166 θεοφιλῶν

2205 4185 2453 4258 τελευτῇ,
2487 4187 2582 4251 οὒς
2612 4188 2952 4259 στρατιώτας
2976 4189 3077 4259 τῆς
3111 4188 3346 4259 ἀληθοῦς
3379 4190 3667 4255 εὐσεϐείας
3691 4191 3791 4244 οὐκ

2208 4278 2276 4333 ἂν
2314 4279 2582 4353 ἁμάρτοις
2633 4279 2824 4347 εἰπὼν,
2857 4282 3422 4353 ξπαραλαμόάνεσθαι.
3481 4283 3646 4337 Ὅθεν
3696 4284 3792 4338 καὶ

2208 4371 2302 4424 ἐπὶ
2330 4371 2429 4434 τὰς
2475 4371 2651 4442 θήκας
2680 4373 2862 4427 αὐτῶν
2903 4373 3025 4438 ἔθος
3059 4375 3193 4446 ήμῖν
3232 4376 3512 4448 παριέναι,
3556 4377 3652 4430 καὶ
3690 4377 3792 4440 τὰς

2206 4464 2373 4534 εὐχὰς
2411 4464 2563 4536 παρὰ
2593 4465 2817 4530 ταύταις
2861 4465 3153 4531 ποιεῖσθαι,
3194 4469 3363 4539 τιμᾷν
3386 4484 3448 4521 τε
3479 4468 3580 4532 τὰς
3613 4484 3792 4539 μακα-

2210 4557 2330 4628 ρίας
2353 4558 2529 4613 αὐτῶν
2557 4559 2754 4631 ψυχὰς,
2779 4561 2857 4625 ὼς
2879 4561 3119 4630 εὐλόγως
3147 4563 3242 4630 καὶ
3272 4559 3475 4615 τούτων
3504 4563 3597 4633 ὑφ’
3632 4562 3789 4633 ήμῶν

2206 4652 2560 4724 γιγνομὲνων.
2601 4654 2759 4707 Ἀλλὰ
2806 4653 2916 4726 γὰρ
2962 4657 3126 4726 ἡμεῖς
3186 4656 3287 4725 μὲν
3332 4652 3511 4710 ταῦτα
3560 4657 3626 4709 ὲκ
3678 4654 3790 4709 τῶν

2210 4740 2494 4805 Πλάτωνος
2533 4739 2903 4814 ἀνελεξάμεθα
2923 4760 2937 4774 ο
2968 4744 3257 4814 φιλόκαλος
3290 4744 3348 4799 δέ
3388 4762 3475 4809 τις
3510 4744 3670 4810 ἄλλος
3698 4746 3790 4799 καὶ

2206 4834 2411 4888 τούτων
2439 4835 2520 4888 ἔτι
2554 4835 2724 4890 πλείω
2754 4837 2823 4892 ἂν
2851 4837 3002 4910 εὖροι
3032 4840 3185 4911 παρὰ
3210 4838 3291 4910 τῷ
3316 4838 3485 4910 αὐτῷ,
3519 4838 3787 4910 σύμφωνα

2206 4927 2319 4988 τοῖς
2356 4927 2645 4997 ἡμετέροις
2680 4926 2932 4998 δόγμασι,
2972 4929 3113 5000 τάχα
3152 4928 3209 4982 δὲ
3248 4930 3343 4982 καὶ
3376 4930 3507 5001 παρ’
3557 4929 3784 5002 ἑτέροις.

516 5022 721 5065 nostrae
744 5010 1008 5065 doctrinae
1050 5011 1359 5068 rationibus
1398 5012 1784 5068 convenientia
1840 5014 2094 5084 reperiat.

2215 5016 2367 5070 Ἐπεὶ
2408 5017 2467 5070 δὲ
2513 5018 2613 5089 τῆς
2661 5020 2831 5091 αὐτῆς
2874 5022 3005 5092 ἡμῖν
3062 5020 3373 5086 ὑποθέσεως
3424 5021 3789 5095 προλαδόντες

516 5099 581 5155 Ει
610 5103 872 5171 quoniam
896 5101 1003 5157 hoc
1031 5102 1210 5173 ipsum
1238 5110 1623 5173 argumentum
1675 5113 1802 5161 ante
1848 5120 1951 5162 nos
2003 5107 2098 5161 alii

515 5206 737 5263 quoque
764 5192 1017 5248 nonnulli
1056 5203 1433 5264 occuparunt,
1471 5210 1650 5266 operae
1682 5197 1921 5267 pretium
1948 5198 2099 5255 vide-

594 5406 635 5437 ¹⁰
672 5408 793 5462 Act.
821 5423 884 5474 ν,
912 5406 1005 5462 29.
1084 5408 1127 5439 ¹¹
1163 5406 1348 5463 Matth.
1379 5423 1444 5474 χ,
1494 5406 1584 5463 28.
1670 5409 1712 5440 ι’
1750 5406 1815 5461 Ill
1860 5409 1987 5465 Cor.
2021 5426 2075 5477 v,
2113 5411 2149 5463 Ι.

2204 5107 2484 5179 ἐφήψαντο
2521 5109 2617 5164 καὶ
2644 5109 2813 5177 ἄλλοι,
2842 5107 2901 5166 εὖ
2933 5130 3023 5183 μοι
3057 5113 3205 5167 δοκεῖ
3236 5113 3636 5185 ἐπισκέψασθαι
3679 5114 3789 5168 δεῖν

2207 5200 2303 5254 καὶ
2343 5200 2410 5254 τὰ
2453 5200 2667 5268 τούτοις
2701 5205 3077 5278 πεπονημένα.
3123 5206 3439 5279 Παραθήσω
3476 5207 3535 5261 δὲ
3568 5205 3787 5280 πρώτου

594 5604 670 5685 ts)
700 5604 822 5660 Τῶν
844 5606 912 5659 δὲ
934 5605 1028 5685 δή,
1063 5605 1219 5662 Plato
1258 5605 1354 5685 lib.
1385 5622 1419 5685 ε
1454 5606 1528 5661 De
1554 5605 1781 5675 republ..
1810 5622 1932 5679 ηας.
1972 5605 2095 5673 tot,

2237 5604 2299 5661 Ο.
2337 5605 2548 5673 Quibus
2593 5602 2791 5661 similia
2833 5601 3120 5663 lcumena
3166 5613 3304 5673 t0to,
3350 5604 3627 5677 sapienter
3661 5612 3717 5663 et

524 5676 741 5735 couiose
771 5678 1137 5743 persequitur,
1165 5694 1286 5745 pag.
1313 5676 1418 5733 4ιᾶ
1450 5690 1500 5734 et
1532 5694 1648 5746 seq.
