4122 6414
456 389 590 437 ιιυι

1643 368 1961 433 ΡΒᾸΞΡΑΒ.
2003 370 2255 435 EVANG.
2292 376 2419 432 LIB.
2460 367 2598 433 Xlll.

452 498 678 561 Ἄλλως
705 491 776 548 οὐ
792 492 1029 565 θεμιτόν
1046 484 1113 547 δὲ
1132 492 1242 565 (26)
1260 489 1463 565 λέγειν
1476 512 1489 525 ’
1507 495 1729 564 τρομέω
1748 494 1816 548 δέ
1834 495 2030 565 rerum

2141 493 2250 549 Illa
2284 512 2430 549 secus
2452 495 2665 565 vulgare
2695 493 2841 563 nefas
2864 508 2883 547 :
2908 491 3251 565 membrisque
3275 489 3465 565 solutis
3485 530 3501 556 ,

463 569 565 622 Ἐν
586 568 724 632 νόῳ.
766 565 862 629 Ἐξ
889 564 1123 618 ὑπάτου
1145 564 1374 633 κραίνει
1391 566 1521 634 περὶ
1539 565 1710 619 πάντ’
1725 566 1816 620 ἐνὶ
1843 564 2028 631 τάξει,

448 633 536 705 ’.ΩΑΔ
556 636 771 691 τέκνον
792 649 805 664 '
841 635 921 688 σὺ
949 635 1018 705 δὲ
1045 635 1199 689 τοῖσι
1220 638 1417 689 νόοισι
1448 636 1715 698 πελάζεο,
1742 634 1990 705 γλώσση

450 702 536 763 Εὖ
564 706 705 776 μάλ’
732 704 1095 774 ἐπικρατέων
1119 721 1132 735 ’
1169 705 1475 775 στέρνοισι
1505 707 1573 760 δὲ
1599 702 1770 762 ἔνθεο
1795 702 2025 776 φήμην.

449 822 560 877 Καὶ
588 823 824 895 ’Ἄρατος
855 820 914 875 δὲ
954 822 1083 893 περὶ
1115 821 1222 875 τῶν
1252 822 1431 875 αὐτῶν
1475 839 1639 891 φησιν
1675 820 1848 885 οὕτως
1871 838 1884 851 ·

462 935 561 988 Ἐκ
603 934 737 999 Διὸς
777 933 1106 1004 ἀρχώμεθα,
1136 934 1243 987 τὸν
1272 934 1547 1004 οὐδέποτ’
1592 932 1808 1004 ἇνδρες
1841 931 2030 1004 ἐῶμεν

454 1004 749 1090 ᾌρρητον
767 1002 1035 1090 ’.μεσταί
1062 1004 1129 1057 δὲ
1143 1002 1525 1090 ⁹Θιιτοῦιπᾶσιιι
1548 1002 1676 1090 μὲν
1702 1002 1920 1090 ἄγριαι,

449 1072 647 1130 Πᾶσαι
683 1075 736 1127 δ’
775 1072 1099 1142 ἀνθρώπων
1124 1073 1351 1143 ἀγοραὶ,
1379 1072 1574 1143 μεστὴ
1616 1072 1683 1125 δὲ
1726 1073 2026 1137 θάλασσα,

448 1146 560 1200 Καὶ
585 1144 846 1214 λιμένες,
878 1144 1070 1211 πάντη
1105 1142 1360 1214 δὲ’-Θεοῦ
1382 1142 1737 1214 ίκεχρήμεθιι
1783 1143 2027 1214 πάντες.

455 1215 567 1269 Τοῦ
590 1209 700 1286 γᾶρ
726 1209 1028 1286 καὶίγένος
1055 1209 1268 1286 ἐσμέν·
1293 1217 1334 1286 ό
1361 1213 1427 1286 ξδ’,
1448 1209 1639 1286 ἤπιος
1658 1213 2024 1286 ἀνθρώποισι

448 1284 623 1350 Δεξιὰ
657 1285 953 1354 σημαίνει,
979 1285 1169 1350 λαοὺς
1200 1284 1251 1338 δ’
1277 1284 1374 1336 ἐπὶ
1400 1285 1575 1352 ἔργον
1611 1285 1850 1354 ᾅγείρει,

448 1352 815 1424 Μιμνήσκων
845 1356 1095 1419 βιότοιο.
1122 1354 1291 1424 Λέγει
1334 1354 1385 1407 δ’
1429 1354 1527 1407 ὅτε
1554 1352 1759 1424 βῶλος
1784 1352 2024 1424 ἀρίστη,

450 1417 643 1479 Βόυσί
669 1442 732 1478 τε
756 1417 857 1478 καί
871 1417 1395 1494 μακέλῃσιο’λέγει
1419 1424 1473 1494 δέ
1513 1424 1611 1477 ὅτε
1642 1417 1833 1494 δεξιαί
1857 1417 2023 1490 ὧραι,

448 1494 561 1549 Καὶ
583 1498 742 1565 φυτὰ
766 1493 1031 1564 omam
1053 1494 1188 1566 (27),
1222 1495 1321 1549 καὶ
1346 1493 1665 1565 σπέρματα
1694 1493 1890 1566 πάντα
1910 1494 2026 1557 ,ϐα-

1696 1562 1951 1636 [λέσθαι.

451 1742 646 1810 Σαφῶς
677 1737 828 1811 οἶμαι
848 1741 1134 1812 δεδεῖχθαι,
1164 1742 1245 1795 ὅτι
1274 1734 1360 1795 διὰ
1385 1740 1601 1795 πάντων
1635 1740 1782 1793 ἐστὶν
1821 1742 1854 1812 ή
1879 1740 2027 1795 δύνα-

2140 565 2343 619 Mecum
2374 562 2555 619 animo
2591 562 2791 618 volvens
2817 564 3038 633 trepido,
3069 566 3255 633 quippe
3295 562 3478 633 ordine
3507 566 3693 616 cuncta

1994 653 2032 687 ν
2130 634 2365 704 ρεειιρεν
2386 636 2493 704 ipse
2528 636 2679 703 regit.
2712 634 2754 687 Τ
2756 652 2788 687 ιι
2812 630 3036 687 mentem
3065 630 3322 687 advertito
3341 673 3355 698 ,
3380 630 3460 700 ﬁli
3482 672 3499 698 ,

2131 702 2482 775 Frenumque
2504 702 2683 775 potens
2714 705 2904 776 lingua:
2922 744 2936 770 ,
2972 719 3077 757 rem
3096 712 3301 771 pectore
3322 718 3494 757 serva.

2130 817 2339 885 Quibus
2368 818 2530 873 etiam
2558 818 2703 874 hunc
2733 818 2787 872 in
2810 816 3029 872 modum
3059 816 3258 870 Aratus
3282 814 3518 870 accinit:

2131 930 2208 985 Ab
2236 929 2366 985 Jove
2394 931 2711 1000 principium
2736 970 2753 996 ,
2780 929 2925 983 nullo
2945 930 3034 999 qui
3059 934 3287 998 tempore
3310 925 3458 980 nobis

2129 1000 2536 1069 Erretereundns
2557 1001 2657 1055 erit
2689 1016 2707 1054 :
2737 1000 2887 1069 cujus
2906 1000 3012 1054 late
3038 1001 3217 1053 omnia
3248 1004 3439 1069 numen

2130 1068 2400 1139 Compita,
2419 1079 2467 1124 et
2490 1087 2638 1125 omne
2657 1066 2852 1140 forum,
2873 1071 3120 1140 pontique
3136 1067 3403 1139 profunda
3419 1066 3691 1140 tumentis;

2126 1137 2296 1209 Atque
2327 1156 2504 1194 omnes
2529 1137 2709 1209 portus
2739 1137 2918 1209 implet
2937 1180 2950 1203 ,
2978 1137 3228 1208 nemoque
3257 1137 3457 1209 potenti
3545 1184 3561 1201 ,

2127 1207 2346 1280 Auxilio
2369 1207 2601 1265 caruisse
2634 1207 2823 1280 queat.
2843 1210 3015 1265 Genus
3041 1207 3210 1263 omnis
3251 1207 3314 1261 ab
3337 1207 3432 1280 illo

2128 1279 2328 1350 Quippe
2356 1282 2516 1334 trahit
2543 1296 2562 1335 :
2588 1277 2678 1351 qui
2708 1281 2905 1333 blanda
2925 1280 3154 1333 homines
3185 1280 3378 1348 pietate
3400 1277 3616 1347 fovendo
3640 1309 3656 1343 ,

2126 1348 2278 1404 Lecta
2316 1352 2437 1404 ollis
2460 1351 2553 1404 dat
2578 1353 2732 1418 signa
2752 1368 2910 1404 manu
2935 1395 2947 1409 .
2975 1350 3292 1418 populosque
3330 1349 3621 1418 frequentes

2132 1366 2278 1404 uera
2316 1366 2437 1404 oms
2460 1366 2553 1404 aat
2578 1366 2732 1420 signa
2752 1368 2910 1404 ntanu
2935 1395 2947 1409 .
2975 1366 3292 1419 populosque
3330 1366 3441 1419 [req

2132 1418 2283 1490 Ultro
2305 1422 2447 1489 operi
2473 1421 2732 1490 accingit,
2763 1422 2883 1475 vita:
2905 1419 3180 1474 dulcedine
3207 1427 3409 1490 captos.

2128 1488 2231 1561 [lle
2254 1488 2413 1544 bobus
2443 1490 2603 1561 gleba:
2629 1488 2898 1560 ingenium
2927 1491 3160 1559 duroque
3190 1488 3354 1557 ligoni
3480 1492 3483 1495 ’

2131 1559 2289 1614 Utilis
2318 1559 2605 1614 ante‘docet
2624 1600 2637 1621 .
2664 1576 2864 1614 necnon
2885 1576 2987 1629 quo
3019 1561 3185 1613 sidere
3216 1564 3410 1621 tutum,

2126 1629 2198 1684 Et
2219 1630 2429 1700 plantas
2451 1630 2719 1685 scrobibus
2743 1670 2759 1695 ,
2785 1647 3059 1701 semenque
3083 1629 3400 1684 abscondere
3424 1634 3586 1682 terra.

2133 1742 2260 1799 Haec.
2304 1743 2421 1807 illi,
2459 1743 2659 1813 quibus
2709 1743 2817 1797 vim
2865 1742 3106 1798 divinam
3158 1741 3339 1797 Omnia
3384 1746 3698 1810 permeare,

453 1850 546 1904 μις
573 1825 666 1886 τοῦ
690 1832 844 1886 Θεοῦ.
881 1831 1079 1896 Καθὼς
1105 1823 1161 1886 δὲ
1187 1824 1390 1903 δῆθε)
1422 1832 1851 1903 σεσημάγκαμεν
1872 1848 2025 1902 περι-

2133 1836 2302 1901 clare,
2331 1835 2558 1903 opinor,
2588 1835 2723 1889 satis
2767 1851 2832 1890 ac
2855 1835 3143 1905 perspicue
3187 1832 3513 1903 signiﬁcant.
3558 1829 3696 1887 Nam

450 1922 731 1994 αιροῦντες
744 1923 837 1978 τὸν
851 1922 939 1977 διὰ
957 1922 1063 1977 τῶν
1082 1923 1403 1993 ποιημάτων
1417 1922 1513 1975 Δία
1535 1923 1628 1975 καὶ
1647 1922 1789 1992 Ζῆνα
1803 1938 1816 1951 ·
1842 1921 1902 1974 τὸ
1917 1920 2025 1992 γὰρ

447 2016 549 2085 τῆς
573 2014 806 2080 διανοίας
828 2015 1007 2068 αὐτῶν
1028 2015 1122 2067 ἐπὶ
1149 2014 1280 2067 Θεὸν
1302 2014 1684 2085 ἀναπέμπεται
1706 2032 1720 2044 ·
1741 2013 1929 2086 διόπερ
1946 2012 2029 2067 οὓ-

447 2113 556 2169 τως
581 2108 713 2176 ἡμῖν
742 2107 975 2178 εἴρηται.
1003 2106 1115 2159 Οὐκ
1139 2105 1473 2168 ἀπεοικότως
1500 2100 1591 2158 οὖν
1616 2107 1727 2167 τοῖς
1751 2106 2031 2175 ἐπιζητου-

453 2196 635 2266 μένοις
652 2196 1095 2268 προενηνέγμεθα
1110 2196 1299 2250 ταῦτα.
1315 2197 1456 2248 Πᾶσι
1472 2195 1579 2267 γὰρ
1593 2199 1705 2259 τοῖς
1723 2196 2029 2265 φιλοσόφοις

432 2287 809 2373 Ἀὁμολογεῖται,
832 2288 913 2341 ὅτι
942 2287 1022 2340 δεῖ
1048 2287 1175 2358 περὶ
1210 2285 1344 2340 Θεοῦ
1374 2285 1651 2358 διαλήψεις
1677 2286 1830 2349 ὁσίας
1862 2286 2027 2357 ἔχειν,

446 2379 479 2433 ὃ
502 2379 734 2451 μάλιστα
760 2378 1191 2451 παρακελεύεται
1213 2376 1392 2442 καλῶς
1416 2380 1448 2449 ἡ
1479 2376 1597 2431 καθ’
1621 2379 1768 2449 ἡμᾶς
1796 2379 2027 2449 αἵρεσις.

458 2472 527 2527 Ἢ
569 2473 627 2526 δὲ
678 2471 771 2525 τοῦ
822 2472 985 2542 νόμου
1036 2470 1347 2540 κατασκευὴ
1395 2472 1543 2524 πᾶσα
1574 2470 1669 2523 τοῦ
1725 2471 1848 2525 καθ’
1882 2468 2030 2543 ἡμᾶς

450 2563 584 2633 ιιιιερλ⁵
606 2562 887 2625 εὐσεϐείας
908 2562 1187 2625 τέτακται,
1210 2561 1303 2614 καὶ
1325 2562 1689 2632 δικαιοσύνης,
1717 2562 1810 2616 καὶ
1833 2563 2033 2634 ἐγκρα-

448 2652 622 2716 τείας,
650 2652 746 2705 καί
763 2651 870 2704 τῶν
890 2650 1093 2704 λοιπῶν
1135 2649 1354 2718 ἀγαθῶν
1382 2648 1491 2703 τῶν
1523 2651 1666 2704 κατὰ
1692 2649 1968 2722 ἀλήθειαν.
2008 2670 2026 2702 ι

450 2741 674 2805 Τούτοις
694 2741 819 2812 ἑξῆς
843 2740 957 2812 μεθ’
975 2740 1137 2813 ἕτερα
1154 2740 1391 2809 ἐπιλέγει
1412 2757 1427 2773 ·
1449 2759 1467 2791 ι
1490 2738 1792 2811 Ἐχομένως
1823 2741 1866 2794 δ’
1884 2741 2032 2794 ἐστὶν

453 2833 531 2896 ὡς
568 2835 596 2886 ὁ
629 2833 764 2896 Θεὸς
812 2832 904 2885 τὸν
942 2832 1060 2886 ὅλον
1094 2832 1297 2902 κόσμον
1329 2833 1725 2896 κατεσκεύακε,
1753 2830 1847 2886 καὶ
1873 2831 2034 2886 δέδω-

451 2941 548 2979 κεν
579 2927 658 2989 είς
692 2923 1000 2977 ἀνάπαυσιν
1026 2924 1175 2993 ἡμῖν,
1201 2923 1290 2976 διὰ
1316 2924 1377 2976 τὸ
1401 2922 1712 2977 κακόπαθον
1732 2918 1868 2977 εῖναι
1900 2924 2034 2976 πᾶσι

448 3014 551 3087 τὴν
587 3015 788 3087 βιοτὴν,
836 3015 1069 3087 ἑϐδόμην
1102 3015 1339 3087 ἡμέραν,
1366 3014 1401 3085 ἢ
1431 3014 1493 3086 δὴ
1529 3014 1622 3067 καὶ
1650 3012 1839 3086 πρώτη
1871 3031 2033 3084 φυσι-

453 3109 567 3174 κῶς
587 3108 652 3165 ἂν
679 3110 890 3179 λέγοιτο
935 3109 1110 3179 φωτὸς
1147 3107 1378 3177 γένεσις,
1398 3109 1456 3160 ὲν
1485 3101 1530 3175 ᾧ
1554 3106 1624 3160 τὰ
1681 3107 1859 3160 πάντα
1910 3120 2034 3160 συν-

2126 1924 2312 1980 Jovem
2347 1926 2499 1981 illum
2529 1926 2749 1996 quidem
2772 1966 2788 1990 ,
2830 1935 3112 1996 poetarum
3165 1924 3416 1979 versibus
3454 1923 3701 1979 celebras

2129 2023 2279 2080 tum,
2326 2031 2490 2086 pure,
2537 2016 2618 2070 uti
2676 2016 2868 2080 decet,
2924 2028 2989 2069 ac
3040 2012 3290 2068 restricte
3334 2011 3645 2081 accepimus
3675 2042 3692 2075 ,

2127 2107 2270 2175 quod
2313 2122 2466 2161 mens
2496 2120 2682 2161 eorum
2706 2120 2770 2160 ac
2792 2104 3060 2162 sententia
3083 2103 3251 2160 Deum
3280 2112 3486 2173 spectet
3525 2117 3695 2157 unum

2130 2204 2295 2267 atque
2354 2198 2619 2269 designet.
2689 2196 2821 2264 Quae
2884 2212 2987 2253 nos
3051 2211 3217 2253 causa
3265 2195 3516 2265 ratioque
3584 2208 3697 2264 pera

2128 2290 2332 2355 movit,
2387 2289 2547 2345 nobis
2596 2298 2657 2344 ut
2709 2288 2852 2344 hanc
2912 2289 2969 2342 in
3036 2285 3498 2357 disputationem,
3560 2283 3703 2339 istuc

2127 2378 2392 2435 orationis
2436 2391 2500 2431 ac
2565 2377 3003 2433 testimoniorum
3059 2390 3231 2447 genus
3276 2371 3475 2428 inferre
3504 2372 3702 2427 merito

2128 2487 2291 2542 posse
2322 2468 2654 2525 videremur.
2690 2467 2748 2522 In
2804 2482 2871 2523 eo
2919 2469 3118 2538 quippe
3158 2465 3469 2538 philosophi
3507 2479 3701 2521 omnes

2130 2561 2498 2626 conveniunt,
2525 2567 2585 2615 ut
2607 2567 2789 2615 castas
2814 2560 2882 2615 de
2923 2558 3033 2614 Deo
3073 2568 3403 2628 sanctasque
3446 2558 3703 2614 notiones

2131 2653 2317 2709 animo
2346 2651 2719 2707 iniormandas
2759 2666 2880 2707 esse
2909 2651 3246 2722 praecipiant.
3287 2650 3346 2705 Id
3389 2650 3537 2720 quod
3564 2666 3704 2720 pra»

2131 2748 2279 2803 clare
2317 2748 2371 2801 in
2408 2745 2597 2816 primis
2643 2744 2875 2799 instituti
2900 2742 3073 2797 nostri
3117 2743 3200 2797 vis
3238 2743 3488 2812 ratioque
3519 2742 3700 2799 docet.

2130 2830 2293 2911 667
2326 2839 2443 2892 [mo
2476 2836 2544 2891 ad
2565 2836 2868 2906 religionis,
2912 2835 3172 2906 justitiaa,
3221 2834 3591 2904 temperantiae
3639 2844 3705 2889 ac

2132 2935 2453 2985 casterdrttm
2486 2927 2539 2981 id
2576 2942 2749 2997 genus
2802 2939 3054 2981 verorum
3098 2926 3367 2981 bonorum
3397 2924 3702 2994 possessio-

2130 3039 2256 3080 nem
2289 3033 2343 3077 et
2370 3020 2565 3087 oﬂicia,
2601 3020 2687 3076 lex
2724 3020 2866 3089 apud
2906 3033 3006 3074 nos
3028 3026 3141 3074 tota
3178 3026 3483 3073 revocatur.
3507 3036 3526 3069 ι
3566 3016 3701 3084 Qui-

2132 3115 2235 3170 bus
2262 3115 2403 3170 idem
2434 3113 2853 3185 postinterjecta
2879 3111 3141 3169 nonnulla
3168 3110 3487 3182 subiungit:
3512 3128 3533 3161 ι
3560 3109 3701 3166 Tum

452 3199 758 3273 θεωρεῖται.
797 3201 1173 3274 Μεταφέροιτο
1212 3202 1256 3255 δ’
1293 3201 1359 3255 ἂν
1403 3201 1465 3254 τὸ
1490 3200 1621 3254 αὐτὸ
1651 3200 1746 3254 καὶ
1780 3199 1875 3252 επὶ
1930 3201 2030 3270 τῆς

2135 3207 2266 3261 illud
2301 3222 2435 3262 sane
2469 3213 2920 3269 consentaneum,
2967 3204 3180 3275 inquit,
3222 3212 3284 3259 ut
3313 3203 3406 3274 qui
3435 3203 3539 3259 hoc
3579 3204 3707 3259 uni-

454 3294 663 3363 σοφίας.
683 3294 755 3347 Τὸ
778 3293 887 3365 γὰρ
910 3295 1016 3347 πᾶν
1029 3293 1142 3362 φῶς
1155 3295 1303 3346 ἐστιν
1322 3292 1380 3358 ἐξ
1397 3291 1586 3362 αὐτῆς.
1601 3291 1862 3354 Καίτινες
1875 3293 2031 3363 είρήέ

452 3390 584 3436 διασι
615 3381 725 3436 τῶν
774 3385 838 3435 ἐκ
869 3383 971 3451 τῆς
1003 3382 1264 3453 αἱρέσεως
1289 3381 1440 3445 ὄντες
1491 3384 1591 3452 τῆς
1635 3382 1701 3434 ὲκ
1737 3378 1831 3434 τοῦ
1865 3381 2030 3453 Περι-

454 3473 653 3540 πάτου,
684 3473 1005 3545 λαμπτῆρος
1028 3472 1198 3542 αὐτὴν
1222 3473 1364 3544 ἔχειν
1392 3471 1544 3539 τάξιν
1564 3490 1577 3504 ’
1619 3471 2033 3536 ἀκολουθοῦντες

455 3564 566 3637 γὰρ
594 3566 732 3635 αὐτῇ
758 3563 1016 3635 συνεχῶς,
1061 3564 1323 3634 ἀτάραχοι
1349 3563 1780 3634 καταστήσονται
1809 3561 1874 3615 δι’
1908 3554 2031 3614 ὅλου

452 3656 549 3711 τοῦ
581 3656 720 3726 βίου.
750 3654 1089 3727 Σαφέστερον
1118 3654 1174 3708 δὲ
1215 3654 1310 3709 καὶ
1347 3653 1564 3708 κάλλιον
1599 3653 1708 3707 τῶν
1749 3646 2032 3724 ἡμετέρων

454 3748 735 3822 προγόνων
759 3765 841 3810 τις
868 3742 989 3800 εἷπε
1028 3744 1278 3818 Σολομὼν
1332 3744 1498 3818 αὐτὴν
1536 3739 1642 3818 πρὸ
1678 3743 1906 3815 οὐρανοῦ
1933 3744 2027 3797 καὶ

454 3839 558 3911 γῆς
581 3839 865 3910 ὑπάρχειν.
894 3838 967 3890 Τὸ
984 3837 1047 3907 δὴ
1063 3830 1353 3909 σύμφωνόν
1380 3840 1495 3891 ἐστι
1519 3836 1596 3908 τῷ
1628 3835 2029 3909 προειρημένῳ.

400 3932 413 3944 ⁸
456 3927 532 3981 Τὸ
556 3928 611 3981 δὲ
646 3925 1075 3997 διασαφούμενον
1103 3926 1191 3979 διὰ
1217 3926 1315 3997 τῆς
1348 3925 1685 3997 νομοθεσίας,
1711 3922 2032 3979 ἁποπεπαυ-

455 4016 610 4071 κέναι
636 4016 728 4070 τὸν
747 4017 879 4069 Θεὸν
907 4017 966 4069 ὲν
991 4008 1151 4087 αὐτῇ,
1181 4015 1358 4081 τοῦτο,
1388 4018 1486 4088 οὐχ
1504 4013 1578 4080 ὥς
1610 4032 1756 4080 τινες
1784 4015 2030 4085 ὑπολαμ-

453 4108 697 4175 ϐάνουσι,
728 4107 921 4180 μηκέτι
950 4111 1121 4161 ποιεῖν
1153 4115 1207 4160 τι
1239 4100 1331 4161 τὸν
1365 4102 1498 4163 Θεὸν
1525 4102 1880 4179 καθέστηκεν,
1917 4106 2031 4160 ἀλλ’

453 4200 551 4254 ἐπὶ
577 4198 657 4270 τῷ
686 4190 1169 4253 καταπεπαυκέναι
1221 4197 1319 4271 τὴν
1351 4199 1505 4264 τάξιν
1545 4198 1746 4263 αὐτῶν,
1775 4198 1918 4253 οὕτω
1969 4215 2031 4251 τε

454 4294 537 4357 είς
571 4293 749 4344 πάντα
780 4290 871 4344 τὸν
898 4288 1087 4363 χρόνον
1141 4290 1443 4362 τεταχέναι.
1496 4282 1756 4362 Σημαίνει
1796 4292 1926 4363 γὰρ,
1954 4289 2030 4355 ὼς

456 4383 517 4434 ἑν
548 4379 608 4447 ἒξ
623 4379 856 4452 ἡμέραις
901 4380 1124 4450 ἐποίησε
1153 4375 1244 4432 τὸν
1275 4375 1501 4451 οὐρανὸν
1530 4380 1625 4434 καὶ
1650 4381 1746 4453 τὴν
1778 4381 1905 4452 γῆν,
1937 4381 2031 4433 καὶ

448 4472 638 4531 ,πάντα
684 4473 751 4527 τὰ
804 4474 864 4527 ὲν
892 4474 1094 4538 αὐτοῖς,
1127 4473 1213 4526 ἵνα
1250 4473 1377 4537 τοὺς
1406 4472 1630 4545 χρόνους
1668 4468 1905 4548 δηλώσῃ,
1936 4475 2031 4528 καὶ

455 4563 558 4634 τὴν
602 4562 754 4629 τάξιν
800 4562 1037 4635 προείπῃ
1080 4556 1133 4614 τί
1169 4562 1313 4627 τίνος
1349 4565 1623 4634 προτερεῖ.
1680 4562 1859 4629 Τάξας
1898 4561 2029 4633 γὰρ,

454 4655 631 4719 οὕτως
656 4653 794 4708 αὐτὰ
824 4654 1057 4723 συνέχει,
1090 4653 1183 4705 καὶ
1229 4655 1290 4707 οὐ
1324 4650 1624 4725 μεταποιεῖ.
1653 4655 2033 4725 Διασεσάφηκε

455 4747 503 4801 δ’
532 4750 662 4819 ἡμῖν
689 4746 891 4819 ταύτην
917 4744 1136 4817 ἔννομον
1159 4746 1342 4800 ἕνεκεν
1356 4738 1582 4818 σημείου
1611 4745 1705 4799 τοῦ
1729 4747 1856 4818 περὶ
1884 4747 2035 4818 ἡμᾶς

457 4839 688 4911 ἑϐδόμου
717 4839 875 4909 λόγου
925 4838 1284 4903 καθεστῶτος,
1325 4840 1382 4893 ὲν
1406 4831 1450 4907 ᾧ
1489 4839 1690 4909 γνῶσιν
1719 4840 1915 4911 ἔχομεν
1943 4842 2037 4894 ἀν-

461 4932 747 5005 θρωπίνων
779 4933 874 4986 καὶ
918 4931 1076 4986 θείων
1113 4926 1476 5005 πραγμάτων.
1520 4933 1598 4986 Δι’
1631 4924 1938 5002 ἑϐδομάδων
1979 4932 2038 4986 δὲ

454 5025 556 5090 ,καὶ
584 5025 693 5087 πᾶς
727 5026 755 5078 ὁ
780 5024 983 5095 κόσμος
1015 5020 1295 5079 κυκλεῖται
1331 5005 1438 5079 τῶν
1466 5024 1914 5096 ζωογονουμένων
1941 5026 2038 5080 καὶ

460 5116 568 5172 τῶν
610 5106 895 5185 φυομένων
947 5106 1223 5170 ἁπάντων.
1289 5116 1378 5188 Τῷ
1433 5116 1490 5169 δὲ
1547 5114 1824 5171 Σάϐὁατον
1867 5117 2038 5189 αὐτὴν

464 5199 987 5285 προσαγορεύεσθαι,
1041 5201 1450 5281 διερμηνεύεται
1500 5208 1842 5275 ἀνάπαυσις
1878 5205 2032 5264 οὖσα.

464 5298 726 5373 Διασαφεῖ
752 5303 809 5357 δὲ
836 5303 930 5355 καὶ
949 5300 1198 5371 ’Όμηρος
1235 5296 1329 5353 καὶ
1367 5292 1625 5364 Ἡσίοδος,
1657 5299 2038 5371 μετειληφότες

464 5395 531 5450 ὲκ
554 5394 664 5449 τῶν
688 5393 974 5468 ἡμετέρων
1009 5388 1252 5461 βιὸλίων,
1279 5387 1431 5461 ἱερὰν
1460 5384 1623 5444 εἷναι.
1667 5389 1905 5455 Ἡσίοδος
1932 5389 2031 5460 μὲν

465 5491 666 5558 οὕτως.

2134 3304 2350 3354 versum
2376 3306 2688 3368 procrearat
2710 3295 2876 3358 Deus.
2905 3296 3068 3361 idem,
3086 3295 3233 3366 quod
3251 3295 3508 3350 aerumnis
3531 3294 3703 3364 pluris

2131 3391 2236 3447 bus
2269 3390 2513 3446 omnium
2544 3390 2656 3443 vita
2703 3387 3082 3455 conﬂictetur,
3133 3386 3277 3441 diem
3329 3385 3489 3440 nobis
3531 3385 3702 3454 septis

2132 3497 2285 3538 mum
2339 3481 2409 3536 ad
2443 3481 2744 3550 requietem
2784 3479 2925 3535 ultro
2953 3477 3306 3535 concesserit.
3356 3474 3529 3544 Quem
3574 3487 3705 3532 sane

2132 3573 2299 3640 diem,
2329 3573 2375 3627 si
2427 3582 2675 3628 naturam
2724 3572 3075 3642 spectaveris,
3118 3570 3354 3641 primum
3409 3569 3699 3640 quemdam

2133 3662 2273 3719 lucis
2302 3671 2508 3731 ortum,
2541 3663 2595 3717 in
2630 3677 2738 3733 qua
2780 3670 3075 3717 cernantur
3117 3661 3370 3716 universa
3391 3700 3406 3725 ,
3449 3659 3573 3730 jure
3605 3674 3706 3729 ap-

2132 3755 2376 3827 pellaris.
2407 3752 2565 3822 Quod
2587 3753 2765 3824 ipsum
2794 3752 2862 3808 ad
2900 3748 3223 3822 sapientiam
3269 3757 3489 3821 quoque
3520 3750 3704 3804 trans-4

2135 3845 2267 3901 ferri
2309 3846 2505 3916 possit,
2546 3859 2672 3899 cum
2720 3858 2789 3898 ex
2833 3837 3099 3913 sapientia
3130 3836 3224 3896 lux
3259 3841 3438 3896 omnis
3472 3839 3702 3895 oriatur.

2133 3936 2215 3992 Ac
2269 3934 2520 3993 nonnulli
2570 3932 2790 4005 quidem
2852 3929 3232 4003 Peripatetici,
3288 3930 3595 4001 splendoris
3648 3924 3701 3983 ei

2132 4029 2400 4082 rationem
2425 4022 2643 4095 vimque
2673 4021 2930 4086 tribuere,
2958 4037 3118 4093 quem
3144 4022 3238 4092 qui
3285 4027 3602 4078 constanter
3633 4026 3701 4074 ac

2134 4128 2398 4190 perpetuo
2429 4117 2601 4173 secuti
2632 4109 2857 4179 fuerint,
2904 4114 3068 4168 vitam
3100 4110 3179 4167 illi
3229 4120 3398 4167 totam
3445 4111 3564 4170 sine
3593 4111 3701 4166 ulla

2132 4211 2541 4281 perturbatione
2574 4208 2877 4263 traducem.
2904 4203 3163 4259 Eamdem
3196 4219 3325 4259 vero
3353 4202 3634 4266 Salomon,
3671 4219 3702 4258 ο

2133 4304 2434 4373 majoribus
2487 4301 2694 4356 nostris
2746 4315 2913 4365 unus,
2964 4297 3106 4353 coelo
3157 4302 3410 4367 terraque
3464 4296 3700 4366 priurem

2133 4395 2432 4455 exstitisse,
2471 4407 2577 4446 non
2609 4390 2810 4446 clarius
2840 4389 3022 4451 modo.
3046 4385 3142 4443 sed
3174 4386 3338 4441 etiam
3368 4387 3562 4442 melius
3587 4391 3704 4441 stas

2137 4484 2257 4541 tuit.
2287 4472 2345 4537 ld
2377 4482 2522 4553 quod
2556 4480 2850 4537 admodum
2896 4471 3059 4535 etiam
3111 4493 3235 4535 cum
3289 4477 3572 4548 superiore
3608 4476 3703 4530 illo

2137 4575 2467 4633 consentiat.
2496 4572 2765 4629 Caeterum
2797 4573 2940 4643 quod
2972 4572 3025 4626 in
3059 4566 3246 4628 eadem
3295 4569 3525 4624 habetur
3559 4567 3699 4639 lege,

2133 4687 2201 4729 eo
2229 4672 2319 4728 die
2340 4670 2683 4741 acquievisse
2705 4658 2899 4734 Deum,
2937 4669 2990 4724 id
3023 4683 3156 4735 non,
3185 4665 3460 4738 quomodo
3500 4679 3532 4719 a
3583 4663 3702 4733 plea

2134 4764 2344 4836 risque,
2362 4763 2737 4834 accipiendum
2770 4771 2878 4828 est,
2923 4761 3081 4832 quasi
3126 4761 3381 4830 deinceps
3424 4757 3561 4813 nihil
3583 4772 3705 4812 om-

2136 4854 2268 4910 nino
2297 4854 2439 4909 Deus
2466 4852 2692 4920 eiliciat;
2724 4853 2819 4908 sed
2853 4851 2996 4922 quod
3016 4866 3201 4906 rerum
3229 4848 3474 4905 omnium
3504 4838 3705 4917 gradus

2138 4951 2194 4999 et
2221 4944 2440 4999 ordines
2473 4936 2790 5007 absolverit,
2819 4942 2913 5012 qui
2962 4941 3048 4996 sui
3078 4948 3294 5010 semper
3337 4927 3548 4994 similes
3578 4950 3704 4992 cum

2139 5024 2291 5088 omni
2335 5033 2658 5089 saeculorum
2723 5033 3081 5103 perpetuitate
3144 5036 3531 5101 propagentur.
3599 5024 3706 5081 Sex

2138 5125 2285 5181 enim
2320 5125 2531 5181 dierum
2567 5124 2764 5196 spatio,
2792 5123 2989 5180 coelum
3016 5132 3326 5192 terramque
3349 5115 3418 5176 ab
3442 5133 3530 5186 eo,
3555 5134 3707 5188 quas-

2139 5230 2248 5288 que
2298 5218 2591 5286 utriusque
2635 5205 2847 5269 ambitu
2898 5213 3289 5278 continentur,
3343 5212 3525 5267 creata
3585 5215 3710 5263 esse

2139 5305 2322 5362 omnia
2346 5300 2635 5377 signiﬁcat.
2666 5311 2727 5359 ut
2752 5318 2910 5359 suum
2948 5303 3211 5373 cujusque
3233 5308 3445 5370 tempus
3475 5305 3531 5354 et
3554 5298 3709 5354 ordia

2139 5410 2289 5462 nem,
2328 5408 2438 5465 quo
2469 5393 2618 5449 aliud
2646 5388 2902 5464 quodque
2957 5390 3246 5457 antecedit,
3298 5389 3526 5459 aperiat.
3574 5385 3709 5454 Qua:

2144 5498 2248 5540 suo
2283 5481 2453 5539 semel
2493 5481 2794 5537 constituta
2841 5480 2985 5544 loco,
3019 5485 3202 5535 servat
3243 5475 3440 5532 deinde
3468 5488 3708 5543 semper.

468 5594 567 5641 nec
610 5583 721 5640 ulla
753 5580 965 5638 ratione
1003 5584 1328 5637 commutat.
1357 5577 1531 5645 Quem
1583 5576 1834 5635 eumdem
1872 5576 2040 5634 ﬁxum
2078 5576 2239 5634 nobis
2283 5574 2429 5630 diem
2483 5586 2549 5627 ac
2588 5572 2886 5630 solemnem
2928 5586 3050 5627 esse
3090 5567 3265 5624 voluit
3319 5577 3430 5624 quo
3479 5564 3709 5630 rationis

539 5720 652 5849 g2
675 5719 1078 5851 35:12:23.5”
1106 5774 1368 5850 γυοῶσαι.
1434 5802 1437 5803 ⁷

2216 5710 2326 5766 ’,ϐλ
2355 5708 2480 5772 Μει,
2512 5708 2593 5760 δεῖ
