  <div class='ocr_page' id='page_1' title='image "/cluster/home/n/w/nwhite01/storage/ocr_20150623/21:no.3/coo.31924054873017/567.png"; bbox 0 0 4122 6410; ppageno 0'>
   <div class='ocr_carea' id='block_1_1' title="bbox 1159 351 3733 420">
    <p class='ocr_par' dir='ltr' id='par_1_1' title="bbox 1159 351 3733 420">
     <span class='ocr_line' id='line_1_1' title="bbox 1159 351 3733 420; baseline 0.005 -12"><span class='ocrx_word' id='word_1_1' title='bbox 1159 351 1431 411; x_wconf 83' lang='lat' dir='ltr'><strong>EUSEBH</strong></span> <span class='ocrx_word' id='word_1_2' title='bbox 1469 352 1955 410; x_wconf 69' lang='lat' dir='ltr'><strong>C/ESARIENSIS</strong></span> <span class='ocrx_word' id='word_1_3' title='bbox 1987 353 2136 409; x_wconf 82' lang='lat' dir='ltr'><strong>OPP.</strong></span> <span class='ocrx_word' id='word_1_4' title='bbox 2181 353 2358 410; x_wconf 74' lang='lat' dir='ltr'><strong>PARS</strong></span> <span class='ocrx_word' id='word_1_5' title='bbox 2396 353 2461 410; x_wconf 94' lang='lat' dir='ltr'><strong>ll.</strong></span> <span class='ocrx_word' id='word_1_6' title='bbox 2501 385 2569 396; x_wconf 92' lang='lat'><strong>-—-</strong></span> <span class='ocrx_word' id='word_1_7' title='bbox 2607 355 3107 412; x_wconf 78' lang='lat' dir='ltr'><strong>APOLOGETICA.</strong></span> <span class='ocrx_word' id='word_1_8' title='bbox 3593 365 3733 420; x_wconf 72' lang='grc' dir='ltr'><em>ηοι</em></span> 
     </span>
    </p>
   </div>
   <div class='ocr_carea' id='block_1_2' title="bbox 479 351 621 408">
    <p class='ocr_par' dir='ltr' id='par_1_2' title="bbox 479 351 621 408">
     <span class='ocr_line' id='line_1_2' title="bbox 479 351 621 408; baseline 0 0"><span class='ocrx_word' id='word_1_9' title='bbox 479 351 621 408; x_wconf 73' lang='lat'><strong>“03</strong></span> 
     </span>
    </p>
   </div>
   <div class='ocr_carea' id='block_1_3' title="bbox 475 479 3733 558">
    <p class='ocr_par' dir='ltr' id='par_1_3' title="bbox 475 479 3733 558">
     <span class='ocr_line' id='line_1_3' title="bbox 475 479 3733 558; baseline 0.002 -22"><span class='ocrx_word' id='word_1_10' title='bbox 475 479 620 536; x_wconf 89' lang='lat' dir='ltr'><strong>illius</strong></span> <span class='ocrx_word' id='word_1_11' title='bbox 647 483 965 554; x_wconf 71' lang='lat' dir='ltr'><strong>septenaria:</strong></span> <span class='ocrx_word' id='word_1_12' title='bbox 1021 482 1291 554; x_wconf 86' lang='lat' dir='ltr'><strong>quoddam</strong></span> <span class='ocrx_word' id='word_1_13' title='bbox 1337 485 1492 554; x_wconf 86' lang='lat' dir='ltr'><strong>quasi</strong></span> <span class='ocrx_word' id='word_1_14' title='bbox 1546 485 1763 556; x_wconf 82' lang='lat' dir='ltr'><strong>signum</strong></span> <span class='ocrx_word' id='word_1_15' title='bbox 1805 487 2107 553; x_wconf 80' lang='lat' dir='ltr'><strong>tolleretur,</strong></span> <span class='ocrx_word' id='word_1_16' title='bbox 2161 503 2260 558; x_wconf 90' lang='lat' dir='ltr'><strong>per</strong></span> <span class='ocrx_word' id='word_1_17' title='bbox 2326 503 2486 558; x_wconf 90' lang='lat' dir='ltr'><strong>quem</strong></span> <span class='ocrx_word' id='word_1_18' title='bbox 2546 491 2599 544; x_wconf 90' lang='lat' dir='ltr'><strong>in</strong></span> <span class='ocrx_word' id='word_1_19' title='bbox 2657 506 2841 547; x_wconf 90' lang='lat' dir='ltr'><strong>rerum</strong></span> <span class='ocrx_word' id='word_1_20' title='bbox 2884 490 3253 545; x_wconf 82' lang='lat' dir='ltr'><strong>humanarum</strong></span> <span class='ocrx_word' id='word_1_21' title='bbox 3309 485 3733 556; x_wconf 70' lang='lat' dir='ltr'><strong>divinarumque</strong></span> 
     </span>
    </p>
   </div>
   <div class='ocr_carea' id='block_1_4' title="bbox 473 575 3729 651">
    <p class='ocr_par' dir='ltr' id='par_1_4' title="bbox 473 575 3729 651">
     <span class='ocr_line' id='line_1_4' title="bbox 473 575 3729 651; baseline 0.001 -19"><span class='ocrx_word' id='word_1_22' title='bbox 473 575 723 632; x_wconf 74' lang='lat' dir='ltr'><strong>notitiam</strong></span> <span class='ocrx_word' id='word_1_23' title='bbox 798 575 1135 631; x_wconf 85' lang='lat' dir='ltr'><strong>devenimus.</strong></span> <span class='ocrx_word' id='word_1_24' title='bbox 1190 575 1663 632; x_wconf 83' lang='lat' dir='ltr'><strong>Hebdomadarum</strong></span> <span class='ocrx_word' id='word_1_25' title='bbox 1714 578 1861 632; x_wconf 90' lang='lat' dir='ltr'><strong>enim</strong></span> <span class='ocrx_word' id='word_1_26' title='bbox 1909 578 2060 643; x_wconf 86' lang='lat' dir='ltr'><strong>orbe,</strong></span> <span class='ocrx_word' id='word_1_27' title='bbox 2134 579 2248 649; x_wconf 89' lang='lat' dir='ltr'><strong>ipsa</strong></span> <span class='ocrx_word' id='word_1_28' title='bbox 2293 595 2510 651; x_wconf 93' lang='lat' dir='ltr'><strong>quoque</strong></span> <span class='ocrx_word' id='word_1_29' title='bbox 2579 591 2687 636; x_wconf 92' lang='lat' dir='ltr'><strong>tam</strong></span> <span class='ocrx_word' id='word_1_30' title='bbox 2746 583 3149 648; x_wconf 81' lang='lat' dir='ltr'><strong>animantium,</strong></span> <span class='ocrx_word' id='word_1_31' title='bbox 3208 594 3374 648; x_wconf 86' lang='lat' dir='ltr'><strong>quam</strong></span> <span class='ocrx_word' id='word_1_32' title='bbox 3419 579 3729 650; x_wconf 71' lang='lat' dir='ltr'><strong>plantarum</strong></span> 
     </span>
    </p>
   </div>
   <div class='ocr_carea' id='block_1_5' title="bbox 472 674 3730 750">
    <p class='ocr_par' dir='ltr' id='par_1_5' title="bbox 472 674 3730 750">
     <span class='ocr_line' id='line_1_5' title="bbox 472 674 3730 750; baseline 0 -20"><span class='ocrx_word' id='word_1_33' title='bbox 472 677 742 742; x_wconf 91' lang='lat' dir='ltr'><strong>omnium,</strong></span> <span class='ocrx_word' id='word_1_34' title='bbox 762 674 1090 730; x_wconf 87' lang='lat' dir='ltr'><strong>universitas</strong></span> <span class='ocrx_word' id='word_1_35' title='bbox 1120 675 1374 729; x_wconf 74' lang='lat' dir='ltr'><strong>volvitur.</strong></span> <span class='ocrx_word' id='word_1_36' title='bbox 1408 675 1562 730; x_wconf 81' lang='lat' dir='ltr'><strong>Illum</strong></span> <span class='ocrx_word' id='word_1_37' title='bbox 1615 684 1795 733; x_wconf 84' lang='lat' dir='ltr'><strong>autem</strong></span> <span class='ocrx_word' id='word_1_38' title='bbox 1840 674 2160 742; x_wconf 89' lang='lat' dir='ltr'><strong>Sabbatum,</strong></span> <span class='ocrx_word' id='word_1_39' title='bbox 2204 678 2304 732; x_wconf 85' lang='lat' dir='ltr'><strong>hoc</strong></span> <span class='ocrx_word' id='word_1_40' title='bbox 2358 688 2441 734; x_wconf 83' lang='lat' dir='ltr'><strong>est</strong></span> <span class='ocrx_word' id='word_1_41' title='bbox 2486 680 2764 750; x_wconf 77' lang='lat' dir='ltr'><strong>requietem</strong></span> <span class='ocrx_word' id='word_1_42' title='bbox 2821 678 3178 750; x_wconf 86' lang='lat' dir='ltr'><strong>appellamus.</strong></span> <span class='ocrx_word' id='word_1_43' title='bbox 3229 675 3402 742; x_wconf 87' lang='lat' dir='ltr'><strong>Quem</strong></span> <span class='ocrx_word' id='word_1_44' title='bbox 3461 674 3730 732; x_wconf 75' lang='lat' dir='ltr'><strong>Hesiodus</strong></span> 
     </span>
    </p>
   </div>
   <div class='ocr_carea' id='block_1_6' title="bbox 471 769 3731 845">
    <p class='ocr_par' dir='ltr' id='par_1_6' title="bbox 471 769 3731 845">
     <span class='ocr_line' id='line_1_6' title="bbox 471 769 3731 845; baseline 0 -18"><span class='ocrx_word' id='word_1_45' title='bbox 471 775 634 827; x_wconf 88' lang='lat' dir='ltr'><strong>etiam</strong></span> <span class='ocrx_word' id='word_1_46' title='bbox 664 781 827 842; x_wconf 89' lang='lat' dir='ltr'><strong>atque</strong></span> <span class='ocrx_word' id='word_1_47' title='bbox 869 769 1160 837; x_wconf 83' lang='lat' dir='ltr'><strong>Homerus,</strong></span> <span class='ocrx_word' id='word_1_48' title='bbox 1187 787 1312 827; x_wconf 89' lang='lat' dir='ltr'><strong>cum</strong></span> <span class='ocrx_word' id='word_1_49' title='bbox 1365 771 1416 828; x_wconf 89' lang='lat' dir='ltr'><strong>id</strong></span> <span class='ocrx_word' id='word_1_50' title='bbox 1466 774 1671 827; x_wconf 83' lang='lat' dir='ltr'><strong>nostris</strong></span> <span class='ocrx_word' id='word_1_51' title='bbox 1732 771 2048 828; x_wconf 75' lang='lat' dir='ltr'><strong>hausissent</strong></span> <span class='ocrx_word' id='word_1_52' title='bbox 2084 788 2150 828; x_wconf 74' lang='lat' dir='ltr'><strong>ex</strong></span> <span class='ocrx_word' id='word_1_53' title='bbox 2175 773 2389 840; x_wconf 89' lang='lat' dir='ltr'><strong>litteris,</strong></span> <span class='ocrx_word' id='word_1_54' title='bbox 2425 790 2640 829; x_wconf 92' lang='lat' dir='ltr'><strong>sacrum</strong></span> <span class='ocrx_word' id='word_1_55' title='bbox 2689 789 2810 830; x_wconf 89' lang='lat' dir='ltr'><strong>esse</strong></span> <span class='ocrx_word' id='word_1_56' title='bbox 2852 775 3033 845; x_wconf 86' lang='lat' dir='ltr'><strong>palam</strong></span> <span class='ocrx_word' id='word_1_57' title='bbox 3073 772 3410 829; x_wconf 73' lang='lat' dir='ltr'><strong>cecinerunt.</strong></span> <span class='ocrx_word' id='word_1_58' title='bbox 3459 769 3731 827; x_wconf 78' lang='lat' dir='ltr'><strong>Hesiodus</strong></span> 
     </span>
    </p>
   </div>
   <div class='ocr_carea' id='block_1_7' title="bbox 468 865 1132 936">
    <p class='ocr_par' dir='ltr' id='par_1_7' title="bbox 468 865 1132 936">
     <span class='ocr_line' id='line_1_7' title="bbox 468 865 1132 936; baseline -0.002 -15"><span class='ocrx_word' id='word_1_59' title='bbox 468 865 688 936; x_wconf 72' lang='lat' dir='ltr'><strong>quidem</strong></span> <span class='ocrx_word' id='word_1_60' title='bbox 727 865 811 919; x_wconf 91' lang='lat' dir='ltr'><strong>bis</strong></span> <span class='ocrx_word' id='word_1_61' title='bbox 848 865 1096 921; x_wconf 89' lang='lat' dir='ltr'><strong>versibus</strong></span> <span class='ocrx_word' id='word_1_62' title='bbox 1115 880 1132 920; x_wconf 91' lang='lat'><strong>:</strong></span> 
     </span>
    </p>
   </div>
   <div class='ocr_carea' id='block_1_8' title="bbox 466 954 2014 1033">
    <p class='ocr_par' dir='ltr' id='par_1_8' title="bbox 466 957 2014 1033">
     <span class='ocr_line' id='line_1_8' title="bbox 466 957 2014 1033; baseline 0.001 -19"><span class='ocrx_word' id='word_1_63' title='bbox 466 957 634 1014; x_wconf 66' lang='lat' dir='ltr'><strong>Luna</strong></span> <span class='ocrx_word' id='word_1_64' title='bbox 670 960 846 1029; x_wconf 86' lang='lat' dir='ltr'><strong>prima</strong></span> <span class='ocrx_word' id='word_1_65' title='bbox 876 961 1010 1027; x_wconf 69' lang='lat' dir='ltr'><strong>dies,</strong></span> <span class='ocrx_word' id='word_1_66' title='bbox 1049 972 1160 1015; x_wconf 87' lang='lat' dir='ltr'><strong>tum</strong></span> <span class='ocrx_word' id='word_1_67' title='bbox 1197 971 1390 1032; x_wconf 78' lang='lat' dir='ltr'><strong>quarta</strong></span> <span class='ocrx_word' id='word_1_68' title='bbox 1411 972 1461 1018; x_wconf 88' lang='lat' dir='ltr'><strong>et</strong></span> <span class='ocrx_word' id='word_1_69' title='bbox 1491 963 1715 1033; x_wconf 77' lang='lat' dir='ltr'><strong>septima</strong></span> <span class='ocrx_word' id='word_1_70' title='bbox 1749 980 1906 1018; x_wconf 73' lang='lat' dir='ltr'><strong>sacra</strong></span> <span class='ocrx_word' id='word_1_71' title='bbox 1937 974 2014 1018; x_wconf 73' lang='lat' dir='ltr'><strong>est</strong></span> 
     </span>
    </p>
   </div>
   <div class='ocr_carea' id='block_1_9' title="bbox 2117 954 3726 1033">
    <p class='ocr_par' dir='ltr' id='par_1_9' title="bbox 2143 954 3726 1031">
     <span class='ocr_line' id='line_1_9' title="bbox 2143 954 3726 1031; baseline -0.001 -15"><span class='ocrx_word' id='word_1_72' title='bbox 2143 962 2381 1030; x_wconf 85' lang='grc' dir='ltr'><em>Πρῶτον</em></span> <span class='ocrx_word' id='word_1_73' title='bbox 2415 962 2544 1029; x_wconf 82' lang='grc' dir='ltr'>ἕνη,</span> <span class='ocrx_word' id='word_1_74' title='bbox 2577 962 2787 1031; x_wconf 83' lang='grc' dir='ltr'><em>τετράς</em></span> <span class='ocrx_word' id='word_1_75' title='bbox 2815 979 2878 1015; x_wconf 90' lang='grc' dir='ltr'><em>τε</em></span> <span class='ocrx_word' id='word_1_76' title='bbox 2915 961 3012 1016; x_wconf 75' lang='grc' dir='ltr'><strong>καὶ</strong></span> <span class='ocrx_word' id='word_1_77' title='bbox 3051 959 3268 1030; x_wconf 81' lang='grc' dir='ltr'>ἑϐδόμη</span> <span class='ocrx_word' id='word_1_78' title='bbox 3289 1000 3304 1023; x_wconf 93' lang='grc'><em>,</em></span> <span class='ocrx_word' id='word_1_79' title='bbox 3347 956 3510 1028; x_wconf 76' lang='grc' dir='ltr'>ἱερὸν</span> <span class='ocrx_word' id='word_1_80' title='bbox 3543 954 3726 1028; x_wconf 79' lang='grc' dir='ltr'>ἦμαρ.</span> 
     </span>
    </p>
   </div>
   <div class='ocr_carea' id='block_1_10' title="bbox 468 1053 764 1122">
    <p class='ocr_par' dir='ltr' id='par_1_10' title="bbox 468 1053 764 1122">
     <span class='ocr_line' id='line_1_10' title="bbox 468 1053 764 1122; baseline 0.003 -16"><span class='ocrx_word' id='word_1_81' title='bbox 468 1053 709 1122; x_wconf 86' lang='lat' dir='ltr'><strong>Itemque</strong></span> <span class='ocrx_word' id='word_1_82' title='bbox 749 1070 764 1107; x_wconf 88' lang='lat'><strong>:</strong></span> 
     </span>
    </p>
   </div>
   <div class='ocr_carea' id='block_1_11' title="bbox 468 1142 1827 1214">
    <p class='ocr_par' dir='ltr' id='par_1_11' title="bbox 468 1142 1827 1214">
     <span class='ocr_line' id='line_1_11' title="bbox 468 1142 1827 1214; baseline 0.004 -18"><span class='ocrx_word' id='word_1_83' title='bbox 468 1142 705 1213; x_wconf 83' lang='lat' dir='ltr'><strong>Septima</strong></span> <span class='ocrx_word' id='word_1_84' title='bbox 727 1143 943 1214; x_wconf 82' lang='lat' dir='ltr'><strong>jamque</strong></span> <span class='ocrx_word' id='word_1_85' title='bbox 974 1145 1110 1211; x_wconf 76' lang='lat' dir='ltr'><strong>dies,</strong></span> <span class='ocrx_word' id='word_1_86' title='bbox 1144 1145 1253 1201; x_wconf 67' lang='lat' dir='ltr'><strong>la&#39;ti</strong></span> <span class='ocrx_word' id='word_1_87' title='bbox 1292 1146 1386 1200; x_wconf 74' lang='lat' dir='ltr'><strong>lux</strong></span> <span class='ocrx_word' id='word_1_88' title='bbox 1415 1145 1646 1200; x_wconf 83' lang='lat' dir='ltr'><strong>candida</strong></span> <span class='ocrx_word' id='word_1_89' title='bbox 1678 1146 1827 1201; x_wconf 74' lang='lat' dir='ltr'><strong>solis.</strong></span> 
     </span>
    </p>
   </div>
   <div class='ocr_carea' id='block_1_12' title="bbox 467 1233 1364 1308">
    <p class='ocr_par' dir='ltr' id='par_1_12' title="bbox 467 1233 1364 1308">
     <span class='ocr_line' id='line_1_12' title="bbox 467 1233 1364 1308; baseline 0.003 -20"><span class='ocrx_word' id='word_1_90' title='bbox 467 1233 736 1292; x_wconf 84' lang='lat' dir='ltr'><strong>Homerus</strong></span> <span class='ocrx_word' id='word_1_91' title='bbox 763 1245 941 1291; x_wconf 90' lang='lat' dir='ltr'><strong>autem</strong></span> <span class='ocrx_word' id='word_1_92' title='bbox 970 1237 1322 1308; x_wconf 82' lang='lat' dir='ltr'><strong>sequentibus</strong></span> <span class='ocrx_word' id='word_1_93' title='bbox 1349 1254 1364 1291; x_wconf 90' lang='lat'><strong>:</strong></span> 
     </span>
    </p>
   </div>
   <div class='ocr_carea' id='block_1_13' title="bbox 467 1328 1756 1396">
    <p class='ocr_par' dir='ltr' id='par_1_13' title="bbox 467 1328 1756 1396">
     <span class='ocr_line' id='line_1_13' title="bbox 467 1328 1756 1396; baseline 0.002 -15"><span class='ocrx_word' id='word_1_94' title='bbox 467 1328 704 1396; x_wconf 83' lang='lat' dir='ltr'><strong>Septima</strong></span> <span class='ocrx_word' id='word_1_95' title='bbox 725 1346 881 1384; x_wconf 78' lang='lat' dir='ltr'><strong>sacra</strong></span> <span class='ocrx_word' id='word_1_96' title='bbox 915 1330 1026 1385; x_wconf 72' lang='lat' dir='ltr'><strong>dies</strong></span> <span class='ocrx_word' id='word_1_97' title='bbox 1052 1339 1286 1386; x_wconf 77' lang='lat' dir='ltr'><strong>reserato</strong></span> <span class='ocrx_word' id='word_1_98' title='bbox 1333 1331 1583 1385; x_wconf 68' lang='lat' dir='ltr'><strong>illuzerat</strong></span> <span class='ocrx_word' id='word_1_99' title='bbox 1623 1330 1756 1385; x_wconf 83' lang='lat' dir='ltr'><strong>orbi.</strong></span> 
     </span>
    </p>
   </div>
   <div class='ocr_carea' id='block_1_14' title="bbox 461 1421 1104 1494">
    <p class='ocr_par' dir='ltr' id='par_1_14' title="bbox 461 1421 1104 1494">
     <span class='ocr_line' id='line_1_14' title="bbox 461 1421 1104 1494; baseline 0.006 -20"><span class='ocrx_word' id='word_1_100' title='bbox 461 1421 630 1494; x_wconf 73' lang='lat'><strong>668</strong></span> <span class='ocrx_word' id='word_1_101' title='bbox 653 1424 828 1492; x_wconf 85' lang='lat' dir='ltr'><strong>Atque</strong></span> <span class='ocrx_word' id='word_1_102' title='bbox 855 1422 1050 1477; x_wconf 86' lang='lat' dir='ltr'><strong>iterum</strong></span> <span class='ocrx_word' id='word_1_103' title='bbox 1090 1441 1104 1478; x_wconf 92' lang='lat'><strong>:</strong></span> 
     </span>
    </p>
   </div>
   <div class='ocr_carea' id='block_1_15' title="bbox 466 1513 1822 1588">
    <p class='ocr_par' dir='ltr' id='par_1_15' title="bbox 466 1513 1822 1588">
     <span class='ocr_line' id='line_1_15' title="bbox 466 1513 1822 1588; baseline 0.005 -21"><span class='ocrx_word' id='word_1_104' title='bbox 466 1513 704 1584; x_wconf 85' lang='lat' dir='ltr'><strong>Septima</strong></span> <span class='ocrx_word' id='word_1_105' title='bbox 733 1513 826 1570; x_wconf 74' lang='lat' dir='ltr'><strong>tua:</strong></span> <span class='ocrx_word' id='word_1_106' title='bbox 855 1513 1062 1581; x_wconf 85' lang='lat' dir='ltr'><strong>aderat,</strong></span> <span class='ocrx_word' id='word_1_107' title='bbox 1092 1531 1196 1586; x_wconf 86' lang='lat' dir='ltr'><strong>qua</strong></span> <span class='ocrx_word' id='word_1_108' title='bbox 1221 1528 1419 1571; x_wconf 81' lang='lat' dir='ltr'><strong>cuncta</strong></span> <span class='ocrx_word' id='word_1_109' title='bbox 1441 1529 1632 1572; x_wconf 76' lang='lat' dir='ltr'><strong>exacta</strong></span> <span class='ocrx_word' id='word_1_110' title='bbox 1657 1516 1822 1588; x_wconf 83' lang='lat' dir='ltr'><strong>fuere.</strong></span> 
     </span>
    </p>
   </div>
   <div class='ocr_carea' id='block_1_16' title="bbox 462 1605 564 1661">
    <p class='ocr_par' dir='ltr' id='par_1_16' title="bbox 462 1605 564 1661">
     <span class='ocr_line' id='line_1_16' title="bbox 462 1605 564 1661; baseline 0.01 -1"><span class='ocrx_word' id='word_1_111' title='bbox 462 1605 564 1661; x_wconf 86' lang='lat' dir='ltr'><strong>Et:</strong></span> 
     </span>
    </p>
   </div>
   <div class='ocr_carea' id='block_1_17' title="bbox 464 1697 2034 1773">
    <p class='ocr_par' dir='ltr' id='par_1_17' title="bbox 464 1697 2034 1773">
     <span class='ocr_line' id='line_1_17' title="bbox 464 1697 2034 1773; baseline 0.001 -19"><span class='ocrx_word' id='word_1_112' title='bbox 464 1697 702 1770; x_wconf 81' lang='lat' dir='ltr'><strong>Septima</strong></span> <span class='ocrx_word' id='word_1_113' title='bbox 732 1699 822 1754; x_wconf 83' lang='lat' dir='ltr'><strong>ubi</strong></span> <span class='ocrx_word' id='word_1_114' title='bbox 862 1709 988 1754; x_wconf 86' lang='lat' dir='ltr'><strong>orta</strong></span> <span class='ocrx_word' id='word_1_115' title='bbox 1025 1700 1159 1766; x_wconf 80' lang='lat' dir='ltr'><strong>dies,</strong></span> <span class='ocrx_word' id='word_1_116' title='bbox 1199 1699 1509 1756; x_wconf 73' lang='lat' dir='ltr'><strong>Acherontis</strong></span> <span class='ocrx_word' id='word_1_117' title='bbox 1557 1702 1808 1773; x_wconf 73' lang='lat' dir='ltr'><strong>liquimus</strong></span> <span class='ocrx_word' id='word_1_118' title='bbox 1840 1699 2034 1757; x_wconf 74' lang='lat' dir='ltr'><strong>undas.</strong></span> 
     </span>
    </p>
   </div>
   <div class='ocr_carea' id='block_1_18' title="bbox 462 1791 2036 1865">
    <p class='ocr_par' dir='ltr' id='par_1_18' title="bbox 462 1791 2036 1865">
     <span class='ocr_line' id='line_1_18' title="bbox 462 1791 2036 1865; baseline 0.001 -20"><span class='ocrx_word' id='word_1_119' title='bbox 462 1791 584 1858; x_wconf 89' lang='lat' dir='ltr'><strong>Quo</strong></span> <span class='ocrx_word' id='word_1_120' title='bbox 606 1791 828 1862; x_wconf 88' lang='lat' dir='ltr'><strong>quidem</strong></span> <span class='ocrx_word' id='word_1_121' title='bbox 860 1807 1020 1848; x_wconf 76' lang='lat' dir='ltr'><strong>versu</strong></span> <span class='ocrx_word' id='word_1_122' title='bbox 1057 1791 1111 1847; x_wconf 92' lang='lat' dir='ltr'><strong>id</strong></span> <span class='ocrx_word' id='word_1_123' title='bbox 1138 1793 1432 1863; x_wconf 79' lang='lat' dir='ltr'><strong>signiﬁcat,</strong></span> <span class='ocrx_word' id='word_1_124' title='bbox 1463 1793 1554 1848; x_wconf 90' lang='lat' dir='ltr'><strong>illa</strong></span> <span class='ocrx_word' id='word_1_125' title='bbox 1587 1809 1711 1849; x_wconf 80' lang='lat' dir='ltr'><strong>vero</strong></span> <span class='ocrx_word' id='word_1_126' title='bbox 1731 1793 2036 1865; x_wconf 89' lang='lat' dir='ltr'><strong>septenaria</strong></span> 
     </span>
    </p>
   </div>
   <div class='ocr_carea' id='block_1_19' title="bbox 459 1883 2035 1954">
    <p class='ocr_par' dir='ltr' id='par_1_19' title="bbox 459 1883 2035 1954">
     <span class='ocr_line' id='line_1_19' title="bbox 459 1883 2035 1954; baseline 0 -16"><span class='ocrx_word' id='word_1_127' title='bbox 459 1883 692 1951; x_wconf 84' lang='lat' dir='ltr'><strong>ratione,</strong></span> <span class='ocrx_word' id='word_1_128' title='bbox 719 1898 842 1953; x_wconf 71' lang='lat' dir='ltr'><strong>quae</strong></span> <span class='ocrx_word' id='word_1_129' title='bbox 872 1883 1069 1939; x_wconf 71' lang='lat' dir='ltr'><strong>anima:</strong></span> <span class='ocrx_word' id='word_1_130' title='bbox 1117 1883 1446 1940; x_wconf 86' lang='lat' dir='ltr'><strong>oblivionem</strong></span> <span class='ocrx_word' id='word_1_131' title='bbox 1485 1884 1787 1954; x_wconf 85' lang='lat' dir='ltr'><strong>vitiumque</strong></span> <span class='ocrx_word' id='word_1_132' title='bbox 1836 1899 2035 1939; x_wconf 88' lang='lat' dir='ltr'><strong>conse-</strong></span> 
     </span>
    </p>
   </div>
   <div class='ocr_carea' id='block_1_20' title="bbox 459 1974 2033 2045">
    <p class='ocr_par' dir='ltr' id='par_1_20' title="bbox 459 1974 2033 2045">
     <span class='ocr_line' id='line_1_20' title="bbox 459 1974 2033 2045; baseline 0 -16"><span class='ocrx_word' id='word_1_133' title='bbox 459 1975 670 2045; x_wconf 89' lang='lat' dir='ltr'><strong>quitur,</strong></span> <span class='ocrx_word' id='word_1_134' title='bbox 723 1974 1025 2044; x_wconf 90' lang='lat' dir='ltr'><strong>repudiatis</strong></span> <span class='ocrx_word' id='word_1_135' title='bbox 1054 1989 1176 2044; x_wconf 72' lang='lat' dir='ltr'><strong>qua:</strong></span> <span class='ocrx_word' id='word_1_136' title='bbox 1217 1983 1346 2029; x_wconf 87' lang='lat' dir='ltr'><strong>ante</strong></span> <span class='ocrx_word' id='word_1_137' title='bbox 1381 1975 1720 2045; x_wconf 88' lang='lat' dir='ltr'><strong>placuerant,</strong></span> <span class='ocrx_word' id='word_1_138' title='bbox 1762 1975 2033 2038; x_wconf 86' lang='lat' dir='ltr'><strong>veritatis,</strong></span> 
     </span>
    </p>
   </div>
   <div class='ocr_carea' id='block_1_21' title="bbox 458 2064 2034 2138">
    <p class='ocr_par' dir='ltr' id='par_1_21' title="bbox 458 2064 2034 2138">
     <span class='ocr_line' id='line_1_21' title="bbox 458 2064 2034 2138; baseline 0 -16"><span class='ocrx_word' id='word_1_139' title='bbox 458 2067 536 2122; x_wconf 86' lang='lat' dir='ltr'><strong>uti</strong></span> <span class='ocrx_word' id='word_1_140' title='bbox 564 2067 678 2136; x_wconf 79' lang='lat' dir='ltr'><strong>jam</strong></span> <span class='ocrx_word' id='word_1_141' title='bbox 703 2066 909 2122; x_wconf 90' lang='lat' dir='ltr'><strong>dictum</strong></span> <span class='ocrx_word' id='word_1_142' title='bbox 942 2075 1048 2132; x_wconf 82' lang='lat' dir='ltr'><strong>est,</strong></span> <span class='ocrx_word' id='word_1_143' title='bbox 1079 2067 1448 2138; x_wconf 79' lang='lat' dir='ltr'><strong>cognitionem</strong></span> <span class='ocrx_word' id='word_1_144' title='bbox 1483 2067 1792 2122; x_wconf 89' lang='lat' dir='ltr'><strong>haurimus.</strong></span> <span class='ocrx_word' id='word_1_145' title='bbox 1823 2064 2034 2133; x_wconf 87' lang='lat' dir='ltr'><strong>Quibus</strong></span> 
     </span>
    </p>
   </div>
   <div class='ocr_carea' id='block_1_22' title="bbox 459 2156 1136 2216">
    <p class='ocr_par' dir='ltr' id='par_1_22' title="bbox 459 2156 1136 2216">
     <span class='ocr_line' id='line_1_22' title="bbox 459 2156 1136 2216; baseline 0.004 -3"><span class='ocrx_word' id='word_1_146' title='bbox 459 2158 576 2214; x_wconf 67' lang='lat' dir='ltr'><strong>haec</strong></span> <span class='ocrx_word' id='word_1_147' title='bbox 603 2157 724 2212; x_wconf 88' lang='lat' dir='ltr'><strong>Lini</strong></span> <span class='ocrx_word' id='word_1_148' title='bbox 754 2156 937 2213; x_wconf 83' lang='lat' dir='ltr'><strong>aﬂinia</strong></span> <span class='ocrx_word' id='word_1_149' title='bbox 966 2166 1094 2213; x_wconf 90' lang='lat' dir='ltr'><strong>sunt</strong></span> <span class='ocrx_word' id='word_1_150' title='bbox 1120 2174 1136 2216; x_wconf 87' lang='lat'><strong>:</strong></span> 
     </span>
    </p>
   </div>
   <div class='ocr_carea' id='block_1_23' title="bbox 457 2250 1934 2322">
    <p class='ocr_par' dir='ltr' id='par_1_23' title="bbox 457 2250 1934 2322">
     <span class='ocr_line' id='line_1_23' title="bbox 457 2250 1934 2322; baseline -0.001 -15"><span class='ocrx_word' id='word_1_151' title='bbox 457 2250 695 2321; x_wconf 87' lang='lat' dir='ltr'><strong>Septima</strong></span> <span class='ocrx_word' id='word_1_152' title='bbox 705 2252 925 2322; x_wconf 84' lang='lat' dir='ltr'><strong>jamque</strong></span> <span class='ocrx_word' id='word_1_153' title='bbox 954 2250 1091 2322; x_wconf 75' lang='lat' dir='ltr'><strong>dies,</strong></span> <span class='ocrx_word' id='word_1_154' title='bbox 1120 2267 1226 2322; x_wconf 88' lang='lat' dir='ltr'><strong>qua</strong></span> <span class='ocrx_word' id='word_1_155' title='bbox 1246 2259 1437 2304; x_wconf 86' lang='lat' dir='ltr'><strong>cuncta</strong></span> <span class='ocrx_word' id='word_1_156' title='bbox 1463 2261 1670 2317; x_wconf 72' lang='lat' dir='ltr'><strong>exacta,</strong></span> <span class='ocrx_word' id='word_1_157' title='bbox 1695 2251 1934 2306; x_wconf 80' lang='lat' dir='ltr'><strong>rubebat.</strong></span> 
     </span>
    </p>
   </div>
   <div class='ocr_carea' id='block_1_24' title="bbox 457 2343 756 2414">
    <p class='ocr_par' dir='ltr' id='par_1_24' title="bbox 457 2343 756 2414">
     <span class='ocr_line' id='line_1_24' title="bbox 457 2343 756 2414; baseline -0.003 -15"><span class='ocrx_word' id='word_1_158' title='bbox 457 2343 700 2414; x_wconf 86' lang='lat' dir='ltr'><strong>Itemque</strong></span> <span class='ocrx_word' id='word_1_159' title='bbox 741 2361 756 2398; x_wconf 88' lang='lat'>:</span> 
     </span>
    </p>
   </div>
   <div class='ocr_carea' id='block_1_25' title="bbox 457 2435 1764 2507">
    <p class='ocr_par' dir='ltr' id='par_1_25' title="bbox 457 2435 1764 2507">
     <span class='ocr_line' id='line_1_25' title="bbox 457 2435 1764 2507; baseline -0.002 -13"><span class='ocrx_word' id='word_1_160' title='bbox 457 2437 644 2494; x_wconf 84' lang='lat' dir='ltr'><strong>Omitte</strong></span> <span class='ocrx_word' id='word_1_161' title='bbox 677 2437 801 2490; x_wconf 68' lang='lat' dir='ltr'><strong>laeta</strong></span> <span class='ocrx_word' id='word_1_162' title='bbox 822 2435 935 2490; x_wconf 78' lang='lat' dir='ltr'><strong>dies</strong></span> <span class='ocrx_word' id='word_1_163' title='bbox 960 2445 1039 2491; x_wconf 75' lang='lat' dir='ltr'><strong>est</strong></span> <span class='ocrx_word' id='word_1_164' title='bbox 1067 2437 1310 2505; x_wconf 75' lang='lat' dir='ltr'><strong>septima,</strong></span> <span class='ocrx_word' id='word_1_165' title='bbox 1338 2438 1562 2507; x_wconf 72' lang='lat' dir='ltr'><strong>septima</strong></span> <span class='ocrx_word' id='word_1_166' title='bbox 1588 2455 1764 2493; x_wconf 88' lang='lat' dir='ltr'><strong>rerum</strong></span> 
     </span>
    </p>
   </div>
   <div class='ocr_carea' id='block_1_26' title="bbox 457 2507 1700 2579">
    <p class='ocr_par' dir='ltr' id='par_1_26' title="bbox 457 2507 1700 2579">
     <span class='ocr_line' id='line_1_26' title="bbox 457 2507 1700 2579; baseline 0 -15"><span class='ocrx_word' id='word_1_167' title='bbox 457 2507 644 2575; x_wconf 72' lang='lat' dir='ltr'><strong>Ortus,</strong></span> <span class='ocrx_word' id='word_1_168' title='bbox 670 2517 720 2561; x_wconf 88' lang='lat' dir='ltr'><strong>et</strong></span> <span class='ocrx_word' id='word_1_169' title='bbox 747 2507 975 2562; x_wconf 76' lang='lat' dir='ltr'><strong>eximias</strong></span> <span class='ocrx_word' id='word_1_170' title='bbox 1008 2508 1144 2562; x_wconf 86' lang='lat' dir='ltr'><strong>inter</strong></span> <span class='ocrx_word' id='word_1_171' title='bbox 1169 2509 1402 2579; x_wconf 76' lang='lat' dir='ltr'><strong>perfecta</strong></span> <span class='ocrx_word' id='word_1_172' title='bbox 1432 2518 1700 2564; x_wconf 83' lang='lat' dir='ltr'><strong>coruscat.</strong></span> 
     </span>
    </p>
   </div>
   <div class='ocr_carea' id='block_1_27' title="bbox 455 2599 550 2668">
    <p class='ocr_par' dir='ltr' id='par_1_27' title="bbox 455 2599 550 2668">
     <span class='ocr_line' id='line_1_27' title="bbox 455 2599 550 2668; baseline -0.021 -11"><span class='ocrx_word' id='word_1_173' title='bbox 455 2599 550 2668; x_wconf 81' lang='lat' dir='ltr'><strong>Et,</strong></span> 
     </span>
    </p>
   </div>
   <div class='ocr_carea' id='block_1_28' title="bbox 455 2713 1650 2784">
    <p class='ocr_par' dir='ltr' id='par_1_28' title="bbox 455 2713 1650 2784">
     <span class='ocr_line' id='line_1_28' title="bbox 455 2713 1650 2784; baseline -0.001 -13"><span class='ocrx_word' id='word_1_174' title='bbox 455 2715 650 2771; x_wconf 81' lang='lat' dir='ltr'><strong>Omnia</strong></span> <span class='ocrx_word' id='word_1_175' title='bbox 675 2713 878 2770; x_wconf 73' lang='lat' dir='ltr'><strong>sidereo</strong></span> <span class='ocrx_word' id='word_1_176' title='bbox 911 2723 1126 2784; x_wconf 74' lang='lat' dir='ltr'><strong>septena</strong></span> <span class='ocrx_word' id='word_1_177' title='bbox 1150 2713 1394 2771; x_wconf 80' lang='lat' dir='ltr'><strong>videntur</strong></span> <span class='ocrx_word' id='word_1_178' title='bbox 1423 2716 1478 2770; x_wconf 82' lang='lat' dir='ltr'><strong>in</strong></span> <span class='ocrx_word' id='word_1_179' title='bbox 1505 2716 1650 2784; x_wconf 84' lang='lat' dir='ltr'><strong>orbe,</strong></span> 
     </span>
    </p>
   </div>
   <div class='ocr_carea' id='block_1_29' title="bbox 453 2786 1913 2854">
    <p class='ocr_par' dir='ltr' id='par_1_29' title="bbox 453 2786 1913 2854">
     <span class='ocr_line' id='line_1_29' title="bbox 453 2786 1913 2854; baseline -0.001 -13"><span class='ocrx_word' id='word_1_180' title='bbox 453 2786 688 2841; x_wconf 75' lang='lat' dir='ltr'><strong>Motibus</strong></span> <span class='ocrx_word' id='word_1_181' title='bbox 710 2796 760 2840; x_wconf 85' lang='lat' dir='ltr'><strong>et</strong></span> <span class='ocrx_word' id='word_1_182' title='bbox 789 2788 1020 2854; x_wconf 77' lang='lat' dir='ltr'><strong>propriis</strong></span> <span class='ocrx_word' id='word_1_183' title='bbox 1053 2797 1221 2841; x_wconf 80' lang='lat' dir='ltr'><strong>certos</strong></span> <span class='ocrx_word' id='word_1_184' title='bbox 1257 2787 1534 2842; x_wconf 77' lang='lat' dir='ltr'><strong>volvuntur</strong></span> <span class='ocrx_word' id='word_1_185' title='bbox 1566 2788 1622 2841; x_wconf 85' lang='lat' dir='ltr'><strong>in</strong></span> <span class='ocrx_word' id='word_1_186' title='bbox 1657 2804 1844 2843; x_wconf 74' lang='lat' dir='ltr'><strong>annos.</strong></span> <span class='ocrx_word' id='word_1_187' title='bbox 1892 2805 1913 2840; x_wconf 72' lang='grc' dir='ltr'><strong>ι</strong></span> 
     </span>
    </p>
   </div>
   <div class='ocr_carea' id='block_1_30' title="bbox 521 2894 2026 2971">
    <p class='ocr_par' dir='ltr' id='par_1_30' title="bbox 521 2894 2026 2971">
     <span class='ocr_line' id='line_1_30' title="bbox 521 2894 2026 2971; baseline 0.001 -19"><span class='ocrx_word' id='word_1_188' title='bbox 521 2897 650 2952; x_wconf 61' lang='lat' dir='ltr'><strong>Haec</strong></span> <span class='ocrx_word' id='word_1_189' title='bbox 697 2894 1064 2954; x_wconf 81' lang='lat' dir='ltr'><strong>Aristobulus.</strong></span> <span class='ocrx_word' id='word_1_190' title='bbox 1115 2897 1236 2964; x_wconf 92' lang='lat' dir='ltr'><strong>Quo</strong></span> <span class='ocrx_word' id='word_1_191' title='bbox 1289 2898 1481 2954; x_wconf 91' lang='lat' dir='ltr'><strong>eodem</strong></span> <span class='ocrx_word' id='word_1_192' title='bbox 1543 2900 1598 2954; x_wconf 93' lang='lat' dir='ltr'><strong>in</strong></span> <span class='ocrx_word' id='word_1_193' title='bbox 1651 2915 1869 2971; x_wconf 87' lang='lat' dir='ltr'><strong>genere,</strong></span> <span class='ocrx_word' id='word_1_194' title='bbox 1904 2913 2026 2965; x_wconf 70' lang='lat' dir='ltr'><strong>quae</strong></span> 
     </span>
    </p>
   </div>
   <div class='ocr_carea' id='block_1_31' title="bbox 448 2986 2025 3060">
    <p class='ocr_par' dir='ltr' id='par_1_31' title="bbox 448 2986 2025 3060">
     <span class='ocr_line' id='line_1_31' title="bbox 448 2986 2025 3060; baseline -0.001 -15"><span class='ocrx_word' id='word_1_195' title='bbox 448 2989 746 3048; x_wconf 79' lang='lat' dir='ltr'><strong>Clementis</strong></span> <span class='ocrx_word' id='word_1_196' title='bbox 769 2989 942 3046; x_wconf 88' lang='lat' dir='ltr'><strong>nostri</strong></span> <span class='ocrx_word' id='word_1_197' title='bbox 972 2989 1241 3044; x_wconf 79' lang='lat' dir='ltr'><strong>sententia</strong></span> <span class='ocrx_word' id='word_1_198' title='bbox 1276 2986 1460 3056; x_wconf 80' lang='lat' dir='ltr'><strong>fuerit,</strong></span> <span class='ocrx_word' id='word_1_199' title='bbox 1483 3003 1549 3046; x_wconf 79' lang='lat' dir='ltr'><strong>ex</strong></span> <span class='ocrx_word' id='word_1_200' title='bbox 1567 2989 1922 3060; x_wconf 86' lang='lat' dir='ltr'><strong>sequentibus</strong></span> <span class='ocrx_word' id='word_1_201' title='bbox 1940 2989 2025 3044; x_wconf 86' lang='lat' dir='ltr'><strong>iu-</strong></span> 
     </span>
    </p>
   </div>
   <div class='ocr_carea' id='block_1_32' title="bbox 449 3082 676 3154">
    <p class='ocr_par' dir='ltr' id='par_1_32' title="bbox 449 3082 676 3154">
     <span class='ocr_line' id='line_1_32' title="bbox 449 3082 676 3154; baseline -0.004 -16"><span class='ocrx_word' id='word_1_202' title='bbox 449 3082 676 3154; x_wconf 84' lang='lat' dir='ltr'><strong>teliiges.</strong></span> 
     </span>
    </p>
   </div>
   <div class='ocr_carea' id='block_1_33' title="bbox 1016 3192 1433 3250">
    <p class='ocr_par' dir='ltr' id='par_1_33' title="bbox 1016 3192 1433 3250">
     <span class='ocr_line' id='line_1_33' title="bbox 1016 3192 1433 3250; baseline 0 0"><span class='ocrx_word' id='word_1_203' title='bbox 1016 3192 1254 3250; x_wconf 82' lang='lat' dir='ltr'><strong>CAPUT</strong></span> <span class='ocrx_word' id='word_1_204' title='bbox 1293 3193 1433 3250; x_wconf 82' lang='lat' dir='ltr'><strong>Xlll.</strong></span> 
     </span>
    </p>
   </div>
   <div class='ocr_carea' id='block_1_34' title="bbox 447 3286 2018 3356">
    <p class='ocr_par' dir='ltr' id='par_1_34' title="bbox 447 3286 2018 3356">
     <span class='ocr_line' id='line_1_34' title="bbox 447 3286 2018 3356; baseline -0.001 -14"><span class='ocrx_word' id='word_1_205' title='bbox 447 3289 582 3356; x_wconf 75' lang='lat' dir='ltr'><strong>Qu!</strong></span> <span class='ocrx_word' id='word_1_206' title='bbox 605 3306 638 3342; x_wconf 88' lang='lat' dir='ltr'><strong>a</strong></span> <span class='ocrx_word' id='word_1_207' title='bbox 670 3287 872 3344; x_wconf 56' lang='lat' dir='ltr'><strong>Graecis</strong></span> <span class='ocrx_word' id='word_1_208' title='bbox 906 3295 1043 3341; x_wconf 88' lang='lat' dir='ltr'><strong>recte</strong></span> <span class='ocrx_word' id='word_1_209' title='bbox 1066 3288 1265 3356; x_wconf 76' lang='lat' dir='ltr'><strong>scripta</strong></span> <span class='ocrx_word' id='word_1_210' title='bbox 1293 3287 1512 3356; x_wconf 71' lang='lat' dir='ltr'><strong>fuerint,</strong></span> <span class='ocrx_word' id='word_1_211' title='bbox 1533 3303 1597 3341; x_wconf 88' lang='lat' dir='ltr'><strong>ea</strong></span> <span class='ocrx_word' id='word_1_212' title='bbox 1620 3303 1739 3340; x_wconf 75' lang='lat' dir='ltr'><strong>cum</strong></span> <span class='ocrx_word' id='word_1_213' title='bbox 1763 3286 2018 3343; x_wconf 63' lang='lat' dir='ltr'><strong>Hebraeo-</strong></span> 
     </span>
    </p>
   </div>
   <div class='ocr_carea' id='block_1_35' title="bbox 517 3356 2020 3428">
    <p class='ocr_par' dir='ltr' id='par_1_35' title="bbox 517 3356 2020 3428">
     <span class='ocr_line' id='line_1_35' title="bbox 517 3356 2020 3428; baseline 0.001 -16"><span class='ocrx_word' id='word_1_214' title='bbox 517 3375 636 3413; x_wconf 75' lang='lat' dir='ltr'><strong>rum</strong></span> <span class='ocrx_word' id='word_1_215' title='bbox 688 3358 932 3428; x_wconf 72' lang='lat' dir='ltr'><strong>doctrina</strong></span> <span class='ocrx_word' id='word_1_216' title='bbox 971 3359 1303 3421; x_wconf 79' lang='lat' dir='ltr'><strong>consentire,</strong></span> <span class='ocrx_word' id='word_1_217' title='bbox 1352 3374 1386 3411; x_wconf 92' lang='lat' dir='ltr'><strong>a</strong></span> <span class='ocrx_word' id='word_1_218' title='bbox 1439 3356 1704 3412; x_wconf 78' lang='lat' dir='ltr'><strong>Clemente</strong></span> <span class='ocrx_word' id='word_1_219' title='bbox 1767 3371 2020 3428; x_wconf 70' lang='lat' dir='ltr'><strong>prmterea</strong></span> 
     </span>
    </p>
   </div>
   <div class='ocr_carea' id='block_1_36' title="bbox 516 3427 1388 3498">
    <p class='ocr_par' dir='ltr' id='par_1_36' title="bbox 516 3427 1388 3498">
     <span class='ocr_line' id='line_1_36' title="bbox 516 3427 1388 3498; baseline -0.006 -13"><span class='ocrx_word' id='word_1_220' title='bbox 516 3431 815 3486; x_wconf 76' lang='lat' dir='ltr'><strong>ostenditur</strong></span> <span class='ocrx_word' id='word_1_221' title='bbox 836 3468 852 3494; x_wconf 97' lang='lat'><strong>,</strong></span> <span class='ocrx_word' id='word_1_222' title='bbox 887 3427 1157 3483; x_wconf 85' lang='lat' dir='ltr'><strong>Sttumate</strong></span> <span class='ocrx_word' id='word_1_223' title='bbox 1186 3430 1388 3498; x_wconf 84' lang='lat' dir='ltr'><strong>quinto.</strong></span> 
     </span>
    </p>
   </div>
   <div class='ocr_carea' id='block_1_37' title="bbox 523 3585 2015 3658">
    <p class='ocr_par' dir='ltr' id='par_1_37' title="bbox 523 3585 2015 3658">
     <span class='ocr_line' id='line_1_37' title="bbox 523 3585 2015 3658; baseline 0.003 -19"><span class='ocrx_word' id='word_1_224' title='bbox 523 3606 542 3639; x_wconf 80' lang='grc' dir='ltr'><strong>ι</strong></span> <span class='ocrx_word' id='word_1_225' title='bbox 573 3585 776 3642; x_wconf 74' lang='lat' dir='ltr'><strong>Verum</strong></span> <span class='ocrx_word' id='word_1_226' title='bbox 821 3601 942 3657; x_wconf 74' lang='lat' dir='ltr'><strong>quae</strong></span> <span class='ocrx_word' id='word_1_227' title='bbox 994 3594 1322 3658; x_wconf 89' lang='lat' dir='ltr'><strong>sequuntur,</strong></span> <span class='ocrx_word' id='word_1_228' title='bbox 1376 3587 1598 3658; x_wconf 91' lang='lat' dir='ltr'><strong>inquit,</strong></span> <span class='ocrx_word' id='word_1_229' title='bbox 1632 3596 2015 3658; x_wconf 86' lang='lat' dir='ltr'><strong>pertexamus,</strong></span> 
     </span>
    </p>
   </div>
   <div class='ocr_carea' id='block_1_38' title="bbox 2145 1055 2655 1124">
    <p class='ocr_par' dir='ltr' id='par_1_38' title="bbox 2145 1055 2655 1124">
     <span class='ocr_line' id='line_1_38' title="bbox 2145 1055 2655 1124; baseline -0.002 -15"><span class='ocrx_word' id='word_1_230' title='bbox 2145 1057 2255 1109; x_wconf 73' lang='grc' dir='ltr'><strong>Καὶ</strong></span> <span class='ocrx_word' id='word_1_231' title='bbox 2284 1056 2444 1110; x_wconf 83' lang='grc' dir='ltr'><em>πάλιν</em></span> <span class='ocrx_word' id='word_1_232' title='bbox 2468 1055 2618 1124; x_wconf 82' lang='grc' dir='ltr'><strong>λέγει</strong></span> <span class='ocrx_word' id='word_1_233' title='bbox 2641 1073 2655 1086; x_wconf 78' lang='grc' dir='ltr'><strong>ο</strong></span> 
     </span>
    </p>
   </div>
   <div class='ocr_carea' id='block_1_39' title="bbox 2155 1142 3552 1218">
    <p class='ocr_par' dir='ltr' id='par_1_39' title="bbox 2155 1142 3552 1218">
     <span class='ocr_line' id='line_1_39' title="bbox 2155 1142 3552 1218; baseline -0.003 -17"><span class='ocrx_word' id='word_1_234' title='bbox 2155 1146 2478 1218; x_wconf 83' lang='grc' dir='ltr'><strong>Ἐϐδομὰτη</strong></span> <span class='ocrx_word' id='word_1_235' title='bbox 2501 1146 2552 1200; x_wconf 86' lang='grc' dir='ltr'><em>δ’</em></span> <span class='ocrx_word' id='word_1_236' title='bbox 2583 1142 2776 1212; x_wconf 83' lang='grc' dir='ltr'><em>αὖθις,</em></span> <span class='ocrx_word' id='word_1_237' title='bbox 2804 1145 3081 1216; x_wconf 74' lang='grc' dir='ltr'>λαμπρὸν</span> <span class='ocrx_word' id='word_1_238' title='bbox 3109 1145 3263 1216; x_wconf 66' lang='grc' dir='ltr'><em>φάος</em></span> <span class='ocrx_word' id='word_1_239' title='bbox 3289 1144 3518 1212; x_wconf 74' lang='grc' dir='ltr'><em>ἠελίοιο</em></span> <span class='ocrx_word' id='word_1_240' title='bbox 3537 1184 3552 1197; x_wconf 95' lang='grc'><strong>.</strong></span> 
     </span>
    </p>
   </div>
   <div class='ocr_carea' id='block_1_40' title="bbox 2143 1238 2841 1312">
    <p class='ocr_par' dir='ltr' id='par_1_40' title="bbox 2143 1238 2841 1312">
     <span class='ocr_line' id='line_1_40' title="bbox 2143 1238 2841 1312; baseline -0.004 -19"><span class='ocrx_word' id='word_1_241' title='bbox 2143 1239 2388 1312; x_wconf 83' lang='grc' dir='ltr'>Ὅμηρος</span> <span class='ocrx_word' id='word_1_242' title='bbox 2409 1239 2464 1293; x_wconf 84' lang='grc' dir='ltr'><em>δὲ</em></span> <span class='ocrx_word' id='word_1_243' title='bbox 2497 1238 2638 1292; x_wconf 80' lang='grc' dir='ltr'>οὕτω</span> <span class='ocrx_word' id='word_1_244' title='bbox 2664 1239 2810 1308; x_wconf 85' lang='grc' dir='ltr'>λέγει</span> <span class='ocrx_word' id='word_1_245' title='bbox 2827 1254 2841 1268; x_wconf 88' lang='grc'><strong>·</strong></span> 
     </span>
    </p>
   </div>
   <div class='ocr_carea' id='block_1_41' title="bbox 2152 1323 3602 1399">
    <p class='ocr_par' dir='ltr' id='par_1_41' title="bbox 2152 1323 3602 1399">
     <span class='ocr_line' id='line_1_41' title="bbox 2152 1323 3602 1399; baseline -0.001 -17"><span class='ocrx_word' id='word_1_246' title='bbox 2152 1329 2470 1399; x_wconf 81' lang='grc' dir='ltr'><strong>Ἐϐδομοὶτη</strong></span> <span class='ocrx_word' id='word_1_247' title='bbox 2500 1330 2552 1384; x_wconf 84' lang='grc' dir='ltr'><em>δ’</em></span> <span class='ocrx_word' id='word_1_248' title='bbox 2588 1328 2803 1398; x_wconf 79' lang='grc' dir='ltr'><em>ἤπειτα</em></span> <span class='ocrx_word' id='word_1_249' title='bbox 2844 1329 3205 1396; x_wconf 77' lang='grc' dir='ltr'>κατήλυθεν,</span> <span class='ocrx_word' id='word_1_250' title='bbox 3236 1328 3397 1397; x_wconf 77' lang='grc' dir='ltr'><em>ἱερὸν</em></span> 
     </span>
    </p>
   </div>
   <div class='ocr_carea' id='block_1_42' title="bbox 2140 1421 2440 1475">
    <p class='ocr_par' dir='ltr' id='par_1_42' title="bbox 2140 1421 2440 1475">
     <span class='ocr_line' id='line_1_42' title="bbox 2140 1421 2440 1475; baseline -0.003 0"><span class='ocrx_word' id='word_1_251' title='bbox 2140 1422 2250 1475; x_wconf 74' lang='grc' dir='ltr'><strong>Καὶ</strong></span> <span class='ocrx_word' id='word_1_252' title='bbox 2278 1421 2440 1475; x_wconf 82' lang='grc' dir='ltr'><em>πάλιν</em></span> 
     </span>
    </p>
   </div>
   <div class='ocr_carea' id='block_1_43' title="bbox 2142 1509 3641 1583">
    <p class='ocr_par' dir='ltr' id='par_1_43' title="bbox 2142 1509 3641 1583">
     <span class='ocr_line' id='line_1_43' title="bbox 2142 1509 3641 1583; baseline 0 -18"><span class='ocrx_word' id='word_1_253' title='bbox 2142 1512 2430 1583; x_wconf 84' lang='grc' dir='ltr'><em>Ἕϐδομον</em></span> <span class='ocrx_word' id='word_1_254' title='bbox 2462 1512 2620 1583; x_wconf 81' lang='grc' dir='ltr'>ἦμαρ</span> <span class='ocrx_word' id='word_1_255' title='bbox 2649 1512 2780 1582; x_wconf 73' lang='grc' dir='ltr'><em>ἔην,</em></span> <span class='ocrx_word' id='word_1_256' title='bbox 2805 1512 2903 1568; x_wconf 69' lang='grc' dir='ltr'><strong>καὶ</strong></span> <span class='ocrx_word' id='word_1_257' title='bbox 2936 1510 3016 1578; x_wconf 85' lang='grc' dir='ltr'><strong><em>τῷ</em></strong></span> <span class='ocrx_word' id='word_1_258' title='bbox 3041 1509 3356 1565; x_wconf 75' lang='grc' dir='ltr'><strong>τετέλεστο</strong></span> <span class='ocrx_word' id='word_1_259' title='bbox 3382 1509 3641 1566; x_wconf 80' lang='grc' dir='ltr'><em>ἅπαντα.</em></span> 
     </span>
    </p>
   </div>
   <div class='ocr_carea' id='block_1_44' title="bbox 2137 1606 2270 1660">
    <p class='ocr_par' dir='ltr' id='par_1_44' title="bbox 2137 1606 2270 1660">
     <span class='ocr_line' id='line_1_44' title="bbox 2137 1606 2270 1660; baseline 0 0"><span class='ocrx_word' id='word_1_260' title='bbox 2137 1606 2270 1660; x_wconf 82' lang='grc' dir='ltr'><strong>Καί·</strong></span> 
     </span>
    </p>
   </div>
   <div class='ocr_carea' id='block_1_45' title="bbox 2149 1695 3606 1768">
    <p class='ocr_par' dir='ltr' id='par_1_45' title="bbox 2149 1695 3606 1768">
     <span class='ocr_line' id='line_1_45' title="bbox 2149 1695 3606 1768; baseline 0.001 -18"><span class='ocrx_word' id='word_1_261' title='bbox 2149 1696 2466 1768; x_wconf 78' lang='grc' dir='ltr'><strong>Ἐϐϐομάτῃ</strong></span> <span class='ocrx_word' id='word_1_262' title='bbox 2499 1695 2574 1764; x_wconf 85' lang='grc' dir='ltr'><em>δή</em></span> <span class='ocrx_word' id='word_1_263' title='bbox 2596 1700 2650 1752; x_wconf 76' lang='grc' dir='ltr'><em>οἱ</em></span> <span class='ocrx_word' id='word_1_264' title='bbox 2681 1699 2939 1766; x_wconf 70' lang='grc' dir='ltr'><em>λίπομεν</em></span> <span class='ocrx_word' id='word_1_265' title='bbox 2958 1699 3111 1766; x_wconf 75' lang='grc' dir='ltr'><em>ῥόον</em></span> <span class='ocrx_word' id='word_1_266' title='bbox 3146 1696 3216 1763; x_wconf 79' lang='grc' dir='ltr'><strong>ἐξ</strong></span> <span class='ocrx_word' id='word_1_267' title='bbox 3247 1698 3606 1768; x_wconf 77' lang='grc' dir='ltr'><strong>Ἀχέροντος.</strong></span> 
     </span>
    </p>
   </div>
   <div class='ocr_carea' id='block_1_46' title="bbox 2135 1788 3720 1862">
    <p class='ocr_par' dir='ltr' id='par_1_46' title="bbox 2135 1788 3720 1862">
     <span class='ocr_line' id='line_1_46' title="bbox 2135 1788 3720 1862; baseline -0.001 -18"><span class='ocrx_word' id='word_1_268' title='bbox 2135 1791 2306 1846; x_wconf 83' lang='grc' dir='ltr'>Τοῦτο</span> <span class='ocrx_word' id='word_1_269' title='bbox 2345 1791 2411 1862; x_wconf 84' lang='grc' dir='ltr'><em>δὴ</em></span> <span class='ocrx_word' id='word_1_270' title='bbox 2459 1791 2761 1862; x_wconf 82' lang='grc' dir='ltr'><strong>σημαίνων,</strong></span> <span class='ocrx_word' id='word_1_271' title='bbox 2806 1791 2882 1854; x_wconf 83' lang='grc' dir='ltr'>ὡς</span> <span class='ocrx_word' id='word_1_272' title='bbox 2911 1791 3020 1844; x_wconf 81' lang='grc' dir='ltr'><strong>ἀπὸ</strong></span> <span class='ocrx_word' id='word_1_273' title='bbox 3045 1789 3147 1861; x_wconf 80' lang='grc' dir='ltr'>τῆς</span> <span class='ocrx_word' id='word_1_274' title='bbox 3171 1790 3314 1844; x_wconf 84' lang='grc' dir='ltr'>κατὰ</span> <span class='ocrx_word' id='word_1_275' title='bbox 3343 1789 3519 1861; x_wconf 77' lang='grc' dir='ltr'>ψυχὴν</span> <span class='ocrx_word' id='word_1_276' title='bbox 3548 1788 3720 1861; x_wconf 80' lang='grc' dir='ltr'><strong>λήθης</strong></span> 
     </span>
    </p>
   </div>
   <div class='ocr_carea' id='block_1_47' title="bbox 2135 1882 3718 1954">
    <p class='ocr_par' dir='ltr' id='par_1_47' title="bbox 2135 1882 3718 1954">
     <span class='ocr_line' id='line_1_47' title="bbox 2135 1882 3718 1954; baseline -0.001 -16"><span class='ocrx_word' id='word_1_277' title='bbox 2135 1885 2229 1938; x_wconf 71' lang='grc' dir='ltr'><strong>καὶ</strong></span> <span class='ocrx_word' id='word_1_278' title='bbox 2260 1883 2478 1945; x_wconf 81' lang='grc' dir='ltr'>κακίας,</span> <span class='ocrx_word' id='word_1_279' title='bbox 2511 1885 2568 1936; x_wconf 85' lang='grc' dir='ltr'><strong>ὲν</strong></span> <span class='ocrx_word' id='word_1_280' title='bbox 2606 1882 2684 1954; x_wconf 84' lang='grc' dir='ltr'>τῷ</span> <span class='ocrx_word' id='word_1_281' title='bbox 2723 1884 2842 1936; x_wconf 83' lang='grc' dir='ltr'>κατ’</span> <span class='ocrx_word' id='word_1_282' title='bbox 2885 1882 3145 1953; x_wconf 80' lang='grc' dir='ltr'>ἀλήθειαν</span> <span class='ocrx_word' id='word_1_283' title='bbox 3188 1882 3402 1954; x_wconf 82' lang='grc' dir='ltr'>ἑϐδόμῳ</span> <span class='ocrx_word' id='word_1_284' title='bbox 3426 1883 3589 1953; x_wconf 85' lang='grc' dir='ltr'>λόγῳ,</span> <span class='ocrx_word' id='word_1_285' title='bbox 3613 1899 3718 1936; x_wconf 72' lang='grc' dir='ltr'><strong>και</strong></span> 
     </span>
    </p>
   </div>
   <div class='ocr_carea' id='block_1_48' title="bbox 2132 1975 3717 2049">
    <p class='ocr_par' dir='ltr' id='par_1_48' title="bbox 2132 1975 3717 2049">
     <span class='ocr_line' id='line_1_48' title="bbox 2132 1975 3717 2049; baseline 0 -19"><span class='ocrx_word' id='word_1_286' title='bbox 2132 1977 2532 2049; x_wconf 84' lang='grc' dir='ltr'>ταλιμπάνεται</span> <span class='ocrx_word' id='word_1_287' title='bbox 2559 1977 2628 2031; x_wconf 83' lang='grc' dir='ltr'><strong>τὰ</strong></span> <span class='ocrx_word' id='word_1_288' title='bbox 2668 1976 3063 2049; x_wconf 84' lang='grc' dir='ltr'><strong>προειρημένα,</strong></span> <span class='ocrx_word' id='word_1_289' title='bbox 3094 1977 3187 2030; x_wconf 73' lang='grc' dir='ltr'><strong>καὶ</strong></span> <span class='ocrx_word' id='word_1_290' title='bbox 3225 1975 3426 2046; x_wconf 84' lang='grc' dir='ltr'><em>γνῶσιν</em></span> <span class='ocrx_word' id='word_1_291' title='bbox 3459 1977 3717 2048; x_wconf 79' lang='grc' dir='ltr'><strong>ἀληθείας</strong></span> 
     </span>
    </p>
   </div>
   <div class='ocr_carea' id='block_1_49' title="bbox 2132 2067 3717 2142">
    <p class='ocr_par' dir='ltr' id='par_1_49' title="bbox 2132 2067 3717 2142">
     <span class='ocr_line' id='line_1_49' title="bbox 2132 2067 3717 2142; baseline 0.001 -21"><span class='ocrx_word' id='word_1_292' title='bbox 2132 2067 2520 2140; x_wconf 80' lang='grc' dir='ltr'>λαμϐάνομεν,</span> <span class='ocrx_word' id='word_1_293' title='bbox 2580 2067 2761 2133; x_wconf 84' lang='grc' dir='ltr'>καθὼς</span> <span class='ocrx_word' id='word_1_294' title='bbox 2813 2068 3155 2142; x_wconf 81' lang='grc' dir='ltr'>προείρηται.</span> <span class='ocrx_word' id='word_1_295' title='bbox 3222 2069 3380 2132; x_wconf 81' lang='grc' dir='ltr'>Δῖνος</span> <span class='ocrx_word' id='word_1_296' title='bbox 3448 2067 3506 2122; x_wconf 85' lang='grc' dir='ltr'><em>δέ</em></span> <span class='ocrx_word' id='word_1_297' title='bbox 3549 2081 3717 2140; x_wconf 84' lang='grc' dir='ltr'>φησιν</span> 
     </span>
    </p>
   </div>
   <div class='ocr_carea' id='block_1_50' title="bbox 2131 2158 2344 2223">
    <p class='ocr_par' dir='ltr' id='par_1_50' title="bbox 2131 2158 2344 2223">
     <span class='ocr_line' id='line_1_50' title="bbox 2131 2158 2344 2223; baseline 0.005 -12"><span class='ocrx_word' id='word_1_298' title='bbox 2131 2158 2304 2223; x_wconf 73' lang='grc' dir='ltr'>οὕτως</span> <span class='ocrx_word' id='word_1_299' title='bbox 2331 2175 2344 2188; x_wconf 85' lang='lat'><strong><em>°</em></strong></span> 
     </span>
    </p>
   </div>
   <div class='ocr_carea' id='block_1_51' title="bbox 2146 2247 3624 2320">
    <p class='ocr_par' dir='ltr' id='par_1_51' title="bbox 2146 2247 3624 2320">
     <span class='ocr_line' id='line_1_51' title="bbox 2146 2247 3624 2320; baseline -0.001 -17"><span class='ocrx_word' id='word_1_300' title='bbox 2146 2248 2472 2319; x_wconf 78' lang='grc' dir='ltr'><em>Ἐϐδομάτῃ</em></span> <span class='ocrx_word' id='word_1_301' title='bbox 2501 2248 2577 2319; x_wconf 84' lang='grc' dir='ltr'><em>δή</em></span> <span class='ocrx_word' id='word_1_302' title='bbox 2601 2253 2654 2304; x_wconf 80' lang='grc' dir='ltr'><strong>οι</strong></span> <span class='ocrx_word' id='word_1_303' title='bbox 2685 2251 3080 2320; x_wconf 75' lang='grc' dir='ltr'><strong>τετελεσμένα</strong></span> <span class='ocrx_word' id='word_1_304' title='bbox 3109 2247 3306 2302; x_wconf 79' lang='grc' dir='ltr'><em>πάντα</em></span> <span class='ocrx_word' id='word_1_305' title='bbox 3331 2248 3624 2303; x_wconf 84' lang='grc' dir='ltr'><em>τέτυκται.</em></span> 
     </span>
    </p>
   </div>
   <div class='ocr_carea' id='block_1_52' title="bbox 2061 2313 2468 2397">
    <p class='ocr_par' dir='ltr' id='par_1_52' title="bbox 2061 2313 2468 2397">
     <span class='ocr_line' id='line_1_52' title="bbox 2061 2313 2468 2397; baseline -0.002 0"><span class='ocrx_word' id='word_1_306' title='bbox 2061 2313 2108 2376; x_wconf 72' lang='grc' dir='ltr'><strong>Β</strong></span> <span class='ocrx_word' id='word_1_307' title='bbox 2135 2345 2246 2396; x_wconf 80' lang='grc' dir='ltr'><strong>Καὶ</strong></span> <span class='ocrx_word' id='word_1_308' title='bbox 2269 2313 2468 2397; x_wconf 63' lang='grc' dir='ltr'><em>παλίνῖ</em></span> 
     </span>
    </p>
   </div>
   <div class='ocr_carea' id='block_1_53' title="bbox 2143 2431 3712 2504">
    <p class='ocr_par' dir='ltr' id='par_1_53' title="bbox 2143 2431 3712 2504">
     <span class='ocr_line' id='line_1_53' title="bbox 2143 2431 3712 2504; baseline -0.002 -16"><span class='ocrx_word' id='word_1_309' title='bbox 2143 2434 2393 2503; x_wconf 77' lang='grc' dir='ltr'>Ἑϐδόμη</span> <span class='ocrx_word' id='word_1_310' title='bbox 2447 2434 2538 2487; x_wconf 80' lang='grc' dir='ltr'><strong>ειν</strong></span> <span class='ocrx_word' id='word_1_311' title='bbox 2586 2431 2846 2502; x_wconf 71' lang='grc' dir='ltr'>ἀγαθοῖς,</span> <span class='ocrx_word' id='word_1_312' title='bbox 2878 2435 2975 2486; x_wconf 78' lang='grc' dir='ltr'><strong>καὶ</strong></span> <span class='ocrx_word' id='word_1_313' title='bbox 3018 2432 3235 2502; x_wconf 77' lang='grc' dir='ltr'>ἑϐδόμη</span> <span class='ocrx_word' id='word_1_314' title='bbox 3268 2432 3401 2486; x_wconf 72' lang='grc' dir='ltr'><strong>ἐστὶ</strong></span> <span class='ocrx_word' id='word_1_315' title='bbox 3433 2431 3712 2504; x_wconf 71' lang='grc' dir='ltr'>γενέθληο</span> 
     </span>
    </p>
   </div>
   <div class='ocr_carea' id='block_1_54' title="bbox 2139 2524 3612 2597">
    <p class='ocr_par' dir='ltr' id='par_1_54' title="bbox 2139 2524 3612 2597">
     <span class='ocr_line' id='line_1_54' title="bbox 2139 2524 3612 2597; baseline 0 -16"><span class='ocrx_word' id='word_1_316' title='bbox 2139 2525 2392 2596; x_wconf 81' lang='grc' dir='ltr'>Ἑϐδόμη</span> <span class='ocrx_word' id='word_1_317' title='bbox 2425 2525 2496 2580; x_wconf 85' lang='grc' dir='ltr'><em>ἐν</em></span> <span class='ocrx_word' id='word_1_318' title='bbox 2522 2524 2823 2595; x_wconf 77' lang='grc' dir='ltr'><em>πρώτοισι,</em></span> <span class='ocrx_word' id='word_1_319' title='bbox 2854 2525 2953 2580; x_wconf 75' lang='grc' dir='ltr'><strong>καὶ</strong></span> <span class='ocrx_word' id='word_1_320' title='bbox 2980 2525 3197 2597; x_wconf 82' lang='grc' dir='ltr'>ἑϐδόμη</span> <span class='ocrx_word' id='word_1_321' title='bbox 3225 2526 3357 2581; x_wconf 75' lang='grc' dir='ltr'><em>ἐστι</em></span> <span class='ocrx_word' id='word_1_322' title='bbox 3391 2527 3612 2592; x_wconf 71' lang='grc' dir='ltr'>τελείη.</span> 
     </span>
    </p>
   </div>
   <div class='ocr_carea' id='block_1_55' title="bbox 2131 2617 2258 2673">
    <p class='ocr_par' dir='ltr' id='par_1_55' title="bbox 2131 2617 2258 2673">
     <span class='ocr_line' id='line_1_55' title="bbox 2131 2617 2258 2673; baseline -0.008 0"><span class='ocrx_word' id='word_1_323' title='bbox 2131 2617 2258 2673; x_wconf 76' lang='grc' dir='ltr'><strong>Καίο</strong></span> 
     </span>
    </p>
   </div>
   <div class='ocr_carea' id='block_1_56' title="bbox 2140 2707 3708 2779">
    <p class='ocr_par' dir='ltr' id='par_1_56' title="bbox 2140 2707 3708 2779">
     <span class='ocr_line' id='line_1_56' title="bbox 2140 2707 3708 2779; baseline -0.002 -14"><span class='ocrx_word' id='word_1_324' title='bbox 2140 2711 2325 2765; x_wconf 80' lang='grc' dir='ltr'><em>Ἑπτὰ</em></span> <span class='ocrx_word' id='word_1_325' title='bbox 2349 2708 2416 2764; x_wconf 81' lang='grc' dir='ltr'><em>δὲ</em></span> <span class='ocrx_word' id='word_1_326' title='bbox 2441 2707 2638 2764; x_wconf 81' lang='grc' dir='ltr'><em>πάντα</em></span> <span class='ocrx_word' id='word_1_327' title='bbox 2664 2710 2938 2764; x_wconf 80' lang='grc' dir='ltr'><strong>τέτυκται</strong></span> <span class='ocrx_word' id='word_1_328' title='bbox 2968 2710 3039 2764; x_wconf 84' lang='grc' dir='ltr'><strong>ἐν</strong></span> <span class='ocrx_word' id='word_1_329' title='bbox 3072 2709 3308 2778; x_wconf 81' lang='grc' dir='ltr'>οὐρανῷ</span> <span class='ocrx_word' id='word_1_330' title='bbox 3337 2711 3708 2779; x_wconf 77' lang='grc' dir='ltr'><strong>ἀστερόεντι,</strong></span> 
     </span>
    </p>
   </div>
   <div class='ocr_carea' id='block_1_57' title="bbox 2139 2780 3704 2852">
    <p class='ocr_par' dir='ltr' id='par_1_57' title="bbox 2139 2780 3704 2852">
     <span class='ocr_line' id='line_1_57' title="bbox 2139 2780 3704 2852; baseline -0.002 -17"><span class='ocrx_word' id='word_1_331' title='bbox 2139 2782 2243 2835; x_wconf 87' lang='grc' dir='ltr'><strong>Ἐν</strong></span> <span class='ocrx_word' id='word_1_332' title='bbox 2265 2782 2540 2835; x_wconf 80' lang='grc' dir='ltr'><em>κύκλοισι</em></span> <span class='ocrx_word' id='word_1_333' title='bbox 2563 2780 2804 2850; x_wconf 69' lang='grc' dir='ltr'><em>φανέντ’</em></span> <span class='ocrx_word' id='word_1_334' title='bbox 2825 2781 3307 2852; x_wconf 75' lang='grc' dir='ltr'><em>ἐπιτελλομένοις</em></span> <span class='ocrx_word' id='word_1_335' title='bbox 3335 2780 3652 2846; x_wconf 80' lang='grc' dir='ltr'><em>ἐνιαυτοῖς.</em></span> <span class='ocrx_word' id='word_1_336' title='bbox 3683 2799 3704 2833; x_wconf 75' lang='grc' dir='ltr'><strong>ι</strong></span> 
     </span>
    </p>
   </div>
   <div class='ocr_carea' id='block_1_58' title="bbox 2197 2895 3712 2968">
    <p class='ocr_par' dir='ltr' id='par_1_58' title="bbox 2197 2895 3712 2968">
     <span class='ocr_line' id='line_1_58' title="bbox 2197 2895 3712 2968; baseline -0.003 -16"><span class='ocrx_word' id='word_1_337' title='bbox 2197 2898 2278 2952; x_wconf 83' lang='grc' dir='ltr'><strong>Τὰ</strong></span> <span class='ocrx_word' id='word_1_338' title='bbox 2299 2899 2396 2968; x_wconf 83' lang='grc' dir='ltr'>μὲν</span> <span class='ocrx_word' id='word_1_339' title='bbox 2437 2897 2850 2968; x_wconf 81' lang='grc' dir='ltr'>Ἀριστοϐούλου</span> <span class='ocrx_word' id='word_1_340' title='bbox 2876 2896 3119 2951; x_wconf 81' lang='grc' dir='ltr'>τοιαῦτα.</span> <span class='ocrx_word' id='word_1_341' title='bbox 3157 2897 3349 2950; x_wconf 85' lang='grc' dir='ltr'>Ὀποῖα</span> <span class='ocrx_word' id='word_1_342' title='bbox 3372 2895 3430 2950; x_wconf 83' lang='grc' dir='ltr'><em>δὲ</em></span> <span class='ocrx_word' id='word_1_343' title='bbox 3460 2895 3554 2950; x_wconf 77' lang='grc' dir='ltr'><strong>καὶ</strong></span> <span class='ocrx_word' id='word_1_344' title='bbox 3571 2895 3712 2966; x_wconf 83' lang='grc' dir='ltr'><strong>Κλή-</strong></span> 
     </span>
    </p>
   </div>
   <div class='ocr_carea' id='block_1_59' title="bbox 2127 2987 3709 3064">
    <p class='ocr_par' dir='ltr' id='par_1_59' title="bbox 2127 2987 3709 3064">
     <span class='ocr_line' id='line_1_59' title="bbox 2127 2987 3709 3064; baseline -0.003 -18"><span class='ocrx_word' id='word_1_345' title='bbox 2127 3010 2280 3064; x_wconf 85' lang='grc' dir='ltr'>μεντι</span> <span class='ocrx_word' id='word_1_346' title='bbox 2315 2993 2442 3062; x_wconf 69' lang='grc' dir='ltr'><em>περὶ</em></span> <span class='ocrx_word' id='word_1_347' title='bbox 2473 2991 2572 3062; x_wconf 83' lang='grc' dir='ltr'><strong>τῆς</strong></span> <span class='ocrx_word' id='word_1_348' title='bbox 2607 2990 2778 3061; x_wconf 82' lang='grc' dir='ltr'>αὐτῆς</span> <span class='ocrx_word' id='word_1_349' title='bbox 2809 2991 3024 3064; x_wconf 75' lang='grc' dir='ltr'>εἴρηται</span> <span class='ocrx_word' id='word_1_350' title='bbox 3063 2989 3397 3054; x_wconf 82' lang='grc' dir='ltr'><strong>ὑποθέσεως,</strong></span> <span class='ocrx_word' id='word_1_351' title='bbox 3427 2989 3610 3060; x_wconf 81' lang='grc' dir='ltr'><strong>γνοίης</strong></span> <span class='ocrx_word' id='word_1_352' title='bbox 3641 2987 3709 3042; x_wconf 71' lang='grc' dir='ltr'><strong>ἂν</strong></span> 
     </span>
    </p>
   </div>
   <div class='ocr_carea' id='block_1_60' title="bbox 2121 3084 2464 3140">
    <p class='ocr_par' dir='ltr' id='par_1_60' title="bbox 2121 3084 2464 3140">
     <span class='ocr_line' id='line_1_60' title="bbox 2121 3084 2464 3140; baseline 0.006 -2"><span class='ocrx_word' id='word_1_353' title='bbox 2121 3085 2210 3139; x_wconf 75' lang='grc' dir='ltr'><em>διὰ</em></span> <span class='ocrx_word' id='word_1_354' title='bbox 2243 3084 2464 3140; x_wconf 84' lang='grc' dir='ltr'>τούτων.</span> 
     </span>
    </p>
   </div>
   <div class='ocr_carea' id='block_1_61' title="bbox 2641 3196 3182 3252">
    <p class='ocr_par' dir='ltr' id='par_1_61' title="bbox 2641 3196 3182 3252">
     <span class='ocr_line' id='line_1_61' title="bbox 2641 3196 3182 3252; baseline -0.002 0"><span class='ocrx_word' id='word_1_355' title='bbox 2641 3196 3037 3252; x_wconf 79' lang='grc' dir='ltr'><strong>ΚΕΦΑΛΑΙΟΝ</strong></span> <span class='ocrx_word' id='word_1_356' title='bbox 3086 3197 3182 3251; x_wconf 77' lang='lat' dir='ltr'><strong>II&quot;.</strong></span> 
     </span>
    </p>
   </div>
   <div class='ocr_carea' id='block_1_62' title="bbox 2133 3287 3710 3362">
    <p class='ocr_par' dir='ltr' id='par_1_62' title="bbox 2133 3287 3710 3362">
     <span class='ocr_line' id='line_1_62' title="bbox 2133 3287 3710 3362; baseline -0.005 -15"><span class='ocrx_word' id='word_1_357' title='bbox 2133 3291 2228 3359; x_wconf 80' lang='grc' dir='ltr'><em>Ὠς</em></span> <span class='ocrx_word' id='word_1_358' title='bbox 2254 3292 2351 3346; x_wconf 75' lang='grc' dir='ltr'><strong>καὶ</strong></span> <span class='ocrx_word' id='word_1_359' title='bbox 2381 3290 2627 3362; x_wconf 73' lang='grc' dir='ltr'><strong>Κλήμης</strong></span> <span class='ocrx_word' id='word_1_360' title='bbox 2660 3292 2874 3360; x_wconf 78' lang='grc' dir='ltr'><em>ὁμοίιος</em></span> <span class='ocrx_word' id='word_1_361' title='bbox 2890 3289 2980 3362; x_wconf 64' lang='grc' dir='ltr'><strong>Δτὰ</strong></span> <span class='ocrx_word' id='word_1_362' title='bbox 3013 3287 3212 3362; x_wconf 65' lang='lat' dir='ltr'><strong>aea.ch</strong></span> <span class='ocrx_word' id='word_1_363' title='bbox 3233 3288 3542 3362; x_wconf 32' lang='grc' dir='ltr'>,Ἕλλησιν</span> <span class='ocrx_word' id='word_1_364' title='bbox 3560 3287 3710 3362; x_wconf 69' lang='grc' dir='ltr'><strong>εἰρη-</strong></span> 
     </span>
    </p>
   </div>
   <div class='ocr_carea' id='block_1_63' title="bbox 2184 3358 3708 3434">
    <p class='ocr_par' dir='ltr' id='par_1_63' title="bbox 2184 3358 3708 3434">
     <span class='ocr_line' id='line_1_63' title="bbox 2184 3358 3708 3434; baseline -0.005 -17"><span class='ocrx_word' id='word_1_365' title='bbox 2184 3358 2339 3434; x_wconf 86' lang='grc' dir='ltr'>μένα</span> <span class='ocrx_word' id='word_1_366' title='bbox 2379 3358 2672 3434; x_wconf 57' lang='grc' dir='ltr'>σιξμέρωνα</span> <span class='ocrx_word' id='word_1_367' title='bbox 2692 3358 3034 3434; x_wconf 65' lang='grc' dir='ltr'><em>τυγχάνειν</em></span> <span class='ocrx_word' id='word_1_368' title='bbox 3061 3358 3206 3434; x_wconf 40' lang='grc' dir='ltr'><em>τοῖς.</em></span> <span class='ocrx_word' id='word_1_369' title='bbox 3233 3358 3512 3434; x_wconf 47' lang='grc' dir='ltr'>Ἑϐραίῳ-ν</span> <span class='ocrx_word' id='word_1_370' title='bbox 3535 3358 3708 3426; x_wconf 77' lang='grc' dir='ltr'>παρί-</span> 
     </span>
    </p>
   </div>
   <div class='ocr_carea' id='block_1_64' title="bbox 2190 3427 3707 3501">
    <p class='ocr_par' dir='ltr' id='par_1_64' title="bbox 2190 3427 3707 3501">
     <span class='ocr_line' id='line_1_64' title="bbox 2190 3427 3707 3501; baseline -0.005 -14"><span class='ocrx_word' id='word_1_371' title='bbox 2190 3427 2378 3500; x_wconf 69' lang='grc' dir='ltr'><em>στησι</em></span> <span class='ocrx_word' id='word_1_372' title='bbox 2430 3427 2745 3501; x_wconf 63' lang='grc' dir='ltr'>δόγμασιν.</span> <span class='ocrx_word' id='word_1_373' title='bbox 2795 3427 2940 3484; x_wconf 58' lang='lat' dir='ltr'><strong>uno</strong></span> <span class='ocrx_word' id='word_1_374' title='bbox 2990 3429 3098 3482; x_wconf 82' lang='grc' dir='ltr'><em>τοῦ</em></span> <span class='ocrx_word' id='word_1_375' title='bbox 3120 3427 3405 3498; x_wconf 37' lang='grc' dir='ltr'><em>,πέμπτου</em></span> <span class='ocrx_word' id='word_1_376' title='bbox 3440 3427 3707 3500; x_wconf 85' lang='grc' dir='ltr'>Στρωμα-</span> 
     </span>
    </p>
   </div>
   <div class='ocr_carea' id='block_1_65' title="bbox 2188 3503 2718 3572">
    <p class='ocr_par' dir='ltr' id='par_1_65' title="bbox 2188 3503 2718 3572">
     <span class='ocr_line' id='line_1_65' title="bbox 2188 3503 2718 3572; baseline -0.006 -15"><span class='ocrx_word' id='word_1_377' title='bbox 2188 3503 2328 3568; x_wconf 81' lang='grc' dir='ltr'>τέως</span> <span class='ocrx_word' id='word_1_378' title='bbox 2353 3503 2718 3572; x_wconf 77' lang='grc' dir='ltr'><strong>Κλήμεντος.</strong></span> 
     </span>
    </p>
   </div>
   <div class='ocr_carea' id='block_1_66' title="bbox 2199 3589 3706 3665">
    <p class='ocr_par' dir='ltr' id='par_1_66' title="bbox 2199 3589 3706 3665">
     <span class='ocr_line' id='line_1_66' title="bbox 2199 3589 3706 3665; baseline -0.003 -18"><span class='ocrx_word' id='word_1_379' title='bbox 2199 3614 2218 3647; x_wconf 80' lang='grc' dir='ltr'><strong>ι</strong></span> <span class='ocrx_word' id='word_1_380' title='bbox 2258 3595 2337 3648; x_wconf 81' lang='grc' dir='ltr'>Τὰ</span> <span class='ocrx_word' id='word_1_381' title='bbox 2385 3595 2428 3648; x_wconf 77' lang='grc' dir='ltr'><em>δ’</em></span> <span class='ocrx_word' id='word_1_382' title='bbox 2467 3595 2592 3665; x_wconf 79' lang='grc' dir='ltr'><strong>ὲξῆς</strong></span> <span class='ocrx_word' id='word_1_383' title='bbox 2618 3592 2730 3665; x_wconf 67' lang='grc'><strong>(29)</strong></span> <span class='ocrx_word' id='word_1_384' title='bbox 2779 3591 3231 3663; x_wconf 78' lang='grc' dir='ltr'><strong>προσαποδοτέον,</strong></span> <span class='ocrx_word' id='word_1_385' title='bbox 3266 3591 3362 3644; x_wconf 76' lang='grc' dir='ltr'><strong>καὶ</strong></span> <span class='ocrx_word' id='word_1_386' title='bbox 3391 3591 3491 3661; x_wconf 78' lang='grc' dir='ltr'>τὴν</span> <span class='ocrx_word' id='word_1_387' title='bbox 3516 3590 3580 3642; x_wconf 79' lang='grc' dir='ltr'><strong>ἐκ</strong></span> <span class='ocrx_word' id='word_1_388' title='bbox 3602 3589 3706 3660; x_wconf 79' lang='grc' dir='ltr'><strong>τῆς</strong></span> 
     </span>
    </p>
   </div>
   <div class='ocr_carea' id='block_1_67' title="bbox 443 3657 2014 3761">
    <p class='ocr_par' dir='ltr' id='par_1_67' title="bbox 443 3657 2014 3749">
     <span class='ocr_line' id='line_1_67' title="bbox 443 3657 2014 3749; baseline -0.001 -15"><span class='ocrx_word' id='word_1_389' title='bbox 443 3694 673 3749; x_wconf 70' lang='lat' dir='ltr'><strong>quaeque</strong></span> <span class='ocrx_word' id='word_1_390' title='bbox 693 3677 871 3732; x_wconf 71' lang='lat' dir='ltr'><strong>Graeci</strong></span> <span class='ocrx_word' id='word_1_391' title='bbox 903 3676 1135 3732; x_wconf 89' lang='lat' dir='ltr'><strong>barbara</strong></span> <span class='ocrx_word' id='word_1_392' title='bbox 1157 3693 1222 3733; x_wconf 81' lang='lat' dir='ltr'><strong>ex</strong></span> <span class='ocrx_word' id='word_1_393' title='bbox 1243 3657 1589 3748; x_wconf 82' lang='lat' dir='ltr'><strong>philosophia</strong></span> <span class='ocrx_word' id='word_1_394' title='bbox 1613 3657 1860 3733; x_wconf 80' lang='lat' dir='ltr'><strong>suﬂ&#39;urati</strong></span> <span class='ocrx_word' id='word_1_395' title='bbox 1887 3679 2014 3744; x_wconf 91' lang='lat' dir='ltr'><strong>sint,</strong></span> 
     </span>
    </p>
   </div>
   <div class='ocr_carea' id='block_1_68' title="bbox 2117 3657 3706 3761">
    <p class='ocr_par' dir='ltr' id='par_1_68' title="bbox 2124 3657 3706 3761">
     <span class='ocr_line' id='line_1_68' title="bbox 2124 3657 3706 3761; baseline -0.004 -19"><span class='ocrx_word' id='word_1_396' title='bbox 2124 3687 2400 3761; x_wconf 79' lang='grc' dir='ltr'>βαρϐάρου</span> <span class='ocrx_word' id='word_1_397' title='bbox 2437 3657 2756 3757; x_wconf 67' lang='grc' dir='ltr'>φιλοσοιρίας</span> <span class='ocrx_word' id='word_1_398' title='bbox 2783 3657 3101 3756; x_wconf 64' lang='grc' dir='ltr'>Ἑλληνικὴν</span> <span class='ocrx_word' id='word_1_399' title='bbox 3129 3684 3337 3754; x_wconf 82' lang='grc' dir='ltr'><em>κλοπὴν</em></span> <span class='ocrx_word' id='word_1_400' title='bbox 3371 3657 3706 3754; x_wconf 50' lang='grc' dir='ltr'>σαξςέστερον</span> 
     </span>
    </p>
   </div>
   <div class='ocr_carea' id='block_1_69' title="bbox 444 3769 2018 3840">
    <p class='ocr_par' dir='ltr' id='par_1_69' title="bbox 444 3769 2018 3840">
     <span class='ocr_line' id='line_1_69' title="bbox 444 3769 2018 3840; baseline 0.001 -16"><span class='ocrx_word' id='word_1_401' title='bbox 444 3771 500 3824; x_wconf 91' lang='lat' dir='ltr'><strong>in</strong></span> <span class='ocrx_word' id='word_1_402' title='bbox 531 3771 766 3826; x_wconf 92' lang='lat' dir='ltr'><strong>medium</strong></span> <span class='ocrx_word' id='word_1_403' title='bbox 798 3769 1168 3840; x_wconf 80' lang='lat' dir='ltr'><strong>proferamus.</strong></span> <span class='ocrx_word' id='word_1_404' title='bbox 1197 3771 1276 3823; x_wconf 81' lang='lat' dir='ltr'><strong>Ac</strong></span> <span class='ocrx_word' id='word_1_405' title='bbox 1311 3769 1547 3840; x_wconf 89' lang='lat' dir='ltr'><strong>primum</strong></span> <span class='ocrx_word' id='word_1_406' title='bbox 1578 3771 1798 3840; x_wconf 88' lang='lat' dir='ltr'><strong>quidem</strong></span> <span class='ocrx_word' id='word_1_407' title='bbox 1852 3770 2018 3826; x_wconf 83' lang='lat' dir='ltr'><strong>Stoici</strong></span> 
     </span>
    </p>
   </div>
   <div class='ocr_carea' id='block_1_70' title="bbox 443 3859 2020 3934">
    <p class='ocr_par' dir='ltr' id='par_1_70' title="bbox 443 3859 2020 3934">
     <span class='ocr_line' id='line_1_70' title="bbox 443 3859 2020 3934; baseline 0.001 -20"><span class='ocrx_word' id='word_1_408' title='bbox 443 3859 614 3916; x_wconf 88' lang='lat' dir='ltr'><strong>Deum</strong></span> <span class='ocrx_word' id='word_1_409' title='bbox 653 3861 854 3931; x_wconf 86' lang='lat' dir='ltr'><strong>ipsum,</strong></span> <span class='ocrx_word' id='word_1_410' title='bbox 883 3859 1106 3930; x_wconf 87' lang='lat' dir='ltr'><strong>perinde</strong></span> <span class='ocrx_word' id='word_1_411' title='bbox 1133 3869 1192 3914; x_wconf 92' lang='lat' dir='ltr'><strong>ut</strong></span> <span class='ocrx_word' id='word_1_412' title='bbox 1226 3862 1469 3914; x_wconf 87' lang='lat' dir='ltr'><strong>animum</strong></span> <span class='ocrx_word' id='word_1_413' title='bbox 1490 3899 1506 3926; x_wconf 88' lang='lat'><strong>,</strong></span> <span class='ocrx_word' id='word_1_414' title='bbox 1558 3875 1790 3930; x_wconf 90' lang='lat' dir='ltr'><strong>corpore</strong></span> <span class='ocrx_word' id='word_1_415' title='bbox 1819 3877 1882 3918; x_wconf 86' lang='lat' dir='ltr'><strong>ac</strong></span> <span class='ocrx_word' id='word_1_416' title='bbox 1909 3863 2020 3934; x_wconf 88' lang='lat' dir='ltr'><strong>spi-</strong></span> 
     </span>
    </p>
   </div>
   <div class='ocr_carea' id='block_1_71' title="bbox 442 3951 2019 4023">
    <p class='ocr_par' dir='ltr' id='par_1_71' title="bbox 442 3951 2019 4023">
     <span class='ocr_line' id='line_1_71' title="bbox 442 3951 2019 4023; baseline 0.001 -14"><span class='ocrx_word' id='word_1_417' title='bbox 442 3953 551 4009; x_wconf 87' lang='lat' dir='ltr'><strong>ritu</strong></span> <span class='ocrx_word' id='word_1_418' title='bbox 581 3966 774 4023; x_wconf 81' lang='lat' dir='ltr'><strong>suapte</strong></span> <span class='ocrx_word' id='word_1_419' title='bbox 811 3963 1006 4007; x_wconf 90' lang='lat' dir='ltr'><strong>natura</strong></span> <span class='ocrx_word' id='word_1_420' title='bbox 1037 3961 1292 4007; x_wconf 89' lang='lat' dir='ltr'><strong>constare</strong></span> <span class='ocrx_word' id='word_1_421' title='bbox 1324 3951 1610 4007; x_wconf 82' lang='lat' dir='ltr'><strong>definiunt.</strong></span> <span class='ocrx_word' id='word_1_422' title='bbox 1636 3951 1791 4019; x_wconf 86' lang='lat' dir='ltr'><strong>Quod</strong></span> <span class='ocrx_word' id='word_1_423' title='bbox 1814 3963 2019 4010; x_wconf 89' lang='lat' dir='ltr'><strong>utrum-</strong></span> 
     </span>
    </p>
   </div>
   <div class='ocr_carea' id='block_1_72' title="bbox 443 4045 2014 4118">
    <p class='ocr_par' dir='ltr' id='par_1_72' title="bbox 443 4045 2014 4118">
     <span class='ocr_line' id='line_1_72' title="bbox 443 4045 2014 4118; baseline 0 -16"><span class='ocrx_word' id='word_1_424' title='bbox 443 4063 551 4118; x_wconf 91' lang='lat' dir='ltr'><strong>que</strong></span> <span class='ocrx_word' id='word_1_425' title='bbox 598 4047 652 4101; x_wconf 91' lang='lat' dir='ltr'><strong>in</strong></span> <span class='ocrx_word' id='word_1_426' title='bbox 699 4045 996 4116; x_wconf 87' lang='lat' dir='ltr'><strong>Scripturis</strong></span> <span class='ocrx_word' id='word_1_427' title='bbox 1041 4060 1362 4114; x_wconf 75' lang='lat' dir='ltr'><strong>expressum</strong></span> <span class='ocrx_word' id='word_1_428' title='bbox 1416 4045 1671 4116; x_wconf 88' lang='lat' dir='ltr'><strong>reperies.</strong></span> <span class='ocrx_word' id='word_1_429' title='bbox 1710 4045 1819 4102; x_wconf 84' lang='lat' dir='ltr'><strong>Nec</strong></span> <span class='ocrx_word' id='word_1_430' title='bbox 1868 4048 2014 4102; x_wconf 89' lang='lat' dir='ltr'><strong>enim</strong></span> 
     </span>
    </p>
   </div>
   <div class='ocr_carea' id='block_1_73' title="bbox 441 4134 2017 4208">
    <p class='ocr_par' dir='ltr' id='par_1_73' title="bbox 441 4134 2017 4208">
     <span class='ocr_line' id='line_1_73' title="bbox 441 4134 2017 4208; baseline -0.001 -17"><span class='ocrx_word' id='word_1_431' title='bbox 441 4136 575 4191; x_wconf 88' lang='lat' dir='ltr'><strong>mihi</strong></span> <span class='ocrx_word' id='word_1_432' title='bbox 607 4152 751 4192; x_wconf 90' lang='lat' dir='ltr'><strong>nunc</strong></span> <span class='ocrx_word' id='word_1_433' title='bbox 777 4150 970 4191; x_wconf 87' lang='lat' dir='ltr'><strong>sensus</strong></span> <span class='ocrx_word' id='word_1_434' title='bbox 1004 4149 1192 4189; x_wconf 89' lang='lat' dir='ltr'><strong>earum</strong></span> <span class='ocrx_word' id='word_1_435' title='bbox 1219 4134 1424 4205; x_wconf 84' lang='lat' dir='ltr'><strong>cogites</strong></span> <span class='ocrx_word' id='word_1_436' title='bbox 1457 4135 1802 4205; x_wconf 86' lang='lat' dir='ltr'><strong>allegoricos,</strong></span> <span class='ocrx_word' id='word_1_437' title='bbox 1830 4137 2017 4208; x_wconf 82' lang='lat' dir='ltr'><strong>cujus-</strong></span> 
     </span>
    </p>
   </div>
   <div class='ocr_carea' id='block_1_74' title="bbox 442 4226 2009 4296">
    <p class='ocr_par' dir='ltr' id='par_1_74' title="bbox 442 4226 2009 4296">
     <span class='ocr_line' id='line_1_74' title="bbox 442 4226 2009 4296; baseline -0.001 -14"><span class='ocrx_word' id='word_1_438' title='bbox 442 4227 590 4282; x_wconf 88' lang='lat' dir='ltr'><strong>modi</strong></span> <span class='ocrx_word' id='word_1_439' title='bbox 617 4227 686 4282; x_wconf 90' lang='lat' dir='ltr'><strong>ab</strong></span> <span class='ocrx_word' id='word_1_440' title='bbox 709 4227 920 4282; x_wconf 89' lang='lat' dir='ltr'><strong>erudita</strong></span> <span class='ocrx_word' id='word_1_441' title='bbox 954 4226 1046 4280; x_wconf 85' lang='lat' dir='ltr'><strong>illa</strong></span> <span class='ocrx_word' id='word_1_442' title='bbox 1075 4235 1129 4280; x_wconf 88' lang='lat' dir='ltr'><strong>et</strong></span> <span class='ocrx_word' id='word_1_443' title='bbox 1163 4227 1393 4296; x_wconf 88' lang='lat' dir='ltr'><strong>sapienti</strong></span> <span class='ocrx_word' id='word_1_444' title='bbox 1438 4226 1667 4280; x_wconf 88' lang='lat' dir='ltr'><strong>veritate</strong></span> <span class='ocrx_word' id='word_1_445' title='bbox 1696 4227 2009 4294; x_wconf 86' lang='lat' dir='ltr'><strong>traduntur,</strong></span> 
     </span>
    </p>
   </div>
   <div class='ocr_carea' id='block_1_75' title="bbox 439 4317 2013 4390">
    <p class='ocr_par' dir='ltr' id='par_1_75' title="bbox 439 4317 2013 4390">
     <span class='ocr_line' id='line_1_75' title="bbox 439 4317 2013 4390; baseline -0.001 -15"><span class='ocrx_word' id='word_1_446' title='bbox 439 4319 486 4375; x_wconf 83' lang='lat' dir='ltr'><strong>si</strong></span> <span class='ocrx_word' id='word_1_447' title='bbox 518 4317 680 4386; x_wconf 81' lang='lat' dir='ltr'><strong>forte,</strong></span> <span class='ocrx_word' id='word_1_448' title='bbox 707 4327 768 4373; x_wconf 92' lang='lat' dir='ltr'><strong>ut</strong></span> <span class='ocrx_word' id='word_1_449' title='bbox 811 4333 842 4373; x_wconf 89' lang='lat' dir='ltr'><strong>a</strong></span> <span class='ocrx_word' id='word_1_450' title='bbox 878 4319 1067 4390; x_wconf 87' lang='lat' dir='ltr'><strong>peritis</strong></span> <span class='ocrx_word' id='word_1_451' title='bbox 1120 4318 1176 4373; x_wconf 93' lang='lat' dir='ltr'><strong>in</strong></span> <span class='ocrx_word' id='word_1_452' title='bbox 1208 4319 1506 4373; x_wconf 84' lang='lat' dir='ltr'><strong>luctatione</strong></span> <span class='ocrx_word' id='word_1_453' title='bbox 1537 4318 1650 4372; x_wconf 80' lang='lat' dir='ltr'><strong>ﬁeri</strong></span> <span class='ocrx_word' id='word_1_454' title='bbox 1684 4320 1840 4386; x_wconf 89' lang='lat' dir='ltr'><strong>solet,</strong></span> <span class='ocrx_word' id='word_1_455' title='bbox 1866 4321 2013 4375; x_wconf 89' lang='lat' dir='ltr'><strong>aliud</strong></span> 
     </span>
    </p>
   </div>
   <div class='ocr_carea' id='block_1_76' title="bbox 438 4409 2012 4480">
    <p class='ocr_par' dir='ltr' id='par_1_76' title="bbox 438 4409 2012 4480">
     <span class='ocr_line' id='line_1_76' title="bbox 438 4409 2012 4480; baseline 0.001 -15"><span class='ocrx_word' id='word_1_456' title='bbox 438 4410 764 4475; x_wconf 88' lang='lat' dir='ltr'><strong>ostendant,</strong></span> <span class='ocrx_word' id='word_1_457' title='bbox 817 4409 962 4464; x_wconf 87' lang='lat' dir='ltr'><strong>aliud</strong></span> <span class='ocrx_word' id='word_1_458' title='bbox 1018 4411 1199 4480; x_wconf 90' lang='lat' dir='ltr'><strong>reipsa</strong></span> <span class='ocrx_word' id='word_1_459' title='bbox 1251 4412 1566 4466; x_wconf 82' lang='lat' dir='ltr'><strong>exhibeant.</strong></span> <span class='ocrx_word' id='word_1_460' title='bbox 1613 4412 1683 4466; x_wconf 87' lang='lat' dir='ltr'><strong>At</strong></span> <span class='ocrx_word' id='word_1_461' title='bbox 1713 4410 1885 4467; x_wconf 89' lang='lat' dir='ltr'><strong>Deum</strong></span> <span class='ocrx_word' id='word_1_462' title='bbox 1933 4413 2012 4467; x_wconf 90' lang='lat' dir='ltr'><strong>illi</strong></span> 
     </span>
    </p>
   </div>
   <div class='ocr_carea' id='block_1_77' title="bbox 439 4504 2012 4574">
    <p class='ocr_par' dir='ltr' id='par_1_77' title="bbox 439 4504 2012 4574">
     <span class='ocr_line' id='line_1_77' title="bbox 439 4504 2012 4574; baseline 0.003 -18"><span class='ocrx_word' id='word_1_463' title='bbox 439 4511 692 4556; x_wconf 85' lang='lat' dir='ltr'><strong>naturam</strong></span> <span class='ocrx_word' id='word_1_464' title='bbox 723 4515 940 4556; x_wconf 85' lang='lat' dir='ltr'><strong>omnem</strong></span> <span class='ocrx_word' id='word_1_465' title='bbox 976 4516 1259 4572; x_wconf 85' lang='lat' dir='ltr'><strong>permeare</strong></span> <span class='ocrx_word' id='word_1_466' title='bbox 1307 4504 1520 4572; x_wconf 88' lang='lat' dir='ltr'><strong>volunt,</strong></span> <span class='ocrx_word' id='word_1_467' title='bbox 1559 4519 1721 4574; x_wconf 89' lang='lat' dir='ltr'><strong>quem</strong></span> <span class='ocrx_word' id='word_1_468' title='bbox 1756 4520 1858 4561; x_wconf 87' lang='lat' dir='ltr'><strong>nos</strong></span> <span class='ocrx_word' id='word_1_469' title='bbox 1883 4505 2012 4561; x_wconf 72' lang='lat' dir='ltr'><strong>elle-</strong></span> 
     </span>
    </p>
   </div>
   <div class='ocr_carea' id='block_1_78' title="bbox 435 4589 2009 4664">
    <p class='ocr_par' dir='ltr' id='par_1_78' title="bbox 435 4589 2009 4664">
     <span class='ocr_line' id='line_1_78' title="bbox 435 4589 2009 4664; baseline 0.003 -16"><span class='ocrx_word' id='word_1_470' title='bbox 435 4589 642 4648; x_wconf 78' lang='lat' dir='ltr'><strong>clorem</strong></span> <span class='ocrx_word' id='word_1_471' title='bbox 675 4593 878 4657; x_wconf 87' lang='lat' dir='ltr'><strong>solum,</strong></span> <span class='ocrx_word' id='word_1_472' title='bbox 928 4602 985 4646; x_wconf 91' lang='lat' dir='ltr'><strong>et</strong></span> <span class='ocrx_word' id='word_1_473' title='bbox 1025 4592 1194 4664; x_wconf 76' lang='lat'><strong><em>669</em></strong></span> <span class='ocrx_word' id='word_1_474' title='bbox 1219 4595 1440 4664; x_wconf 91' lang='lat' dir='ltr'><strong>quidem</strong></span> <span class='ocrx_word' id='word_1_475' title='bbox 1485 4597 1650 4652; x_wconf 86' lang='lat' dir='ltr'><strong>verbo</strong></span> <span class='ocrx_word' id='word_1_476' title='bbox 1701 4597 2009 4653; x_wconf 84' lang='lat' dir='ltr'><strong>eli‘ectorem</strong></span> 
     </span>
    </p>
   </div>
   <div class='ocr_carea' id='block_1_79' title="bbox 432 4682 2003 4759">
    <p class='ocr_par' dir='ltr' id='par_1_79' title="bbox 432 4682 2003 4759">
     <span class='ocr_line' id='line_1_79' title="bbox 432 4682 2003 4759; baseline 0.004 -21"><span class='ocrx_word' id='word_1_477' title='bbox 432 4698 556 4738; x_wconf 90' lang='lat' dir='ltr'><strong>esse</strong></span> <span class='ocrx_word' id='word_1_478' title='bbox 589 4683 844 4738; x_wconf 89' lang='lat' dir='ltr'><strong>dicimus.</strong></span> <span class='ocrx_word' id='word_1_479' title='bbox 888 4682 1100 4750; x_wconf 85' lang='lat' dir='ltr'><strong>Quibus</strong></span> <span class='ocrx_word' id='word_1_480' title='bbox 1172 4685 1304 4739; x_wconf 90' lang='lat' dir='ltr'><strong>illud</strong></span> <span class='ocrx_word' id='word_1_481' title='bbox 1371 4685 1666 4757; x_wconf 75' lang='lat' dir='ltr'><strong>Sapientia:</strong></span> <span class='ocrx_word' id='word_1_482' title='bbox 1707 4689 2003 4759; x_wconf 89' lang='lat' dir='ltr'><strong>imposuit:</strong></span> 
     </span>
    </p>
   </div>
   <div class='ocr_carea' id='block_1_80' title="bbox 436 4767 2006 4844">
    <p class='ocr_par' dir='ltr' id='par_1_80' title="bbox 436 4767 2006 4844">
     <span class='ocr_line' id='line_1_80' title="bbox 436 4767 2006 4844; baseline 0.006 -22"><span class='ocrx_word' id='word_1_483' title='bbox 436 4787 457 4822; x_wconf 78' lang='grc' dir='ltr'><strong>ι</strong></span> <span class='ocrx_word' id='word_1_484' title='bbox 499 4767 754 4824; x_wconf 87' lang='lat' dir='ltr'><strong>Pervadit</strong></span> <span class='ocrx_word' id='word_1_485' title='bbox 782 4781 964 4823; x_wconf 87' lang='lat' dir='ltr'><strong>autem</strong></span> <span class='ocrx_word' id='word_1_486' title='bbox 1002 4785 1066 4823; x_wconf 90' lang='lat' dir='ltr'><strong>ac</strong></span> <span class='ocrx_word' id='word_1_487' title='bbox 1087 4770 1236 4825; x_wconf 91' lang='lat' dir='ltr'><strong>subit</strong></span> <span class='ocrx_word' id='word_1_488' title='bbox 1260 4786 1356 4841; x_wconf 85' lang='lat' dir='ltr'><strong>per</strong></span> <span class='ocrx_word' id='word_1_489' title='bbox 1383 4775 1567 4828; x_wconf 88' lang='lat' dir='ltr'><strong>omnia</strong></span> <span class='ocrx_word' id='word_1_490' title='bbox 1590 4783 1814 4844; x_wconf 87' lang='lat' dir='ltr'><strong>propter</strong></span> <span class='ocrx_word' id='word_1_491' title='bbox 1851 4791 2006 4831; x_wconf 87' lang='lat' dir='ltr'><strong>suam</strong></span> 
     </span>
    </p>
   </div>
   <div class='ocr_carea' id='block_1_81' title="bbox 430 4861 2005 4936">
    <p class='ocr_par' dir='ltr' id='par_1_81' title="bbox 430 4861 2005 4936">
     <span class='ocr_line' id='line_1_81' title="bbox 430 4861 2005 4936; baseline 0.006 -22"><span class='ocrx_word' id='word_1_492' title='bbox 430 4861 755 4916; x_wconf 88' lang='lat' dir='ltr'><strong>munditiam</strong></span> <span class='ocrx_word' id='word_1_493' title='bbox 790 4862 835 4927; x_wconf 75' lang='grc' dir='ltr'><strong>ί,</strong></span> <span class='ocrx_word' id='word_1_494' title='bbox 874 4880 894 4912; x_wconf 72' lang='grc' dir='ltr'><strong>ι</strong></span> <span class='ocrx_word' id='word_1_495' title='bbox 921 4877 1046 4917; x_wconf 90' lang='lat' dir='ltr'><strong>cum</strong></span> <span class='ocrx_word' id='word_1_496' title='bbox 1082 4863 1134 4916; x_wconf 91' lang='lat' dir='ltr'><strong>id</strong></span> <span class='ocrx_word' id='word_1_497' title='bbox 1165 4865 1232 4919; x_wconf 92' lang='lat' dir='ltr'><strong>de</strong></span> <span class='ocrx_word' id='word_1_498' title='bbox 1259 4865 1554 4936; x_wconf 90' lang='lat' dir='ltr'><strong>illa,quam</strong></span> <span class='ocrx_word' id='word_1_499' title='bbox 1587 4866 1730 4922; x_wconf 87' lang='lat' dir='ltr'><strong>Deus</strong></span> <span class='ocrx_word' id='word_1_500' title='bbox 1758 4871 2005 4924; x_wconf 90' lang='lat' dir='ltr'><strong>omnium</strong></span> 
     </span>
    </p>
   </div>
   <div class='ocr_carea' id='block_1_82' title="bbox 2120 3771 3702 3854">
    <p class='ocr_par' dir='ltr' id='par_1_82' title="bbox 2120 3771 3702 3854">
     <span class='ocr_line' id='line_1_82' title="bbox 2120 3771 3702 3854; baseline -0.006 -18"><span class='ocrx_word' id='word_1_501' title='bbox 2120 3782 2220 3854; x_wconf 79' lang='grc' dir='ltr'><strong>ήδη</strong></span> <span class='ocrx_word' id='word_1_502' title='bbox 2245 3780 2643 3852; x_wconf 87' lang='grc' dir='ltr'>παραστατέον.</span> <span class='ocrx_word' id='word_1_503' title='bbox 2682 3777 2820 3830; x_wconf 77' lang='grc' dir='ltr'>Φασὶ</span> <span class='ocrx_word' id='word_1_504' title='bbox 2851 3777 2960 3848; x_wconf 85' lang='grc' dir='ltr'>γὰρ</span> <span class='ocrx_word' id='word_1_505' title='bbox 2989 3775 3148 3845; x_wconf 79' lang='grc' dir='ltr'>σῶμα</span> <span class='ocrx_word' id='word_1_506' title='bbox 3190 3771 3328 3828; x_wconf 85' lang='grc' dir='ltr'>εἷναι</span> <span class='ocrx_word' id='word_1_507' title='bbox 3352 3777 3443 3828; x_wconf 87' lang='grc' dir='ltr'>τὸν</span> <span class='ocrx_word' id='word_1_508' title='bbox 3479 3775 3614 3828; x_wconf 86' lang='grc' dir='ltr'><strong>Θεὸν</strong></span> <span class='ocrx_word' id='word_1_509' title='bbox 3650 3774 3702 3827; x_wconf 78' lang='grc' dir='ltr'><strong>οι</strong></span> 
     </span>
    </p>
   </div>
   <div class='ocr_carea' id='block_1_83' title="bbox 2119 3865 3703 3940">
    <p class='ocr_par' dir='ltr' id='par_1_83' title="bbox 2119 3865 3703 3940">
     <span class='ocr_line' id='line_1_83' title="bbox 2119 3865 3703 3940; baseline -0.004 -14"><span class='ocrx_word' id='word_1_510' title='bbox 2119 3874 2366 3939; x_wconf 77' lang='grc' dir='ltr'><strong>Στωϊκοὶ,</strong></span> <span class='ocrx_word' id='word_1_511' title='bbox 2391 3873 2484 3925; x_wconf 82' lang='grc' dir='ltr'><strong>καὶ</strong></span> <span class='ocrx_word' id='word_1_512' title='bbox 2501 3870 2714 3940; x_wconf 83' lang='grc' dir='ltr'>πνεῦμα</span> <span class='ocrx_word' id='word_1_513' title='bbox 2745 3869 2867 3922; x_wconf 84' lang='grc' dir='ltr'>κατ’</span> <span class='ocrx_word' id='word_1_514' title='bbox 2899 3868 3083 3921; x_wconf 78' lang='grc' dir='ltr'>οὐσίαν</span> <span class='ocrx_word' id='word_1_515' title='bbox 3105 3908 3119 3930; x_wconf 94' lang='grc'><em>,</em></span> <span class='ocrx_word' id='word_1_516' title='bbox 3167 3867 3354 3940; x_wconf 87' lang='grc' dir='ltr'><em>ὥσπερ</em></span> <span class='ocrx_word' id='word_1_517' title='bbox 3393 3867 3586 3937; x_wconf 84' lang='grc' dir='ltr'>ἀμέλει</span> <span class='ocrx_word' id='word_1_518' title='bbox 3607 3865 3703 3920; x_wconf 83' lang='grc' dir='ltr'><strong>καὶ</strong></span> 
     </span>
    </p>
   </div>
   <div class='ocr_carea' id='block_1_84' title="bbox 2116 3961 3700 4037">
    <p class='ocr_par' dir='ltr' id='par_1_84' title="bbox 2116 3961 3700 4037">
     <span class='ocr_line' id='line_1_84' title="bbox 2116 3961 3700 4037; baseline -0.004 -19"><span class='ocrx_word' id='word_1_519' title='bbox 2116 3965 2214 4037; x_wconf 83' lang='grc' dir='ltr'>τὴν</span> <span class='ocrx_word' id='word_1_520' title='bbox 2245 3965 2444 4036; x_wconf 76' lang='grc' dir='ltr'>ψυχήν.</span> <span class='ocrx_word' id='word_1_521' title='bbox 2476 3964 2662 4017; x_wconf 81' lang='grc' dir='ltr'>Πάντα</span> <span class='ocrx_word' id='word_1_522' title='bbox 2713 3961 2884 4016; x_wconf 81' lang='grc' dir='ltr'>ταῦτα</span> <span class='ocrx_word' id='word_1_523' title='bbox 2913 3962 3172 4032; x_wconf 79' lang='grc' dir='ltr'>ἄντικρυς</span> <span class='ocrx_word' id='word_1_524' title='bbox 3208 3961 3460 4032; x_wconf 78' lang='grc' dir='ltr'><strong>εὑρήσεις</strong></span> <span class='ocrx_word' id='word_1_525' title='bbox 3492 3961 3550 4012; x_wconf 85' lang='grc' dir='ltr'>ὲν</span> <span class='ocrx_word' id='word_1_526' title='bbox 3578 3963 3700 4024; x_wconf 78' lang='grc' dir='ltr'>ταῖς</span> 
     </span>
    </p>
   </div>
   <div class='ocr_carea' id='block_1_85' title="bbox 2116 4051 3698 4129">
    <p class='ocr_par' dir='ltr' id='par_1_85' title="bbox 2116 4051 3698 4129">
     <span class='ocr_line' id='line_1_85' title="bbox 2116 4051 3698 4129; baseline -0.003 -19"><span class='ocrx_word' id='word_1_527' title='bbox 2116 4059 2156 4110; x_wconf 85' lang='grc' dir='ltr'><strong>Γ</strong></span> <span class='ocrx_word' id='word_1_528' title='bbox 2161 4061 2379 4129; x_wconf 82' lang='grc' dir='ltr'>ραφαίς.</span> <span class='ocrx_word' id='word_1_529' title='bbox 2412 4055 2503 4128; x_wconf 86' lang='grc' dir='ltr'><strong>Μὴ</strong></span> <span class='ocrx_word' id='word_1_530' title='bbox 2529 4056 2637 4127; x_wconf 83' lang='grc' dir='ltr'>γάρ</span> <span class='ocrx_word' id='word_1_531' title='bbox 2677 4072 2768 4126; x_wconf 89' lang='grc' dir='ltr'><em>μοι</em></span> <span class='ocrx_word' id='word_1_532' title='bbox 2804 4054 2904 4118; x_wconf 84' lang='grc' dir='ltr'>τὰς</span> <span class='ocrx_word' id='word_1_533' title='bbox 2943 4053 3270 4124; x_wconf 81' lang='grc' dir='ltr'><strong>ἀλληγορίας</strong></span> <span class='ocrx_word' id='word_1_534' title='bbox 3303 4051 3482 4106; x_wconf 80' lang='grc' dir='ltr'>αὐτῶν</span> <span class='ocrx_word' id='word_1_535' title='bbox 3515 4053 3698 4123; x_wconf 77' lang='grc' dir='ltr'><strong>ἐννοή-</strong></span> 
     </span>
    </p>
   </div>
   <div class='ocr_carea' id='block_1_86' title="bbox 2117 4144 3698 4224">
    <p class='ocr_par' dir='ltr' id='par_1_86' title="bbox 2117 4144 3698 4224">
     <span class='ocr_line' id='line_1_86' title="bbox 2117 4144 3698 4224; baseline -0.005 -19"><span class='ocrx_word' id='word_1_536' title='bbox 2117 4167 2216 4224; x_wconf 81' lang='grc' dir='ltr'><strong>σῃς</strong></span> <span class='ocrx_word' id='word_1_537' title='bbox 2235 4149 2420 4214; x_wconf 82' lang='grc' dir='ltr'>τανῦν,</span> <span class='ocrx_word' id='word_1_538' title='bbox 2454 4150 2530 4213; x_wconf 84' lang='grc' dir='ltr'>ὡς</span> <span class='ocrx_word' id='word_1_539' title='bbox 2560 4152 2594 4222; x_wconf 80' lang='grc' dir='ltr'><strong>ἡ</strong></span> <span class='ocrx_word' id='word_1_540' title='bbox 2636 4147 2910 4218; x_wconf 83' lang='grc' dir='ltr'><strong>γνωστικὴ</strong></span> <span class='ocrx_word' id='word_1_541' title='bbox 2964 4145 3327 4218; x_wconf 84' lang='grc' dir='ltr'><em>παραδίδωσιν</em></span> <span class='ocrx_word' id='word_1_542' title='bbox 3369 4145 3616 4217; x_wconf 81' lang='grc' dir='ltr'>ἀλήθεια,</span> <span class='ocrx_word' id='word_1_543' title='bbox 3647 4144 3698 4196; x_wconf 77' lang='grc' dir='ltr'><strong>εἰ</strong></span> 
     </span>
    </p>
   </div>
   <div class='ocr_carea' id='block_1_87' title="bbox 2114 4236 3694 4312">
    <p class='ocr_par' dir='ltr' id='par_1_87' title="bbox 2114 4236 3694 4312">
     <span class='ocr_line' id='line_1_87' title="bbox 2114 4236 3694 4312; baseline -0.005 -16"><span class='ocrx_word' id='word_1_544' title='bbox 2114 4241 2242 4296; x_wconf 75' lang='grc' dir='ltr'>ἄλλο</span> <span class='ocrx_word' id='word_1_545' title='bbox 2271 4259 2324 4294; x_wconf 91' lang='grc' dir='ltr'><em>τι</em></span> <span class='ocrx_word' id='word_1_546' title='bbox 2353 4239 2674 4302; x_wconf 84' lang='grc' dir='ltr'><strong>δεικνύουσι,</strong></span> <span class='ocrx_word' id='word_1_547' title='bbox 2697 4239 2949 4312; x_wconf 84' lang='grc' dir='ltr'>καθάπερ</span> <span class='ocrx_word' id='word_1_548' title='bbox 2973 4241 3021 4293; x_wconf 80' lang='grc' dir='ltr'><strong>οἱ</strong></span> <span class='ocrx_word' id='word_1_549' title='bbox 3054 4238 3206 4306; x_wconf 75' lang='grc' dir='ltr'>σοφοὶ</span> <span class='ocrx_word' id='word_1_550' title='bbox 3239 4236 3537 4291; x_wconf 78' lang='grc' dir='ltr'>παλαισταὶ</span> <span class='ocrx_word' id='word_1_551' title='bbox 3561 4236 3694 4307; x_wconf 79' lang='grc'><strong>(50),</strong></span> 
     </span>
    </p>
   </div>
   <div class='ocr_carea' id='block_1_88' title="bbox 2113 4327 3697 4404">
    <p class='ocr_par' dir='ltr' id='par_1_88' title="bbox 2113 4327 3697 4404">
     <span class='ocr_line' id='line_1_88' title="bbox 2113 4327 3697 4404; baseline -0.006 -16"><span class='ocrx_word' id='word_1_552' title='bbox 2113 4334 2239 4389; x_wconf 76' lang='grc' dir='ltr'>ἄλλο</span> <span class='ocrx_word' id='word_1_553' title='bbox 2263 4332 2578 4404; x_wconf 81' lang='grc' dir='ltr'>μηνύουσιν.</span> <span class='ocrx_word' id='word_1_554' title='bbox 2627 4331 2766 4384; x_wconf 83' lang='grc' dir='ltr'>Ἀλλ’</span> <span class='ocrx_word' id='word_1_555' title='bbox 2800 4333 2850 4384; x_wconf 87' lang='lat' dir='ltr'><strong>ol</strong></span> <span class='ocrx_word' id='word_1_556' title='bbox 2893 4331 2990 4401; x_wconf 86' lang='grc' dir='ltr'>μὲν</span> <span class='ocrx_word' id='word_1_557' title='bbox 3031 4330 3241 4400; x_wconf 85' lang='grc' dir='ltr'><strong>διήκειν</strong></span> <span class='ocrx_word' id='word_1_558' title='bbox 3277 4327 3364 4380; x_wconf 84' lang='grc' dir='ltr'><em>διὰ</em></span> <span class='ocrx_word' id='word_1_559' title='bbox 3391 4329 3571 4397; x_wconf 85' lang='grc' dir='ltr'><em>πάσης</em></span> <span class='ocrx_word' id='word_1_560' title='bbox 3597 4327 3697 4396; x_wconf 77' lang='grc' dir='ltr'>τῆς</span> 
     </span>
    </p>
   </div>
   <div class='ocr_carea' id='block_1_89' title="bbox 2111 4411 3696 4491">
    <p class='ocr_par' dir='ltr' id='par_1_89' title="bbox 2111 4411 3696 4491">
     <span class='ocr_line' id='line_1_89' title="bbox 2111 4411 3696 4491; baseline -0.008 -13"><span class='ocrx_word' id='word_1_561' title='bbox 2111 4411 2298 4488; x_wconf 81' lang='grc' dir='ltr'>ὄῦσίας</span> <span class='ocrx_word' id='word_1_562' title='bbox 2323 4423 2415 4477; x_wconf 86' lang='grc' dir='ltr'><strong>τὸν</strong></span> <span class='ocrx_word' id='word_1_563' title='bbox 2444 4421 2575 4475; x_wconf 87' lang='grc' dir='ltr'>Θεόν</span> <span class='ocrx_word' id='word_1_564' title='bbox 2609 4438 2771 4491; x_wconf 88' lang='grc' dir='ltr'>φασιν</span> <span class='ocrx_word' id='word_1_565' title='bbox 2791 4437 2805 4450; x_wconf 86' lang='grc'><strong>·</strong></span> <span class='ocrx_word' id='word_1_566' title='bbox 2839 4421 2998 4491; x_wconf 79' lang='grc' dir='ltr'>ἡμεῖς</span> <span class='ocrx_word' id='word_1_567' title='bbox 3013 4419 3070 4472; x_wconf 82' lang='grc' dir='ltr'><em>δὲ</em></span> <span class='ocrx_word' id='word_1_568' title='bbox 3093 4418 3320 4488; x_wconf 73' lang='grc' dir='ltr'><em>ποιητὴν</em></span> <span class='ocrx_word' id='word_1_569' title='bbox 3341 4417 3500 4486; x_wconf 78' lang='grc' dir='ltr'>μόνον</span> <span class='ocrx_word' id='word_1_570' title='bbox 3531 4413 3696 4466; x_wconf 81' lang='grc' dir='ltr'>αὑτὸν</span> 
     </span>
    </p>
   </div>
   <div class='ocr_carea' id='block_1_90' title="bbox 2111 4505 3692 4587">
    <p class='ocr_par' dir='ltr' id='par_1_90' title="bbox 2111 4505 3692 4587">
     <span class='ocr_line' id='line_1_90' title="bbox 2111 4505 3692 4587; baseline -0.008 -17"><span class='ocrx_word' id='word_1_571' title='bbox 2111 4515 2403 4587; x_wconf 83' lang='grc' dir='ltr'>καλοῦμεν,</span> <span class='ocrx_word' id='word_1_572' title='bbox 2437 4514 2530 4567; x_wconf 74' lang='grc' dir='ltr'><strong>καὶ</strong></span> <span class='ocrx_word' id='word_1_573' title='bbox 2577 4513 2721 4584; x_wconf 87' lang='grc' dir='ltr'>λόγῳ</span> <span class='ocrx_word' id='word_1_574' title='bbox 2766 4512 3014 4583; x_wconf 85' lang='grc' dir='ltr'><em>ποιητήν.</em></span> <span class='ocrx_word' id='word_1_575' title='bbox 3069 4511 3364 4580; x_wconf 81' lang='grc' dir='ltr'>Παρήγαγε</span> <span class='ocrx_word' id='word_1_576' title='bbox 3411 4507 3455 4560; x_wconf 86' lang='grc' dir='ltr'><em>δ’</em></span> <span class='ocrx_word' id='word_1_577' title='bbox 3495 4505 3692 4568; x_wconf 71' lang='grc' dir='ltr'>αὐτοὺς</span> 
     </span>
    </p>
   </div>
   <div class='ocr_carea' id='block_1_91' title="bbox 2109 4597 3695 4676">
    <p class='ocr_par' dir='ltr' id='par_1_91' title="bbox 2109 4597 3695 4676">
     <span class='ocr_line' id='line_1_91' title="bbox 2109 4597 3695 4676; baseline -0.008 -16"><span class='ocrx_word' id='word_1_578' title='bbox 2109 4607 2170 4660; x_wconf 85' lang='grc' dir='ltr'>τὸ</span> <span class='ocrx_word' id='word_1_579' title='bbox 2221 4607 2278 4661; x_wconf 80' lang='grc' dir='ltr'><strong>ὲν</strong></span> <span class='ocrx_word' id='word_1_580' title='bbox 2318 4608 2383 4676; x_wconf 82' lang='grc' dir='ltr'>τῇ</span> <span class='ocrx_word' id='word_1_581' title='bbox 2434 4605 2620 4674; x_wconf 70' lang='grc' dir='ltr'><em>Σοφίᾳ</em></span> <span class='ocrx_word' id='word_1_582' title='bbox 2647 4602 2932 4675; x_wconf 79' lang='grc' dir='ltr'><strong>εἰρημένον</strong></span> <span class='ocrx_word' id='word_1_583' title='bbox 2956 4618 2970 4631; x_wconf 77' lang='lat'>&#39;</span> <span class='ocrx_word' id='word_1_584' title='bbox 3011 4620 3030 4652; x_wconf 81' lang='grc' dir='ltr'><strong>ι</strong></span> <span class='ocrx_word' id='word_1_585' title='bbox 3072 4601 3256 4670; x_wconf 83' lang='grc' dir='ltr'><em>Διήκει</em></span> <span class='ocrx_word' id='word_1_586' title='bbox 3297 4599 3353 4652; x_wconf 84' lang='grc' dir='ltr'><em>δὲ</em></span> <span class='ocrx_word' id='word_1_587' title='bbox 3389 4597 3482 4650; x_wconf 75' lang='grc' dir='ltr'><strong>καὶ</strong></span> <span class='ocrx_word' id='word_1_588' title='bbox 3527 4597 3695 4667; x_wconf 87' lang='grc' dir='ltr'><strong>χωρεῖ</strong></span> 
     </span>
    </p>
   </div>
   <div class='ocr_carea' id='block_1_92' title="bbox 2108 4689 3689 4768">
    <p class='ocr_par' dir='ltr' id='par_1_92' title="bbox 2108 4689 3689 4768">
     <span class='ocr_line' id='line_1_92' title="bbox 2108 4689 3689 4768; baseline -0.007 -17"><span class='ocrx_word' id='word_1_589' title='bbox 2108 4698 2195 4752; x_wconf 81' lang='grc' dir='ltr'><em>διὰ</em></span> <span class='ocrx_word' id='word_1_590' title='bbox 2223 4699 2442 4752; x_wconf 83' lang='grc' dir='ltr'><strong>πάντων</strong></span> <span class='ocrx_word' id='word_1_591' title='bbox 2471 4697 2558 4749; x_wconf 88' lang='grc' dir='ltr'><em>διὰ</em></span> <span class='ocrx_word' id='word_1_592' title='bbox 2603 4697 2703 4768; x_wconf 83' lang='grc' dir='ltr'>τὴν</span> <span class='ocrx_word' id='word_1_593' title='bbox 2753 4694 3136 4767; x_wconf 80' lang='grc' dir='ltr'>καθαρότητα·</span> <span class='ocrx_word' id='word_1_594' title='bbox 3181 4711 3199 4743; x_wconf 78' lang='lat' dir='ltr'><strong>t</strong></span> <span class='ocrx_word' id='word_1_595' title='bbox 3253 4689 3376 4744; x_wconf 77' lang='grc' dir='ltr'><em>ἐπεὶ</em></span> <span class='ocrx_word' id='word_1_596' title='bbox 3443 4689 3519 4760; x_wconf 81' lang='grc' dir='ltr'>μὴ</span> <span class='ocrx_word' id='word_1_597' title='bbox 3563 4705 3689 4741; x_wconf 77' lang='grc' dir='ltr'>συν-</span> 
     </span>
    </p>
   </div>
   <div class='ocr_carea' id='block_1_93' title="bbox 2107 4780 3690 4867">
    <p class='ocr_par' dir='ltr' id='par_1_93' title="bbox 2107 4780 3690 4867">
     <span class='ocr_line' id='line_1_93' title="bbox 2107 4780 3690 4867; baseline -0.01 -18"><span class='ocrx_word' id='word_1_598' title='bbox 2107 4794 2248 4867; x_wconf 84' lang='grc' dir='ltr'>ἧκαν</span> <span class='ocrx_word' id='word_1_599' title='bbox 2281 4791 2533 4861; x_wconf 85' lang='grc' dir='ltr'>λέγεσθαι</span> <span class='ocrx_word' id='word_1_600' title='bbox 2559 4789 2732 4844; x_wconf 83' lang='grc' dir='ltr'>ταῦτα</span> <span class='ocrx_word' id='word_1_601' title='bbox 2773 4789 2866 4842; x_wconf 75' lang='grc' dir='ltr'><strong>ἐπὶ</strong></span> <span class='ocrx_word' id='word_1_602' title='bbox 2895 4791 2994 4860; x_wconf 82' lang='grc' dir='ltr'><strong>τῆς</strong></span> <span class='ocrx_word' id='word_1_603' title='bbox 3035 4786 3235 4856; x_wconf 78' lang='grc' dir='ltr'>Σοφίας</span> <span class='ocrx_word' id='word_1_604' title='bbox 3261 4785 3360 4856; x_wconf 79' lang='grc' dir='ltr'>τῆς</span> <span class='ocrx_word' id='word_1_605' title='bbox 3389 4780 3690 4854; x_wconf 74' lang='grc' dir='ltr'>πρωτοκτι-</span> 
     </span>
    </p>
   </div>
   <div class='ocr_carea' id='block_1_94' title="bbox 2109 4876 3690 4956">
    <p class='ocr_par' dir='ltr' id='par_1_94' title="bbox 2109 4876 3690 4956">
     <span class='ocr_line' id='line_1_94' title="bbox 2109 4876 3690 4956; baseline -0.008 -16"><span class='ocrx_word' id='word_1_606' title='bbox 2109 4904 2232 4940; x_wconf 84' lang='grc' dir='ltr'>στου</span> <span class='ocrx_word' id='word_1_607' title='bbox 2283 4885 2362 4956; x_wconf 84' lang='grc' dir='ltr'>τῷ</span> <span class='ocrx_word' id='word_1_608' title='bbox 2416 4882 2554 4956; x_wconf 82' lang='grc' dir='ltr'><em>Θεῷ.</em></span> <span class='ocrx_word' id='word_1_609' title='bbox 2587 4884 2716 4946; x_wconf 73' lang='grc' dir='ltr'>Ναὶ,</span> <span class='ocrx_word' id='word_1_610' title='bbox 2752 4881 2940 4950; x_wconf 73' lang='grc' dir='ltr'>φασίνο</span> <span class='ocrx_word' id='word_1_611' title='bbox 2991 4879 3126 4933; x_wconf 87' lang='grc' dir='ltr'>ἀλλὰ</span> <span class='ocrx_word' id='word_1_612' title='bbox 3181 4879 3314 4950; x_wconf 76' lang='grc' dir='ltr'>ὓλην</span> <span class='ocrx_word' id='word_1_613' title='bbox 3345 4876 3690 4930; x_wconf 79' lang='grc' dir='ltr'>ὑποτίθενται</span> 
     </span>
    </p>
   </div>
   <div class='ocr_carea' id='block_1_95' title="bbox 427 4953 2014 5060">
    <p class='ocr_par' dir='ltr' id='par_1_95' title="bbox 427 4953 2002 5026">
     <span class='ocr_line' id='line_1_95' title="bbox 427 4953 2002 5026; baseline 0.004 -17"><span class='ocrx_word' id='word_1_614' title='bbox 427 4955 732 5026; x_wconf 90' lang='lat' dir='ltr'><strong>principem</strong></span> <span class='ocrx_word' id='word_1_615' title='bbox 761 4955 986 5019; x_wconf 83' lang='lat' dir='ltr'><strong>creavit,</strong></span> <span class='ocrx_word' id='word_1_616' title='bbox 1041 4953 1320 5026; x_wconf 86' lang='lat' dir='ltr'><strong>Sapientia</strong></span> <span class='ocrx_word' id='word_1_617' title='bbox 1376 4959 1582 5013; x_wconf 90' lang='lat' dir='ltr'><strong>dictum</strong></span> <span class='ocrx_word' id='word_1_618' title='bbox 1613 4974 1735 5015; x_wconf 88' lang='lat' dir='ltr'><strong>esse</strong></span> <span class='ocrx_word' id='word_1_619' title='bbox 1769 4974 1879 5015; x_wconf 93' lang='lat' dir='ltr'><strong>non</strong></span> <span class='ocrx_word' id='word_1_620' title='bbox 1915 4963 2002 5016; x_wconf 91' lang='lat' dir='ltr'><strong>in-</strong></span> 
     </span>
    </p>
   </div>
   <div class='ocr_carea' id='block_1_96' title="bbox 2117 4953 3685 5060">
    <p class='ocr_par' dir='ltr' id='par_1_96' title="bbox 2117 4953 3685 5050">
     <span class='ocr_line' id='line_1_96' title="bbox 2117 4953 3685 5050; baseline -0.008 -18"><span class='ocrx_word' id='word_1_621' title='bbox 2117 4982 2152 5033; x_wconf 69' lang='lat' dir='ltr'><strong>ti</strong></span> <span class='ocrx_word' id='word_1_622' title='bbox 2185 4953 2462 5050; x_wconf 78' lang='grc' dir='ltr'>φιλοσόφοι</span> <span class='ocrx_word' id='word_1_623' title='bbox 2493 4953 2551 5028; x_wconf 68' lang='grc' dir='ltr'>εν</span> <span class='ocrx_word' id='word_1_624' title='bbox 2573 4977 2689 5038; x_wconf 88' lang='grc' dir='ltr'>ταῖς</span> <span class='ocrx_word' id='word_1_625' title='bbox 2723 4975 2937 5045; x_wconf 84' lang='grc' dir='ltr'><strong>ἀρχαῖς,</strong></span> <span class='ocrx_word' id='word_1_626' title='bbox 2972 4971 3025 5024; x_wconf 86' lang='grc' dir='ltr'><em>οῖ</em></span> <span class='ocrx_word' id='word_1_627' title='bbox 3051 4988 3110 5024; x_wconf 90' lang='grc' dir='ltr'>τε</span> <span class='ocrx_word' id='word_1_628' title='bbox 3142 4971 3390 5033; x_wconf 80' lang='grc' dir='ltr'><strong>Στωϊκοὶ,</strong></span> <span class='ocrx_word' id='word_1_629' title='bbox 3421 4970 3515 5022; x_wconf 75' lang='grc' dir='ltr'><strong>καὶ</strong></span> <span class='ocrx_word' id='word_1_630' title='bbox 3540 4967 3685 5020; x_wconf 82' lang='grc' dir='ltr'><strong>Πλά-</strong></span> 
     </span>
    </p>
   </div>
   <div class='ocr_carea' id='block_1_97' title="bbox 427 5046 1997 5123">
    <p class='ocr_par' dir='ltr' id='par_1_97' title="bbox 427 5046 1997 5123">
     <span class='ocr_line' id='line_1_97' title="bbox 427 5046 1997 5123; baseline 0.004 -22"><span class='ocrx_word' id='word_1_631' title='bbox 427 5047 749 5119; x_wconf 73' lang='lat' dir='ltr'><strong>tclligcrent.</strong></span> <span class='ocrx_word' id='word_1_632' title='bbox 791 5046 943 5114; x_wconf 87' lang='lat' dir='ltr'><strong>Esto,</strong></span> <span class='ocrx_word' id='word_1_633' title='bbox 970 5048 1265 5119; x_wconf 89' lang='lat' dir='ltr'><strong>inquiunt:</strong></span> <span class='ocrx_word' id='word_1_634' title='bbox 1303 5050 1398 5104; x_wconf 90' lang='lat' dir='ltr'><strong>sed</strong></span> <span class='ocrx_word' id='word_1_635' title='bbox 1447 5058 1626 5106; x_wconf 88' lang='lat' dir='ltr'><strong>tamen</strong></span> <span class='ocrx_word' id='word_1_636' title='bbox 1654 5052 1997 5123; x_wconf 90' lang='lat' dir='ltr'><strong>philosophi,</strong></span> 
     </span>
    </p>
   </div>
   <div class='ocr_carea' id='block_1_98' title="bbox 426 5138 2000 5216">
    <p class='ocr_par' dir='ltr' id='par_1_98' title="bbox 426 5138 2000 5216">
     <span class='ocr_line' id='line_1_98' title="bbox 426 5138 2000 5216; baseline 0.004 -22"><span class='ocrx_word' id='word_1_637' title='bbox 426 5154 526 5194; x_wconf 88' lang='lat' dir='ltr'><strong>nec</strong></span> <span class='ocrx_word' id='word_1_638' title='bbox 576 5138 748 5195; x_wconf 86' lang='lat' dir='ltr'><strong>Stoici</strong></span> <span class='ocrx_word' id='word_1_639' title='bbox 798 5149 1034 5207; x_wconf 88' lang='lat' dir='ltr'><strong>tantum,</strong></span> <span class='ocrx_word' id='word_1_640' title='bbox 1065 5150 1162 5195; x_wconf 85' lang='lat' dir='ltr'><strong>aut</strong></span> <span class='ocrx_word' id='word_1_641' title='bbox 1216 5139 1398 5206; x_wconf 83' lang='lat' dir='ltr'><strong>Plato,</strong></span> <span class='ocrx_word' id='word_1_642' title='bbox 1447 5151 1611 5214; x_wconf 88' lang='lat' dir='ltr'><strong>atque</strong></span> <span class='ocrx_word' id='word_1_643' title='bbox 1643 5142 2000 5216; x_wconf 81' lang='lat' dir='ltr'><strong>Pythagoras,</strong></span> 
     </span>
    </p>
   </div>
   <div class='ocr_carea' id='block_1_99' title="bbox 424 5230 2002 5303">
    <p class='ocr_par' dir='ltr' id='par_1_99' title="bbox 424 5230 2002 5303">
     <span class='ocr_line' id='line_1_99' title="bbox 424 5230 2002 5303; baseline 0.005 -18"><span class='ocrx_word' id='word_1_644' title='bbox 424 5231 518 5286; x_wconf 85' lang='lat' dir='ltr'><strong>sed</strong></span> <span class='ocrx_word' id='word_1_645' title='bbox 540 5231 706 5287; x_wconf 90' lang='lat' dir='ltr'><strong>etiam</strong></span> <span class='ocrx_word' id='word_1_646' title='bbox 741 5233 1064 5288; x_wconf 82' lang='lat' dir='ltr'><strong>Aristoteles</strong></span> <span class='ocrx_word' id='word_1_647' title='bbox 1095 5230 1514 5303; x_wconf 83' lang='lat' dir='ltr'><strong>Peripateticus,</strong></span> <span class='ocrx_word' id='word_1_648' title='bbox 1546 5237 1831 5292; x_wconf 87' lang='lat' dir='ltr'><strong>materiam</strong></span> <span class='ocrx_word' id='word_1_649' title='bbox 1862 5238 2002 5295; x_wconf 87' lang='lat' dir='ltr'><strong>inter</strong></span> 
     </span>
    </p>
   </div>
   <div class='ocr_carea' id='block_1_100' title="bbox 495 5368 918 5440">
    <p class='ocr_par' dir='ltr' id='par_1_100' title="bbox 495 5368 918 5440">
     <span class='ocr_line' id='line_1_100' title="bbox 495 5368 918 5440; baseline 0.002 -17"><span class='ocrx_word' id='word_1_650' title='bbox 495 5368 512 5399; x_wconf 92' lang='grc'>¹</span> <span class='ocrx_word' id='word_1_651' title='bbox 551 5368 684 5440; x_wconf 85' lang='lat' dir='ltr'><strong>Sap.</strong></span> <span class='ocrx_word' id='word_1_652' title='bbox 705 5385 804 5435; x_wconf 82' lang='lat' dir='ltr'><strong>vn,</strong></span> <span class='ocrx_word' id='word_1_653' title='bbox 825 5368 918 5424; x_wconf 75' lang='grc'><strong>24.</strong></span> 
     </span>
    </p>
   </div>
   <div class='ocr_carea' id='block_1_101' title="bbox 492 5505 1996 5578">
    <p class='ocr_par' dir='ltr' id='par_1_101' title="bbox 492 5505 1996 5578">
     <span class='ocr_line' id='line_1_101' title="bbox 492 5505 1996 5578; baseline 0.003 -15"><span class='ocrx_word' id='word_1_654' title='bbox 492 5505 604 5578; x_wconf 72' lang='lat'><strong>(29)</strong></span> <span class='ocrx_word' id='word_1_655' title='bbox 631 5507 709 5562; x_wconf 84' lang='grc' dir='ltr'><strong>Τὰ</strong></span> <span class='ocrx_word' id='word_1_656' title='bbox 735 5506 786 5560; x_wconf 85' lang='grc' dir='ltr'><em>δ’</em></span> <span class='ocrx_word' id='word_1_657' title='bbox 816 5506 980 5575; x_wconf 79' lang='grc' dir='ltr'><em>ἑξῆς.</em></span> <span class='ocrx_word' id='word_1_658' title='bbox 1000 5505 1251 5578; x_wconf 72' lang='lat' dir='ltr'><strong>Clemens</strong></span> <span class='ocrx_word' id='word_1_659' title='bbox 1277 5507 1698 5574; x_wconf 77' lang='lat' dir='ltr'><strong>Alexandrinus,</strong></span> <span class='ocrx_word' id='word_1_660' title='bbox 1719 5509 1917 5566; x_wconf 89' lang='lat' dir='ltr'><strong>Strom.</strong></span> <span class='ocrx_word' id='word_1_661' title='bbox 1941 5528 1996 5577; x_wconf 84' lang='grc' dir='ltr'><em>ν,</em></span> 
     </span>
    </p>
   </div>
   <div class='ocr_carea' id='block_1_102' title="bbox 419 5577 1819 5646">
    <p class='ocr_par' dir='ltr' id='par_1_102' title="bbox 419 5577 1819 5646">
     <span class='ocr_line' id='line_1_102' title="bbox 419 5577 1819 5646; baseline 0.004 -16"><span class='ocrx_word' id='word_1_662' title='bbox 419 5577 541 5646; x_wconf 88' lang='lat' dir='ltr'><strong>pag.</strong></span> <span class='ocrx_word' id='word_1_663' title='bbox 560 5579 700 5646; x_wconf 66' lang='grc'><strong>431,</strong></span> <span class='ocrx_word' id='word_1_664' title='bbox 733 5579 800 5643; x_wconf 79' lang='grc' dir='ltr'><strong>Α,</strong></span> <span class='ocrx_word' id='word_1_665' title='bbox 831 5579 959 5632; x_wconf 85' lang='lat' dir='ltr'><strong>edit.</strong></span> <span class='ocrx_word' id='word_1_666' title='bbox 986 5577 1350 5644; x_wconf 50' lang='lat' dir='ltr'><strong>Graeco-ML,</strong></span> <span class='ocrx_word' id='word_1_667' title='bbox 1375 5590 1428 5633; x_wconf 89' lang='lat' dir='ltr'><strong>at</strong></span> <span class='ocrx_word' id='word_1_668' title='bbox 1461 5579 1666 5636; x_wconf 62' lang='lat' dir='ltr'><strong>Latina:</strong></span> <span class='ocrx_word' id='word_1_669' title='bbox 1695 5583 1819 5638; x_wconf 79' lang='grc'><strong>594.</strong></span> 
     </span>
    </p>
   </div>
   <div class='ocr_carea' id='block_1_103' title="bbox 490 5645 1996 5717">
    <p class='ocr_par' dir='ltr' id='par_1_103' title="bbox 490 5645 1996 5717">
     <span class='ocr_line' id='line_1_103' title="bbox 490 5645 1996 5717; baseline 0.005 -18"><span class='ocrx_word' id='word_1_670' title='bbox 490 5645 602 5716; x_wconf 73' lang='grc'><strong>(50)</strong></span> <span class='ocrx_word' id='word_1_671' title='bbox 628 5647 902 5714; x_wconf 79' lang='grc' dir='ltr'><strong>Καθάπερ</strong></span> <span class='ocrx_word' id='word_1_672' title='bbox 933 5650 986 5700; x_wconf 78' lang='grc' dir='ltr'><em>οἱ</em></span> <span class='ocrx_word' id='word_1_673' title='bbox 1008 5648 1186 5717; x_wconf 72' lang='grc' dir='ltr'><em>σοφοὶ</em></span> <span class='ocrx_word' id='word_1_674' title='bbox 1212 5653 1556 5706; x_wconf 81' lang='grc' dir='ltr'>παλαισταί.</span> <span class='ocrx_word' id='word_1_675' title='bbox 1584 5652 1878 5709; x_wconf 84' lang='lat' dir='ltr'><strong>Clementis</strong></span> <span class='ocrx_word' id='word_1_676' title='bbox 1910 5652 1996 5707; x_wconf 88' lang='lat' dir='ltr'><strong>in-</strong></span> 
     </span>
    </p>
   </div>
   <div class='ocr_carea' id='block_1_104' title="bbox 420 5716 1996 5787">
    <p class='ocr_par' dir='ltr' id='par_1_104' title="bbox 420 5716 1996 5787">
     <span class='ocr_line' id='line_1_104' title="bbox 420 5716 1996 5787; baseline 0.004 -16"><span class='ocrx_word' id='word_1_677' title='bbox 420 5727 628 5785; x_wconf 84' lang='lat' dir='ltr'><strong>terpres</strong></span> <span class='ocrx_word' id='word_1_678' title='bbox 661 5719 776 5772; x_wconf 64' lang='lat' dir='ltr'><strong>haec</strong></span> <span class='ocrx_word' id='word_1_679' title='bbox 808 5716 1151 5787; x_wconf 81' lang='grc' dir='ltr'>παρακοῦσαι</span> <span class='ocrx_word' id='word_1_680' title='bbox 1174 5720 1414 5784; x_wconf 81' lang='lat' dir='ltr'><strong>videtur;</strong></span> <span class='ocrx_word' id='word_1_681' title='bbox 1447 5722 1606 5776; x_wconf 86' lang='lat' dir='ltr'><strong>vertit</strong></span> <span class='ocrx_word' id='word_1_682' title='bbox 1635 5725 1803 5785; x_wconf 89' lang='lat' dir='ltr'><strong>enim,</strong></span> <span class='ocrx_word' id='word_1_683' title='bbox 1833 5724 1879 5776; x_wconf 73' lang='lat' dir='ltr'><strong>si</strong></span> <span class='ocrx_word' id='word_1_684' title='bbox 1905 5741 1996 5777; x_wconf 86' lang='lat' dir='ltr'><strong>nec</strong></span> 
     </span>
    </p>
   </div>
   <div class='ocr_carea' id='block_1_105' title="bbox 419 5787 1990 5862">
    <p class='ocr_par' dir='ltr' id='par_1_105' title="bbox 419 5787 1990 5862">
     <span class='ocr_line' id='line_1_105' title="bbox 419 5787 1990 5862; baseline 0.005 -22"><span class='ocrx_word' id='word_1_685' title='bbox 419 5791 680 5848; x_wconf 68' lang='lat' dir='ltr'><strong>sapienter</strong></span> <span class='ocrx_word' id='word_1_686' title='bbox 710 5787 1020 5853; x_wconf 78' lang='lat' dir='ltr'><strong>luctatores,</strong></span> <span class='ocrx_word' id='word_1_687' title='bbox 1052 5789 1200 5842; x_wconf 83' lang='lat' dir='ltr'><strong>aliud</strong></span> <span class='ocrx_word' id='word_1_688' title='bbox 1233 5805 1320 5846; x_wconf 75' lang='lat' dir='ltr'><strong>eat</strong></span> <span class='ocrx_word' id='word_1_689' title='bbox 1362 5794 1632 5848; x_wconf 73' lang='lat' dir='ltr'><strong>ostendere</strong></span> <span class='ocrx_word' id='word_1_690' title='bbox 1669 5795 1990 5862; x_wconf 72' lang='lat' dir='ltr'><strong>signiﬁcant.</strong></span> 
     </span>
    </p>
   </div>
   <div class='ocr_carea' id='block_1_106' title="bbox 2104 5057 3682 5138">
    <p class='ocr_par' dir='ltr' id='par_1_106' title="bbox 2104 5057 3682 5138">
     <span class='ocr_line' id='line_1_106' title="bbox 2104 5057 3682 5138; baseline -0.01 -13"><span class='ocrx_word' id='word_1_691' title='bbox 2104 5089 2233 5136; x_wconf 89' lang='grc' dir='ltr'>των,</span> <span class='ocrx_word' id='word_1_692' title='bbox 2263 5069 2356 5123; x_wconf 76' lang='grc' dir='ltr'><strong>καὶ</strong></span> <span class='ocrx_word' id='word_1_693' title='bbox 2381 5066 2725 5138; x_wconf 77' lang='grc' dir='ltr'>Πυθαγόρας,</span> <span class='ocrx_word' id='word_1_694' title='bbox 2759 5065 2895 5118; x_wconf 82' lang='grc' dir='ltr'>ἀλλὰ</span> <span class='ocrx_word' id='word_1_695' title='bbox 2917 5064 3010 5117; x_wconf 79' lang='grc' dir='ltr'><strong>καὶ</strong></span> <span class='ocrx_word' id='word_1_696' title='bbox 3054 5060 3430 5133; x_wconf 83' lang='grc' dir='ltr'>Ἀριστοτέλης</span> <span class='ocrx_word' id='word_1_697' title='bbox 3454 5061 3484 5112; x_wconf 84' lang='grc' dir='ltr'><strong>ὁ</strong></span> <span class='ocrx_word' id='word_1_698' title='bbox 3514 5057 3682 5128; x_wconf 86' lang='grc' dir='ltr'>Περι-</span> 
     </span>
    </p>
   </div>
   <div class='ocr_carea' id='block_1_107' title="bbox 2105 5149 3684 5237">
    <p class='ocr_par' dir='ltr' id='par_1_107' title="bbox 2105 5149 3684 5237">
     <span class='ocr_line' id='line_1_107' title="bbox 2105 5149 3684 5237; baseline -0.011 -18"><span class='ocrx_word' id='word_1_699' title='bbox 2105 5163 2432 5237; x_wconf 84' lang='grc' dir='ltr'>πατητικὸς,</span> <span class='ocrx_word' id='word_1_700' title='bbox 2487 5161 2608 5230; x_wconf 75' lang='grc' dir='ltr'><strong>οὐχὶ</strong></span> <span class='ocrx_word' id='word_1_701' title='bbox 2653 5159 2710 5212; x_wconf 80' lang='grc' dir='ltr'><em>δὲ</em></span> <span class='ocrx_word' id='word_1_702' title='bbox 2770 5159 2898 5229; x_wconf 79' lang='grc' dir='ltr'>μίαν</span> <span class='ocrx_word' id='word_1_703' title='bbox 2923 5157 3118 5228; x_wconf 75' lang='grc' dir='ltr'><strong>ἀρχὴν.</strong></span> <span class='ocrx_word' id='word_1_704' title='bbox 3164 5156 3430 5207; x_wconf 84' lang='grc' dir='ltr'>ἰστωσαν</span> <span class='ocrx_word' id='word_1_705' title='bbox 3479 5150 3537 5204; x_wconf 80' lang='grc' dir='ltr'><em>δὲ</em></span> <span class='ocrx_word' id='word_1_706' title='bbox 3585 5149 3684 5220; x_wconf 76' lang='grc' dir='ltr'>τὴν</span> 
     </span>
    </p>
   </div>
   <div class='ocr_carea' id='block_1_108' title="bbox 2104 5241 3682 5330">
    <p class='ocr_par' dir='ltr' id='par_1_108' title="bbox 2104 5241 3682 5330">
     <span class='ocr_line' id='line_1_108' title="bbox 2104 5241 3682 5330; baseline -0.012 -16"><span class='ocrx_word' id='word_1_707' title='bbox 2104 5258 2443 5330; x_wconf 80' lang='grc' dir='ltr'>καλουμένην</span> <span class='ocrx_word' id='word_1_708' title='bbox 2490 5255 2644 5326; x_wconf 81' lang='grc' dir='ltr'>ὓλην,</span> <span class='ocrx_word' id='word_1_709' title='bbox 2680 5253 2870 5307; x_wconf 72' lang='grc' dir='ltr'><em>ἄποιον</em></span> <span class='ocrx_word' id='word_1_710' title='bbox 2902 5252 2996 5304; x_wconf 78' lang='grc' dir='ltr'><strong>καὶ</strong></span> <span class='ocrx_word' id='word_1_711' title='bbox 3023 5247 3430 5320; x_wconf 84' lang='grc' dir='ltr'>ἀσχημάτιστον</span> <span class='ocrx_word' id='word_1_712' title='bbox 3454 5241 3682 5314; x_wconf 70' lang='grc' dir='ltr'>λεγομέ-</span> 
     </span>
    </p>
   </div>
   <div class='ocr_carea' id='block_1_109' title="bbox 2101 5495 3676 5584">
    <p class='ocr_par' dir='ltr' id='par_1_109' title="bbox 2101 5495 3676 5584">
     <span class='ocr_line' id='line_1_109' title="bbox 2101 5495 3676 5584; baseline -0.014 -15"><span class='ocrx_word' id='word_1_713' title='bbox 2101 5512 2266 5584; x_wconf 84' lang='lat' dir='ltr'><strong>Atqui</strong></span> <span class='ocrx_word' id='word_1_714' title='bbox 2323 5505 2896 5584; x_wconf 28' lang='lat' dir='ltr'><strong>similitudoApetitur</strong></span> <span class='ocrx_word' id='word_1_715' title='bbox 2933 5520 2963 5560; x_wconf 90' lang='lat' dir='ltr'><strong>a</strong></span> <span class='ocrx_word' id='word_1_716' title='bbox 3024 5499 3366 5584; x_wconf 66' lang='lat' dir='ltr'><strong>palaestritis,</strong></span> <span class='ocrx_word' id='word_1_717' title='bbox 3391 5498 3499 5584; x_wconf 83' lang='lat' dir='ltr'><strong>qui</strong></span> <span class='ocrx_word' id='word_1_718' title='bbox 3534 5495 3676 5584; x_wconf 71' lang='lat' dir='ltr'><strong>aliud</strong></span> 
     </span>
    </p>
   </div>
   <div class='ocr_carea' id='block_1_110' title="bbox 2100 5577 3679 5654">
    <p class='ocr_par' dir='ltr' id='par_1_110' title="bbox 2100 5577 3679 5654">
     <span class='ocr_line' id='line_1_110' title="bbox 2100 5577 3679 5654; baseline -0.013 -14"><span class='ocrx_word' id='word_1_719' title='bbox 2100 5577 2222 5654; x_wconf 80' lang='lat' dir='ltr'><strong>ipso</strong></span> <span class='ocrx_word' id='word_1_720' title='bbox 2250 5590 2419 5654; x_wconf 69' lang='lat' dir='ltr'><strong>motu</strong></span> <span class='ocrx_word' id='word_1_721' title='bbox 2445 5577 2728 5654; x_wconf 77' lang='lat' dir='ltr'><strong>corporis,</strong></span> <span class='ocrx_word' id='word_1_722' title='bbox 2777 5577 3407 5654; x_wconf 48' lang='lat' dir='ltr'><strong>oculorum.ve_c0ttj_ectu</strong></span> <span class='ocrx_word' id='word_1_723' title='bbox 3428 5609 3444 5633; x_wconf 92' lang='lat'><strong>,</strong></span> <span class='ocrx_word' id='word_1_724' title='bbox 3477 5583 3588 5654; x_wconf 58' lang='lat' dir='ltr'><strong>pra:</strong></span> 
     </span>
    </p>
   </div>
   <div class='ocr_carea' id='block_1_111' title="bbox 2101 5637 3680 5720">
    <p class='ocr_par' dir='ltr' id='par_1_111' title="bbox 2101 5637 3680 5720">
     <span class='ocr_line' id='line_1_111' title="bbox 2101 5637 3680 5720; baseline -0.013 -11"><span class='ocrx_word' id='word_1_725' title='bbox 2101 5637 2315 5717; x_wconf 67' lang='lat' dir='ltr'><strong>lerunt,</strong></span> <span class='ocrx_word' id='word_1_726' title='bbox 2353 5651 2500 5706; x_wconf 87' lang='lat' dir='ltr'><strong>aliud</strong></span> <span class='ocrx_word' id='word_1_727' title='bbox 2545 5637 2725 5720; x_wconf 59' lang='lat' dir='ltr'><strong>reipsa</strong></span> <span class='ocrx_word' id='word_1_728' title='bbox 2759 5649 3021 5720; x_wconf 86' lang='lat' dir='ltr'><strong>cogitant.</strong></span> <span class='ocrx_word' id='word_1_729' title='bbox 3052 5642 3229 5714; x_wconf 79' lang='lat' dir='ltr'><strong>Vulgo</strong></span> <span class='ocrx_word' id='word_1_730' title='bbox 3257 5637 3513 5702; x_wconf 79' lang='lat' dir='ltr'><strong>dicimus,</strong></span> <span class='ocrx_word' id='word_1_731' title='bbox 3542 5637 3680 5706; x_wconf 67' lang='lat' dir='ltr'><strong>fair:</strong></span> 
     </span>
    </p>
   </div>
   <div class='ocr_carea' id='block_1_112' title="bbox 2098 5725 2424 5795">
    <p class='ocr_par' dir='ltr' id='par_1_112' title="bbox 2098 5725 2424 5795">
     <span class='ocr_line' id='line_1_112' title="bbox 2098 5725 2424 5795; baseline -0.009 -16"><span class='ocrx_word' id='word_1_732' title='bbox 2098 5725 2189 5781; x_wconf 68' lang='lat' dir='ltr'><strong>de:</strong></span> <span class='ocrx_word' id='word_1_733' title='bbox 2217 5726 2424 5795; x_wconf 74' lang='lat' dir='ltr'><strong>feitttee.</strong></span> 
     </span>
    </p>
   </div>
  </div>
