4122 6474
514 391 657 438 “05

1681 389 2005 447 PBEPAR.
2047 391 2298 448 EVANG.
2340 391 2468 449 LIB.
2511 390 2648 448 XIII.

3623 390 3767 447 {105‘

508 517 610 570 νην
663 499 802 572 πρὸς
858 501 1060 567 αὐτῶν,
1094 503 1156 556 τδ
1188 504 1264 577 μὴ
1297 505 1413 558 τόδε
1463 505 1663 580 (51),ἢ
1710 510 1784 581 μὴ
1832 509 1913 574 ὃν,
1952 511 2071 582 πρὸς

2193 513 2460 583 principia
2479 518 2791 576 numerant,
2807 523 2916 565 non
2943 507 3274 580 principium
3301 521 3470 562 unum
3489 515 3760 561 statuunt.

509 588 603 642 τοῦ
633 590 917 656 Πλάτωνος
965 593 1238 664 εἰρῆσθαι,
1282 597 1377 649 καὶ
1434 600 1506 669 μή
1552 616 1642 651 τιο
1683 601 2087 671 μυστικώτατα.

508 681 655 735 Μίαν
686 684 795 754 γάρ
825 684 923 756 τὴν
957 685 1124 751 ὄντως
1146 683 1310 741 οὖσαν
1351 690 1523 762 ἀρχὴν
1564 691 1739 758 εἰδὼς,
1787 695 1846 746 ὲν
1881 694 1958 766 τῷ
2007 699 2090 749 Τι-

502 774 658 842 μαίῳ
683 775 874 840 αὐταῖς
917 795 1048 850 φησι
1109 779 1312 845 λέξεσι’
1349 799 1369 832 ί
1395 781 1510 834 Νῦν
1544 783 1608 854 δὴ
1651 781 1743 840 οὖν
1779 785 1838 838 τό
1867 801 1930 854 γε
1959 787 2087 857 παρ’

505 865 662 936 ἡμῶν
683 860 784 920 ὦδε
811 869 981 939 έχέτω
1000 887 1014 900 ο
1046 870 1147 943 τὴν
1183 873 1281 943 μὲν
1314 874 1442 945 περὶ
1464 875 1738 940 ἁπάντων,
1773 877 1882 931 εἴτε
1916 878 2088 950 ἀρχὴν

501 956 614 1012 εἴτε
673 959 867 1030 ἀρχὰς,
912 962 1020 1014 εἴτε
1041 964 1148 1034 ὅπη
1207 964 1356 1018 δοκεῖ
1399 965 1602 1021 τούτων
1644 968 1791 1039 πέρι,
1830 969 1995 1023 τανῦν
2023 971 2085 1024 οὐ

505 1050 699 1121 ῥητέον
752 1051 818 1105 δι’
860 1052 989 1107 ἄλλο
1033 1055 1131 1125 μὲν
1164 1056 1340 1120 οὐδὲν,
1375 1057 1466 1111 διὰ
1502 1059 1558 1111 δὲ
1591 1059 1653 1112 τὸ
1684 1060 1916 1130 χαλεπὸν
1945 1059 2084 1114 εἶναι

505 1143 644 1196 κατὰ
675 1143 767 1198 τὸν
819 1146 1064 1218 παρόντα
1097 1149 1297 1218 τρόπον
1325 1149 1426 1220 τῆς
1469 1151 1702 1217 διεξόδου
1744 1152 1982 1223 δηλῶσαι
2017 1155 2084 1209 τὰ

499 1234 812 1290 δοκοῦντα.»
854 1239 1062 1305 Ἀλλως
1093 1258 1152 1294 τε
1182 1246 1216 1312 ἡ
1249 1241 1394 1309 λέξις
1430 1244 1464 1314 ἠ
1511 1245 1820 1316 προφητικὴ
1864 1246 2046 1318 ἐκείνη
2066 1265 2080 1278 ·

506 1346 524 1379 ι
569 1329 634 1382 Ἠ
683 1330 740 1383 δὲ
785 1331 857 1402 γῆ
912 1327 980 1404 ἦν
1038 1333 1306 1405 ἀόρατος,
1366 1336 1462 1389 καὶ
1517 1337 2017 1402 ἀκατασκεύαστος,
2053 1358 2075 1389 ι

496 1420 752 1492 ἀφορμὰς
778 1425 962 1488 αὐτοῖς
993 1424 1186 1496 ὑλικῆς
1214 1426 1402 1491 οὐσίας
1451 1428 1786 1500 παρέσχηται
1807 1444 1820 1457 ’
1849 1429 1956 1482 Ναὶ
1979 1430 2082 1501 μὴν

509 1511 818 1586 Ἐπικούρῳ
870 1516 970 1586 μὲν
1023 1521 1056 1590 ἡ
1107 1517 1197 1572 τοῦ
1249 1519 1559 1589 αὐτομάτου
1604 1521 1974 1592 παρείσδυσις,
2019 1522 2079 1575 οὐ

497 1607 1037 1680 παρακολουθήσαντι
1069 1609 1146 1682 τῷ
1177 1611 1344 1682 ῥητῷ,
1362 1612 1584 1680 γέγονεν
1610 1614 1877 1680 ἐντεῦθεν,
1909 1635 1926 1666 ι
1957 1616 2080 1669 Μα-

494 1700 717 1769 ταιότης
747 1705 1144 1775 ματαιοτήτων,
1175 1704 1244 1758 τὰ
1277 1707 1455 1760 πάντα
1487 1708 1786 1779 ματαιότης
1805 1725 1819 1739 ο
1863 1729 1880 1760 ι
1931 1709 2080 1780 Ἀρι-

497 1792 733 1846 στοτέλει
766 1793 823 1847 δὲ
869 1795 1030 1867 μέχρι
1061 1795 1290 1868 σελήνης
1329 1799 1532 1868 ἐπῆλθε
1593 1804 1928 1869 καταγαγεῖν
1980 1801 2078 1872 τὴν

2190 605 2354 675 Atqui
2387 605 2564 659 sciant
2596 604 2687 660 isti
2715 601 2901 670 velim,
2922 601 3208 657 materiam
3228 599 3397 666 illam,
3423 614 3586 670 quam
3610 599 3760 654 omni

2189 707 2242 752 et
2275 697 2537 768 qualitate
2571 704 2625 749 et
2659 695 2831 766 ﬁgura
2865 708 3052 749 carere
3075 692 3286 755 dicunt,
3315 707 3345 746 a
3376 690 3602 746 Platone
3623 706 3762 759 quo-

2189 803 2295 859 que
2325 803 2433 843 non
2457 796 2663 842 certum
2683 785 2834 856 quid,
2865 785 2978 839 sive
3007 785 3060 839 id
3093 784 3240 854 quod
3267 799 3375 838 non
3394 793 3500 845 est,
3524 781 3761 852 appella-

2187 892 2297 936 tam
2316 896 2456 945 esse,
2480 880 2725 948 adeoque
2748 893 2858 932 non
2878 875 3082 947 aliquid
3116 893 3130 930 ;
3154 875 3298 946 quod
3322 874 3540 942 quidem
3572 872 3761 944 mysti-

2187 987 2311 1026 cum
2342 973 2499 1027 valde
2546 985 2610 1027 ac
2654 970 2995 1026 reconditum
3045 968 3258 1024 censeri
3287 967 3466 1023 debet.
3498 965 3634 1021 Nam
3664 965 3759 1034 qui

2185 1079 2375 1118 verum
2411 1063 2542 1118 illud
2602 1077 2769 1117 unum
2821 1061 3146 1132 principium
3193 1066 3533 1130 agnosceret,
3583 1057 3637 1111 in
3669 1055 3760 1111 Ti-

2186 1168 2319 1207 πιωο
2353 1152 2469 1207 haec
2514 1151 2679 1206 habet
2723 1151 3019 1221 ipsissima.
3059 1168 3077 1201 ι
3110 1147 3306 1204 Nostra
3362 1163 3514 1212 vero,
3558 1148 3755 1218 inquit,

2183 1244 2458 1314 ejusmodi
2483 1245 2625 1298 ratio
2654 1254 2756 1299 est.
2809 1242 2884 1297 De
2939 1243 3180 1297 universi
3218 1257 3313 1296 seu
3342 1241 3611 1312 principio
3659 1256 3756 1296 seu

2184 1337 2490 1407 principiis,
2540 1336 2738 1406 quidve
2782 1335 2849 1390 de
2883 1335 2950 1390 iis
2983 1335 3309 1399 sentiamus,
3363 1334 3417 1388 in
3469 1334 3757 1403 praesentia

2183 1429 2363 1484 dicere
2388 1429 2773 1495 omittendum,
2805 1443 2906 1482 nec
2939 1427 3046 1482 alia
3077 1427 3142 1480 de
3186 1442 3372 1492 causa,
3408 1442 3573 1496 quam
3609 1426 3756 1497 quod

2181 1517 2406 1573 difﬁcile
2435 1517 2522 1578 sit,
2549 1533 2613 1572 ea
2637 1533 2800 1587 quam
2832 1518 3116 1586 sequimur
3149 1515 3464 1585 disputandi
3500 1515 3608 1582 via,
3633 1531 3756 1586 qua

2182 1609 2344 1665 nobis
2363 1608 2536 1664 hocin
2562 1623 2757 1680 genere
2775 1607 3084 1672 videantur,
3103 1623 3394 1677 exponere.
3413 1626 3429 1659 ι
3458 1606 3752 1674 Caeterum,

2180 1700 2560 1770 propheticum
2597 1699 2760 1755 illud:
2787 1719 2806 1751 ι
2838 1699 3005 1755 Terra
3035 1708 3215 1754 autem
3246 1706 3364 1754 erat
3391 1699 3680 1754 invisibilis
3700 1708 3756 1754 et

2182 1792 2450 1863 indigesta
2483 1792 2523 1857 ί,
2559 1809 2577 1843 ι
2613 1791 2876 1862 ﬁngendae
2906 1791 3069 1862 hujus
3114 1792 3358 1847 materia
3405 1794 3752 1848 occasionem

495 1883 782 1955 Πρόνοιαν,
803 1887 868 1938 ὲκ
884 1886 1035 1940 τοῦδε
1058 1887 1150 1940 τοῦ
1167 1867 1405 1959 ψαλμοῦ·
1428 1867 1449 1940 γι
1471 1892 1664 1962 Κύριε,
1683 1867 1850 1960 ὲν-τῷ
1865 1867 2071 1961 οὐρανῷ

2180 1883 2248 1938 iis
2292 1883 2460 1938 dedit.
2500 1883 2566 1937 Et
2610 1881 2879 1952 Epicurus
2927 1897 3082 1946 sane,
3134 1892 3196 1938 ut
3231 1899 3363 1939 casu
3415 1899 3478 1938 ac
3523 1883 3754 1939 fortuito

491 1977 555 2030 τὸ
591 1977 737 2042 ἔλεός
767 1997 883 2046 σου,
924 1983 1076 2054 καὶὴ
1113 1983 1341 2055 ἀλήθειά
1375 2002 1467 2038 σου
1501 1985 1606 2049 ἕως
1634 1985 1740 2040 τῶν
1765 1985 2023 2056 νεφελῶν.
2053 2007 2071 2036 ι

492 2068 718 2122 Οὐδέπω
754 2071 862 2143 γὰρ
883 2072 1296 2126 ἀπεκαλύπτετο
1321 2075 1354 2144 ἡ
1393 2073 1502 2126 τῶν
1528 2074 1882 2146 προφητικῶν
1907 2073 2078 2146 δήλω-

491 2178 576 2225 σις
609 2163 923 2234 μυστηρίων
950 2165 1056 2236 πρὸ
1093 2165 1195 2236 τῆς
1217 2164 1313 2218 τοῦ
1369 2166 1575 2238 Κυρίου
1615 2167 1936 2238 παρουσίας.
1966 2165 2076 2229 Τάς

485 2271 548 2308 τε
600 2272 668 2309 αυ
706 2255 845 2326 μετὰ
895 2257 1124 2312 θάνατον
1181 2257 1450 2323 κολάσεις,
1496 2259 1591 2313 καὶ
1632 2258 1730 2330 τὴν
1759 2258 1848 2312 διὰ
1897 2260 2069 2331 πυρὸς

486 2347 777 2420 τιμωρίαν,
807 2348 915 2403 ἀπὸ
957 2349 1056 2420 τῆς
1089 2348 1364 2420 βαρϐάρου
1407 2349 1725 2418 φιλοσοφίας
1762 2351 1796 2421 ἥ
1830 2367 1888 2403 τε
1913 2368 2073 2421 ποιη-

488 2438 618 2508 τικὴ
644 2439 794 2492 πᾶσα
832 2438 1030 2510 μοῦσα,
1075 2441 1212 2498 ἀλλὰ
1258 2441 1353 2495 καὶ
1386 2442 1419 2512 ἡ
1468 2441 1752 2512 Ἑλληνικὴ
1786 2441 2074 2510 φιλοσοφία

488 2529 756 2599 ὑφείλετο.
785 2526 1008 2585 ωάέων
1035 2532 1166 2602 γοῦν
1198 2533 1255 2587 ὲν
1281 2531 1361 2603 τῷ
1397 2532 1691 2604 τελευταίῳ
1741 2533 1842 2603 τῆς
1891 2537 2070 2588 Πολι-

483 2625 649 2688 τείας
679 2623 871 2686 αὐταῖς
905 2641 1038 2695 φησι
1066 2627 1186 2690 ταῖς
1224 2625 1463 2692 λέξεσιν·
1505 2642 1524 2676 ι
1573 2623 1836 2678 Ἐνταῦθα
1862 2624 1926 2697 δὴ
1961 2624 2070 2696 (52)

483 2713 676 2786 ἄνδρες
706 2715 889 2787 ἄγριοι
915 2715 1168 2789 διάπυροι
1199 2717 1349 2784 ἰδεῖν,
1378 2717 1746 2790 παρεστῶτες,
1777 2717 1871 2770 καὶ
1899 2735 2070 2771 κατα-

486 2803 851 2873 μανθάνοντες
901 2805 962 2859 τὸ
1012 2807 1235 2878 φθέγμα
1283 2808 1418 2877 (55),
1453 2809 1580 2872 τοὺς
1629 2808 1728 2878 μὲν
1757 2808 1863 2880 ἰδίᾳ
1892 2825 2071 2880 παρα-

479 2895 738 2960 λαϐόντες
782 2892 916 2968 ἦγον
936 2915 948 2927 ·
991 2899 1082 2952 τὸν
1113 2899 1171 2953 δὲ
1212 2900 1477 2973 Ἀριδαῖον
1512 2899 1622 2971 (54)
1669 2900 1763 2954 καὶ
1799 2899 1925 2962 τοὺς
1978 2899 2071 2953 άλ-

478 2983 606 3048 λους
645 2986 1094 3056 συμποδίσαντες,
1129 2990 1317 3062 χεῖράς
1335 3007 1395 3043 τε
1430 2991 1524 3042 καὶ
1551 2989 1736 3053 πόδας,
1773 2990 1866 3044 καὶ
1894 3006 2068 3058 κεφα-

479 3071 578 3142 λὴν
609 3072 1005 3138 καταϐαλόντες
1035 3076 1170 3144 (55),
1201 3078 1294 3130 καὶ
1318 3078 1681 3149 ἐκδείραντες,
1701 3073 1884 3132 εἷλκον
1916 3078 2066 3151 παρά

481 3161 581 3233 τὴν
612 3163 731 3216 ὁδὸν
770 3164 928 3228 ἐκτὸς
969 3167 1054 3218 ἐπ’
1107 3166 1436 3220 ἀσπαλάθων
1480 3169 1824 3239 κάμπτοντες
1862 3168 1996 3238 (56).
2042 3188 2060 3221 ι
2093 3203 2135 3260 C

478 3257 544 3309 Οἱ
579 3257 675 3327 μὲν
715 3257 824 3329 γὰρ
852 3259 1042 3329 ἄνδρες
1064 3259 1177 3329 (57)
1205 3260 1254 3312 οἱ
1288 3260 1562 3335 διάπυροι,
1611 3262 1876 3330 ἀγγέλους
1915 3261 2065 3332 αὐτῷ

480 3345 760 3416 βούλονται
809 3347 1030 3419 δηλοῦν,
1089 3348 1138 3401 οἳ
1194 3349 1602 3420 παραλαϐόντες
1656 3353 1784 3414 τοὺς
1847 3351 2064 3416 ἀδίκους

477 3440 816 3504 κολάζουσιν.
858 3460 876 3493 ι
926 3441 982 3496 '0
1023 3441 1212 3508 ποιῶν,
1276 3444 1430 3515 φησὶ,
1480 3444 1607 3507 τούς
1656 3444 1918 3512 ἀγγέλους
1967 3444 2065 3498 αὐ-

475 3533 570 3586 τοῦ
619 3533 905 3605 πνεύματα
927 3577 942 3602 ,
989 3535 1235 3598 καὶτοὺς
1271 3535 1615 3607 λειτουργοὺς
1660 3534 1769 3606 πῦρ
1811 3535 2058 3605 φλέγον.»

480 3625 713 3678 Ἔπεται
757 3625 814 3679 δὲ
852 3625 1082 3690 τούτοις,
1117 3627 1219 3698 τὴν
1254 3626 1431 3698 ψυχὴν
1475 3623 1612 3680 εἶναι
1659 3625 1948 3680 ἀθάνατον.
1991 3627 2064 3680 Τὸ

475 3716 586 3788 γὰρ
612 3717 1042 3792 κολαζόμενον,ἢ
1078 3720 1484 3790 παιδευόμενον,
1523 3721 1580 3773 ὲν
1598 3719 1944 3792 αἰσθήσεών,
1970 3719 2060 3791 ζῇ,

476 3809 580 3864 κᾶν
608 3813 837 3881 πάσχειν
869 3811 1123 3884 βούληται
1150 3812 1278 3883 (58).
1300 3813 1364 3864 Τί
1379 3811 1435 3865 δέ
1458 3828 1474 3878 ;
1499 3811 1633 3883 Οὐχὶ
1644 3808 1822 3865 οἷδενό
1842 3812 2063 3865 Πλάτων

480 3902 577 3956 καὶ
638 3903 810 3974 πυρὸς
844 3905 1144 3976 ποταμοὺς,
1177 3905 1274 3958 καὶ
1323 3905 1422 3976 τῆς
1469 3904 1574 3974 γῆς
1608 3905 1670 3958 τὸ
1725 3903 1920 3975 βάθος,
1967 3905 2066 3977 τὴν

478 3994 617 4065 πρὸς
647 3994 758 4049 τῶν
785 3994 1075 4068 βαρϐάρων
1121 3996 1346 4064 γέενναν
1377 3996 1748 4073 καλουμένην,
1783 3996 2066 4068 Τάρταρον

476 4086 775 4166 ⁸’(ιιοιητικῶς
821 4083 931 4157 (39)
977 4088 1293 4158 ὀνομάζων,
1356 4089 1616 4143 Κωκυτόν
1656 4105 1713 4143 τε
1776 4089 1871 4142 καὶ
1911 4088 2063 4158 Ἀχέ-

479 4191 662 4246 ροντα,
698 4178 792 4232 καὶ
821 4174 1316 4248 Πυριφλεγέθοντα,
1358 4178 1454 4231 καὶ
1481 4178 1550 4232 τὰ
1580 4177 1808 4232 τοιαῦτά
1831 4196 1955 4233 τινα
1984 4180 2066 4244 εἰς

476 4269 577 4340 τὴν
607 4269 888 4324 παίδευσιν
911 4271 1312 4343 σωφρονίζοντα
1332 4271 1679 4342 παρεισάγων
1707 4271 2061 4344 κολαστήρια;

473 4359 596 4413 Τῶν
644 4361 893 4434 σμικρῶν
939 4363 1017 4427 δὲ,
1057 4362 1202 4416 κατά
1232 4363 1332 4436 τὴν
1363 4363 1604 4435 Γραφὴν,
1629 4365 1724 4417 καὶ
1761 4364 2060 4436 ἐλαχίστων

551 4473 567 4504 ³
610 4472 807 4530 Genes.
840 4491 878 4529 ι.
904 4475 954 4529 l.
1031 4475 1052 4506 ⁸
1094 4475 1301 4532 Eccles.
1329 4492 1368 4543 ι,
1394 4477 1450 4530 2.

548 4592 662 4662 (3i)
698 4591 766 4645 Τὸ
790 4591 877 4661 μὴ
922 4593 1080 4657 τόδε,
1124 4603 1229 4650 etc.
1261 4593 1388 4650 Haec
1431 4595 1572 4663 apud
1613 4595 2054 4655 ClementemJta
2085 4601 2135 4660 D

473 4671 739 4739 concepta
766 4665 1024 4739 reperies,
1049 4665 1144 4739 καὶ
1168 4664 1567 4738 τολμηρότερον
1585 4665 1691 4739 ᾔδη
1727 4666 1800 4738 μὴ
1834 4667 1894 4739 δν
1919 4667 2056 4739 πρὸς

471 4751 525 4818 σε.
573 4730 971 4818 Πίείρῆσέθαι,
1017 4736 1117 4816 κα¹ιἱ
1265 4730 1750 4818 ἓεε”’μυσςὶικιξ›τατὰ
1789 4730 1926 4818 ’μίαν

472 4803 664 4876 hyeme,
691 4803 795 4858 etc.
827 4803 1038 4876 Quibus
1073 4803 1272 4861 similia
1305 4803 1557 4876 leguntur
1583 4807 1636 4859 in
1673 4822 1777 4861 ms.
1798 4803 2053 4862 Eusebii.

472 4872 620 4928 Nihil
656 4883 835 4928 tamen
873 4875 926 4927 in
979 4883 1164 4929 nostra
1203 4872 1434 4932 lectione
1482 4878 1802 4930 mutandum
1835 4892 2054 4943 censeo,

471 4945 774 5018 praesertim
801 4960 924 5018 curn
952 4960 1016 4999 ex
1052 4946 1166 5018 illis
1191 4947 1285 5000 καὶ
1313 4947 1386 5018 μή
1420 4964 1473 4999 τι
1499 4963 1718 5017 μυστικ.
1748 4948 1882 5002 satis
1908 4962 2059 5002 com-

472 5015 1188 5087 moda»estprimi‘isenten‘tia
1226 5015 1478 5087 nequeat.

546 5083 997 5209 (ὅῖἐίᾀΕὗιταῦθα
1045 5085 1140 5152 δή.
1192 5083 1347 5142 Plato
1385 5087 1526 5142 libro
1567 5103 1602 5142 ι
1650 5086 1725 5142 De
1760 5087 2049 5159 republica,

511 5171 596 5209 an.
624 5171 727 5209 mn
762 5171 821 5209 U.

471 5170 1060 5294 Ρθῗέῦῗᾟὸυξρθέγμα.
1092 5225 1356 5282 Hervetus
1403 5228 1598 5290 reddit,
1630 5244 1922 5283 sermonem
1967 5230 2052 5283 in-

475 5294 781 5377 telligenles.
829 5295 1054 5377 Φθέγμα
1104 5297 1198 5377 hic.
1244 5299 1668 5377 gdeTrocuest,
1717 5298 2054 5377 ειᾎμύκημα

473 5367 706 5434 mugitus
727 5406 742 5428 ,
779 5381 942 5434 quem
975 5367 1232 5423 immanis
1266 5367 1446 5424 hiatus
1475 5369 1739 5424 ediderat.
1774 5367 2057 5425 Praecessit

471 5436 772 5511 enim__apud
792 5435 1072 5511 Platonem
1102 5436 1194 5511 οὓς
1217 5439 1488 5511 (homines
1508 5440 1848 5511 teterrimos),
1873 5441 2056 5511 οἰομέ-

471 5521 591 5581 νους
609 5505 706 5581 ἤδη
731 5505 1235 5581 ἀναϐήσεσθαι,9ὐκ’
1249 5508 1458 5581 ἐδέχετο
1475 5508 1533 5560 τὸ
1548 5509 1787 5581 στόμιον,
1805 5505 1917 5563 ἀλλ’
1935 5505 2060 5581 ἔμυ-

471 5575 640 5652 κᾷτο,
656 5575 833 5652 εδπάιςε⁸
851 5575 933 5640 τις
955 5575 1073 5652 τῶν
1092 5577 1264 5652 nimo;
1289 5575 1869 5652 dvtétmgéxévtwvaiq
1897 5575 2060 5652 πονη-

471 5643 682 5721 ρίαν,
704 5648 787 5721 *μὴ
822 5647 1021 5721 ίκανῶς
1052 5647 1497 5721 δεδωκὼς-δίκην.
1528 5643 1796 5721 ἐπιχειροῖ
1821 5643 2040 5704 ἐνιέναί.

543 5715 1007 5788 (“lapidariam
1053 5717 1130 5788 ita
1177 5718 1380 5774 Justin.
1427 5715 1724 5788 Martyr'in
1759 5719 2049 5785 Parmet.,

471 5785 943 5861 pag_._‘l_9_._Clem..
987 5787 1289 5861 _’Ap£6at9v,
1324 5797 1380 5843 at
1409 5785 1582 5848 Plato,
1632 5789 1918 5861 ᾋρδιαῖον.

544 5855 652 5926 (55)
681 5855 1148 5922 Καταϐαιὶόνέες.
1186 5857 1458 5926 Clemens,
1505 5855 1916 5922 καταλαϐόντες.

2177 1975 2360 2029 omnia
2387 1975 2500 2029 ﬁeri
2533 1975 2758 2039 diceret,
2797 1975 2850 2029 in
2880 1976 3124 2030 animum
3174 1976 3408 2040 induxit,
3431 1977 3576 2046 quod
3606 1976 3753 2033 illius

2177 2067 2306 2122 dicti
2341 2067 2450 2121 vim
2480 2082 2586 2122 non
2625 2075 2877 2136 caperet:
2923 2085 2941 2118 ι
2965 2066 3190 2123 Vanitas
3213 2069 3538 2134 vanitatum,
3567 2069 3752 2123 omnia

2177 2159 2392 2213 vanitas
2421 2161 2478 2224 ²;
2514 2177 2530 2210 ι
2583 2160 3042 2228 quemadmodum
3094 2161 3438 2227 Aristoteles,
3471 2168 3528 2215 ut
3569 2162 3749 2216 lunari

2175 2251 2307 2307 orbe
2336 2251 2740 2306 Providentiam
2765 2253 3034 2319 deﬁniret,
3059 2269 3126 2308 ex
3161 2253 3254 2308 illo
3278 2253 3490 2323 psalmo
3530 2253 3750 2309 hausit:

2181 2364 2208 2406 ι¹
2231 2343 2461 2399 Domine
2481 2383 2496 2408 ,
2520 2344 2574 2398 in
2599 2345 2739 2400 caelo
2770 2345 3149 2400 misericordia
3191 2355 3306 2412 tua,
3345 2355 3400 2400 et
3425 2345 3628 2401 veritas
3658 2353 3752 2400 tua

2175 2449 2350 2505 usque
2382 2436 2451 2490 ad
2474 2435 2647 2490 nubes
2672 2437 2748 2489 ³.»
2770 2434 2956 2506 Neque
2977 2437 3122 2491 enim
3158 2445 3286 2493 ante
3314 2436 3525 2492 Domini
3553 2437 3753 2491 adven-

2173 2534 2288 2580 tum
2315 2525 2758 2595 propheticorum
2789 2527 2968 2582 adhuc
2998 2528 3383 2596 mysteriorum
3409 2528 3754 2598 aperiebatur

2173 2615 2465 2672 sententia.
2495 2613 2614 2670 Jam
2634 2616 2831 2670 luenda
2853 2633 3071 2687 quoque
3088 2626 3209 2688 post
3238 2618 3446 2672 obitum
3463 2617 3749 2688 supplicia,

2170 2716 2226 2764 et
2242 2707 2364 2762 illos
2395 2706 2602 2777 ignium
2634 2707 3068 2774 crueiatus,cum
3098 2717 3270 2778 poeta
3295 2711 3498 2778 passim
3532 2724 3748 2776 omnes,

2173 2811 2286 2857 tum
2330 2802 2504 2858 Graeci
2541 2801 2704 2856 etiam
2740 2802 3048 2873 philosophi
3089 2818 3119 2856 a
3149 2803 3378 2857 barbara
3404 2802 3750 2872 philosophia

2170 2893 2556 2962 compilarunt.
2579 2889 2730 2947 Plato
2750 2893 2970 2961 quidem
2991 2894 3043 2945 in
3071 2892 3260 2947 ultimo
3277 2892 3350 2946 De
3376 2891 3644 2958 republica
3660 2893 3747 2947 di-

2169 2984 2329 3039 sertis
2356 2984 2739 3054 conceptisque
2759 2983 2971 3036 verbis:
2997 3002 3014 3034 ι
3040 2980 3178 3036 Τυω
3219 2984 3518 3046 enimvero,
3549 2983 3745 3054 inquit,

2169 3075 2268 3130 l'eri
2285 3075 2557 3139 homines,
2583 3085 2638 3130 et
2663 3083 2883 3146 aspectu
2904 3075 3066 3145 ignei,
3082 3075 3270 3129 audito
3291 3076 3522 3143 mugitu,
3543 3084 3742 3145 praesto

2168 3169 2414 3232 aderant,
2457 3169 2687 3238 aliisque
2737 3183 2984 3222 seorsum
3031 3166 3303 3235 abductis,
3347 3168 3623 3222 Aridaaum
3677 3183 3743 3224 ac

2167 3270 2412 3326 caeteros,
2444 3260 2697 3314 manibus
2728 3259 2887 3314 simul
2945 3275 3006 3313 ac
3036 3258 3264 3328 pedibus
3310 3259 3738 3328 cervicibusque

2170 3353 2506 3414 constrictis,
2544 3353 2696 3407 humi
2744 3350 2997 3416 alﬁictos,
3031 3360 3085 3405 et
3131 3359 3259 3406 cute
3309 3351 3573 3414 detracta,
3608 3350 3745 3406 foris

2171 3460 2330 3500 secus
2388 3445 2533 3498 viam
2587 3457 2684 3512 per
2744 3442 2952 3496 medias
3004 3443 3294 3512 raptabant
3342 3438 3683 3512 aspalathos.
3719 3463 3739 3495 ο

2169 3533 2305 3590 Nam
2338 3535 2428 3590 isti
2449 3535 2667 3605 quidem
2701 3533 2951 3588 homines
2979 3532 3140 3602 ignei,
3165 3534 3387 3602 angelos
3435 3533 3578 3603 apud
3617 3549 3742 3588 eum

2171 3627 2504 3698 signiﬁcant,
2549 3627 2645 3698 qui
2671 3636 2918 3696 arreptos
2941 3627 3234 3681 sceleratos
3266 3626 3498 3696 puniunt
3533 3645 3548 3682 :
3585 3627 3744 3696 juxta

2169 3720 2301 3776 illud
2332 3737 2346 3774 :
2378 3739 2396 3772 ι
2433 3718 2538 3785 Qui
2598 3717 2728 3773 facit
2767 3718 2990 3788 angelos
3033 3733 3163 3773 suos
3195 3718 3440 3788 spiritus,
3482 3727 3537 3774 et
3585 3719 3746 3774 mini-

2171 3821 2315 3869 stros
2347 3812 2524 3884 ignem
2553 3812 2719 3883 670
2750 3820 2996 3866 urentem
3027 3812 3071 3863 δ.
3115 3830 3135 3864 ι
3174 3809 3254 3865 Ex
3283 3813 3482 3883 quibus
3513 3813 3741 3868 immor-

2174 3904 2336 3959 talem
2365 3887 2611 3958 animum
2653 3918 2776 3958 esse
2825 3902 3200 3972 consequitur.
3247 3903 3406 3969 Quod
3451 3905 3594 3960 enim
3648 3918 3743 3961 aut

2172 3997 2418 4066 punitur,
2438 4004 2534 4051 aut
2557 3995 2827 4059 eruditur,
2879 3994 2932 4050 id
2968 4011 3092 4049 cum
3128 4010 3290 4049 sensu
3322 3997 3608 4066 praeditum
3644 3999 3738 4061 sit,

2168 4088 2315 4142 vivat
2337 4103 2560 4144 necesse
2595 4095 2698 4152 est,
2735 4087 2948 4142 etiamsi
2976 4088 3083 4156 pati
3109 4086 3340 4141 dicatur.
3373 4085 3512 4153 Quid
3543 4089 3742 4158 porro?

2167 4179 2443 4252 Numquid
2491 4179 2654 4235 etiam
2699 4178 2872 4244 Plato,
2919 4187 2971 4232 et
3021 4180 3164 4250 ignis
3214 4179 3428 4244 ﬂuvios,
3480 4189 3535 4235 et
3586 4181 3736 4237 illam

2167 4283 2326 4328 terra;
2344 4271 2688 4327 altitudinem
2716 4270 2958 4340 agnovit,
2983 4285 3104 4338 qua:
3136 4286 3166 4324 a
3215 4271 3460 4326 barbaris
3492 4273 3738 4342 gehenna

2167 4367 2388 4431 dicitur,
2438 4379 2600 4435 quem
2633 4363 2751 4434 ipse
2800 4361 3089 4418 Tartarum
3136 4364 3347 4433 poetice
3399 4365 3736 4435 nominavit;

1556 4475 1578 4508 ³
1615 4476 1732 4531 Pal.
1764 4493 1909 4532 xxxv
1934 4518 1951 4546 ,
2005 4475 2058 4532 6.
2138 4477 2162 4509 ⁸
2207 4475 2350 4532 Psal.
2388 4474 2583 4538 cut,4.

2256 4594 2345 4664 '56)
2395 4591 2797 4662 Κάμπτοντες.
2855 4591 3092 4664 Justin._,
3132 4591 3529 4663 γνάμπτοντες.
3583 4591 3737 4653 Plato

2161 4662 2559 4738 κνάμπτοντες,
2582 4666 2780 4738 eodem
2831 4679 3016 4720 sensu.
3050 4662 3302 4738 Clemens
3331 4675 3385 4720 et
3417 4681 3521 4721 ms.
3557 4667 3736 4738 κνάμ-

2161 4733 2409 4801 πτοντες.
2441 4734 2597 4800 Quod
2645 4744 2980 4804 postremum
3027 4733 3071 4788 si
3109 4733 3402 4804 probatur,
3445 4733 3733 4793 dicendum

2159 4820 2245 4864 est
2286 4822 2381 4862 eos
2420 4821 2528 4860 non
2584 4815 2862 4876 utcunque
2907 4815 3124 4876 carptos
3175 4816 3227 4860 et
3275 4805 3538 4861 laceratos
3590 4822 3732 4874 esse,

2162 4893 2349 4932 verum
2379 4877 2544 4930 etiam
2592 4875 2960 4947 ad__majorem
3009 4875 3472 4947 dolorissensum
3517 4877 3733 4947 aspala-

2161 4949 2272 5004 this
2302 4947 2610 5016 impositos.
2641 4945 2755 5015 Ego
2783 4947 3013 5016 alterum
3043 4945 3396 5016 praetulerim.

2233 5018 2346 5091 (δι)
2382 5015 2586 5091 Οίμὲν
2608 5015 2729 5091 *γὰρ
2763 5015 2998 5091 ἄνδρες.
3032 5015 3300 5091 Justinus,
3336 5016 3459 5091 inde
3486 5031 3736 5091 resurre-

2160 5084 2357 5144 ctionis
2390 5084 2553 5142 etiam
2589 5084 2785 5154 dbgma
2826 5087 3087 5154 colligens
3118 5103 3132 5140 :
3174 5084 3471 5152 Ἐνταῦθά,
3524 5087 3734 5156 inquit,

2165 5178 2254 5229 μοι
2305 5158 2454 5229 δοκεῖ
2499 5159 2528 5209 ό
2571 5157 2816 5229 Πλάτων,
2863 5156 2924 5208 οὐ
2981 5156 3142 5229 μόνον
3173 5156 3436 5229 τὸνμπερὶ
3477 5155 3734 5229 κρίσεως,

2162 5225 2313 5302 παρά
2347 5228 2457 5282 τῶν
2488 5227 2783 5298 προφητῶν
2833 5225 3206 5296 μεμαθηκέναι
3239 5225 3394 5295 λόγον
3413 5267 3428 5291 ,
3476 5225 3611 5281 ἀλλὰ
3642 5229 3738 5280 καὶ

2162 5303 2250 5354 τὸν
2297 5299 2424 5354 περὶ
2463 5298 2565 5354 τῆς
2594 5296 2996 5354 ἀπιστουμένης
3040 5297 3167 5354 παρ’
3201 5296 3456 5354 Ἕλλησιν
3503 5298 3737 5352 ἀναστά-

2160 5312 2250 5354 τον
2297 5312 2424 5372 περι
2463 5315 2565 5420 τὲς
2594 5312 2996 5367 ἀπιστουμένης
3040 5312 3166 5366 παρ’
3227 5312 3456 5367 ιιΑΑησιν
3503 5312 3734 5352 αναστα-

2164 5387 2320 5433 σεως·
2366 5369 2433 5440 τὸν
2462 5385 2506 5440 κγ
2551 5385 2592 5440 ρ
2627 5367 2762 5438 μετὰ
2800 5365 3050 5440 σωματος
3072 5365 3375 5440 μκρίνεσθαι
3407 5368 3518 5440 τὴν
3557 5369 3734 5439 ψυχὴν

2167 5442 2357 5510 φῆσαι,
2389 5435 2763 5510 οὐδέν’έτερον⁸
2793 5436 2974 5510 δηλοῖ2
3068 5436 3150 5510 δτι
3182 5436 3268 5510 τῷ
3301 5438 3429 5509 περ)⁸
3451 5435 3581 5510 ξτῆς
3607 5435 3737 5510 ἀνά-

2170 5505 2409 5574 στάσεως
2439 5505 2722 5580 ἐπίστευσε
2751 5505 2912 5574 λόγῳ.
2939 5505 3018 5580 Οὐ
3044 5506 3150 5580 γὰρ
3176 5505 3249 5578 δη
3275 5505 3385 5580 πουξ
3409 5508 3509 5580 τὴν
3525 5505 3733 5580 ψυχὴν,

2166 5580 2429 5651 κεφαλὴν,
2475 5579 2568 5633 καὶ
2600 5582 2817 5650 χεῖρας,
2869 5575 2961 5628 καὶ
2996 5575 3195 5642 πόδας,
3228 5575 3332 5631 ’καὶ
3364 5575 3562 5652 δέρμα,
3591 5575 3735 5650 ἔχειν

2207 5653 2450 5705 ήσουσιν.

2166 5669 2450 5722 φησουσιν.

2235 5720 2347 5786 (38)
2373 5720 2570 5782 Clem.,
2603 5717 2846 5788 λέγηται.

2233 5789 2345 5864 (39)
2377 5787 2731 5864 Ποιητικῷς.
2751 5791 3080 5844 Clementem
3122 5792 3351 5864 corrige,
3383 5793 3523 5864 apud
3571 5803 3732 5862 quem

2161 5862 2320 5929 male,
2347 5859 2715 5930 προφητικῶς.
