4122 6414
435 374 571 426 1107

1099 365 1369 422 EUSEBII
1408 366 1882 422 CESARIENSIS
1919 367 2067 423 OPP.
2110 366 2289 421 PARS
2324 365 2384 422 Il.
2418 365 3006 424 —APOLUGETICA.

3545 371 3681 426 H08

432 493 698 564 Cocytum
749 502 1028 561 praeterea,
1078 490 1464 552 Acheruntem.
1509 488 1991 560 Pyriphlegethon-

2100 491 2226 552 τοὺς
2285 487 2570 558 ἀγγέλους,
2603 487 2730 550 τοὺς
2750 487 2993 559 ὁρῶντας
3021 487 3111 542 τὸν
3146 486 3298 553 Θεὸν,
3324 489 3463 559 πρὸς
3499 488 3556 542 δὲ
3589 490 3681 543 καὶ

427 595 562 648 tem,
590 596 645 639 et
687 583 883 646 similia
932 597 1216 652 ptenarum
1267 582 1385 636 loca
1432 597 1756 652 generaque,
1799 581 1999 652 quibus

431 678 715 733 hominum
750 692 932 732 mores
981 677 1338 747 castigentur,
1389 675 1612 729 invexit.
1652 674 1822 738 idem,
1861 689 2000 745 quos

429 787 492 824 ex
530 772 807 839 Scriptura
840 769 1105 824 habemus
1143 770 1493 840 parvulorum
1542 784 1608 824 ac
1648 767 1998 822 minimarum

427 865 671 934 angelos,
720 863 814 932 qui
866 862 1034 918 Deum
1079 863 1256 932 ipsum
1301 861 1555 924 videant,
1583 869 1636 914 et
1687 860 1997 930 diligentem

425 953 573 1010 illam
611 955 936 1025 vigilemque
987 969 1198 1018 curam,
1242 968 1363 1022 quae
1403 968 1432 1005 a
1463 951 1789 1028 praesidibus
1817 966 1880 1005 ac
1915 959 2000 1004 tu-

425 1043 688 1098 telaribus
743 1043 950 1114 angelis
1000 1043 1053 1096 in
1112 1057 1211 1096 nos
1258 1042 1572 1106 derivatur,
1620 1042 1890 1111 aperiens,
1923 1041 1998 1096 ita

425 1135 664 1192 scribere
699 1150 807 1190 non
853 1134 1109 1190 dubitat:
1150 1153 1167 1186 ι
1213 1131 1313 1188 Ubi
1366 1144 1569 1196 autem,
1608 1134 1802 1203 inquit,
1837 1150 1997 1189 suum

424 1242 656 1304 quaeque
685 1227 808 1280 vitae
848 1241 1041 1297 genus,
1096 1235 1258 1295 prout
1289 1226 1489 1296 cuique
1543 1241 1662 1280 sors
1710 1226 1996 1294 obtigerat,

427 1320 624 1380 anima?
655 1334 848 1373 omnes
899 1317 1217 1386 delegerint,
1270 1326 1386 1371 tum
1439 1317 1658 1372 easdem
1711 1315 1996 1371 Lachesim

426 1407 756 1474 convenire;
791 1409 934 1462 hanc
986 1421 1092 1460 una
1123 1421 1246 1460 cum
1294 1405 1544 1474 singulis,
1573 1420 1733 1474 quem
1782 1404 2000 1473 ipsimet

425 1502 726 1556 daemonem
755 1500 1084 1570 optaverint,
1116 1513 1239 1553 eum
1291 1497 1414 1550 vitm
1443 1498 1724 1552 custodem
1754 1495 1997 1551 futurum

429 1593 695 1657 emittere,
731 1592 890 1662 cujus
911 1591 1072 1646 etiam
1104 1605 1289 1657 opera,
1323 1605 1444 1659 qua:
1475 1589 1764 1644 statuerint
1792 1591 1996 1653 omnia,

428 1685 797 1756 periiciantur.
850 1703 868 1735 ι
928 1681 1082 1748 Quod
1136 1681 1311 1750 ipsum
1370 1680 1636 1744 fortasse,
1676 1681 1996 1734 attributum

2100 583 2200 654 τὴν
2239 583 2318 647 είς
2367 584 2514 653 ἡμᾶς
2557 582 2622 635 δι’
2669 582 2918 650 ἀγγέλων
2947 582 3054 635 τῶν
3085 581 3408 652 ἐφεστάντων
3439 579 3681 651 ἥκουσαν

2103 674 2408 746 ἐπισκοπὴν
2439 675 2740 746 ἐμφαίνων,
2770 674 2869 726 οὐκ
2907 674 3056 728 ὀκνεῖ
3085 676 3316 746 γράφειν
3341 691 3354 704 ·
3386 693 3403 726 ι
3459 675 3679 746 Ἐπειδὴ

2100 764 2145 818 δ’
2179 760 2271 818 οὖν
2307 764 2416 835 (40)
2463 765 2641 828 πάσας
2693 765 2793 830 τὰς
2839 765 3017 836 ψυχάς
3068 767 3195 829 τοὺς
3229 766 3374 836 βίους
3419 767 3680 838 ᾑρῆσθαι,

2100 858 2286 930 ὥσπερ
2309 859 2516 930 ἔλαχον,
2542 861 2599 912 ὲν
2636 859 2786 926 τάξει
2817 859 3098 931 προσιέναι
3135 859 3248 928 (41)
3274 863 3352 925 εἰς
3377 861 3477 932 τὴν
3510 862 3683 930 Λάχευ

2103 971 2220 1006 σιν·
2247 955 2458 1025 ἐκείνην
2501 955 2558 1008 δὲ
2605 956 2840 1022 ἑκάστῳ,
2884 955 2943 1008 ὃν
2985 955 3157 1009 είλετο
3207 955 3458 1026 δαίμονα,
3492 954 3682 1009 τοῦτον

2102 1044 2317 1113 φύλακα
2340 1043 2430 1097 τοῦ
2472 1045 2586 1115 βίου
2613 1046 2986 1115 συμπέμπειν,
3014 1048 3108 1100 καὶ
3139 1047 3542 1118 ἀποπληρωτὴν
3573 1047 3684 1101 τῶν

2101 1136 2448 1206 αἱρεθέντων.
2493 1156 2511 1187 ι
2551 1137 2702 1206 Τάχα
2735 1136 2789 1189 δὲ
2839 1138 2930 1192 καὶ
2978 1137 3053 1208 τῷ
3094 1139 3372 1210 Σωκράτει
3403 1138 3464 1192 τὸ
3495 1139 3685 1210 δαιμόο

2101 1246 2209 1281 νιον
2237 1227 2476 1281 τοιοῦτόν
2518 1246 2572 1282 τι
2623 1229 2891 1299 ᾐνίσσετο.
2937 1230 3042 1282 Ναὶ
3079 1230 3203 1300 μὴν,
3235 1230 3491 1302 γεννητὸν
3541 1227 3680 1286 εἶναι

2102 1322 2195 1374 τὸν
2225 1320 2428 1390 κόσμον
2457 1323 2518 1374 ὲκ
2551 1321 2830 1384 Μωῠσέως
2862 1321 3293 1392 παραλαϐόντες,
3318 1322 3683 1392 ὲδογμάτισαν

2099 1415 2149 1465 οἱ
2166 1413 2462 1481 φιλόσοφοι.
2489 1415 2598 1466 Καὶ
2624 1414 2652 1466 ὃ
2669 1430 2730 1481 γε
2754 1413 2978 1466 Πλάτων
3001 1413 3262 1485 ἄντικρυς
3290 1414 3503 1485 εἴρηκεο
3530 1433 3548 1465 ι
3579 1415 3683 1468 Πό-

2100 1522 2257 1576 τερον
2285 1503 2352 1577 ἦν
2385 1505 2556 1578 ἀρχὴν
2606 1504 2744 1576 ἔχων
2772 1506 3038 1573 γενέσεως
3078 1506 3356 1576 οὐδεμίαν,
3387 1508 3420 1576 ἢ
3458 1506 3688 1574 γέγονεν

2101 1598 2194 1650 ἀπ’
2252 1597 2426 1670 ἀρχῆς
2483 1615 2628 1660 τινος
2680 1596 3022 1669 ἀρξάμενος;
3075 1598 3269 1670 ὁρατός
3311 1616 3370 1652 τε
3410 1598 3680 1670 γὰρ(42),

2102 1691 2270 1754 ἁπτός
2301 1707 2379 1755 τε,
2416 1690 2511 1744 καὶ
2546 1689 2706 1760 σῶμα
2754 1689 2886 1760 ἔχει.
2925 1712 2942 1743 ι
2977 1687 3142 1754 Αὖθίς
3189 1708 3249 1744 τε
3299 1691 3500 1744 ὁπόταν
3529 1691 3682 1764 εἴπῃς

427 1779 558 1843 illud
597 1777 807 1836 Socrati
835 1776 1163 1831 dzemoninm
1195 1776 1473 1830 innuebat.
1520 1773 1807 1839 Przeterea,
1835 1789 1994 1844 quem

2106 1801 2123 1833 ι
2165 1783 2267 1835 Τὸν
2302 1783 2401 1854 μὲν
2434 1779 2525 1837 οὖν
2563 1783 2790 1856 ποιητὴν
2820 1784 2914 1838 καὶ
2945 1785 3154 1856 πατέρα
3204 1783 3360 1838 τοῦδε
3408 1785 3501 1838 τοῦ
3548 1803 3684 1839 παν-

427 1887 456 1935 a
491 1869 676 1942 Moyse
709 1877 1051 1938 acceperant,
1081 1869 1269 1922 mundi
1319 1879 1499 1921 ortum
1535 1865 1848 1936 philosophi
1879 1874 1996 1919 tra-

2099 1875 2189 1938 τὸς
2216 1847 2392 1946 εὑρεῖν
2428 1893 2487 1928 τε
2521 1847 2700 1948 ἔργον,
2791 1877 2851 1929 οὐ
2887 1875 3044 1946 μόνον
3086 1847 3351 1948 ’γεννητὸν
3396 1876 3564 1944 ἔδειξε
3591 1876 3684 1931 τὸν

424 1964 629 2020 didere.
656 1961 805 2029 Quos
824 1962 965 2016 inter
990 1959 1143 2015 Plato
1163 1961 1362 2020 diserte
1392 1978 1404 2013 :
1434 1978 1452 2010 ι
1483 1958 1780 2028 Semperne
1812 1957 1995 2024 fuerit,

425 2055 623 2126 inquit,
656 2053 807 2107 nullo
835 2061 1124 2122 generatus
1151 2058 1295 2106 ortu.
1342 2065 1410 2103 an
1459 2057 1612 2104 ortus
1641 2050 1712 2102 sit
1757 2048 1858 2103 sub
1895 2047 1997 2101 ali-

425 2161 536 2222 quo
589 2144 848 2212 temporis
876 2141 1208 2211 principatu,
1261 2138 1702 2209 quandoquidem
1732 2138 1996 2203 cernitur,

423 2249 479 2292 et
512 2237 774 2307 tangitur,
807 2243 861 2289 et
888 2243 971 2288 est
1018 2233 1260 2302 undique
1313 2241 1658 2300 corporatus.
1691 2249 1709 2281 ι
1757 2227 1999 2299 Itemque

424 2345 549 2387 cum
572 2328 678 2382 ait:
707 2346 725 2379 ι
758 2327 934 2397 Atque
960 2325 1108 2380 illum
1137 2325 1354 2396 quidem
1378 2323 1690 2378 effectorem
1716 2337 1778 2376 ac
1804 2337 1999 2391 parens

423 2431 532 2476 tcm
564 2421 730 2490 hujus
744 2417 1135 2480 universitatis,
1167 2416 1413 2470 invenire
1433 2413 1680 2480 diilicile;
1708 2429 1815 2468 non
1836 2414 1998 2467 modo

423 2523 739 2588 generatum
770 2527 892 2569 esse
949 2509 1214 2564 mundum
1278 2507 1535 2564 ostendit.
1586 2507 1680 2562 sed
1729 2506 1892 2560 etiam
1929 2506 1999 2560 ab

424 2609 542 2678 ipso
566 2605 677 2661 Deo
705 2612 1019 2673 generatum
1061 2617 1184 2656 esse
1228 2598 1488 2661 declarat,
1513 2599 1712 2667 quippe
1744 2613 1902 2667 quem
1929 2597 1998 2652 ab

423 2702 517 2766 illo
541 2715 649 2754 uno
679 2708 886 2760 satum,
920 2706 1082 2770 atque
1115 2709 1179 2749 ex
1209 2690 1378 2746 nihilo
1395 2699 1636 2744 creatum
1667 2704 1787 2744 esse
1814 2689 1991 2743 velit.»

429 2793 485 2855 in
519 2809 626 2864 qua
657 2793 724 2847 de
747 2791 936 2852 mundi
983 2798 1104 2856 ortu
1144 2784 1403 2855 opinione
1431 2780 1600 2837 Stoici
1631 2796 1849 2851 quoque
1877 2797 2000 2834 ver-

425 2895 637 2948 santur.
671 2884 954 2939 Diabolum
1004 2887 1286 2950 prmterea,
1322 2889 1484 2944 quem
1527 2873 1579 2926 in
1619 2873 1850 2928 barbara
1877 2873 1998 2943 phi—

423 2980 673 3050 losophia
703 2977 864 3032 toties
897 2971 1158 3043 appellari
1216 2969 1395 3034 audis,
1448 2969 1756 3023 daemonum
1796 2966 2001 3037 princi-

424 3084 573 3141 pem,
608 3067 912 3123 maleiicum
943 3061 1185 3116 animum
1226 3059 1384 3114 Plato
1412 3068 1570 3113 vocat
1599 3057 1796 3128 Legum
1849 3057 1998 3112 deci-

423 3179 514 3230 mo
560 3161 646 3217 his
687 3157 905 3216 verbis:
941 3175 958 3206 ι
991 3151 1262 3222 Numquid
1307 3166 1529 3206 necesse
1574 3159 1676 3214 est,
1730 3149 1994 3212 animum,

423 3257 518 3336 qui
549 3255 713 3310 rebus
749 3250 1006 3311 omnibus
1058 3263 1180 3318 quae
1211 3260 1652 3315 quoquoversum
1683 3255 1992 3308 moventur,

2100 1964 2322 2034 κόσμον,
2358 1964 2496 2018 άλλά
2548 1967 2642 2019 καὶ
2687 1966 2941 2031 ὲξάὐτοῦ
2975 1969 3261 2034 γεγονέναι
3298 1968 3576 2038 σημαίνει,
3606 1969 3687 2032 ὡς·

2099 2053 2164 2108 ἂν
2202 2057 2265 2109 ὲκ
2301 2056 2465 2126 μόνου
2497 2058 2788 2128 γενομένου
2827 2057 2962 2129 (45),
3010 2060 3102 2110 καὶ
3152 2060 3216 2112 ὲκ
3264 2061 3337 2131 μὴ
3372 2060 3525 2124 ὄντος
3558 2061 3685 2114 ὑπο-

2103 2146 2344 2210 στάντος.
2381 2147 2644 2219 Γεννητδν
2691 2148 2749 2201 δὲ
2797 2149 2892 2203 καὶ
2935 2150 2982 2201 οἱ
3025 2149 3253 2202 Στωϊκοὶ
3297 2151 3540 2204 τίθενται
3588 2151 3684 2204 τὸν

2101 2238 2324 2309 κόσμον.
2367 2238 2472 2292 Τόν
2499 2256 2558 2292 τε
2588 2239 2692 2292 ὑπὸ
2724 2241 2823 2310 τῆς
2857 2240 3132 2312 βαρϐάρου
3173 2241 3488 2311 φιλοσοφίας
3516 2242 3682 2314 θρυλ-

2099 2331 2359 2402 λούμενον
2406 2331 2685 2397 διάϐολον,
2739 2332 2832 2385 τδν
2889 2331 2998 2385 τῶν
3070 2333 3342 2404 δαιμόνων
3405 2335 3638 2405 ἄρχοντα
3663 2371 3680 2398 ,

2101 2423 2400 2495 κακοεργὸν
2455 2419 2594 2477 εἶναι
2619 2424 2797 2495 ψυχὴν
2839 2427 2896 2478 ὲν
2933 2424 3012 2495 τῷ
3051 2425 3260 2496 δεκάτῳ
3287 2425 3396 2478 τῶν
3416 2428 3630 2495 Νόμων
3653 2429 3686 2480 ὁ

2102 2514 2325 2569 Πλάτων
2359 2514 2508 2582 λέγει
2553 2515 2735 2568 ταῖσδε
2761 2519 2881 2579 ταῖς
2914 2515 3091 2580 λέξεσι
3114 2533 3128 2548 ο
3171 2535 3189 2566 ι
3224 2517 3418 2588 Ψυχὴν
3451 2517 3686 2572 διοικοῦο

2102 2623 2221 2670 σαν,
2261 2607 2356 2659 καὶ
2379 2605 2692 2660 ἐνοικοῦσαν
2719 2610 2834 2667 τοῖς
2868 2607 3043 2680 πάντη
3081 2608 3440 2680 κινουμένοις,
3470 2609 3587 2679 μῶν
3618 2610 3682 2664 οὐ

2101 2699 2194 2750 καὶ
2222 2698 2312 2750 τὸν
2338 2698 2562 2770 οὐρανὸν
2587 2699 2806 2752 διοικεῖν
2822 2699 3036 2770 ἀνάγκη
3069 2700 3234 2769 φάναι
3256 2717 3270 2765 ;
3297 2729 3366 2742 --
3388 2702 3453 2753 Τί
3470 2704 3575 2772 μήν
3593 2719 3684 2766 ;--

2100 2789 2314 2861 Μίαν,ἢ
2335 2789 2553 2853 πλείους
2577 2807 2679 2854 ;—
2700 2790 2943 2853 Πλείους,
2984 2790 3092 2860 ἐγὼ
3123 2792 3262 2862 ὑπὲρ
3285 2792 3433 2860 σφῶν
3451 2793 3684 2862 ἀποκρι-

2101 2881 2315 2952 νοῦμαι.
2375 2885 2528 2935 Δυοῖν
2561 2883 2658 2954 μέν
2699 2900 2800 2936 που
2839 2882 3063 2936 ἔλαττον
3095 2883 3260 2954 μηδὲν
3288 2883 3547 2955 τιθῶμεν,
3582 2885 3685 2956 τῆς

2098 2991 2156 3026 τε
2195 2975 2554 3047 εὐεργέτιδος,
2584 2978 2676 3029 καὶ
2703 2976 2803 3046 τῆς
2835 2975 3093 3028 τάναντία
3121 2976 3426 3047 δυναμένης
3451 2975 3683 3048 ἐξεργά-

2102 3065 2308 3130 ζεσθαι.
2349 3088 2367 3118 ι
2415 3069 2646 3138 Ὁμοίως
2673 3068 2729 3121 δὲ
2762 3069 2864 3121 κάν
2901 3067 2978 3138 τῷ
3001 3069 3231 3136 Φαίδρῳ
3281 3068 3405 3122 τάδε
3452 3069 3678 3139 γράφει’

2108 3178 2126 3208 ι
2161 3161 2316 3212 Ἔστι
2357 3160 2454 3232 μὲν
2482 3161 2545 3232 δὴ
2567 3162 2660 3215 καὶ
2678 3161 2811 3215 ἄλλα
2828 3160 2994 3224 κακὰ,
3013 3161 3149 3215 ἀλλά
3179 3178 3262 3225 τις
3292 3161 3499 3231 δαίμων
3527 3161 3681 3232 ἔμιξε

2098 3253 2208 3314 τοῖς
2231 3251 2500 3315 πλείστοις
2531 3255 2588 3306 ὲν
2616 3253 2693 3323 τῷ
2723 3254 3036 3325 παραυτίκα
3061 3253 3273 3324 ἡδονήν.
3311 3273 3330 3305 ι
3383 3253 3544 3306 Ἀλλὰ
3576 3256 3682 3307 κάν

424 3334 480 3410 ει
514 3345 846 3412 ωοάεΐθῑιπ,
889 3352 941 3395 el-
976 3339 1144 3404 ἱιιεὶι,
1190 3338 1365 3406 ipsum
1397 3350 1614 3405 quoque
1659 3334 1858 3389 C(Blum
1901 3350 1997 3402 Per
2097 3344 2174 3414 τῷ
2219 3343 2430 3415 δεκάτῳ
2482 3345 2590 3398 τῶν
2641 3347 2854 3414 Νόμων
2905 3345 3165 3416 ἄντικρυς
3217 3345 3276 3398 τὸ
3325 3345 3685 3398 ὰποστολικὺν

425 3452 546 3501 sese
573 3432 882 3497 moderari?
912 3459 980 3469 —
1011 3429 1270 3483 Omnino.
1307 3457 1379 3466 —
1405 3423 1660 3480 Unumne
1694 3436 1897 3488 autem,
1926 3440 1995 3477 an

2099 3435 2362 3488 δείκνυσιν
2386 3439 2580 3489 ἐκεῖνο·
2607 3454 2625 3486 ι
2652 3436 2764 3488 Οὐκ
2800 3435 2946 3488 εστιν
2977 3437 3165 3506 ήμῖνή
3196 3435 3342 3505 πάλη
3375 3435 3513 3506 πρὸς
3539 3428 3680 3504 αἷμα

424 3525 641 3598 plures?
661 3553 732 3564 —
760 3523 950 3576 Plures
997 3527 1165 3582 certe,
1197 3531 1322 3570 nam
1358 3531 1456 3584 pro
1484 3513 1641 3568 vobis
1669 3510 1996 3580 respondere

2099 3529 2190 3580 καὶ
2228 3529 2426 3600 σάρκα,
2459 3529 2594 3582 ἀλλὰ
2617 3530 2776 3601 ’πρὸς
2803 3531 2870 3584 τά
2915 3529 3263 3600 πνευματικὰ
3293 3527 3401 3581 τῶν
3431 3528 3488 3581 ὲν
3513 3527 3680 3597 οὐρα-

421 3623 596 3692 juvat.
628 3615 738 3671 Nec
765 3612 1052 3683 pauciores
1083 3611 1299 3664 duobus
1331 3616 1478 3662 recte
1504 3606 1868 3675 posuerimus,
1906 3603 1998 3656 be-

424 3715 658 3778 neticum
713 3709 968 3769 alterum,
1025 3703 1257 3759 alterum
1314 3699 1641 3755 maleﬁcum.
1686 3716 1704 3748 ι
1764 3695 1908 3749 idem
1941 3695 1994 3748 in

426 3802 657 3862 Phwdro.
684 3801 800 3854 hmc
843 3796 1009 3850 habet
1044 3813 1056 3848 :
1112 3813 1130 3845 ι
1166 3793 1284 3847 Alia
1340 3805 1557 3861 quoque
1586 3789 1724 3842 mala
1761 3795 1908 3851 sunt,
1943 3793 1998 3838 at

423 3895 698 3968 plerisque
760 3891 971 3951 daemon
1035 3885 1234 3956 aliquis
1289 3892 1611 3954 prasentem
1661 3880 1994 3948 voluptatem

426 3981 737 4046 admiscuit.
781 3999 810 4030 »-
839 3978 980 4043 Quin
1011 3985 1063 4030 et
1115 3973 1310 4045 Legum
1359 3973 1604 4035 decimo,
1638 3969 1993 4038 apostolicum

425 4076 554 4133 illud
593 4074 750 4144 plane
778 4076 1132 4140 repraesentat
1165 4086 1177 4120 :
1203 4065 1351 4119 «Non
1380 4073 1464 4118 est
1494 4063 1652 4117 nobis
1684 4060 1995 4116 colluctatio

426 4173 686 4238 adversus
718 4180 936 4226 carnem
960 4172 1014 4218 et
1049 4161 1391 4232 sanguinem,
1427 4160 1520 4213 sed
1550 4157 1813 4212 adversus
1838 4156 1990 4226 prin-

425 4265 574 4334 cipes
625 4269 680 4315 et
718 4265 1038 4330 potestates,
1089 4263 1276 4310 contra
1330 4250 1633 4321 spiritualia
1671 4264 1861 4302 eorum
1899 4247 1993 4316 qui

426 4359 479 4411 in
505 4354 658 4412 cceiis
685 4359 966 4406 versantur
993 4347 1064 4411 ¹,ι
1094 4345 1221 4398 dum
1259 4345 1333 4396 ita
1361 4343 1554 4397 scribit
1585 4359 1597 4396 :
1626 4341 1777 4412 67]
1815 4360 1831 4391 ι
1855 4340 1991 4394 Cum

422 4448 568 4506 enim
605 4445 717 4514 jam
741 4441 879 4494 inter
911 4452 1009 4492 nos
1037 4435 1110 4488 ita
1137 4434 1469 4498 convenerit,
1498 4441 1556 4485 ut
1582 4432 1780 4486 caelum
1808 4431 1994 4485 multis

2098 3623 2207 3685 νοῖς
2241 3621 2374 3692 (44),
2425 3643 2442 3674 ι
2479 3616 2582 3675 ὧδέ
2611 3640 2727 3686 πως
2767 3625 3012 3692 γράφων·
3062 3641 3081 3673 ι
3121 3621 3338 3692 Ἐπειδὴ
3389 3621 3495 3692 γὰρ
3556 3637 3680 3672 συν-

2098 3716 2454 3786 εχωρήσαμεν
2490 3716 2619 3786 ἡμῖν
2665 3715 2848 3779 αὐτοῖς
2886 3712 3023 3768 εἶναι
3053 3715 3152 3785 μὲν
3175 3715 3267 3768 τὸν
3293 3713 3519 3785 οὐρανὸν
3551 3711 3671 3766 πολο

2097 3807 2203 3859 λῶν
2260 3807 2454 3877 μεστὸν
2516 3807 2755 3876 ἀγαθῶν,
2811 3803 2949 3860 εἶναι
3012 3807 3068 3860 δὲ
3112 3806 3205 3860 καὶ
3252 3805 3359 3858 τῶν
3397 3805 3676 3866 ἐναντίων,

2099 3897 2356 3950 πλειόνων
2370 3897 2425 3949 δὲ
2453 3895 2560 3948 τῶν
2586 3897 2690 3966 μή·
2722 3897 2866 3967 μάχη
2902 3896 2988 3967 δὴ,
3017 3896 3218 3966 φαμὲν,
3256 3895 3522 3958 ἀθάνατός
3562 3896 3680 3948 ἐσθ’

2098 3993 2385 4064 ἡτοιαύτη,
2413 3992 2506 4045 καὶ
2528 3991 2773 4061 φυλακῆς
2791 3991 3109 4061 θαυμαστῆς
3125 3991 3376 4062 δεομένη.
3413 4011 3430 4041 ι
3458 3990 3678 4059 Κόσμον

2095 4103 2155 4136 τε
2186 4080 2338 4148 αὖθις
2373 4085 2462 4137 τὸν
2497 4085 2592 4154 μὲν
2622 4084 2810 4154 νοητὸν
2839 4079 2976 4137 οἶδεν
3004 4085 3035 4154 ἡ
3069 4083 3342 4155 βάρϐαρος
3367 4084 3677 4152 φιλοσοφία,

2096 4177 2187 4230 τὸν
2219 4177 2276 4230 δὲ
2323 4175 2609 4246 αἰσθητόνο
2647 4176 2740 4229 καὶ
2780 4176 2870 4228 τὸν
2908 4174 3008 4246 μὲν
3040 4175 3363 4246 ἀρχέτυπον,
3389 4175 3480 4228 τὸν
3512 4176 3568 4229 δὲ
3601 4177 3679 4230 εί-

2099 4268 2229 4321 κόνα
2259 4266 2353 4320 τοῦ
2386 4265 2551 4320 καλοῦ
2601 4265 3039 4336 παραδείγματος
3062 4281 3075 4295 ο
3109 4265 3204 4317 καὶ
3237 4264 3326 4317 τὸν
3368 4266 3466 4336 μὲν
3493 4265 3678 4318 ἀνατί-

2098 4360 2224 4430 θησι
2281 4358 2489 4429 μονάδι,
2536 4358 2612 4420 ὼς
2643 4357 2708 4410 ἂν
2741 4357 2950 4427 νοητὸν,
2976 4357 3068 4408 τὸν
3109 4357 3166 4410 δὲ
3199 4357 3455 4428 αἰσθητὸν
3491 4357 3636 4424 ὲξάδι
3658 4374 3675 4390 °

2098 4453 2271 4523 γάμος
2302 4451 2409 4523 γάρ
2439 4450 2588 4522 παρὰ
2614 4452 2727 4514 τοῖς
2774 4450 3182 4520 Πυθαγορείοις,
3226 4451 3302 4513 ὼς
3348 4450 3414 4505 ἂν
3452 4451 3677 4522 γόνιμος

423 4539 605 4602 bonis,
630 4545 929 4600 eorumque
953 4526 1266 4588 contrariis,
1299 4533 1352 4579 et
1382 4524 1468 4580 his
1497 4523 1715 4592 quidem
1741 4523 1993 4592 pluribus

2099 4541 2346 4613 ἀριθμὸς.
2380 4541 2413 4610 ἡ
2441 4538 2566 4605 ἑξὰς
2588 4539 2854 4594 καλεῖται.
2883 4539 3064 4594 Καὶὲν
3103 4540 3201 4610 μὲν
3238 4543 3304 4611 τῇ
3337 4542 3524 4610 μονάδι
3550 4559 3677 4594 συν-

423 4631 684 4686 refertum
701 4641 842 4687 esse,
864 4623 1178 4684 fateremur,
1201 4615 1527 4671 immortalis
1547 4613 1792 4684 profecto
1815 4629 1992 4683 pugna

425 4725 541 4778 haec
570 4721 640 4775 sit
661 4724 893 4787 oportet,
922 4723 976 4769 et
1022 4709 1323 4767 incredibili
1365 4710 1598 4778 quadam
1633 4707 1885 4762 cautione
1911 4708 1997 4759 in-

425 4815 626 4884 digeat.
661 4830 679 4862 ι
713 4808 975 4868 Similiter
1002 4805 1264 4864 mundum
1297 4800 1542 4872 agnoscit
1568 4799 1796 4853 barbara
1824 4799 1998 4868 philo-

425 4904 618 4975 sophia
677 4901 968 4971 duplicem,
1028 4897 1260 4951 alterum
1316 4891 1708 4961 intelligentia,
1765 4890 1996 4944 alterum

426 5012 593 5053 sensu
624 5003 938 5065 perceptum
971 5007 983 5044 :
1014 5004 1044 5043 e
1081 4988 1282 5053 quibus
1318 4985 1647 5056 archetypus
1674 4983 1765 5036 ille
1792 4981 1883 5044 sit,
1910 4979 2000 5033 hic

426 5103 558 5149 vero
593 5085 840 5158 praeclari
863 5081 1191 5152 exemplaris
1226 5081 1424 5148 imago.
1470 5077 1548 5142 Ac
1587 5077 1823 5147 priorem
1876 5072 2000 5143 qui?

495 5227 512 5258 ¹
536 5223 673 5292 Eph.
709 5237 782 5286 γι,
816 5218 902 5273 12.

496 5353 881 5427 (40))Επξειδὴ
917 5346 1131 5427 δ’μοῦφς.
1184 5347 1336 5402 Plato
1371 5346 1462 5402 lib.
1509 5363 1541 5400 ι
1590 5344 1662 5398 De
1709 5344 1996 5414 republica,

425 5422 705 5500 pagLSQi,
741 5423 800 5486 ἰ),
829 5426 928 5500 ista
946 5422 1214 5500 pluribus,

520 5486 611 5565 ΖΙ)
646 5486 983 5565 Προσιέναὶ.
1029 5490 1286 5547 Mendose
1343 5486 1485 5558 apud
1542 5486 1803 5542 Clement.
1863 5502 1994 5556 προ-

459 5586 584 5621 ιναι.

426 5585 610 5707 εωᾶἒ)
648 5636 892 5707 ὀρατός
937 5651 1000 5707 τε
1043 5637 1186 5707 γᾴρ,
1222 5641 1326 5707 etc.
1373 5628 1566 5707 ἰδίεις,
1618 5625 1826 5707 ὁρατὸς.
1866 5625 1994 5707 γὰρ,

424 5695 605 5772 ἁπτός
629 5695 829 5776 τέλέστι
849 5695 986 5776 (καὶ
1028 5695 1188 5776 σῶμα
1221 5702 1378 5776 ἔχων.
1411 5702 1478 5753 At
1505 5695 1998 5776 (ἷιςπιέηδκδρατός

423 5767 484 5833 τε
523 5767 638 5848 ’γάρ
676 5774 773 5843 ὢν,
811 5767 978 5838 ἁπτός
1023 5767 1189 5825 ὲστίν·
1240 5767 1410 5833 ἁπτός
1457 5785 1515 5822 τε
1562 5769 1671 5839 ὢν,
1713 5767 1805 5822 καὶ
1839 5767 1994 5845 σῶμα

428 5851 562 5913 ira!"

457 5866 562 5913 γει.

2104 4632 2313 4702 ίστησιν
2333 4630 2556 4702 οὐρανὸν
2579 4630 2830 4700 ἀόρατον,
2853 4630 2946 4682 καὶ
2962 4629 3066 4700 γῆν
3095 4631 3275 4698 ἁγίαν,
3301 4633 3394 4684 καὶ
3410 4632 3526 4701 φῶς
3549 4649 3676 4703 νοη-

2101 4723 2225 4775 τόν*
2265 4742 2284 4773 ι
2338 4723 2426 4776 Ἐν
2473 4723 2612 4794 ἀρχῇ
2646 4721 2770 4793 γὰρ,
2827 4722 3011 4790 φησὶν,
3059 4722 3314 4793 εποίησεν
3359 4727 3387 4777 ὁ
3415 4725 3547 4788 Θεὸς
3584 4726 3678 4779 τὸν

2098 4813 2325 4884 οὐρανὸν
2381 4814 2476 4866 καὶ
2529 4812 2628 4884 τὴν
2665 4813 2800 4882 γῆνο
2832 4815 2866 4884 ἡ
2904 4813 2960 4866 δὲ
2987 4812 3060 4883 γῆ
3107 4809 3176 4883 ἦν
3225 4815 3473 4885 ἀόρατος,
3511 4837 3530 4868 ι
3563 4814 3677 4870 Εἶτ’

2099 4904 2348 4975 ἐπιφέρει
2373 4920 2386 4932 °
2429 4923 2446 4954 ι
2483 4905 2591 4956 Καὶ
2641 4899 2794 4958 εἶπεν
2839 4907 2867 4958 ὁ
2911 4904 3080 4968 Θεόςε
3117 4905 3359 4959 Γενέσθω
3406 4907 3543 4975 φῶς,
3581 4926 3675 4962 και

2099 4998 2314 5066 ἐγένετο
2344 4997 2479 5076 φῶς.
2519 5018 2537 5048 ι
2585 4998 2674 5050 Ἐν
2724 4997 2781 5050 δὲ
2822 4999 2887 5068 τῇ
2932 4997 3262 5069 κοσμογονίᾳ
3318 5001 3384 5071 ,τῇ
3444 5000 3674 5071 αἰσθητῇ

2101 5091 2320 5162 στερεὸν
2365 5083 2592 5161 οὐρανὸν
2647 5089 2996 5161 ἐδημιούργει
3040 5089 3121 5160 (τὸ
3152 5090 3208 5143 δὲ
3231 5091 3448 5161 στερεὸν
3481 5092 3674 5163 αἰσθη-

2175 5348 2283 5418 (45)
2341 5347 2434 5412 Ὠς
2481 5345 2556 5400 ἂν
2603 5345 2671 5418 ἐκ
2715 5344 2910 5414 μόνου
2962 5361 3164 5418 τεν-ομ.
3218 5344 3424 5401 Sensus
3456 5345 3675 5418 quidem

2100 5419 2217 5472 sine
2245 5416 2476 5472 aliorum
2513 5416 2799 5470 verberum
2841 5417 3155 5470 accessione
3189 5426 3432 5481 constat;
3464 5417 3677 5484 plenius

2101 5500 2278 5566 tamen
2307 5489 2446 5566 apud
2470 5487 2733 5566 Clement.
2758 5494 2882 5566 post
2903 5486 3158 5566 σημαίνει
3188 5486 3400 5566 legitur.
3419 5486 3677 5566 καθάπερ

2072 5559 2233 5622 ὐὶὸν,
2261 5555 2475 5630 πατέρα
2517 5557 2574 5610 δὲ
2620 5555 2784 5608 αὑτοῦ
2838 5555 3160 5626 κεκλῆσθαι,
3194 5557 3271 5619 ὡς
3315 5557 3379 5612 ἂν
3415 5557 3480 5609 ἐκ
3511 5555 3675 5626 μόνου

2098 5646 2282 5768 Teati)
2334 5697 2457 5752 Τῶν
2500 5697 2570 5749 ἐν
2614 5694 2910 5770 οὐρανοῖς.
2949 5694 3120 5770 Vulgo
3166 5696 3247 5753 sic
3296 5697 3532 5770 legitur,
3577 5695 3674 5766 τῆς

2101 5769 2362 5853 πονηρίας
2394 5771 2450 5829 ὲν
2479 5770 2588 5831 τοῖς
2615 5767 2972 5836 ἐπουρανίοις.
