4122 6468
452 382 591 438 “09

1590 383 1913 440 PBEPAR.
1950 384 2202 442 EVANG.
2244 387 2373 444 LIB.
2418 389 2553 445 XIII.

3568 391 3703 445 ΗΙθ

445 497 591 566 τόν·)
625 493 728 565 γῆν
749 510 808 546 τε
828 493 1051 564 δρατὴν,
1085 492 1174 545 καὶ
1193 491 1308 561 φῶς
1334 492 1683 564 βλεπόμενον.
1705 489 1831 566 ⁷Λρ“
1859 497 1920 549 οὐ
1945 495 2029 549 δο-

2132 498 2255 554 dem
2293 500 2468 566 illum,
2522 500 2672 570 quod
2717 509 2901 555 mente
2930 500 3282 572 percipiatur,
3313 501 3528 566 unitati,
3559 503 3704 559 hunc

450 591 536 641 κεῖ
571 604 652 639 σοι
683 584 930 638 ἐντεῦθεν
969 586 996 636 6
1031 584 1255 637 Πλάτων
1290 583 1442 647 ζώων
1465 585 1610 649 ἰδέας
1637 588 1694 639 ὲν
1732 585 1809 657 τῷ
1851 586 2026 659 νοητῷ

450 678 766 734 ἀπολείπειν
799 675 1010 747 κόσμῳ,
1039 676 1132 730 καὶ
1170 676 1238 730 τὰ
1279 677 1394 747 είδη
1434 678 1503 731 τὰ
1537 677 1766 748 αἰσθητὰ
1797 680 1936 732 κατά
1959 679 2027 733 τά

450 770 582 840 γένη
642 769 752 840 (45)
806 769 1161 839 δημιουργεῖν
1190 771 1259 823 τὰ
1291 771 1484 840 νοητά;
1515 771 1754 834 Εἰκότως
1795 772 1902 842 ἄρα
1963 773 2028 825 ὲκ

448 863 551 933 γῆς
569 862 665 932 μὲν
686 861 746 914 τὸ
764 861 921 932 σῶμα
944 860 1362 914 διαπλάττεσθαι
1396 863 1541 930 λέγει
1570 864 1702 916 Μωῦ
1712 862 1828 933 σῆς,
1859 863 1886 914 ὂ
1903 867 2026 934 γηῖ-

448 955 540 1008 νόν
571 971 736 1026 φησιν
791 956 818 1007 ὁ
853 954 1077 1008 Πλάτων
1113 953 1309 1024 σκῆνος
1330 971 1342 984 ·
1385 954 1563 1024 ψυχὴν
1595 954 1651 1006 δὲ
1682 954 1779 1025 τὴν
1805 953 2028 1025 λογικὴν

447 1047 656 1102 ἄνωθεν
689 1066 706 1098 ι
731 1046 1140 1118 ὲμπνευσθῆναι
1173 1067 1192 1099 ι
1227 1046 1332 1099 ὑπὸ
1359 1046 1494 1100 Θεοῦ
1527 1066 1544 1096 ι
1570 1049 1648 1112 είς
1676 1047 2022 1118 πρόσωπον.»

460 1139 728 1193 Ἐνταῦθα
766 1139 874 1212 γὰρ
901 1140 960 1193 τὸ
1013 1140 1339 1211 ἡγεμονικὸν
1375 1138 1620 1211 ἱδρύσθαι
1655 1139 1891 1209 λέγουσι,
1930 1139 2029 1211 τὴν

445 1230 537 1284 διὰ
571 1233 678 1284 τῶν
717 1231 1085 1303 αἰσθητηρίων
1120 1231 1414 1284 ἐπεισόδιον
1447 1233 1546 1303 τῆς
1597 1231 1773 1304 ψυχῆς
1820 1232 1914 1286 ἐπὶ
1935 1231 2027 1284 τοῦ

448 1323 877 1396 πρωτοπλάστου
906 1323 1111 1378 εἴσοδον
1147 1323 1559 1396 ἑρμηνεύοντες.
1585 1323 1677 1376 Διὸ
1716 1326 1809 1378 καὶ
1843 1343 1860 1375 ι
1907 1326 2028 1379 κατ’

447 1415 631 1470 εἰκόνα
671 1416 766 1469 καὶ
823 1415 945 1468 καθ’
977 1415 1232 1486 ὁμοίωσιν
1263 1414 1396 1469 Θεοῦ
1441 1417 1531 1470 τὸν
1563 1415 1846 1489 ἄνθρωπον
1875 1434 2031 1486 γεγο-

448 1507 620 1561 νέναι.
661 1527 681 1559 ι
715 1508 892 1561 Είκὼν
921 1507 1020 1577 μὲν
1049 1507 1158 1579 γὰρ
1183 1507 1318 1561 Θεοῦ
1345 1507 1502 1576 λόγος
1527 1509 1555 1560 6
1595 1508 1734 1572 θεῖος
1759 1510 1850 1562 καὶ
1880 1510 2032 1580 βασι-

447 1599 621 1664 λικὸς,
672 1600 959 1672 ἄνθρωπος
991 1601 1240 1672 ἀπαθής·
1277 1599 1439 1654 εἰκὼν
1468 1600 1514 1653 δ’
1569 1601 1773 1666 εἰκόνος
1825 1601 2032 1673 ἀνθρω-

450 1694 608 1766 πίνης
638 1694 780 1758 νοῦς.
832 1694 1033 1766 Ἐ-τέρῳ
1065 1694 1109 1747 δ’
1141 1696 1189 1746 εξ
1231 1692 1408 1761 βούλει
1445 1693 1780 1764 παραλαϐεῖν
1809 1693 2031 1764 ὀνόματι

448 1788 545 1858 τὴν
575 1787 912 1858 ἐξομοίωσιν,
938 1787 1118 1858 εὕροις
1138 1788 1202 1841 ἂν
1220 1787 1368 1858 παρά
1385 1786 1462 1857 τῷ
1485 1789 1691 1859 Μωϋσῇ
1711 1786 2034 1840 ἀκολουθίαν

448 1880 856 1952 ὀνομαζομένην
913 1880 1083 1934 θείαν.
1139 1882 1276 1950 Φησὶ
1323 1881 1452 1953 γάρ·
1491 1899 1509 1931 ι
1560 1880 1763 1934 Ὀπίσω
1824 1879 2030 1950 Κυρίου

447 1970 542 2024 τοῦ
591 1971 725 2024 Θεοῦ
760 1971 914 2042 ὑμῶν
962 1973 1281 2044 πορεύεσθε,
1335 1975 1429 2026 καὶ
1462 1973 1560 2036 τὰς
1611 1972 1828 2036 ἐντολὰς
1868 1971 2030 2027 αὐτοῦ

450 2061 747 2132 φυλάξατε.
806 2083 824 2115 ι
888 2065 1195 2120 Ἀκόλουθοι
1237 2066 1307 2130 δ’,
1334 2061 1508 2136 οἶμαι,
1565 2066 1657 2119 καὶ
1699 2065 2034 2137 θεραπευταὶ

447 2158 586 2212 Θεοῦ
611 2160 810 2222 πάντες
837 2159 886 2212 οἱ
911 2159 1176 2230 ἐνάρετοι.
1215 2159 1493 2214 Ἐντεῦθεν
1519 2160 1562 2212 δ’
1586 2161 1634 2213 οί
1665 2161 1764 2231 μὲν
1783 2159 2029 2223 Στωϊκοὶ,

448 2251 511 2305 τὸ
531 2251 682 2314 τέλος
707 2252 807 2322 τῆς
839 2251 1157 2321 φιλοσοφίας
1201 2252 1262 2304 τὸ
1295 2252 1600 2316 ἀκολούθως
1628 2255 1693 2323 τῇ
1736 2251 1894 2322 φύσει
1935 2251 2033 2322 ζῇν

447 2346 738 2417 εἰρήκασιν
761 2359 772 2372 ’
793 2346 822 2396 6
852 2345 1076 2399 Πλάτων
1096 2346 1151 2398 δὲ
1190 2347 1446 2417 ὁμοίωσιν
1474 2345 1613 2416 Θεῷ,
1631 2345 1707 2407 ὡς
1732 2349 1788 2399 ἐν
1807 2345 1886 2416 τῷ
1909 2346 2030 2398 δευ-

446 2437 593 2507 τέρῳ
617 2438 1042 2508 παρεστήσαμεν
1067 2437 1416 2506 Στρωματεῖ.
1436 2439 1619 2509 Ζήνων
1648 2455 1707 2490 τε
1727 2439 1755 2490 6
1771 2438 2029 2501 Στωῖκὸς,

448 2529 602 2600 παρά
642 2529 929 2593 Πλάτωνος
951 2529 1152 2596 λαϐὼν,
1175 2529 1204 2580 6
1235 2529 1291 2582 δὲ
1313 2529 1422 2583 άπὸ
1445 2530 1546 2599 τῆς
1582 2529 1854 2602 βαρϐάρου
1885 2531 2035 2598 φιλο-

448 2621 676 2690 σοφίας,
711 2622 838 2685 τοὺς
879 2622 1118 2690 ἀγαθοὺς
1157 2621 1364 2686 πάντας
1399 2621 1645 2694 ἀλλήλων
1681 2619 1821 2676 εἶναι
1845 2622 2032 2691 φίλους

444 2713 615 2783 λέγει.
645 2714 783 2784 Φησὶ
804 2713 913 2784 γάρ
939 2715 997 2767 έν
1021 2713 1099 2783 τῷ
1128 2712 1359 2782 Φαίδρῳ
1386 2712 1494 2784 (46)
1530 2713 1846 2785 Σωκράτης·
1880 2733 1897 2764 ι
1944 2715 2032 2776 Ὠς

445 2806 545 2876 οὐχ
578 2805 837 2876 εἵμαρται
890 2805 1059 2858 κακὸν
1093 2804 1250 2876 κακῷ
1298 2806 1449 2874 φίλον
1488 2801 1649 2871 εἶναι,
1683 2805 1792 2858 οὐδ’
1827 2806 2032 2874 ἀγαθὸν

444 2897 636 2969 ἀγαθῷ
671 2897 745 2968 μὴ
786 2898 957 2967 φίλον.
994 2918 1012 2950 ι
1044 2898 1221 2968 Ὅπερ
1257 2898 1358 2950 κάν
1405 2896 1483 2968 τῷ
1516 2896 1732 2951 Λύσιδι
1756 2896 1867 2967 (47)
1900 2898 2033 2950 ἀπέ-

443 2990 618 3057 δειξεν
651 2990 867 3055 ἱκανῶς,
913 2990 987 3054 ὡς
1007 2992 1062 3042 ὲν
1083 2989 1264 3059 ἀδικίᾳ
1294 2989 1388 3042 καὶ
1414 2989 1648 3060 πονηρίᾳ
1677 2989 1777 3042 οῦκ
1808 2990 1873 3043 άν
1902 3007 2031 3042 ποτε

447 3080 647 3150 σωθείη
699 3081 872 3147 φιλία.
929 3081 1041 3134 Καὶ
1093 3081 1121 3132 6
1165 3079 1446 3149 Ἀθηναῖος
1497 3078 1646 3144 ξένος
1685 3079 1798 3149 (48)
1827 3081 2031 3150 ὁμοίως

2130 605 2258 646 vero
2284 592 2377 659 qui
2413 608 2608 648 sensus
2662 602 2863 656 movet,
2911 595 3126 650 senario
3175 595 3440 650 attribuit.
3477 593 3610 650 Nam
3649 607 3706 652 et

2129 683 2270 752 apud
2292 682 2686 755 Pythagoreos,
2707 687 2960 742 senarius
2977 696 3234 758 tanquam
3249 688 3498 757 genitalis
3515 703 3711 746 nume-

2129 769 2246 837 r'ns,
2300 775 2616 847 conjugium
2651 786 2898 833 vocatur.
2951 777 3095 848 Ergo
3155 779 3207 832 in
3257 780 3463 834 unitate
3506 781 3706 835 cadum

2131 866 2286 931 illud,
2315 869 2460 937 quod
2487 869 2540 923 in
2568 870 2759 925 oculos
2777 887 2883 925 non
2910 870 3074 934 cadit,
3102 879 3417 940 terramque
3435 883 3705 937 sanetam,

2130 967 2185 1014 et.
2221 960 2396 1015 lucem
2439 973 2618 1017 mente
2651 971 2960 1032 perceptam
3003 963 3320 1017 constituit:
3357 979 3375 1012 ι
3414 960 3470 1016 In
3511 962 3712 1032 princi-

2135 1054 2223 1123 pio
2253 1054 2425 1120 enim,
2469 1055 2679 1124 inquit,
2732 1053 2861 1108 fecit
2912 1055 3051 1109 Dens
3109 1055 3412 1109 uelum-et
3457 1062 3708 1109 terram:

2133 1155 2284 1204 terra
2317 1157 2498 1201 autem
2530 1156 2652 1201 erat
2682 1148 2972 1203 invisibilis
2996 1150 3038 1204 ¹.
3076 1167 3094 1199 ι
3127 1147 3337 1214 Quibus
3358 1147 3553 1203 deinde
3580 1149 3714 1203 sub.-

2128 1241 2340 1312 jungit:
2368 1239 2464 1295 «Et
2495 1241 2632 1295 dixit
2655 1240 2830 1296 Deus:
2856 1240 2976 1296 Fiat
3005 1242 3120 1306 lux,
3142 1251 3191 1296 et
3221 1240 3362 1297 facta
3391 1250 3474 1296 est
3503 1241 3593 1295 lux
3610 1245 3645 1290 ³.
3687 1259 3707 1292 ι

2134 1336 2205 1387 At
2235 1335 2287 1387 in
2317 1349 2380 1388 ea
2407 1334 2597 1388 mundi
2624 1336 3022 1405 procreatione,
3048 1351 3212 1405 quam
3255 1350 3450 1390 sensus
3476 1335 3711 1404 attingit,

2134 1427 2368 1480 solidum
2393 1426 2594 1481 caelum
2645 1427 2889 1482 condidit
2921 1426 3208 1498 (quidquid
3258 1435 3437 1481 autem
3472 1427 3710 1481 est-soli.-

2135 1515 2288 1581 dum,
2319 1516 2460 1571 idem
2485 1531 2704 1586 quoque
2731 1532 2927 1572 sensus
2955 1516 3179 1580 movet),
3208 1524 3518 1583 terramque
3547 1513 3714 1568 simul

2136 1627 2200 1665 ac
2232 1611 2432 1676 lucem,
2485 1627 2605 1680 quae
2657 1610 2836 1664 oculis
2870 1617 3246 1664 cernerentur.
3295 1605 3436 1660 Num
3485 1605 3590 1659 tibi.
3609 1605 3718 1660 hoc

2135 1692 2292 1756 Plato
2321 1713 2542 1758 secutus
2573 1703 2810 1768 videtur,
2845 1701 2976 1755 dum
2999 1700 3360 1755 animantium
3396 1697 3532 1753 ideis
3565 1698 3618 1751 in
3648 1711 3718 1754 eo

2139 1794 2364 1862 mundo,
2423 1811 2586 1864 quem
2643 1795 2758 1850 sola
2818 1810 2974 1850 mens
3029 1794 3195 1862 capit,
3232 1791 3456 1855 relictis,
3505 1789 3716 1845 formas

2135 1890 2277 1954 illas,
2308 1904 2430 1958 qua:
2459 1889 2512 1942 in
2546 1903 2767 1943 sensum
2801 1887 3026 1952 cadunt,
3074 1901 3171 1955 pro
3207 1883 3572 1954 spiritualium
3621 1895 3715 1952 ge-

2133 1995 2325 2034 nerum
2362 1979 2622 2034 varietate
2658 1978 2917 2032 molitur?
2948 1975 3078 2032 Jure
3097 1993 3225 2046 ergo
3248 1975 3457 2046 Moyses
3482 1987 3712 2028 concre--

2134 2077 2248 2122 tum
2281 2084 2347 2122 ex
2379 2077 2522 2122 terra
2553 2082 2754 2136 corpus
2783 2082 2906 2122 esse
2936 2067 3116 2131 docet,
3156 2065 3303 2135 quod
3358 2073 3636 2120 terrenum
3684 2077 3717 2116 a

2134 2158 2361 2215 Platone
2409 2160 2822 2214 tabernaculum
2881 2169 3110 2212 vocatur
3159 2176 3173 2212 :
3217 2157 3461 2215 animum
3503 2154 3716 2210 ratione

2133 2253 2420 2322 praeditum
2453 2252 2671 2307 caelitus
2697 2267 2726 2306 a
2762 2250 2872 2305 Deo
2908 2269 2925 2301 ι
2954 2251 3007 2303 ἱιι
3043 2250 3236 2303 faciem
3263 2249 3586 2318 inspiratum
3613 2247 3653 2301 ³.
3693 2265 3711 2297 ι

2134 2341 2235 2398 Hic
2258 2345 2404 2398 enim
2445 2343 2707 2412 principis
2739 2342 2885 2397 illius
2934 2341 3213 2396 facultatis
3249 2339 3432 2394 sedem
3467 2353 3590 2392 esse
3621 2353 3718 2392 vo-

2134 2435 2276 2500 lunt,
2303 2435 2662 2490 adventitium
2691 2435 2844 2488 illum
2879 2432 3048 2488 animi
3076 2432 3313 2502 primum
3348 2431 3400 2484 in
3436 2439 3714 2500 parentem

2134 2544 2230 2598 per
2260 2543 2458 2583 sensus
2491 2528 2798 2598 ingressum
2825 2525 3190 2596 interpretati.
3231 2523 3496 2589 Quocirca
3533 2520 3716 2575 homi-

2137 2636 2262 2676 nem
2296 2621 2484 2683 etiam,
2546 2637 2564 2670 ι
2617 2618 2684 2672 ad
2723 2618 3012 2688 imaginem
3067 2625 3119 2671 et
3171 2616 3583 2671 similitudinem
3621 2612 3717 2667 Dei

2134 2716 2342 2771 factum
2368 2731 2490 2771 esse
2527 2715 2568 2768 ‘.
2610 2734 2628 2766 ι
2667 2713 2852 2783 Imago
2903 2715 3048 2769 enim
3097 2713 3231 2778 Dei,
3269 2713 3413 2766 ratio
3442 2711 3628 2765 divina
3665 2717 3721 2763 et

2133 2811 2304 2879 regia,
2340 2809 2509 2864 homo
2547 2825 2650 2862 non
2705 2809 2944 2876 patibilis
2975 2825 2987 2860 :
3027 2809 3278 2860 humanae
3310 2813 3492 2858 autem
3524 2800 3721 2870 imagi-

2134 2903 2220 2956 nis
2257 2903 2460 2972 imago,
2498 2915 2671 2955 mens.
2723 2902 2897 2966 Quam
2948 2897 3363 2952 similitudinem
3401 2895 3445 2950 si
3478 2894 3586 2948 alio
3615 2907 3715 2946 vo-

2133 2994 2658 3064 cabuloexpressam
2682 2994 2860 3062 cupis,
2889 2992 3126 3047 divinam
3159 2988 3452 3059 quamdam
3481 2995 3720 3043 assecta-

2134 3086 2333 3141 tionem
2391 3099 2422 3140 a
2474 3083 2660 3156 Moyse
2704 3084 3026 3154 appellatam
3068 3083 3348 3151 reperies;
3394 3080 3470 3134 ait
3521 3079 3714 3134 enim:

444 3177 600 3248 φησὶ,
631 3175 829 3247 πρᾶξιν
851 3171 986 3226 εἶναι
1015 3172 1176 3244 φίλην
1199 3172 1292 3225 καὶ
1331 3170 1622 3224 ἀκόλουθον
1659 3172 1797 3244 Θεῷ,
1827 3174 1918 3226 καὶ
1939 3173 2029 3226 ἕνα

2143 3195 2161 3228 ‹
2191 3176 2320 3232 Ροει
2343 3175 2634 3230 Dominum
2673 3176 2842 3229 Deum
2867 3184 3108 3230 vestrum
3133 3173 3409 3227 ambulate
3433 3215 3448 3236 ,
3479 3180 3534 3228 et
3556 3186 3682 3226 man
3702 3201 3718 3214 ο

441 3267 599 3336 λόγον
639 3267 868 3337 ἔχουσαν
898 3268 1143 3335 ἀρχαῖον,
1174 3265 1302 3317 ὅταν
1334 3265 1395 3317 τὸ
1431 3265 1528 3334 μὲν
1547 3265 1732 3334 ὅμοιον
1762 3263 1840 3334 τῷ
1861 3264 2031 3335 ὁμοίῳ

444 3359 652 3431 μετρίῳ
699 3358 811 3411 ὄντι
843 3357 996 3426 φίλον
1021 3352 1078 3430 ᾖ,
1106 3355 1173 3409 τὰ
1211 3355 1269 3407 δὲ
1306 3356 1521 3426 ἄμετρα
1568 3353 1691 3406 οὔτε
1737 3357 1850 3417 τοῖς
1891 3354 2030 3423 ἀμέ-

439 3469 614 3524 τροις,
649 3449 774 3504 οὗτε
816 3448 1116 3520 ἐμμέτροις
1135 3465 1148 3477 ·
1186 3449 1214 3500 6
1242 3447 1297 3499 δὲ
1328 3447 1459 3510 Θεὸς
1483 3449 1614 3518 ἡμῖν
1644 3445 1860 3500 πάντων
1892 3463 2028 3517 χρη-

444 3543 633 3616 μάτων
663 3543 858 3612 μέτρον
893 3540 958 3594 ἂν
992 3541 1097 3612 εἴη.
1132 3536 1261 3592 Εἶτα
1293 3538 1499 3603 ὑποϐάς
1527 3538 1721 3606 ἐπάγει
1763 3537 1987 3590 Πλάτων
2012 3553 2024 3566 ·

446 3657 468 3689 ι
500 3637 615 3700 Πᾶς
638 3636 747 3706 γὰρ
799 3633 864 3704 δὴ
900 3631 1103 3701 ἀγαθὸς
1143 3630 1330 3702 ἀγαθῷ
1361 3631 1543 3701 ὅμοιος
1563 3647 1576 3661 ⁸
1607 3630 1750 3683 κατὰ
1788 3627 1945 3682 τοῦτο
1973 3628 2030 3682 δὲ

439 3729 537 3783 καὶ
567 3727 686 3798 Θεῷ
715 3725 927 3788 ἐοικὼς,
963 3724 1150 3795 ἀγαθῷ
1178 3742 1234 3777 τε
1280 3725 1441 3777 παντὶ
1473 3723 1626 3793 φίλος
1657 3723 1890 3794 ὑπάρχει
1936 3722 2030 3775 καὶ

437 3817 580 3890 Θεῷ.
618 3839 637 3870 ι
689 3816 953 3870 Ἐνταῦθα
993 3816 1304 3886 γενόμενος,
1349 3815 1602 3868 κάκείνου
1647 3812 2024 3884 ἀνεμνήσθην·

438 3912 534 3965 ἐπὶ
559 3911 703 3965 τέλει
729 3909 838 3980 γάρ
888 3907 981 3961 τοῦ
1019 3907 1257 3976 Τιμαίου
1301 3907 1470 3974 λέγει,
1499 3907 1575 3977 τῷ
1612 3906 2028 3977 κατανοουμένῳ

437 4004 500 4057 τὸ
532 4001 828 4057 κατανοοῦν
854 4000 1176 4072 ἐξομοιῶσαι
1199 3999 1330 4062 δεῖν,
1364 3999 1507 4052 κατά
1533 3999 1630 4069 τὴν
1671 3998 1904 4069 ἀρχαίαν
1928 3997 2028 4066 φύ-

439 4113 526 4149 σιν
546 4112 558 4124 ·
583 4092 926 4165 ὁμοιώσαντα
956 4092 1013 4144 δὲ
1045 4092 1196 4154 τέλος
1225 4091 1367 4162 ἔχειν
1405 4091 1499 4144 τοῦ
1545 4090 1898 4162 προτεθέντος
1934 4091 2027 4145 ἀν·

437 4187 680 4260 θρώποις
709 4187 815 4240 ὑπὸ
842 4185 980 4240 θεῶν
1008 4185 1233 4256 ἀρίστου
1270 4183 1386 4253 βίου
1422 4183 1557 4253 πρός
1585 4199 1646 4235 τε
1663 4182 1754 4235 τὸν
1784 4182 2028 4253 παρόντα.

435 4281 650 4336 καὶτὸν
679 4280 868 4334 ἔπειτα
897 4279 1108 4350 χρόνον.
1152 4277 1264 4330 Kal.
1302 4276 1439 4346 μετὰ
1474 4274 1679 4346 βραχέα
1713 4273 1824 4343 (49)
1849 4273 2029 4326 ἐπιλέ-

435 4389 524 4440 γει
549 4390 565 4404 ·
603 4391 623 4424 ι
674 4372 961 4442 ’Δδελφοὺς
989 4370 1033 4423 δ’
1055 4367 1192 4422 εἶναι
1221 4369 1390 4438 ἡμᾶς,
1426 4367 1501 4430 ὡς
1532 4367 1597 4420 ἂν
1629 4365 1723 4419 τοῦ
1749 4367 1866 4429 ἐνὸς
1890 4364 2025 4419 Θεοῦ

434 4465 620 4528 ὄντας,
667 4464 763 4516 καὶ
811 4464 929 4526 ἐνὸς
957 4461 1298 4520 διδασκάλου,
1335 4458 1581 4529 φαίνεταί
1613 4476 1714 4512 που
1747 4458 1841 4510 καὶ
1880 4455 2026 4509 Πλά-

2132 3268 2258 3323 data
2285 3267 2406 3338 ejus
2435 3267 2705 3324 custodite
2745 3267 2788 3323 ⁸.
2830 3286 2848 3318 ι
2907 3266 3284 3321 Assectalores
3343 3273 3547 3327 autem,
3600 3263 3720 3333 opi-

2132 3375 2256 3426 nor,
2289 3361 2636 3430 cultoresque
2681 3359 2773 3414 Dei
2805 3369 2952 3422 sunt,
2989 3358 3318 3426 quicunque
3344 3357 3542 3410 virtute
3577 3371 3719 3425 prae-

2132 3461 2301 3509 stant.
2331 3454 2512 3522 Atque
2546 3455 2672 3508 hinc
2704 3451 2872 3507 Stoici
2911 3449 3272 3522 philosophiae
3289 3449 3451 3502 finem
3483 3463 3606 3503 esse
3634 3449 3718 3502 di-

2130 3555 2349 3609 xerunt,
2372 3553 2740 3615 congruenter
2759 3553 2970 3599 naturae
2994 3543 3494 3611 convenienterque
3510 3540 3716 3606 vivere,

2132 3643 2286 3698 Plato
2319 3658 2448 3698 vero
2496 3642 2788 3711 ipsammet
2828 3652 2953 3690 cum
3004 3633 3115 3689 Deo
3169 3631 3606 3697 similitudinem,
3655 3641 3716 3686 ut

2133 3736 2402 3792 Stromate
2453 3733 2696 3790 secundo
2724 3731 2838 3800 jam
2866 3726 3231 3783 ostendimus.
3262 3725 3411 3791 Quin
3460 3733 3514 3778 et
3562 3721 3713 3777 Zeno

2130 3829 2436 3892 Platonem,
2463 3835 2517 3882 et
2543 3824 2830 3880 barbaram
2869 3818 3270 3891 philosophiam
3294 3825 3516 3873 secutus
3535 3814 3714 3879 Plato,

2131 3921 2307 3975 bonos
2348 3933 2540 3973 omnes
2568 3917 2704 3970 inter
2740 3929 2860 3970 sese
2911 3911 3118 3966 amicos
3147 3924 3271 3965 esse
3295 3908 3573 3962 dixerunt.
3611 3905 3714 3958 So-

2131 4020 2310 4063 crates
2335 4009 2481 4063 enim
2519 4007 2572 4061 in
2627 4005 2857 4060 P/icedro
2895 4004 3047 4058 nefas
3072 4015 3195 4056 esse
3224 3999 3318 4061 ait,
3362 4005 3420 4051 ut
3459 3996 3539 4049 vel
3569 3997 3715 4048 malo

2131 4103 2312 4156 malus
2336 4100 2548 4155 amicus
2579 4098 2744 4169 672
2773 4097 2866 4160 sit,
2893 4105 2989 4149 aut
3015 4095 3192 4148 bonus
3245 4092 3394 4145 bono
3434 4103 3545 4142 non
3577 4088 3714 4141 ami-

2129 4210 2251 4250 cus.
2276 4192 2433 4259 Quod
2457 4192 2636 4262 ipsum
2665 4191 2716 4244 in
2761 4187 2957 4257 Lyside
2989 4185 3108 4240 fuse
3130 4181 3426 4239 admodum
3453 4179 3714 4241 ostendit,

2130 4285 2222 4338 ubi
2285 4282 2580 4336 amicitiam
2617 4294 2743 4333 cum
2790 4275 3057 4344 injustitia
3111 4283 3165 4327 et
3198 4269 3558 4340 improbitate
3609 4269 3712 4323 coli

2131 4377 2282 4430 nullo
2309 4374 2473 4430 modo
2500 4386 2686 4442 posse,
2719 4370 3028 4426 conﬁrmat.
3082 4365 3346 4420 Similiter
3391 4363 3590 4432 hospes
3622 4361 3714 4415 ille

2129 4466 2482 4526 Atheniensis
2505 4479 2620 4519 rem
2645 4463 2756 4518 Deo
2785 4460 3180 4532 perjucundam
3208 4473 3331 4512 esse
3347 4457 3526 4521 docet,
3555 4457 3715 4526 eique

433 4572 544 4608 των
573 4553 754 4617 καλῶς
803 4547 906 4608 ὧδέ
947 4570 1094 4617 πως’
1125 4572 1143 4603 ι
1191 4552 1345 4610 Ἐστὲ
1383 4551 1478 4621 μὲν
1509 4550 1615 4621 γὰρ
1649 4550 1848 4612 πάντες
1885 4549 1933 4600 οἱ
1962 4549 2020 4602 ὲν

2130 4575 2541 4639 congruentem,
2559 4566 2718 4637 cujus
2739 4581 2844 4621 una
2865 4565 3114 4636 quaedam
3133 4565 3278 4621 sitac
3297 4570 3607 4634 pervetusta
3625 4577 3713 4616 ra-

432 4650 500 4719 τῇ
527 4646 678 4700 πόλει
701 4646 941 4714 ἀδελφοὶ,
976 4646 1051 4708 ὡς
1102 4647 1347 4716 φήσομεν
1394 4643 1528 4713 πρὸς
1562 4643 1759 4706 αὐτοὺς
1792 4641 2018 4712 μυθολο-

433 4739 678 4807 γοῦντες.
724 4737 862 4791 Ἀλλ’
889 4739 917 4790 ὁ
946 4737 1076 4799 Θεὸς
1127 4734 1399 4794 πλάττων,
1433 4734 1548 4785 ὅσοι
1581 4733 1676 4802 μὲν
1707 4732 1861 4802 ὑμῶν
1907 4733 2019 4784 ἱκα-

431 4832 516 4884 νοὶ
544 4830 734 4902 ἄρχειν
758 4868 772 4894 ,
807 4828 1006 4899 χρυσὸν
1061 4829 1119 4881 ὲν
1161 4829 1228 4898 τῇ
1254 4827 1466 4893 γενέσει
1499 4827 1778 4896 συνέμιξεν
1810 4824 2012 4889 αὐτοῖς,

430 4922 513 4975 διὸ
559 4919 880 4992 τιμιώτατοί
933 4923 1101 4974 εἰσιν
1144 4921 1258 4974 ὅσοι
1290 4919 1345 4972 δὲ
1389 4919 1689 4989 ἐπίκουροι,
1732 4916 1970 4986 ἄργυρον
1997 4932 2009 4944 ·

434 5013 653 5084 σίδηρον
705 5012 762 5065 δὲ
812 5013 908 5066 καὶ
952 5011 1154 5084 χαλκὸν
1202 5014 1313 5075 τοῖς
1365 5011 1631 5081 γεωργοῖς
1663 5007 1892 5070 καὶτοῖς
1925 5006 2018 5060 άλ-

429 5103 544 5167 λοις
591 5103 963 5175 δημιουργοῖς.
1019 5103 1178 5157 Ὅθεν
1222 5104 1459 5172 ἀνάγκη,
1502 5101 1656 5173 φησὶ,
1695 5099 2012 5168 γεγονέναι,

509 5223 525 5254 ¹
556 5222 692 5277 Gen.
727 5235 768 5283 ι,
807 5219 926 5285 1,2.
1002 5219 1023 5249 ’
1049 5217 1211 5286 Ibid.,
1237 5219 1291 5274 3.
1368 5218 1390 5249 ³
1419 5218 1556 5273 Gen.
1584 5233 1645 5282 Ir,
1683 5216 1735 5271 7.
1812 5219 1834 5248 ⁸
1864 5216 2001 5272 Gen.
2035 5217 2185 5283 1,20.

525 5337 616 5409 45)
652 5336 812 5392 Κατὰ
844 5337 919 5409 τὰ
950 5336 1114 5407 γένη.
1147 5335 1332 5409 Recte.
1359 5336 1514 5409 Apud
1548 5336 1879 5409 Clementem
1914 5350 2012 5409 au-

434 5416 542 5461 tem
578 5406 771 5462 vitiose
807 5408 900 5460 καί
937 5406 1037 5476 pro
1069 5408 1240 5472 κατά,
1273 5407 1417 5476 quod
1444 5410 1605 5462 etiam
1637 5406 1899 5476 imposuit
1929 5407 2010 5476 ing

434 5479 674 5560 tei'preti.
711 5475 1062 5560 (ξένιε-ΡΜῑο
1107 5494 1216 5560 non
1243 5475 1565 5560 δημιουργεῖ
1594 5475 1878 5560 τὰὶνρητά,
1915 5475 2010 5555 sed

432 5546 766 5671 aegrotante
788 5588 804 5614 ,
835 5549 905 5604 ad
942 5549 1220 5618 exemplar
1251 5546 1360 5601 τῶν
1391 5546 1596 5620 νοητῶν
1632 5547 1906 5602 elaborata
1937 5547 2013 5600 si-

432 5633 519 5671 am
562 5627 668 5671 cat.

467 5627 668 5672 niticat.

430 5633 758 5827 ςηὶὲἓῗιζιὶν
784 5687 864 5753 τῷ
893 5688 1132 5759 Φαίδρῳ.
1160 5688 1287 5757 Pag.
1316 5687 1443 5742 548.

529 5759 620 5826 47)
651 5759 888 5813 Λύσιδι.
919 5757 1058 5813 Vera
1095 5760 1254 5813 lectio
1279 5766 1332 5812 et
1357 5759 1443 5813 Pla

529 5757 620 5826 47⁷)
651 5759 888 5813 Λύσιδι.
919 5757 1058 5813 Vera
1086 5757 1254 5813 lectio
1279 5766 1332 5812 et
1357 5758 1655 5814 Platonica.
1685 5757 1873 5829 Itaque
1897 5773 2013 5814 cor-

433 5827 693 5897 rigendos
745 5829 1018 5897 Clemens,
1070 5829 1210 5893 apud
1264 5843 1425 5898 quem
1479 5831 1737 5887 mendose
1789 5827 2010 5902 legitur,

2127 4679 2238 4741 tio;
2262 4685 2323 4730 ut
2351 4676 2521 4731 simili
2544 4675 2789 4745 quidem,
2818 4673 3045 4730 simodo
3077 4673 3181 4727 erit
3211 4673 3511 4736 modicum,
3531 4671 3714 4728 simile

2123 4783 2362 4836 amicum
2385 4782 2486 4849 sit;
2512 4781 2807 4837 immodica
2825 4795 2956 4835 vero
2973 4794 3071 4834 nec
3090 4779 3230 4833 inter
3252 4794 3391 4842 sese,
3417 4794 3519 4833 nec
3534 4777 3713 4834 modi-

2125 4890 2207 4945 cis
2225 4888 2400 4945 amica
2421 4903 2543 4944 esse
2568 4889 2816 4958 possint;
2841 4886 2983 4942 Deus
3002 4887 3116 4956 ipse
3137 4887 3371 4956 denique
3402 4900 3584 4940 rerum
3609 4899 3710 4938 no-

2123 4995 2209 5052 bis
2240 4995 2487 5052 omnium
2525 5011 2786 5051 mensura
2839 5003 3132 5050 statuatur.
3167 4994 3380 5061 Quibus
3411 4995 3527 5051 haec
3553 4995 3707 5050 dein-

2123 5113 2253 5169 ceps
2310 5097 2465 5152 Plato
2513 5097 2834 5170 subjungit:
2877 5117 2895 5150 ι
2935 5098 3121 5154 Bonus
3165 5101 3312 5154 enim
3349 5099 3530 5156 omnis
3562 5099 3708 5156 bono

2286 5217 2308 5248 '
2346 5217 2502 5273 Deut.
2534 5235 2608 5285 tv,
2640 5219 2695 5272 2.

2120 5332 2319 5406 Λυσίᾳ.
2349 5333 2476 5406 Fuit
2507 5336 2707 5405 quippe
2743 5335 2934 5406 Lysias
2965 5333 3155 5388 rhetor
3189 5333 3330 5406 alius
3359 5350 3389 5388 a
3428 5332 3708 5388 Platonico

2121 5389 2337 5477 Lyside.
2374 5389 2557 5462 Locujs
2589 5389 2771 5461 alitem
2791 5389 2978 5460 Exstat
3003 5406 3147 5474 apud
3183 5403 3485 5468 Platonem,
3522 5423 3573 5475 p.
3604 5407 3704 5458 H0

2117 5487 2171 5531 et
2193 5492 2643 5626 Ἀθηγαῖος
2678 5545 2875 5626 ξένος.
2911 5545 3063 5600 Plato
3091 5548 3128 5601 1.
3161 5563 3213 5626 iv
3241 5547 3394 5617 Leg.,
3433 5545 3701 5626 p.601A.

2191 5618 2303 5687 (49)
2330 5619 2492 5671 Μετὰ
2517 5617 2769 5686 βραχέα.
2811 5619 2924 5670 Imo
2953 5626 3038 5671 sat
3071 5618 3262 5681 multa,
3294 5633 3416 5686 quae
3446 5617 3534 5671 hic
3568 5632 3705 5687 pra;-

2117 5688 2366 5742 termittit
2400 5687 2688 5751 Eusebius,
2722 5689 2882 5755 cujus
2909 5688 3073 5741 verba
3110 5689 3212 5743 ista
3243 5697 3392 5754 sunt,
3426 5689 3520 5740 καὶ
3567 5686 3702 5757 μετά

2116 5757 2693 5889 anxéa._Sequentia
2743 5773 2892 5838 vero,
2952 5757 3214 5826 ἀδελφοὺς
3260 5759 3354 5822 δέ,
3407 5767 3537 5823 etc.,
3574 5765 3696 5815 sunt

2159 5815 2436 5889 lenientis.
2466 5844 2589 5889 pag.
2624 5829 2728 5884 434
2752 5827 2880 5885 edit.
2914 5828 3257 5884 Graeco-Lat.

2159 5815 2436 5896 lenientis,
2465 5815 2589 5900 pag.
2624 5829 2728 5884 454
2752 5815 2891 5885 edit.
2914 5815 3257 5884 Graeco-Lat.
