4122 6420
3632 382 3767 437 1H2

527 440 726 497 similis
755 453 834 500 est
861 463 876 513 ;
913 463 1019 517 qua
1046 465 1106 526 re
1135 453 1211 507 uti
1233 454 1301 510 ad
1332 454 1500 512 Deum
1544 463 1706 518 etiam
1749 470 1980 539 accedit,
2017 473 2059 527 it

527 545 634 569 nnn
670 533 792 569 hnni
848 545 1052 569 ...........
1111 545 1284 569 η-ηε-
1379 550 1466 569 η,
1529 553 1540 564 .
1618 557 1628 566 .
1997 563 2025 569 -

2161 526 2163 534 .
2192 479 2529 544 ἀσπάζεσθαί
2561 501 2619 537 τε
2647 485 2740 538 καὶ
2771 486 2944 552 φιλεῖν
2979 489 3198 555 τούτους
3244 494 3342 564 μὲν
3370 494 3546 552 ταῦτα
3577 501 3662 569 ἐφ’
3687 496 3767 566 οἷς

526 545 634 585 non
670 533 793 588 boni
848 545 1055 594 tantum
1109 545 1316 610 omnis,
1375 550 1469 604 sed
1527 553 1700 623 ipsius
1737 533 2088 631 quoque'Dei

522 622 731 677 amicus
760 632 864 680 est.
903 645 922 678 ι
965 627 1068 694 Qui
1120 635 1253 689 mihi
1304 637 1457 696 locus
1505 622 1948 707 alterum-illum
1985 657 2089 712 sub

526 709 713 767 Timaei
741 715 900 772 finem
938 720 991 775 in
1021 728 1338 784 memoriam
1381 747 1619 800 revocat,
1653 739 1746 795 ubi
1796 743 1956 800 docet
1986 748 2089 803 hoc

521 803 694 860 cuivis
723 809 988 876 agendum
1016 828 1157 883 esse,
1192 826 1252 872 ut
1293 821 1679 896 intelligentia,
1720 833 1828 886 vim
1855 837 1931 890 rei
1960 853 2087 906 per-

521 906 708 966 cepta,
735 912 1002 969 quatenus
1029 909 1271 976 pristinae
1314 923 1524 973 natura:
1556 921 1694 978 ratio
1721 927 1974 993 postulet,
2010 928 2087 983 si-

515 988 697 1043 milem
732 992 926 1049 efficiat
961 1014 973 1050 :
1008 1001 1155 1068 quod
1189 1004 1278 1056 ubi
1305 1006 1611 1074 perfecerit,
1643 988 1757 1067 tum
1803 1031 1928 1072 eum
1959 988 2086 1075 vita

511 1078 731 1145 optimae
761 1081 1076 1144 hominibus
1102 1106 1131 1144 a
1163 1091 1269 1146 diis
1293 1101 1604 1166 propositae,
1626 1103 1786 1158 finem
1812 1108 2080 1176 obtinere,

511 1170 604 1237 qui
631 1185 740 1225 non
772 1188 1010 1242 praesens
1037 1183 1196 1236 modo
1227 1193 1461 1256 tempus,
1501 1192 1595 1244 sed
1627 1195 1788 1248 etiam
1835 1196 2079 1256 futurum

509 1262 923 1330 complectatur.
967 1287 985 1319 ι
1012 1269 1138 1326 Haec
1165 1275 1436 1334 Clemens.
1455 1283 1557 1346 Qui
1581 1288 2080 1362 paucisinterjectis

507 1350 794 1423 additquze
816 1371 1154 1427 sequuntur:
1183 1385 1202 1416 ι
1236 1367 1379 1433 Quin
1407 1350 1790 1436 etiam'fratres
1811 1398 1932 1438 esse
1953 1403 2076 1451 nos,

505 1450 765 1512 tanquam
803 1450 968 1506 unius
999 1453 1086 1508 Dei
1123 1456 1285 1526 filios,
1311 1477 1376 1517 ac
1403 1464 1703 1538 discipulos
1725 1480 2076 1547 praceptoris
2111 1515 2116 1520 -

503 1534 689 1598 unius,
718 1536 872 1596 Plato
895 1545 1032 1600 satis
1059 1547 1337 1608 declarare
1359 1557 1508 1611 visus
1534 1570 1637 1626 est,
1679 1564 1823 1623 hunc
1863 1569 1916 1624 in
1955 1587 2074 1646 mo:

505 1623 627 1646 ,μμ
676 1645 683 1646 ,
772 1632 810 1646 ,ι
897 1642 906 1646 -
1112 1639 1123 1646 .
1248 1643 1257 1646 μ
1330 1645 1335 1646 κ

500 1623 630 1678 dum
673 1645 686 1681 :
719 1647 738 1680 ι
770 1632 1068 1704 Quotquot,
1111 1639 1304 1711 inquit,
1326 1645 1378 1698 in
1407 1648 1624 1708 civitate
1648 1660 1940 1714 versamini
1969 1636 2072 1730 (sic

498 1717 644 1770 enim
696 1719 837 1776 hanc
883 1725 952 1779 iis

2193 571 2411 637 γνῶσις,
2451 575 2688 640 ἐκείνους
2715 577 2771 630 δὲ
2797 578 2882 646 ἐφ’
2905 573 2986 642 οἷς
3029 582 3061 651 ή
3102 581 3244 647 δόξα.
3290 603 3310 636 ι
3345 588 3504 651 Ἴσως
3529 589 3635 661 γὰρ
3667 591 3765 661 τὴν

2191 661 2453 734 ὲκλεκτὴν
2476 665 2681 736 ταύτην
2713 669 2874 738 φύσιν
2898 672 3152 739 γνώσεως
3185 678 3478 749 ἐφιεμένην
3513 683 3766 751 μαντεύε-

2189 770 2307 808 ται“
2340 757 2388 807 εί
2421 757 2493 827 μή
2519 773 2602 821 τις
2631 758 2740 830 (50)
2772 765 2922 832 τρεῖς
2962 780 3111 829 τινας
3140 767 3524 840 ὑποτιθέμενος
3550 773 3759 840 φύσεις,

2186 848 2336 917 τρεῖς
2370 846 2660 913 πολιτείας,
2691 850 2766 915 ὡς
2800 854 3069 908 ὑπέλαϐον
3114 873 3275 923 τινες,
3313 859 3606 932 διαγράφει
3626 880 3640 893 ’
3668 866 3762 918 καὶ

2198 935 2464 991 Ἰουδαίων
2525 940 2623 1011 μὲν
2683 944 2951 1017 ἀργυρᾶν,
2996 947 3259 1020 Ἑλλήνων
3305 951 3363 1005 δὲ
3401 952 3501 1023 τὴν
3546 955 3756 1026 τρίτην,

2184 1026 2521 1098 Χριστιανῶν
2555 1034 2611 1088 δὲ
2645 1034 2777 1104 (51),
2807 1031 2888 1099 οἷς
2936 1039 2965 1091 ὁ
3000 1041 3196 1110 χρυσὸς
3227 1043 3255 1094 ὁ
3289 1042 3562 1112 βασιλικὸς
3596 1047 3759 1114 ὲγκα·

2183 1122 2537 1191 ταμέμικται,
2584 1127 2644 1178 τὸ
2690 1127 2840 1194 ἅγιον
2892 1129 3133 1200 Πνεῦμα.
3184 1133 3287 1187 Τόν
3315 1151 3373 1186 τε
3415 1135 3747 1204 Χριστιανῶν

2183 1211 2296 1282 βίον
2315 1216 2613 1284 ἐμφαίνων,
2647 1221 2788 1272 κατὰ
2833 1220 2976 1288 λέξιν
3007 1224 3204 1294 γράφει
3239 1226 3297 1279 ὲν
3324 1226 3400 1296 τῷ
3424 1228 3752 1294 Θεαιτήτῳ·

2186 1321 2205 1355 ι
2246 1305 2512 1377 Λέγωμεν
2554 1309 2618 1380 δὴ
2647 1310 2759 1380 (52)
2796 1313 2922 1382 περὶ
2945 1313 3050 1366 τῶν
3089 1316 3400 1387 κορυφαίων
3426 1333 3440 1348 ⁸
3466 1319 3520 1370 τί
3551 1320 3660 1390 γάρ
3687 1320 3755 1373 ἄν

2176 1411 2260 1459 τις
2292 1397 2418 1461 τούς
2447 1416 2508 1468 γε
2535 1400 2753 1469 φαύλως
2772 1402 3142 1473 διατρίϐοντας
3167 1409 3222 1458 ὲν
3245 1407 3533 1479 φιλοσοφίᾳ
3565 1409 3710 1478 λέγοι
3734 1427 3750 1474 ;

2175 1481 2335 1540 Οὗτοι
2365 1488 2422 1540 δέ
2478 1507 2578 1544 που
2612 1490 2735 1544 οὔτε
2767 1495 2846 1556 είς
2895 1494 3099 1566 ἀγορὰν
3147 1496 3292 1552 ἴσασι
3324 1499 3422 1569 τὴν
3454 1499 3594 1564 ὁδὸν,
3624 1502 3751 1554 οὔτε

2174 1578 2307 1632 ὅπου
2337 1579 2703 1652 δικαστήριον,
2739 1584 2772 1654 ἢ
2805 1584 3203 1658 βουλευτήριον,
3243 1588 3276 1659 ἦ
3308 1605 3360 1641 τι
3394 1591 3570 1645 κοινὸν
3621 1593 3751 1649 ἄλλο

2170 1670 2269 1740 τῆς
2297 1672 2502 1737 πόλεως
2533 1677 2809 1747 συνέδριον
2827 1695 2841 1710 ο
2868 1679 3060 1749 νόμους
3093 1681 3148 1735 δὲ
3181 1684 3275 1735 καὶ
3310 1683 3635 1756 ψηφίσματα
3660 1686 3750 1740 λε-

1002 1727 1238 1788 fabulam
1286 1744 1674 1814 pertexemus),
1714 1746 1907 1804 fratres
1937 1727 2059 1808 estis

2171 1727 2392 1834 γάμενα,
2426 1765 2458 1836 ἦ
2483 1727 2887 1839 γεγριιιιῖὶριένα,⁷
2909 1727 3057 1822 οιῦτεί
3071 1773 3268 1842 ὁρῶσιν
3293 1727 3423 1828 οῦέέ
3450 1727 3704 1831 ἀκούουσι
3726 1796 3745 1814 ε

497 1824 708 1865 omnes.
742 1811 943 1871 Verum
975 1821 1130 1878 lictor
1156 1825 1246 1880 ille
1281 1829 1442 1895 Deus,
1467 1835 1559 1903 qui
1583 1811 1649 1892 ea
1684 1841 1838 1896 vobis
1864 1845 1929 1898 ad
1960 1846 2059 1900 im-

2182 1811 2392 1834 ι-Γ-”’-ν
2432 1811 2458 1836 Ἱ
2501 1811 2866 1839 ιἰι-’·Γ”Γ’“””
2910 1811 2967 1822 ""
2983 1811 3030 1822 “'
3072 1811 3266 1842 'l'w'"
3293 1811 3353 1826 ν’
3369 1811 3418 1828 ’⁵
3450 1811 3704 1831 “""VVW‘
3734 1811 3745 1814 “

2170 1855 2396 1909 σπουδαὶ⁸
2429 1857 2484 1908 δὲ
2508 1859 2783 1930 ἑταιριῶν,
2824 1859 2920 1912 καὶ
2957 1860 3160 1914 σύνοδοι
3186 1864 3271 1915 ἐπ’
3301 1863 3494 1934 ἀρχὰς,
3524 1867 3616 1918 καὶ
3646 1869 3746 1921 σὺν

495 1904 796 1968 perandum
829 1910 938 1976 apti
969 1924 1171 1982 essent,
1207 1935 1402 1976 aurum
1436 1926 1500 1981 iis
1535 1927 1663 1984 dum
1705 1949 2064 2002 procrearen-

493 1999 605 2055 tur,
633 1995 944 2064 admiscuit,
989 2020 1054 2059 ex
1085 2023 1196 2076 quo
1229 2012 1523 2080 plurimum
1565 1995 1843 2092 dignitatis
1867 2043 2062 2084 conseo

491 2083 603 2136 cuti
632 2096 778 2142 sunt.
819 2089 923 2157 Qui
949 2109 1078 2150 vero
1110 2098 1177 2152 ad
1207 2117 1426 2172 operam
1460 2109 1582 2166 aliis
1609 2117 1911 2171 navandam
1944 2119 2062 2173 ido-

490 2175 577 2229 nei
602 2175 798 2246 forent,
834 2183 922 2238 his
943 2199 1226 2257 argentum
1257 2201 1522 2265 aspersit:
1552 2206 1806 2273 agricolis
1823 2209 2060 2279 denique

489 2280 554 2321 ac
581 2271 790 2326 caeteris
813 2275 1098 2343 opilicibus
1133 2281 1339 2338 ferrum
1371 2299 1534 2358 atque
1561 2271 1637 2347 ais
1667 2295 1884 2352 infudit.
1932 2319 1950 2350 ι
1971 2271 2058 2354 Ἐι

487 2370 598 2424 quo
619 2359 672 2412 id
719 2369 1029 2424 necessario
1061 2386 1406 2443 consequens
1434 2396 1556 2436 esse
1602 2386 1698 2450 ait,
1729 2397 1789 2441 ut
1821 2390 1910 2443 alii
1936 2406 2058 2460 quae

485 2449 551 2503 ad
610 2456 974 2523 cognitionem
1043 2468 1356 2535 pertinent,
1418 2489 1539 2542 qua:
1599 2487 1728 2532 sunt
1779 2483 2056 2549 opinionis

482 2539 574 2595 alii
611 2547 1043 2615 complectantur
1071 2570 1135 2610 ac
1161 2557 1408 2628 diligant.
1436 2539 1604 2620 iForte
1627 2571 1771 2623 enim
1803 2539 2051 2629 naturam

482 2631 636 2686 illam
692 2637 948 2694 eximiam
1008 2653 1062 2698 et
1093 2649 1424 2718 COgnitionis
1459 2657 1670 2711 avidam
1728 2665 2048 2730 praesentit:

483 2723 588 2781 nisi
617 2729 801 2794 potius
827 2731 1025 2801 triplici
1062 2736 1166 2793 hoc
1203 2751 1524 2799 naturarum
1578 2749 1918 2819 discrimine,
1947 2756 2048 2811 tria

477 2821 1005 2887 rerumpublicarum
1057 2843 1256 2898 genera
1283 2871 1299 2896 ,
1351 2844 1410 2889 ut
1453 2842 1699 2895 nonnulli
1730 2845 2044 2913 opinantur,

475 2907 739 2966 informat
771 2931 786 2969 :
814 2923 876 2969 ut
900 2915 1214 2976 Judaeorum
1261 2927 1481 2995 quidem
1531 2907 1863 3002 argenteam,
1895 2937 2045 2994 Grae-

472 3010 664 3052 corum
695 3004 930 3071 tertiam,
959 3007 1419 3082 Christianorum,
1451 3021 1649 3089 quibus
1693 3040 1886 3080 aurum
1912 3028 2043 3084 illud

470 3088 631 3158 plane
682 3094 915 3164 regium,
953 3109 1198 3171 sanctus,
1234 3088 1482 3178 inquam,
1537 3112 1772 3182 Spiritus
1825 3117 2042 3175 infusus

465 3191 572 3250 est,
617 3200 838 3243 auream
877 3193 1182 3262 appellarit.
1239 3195 1382 3252 Sane
1433 3201 1652 3270 quidem
1695 3203 2037 3264 Christiano-

467 3290 589 3330 rum
643 3279 758 3348 ipse
786 3282 954 3338 vitam
993 3285 1080 3342 his
1133 3288 1188 3342 in
1225 3289 1483 3346 Thewteto
1523 3296 1704 3352 verbis
1733 3301 2034 3368 expressit:

471 3383 493 3419 ι
527 3363 784 3427 Dicamus
813 3375 998 3444 igitur,
1039 3379 1236 3449 inquit,
1270 3384 1338 3438 de
1395 3388 1627 3443 summis
1661 3390 1768 3446 illis
1795 3363 2010 3461 philoso

463 3459 667 3533 pbandi
702 3467 1041 3537 principibus
1068 3490 1080 3526 :
1106 3474 1236 3542 quid
1287 3477 1434 3532 enim
1467 3495 1562 3535 eos
1605 3459 1903 3553 moremur,
1941 3488 2044 3556 qui

462 3549 825 3623 philosophia;
870 3561 1051 3616 studio
1074 3579 1358 3634 perperam
1390 3569 1732 3628 abutuntur?
1773 3549 1924 3630 Viam
1956 3549 2013 3631 ill

460 3656 582 3711 qua:
609 3645 662 3698 in
707 3646 886 3704 forum
912 3653 1076 3709 ducat
1109 3656 1362 3724 ignorant
1389 3681 1402 3715 :
1440 3663 1533 3716 ubi
1566 3665 1646 3718 vel
1674 3677 2030 3723 exerceantur

453 3733 681 3804 judicia,
728 3741 814 3794 vel
867 3755 1111 3810 senatus,
1155 3751 1237 3804 vel
1290 3753 1568 3821 publicum
1616 3757 1760 3812 aliud
1794 3759 2032 3816 civitatis

461 3830 755 3884 concilium
787 3834 1071 3906 habeatur,
1098 3843 1350 3899 nesciunt
1379 3865 1392 3899 :
1440 3846 1585 3916 leges
1617 3863 1682 3903 ac
1726 3851 2028 3918 plebiscita,

456 3932 633 3989 neque
673 3923 802 3979 dum
862 3933 1303 4003 promulgantur,
1356 3939 1622 4001 audiunt:
1656 3942 1820 4016 673
1855 3960 2030 4014 neque

2165 1946 2448 2018 αὐλητρίσι
2491 1948 2699 2018 κῶμοι,
2757 1949 2876 2004 οὐδὲ
2923 1950 3054 2022 ὄναρ
3103 1953 3361 2023 πράττειν
3419 1956 3744 2026 προΐσταται

2167 2035 2368 2099 αὐτοῖς.
2396 2034 2468 2089 Εὖ
2502 2038 2558 2090 δὲ
2586 2038 2618 2108 ἢ
2654 2040 2838 2102 κακῶς
2871 2041 2924 2092 τί
2951 2042 3174 2110 γέγονεν
3214 2046 3271 2097 ὲν
3303 2044 3472 2110 πόλει,
3506 2047 3539 2117 ἢ
3569 2048 3620 2099 τί
3662 2065 3743 2120 τῳ

2162 2129 2330 2181 κακόν
2381 2131 2495 2184 ἐστι
2551 2132 2770 2198 γεγονὸς
2824 2134 2889 2188 ὲκ
2940 2135 3244 2205 προγόνων,
3298 2137 3496 2207 μᾶλλον
3543 2137 3743 2204 αὐτοὺς

2159 2216 2379 2289 λέληθεν
2407 2219 2440 2290 ἢ
2467 2223 2512 2274 οἰ
2538 2222 2636 2292 τῆς
2665 2221 2936 2294 Θαλάσσης
2958 2225 3234 2296 λεγόμενοι
3261 2229 3400 2297 χόες.
3433 2230 3544 2282 Καὶ
3564 2230 3742 2285 ταῦτα.

2157 2308 2269 2363 οὔθ’
2303 2311 2386 2364 ὅτι
2431 2313 2532 2367 οὐκ
2585 2309 2760 2378 οἶδεν,
2795 2313 2966 2369 οἶδεν·
2998 2316 3130 2370 ἀλλὰ
3178 2318 3256 2389 τῷ
3307 2320 3421 2372 ὄντι
3469 2321 3530 2373 τὸ
3575 2323 3741 2393 σῶμα

2160 2404 2317 2471 μόνον
2347 2406 2404 2458 ὲν
2436 2409 2502 2476 τῇ
2540 2406 2689 2460 πόλει
2717 2411 2894 2462 κεῖται
2933 2409 3097 2462 αὑτοῦ
3133 2412 3227 2463 καὶ
3261 2412 3537 2483 ἐπιδημεῖ,
3572 2415 3738 2478 αὐτὸς

2154 2494 2210 2550 δὲ
2241 2495 2490 2562 πέταται,
2522 2498 2661 2552 κατὰ
2691 2500 2976 2572 Πίνδαρον,
3005 2502 3109 2571 γῆς
3141 2503 3454 2574 ὑπένερθεν,
3501 2507 3733 2576 ούρανοῦ

2153 2604 2210 2639 τε
2243 2587 2384 2659 ὕπερ
2415 2589 2788 2660 άστρουομῶν,
2816 2592 2908 2644 καὶ
2948 2595 3126 2646 πᾶσαν
3158 2593 3334 2665 πάντη
3375 2595 3537 2664 φύσιν
3580 2601 3734 2666 ἐρευ-

2152 2672 2409 2744 νώμενος.
2425 2695 2443 2727 ι
2466 2677 2631 2731 Πάλιν
2651 2674 2718 2731 αὖ
2745 2679 2821 2749 τῷ
2840 2679 2933 2735 τοῦ
2959 2681 3163 2751 Κυρίου
3191 2683 3360 2753 ῥητῷ,
3383 2684 3479 2755 τῷο
3515 2706 3534 2736 ι
3551 2688 3734 2741 Ἔστω

2151 2765 2304 2835 ὑμῶν
2333 2767 2414 2831 τὸ,
2438 2768 2554 2834 ναί,
2577 2770 2699 2834 ναί,
2723 2771 2815 2824 καὶ
2846 2772 2905 2825 τὸ
2925 2814 2938 2838 ,
2980 2772 3062 2838 οὔ,
3095 2774 3179 2839 οὗ,
3205 2796 3224 2828 ι
3268 2778 3452 2831 ἐκεῖνα
3499 2781 3734 2835 ἀπεικα-

2150 2857 2323 2910 στέονο
2354 2877 2372 2909 ι
2397 2859 2556 2913 Ἀλλά
2583 2879 2672 2932 μοι
2698 2861 2890 2934 ψεῦδος
2929 2870 3313 2940 συγχωρῆσαι,
3338 2870 3430 2924 καὶ
3470 2871 3731 2942 ἀλήθειαν

2147 2951 2406 3020 ἀφανίσαι
2434 2953 2684 3024 οὐδαμῶς
2720 2955 2933 3027 θέμις.»
2963 2958 3039 3030 Τῇ
3088 2977 3146 3012 τε
3199 2963 3327 3032 περὶ
3377 2963 3469 3016 τοῦ
3530 2966 3729 3035 ὀμόσαι

2145 3039 2510 3110 ἀπαγορεύσει
2545 3044 2760 3116 συνᾴδει
2799 3047 2893 3116 ἥδε
2933 3048 2966 3118 ἡ
3007 3049 3065 3101 ὲν
3095 3048 3174 3121 τῷ
3218 3050 3428 3122 δεκάτῳ
3463 3053 3572 3106 τῶν
3613 3057 3730 3109 Νό-

2139 3148 2269 3197 μων
2290 3128 2430 3196 λέξις
2448 3149 2462 3163 ·
2504 3153 2522 3185 ι
2567 3136 2826 3200 Ἐπαινός
2856 3155 2936 3201 τε,
2960 3140 3120 3210 ὅρκος
3141 3159 3200 3194 τε
3229 3142 3339 3215 (53)
3368 3147 3497 3215 περὶ
3525 3149 3725 3212 παντὸς

2142 3222 2382 3278 ἀπέστω.
2421 3246 2439 3278 ι
2478 3228 2587 3280 Καὶ
2625 3229 2686 3282 τὸ
2733 3230 2949 3284 σύνολον
3004 3232 3329 3306 Πυθαγόρας
3361 3276 3376 3300 ,
3423 3238 3726 3310 Σωκράτης

2140 3316 2234 3368 καὶ
2294 3317 2545 3382 Πλάτων,
2596 3319 2842 3389 λέγοντες
2890 3323 3106 3378 ἀκούειν
3161 3328 3346 3398 φωνῆς
3397 3329 3566 3391 Θεοῦ,
3621 3331 3724 3402 τὴν

2139 3409 2483 3480 κατασκευὴν
2511 3412 2618 3464 τῶν
2644 3412 2779 3467 ὅλων
2808 3413 3159 3486 θεωροῦντες,
3185 3419 3429 3489 ἀκριϐῶς
3460 3423 3564 3474 ὑπὸ
3583 3422 3720 3476 Θεοῦ

2138 3501 2442 3564 γεγονυῖαν,
2478 3501 2572 3554 καὶ
2618 3504 2980 3574 συνεχομένην
3011 3505 3404 3574 ἀδιαλείπτως,
3448 3511 3719 3580 ἀκηκόασι

2145 3589 2228 3640 ,οῦ
2246 3590 2520 3654 Μωῦσέως
2541 3591 2788 3662 λέγοντος
2805 3613 2815 3626 ·
2830 3615 2848 3648 ι
2874 3593 3026 3660 Εἷπε,
3047 3601 3142 3652 καὶ
3163 3601 3398 3668 ἐγένετο,
3414 3622 3432 3655 ι
3454 3604 3544 3656 τὸν
3559 3604 3718 3673 λόγον

2148 3673 2230 3726 ,οῦ
2260 3674 2394 3728 Θεοῦ
2427 3676 2588 3749 ἔργον
2627 3675 2764 3733 εἶναι
2790 3682 3194 3755 διαγράφοντος.
3241 3690 3362 3742 Ἐπί
3389 3708 3448 3744 τε
3481 3693 3580 3762 τῆς
3604 3687 3716 3748 ’τοῦ

2138 3763 2422 3834 ἀνθρώπου
2461 3770 2525 3821 ἐκ
2563 3770 2685 3838 χοὸς
2707 3771 3046 3840 διαπλάσεως
3079 3779 3377 3849 ἱστάμενοι,
3404 3785 3585 3854 γήϊνον
3613 3785 3716 3855 μὲν

2136 3855 2186 3907 οἱ
2223 3853 2495 3926 φιλόσοφοι
2531 3863 2662 3931 παρ’
2701 3861 2907 3916 ἕκαστα
2936 3865 2997 3918 τὸ
3044 3867 3202 3937 σῶμα
3251 3871 3710 3942 ἀναγορεύουσιν

2139 3947 2286 4018 Ὅμη
2297 3964 2386 4017 ρος
2411 3949 2467 4002 δὲ
2498 3950 2596 4004 ούκ
2630 3953 2778 4007 ὀκνεῖ
2801 3957 2858 4008 ὲν
2886 3958 3129 4028 κατάρας
3172 3961 3327 4032 μέρει
3356 3962 3599 4018 τίθεσθαι
3626 3965 3710 4018 τό⁶

452 4013 751 4084 perscripta
807 4035 932 4075 cum
999 4023 1221 4094 fuerint,
1271 4031 1494 4086 omnino
1528 4013 1760 4089 vident:
1806 4013 2180 4092 sodalitiorum
2228 4042 2295 4095 ad
2333 4045 2684 4113 magistratus
2737 4051 3001 4105 creandos
3037 4051 3326 4123 factiones,
3383 4069 3708 4128 conventus,

2428 4108 2450 4113 -
3261 4108 3264 4109 ν
3312 4108 3326 4123 .
3392 4108 3708 4128 ηψπ-τη,

451 4108 506 4151 et
573 4110 997 4166 comessationes
1048 4129 1173 4168 cum
1229 4117 1502 4186 tibicinis;
1542 4122 1738 4178 horum
1790 4125 1925 4195 ipsis
1979 4125 2276 4198 quidquam
2327 4131 2596 4202 factitare,
2646 4154 2712 4193 ne
2746 4154 2841 4208 per
2889 4143 3160 4197 somnium
3193 4147 3412 4214 quidem
3460 4149 3518 4203 in
3554 4167 3708 4205 men-

450 4197 558 4244 tem
614 4196 780 4250 venit.
838 4197 1096 4268 Rectene,
1156 4221 1225 4260 an
1285 4224 1443 4264 secus
1481 4210 1684 4268 factum
1740 4215 1794 4270 in
1847 4217 2065 4273 civitate
2103 4221 2233 4290 quid
2291 4220 2499 4279 fuerit:
2555 4243 2684 4282 num
2734 4230 2969 4300 cuipiam
3003 4234 3131 4287 mali
3170 4250 3202 4290 a
3261 4237 3563 4307 majoribus
3604 4243 3704 4296 ali-

455 4283 581 4307 ,ιη-ει]
643 4289 765 4307 -l_-_
879 4292 910 4307 ι-
1115 4297 1128 4307 ι
1221 4298 1232 4307 .
1407 4301 1419 4307 -

2120 4283 2136 4290 _
2827 4283 2849 4300 ,
3171 4283 3202 4290 ﬂ
3261 4283 3563 4307 ---Ἵνα-ν
3604 4283 3699 4296 -..κ

453 4283 582 4349 quid
637 4289 938 4360 obvenerit,
985 4297 1161 4366 magis
1218 4298 1367 4368 ipsos
1407 4301 1556 4370 latet,
1605 4321 1768 4375 quam
1825 4323 2107 4376 numerus,
2149 4313 2297 4382 quod
2332 4315 2504 4381 aiunt,
2546 4334 2855 4375 arenarum.
2897 4323 3074 4393 Atque
3119 4327 3234 4382 haec
3279 4329 3365 4383 ille
3405 4335 3588 4387 omnia
3627 4337 3707 4391 sic

1624 4371 1637 4375 _
2095 4371 2104 4376 ,
2167 4371 2182 4382 ι
2491 4371 2504 4381 ,
2552 4371 2574 4372 η
2618 4371 2854 4375 η-
2897 4371 3073 4393 __-,_-
3120 4371 3234 4382 ...ην
3279 4371 3365 4383 ...ν
3405 4371 3588 4387 eum...
3627 4371 3702 4391 ως.

451 4371 685 4442 ignorat,
719 4387 779 4434 ut
809 4384 997 4439 eadem
1044 4390 1142 4443 abs
1194 4403 1316 4445 sese
1366 4393 1603 4462 ignorari
1646 4398 1854 4451 nesciat
1879 4417 1891 4454 ε
1921 4401 2013 4455 sed
2053 4418 2242 4458 revera
2299 4406 2474 4461 solum
2520 4409 2640 4478 ejus
2680 4426 2880 4481 corpus
2931 4415 2983 4467 in
3008 4418 3227 4472 civitate
3261 4431 3505 4476 versatur
3527 4433 3580 4478 et
3603 4427 3702 4480 ha-

448 4466 620 4536 bitat;
682 4473 797 4543 ipse
849 4480 1069 4547 quidem
1120 4484 1349 4550 interea,
1402 4497 1461 4542 ut
1515 4491 1714 4546 cecinit
1757 4491 2047 4562 Pindarus,
2071 4513 2234 4568 supra
2290 4510 2488 4556 terram
2539 4506 2736 4572 evolat,
2778 4523 3070 4579 rerumque
3109 4514 3408 4570 caalestium
3463 4521 3703 4576 rationes

444 4564 804 4620 astronomia:
859 4569 909 4621 vi
970 4573 1223 4630 enucleat
1255 4617 1271 4643 ,
1334 4590 1698 4653 naturamque
1766 4588 1900 4642 adeo
1961 4598 2132 4646 totam
2187 4596 2406 4662 penitus
2463 4597 2774 4670 investigat.
2826 4622 2844 4654 ι
2888 4601 3010 4658 Jam
3082 4622 3212 4663 vero
3264 4626 3388 4665 cum
3426 4614 3530 4669 hoc
3590 4618 3699 4671 Do-

443 4653 738 4713 minidicto
770 4678 784 4714 :
812 4680 829 4712 ι
859 4660 941 4716 Sit
965 4681 1145 4724 sermo
1170 4681 1368 4738 vester,
1399 4685 1501 4741 cst,
1531 4688 1647 4746 est;
1677 4696 1808 4746 non,
1837 4699 1943 4738 non
1990 4687 2061 4752 ’,ι
2107 4689 2338 4743 alterum
2364 4691 2497 4746 illud
2525 4692 2762 4749 conferri
2793 4699 2966 4765 possit
2999 4718 3010 4754 :
3038 4719 3056 4751 ι
3087 4703 3155 4756 At
3191 4705 3322 4757 mihi
3357 4722 3457 4761 nec
3497 4707 3692 4764 falsum

440 4752 757 4818 concedere,
787 4773 887 4812 nec
920 4775 1108 4817 verum
1137 4768 1405 4834 perimere
1435 4773 1546 4826 ullo
1587 4777 1750 4830 modo
1791 4779 1875 4833 fas
1913 4789 2014 4836 est.
2061 4802 2080 4834 ι
2126 4782 2191 4837 Et
2221 4801 2343 4840 cum
2377 4787 2660 4843 interdicto
2694 4791 2851 4846 nobis
2879 4793 3260 4866 jurejurando,
3287 4803 3541 4870 congruit
3565 4803 3698 4857 illud

440 4837 632 4870 .Innim:
700 4841 886 4870 7----.-
921 4864 932 4870 -
982 4869 989 4870 ,
1039 4854 1087 4870 L,
1283 4857 1294 4869 υ
1460 4861 1474 4870 .
1724 4866 1733 4870 -

2229 4837 2343 4840 πη-
2377 4837 2655 4843 -_--__-----
2694 4837 2850 4846 ην-.-
2879 4837 3260 4866 ,.....,...........,
3288 4837 3541 4870 ωιτη...
3565 4837 3695 4857 ...νυ

439 4837 632 4896 δθθίωί
689 4841 932 4916 Legum!
973 4869 990 4900 ι
1038 4854 1098 4905 ln
1150 4857 1296 4912 omni
1359 4874 1417 4912 re
1460 4861 1580 4917 laus
1621 4873 1673 4918 et
1714 4866 2086 4935 juramentnm
2129 4873 2336 4928 abesto.
2371 4895 2390 4928 ι
2424 4875 2489 4931 Ει
2538 4877 2877 4951 Pythagoras
2921 4885 3173 4954 quidem,
3209 4888 3494 4958 Socrates,
3531 4905 3695 4964 atque

439 4926 590 4964 DlnIn
661 4937 751 4964 ι...;
804 4937 893 4964 n..:
949 4957 1002 4964 μ
1055 4960 1231 4964 ---μη
1443 4951 1476 4964 ..
1694 4957 1717 4964 _.
1981 4962 1990 4964 _
2146 4963 2149 4964 ,

1714 4926 1733 4935 -
2180 4926 2218 4927 κγ
2291 4926 2306 4928 —
2372 4926 2381 4928 ν
2424 4926 2488 4931 --
2538 4926 2560 4931 -
2584 4926 2877 4951 θ---νιυν-..υ
2923 4926 3173 4954 stu-“Ulli,
3209 4926 3494 4958 υνυιαυσδ,
3531 4926 3686 4964 atquc

435 4926 610 4998 Plato,
661 4937 754 5004 qui
800 4937 896 4994 Dei
948 4957 1006 4996 se
1055 4960 1240 5001 vocem
1283 4951 1540 5008 exaudire
1581 4957 1926 5024 confirmant,
1961 4962 2090 5016 dum
2131 4963 2392 5022 fabricam
2421 4968 2585 5038 hujus
2609 4974 2866 5039 universi,
2897 4991 3059 5045 quam
3083 4980 3265 5034 divina
3291 4999 3486 5040 manus
3505 4997 3686 5056 etper-

435 5025 574 5056 ‘nn.n
613 5030 906 5056 ΛιιιιιΑ----ξι
1001 5047 1041 5056 -ι
1109 5054 1120 5056 _
1144 5055 1152 5056 κ
1370 5052 1379 5056 -
2053 5055 2061 5056 κ

2491 5025 2511 5038 _
2652 5025 2655 5026 ν
2748 5025 2866 5039 _,__,
2902 5025 3059 5045 τη---
3086 5025 3265 5034 _-......
3291 5025 3486 5040 ..........,
3506 5025 3681 5056 ηγυπ

435 5025 574 5081 lecte
611 5030 930 5100 elaboravit,
992 5047 1044 5092 et
1099 5052 1385 5098 conservat
1445 5056 1738 5116 perpetuo,
1795 5055 2262 5122 contemplantur;
2317 5059 2450 5113 illud
2519 5064 2747 5118 omnino
2799 5064 3001 5138 Moysis
3033 5072 3252 5127 audiere
3291 5092 3305 5128 :
3351 5094 3369 5125 ι
3407 5075 3592 5144 Dixit,
3633 5090 3689 5134 et

437 5119 634 5144 t--.---_
677 5134 747 5144 --ι
771 5128 792 5144 ο
1081 5129 1116 5144 n
1158 5132 1168 5143 ι
1641 5141 1651 5144 -

2250 5119 2257 5122 ,
2865 5119 2998 5138 -ανη
3034 5119 3252 5127 ᾑ--ηπν
3291 5119 3304 5128 -
3353 5119 3368 5125 -
3407 5119 3592 5144 -ν--ιί
3633 5119 3679 5134 ν·

436 5119 638 5177 factum
669 5128 816 5192 est’,
849 5145 867 5177 ι
907 5144 1018 5197 quo
1075 5129 1171 5186 Dei
1225 5148 1411 5191 vocem
1467 5152 1605 5208 opus
1640 5141 1817 5209 ipsum
1866 5159 1989 5200 esse
2014 5147 2273 5203 declarat.
2327 5149 2464 5205 Dum
2506 5164 2687 5210 autem
2724 5157 2778 5211 in
2812 5159 2901 5212 illa
2926 5160 3163 5217 hominis
3187 5179 3253 5218 ex
3284 5168 3506 5234 pulvere
3531 5171 3679 5226 moli-

3061 5214 3073 5215 ,
3121 5214 3158 5217 ι-
3285 5214 3506 5234 ,_-._--

435 5214 584 5268 tione
606 5227 911 5284 versantur,
961 5230 1236 5277 terrenum
1285 5227 1488 5295 passim
1529 5230 1838 5302 philosophi
1895 5249 2094 5306 corpus
2133 5241 2401 5309 appellant
2442 5259 2455 5297 :
2507 5242 2774 5303 Homerus
2815 5263 2943 5304 vero
2994 5250 3044 5306 id
3082 5253 3245 5309 etiam
3276 5255 3684 5327 imprecationis

436 5306 550 5327 1---
587 5324 648 5327 --
983 5316 994 5327 ι
1044 5317 1054 5327 ι
1080 5317 1091 5327 ο

436 5306 557 5362 loco
585 5324 790 5379 ponere
820 5328 927 5369 non
964 5316 1178 5373 dubitat
1214 5336 1226 5374 :

508 5463 525 5495 ³
556 5461 746 5524 Matth.
775 5485 829 5537 v,
861 5471 948 5525 '57.
1023 5475 1046 5506 ’
1069 5474 1205 5532 Gen.
1240 5495 1321 5546 ιιι,
1352 5483 1404 5550 6,
1443 5481 1493 5548 7,
1518 5485 1742 5554 passim.

507 5595 618 5665 (50)
643 5598 837 5665 Clem.,
867 5621 940 5656 τι.

505 5665 618 5752 l“)
646 5666 805 5752 [forte
837 5677 958 5727 add.
982 5694 1089 5752 την
1105 5681 1347 5752 χρυσῆν.

506 5734 618 5807 (52)
651 5737 925 5812 Λέγωμεν
971 5734 1067 5812 δήζ

2115 5625 2282 5697 leges,
2319 5643 2443 5697 pag.
2479 5627 2604 5682 602.

2185 5696 2620 5781 (55)]Ξπιιιιςιξς¹
2646 5715 2726 5762 τε,
2759 5699 2937 5781 ὅρκος
2981 5706 3187 5781 rerum:
3215 5709 3528 5779 juramcnto
3556 5711 3677 5781 plu-

1149 5766 1307 5809 ocum
1354 5755 1498 5813 hunc
1533 5758 1801 5831 integrum
1841 5779 2004 5836 supra
2115 5755 2540 5838 ribus'disputat
2566 5755 2660 5825 lib.
2695 5755 2949 5844 έιιᾊεῃῖ,
2980 5755 3184 5846 ρἷευῖ
