4122 6486
392 419 536 478 1113

1524 421 1842 478 PRAEPAB.
1883 421 2136 479 EVANG.
2179 421 2307 478 LIB.
2338 423 2475 479 XIII.

3522 421 3668 484 ιιιι

403 539 558 595 Ἀλλ’
587 540 756 610 ὑμεῖς
787 540 906 609 μὲν
954 541 1066 612 (54)
1101 541 1318 609 πάντες
1346 542 1504 612 ὕδωρ
1550 543 1653 613 καί
1690 545 1826 613 γαῖα
1873 543 1941 613 γέ

2148 544 2217 596 At
2243 562 2330 599 vos
2369 548 2425 600 in
2457 555 2652 600 terram
2684 544 2858 599 cuncti
2891 545 3116 599 redeatis
3145 553 3193 599 et
3223 544 3443 599 undam.

1637 611 1656 685 [
1674 611 1898 669 νοισθε.

387 723 661 797 Καθάπερ
692 722 956 787 Ἡσαΐας·
1009 741 1028 775 ι
1054 725 1161 778 Καὶ
1207 725 1634 796 καταπατήσατε
1680 727 1876 790 αὐτοὺς
1899 767 1913 791 ,

2079 721 2549 788 Quemadmodum
2603 722 2772 779 Isaias
2814 724 2944 777 dum
2983 723 3102 777 ait:
3154 742 3172 774 ι
3227 720 3294 775 Et
3341 720 3664 779 conculcata

386 816 600 885 λέγων,
641 833 663 869 ι
702 816 779 880 ὼς
827 817 1017 889 πηλόν.
1058 837 1077 870 ι
1137 817 1489 889 Καλλίμαχος
1548 819 1606 872 δὲ
1676 820 1944 893 διαρῤήδηε

2076 812 2227 882 ipsos
2255 813 2408 883 quasi
2437 813 2613 867 lutum
2639 811 2680 868 ί.
2709 832 2728 864 ι
2763 811 2827 867 Et
2853 812 3221 868 Callimachus
3247 811 3479 866 diserte:

383 909 612 980 τράφεν

377 1015 495 1073 Ἦν
531 1021 728 1087 κεῖνος
754 1020 864 1090 (55)
905 1021 1252 1088 οὐνιαυτὸς,
1282 1013 1331 1088 ᾧ
1363 1039 1507 1076 ποτε
1539 1021 1790 1089 πτηνὸν,

380 1091 494 1144 Καὶ
530 1093 676 1144 τούν
711 1091 1016 1159 θαλάσσῃ,
1048 1093 1143 1145 καὶ
1178 1092 1242 1145 τὸ
1266 1092 1616 1160 τετράπουν,
1646 1093 1833 1156 οὕτως

395 1160 748 1231 Ἐφθέγγεθ’,
779 1163 860 1228 ὡς
881 1165 912 1216 ό
946 1163 1142 1230 πηλὸς
1170 1165 1202 1216 ὁ
1227 1163 1578 1232 Προμηθέως
1600 1163 1733 1235 (56).

380 1275 552 1330 Πάλιν
576 1293 635 1328 τε
658 1279 687 1330 ὁ
708 1276 893 1340 αὐτός·

381 1432 397 1446 .
432 1432 445 1444 .
475 1432 488 1445 .
518 1432 531 1445 .
566 1391 641 1444 El
660 1408 754 1455 σε,
786 1391 912 1461 ἔφη,
948 1390 1293 1460 Προμηθεὺς

381 1462 678 1526 Ἔπλασε,
709 1463 807 1516 καὶ
837 1462 1038 1530 πηλοῦ
1063 1462 1149 1531 μὴ
1179 1462 1247 1526 ἐξ
1279 1463 1389 1535 (57)
1422 1462 1627 1532 ἐτέρου
1652 1462 1923 1534 γέγονας.

387 1572 635 1638 Ἠσίοδος
657 1574 712 1628 δὲ
739 1575 833 1628 ἐπὶ
859 1579 959 1647 τῆς
988 1575 1284 1648 Πανδώρας
1324 1575 1498 1646 λέγει’

377 1683 712 1753 "Hecatam?
751 1682 820 1735 δὲ
846 1682 1102 1737 κέλευσε
1140 1684 1520 1752 περικλυτόν,
1553 1683 1676 1736 ὅττι
1706 1683 1959 1753 τάχιστα

369 1751 726 1877 Ῑιέαἷανόῦδει
755 1754 986 1822 φύρειν,
1017 1755 1087 1808 ἐν
1110 1753 1161 1807 δ’
1191 1755 1507 1823 ἀνθρώπου
1537 1753 1714 1824 θέμεν
1739 1751 1954 1822 αὖδὴν,

427 1839 464 1875 α
523 1839 562 1876 ν
599 1839 690 1877 ον.

2149 1013 2283 1068 Erat
2306 1031 2478 1068 annus
2508 1013 2622 1076 ille,
2658 1029 2758 1084 quo
2787 1014 3078 1067 volantium
3103 1025 3287 1072 cretus.

2145 1086 2214 1139 Et
2252 1086 2342 1154 qui
2373 1087 2467 1138 sub
2496 1085 2674 1148 undis,
2703 1095 2858 1154 atque
2884 1087 3205 1154 quadrupes,
3239 1100 3410 1138 vocem

2144 1154 2232 1212 Sic
2256 1154 2576 1225 proferebat,
2600 1165 2655 1208 ut
2685 1157 2857 1208 lutum
2898 1155 3216 1209 Promethei.

2071 1266 2329 1340 Idemque
2360 1286 2558 1324 rursus
2583 1287 2597 1322 :

2143 1420 2199 1451 ζ.
2235 1420 2250 1435 .
2278 1381 2338 1436 Si
2365 1392 2411 1436 te
2436 1384 2546 1451 ipse
2575 1381 2917 1437 Prometheus

2145 1449 2356 1518 Finxit,
2391 1463 2439 1507 et
2458 1449 2530 1506 ea:
2562 1453 2672 1507 alio
2707 1471 2808 1507 non
2839 1455 2981 1507 dedit
3010 1468 3121 1507 esse
3143 1451 3275 1508 luto.

2068 1560 2337 1618 Hesiodus
2365 1574 2543 1619 autem
2576 1566 2642 1620 de
2677 1563 2922 1619 Pandm‘a
2967 1581 2981 1618 :

2079 1675 2119 1746 γ
2125 1676 2476 1746 ulcanumque
2488 1677 2641 1746 jubet
2674 1687 2868 1731 terram
2894 1675 3212 1746 perfundere
3240 1674 3452 1746 lympha

2066 1745 2348 1815 Protinus,
2374 1745 2532 1818 atque
2556 1749 2783 1801 hominis
2814 1764 2933 1801 cum
2956 1745 3075 1802 vace
3102 1745 3377 1816 infundere
3405 1753 3650 1803 mentem.

371 1931 496 2004 Πῦρ
529 1932 628 2004 μὲν
653 1927 748 1986 οὖν
781 1933 1048 2003 τεχνικὸν,
1085 1933 1190 2004 ὁδῷ
1228 1934 1440 2005 βαδίζον
1476 1937 1557 2000 εἰς
1588 1936 1822 2006 γένεσιν,
1864 1938 1944 2009 air

2065 1916 2183 1972 Jam
2213 1917 2572 1974 artiﬁciosum
2619 1919 2825 1990 ignem,
2861 1918 2955 1990 qui
2987 1929 3134 1974 certa
3162 1918 3373 1974 ratione
3397 1918 3563 1992 67ἧΙ
3587 1935 3653 1975 ac

370 2023 536 2094 φύσιν
568 2023 841 2094 ὁρίζονται
876 2026 925 2076 οἱ
972 2024 1232 2078 Στωϊκοί·
1279 2026 1390 2096 πῦρ
1428 2027 1484 2079 δὲ
1515 2029 1610 2081 καὶ
1657 2027 1774 2096 φῶς
1803 2028 1964 2100 ἀλλη-

366 2116 617 2186 γορεῖται
644 2114 673 2166 ὁ
704 2113 857 2178 Θεὸς,
885 2114 918 2186 ἢ
947 2117 976 2168 ὁ
1009 2116 1180 2184 Λόγος
1207 2116 1371 2169 αὐτοῦ
1407 2117 1544 2188 πρὸς
1572 2117 1673 2187 τῆς
1717 2118 1958 2190 Γραφῆς.

367 2208 438 2260 Τί
466 2207 522 2260 δέ
546 2224 560 2272 ;
586 2207 707 2278 οὐχὶ
737 2208 830 2260 καὶ
850 2208 1118 2279 Ὅμηρος,
1153 2207 1529 2280 παραφράζων
1560 2209 1653 2262 τὸν
1685 2211 1962 2281 χωρισμὸν

367 2297 467 2352 τοῦ
502 2297 694 2362 ὕδατος
737 2298 846 2352 ἀπὺ
873 2298 976 2369 τῆς
1022 2298 1148 2371 γῆς,
1173 2301 1266 2353 καὶ
1320 2300 1420 2370 τὴν
1467 2301 1808 2371 ἀποκάλυψιν
1862 2303 1961 2374 τὴν

365 2390 587 2460 ἐμφανῆ
616 2390 714 2462 τῆς
741 2389 933 2462 ξηρᾶς,
960 2390 1057 2442 ἐπὶ
1080 2390 1179 2462 τῆς
1211 2389 1424 2462 Τηθύος
1448 2392 1542 2446 καὶ
1563 2393 1658 2446 τοῦ
1704 2393 1958 2448 Ὠκεανοῦ

361 2480 514 2550 λέγει
529 2497 546 2514 ο

367 2593 524 2673 Ἤδη
542 2593 652 2663 γὰρ
890 2594 1003 2666 (58)
1035 2597 1259 2665 χρόνον
1295 2595 1588 2664 ἀλλήλων
1626 2599 1956 2670 ἀπέχονται

358 2665 565 2732 Εὺνῆς
593 2665 691 2718 καὶ
725 2665 1087 2734 φιλότητος

359 2779 534 2834 Πάλιν
553 2819 568 2844 ,
597 2780 658 2834 τὸ
686 2780 911 2834 δυνατὸν
943 2781 1002 2834 ἐν
1032 2781 1166 2835 πᾶσι
1214 2781 1591 2852 προσάπτουσι
1618 2785 1713 2836 καὶ
1743 2785 1793 2838 οἱ
1822 2788 1953 2859 παρ’

361 2873 594 2944 Ἕλλησι
649 2873 968 2942 λογιώτατοι
1010 2872 1089 2944 τῷ
1133 2873 1284 2944 Θεῷ·
1335 2877 1366 2928 ὁ
1427 2876 1524 2946 μὲν
1576 2877 1951 2949 Ἐπίχαρμος,

358 2964 380 3034 (
408 2964 780 3037 Πυθαγόρειος
807 2965 863 3018 δὲ
891 2960 1012 3037 ἦν),
1044 2965 1244 3033 λέγων·

361 3076 558 3132 Οὐδὲν
580 3078 855 3148 ἐκφεύγει
876 3077 942 3131 τὸ
969 3077 1139 3131 Θεῖον
1155 3095 1168 3108 ·
1198 3078 1375 3133 τοῦτο
1397 3080 1716 3147 γινώσκειν
1733 3096 1806 3135 σε
1825 3081 1945 3136 δεῖο

354 3149 554 3214 Αὐτός
565 3149 694 3203 ἐστ’
710 3148 877 3218 ἀμῶν
897 3148 1185 3216 ἐπόπτηςο
1201 3149 1488 3204 ἀδυνατεῖ
1506 3150 1558 3204 δ’
1583 3150 1765 3206 οὐδὲν
1780 3153 1943 3220 Θεός.

368 3277 431 3332 '0
476 3281 761 3350 μελοποιὸς
784 3281 842 3335 δέ
863 3299 877 3313 ·

433 3396 555 3462 Θεῷ
586 3398 852 3452 δυνατὸν
881 3397 992 3468 (59)
1026 3397 1096 3451 ἑκ
1125 3399 1421 3466 μελαίνας

429 3468 664 3534 Νυκτὸς
689 3469 982 3539 ἀμίαντον
1009 3468 1183 3536 ὄρσαι
1205 3469 1379 3539 φάος,

432 3539 788 3608 Κελαινεφεῐ
815 3538 884 3591 δὲ
910 3539 1118 3592 σκότει

430 3607 714 3677 Καλύψαι
755 3608 1023 3677 καθαρὸν
1050 3607 1276 3678 ἁμέρας
1302 3609 1513 3678 σέλας.

363 3723 427 3776 Ὀ
460 3716 640 3793 μόνος,
683 3723 896 3795 ἡμέρας
934 3724 1268 3797 ἐνεστώσης,
1299 3725 1472 3780 νύκτα
1513 3726 1735 3798 ποιῆσαι
1785 3727 1946 3783 δυνά-

353 3827 542 3884 μενος,
579 3813 745 3884 φησι,
781 3813 912 3876 Θεὸς
953 3805 1107 3878 οὗτός
1131 3815 1300 3869 ἐστιν.
1347 3815 1478 3868 «Ἔν
1506 3832 1566 3870 τε
1593 3817 1705 3881 τοῖς
1734 3819 1945 3870 Φαινο-

342 3903 562 3973 μένοις
587 3904 1047 3976 ἐπιγραφομένοις
1077 3906 1104 3958 ὁ
1127 3907 1365 3976 ’Ἄρατος
1383 3947 1398 3974 ,

364 4014 470 4067 Ἐκ
507 4014 642 4080 Διὸς
671 4009 1002 4082 ἀρχώμεθα,
1043 4013 1233 4079 εἰπὼν,
1261 4014 1369 4068 τὸν
1408 4014 1680 4086 οὐδέποτξ
1726 4016 1943 4086 ἄνδρες

353 4154 690 4232 ’ξᾼρρητονσ⁸
711 4153 930 4232 μεσταὶ
967 4151 1042 4232 δὲ.
1062 4153 1212 4232 Διὸς⁸
1229 4151 1418 4208 πᾶσαι
1445 4085 1872 4232 gaudiali?

347 4222 549 4279 Πᾶσαι
580 4222 638 4293 δ’(
658 4223 985 4292 ἀνθρώπων
1010 4223 1236 4293 ἀγοραὶ,
1277 4222 1473 4293 μεστῆ
1521 4226 1590 4279 δὲ
1633 4222 1938 4293 θάλασσα,

347 4241 549 4279 Πασαι
580 4241 628 4275 ον
658 4241 985 4292 ανσρωπων
1010 4241 1117 4292 αγο
1157 4241 1236 4287 αι,
1277 4241 1473 4293 μεστη
1521 4241 1590 4279 σε
1633 4241 1935 4293 θαλασσα,

345 4293 462 4348 Καὶ
503 4291 764 4362 λιμένες.
809 4293 1014 4362 Πάντη
1058 4241 1156 4346 sep
1157 4293 1291 4360 Διὸς
1315 4295 1650 4365 κεχρήμεθα
1693 4297 1935 4366 πάντες·

346 4405 606 4478 ἐπιφέρει

351 4517 468 4573 Τοῦ
505 4517 618 4587 γὰρ
669 4517 768 4572 καὶ
815 4518 990 4590 γένος
1037 4519 1251 4608 sape);
1288 4515 1429 4608 (οἷον
1461 4520 1825 4608 δημιουργίᾳ)
1857 4541 1872 4556 ·
1905 4527 1940 4578 ὀ

1164 4589 1251 4664 [δ’
1277 4591 1455 4657 ’ἤπιος
1494 4589 1858 4648 ἀνθοὼποισι
1959 4605 2005 4660 1)

2039 4689 2242 4757 Quippe
2264 4683 2450 4750 trahit,

2037 4819 2065 4850 ,ί
2091 4822 2104 4834 .
2143 4820 2156 4834 .
2189 4779 2284 4850 qui
2298 4777 2772 4850 rblandaﬁhomines
2798 4776 2992 4846 pietate
3023 4775 3265 4850 fovendo,

2035 4848 2332 4905 Lwta'ollis
2360 4850 2455 4902 dat
2483 4849 2639 4918 signa
2664 4865 2848 4910 manu,
2869 4848 3192 4917 populosque
3218 4850 3512 4918 frequentes

2037 4920 2193 4990 Ultro
2220 4919 2366 4988 operi
2397 4920 2628 4990 accingit
2659 4934 2678 4972 :
2703 4929 2842 4972 certo
2870 4934 3098 4989 namque
3126 4921 3308 4976 ordine
3324 4919 3510 4974 caelum

2037 4989 2314 5047 Sideribus
2346 4989 2765 5057 sparsit’variis,
2800 4989 3027 5058 annique
3056 5005 3302 5041 coronam

2039 5061 2249 5125 Texuit,
2281 5070 2405 5128 apta
2436 5063 2547 5115 suis
2573 5072 2630 5114 ut
2662 5077 2882 5114 munera
2905 5074 3122 5128 quaque
3144 5069 3385 5116 notarent

2037 5133 2398 5203 Temporibus,
2416 5131 2640 5202 latoque
2662 5147 2821 5203 genus
2847 5128 3165 5185 subolescere
3187 5131 3298 5195 fetu

349 4675 468 4741 Δεξ
472 4694 533 4732 ια
561 4677 842 4745 σημαίνει
863 4695 875 4709 ·

343 4767 545 4836 Αὐτὸς
577 4768 687 4839 γὰρ
717 4769 873 4839 τάγε
900 4771 1120 4840 σήματ’
1152 4772 1224 4826 ἐν
1251 4771 1484 4841 ούρανῷ
1523 4775 1862 4845 ἐστήριξεν,

351 4852 576 4918 Ἄστρα
599 4852 910 4922 διακρίνας
929 4873 943 4887 ο
979 4854 1285 4924 ἐσκέψατο
1311 4857 1364 4910 δ’
1390 4860 1477 4924 εἰς
1503 4861 1784 4914 ἐνιαυτὸν

360 4931 658 5001 Ἀστέρας,
690 4935 747 4989 οἵ
777 4952 846 4988 κε
865 4936 1136 5006 μάλιστα
1162 4941 1490 5009 τετυγμένα
1514 4944 1868 5012 σημαίνοιεν

359 5016 676 5086 Ἀνδράσιν
709 5021 935 5089 ὡράων,
963 5023 1092 5092 ὄφρ’
1118 5024 1347 5093 ἔμπεδα
1383 5027 1579 5080 πάντα
1609 5029 1848 5098 φύηται.

340 5099 461 5152 Καί
481 5117 589 5167 μιν
611 5101 706 5155 ἀεὶ
748 5102 987 5171 πρῶτόν
1013 5123 1078 5160 τε
1101 5107 1200 5160 καὶ
1239 5106 1507 5162 ὕστατον
1543 5109 1930 5168 ἱλάσκονταιο

421 5191 438 5222 ¹
473 5189 576 5246 lsa.
605 5209 660 5258 κ,
687 5194 741 5249 6.

419 5281 537 5351 (5-4)
586 5283 738 5340 Ἀλλ’
771 5287 936 5356 ὑμεῖς
967 5289 1100 5360 μέν.
1133 5291 1302 5347 Iliad.
1346 5292 1414 5360 ﬂ,
1444 5311 1588 5351 vers.
1633 5296 1721 5351 99.
1750 5296 1932 5355 Mene-

342 5351 470 5406 laus
513 5357 678 5406 naulo
711 5359 1042 5406 commoliar
1085 5362 1155 5406 ita
1199 5363 1420 5406 tiu-mm:
1460 5367 1758 5406 nllnnnihn-
1803 5372 1932 5406 Mi...

344 5421 422 5490 μὴ
456 5422 689 5494 ἑτοίμως
719 5425 1046 5498 δεξαμένους
1090 5433 1191 5504 τὴν
1233 5433 1329 5488 τοῦ
1367 5421 1630 5509 Ἕκτορός
1675 5421 1931 5512 περὶίτῆξ

344 5495 686 5560 μονομαχίας
733 5498 1099 5560 πρόσκλησιν.
1154 5511 1213 5557 ut
1259 5504 1489 5560 leaimus
1539 5509 1680 5560 apud
1724 5507 1925 5560 Justin.

343 5498 686 5613 ᾖονομαχςας
733 5498 1099 5570 πρόσκλησις),
1146 5498 1213 5557 ἰιι
1259 5504 1489 5570 legimus
1537 5498 1680 5576 apud
1724 5498 1927 5566 J'ustin:

400 5571 570 5642 artyr.
604 5564 976 5642 Inﬂammata
1022 5588 1143 5642 pag.
1179 5573 1269 5628 25.
1313 5574 1469 5640 Quod
1509 5575 1826 5635 Eustathius
1850 5583 1930 5636 sie

337 5631 597 5719 explicat,
642 5635 787 5690 Ἀντὶ
804 5637 924 5719 τοῦ,
944 5631 1556 5719 νεὲρῷθείητε,”ἰηᾳυίι,
1698 5631 1926 5719 “ﬁt;

341 5698 1062 5788 ζιιροχένοξιῇπνευμᾳτῶῥουέ
1094 5698 1328 5788 ρερμοῧξ
1739 5698 1924 5786 ἱέῦῐῐέ

341 5770 724 5906 ῗτῗίῗμῗιξι.θδωρ
755 5770 848 5831 ’ίαῖ
892 5780 994 5851 γῆν
1027 5770 1062 5836 ⁵
1105 5770 1171 5853 δῆ
1197 5770 1518 5856 “summa;
1564 5770 1924 5862 suasua

2039 5657 2044 5662 ’
2099 5657 2212 5730 (58)
2250 5662 2393 5729 Ἤδη
2428 5657 2538 5730 rd}?

2068 2016 2151 2070 via
2168 2015 2376 2071 feratur
2390 2017 2442 2070 in
2459 2018 2885 2087 generationem,
2916 2017 3085 2072 Stoici
3105 2027 3356 2071 naturam
3371 2031 3493 2071 esse
3510 2017 3644 2071 deli-

2067 2103 2225 2156 niunt
2252 2121 2266 2157 :
2292 2102 2436 2174 ignis
2471 2113 2652 2158 autem
2677 2119 2742 2158 ac
2765 2104 2904 2159 lucis
2937 2105 3178 2168 nomine,
3213 2103 3383 2158 Deum
3409 2114 3502 2159 aut
3527 2105 3648 2174 ejus

2069 2189 2302 2245 Verbum
2329 2192 2617 2262 allegorice
2637 2191 2922 2262 Scriptura
2950 2191 3243 2263 signiﬁcat.
3261 2191 3400 2258 Quid
3427 2193 3650 2247 autem?

2065 2298 2170 2338 non
2197 2284 2424 2353 ipsemet
2450 2282 2744 2350 Homerus,
2773 2299 2974 2354 aquam
2998 2285 3098 2340 abs
3128 2293 3273 2340 terra
3313 2295 3644 2354 separatam,

2061 2377 2332 2447 planeque
2361 2386 2623 2431 retectam
2659 2376 2869 2432 aridam
2920 2377 3240 2448 paraphrasi
3283 2378 3518 2448 quadam
3547 2393 3647 2433 ex-

2060 2469 2246 2539 plicat,
2275 2467 2404 2522 dum
2440 2467 2518 2522 ait
2546 2467 2615 2522 de
2633 2466 2874 2539 Tethyos
2896 2467 3212 2539 Oceanique
3233 2469 3500 2525 dissidio:

2062 2581 2313 2652 Namque
2347 2581 2527 2636 ambos
2564 2582 2768 2636 dudum
2799 2583 2970 2637 tristis
2997 2581 3267 2637 discordia
3299 2582 3432 2638 lecto

2061 2652 2456 2724 Complexuque
2485 2662 2628 2706 arcet
2649 2654 2674 2706 ?

2057 2763 2167 2821 Deo
2193 2772 2458 2835 praetcrea
2489 2779 2764 2820 summam
2805 2765 2968 2822 rebus
3019 2765 3074 2820 in
3112 2766 3369 2821 omnibus
3396 2773 3642 2836 potesta-

2057 2867 2164 2913 tem
2222 2857 2534 2913 Graecorum
2569 2858 2925 2914 eruditissimi
2957 2860 3225 2914 tribuunt.
3279 2857 3642 2930 Epicharmus

2055 2949 2274 3020 quidem
2307 2948 2704 3020 (Pythagoreus
2732 2959 2914 3004 autem
2937 2949 2983 3004 is
3009 2948 3132 3021 fuit)
3161 2950 3248 3004 bis
3282 2949 3568 3005 versibus:

2055 3062 2154 3116 Nil
2177 3073 2346 3132 potest
2369 3062 2538 3117 Deum
2564 3063 2732 3117 latere
2760 3079 2778 3117 :
2814 3063 2900 3132 {ac
2930 3073 2986 3118 ut
3018 3063 3072 3116 id
3096 3073 3261 3117 mente
3296 3065 3521 3119 imbibas
3548 3079 3572 3120 :

2054 3133 2158 3188 Ille
2185 3151 2279 3189 nos
2318 3151 2412 3204 per
2437 3151 2490 3189 se
2520 3134 2758 3188 intuetur
2784 3148 2802 3187 :
2831 3150 2921 3188 nec
2953 3133 3086 3188 nihil
3116 3134 3259 3189 solus
3289 3144 3480 3204 potest.

1976 3246 2020 3306 (ἶ
2052 3267 2280 3340 Lyricus
2314 3284 2468 3332 vero,
2501 3269 2623 3324 sic:

2123 3384 2263 3438 Deus
2284 3384 2423 3454 potis
2453 3394 2528 3439 est
2557 3401 2621 3438 ea:
2639 3383 2907 3454 profunda

2120 3455 2292 3509 Nocte
2338 3471 2578 3510 reuocare
2612 3471 2804 3524 purum
2834 3456 2974 3509 diem
3001 3469 3020 3509 :

2119 3525 2308 3595 Nigris
2341 3525 2462 3578 dein
2494 3525 2716 3579 tenebris

2119 3593 2236 3650 Diei
2267 3595 2490 3649 nitidum
2517 3597 2737 3650 condere
2766 3595 2861 3650 hoc
2879 3593 3069 3663 jubar.

2046 3709 2152 3776 Qui
2175 3709 2345 3774 solus,
2371 3707 2570 3779 inquit,
2615 3708 2965 3765 illucescente
3003 3710 3113 3775 die,
3147 3716 3362 3764 noctem
3414 3708 3631 3766 emccro

2049 3815 2248 3875 potest,
2272 3803 2416 3862 Deus
2443 3805 2490 3862 is
2519 3813 2626 3862 est.
2663 3804 2731 3860 Et
2755 3806 2957 3860 Aratus
2999 3804 3052 3859 in
3096 3802 3488 3874 PIuenomenis,
3517 3806 3634 3862 haec

2046 3897 2231 3964 habet,

2043 4012 2123 4065 Ab
2149 4012 2278 4066 Jove
2303 4011 2646 4081 principium,
2666 4007 2822 4081 nullo
2851 4008 2942 4081 qui
2981 4017 3210 4076 tempore
3241 4010 3393 4066 nobis

2045 4077 2614 4138 Prtetereundus'erit.
2650 4077 2816 4147 Cujus
2847 4077 2954 4131 late
2993 4081 3169 4132 omnia
3194 4096 3388 4132 numen

2045 4153 2311 4222 Compita,
2339 4163 2388 4206 et
2407 4167 2557 4204 omne
2581 4149 2784 4222 forum,
2799 4148 3055 4216 Pontique
3071 4149 3337 4218 profunda
3356 4151 3626 4222 tumentis,

2043 4221 2212 4292 Atque
2235 4238 2411 4276 omnes
2443 4229 2629 4288 portus
2657 4221 2878 4286 implet:
2902 4233 3150 4288 nemoque
3181 4221 3379 4288 potenti

2043 4293 2260 4349 Auxilio
2283 4293 2520 4346 caruisse
2548 4298 2728 4358 queat.

2046 4406 2113 4460 Et
2143 4406 2407 4460 rationem
2439 4401 2742 4470 subjungit,

2500 4555 2518 4572 .
2554 4556 2567 4570 .
2601 4557 2614 4571 .
2652 4532 2812 4586 genus
2836 4517 3006 4570 omnis
3034 4517 3098 4571 ab
3134 4517 3227 4571 illo
3256 4519 3554 4589 (creatione

3300 4589 3619 4662 [videlicel),

2103 5305 2344 5381 (55)'Hr
2372 5311 2589 5378 κεῖνος.
2626 5310 2704 5366 Ita
2732 5326 2924 5368 versus
2949 5311 3086 5368 istos
3126 5327 3193 5368 ex
3221 5313 3502 5370 Clemente
3525 5313 3612 5368 di-

513 5357 678 5438 P?“'°
711 5357 1042 5438 (Ξοῑηπηφῖοτ
1085 5362 1157 5438 it?
1199 5357 1433 5438 (ἓνεεέορὲ
1459 5367 1778 5436 alloquitur.
1803 5372 1932 5436 τοὺς
2029 5357 2324 5438 ειίὶῖκῖἱηῖῖέ
2349 5357 2802 5438 είῖἱυὲέῖίὶυἶῖῖιιὶἑ

2101 5451 2214 5522 (56)
2237 5450 2610 5520 Προμηθέως.
2655 5451 2968 5522 Legendum
3011 5452 3357 5526 Προμηθῆος,
3390 5465 3450 5511 ut
3482 5473 3607 5514 ver.

2029 5536 2125 5576 SUS
2152 5531 2388 5577 εοιιειει.

2099 5591 2214 5664 (57)
2251 5591 2410 5664 Forte
2440 5593 2513 5664 μή
2542 5590 2608 5664 ’ξ-

2573 5662 2777 5730 δηρόν.
2809 5661 3074 5720 Homerus
3104 5663 3269 5718 Iliad.
3307 5667 3368 5732 Ξ,
3399 5686 3450 5724 v.
3474 5668 3600 5724 206.

2099 5731 2210 5801 (59)
2260 5731 2383 5798 Θεῷ
2437 5731 2719 5788 δυνατόν.
2780 5733 3004 5790 Pindari
3067 5731 3369 5808 fragmenta
3421 5739 3601 5798 locum

2026 5801 2173 5857 hunc
2204 5811 2612 5874 repraesentant.
