4122 6412
543 336 683 392 HIS

1214 336 1486 393 EUSEBII
1525 337 2015 399 CAESARlENSIS
2050 340 2096 399 0

2199 386 2201 395 ,
2238 342 2416 399 PARS
2457 341 2609 398 ll.——
2636 340 3137 399 APOLOGETICA.

3671 341 3841 397 “16

542 453 800 523 Quodque
849 452 1062 508 darent.
1108 451 1251 506 Huic
1296 455 1473 524 prima
1506 471 1718 524 omnes,
1767 454 2096 531 Imgultimi

2226 457 2434 527 Χαῖρε,
2479 458 2704 529 Πάτερ,
2753 458 2912 531 μέγα
2954 457 3151 529 θαῦμα
3168 497 3184 523 ,
3230 457 3361 529 μέγ’
3407 457 3839 531 ἀνρρώκοισιν

1897 526 2127 600 [semper

3488 525 3736 602 [ὄνειαρ.

549 612 686 667 Vota
712 613 911 683 ferunt.
954 611 1133 679 Salve,
1174 630 1207 670 ο
1241 612 1481 682 Genitor,
1509 632 1662 686 quem
1702 619 1927 689 suspicit
1955 619 2119 685 orbis,
2160 620 2329 691 Atque
2358 619 2481 674 boni
2509 632 2778 676 auctorem
2816 622 2996 677 sentit.

538 724 605 780 Et
634 734 760 781 ante
780 726 1009 780 Aratum
1037 724 1331 793 Homerus,
1363 730 1418 782 in
1449 729 1642 801 clypeo
1678 730 1772 787 illo
1792 746 1954 802 quem
1987 730 2123 788 Vul-

535 832 708 873 canus
749 817 1079 885 elaborarat,
1132 819 1328 874 mundi
1376 820 1812 891 procreationem
1855 840 1886 878 ε
1917 822 2122 895 Moysis

534 910 835 980 exemplari
869 913 1205 975 describens,
1233 914 1311 968 ait
1341 930 1357 968 :

532 1002 698 1076 675
727 1002 952 1058 Fecerat
980 1003 1065 1059 hic
1096 1016 1267 1061 terras
1288 1046 1305 1073 ,
1336 1005 1625 1078 cretamque
1648 1050 1664 1075 ,
1696 1008 1972 1150 saﬂmq‘i‘te
1996 1025 2121 1077 pro.

558 1148 567 1150 ς
1189 1146 1199 1150 _
1464 1148 1472 1150 4
1824 1097 1892 1133 un
1934 1097 2047 1150 um,

1824 1097 2047 1151 unctum,

533 1148 1085 1218 Astraquepurpurea
1104 1146 1289 1201 caelum
1313 1163 1432 1218 qua
1453 1148 1567 1201 luce
1595 1146 1869 1204 coronant.

531 1325 640 1394 Qui
664 1327 809 1383 enim
843 1336 899 1384 et
925 1338 1234 1399 poetarum,
1257 1336 1313 1385 et
1343 1338 1628 1385 oratorum
1651 1328 1879 1384 vocibus
1909 1326 2121 1399 Jupiter

2228 733 2339 787 Καὶ
2360 733 2468 805 πρὸ
2494 733 2681 788 τούτου
2704 734 2762 787 δὲ
2780 735 3046 807 Ὄμηρος,
3078 734 3171 787 ἐπὶ
3193 734 3291 806 τῆς
3318 734 3831 804 Ἡφαιστοτεύκτου

2225 824 2475 890 ἀσπίδος,
2515 826 2862 897 κοσμοποιιῖιν
2890 826 3034 881 κατά
3056 827 3312 881 Μωῦσέα·

2238 1004 2342 1058 Ἐν
2368 1001 2487 1074 μὲν
2511 1001 2689 1073 γαῖαν
2716 1001 2930 1070 ἔτευξ’,
2973 1003 3044 1058 ἐν
3078 1002 3130 1057 δ’
3171 1005 3452 1077 augur-6r,
3489 1006 3560 1061 ἐν
3588 1006 3657 1061 δὲ
3700 1008 3827 1063 θά-

3224 1073 3517 1148 [λασσαῃ
3546 1078 3734 1148 φησιν,

2238 1144 2341 1197 Ἐν
2373 1142 2442 1196 δὲ
2482 1141 2557 1197 τὰ
2586 1143 2781 1212 τείρεα
2810 1141 3008 1201 πάντα
3026 1185 3041 1209 ,
3073 1144 3146 1199 τά
3176 1141 3245 1198 τ’“
3268 1146 3528 1290 οὐρανὸῖ
3548 1141 3823 1218 emed-

3530 1234 3731 1273 νωται.

3530 1234 3731 1273 νωται.

2236 1325 2295 1379 Ὅ
2324 1323 2435 1398 γάρ
2472 1324 2559 1378 διὰ
2611 1324 2719 1378 τῶν
2762 1324 3081 1397 ποιημάτων
3132 1326 3227 1378 καὶ
3269 1324 3378 1379 τῶν
3429 1323 3821 1396 καταλογάδην

529 1420 858 1486 celebratur,
892 1421 940 1477 is
972 1421 1203 1477 omnino
1234 1420 1404 1477 Deum
1436 1421 1730 1492 signiﬁcat.
1765 1418 1885 1476 Jam
1921 1420 2096 1476 Deme

2225 1420 2674 1493 συγγραμμάτων
2707 1418 2965 1492 ᾀδόμενος
3014 1421 3169 1485 Ζεὺς,
3198 1420 3294 1492 τὴν
3325 1420 3531 1474 ἔννοιαν
3571 1419 3664 1472 ἐπὶ
3710 1420 3818 1473 τὸν

528 1514 723 1579 critus,
756 1524 817 1570 ut
848 1515 900 1569 id
930 1529 1153 1586 quoque
1195 1514 1399 1582 dicam,
1430 1528 1638 1584 paucos
1669 1513 1965 1569 admodum
2015 1506 2116 1569 bo:

529 1607 708 1663 mines
733 1608 908 1662 lucem
929 1607 1128 1662 intueri
1147 1608 1243 1675 ait,
1266 1626 1286 1659 ι
1307 1606 1400 1678 qui
1428 1622 1624 1662 manus
1650 1607 1718 1662 ad
1740 1622 1865 1660 eum
1897 1605 2111 1673 tollant,

526 1715 689 1769 quem
715 1715 818 1755 nos
840 1699 1009 1755 Graeci
1040 1715 1221 1754 aerem
1248 1715 1396 1755 nunc
1422 1715 1706 1755 vocamus.
1730 1699 1942 1771 Quippe
1967 1697 2114 1754 fatur

524 1791 713 1846 omnia
758 1788 969 1861 Jupiter
999 1832 1014 1857 ,
1068 1792 1252 1847 omnia
1301 1791 1471 1858 novit,
1509 1792 1602 1845 dat
1635 1792 1776 1846 idem
1824 1790 2112 1862 aufertque

523 1885 732 1950 omnia,
752 1885 1109 1955 omniumque
1150 1900 1245 1939 rex
1276 1893 1415 1938 est.»
1449 1881 1519 1938 At
1542 1881 1788 1939 Bteotius
1816 1881 2107 1950 Pindarus,

523 1978 718 2034 altiore
775 1978 1016 2049 quodam
1083 1977 1377 2050 mysterio,
1434 1975 1812 2050 Pythagoreus
1863 1978 2008 2033 enim
2060 1977 2109 2033 is

522 2080 662 2131 erat,

602 2181 808 2254 Virum,
840 2183 1037 2250 inquit,
1068 2199 1232 2254 unum
1253 2191 1332 2237 est
1364 2199 1428 2237 ac
1455 2183 1828 2254 deumqgenus.

595 2253 768 2310 Matre
803 2254 1055 2324 spiritum
1088 2253 1242 2307 ambo
1269 2254 1543 2308 hausimus
1578 2252 1657 2307 ab'
1679 2270 1805 2308 una.

515 2361 710 2418 Matris
755 2363 979 2417 nomine
1011 2362 1298 2418 materiam
1351 2362 1624 2433 intelligit,
1658 2378 1940 2433 unumque
1968 2378 2108 2436 pree-

513 2465 665 2512 terea
720 2455 916 2510 horum
966 2455 1271 2511 molitorem
1304 2456 1551 2510 omnium
1602 2456 1905 2520 constituit,
1942 2471 2106 2526 quem

515 2548 635 2618 ipse
667 2557 947 2618 parentem
982 2547 1395 2620 ἀριστοτέχναν,
1439 2548 1541 2602 hoc
1570 2557 1691 2614 est,
1740 2549 2008 2617 optimum
2040 2564 2107 2605 ac

514 2641 985 2712 sapientissimum
1046 2642 1312 2696 artificem
1371 2641 1655 2706 nominat,
1716 2643 1808 2713 qui
1859 2659 1957 2713 pro
2005 2659 2104 2699 sua

513 2748 789 2806 quemque
830 2733 1116 2804 dignitate,
1163 2733 1230 2788 ad
1266 2732 1440 2802 ipsam
1491 2747 1712 2803 quoque
1762 2734 2102 2789 divinitatem

512 2824 795 2896 provehat.
845 2822 1127 2879 Platonem
1167 2823 1314 2877 enim
1362 2832 1652 2893 praetereo,
1681 2824 1774 2895 qui
1823 2826 2001 2894 palam
2038 2843 2104 2883 ac

510 2919 819 2989 perspicue,
861 2917 917 2971 in
968 2932 1032 2971 ea
1084 2931 1249 2986 quam
1302 2917 1369 2971 ad
1419 2915 1673 2973 Erastum
1708 2926 1763 2974 et
1816 2919 2099 2976 Coriscum

511 3003 705 3059 scribit
728 3003 980 3074 epistola,
1008 3001 1224 3059 Patrem
1248 3019 1314 3060 ac
1336 3002 1557 3073 Filium,
1574 3007 1760 3063 nescio
1783 3024 1892 3078 quo
1918 3021 2098 3080 pacto,

508 3109 575 3197 es
612 3092 892 3150 Hebraicis
925 3094 1119 3149 litteris
1137 3095 1334 3197 Palam
1363 3111 1428 3151 ac
1456 3097 1747 3154 manifeste
1775 3102 1968 3170 aperit,
2009 3102 2099 3157 ubi
2126 3138 2169 3197 ο

507 3186 591 3242 sic
614 3201 712 3242 eos
746 3187 996 3241 hortatur
1024 3202 1039 3240 :
1080 3205 1099 3239 ι
1134 3186 1271 3242 Dum
1295 3188 1518 3258 juratis,
1546 3189 1743 3259 inquit,
1776 3207 1884 3247 non
1918 3192 2096 3248 illibe-

506 3276 633 3344 rali,
664 3293 730 3333 ac
756 3277 923 3333 studii
958 3292 1150 3334 sorore
1177 3279 1426 3334 doctrina
1457 3290 1650 3335 mutuo
1672 3281 1974 3352 conjuncti,
2000 3298 2097 3354 per

507 3366 679 3424 Deum
720 3370 899 3440 ipsum
939 3385 1123 3425 rerum
1150 3372 1401 3427 omnium
1436 3373 1551 3429 sive
1578 3376 1948 3443 praesentium,
1981 3377 2097 3433 sive

505 3460 818 3517 futurarum
858 3463 1167 3531 praesidem,
1200 3479 1412 3519 necnon
1462 3466 1715 3535 praesidis
1748 3467 1911 3522 etiam
1941 3469 2097 3539 prin-

505 3553 774 3625 cipiisque
787 3562 1068 3625 parentem
1095 3554 1382 3610 Dominum
1409 3557 1626 3626 juretis,
1651 3574 1815 3629 quem
1846 3559 2093 3630 quidem,

504 3645 553 3701 si
607 3647 769 3701 modo
832 3656 980 3702 recte
1049 3648 1609 3717 philosophabimini,
1656 3651 2014 3721 cognoscetis.
2067 3670 2086 3704 ι

502 3738 651 3794 ldem
685 3755 748 3794 ea
776 3755 941 3810 quam
977 3741 1032 3794 in
1063 3739 1261 3795 Timaeo
1301 3741 1464 3796 habet
1501 3743 1796 3805 concione,
1827 3745 2091 3800 artiﬁcem

503 3831 660 3886 iilum
699 3830 917 3886 Patrem
953 3833 1209 3902 appellat,
1257 3832 1343 3887 his
1380 3833 1604 3888 verbis:
1647 3851 1666 3885 ι
1706 3832 1815 3889 Vos
1840 3834 1934 3904 qui
1964 3835 2091 3891 deo-

502 3939 628 3979 rum
661 3932 784 3978 satu
820 3923 929 3977 orti
952 3925 1106 3988 estis,
1140 3923 1435 3989 attendite,
1468 3939 1704 3993 quorum
1734 3940 1960 3995 operum
1990 3940 2091 3997 ego

501 4029 704 4084 parens
752 4013 1085 4085 eﬂectorque
1140 4030 1282 4070 sum.
1347 4033 1365 4067 ι
1421 4014 1602 4081 Quare
1651 4031 1777 4072 cum
1827 4016 1969 4072 idem
2012 4017 2089 4074 ita

501 4106 766 4178 loquitur,
796 4109 944 4164 circa
980 4108 1363 4163 universorum
1397 4106 1598 4178 Regem
1628 4109 1811 4168 omnia
1844 4119 1990 4176 sunt,
2023 4126 2090 4167 ac

502 4207 723 4271 propter
780 4200 962 4271 ipsum
1017 4199 1256 4256 omnia:
1307 4200 1451 4256 idem
1511 4200 1782 4255 bonorum
1839 4203 2085 4256 omnium

500 4292 830 4363 principium
852 4301 954 4349 est.
984 4292 1055 4347 At
1076 4292 1221 4349 circa
1246 4295 1550 4349 secundum
1579 4309 1645 4349 ea
1671 4309 1793 4365 qua:
1816 4297 2083 4365 secundo,

498 4387 645 4441 circa
680 4387 896 4441 tertium
920 4402 986 4443 ea
1008 4401 1130 4457 quae
1152 4389 1312 4443 tertio
1333 4388 1523 4443 ordine
1547 4389 2084 4453 continetur,cuncta

2221 1512 2356 1567 Θεὸν
2400 1512 2684 1583 ἀναφέρει.
2734 1512 2875 1583 Ἤδη
2921 1512 3008 1576 δὲ,
3050 1513 3127 1576 ὡς
3176 1514 3385 1575 εἰπεῖν,
3416 1513 3507 1564 ὑπ’
3548 1512 3727 1580 αὐγὰς
3775 1514 3817 1565 ὁ

2220 1602 2558 1676 Δημόκριτος
2599 1600 2739 1658 εἷναί
2766 1622 2918 1669 τινας
2953 1605 3168 1674 ὀλίγους
3215 1605 3415 1676 γράφει
3446 1604 3555 1658 τῶν
3595 1603 3818 1676 ἀνθρώ-

2219 1710 2358 1759 πων,
2399 1715 2418 1748 ε
2454 1696 2504 1750 οἳ
2552 1697 2615 1769 δὴ
2649 1698 3024 1763 ἀνατείναντες
3057 1698 3157 1762 τάς
3204 1700 3395 1769 χεῖρας
3439 1696 3706 1761 ἐνταῦθα,
3741 1692 3814 1753 οὗ

2144 1771 2187 1827 Β
2218 1788 2315 1843 νῦν
2390 1790 2529 1862 ἠέρα
2568 1790 2866 1861 ἔκαλέομεν
2935 1792 2984 1844 οι
3060 1790 3341 1860 Ἕλληνες.
3411 1790 3599 1845 Πάντα
3661 1792 3811 1855 Ζεὺς

2216 1880 2489 1953 μυθεῖται,
2515 1881 2611 1935 καὶ
2655 1881 2833 1936 πάντα
2855 1877 3009 1947 οὗτος
3038 1878 3165 1947 οἶδε,
3200 1883 3295 1936 καὶ
3326 1882 3479 1948 διδοῖ,
3510 1885 3604 1936 καὶ
3634 1883 3811 1952 ἀφαι-

2213 1975 2408 2044 ρεῖται,
2437 1972 2533 2026 καὶ
2576 1972 2830 2043 βασιλεὺς
2868 1968 3022 2039 οὗτος
3054 1975 3161 2029 τῶν
3192 1974 3431 2029 πάντων.
3458 1995 3476 2025 ι
3507 1973 3811 2029 Μυστικιῦ-

2207 2079 2365 2134 τερον
2388 2063 2445 2117 δὲ
2470 2066 2499 2117 6
2528 2065 2628 2136 μὲν
2646 2064 2899 2131 Βοιώτ.ος
2927 2066 3215 2137 Πίνδαρος,
3233 2066 3328 2120 ἆτε
3344 2065 3685 2136 Πυθαγόριος
3698 2064 3804 2132 ὢν,

2283 2176 2395 2249 ξΕν
2418 2175 2653 2249 ἀνδρῶν
2685 2176 2816 2249 (60),
2845 2177 2914 2231 ἐν
2937 2176 3088 2233 θεῶν
3117 2176 3313 2248 γένος,

2290 2246 2391 2299 Ἐκ
2408 2245 2551 2315 μιᾶς
2579 2246 2647 2301 δὲ
2669 2245 2897 2317 μητρὸς
2918 2245 3181 2317 πνέομεν
3204 2249 3397 2318 ἄμφω.

2205 2359 2318 2431 Τῆς
2351 2357 2503 2431 ὕλης,
2534 2361 2898 2432 παραδίδωσι·
2932 2362 3026 2414 καὶ
3052 2360 3147 2415 ἕνα
3173 2359 3264 2415 τὸν
3295 2361 3500 2416 τούτων
3532 2361 3804 2434 δημιουρ.

2203 2451 2300 2521 γδν
2321 2452 2411 2506 τὸν
2438 2453 2827 2525 ἀριστοτέχναν
2863 2453 2971 2526 (61)
3006 2453 3219 2526 πατέρα
3253 2453 3419 2524 λέγει,
3449 2454 3539 2509 τὸν
3567 2458 3663 2509 καὶ
3696 2455 3804 2521 τὰς

2204 2543 2491 2617 προκοπὰς
2539 2545 2657 2598 κατ’
2709 2545 2869 2610 ἀξίαν
2914 2548 2995 2611 εἰς
3047 2545 3300 2618 θειότητα
3350 2548 3775 2619 παρεσχημένον

2204 2637 2404 2691 Σιωπῶ
2433 2637 2542 2709 γάρ
2571 2638 2856 2701 Πλάτωνα,
2896 2638 2933 2693 ἀ
2969 2638 3230 2711 ἄντικρυς
3252 2631 3408 2703 οὗτος
3451 2642 3507 2693 ὲν
3536 2644 3603 2712 τῇ
3657 2641 3798 2713 πρὸς

2215 2729 2474 2801 Ἐραστὸν
2524 2731 2620 2784 καὶ
2669 2728 2941 2802 Κορίσκον
2989 2730 3247 2803 ἐπιστολῇ
3296 2733 3544 2801 φαίνεται
3572 2733 3801 2806 Πατέρα

2202 2823 2299 2878 καὶ
2342 2823 2471 2876 Υίὸν
2519 2823 2620 2877 οὐκ
2655 2819 2753 2876 οἶδ’
2787 2824 2935 2887 ὅπως
2981 2824 3047 2877 ὲκ
3092 2822 3201 2876 τῶν
3244 2823 3549 2896 Ἑϐραϊκῶν
3597 2828 3798 2893 φωνῶν

2201 2914 2492 2985 έκφαίνων·
2511 2914 3016 2988 παρακελευόμενος
3028 2913 3169 2969 κατά
3189 2914 3354 2979 λέξινο
3377 2933 3395 2966 ‹
3418 2915 3796 2987 Ἐπομνύντας

2203 3008 2409 3079 σπουδῇ
2442 3024 2502 3060 τε
2556 3008 2676 3079 ἀμα
2703 3007 2780 3080 μὴ
2823 3007 3083 3079 ἀμούσῳ,
3135 3008 3229 3061 καὶ
3282 3010 3348 3079 τῇ
3398 3007 3497 3080 τῆς
3551 3008 3794 3081 σπουδῆς

2201 3099 2403 3172 ἀδελφῇ
2439 3100 2659 3172 παιδείᾳ
2683 3141 2697 3165 ,
2733 3099 2823 3155 τὸν
2870 3100 3089 3154 πάντων
3137 3099 3270 3154 Θεὸν
3313 3098 3519 3166 αἴτιον,
3566 3101 3665 3157 καὶ
3692 3101 3793 3157 τοῦ

2200 3194 2465 3266 ἡγεμόνος
2485 3195 2575 3248 καὶ
2607 3195 2779 3248 αἰτίου
2802 3194 3023 3266 Πατέρα
3058 3192 3264 3266 Κύριον
3298 3194 3667 3265 ἐπομνύντας,
3700 3194 3789 3262 ὃν,

2197 3285 2295 3339 ὲάν
2337 3285 2513 3357 ὀρθῶς
2545 3285 2868 3358 φιλοσοφῆτε
2889 3325 2903 3349 ,
2947 3284 3178 3339 εἴσεσθε.
3209 3304 3227 3338 ι
3260 3285 3336 3338 ’Ἡ
3372 3303 3431 3339 τε
3461 3287 3518 3339 έν
3576 3287 3794 3356 Τιμαίῳ

2195 3376 2536 3451 δημηγορία,
2578 3377 2800 3448 Πατέρα
2828 3376 2980 3446 λέγει
3028 3375 3122 3429 τὸν
3153 3375 3513 3449 δημιουργὸν,
3548 3374 3792 3446 λέγουσι

2193 3460 2296 3520 ῶδέ
2325 3484 2462 3531 πως·
2498 3484 2517 3517 ι
2542 3466 2664 3520 Θεοὶ
2693 3465 2851 3532 Θεῶν,
2882 3460 2957 3520 ὧν
3005 3464 3116 3536 ἐγὼ
3138 3466 3330 3539 Πατὴρ
3362 3465 3695 3539 δημιουργός
3723 3485 3788 3521 τε

2194 3559 2391 3630 ἔργων.
2422 3579 2439 3611 ι
2468 3558 2632 3611 Ὥστε
2680 3557 2775 3611 καὶ
2835 3558 2975 3611 ὲπάν
3031 3557 3196 3628 εἴπῃ,
3240 3557 3368 3629 περὶ
3413 3557 3506 3611 τὸν
3562 3557 3788 3611 πάντων

2194 3650 2427 3704 Βασιλέα
2479 3650 2659 3704 πάντα
2701 3651 2818 3703 ἐστὶ
2847 3690 2862 3713 ,
2924 3650 3179 3705 κάκείνου
3242 3651 3405 3705 ἕνεκα
3448 3650 3517 3704 τὰ
3580 3652 3785 3718 πάντα,

2194 3736 2417 3790 κάκεῖνο
2438 3736 2611 3789 αἴτιον
2636 3734 2745 3788 τῶν
2771 3735 2951 3789 καλῶν
2971 3752 2985 3765 ο
3022 3735 3272 3809 δεύτερον
3295 3736 3352 3789 δὲ
3395 3735 3523 3808 πέρι
3568 3736 3636 3789 τά
3663 3735 3789 3789 δεύ-

2190 3844 2346 3899 τερα,
2379 3827 2474 3881 καὶ
2520 3827 2704 3900 τρίτον
2734 3826 2861 3899 πέρι
2910 3828 2977 3881 τὰ
3005 3828 3198 3900 τρίτα’
3232 3828 3333 3881 ούκ
3384 3826 3561 3891 ἄλλως
3603 3827 3785 3897 ἔγωγε

2191 3918 2439 3985 ἐξακούω
2475 3919 2631 3991 ἢτὴν
2664 3919 2823 3988 ἁγίαν
2856 3919 3063 3991 Τριάδα
3099 3918 3417 3992 μηνύεσθαι.
3445 3918 3639 3989 Τρίτον
3681 3917 3785 3990 μὲν

2190 4010 2300 4082 γάρ
2336 4007 2474 4064 εἶναι
2503 4010 2564 4064 τὸ
2618 4010 2772 4079 ἅγιον
2803 4009 3029 4082 Πνεῦμα
3058 4050 3072 4076 ,
3107 4010 3200 4064 τὸν
3238 4009 3295 4063 δὲ
3333 4010 3462 4063 Υἱὺν
3503 4008 3781 4081 δεύτερον,

2188 4103 2256 4158 δι’
2292 4098 2353 4157 οὗ
2386 4102 2562 4157 πάντα
2595 4102 2812 4172 ἐγένετο
2843 4101 3263 4174 κατάβούλησιν
3288 4101 3382 4155 τοῦ
3431 4101 3668 4173 Πατρός.
3720 4101 3785 4155 '0

2188 4194 2248 4247 δὲ
2295 4191 2458 4258 αὐτὸς
2490 4194 2550 4247 ὲν
2595 4193 2674 4264 τῷ
2698 4193 2926 4264 ίδεκάτῳ
2967 4192 3066 4264 τῆς
3100 4192 3433 4257 Πολιτείας·
3495 4191 3659 4262 Ἠρὸς
3683 4190 3782 4245 τοῦ

2201 4268 2504 4358 Ἀρμενίου,
2527 4285 2588 4340 τὸ
2609 4285 2762 4354 γένος
2788 4285 3084 4357 Παμφύλου
3111 4284 3404 4356 μέμνηται,
3439 4284 3498 4348 ὃς
3524 4284 3641 4336 ἐστι
3661 4284 3780 4336 Ζω-

2192 4378 2465 4450 ρόαστρις.
2486 4378 2654 4441 Αὐτὸς
2669 4377 2800 4447 γοῦν
2815 4379 2843 4431 6
2859 4377 3207 4451 Ζωρόαστρις
3222 4376 3422 4447 γράφει
3439 4393 3452 4407 ο
3465 4395 3483 4427 ι
3495 4376 3637 4431 Τάδε
3654 4392 3782 4430 συν-

496 4487 787 4533 versantur
804 4497 816 4532 :
831 4478 1083 4548 equidem
1101 4479 1203 4534 ista
1219 4480 1438 4536 nonnisi
1456 4481 1523 4535 de
1536 4481 1924 4536 sanctaTriade
1937 4483 2081 4536 acci-

2199 4469 2397 4540 έγραψε
2427 4469 2771 4542 Ζωρόαστρις
2794 4469 2822 4521 6
2853 4468 3161 4540 Ἀρμενίου,
3186 4468 3249 4522 τὸ
3276 4468 3431 4537 γένος
3455 4468 3776 4541 Πάμφυλος,

496 4569 610 4640 pio,
625 4578 680 4624 et
699 4570 843 4624 tertii
860 4570 1078 4640 quidem
1098 4572 1319 4626 nomine
1337 4570 1597 4642 Spiritum
1617 4582 2087 4639 sanctum,secun-

494 4661 552 4716 di
578 4676 728 4727 vero,
771 4659 970 4715 Filium
999 4661 1259 4732 intelligo,
1284 4679 1378 4733 per
1401 4679 1561 4734 quem
1597 4681 1663 4720 ex
1689 4663 1868 4720 Patris
1892 4665 2086 4720 volun-

495 4754 617 4824 tate}
632 4752 775 4808 facta
802 4762 933 4808 sunt
965 4753 1172 4808 omnia.
1195 4753 1467 4811 Praeterea
1496 4755 1816 4825 Reipublicae
1833 4757 2080 4813 decimo:

492 4844 620 4902 Eris
652 4846 934 4918 cujusdam
980 4847 1221 4901 Armenii
1273 4848 1369 4902 ﬁlii
1412 4849 1679 4925 meminit,
1703 4865 1897 4918 genere
1921 4848 2085 4905 Pam-

493 4940 664 5012 phyli,
696 4939 792 5011 qui
816 4939 1035 5010 quidem
1063 4950 1147 4995 est
1191 4938 1529 4997 Zoroastres.
1565 4942 1723 4997 Certe
1761 4942 2081 5000 Zoroastres

491 5034 613 5104 ipse
644 5034 719 5088 ita
769 5034 838 5089 de
876 5049 935 5090 se
964 5033 1181 5089 scribit:
1218 5051 1238 5084 s
1284 5032 1645 5104 Haec,inquit,
1679 5034 1897 5105 scriptis
1927 5050 2078 5089 man-

491 5127 642 5182 davit
662 5125 1005 5190 Zoroastres,
1026 5126 1270 5182 Armenii
1310 5126 1473 5192 ﬁlius,
1497 5126 1827 5198 Pamphylus
1858 5143 2076 5199 genere:

490 5218 628 5273 Cum
666 5219 722 5274 in
774 5219 918 5275 bello
975 5218 1320 5284 cecidissem,
1366 5218 1510 5288 apud
1570 5218 1775 5275 inferos
1824 5219 1922 5275 abs
1970 5220 2077 5276 diis

493 5311 610 5369 lnec
640 5312 828 5371 didici.
869 5332 888 5364 ι
930 5312 1086 5370 Hunc
1112 5328 1244 5383 ergo
1285 5310 1637 5367 Zoroastrem
1684 5311 1858 5376 Plato,
1892 5314 1981 5369 die
2009 5313 2077 5369 ab

564 5464 679 5534 (60)
713 5468 824 5521 Ἓν
850 5466 1107 5535 ἀνδρῶν.
1136 5466 1407 5523 Theodor.
1445 5467 1712 5525 Canterus
1745 5469 1840 5525 lib.
1876 5486 1912 5524 ιι
1966 5469 2076 5526 Va-

493 5535 629 5605 riar.
659 5538 896 5604 tertiam,
928 5553 1047 5605 cap.
1084 5539 1173 5604 Η,
1207 5538 1307 5595 hos
1338 5538 1556 5594 Pindari
1597 5556 1790 5596 versus
1816 5540 2070 5597 illustrat.

562 5604 1159 5679 (6-1)ᾼἉριστοτέχναν
1197 5609 1442 5678 πατέρα.
1480 5610 1748 5667 Canterus
1777 5612 1905 5667 ibid.
1940 5611 2071 5667 Plu-

491 5675 674 5756 tarchi
699 5675 1065 5756 locanprofeift,
1097 5681 1185 5734 ubi
1222 5696 1288 5734 ex
1309 5675 1558 5756 Pindaro
1597 5684 1666 5756 id
1701 5684 1939 5756 nominis
1959 5682 2071 5738 Deo

492 5747 768 5802 tribuitur.
807 5747 1027 5804 Pindari
1076 5765 1267 5806 versus
1308 5750 1448 5806 idem
1498 5770 1563 5808 ex
1611 5753 1795 5808 Dionis
1823 5752 2065 5826 Chryso-

2191 4564 2250 4615 ὲν
2286 4561 2507 4633 πολέμῳ
2543 4561 2891 4633 τελευτήσας,
2921 4562 3022 4614 ὅσα
3069 4562 3127 4614 ἐν
3161 4560 3264 4635 ᾄδῃ
3284 4561 3574 4632 γενόμενος
3612 4561 3778 4633 ἐδάην

2189 4654 2340 4727 παρά
2357 4654 2515 4710 θεῶν.
2539 4676 2558 4708 ι
2590 4656 2692 4709 Τὸν
2725 4655 2789 4727 δὴ
2833 4654 3181 4727 Ζωρόαστριν
3233 4655 3423 4721 τοῦτον
3449 4657 3478 4709 6
3523 4654 3774 4718 Πλάτων,

2185 4746 2545 4801 δωδεκαταῖον
2575 4749 2668 4801 ἐπὶ
2693 4750 2759 4819 τῇ
2790 4747 2939 4819 πυρᾷ
2969 4746 3241 4817 κείμενον,
3272 4745 3574 4799 ἀναϐιῶναι
3601 4744 3771 4813 λέγει.

2186 4836 2339 4910 Τάχα
2369 4838 2467 4907 μὲν
2495 4839 2556 4891 ού
2598 4836 2697 4911 τὴν
2731 4837 3050 4899 ἀνάστασιν,
3078 4834 3191 4889 ἀλλ’
3217 4838 3400 4889 ἐκεῖνα
3442 4835 3768 4897 αἰνίσσεται,

2182 4927 2258 4993 ὡς
2278 4928 2365 4982 διά
2395 4928 2503 4982 τῶν
2534 4927 2743 4982 δώδεκα
2762 4928 2966 4994 ζωδίων
2988 4929 3021 4998 ἡ
3049 4927 3162 4989 ὁδὸς
3188 4929 3308 4990 ταῖς
3329 4925 3528 4996 ψυχαῖς
3559 4924 3768 4994 γίνεται

2182 5023 2262 5085 είς
2292 5021 2389 5093 τὴν
2420 5021 2707 5092 ἀνάληψιν.
2741 5020 2912 5083 Αὐτὸς
2944 5019 3001 5074 δὲ
3034 5020 3129 5074 καὶ
3148 5020 3229 5084 είς
3260 5018 3357 5090 τὴν
3386 5016 3600 5085 γένεσίν
3634 5032 3769 5086 φησι

2179 5115 2278 5186 τὴν
2305 5114 2474 5185 αὐτὴν
2499 5115 2744 5183 γίνεσθαι
2779 5113 3023 5167 κάθοδον.
3071 5112 3259 5166 Ταῦτα
3305 5110 3645 5183 ὑποληπτέον
3670 5108 3768 5162 καὶ

2178 5206 2247 5262 τὰ
2292 5207 2385 5261 τοῦ
2439 5208 2737 5278 Ἡρακλέος
2779 5202 2919 5260 ἆθλα
2977 5205 3231 5274 λέγεσθαι
3267 5202 3354 5269 ιδ’,
3412 5202 3531 5273 μεθ’
3582 5202 3619 5256 ἀ
3667 5202 3766 5271 τῆς

2177 5299 2498 5371 ἀπαλλαγῆς
2517 5298 2717 5363 παντὸς
2735 5298 2828 5353 τοῦ
2850 5299 3054 5369 κόσμου
3074 5297 3229 5352 τοῦδε
3256 5297 3513 5368 τυγχάνει
3536 5299 3570 5369 ή
3592 5297 3761 5367 ψυχή.

2176 5481 2337 5537 stomi
2360 5480 2673 5551 Olympico,
2705 5479 2850 5535 hunc
2881 5481 2935 5535 in
2968 5480 3190 5536 modum
3228 5479 3396 5535 refert
3423 5499 3436 5534 :

2356 5592 2659 5647 Δωδωναῖε
2693 5591 3084 5662 μεγασθενὲς,

2363 5665 2773 5733 Ἀριστοτέχνα
2805 5663 3009 5731 πάτερ.

2174 5754 2323 5813 Licet
2349 5755 2422 5812 ibi
2456 5756 2774 5812 nominatim
2797 5754 3064 5813 Pindarus
3092 5769 3200 5811 non
3232 5754 3550 5825 appelletur.
