4122 6424
258 366 328 424 ﬂ
342 368 406 422 17

1370 372 1693 430 ΡΠΕΡΔΠ.
1734 370 1987 430 EVANG.
2030 371 2161 429 LIB.
2204 369 2345 429 XIII.

3373 358 3517 416 1118

261 484 342 538 Οὐ
360 483 801 557 παραπέμπομαι
814 484 1009 540 καὶτὸν
1031 487 1420 560 Ἐμπεδοκλέα.
1437 491 1496 543 '0
1512 489 1736 560 φυσικὸς
1751 481 1840 542 οῦ-

1973 488 2171 544 nteritu
2213 484 2558 551 duodecimo,
2603 484 2716 556 jam
2756 497 2892 555 rogo
2916 480 3231 552 impositum
3258 476 3520 533 revixisse

265 592 363 638 τος
380 575 479 644 τῆς
490 574 599 631 τῶν
614 576 830 631 πάντων
843 577 1161 649 ἀναλήψεως
1181 579 1475 651 μέμνηται,
1492 580 1569 644 ὡς
1578 580 1845 650 ἐσομένης

262 666 400 720 ποτὲ
432 670 512 732 είς
531 668 630 741 τὴν
660 668 754 723 τοῦ
781 669 952 742 πυρὸς
981 670 1167 724 ούσίαν
1190 670 1507 742 μεταϐολῆς.
1528 672 1847 742 Σαφέστατα

260 758 310 812 δ’
348 758 701 831 Ἡράκλειτος
728 761 758 813 ό
785 760 1031 831 Ἐφέσιος
1058 760 1260 832 ταύτης
1280 762 1400 815 ἐστὶ
1432 762 1532 833 τῆς
1555 762 1734 833 δόξης,
1756 762 1848 815 τὸν

265 850 371 920 μέν
399 868 520 906 τινα
561 852 763 923 κόσμον
796 852 964 907 ἀΐδιον
991 849 1129 909 εἶναι
1164 854 1488 927 δοκιμάσας,
1518 854 1611 908 τὸν
1640 854 1698 908 δέ
1729 871 1850 909 τινα

261 940 655 1015 φθειρόμενον,
682 943 774 997 τὸν
813 943 957 998 κατά
994 944 1092 1017 τὴν
1132 945 1515 1018 διακόσμησιν,
1550 944 1707 1010 είδὼς
1753 946 1850 1016 οὐχ

259 1033 455 1106 ἕτερον
479 1032 609 1088 ὄντα
638 1036 847 1089 ἐκείνου
874 1053 991 1102 πως
1023 1035 1256 1109 ἔχοντος.
1292 1037 1431 1091 Ἀλλ’
1453 1038 1534 1093 ὅτι
1562 1038 1660 1109 μὲν
1684 1037 1850 1091 άῖδιον

260 1125 359 1185 τὸν
391 1128 450 1194 ἐξ
480 1127 697 1200 ἀπάσης
740 1128 838 1200 τῆς
877 1129 1061 1193 οὐσίας
1090 1130 1275 1197 άῖδίως
1306 1131 1456 1186 ποιὸν
1496 1131 1721 1202 κόσμον,
1750 1130 1849 1203 ήδη

264 1220 506 1293 φανερὸν
546 1223 710 1286 ποιεῖ,
765 1220 941 1289 λέγων
1000 1220 1174 1277 οὓτω·
1211 1242 1230 1276 ι
1265 1225 1483 1296 Κόσμον
1550 1224 1641 1279 τὸν
1692 1224 1851 1277 αὑτὸν

262 1311 490 1366 πάντων
549 1313 673 1368 οὔτε
725 1330 809 1379 τις
859 1312 996 1367 θεῶν
1034 1312 1155 1368 οῦτε
1209 1314 1511 1387 ἀνθρώπων
1558 1315 1850 1387 ἐποίησεν,

263 1404 385 1461 ἀλλ’
411 1400 480 1477 ἦν
505 1406 612 1469 ἀεὶ,
640 1407 734 1460 καὶ
759 1405 895 1472 ἐστι,
921 1406 1017 1461 καὶ
1042 1405 1216 1473 ἔσται,
1254 1407 1365 1479 πῦρ
1404 1406 1652 1472 ἀείζωον,
1690 1392 1855 1461 ἀπτό-

270 1514 435 1568 μενον
476 1497 658 1569 μέτρῳ
689 1497 821 1570 (62),
848 1499 942 1554 καὶ⁵
968 1498 1268 1553 ἀποσϐεννύ
1278 1516 1436 1571 μενον
1461 1500 1664 1572 μέτρῳ.
1694 1520 1713 1551 ι
1733 1500 1855 1554 ’Ὁτι

264 1589 327 1643 δὲ
353 1588 446 1643 καὶ
475 1589 752 1662 γεννητὸν,
775 1591 868 1644 καὶ
892 1591 1130 1665 φθαρτὸν
1159 1592 1322 1647 αὐτὸν
1349 1587 1487 1647 εἶναι
1510 1594 1854 1665 ἐδογμάτιζε,

271 1680 470 1755 μηνύει
500 1682 567 1737 τά
599 1684 989 1756 ἐπιφερόμενα·
1017 1705 1034 1737 ι
1061 1685 1237 1757 Πυρὸς
1260 1686 1481 1758 τροπαὶ,
1513 1686 1727 1759 πρῶτον
1760 1686 1856 1743 θά-

1947 585 2233 632 memorat.
2265 575 2434 649 676
2465 573 2676 642 Quibus
2705 572 2845 628 forte
2874 586 2984 626 non
3030 567 3519 632 resurrectionem,

1947 670 2040 725 sed
2064 670 2295 725 alterum
2311 668 2445 723 illud
2461 666 2801 723 subobscure
2823 663 3118 735 signiﬁcat,
3141 661 3373 721 animos,
3395 672 3522 713 cum

1948 763 2285 832 recipiuntur
2308 761 2364 815 in
2409 759 2632 825 coelum,
2664 772 2761 829 per
2810 757 2965 826 signa
3000 751 3209 809 zodiaci
3234 748 3524 804 duodecim

1948 856 2094 910 viam
2122 854 2280 920 inire,
2304 869 2401 924 per
2430 868 2552 924 quas
2589 852 2841 907 similiter
2891 848 3111 904 eosdem
3146 846 3242 909 ait,
3274 856 3400 898 cum
3439 839 3529 895 hic

1950 947 2227 1019 generatio
2256 946 2348 1010 Iit,
2402 945 2734 1000 descendere
2774 943 2985 999 solitos.
3030 938 3141 993 Nec
3183 938 3340 990 aliter
3384 932 3530 988 acci-

1950 1038 2207 1109 piendum
2241 1045 2345 1101 est,
2398 1036 2686 1091 duodecim
2739 1031 3026 1087 Herculem
3067 1024 3362 1082 certamina
3397 1036 3533 1076 con-

1953 1130 2167 1194 fecisse,
2199 1128 2397 1199 quibus
2429 1126 2734 1191 exhaustis,
2766 1124 2835 1178 ab
2868 1118 3109 1177 universi
3145 1115 3307 1186 hujus
3343 1111 3533 1167 mundi

1953 1220 2219 1292 angustiis
2247 1220 2463 1274 animus
2487 1219 2769 1273 liberetur.
2806 1212 2918 1268 Nec
2948 1210 3084 1265 mihi
3120 1202 3534 1279 prmtereuiidus

1954 1312 2326 1384 Empedocles.
2353 1309 2619 1384 Physicus
2652 1309 2796 1362 enim
2836 1306 2925 1361 ille
2954 1304 3038 1361 sic
3072 1314 3255 1357 rerum
3285 1295 3533 1351 omnium

1957 1401 2374 1459 instaurationis
2403 1399 2675 1465 meminit,
2699 1404 2759 1453 ut
2792 1396 2933 1468 ignis
2958 1393 3012 1447 in
3048 1399 3297 1446 naturam
3340 1392 3536 1440 cuncta

1957 1500 2087 1553 olim
2118 1506 2388 1552 mutatum
2444 1493 2510 1547 iri
2558 1491 2896 1562 pronuntiet.
2947 1486 3065 1553 Qua
3116 1485 3170 1537 in
3199 1480 3388 1536 eadem
3420 1477 3512 1547 opi

1958 1592 2121 1646 nione
2175 1587 2481 1644 Heraclitus
2533 1582 2806 1652 Ephesius
2858 1575 3147 1634 manifeste
3186 1578 3458 1626 versatur.
3493 1566 3541 1621 Is

1958 1685 2103 1739 enim
2140 1684 2405 1738 mundum
2443 1694 2612 1733 unum
2650 1673 2939 1748 quemdam
2992 1669 3382 1739 sempiternum
3423 1675 3544 1716 esse

267 1754 469 1839 λασσα,
506 1754 783 1846 θαλάσσης
822 1754 881 1829 δὲ
912 1777 974 1830 τὸ
1018 1776 1117 1848 μὲν
1142 1754 1313 1849 ἡμισυ
1358 1777 1432 1848 γῆ
1454 1817 1469 1841 ,
1503 1754 1570 1831 τό
1594 1778 1652 1832 δὲ
1685 1779 1857 1850 ἥμισυ

1973 1778 2175 1844 statuit,
2203 1777 2472 1832 caducum
2512 1774 2745 1829 alterum
2796 1783 2860 1823 ac
2907 1771 3224 1835 pereuntem
3271 1754 3539 1829 agnoscit,

268 1867 551 1939 πρηστὴρ.
578 1886 598 1919 ι
639 1843 878 1940 Δυνάμει
911 1843 1217 1942 γάρ-λέγει,
1255 1871 1337 1924 ὅτι
1461 1870 1574 1944 πῦρ
1609 1843 1741 1924 ύπδ⁷
1764 1870 1858 1925 τοῦ

1973 1878 2020 1925 at
2075 1843 2302 1925 externa
2360 1867 2539 1938 specie
2571 1876 2752 1928 tenus,
2801 1859 3007 1929 quique
3036 1856 3177 1910 alius
3226 1866 3333 1905 non
3385 1848 3457 1902 sit
3508 1860 3542 1900 a

268 1960 603 2027 διοικοῦντος
631 1963 806 2032 Λόγου
842 1964 936 2018 καὶ
978 1963 1113 2018 θεοῦ
1160 1964 1229 2019 τά
1272 1964 1562 2037 σύμπαντα
1601 1965 1668 2018 δι’
1700 1965 1861 2038 ἀέρος

267 2054 536 2125 τρέπεται
563 2057 642 2119 είς
671 2056 857 2129 ὑγρὸν,
881 2057 943 2112 τὸ
966 2059 1042 2122 ὡς
1064 2058 1282 2131 σπέρμα
1313 2059 1410 2131 τῆς
1429 2059 1858 2130 διακοσμήσεως,

268 2145 306 2200 δ
331 2147 488 2202 καλεῖ
512 2148 787 2204 θάλασσαν
809 2167 823 2182 θ
843 2152 908 2204 ὲκ
935 2150 991 2204 δὲ
1018 2150 1208 2205 τούτου
1232 2148 1388 2215 αὖθις
1406 2151 1613 2221 γίνεται
1636 2150 1863 2223 οὐρανὸς

275 2240 373 2295 καὶ
400 2239 492 2311 γῆ,
524 2241 617 2295 καὶ
641 2240 713 2295 τὰ
738 2243 1198 2316 ἐμπεριεχόμενα.
1230 2244 1421 2309 Ὅπως
1452 2243 1510 2296 δὲ
1539 2243 1701 2297 πάλιν
1731 2244 1863 2297 ἀνα-

276 2331 617 2404 λαμϐάνεται
643 2333 739 2387 καὶ
771 2333 1128 2407 ἐκπυροῦται,
1170 2335 1359 2406 σαφῶς
1389 2335 1477 2389 διά
1516 2335 1720 2389 τούτων
1767 2334 1865 2405 δη-

276 2422 364 2476 λοῖ
378 2439 392 2455 ο
416 2442 435 2475 ι
455 2422 716 2478 θάλασσα
739 2422 1033 2494 διαχέεται,
1060 2426 1154 2479 καὶ
1178 2424 1463 2498 μετρέεται
1489 2426 1568 2483 είς
1592 2424 1683 2478 τὸν
1703 2424 1867 2477 αὐτὸν

275 2514 458 2583 λόγον,
477 2515 653 2579 ὁκοῖος
676 2511 1037 2588 πρόσθενῆνῆ
1060 2515 1311 2585 γενέσθαι
1325 2516 1456 2587 (65).
1481 2535 1499 2567 ι
1527 2516 1758 2587 Ὁμοίως
1774 2516 1868 2570 καὶ

278 2605 535 2679 περὶτῶν
547 2605 722 2662 ἄλλων
744 2607 1023 2678 στοιχείων
1043 2606 1111 2660 τά
1137 2606 1296 2662 αύτά.
1309 2607 1677 2680 Παραπλήσια
1695 2608 1870 2679 τούτῳ

277 2697 378 2753 καὶ
400 2699 449 2751 οἱ
471 2697 893 2770 ἐλλογιμώτατοι
921 2698 1029 2751 τῶν
1041 2698 1295 2754 Στωϊκῶν
1315 2697 1717 2771 δογματίζουσι,
1743 2699 1871 2773 περί

276 2790 740 2862 τεὲκπυρώσεως
784 2790 1274 2861 διαλαμϐάνοντες,
1310 2792 1404 2844 καὶ
1438 2791 1644 2861 κόσμου
1668 2791 1874 2862 διοική-

283 2900 447 2948 σεως,
481 2883 577 2936 καὶ
601 2881 697 2937 τοῦ
730 2882 873 2947 ἰδίως
902 2880 1059 2937 ποιοῦ
1089 2882 1295 2953 κόσμου
1327 2899 1386 2935 τε
1414 2883 1508 2935 καὶ
1541 2880 1828 2953 ἀνθρώπου
1854 2923 1869 2949 ,

280 2976 380 3031 καὶ
420 2975 520 3046 τῆς
546 2975 655 3029 τῶν
689 2975 974 3047 ἡμετέρων
1003 2974 1191 3045 ψυχῶν
1219 2974 1593 3046 ὲπιδιαμονῆς.
1617 2974 1786 3027 Πάλιν
1814 2991 1873 3028 τε

279 3060 352 3121 αὖ
381 3066 411 3118 ό
448 3064 675 3119 Πλάτων
709 3066 767 3118 έν
800 3065 895 3136 μὲν
920 3063 998 3136 τῷ
1032 3063 1245 3135 ἑϐδόμῳ
1273 3065 1374 3135 τῆς
1414 3062 1743 3128 Πολιτείας,
1774 3062 1874 3133 τὴν

1962 1964 2164 2033 priore,
2201 1971 2345 2017 certa
2391 1960 2625 2032 quadam
2670 1965 2724 2011 et
2755 1952 2973 2025 propria
3021 1948 3233 2003 ratione
3274 1950 3539 2014 spectato.

1961 2055 2098 2111 Nam
2147 2057 2294 2126 quod
2330 2053 2722 2124 sempiternum
2755 2048 2907 2101 illum
2954 2046 3298 2115 agnosceret,
3348 2035 3443 2106 qui
3476 2048 3545 2126 ex

1964 2125 2219 2202 universa
2259 2159 2443 2199 rerum
2490 2151 2685 2197 natura
2721 2148 3001 2197 constans,
3034 2133 3139 2189 sibi
3184 2137 3444 2202 perpetuo
3472 2125 3550 2180 si-

1964 2239 2112 2295 milis
2140 2245 2378 2298 maneat,
2406 2235 2612 2290 diserte
2654 2231 2944 2302 proﬁtetur
2972 2227 3058 2281 bis
3093 2222 3278 2279 verbis
3308 2236 3324 2272 :
3361 2217 3552 2274 «Mun-

1964 2333 2093 2388 dum
2124 2331 2399 2396 eumdem,
2446 2328 2645 2399 inquit,
2702 2341 2886 2382 rerum
2932 2318 3345 2376 universitatem
3400 2327 3553 2369 com-

1967 2425 2209 2494 plexum,
2262 2420 2493 2476 deorum
2543 2417 2899 2474 hominumve
2941 2424 3104 2467 nemo
3135 2407 3419 2473 condidit;
3455 2404 3554 2461 sed

1971 2512 2073 2568 fuit
2122 2512 2288 2576 idem,
2323 2518 2427 2574 est,
2461 2508 2677 2579 eritque
2708 2520 2945 2576 semper,
3000 2501 3144 2572 ignis
3175 2499 3395 2570 quidam
3429 2512 3556 2567 per-

1969 2610 2133 2672 pctuo
2159 2600 2366 2662 vivens,
2393 2599 2597 2669 quique
2623 2596 2864 2652 vicissim
2895 2601 2951 2648 et
2976 2589 3293 2646 accenditur
3318 2587 3555 2651 modice,

1971 2704 2026 2750 et
2069 2692 2281 2748 modice
2312 2690 2730 2761 restinguitur.»
2777 2684 2931 2753 Quod
2969 2694 3151 2738 autem
3187 2681 3341 2735 illum
3376 2679 3557 2749 ipsum

1969 2796 2024 2842 et
2057 2787 2322 2856 genitum,
2348 2793 2404 2841 et
2421 2779 2756 2850 corruptioni
2779 2775 3079 2832 obnoxium
3104 2788 3226 2828 esse
3249 2770 3557 2836 tradiderit,

1971 2894 2039 2933 ex
2088 2878 2443 2948 sequentibus
2489 2872 2797 2943 intelligas:
2838 2889 2857 2921 ε
2902 2868 3044 2937 Sunt
3093 2867 3239 2922 enim
3270 2906 3286 2933 ,
3335 2864 3558 2934 inquit,

1973 2968 2115 3038 ignis
2165 2967 2553 3022 conversiones
2610 2962 2750 3025 istas,
2786 2969 2848 3015 ut
2895 2959 3132 3029 primum
3182 2972 3252 3011 ex
3300 2956 3409 3026 igni
3467 2953 3561 3013 tiat

1974 3074 2146 3127 mare,
2179 3069 2296 3115 tum
2324 3072 2451 3129 pars
2478 3054 2648 3110 maris
2690 3051 2915 3107 dimidia
2992 3049 3047 3103 in
3079 3061 3303 3111 terram,
3335 3043 3561 3099 dimidia

280 3156 746 3250 ὲνταῦθαὴμέραν
762 3157 1080 3250 νυκτερινὴν
1107 3158 1320 3229 ἡμέραν
1345 3155 1604 3226 κέκληκε,
1632 3153 1721 3209 διά
1747 3155 1874 3218 τοὺς

1976 3153 2030 3207 in
2065 3166 2315 3223 vaporem
2345 3152 2563 3221 igneum
2595 3147 2774 3202 abeat.
2813 3162 2832 3195 ι
2863 3141 2998 3197 Nam
3035 3141 3180 3211 quod
3207 3153 3301 3194 eas
3334 3150 3563 3192 conver-

282 3249 736 3328 κοσμοκράτορας
755 3289 770 3315 ,
800 3244 955 3320 οἶμαι
969 3290 985 3315 ,
1017 3249 1111 3303 τοῦ
1130 3250 1354 3313 σκότους
1373 3246 1561 3301 τούτου
1580 3264 1594 3280 ·
1637 3246 1804 3300 ὕπνον
1817 3245 1875 3301 δὲ
1902 3232 1946 3251 “⁴

283 3342 385 3401 καὶ
409 3340 636 3397 θάνατον
662 3342 763 3413 τὴν
785 3344 863 3405 είς
882 3341 1173 3414 σῶμαρδδν
1189 3342 1288 3413 τῆς
1308 3340 1487 3414 ψυχῆς
1502 3380 1517 3405 ,
1544 3340 1686 3395 κατά
1704 3338 1878 3393 ταύτά

283 3433 368 3507 τῷ
406 3433 760 3506 Ἡρακλείτῳ.
806 3434 918 3488 Καὶ
962 3433 1036 3505 μὴ
1071 3450 1125 3486 τι
1162 3434 1322 3487 τοῦτο
1354 3434 1447 3487 ἐπὶ
1478 3432 1572 3486 τοῦ
1627 3433 1879 3504 Σωτῆρος

288 3523 656 3598 προεθέσπιζε
708 3526 770 3580 τὸ
824 3526 1050 3598 Πνεῦμα
1080 3566 1095 3591 ,
1156 3525 1244 3580 διὰ
1297 3525 1390 3580 τοῦ
1461 3525 1627 3584 Δασὶδ
1683 3524 1876 3594 λέγον·

293 3636 314 3669 ι
340 3615 482 3686 Ἐγὼ
495 3616 815 3695 ὲκοιμήθην,
839 3618 934 3679 καὶ
954 3616 1180 3673 ῦπνωσα
1198 3635 1213 3650 ο
1238 3616 1562 3691 ἐξηγέρθην,
1580 3616 1880 3689 ὃτιΚύριος

287 3709 641 3782 ἀντιλήψεται
691 3727 791 3782 μου
810 3727 823 3746 ο
852 3730 870 3763 ι
904 3711 966 3765 ού
1006 3710 1116 3785 γὰρ
1145 3710 1246 3783 τὴν
1278 3711 1571 3766 ἀνάστασιν
1601 3710 1760 3782 μόνον
1784 3709 1880 3763 τοῦ

289 3803 546 3874 Σωτῆρος
572 3802 810 3874 Χριστοῦ
838 3801 898 3868 ἐξ
926 3801 1092 3856 ὕπνου
1120 3801 1369 3874 ἔγερσιν,
1400 3800 1535 3856 ἀλλά
1561 3802 1654 3856 καὶ
1677 3801 1778 3874 τὴν
1801 3801 1882 3865 είς

293 3894 476 3966 σάρκα
499 3894 724 3958 κάθοδον
749 3896 844 3949 τοῦ
876 3895 1105 3968 Κυρίου,
1140 3893 1306 3950 ῦπνον
1336 3894 1643 3968 ἀλληγορεῖ.
1674 3894 1884 3948 Αὐτίκα

290 3990 322 4042 ό
354 3988 517 4053 αὐτὸς
546 3988 738 4060 Σωτὴρ
769 3988 1096 4067 παρεγγυᾷ,
1132 3986 1461 4060 Γρηγορεῖτε
1481 4004 1495 4017 θ
1539 3981 1682 4048 οἷον,
1708 3985 1884 4040 Μελε-

290 4081 430 4142 τᾶτε
458 4081 578 4155 ζῇν,
607 4081 700 4135 καὶ
733 4079 987 4152 χωρίζειν
1019 4078 1120 4151 τὴν
1152 4077 1330 4150 ψυχὴν
1358 4079 1452 4134 τοῦ
1484 4077 1736 4150 σώματος
1766 4094 1887 4132 πει-

295 4173 488 4257 ρᾶσθε.
544 4174 655 4245 Τήν
688 4190 748 4227 τε
780 4171 1065 4251 Κυριακὴν
1099 4171 1312 4252 ἡμέραν
1356 4172 1415 4225 ὲν
1444 4169 1522 4240 τῷ
1553 4170 1764 4241 δεκάτῳ
1788 4170 1886 4242 τῆς

293 4267 614 4343 Πολιτείας
653 4268 683 4321 ὁ
728 4266 960 4321 Πλάτων
1012 4264 1099 4318 διὰ
1130 4264 1334 4318 τούτων
1377 4264 1883 4334 καταμαντεύεται·

250 4434 253 4435 ν
300 4379 321 4412 ι
359 4358 576 4430 Ἐπειδὴ
608 4357 666 4419 δὲ
699 4358 818 4421 τοῖς
841 4356 954 4428 (64)
986 4357 1045 4411 ὲν
1086 4354 1416 4435 τῷολειμῶνι
1453 4354 1704 4417 ἑκάστοις
1749 4352 1889 4407 ἑπτά

295 4451 507 4525 ἡμέραι
550 4450 791 4520 γένοιντο
810 4490 824 4514 ,
877 4449 1217 4513 ἀναστάντας
1248 4447 1496 4502 ἐντεῦθεν
1524 4447 1605 4502 δεῖ
1627 4448 1693 4519 τῇ
1728 4445 1888 4518 ὀγδόῃ

1977 3245 2158 3301 siones
2205 3249 2472 3314 potestate
2518 3240 2635 3295 ﬁeri
2678 3236 2816 3302 vult,
2848 3235 2918 3289 ab
2958 3248 3025 3288 eo
3072 3231 3233 3301 cujus
3262 3228 3317 3282 vi
3362 3237 3564 3283 cuncta

1976 3345 2243 3407 reguntur
2288 3333 2467 3396 Verbo
2511 3343 2676 3403 atque
2710 3331 2858 3396 Deo,
2911 3330 3089 3400 ignem
3129 3340 3226 3396 per
3275 3337 3456 3378 aerem
3508 3323 3564 3374 in

1981 3427 2271 3483 humidum
2296 3424 2544 3481 converti
2581 3423 2873 3495 signiﬁcat,
2909 3420 3055 3492 quod
3092 3418 3161 3473 ab
3186 3430 3254 3472 eo
3285 3428 3434 3469 mare
3464 3427 3567 3467 vo-

1979 3529 2167 3587 catur,
2233 3517 2525 3574 exterioris
2578 3516 2744 3587 hujus
2794 3523 3024 3569 ornatus
3073 3511 3349 3583 quoddam
3407 3508 3567 3578 quasi

1981 3620 2201 3677 semen,
2230 3599 2307 3665 ἐκ
2354 3624 2466 3679 quo
2513 3607 2712 3664 deinde
2769 3608 2972 3663 caelum
3023 3620 3089 3660 ac
3130 3613 3305 3665 terra,
3337 3614 3568 3671 quaeque

1982 3706 2271 3762 amborum
2300 3704 2425 3759 sinu
2462 3704 2810 3757 continentur
2831 3740 2846 3765 ,
2880 3700 3165 3755 exsistant.
3202 3694 3570 3762 Quemadmo-

1982 3797 2112 3853 dum
2126 3813 2254 3853 vero
2273 3795 2415 3852 idem
2432 3794 2535 3851 sibi
2549 3794 2825 3856 reddatur,
2841 3808 2905 3846 ac
2922 3804 3115 3845 rursus
3132 3789 3393 3857 ignescat,
3414 3786 3571 3853 plane

1984 3890 2181 3961 aperit,
2222 3888 2352 3944 dum
2387 3887 2460 3942 ita
2501 3885 2781 3957 subiungit
2812 3902 2825 3938 :
2862 3902 2881 3936 ι
2919 3882 3087 3947 Mare,
3124 3879 3323 3948 inquit,
3377 3875 3569 3929 eodem

1985 3997 2214 4053 prorsus
2242 3979 2427 4043 modo,
2458 3978 2761 4047 eodemque
2802 3972 3104 4029 mensionis
3142 3984 3336 4040 genere
3364 3966 3573 4021 diﬂ‘un-

1985 4074 2153 4135 ditur,
2180 4087 2291 4142 quo
2335 4070 2653 4141 priusquam
2708 4076 2852 4121 terra
2895 4064 3063 4118 ﬁeret.
3110 4079 3129 4112 ι
3184 4056 3341 4125 Quod
3391 4057 3570 4126 ipsum

1988 4168 2056 4223 de
2101 4167 2224 4221 aliis
2272 4163 2530 4220 similiter
2581 4156 2864 4214 elementis
2910 4151 3168 4221 intellige.
3218 4147 3358 4203 Huic
3391 4146 3571 4201 aIIinia

1992 4260 2261 4313 docentur
2305 4271 2335 4310 a
2387 4254 2700 4308 Stoicorum
2742 4243 3156 4305 eruditissimis,
3205 4254 3329 4296 cum
3367 4240 3435 4293 ab
3481 4240 3570 4303 iis,

1990 4352 2057 4407 de
2096 4346 2546 4418 conﬂagratione,
2574 4343 2641 4396 de
2670 4337 3064 4411 gubernatione
3111 4333 3322 4395 mundi,
3367 4331 3435 4385 de
3483 4344 3571 4397 eo,

1991 4442 2085 4512 qui
2116 4440 2236 4495 talis
2264 4437 2484 4510 proprie
2517 4437 2609 4500 sit,
2644 4431 2851 4487 mnndo
2880 4438 2934 4483 et
2960 4427 3213 4489 homine,
3248 4428 3421 4494 deque
3451 4423 3572 4476 ani-

297 4518 664 4615 πορεύεσθαι,
689 4541 782 4600 καὶ
810 4539 1152 4610 ἀφικνεῖσθαι
1178 4539 1552 4611 τεταρταίους.
1578 4557 1596 4589 ι
1630 4518 1874 4608 Λειμῶνα

1992 4549 2208 4591 morum
2241 4541 2548 4587 nostrorum
2582 4524 2965 4597 permansione
2997 4521 3327 4591 disputatur.
3361 4518 3574 4572 Rursus

301 4632 407 4704 μὲν
441 4626 535 4686 οὖν
561 4630 856 4685 ἀκουστέον
885 4631 984 4701 τὴν
1017 4629 1230 4701 ἀπλανῆ
1266 4629 1504 4699 σφαῖραν
1524 4667 1539 4692 ,
1574 4628 1650 4690 ὡς
1680 4627 1891 4698 ἥμερον

298 4723 502 4797 χωρίον
520 4764 536 4789 ,
566 4724 662 4776 καὶ
692 4722 960 4798 προσηνὲς
978 4762 993 4787 ,
1035 4722 1129 4775 καὶ⁹
1174 4720 1283 4774 τῶν
1314 4720 1476 4774 ὁσίων
1504 4718 1681 4791 χῶρον
1702 4735 1717 4753 ο
1751 4717 1891 4771 ἑπτά

298 4815 365 4870 δὲ
386 4816 620 4888 ἡμέρας,
648 4815 884 4886 ἑκάστην
907 4814 1119 4885 κίνησιν
1140 4812 1248 4867 τῶν
1272 4811 1432 4878 ἑπτά,
1465 4812 1563 4864 καὶ
1592 4812 1774 4864 πᾶσαν
1795 4809 1893 4881 τὴν

302 4905 637 4978 ὲργαστικὴν
656 4905 871 4976 τέχνην,
889 4906 969 4968 είς
984 4902 1135 4967 τέλος
1154 4900 1514 4964 ἀναπαύσεως
1536 4900 1889 4955 σπεύδουσαν.

317 4995 388 5049 Ἠ
412 4995 469 5050 δὲ
507 4994 644 5068 μετά
688 4997 816 5058 τοὺς
843 4993 1231 5066 πλανωμένους
1262 4990 1457 5061 πορεία
1482 4990 1576 5051 ἐπὶ
1607 4990 1697 5051 τὸν
1725 4990 1894 5062 οὐρα·-

302 5089 399 5142 νὸν
433 5088 578 5159 ἄγει,
607 5086 853 5148 τουτέστι
874 5085 972 5157 τὴν
1000 5084 1193 5156 ὀγδόην
1220 5082 1435 5154 κίνησίν
1458 5099 1519 5145 τε
1541 5082 1636 5137 καὶ
1658 5081 1892 5153 ἡμέραν.

304 5178 674 5252 Τεταρταίους
689 5178 747 5232 δὲ
765 5177 865 5241 τὰς
884 5175 1062 5247 ψυχὰς
1076 5175 1297 5230 ἀπιέναι
1315 5173 1485 5242 λέγει,
1502 5171 1675 5243 δηλῶν
1698 5170 1794 5242 τὴν
1808 5169 1896 5227 διὰ

299 5270 418 5326 τῶν
439 5270 720 5341 τεσσάρων
747 5268 1022 5340 στοιχείων
1045 5266 1291 5340 πορείαν.
1328 5263 1489 5318 Ἀλλά
1512 5265 1608 5317 καὶ
1635 5261 1733 5336 τὴν
1759 5261 1900 5325 €666-

392 5448 405 5480 ¹
443 5445 589 5503 Psal.
630 5463 714 5512 ιιι,
739 5447 793 5502 6.

387 5599 499 5671 (62)
559 5603 914 5672 Ἁπτόμενον
957 5598 1173 5671 μέτρῳ,
1216 5607 1327 5672 etc.
1378 5596 1919 5672 Hinc_Clemenlem-

310 5668 574 5726 emendes
604 5668 747 5736 licet,
774 5675 915 5743 apud
947 5668 1110 5743 quem
1137 5670 1334 5743 vitiose
1358 5668 1650 5743 admodum
1679 5669 1896 5737 legitur,

310 5742 625 5815 ἀπτόμενον
675 5738 878 5815 μέτρα,
907 5738 1003 5815 καὶ
1036 5738 1506 5808 ἀποσϐεννύμενον
1549 5739 1743 5815 μέτρα,
1778 5755 1901 5808 qua:

314 5809 481 5869 simili
514 5813 645 5869 vitio
674 5809 903 5869 reddidit
930 5814 1156 5880 interpr.
1209 5825 1481 5864 mensuras
1515 5809 1822 5875 attendens,
1846 5818 1895 5862 et

1990 4624 2144 4679 Plato
2175 4624 2310 4693 ipse,
2341 4617 2661 4690 Reipublicae
2678 4615 2932 4685 septimo,
2959 4620 3205 4667 nostrum
3234 4612 3379 4664 hunc
3406 4608 3573 4673 diem,

1993 4723 2343 4779 nocturnum,
2367 4712 2438 4766 ob
2467 4707 2659 4765 mundi
2677 4707 2971 4776 principes,
2995 4703 3210 4774 opinor,
3228 4701 3573 4756 tenebrarum

1995 4808 2232 4871 harum;
2283 4816 2538 4859 somnum
2588 4813 2719 4853 vero
2753 4805 2918 4865 atque
2969 4802 3223 4859 mortem,
3277 4790 3446 4847 animi
3477 4791 3577 4844 de-

1994 4913 2251 4957 scensum
2299 4897 2354 4951 in
2409 4909 2611 4965 corpus
2655 4890 2894 4954 vocavit,
2952 4886 3281 4941 Heraclitum
3331 4891 3573 4938 secutus.

1994 4992 2189 5050 Annon
2238 4990 2289 5045 id
2333 4987 2571 5060 Spiritus
2601 4970 2669 5040 de
2697 4985 2988 5039 Servatore
3014 4988 3205 5034 nostro
3232 4975 3450 5030 Davidis
3482 4988 3579 5029 ore

1995 5083 2266 5156 praedixit,
2297 5082 2383 5137 his
2420 5080 2602 5137 verbis
2627 5096 2640 5128 :
2662 5076 2825 5149 677
2853 5095 2871 5127 ι
2904 5074 3018 5144 Ego
3048 5069 3305 5133 dormivi,
3332 5079 3387 5123 et
3416 5082 3579 5138 sopo—

1995 5187 2149 5235 ratus
2180 5193 2301 5234 sum
2335 5195 2350 5245 ;
2383 5174 2691 5240 exsurrexi,
2724 5170 2985 5243 quoniam
3021 5164 3287 5221 Dominus
3320 5163 3580 5231 suscipiet

1998 5289 2085 5328 me
2108 5274 2149 5332 ¹.
2189 5291 2207 5324 ι
2243 5269 2354 5326 Nec
2384 5269 2531 5325 enim
2560 5267 2734 5322 solam
2757 5260 2963 5319 Christi
2997 5256 3303 5315 Servatoris
3333 5270 3579 5311 resurre-

1999 5599 2337 5669 ezstinguens
2371 5609 2672 5669 mensuras.

2069 5663 2194 5738 υςεῑ
2216 5663 2675 5738 ΟΙθηιηξίΙάΑοιγῆθ

2072 5723 2463 5862 (θόὲιξῖαέειδὴ
2507 5723 2770 5802 δὲ’έοῖς.
2814 5730 3005 5798 Plato,
3051 5728 3143 5785 lib.
3186 5744 3217 5784 ι
3265 5726 3337 5783 De
3374 5723 3552 5796 repub.

2001 5824 2123 5881 pag.
2335 5846 2351 5862 .
