4122 6418
607 361 745 416 1119

1247 360 1522 420 EUSEBII
1552 361 2038 418 CJESARIENSIS
2077 361 2230 418 OPP.
2271 361 2452 418 PARS
2490 362 2555 419 11.
2596 396 2668 405 -
2704 355 3210 420 APOLOGETICA.

3751 355 3898 410 “20

603 487 863 547 ctionem,
893 497 924 536 a
971 497 1168 536 somno
1195 483 1605 545 excitationem,
1637 480 1730 538 sed
1771 481 1938 536 etiam
1970 480 2164 535 Domin

2297 499 2404 553 μην
2436 481 2589 554 ἱερὰν
2617 480 2678 535 οὐ
2712 480 2872 551 μόνον
2903 480 2953 532 οἱ
2999 474 3244 548 Ἑδραῖοι
3268 513 3283 538 ,
3317 471 3452 527 ἀλλὰ
3483 471 3579 526 καὶ
3608 471 3658 524 oi
3687 470 3893 542 Ἕλλη.

602 577 657 632 in
690 591 911 630 carnem
948 578 1273 632 descensum
1308 575 1600 647 allegorice
1631 589 1884 630 somnum
1933 575 2184 645 appellat.

603 669 778 739 Atque
807 668 945 723 adeo
973 667 1231 724 Servator
1283 671 1398 737 ipse
1433 682 1530 722 nos
1566 676 1624 722 ut
1659 666 1952 738 vigilemus
1998 668 2190 721 admo-

2295 592 2385 638 νες
2417 575 2562 628 ῐσασι
2580 614 2596 637 ,
2631 573 2753 628 καθ’
2785 574 2850 644 ἢν
2883 573 2912 624 ὀ
2941 574 3050 634 πᾶς
3076 580 3279 641 κοσμος
3307 567 3586 620 κυκλεῖται
3611 563 3721 619 τῶν
3751 564 3892 629 ζωο-

2293 667 2637 738 γονουμένων
2663 667 2755 719 καὶ
2780 664 3068 735 φυομένων
3085 664 3360 717 ἁπάντων.
3404 657 3644 721 Ἠσίοδος
3669 657 3769 728 μὲν
3789 649 3892 712 οὖν

602 773 713 828 net,
760 762 865 817 hoc
912 771 1020 826 est,
1073 772 1134 817 ut
1180 763 1246 817 de
1297 764 1408 817 vita
1455 771 1602 817 recte
1658 761 1991 817 instituenda
2039 761 2164 816 serit

2292 761 2435 814 οὕτω
2463 762 2592 833 περὶ
2619 760 2787 828 αὐτῆς
2810 759 2957 828 λέγει
2979 775 2994 790 ο

600 859 928 927 cogitemus,
986 860 1340 928 animumque
1389 867 1641 913 nostrum
1689 873 1720 912 a
1772 859 2016 928 corporis
2086 857 2370 928 complexu
2430 857 2748 912 abstrahere
2821 869 3101 908 conemur.
3150 851 3321 907 Porro
3375 846 3521 902 diem
3565 844 3729 900 etiam
3768 843 3884 899 Do-

601 955 885 1018 minicum,
943 954 1163 1024 Reipub.
1216 955 1460 1023 decimo,
1496 954 1581 1009 bis
1643 955 1819 1010 verbis
1871 954 2197 1009 vaticinatur
2260 952 2444 1017 Plato,
2517 971 2536 1004 ι
2569 950 2864 1018 Postquam
2909 963 2975 1003 eo
3019 950 3073 1002 in
3105 954 3258 1019 prato
3293 942 3494 1015 singuli
3525 940 3642 996 dies
3673 949 3884 1010 septem

599 1054 972 1118 constiterint,
1007 1063 1205 1109 octavo
1229 1055 1450 1108 demum
1512 1053 1641 1108 inde
1694 1053 1969 1123 proﬁcisci
2004 1059 2238 1122 oportet,
2277 1066 2451 1121 eoque
2501 1049 2776 1120 quatridui
2810 1048 3002 1102 itinere
3035 1047 3339 1118 pervenire.
3390 1063 3410 1096 ι
3451 1039 3720 1110 Equidem
3751 1055 3883 1109 pra-

601 1165 717 1210 tum
755 1151 908 1215 illnd,
944 1153 1211 1222 sphaeram
1242 1151 1492 1206 stabilem
1529 1159 1584 1206 et
1642 1151 1924 1207 immotam
1970 1151 2199 1220 accipio,
2242 1151 2336 1220 qui
2393 1151 2546 1205 locus
2598 1156 2678 1204 est
2715 1147 2899 1203 suavis
2951 1147 3242 1201 admodum
3279 1152 3333 1199 et
3357 1138 3622 1212 placidus,
3652 1148 3881 1193 sancto-

598 1262 834 1316 rumque
856 1248 1054 1304 sedes:
1090 1258 1144 1302 at
1171 1248 1262 1302 illo
1288 1247 1501 1302 dierum
1553 1247 1883 1318 septenario,
1940 1246 2184 1314 singulos
2247 1256 2452 1316 septem
2510 1243 2848 1314 planetarum
2906 1250 3109 1304 motus,
3158 1249 3323 1308 atque
3355 1253 3574 1293 omnem
3606 1232 3879 1290 eﬂiciendi

599 1355 770 1399 artem
802 1345 1066 1416 intelligo,
1121 1361 1244 1417 qua:
1285 1345 1352 1400 ad
1381 1345 1640 1416 requietis
1687 1345 1850 1400 linem
1903 1345 2182 1400 contendit
2217 1359 2281 1398 ac
2326 1349 2598 1413 properat.
2647 1338 2804 1407 Quod
2858 1348 3038 1393 autem
3091 1345 3214 1407 post
3259 1344 3508 1390 errantes
3556 1332 3681 1386 illos
3712 1328 3879 1384 orbes

599 1444 706 1492 iter
734 1440 1053 1508 suscipitur,
1089 1449 1235 1494 recta
1275 1441 1524 1510 perducit
1568 1441 1622 1496 in
1673 1441 1893 1504 caelum,
1962 1440 2010 1496 is
2060 1441 2202 1494 enim
2243 1447 2468 1493 octavus
2519 1445 2603 1492 est
2649 1445 2831 1491 motus
2881 1443 3043 1505 atque
3065 1433 3200 1488 dies.
3227 1430 3469 1500 Denique
3497 1428 3711 1482 animos
3738 1439 3876 1494 qua-

596 1530 789 1586 triduo
825 1531 1101 1600 prolicisci
1143 1531 1276 1587 dum
1317 1533 1414 1599 ait,
1449 1533 1552 1586 iter
1584 1533 1738 1600 illud,
1769 1534 1915 1602 quod
1959 1549 2056 1604 per
2105 1539 2344 1602 quatuor
2391 1531 2656 1586 elementa
2701 1527 3010 1590 conﬁcitur,
3069 1525 3328 1579 declarat.
3387 1522 3691 1591 Septimum
3723 1531 3870 1586 quo-

596 1637 705 1690 que
728 1619 870 1675 diem
901 1636 1116 1676 sacrum
1141 1637 1287 1688 esse,
1319 1638 1428 1678 non
1470 1621 1678 1679 Hebraei
1703 1625 1900 1691 modo,
1926 1640 2113 1680 verum
2133 1625 2296 1679 etiam
2339 1621 2512 1678 Graeci
2547 1629 2868 1690 agnoscunt,
2917 1617 3077 1687 cujus
3110 1613 3469 1670 conversione
3505 1610 3873 1666 animantium

600 1720 852 1776 omnium
904 1729 1070 1790 atque
1114 1720 1426 1791 plantarum
1480 1721 1811 1778 universitas
1853 1723 2182 1778 continetur.
2221 1720 2410 1788 Quode
2441 1716 2712 1772 Hesiodus
2775 1716 2850 1769 ita
2879 1714 3098 1780 cecinit,

598 1832 766 1888 Luna
793 1833 967 1903 prima
989 1833 1123 1902 dies,
1152 1841 1266 1887 tum
1288 1843 1482 1903 quarta
1505 1845 1557 1890 et
1591 1837 1836 1906 septima,
1861 1854 2016 1893 sacra
2038 1847 2135 1893 est.

537 1963 545 1968 -
594 1923 852 1994 Idemque
879 1942 894 1978 :
1251 1932 1257 1938 '

597 2015 836 2087 Septima
849 2018 1068 2090 jamque
1095 2021 1228 2087 dies,
1254 2019 1368 2076 (arti
1391 2021 1488 2075 tua:
1509 2021 1740 2075 candida
1760 2019 1911 2076 solis.

595 2108 664 2162 Et
693 2108 1001 2166 Homerus:

597 2199 835 2270 Septima
856 2218 1013 2256 sacra
1032 2203 1145 2258 dies
1168 2213 1401 2258 reserato
1425 2203 1680 2258 iunxerat
1703 2203 1838 2259 orbi.

591 2290 682 2348 Et:

594 2382 835 2450 Sentima
859 2401 1012 2439 sacra
1035 2385 1160 2455 fuit.

592 2475 662 2531 Et
686 2494 881 2533 rursus
919 2496 934 2532 :

592 2565 828 2636 Septima
855 2567 950 2620 tua:
973 2567 1180 2633 aderat,
1209 2585 1314 2638 qua
1337 2579 1530 2624 cuncta
1553 2582 1741 2628 exacta
1763 2574 1927 2643 fuere.

591 2658 770 2727 Atque
794 2659 990 2712 iterum
1016 2676 1031 2713 :

590 2748 829 2820 Septima
856 2751 944 2804 ubi
965 2759 1084 2804 orta
1108 2751 1240 2818 dies,
1266 2751 1578 2808 Acherontis
1604 2753 1855 2825 liquimus
1876 2759 2066 2812 undas.

590 2841 804 2908 Quibus
844 2842 1047 2898 accinit
1072 2841 1446 2900 Callimachus
1475 2857 1656 2916 poeta,

588 2933 827 3004 Septima
840 2935 1061 3006 jamque
1081 2936 1216 3004 dies,
1241 2953 1348 3007 qua
1369 2950 1560 2993 cuncta
1592 2951 1802 3008 exacta,
1829 2941 2065 2995 rubebat.

587 3023 852 3094 Itemque.

593 3114 784 3169 Omine
809 3115 935 3170 lwta
957 3115 1068 3172 dies
1091 3125 1171 3172 est
1202 3119 1451 3188 septima,
1476 3121 1702 3190 septima
1727 3137 1922 3176 rerum.

583 3205 753 3276 678
774 3203 879 3259 Ειε

590 3294 775 3360 Ortus,
797 3305 847 3350 et
866 3297 1091 3353 eximias
1123 3299 1262 3353 inter
1282 3299 1515 3369 perfecta
1536 3311 1802 3357 coruscat.

587 3385 683 3440 Et:

591 3477 784 3550 Omnia
808 3479 1012 3533 sidereo
1039 3489 1256 3548 septena
1283 3483 1529 3534 videntur
1557 3482 1612 3535 in
1640 3483 1782 3550 orbe,

586 3549 822 3602 Motibus
852 3559 900 3602 et
929 3551 1157 3620 propriis
1186 3562 1354 3606 certas
1382 3554 1659 3606 volvuntur
1687 3557 1741 3608 in
1765 3572 1954 3611 annos.

585 3651 760 3718 Quam
812 3654 977 3719 diem,
1009 3657 1084 3710 uti
1130 3659 1487 3722 sanctiorem,
1527 3659 1658 3728 ipsa:
1687 3677 1907 3732 quoque
1952 3665 2170 3724 Solonis

583 3747 771 3816 elegia:
803 3748 1000 3803 mirum
1035 3750 1089 3804 in
1119 3752 1337 3805 modum
1369 3750 1687 3821 praedicant.
1709 3753 1848 3822 Quid
1871 3761 2170 3828 praeterea?

583 3836 774 3894 Nonne
794 3840 965 3896 sacris
991 3843 1182 3896 litteris
1210 3855 1592 3914 congruenter,
1619 3847 1711 3903 ubi
1743 3849 1857 3905 haec
1887 3851 2168 3924 improbo-

585 3947 707 3985 rum
735 3947 838 3986 vox
869 3942 952 3988 est
978 3952 992 3988 :
1021 3953 1041 3986 ι
1079 3933 1358 3992 Tollamus
1379 3938 1590 4008 justum
1620 3956 1651 3995 a
1679 3943 1863 4011 nobis,
1900 3947 2166 4015 quoniam

590 4022 855 4079 molestus
911 4024 1070 4081 nobis
1125 4029 1287 4092 est';
1334 4047 1353 4081 ›
1407 4027 1562 4087 Plato
1609 4034 1903 4091 salutarem
1963 4035 2165 4094 Christi

581 4114 1046 4184 dispensationem
1080 4126 1290 4172 tantum
1322 4136 1429 4176 non
1460 4127 1854 4192 prtenuntians,
1889 4129 1962 4182 ita
1993 4130 2168 4200 loqui-

582 4215 672 4260 tnr
701 4207 941 4262 secundo
978 4207 1053 4262 De
1088 4210 1355 4279 republica
1383 4229 1402 4266 :
1443 4230 1462 4264 ι
1485 4211 1665 4280 Justo,
1700 4217 1911 4286 inquit,
1940 4220 2038 4283 illi,
2072 4222 2165 4291 qui

581 4300 664 4354 sic
711 4301 897 4354 animo
944 4315 1295 4373 comparatus
1345 4306 1490 4374 erit,
1520 4309 1743 4364 verbera
1795 4311 2163 4381 imponentur,

581 4389 896 4460 injicientur
927 4395 1165 4460 vincula,
1201 4397 1345 4452 oculi
1376 4409 1658 4454 eruentur.
1707 4400 1850 4457 Ideni
1890 4414 2168 4471 postremo

580 4480 698 4536 haec
723 4483 904 4538 omnia
939 4501 1249 4556 perpessus,
1277 4499 1467 4559 agetur
1490 4492 1543 4544 in
1569 4508 1807 4548 crucem.
1826 4495 2167 4556 iSocraticus

579 4574 741 4629 etiam
765 4577 1118 4634 Antislhenes
1144 4581 1291 4636 illam
1324 4584 1603 4653 propheta
1629 4602 1816 4643 vocem
1851 4605 1865 4644 :
1904 4608 1923 4640 ι
1947 4590 2047 4645 Cui
2081 4608 2167 4648 me

579 4668 1026 4725 assimilavistis?
1063 4672 1195 4728 dicit
1234 4672 1557 4741 Dominus”,
1611 4697 1630 4729 ι
1665 4683 1985 4750 paraphrasi
2030 4699 2166 4754 qua-

2285 1832 2528 1902 Πρῶτον
2551 1831 2662 1901 ἕνη
2683 1870 2698 1895 ,
2729 1828 2937 1898 τετράς
2964 1844 3028 1882 τε
3065 1825 3165 1880 καὶ
3194 1824 3436 1896 ἑϐδόμη,
3471 1821 3634 1892 ἱερὸν

2289 1927 2395 1982 Καὶ
2423 1924 2586 1977 πάλιν
2605 1939 2621 1955 ⁶

2210 2051 2254 2107 Β
2296 2012 2615 2084 Ἑϐδομὰτη
2643 2013 2695 2066 δ’
2728 2007 2901 2079 αὖθις
2927 2008 3205 2081 λαμπρόν
3232 2006 3386 2078 φάος
3411 2006 3659 2075 ἠελίοιο.

2280 2109 2392 2163 Καὶ
2427 2106 2577 2178 Ὃμη
2587 2124 2677 2178 ρος
2692 2122 2705 2133 ’

2291 2199 2619 2269 Ἐὅδομοὶτη
2643 2198 2697 2252 δ’
2726 2196 2942 2267 ἤπειτα
2965 2194 3330 2265 κατήλυθεν,
3364 2190 3526 2262 ιερὸν

2279 2293 2408 2350 Καί·

2289 2382 2537 2451 Ἑϐδόμη
2577 2377 2657 2453 ἦν
2690 2379 2841 2450 ἱερή.

2277 2476 2391 2530 Καὶ
2419 2473 2580 2528 πάλιν
2599 2489 2612 2502 ·

2279 2563 2578 2632 Ἕϐδομον
2599 2558 2755 2634 ἦμαρ
2782 2559 2922 2630 ἔην,
2961 2557 3060 2614 καὶ
3105 2555 3192 2624 τῷ
3216 2555 3536 2612 τετέλεστο
3569 2556 3833 2613 ἅπαντα.

2278 2655 2388 2708 Καὶ
2414 2649 2572 2716 αὖθις
2594 2670 2607 2683 ·

2286 2744 2614 2816 Ἐϐδομάτῃ
2647 2742 2721 2810 δή
2754 2745 2810 2798 οἱ
2842 2743 3099 2812 λίπομεν
3122 2742 3275 2809 ῥόον
3299 2741 3368 2806 ἐξ
3410 2739 3770 2810 Ἀχέροντος.

2276 2840 2383 2893 Ναὶ
2415 2840 2520 2910 μὴν
2546 2839 2639 2892 καὶ
2674 2835 3028 2908 Καλλίμαχος
3057 2833 3170 2902 (65)
3203 2837 3232 2887 ὁ
3261 2834 3492 2905 ποιητὴς
3524 2835 3761 2905 γράφει·

2285 2930 2606 3001 Ἑϐδομὰτη
2638 2930 2706 2984 δὲ
2735 2931 2866 2998 ἐην,
2893 2929 2993 2984 καὶ
3025 2931 3079 2982 οι
3108 2927 3387 2981 ἐτέτυκτο
3418 2927 3676 2982 ἅπαντα.

2273 3025 2386 3078 Καὶ
2419 3024 2579 3078 πάλιν
2601 3042 2614 3054 ·

2287 3115 2532 3186 Ἑϐδόμη
2567 3119 2660 3172 εἰν
2692 3115 2968 3188 ἀγαθοῖς,
3000 3115 3099 3169 καὶ
3130 3114 3349 3186 ἑϐδόμη
3384 3113 3519 3168 ἐστι
3552 3113 3830 3182 γενέθλη.

2274 3205 2385 3259 Καί
2403 3222 2416 3236 ’

2285 3296 2533 3368 Ἑϐδόμη
2557 3298 2628 3352 ἐν
2654 3297 2958 3368 πρώτοισι,
2989 3296 3090 3352 καὶ
3119 3295 3338 3366 ἑϐδόμη
3372 3296 3505 3350 ἐστὶ
3537 3295 3757 3350 τελεία.

2201 3399 2244 3458 c
2279 3390 2420 3444 Καί·

2285 3483 2490 3557 ἙπτὰΔ
2509 3481 2578 3536 δὲ
2607 3481 2816 3536 πάντα
2844 3481 3089 3557 τέτυκτο
3126 3481 3196 3534 ἐν
3225 3479 3460 3557 οὐρανῷ
3493 3479 3866 3557 ἀστερόεντι,

2285 3555 2389 3607 Ἐν
2420 3553 2700 3608 κύκλοισι
2740 3551 2984 3621 φανέντ’
3026 3551 3514 3621 ἐπιτελλομένοις
3544 3550 3864 3614 ἐνιαυτοῖς.

2285 3663 2444 3718 Ἀλλὰ
2469 3664 2563 3718 καὶ
2591 3665 2648 3717 αἱ
2677 3664 2912 3727 Σόλωνος
2943 3662 3226 3734 Ἐλεγεῖαι
3245 3661 3354 3734 (66)
3374 3663 3579 3734 σφόδρα
3593 3661 3692 3732 τὴν
3716 3660 3869 3714 ἑϐδο-

2273 3757 2415 3827 μάδα
2447 3754 2807 3819 ὲκθειὰζουσι.
2838 3755 2918 3808 Τὰ
2939 3755 2994 3808 δὲ
3017 3756 3136 3826 οὐχὶ
3162 3755 3518 3827 παραπλήσια
3538 3757 3604 3824 τῇ
3627 3753 3868 3825 λεγούσῃ

2270 3848 2460 3920 Γραφῇ
2483 3864 2496 3913 ;
2533 3866 2551 3898 ι
2581 3849 2839 3919 Ἀρωμεν
2864 3848 2956 3916 ἀφ’
2984 3847 3141 3918 ἡμῶν
3159 3847 3250 3900 τὸν
3271 3847 3497 3910 δίκαιον,
3523 3847 3604 3900 ὅτι
3625 3846 3866 3916 δύσχρη-

2273 3957 2396 4004 στος
2424 3941 2555 4012 ἡμῖν
2581 3942 2747 3994 ἐστιν.
2774 3959 2791 3991 ι
2837 3941 2893 3994 '0
2922 3940 3164 4004 Πλάτων,
3191 3939 3475 4010 μονονουχὶ
3502 3939 3865 4009 προφητεύων

2269 4031 2367 4100 τὴν
2405 4032 2671 4102 σωτήριον
2702 4031 3044 4103 οἰκονομίαν,
3083 4033 3140 4084 ὲν
3171 4030 3250 4102 τῷ
3281 4031 3519 4102 δευτέρῳ
3551 4031 3651 4101 τῆς
3686 4033 3857 4083 Πολι-

2269 4121 2431 4185 τείας
2465 4119 2607 4173 οὕτω
2647 4121 2842 4192 φησίν·
2904 4141 2921 4171 ι
2949 4120 3106 4174 Οὕτω
3145 4121 3203 4172 δὲ
3245 4121 3590 4191 διακείμενος
3625 4119 3862 4182 δίκαιος,

2264 4211 2704 4283 μαστιγώσεται,
2733 4213 3042 4286 δεδήσεται,
3074 4215 3436 4284 ὲκκοπήσεται
3465 4210 3543 4264 τὼ
3571 4210 3860 4281 ὀφθαλμὼ,

2268 4304 2533 4360 τελευτῶν
2563 4305 2742 4360 πάντα
2772 4306 2916 4359 κακὰ
2949 4305 3158 4370 παθὼν,
3187 4304 3820 4376 ἀνασκινδυλευθήσεται.
3838 4323 3856 4353 ι

2270 4397 2339 4452 Ὀ
2361 4415 2418 4451 τε
2444 4398 2791 4470 Σωκρατικὸς
2825 4398 3184 4469 Ἀντισθένης,
3209 4397 3586 4470 παραφράζων
3605 4396 3704 4467 τὴν
3725 4413 3864 4467 προ-

2269 4491 2503 4561 φητικὴν
2532 4491 2748 4562 ἐκείνην
2779 4493 3015 4563 γραφήν·
3048 4511 3065 4541 ι
3092 4491 3210 4545 Τίνι
3239 4509 3305 4562 με
3330 4489 3650 4561 ὡμοιώσατε
3671 4507 3685 4555 ;
3709 4489 3863 4558 λέγει

2269 4581 2492 4652 Κύριος,
2519 4602 2537 4634 ι
2569 4582 2702 4636 Θεὸν
2733 4583 2910 4636 οὐδενὶ
2960 4581 3196 4636 ἐοικέναι
3247 4582 3410 4652 φησι·
3469 4581 3658 4653 διόπερ
3694 4580 3864 4633 αὐτὸν

2268 4670 2442 4734 οὐδεὶς
2483 4671 2744 4741 ἐκμαθεῖν
2779 4671 2839 4736 ἐξ
2879 4671 3086 4734 εἰκόνος
3115 4670 3361 4724 δύναται.
3382 4670 3462 4723 Τὰ
3492 4670 3548 4723 δὲ
3570 4671 3735 4740 ὃμοια
3762 4671 3862 4723 καὶ

578 4759 705 4814 dam
757 4763 1074 4832 explicans,
1137 4764 1304 4821 Deum
1347 4768 1553 4824 nemini
1607 4772 1844 4828 similem
1890 4791 2012 4831 esse
2051 4777 2160 4846 ait,

2270 4760 2513 4833 Ξενοφῶν
2540 4763 2652 4834 (67)
2679 4765 2709 4818 ὁ
2742 4763 3021 4835 Ἀθηναῖος
3047 4762 3189 4817 κατὰ
3213 4762 3357 4830 λέξιν
3379 4761 3560 4832 λέγει’
3594 4781 3611 4812 ι
3634 4763 3693 4815 Ὀ
3721 4762 3860 4830 γοῦν

653 4897 668 4927 ²
698 4894 826 4967 Sap.
859 4913 920 4965 ιι,
953 4899 1040 4953 12.
1151 4902 1171 4932 ⁸
1199 4900 1303 4956 lsa.
1333 4919 1424 4968 XL,
1447 4904 1539 4959 25.

797 5014 1207 5084 Καλλίμαχος.
1260 5017 1460 5090 Supra,
1508 5018 1648 5075 Lino
1685 5021 2028 5078 tribuebatur
2071 5023 2160 5080 hic

576 5097 1067 5227 Ῡρὶἓὲῗέόλωνος
1103 5158 1390 5227 Ἐλεγεῖαι.
1419 5161 1518 5215 Adi
1552 5161 1803 5216 eumdem
1823 5163 2156 5219 Clementem

575 5225 672 5306 lib.
702 5241 778 5305 vi,
813 5242 933 5296 pag.
976 5228 1082 5281 494
1105 5270 1119 5295 ,
1152 5225 1278 5306 ubi,
1323 5233 1616 5306 septenarii
1651 5235 1863 5306 numeri
1901 5237 2158 5306 mysteria

577 5297 800 5378 uberius
827 5300 1284 5378 persequensqi‘e
1319 5297 1517 5378 Solone
1545 5305 1637 5378 sic
1655 5305 1935 5378 loquitur:
1959 5297 2071 5378 Τάς
2099 5323 2160 5360 τε

574 5367 684 5418 τῶν
714 5367 956 5436 ἡλιακῶν
994 5370 1334 5453 μεταβολὰς,
1363 5373 1504 5454 κατὰ
1552 5367 1820 5445 ἑϐδομαδα
1850 5367 2154 5444 γίγνεσθαι,

575 5435 812 5498 Σόλωνος
833 5439 890 5490 αἱ
931 5439 1210 5498 Ἐλεγειαι
1238 5443 1509 5498 δηλουσιν.
1541 5438 1641 5497 ῶδέ
1673 5463 1787 5498 πως
1824 5465 1836 5498 :

575 5459 812 5500 μλΛωνος
833 5459 890 5490 αι
942 5459 1210 5510 busy-stat
1238 5459 1509 5512 οηΑουσιν,
1541 5459 1641 5497 ωοε
1673 5463 1787 5508 πως
1824 5465 1836 5500 :

574 5505 727 5583 Παῖς
745 5507 862 5576 μὲν
885 5507 1102 5583 ᾅνηϐος
1134 5511 1250 5565 ἐὼν
1277 5513 1364 5566 ἔτι
1390 5515 1629 5581 νήπιος,
1661 5515 1836 5583 ἕρκος
1861 5517 2122 5570 ὀδόντων

648 5578 875 5650 euq“,
898 5580 1180 5650 ἐκϐάλλει
1213 5578 1460 5650 πρῶτον
1480 5586 1551 5639 ἐν
1582 5578 1708 5640 ἓπθ
1729 5578 1949 5640 ἔτεσιν·

583 5645 728 5714 Τοὺς
754 5646 805 5701 δ’
831 5649 1094 5719 ἐτέρους,
1133 5651 1231 5706 ὅτε
1251 5645 1336 5722 ’δὴ
1379 5655 1597 5724 τελέσῃ
1638 5656 1773 5723 θεὸς
1799 5657 1927 5746 ἕπτ’
1955 5657 2155 5746 esi-Lav—

651 5785 830 5857 Ἦσης
854 5789 1121 5858 ἐκφαίνει
1147 5793 1459 5865 σπέρματα
1488 5797 1825 5866 γινομένης,
1861 5727 2084 5853 egw“

2338 5024 2449 5096 (67)
2475 5024 2776 5096 Ξενοφῶν.
2827 5025 2952 5083 Haec
2996 5027 3216 5099 totidem
3265 5029 3457 5099 verbis
3487 5029 3630 5099 apud
3669 5028 3859 5083 Xeno-

2266 5096 2524 5166 phontem
2567 5113 2675 5150 non
2736 5099 2970 5166 reperio.
3023 5097 3118 5152 Est
3168 5110 3345 5153 tamen
3403 5096 3739 5152 Meniurabii.
3777 5116 3853 5164 iv,

2267 5183 2386 5235 pag.
2416 5167 2540 5231 802,
2579 5168 2735 5222 locus
2771 5168 2898 5223 huic
2930 5168 3223 5224 admodum
3265 5168 3470 5224 amnis:
3519 5171 3578 5222 Ὀ
3607 5169 3697 5222 τὸν
3727 5169 3856 5224 ὅλον

2264 5237 2500 5310 κόσμον,
2542 5238 2755 5306 inquit,
2793 5239 3099 5292 συντάττων
3148 5257 3237 5304 τε,
3286 5240 3382 5292 καὶ
3431 5240 3668 5310 συνέχων
3711 5278 3724 5291 .
3773 5281 3787 5293 .
3835 5281 3852 5294 .

2260 5303 2414 5388 οὗτος
2447 5307 2516 5360 τὰ
2541 5303 2777 5394 μέγιστα
2809 5310 2908 5394 μὲν
2939 5303 3592 5394 πράττωνιέὸρᾶεταιζιτόδξ
3620 5310 3678 5362 δὲ
3707 5313 3858 5394 circa:

2261 5378 2478 5463 νομῶν,
2529 5378 2758 5449 ἀόρατος
2807 5378 2938 5449 ἡμῖν
2983 5378 3149 5432 ἐστιν.
3189 5378 3387 5433 Ἐννόει
3427 5381 3520 5443 δὲ,
3566 5381 3648 5433 ὅτι
3698 5381 3792 5433 καὶ
3824 5383 3856 5434 ὁ

2263 5465 2396 5524 πτας-ι
2416 5449 2666 5524 ⁸φανερὸς
2697 5449 2870 5524 δοκῶν
2899 5445 3036 5524 εἶναι
3073 5451 3222 5524 ἥλιος
3242 5491 3256 5511 ,
3285 5453 3399 5524 oux,
3419 5451 3705 5524 ἐπιτρέπει
3739 5453 3854 5517 τοῖς

2258 5517 2789 5592 ᾀνϐριῖζποιςεαυτὸν
2830 5521 3072 5592 ἀκριϐῶς
3098 5517 3260 5592 ’ὁρᾷψ
3289 5521 3406 5575 ἀλλ’
3438 5524 3532 5577 ἐάν
3551 5517 3646 5586 ’τις
3683 5524 3852 5576 αὑτὸν

2257 5576 2738 5666 ᾁναξδῶςιὲγχειρῇ
2763 5576 3016 5666 Δθεὲἰσδςιι,
3051 5576 3155 5662 τὴν
3179 5576 3300 5662 ὄψιν
3334 5576 3670 5666 ἀφαιρεῖται.
3703 5591 3846 5646 Tum

2255 5661 2324 5713 de
2360 5659 2613 5726 fulmine,
2633 5659 2830 5732 ventis,
2858 5663 3063 5726 animo,
3095 5659 3233 5731 quae
3250 5678 3345 5732 per
3371 5659 3492 5719 sese
3515 5664 3685 5717 videri
3715 5679 3848 5719 cum

2258 5739 2564 5800 nequeant,
2601 5730 2952 5786 admirabiles
3001 5730 3182 5786 tamen
3211 5730 3436 5789 effectus
3481 5733 3680 5788 virium
3712 5747 3848 5792 sua.-

2256 5818 2378 5857 rum
2405 5800 2614 5857 indices
2639 5816 2703 5856 ac
2738 5810 2905 5856 testes
2939 5802 3274 5873 relinquunt.
