4122 6410
312 340 451 394 ΗΞῦ

379 453 509 518 Νὺξ
536 453 883 522 αἰολόχρως,
902 453 1153 524 κᾶκριτός
1185 457 1233 508 τ’
1267 455 1504 524 ἄστρων

386 527 603 592 Ὀχλος
632 523 965 592 ἐνδελεχῶς
992 523 1398 595 ἀμφιχορεύειζ

1510 336 1829 392 PREPAB.
1873 333 2125 390 EVANG.
2169 334 2295 389 LIB.
2338 333 2475 388 XIII.

1915 462 1966 520 Α
2065 455 2135 508 Ει
2171 455 2516 516 multicolor;
2551 471 2802 524 quemque
2840 464 3110 510 astrorum

3441 336 3581 394 1126

2077 526 2187 592 Vis,
2223 544 2326 580 non
2362 541 2466 578 uno
2497 526 2692 578 lumine
2725 526 2954 595 fulgens,

2064 596 2276 651 Circum
2302 596 2519 649 assiduo
2547 596 2774 648 volvitur
2794 596 2936 649 orbe.

327 679 589 735 Ἐνταῦθα
635 683 744 755 γὰρ
797 681 887 736 τὸν
940 681 1037 753 μὲν
1089 680 1357 751 αὐτοφυῆ,
1414 679 1506 734 τὸν
1563 681 1891 752 δημιουργὸν

2014 688 2095 744 Ῐίἱο
2124 690 2269 744 enim
2299 704 2366 743 ex
2401 703 2524 743 sese
2568 697 2772 752 ortum,
2809 687 3071 743 artiﬁcem
3117 689 3448 744 intellectum
3479 705 3580 744 vo-

313 773 436 828 νοῦν
469 774 690 846 εἴρηκεο
725 776 797 830 τὰ
827 776 871 830 δ’
921 775 1046 846 ἑξῆς
1090 776 1181 828 ἐπὶ
1221 773 1315 828 τοῦ
1361 774 1566 844 κόσμου
1611 776 1890 838 τάσσεται,

313 869 370 920 ὲν
401 861 446 934 ᾧ
475 869 568 922 καὶ
597 869 652 921 αἰ
695 869 1068 940 ἐναντιότητες
1098 869 1273 938 φωτός
1305 885 1363 920 τε
1409 869 1503 920 καὶ
1548 869 1792 932 σκότους.
1824 868 1892 922 Ὅ

313 977 374 1013 τε
408 961 752 1032 Εὐφορίωνος
789 960 900 1032 (82)
933 960 1217 1032 Αἰσχύλος,
1249 962 1341 1014 ἐπὶ
1376 960 1470 1014 τοῦ
1510 960 1644 1014 Θεοῦ
1683 963 1896 1032 σεμνῶς

317 1051 522 1125 σφόδρα
549 1052 702 1124 φησί·

315 1168 466 1233 Ζεύς
491 1169 663 1222 ἐστιν
691 1169 885 1238 αἰθὴρ.
925 1169 1075 1236 Ζεὺς
1107 1170 1175 1223 δὲ
1207 1169 1304 1239 γῆ,
1343 1170 1484 1237 Ζείπ⁵
1521 1168 1573 1223 δ’
1615 1171 1892 1239 οὐρανὸς,

317 1239 468 1305 Ζεύς
495 1255 584 1292 τοι
614 1240 684 1294 τὰ
720 1239 941 1304 πάντα,
969 1240 1148 1309 χωρεῖ
1173 1241 1342 1295 τῶνδ’
1375 1243 1728 1312 ὑπέρτερον.

317 1345 449 1404 Οἶδα
513 1349 624 1420 ἐγὼ
675 1353 770 1405 καὶ⁸
827 1353 1090 1406 Πλάτωνα
1148 1354 1675 1426 προσμαρτυροῦντα
1727 1354 1898 1426 Ἦρα-

318 1443 514 1514 κλείτῳ
548 1445 849 1517 γράφοντι·
893 1465 912 1496 ι
957 1446 1050 1499 Ἓν
1088 1445 1149 1499 τὸ
1183 1448 1366 1516 σοφὸν,
1406 1446 1598 1517 μοῦνον
1646 1444 1899 1514 λέγεσθαι

315 1538 416 1591 οὐκ
468 1537 664 1603 ἐθέλει,
717 1537 814 1592 καὶ
848 1538 1022 1592 ἐθέλει
1057 1539 1225 1608 Ζηνὸς
1265 1538 1473 1609 ὃνομα’
1511 1559 1530 1591 ι
1577 1539 1671 1593 καὶ
1705 1539 1896 1592 πάλιν·

324 1649 343 1680 ι
377 1631 562 1702 Νόμος
585 1632 681 1684 καὶ
723 1631 882 1703 βουλῇ
922 1631 1207 1684 πείθεσθαι
1253 1632 1389 1696 ἑνός.
1435 1652 1454 1685 ι
1489 1632 1608 1686 Κᾶν
1650 1633 1710 1685 τὸ
1740 1633 1901 1705 ῥητὸν

318 1723 496 1778 ἐκεῖνο
538 1724 834 1794 ἀναγαγεῖν
887 1724 1110 1797 ἐθέλῃς·
1155 1742 1173 1775 ι
1221 1723 1278 1777 '0
1322 1724 1459 1796 ἔχων
1507 1719 1623 1778 ὦτα
1651 1724 1894 1786 ἀκούειν,

1996 783 2158 836 cavit.
2212 780 2342 847 Quae
2393 789 2729 850 sequuntur,
2769 781 2836 834 ad
2886 783 3151 836 mundum
3196 783 3490 850 pertinent,
3522 782 3578 836 in

1997 888 2105 941 quo
2134 872 2274 927 lucis
2299 873 2461 925 etiam
2487 877 2572 924 est
2599 872 3057 941 tenebrarumque
3079 872 3387 928 conflictus.
3415 871 3580 927 Simi—

1997 963 2121 1018 liter
2155 962 2448 1034 Eschylus
2485 961 2857 1032 Euphorionis
2887 964 3052 1032 filius,
3081 965 3154 1018 ita
3186 966 3252 1020 de
3287 964 3418 1032 Deo,
3448 981 3582 1021 sane

1998 1072 2163 1126 quam
2191 1057 2428 1126 graviter
2453 1073 2466 1110 :

1999 1167 2213 1238 {Ethen
2243 1168 2514 1237 solumque
2543 1177 2643 1228 est,
2677 1177 2832 1238 atque
2857 1167 3043 1222 caelum
3066 1167 3333 1238 luppiter,

2001 1236 2203 1292 Cuncta
2235 1239 2396 1292 simul
2426 1236 2562 1292 idem
2587 1247 2687 1304 est,
2717 1236 2890 1308 majus
2920 1249 2968 1291 et
2996 1243 3039 1292 si
3073 1236 3199 1310 quid
3231 1256 3408 1309 super.

2002 1351 2284 1406 Platonem
2319 1367 2536 1422 quoque
2565 1353 2690 1406 novi
2719 1353 2921 1407 sentire
2949 1369 3072 1408 cum
3106 1351 3400 1420 Heraclito,
3438 1354 3588 1410 hunc

2002 1444 2056 1498 in
2107 1444 2332 1496 modum
2385 1444 2698 1498 scribente:
2743 1463 2760 1494 ι
2801 1443 2955 1508 Quod
3007 1460 3176 1498 unum
3224 1445 3442 1513 sapiens
3477 1455 3584 1510 est,

2003 1537 2182 1591 solum
2219 1547 2398 1590 tamen
2433 1537 2540 1591 dici
2577 1553 2684 1590 non
2737 1539 2868 1600 vult,
2904 1539 3159 1606 idemque
3201 1535 3352 1591 Jovis
3389 1553 3586 1592 nomen

2004 1639 2184 1695 amat;
2224 1650 2241 1680 ι
2276 1639 2438 1700 atque
2488 1632 2733 1688 iterum:
2772 1649 2791 1681 ι
2844 1631 2953 1684 Lex
3006 1639 3128 1697 est,
3176 1631 3374 1700 inquit,
3425 1632 3588 1701 huius

2005 1723 2170 1777 unius
2202 1738 2392 1792 parere
2413 1723 2698 1778 consilio.)
2724 1723 2880 1790 Quod
2908 1724 2952 1779 si
2983 1724 3176 1777 altiore
3198 1739 3355 1778 sensu
3380 1723 3586 1778 dictum

317 1815 585 1880 ἀκουέτω,
628 1787 667 1869 ι⁷
698 1787 880 1887 εύροις
923 1818 990 1871 ἂν
1016 1787 1133 1870 Eas
1176 1787 1574 1887 ἐμφαινόμενον
1621 1818 1758 1890 πρὸς
1801 1817 1896 1872 τοῦ

2014 1814 2134 1867 illud
2167 1787 2414 1884 accipere
2443 1815 2716 1869 volueris:
2797 1815 2900 1880 Qui
2932 1815 3094 1867 habet
3114 1829 3275 1867 aures
3308 1814 3588 1879 audiendi,

329 1907 577 1975 Ἐφεσίου
597 1924 610 1937 ο
643 1926 661 1958 ι
701 1907 969 1972 Ἀξύνετοι
998 1908 1330 1972 ἀκούσαντες
1362 1913 1622 1977 κωφοῖσιν
1655 1910 1866 1965 ἐοίκασι
1887 1929 1900 1941 ·

318 1998 480 2066 φάτις
507 2000 718 2053 αὐτοῖσι
769 2005 1036 2072 μαρτυρεῖ
1084 2001 1386 2070 παρεόντας
1419 2002 1658 2056 ἀπεῖναι.
1700 2022 1719 2054 ι
1764 2002 1902 2056 Ἀλλ’

318 2094 580 2166 ἄντικρυς
607 2095 735 2165 μίαν
767 2093 940 2166 ἀρχὴν
969 2095 1063 2147 καὶ
1087 2096 1214 2164 παρ’
1258 2094 1524 2165 Ἐλλήνων
1552 2094 1782 2148 ἀκοῦσαι
1811 2111 1906 2148 πο-

317 2183 452 2250 θεῖς,
477 2185 704 2257 Τίμαιος
732 2187 760 2237 ὁ
791 2185 997 2257 Λοκρὸς
1031 2187 1090 2239 ὲν
1121 2185 1199 2256 τῷ
1232 2186 1472 2252 Φυσικῷ
1491 2186 1905 2258 συγγράμματι,

315 2276 461 2330 κατὰ
503 2277 648 2343 λέξιν
699 2271 803 2334 ὧδέ
843 2296 930 2350 μοι
977 2281 1344 2351 μαρτυρήσει·
1387 2297 1405 2329 ι
1449 2279 1560 2332 Μία
1597 2279 1742 2349 ἀρχὰ
1791 2279 1901 2347 (85)

316 2369 538 2423 πάντων
573 2371 722 2424 ἐστὶν
752 2372 1076 2444 ἀγέννητος·
1115 2374 1164 2425 εἰ
1198 2373 1308 2442 γὰρ
1347 2371 1580 2439 ἐγένετο,
1611 2373 1710 2424 οὐκ
1738 2370 1803 2425 ἂν
1835 2365 1904 2441 ἦν

315 2455 401 2509 ἔτι
431 2458 593 2528 ἀρχὰ,
623 2459 736 2512 ἀλλ’
767 2461 968 2521 ὲκείνα,
999 2461 1057 2527 ἐξ
1084 2457 1153 2533 ἦς
1197 2461 1234 2515 ἃ
1278 2461 1421 2533 ἀρχὰ
1452 2461 1687 2530 ἐγένετο.
1716 2481 1734 2513 ι
1783 2463 1904 2533 Ἐῤ-

320 2547 442 2617 ρύει
482 2549 594 2620 γὰρ
646 2550 918 2622 ἐκεῖθενὴ
957 2551 1143 2624 δόξαή
1183 2551 1409 2622 ἀληθινή
1436 2571 1447 2582 ·
1491 2571 1510 2602 ι
1545 2554 1765 2617 Ἀκουε,
1803 2569 1906 2624 φη-

318 2638 424 2704 σὶν,
471 2639 704 2712 Ἰσραὴλ.
736 2641 939 2714 Κύριος
969 2646 998 2697 ὁ
1025 2644 1157 2708 Θεός
1191 2662 1283 2698 σου
1320 2639 1401 2708 εἷς
1427 2645 1569 2710 ἐστι,
1611 2646 1710 2699 καὶ
1754 2643 1905 2716 αὐτῷ

322 2730 470 2802 μόνῳ
505 2731 841 2805 λατρεύσεις.
882 2755 902 2788 ›

2000 1907 2255 1968 audiat‘,
2307 1926 2327 1958 ι
2379 1906 2459 1960 sic
2507 1908 2576 1960 ab
2625 1906 2862 1976 Ephesio
2913 1908 3245 1961 illustratum
3299 1906 3586 1959 invenies:

2007 2016 2025 2049 ι
2052 1997 2156 2063 Qui
2188 1997 2332 2066 quod
2376 1998 2626 2060 audiunt,
2654 1998 3016 2067 intelligentia
3061 2012 3169 2051 non
3197 2006 3590 2066 assequuntur,

2003 2089 2188 2144 surdis
2221 2090 2298 2143 illi
2344 2090 2552 2144 similes
2585 2098 2714 2143 sunt
2745 2109 2758 2143 :
2811 2090 2865 2142 in
2893 2104 3032 2157 quos
3066 2089 3255 2143 tritum
3301 2087 3429 2142 illud
3458 2103 3594 2142 cou-

2003 2185 2207 2248 veniat,
2250 2191 2546 2253 praesentes
2590 2183 2801 2237 abesse.
2841 2201 2859 2232 ι
2898 2179 3040 2235 Num
3091 2197 3222 2235 vero
3279 2179 3593 2236 Graecorum

2010 2277 2175 2330 etiam
2205 2291 2268 2329 ex
2318 2290 2414 2329 ore
2445 2275 2773 2344 principium
2805 2290 2976 2328 unum
3027 2275 3216 2328 audire
3247 2275 3412 2346 gestis
3437 2275 3460 2328 ?
3487 2273 3592 2327 Te-

2009 2376 2147 2424 stem
2200 2367 2342 2422 dabo
2391 2365 2656 2421 Timaeum
2701 2365 2961 2430 Locrum,
2998 2368 3092 2437 qui
3121 2367 3261 2421 libro
3294 2365 3369 2420 De
3400 2376 3597 2420 natura

2011 2459 2092 2515 sic
2116 2460 2182 2514 ad
2210 2460 2438 2514 verbum
2473 2459 2750 2529 loquitur:
2779 2457 2955 2514 Unum
2988 2461 3232 2514 omnium
3265 2460 3595 2530 principium

2011 2559 2114 2616 cst,
2146 2552 2292 2622 quod
2323 2560 2446 2606 ortu
2475 2562 2662 2618 caret;
2697 2568 2824 2606 nam
2871 2552 2918 2607 si
2955 2553 3175 2608 aliunde
3216 2564 3395 2608 ortum
3431 2563 3596 2619 esset,

2015 2641 2343 2712 principium
2389 2642 2501 2710 jam
2544 2658 2652 2696 non
2699 2651 2865 2707 esset,
2904 2643 2996 2697 sed
3045 2642 3177 2696 illud
3221 2644 3423 2713 potius,
3455 2644 3599 2699 unde

2015 2745 2195 2790 ortum
2237 2735 2480 2789 haberet.
2512 2733 2645 2800 Quae
2666 2733 2873 2803 Opinio,
2889 2750 3020 2789 sane
3049 2750 3196 2800 vera,
3225 2752 3292 2790 ex
3319 2736 3464 2791 dicto
3506 2736 3602 2791 illo

316 2824 565 2895 profecta
585 2835 668 2881 est
700 2845 714 2882 :
755 2845 773 2878 ι
798 2827 962 2894 Audi,
1009 2827 1208 2899 inquit,
1243 2830 1411 2884 Israel
1438 2871 1453 2896 ,
1477 2828 1742 2885 Dominus
1767 2827 1914 2884 Deus
1947 2838 2076 2884 tuus
2123 2845 2266 2884 unus
2305 2837 2408 2894 cst,
2433 2828 2593 2897 eique
2625 2829 2726 2882 soli
2760 2828 2966 2884 servies
2987 2830 3028 2879 '.
3067 2847 3086 2878 ι

321 2978 514 3052 οὗτος
537 2983 666 3039 ἰδοὺ
686 2985 983 3041 πάντεσσι
999 2987 1228 3057 σαφὴς,
1241 2991 1612 3058 ἀπλάνητος,
1631 2992 1905 3063 ὑπάρχει,

316 3117 397 3183 ὥς
431 3137 595 3191 φησιν
643 3124 676 3193 ή
707 3121 954 3179 Σι6ύλλα.
983 3123 1325 3198 Ξενοκράτης
1358 3145 1417 3182 τε
1450 3130 1478 3182 ὁ
1513 3131 1904 3201 Καρχηδόνιος,

315 3210 412 3265 τὸν
443 3213 543 3283 μὲν
577 3213 784 3268 ὕπατον
822 3216 942 3280 Δία,
977 3218 1068 3270 τὸν
1114 3219 1170 3272 δὲ
1210 3219 1398 3273 νέατον
1446 3221 1645 3285 καλῶν,
1674 3223 1908 3294 ἔμφασιν

318 3303 536 3375 Πατρδς
561 3307 848 3361 ἀπολείπει
893 3310 988 3363 καὶ
1017 3309 1168 3363 Υἰοῦ.
1217 3313 1328 3365 Καὶ
1361 3313 1422 3366 τὸ
1451 3313 1906 3385 παραδοξότατον,

315 3394 612 3463 γινώσκειν
637 3398 746 3468 (84)
773 3399 1023 3469 φαίνεται
1039 3401 1102 3454 τὸ
1117 3402 1270 3456 Θεῖον
1296 3406 1323 3456 ό
1339 3404 1434 3458 ἀνθ
1445 3407 1912 3472 ρωποπαθεῖςείσ-

317 3485 472 3554 ἀγων
497 3490 623 3552 τοὺς
645 3490 828 3554 θεούς·
853 3491 911 3546 ὃν
942 3492 1049 3546 οὐδ’
1076 3492 1248 3558 οὕτως
1282 3496 1512 3550 αἰδεῖται
1565 3497 1906 3569 Ἐπίκουρος.

317 3580 461 3651 Φησὶ
487 3580 619 3652 γάρ’

327 3905 506 3987 Tigres
528 3921 605 3987 ιιε
622 3905 753 3987 (85),
775 3908 1136 3987 ῌῃλέος-υἰρ,
1152 3914 1340 3987 ποσὶν
1356 3915 1642 3986 ταχέεσσι
1658 3917 1908 3987 διώκεις,

319 3976 520 4061 ,ΖΑ-ῥινὸς
545 3976 655 4061 θνῃ
665 3976 764 4061 τὸς
787 3976 1066 4061 auream-
1088 3982 1415 4052 ᾶμΰροτον;
1430 3976 1580 4042 Boas
1608 3991 1684 4044 νύ
1713 3991 1805 4044 πώ

327 4046 582 4116 Ἔγνως,
607 4047 686 4113 ὡς
713 4050 846 4116 θεός
869 4053 1005 4120 εἰμι.

323 4161 440 4231 Οὐχ
472 4161 677 4214 ἁλωτὸν
722 4163 831 4235 γὰρ
867 4161 1008 4219 εἶναι
1047 4166 1245 4241 θνητῷ,
1291 4172 1414 4225 οὐδὲ
1460 4174 1805 4248 καταληπτὸν
1853 4178 1915 4231 τὸ

320 4251 502 4318 Θεῖον,
527 4251 650 4307 οὔτε
680 4255 858 4321 ποσὶν,
892 4256 1014 4310 οὔτε
1037 4262 1243 4333 χερσὶν,
1278 4263 1401 4317 οὔτε
1447 4265 1768 4338 ὀφθαλμοῖς,
1797 4268 1910 4324 οὔθ’

320 4342 461 4408 ὅλως,
493 4344 565 4416 et;
601 4346 834 4418 σώματι,
877 4350 1164 4424 δεδήλωκε.
1216 4373 1236 4406 ι
1273 4355 1390 4409 Τίνι
1432 4357 1752 4428 ὡμοιώσατε
1797 4361 1913 4414 Κύ-

2023 2989 2278 3046 Omnibus
2301 3007 2414 3044 ecce
2440 2999 2608 3060 patet,
2633 2989 2882 3060 nulloque
2908 3007 3086 3044 errore
3106 2998 3352 3059 vagatur,

2018 3137 2078 3182 ut
2110 3125 2313 3199 Sibylla
2352 3127 2570 3182 cecinit.
2608 3125 2946 3182 Xenocrates
2981 3128 3144 3182 etiam
3181 3125 3599 3196 Carthaginien-

2019 3217 2116 3284 sis,
2153 3219 2245 3286 qui
2300 3234 2576 3272 summum
2609 3217 2795 3272 Jovem
2834 3235 3002 3273 unum
3045 3218 3301 3288 appellat,
3349 3217 3600 3270 infimum

2017 3308 2275 3372 alterum,
2306 3307 2486 3364 Patris
2521 3308 2841 3363 nonnullam
2874 3309 2965 3363 dat
3000 3303 3065 3363 ac
3095 3307 3216 3361 Filii
3249 3306 3604 3376 significatio-

2018 3415 2165 3454 nem.
2214 3399 2480 3470 Quodque
2524 3411 2719 3470 praeter
2766 3418 2985 3456 omnem
3019 3401 3328 3472 opinionem
3357 3408 3460 3465 est,
3493 3397 3606 3452 Ho-

2018 3508 2204 3546 merus
2231 3493 2398 3564 682
2447 3493 2564 3563 ipse
2616 3493 2827 3547 Numen
2879 3508 3175 3564 agnoscere
3227 3492 3458 3558 videtur,
3509 3491 3605 3561 qui

2018 3581 2151 3636 deos
2174 3582 2475 3637 introducit
2503 3584 2744 3636 humano
2783 3598 2934 3637 more
2962 3597 3236 3652 sensuque
3275 3586 3603 3645 commotos,

2021 3689 2182 3745 quem
2214 3682 2395 3729 tamen
2429 3690 2495 3729 ne
2526 3677 2606 3729 sic
2632 3675 2850 3744 quidem
2877 3682 3156 3730 reveretur
3185 3673 3474 3744 Epicurus.
3507 3669 3606 3726 Est

2021 3767 2166 3823 enim
2185 3765 2407 3822 Homeri
2437 3769 2583 3839 quod
2611 3769 2898 3839 sequitur:

2022 3924 2165 3996 Quid
2205 3942 2286 3980 me
2319 3926 2671 3979 immortalem
2700 3942 2879 3996 porro,
2910 3924 3154 3978 mortalis
3181 3923 3442 3996 Achilles,

2019 3995 2298 4067 Ijrtecipiti
2337 4013 2497 4049 cursu
2527 3993 2819 4067 insequeris
2844 3996 2869 4049 Ρ
2897 4012 3013 4048 mea
3043 3994 3262 4048 numina
3290 3993 3524 4047 nondum

2028 4063 2234 4121 Scilicet
2265 4069 2495 4137 agnosti.

2022 4183 2143 4250 Quo
2185 4183 2404 4252 quidem
2456 4180 2668 4235 Numen
2695 4179 2964 4248 ejusmodi
2998 4194 3123 4235 esse
3167 4179 3426 4239 declarat.
3460 4177 3605 4248 quod

2024 4291 2124 4330 nec
2177 4275 2428 4345 pedibus,
2476 4289 2577 4327 nec
2628 4273 2904 4336 manibus,
2959 4287 3057 4324 nec
3102 4271 3309 4335 oculis,
3342 4286 3443 4325 nec
3488 4279 3602 4323 toto

2022 4380 2294 4434 corpore,
2347 4363 2596 4417 mortalis
2663 4363 2955 4432 quisquam
3015 4361 3234 4431 assequi
3303 4375 3606 4430 capereque

327 4452 474 4507 ριον;
503 4437 537 4509 ἢ
566 4438 678 4493 τίνι
707 4441 1014 4513 ὁμοιώματι
1046 4445 1369 4516 ὡμοιὼσατε
1404 4450 1603 4516 αύτόν;
1639 4471 1657 4503 ι
1692 4454 1906 4525 φησὶνῆ

2022 4457 2216 4526 possit.
2251 4474 2270 4507 ι
2318 4455 2421 4509 Cui
2472 4455 2706 4509 similem
2743 4453 2951 4509 fecistis
2993 4453 3330 4508 Dominum?
3378 4461 3474 4508 aut
3518 4454 3609 4508 cui

322 4528 543 4603 Γραφή.
603 4551 621 4583 ι
653 4535 743 4606 Μὴ
785 4538 965 4592 εἰκόνα
998 4541 1221 4613 ἐποίησε
1269 4543 1495 4608 τέκτων,
1538 4545 1917 4617 ἣχρυσοχόος,

2027 4548 2251 4616 imagini
2299 4547 2702 4603 assimilavistis
2745 4549 2924 4602 eum?
2963 4565 2982 4599 ι
3023 4547 3202 4617 inquit
3260 4543 3606 4615 Scriptura’.

321 4624 608 4695 χωνεύσας
639 4628 881 4698 χρυσίον,
915 4634 1356 4706 περιεχρύσωσεν
1401 4637 1604 4704 αὑτόνς
1645 4659 1664 4690 ι
1715 4640 1810 4693 καὶ
1849 4640 1906 4693 τὸ

2032 4658 2054 4692 ι
2105 4640 2379 4710 Numquid
2430 4640 2682 4710 sculptile
2730 4639 2986 4695 conflavit
3034 4639 3204 4706 faber,
3255 4648 3349 4693 aut
3395 4636 3608 4692 aurifex

325 4717 423 4770 ἐπὶ
450 4716 677 4783 τούτοις.
710 4721 778 4774 Ὅ
815 4739 875 4775 τε
907 4727 1152 4797 κωμικὸς
1191 4726 1529 4801 Ἐπίχαρμος
1565 4729 1753 4801 σαφῶς
1783 4733 1915 4802 περὶ

323 4805 426 4859 τοῦ
451 4809 625 4878 Λόγου
651 4813 709 4865 ὲν
743 4815 810 4884 τῇ
832 4817 1109 4884 Πολιτείᾳ
1139 4816 1286 4886 λέγει
1312 4812 1416 4872 ὧδέ
1445 4836 1562 4884 πως
1582 4838 1596 4851 ο

410 5047 424 5078 ‘
451 5047 637 5105 Matth.
673 5068 749 5120 τι,
778 5053 865 5108 I5.
943 5056 964 5086 ²
994 5055 1152 5112 Deut.
1183 5075 1255 5124 vr,
1288 5061 1344 5115 4.
1462 5061 1483 5093 ³
1512 5061 1614 5118 Isa.
1644 5081 1719 5132 IV,
1759 5067 1845 5122 18.

406 5206 518 5291 (8?)
563 5211 1182 5291 Eupopnlagroqzﬂecte.
1219 5217 1351 5291 Fuit
1387 5221 1555 5291 enim,
1587 5231 1644 5275 ut
1675 5233 1914 5291 constat,

327 5277 704 5361 Euphorionis
730 5277 1264 5361 i-lilins'xﬁschylus.
1309 5288 1461 5361 Tolle
1493 5277 1626 5359 ergo
1656 5277 1916 5349 mendum

325 5364 398 5472 ἢ
429 5350 726 5470 Clemente,
762 5355 906 5422 apud
936 5370 1099 5425 quem
1126 5350 1301 5427 leges,
1333 5359 1361 5410 ὃ
1389 5375 1447 5412 τε
1477 5350 1779 5434 Εὐφορίων,
1812 5366 1916 5418 ὅτε

404 5435 502 5472 σγυ
537 5435 616 5472 ος.

473 5433 616 5482 υλος.

404 5435 874 5582 γᾴέοχβά.
918 5492 1442 5582 ξιιιισίηᾟίιωάνο,
1480 5503 1757 5582 ρειδῷιῇ
1791 5507 1910 5582 eod.

586 5559 884 5644 Ἀρχὴξδὲ,
917 5565 1120 5644 inquit,
1152 5559 1440 5644 ἀγένητονξ
1609 5559 1787 5644 ἀρχῆς
1810 5559 1919 5644 γὰρ

375 5624 552 5718 ἕδξῒὲτὶ
581 5624 781 5718 “ire?
811 5624 1132 5718 γιάνάελενοὲ
1163 5624 1467 5718 γῖγνέςθαιν
1501 5624 1918 5718 αέτῆδῗῒῖέῗιὶῆἒ

337 5693 927 5783 εξεέξφςτηειητάρᾳέκ
956 5693 1050 5759 έου
1075 5693 1246 5783 ,ἀρχῆ
1289 5693 1561 5783 mea.
1586 5693 1920 5783 an,

337 5726 399 5761 ιε,
432 5726 570 5774 ξων.-
611 5726 674 5748 m
717 5726 812 5768 τεῳ
862 5726 927 5758 εκ
956 5726 1050 5759 του
1103 5726 1174 5780 αρ
1212 5727 1246 5781 η
1289 5726 1561 5779 γιγνοιτο,
1607 5726 1710 5767 οὐκ
1746 5726 1813 5769 ἂν
1861 5726 1920 5783 ἐξ

333 5765 515 5836 ἀρχης
537 5763 794 5832 γίγνοιτο.
826 5773 1006 5841 Forte,
1033 5777 1134 5832 οὐκ
1163 5726 1229 5834 ἔν
1258 5781 1402 5852 ἁρχὴ
1440 5783 1700 5852 γίγνοιτο,
1733 5796 1792 5841 ut
1831 5786 1920 5840 Ti-

2028 4747 2170 4787 anro
2197 4733 2320 4788 fuso
2353 4733 2628 4788 inauravit
2658 4735 2832 4789 eum?
2863 4754 2882 4787 ι
2922 4742 2974 4790 et
3006 4749 3128 4804 quae
3158 4742 3484 4802 sequuntur.
3536 4729 3606 4785 Et

2026 4819 2392 4891 Epicharmus
2416 4825 2661 4881 comicus
2688 4825 2743 4880 in
2773 4823 3084 4894 Republica,
3111 4825 3193 4880 sic
3213 4824 3280 4878 de
3305 4821 3455 4892 Logo
3485 4836 3607 4892 per--

2027 4928 2217 4984 spicue
2251 4933 2264 4968 :

2025 5228 2356 5308 niteris-hic1
2397 5228 2509 5308 oux.
2540 5227 2605 5282 ἂν
2633 5224 2816 5308 ἦνῇἔτι
2862 5227 3027 5308 ἀρχά.
3068 5227 3243 5308 Atque
3293 5226 3366 5307 ita
3397 5223 3608 5307 Tullius

2025 5299 2280 5362 reddidit,
2313 5298 2527 5357 Tuscul.
2564 5315 2602 5353 Il
2638 5297 2669 5357 ε’
2690 5298 2800 5351 Nec
2832 5297 2972 5351 enim
3003 5309 3137 5351 esset
3175 5297 3228 5350 id
3264 5297 3604 5366 principium,

2063 5370 2164 5420 uod
2207 5370 2520 5438 gignebatur
2561 5369 2794 5422 aliunde.
2833 5367 3064 5437 Vulgata
3110 5378 3288 5422 tamen
3310 5367 3483 5438 lectio
3515 5369 3609 5438 dc-

2043 5435 2172 5491 I'endi
2199 5435 2411 5520 pritest.‘
2442 5439 2658 5520 Ἐπειδὴ
2681 5440 2737 5491 δὲ
2768 5435 3031 5520 ἀγένητόν
3063 5440 3202 5502 ἐστι,
3239 5437 3333 5490 καὶ
3355 5435 3610 5506 ἀδιάφθο-

2030 5508 2284 5580 ρονῗαὺτὸ
2315 5509 2531 5580 ἀνάγκη
2559 5506 2718 5574 εἶναι,
2746 5521 2848 5564 etc.

2100 5577 2210 5649 (84)
2242 5575 2594 5634 Γινώσκεὶν.
2623 5582 2874 5634 Clemens
2899 5577 3147 5649 ’Όμηρος
3174 5575 3482 5646 γινώσκειν.

2100 5647 2210 5718 (85)
2245 5650 2415 5701 Τίπτε
2442 5666 2531 5716 με.
2560 5649 2726 5704 Iliad.
2753 5651 2819 5717 Χ,
2849 5666 2881 5705 ν
2934 5647 2987 5704 9ξ
3017 5647 3210 5719 Apollo
3235 5650 3608 5718 insequentem

2027 5718 2294 5773 Achillem
2327 5720 2634 5788 compellat.
