4122 6476
440 396 577 452 1157

1485 403 1806 460 ΡΒᾸΕΡΑΒ.
1850 401 2266 458 EVANGILIB.
2310 403 2447 459 XIII.

3545 412 3691 469 “38‘

434 519 547 575 Καὶ
592 518 659 573 τά
696 520 789 572 ἐπὶ
829 520 1057 585 τούτοις.
1103 521 1367 593 Θεαρίδας
1414 524 1471 577 δὲ
1517 527 1575 579 ἐν
1617 525 1695 595 τῷ
1738 526 1868 596 περὶ
1910 523 2007 593 φύ-

2121 523 2278 595 390
2330 523 2396 579 Et
2444 538 2567 594 qua:
2602 530 2924 593 sequuntur.
2964 522 3260 582 Tbearidas
3282 536 3464 582 autem
3498 530 3553 584 in
3578 547 3681 585 suo

438 629 575 677 σεως
613 613 815 685 γράφει
835 632 847 644 ο
878 631 897 664 ι
922 616 982 667 Ἀ
1012 614 1154 685 ἀρχὰ
1180 616 1287 668 τῶν
1325 616 1513 682 ὄντων,
1541 618 1684 688 ἀρχὰ
1713 618 1811 688 μὲν
1847 617 2015 680 ὅντως

435 701 686 771 ἀληθινὰ,
735 702 854 774 μία.
880 722 899 755 ι
935 704 1103 757 Κείνα
1136 704 1243 777 γὰρ
1284 708 1341 759 ἐν
1375 707 1519 779 ἀρχᾷ
1550 707 1609 760 τέ
1640 710 1787 762 ἐστιν
1828 707 1886 762 ἓν
1921 708 2016 762 καὶ

442 793 622 863 μόνον.

523 992 675 1047 oues
700 995 791 1060 τίς
820 996 947 1050 ἐσθ’
975 995 1175 1065 ἕτερος
1199 997 1376 1066 χωρὶς
1401 997 1669 1068 μεγάλου
1687 994 2013 1064 βασιλῆος,

451 1106 679 1177 Ὀρφεὺς
730 1107 897 1176 λέγει.
943 1103 1015 1179 ’ᾯ
1062 1110 1382 1181 πειθόμενος
1431 1111 1460 1162 ὁ
1508 1109 1749 1180 κωμικὸς
1799 1108 2016 1177 Δίφιλος

438 1198 795 1267 γενικώτατον
827 1200 955 1254 ὄντα
988 1200 1204 1255 πάντων
1238 1202 1370 1272 φησὶ
1396 1201 1629 1272 πατέρα,

643 1312 860 1382 τοῇτον
894 1312 995 1365 διὰ
1026 1312 1239 1379 τέλους
1265 1315 1424 1382 τίμα,
1453 1314 1645 1381 μόνον

522 1380 773 1450 Ἀγαθῶν
803 1385 1110 1437 τοσούτων
1145 1380 1397 1453 εὑρετὴν·
1429 1380 1527 1436 καὶ
1567 1382 1869 1450 κτίστορα.

438 1493 679 1557 Εἰκότως
705 1494 883 1547 τοίνυν
923 1498 951 1550 ὁ
984 1496 1209 1550 Πλάτων
1253 1495 1364 1567 (15)
1403 1494 1567 1559 ἐθίζει
1598 1494 1694 1558 τάς
1734 1494 2013 1564 βελτίστας

439 1580 649 1649 φύσεις,
686 1584 1025 1654 ἀφικνεῖσθαι
1059 1585 1196 1657 πρὸς
1230 1585 1289 1638 τὸ
1329 1585 1576 1657 μάθημα,
1616 1584 1644 1637 δ
1669 1586 1726 1637 ἐν
1759 1583 1837 1655 τῷ
1877 1584 2011 1656 πρό-

441 1674 566 1729 σθεν
599 1675 807 1747 έφαμεν
833 1673 971 1730 εἶναι
1001 1672 1276 1748 μέγιστον,
1316 1679 1440 1731 ίδεῖν
1465 1677 1721 1746 τάγαθὸν,
1758 1678 1851 1730 καὶ
1884 1678 2015 1730 ava-

441 1765 599 1837 ϐῆναι
639 1767 854 1837 ἐκείνην
890 1768 988 1839 τὴν
1032 1768 1318 1822 ἀνάϐασιν.
1367 1771 1538 1822 Τοῦτο
1574 1769 1661 1840 δὴ,
1708 1769 1784 1832 ώς
1816 1768 2011 1833 ἔοικεν,

2116 616 2195 670 De
2234 627 2431 671 natura
2458 631 2644 686 opere,
2675 617 2781 671 hoc
2813 616 2976 671 modo
3009 617 3217 683 scribit,
3253 636 3271 669 ι
3293 615 3683 676 Universitatis

2117 708 2282 777 hujus
2311 710 2661 779 principium,
2698 710 3025 780 principium
3059 711 3247 781 utique
3277 729 3466 769 verum
3510 731 3680 769 unum

2116 810 2219 853 est.
2249 819 2268 852 ι
2310 800 2445 855 lllud
2497 800 2642 855 enim
2702 816 2768 856 ex
2818 804 3120 861 aeternitate
3171 821 3340 860 unum
3378 814 3465 861 est
3520 815 3684 876 atque

2118 886 2320 941 solum.

2125 996 2294 1051 Haud
2328 999 2468 1053 alius
2491 1002 2771 1073 quisquam
2804 1014 2881 1058 est
2903 1005 3133 1074 supremi
3162 1021 3194 1058 a
3236 1006 3450 1059 numine
3486 1006 3643 1076 regis,

2120 1112 2296 1182 inquit
2328 1112 2599 1183 Orpbeus.
2662 1115 2834 1184 Quem
2873 1127 3090 1174 secutus
3120 1118 3369 1189 Diphilus
3401 1121 3679 1189 comicus,

2127 1215 2472 1258 communem
2497 1204 2671 1270 illum,
2708 1206 2905 1277 inquit,
2937 1209 3176 1263 omnium
3208 1218 3513 1279 parentem,

2317 1336 2407 1409 pia
2437 1345 2492 1392 tu
2518 1347 2685 1409 mente
2718 1350 2963 1409 perpetuo
2992 1342 3156 1409 colas,

2188 1404 2234 1458 E
2256 1404 2406 1475 cujus
2428 1425 2534 1463 una
2566 1418 2640 1462 tot
2666 1404 3092 1467 bona'exsistunt
3116 1404 3295 1469 manu.

2115 1509 2247 1567 Jure
2272 1528 2405 1585 ergo
2433 1513 2589 1570 Plato
2610 1519 3060 1585 praestantissima
3091 1536 3321 1593 qumque
3351 1523 3572 1595 ingenia
3614 1525 3684 1582 ad
3722 1600 3726 1605 ἢ

2117 1606 2511 1674 capessendum
2589 1608 2721 1663 illud
2782 1610 3083 1682 disciplinae
3143 1629 3313 1683 genus
3356 1616 3684 1684 'assuel‘acit,

2114 1698 2261 1764 quod
2282 1698 2398 1767 jam
2431 1710 2555 1755 ante
2596 1702 2893 1756 maximum
2926 1718 3049 1759 esse
3078 1704 3338 1773 diximus,
3371 1708 3475 1763 hoc
3501 1716 3587 1764 est
3615 1708 3686 1764 ad

2118 1789 2520 1860 percipiendam
2553 1791 2681 1846 boni
2713 1795 3104 1863 cognitionem,
3132 1810 3311 1866 eoque
3338 1797 3564 1854 tandem
3595 1815 3686 1855 as-

440 1857 540 1911 ούκ
577 1858 846 1931 ὀστράκου
874 1860 939 1914 ἂν
964 1862 1047 1932 εἴη
1094 1863 1457 1934 περιστροφὴ,
1496 1862 1630 1916 ἀλλά
1662 1863 1840 1933 ψυχῆς
1866 1880 2018 1935 περι-

2121 1880 2397 1937 ceudendo
2442 1885 2885 1952 perveniendum.
2943 1886 3098 1953 Quod
3130 1888 3351 1958 quidem
3394 1905 3503 1945 non
3547 1890 3684 1960 jam,

440 1952 663 2021 αγωγὴ,
708 1954 771 2006 ἐκ
809 1954 1129 2025 νυκτερινῆς
1173 1971 1317 2018 τινος
1362 1955 1575 2026 ἡμέρας
1622 1956 1703 2018 είς
1751 1955 2011 2026 ἀληθινὴν

436 2040 532 2094 τοῦ
566 2042 717 2107 ὄντος
747 2040 908 2097 οὖσαν
955 2045 1212 2099 ἐπάνοδον
1236 2062 1250 2075 ο
1295 2046 1361 2115 ἦν
1385 2046 1447 2117 δὴ
1492 2046 1805 2115 φιλοσοφίαν
1837 2046 2010 2117 ἀληθῆ

439 2134 683 2205 φήσομεν
725 2132 883 2191 εἶναι.
932 2139 1042 2191 Καὶ
1092 2140 1219 2203 τοὺς
1265 2139 1470 2209 ταύτης
1516 2139 1880 2210 μετασχόντας
1917 2139 2010 2193 τοῦ

437 2226 637 2294 χρυσοῦ
679 2227 868 2295 γένους
914 2227 1026 2300 (14)
1071 2231 1277 2302 κρίνει⁶
1320 2250 1338 2283 (
1375 2232 1527 2285 Ἐστὲ
1567 2232 1665 2302 μὲν
1705 2231 1771 2303 δὴ
1813 2232 2012 2296 πάντες

435 2316 691 2388 ἀδελφοὶ,
719 2338 736 2370 ι
785 2319 981 2388 λέγων.
1022 2322 1085 2375 Οἱ
1115 2322 1173 2374 δὲ
1210 2322 1303 2376 τοῦ
1332 2321 1535 2395 χρυσοῦ
1564 2324 1752 2392 γένους
1792 2323 2014 2395 ἀκριϐέ-

439 2425 630 2473 στατα,
673 2412 768 2470 κα).
814 2412 990 2482 πάντη
1036 2415 1116 2477 είς
1165 2413 1259 2467 τοῦ
1310 2414 1524 2482 Πατρὸς
1573 2415 1681 2485 ἄρα
1715 2415 1807 2467 καὶ
1858 2431 2013 2485 ποιη-

436 2500 532 2553 τοῦ
570 2501 931 2572 ξυμπάντων,
972 2504 1229 2575 ἐμφύτως
1271 2507 1366 2559 καὶ
1412 2505 1710 2569 ἀδιδάκτως
1754 2506 2013 2576 ἀντιλαμ-

437 2590 661 2647 ϐάνεται
717 2593 895 2647 πάντα
941 2595 1079 2665 πρὸς
1116 2596 1356 2663 πάντων,
1396 2596 1463 2649 τά
1506 2598 1604 2667 μὲν
1635 2597 1817 2668 ἀψυχα
1872 2614 2011 2669 συμ-

436 2683 712 2738 παθοῦντα
738 2684 871 2755 (15),
897 2683 1007 2737 τῶν
1038 2685 1096 2738 δὲ
1125 2685 1300 2750 ζώων,
1339 2687 1448 2740 τῶν
1498 2686 1777 2757 ἐμψύχων,
1811 2687 1880 2741 τὰ
1910 2688 2013 2759 μὲν

434 2772 538 2845 ήδη
580 2772 849 2838 ἀθάνατα,
888 2774 957 2828 τά
998 2774 1055 2828 δὲ
1096 2776 1219 2829 καθ’
1246 2778 1462 2849 ἡμέραν
1498 2778 1841 2850 ἐργαζόμενα
1874 2778 2009 2851 (16).

436 2866 558 2920 Τῶν
596 2865 655 2918 δέ
698 2883 781 2919 τοι
813 2865 1052 2937 θνητῶν,
1089 2866 1155 2920 τὰ
1197 2867 1295 2938 μὲν
1328 2870 1384 2921 ἐν
1429 2868 1600 2939 φόϐῳ,
1642 2872 1735 2924 καὶ
1777 2869 1865 2924 διὰ
1913 2874 2013 2943 τῆς

440 2956 646 3029 μητρὸς
661 2956 840 3010 αὐτῶν
860 2956 941 3010 ἔτι
975 2957 1110 3028 μετά
1131 2959 1365 3030 γαστρὸς
1379 2959 1504 3030 ὀχού
1514 2978 1650 3030 μενα
1670 2978 1683 2991 ·
1702 2962 1772 3015 τὰ
1788 2962 1843 3016 δὲ
1856 2964 1983 3017 αὖτε
1998 2994 2013 3005 -

438 3051 633 3123 ξουσίῳ
648 3050 915 3121 λογισμῷ.
942 3050 1054 3103 Καὶ
1069 3049 1177 3103 τῶν
1204 3050 1299 3104 ἀνθ
1310 3050 1505 3123 ρώπων
1528 3051 1641 3121 (17)
1667 3053 1863 3118 πάντες
1885 3054 2013 3108 Ἕλ-

435 3143 594 3215 ληνές
632 3160 691 3196 τε
720 3142 815 3194 καὶ
844 3140 1127 3212 βάρϐαροι.
1163 3141 1324 3205 Γένος
1369 3141 1413 3194 δ’
1454 3143 1607 3197 οὐδὲν
1639 3144 1873 3215 οὐδαμοῦ
1905 3146 2013 3200 τῶν

436 3233 845 3306 γεωργούντων,
906 3232 1032 3286 οῦτε
1087 3232 1332 3303 νομάδων
1383 3233 1517 3305 (18),
1566 3235 1681 3289 ἀλλ’
1733 3237 1855 3290 οὐδὲ
1909 3237 2017 3293 τῶν
2044 3219 2087 3277 c

438 3325 765 3390 πολιτικῶν,
816 3327 1037 3380 δύναται
1089 3325 1209 3397 ζῇν,
1270 3325 1344 3398 μὴ
1406 3329 1902 3400 προκατειλημένον
1950 3334 2017 3404 τῇ

435 3419 532 3473 τοῦ
563 3418 870 3491 κρείττονος
897 3418 1100 3475 πίστει.
1144 3418 1234 3470 Διὸ
1264 3420 1370 3472 πᾶν
1396 3418 1547 3482 ἔθνος
1574 3419 1707 3491 ἑῷον
1734 3421 1868 3493 (19),
1910 3424 2019 3476 πᾶν

436 3512 496 3566 δέ
540 3511 811 3582 ἐσπερίων
866 3510 1169 3581 ἀπτόμενον
1214 3511 1407 3581 ᾐόνων,
1456 3509 1666 3582 βόρειόν
1709 3529 1790 3577 τε,
1824 3515 1918 3566 καὶ
1953 3513 2023 3567 τά

440 3603 577 3677 πρὸς
622 3602 702 3674 τῷ
748 3603 886 3673 νότῳ
935 3602 1144 3667 πάντα,
1207 3603 1335 3674 μίαν
1384 3602 1496 3674 ἔχει
1567 3606 1660 3658 καὶ
1705 3605 1805 3677 τὴν
1853 3607 2021 3679 αὐτὴν

442 3695 710 3769 πρόληψιν
743 3695 873 3767 περ).
911 3694 1006 3749 τοῦ
1042 3696 1524 3767 καταστησαμένου
1565 3697 1663 3768 τὴν
1705 3698 2019 3768 ἡγεμονίαν,

440 3790 495 3843 ei
515 3806 578 3857 γε
606 3788 699 3842 καὶ
726 3788 793 3842 τὰ
821 3787 1230 3843 καθολικώτατα
1269 3788 1379 3841 τῶν
1425 3790 1882 3862 εὐεργετημάτων
1908 3791 2020 3862 (‘20)

440 3880 607 3933 αὐτοῦ
641 3881 1058 3951 διαπεφοίτηκεν
1100 3880 1295 3949 ἐπίσης
1330 3881 1527 3936 πάντα.
1576 3881 1717 3935 Πολὺ
1762 3881 1819 3933 δὲ
1862 3882 2022 3936 πλέον

441 3973 494 4025 οἱ
523 3974 650 4044 παρ’
686 3972 914 4044 ’Ἕλλησι
964 3971 1419 4043 πολυπράγμονες
1469 3972 1767 4042 φιλόσοφοι,
1819 3977 1883 4027 ἐκ
1922 3975 2023 4045 τῆς

444 4064 737 4136 βαρϐάρων
780 4063 1092 4135 ὁρμώμενοι
1132 4063 1468 4133 φιλοσοφίας,
1513 4064 1592 4135 τῷ
1637 4065 1875 4137 ἀοράτῳ,
1928 4069 2022 4120 κα)⁵

446 4159 613 4230 μόνῳ,
648 4159 744 4212 καὶ
793 4156 1172 4228 δυνατωτάτῳ,
1215 4158 1310 4211 καὶ
1341 4157 1742 4229 τεχνικωτάτῳ,
1784 4160 1881 4212 καὶ
1914 4160 2022 4215 τῶν

444 4248 619 4303 ἄλλων
675 4247 978 4301 καλλίστων
1026 4246 1362 4316 αἰτιωτάτῳ,
1413 4244 1509 4317 τὴν
1558 4246 1859 4317 προνομίαν
1908 4246 2019 4317 (21)

445 4337 673 4403 ἔδωκαν,
722 4339 791 4393 τὰ
842 4337 1110 4393 ἀκόλουθα
1165 4336 1395 4401 τούτοις,
1453 4337 1501 4389 εἰ
1552 4335 1626 4407 μὴ
1663 4336 2022 4408 κατηχηθεῖεν

445 4429 585 4501 πρὸς
620 4430 795 4502 ἡμῶν,
836 4431 936 4484 οὐκ
967 4429 1340 4499 ἐπιστάμενοι,
1378 4426 1491 4480 ἀλλ’
1526 4428 1635 4481 οὐδ’
1673 4428 1834 4482 αὐτὸν
1874 4430 2021 4494 ὅπως

518 4628 721 4702 (15)-ζο
751 4627 1182 4702 Ιζλάτῳν.-νίιιο
1224 4627 1404 4702 locum
1447 4626 1773 4702 libavitube
1812 4627 2021 4702 repulu,

443 4692 570 4771 pag.
614 4692 726 4771 182
861 4717 874 4753 :
910 4699 1204 4771 Ἣμέτερον
1229 4698 1293 4769 δὴ
1335 4697 1520 4771 ,ἔργον
1548 4692 1644 4768 (ἦν
1667 4697 1709 4771 δέ
1746 4692 1884 4771 ἐγώ)
1912 4692 2022 4771 τῶν

444 4766 699 4824 οἰκιστῶν
731 4770 830 4832 τάς
867 4786 927 4822 τε
970 4766 1247 4837 βελτίστας
1280 4766 1468 4837 φύσεις
1497 4766 1804 4835 ἀναγκάσαι
1834 4768 2018 4836 ἀφικέ-

448 4841 574 4913 σθαι
610 4840 745 4913 πρὸς
788 4839 849 4892 τὸ
898 4836 1312 4913 μάθημακὸἐν
1338 4837 1432 4913 Δτῷ
1465 4836 1772 4913 ἔμπροσθεν
1815 4837 2024 4913 ἔφαμεν

450 4891 586 4964 {Mi
618 4891 882 4982 pgviﬁov
898 4891 1194 4982 iaétv'éé'aib
1221 4891 1444 4982 ἀγαθον,
1474 4891 1567 4982 aiat
1584 4891 1867 4982 ’ἀναϐῆναί
1885 4891 2026 4982 eis};
2056 4936 2065 4945 η

447 4994 549 5052 νην
598 4977 715 5052 τὴνί
748 4979 1029 5052 ἀνάϐασιν
1082 4979 1176 5052 κα)
1226 4977 1462 5052 ἐπειδάν,
1485 4977 1783 5052 ἀναϐάντες
1827 4978 2026 5042 ικανῶς

450 5047 628 5132 ἴδωσι,
768 5048 1085 5132 ἐπιτρέπειν
1116 5049 1320 5132 αὐτοῖς,
1350 5048 1380 5101 ὃ
1402 5049 1498 5102 νῦν
1525 5047 1900 5132 ἐπιτρέπεται.

522 5069 625 5112 υσι,
660 5069 700 5120 μ
768 5069 1085 5132 επιτρεπειν
1116 5069 1320 5115 αυτοις,
1350 5069 1380 5101 ο
1402 5069 1498 5102 νυν
1525 5069 1900 5117 επιτρεπεται.
1953 5117 1968 5132 ⁸

522 5116 633 5200 (14)
675 5069 919 5200 Ῐέρυςου
965 5118 1197 5200 τέγους.
1245 5119 1497 5200 Clemens
1544 5119 1722 5173 locum
1759 5117 1905 5200 hunc
1951 5126 2027 5174 Ita

449 5186 597 5261 Legit,
616 5186 830 5261 ίχρυσοῦ
850 5186 1042 5261 γένους
1069 5189 1274 5260 κρίνειν
1296 5188 1683 5261 ἀκριϐέστατα,
1705 5189 1807 5261 και
1826 5189 2023 5261 πάντη.

451 5255 560 5312 Τοῦ
594 5255 806 5331 Πᾶτρὸς
833 5255 941 5331 ἄρα
984 5261 1079 5314 κα).
1109 5255 1354 5331 ποιητοῦ,
1376 5255 1503 5331 'etc.
1543 5258 1724 5331 Recte.
1752 5255 1810 5312 Si
1844 5255 2027 5331 tamen

453 5327 776 5399 asteriscu‘m
808 5327 1059 5384 nostrum
1095 5327 1313 5399 explere
1340 5327 1496 5399 velis,
1532 5343 1640 5382 non
1681 5328 2028 5399 incommode

451 5397 670 5469 legeris,
704 5401 796 5453 καὶ
820 5400 996 5469 πάντη
1031 5396 1181 5452 εἰσὶν
1200 5398 1392 5452 ἱκανοί.
1428 5397 1585 5464 Quod
1609 5400 1773 5453 etiam
1800 5396 2027 5469 Sylhur-

452 5470 544 5539 gio
572 5467 627 5521 in
657 5479 889 5523 mentem
916 5467 1082 5539 venit.

527 5538 638 5626 (1,5,)
670 5538 1125 5626 Συμτταξοῦῖῖα.
1167 5536 1331 5626 Βηςοιθ
1366 5536 1614 5626 Ciemens
1641 5536 2027 5626 συμπαθοῦντα

453 5605 545 5679 τῷ
563 5606 705 5678 ζώῳ,
733 5605 818 5679 νει
841 5611 956 5679 τοῖς
982 5606 1162 5679 ζώοις.
1192 5606 1330 5661 Tum
1354 5608 1522 5679 addit,
1544 5605 1655 5679 τῶν
1678 5605 1730 5679 δέ
1747 5607 2024 5678 ἐμψύχων,

454 5675 667 5733 omisso
696 5678 803 5731 τῶν
836 5679 894 5731 δὲ
939 5676 1127 5743 ζώων,
1174 5678 1319 5746 quod
1363 5677 1582 5747 quidem
1632 5675 1792 5733 facile
1837 5675 2029 5734 abesse

454 5749 645 5818 possit.

528 5817 638 5889 (16)
667 5818 741 5873 Τὰ
769 5816 839 5871 δὲ
868 5819 991 5871 καθ’
1020 5815 1249 5886 ἡμέραν
1276 5816 1398 5884 ἕργ.
1430 5813 1680 5872 Clemens
1702 5858 1716 5885 ,
1748 5815 1989 5871 ἀθάνατα
2010 5860 2024 5883 ,

2119 1972 2337 2043 Opinor,
2372 1982 2575 2029 testam
2618 1985 2935 2032 convertere
2977 1977 3161 2046 fuerit,
3194 1980 3287 2035 sed
3332 1983 3573 2036 animum
3613 1981 3687 2036 ita

2119 2065 2552 2133 circumducere,
2586 2077 2645 2123 ut
2685 2083 2751 2123 ex
2804 2078 3076 2125 nocturno
3119 2072 3356 2141 quodam
3402 2073 3512 2140 die,
3563 2089 3690 2129 vere

2118 2154 2184 2210 ad
2233 2156 2365 2211 illud
2432 2158 2579 2226 quod
2602 2167 2705 2225 est,
2775 2160 2876 2214 hac
2907 2173 3006 2214 sua
3057 2142 3419 2217 conversione
3476 2164 3687 2232 redeat,

2119 2263 2290 2317 quam
2343 2263 2476 2303 sane
2536 2263 2723 2304 veram
2781 2250 3188 2322 philosophiam
3242 2269 3365 2309 esse
3423 2255 3690 2311 dicemus.

2118 2340 2289 2410 Cujus
2334 2339 2427 2395 ille
2466 2341 2559 2411 qui
2594 2351 2872 2411 compotes
2915 2342 3137 2409 iuerint,
3171 2360 3341 2401 aureo
3380 2361 3576 2416 genere
3604 2363 3694 2403 sa-

2125 2442 2211 2489 tos
2229 2447 2352 2488 esse
2379 2433 2717 2502 pronuntiat,
2754 2433 2882 2489 dum
2924 2436 3001 2491 ait
3027 2454 3041 2491 :
3065 2436 3289 2493 Fratres
3323 2439 3542 2509 quidem
3571 2439 3695 2494 uni-

2117 2521 2265 2576 versi
2316 2522 2468 2589 estis,
2503 2530 2609 2578 etc.
2673 2522 2778 2590 Qui
2819 2533 3000 2581 autem
3049 2542 3117 2581 ex
3160 2543 3329 2584 aureo
3367 2529 3462 2585 illo
3493 2546 3695 2601 genere

2119 2620 2268 2678 sunt,
2299 2613 2463 2669 iidem
2493 2615 2905 2671 accuratissime
2929 2618 2997 2672 de
3028 2618 3191 2674 rebus
3234 2620 3494 2676 omnibus
3537 2621 3687 2691 judi-

2118 2721 2246 2762 care
2274 2718 2521 2777 possunt.
2580 2707 2832 2766 Parentis
2881 2710 3047 2776 igitur
3086 2726 3152 2766 ac
3206 2725 3391 2767 rerum
3437 2714 3684 2769 omnium

2119 2800 2390 2856 eﬂ‘ectoris
2416 2815 2636 2855 sensum
2677 2815 2743 2855 ex
2784 2802 3043 2856 omnibus
3090 2803 3329 2872 aliquem
3353 2805 3558 2871 omnia,
3590 2821 3692 2863 na-

2121 2892 2228 2948 tiva
2276 2892 2512 2961 quadam
2548 2891 2624 2955 vi,
2675 2906 2738 2947 ac
2797 2893 2934 2947 citra
2980 2892 3143 2949 ullius
3181 2894 3486 2964 disciplina:
3527 2897 3687 2967 adju-

2120 2990 2365 3035 mentum
2402 2982 2679 3036 hauriunt.
2737 2979 2805 3035 Et
2834 2982 3057 3051 quidem
3098 2982 3398 3039 inanimata
3442 3001 3567 3041 cum
3604 2987 3687 3041 vi-

2119 3074 2374 3130 ventibus
2436 3073 2779 3129 aﬂ’ectionum
2823 3076 3212 3131 communione
3257 3076 3586 3148 junguntur,
3619 3095 3687 3136 ex

2121 3166 2493 3221 animantibus
2534 3175 2714 3221 autem
2743 3168 2853 3221 vita
2893 3167 3137 3237 praeditis
3163 3168 3271 3223 alia
3300 3168 3415 3239 jam
3453 3170 3682 3226 immor-

2122 3260 2249 3315 talia
2291 3269 2440 3323 sunt,
2489 3260 2545 3313 in
2603 3259 2745 3314 diem
2801 3260 2905 3315 alia
2966 3261 3267 3316 etiamnum
3321 3263 3589 3319 laborant.
3629 3266 3700 3319 At

2120 3368 2187 3409 ex
2218 3352 2563 3416 mortalibus,
2618 3353 2722 3407 alia
2759 3353 2815 3407 in
2859 3363 3004 3408 metu
3064 3355 3387 3420 constituta,
3434 3356 3699 3410 maternis

2121 3449 2299 3505 adhuc
2324 3448 2628 3503 visceribus
2685 3448 2897 3504 inclusa
2953 3458 3272 3518 gestantur:
3314 3449 3421 3505 alia
3455 3449 3569 3520 jam
3611 3450 3698 3505 sui

2118 3541 2279 3611 juris,
2311 3554 2412 3595 suo
2430 3554 2500 3594 'se
2531 3537 2764 3593 consilio
2802 3538 3139 3608 arbitrioque
3175 3547 3392 3612 regunt.
3443 3538 3564 3595 Jam
3590 3538 3694 3594 bo-

2123 3632 2330 3686 minum
2361 3647 2532 3702 genus
2568 3620 2887 3686 universum
2939 3630 2994 3685 in
3042 3629 3265 3687 Graecos
3317 3631 3696 3700 barbarosque

2122 3721 2400 3778 dividitur.
2438 3722 2682 3789 Quorum
2710 3737 2740 3777 e
2764 3738 3017 3787 numero,
3051 3723 3196 3777 nulla
3215 3738 3441 3793 prorsus
3466 3737 3699 3792 usquam

2123 3824 2218 3871 aut
2244 3816 2605 3887 agricolarum
2653 3826 2748 3871 aut
2771 3823 3076 3886 pastorum,
3118 3831 3185 3871 ac
3212 3829 3303 3885 ‘ne
3339 3830 3532 3869 eorum
3570 3813 3696 3884 qui-

2122 3907 2268 3983 dem,
2303 3906 2396 3977 qui
2429 3909 2483 3962 in
2517 3908 2732 3962 civitate
2754 3906 2978 3978 degunt,
3013 3908 3162 3961 natio
3202 3915 3305 3970 est,
3340 3922 3463 3976 quae
3501 3906 3695 3970 vitam,

2124 4001 2331 4071 absque
2374 4014 2440 4054 eo
2482 4000 2631 4070 quod
2674 3999 2793 4067 ejus
2847 4008 3087 4054 mentem
3139 4007 3350 4053 naturae
3398 3997 3699 4067 superioris

2125 4091 2259 4147 ﬁdes
2299 4093 2602 4161 occuparit,
2632 4090 2834 4145 ducere
2857 4091 3107 4159 tuerique
3144 4090 3339 4159 possit.
3394 4087 3583 4159 Itaque
3609 4104 3700 4158 po-

2125 4184 2238 4252 puli
2270 4197 2484 4246 omnes,
2522 4182 2638 4237 sive
2677 4179 2956 4235 Orientem
2984 4182 3191 4245 colant,
3229 4181 3345 4235 sive
3395 4179 3579 4234 littora
3602 4178 3703 4235 0c-

2123 4274 2354 4330 cidentis
2399 4272 2590 4326 ultima
2644 4279 2883 4337 teneant,
2934 4272 3048 4326 sive
3099 4272 3166 4326 ad
3238 4270 3696 4341 Septentrionem,
3805 4302 3812 4310 υ

2124 4364 2240 4421 sive
2272 4362 2340 4417 ad
2390 4360 2676 4415 meridiem
2701 4358 2969 4425 habitent,
2997 4374 3161 4414 unam
3179 4368 3233 4413 et
3270 4360 3518 4414 eamdem
3554 4360 3698 4430 ejus,

2122 4472 2155 4512 a
2194 4470 2305 4525 quo
2348 4451 2656 4507 institutum
2687 4452 2790 4507 hoc
2810 4451 3099 4521 imperium
3129 4458 3232 4515 est,
3260 4447 3698 4520 anticipationem

2129 4628 2254 4699 καθ’
2283 4626 2450 4698 ἠμέρ.
2474 4626 2593 4699 ἐργ.
2621 4626 2740 4699 sine
2766 4626 2834 4699 τᾲ
2864 4626 2920 4679 δέ
2940 4668 2954 4692 ,
2983 4640 3091 4699 nec
3116 4624 3458 4699 incommodo
3498 4639 3696 4699 sensu;

2128 4695 2380 4753 fortassis
2400 4695 2555 4751 'eniin
2583 4698 2775 4759 solem,
2813 4697 2995 4751 lunam
3027 4696 3241 4765 aliaque
3274 4696 3448 4751 sidera
3498 4695 3698 4748 intelli-

2128 4778 2218 4840 gat
2246 4786 2259 4822 :
2289 4777 2402 4840 tum
2456 4769 2684 4840 alterum
2719 4767 3005 4840 divisionis
3051 4782 3164 4821 suae
3210 4770 3549 4840 membrum,
3600 4765 3702 4840 hoc

2126 4834 2230 4904 Est,
2258 4838 2329 4892 τὰ
2361 4837 2549 4919 oms,
2582 4854 2703 4907 quae
2731 4838 3017 4900 ἀθανάτοις
3057 4838 3327 4907 opposita,
3367 4837 3419 4890 in
3454 4834 3559 4889 alia
3593 4834 3702 4889 duo

2126 4924 2325 4980 genera
2354 4918 2637 4975 partiatur.

2169 4977 2461 5054 _(l7)_Kai
2508 4978 2627 5032 τῶν
2668 4975 3331 5054 ἀνθρώπων.11ιϊνεῑυε,
3382 4976 3602 5054 brcvnts
3650 4982 3705 5054 et

2128 5045 2438 5112 obscurius,
2467 5065 2630 5118 quam
2683 5045 2791 5117 par
2821 5056 2995 5118 esset,
3021 5047 3094 5101 ita
3141 5048 3328 5113 vertit,
3360 5056 3415 5099 ut
3442 5060 3507 5099 ea;
3534 5045 3704 5097 Itami—

2128 5119 2281 5174 m'bus
2307 5117 2493 5173 omnes
2511 5117 2683 5173 ϐτωοὶ
2713 5127 2762 5172 et
2787 5117 3021 5172 barbari.

2201 5189 2314 5260 (18)
2355 5188 2663 5260 Νομάδων.
2717 5185 3341 5260 Pascualeghomines,
3392 5194 3487 5239 aut
3542 5186 3703 5239 etiam

2128 5254 2395 5328 nomadas
2431 5254 2729 5327 intelligere
2756 5266 2951 5328 potest.
2979 5254 3149 5325 Elige.

2202 5330 2313 5402 (19)
2350 5327 2552 5402 Ἐφογ,
2580 5323 2829 5402 Clemens
2846 5368 2862 5393 ,
2888 5325 3036 5396 ἑῴων
3054 5323 3089 5389 ,⁷
3105 5327 3211 5379 πᾶν
3232 5325 3289 5379 δὲ
3319 5323 3588 5394 ἐσπερίων
3613 5324 3706 5377 ἀν-

2128 5397 2397 5471 τομενονξ
2412 5398 2445 5469 ἦ
2482 5397 2690 5470 βόρειόν
2710 5414 2799 5471 τε,
2835 5406 2938 5471 ειςΣ

2201 5463 2313 5538 '(20)
2350 5463 2864 5537 Εὺὲργὲτημάτων.
2906 5467 3159 5521 Clemens
3213 5474 3268 5519 et
3307 5479 3415 5538 ms_
3465 5463 3698 5527 Euseb.,

2129 5534 2550 5611 ἐνεργημάτων,
2597 5534 2886 5611 utrumque
2921 5545 3171 5611 rectum;
3218 5534 3489 5606 posterius
3522 5544 3701 5589 tamen

2131 5607 2351 5664 secutus
2384 5623 2503 5661 sum
2536 5609 2781 5675 eimagis
2818 5607 3006 5675 probo.

2203 5679 2312 5748 (21)
2340 5671 3000 5746 Προνομίαν.’(ὶιθὶιιτ..ιε,
3050 5674 3324 5745 πρόνοιαν.
3360 5674 3567 5731 Placuit
3595 5671 3705 5726 Eu-

2131 5750 2333 5806 sebius.
