4122 6414
464 310 605 367 1159
1099 309 1370 367 EUSEBII
1404 311 1882 369 CAESARIENSIS
1920 313 2034 371 0P!

2137 316 2295 371 mas
2327 313 2390 371 ll.
2430 347 2501 356 —
2539 301 3036 375 APOLOGETICA.
3585 311 3724 366 tuo

463 429 704 484 habent:
739 442 862 483 cum
895 427 1012 483 loca
1044 429 1243 499 pariter
1270 441 1324 486 et
1367 430 1652 502 aequaliter
1684 434 1892 499 omnia,
1935 450 2031 506 ge-

2141 435 2374 490 νοεῖσθαι
2420 435 2629 504 πέφυκε
2676 434 2768 488 τὸν
2800 433 2954 497 Θεὸν,
3002 433 3161 505 μόνον
3204 432 3292 495 δὲ,
3343 433 3418 496 ὡς
3458 431 3559 502 ἤδη
3587 432 3722 485 πολ-

462 520 676 576 nerales
707 535 943 589 quaeque.
982 521 1063 576 vis
1096 518 1243 577 illius
1277 521 1569 579 eﬂ‘ectricis
1597 525 1841 579 actiones
1883 539 2034 579 com-

2137 527 2289 590 λάκις
2340 529 2640 599 εἰρήκαμεν
2700 526 2843 579 κατά
2900 523 3231 597 περίφρασιν
3286 523 3395 596 (22)
3447 523 3643 594 ἀληθῆ.
3695 543 3714 575 ι

461 615 634 684 plexae
671 614 800 668 sint.
842 612 946 669 Sed
978 621 1157 668 tamen
1187 614 1394 669 curiosi
1428 614 1505 669 illi
1542 630 1575 671 e
1603 615 1808 670 Graecis
1856 615 2034 684 philo-

2137 616 2386 672 Τοσαῦτα
2432 618 2528 671 καὶ
2577 617 2607 669 ὁ
2634 618 2888 690 Κλήμης.
2934 617 3071 669 Ἀλλ’
3106 615 3293 686 ἐπειδὴ
3331 613 3420 667 διὰ
3451 612 3721 685 μακροτὲ-

462 707 641 776 sophi,
673 707 1030 761 barbarorum
1060 706 1293 775 permoti
1321 705 1691 775 philosophia,
1718 706 1893 761 multo
1917 721 2034 761 ma-

2140 727 2248 779 ρων
2310 712 2443 780 ἡμῖν
2493 711 2525 779 ἡ
2570 708 2712 763 κατά
2766 710 3030 764 Πλάτωνα
3093 709 3340 780 παρέστη
3398 707 3716 776 φιλοσοφία,

461 799 545 870 gis
576 798 673 862 illi,
704 798 799 867 qui
853 813 955 853 nec
984 798 1159 853 oculis
1207 797 1471 862 cernitur,
1516 805 1571 852 et
1598 799 1749 853 solus
1784 797 1925 853 idem
1970 813 2034 853 ac

2140 800 2370 871 συνῳδὸς
2413 796 2547 854 οὖσα
2601 800 2744 855 κατά
2782 800 3013 853 πλεῖστα
3054 802 3168 863 τοῖς
3204 796 3471 869 Ἐϐραίων
3517 796 3720 867 δόγμα-

460 898 788 959 praepotens,
824 896 878 944 et
916 888 1355 959 sapientissimus
1389 887 1587 944 artifex
1625 901 1729 956 est,
1762 905 2034 945 summus-

2137 907 2253 943 σιν·
2310 891 2417 961 (ἐφ’
2454 885 2537 953 οἷς
2581 890 2675 944 καὶ
2723 889 2978 960 ἀγάμεθα
3022 889 3112 942 τὸν
3146 888 3315 959 ἀνδρα
3350 887 3451 958 τῆς
3494 903 3554 938 τε
3594 902 3719 938 συν-

459 995 567 1049 que
597 995 780 1035 rerum
813 980 1304 1051 pulcherrimarum
1329 988 1541 1043 auctor,
1574 980 1909 1050 praecipuum
1938 980 2033 1050 jus

2137 982 2300 1046 έσεως
2343 983 2437 1035 καὶ
2480 983 2579 1053 τῆς
2620 981 2786 1053 ἀλλης
2826 982 2919 1035 τοῦ
2964 979 3197 1051 ἀληθοῦς
3239 977 3657 1050 εὐγνωμοσύνης
3674 978 3716 1046 ⁸)

458 1071 836 1142 eximiumque
894 1070 1234 1125 tribuerunt:
1268 1084 1370 1124 nec
1424 1077 1604 1123 tamen
1656 1086 1779 1140 quae
1818 1070 1927 1125 sint
1963 1085 2033 1124 ex

2137 1073 2248 1146 ὥρα
2298 1073 2668 1145 ἐπιθεωρῆσαι
2712 1074 2832 1126 τίνα
2882 1071 3036 1126 ταῦτ’
3064 1068 3202 1126 εἷναί
3260 1086 3457 1141 φαμεν,
3504 1070 3589 1138 ἐφ’
3639 1061 3718 1121 ὧν

459 1159 580 1215 istis
614 1157 1027 1230 consequentia,
1067 1158 1172 1213 nisi
1208 1173 1238 1212 a
1282 1156 1442 1212 nobis
1486 1156 1809 1223 doceantur,
1864 1157 2026 1228 691

2137 1162 2305 1216 οὐκέθ’
2344 1164 2546 1234 ὁμοίως
2582 1164 2712 1234 περὶ
2747 1162 2912 1215 αὐτὸν
2948 1161 3301 1232 διακείμεθα,
3346 1158 3445 1231 τὴν
3480 1157 3539 1211 δὲ
3569 1175 3718 1211 νενο-

458 1252 761 1321 pervidere,
798 1267 862 1309 ac
891 1267 959 1308 ne
990 1248 1215 1307 modum
1260 1251 1480 1322 quidem
1513 1252 1665 1306 illum
1713 1264 1879 1306 nosse
1902 1265 2031 1321 pos-

2137 1254 2405 1326 μισμένην
2456 1253 2769 1326 βάρϐαρον,
2820 1255 2920 1325 τῆς
2971 1255 3090 1307 κατ’
3146 1251 3307 1306 αὐτὸν
3361 1244 3723 1321 προτιμῶμεν

457 1354 608 1409 sunt,
648 1361 811 1416 quem
867 1345 935 1401 ad
976 1344 1145 1399 Deum
1180 1346 1622 1415 cognoscendum
1670 1353 1864 1399 natura
1913 1343 2032 1414 ipsa

2139 1345 2474 1415 φιλοσοφίας.

454 1437 790 1506 praescribit;
823 1437 916 1493 sed
949 1444 1176 1500 tantum,
1219 1437 1297 1490 uti
1319 1438 1433 1507 jam
1461 1453 1603 1508 saepe
1658 1437 1919 1503 diximus,
1979 1434 2282 1505 periphrasi
2328 1437 2566 1507 quadam
2618 1435 2828 1507 alioqui
2877 1450 3005 1490 vera
3044 1449 3167 1490 cum
3197 1434 3710 1490 circumscribunta

457 1529 731 1586 Hactenus
761 1530 1031 1586 Clemens.
1081 1527 1201 1584 1am
1240 1546 1392 1597 vero,
1444 1529 1885 1601 quandoquidem
1946 1528 2195 1598 pluribus
2241 1529 2420 1584 adhuc
2476 1528 2769 1585 Platonica:
2816 1526 3177 1599 philosophiae
3221 1526 3529 1592 rationem,
3591 1542 3715 1597 per-

457 1626 643 1682 multis
670 1627 725 1681 in
763 1626 926 1682 rebus
967 1642 1090 1682 cum
1118 1625 1469 1683 Hebraeorum
1500 1626 1695 1683 litteris
1750 1626 2043 1682 convenire
2105 1626 2441 1681 ostendimus
2494 1624 2626 1697 (quo
2658 1623 2881 1681 nomine
2921 1623 3195 1678 hominem
3254 1638 3388 1678 sane
3428 1623 3715 1680 laudamus

454 1718 822 1787 vehementer,
857 1735 981 1777 cum
1024 1719 1095 1776 ob
1139 1736 1295 1775 suam
1344 1721 1492 1776 illam
1536 1722 1592 1776 in
1662 1719 2039 1791 perspiciendo
2109 1733 2241 1773 vero
2281 1719 2585 1788 solertiam,
2635 1730 2751 1774 tum
2798 1717 2870 1772 ob
2903 1715 3180 1771 liberalem
3205 1724 3257 1770 et
3289 1715 3580 1785 ingenuam
3602 1715 3717 1769 ani-

454 1811 530 1867 mi
556 1813 769 1869 caeteris
808 1813 864 1868 in
922 1814 1087 1871 rebus
1139 1816 1522 1888 aequitatem),
1566 1831 1716 1873 nunc
1753 1815 1821 1871 ad
1859 1829 1923 1870 ea
1959 1812 2176 1869 tandem
2219 1813 2547 1869 veniendum
2599 1812 2755 1868 nobis
2809 1819 2916 1877 est,
2957 1810 3010 1864 in
3050 1811 3249 1881 quibus
3295 1824 3419 1863 eum
3464 1807 3716 1864 similiter

453 1905 689 1975 probare
739 1920 850 1961 non
910 1907 1206 1977 possimus,
1279 1924 1552 1980 quamque
1620 1908 1785 1982 vulgo
1842 1907 2129 1965 barbaram
2194 1905 2391 1961 habere
2439 1906 2636 1971 solent,
2678 1905 2851 1975 ipsrus
2878 1903 3125 1959 doctrina
3166 1901 3433 1973 potiorem
3475 1900 3718 1971 philoso-

454 2000 641 2071 phiam
664 2000 986 2056 habeamus.

1024 2118 1259 2176 CAPUT
1289 2119 1432 2177 xw.
2059 2102 2105 2157 Β

459 2226 583 2283 Νοη
614 2240 748 2302 recte
772 2230 834 2302 de
863 2232 1103 2286 omnibus
1132 2234 1503 2302 pronuntiasse
1540 2231 1838 2294 Platonem,
1867 2249 2031 2296 eoque

538 2315 633 2353 nos
654 2299 806 2373 haud
837 2302 1029 2369 absque
1048 2299 1279 2373 “ratione
1313 2304 1376 2356 ab
1415 2305 1528 2373 ejus
1554 2304 1885 2372 philosophia
1915 2305 2030 2356 dis-

533 2371 772 2431 cessisse,
832 2380 986 2441 atque
1036 2371 1380 2427 Hebraeorum
1437 2371 1669 2427 oracula
1732 2373 2029 2443 complexos

524 2456 658 2495 €886.

526 2554 877 2613 Hebraeorum
927 2560 1176 2621 oracula,
1236 2560 1439 2631 quibus
1477 2561 1734 2631 praedicta
1782 2560 2030 2631 quaedam

453 2662 828 2721 responsaque
858 2648 1043 2706 divina
1077 2652 1458 2716 continentur,
1501 2668 1728 2723 qumque
1760 2654 1867 2707 vim
1899 2668 2033 2708 sane

453 2739 697 2793 humana
753 2738 1081 2796 diviniorem
1150 2741 1466 2806 ostendunt,
1521 2757 1697 2812 eoque
1751 2752 2031 2799 auctorem

453 2831 557 2887 sibi
604 2830 776 2887 Deum
814 2833 994 2903 ipsum
1026 2833 1332 2900 vindicant,
1368 2850 1492 2889 cum
1537 2838 1673 2890 suas
1706 2835 1796 2890 illa
1819 2835 2029 2907 signiﬁ-

454 2923 720 2989 cationes,
751 2933 804 2980 et
835 2925 1191 2996 praedictione
1237 2923 1570 2992 futurorum,
1614 2935 1669 2981 et
1699 2926 1818 2996 ipso
1844 2941 2029 2981 rerum

452 3017 601 3072 exitu
638 3018 1126 3075 vaticinationibus
1147 3018 1514 3090 respondente
1551 3020 1907 3077 conﬁrmatas
1930 3020 2030 3076 ha-

452 3110 636 3173 beant,
661 3109 786 3180 jure
818 3111 1034 3180 quidem
1064 3111 1133 3165 ab
1158 3111 1307 3165 omni
1339 3110 1478 3166 falso
1523 3126 1687 3166 sensu
1727 3112 1905 3168 aliena
1946 3112 2032 3166 di-

451 3209 672 3257 cuntur.
726 3199 1043 3267 Enimvero,
1088 3221 1108 3254 ι
1134 3201 1329 3257 Divina
1365 3202 1607 3273 eloquia,
1652 3212 1824 3270 casta,
1860 3212 1914 3259 et
1941 3219 2031 3259 ar-

451 3300 674 3362 gentum
703 3290 827 3362 igne
851 3293 1248 3359 examinatum,
1282 3294 1575 3364 probatum
1605 3303 1787 3361 terrae,
1820 3311 2027 3366 purga-

451 3388 569 3435 tum
614 3381 977 3452 septuplum,»
1041 3383 1406 3453 appellantur.
1468 3384 1538 3440 At
1591 3399 1702 3440 non
1756 3385 2031 3455 ejusmodi

453 3472 696 3527 Platonis
731 3472 820 3526 illa
867 3481 1015 3539 sunt,
1044 3489 1144 3529 nec
1172 3474 1399 3531 alterius
1432 3474 1818 3546 cujuscunque
1844 3476 2027 3531 homi-

454 3577 594 3618 num
624 3577 693 3618 ex
744 3563 1074 3633 sapientium
1119 3580 1373 3630 numero,
1410 3566 1506 3636 qui
1552 3566 1803 3622 mortalis
1838 3582 2034 3623 sensus

456 3655 653 3719 oculis,
686 3664 741 3710 et
764 3656 922 3712 vanis
950 3656 1278 3726 quibusdam
1312 3672 1376 3713 ac
1402 3656 1651 3712 futilibus
1679 3658 2034 3728 conjecturis,

457 3756 522 3803 ut
547 3746 888 3804 somniantes
913 3747 1121 3819 utique,
1159 3764 1268 3803 non
1307 3756 1368 3803 ut
1389 3749 1676 3819 vigilantes
1718 3750 1918 3815 solent,
1945 3765 2033 3804 re-

455 3855 580 3894 rum
626 3848 879 3893 naturam
927 3839 1260 3910 cogitatione
1286 3838 1415 3895 dum
1468 3838 1784 3906 informant,
1828 3849 2038 3896 naturae

454 3930 669 3987 veritati
697 3928 952 3987 falsitatis
990 3931 1289 4001 plurimum
1321 3932 1687 3999 admiscuere,
1720 3932 1932 3987 nullum
1965 3940 2028 3988 ut

456 4022 599 4096 apud
631 4037 725 4079 eos
769 4023 1033 4079 doctrinae
1076 4031 1241 4094 caput
1283 4024 1352 4080 ab
1396 4023 1546 4080 omni
1580 4038 1769 4079 errore
1835 4039 2034 4094 purum

455 4125 510 4171 et
555 4116 799 4171 immune
832 4116 1071 4187 reperire
1103 4115 1303 4187 possis.
1344 4115 1423 4172 Ac
1465 4130 1534 4171 ne
1582 4115 1799 4188 longius
1849 4116 2033 4181 abeas,

457 4204 503 4263 si
530 4206 725 4276 privati
754 4206 918 4277 hujus
952 4208 1158 4263 amoris
1185 4223 1249 4263 ac
1282 4207 1569 4263 domestici
1591 4207 1870 4263 remittere
1897 4222 2037 4262 non-

454 4296 597 4352 nihil
628 4298 799 4363 voles,
848 4299 1136 4369 ipsamque
1179 4313 1277 4369 per
1326 4313 1448 4354 sese
1478 4298 1661 4353 lucem
1699 4297 1755 4352 vi
1806 4296 2035 4352 rationis

455 4390 689 4445 intueri:
718 4405 984 4459 agnosces
1015 4391 1133 4461 ipse
1164 4389 1435 4461 profecto,
1471 4390 1632 4445 illum
1663 4388 1827 4444 etiam
1858 4389 2038 4443 admi-

455 4482 684 4539 rabilem
718 4482 1131 4554 philosophum,
1163 4483 1256 4552 qui
1287 4483 1440 4538 solus
1472 4498 1503 4536 e
1543 4481 1748 4538 Graecis
1776 4481 2036 4537 omnibus

400 4626 411 4631 ,
456 4575 703 4632 veritatis
729 4575 892 4629 limen
927 4589 991 4630 ac
1017 4574 1344 4630 vestibulum
1390 4576 1587 4646 attigit,
1617 4573 1759 4628 ﬂuxa
1805 4589 2037 4644 pereun-

456 4666 607 4736 tique
638 4666 892 4732 materia,
919 4675 972 4721 et
1001 4665 1314 4721 simulacris
1361 4666 1547 4720 vilium
1582 4680 1873 4735 operarum
1919 4681 2035 4719 ma-

2657 2109 3056 2164 ΚΕΦΑΛΑῙΟΝ
3090 2110 3189 2161 ῙΔ’.
3234 2108 3245 2117 “

2132 2227 2253 2278 Ὅτι
2296 2224 2383 2293 μὴ
2433 2223 2630 2277 πάντα
2676 2221 2975 2293 ἐπιτυχῶς
3024 2221 3253 2293 εἴρηται
3306 2217 3389 2284 τῷ
3417 2217 3716 2293 Πλάτωνι,

2199 2290 2310 2348 διό
2333 2290 2444 2348 οὐκ
2491 2293 2733 2362 ἀλόγως
2767 2290 2885 2362 τὴὸξ
2927 2292 3053 2345 κατ’
3097 2290 3283 2362 αὑτὸν
3319 2290 3719 2362 Δπαρῃτήσιιεθα

2198 2359 2627 2434 εριλοοποεοίαν,⁷
2679 2361 2752 2414 τὰ
2811 2361 2880 2414 δὲ
2945 2360 3224 2430 Ἐϐραίων
3299 2359 3718 2429 ἀποδεχόμεθα

2201 2437 2396 2504 λόγια.

2202 2543 2284 2598 Τὰ
2316 2543 2580 2615 Ἐὂραίων
2606 2543 2781 2610 λόγια,
2812 2541 3111 2612 θεοπρόπια
3137 2541 3529 2613 καὶχρησμοὺς
3563 2538 3717 2605 θείας

2132 2634 2243 2706 (23)
2272 2636 2305 2709 ἢ
2333 2635 2474 2690 κατὰ
2512 2633 2799 2706 ἄνθρωπον
2821 2633 3101 2704 δυνάμεως
3134 2633 3475 2705 περιέχοντα,
3500 2632 3631 2686 θεόν
3654 2649 3716 2685 τε

2130 2727 2394 2799 αὐθέντην
2428 2726 2863 2797 ἐπιγραφόμενα,
2878 2725 2972 2777 καὶ
2993 2724 3327 2795 πιστούμενά
3340 2741 3403 2793 γε
3422 2725 3520 2795 τὴν
3540 2725 3718 2793 ἑπαγ-

2131 2816 2314 2886 γελίαν
2342 2816 2431 2871 διὰ
2451 2819 2551 2888 τῆς
2580 2815 2688 2869 τῶν
2715 2814 3016 2886 μελλόντων
3039 2815 3395 2886 προρρήσεως
3418 2814 3508 2868 διά
3525 2830 3584 2867 τε
3606 2812 3720 2867 τῶν

2133 2909 2434 2982 συμφώνων
2464 2912 2577 2972 τοῖς
2618 2907 2983 2979 θεσπίσμασιν
3011 2906 3495 2977 ἀποπελεσμάτων,
3535 2905 3718 2975 πάσης

2130 3002 2346 3070 λέγεται
2368 2998 2757 3071 διεψευσμένης
2777 2998 3012 3062 διανοίας
3033 2998 3189 3061 ἐκτὸς
3217 2996 3522 3067 τυγχάνειν.
3546 3015 3564 3047 ι
3589 2995 3672 3049 Τά
3691 3014 3714 3048 ι

2132 3093 2261 3161 γοῦν
2296 3114 2314 3144 ι
2338 3092 2456 3146 θεῖα
2488 3092 2645 3160 λόγια
2678 3090 2839 3158 ἁγνὰ,
2875 3090 2970 3144 καὶ
3003 3088 3264 3161 ἀργύριον
3296 3088 3716 3160 πεπυρωμένον,

2130 3188 2372 3258 δοκίμιον
2413 3188 2480 3256 τῇ
2514 3187 2607 3255 γῇ,
2641 3180 3053 3254 κεκαθαρμένον
3091 3178 3494 3241 ἐπταπλασίως,
3521 3198 3538 3229 ι
3566 3178 3718 3231 ἀνεί-

2137 3296 2316 3351 ρηται.
2348 3276 2486 3329 Ἀλλ’
2512 3277 2572 3330 οὐ
2615 3275 2710 3328 καὶ
2742 3273 2809 3326 τὰ
2849 3273 3134 3334 Πλάτωνος
3162 3269 3406 3334 τοιαῦτα,
3451 3269 3574 3323 οὐδὲ
3608 3269 3718 3341 μὴν

2136 3373 2322 3443 ἐτέρου
2351 3371 2555 3425 τούτων
2600 3373 2658 3423 ὲν
2705 3364 3012 3442 ἀνθρώποις
3052 3365 3230 3435 σοφῶν
3252 3405 3266 3431 ,
3298 3366 3347 3419 οἳ
3378 3365 3577 3435 θνητῆς
3604 3364 3722 3416 δια-

2136 3465 2284 3528 νοίας
2314 3465 2577 3535 ὄμμασιν.
2626 3462 2915 3531 ἐπικήροις
2960 3476 3020 3512 τε
3071 3460 3394 3528 στοχασμοῖς
3426 3458 3522 3509 καὶ
3569 3457 3722 3508 είκα-

2138 3557 2300 3619 σίαις,
2330 3556 2461 3626 ὄναρ
2500 3553 2712 3623 ὥσπερ,
2758 3551 2872 3605 ἀλλ’
2904 3552 3001 3621 οὐχ
3047 3550 3218 3622 ὕπαρ,
3257 3549 3358 3618 τῆς
3398 3546 3506 3601 τῶν
3550 3547 3722 3600 ὅντων

2136 3647 2348 3717 φύσεως
2379 3647 2470 3699 ἐπὶ
2508 3644 2809 3714 φαντασίαν
2839 3642 3106 3707 ἐλθόντες,
3131 3642 3265 3695 πολὺ
3295 3641 3355 3693 τὸ
3398 3640 3589 3712 κρᾶμα
3624 3637 3721 3691 τοῦ

2135 3737 2364 3809 ψεύδους
2395 3736 2473 3806 τῷ
2514 3736 2611 3805 τῆς
2646 3733 2860 3804 φύσεως
2900 3732 3093 3805 ἀληθεῖ
3128 3732 3618 3802 συνεπηνέγκαντο,
3644 3729 3725 3794 ὡς

2140 3830 2214 3901 μὴ
2267 3829 2513 3898 ἀνευρεῖν
2574 3826 2790 3896 ἀπάτης
2842 3824 3080 3896 καθαρὸν
3125 3826 3183 3877 ὲν
3237 3824 3423 3886 αὐτοῖς
3467 3820 3721 3893 μάθημα.

2135 3921 2343 3976 Αὐτίκα
2369 3919 2531 3989 γοῦν,
2569 3916 2741 3990 βραχύ
2777 3935 2830 3970 τι
2859 3916 2961 3987 τῆς
2995 3914 3281 3986 φιλαυτίας
3336 3916 3385 3968 εί
3436 3912 3724 3984 ἐθελήσαις

2137 4014 2369 4084 ὑφεῖναι,
2418 4012 2512 4065 καὶ
2546 4012 2660 4080 φῶς
2718 4009 2851 4065 αὐτὸ
2876 4010 3102 4080 δυνάμει
3129 4007 3353 4078 λογικῆς
3387 4006 3574 4069 οὐσίας
3598 4006 3725 4057 ἑπι-

2137 4106 2431 4177 θεωρῆσαι,
2465 4105 2650 4174 γνοίης
2677 4102 2743 4157 ἂν
2781 4102 2872 4155 τὸν
2902 4101 3203 4171 θαυμάσιον
3238 4098 3525 4168 φιλόσοφον
3556 4098 3724 4151 αὐτὸν

2136 4199 2362 4257 ἐκεῖνον,
2382 4196 2472 4249 τὸν
2491 4196 2555 4266 δὴ
2582 4194 2741 4267 μόνον
2767 4194 2985 4248 πάντων
3013 4193 3282 4263 Ἐλλήνων
3303 4190 3560 4261 ἀληθείας
3588 4207 3726 4260 προ-

2137 4285 2315 4356 θύρων
2339 4283 2642 4354 ψαύσαντα,
2669 4282 2769 4355 ὕλῃ
2799 4282 3034 4353 φθαρτῇ,
3071 4281 3165 4333 καὶ
3195 4279 3402 4344 ξοάνοις
3435 4278 3723 4349 βαναύσων

2137 4376 2322 4447 χερσὶν
2352 4377 2431 4439 είς
2458 4373 2801 4446 ἀνδρείκελον
2826 4373 3009 4443 σχῆμα
3044 4369 3591 4441 κατεσκευασμένοις,
3621 4370 3722 4439 τὴν

2138 4465 2249 4519 τῶν
2282 4464 2418 4519 θεῶν
2464 4463 2835 4536 προσηγορίαν
2875 4462 3326 4532 καταισχύνοντα,
3361 4462 3457 4515 καὶ
3493 4461 3634 4532 μετά
3661 4460 3725 4513 τὸ

2140 4557 2281 4627 μέγα
2313 4556 2411 4627 τῆς
2437 4556 2848 4627 μεγαλοφωνίας
2875 4553 3029 4623 ὕψος,
3058 4553 3126 4606 δι’
3164 4548 3230 4624 ἧς
3259 4553 3348 4605 τὸν
3384 4552 3604 4622 Πατέρα
3629 4552 3726 4605 καὶ

2135 4646 2470 4720 δημιουργὸν
2540 4648 2739 4700 εἰδέναι
2786 4646 2941 4699 τοῦδε
2991 4644 3086 4699 τοῦ
3136 4644 3336 4708 παντὸς
3385 4644 3722 4706 διετείνατο,

458 4759 623 4813 nibus
657 4758 954 4812 humanam
986 4757 1042 4810 in
1069 4757 1303 4827 speciem
1334 4756 1599 4826 ﬁguratis,
1628 4755 1792 4827 692
1809 4755 2033 4810 deorum

2138 4740 2344 4794 ἀνωθέν
2370 4738 2533 4793 ποθεν
2567 4739 2624 4805 ἐξ
2659 4741 2761 4792 ὐπε
2773 4738 3048 4810 ρκοσμίων
3084 4736 3286 4805 ἀψίδων
3318 4737 3397 4799 είς
3429 4735 3523 4788 τὸν
3549 4751 3726 4789 κατω-

460 4864 660 4905 nomen
691 4849 956 4920 polluere,
1000 4863 1065 4903 ac
1100 4858 1226 4919 post
1260 4848 1550 4904 sublimem
1601 4848 1748 4901 illam
1791 4846 2040 4917 magniﬁ-

532 5048 643 5117 (Ἡ)
669 5048 829 5102 Κατὰ
854 5049 1232 5117 περίφρασιν.
1258 5046 1529 5109 Clemens,
1559 5044 2037 5117 κατάήπερίφασιν,

461 5114 633 5189 quasi
675 5117 817 5189 Deus
874 5114 1039 5189 ipsos:
1073 5118 1329 5172 mediocri
1377 5118 1612 5189 quadam
1677 5114 2040 5189 “lustratione

461 5183 1076 5244 circumfundat.'Malo
1130 5198 1307 5242 tamen
1365 5183 1725 5257 περίφρασιν.
1766 5183 1845 5238 lla
1893 5184 2037 5257 enim

464 5257 729 5313 Stromate
778 5275 835 5321 ι,
893 5274 1013 5327 pag.
1059 5259 1158 5312 “251
1208 5259 1294 5321 A;
1350 5253 1451 5311 uhi'
1499 5253 1856 5327 apostolicum
1910 5253 2040 5307 illud

464 5274 729 5313 mmmam
778 5275 835 5321 ι,
928 5275 1013 5327 ag.
1059 5274 1158 5312 τίοι
1208 5274 1294 5321 A;
1350 5274 1440 5311 um
1499 5274 1856 5325 aposwucum
1910 5274 2040 5307 unm

463 5329 646 5382 Actor.
686 5345 798 5383 xvn
829 5344 842 5380 :
879 5274 1043 5393 6mm:
1089 5345 1211 5395 ergo
1246 5329 1555 5397 ignorantes
1583 5326 1777 5397 colitis,
1809 5332 1939 5397 etc.,
1971 5338 2040 5397 ex

464 5399 708 5467 professo
756 5408 997 5452 tractans
1044 5414 1056 5451 :
1103 5393 1192 5463 Ἐξ
1234 5393 1332 5461 ὧν,
1364 5398 1569 5466 inquit,
1610 5396 1800 5467 δῆλον,
1827 5395 1919 5467 ὅτι
1947 5393 2041 5467 καὶ

466 5464 765 5539 ποιητικοῖς
811 5468 1091 5539 χρώμενος
1123 5464 1835 5539 παραδείγμασινπὲκμτῶν
1879 5464 2040 5539 Ἀρά-

466 5483 765 5539 ποιητικοῑς
811 5485 1091 5539 χρωμενος
1123 5483 1590 5590 παραοειέμασιν,
1626 5483 1689 5517 εκ
1726 5483 1835 5517 των
1884 5483 2039 5546 ’Δρα-

464 5550 558 5609 του
587 5540 987 5609 Φαινομένωγ,
1012 5539 1354 5609 δοκιμάζει-τ
1437 5536 1566 5609 παρ’
1594 5536 1839 5609 ξΕλληοίΔ
1857 5550 2039 5609 κάλως

465 5608 728 5690 εἰρημένα
745 5603 885 5690 ,’καὶ
918 5604 1006 5661 διὰ
1036 5603 1148 5690 to?
1179 5603 1622 5690 ἀγνώξουιθεοῢ
1646 5603 1908 5690 τιμᾶσθαι
1941 5605 2038 5674 μὲν

466 5675 963 5749 κάτάᾼςτερίφρασιν
1004 5678 1139 5749 πρὸς
1170 5675 1303 5749 τῶν
1325 5677 1610 5749 Ἑλλήνων,
1648 5675 1737 5749 τὸν
1777 5675 2039 5749 639.1399:

464 5746 560 5799 γὸν
595 5743 725 5799 Θεὸν
768 5743 1017 5809 ἠνέξατο·
1052 5743 1176 5801 κατ’
1214 5743 1505 5809 ἐπίγνωσιν
1538 5746 1625 5809 δὲ,
1653 5745 1763 5799 δεῖν
1800 5743 1869 5797 διδ
1903 5743 2035 5796 Υίοῦ

2142 4832 2289 4884 τάτω
2318 4830 2480 4900 βυθὸν
2524 4830 2625 4901 τῆς
2656 4828 2945 4900 θεομισοῦς
2975 4828 3419 4899 είδωλολατρείας
3456 4826 3535 4897 τῷ
3566 4827 3725 4898 δήμῳ

2144 5044 2478 5117 παραλαᾷεῐν
2509 5061 2569 5117 τε
2598 5045 2693 5117 καὶ
2741 5042 2950 5117 μαθεῖνἒ
2994 5041 3096 5117 Ubi
3130 5042 3463 5117 περίφρασιν
3491 5034 3721 5117 τοῦ-δη-

2148 5107 2405 5189 μιουργοῦ
2434 5114 2570 5167 Θεοῦ
2592 5156 2605 5177 ,
2637 5116 2715 5189 ait
2741 5107 2884 5189 esse
2904 5113 2995 5166 τὸν
3023 5107 3480 5189 ἄγνωστονθεόν,
3512 5116 3566 5162 et
3596 5107 3725 5161 huic

2144 5183 2471 5259 περίφρασει
2522 5186 2745 5259 opponit
2793 5183 3136 5259 amttam,
3173 5185 3273 5234 hoc
3313 5189 3396 5233 est
3431 5191 3726 5259 veramnac

2144 5247 2417 5326 propriam
2460 5247 2852 5326 cognitionem.
2885 5247 2967 5326 Et
3013 5253 3351 5326 paulopost
3382 5247 3563 5326 adhuc
3585 5247 3723 5326 _illu_-

2143 5316 2309 5380 utrius
2338 5319 2483 5377 οὗτοι
2519 5316 2610 5379 ὀῦν
2631 5326 2695 5395 οίν
2715 5316 3058 5395 ἀωιγόμενὸι
3086 5316 3301 5395 τυφλῶν
3329 5316 3597 5395 οφθαλμοί
3632 5316 3723 5395 (ab

2144 5394 2405 5455 apostolis
2436 5394 2706 5463 videlicet)
2739 5396 2795 5463 ήυ
2821 5388 3061 5445 δι”Υίοῦ
3092 5388 3393 5463 Αὲπίγνωσίς
3443 5388 3582 5463 εστι,
3628 5388 3722 5463 τοῦ

2146 5466 2442 5537 Πατρδςεγή
2480 5465 2579 5537 τῆς
2624 5456 3006 5537 πέριῲράσεως
3052 5461 3153 5537 τῆς
3195 5456 3514 5529 Ἑλληνικῆς
3557 5456 3724 5537 κατά-

2145 5526 2453 5604 meamne
2486 5526 2631 5589 enim
2662 5526 2976 5588 Graecorum
3007 5526 3167 5586 etiam
3202 5526 3482 5604 poetarum
3513 5526 3723 5604 et_phi-

2145 5597 2496 5675 losophorum
2532 5604 3080 5675 circumlocutiones,
3125 5597 3249 5654 ante
3284 5599 3485 5653 Christi
3521 5597 3723 5652 adven-

2147 5673 2283 5736 tum;
2313 5676 2471 5743 plane
2498 5673 2889 5743 comprehendi
2920 5686 3027 5727 non
3062 5678 3332 5740 poterant.

2218 5745 2328 5805 (25)
2361 5743 2521 5800 Forte
2554 5743 2847 5806 θειοτέρας.
