4122 6428
381 378 530 444 ἨΠ

1508 386 1846 461 [ΡΒᾹΞΡΑΒ.
1886 386 2138 445 EVANG.
2179 385 2306 441 LIB.
2351 384 2480 443 XIII.

3516 380 3667 438 “42'

392 507 501 561 τῶν
539 507 834 578 Ἀθηναίων
864 508 1303 581 συνωθούμενον·
1348 509 1421 574 ὡς
1460 512 1533 581 μὴ
1570 510 1975 583 διατρέπεσθαι,

2097 522 2319 579 namque
2348 520 2562 570 vocem,
2592 514 2701 576 qua
2733 517 2791 559 se
2820 501 2985 573 hujus
3014 500 3256 558 universi
3284 508 3565 571 parentem
3592 515 3657 557 ac

392 599 483 652 τὸν
517 600 812 672 Σωκράτην
854 602 1155 672 καταϐῆναι
1200 602 1377 672 φάντα
1415 602 1494 664 εἰς
1543 603 1774 675 Πειραιᾶ
1810 620 1978 674 προσο

393 691 680 762 ευξόμενον
721 696 787 764 τῇ
836 694 965 765 θεῷ,
1010 694 1106 748 καὶ
1150 693 1248 764 τὴν
1293 692 1563 765 βάρϐαρον
1608 695 1801 766 ἑορτὴν
1852 694 1980 757 τοὺς

395 781 619 846 πολίτας
646 783 769 837 τότε
819 784 1036 856 πρῶτον
1074 782 1454 846 ἐπιτελοῦντας
1495 781 1850 854 θεασόμενον,
1886 781 1981 835 καὶ

396 871 489 926 τὸν
543 873 880 945 ἀλεκτρυόνα
928 872 1008 945 τῷ
1049 873 1363 946 Ἀσκληπιῷ
1405 872 1564 927 θῦσαι
1617 871 1983 945 ὁμολογοῦντα

400 963 721 1034 προστάξαι,
753 965 845 1018 τόν
878 982 939 1018 τε
983 966 1213 1037 πάτριον
1249 965 1513 1037 Ἐλλήνων
1557 964 1850 1036 ἐξηγητὴν,
1890 965 1981 1019 τὸν
2013 1010 2021 1017 .

397 1054 772 1126 ἐγκαθήμενον
814 1058 875 1108 ὲν
921 1055 1144 1125 Δελφοῖς
1172 1057 1400 1128 δαίμονα
1434 1055 1737 1121 θειάζοντα.
1765 1054 1858 1108 Διὸ
1889 1055 1982 1108 καὶ

398 1146 624 1211 εἰκότως
666 1148 765 1219 τῆς
824 1148 1152 1220 ἁφιλοσόφου
1202 1149 1441 1222 πληθύος
1489 1149 1587 1221 τὴν
1644 1148 1824 1203 αἰτίαν
1882 1148 1981 1219 τῆς

395 1238 790 1311 δεισιδαίμονος
824 1241 1032 1314 πλάνης
1055 1241 1418 1314 ὲπιγράψαιτο
1450 1240 1534 1295 ἄν.
1562 1240 1821 1295 Ἀνάλαῦε
1851 1241 1982 1310 γοῦν

399 1329 634 1404 σμικρὸν
662 1329 871 1386 ἄνωθεν
904 1331 996 1386 τὸν
1028 1331 1205 1400 λόγον,
1240 1331 1334 1384 καὶ
1361 1329 1461 1384 θέα
1494 1324 1583 1383 οἷά
1610 1347 1692 1382 σοι
1725 1330 1754 1381 ὀ
1782 1328 1983 1383 πάνσοοο

399 1437 520 1487 φος,
560 1421 699 1493 μετὰ
731 1422 832 1486 τὰς
863 1423 1189 1494 ἀσωμάτους
1222 1423 1316 1476 καὶ
1347 1422 1658 1494 ἀφθάρτους
1687 1420 1859 1485 ίδέας,
1892 1422 1986 1479 καὶ

401 1513 541 1585 μετὰ
553 1512 683 1567 Θεὸν
699 1513 935 1586 πρῶτον,
953 1516 1048 1568 καὶ
1063 1513 1313 1585 δεύτερον
1330 1513 1519 1576 αἴτιον,
1536 1512 1630 1566 καὶ
1646 1510 1784 1582 μετὰ
1797 1528 1881 1564 νοε
1891 1513 1986 1583 ρὰς

2081 601 2389 657 molitorem
2421 612 2583 653 nosse
2611 594 2989 661 atlirmaverat,
3017 593 3097 649 sic
3135 604 3398 663 tanquam
3422 606 3491 647 ex
3539 589 3654 645 for—

2081 693 2297 750 nicibus
2320 690 2427 746 illis
2452 696 2644 745 nostro
2672 688 2788 742 hoc
2819 685 2950 741 orbe
2995 683 3372 756 superioribus
3397 681 3658 738 deturba.-

2083 796 2221 855 tum,
2263 787 2319 840 in
2353 782 2623 839 altissima
2649 779 2760 835 Deo
2792 793 2974 834 exosae
3004 776 3325 833 idololatria:
3369 775 3654 846 voragine,

2083 895 2211 937 cum
2246 874 2569 933 Atheniensi
2612 872 2815 944 pupulo
2853 870 3109 927 volutari.
3180 869 3273 925 Sic
3318 868 3563 940 quidem,
3595 874 3661 923 ut

2082 986 2208 1027 eum
2247 969 2487 1026 scribere
2514 981 2621 1021 non
2656 963 2932 1035 puduerit,
2963 961 3266 1027 Socratem,
3293 976 3418 1016 cum
3442 966 3504 1014 ut
3540 958 3658 1029 ipse

2083 1073 2274 1121 votum
2305 1063 2419 1117 deae
2458 1067 2824 1128 nuncuparet,
2852 1067 2967 1113 tum
3012 1064 3074 1110 ut
3109 1054 3347 1110 barbaro
3377 1053 3456 1109 illi
3495 1050 3656 1119 festo,

2086 1156 2232 1229 quod
2261 1171 2291 1211 a
2325 1154 2535 1212 civibus
2571 1161 2688 1207 tum
2715 1151 2953 1222 primum
2985 1147 3385 1214 celebrabatur,
3419 1160 3661 1216 praesens

2084 1251 2391 1315 interesset,
2440 1246 2495 1301 in
2522 1244 2758 1300 Piraeum
2796 1239 3147 1298 descendisse
3175 1257 3190 1294 :
3218 1254 3318 1294 nec
3349 1237 3660 1303 erubescat,

2090 1347 2188 1394 aut
2238 1338 2493 1393 eumdem
2558 1344 2620 1390 ut
2675 1332 3031 1403 Esculapio.
3058 1331 3236 1402 gallus
3282 1329 3660 1386 immolaretur

2084 1430 2340 1501 jussisse,
2375 1428 2644 1493 conﬁteri,
2677 1436 2774 1482 aut
2796 1426 3100 1481 daemonem
3144 1424 3296 1478 illum
3326 1422 3549 1493 Delphis
3574 1421 3662 1476 in-

2090 1522 2377 1589 sidentem,
2420 1521 2580 1592 quasi
2626 1519 2864 1590 patrium
2898 1518 3188 1590 quemdam
3219 1514 3536 1571 Graecorum
3581 1515 3668 1569 inn

400 1604 496 1657 καὶ
539 1602 843 1667 ἀθανάτους
884 1604 1072 1669 οὐσίας
1098 1642 1113 1667 ,
1151 1604 1279 1675 περὶ
1327 1602 1428 1672 τῆς
1471 1601 1755 1672 πανδήμου
1807 1597 1985 1669 δόξης,

401 1696 743 1767 ἐνομοθέτει,
784 1695 959 1764 λέγων
988 1713 1003 1727 ·
1041 1714 1060 1746 ι
1091 1695 1228 1767 Περὶ
1271 1694 1329 1747 δὲ
1362 1693 1470 1748 τῶν
1503 1692 1679 1747 ἄλλων
1722 1692 1988 1767 δαιμόνων

2097 1699 2231 1771 iure,
2287 1700 2657 1771 superstitiosi
2705 1700 2933 1765 erroris,
2991 1698 3084 1768 qui
3149 1695 3406 1754 stolidam
3468 1694 3667 1766 agebat

402 1790 596 1854 εἰπεῖν,
625 1788 718 1842 καὶ
747 1788 953 1857 γνῶναι
981 1788 1079 1860 τὴν
1112 1787 1351 1857 γένεσιν,
1378 1785 1560 1859 μεῖζον
1597 1786 1630 1858 ἢ
1662 1785 1781 1839 καθ’
1819 1785 1985 1856 ἡμᾶς.

2097 1790 2521 1858 multitudinem,
2546 1790 2713 1861 culpa
2735 1787 3072 1844 conferatur.
3112 1787 3192 1844 Ac
3238 1786 3375 1842 mihi
3414 1796 3471 1841 tu
3502 1786 3667 1857 paulo

402 1878 726 1932 Πιστευτέον
753 1878 809 1931 δὲ
831 1882 944 1943 τοῖς
968 1875 1602 1951 εἰρηκόσινέμπροσθεν,
1626 1875 1872 1944 ἐκγόνοις
1894 1873 1992 1944 μὲν

2097 1881 2349 1949 superius
2389 1880 2693 1935 orationem
2738 1893 2977 1944 arcesse,
3019 1893 3085 1933 ac
3113 1876 3338 1945 videsis,
3376 1892 3499 1946 quae
3540 1886 3666 1931 tan-

404 1967 545 2021 θεῶν
577 1963 751 2034 οὖσιν,
783 1969 858 2033 ὡς
889 1967 1117 2040 ἔφασαν,
1155 1966 1342 2038 σαφῶς
1389 1966 1445 2019 δέ
1486 1983 1588 2020 που
1619 1966 1746 2029 τοὺς
1786 1963 1992 2020 ἑαυτῶν

2097 1972 2217 2028 dem
2253 1988 2307 2027 et
2330 1973 2639 2043 cujusmodi
2681 1972 2817 2037 sint,
2838 1988 2960 2043 quae
2986 1981 3115 2042 post
3142 1972 3495 2041 incorporeas
3522 1971 3666 2035 illas,

404 2059 702 2131 προγόνους
736 2060 955 2113 εἰδόσιν.
1002 2059 1290 2114 Ἀδύνατον
1320 2051 1412 2110 οὖν
1458 2056 1595 2111 θεῶν
1636 2057 1825 2111 παισὶν
1866 2057 1992 2111 ἀπι-

2097 2073 2258 2136 atqne
2319 2064 2577 2121 interitus
2623 2064 2805 2121 omnis
2860 2072 3113 2134 expertes
3160 2064 3333 2127 ideas,
3390 2073 3515 2134 post
3568 2061 3667 2118 Dei

406 2154 583 2217 στεῖν,
619 2153 820 2223 καίπερ
861 2152 989 2209 ἄνευ
1026 2151 1252 2205 εἰκότων
1286 2151 1381 2207 καὶ
1423 2151 1737 2220 ἀναγκαίων
1781 2150 1992 2205 ἀποδεί-

2097 2157 2278 2229 primi,
2334 2158 2673 2229 secundique
2712 2157 2966 2228 principii
3003 2156 3361 2222 mentionem,
3402 2162 3528 2225 post
3554 2154 3670 2224 spi-

407 2243 542 2308 ξεων
587 2244 872 2313 λέγουσιν·
920 2244 1034 2301 ἀλλ’
1064 2244 1140 2308 ὡς
1176 2245 1353 2298 οἰκεῖα
1382 2243 1682 2312 φάσκουσιν
1719 2241 1992 2311 ἀπαγγέλη

2097 2251 2283 2306 ritales
2314 2249 2762 2320 immortalesque
2792 2260 3044 2317 naturas,
3074 2249 3141 2304 de
3178 2246 3428 2320 populari
3454 2247 3559 2302 hac
3610 2254 3668 2301 et

405 2336 557 2405 λειν,
613 2337 913 2409 ἑπομένους
973 2337 1052 2409 τῷ
1106 2337 1256 2408 νόμῳ
1307 2335 1643 2391 πιστευτέον.
1672 2333 1861 2398 Οὕτως
1902 2330 1992 2389 οὖν

2097 2343 2311 2414 publica
2343 2341 2624 2412 opinione,
2657 2340 2774 2396 suis
2827 2341 2995 2396 etiam
3050 2340 3266 2410 legibus
3320 2339 3531 2394 sancita
3575 2352 3673 2393 vo-

407 2431 529 2483 κατ’
568 2430 810 2493 ἐκείνους
840 2432 973 2503 ἡμῖν
1005 2433 1039 2501 ἠ
1077 2430 1289 2499 γένεσις
1323 2430 1452 2500 περὶ
1486 2429 1692 2485 τούτων
1723 2429 1831 2484 τῶν
1859 2429 1992 2483 θεῶν

2097 2436 2281 2492 luerit.
2345 2435 2644 2490 «Aliorum
2689 2441 2873 2493 autem
2928 2434 3261 2499 daemonum,
3326 2431 3507 2501 inquit
3560 2429 3673 2497 ille,

408 2521 612 2593 ἐχέτω,
644 2524 738 2576 καὶ
770 2522 1040 2592 λεγέσθω·
1098 2524 1204 2595 Γῆς
1237 2540 1332 2586 τε,
1382 2524 1476 2577 καὶ
1524 2523 1766 2595 Οὐρανοῦ
1810 2523 1992 2587 παῖδες

2097 2528 2531 2600 procreationem
2567 2526 2654 2581 vel
2687 2525 2984 2597 explicare,
3016 2525 3099 2580 vel
3134 2539 3322 2587 nosse,
3351 2538 3442 2580 res
3475 2530 3561 2578 est
3584 2538 3679 2578 no-

421 2616 670 2680 Ὠκεανός
690 2634 748 2672 τε
776 2619 872 2673 καὶ
902 2617 1081 2689 Τηθὺς
1110 2618 1401 2689 ἐγενέσθην
1421 2637 1434 2649 ι
1462 2617 1664 2672 τούτων
1686 2617 1742 2671 δὲ
1763 2618 1992 2688 Φόρκυς,

2097 2631 2211 2677 stra
2246 2619 2505 2676 facultate
2532 2617 2728 2689 major.
2777 2618 2960 2685 Quare
2990 2617 3097 2672 hoc
3122 2616 3199 2670 .in
3230 2630 3448 2686 genere,
3478 2614 3678 2685 priscis

407 2712 614 2784 Κρόνος
636 2730 716 2777 τε,
753 2713 845 2767 καὶ
891 2712 1051 2776 Ῥέα,
1090 2702 1198 2767 ’καὶ
1225 2714 1338 2767 ὅσοι
1384 2713 1522 2785 μετὰ
1559 2713 1794 2768 τούτων·
1836 2715 1901 2766 ὲκ
1930 2713 1992 2766 δὲ·

2097 2712 2206 2767 illis
2256 2711 2491 2767 testibus
2538 2710 2851 2765 adhibenda
2889 2708 3045 2774 ﬁdes,
3073 2708 3170 2778 qui
3201 2719 3262 2762 ut
3286 2706 3675 2777 Deum,_quod

410 2803 619 2875 Κρόνου
654 2804 944 2867 καὶῬέας,
982 2804 1140 2867 Ζεὺς,
1172 2804 1322 2875 ’Ἡρα
1350 2821 1434 2868 τε,
1470 2803 1565 2858 καὶ
1593 2802 1814 2867 πάντες,
1843 2804 1992 2866 ὅσους

2098 2804 2200 2875 ipsi
2225 2803 2400 2871 aiunt,
2425 2811 2654 2873 nepotes
2680 2810 2859 2868 erant,
2897 2803 2974 2856 ita
3005 2801 3245 2871 majores
3278 2816 3413 2857 suos
3436 2800 3679 2856 maxime

411 2894 569 2966 ἴσμεν
600 2895 809 2961 πάντας
862 2895 1126 2964 ἀδελφοὺς
1186 2893 1514 2966 λεγομένους
1566 2892 1775 2958 αὐτῶν,
1819 2892 1899 2946 ἔτι
1938 2910 1992 2945 τε

2097 2905 2262 2951 notos
2310 2895 2640 2950 habuerunt.
2718 2891 2830 2948 Nec
2895 2893 3014 2948 ﬁeri
3069 2893 3298 2947 omnino
3358 2899 3564 2961 potest,
3619 2901 3681 2948 ut

408 2991 537 3053 τοὺς
567 2990 773 3043 τούτων
820 2988 1011 3051 ἄλλους
1049 2988 1326 3055 ἐκγόνους.
1364 3005 1383 3038 ι
1429 2986 1527 3040 Διὰ
1555 2985 1620 3057 δὴ
1654 2984 1829 3039 ταῦτα.
1864 2986 1992 3038 ἀπο-

2099 2985 2234 3043 ﬁdes
2271 3000 2462 3042 eorum
2496 2984 2626 3040 ﬁliis
2652 2984 2990 3049 detrahatur,
3014 2984 3229 3040 etiamsi
3256 2983 3427 3038 nullis
3451 2983 3682 3038 demon-

410 3080 660 3146 λειπτέος
694 3083 825 3152 ἡμῖν
853 3082 882 3133 ό
905 3079 1224 3149 φιλόσοφος,
1258 3079 1320 3131 ού
1365 3076 1508 3132 κατὰ
1538 3076 1857 3146 φιλόσοφον,
1886 3075 1992 3130 οὐδ’

2100 3077 2460 3135 strationibus
2511 3076 2864 3140 necessariis,
2914 3090 2978 3132 ac
3011 3091 3082 3130 ne
3134 3074 3514 3145 probabilibus
3558 3074 3683 3145 qui-

412 3172 575 3237 αύτδς
616 3172 765 3244 αύτῷ
797 3171 1140 3243 συμφώνως,
1171 3170 1273 3233 τὰς
1324 3168 1557 3240 μυθικὰς
1609 3167 1717 3222 τῶν
1760 3166 1992 3239 ποιητῶν

2100 3168 2223 3224 dem
2261 3165 2599 3239 argumentis
2647 3167 2890 3237 ipsorum
2954 3165 3267 3222 testimonia
3325 3164 3681 3235 comproben-

411 3264 757 3334 γενεαλογίας
787 3260 1348 3333 καθυποκρινάμενος.
1371 3259 1546 3313 Αύτοῦ
1580 3260 1679 3331 μὲν
1701 3260 1811 3331 γὰρ
1832 3260 1992 3314 ἄκου-

2098 3269 2221 3325 ῑιιι·;
2262 3257 2359 3314 sed
2408 3271 2636 3314 necesse
2670 3257 2833 3328 plane
2881 3265 2988 3325 est,
3045 3264 3107 3313 ut
3154 3256 3243 3321 iis,
3279 3256 3678 3327 quomodo-lex

413 3374 505 3412 σαι
538 3356 736 3426 φάντος
766 3358 824 3409 ὲν
860 3353 1140 3422 Πολιτείᾳ
1181 3351 1310 3407 τάδε
1331 3370 1343 3383 ·
1383 3372 1401 3403 ι
1443 3354 1531 3406 Ἐν
1562 3354 1674 3415 τοῖς
1717 3350 1992 3422 μείζοσιν,

2097 3349 2348 3419 imperat,
2389 3354 2653 3418 tanquam
2697 3362 2920 3403 suarum
2958 3348 3013 3402 in
3053 3360 3685 3419 rerum‘commemora-

412 3445 481 3521 ἦν
505 3449 550 3503 δ’
589 3447 721 3519 ἐγὼ,
759 3447 949 3520 μύθοις
976 3445 1219 3517 ὀψόμεθα
1261 3447 1357 3499 καὶ
1400 3445 1529 3510 τοὺς
1581 3444 1857 3506 ἐλάττους.
1909 3444 1992 3495 Δεῖ

2101 3441 2250 3497 tione
2277 3440 2592 3498 credamus.
2641 3440 2865 3498 Illorum
2900 3457 3031 3515 ergo
3072 3442 3304 3499 deorum
3340 3445 3682 3514 procreatio-

412 3541 524 3613 γὰρ
550 3541 614 3613 δὴ
659 3541 752 3595 τὸν
780 3540 943 3596 αὑτὸν
979 3538 1151 3594 τύπον
1184 3534 1356 3601 εἶναι,
1402 3539 1497 3591 καὶ
1521 3537 1717 3591 ταυτὸν
1742 3534 1992 3590 δύνασθαι

2108 3546 2236 3587 nem
2275 3532 2423 3602 quod
2481 3531 2693 3599 attinet,
2755 3533 2832 3588 uti
2885 3542 3058 3604 poetae
3106 3534 3374 3598 scribunt,
3445 3532 3518 3588 ita
3580 3549 3685 3590 nos

414 3633 540 3698 τούς
580 3651 641 3688 τε
688 3632 906 3705 μείζους
950 3632 1047 3687 καί
1097 3632 1225 3695 τοὺς
1268 3630 1545 3694 ἐλάττους.
1579 3631 1651 3683 ’Ἦ
1705 3629 1806 3683 οὐκ
1852 3627 1992 3695 olet;

2107 3639 2328 3696 quoque
2354 3624 2424 3680 de
2449 3639 2514 3680 ea
2545 3634 2855 3682 statuamus
2882 3641 2947 3683 ac
2974 3626 3290 3697 loquamur.
3330 3624 3515 3683 Terra:
3552 3625 3684 3688 Caes

414 3726 751 3794 --Ἐγωγε,
796 3723 932 3795 ἔφη·
964 3721 1083 3777 ἀλλ’
1109 3723 1208 3776 οὐκ
1238 3719 1424 3778 ἐννοῶ,
1460 3718 1581 3773 οὐδὲ
1614 3720 1741 3783 τοὺς
1781 3714 1992 3789 μείζους

2103 3723 2253 3794 lique
2298 3724 2458 3780 liberi
2491 3722 2746 3780 Oceanus
2775 3734 2829 3780 et
2885 3724 3112 3798 Tethys,
3163 3725 3364 3780 horum
3412 3720 3685 3794 Phorcyn,

2093 1616 2414 1680 terprctem,
2469 1608 2634 1664 deum
2681 1606 2976 1679 appellare.
3017 1604 3381 1672 Quamobrem
3428 1604 3485 1659 in
3532 1619 3661 1660 eum

416 3817 566 3882 τίνας
595 3815 796 3885 λέγεις.
816 3812 1005 3879 -Οὓς
1035 3812 1274 3877 Ἡσίοδός
1309 3828 1369 3865 τε
1398 3811 1493 3865 καὶ
1522 3811 1787 3882 Ὄμηρος,
1823 3806 1997 3876 εἷπον,

416 3911 547 3981 imit:
576 3908 854 3977 ἐλεγέτην,
884 3906 980 3960 καὶ
1013 3907 1061 3959 οἱ
1092 3904 1239 3960 ἄλλοι
1264 3904 1504 3975 ποιηταί.
1539 3898 1702 3958 Οὗτοι
1732 3903 1840 3975 γάρ
1872 3920 1996 3970 που,

421 3998 622 4071 μύθους
645 3998 861 4069 ψευδεῖς
904 3999 1015 4061 τοῖς
1056 3994 1364 4068 ἀνθρώποις
1401 3993 1773 4060 συντιθέντες,
1814 3995 2001 4065 ἔλεγόν

416 4108 477 4147 τε
532 4092 625 4148 καὶ
670 4092 922 4158 λέγουσι*
965 4089 1035 4143 τά
1087 4086 1270 4160 μικρῷ
1326 4086 1560 4158 πρόσθεν
1617 4086 1925 4158 τεθειμένα.
1976 4107 1995 4140 ι

417 4182 586 4237 Πάλιν
614 4199 672 4236 τε
702 4177 965 4253 αύτοῦδῆν
994 4180 1088 4234 καὶ
1119 4178 1188 4233 τὰ
1230 4178 1297 4232 δι’
1323 4173 1398 4232 ὧν
1437 4177 1671 4249 ἔφησενο
1702 4197 1721 4230 ι
1764 4178 2002 4243 Ἐξαλεί-

415 4274 588 4346 ψομεν
606 4274 732 4346 ἄρα,
748 4268 816 4346 ἦν
839 4272 885 4326 δ’
911 4270 1044 4341 ἐγὼ,
1063 4270 1173 4325 ἀπὸ
1195 4268 1350 4324 τοῦδε
1373 4267 1467 4323 τοῦ
1490 4268 1655 4332 ἔπους
1679 4267 1999 4340 ἀρξάμενοι,

418 4367 596 4421 πάντα
622 4365 690 4421 τὰ
711 4365 938 4421 τοιαῦτα
958 4381 973 4397 ⁸

2107 3814 2403 3882 Saturnus,
2435 3824 2490 3872 et
2538 3816 2672 3889 Ops,
2716 3816 3014 3888 caeterique
3053 3817 3276 3873 fratres.
3334 3815 3417 3871 Ex
3448 3815 3688 3871 Saturno

2104 3906 2307 3980 etOpe
2343 3907 2574 3979 Jupiter,
2612 3905 2777 3977 Juno,
2852 3924 2917 3965 ac
2962 3908 3181 3979 reliqui,
3228 3923 3369 3979 quos
3402 3907 3691 3976 utriusque

2108 3998 2310 4057 fratres
2384 4002 2653 4073 appellari
2718 4003 2946 4065 scimus,
3000 4001 3293 4071 procreati.
3371 3998 3552 4070 Atque
3614 4000 3691 4055 ita

2108 4092 2367 4164 deinceps
2398 4094 2466 4149 de
2501 4102 2612 4149 tota
2658 4103 2917 4164 nepotum
2965 4092 3162 4149 serie.»
3225 4091 3529 4162 Eapropter
3557 4106 3692 4147 sane

2109 4183 2199 4239 hic
2228 4183 2389 4239 nobis
2431 4185 2796 4256 philosophus
2834 4183 3232 4254 relinquendus
3276 4181 3403 4249 fuit,
3450 4184 3546 4254 qui
3588 4197 3693 4244 nec

2108 4273 2191 4328 uti
2238 4274 2624 4344 philosophum
2655 4274 2861 4341 decuit,
2903 4288 3004 4329 nec
3039 4275 3239 4330 'secum
3285 4273 3404 4344 ipse
3452 4288 3691 4329 consen-

2107 4364 2276 4432 tiens,
2310 4365 2594 4422 fabulosas
2623 4366 2678 4421 in
2714 4366 2821 4422 diis
2862 4373 3148 4437 poetarum
3186 4365 3536 4437 genealogias
3564 4380 3693 4435 pro-

415 4461 842 4532 pagationesque
895 4459 1191 4517 simularit.
1252 4455 1390 4514 Nam
1433 4456 1644 4513 audisrs
1684 4456 2145 4527 quemadmodum
2200 4459 2342 4515 idem
2397 4461 2655 4531 loquatur
2714 4460 2768 4521 in
2828 4458 3139 4531 Republica,
3204 4476 3224 4511 ι
3252 4458 3314 4514 ln
3362 4458 3690 4530 majoribus,

416 4553 618 4626 inquit,
646 4553 842 4611 fabulis
873 4556 1114 4611 minores
1146 4555 1313 4610 etiam
1363 4551 1526 4608 facile
1581 4550 1905 4608 videbimus.
1955 4551 2190 4614 Necesse
2245 4557 2392 4612 enim
2445 4564 2554 4621 est,
2615 4556 2873 4629 speciem,
2902 4572 3069 4612 unam
3096 4556 3338 4627 aliquam
3377 4569 3520 4620 esse,
3553 4555 3693 4608 vim-

416 4663 526 4720 que
574 4648 882 4705 minoribus
924 4664 1078 4719 azquc
1133 4647 1549 4719 majoribusque
1606 4661 1977 4704 communem.
2037 4648 2235 4704 Annon
2281 4650 2357 4706 ita
2394 4651 2605 4709 sentis?
2635 4628 2709 4693 έ-
2742 4628 3037 4729 'Equ'idem,
3069 4649 3249 4720 inquit
3274 4647 3502 4703 illezsed

417 4759 558 4816 quas
574 4754 632 4800 tu
652 4745 889 4816 majores
915 4745 1089 4811 dicas,
1115 4760 1223 4800 non
1254 4744 1434 4814 capio.
1473 4769 1551 4808 -,
1582 4740 1733 4809 Quas
1748 4740 2042 4813 Hesiodus,
2083 4744 2331 4816 inquam,
2369 4755 2534 4819 atque
2563 4745 2866 4812 Homerus,
2921 4746 3214 4816 cazterique
3247 4751 3420 4815 poetae
3453 4754 3696 4795 comme-

418 4852 663 4900 morant.
707 4844 791 4899 llli
850 4843 997 4899 enim
1036 4840 1210 4899 falsas
1252 4839 1574 4897 hominibus
1629 4838 1845 4896 fabulas
1895 4841 2248 4910 Icommenti,
2321 4854 2376 4900 et
2429 4844 2731 4902 narrabant
2792 4843 2922 4899 olim
2967 4841 3239 4911 hodieque
3312 4845 3561 4894 narrant.
3615 4833 3693 4897 Ea

421 4941 689 5006 videlicet,
728 4955 854 5012 quae
889 4940 1054 5010 paulo
1107 4947 1235 4996 ante
1290 4936 1603 4994 retulimus.
1641 4935 1899 4994 :Rursus
1961 4938 2211 5010 ejusdem
2259 4949 2315 4997 et
2363 4941 2474 5001 alia
2536 4941 2633 5001 illa
2678 4948 2829 4997 sunt.
2857 4958 2878 4994 ι
2913 4936 3041 4995 Haec
3087 4937 3252 5009 igitur
3300 4932 3484 4989 omnia
3515 4929 3697 4991 delea-

422 5052 567 5103 mus,
594 5039 841 5108 inquam,
867 5036 935 5092 ab
973 5037 1082 5094 isto
1113 5050 1277 5092 versu
1302 5033 1650 5101 inchoantes,

489 5130 838 5200 Βουλοίμην
861 5128 881 5201 (
893 5129 965 5184 24
989 5127 1009 5200 )
1034 5130 1086 5182 κ’
1139 5125 1476 5196 ἐπάρουρος
1523 5123 1642 5180 ἐὼν
1681 5123 1992 5201 θῃζευέμει

2189 5124 2384 5183 Malim
2417 5123 2660 5196 equidem
2691 5124 2855 5178 cuivis
2886 5120 2984 5175 alii
3011 5120 3208 5175 servire
3232 5118 3469 5183 colonus,
3502 5135 3529 5175 ι.

1905 5215 1970 5250 ›.ι

421 5295 532 5347 Καὶ
563 5292 630 5346 τὰ
654 5293 799 5363 ἑξῆς·
832 5291 898 5345 δι’
928 5284 1004 5345 ὧν
1035 5308 1095 5343 τε
1122 5288 1362 5356 ἐπιλέγει
1392 5307 1408 5343 :
1442 5306 1460 5338 ι
1479 5286 1649 5342 Πάλιν
1667 5194 2006 5359 δὴῐᾷέἐξρου

422 5385 726 5456 δεησόμεθα
760 5386 855 5439 καὶ
887 5382 994 5438 τῶν
1025 5382 1197 5439 ἄλλων
1224 5379 1484 5451 ποιητῶν,
1521 5379 1599 5451 μὴ
1628 5381 1800 5434 ποιεῖν
1834 5378 2010 5450 Ἀχιλ-

423 5477 521 5533 λέα
554 5478 622 5531 Θε
629 5479 693 5541 ἃς
727 5477 913 5540 παῖδα,

429 5570 671 5626 Ἀλλοτ’
702 5568 813 5640 (‘25)
846 5566 945 5621 ἐπὶ
989 5568 1257 5632 πλευράς
1286 5562 1771 5686 κατακείμνοζέ,
1789 5560 2013 5686 (ἐένέἓτε

1683 5647 1742 5705 ἱσ
1763 5647 1769 5653 ’
1795 5647 1942 5687 avre

427 5712 450 5731 ”
464 5714 696 5765 Υπτιον.
714 5729 732 5761 ι

500 5808 613 5877 (24)
664 5804 1026 5877 Βουλοίμην.
1071 5800 1341 5877 Homerus
1402 5800 1727 5867 0dyss.'A’,
1773 5814 1825 5852 v.
1880 5797 2005 5853 £88.

427 5872 666 5935 Achilles
703 5876 845 5946 apud
879 5872 1083 5930 inferos
1112 5872 1374 5930 louuitur.

2115 5284 2184 5341 Et
2209 5301 2332 5357 quae
2357 5292 2680 5355 sequuntur.
2751 5281 2891 5337 Tum
2940 5281 3059 5336 haec
3087 5286 3351 5349 praeterea
3396 5289 3516 5346 quae
3561 5274 3696 5330 sub-

2110 5377 2385 5455 jungitzt
2414 5375 2615 5431 Iterum
2675 5375 2745 5431 ab
2789 5374 3051 5437 Homero,
3116 5368 3314 5440 inquit,
3375 5366 3697 5436 ueterisque

2116 5469 2295 5540 poetis
2322 5467 2715 5540 ﬁagitabimus,
2744 5465 2829 5521 uti
2854 5480 2922 5520 ne
2943 5461 3209 5518 Achillem
3237 5460 3339 5515 dea
3374 5465 3554 5514 satum
3592 5456 3697 5510 ﬁn-

2120 5572 2271 5633 gant,

2129 5672 2289 5730 Nunc
2310 5676 2365 5729 in
2396 5687 2676 5745 utrumque
2698 5673 2862 5737 latus,
2898 5684 3036 5724 nunc
3064 5679 3111 5723 et
3134 5666 3371 5735 jacuisse
3392 5662 3692 5733 supinum.»

2193 5795 2306 5865 (‘25)
2338 5791 2591 5847 'A.l.10t'.
2629 5790 2785 5844 Iliad.
2825 5789 2886 5856 Ω,
2919 5803 2982 5842 ν.·
3005 5784 3085 5839 l0.
