4122 6410
498 305 637 362 “45

1122 309 1391 366 EUSEBH
1428 311 1905 368 CJESARIENSIS
1940 310 2090 366 OPP.
2129 311 2311 367 PARS
2347 311 2413 369 ll.
2452 343 2522 353 —
2557 311 3059 369 APOLOGETICA.

3589 311 3729 366 HM

496 421 566 479 Et
591 435 804 479 cetera.
847 424 1055 491 Quibus
1087 426 1160 482 ita
1195 428 1401 508 subdit,
1435 447 1455 480 ι
1479 428 1588 483 Aut
1610 427 1819 495 Jovem,
1853 428 2050 498 inquit,

2160 428 2270 481 Καὶ
2297 428 2365 481 τὰ
2392 429 2598 492 τούτοις
2631 430 2892 499 ἑπόμενα.
2925 423 3022 493 Οἷς
3052 428 3245 497 ἐπάγει
3264 443 3278 458 ⁸
3315 443 3335 477 ι
3356 427 3427 479 Ἦ
3462 426 3561 479 Δία
3580 465 3596 489 ,
3627 442 3727 478 κα-

498 515 892 571 dormientibus
939 518 1166 583 czeteris,
1216 528 1323 573 tam
1356 520 1484 583 diis,
1521 536 1686 589 quam
1719 520 2054 586 hominibus,

498 622 621 675 qua:
642 608 793 663 solus
834 608 1067 679 vigilans
1113 625 1298 664 secum
1364 613 1480 680 ipse
1531 621 1814 676 statuerat,
1864 626 2059 666 eorum

496 696 655 752 facile
688 699 933 753 omnium
963 701 1016 754 vi
1058 703 1293 770 quadam
1344 703 1583 757 libidinis
1628 701 1911 772 impotenti
1943 717 2059 757 me-

495 787 727 841 moriam
781 791 1113 857 excussisse;
1157 792 1337 860 itaque
1386 789 1619 845 lunonis
1664 799 1884 859 aspectu
1928 803 2057 858 pero

495 878 708 933 culsum
745 895 884 943 esse,
923 889 982 935 ut
1011 898 1077 934 ne
1107 881 1327 936 domum
1373 881 1594 952 quidem
1645 888 1907 951 repetere,
1961 879 2057 936 sed

496 969 550 1022 in
574 971 763 1024 eodem
817 973 935 1041 ipso
971 974 1109 1035 loco,
1150 974 1322 1039 humi,
1372 982 1432 1029 ut
1468 975 1678 1029 alanda:
1723 973 1922 1038 solent,
1963 988 2055 1026 vo-

494 1059 685 1129 luptati
717 1064 923 1118 servire
973 1066 1231 1131 voluerit;
1284 1082 1409 1121 cum
1457 1082 1579 1121 eam
1624 1080 1687 1121 se
1733 1065 2053 1136 cupiditatis

491 1153 602 1207 vim
634 1155 838 1211 sentire
857 1154 1079 1223 diceret,
1113 1173 1273 1227 quam
1307 1172 1375 1212 ne
1407 1167 1521 1212 tum
1558 1157 1774 1227 quidem
1800 1165 1946 1212 esset
1965 1172 2056 1211 ex-

490 1251 702 1311 pertus,
735 1259 856 1299 cum
896 1245 1038 1301 inter
1070 1261 1188 1302 sese
1227 1247 1463 1316 primum
1504 1255 1890 1310 convenerant,
1917 1245 2051 1300 cha-

490 1346 678 1387 rorum
713 1332 867 1388 obliti
891 1343 1175 1404 parentum
1205 1353 1220 1391 :
1255 1350 1356 1391 nec
1396 1335 1614 1389 vincula
1649 1333 1807 1389 Marti
1847 1348 1913 1389 ac
1946 1333 2052 1389 Ve-

490 1423 607 1476 neri
654 1438 685 1477 a
729 1422 974 1480 Vulcano
1026 1426 1246 1495 injecta,
1292 1441 1391 1482 nec
1438 1426 1585 1480 aliud
1633 1426 1930 1496 quidquam
1993 1425 2048 1480 id

490 1526 716 1581 genus.»
772 1512 905 1580 Quae
928 1529 1052 1569 cum
1084 1515 1199 1584 ipse
1229 1514 1478 1579 dixisset,
1504 1514 1636 1584 quid
1674 1514 1895 1569 tandem
1944 1512 2049 1567 sibi

488 1603 623 1670 vult,
658 1604 805 1674 quod
850 1613 1034 1675 poetas
1076 1605 1303 1660 deorum
1352 1605 1556 1661 liberos
1601 1604 1834 1661 subinde
1869 1614 2047 1673 vocat,

486 1694 713 1765 fierique
760 1705 919 1768 negat
941 1696 1122 1767 posse,
1156 1697 1287 1765 quin
1316 1696 1448 1752 fides
1483 1696 1551 1752 iis
1584 1695 1872 1764 habeatur,
1923 1713 2048 1752 cum

2161 518 2450 573 θευδόντων
2480 520 2587 574 τῶν
2618 520 2790 575 ἀλλων
2819 520 2955 574 θεῶν
2978 538 3037 572 τε
3062 519 3158 573 καὶ
3183 516 3503 590 ἀνθρώπων,
3533 518 3608 581 ὡς
3641 517 3730 586 μό-

2158 627 2247 674 νος
2275 611 2589 683 ἐγρηγορὼς
2606 612 2643 666 ἀ
2662 610 3033 676 ἐϐουλεύσατο,
3058 609 3261 663 τούτων
3288 609 3505 662 πάντων
3530 607 3729 679 ῥαδίως

2158 702 2562 774 ἐπιλαθόμενον,
2587 702 2673 756 διὰ
2695 703 2793 774 τὴν
2819 702 2927 756 τῶν
2941 700 3265 773 ἀφροδισίων
3284 699 3579 769 ἐπιθυμίαν
3595 715 3609 728 ⁸
3631 699 3729 752 καὶ

2158 791 2328 855 οὕτως
2357 793 2694 861 ἐκπλαγέντα
2728 792 2902 845 ἰδόντα
2927 791 3023 863 τὴν
3056 792 3266 863 Ἦραν,
3308 789 3449 843 ῶστε
3485 789 3609 859 μηδ’
3648 789 3729 852 εἰς

2155 882 2217 936 τὸ
2246 883 2513 954 δωμάτιον
2559 883 2765 937 ἐθέλειν
2807 882 3015 947 ἐλθεῖν,
3063 882 3178 937 ἀλλ’
3211 879 3375 936 αὑτοῦ
3406 879 3728 951 βουλόμενον

2156 976 2332 1046 χαμαὶ
2376 974 2720 1044 συγγίνεσθαι
2746 974 2971 1047 κορύδου
2998 974 3151 1045 δίκην
3170 991 3183 1003 ·
3218 972 3312 1025 καὶ
3344 972 3570 1039 λέγοντα
3588 1012 3604 1033 ,
3651 971 3730 1034 ὡς

2154 1066 2326 1130 οὕτως
2350 1066 2454 1120 ὑπὸ
2468 1066 2759 1137 ἐπιθυμίας
2782 1052 2982 1137 ἔχεται,
3005 1064 3082 1128 ὡς
3099 1062 3219 1117 ούδέ
3237 1064 3326 1116 ὅτε
3346 1061 3561 1133 πρῶτον
3581 1059 3731 1128 ἐφοί-

2153 1174 2262 1212 των
2306 1158 2443 1230 πρὸς
2486 1157 2748 1228 ἀλλήλους
2768 1198 2782 1223 ,
2831 1157 3017 1226 φίλους
3056 1155 3277 1227 λήθοντε
3320 1153 3526 1223 τοκῆας
3548 1168 3564 1181 ο
3607 1151 3731 1205 οὐδὲ

2158 1247 2368 1317 Ἀρεως
2385 1264 2445 1301 τε
2463 1246 2574 1318 (26)
2594 1247 2690 1301 καὶ
2716 1245 3034 1317 Ἀφροδίτης
3054 1244 3159 1299 ὑπὸ
3182 1242 3477 1311 Ἡφαίστου
3496 1240 3693 1311 δεσμόν
3709 1257 3726 1271 ·

2151 1337 2433 1409 οὐδ’ἐτερα
2449 1337 2690 1391 τοιαῦτα.
2704 1357 2723 1389 ι
2744 1331 2843 1389 Ὧν
2862 1335 3047 1389 τοῦτον
3074 1335 3165 1388 τὸν
3182 1335 3380 1406 τρόπον
3401 1334 3519 1404 είρη
3529 1332 3726 1402 μένων,

2151 1429 2205 1483 τί
2226 1430 2360 1500 δῆτα
2394 1428 2635 1499 βούλεται
2668 1428 2813 1499 αὐτῷ
2840 1431 2873 1499 ἡ
2909 1426 3046 1498 μετά
3078 1425 3249 1480 ταῦτα
3278 1425 3451 1494 φωνὴ,
3473 1424 3600 1485 τοὺς
3625 1421 3728 1491 μὲν

2152 1520 2380 1591 ποιητὰς
2405 1519 2540 1572 θεῶν
2572 1519 2766 1581 παῖδας
2788 1518 3148 1589 ὀνομάζουσα,
3181 1517 3273 1570 καὶ
3297 1516 3358 1568 τό
3379 1532 3439 1567 τε
3464 1513 3577 1583 (27)
3598 1513 3727 1566 ἀπι-

2153 1616 2297 1666 στεῖν
2339 1613 2521 1674 αὐτοκ
2558 1609 2817 1664 ἀδύνατον
2859 1604 2996 1663 εἶναι
3028 1611 3288 1680 φήσασα,
3341 1608 3545 1678 καίπερ
3596 1605 3726 1658 ἄνευ

2151 1704 2373 1757 εἰκότων
2405 1703 2499 1757 καὶ
2529 1701 2839 1771 ἀναγκαίων
2868 1702 3064 1765 αὐτοὺς
3096 1697 3422 1764 ἀποδείξεων
3445 1698 3573 1761 τοὺς
3597 1695 3728 1767 περί⁵

485 1762 713 1856 ipsemet
743 1762 857 1844 has.
880 1762 1079 1844 ab-illis
1108 1762 1313 1859 absque
1346 1789 1456 1844 ulla
1485 1789 1574 1844 vel
1600 1762 1934 1854 necessaria,
1961 1790 2049 1846 vel

2152 1792 2287 1846 θεῶν
2323 1792 2522 1863 μύθους
2550 1762 2719 1845 πάλαι
2745 1791 2858 1862 (28)
2898 1762 3323 1863 μαρτυραμένηξ
3358 1789 3424 1842 Τί
3456 1789 3513 1842 δέ
3540 1789 3575 1858 ἡ
3603 1762 3728 1842 ἄλο-

486 1878 757 1949 prohabtli
795 1880 1277 1946 demonstratione,
1318 1881 1578 1937 conﬁctas
1617 1881 1845 1938 deorum
1889 1879 2048 1936 fabu-

482 1974 567 2027 las
596 1986 718 2028 esse
763 1974 1032 2028 testetur?
1075 1972 1219 2039 Quid
1272 1983 1454 2027 autem
1500 1972 1906 2027 inconsiderata
1955 1971 2048 2029 illa

484 2062 639 2130 fldes,
674 2079 841 2134 quam
868 2065 1030 2121 etiam
1063 2066 1240 2137 legum
1272 2074 1416 2120 metu
1446 2072 1656 2133 septam
1687 2079 1753 2119 ac
1779 2065 2047 2119 munitam

484 2168 606 2210 esse
626 2157 831 2211 voluit?
853 2158 957 2223 Qui
987 2174 1175 2213 verum
1207 2166 1487 2228 praeterea,
1515 2156 1741 2211 deorum
1772 2156 2047 2227 principes

482 2245 696 2302 Caelum
721 2263 785 2303 ac
802 2248 1025 2304 Terram
1046 2265 1186 2314 esse,
1209 2258 1323 2305 tum
1350 2265 1537 2305 eorum
1558 2249 1753 2304 deinde
1778 2249 2044 2313 sobolem,

484 2336 781 2405 Oceanum,
815 2340 1052 2413 Tethyn,
1110 2342 1431 2409 Saturnum,
1463 2340 1655 2411 Opem,
1688 2339 1898 2408 Jovem,
1943 2357 2019 2397 ea:

486 2438 739 2498 terosque
782 2429 1037 2499 deinceps
1094 2444 1308 2494 omnes,
1348 2428 1642 2493 lunonem,
1677 2438 1733 2484 et
1781 2437 2049 2499 quotquot

482 2517 750 2576 Homerus
790 2529 952 2590 atque
979 2519 1269 2587 Hesiodus,
1299 2523 1527 2578 istorum
1567 2521 1789 2585 liberos,
1853 2521 2049 2580 fratres

482 2625 550 2666 ac
588 2619 811 2681 nepotes
844 2610 1187 2680 fabulantur,
1230 2628 1355 2668 cum
1411 2613 1501 2668 illa
1558 2614 1677 2682 ipsa
1730 2622 2041 2669 commenta

481 2702 728 2760 funditus
755 2705 839 2760 his
875 2706 1058 2763 verbis
1105 2707 1418 2762 sustulerit.
1487 2705 1629 2760 «Cui
1675 2720 1798 2775 ego,
1846 2706 2044 2775 inquit,

2147 1902 2243 1954 γος
2274 1884 2446 1937 ἐθέλει
2473 1883 2652 1947 πίστις
2670 1924 2684 1946 ,
2710 1883 2817 1935 δέει
2838 1882 2938 1953 τῆς
2964 1882 3072 1936 ἀπὸ
3102 1882 3210 1934 τῶν
3241 1881 3421 1952 νόμων
3450 1878 3725 1950 τιμωρίας

2147 1975 2579 2049 προόεϐλημένη;
2608 1976 2733 2039 Πῶς
2758 1975 2813 2029 δὲ
2846 1974 2983 2028 θεῶν
3008 1974 3235 2046 οὐρανὸς
3266 1973 3360 2026 καὶ
3390 1973 3461 2044 γῆ
3495 1970 3725 2043 πρῶτοι,

2147 2066 2337 2120 ἔπειτα
2362 2066 2564 2119 τούτων
2594 2065 2804 2135 ἔγγονοι
2822 2104 2837 2130 ,
2882 2066 3131 2129 Ὠκεανὸς
3150 2104 3165 2129 ,
3207 2066 3302 2118 καὶ
3332 2064 3513 2135 Τηθὺς
3531 2102 3547 2127 ,
3579 2061 3728 2133 Κρό-

2146 2174 2235 2220 νος
2261 2175 2352 2222 τε,
2397 2157 2492 2210 καὶ
2529 2156 2686 2219 Ῥέα,
2722 2156 2815 2208 καὶ
2844 2157 3010 2219 Ζεὺς,
3044 2154 3179 2226 μετά
3204 2153 3424 2218 τούτους
3456 2153 3723 2216 ἅπαντας,

2149 2248 2296 2319 ’Ἥρα
2322 2266 2413 2313 τε,
2444 2248 2537 2301 καὶ
2574 2248 2772 2312 πάντες
2807 2248 2856 2299 οἰ
2896 2247 3033 2317 πρὸς
3073 2247 3309 2317 Ὀμήρου
3344 2245 3441 2298 καὶ
3480 2243 3725 2297 Ἡσιόδου

2151 2337 2504 2408 μυθευόμενοι
2538 2338 2726 2402 παῖδες
2754 2337 2844 2390 καὶ⁹
2869 2336 3107 2405 ἀδελφοὶ,
3142 2336 3236 2389 καὶ
3262 2335 3473 2404 ἔγγονοι
3495 2334 3721 2397 τούτων,

2146 2427 2307 2481 ὁπότε
2334 2428 2505 2481 ταῦτα
2532 2428 2671 2481 αύτά
2694 2428 2884 2499 ἀνῄρει
2906 2428 3078 2496 λέγων
3098 2443 3113 2458 ’
3159 2427 3389 2498 «Ὅπερ,
3421 2421 3489 2497 ἦν
3511 2426 3556 2479 δ’
3588 2424 3719 2494 ἐγὼ,

2147 2523 2252 2596 χρὴ
2275 2523 2489 2596 πρῶτον
2513 2524 2606 2577 καὶ
2630 2523 2860 2594 μάλιστα
2884 2522 3215 2594 μέμφεσθαι,
3238 2521 3410 2584 ἄλλως
3427 2537 3487 2573 τε
3515 2521 3607 2574 καί
3626 2519 3725 2573 ἐάν

2147 2633 2231 2679 τις
2264 2616 2337 2687 μὴ
2365 2615 2543 2680 καλῶς
2569 2616 2849 2687 ψεύδηται.
2874 2647 2943 2656 ——
2963 2615 3026 2667 Τί
3053 2613 3243 2678 τοῦτο;
3273 2644 3344 2654 -
3374 2614 3543 2667 Ὅταν
3570 2612 3723 2666 εἰκά-

2148 2708 2217 2782 Cn
2237 2725 2320 2771 τις
2347 2706 2531 2771 κακῶς
2560 2706 2639 2778 τῷ
2669 2707 2809 2777 λόγῳ
2841 2708 2971 2778 περὶ
3005 2705 3143 2761 θεῶν
3163 2722 3224 2759 τε
3252 2706 3347 2759 καὶ
3375 2703 3590 2776 ἡρώων,
3618 2698 3723 2758 οἷοί

483 2795 631 2865 quod
653 2803 710 2851 et
736 2797 995 2866 primum,
1035 2804 1090 2853 et
1111 2797 1357 2853 omnium
1393 2797 1633 2852 maxime
1653 2798 2049 2867 reprehenden-

2151 2801 2316 2863 εἰσιν,
2357 2797 2545 2870 ὥσπερ
2585 2799 2825 2869 γραφεὺς
2858 2797 3021 2869 μηδὲν
3048 2797 3259 2851 ἐοικότα
3290 2789 3515 2868 γράφων
3542 2790 3623 2858 οἷς
3653 2792 3723 2847 ἂν

479 2883 611 2941 dum
636 2896 738 2954 est,
770 2889 1069 2957 praesertim
1102 2888 1193 2942 ubt
1222 2888 1347 2957 quis
1365 2903 1474 2941 non
1511 2896 1655 2943 recte
1673 2887 1989 2962 mentiatur.
2022 2906 2042 2940 ι

2151 2891 2304 2962 ὅμοια
2331 2890 2561 2961 βουληθῇ
2594 2890 2830 2962 γράψαν
2853 2908 2872 2941 ι
2922 2890 3014 2942 καὶ
3041 2888 3229 2944 πάλιν·
3293 2908 3312 2940 ι
3337 2887 3557 2959 Πρῶτον
3598 2886 3721 2957 μὲν,

477 3007 552 3020 -
579 2978 719 3046 Quid
768 2979 897 3035 illud
939 2980 1145 3050 porro?
1186 3008 1259 3019 —
1310 2978 1411 3034 Ubi
1459 2979 1586 3049 quis
1631 2977 1772 3035 male
1818 2960 2043 3034 deorum

2237 2981 2280 3034 δ’
2307 2980 2449 3048 ἐγὼ,
2480 2960 2557 3035 Ϋτδ
2589 2960 2841 3052 μέγιστον
2870 2978 3063 3050 ψεῦδος
3086 3022 3101 3046 ,
3134 2980 3164 3034 ὃ
3195 2979 3363 3034 εἰπὼν
3386 3019 3401 3045 ,
3447 2980 3507 3033 οὐ
3538 2977 3723 3042 καλῶς

478 3072 818 3140 heroumque
846 3080 1098 3124 naturam
1121 3069 1366 3125 oratione
1407 3076 1782 3139 repraesentat,
1817 3070 2046 3139 perinde

2151 3073 2444 3143 ἐψεύσατο,
2492 3073 2567 3137 ὡς
2595 3073 2837 3144 Οὐρανός
2871 3089 2931 3125 τε
2962 3072 3254 3145 εἰργάσατο
3279 3114 3293 3139 ,
3327 3072 3497 3143 ἀφῆσι
3526 3071 3721 3143 δρᾶσαι

476 3171 540 3219 ut
591 3163 767 3233 pictor
815 3161 1041 3223 faceret,
1082 3161 1175 3232 qui
1233 3162 1483 3216 tabellam
1544 3162 1593 3216 ei
1648 3162 1727 3217 rei
1766 3163 1915 3219 nulla
1972 3179 2041 3219 ex

2151 3163 2309 3218 αὐτὸν
2346 3164 2613 3228 Ἡσίοδος,
2649 3166 2677 3219 ὃ
2698 3181 2758 3217 τε
2789 3160 2856 3217 αὖ
2888 3162 3092 3234 Κρόνος
3119 3164 3194 3228 ὡς
3215 3164 3593 3234 ἐτιμωρήσατο
3625 3162 3725 3216 αὐ-

474 3263 630 3323 parte
658 3252 888 3307 similem
918 3249 1086 3322 69‘.
1126 3250 1389 3322 pingeret,
1433 3267 1599 3321 quam
1650 3253 1905 3323 penicillo
1944 3268 2042 3308 ex-

2151 3256 2259 3310 r6V'
2285 3276 2303 3308 ι
2341 3258 2436 3310 καὶ
2483 3257 2553 3314 τὰ
2580 3256 2788 3321 τούτοις
2816 3256 2972 3328 έξῆς·
3009 3277 3026 3309 ι
3046 3257 3172 3321 Πῶς
3193 3258 3241 3310 οἰ
3274 3242 3369 3309 νῧν
3393 3254 3604 3325 ψευδεῖς
3630 3254 3726 3308 καὶ

474 3349 819 3420 primendam
886 3348 1237 3418 suscepisset.
1308 3345 1570 3415 Itemque,
1622 3344 1898 3413 primum,
1958 3346 2044 3401 in-

2151 3350 2243 3402 οὐκ
2271 3349 2489 3421 ἀληθεῖς
2522 3352 2743 3423 ποιηταὶ
2771 3351 2930 3405 πάλιν
2961 3353 3010 3404 οἰ
3042 3351 3195 3404 αὐτοὶ
3228 3349 3365 3403 θεῶν
3394 3348 3604 3418 ἔγγονοι
3632 3347 3724 3400 λέ-

478 3456 667 3511 qnam,
698 3440 1002 3495 maximum
1028 3438 1182 3504 illud,
1213 3438 1579 3508 maximisque
1602 3437 1670 3493 de
1698 3438 1865 3494 rebus
1888 3453 2044 3494 men-

2151 3441 2308 3509 γοιντ’
2334 3441 2433 3506 ἀν;
2462 3460 2483 3495 ι
2527 3441 2687 3495 Ἀλλά
2718 3442 2825 3513 γὰρ
2857 3442 3058 3495 τούτων
3086 3441 3149 3513 δὴ
3179 3440 3339 3513 χάριν
3368 3436 3725 3501 ἀπολειπτέος

477 3535 716 3599 dacium,
778 3533 872 3604 qui
911 3531 1156 3586 narravit
1220 3528 1510 3596 Hesiodus,
1588 3529 1718 3599 quid
1782 3528 2038 3585 videlicet

2154 3533 2252 3603 μὲν
2277 3535 2407 3605 ἡμῖν
2427 3528 2599 3599 οὗτος,
2615 3534 2725 3588 δέει
2749 3535 2979 3588 θανάτου
3000 3535 3090 3588 τὸν
3121 3532 3415 3604 Ἀθηναίων
3434 3531 3603 3602 δῆμον
3624 3546 3728 3583 κα-

477 3638 659 3681 actum
688 3642 721 3681 a
748 3624 902 3681 Ctelo
937 3623 1120 3687 fuerit,
1148 3636 1425 3693 quamque
1452 3621 1695 3678 vicissim
1741 3621 1792 3676 ei
1826 3637 2044 3691 poenam

2151 3623 2631 3697 θυποκρινάμενος’
2655 3627 2909 3698 τιμητέος
2926 3627 2981 3680 δὲ
2995 3626 3257 3695 Μωῦσῆς,
3280 3625 3351 3678 τά
3370 3642 3430 3678 τε
3458 3623 3727 3694 Ἐϐραίων

474 3711 750 3771 Saturnus
795 3714 1119 3785 reposuerit,
1145 3727 1429 3783 perperam
1454 3711 1679 3766 omnino
1705 3711 2001 3767 confinxit.
2019 3732 2039 3765 ι

2151 3718 2305 3787 λόγια
2335 3717 2580 3788 καθαρᾶς
2611 3718 2903 3790 ἐξεχόμενα
2932 3719 3106 3772 διόλου
3138 3718 3237 3789 τῆς
3283 3717 3450 3788 μόνης
3490 3712 3728 3787 ἀληθοῦς

476 3805 543 3861 Ει
574 3821 698 3877 quae
737 3814 1064 3877 sequuntur.
1111 3804 1215 3872 Qui
1266 3804 1482 3860 tandem
1512 3804 1729 3871 amabo,
1777 3819 1919 3874 quos
1950 3806 2038 3862 hie

2151 3809 2239 3861 καὶ
2264 3808 2535 3872 ἀπλανοῦς
2560 3810 2857 3874 εὐσεϐείας.
2890 3809 3002 3863 Θέα
3032 3809 3096 3881 δὴ
3122 3810 3215 3863 καὶ
3243 3808 3388 3864 ἄλλο.

475 3917 649 3959 vanos
675 3917 739 3958 ac
765 3901 1053 3956 mendaces
1084 3898 1336 3970 appellat,
1396 3897 1559 3953 iidem
1610 3898 1714 3968 ipsi
1753 3907 1927 3969 poetae
1989 3899 2215 3955 deorum
2256 3911 2481 3972 nepotes
2523 3902 2864 3958 habeantur?
2900 3901 3030 3957 Jure
3079 3902 3339 3956 nimirum
3401 3914 3466 3954 ac
3525 3898 3727 3952 merito

476 3998 867 4069 relinquendus
898 3998 1002 4051 iste
1029 3995 1207 4063 nobis,
1239 3994 1333 4065 qui
1372 3994 1566 4049 mortis
1594 4004 1742 4071 metu
1804 3995 2067 4064 populum
2104 3996 2492 4053 Atheniensem
2524 3998 2851 4053 histrionum
2904 4013 3059 4053 more
3120 3996 3497 4052 demulcebat:
3532 3993 3727 4051 ohserb

476 4093 689 4147 vandus
711 4098 901 4145 contra
932 4086 1168 4160 Moyses,
1215 4094 1270 4143 et
1328 4086 1701 4156 amplectenda
1729 4074 2082 4144 Hebraeorum
2121 4090 2367 4154 oracula,
2424 4107 2545 4161 qua:
2573 4092 2786 4147 sincera
2829 4107 3078 4163 prorsus,
3120 4107 3334 4164 unaque
3375 4092 3530 4160 adeo,
3561 4106 3727 4147 vera—

479 4198 603 4255 que,
653 4192 708 4237 et
736 4183 805 4237 ab
846 4181 995 4236 omni
1030 4195 1216 4235 errore
1244 4193 1415 4234 vacua
1449 4180 1647 4250 pietate
1670 4179 2038 4252 :anteeellunt.
2081 4182 2200 4239 Jam
2234 4185 2383 4240 aliud
2435 4184 2539 4240 hoe
2572 4185 2803 4240 intuere.

1057 4291 1301 4349 'CAPUT
1334 4291 1453 4347 XV.

2653 4275 3045 4330 ΚΕΦΛΛΑΙΟΝ
3086 4274 3187 4328 ΙΕ’.

483 4410 605 4493 Non
637 4411 693 4463 in
720 4409 959 4493 omnibus
988 4404 1251 4493 Plutonis,
1284 4403 1373 4493 sed
1410 4403 1776 4493 [febr-reorum,
1811 4409 2043 4472 proban-

2153 4389 2283 4439 Ὅτι
2311 4388 2401 4468 μὴ
2444 4389 2705 4441 καθόλου
2742 4386 2929 4453 ὀρθῶς
2955 4389 2987 4438 ὀ
3026 4385 3276 4439 Πλάτων
3306 4384 3413 4438 τὸν
3441 4385 3573 4454 περὶ
3605 4383 3727 4442 τῶν

2151 4474 2382 4493 unm-nn»
2413 4455 2638 4493 Μἰη-ιιῖιυ
2669 4458 2970 4493 ῥανίδες-νινε
3026 4456 3220 4493 Iri-una."
3266 4456 3302 4493 ἡ
3322 4459 3341 4493 1
3366 4456 3401 4493 2³
3447 4455 3699 4493 Ῥβηηῗηι

1282 4456 1487 4528 naturis
1516 4456 1968 4544 disputationem:
1982 4456 2007 4457 id

2151 4456 2382 4525 νοητῶν
2412 4456 2638 4512 οὐσιῶν
2667 4458 2970 4525 ἐξώδευσε
3007 4456 3222 4525 λόγον-ζ
3266 4456 3401 4509 ἀλλ’
3447 4456 3723 4525 Ἑϐραῖοι.

547 4588 806 4655 Naturas,
839 4588 980 4643 inter
1004 4586 1233 4641 rationis
1278 4584 1593 4656 participes,
1626 4585 1858 4650 medias,
1888 4596 2046 4642 ortus

2232 4568 2469 4639 Ἑϐραῖοι
2502 4569 2598 4638 τὴν
2632 4568 2803 4639 μέσην
2842 4566 2949 4619 τῶν
2981 4565 3212 4634 λογικῶν
3241 4566 3402 4635 φύσιν
3432 4568 3723 4640 γεννητὴν,

482 4682 567 4737 sui
598 4652 926 4752 principium
960 4678 1220 4733 habuisse
1275 4652 1491 4731 llehraei
1536 4678 1754 4732 docent.
1816 4676 2048 4733 Easdem

2151 4657 2262 4712 ἀλλ’
2292 4660 2390 4711 οὐκ
2418 4658 2709 4727 ἀγέννητον
2735 4652 2873 4709 εἷναί
2907 4673 3058 4725 φασι.
3094 4656 3312 4729 Ταύτην
3347 4656 3403 4709 δὲ
3429 4659 3509 4720 εἰς
3532 4657 3730 4729 νοερᾶς

483 4774 541 4829 in
570 4772 752 4828 varios
786 4770 1114 4837 spiritalium
1142 4768 1575 4824 substantiarum
1606 4768 1828 4823 ordines
1856 4768 2047 4823 distri—

2151 4749 2334 4813 ούσίας
2352 4749 2682 4821 διαιροῦντες
2704 4746 2783 4819 τῷ
2805 4747 2947 4818 λόγῳ
2964 4786 2978 4810 ,
3005 4747 3305 4817 πνεύματα,
3327 4748 3421 4801 καὶ
3442 4747 3723 4818 δυνάμεις,

481 4865 669 4930 hutas,
702 4863 951 4933 spiritus,
978 4861 1229 4927 virtutes,
1259 4858 1354 4915 Dei
1396 4859 1770 4925 administros,
1831 4860 2050 4930 angelos

2151 4841 2245 4894 καὶ
2270 4838 2405 4892 Θεοῦ
2431 4838 2803 4910 λειτουργοὺς,
2849 4835 3113 4905 ἀγγέλους
3139 4852 3200 4888 τε
3232 4835 3327 4889 καὶ
3355 4834 3731 4906 ἀρχαγγέλους

483 4965 648 5026 atque
679 4954 1037 5024 arehaugelos
1066 4952 1370 5007 nominant.
1416 4950 1537 5015 Quo
1563 4964 1629 5006 ex
1660 4965 1907 5011 numero,
1943 4950 2047 5021 qui

2151 4932 2596 5004 ἐπονομάζουσιν.
2660 4932 2752 4986 Ἐκ
2791 4930 2849 4984 δὲ
2876 4932 2976 5001 τῆς
3001 4932 3207 4984 τούτων
3235 4928 3604 4993 ἀποπτώσεως
3630 4928 3727 4983 καὶ

2153 5027 2515 5097 παρατροπῆς
2537 5026 2598 5079 τὸ
2617 5024 2885 5095 δαιμόνων
2909 5023 3083 5091 γένος,
3116 5022 3209 5076 καὶ⁵
3234 5023 3345 5076 πᾶν
3369 5022 3431 5075 τὺ
3449 5022 3550 5091 τῆς
3569 5021 3735 5073 ἐνανέ

2151 5118 2269 5183 τίας
2291 5120 2386 5173 καὶ
2417 5117 2695 5191 μοχθηρᾶς
2715 5117 2991 5189 ἐνεργείας
3022 5112 3161 5179 εἶδος
3192 5115 3489 5183 εἰσάγουσι.
3526 5114 3727 5183 Διόπερ

2152 5209 2271 5262 οὐδὲ
2296 5207 2451 5271 θεοὺς
2496 5207 2874 5278 ἐπιτρέπουσιν
2911 5206 3161 5278 ἡγεῖσθαι
3197 5207 3321 5270 τοὺς
3367 5204 3440 5275 μὴ
3471 5204 3534 5257 τὸ
3562 5202 3729 5257 καλὸν

2154 5300 2247 5351 καὶ
2269 5298 2469 5366 ἀγαθὸν
2486 5296 2785 5368 ἀχώριστον
2811 5296 3022 5365 φύσεως
3063 5296 3454 5366 ἐπαγομένους.
3477 5293 3610 5347 ἀλλὰ
3631 5293 3725 5347 καὶ

2153 5389 2212 5442 τὸ
2241 5385 2377 5443 εἶναι
2405 5390 2467 5441 ού
2494 5388 2623 5457 παρ’
2657 5387 2859 5441 ἑαυτῶν
2883 5427 2898 5451 ,
2925 5388 3075 5459 παρὰ
3102 5387 3160 5441 δέ
3189 5385 3280 5441 τοῦ
3312 5386 3527 5440 πάντων
3552 5385 3726 5439 αἰτίου

2067 4922 2108 4956 κ

484 5054 677 5117 suapte
725 5046 882 5115 culpa
910 5044 1241 5107 ceciderunt,
1298 5044 1604 5098 daemonum
1648 5056 1716 5096 ex
1761 5041 1829 5095 iis
1856 5056 2049 5111 genus,

482 5141 703 5208 vimque
757 5151 974 5192 omnem
1015 5134 1330 5189 hominibus
1361 5133 1638 5187 inimicam
1687 5130 2053 5201 infestamque

484 5230 710 5285 ducunt.
753 5228 1021 5295 Quocirca
1062 5244 1163 5282 nec
1207 5242 1300 5282 eos
1348 5226 1575 5281 deorum
1614 5225 1669 5278 in
1702 5225 1824 5280 loco
1855 5224 2044 5279 haberi

484 5322 787 5392 patiuntur,
827 5321 921 5391 qui
954 5335 1060 5374 non
1100 5336 1167 5374 ex
1197 5334 1315 5373 sese
1357 5318 1519 5372 modo
1568 5317 1792 5370 insitum
1843 5325 2053 5373 natura:

487 5427 601 5467 suae
647 5428 712 5466 nc
769 5412 1051 5467 nronrium
1107 5412 1400 5466 honestum
1452 5410 1765 5479 bonumque
1813 5425 1919 5464 non
1952 5411 2051 5465 ha-

2153 5586 2396 5640 τοιαῦτα.

2228 5657 2341 5724 (97)
2375 5654 2535 5709 Forte
2567 5654 2673 5709 del.
2702 5671 2780 5707 τε.

2226 5726 2338 5793 (Ξ8)
2373 5724 2536 5781 Forte
2562 5724 2808 5792 ποιῆσαι.

560 5583 672 5656 (26)
705 5589 916 5656 Ἄρεώς
948 5606 1045 5654 τε,
1081 5598 1186 5645 etc.
1220 5586 1298 5642 lta
1320 5590 1469 5643 hunc
1506 5588 1687 5642 locum
1719 5603 1784 5642 ex
1830 5587 2054 5643 Platone

486 5657 1003 5744 restitultrn‘usncum
1030 5673 1156 5744 ante
1182 5674 1466 5744 persoan
1506 5660 1773 5744 legeretur
1801 5657 2053 5744 itAupub;

487 5740 546 5776 τε
580 5727 673 5779 καὶ
715 5725 1006 5793 Ἡφαίστου
1052 5729 1155 5787 ὑπὸ
1184 5725 1512 5798 Ἆφροδίτης
1553 5725 1770 5797 δεσμὸν,
1804 5728 1871 5781 δι’
1892 5725 2057 5795 ἕτερα
