4122 6452
357 372 497 426 1145

1508 373 1833 429 PREPAR.
1868 373 2118 431 EVANG.
2156 374 2286 429 LIB.
2324 374 2460 430 XIII.

3451 374 3593 433 “£6

354 486 816 557 ὲπενηνεγμένους
838 505 851 518 ·
875 487 936 542 τό
959 505 1016 541 τε
1042 482 1100 541 εὖ
1130 482 1269 541 εἶναι
1297 488 1390 541 καί⁹
1409 488 1506 559 τὴν
1531 491 1732 562 ἀρετὴν
1755 530 1770 555 ,
1800 491 1932 543 αὐτό

2036 493 2233 557 beant,
2278 508 2468 547 verum
2497 493 2661 546 etiam
2689 507 2756 548 ne
2787 491 2897 548 sint
2930 492 3036 564 ipsi
3078 490 3298 564 quidem
3336 504 3433 560 per
3460 505 3602 557 sese,

354 596 415 632 τε
436 579 498 632 τὸ
519 578 802 643 ἀθάνατον,
823 578 946 632 οὔτε
968 579 1047 650 τῷ
1066 581 1156 633 ἐπὶ
1178 581 1392 633 πάντων
1415 580 1533 651 Θεῷ
1553 582 1753 651 ὁμοίως
1769 620 1783 644 ,
1803 580 1927 633 οὕτε

353 668 420 722 δι’
446 663 506 723 οὗ
526 668 594 721 τὰ
616 669 792 724 πάντα
815 671 1040 739 συνέστη
1062 670 1504 743 ἐπιφερομένους.
1544 672 1600 724 '0
1622 672 1678 725 δέ
1704 690 1766 741 γε
1788 673 1929 725 Πλά-

353 775 462 811 των
494 759 817 828 ἀσωμάτους
861 761 958 829 μὲν
997 760 1092 813 καὶ
1128 761 1327 831 νοητὰς
1361 760 1547 824 οὐσίας
1574 761 1672 825 τὰς
1708 761 1929 830 λογικὰς

355 848 544 918 φύσεις
575 850 775 918 ὁμοίως
819 849 1089 921 Ἑϐραίοις
1121 851 1374 922 ὑφίστησι
1396 893 1410 916 ,
1438 852 1711 905 διαπίπτει
1744 853 1798 906 δὲ
1831 857 1929 925 τῆς

353 939 672 1004 ἀκολουθίας
689 958 704 971 ο
723 940 937 1012 πρῶτον
965 940 1061 1012 μὲν
1085 944 1409 1014 ἀγεννήτους
1435 939 1569 997 εἰναι
1591 944 1811 1013 φάσκων
1836 946 1930 998 αὐ-

351 1025 452 1088 τάς
475 1066 489 1090 ,
523 1025 712 1099 ὥσπερ
758 1029 852 1082 καὶ
894 1031 1070 1083 πᾶσαν
1099 1030 1307 1103 ψυχήν⁸
1350 1032 1517 1085 ἔπειτ’
1548 1033 1605 1099 ἐξ
1633 1035 1932 1105 ἀπορροίας

349 1116 451 1187 τῆς
482 1117 574 1170 τοῦ
605 1117 818 1192 πρώτου
851 1121 1025 1175 αἰτίου
1061 1124 1320 1194 συστῆναι
1347 1122 1520 1192 λέγων
1545 1141 1557 1154 ·
1582 1125 1701 1178 οὐδὲ
1731 1126 1838 1198 γὰρ
1866 1129 1931 1180 ἐκ

351 1211 446 1268 τοῦ
481 1214 554 1285 μὴ
584 1214 731 1277 ὄντος
764 1215 932 1279 αὑτὰς
966 1216 1246 1284 γεγονέναι
1274 1216 1471 1271 διδόναι
1512 1217 1775 1287 βούλεται.
1841 1219 1932 1273 Διὸ

351 1303 447 1358 καὶ
472 1304 731 1358 πλειόνων
759 1304 896 1358 θεῶν
919 1306 1232 1360 ὑποτίθεται
1260 1300 1401 1360 εἶναι
1428 1307 1603 1376 γένος,
1634 1309 1932 1381 ἀπορροίας

350 1395 504 1459 τινὰς
521 1396 615 1448 καὶ
632 1396 901 1467 προϐολὰς
918 1397 1011 1449 τοῦ
1032 1396 1247 1467 πρώτου
1268 1400 1362 1452 καὶ
1380 1398 1473 1452 τοῦ
1491 1400 1740 1471 δευτέρου
1757 1401 1930 1454 αἰτίου

349 1486 427 1564 τῷ
461 1487 602 1558 λόγῳ
629 1488 1030 1559 ύφιστάμενος’
1062 1484 1202 1542 εἷναί
1246 1508 1305 1543 τε
1351 1490 1562 1559 ἀγαθάς
1607 1493 1704 1564 τὴν
1750 1493 1928 1562 φύσιν,

348 1563 603 1650 δῦδαμῶς
630 1598 688 1634 τε
711 1580 828 1645 οἵας
851 1599 911 1634 τε
935 1581 1036 1651 τῆς
1070 1582 1277 1645 οἰκείας
1306 1583 1563 1654 ἐκστῆναι
1594 1563 1794 1657 ἀρετῆς
1811 1624 1826 1649 ,
1848 1584 1934 1638 έν-

350 1669 440 1723 θεν
468 1672 664 1735 αύτοὺς
695 1673 789 1725 καὶ
821 1670 975 1737 θεοὺς
996 1668 1137 1726 εἶναι
1169 1672 1398 1738 δοξάζει.
1423 1674 1637 1729 Τούτων
1662 1676 1719 1728 δὲ
1747 1676 1931 1749 ἕτερον

348 1757 488 1816 εἶναι
520 1763 582 1816 τὸ
606 1763 874 1834 δαιμόνων
908 1763 1074 1833 φῦλον
1110 1766 1355 1836 ἡγεῖται,
1390 1765 1722 1838 φαυλότητος
1750 1767 1810 1821 δν
1838 1768 1933 1821 καὶ

2035 584 2127 638 sed
2150 599 2179 636 a
2215 572 2399 636 rerum
2441 584 2816 637 universarum
2848 584 3147 646 conditore,
3180 589 3241 634 ut
3272 587 3474 642 essent,
3506 593 3593 633 ac-

2038 677 2280 744 ceperint
2320 692 2335 729 :
2370 675 2463 744 qui
2494 675 2748 744 denique,
2782 686 2841 729 ut
2867 675 3004 729 bene
3037 673 3170 738 sint,
3200 671 3497 733 utvirtute,
3543 677 3605 722 ut

2037 764 2454 818 immortalitate
2482 763 2784 834 gaudeant,
2821 778 2890 817 ne
2920 762 3135 817 dotibus
3165 758 3383 829 quidem
3416 757 3605 810 fruan-

2037 866 2127 910 tur
2159 855 2285 921 illis,
2322 858 2597 924 quomodo
2645 864 2738 909 aut
2778 861 3084 924 praepotens
3126 866 3308 905 rerum
3358 848 3601 903 omnium

2038 941 2201 1007 Deus,
2239 949 2334 995 aut
2367 940 2597 995 Verbum
2629 941 2784 1006 illud,
2827 939 2985 1007 cujus
3020 937 3067 989 vi
3104 936 3287 990 omnia
3325 932 3599 986 exstitere.

2040 1032 2110 1086 At
2138 1032 2311 1096 Plato,
2350 1032 2475 1086 licet
2500 1045 2626 1085 cum
2672 1028 2913 1084 Hebraeis
2952 1036 3175 1081 naturas
3207 1023 3474 1094 quasdam
3509 1035 3603 1073 ra-

2037 1122 2189 1177 tione
2216 1122 2497 1192 prmditas,
2530 1122 2884 1189 incorporeas
2931 1134 2994 1173 ac
3023 1117 3294 1186 spiritales
3330 1128 3453 1168 esse
3489 1119 3603 1166 sta-

2040 1223 2176 1277 tuat,
2208 1213 2353 1267 haud
2391 1223 2569 1267 tamen
2620 1220 2982 1266 consentanea
3033 1209 3296 1277 loquitur,
3322 1207 3449 1259 dum
3480 1217 3603 1257 eas-

2036 1307 2182 1372 dem,
2239 1306 2418 1376 primo
2475 1304 2932 1375 quemadmodum
2976 1313 3032 1357 et
3070 1301 3307 1354 animam
3359 1310 3600 1359 omnem,

2035 1399 2187 1454 nullo
2239 1407 2362 1453 ortu
2428 1407 2731 1469 generatas,
2785 1396 2980 1451 deinde
3040 1393 3273 1464 quadam
3322 1405 3389 1443 ex
3439 1387 3600 1457 primi

2036 1492 2288 1564 principii
2335 1491 2574 1546 ﬂuxione
2618 1500 2764 1544 satas
2809 1502 2932 1543 esse
2980 1488 3157 1542 docet.
3221 1483 3406 1552 Neque
3448 1481 3595 1535 enim

2038 1588 2158 1641 illas
2188 1601 2412 1657 prorsus
2433 1583 2649 1645 enihilo
2670 1580 2946 1653 exstitisse
2973 1576 3242 1634 concedit.
3271 1574 3458 1643 itaque
3484 1571 3606 1641 plu-

2035 1681 2178 1735 rium
2213 1679 2440 1734 deorum
2510 1677 2786 1731 nationem
2852 1670 3157 1733 constituit,
3223 1682 3363 1737 quos
3410 1675 3605 1718 omnes

2039 1771 2198 1842 primi
2235 1769 2571 1839 secundique
2614 1765 2868 1838 principii
2918 1764 3186 1819 ﬂuxiones
3232 1758 3493 1830 quasdam
3538 1770 3604 1810 ac
3660 1769 3675 1783 ο

351 1853 655 1925 μοχθηρίας
678 1894 692 1919 ,
724 1856 819 1908 καὶ
864 1856 964 1926 τῆς
992 1856 1086 1909 ἐπὶ
1110 1856 1171 1909 τὸ
1208 1860 1389 1929 χεῖρον
1424 1858 1630 1929 τροπῆς
1656 1856 1932 1911 δεκτικόν·

2038 1861 2528 1937 proseminationes
2556 1875 2679 1915 esse
2702 1858 2852 1921 vult,
2885 1872 3007 1927 quae
3034 1854 3182 1925 quod
3211 1859 3402 1921 suapte
3435 1846 3600 1920 695

346 1938 421 1998 ὧν
453 1947 579 2010 τοὺς
622 1947 719 2017 μὲν
761 1947 999 2016 ἀγαθοὺς
1019 1988 1034 2012 ,
1067 1949 1193 2012 τοὺς
1220 1950 1277 2002 δὲ
1314 1949 1551 2019 φαύλους
1583 1945 1725 2004 εἶναί
1756 1967 1814 2003 τε
1843 1950 1932 2003 καί

2038 1964 2231 2011 natura
2262 1954 2419 2008 bona:
2452 1953 2582 2016 sint,
2610 1967 2711 2007 nec
2744 1950 2854 2003 ullo
2890 1963 3134 2018 unquam
3187 1944 3349 2000 modo
3382 1940 3601 2012 propria

346 2035 728 2108 ὀνομάζεσθαι.
763 2040 946 2094 Ταῦτα
970 2041 1027 2094 δὲ
1064 2040 1214 2112 παρά
1241 2043 1309 2096 τὰ
1355 2042 1622 2113 Ἑϐραίοις
1648 2041 1930 2106 δοκοῦντα,

345 2129 535 2183 τοῦτον
565 2131 896 2202 ὑποθέμενος
924 2132 1014 2184 τὸν
1044 2132 1265 2203 τρόπον,
1293 2134 1394 2187 οὐκ
1421 2134 1743 2187 ἀποδίδωσιν
1762 2174 1777 2199 ,
1806 2134 1935 2187 ὁπό-

347 2220 438 2275 θεν
463 2222 761 2293 ὑποστῆναι
779 2224 943 2294 φάναι
964 2224 1110 2288 εἰκὸς
1131 2226 1257 2289 τοὺς
1274 2224 1552 2296 δαίμονας.
1592 2227 1685 2278 Ἐκ
1709 2225 1935 2297 μὲνγὰρ

345 2311 446 2381 τῆς
460 2311 567 2364 τῶν
582 2312 886 2383 ἀσωμάτων
903 2313 1012 2384 (29)
1032 2312 1161 2384 ὕλης
1184 2314 1360 2377 οὐδεὶς
1385 2313 1450 2368 ἂν
1469 2314 1588 2368 νοῦν
1615 2314 1750 2385 ἔχων
1771 2315 1931 2368 εἴποι·

346 2402 540 2470 ἄλογος
581 2402 690 2474 γὰρ
732 2403 900 2473 αὕτη·
945 2403 1138 2472 λογικὰ
1170 2404 1214 2457 δ’
1249 2406 1348 2458 οὐκ
1380 2404 1445 2459 ἄν
1486 2423 1616 2459 ποτε
1650 2406 1709 2471 ἐξ
1738 2407 1932 2475 ἀλόγου

345 2493 588 2565 τεχθείη,
605 2495 811 2562 λογικοὶ
830 2494 885 2548 δὲ
904 2496 954 2548 οἱ
973 2496 1247 2566 δαίμονες.
1268 2497 1330 2549 Εἰ
1349 2496 1393 2549 δ’
1410 2498 1474 2550 ἐκ
1493 2497 1591 2568 τῆς
1612 2497 1720 2550 τῶν
1753 2514 1935 2570 κρειτ-

347 2586 519 2639 τόνων
539 2587 840 2658 ἁπορῤοίας
864 2580 1031 2652 οὗτοι,
1051 2589 1146 2643 καὶ
1167 2588 1284 2653 πῶς
1302 2589 1362 2642 ού
1394 2589 1505 2643 θεοὶ
1530 2591 1624 2644 καὶ
1645 2591 1797 2644 αὐτοὶ
1820 2595 1936 2656 τοῖς

349 2677 732 2748 γεγεννηκόσιν
756 2677 812 2745 ἐξ
830 2679 942 2732 ἴσου
964 2699 978 2745 ;
997 2679 1189 2748 πῶςξδ’,
1206 2681 1416 2751 ἀγαθῆς
1434 2680 1599 2754 οὕσης
1615 2684 1818 2755 πηγῆς,
1837 2683 1934 2754 οὐχ

350 2769 510 2840 ὅμοια
536 2769 630 2822 καὶ
651 2770 720 2823 τὰ
745 2771 874 2841 παρ’
899 2771 1096 2842 αύτῆς;
1119 2772 1316 2837 κακίας
1333 2772 1378 2826 δ’
1396 2774 1453 2825 ὲν
1482 2776 1592 2837 τοῖς
1608 2773 1877 2843 δευτέροις
1896 2777 1930 2846 ἡ

353 2860 554 2934 βλάστη
591 2861 753 2914 πόθεν
800 2862 962 2933 ἐξέφυ
983 2902 998 2927 ,
1044 2862 1146 2934 τῆς
1178 2862 1334 2935 ῥίζης
1363 2863 1569 2919 ἄνωθεν
1603 2864 1661 2931 ἐξ
1712 2865 1934 2934 ἀγαθῶν

355 2951 571 3023 ἱούσης;
598 2951 714 3016 πῶς
737 2951 779 3005 δ’
796 2953 861 3007 ἂν
886 2953 1095 3018 γένοιτο
1121 2955 1315 3026 πικρὸν
1338 2955 1445 3008 ἀπὸ
1471 2955 1564 3010 τοῦ
1595 2956 1847 3024 γλυκέος;
1868 2957 1932 3010 Ei

353 3042 411 3096 δὲ
432 3043 494 3122 δὴ
522 3044 745 3107 σκότους
767 3043 965 3108 παντὸς
987 3044 1080 3098 καὶ
1101 3044 1328 3117 πικρίας
1351 3046 1532 3118 πάσης
1553 3047 1932 3118 χαλεπωτερον

439 3134 546 3188 τῶν
579 3135 868 3240 μοχθηρῶν
895 3135 1162 3206 δαιμόνων
1189 3137 1371 3205 γένος,
1406 3137 1522 3201 πῶς
1553 3138 1613 3203 ἐξ
1636 3139 1932 3211 ἀπορροίας
1961 3183 2003 3240 c

352 3224 551 3295 λέγοιτ’
576 3225 640 3279 ἂν
663 3227 763 3296 τῆς
785 3224 894 3278 τῶν
915 3228 1234 3297 κρειττόνων
1261 3227 1503 3297 φύσεως;
1529 3232 1576 3282 εἰ
1604 3229 1648 3282 δ’
1671 3231 1734 3283 ἐκ
1772 3229 1933 3300 τῆσδε

350 3311 443 3390 ἦν,
465 3317 572 3371 οὐδ’
595 3316 660 3370 ἂν
683 3318 892 3390 ἐτράπη
917 3320 1015 3389 τῆς
1039 3321 1245 3385 οἰκείας
1265 3320 1449 3387 ἕξεως.
1480 3321 1542 3373 Ei
1560 3321 1603 3373 δ’
1625 3320 1931 3391 ἠλλοίωται,

352 3408 463 3462 οὐδ’
490 3404 559 3480 ἦν
590 3409 688 3481 τὴν
720 3409 892 3481 ἀρχὴν
925 3410 1133 3473 ἀπαθὲς
1157 3411 1256 3483 τὴν
1290 3412 1468 3479 φύσιν.
1505 3412 1568 3464 Ei
1601 3411 1645 3464 δ’
1666 3413 1727 3464 ού
1756 3412 1934 3465 τοιάδε

355 3499 467 3572 (50)
494 3496 562 3572 ἦν
583 3540 597 3561 ,
628 3502 724 3555 καὶ
754 3501 871 3565 πῶς
898 3500 1009 3555 θεοὶ
1036 3497 1164 3567 εἷεν,
1199 3502 1247 3555 οἳ
1270 3502 1334 3574 δὴ
1365 3503 1571 3573 φαύλης
1602 3498 1702 3557 οἷοί
1736 3503 1794 3557 τέ
1828 3506 1932 3557 εἰσι

356 3594 606 3664 μετέχειν
647 3593 874 3665 μοίρας;
923 3592 1065 3645 Ἀλλ’
1094 3596 1143 3646 εί
1182 3596 1317 3665 μήτε
1349 3594 1447 3666 τῆς
1478 3595 1583 3650 τῶν
1610 3596 1933 3666 κρειττόνων

351 3681 670 3755 ἀπορροίας,
701 3682 820 3754 μηδ’
854 3678 921 3736 αὖ
954 3684 1052 3754 τῆς
1079 3682 1187 3736 τῶν
1216 3684 1481 3755 σωμάτων
1506 3684 1636 3756 ὕλης
1659 3682 1788 3753 εἷεν,
1814 3686 1933 3758 ὥρα

350 3774 385 3845 ἢ
412 3775 738 3846 ἀγεννήτους
769 3774 949 3843 λέγειν
969 3817 983 3839 ,
1013 3775 1108 3828 καὶ
1139 3776 1273 3846 πρὸς
1289 3779 1354 3848 τῇ
1384 3777 1664 3848 ἀγεννήτῳ
1694 3777 1793 3851 ὕλῃ
1824 3778 1932 3832 τῶν

353 3866 640 3937 σωμάτων,
654 3866 832 3938 τρίτον
855 3870 1037 3935 στῖφος
1055 3857 1284 3936 λογικῶν
1303 3870 1608 3941 ἀγεννήτων
1630 3870 1931 3941 ἀντιπαρα-

349 3957 564 4011 τάττειν
583 3956 661 4028 τῷ
681 3956 799 4029 Θεῷ
813 3974 826 3987 ·
848 3956 1031 4010 οὐκέτι
1049 3974 1109 4009 τε
1130 3957 1220 4011 τὸν
1236 3957 1368 4011 Θεὸν
1388 3959 1604 4013 πάντων
1624 3955 1759 4013 εἶναι
1775 3977 1932 4031 ποιη-

348 4049 452 4119 τὴν
473 4048 567 4102 καί
588 4048 916 4120 δημιουργὸν
938 4049 1047 4102 τῶν
1070 4049 1205 4103 ὅλων
1226 4049 1563 4103 ἀποδιδόναι·
1586 4051 1619 4122 ἢ
1640 4051 1785 4104 τοῦθ’
1803 4054 1958 4133 όμο-⁹

348 4137 663 4208 λογοῦντας,
688 4142 782 4194 καί⁵
804 4141 871 4195 τὰ
893 4141 966 4213 μὴ
988 4140 1115 4194 ὄντα
1134 4143 1308 4194 ποιεῖν
1338 4141 1497 4194 αὐτὸν
1522 4145 1634 4206 τοῖς
1665 4142 1930 4215 Ἐϐραίων

352 4231 658 4304 συμφώνως
688 4231 967 4301 ὁμολογεῖν
999 4229 1194 4300 λόγοις.
1231 4229 1363 4283 Τίνα
1402 4230 1458 4283 δὲ
1503 4231 1611 4283 οἵδε
1638 4233 1766 4303 περί
1792 4234 1928 4287 τῶν-

347 4322 407 4378 δε
436 4323 841 4387 ὲκδιδάσκουσι;
885 4321 978 4393 τὴν
1007 4321 1178 4392 μέσην
1209 4320 1316 4372 τῶν
1343 4320 1577 4389 λογικῶν
1612 4322 1789 4391 φύσιν,
1817 4322 1928 4377 οὔτ’

350 4416 419 4470 ἐκ
438 4415 536 4486 τῆς
553 4414 659 4467 τῶν
680 4415 943 4484 σωμάτων
964 4412 1113 4477 ὕλης,
1131 4410 1243 4465 οὔτ’
1263 4411 1321 4475 ἐξ
1338 4411 1636 4482 ἀπορροίας
1653 4413 1750 4480 τῆς
1770 4414 1930 4481 ἀγεν-

2035 2045 2239 2099 virtute
2286 2040 2509 2112 spoliari
2544 2047 2768 2108 queant,
2794 2037 2863 2091 ab
2888 2049 2953 2089 eo
2994 2040 3279 2104 propterea
3331 2028 3406 2083 dii
3453 2025 3603 2095 judi-

2036 2143 2252 2191 cantur.
2318 2132 2394 2189 Ab
2440 2131 2528 2185 his
2573 2128 2843 2184 diversam
2877 2125 3186 2180 daemonum
3229 2120 3446 2175 turbam
3474 2128 3601 2171 esse

2034 2233 2209 2296 putat,
2237 2238 2359 2294 qua:
2402 2220 2801 2291 improbitatem
2844 2231 2907 2271 ac
2945 2215 3123 2271 scelus
3149 2211 3454 2273 admittere,
3519 2211 3602 2259 at-

2036 2334 2142 2389 que
2184 2318 2239 2372 in
2274 2316 2517 2371 deterius
2546 2312 2746 2366 mutari
2782 2309 2954 2380 possit
2983 2327 2996 2361 :
3022 2322 3089 2362 ex
3136 2304 3337 2376 quibus
3376 2297 3605 2371 proinde

2036 2388 2167 2463 boni
2200 2407 2448 2477 quidam,
2478 2401 2711 2473 improbi
2759 2400 2851 2453 alii
2894 2398 3004 2453 sint
3028 2411 3092 2451 ac
3140 2400 3426 2449 vocentur.
3469 2388 3605 2455 Quae

2035 2515 2157 2555 cum
2186 2502 2320 2569 ipse,
2360 2504 2554 2567 praeter
2586 2493 2937 2548 Hebraeorum
2981 2497 3213 2543 mentem
3262 2501 3326 2540 ac
3353 2497 3600 2546 sensum,

2035 2592 2108 2645 ita
2154 2590 2362 2655 statuit,
2412 2587 2554 2642 unde
2585 2585 2800 2640 tandem
2836 2598 2960 2638 cum
3017 2582 3198 2650 aliqua
3250 2578 3361 2632 veri
3404 2575 3587 2645 Specie

2033 2683 2306 2737 daemones
2330 2678 2601 2735 exstitisse
2630 2678 2899 2738 dicamus,
2941 2688 3048 2727 non
3085 2671 3340 2740 explicat.
3367 2666 3501 2720 Nam
3526 2679 3594 2719 ex

2034 2786 2419 2844 eorporearum
2468 2771 2684 2840 quidem
2716 2783 2898 2821 rerum
2946 2764 3173 2819 materia
3226 2775 3389 2816 nemo
3431 2771 3602 2813 sanus

2033 2865 2263 2931 dixerit;
2299 2871 2382 2918 est
2409 2863 2554 2917 enim
2585 2861 2673 2914 illa
2701 2858 2932 2913 rationis
2963 2871 3159 2925 expers
3186 2872 3200 2908 :
3234 2851 3380 2921 quod
3415 2857 3599 2903 autem

2033 2957 2241 3012 ratione
2271 2954 2557 3025 praeditum
2581 2961 2685 3015 est,
2724 2951 2775 3005 id
2799 2965 2862 3003 ex
2891 2962 2958 3002 eo
2982 2946 3124 3016 quod
3162 2944 3376 2999 ratione
3405 2947 3595 2996 careat

2033 3050 2176 3120 gigni
2206 3064 2314 3102 non
2347 3054 2544 3117 potest,
2592 3044 2800 3098 ratione
2844 3051 3027 3096 autem
3079 3035 3294 3107 prrediti
3322 3035 3599 3089 daemones

2035 3148 2184 3195 sunt.
2229 3137 2322 3193 Sin
2372 3147 2553 3192 autem
2600 3135 2943 3204 superiorum
2977 3141 3294 3185 naturarum
3330 3139 3596 3196 propaga-

2035 3235 2178 3289 tione
2227 3231 2328 3287 sati
2379 3231 2453 3284 illi
2489 3239 2636 3293 sunt,
2680 3228 2868 3297 quidni
2908 3239 3062 3295 aeque
3118 3238 3180 3277 ac
3211 3228 3484 3292 parentes,
3519 3216 3622 3271 dii‘

2033 3332 2159 3382 sunt
2190 3323 2292 3393 ipsi
2327 3322 2582 3393 quoque?
2609 3322 2701 3391 qui
2735 3320 2793 3374 lit
2825 3327 2885 3373 ut
2910 3333 2974 3372 ex
3000 3316 3144 3371 bono
3179 3313 3326 3367 fonte
3348 3310 3451 3364 rivi
3491 3307 3600 3362 dis-

2034 3418 2241 3473 similes
2273 3415 2556 3469 oriantur?
2614 3411 2758 3467 unde
2809 3412 2863 3465 in
2921 3405 3317 3479 posterioribus
3378 3414 3599 3471 germen

2034 3510 2165 3565 illud
2196 3507 2564 3579 improbitatis
2591 3503 2843 3577 emergit,
2876 3502 2971 3572 qui
3016 3500 3254 3555 radicem
3311 3494 3534 3558 habent,
3565 3505 3599 3547 a

2033 3607 2179 3654 tanta
2213 3599 2372 3670 primi
2401 3613 2573 3667 usque
2595 3594 2849 3665 principii
2870 3592 3181 3661 integritate
3202 3593 3557 3658 propagatam
3574 3580 3603 3637 ἵ

2033 3704 2140 3760 quo
2191 3689 2426 3758 denique
2479 3687 2642 3741 modo
2685 3699 2751 3739 ex
2801 3683 3054 3737 dulcibus
3108 3693 3292 3734 amara
3360 3688 3601 3730 nascun-

2037 3779 2161 3834 tur?
2223 3777 2549 3842 Enimvero,
2593 3775 2637 3831 si
2689 3773 2929 3828 tenebris
2975 3771 3275 3832 omnibus,
3337 3768 3385 3823 si
3444 3764 3600 3821 omni

2032 3869 2327 3924 acerbitate
2364 3868 2584 3938 gravius
2621 3873 2705 3920 est
2750 3863 3127 3934 improborum
3159 3861 3471 3914 daemonum
3506 3871 3600 3925 ge-

2008 3960 2156 4029 nus,
2180 3963 2303 4033 quis
2356 3962 2489 4016 illud
2524 3975 2589 4014 ex
2631 3958 2920 4013 meliorum
2948 3971 3013 4010 ac
3040 3954 3370 4009 diviniorum
3398 3958 3596 4004 natura

2030 4055 2253 4110 ﬂuxisse
2297 4053 2480 4109 dicat?
2513 4067 2575 4105 ex
2610 4065 2721 4120 quo
2755 4063 2887 4104 sane
2915 4048 2961 4103 si
3010 4045 3278 4103 ﬂuxisset,
3313 4056 3613 4109 nunquam-

2030 4162 2097 4202 ex
2141 4146 2362 4216 proprio
2394 4153 2450 4199 et
2478 4142 2711 4197 naturali
2763 4149 2907 4194 statu
2957 4137 3267 4192 excidisset.
3333 4132 3492 4199 Quod
3548 4132 3596 4187 si

2031 4245 2240 4292 tantum
2267 4233 2587 4289 mdtationis
2610 4231 2796 4286 subire
2819 4230 3016 4299 potuit,
3051 4241 3158 4281 non
3201 4227 3366 4296 igitur
3391 4223 3598 4292 princi-

2029 4330 2119 4399 pio
2151 4338 2399 4382 naturam
2435 4324 2643 4386 habuit,
2679 4322 2748 4375 ab
2795 4320 2944 4375 omni
2977 4317 3221 4390 patiendi
3274 4316 3599 4371 necessitate

2029 4420 2279 4475 liberam.
2334 4416 2657 4485 Cuiusmodi
2698 4418 2746 4469 si
2797 4415 3074 4471 daemones
3124 4412 3214 4466 isti
3262 4424 3370 4463 non
3416 4417 3594 4473 erant,

348 4507 544 4579 νήτου,
592 4505 686 4558 καὶ
725 4506 810 4558 ἀεὶ
844 4504 983 4557 κατὰ
1008 4503 1076 4556 τὰ
1106 4502 1244 4555 αὐτὰ
1279 4500 1372 4555 καὶ
1397 4500 1657 4564 ὡσαύτως
1702 4502 1930 4574 ἐχούσης

2035 4512 2125 4581 qui
2158 4526 2322 4579 porro
2368 4511 2443 4564 dii
2489 4524 2611 4563 esse
2657 4509 2886 4579 possint,
2939 4508 3032 4577 qui
3089 4505 3481 4561 sceleratorum
3539 4502 3596 4556 in

348 4598 560 4663 οὐσίας,
589 4596 888 4667 ὑποστῆναί
905 4613 1035 4665 φασι
1054 4612 1068 4625 ·
1097 4593 1172 4666 μὴ
1192 4590 1357 4647 οὖσαν
1379 4593 1438 4646 δὲ
1461 4592 1742 4665 πρότερον,
1764 4594 1925 4648 δυνά-

354 4706 446 4761 μει
472 4689 782 4761 δραστηρίῳ
808 4687 902 4742 τοῦ
935 4688 1150 4742 πάντων
1182 4688 1356 4741 αἰτίου
1384 4687 1682 4756 γεγονέναι.
1741 4686 1926 4760 Ταύτῃ

348 4796 412 4834 τε
448 4780 526 4852 μὴ
557 4778 713 4844 θεοὺς
751 4776 922 4847 εἶναι,
955 4780 1090 4852 μηδὲ
1122 4778 1324 4849 κυρίως
1347 4778 1507 4849 τῆσδε
1532 4779 1629 4849 τῆς
1655 4794 1927 4848 προσηγοο

352 4872 476 4944 ρίας
495 4871 780 4943 ἠξιῶσθαι,
802 4874 884 4926 ὅτι
910 4872 1043 4945 μηδὲ
1064 4871 1164 4943 τὴν
1185 4870 1346 4942 φύσιν
1368 4868 1576 4925 ἰσοῦται
1592 4869 1672 4940 τῷ
1692 4885 1924 4940 πεποιη-

350 4964 492 5028 κότι,
517 4964 639 5036 μηδ’
658 4965 960 5036 ἀχώριστον
979 4962 1180 5034 ὁμοίως
1200 4961 1278 5034 τῷ
1301 4959 1439 5033 Θεῷ,
1458 4960 1519 5015 τὸ
1539 4961 1740 5031 ἀγαθὸν
1765 4959 1925 5031 ἐφελ-

351 5072 506 5110 κεται
522 5096 538 5120 ,
567 5055 631 5109 τό
663 5072 724 5110 τε
751 5055 830 5127 τῷ
860 5054 1011 5126 καλῷ
1041 5055 1278 5109 ἐναντίον
1309 5053 1456 5107 ἐστιν
1496 5053 1586 5107 ὅτε
1618 5053 1711 5108 καὶ
1738 5054 1925 5118 δέξατ’

350 5143 418 5199 ἂν
455 5144 715 5216 ὀλιγωρίᾳ
737 5147 834 5218 τῆς
866 5146 998 5217 περὶ
1027 5145 1089 5200 τὸ
1114 5148 1360 5217 κρεῖττον
1394 5144 1587 5216 σχολῆς
1606 5185 1622 5210 ,
1670 5145 1737 5217 ἥν
1764 5146 1927 5210 αὐτὸς

351 5235 581 5297 ἕκαστος
602 5236 749 5307 αὐτῷ
772 5237 1180 5308 κατείργασται,
1203 5237 1302 5308 τῆς
1324 5236 1530 5299 οἰκείας
1552 5238 1728 5308 ὁρμῆς
1748 5254 1807 5290 τε
1833 5238 1928 5291 καὶ

350 5326 576 5401 γνώμης
610 5328 866 5398 πεφυκὼς
897 5328 1104 5401 κύριος.
1138 5327 1320 5381 Ταῦτα
1351 5328 1446 5382 καὶ
1474 5329 1601 5399 περὶ
1627 5328 1769 5384 τάδε.
1811 5329 1922 5383 Με-

362 5423 569 5493 τίωμεν
596 5422 653 5475 δὲ
685 5424 782 5477 καὶ
805 5422 891 5491 ἐφ’
920 5422 1103 5491 ἕτερα.

2032 4604 2262 4659 classem
2301 4602 2452 4657 abire
2480 4600 2818 4671 potuerunt?
2871 4598 2990 4654 Jam
3025 4613 3178 4663 vero,
3214 4597 3261 4651 si
3288 4610 3463 4666 neque
3490 4608 3602 4649 me-

2030 4694 2261 4749 lioribus
2300 4693 2405 4747 illis
2453 4709 2517 4747 ac
2572 4692 2951 4762 superioribus
3011 4705 3079 4744 ex
3132 4688 3368 4751 naturis,
3412 4699 3592 4756 neque

2031 4801 2324 4856 corporum
2377 4800 2445 4840 ex
2496 4785 2723 4839 materia
2777 4794 2958 4838 ortum
3020 4781 3287 4846 habuere,
3348 4785 3598 4848 superest

2033 4878 2282 4944 omnino,
2319 4887 2381 4933 ut
2427 4878 2512 4933 vel
2564 4893 2660 4933 eos
2709 4891 2989 4947 nunquam
3025 4876 3239 4946 genitos
3281 4887 3404 4928 esse
3454 4872 3601 4927 dica-

2029 4984 2156 5025 mus
2177 5009 2192 5035 ,
2227 4978 2391 5041 atque
2425 4970 2499 5023 ita
2522 4977 2715 5038 praeter
2746 4968 2895 5023 illam
2943 4980 3240 5036 corporum
3283 4963 3598 5029 materiam,

2031 5079 2195 5136 quam
2219 5073 2340 5119 ortu
2371 5078 2561 5120 carere
2586 5063 2797 5127 volunt,
2823 5060 3038 5118 tertiam
3080 5060 3224 5114 hanc
3247 5065 3594 5119 naturarum,

2031 5171 2154 5227 qua:
2178 5155 2390 5210 ratione
2416 5156 2673 5225 praeditas,
2700 5164 2822 5209 ortu
2851 5152 3103 5210 similiter
3144 5157 3389 5212 careant,
3417 5147 3597 5204 natio-

2031 5264 2180 5314 nem,
2224 5263 2348 5302 cum
2399 5246 2509 5301 Deo
2558 5260 2973 5315 componamus,
3036 5241 3316 5309 Deumque
3363 5237 3597 5308 proinde

2027 5352 2209 5391 rerum
2240 5352 2466 5408 prorsus
2495 5336 2740 5390 omnium
2781 5334 3121 5389 conditorem
3152 5344 3297 5394 esse,
3333 5345 3399 5383 ac
3432 5327 3561 5381 moli

2026 5433 2200 5480 torem
2242 5441 2544 5494 negemus:
2600 5425 2684 5477 vel
2735 5425 2782 5479 si
2851 5424 3233 5478 universorum
3309 5426 3592 5489 parentem

353 5517 726 5587 agnoscimus,
771 5530 962 5571 eorum
999 5516 1164 5570 etiam
1231 5529 1354 5585 quae
1388 5516 1538 5570 nulla
1584 5527 1751 5581 sunt,
1811 5526 1870 5571 ut
1914 5516 2263 5575 Hebraeorum
2322 5521 2509 5575 litterae
2555 5511 2885 5590 praedicant,
2934 5526 3212 5573 auctorem
3279 5515 3432 5569 illum
3466 5526 3591 5568 esse

352 5607 645 5664 fateamur.
697 5608 956 5675 Quaenam
1006 5621 1136 5662 vero
1180 5605 1270 5660 illa
1319 5615 1469 5673 sunt,
1527 5624 1651 5679 quze
1699 5609 1768 5663 ab
1812 5608 1947 5665 iusis
2001 5609 2069 5666 de
2130 5625 2450 5668 naturarum
2487 5612 2716 5668 istarum
2761 5611 3070 5669 conditione
3102 5607 3435 5665 traduntur?
3483 5604 3591 5663 Eas

424 5721 538 5862 :29)
583 5720 959 5790 Ἀσωμάτων.
998 5719 1141 5773 Malo
1175 5720 1442 5791 σωμάτων
1469 5736 1532 5777 ex
1566 5736 1668 5776 ms.

446 5791 536 5860 '50)
567 5791 786 5847 Τοιάδε.
832 5789 1024 5855 Forte,
1053 5790 1264 5845 τοιοίδε.
1298 5788 1432 5845 Nam
1474 5794 1542 5846 de
1580 5792 1668 5846 die;

446 5788 536 5860 '50)
567 5788 786 5847 Τοιάδε.
832 5789 1024 5855 Forte,
1053 5788 1269 5845 τοιοίδε.
1298 5788 1432 5845 Nam
1474 5794 1542 5846 de
1580 5791 1916 5847 daemonibus
1954 5788 2212 5860 loquitur.
