4122 6412
523 359 661 417 ΗΠ

1196 359 1471 420 EUSEBII
1509 361 1993 421 CESARIENSIS
2023 364 2172 420 OPP.
2216 362 2399 420 PARS
2427 360 2495 420 ll.
2533 393 2606 407 —
2640 361 3143 420 APOLOGETICA.

3652 364 3792 420 ιιιε

522 473 705 530 medio
734 474 995 544 quodam,
1044 471 1188 529 inter
1248 475 1479 530 rationis
1525 475 1845 546 participes,
1895 477 2090 532 ordine
2128 476 2578 547 comprehensas,
2612 491 2795 547 neque
2831 492 3128 548 corporum
3190 490 3258 534 ex
3304 477 3563 544 materia,
3609 493 3787 551 neque

523 566 633 622 ulla
679 566 1006 637 cujusquam
1061 576 1183 622 ortu
1236 568 1473 625 carentis
1515 584 1582 625 ac
1623 584 1841 639 semper
1887 569 2079 624 eodem
2150 583 2274 625 sese
2347 568 2511 623 modo
2581 567 2836 624 habentis
2886 577 3097 623 natura:
3143 567 3386 624 ﬂuxione
3444 579 3593 625 satas
3654 586 3787 626 esse

522 662 756 728 docent;
798 669 852 714 at
900 658 1065 714 nulla:
1107 666 1266 713 antea
1310 675 1437 715 cum
1480 670 1686 728 essent,
1716 661 1919 717 summi
1975 676 2160 716 rerum
2201 661 2448 716 auctoris
2489 660 2731 715 omnium
2784 659 3055 716 eﬂectrice
3094 660 3147 714 vi
3200 669 3536 731 procreatas.
3601 660 3783 730 Quare

523 772 625 811 nec
657 756 791 811 deos
819 755 943 812 illas
979 770 1123 822 esse,
1176 771 1278 811 nec
1308 772 1372 812 ea
1419 758 1639 827 preprie
1695 757 2055 828 appellatione
2113 757 2387 828 dignatas,
2420 756 2567 826 quod
2616 770 2796 826 neque
2850 756 2963 811 sint
3017 754 3257 809 ellectori
3306 770 3409 810 suo
3451 764 3648 812 natura
3690 772 3787 827 pa-

523 863 631 911 res,
670 863 771 903 nec
824 849 1046 917 perinde
1096 849 1175 904 uti
1228 848 1393 914 Deus,
1429 850 1709 920 proprium
1756 849 1992 905 habeant
2031 851 2537 921 sempiternumque
2575 850 2802 911 bonum,
2856 849 2970 902 imo
3011 847 3179 920 696
3214 847 3462 919 ejusdem
3496 848 3625 903 boni
3653 865 3790 905 con-

522 937 753 995 trarium
801 939 989 995 subire
1025 938 1319 1010 aliquando
1366 940 1600 1009 possint,
1631 940 1762 994 dum
1810 939 2175 1011 negligentius
2213 939 2464 995 melioris
2507 947 2739 994 utuntur
2786 939 3205 1007 consuetudine,
3260 954 3426 1008 quam
3492 939 3599 994 sibi
3654 956 3788 1011 prov

525 1031 667 1088 lecto
717 1029 999 1094 inseverit,
1056 1029 1308 1099 quisquis
1362 1045 1591 1084 suorum
1644 1029 1760 1099 ipse
1809 1037 2085 1093 motuum,
2125 1028 2323 1099 suique
2381 1043 2582 1085 sensus
2614 1028 2824 1084 arbiter
2872 1042 2941 1083 ex
2992 1043 3116 1084 sese
3159 1043 3225 1086 ac
3271 1028 3547 1086 Dominus
3595 1028 3802 1090 fuerit.

523 1124 702 1195 Atque
732 1123 837 1179 ista
867 1121 1088 1193 quidem
1134 1122 1420 1176 hactenus.
1474 1118 1596 1175 Jam
1636 1129 1987 1177 transeamus
2037 1119 2107 1175 ad
2142 1119 2271 1175 alia.

1104 1215 1334 1272 CAPUT
1370 1215 1513 1272 XVI.

2722 1214 3118 1269 ΚΕΦΑΛΛΙΟΝ
3148 1219 3261 1284 ις’.

526 1332 603 1389 De
632 1335 830 1399 animo,
876 1349 978 1386 non
1015 1340 1151 1405 recte
1173 1328 1547 1405 ut_Hebraos,
1597 1330 1654 1384 in
1696 1330 1937 1385 omnibus
1975 1348 2096 1386 aen-

2201 1327 2330 1380 ὀτι
2344 1327 2430 1397 μὴ
2455 1326 2813 1405 ωζάξτςίιθτα
2828 1329 3014 1405 ὀρθῶς
3027 1327 3285 1405 $56520}?
3302 1330 3436 1405 περὶ
3452 1330 3663 1402 ψυχῆς
3674 1333 3811 1405 (δελ

1068 1402 1203 1455 εἰπε
1228 1399 1529 1454 Platonem.

591 1494 850 1548 Animum
892 1492 1067 1557 Plato,
1111 1491 1368 1549 Hebraeos
1426 1501 1670 1557 secutus,
1732 1495 2099 1550 immortalem

524 1584 676 1641 illum
705 1585 948 1655 quidem,
982 1600 1049 1639 ac
1087 1584 1196 1639 Deo
1228 1584 1462 1640 similem
1493 1600 1616 1641 esse
1643 1585 1871 1640 statuit:
1905 1602 2096 1641 verum

523 1674 594 1730 ab
628 1674 698 1729 iis
733 1682 922 1743 postea
954 1673 1263 1737 discedens,
1309 1675 1606 1730 essentiam
1659 1674 1780 1745 ejus
1826 1675 2096 1731 interdum

522 1767 887 1837 compositam
921 1781 1044 1822 esse
1098 1767 1236 1829 vult,
1273 1766 1432 1835 quasi
1466 1777 1674 1835 partem
1731 1766 1959 1821 alteram
2001 1767 2094 1823 ha-

523 1856 667 1922 heat,
702 1871 768 1911 ex
816 1855 1097 1911 individua
1146 1856 1340 1924 suique
1373 1869 1589 1924 semper
1618 1853 1784 1910 simili
1811 1869 1977 1910 causa
2003 1855 2098 1909 de-

521 1946 769 2010 libatam,
800 1946 1024 2001 alteram
1052 1962 1119 2001 ex
1166 1944 1387 2000 dividua
1422 1958 1715 2014 corporum
1751 1956 1948 2000 natura
2000 1943 2099 1999 de-

519 2047 785 2108 cerptam.
844 2039 1137 2093 Enimvero
1160 2038 1242 2093 sic
1276 2037 1394 2107 ipse
1424 2037 1607 2093 verbis
1641 2036 1866 2092 totidem
1916 2038 1971 2091 in
2002 2035 2098 2090 Ti-

522 2144 675 2183 maeo.
733 2147 753 2181 ι
778 2129 849 2183 At
883 2129 993 2192 ille,
1030 2128 1226 2199 inquit,
1261 2128 1530 2191 animum,
1563 2141 1813 2196 corpore,
1842 2137 1953 2182 tam
1973 2135 2098 2181 ortu

520 2234 688 2289 quam
711 2219 911 2274 virtute
933 2220 1196 2290 priorem,
1226 2219 1307 2275 sic
1333 2227 1593 2290 tanquam
1629 2219 1914 2274 dominum
1940 2233 2099 2274 servo

522 2312 944 2380 imperaturum,
989 2325 1056 2366 ex
1084 2309 1302 2365 duobus
1356 2310 1477 2365 istis
1506 2317 1672 2380 atque
1722 2309 1828 2363 hac
1884 2309 2099 2364 ratione

518 2401 798 2457 conﬂavit.
841 2401 970 2456 Duae
1015 2410 1224 2457 natura
1277 2414 1400 2456 cum
1463 2400 1593 2467 sint,
1640 2399 1916 2455 individua
1966 2415 2097 2467 una,

519 2509 644 2562 quae
695 2488 913 2565 semper
944 2494 1134 2549 eadem
1186 2502 1293 2560 est,
1342 2494 1515 2549 altera
1570 2492 1812 2557 dividua,
1869 2508 1991 2563 qua-
2043 2493 2096 2547 in

518 2587 842 2656 corporibus
884 2587 1070 2643 locum
1106 2586 1292 2651 habet,
1350 2587 1569 2641 tertium
1631 2600 1699 2641 ex
1733 2594 1967 2657 utraque
1996 2602 2095 2640 na—

518 2687 656 2734 turae
687 2693 881 2750 genus,
912 2679 1201 2734 ambarum
1248 2678 1303 2733 in
1338 2678 1520 2733 medio
1550 2677 1894 2748 temperavit,
1928 2675 2010 2732 sic
2040 2685 2100 2730 ut

518 2771 726 2842 aliquid
752 2786 816 2827 ex
849 2786 935 2837 ea,
959 2787 1084 2842 quae
1117 2785 1335 2842 semper
1370 2772 1586 2835 eadem,
1620 2771 1830 2841 aliquid
1862 2772 1994 2825 item
2029 2785 2099 2825 ex

516 2865 633 2933 illa,
658 2880 783 2936 qua:
813 2866 988 2921 altera
1031 2866 1269 2921 subinde
1301 2873 1471 2935 atque
1502 2865 1674 2921 altera
1709 2874 1814 2931 est,
1853 2863 2099 2920 include—

517 2969 619 3022 ret.
649 2959 842 3029 sicque
877 2959 1099 3014 tertium
1136 2959 1243 3014 hoc
1271 2959 1608 3013 individuam
1662 2957 1823 3023 inter,
1870 2972 1936 3013 ac
1966 2956 2099 3011 divi-

516 3052 679 3106 duam
716 3066 1009 3121 corporum
1060 3060 1335 3117 naturam,
1368 3051 1656 3122 aequaliter
1695 3049 1937 3105 medium
1963 3063 2096 3105 con-

2531 1401 2564 1451 d
2594 1397 2877 1462 Πλάτων,
2910 1400 3125 1467 όμοίως
3166 1397 3467 1467 Ἐϐραίοιςζ

2285 1487 2554 1560 Ἑϐραίοις
2580 1489 2782 1559 ὁμοίως
2805 1489 2903 1559 τὴν
2934 1489 3110 1561 ψυχὴν
3136 1489 3401 1545 ἀθάνατον
3430 1493 3792 1565 ὑποθέμενος,

2204 1580 2298 1633 καὶ
2324 1581 2403 1651 τῷ
2445 1579 2566 1652 Θεῷ
2597 1580 2789 1652 ὁμοίαν
2817 1581 2987 1652 αὐτὴν
3013 1581 3181 1636 εἰπὼν
3205 1623 3220 1646 ,
3268 1585 3445 1638 οὐκέτ’
3476 1586 3801 1651 ἀκολούθως

2203 1668 2404 1734 αὐτοῖς,
2434 1670 2565 1723 ποτὲ
2593 1672 2690 1741 μὲν
2716 1670 2885 1741 αὐτῆς
2905 1670 3004 1740 τὴν
3029 1671 3215 1724 οὐσίαν
3244 1672 3497 1728 σύνθετον
3518 1671 3659 1729 εἷναί
3685 1694 3789 1749 φηγ

2204 1775 2288 1812 σιν
2308 1799 2322 1824 ,
2354 1760 2431 1822 ὼς
2463 1759 2528 1813 ἂν
2565 1761 2730 1831 μέρος
2761 1760 2858 1831 μέν
2885 1777 2936 1812 τι
2969 1761 3319 1832 ἐπαγομένης
3348 1763 3451 1832 τῆς
3470 1764 3791 1837 ἀμερίστου,

2200 1853 2296 1907 καὶ
2319 1853 2404 1906 ἀεὶ
2428 1853 2572 1907 κατὰ
2590 1853 2659 1907 τὰ
2681 1854 2821 1907 αὐτά
2843 1854 3075 1925 ἐχούσης
3095 1855 3293 1919 αἰτίας,
3319 1859 3483 1928 μέρος
3503 1858 3561 1911 δὲ
3579 1859 3674 1912 καὶ
3694 1858 3809 1930 τῆς

2198 1945 2328 2016 περὶ
2349 1943 2416 1998 τὰ
2441 1946 2668 2016 σώματα
2694 1948 2955 2018 μεριστῆς
2983 1945 3214 2015 φύσεως.
3242 1948 3405 2017 Λέγει
3425 1948 3468 2000 δ’
3491 1944 3583 2002 οὖν
3605 1948 3795 2015 αὐτοῖς

2200 2039 2438 2109 ῥήμασιν
2454 2038 2513 2091 ὲν
2543 2039 2756 2107 Τιμαίῳ
2776 2056 2790 2070 ο
2818 2057 2836 2090 ι
2861 2039 2917 2092 '0
2938 2039 2994 2093 δὲ
3019 2041 3113 2093 καὶ
3131 2042 3342 2109 γενέσει
3363 2041 3476 2113 (52)
3498 2042 3593 2096 καὶ
3620 2044 3805 2120 ἀρετῇ

2198 2134 2471 2207 προτέραν
2495 2135 2587 2188 καὶ
2614 2135 2883 2209 πρεσϐυτέ
2892 2154 2990 2206 ραν
3013 2136 3192 2210 ψυχὴν
3214 2140 3484 2212 σώματος,
3507 2141 3582 2206 ὼς
3600 2142 3793 2197 δεσπό-

2196 2243 2297 2297 την
2329 2230 2422 2281 καὶ
2453 2227 2722 2300 ἄρξουσαν
2761 2226 3064 2299 ἀρξομένου
3095 2235 3462 2304 συνεστήσατο
3521 2235 3585 2287 ὲκ
3616 2234 3804 2291 τῶνδε.

2199 2318 2292 2371 καὶ
2319 2318 2507 2389 τοιῷδε
2530 2318 2719 2389 τρόπῳ
2743 2318 2843 2388 τῆς
2871 2319 3170 2391 ἀμερίστου
3203 2322 3339 2394 (55)
3366 2361 3383 2386 ,
3415 2325 3510 2377 καὶ
3537 2325 3624 2378 ἀεὶ
3650 2325 3801 2379 κατά

2196 2409 2264 2463 τὰ
2290 2411 2430 2463 αὐτά
2457 2410 2686 2481 ἐχούσης
2714 2410 2902 2473 οὐσίας
2921 2451 2935 2474 ,
2970 2412 3187 2483 καὶτῆς
3218 2410 3286 2467 αὖ
3313 2414 3441 2485 περὶ
3462 2414 3533 2467 τὰ
3563 2414 3821 2487 σώματα..

2196 2501 2492 2572 γινομένης
2553 2501 2838 2574 μεριστῆς,
2870 2501 3049 2573 τρίτον
3075 2503 3134 2570 ἐξ
3161 2506 3362 2576 ἀμφοῖν
3387 2508 3446 2559 ὲν
3483 2509 3633 2579 μέσῳ
3669 2525 3819 2563 συν-κ

2198 2595 2502 2666 εκεράσατο
2522 2595 2706 2659 οὐσίας
2722 2592 2861 2661 εἶδος
2878 2615 2891 2628 ·
2913 2598 3012 2668 τῆς
3031 2615 3091 2650 τε
3103 2597 3301 2651 ταύτοῦ
3319 2597 3535 2668 φύσεως
3554 2596 3622 2653 αῦ
3641 2601 3794 2671 πέρι.

2198 2687 2293 2739 καὶ
2330 2685 2431 2757 τῆς
2450 2686 2543 2740 τοῦ
2568 2687 2780 2759 ἑτέρου,
2822 2690 2918 2743 καὶ
2962 2688 3105 2744 κατά
3124 2689 3193 2743 τά
3212 2690 3351 2744 αὐτὰ
3376 2692 3711 2764 συνέστησεν
3734 2694 3821 2747 ὲν.

2200 2777 2350 2849 μέσῳ
2380 2776 2473 2831 τοῦ
2502 2795 2561 2831 τε
2581 2779 2819 2851 ἀμεροῦς
2841 2780 3046 2843 αὐτῶν,
3073 2782 3167 2834 καὶ
3190 2781 3282 2835 τοῦ
3309 2782 3452 2836 κατὰ
3471 2783 3542 2837 τά
3564 2784 3799 2855 σώματα

2200 2867 2478 2939 μεριστοῦ.
2493 2869 2604 2923 Καὶ
2617 2870 2744 2941 τρία
2755 2868 2935 2925 λαϐὼν
2954 2872 3093 2924 αὐτὰ
3116 2871 3267 2936 ὄντα,
3285 2874 3688 2943 συνεκεράσατο
3709 2875 3794 2941 είς

2201 2959 2329 3030 μίαν
2354 2960 2529 3014 πάντα
2564 2960 2728 3024 ἰδέαν,
2754 2960 2851 3033 τὴν
2886 2961 3117 3034 Θατέρου
3150 2962 3332 3031 φύσιν,
3368 2964 3665 3035 δύσμικτον
3702 2961 3796 3020 οὖν

2199 3067 2326 3115 σαν,
2374 3053 2454 3115 είς
2487 3052 2652 3105 ταύτὸ
2697 3051 3081 3124 ξυναρμόττων
3116 3053 3226 3125 βίᾳ.
3257 3074 3275 3105 ι
3326 3054 3521 3109 Ἔνθεν
3563 3056 3794 3119 εἰκότως

517 3128 865 3208 stituit.Quae
883 3142 988 3196 tria
1014 3157 1140 3197 cum
1172 3142 1227 3195 in
1254 3156 1451 3196 manus
1476 3139 1826 3210 sumpsisset,
1848 3140 1902 3193 in
1928 3153 2093 3193 unam

2201 3141 2347 3213 αὐτῷ
2386 3144 2481 3197 καλ⁸
2521 3144 2580 3197 τὸ
2620 3144 2921 3216 παθητικὸν
2974 3144 3139 3217 μέρος
3172 3144 3249 3216 τῷ
3291 3146 3436 3218 λόγῳ
3464 3147 3566 3217 τῆς
3601 3147 3799 3213 οὐσίας

516 3234 704 3288 omnia
730 3235 968 3304 speciem
1002 3232 1350 3303 formamque
1376 3232 1750 3298 commiscuit,
1786 3230 1928 3301 ejus,
1953 3230 2098 3300 quod

517 3330 752 3385 alterum
781 3338 948 3399 atque
974 3327 1206 3381 alterum
1237 3334 1342 3393 est,
1376 3335 1590 3388 natura,
1614 3325 1831 3380 tametsi
1865 3322 1930 3377 ad
1949 3339 2119 3378 com-'

518 3420 859 3476 miscendum
896 3417 1217 3489 perdililcili,
1239 3418 1290 3471 vi
1319 3427 1501 3472 tamen
1530 3417 1670 3471 hanc
1697 3416 1752 3471 in
1784 3415 2098 3471 societatem

517 3511 1070 3579 communionemque
1100 3518 1373 3577 pertracta
1409 3506 1567 3562 illaec
1586 3507 1696 3572 ille,
1717 3523 1784 3561 ex
1800 3506 2001 3577 quibus
2020 3506 2102 3559 in-

519 3604 929 3674 telligas,quam
952 3601 1307 3672 probabiliter
1327 3611 1534 3671 partem
1572 3601 1717 3654 illam
1741 3599 2103 3670 perturbatio—

519 3693 683 3748 nibus
735 3692 1056 3755 obnoxiam,
1090 3705 1214 3746 cum
1257 3690 1429 3744 animi
1480 3689 1690 3743 ratione
1732 3687 2096 3758 conjunxerit.

518 3788 592 3841 At
627 3801 757 3842 vero
793 3784 863 3840 de
884 3785 1051 3839 animi
1085 3784 1323 3839 essentia
1359 3797 1756 3851 nonnunquam
1789 3782 1863 3836 ita
1889 3780 2098 3846 statuit,

519 3892 917 3947 nonnunquam
960 3876 1203 3931 deterius
1252 3875 1301 3931 ei
1340 3874 1641 3945 quoddam,
1694 3882 1860 3943 atque
1906 3873 2099 3928 absur-

519 3970 645 4025 dius
667 3981 1038 4024 commentum
1075 3966 1303 4037 allingit,
1352 3968 1481 4020 dum
1512 3965 1754 4021 divinam
1798 3963 1947 4019 illam
1987 3980 2099 4020 coa-

519 4062 823 4132 lestemque
855 4070 1132 4125 naturam,
1181 4060 1329 4115 illam
1381 4066 1436 4114 et
1489 4059 1740 4128 corporis
1796 4068 2095 4128 expertem,

515 4162 573 4210 et
603 4155 880 4225 praeditam
914 4154 1146 4219 ratione,
1185 4152 1331 4207 illam
1362 4151 1473 4206 Deo
1501 4150 1763 4216 similem,
1786 4165 1853 4205 ac
1880 4165 2098 4206 summa

516 4247 639 4302 οωιί
687 4247 928 4302 culmina
973 4246 1194 4301 virtutis
1246 4245 1626 4316 magnitudine
1656 4251 2030 4313 superantem,
2067 4257 2097 4297 e

517 4338 655 4392 locis
695 4336 985 4393 altissimis
1017 4353 1083 4391 ac
1108 4351 1275 4407 supra
1304 4336 1570 4390 mundum
1609 4333 2007 4399 eminentibus,
2039 4332 2095 4386 in

506 4430 728 4492 asinos,
773 4428 957 4499 lupos,
993 4427 1275 4491 formicas,
1326 4442 1457 4496 apes
1507 4425 1843 4481 descendere
1892 4424 2096 4480 contir-

2201 3234 2337 3307 αὐτῇ
2362 3234 2648 3306 συνῆπται.
2693 3235 2851 3289 Ἀλλά
2870 3236 2990 3289 τοτὲ
3017 3236 3114 3307 μὲν
3135 3229 3234 3290 ὧδε
3256 3252 3320 3289 πε
3329 3240 3384 3309 ρὶ
3403 3237 3582 3308 ψυχῆς
3602 3238 3795 3302 οὐσίας

2198 3325 2437 3397 διείληφε
2459 3366 2474 3391 ,
2496 3326 2618 3379 τοτὲ
2646 3326 2703 3379 δὲ
2734 3326 2862 3381 ἄλλο
2889 3344 2942 3380 τι
2978 3330 3159 3398 χεῖρον
3194 3327 3535 3399 περιτίθησιν
3565 3328 3704 3399 αὐτῇ
3731 3330 3798 3383 τὸ

2200 3415 2461 3486 ἀτόπημα
2482 3455 2497 3478 ,
2531 3416 2632 3487 τὴν
2659 3416 2810 3469 θείαν
2836 3416 3053 3488 ἐκείνην
3080 3418 3176 3472 καὶ
3198 3418 3449 3489 οὐράνιον
3474 3459 3490 3482 ,
3525 3419 3626 3490 τὴν
3649 3418 3800 3473 ἀσώ-

2204 3522 2393 3576 ματον,
2416 3509 2509 3560 καὶ
2530 3506 2775 3579 λογικὴν,
2795 3509 2893 3579 τὴν
2915 3507 3033 3579 Θεῷ
3053 3510 3264 3579 ὁμοίαν,
3288 3510 3382 3564 καὶ
3397 3510 3465 3563 δι’
3483 3511 3684 3582 ἀρετῆς
3705 3510 3801 3583 μέ-

2198 3599 2357 3666 γεθος
2377 3600 2475 3663 τάς
2496 3598 2780 3669 οὐρανίους
2796 3600 3203 3671 ὐπερπαίουσαν
3225 3601 3441 3671 ἀψῖδας,
3468 3602 3675 3657 ἄνωθέν
3696 3619 3797 3657 πο-

2201 3688 2292 3743 θεν
2324 3693 2388 3744 ὲκ
2424 3691 2533 3744 τῶν
2562 3692 2947 3762 ὐπερκοσμίων
2980 3693 3073 3746 ἐπὶ
3098 3693 3252 3756 ὅνους
3271 3734 3285 3758 ,
3322 3695 3417 3749 καὶ
3439 3693 3670 3761 λύκους,
3698 3696 3801 3749 καὶ

2205 3781 2521 3855 μύρμηκας,
2550 3784 2643 3836 καὶ
2668 3783 2918 3855 μελίττας
2951 3785 3199 3840 κατιέναι
3225 3786 3479 3855 φάσκων,
3502 3786 3597 3840 καὶ
3618 3785 3799 3858 τούτῳ

2202 3872 2477 3926 πιστεύειν
2532 3875 2680 3945 ἡμᾶς
2734 3875 3069 3946 παρακαλῶν
3120 3876 3198 3948 τῷ
3258 3877 3404 3948 λόγῳ
3457 3877 3587 3932 ἄνευ
3647 3875 3799 3940 τινὸς

2201 3964 2547 4031 ἀποδείξεως.
2634 3966 2796 4035 Λέγει
2835 3966 2879 4020 δ’
2917 3964 3012 4021 οῦν
3044 3970 3101 4022 ὲν
3144 3968 3242 4039 μὲν
3273 3967 3351 4039 τῷ
3396 3969 3538 4039 Περὶ
3581 3966 3797 4039 ψυχῆς

2199 4054 2356 4108 τάδε’
2401 4074 2417 4105 ι
2441 4056 2552 4109 Καὶ
2588 4056 2749 4128 μέχρι
2784 4074 2847 4127 γε
2871 4057 2983 4128 (3‘)
3011 4057 3203 4111 τούτου
3230 4057 3558 4121 πλανῶνται,
3592 4059 3701 4125 ἕως
3726 4058 3797 4115 ἂν

2200 4149 2264 4218 τῇ
2300 4146 2393 4200 τοῦ
2430 4147 2825 4218 σωματοειδοῦς
2876 4149 2971 4204 τοῦ
3022 4148 3613 4217 ξυνεπακολουθοῦντος
3668 4154 3793 4207 ἐπι-

2200 4236 2371 4309 θυμία
2434 4238 2596 4292 πάλιν
2645 4237 2933 4292 ὲνδεθῶσιν
2980 4239 3060 4304 είς
3120 4238 3301 4310 σῶμα.
3349 4238 3659 4293 Ἑνδοῦνται
3703 4236 3790 4303 δὲ’,

2200 4325 2390 4398 ὥσπερ
2422 4326 2590 4392 είκὸς,
2646 4329 2728 4392 εἰς
2752 4329 2821 4382 τὰ
2852 4328 3078 4383 τοιαῦτα
3111 4329 3238 4399 ἢθη,
3266 4331 3427 4384 ὁποῖα
3452 4328 3569 4383 ἃττ’
3605 4328 3672 4384 ἂν
3697 4330 3794 4383 καὶ

2204 4418 2633 4491 μεμελετηκυῖαι
2679 4419 2917 4492 τύχωσιν
2951 4422 3009 4475 ὲν
3049 4420 3126 4491 τῷ
3174 4420 3294 4492 βίῳ.
3333 4452 3403 4463 --
3436 4421 3517 4474 Τά
3565 4422 3693 4475 ποῖα
3727 4419 3793 4493 δὴ

517 4532 652 4589 mat,
672 4524 836 4593 idque
876 4539 906 4577 ιι
949 4522 1128 4587 nobis,
1159 4531 1220 4575 ut
1250 4520 1458 4589 absque
1487 4518 1968 4574 demonstratione
1988 4516 2097 4572 ulla

2205 4509 2378 4565 ταῦτα
2429 4511 2629 4580 λέγεις,
2672 4504 2719 4564 ὦ
2754 4510 3075 4583 Σώκρατες;
3103 4543 3173 4554 —-
3199 4507 3347 4573 Οἷον,
3383 4513 3509 4577 τοὺς
3546 4510 3645 4582 μὲν
3690 4510 3793 4575 τάς

515 4616 827 4681 credamus,
845 4615 1091 4669 oratione
1108 4613 1406 4667 contendit.
1431 4610 1563 4666 Nam
1587 4611 1638 4665 in
1654 4609 1869 4681 dialogo
1890 4609 1968 4664 De
1988 4611 2099 4663 am"-

517 4723 602 4761 ιιιυ
621 4708 734 4762 ιιωο
752 4706 938 4761 habet:
955 4703 1060 4760 «Ac
1072 4704 1257 4759 tandiu
1277 4714 1566 4774 vagantur,
1583 4701 1779 4772 inquit,
1793 4700 1966 4756 donec
1977 4700 2098 4769 ejus

587 4903 697 4972 (5|)
725 4901 861 4969 Περὶ
895 4900 1124 4969 ψυχῆς.
1161 4898 1217 4952 ln
1249 4899 1351 4972 hac
1374 4898 1443 4952 de
1477 4898 1675 4972 animis
1704 4896 2094 4972 disputatione,

515 4990 545 5029 a
596 4968 1134 5044 priuetpihusetiam
1188 4969 1528 5044 philosophis
1562 4968 1809 5044 graviter
1851 4976 2095 5021 erratum

514 5037 669 5106 esse,
723 5037 845 5096 cum
899 5043 1012 5104 alii,
1063 5037 1198 5093 tum,
1230 5041 1283 5093 iu
1327 5037 1516 5107 pri—mis
1558 5037 1618 5089 Β.
1669 5037 2097 5107 Chrysostomus

514 5114 753 5169 ostendit
791 5112 975 5166 homil.
1014 5112 1036 5165 l
1073 5114 1127 5164 in
1159 5109 1421 5164 Joannem
1451 5125 1468 5161 :
1499 5109 1801 5177 Δογμάτων
1823 5107 2097 5177 δὲίένεκεν

514 5186 621 5269 τῶν
654 5185 782 5255 περὶ
814 5183 1013 5269 ψυχῆς,
1048 5183 1240 5269 inquit,
1271 5182 1392 5234 οὐδὲ
1437 5176 1742 5269 ὐὲερίξολὴν
1783 5176 1907 5258 τινὰ
1950 5192 2097 5269 ILatati:-

512 5254 697 5309 έλιπον
730 5246 1003 5324 ἀἰσχύνης
1053 5246 1255 5324 λοιπόν.
1310 5254 1385 5324 Et
1421 5269 1433 5305 :
1468 5246 1731 5324 Καθάπερ
1779 5248 1887 5301 τῶν
1903 5246 2097 5324 Δ’τιξφων

511 5314 868 5400 τούς-ἔξωθεν
897 5314 1335 5400 κεκονιαμένους,
1362 5321 1428 5375 ἂν
1462 5314 1865 5400 ,ἁ-παμφιᾶσῃς,
1902 5314 2097 5400 ίχῶρος

514 5395 608 5447 καὶ
640 5389 923 5459 δυσωδίας,
952 5395 1045 5446 καὶ
1072 5389 1430 5461 διεφθορότων
1459 5391 1579 5461 ὄψει
1600 5389 1868 5461 γέμοντας
1898 5389 2091 5461 ὀστῶν·

513 5463 657 5544 nigrm
683 5467 792 5533 ικαὶ
834 5457 919 5517 τὰ
947 5463 1042 5518 τοῦ
1094 5457 1383 5532 φιλοσόφου
1413 5457 1700 5546 (Platonis)
1725 5460 1992 5528 δόγματα,
2027 5457 2095 5511 ἂν

514 5550 614 5580 1n:
663 5537 804 5580 κατὰ
844 5533 965 5580 tlw'
997 5532 1140 5580 λέξιν
1197 5531 1603 5580 ἀπογυιινὼστπε
1659 5547 1828 5580 tuaac.
1894 5528 2095 5580 πολλῆς

514 5534 614 5604 τῆς
663 5529 804 5588 κατά
844 5533 965 5607 τῆν’
997 5529 1140 5597 λέξιν
1197 5529 1373 5603 ἀπογυ
1384 5529 1603 5605 μνὼσης
1659 5529 1828 5603 ὥρας,
1894 5529 2095 5599 πολλῆς

516 5603 635 5675 ὕψει
664 5605 764 5675 τῆς
789 5603 1112 5674 βδελυγμίας
1138 5605 1566 5675 πεπληρωμένα,
1591 5602 1685 5675 καὶ
1708 5601 1941 5675 μάλιστα
1965 5601 2095 5675 ὅταν

517 5646 646 5795 ᾖ
675 5646 1476 5755 ᾇέἶχξιξ”’ᾠῖὲὸ”ἇξῷᾑξ’ἇέὶέἕξα⁴ἔ
1488 5646 2093 5743 ὲῖξιῶἷτ¹ῗᾶτξιῖεὴὶ⁷ᾆεᾶἱ

572 5759 732 5795 .ασφη
743 5762 855 5795 υτ(ον
862 5783 874 5795 .

572 5759 732 5796 tamen
743 5762 874 5796 ιιιυν.

522 5761 874 5830 ρλασφημων.
1924 5812 1935 5826 ⁹

592 5813 707 5878 (32)
756 5816 799 5864 0
846 5813 910 5865 δὲ
964 5815 1059 5868 καὶ
1097 5813 1330 5882 γενέσει
1400 5813 1578 5870 Locus
1625 5821 1709 5871 est
1755 5828 1821 5869 ex
1873 5810 2089 5880 Trmwo,

2206 4605 2651 4677 γαστριμαργίας
2693 4622 2773 4670 τε,
2816 4605 2912 4659 καὶ
2955 4603 3163 4676 ὐὸρεις,
3196 4605 3290 4658 καὶ¹
3325 4604 3643 4675 φιλοποσίας
3677 4602 3790 4673 (55)

2210 4699 2672 4771 μεμελετηκότας,
2728 4698 2822 4751 καὶ
2860 4697 2934 4769 μὴ
2964 4697 3217 4769 διευλαϐη
3231 4698 3444 4776 μένους,
3483 4699 3562 4761 είς
3587 4697 3656 4751 τὰ
3679 4695 3793 4752 τῶν

2205 4916 2328 4969 pag.
2360 4898 2466 4953 528
2496 4898 2559 4962 D,
2588 4914 2749 4966 quem
2779 4897 2990 4953 Tullius
3017 4899 3108 4951 lih.
3146 4897 3221 4951 De
3244 4899 3667 4969 universo,_sect.
3701 4898 3788 4961 19,

2205 4967 2500 5033 convertit;
2544 4970 2671 5037 quia
2716 4978 2897 5022 tamen
2940 4969 3119 5022 minus
3168 4969 3437 5022 interdum
3477 4967 3789 5037 philosophi

2204 5039 2388 5094 verbis
2424 5040 2628 5092 haerere
2679 5040 2965 5092 videbatur
2990 5079 3003 5099 ,
3035 5048 3227 5092 nostro
3259 5038 3361 5108 ipsi
3396 5052 3571 5108 sensu
3605 5053 3668 5091 ea
3703 5046 3792 5092 ut-

2205 5124 2425 5178 cunque
2471 5109 2695 5163 reddere
2749 5109 3062 5163 maluimus.
3118 5109 3217 5161 Adi
3278 5106 3332 5160 et
3395 5106 3678 5163 Plutarch.
3733 5110 3790 5163 iu

2328 5179 2473 5210 ειη-ειη
2506 5179 2716 5210 ξιιιηηιιη
2749 5179 2877 5210 non,
2904 5178 3014 5210 οἰζΑ
3047 5179 3112 5210 qu-
3146 5181 3200 5210 ’⁷⁷η
3215 5179 3359 5210 ηηιίΛ
3386 5181 3422 5210 ιι

2206 5179 2474 5249 Opusculo
2506 5179 2716 5249 integro
2742 5179 2880 5244 Περὶ
2904 5179 3014 5246 τῆς
3042 5179 3112 5232 ἐν
3146 5179 3359 5247 Τιμαίῳ
3386 5180 3791 5248 ψυχογονίας,

2206 5251 2300 5305 ubi
2357 5249 2599 5303 Platonis
2644 5250 2973 5302 sententiam
3022 5248 3624 5318 enucleat,_liberisque
3672 5253 3794 5304 suis

2204 5320 2398 5391 aperit,
2429 5335 2459 5372 a
2482 5319 2692 5391 quibus
2725 5334 2787 5391 ea
2812 5320 2878 5372 de
2906 5335 2964 5373 re
2986 5319 3269 5391 consultus
3301 5316 3497 5391 fuerat.

2276 5391 2389 5457 (33)
2429 5386 2545 5457 Tﬁc
2585 5390 2932 5458 ἀμερίστου.
2982 5387 3310 5443 Plutarchus
3360 5386 3485 5440 loco
3514 5388 3656 5458 Acit.,
3687 5388 3795 5457 τῆς

2203 5456 2477 5532 ἀμεροῦς.
2496 5456 2677 5512 Porro
2696 5456 3066 5532 philosophus
3091 5460 3161 5532 ibi
3192 5458 3464 5532 praecipue
3494 5456 3563 5511 de
3594 5456 3792 5532 mundi

2203 5528 2385 5585 anima
2424 5530 2691 5600 disputat,
2710 5528 2840 5599 quae
2868 5544 2992 5584 cum
3026 5528 3285 5600 ἀναλογίᾳ
3318 5528 3373 5581 in
3411 5537 3640 5583 caeteras
3669 5529 3792 5582 ani-

2205 5618 2324 5655 ntas
2350 5598 2734 5655 refunduntur.

2296 5671 2385 5741 54)
2415 5670 2525 5741 βαι
2551 5669 2728 5741 μέχρι
2754 5686 2839 5738 τε.
2860 5667 3023 5741 Plato
3043 5668 3097 5725 in
3128 5668 3410 5733 Phaedone,
3443 5682 3566 5739 pag.
3591 5665 3699 5723 386
3724 5665 3787 5720 D.

2296 5676 2385 5741 54)
2416 5676 2525 5724 Kal
2551 5676 2728 5739 μέχρι
2754 5686 2839 5738 τε.
2871 5676 2955 5724 Pla

2275 5676 2390 5812 €55)
2414 5739 2586 5807 Plato,
2619 5740 2955 5810 φιλοτησίας.
