  <div class='ocr_page' id='page_1' title='image "/cluster/home/n/w/nwhite01/storage/ocr_20150623/21:no.3/coo.31924054873017/590.png"; bbox 0 0 4122 6466; ppageno 0'>
   <div class='ocr_carea' id='block_1_1' title="bbox 352 342 3600 412">
    <p class='ocr_par' dir='ltr' id='par_1_1' title="bbox 352 342 3600 412">
     <span class='ocr_line' id='line_1_1' title="bbox 352 342 3600 412; baseline -0 -3"><span class='ocrx_word' id='word_1_1' title='bbox 352 342 489 409; x_wconf 70' lang='grc'><strong>1149</strong></span> <span class='ocrx_word' id='word_1_2' title='bbox 1475 352 1797 412; x_wconf 67' lang='lat' dir='ltr'><strong>PBEPAR.</strong></span> <span class='ocrx_word' id='word_1_3' title='bbox 1840 350 2098 408; x_wconf 81' lang='lat' dir='ltr'><strong>EVANG.</strong></span> <span class='ocrx_word' id='word_1_4' title='bbox 2139 352 2269 411; x_wconf 84' lang='lat' dir='ltr'><strong>LIB.</strong></span> <span class='ocrx_word' id='word_1_5' title='bbox 2311 352 2449 411; x_wconf 78' lang='lat' dir='ltr'><strong>XIII.</strong></span> <span class='ocrx_word' id='word_1_6' title='bbox 3462 353 3600 409; x_wconf 76' lang='lat'><strong>“50</strong></span> 
     </span>
    </p>
   </div>
   <div class='ocr_carea' id='block_1_2' title="bbox 351 466 1926 546">
    <p class='ocr_par' dir='ltr' id='par_1_2' title="bbox 351 466 1923 542">
     <span class='ocr_line' id='line_1_2' title="bbox 351 466 1923 542; baseline 0.004 -21"><span class='ocrx_word' id='word_1_7' title='bbox 351 468 488 522; x_wconf 74' lang='grc' dir='ltr'>ὄνων</span> <span class='ocrx_word' id='word_1_8' title='bbox 519 466 649 542; x_wconf 89' lang='grc' dir='ltr'>γένη</span> <span class='ocrx_word' id='word_1_9' title='bbox 679 470 897 524; x_wconf 75' lang='grc' dir='ltr'>καὶτῶν</span> <span class='ocrx_word' id='word_1_10' title='bbox 922 469 1177 526; x_wconf 88' lang='grc' dir='ltr'>τοιούτων</span> <span class='ocrx_word' id='word_1_11' title='bbox 1213 469 1414 542; x_wconf 88' lang='grc' dir='ltr'>θηρίων</span> <span class='ocrx_word' id='word_1_12' title='bbox 1446 473 1590 537; x_wconf 78' lang='grc' dir='ltr'>εἰκὸς</span> <span class='ocrx_word' id='word_1_13' title='bbox 1616 473 1923 528; x_wconf 81' lang='grc' dir='ltr'>ἐνδύεσθαι·</span> 
     </span>
    </p>
   </div>
   <div class='ocr_carea' id='block_1_3' title="bbox 2025 466 3601 546">
    <p class='ocr_par' dir='ltr' id='par_1_3' title="bbox 2025 472 3601 546">
     <span class='ocr_line' id='line_1_3' title="bbox 2025 472 3601 546; baseline -0.001 -15"><span class='ocrx_word' id='word_1_14' title='bbox 2025 472 2383 544; x_wconf 59' lang='grc' dir='ltr'>697Αυοω</span> <span class='ocrx_word' id='word_1_15' title='bbox 2427 472 2818 531; x_wconf 76' lang='lat' dir='ltr'><strong>circumferant</strong></span> <span class='ocrx_word' id='word_1_16' title='bbox 2847 489 3122 546; x_wconf 74' lang='lat' dir='ltr'><strong>corporea:</strong></span> <span class='ocrx_word' id='word_1_17' title='bbox 3162 473 3301 530; x_wconf 85' lang='lat' dir='ltr'><strong>labis</strong></span> <span class='ocrx_word' id='word_1_18' title='bbox 3331 473 3601 544; x_wconf 81' lang='lat' dir='ltr'><strong>cupidita-</strong></span> 
     </span>
    </p>
   </div>
   <div class='ocr_carea' id='block_1_4' title="bbox 351 559 1926 636">
    <p class='ocr_par' dir='ltr' id='par_1_4' title="bbox 351 559 1926 634">
     <span class='ocr_line' id='line_1_4' title="bbox 351 559 1926 634; baseline 0.003 -20"><span class='ocrx_word' id='word_1_19' title='bbox 351 561 384 632; x_wconf 81' lang='grc' dir='ltr'>ἢ</span> <span class='ocrx_word' id='word_1_20' title='bbox 419 562 519 615; x_wconf 87' lang='grc' dir='ltr'><strong>ούκ</strong></span> <span class='ocrx_word' id='word_1_21' title='bbox 549 562 685 630; x_wconf 84' lang='grc' dir='ltr'>οίει;</span> <span class='ocrx_word' id='word_1_22' title='bbox 720 595 787 604; x_wconf 89' lang='grc'><strong>-</strong></span> <span class='ocrx_word' id='word_1_23' title='bbox 817 564 965 618; x_wconf 83' lang='grc' dir='ltr'>Πάνυ</span> <span class='ocrx_word' id='word_1_24' title='bbox 1003 563 1102 634; x_wconf 83' lang='grc' dir='ltr'>μὲν</span> <span class='ocrx_word' id='word_1_25' title='bbox 1153 559 1247 617; x_wconf 77' lang='grc' dir='ltr'>οὖν</span> <span class='ocrx_word' id='word_1_26' title='bbox 1293 564 1440 627; x_wconf 83' lang='grc' dir='ltr'>είκδς</span> <span class='ocrx_word' id='word_1_27' title='bbox 1467 564 1666 634; x_wconf 86' lang='grc' dir='ltr'>λέγεις.</span> <span class='ocrx_word' id='word_1_28' title='bbox 1697 598 1765 608; x_wconf 92' lang='lat'><strong>-—-</strong></span> <span class='ocrx_word' id='word_1_29' title='bbox 1788 566 1926 629; x_wconf 82' lang='grc' dir='ltr'>Τοὺς</span> 
     </span>
    </p>
   </div>
   <div class='ocr_carea' id='block_1_5' title="bbox 2025 559 3597 636">
    <p class='ocr_par' dir='ltr' id='par_1_5' title="bbox 2028 563 3597 636">
     <span class='ocr_line' id='line_1_5' title="bbox 2028 563 3597 636; baseline 0.002 -19"><span class='ocrx_word' id='word_1_30' title='bbox 2028 571 2100 629; x_wconf 91' lang='lat' dir='ltr'><strong>te,</strong></span> <span class='ocrx_word' id='word_1_31' title='bbox 2137 565 2352 633; x_wconf 87' lang='lat' dir='ltr'><strong>corpori</strong></span> <span class='ocrx_word' id='word_1_32' title='bbox 2402 580 2596 620; x_wconf 87' lang='lat' dir='ltr'><strong>rursus</strong></span> <span class='ocrx_word' id='word_1_33' title='bbox 2644 564 2939 636; x_wconf 79' lang='lat' dir='ltr'><strong>illigentur.</strong></span> <span class='ocrx_word' id='word_1_34' title='bbox 3010 563 3253 620; x_wconf 86' lang='lat' dir='ltr'><strong>Moribus</strong></span> <span class='ocrx_word' id='word_1_35' title='bbox 3289 579 3487 632; x_wconf 90' lang='lat' dir='ltr'><strong>porro,</strong></span> <span class='ocrx_word' id='word_1_36' title='bbox 3518 568 3597 620; x_wconf 90' lang='lat' dir='ltr'><strong>uti</strong></span> 
     </span>
    </p>
   </div>
   <div class='ocr_carea' id='block_1_6' title="bbox 352 651 1928 728">
    <p class='ocr_par' dir='ltr' id='par_1_6' title="bbox 352 651 1928 728">
     <span class='ocr_line' id='line_1_6' title="bbox 352 651 1928 728; baseline 0.003 -23"><span class='ocrx_word' id='word_1_37' title='bbox 352 651 409 706; x_wconf 75' lang='grc' dir='ltr'><strong>δέ</strong></span> <span class='ocrx_word' id='word_1_38' title='bbox 437 668 501 720; x_wconf 91' lang='grc' dir='ltr'><strong>γε</strong></span> <span class='ocrx_word' id='word_1_39' title='bbox 530 653 764 720; x_wconf 86' lang='grc' dir='ltr'>ἀδικίας,</span> <span class='ocrx_word' id='word_1_40' title='bbox 805 657 901 708; x_wconf 73' lang='grc' dir='ltr'>καὶ</span> <span class='ocrx_word' id='word_1_41' title='bbox 935 655 1279 727; x_wconf 80' lang='grc' dir='ltr'>τυραννίδας,</span> <span class='ocrx_word' id='word_1_42' title='bbox 1316 656 1410 709; x_wconf 73' lang='grc' dir='ltr'>καὶ</span> <span class='ocrx_word' id='word_1_43' title='bbox 1447 656 1699 726; x_wconf 83' lang='grc' dir='ltr'>ἁρπαγὰς</span> <span class='ocrx_word' id='word_1_44' title='bbox 1730 674 1928 728; x_wconf 83' lang='grc' dir='ltr'>προτε-</span> 
     </span>
    </p>
   </div>
   <div class='ocr_carea' id='block_1_7' title="bbox 350 742 1927 814">
    <p class='ocr_par' dir='ltr' id='par_1_7' title="bbox 350 742 1927 814">
     <span class='ocr_line' id='line_1_7' title="bbox 350 742 1927 814; baseline 0.003 -19"><span class='ocrx_word' id='word_1_45' title='bbox 350 742 669 813; x_wconf 78' lang='grc' dir='ltr'>τιμηκότας,</span> <span class='ocrx_word' id='word_1_46' title='bbox 720 746 800 806; x_wconf 78' lang='grc' dir='ltr'>εἰς</span> <span class='ocrx_word' id='word_1_47' title='bbox 843 744 910 797; x_wconf 82' lang='grc' dir='ltr'><strong>τὰ</strong></span> <span class='ocrx_word' id='word_1_48' title='bbox 940 745 1048 797; x_wconf 82' lang='grc' dir='ltr'><strong>τῶν</strong></span> <span class='ocrx_word' id='word_1_49' title='bbox 1077 744 1255 798; x_wconf 82' lang='grc' dir='ltr'>λύκων</span> <span class='ocrx_word' id='word_1_50' title='bbox 1286 763 1366 806; x_wconf 88' lang='grc' dir='ltr'><strong>τε,</strong></span> <span class='ocrx_word' id='word_1_51' title='bbox 1403 747 1497 799; x_wconf 75' lang='grc' dir='ltr'><strong>καὶ</strong></span> <span class='ocrx_word' id='word_1_52' title='bbox 1544 746 1795 814; x_wconf 84' lang='grc' dir='ltr'><strong>ἱεράκων,</strong></span> <span class='ocrx_word' id='word_1_53' title='bbox 1832 747 1927 800; x_wconf 71' lang='grc' dir='ltr'>καὶ</span> 
     </span>
    </p>
   </div>
   <div class='ocr_carea' id='block_1_8' title="bbox 356 832 1928 913">
    <p class='ocr_par' dir='ltr' id='par_1_8' title="bbox 356 832 1928 913">
     <span class='ocr_line' id='line_1_8' title="bbox 356 832 1928 913; baseline 0.004 -29"><span class='ocrx_word' id='word_1_54' title='bbox 356 832 570 887; x_wconf 82' lang='grc' dir='ltr'>ίκτίνων</span> <span class='ocrx_word' id='word_1_55' title='bbox 603 834 734 905; x_wconf 93' lang='grc' dir='ltr'>γένη</span> <span class='ocrx_word' id='word_1_56' title='bbox 753 851 766 864; x_wconf 92' lang='grc'><strong>·</strong></span> <span class='ocrx_word' id='word_1_57' title='bbox 796 835 829 905; x_wconf 79' lang='grc' dir='ltr'>ἢ</span> <span class='ocrx_word' id='word_1_58' title='bbox 859 838 950 888; x_wconf 89' lang='grc' dir='ltr'><strong>ποῖ</strong></span> <span class='ocrx_word' id='word_1_59' title='bbox 976 835 1041 889; x_wconf 87' lang='grc' dir='ltr'>ἂν</span> <span class='ocrx_word' id='word_1_60' title='bbox 1052 835 1240 913; x_wconf 64' lang='grc' dir='ltr'>ἄλλοσε</span> <span class='ocrx_word' id='word_1_61' title='bbox 1259 840 1457 905; x_wconf 88' lang='grc' dir='ltr'>φαῖμεν</span> <span class='ocrx_word' id='word_1_62' title='bbox 1474 836 1571 899; x_wconf 80' lang='grc' dir='ltr'><strong>τὰς</strong></span> <span class='ocrx_word' id='word_1_63' title='bbox 1592 838 1844 901; x_wconf 78' lang='grc' dir='ltr'><strong>τοιαύτας</strong></span> <span class='ocrx_word' id='word_1_64' title='bbox 1861 838 1928 890; x_wconf 84' lang='grc' dir='ltr'>ἰέ-</span> 
     </span>
    </p>
   </div>
   <div class='ocr_carea' id='block_1_9' title="bbox 351 924 1921 997">
    <p class='ocr_par' dir='ltr' id='par_1_9' title="bbox 351 924 1921 997">
     <span class='ocr_line' id='line_1_9' title="bbox 351 924 1921 997; baseline 0.004 -22"><span class='ocrx_word' id='word_1_65' title='bbox 351 939 536 986; x_wconf 84' lang='grc' dir='ltr'>ναι;-</span> <span class='ocrx_word' id='word_1_66' title='bbox 549 924 781 994; x_wconf 84' lang='grc' dir='ltr'>Ἀμέλει,</span> <span class='ocrx_word' id='word_1_67' title='bbox 804 924 908 995; x_wconf 75' lang='grc' dir='ltr'><strong>ἔφη</strong></span> <span class='ocrx_word' id='word_1_68' title='bbox 929 926 1169 997; x_wconf 75' lang='grc' dir='ltr'>όΚέϐης,</span> <span class='ocrx_word' id='word_1_69' title='bbox 1188 928 1269 989; x_wconf 86' lang='grc' dir='ltr'><strong>εἰς</strong></span> <span class='ocrx_word' id='word_1_70' title='bbox 1283 928 1350 980; x_wconf 74' lang='grc' dir='ltr'>τὰ</span> <span class='ocrx_word' id='word_1_71' title='bbox 1376 926 1921 994; x_wconf 79' lang='grc' dir='ltr'>τοιαῦτα.-Ούκοῦν,</span> 
     </span>
    </p>
   </div>
   <div class='ocr_carea' id='block_1_10' title="bbox 349 1009 1924 1091">
    <p class='ocr_par' dir='ltr' id='par_1_10' title="bbox 349 1009 1924 1091">
     <span class='ocr_line' id='line_1_10' title="bbox 349 1009 1924 1091; baseline 0.004 -26"><span class='ocrx_word' id='word_1_72' title='bbox 349 1009 385 1083; x_wconf 81' lang='grc' dir='ltr'>ἦ</span> <span class='ocrx_word' id='word_1_73' title='bbox 418 1013 463 1066; x_wconf 81' lang='grc' dir='ltr'>δ’</span> <span class='ocrx_word' id='word_1_74' title='bbox 481 1013 560 1078; x_wconf 83' lang='grc' dir='ltr'>ὃς,</span> <span class='ocrx_word' id='word_1_75' title='bbox 590 1014 789 1087; x_wconf 84' lang='grc' dir='ltr'>δηλαδὴ</span> <span class='ocrx_word' id='word_1_76' title='bbox 819 1017 911 1070; x_wconf 74' lang='grc' dir='ltr'>καὶ</span> <span class='ocrx_word' id='word_1_77' title='bbox 934 1016 1121 1081; x_wconf 83' lang='grc' dir='ltr'>τάλλα,</span> <span class='ocrx_word' id='word_1_78' title='bbox 1219 1017 1283 1071; x_wconf 87' lang='grc' dir='ltr'>ἂν</span> <span class='ocrx_word' id='word_1_79' title='bbox 1303 1018 1507 1088; x_wconf 86' lang='grc' dir='ltr'>ἑκάστη</span> <span class='ocrx_word' id='word_1_80' title='bbox 1535 1019 1626 1083; x_wconf 83' lang='grc' dir='ltr'>ίοι,</span> <span class='ocrx_word' id='word_1_81' title='bbox 1655 1019 1794 1072; x_wconf 82' lang='grc' dir='ltr'><strong>κατά</strong></span> <span class='ocrx_word' id='word_1_82' title='bbox 1825 1018 1924 1082; x_wconf 77' lang='grc' dir='ltr'><strong>τὰς</strong></span> 
     </span>
    </p>
   </div>
   <div class='ocr_carea' id='block_1_11' title="bbox 349 1104 1924 1181">
    <p class='ocr_par' dir='ltr' id='par_1_11' title="bbox 349 1104 1924 1181">
     <span class='ocr_line' id='line_1_11' title="bbox 349 1104 1924 1181; baseline 0.008 -25"><span class='ocrx_word' id='word_1_83' title='bbox 349 1104 528 1157; x_wconf 82' lang='grc' dir='ltr'>αὐτῶν</span> <span class='ocrx_word' id='word_1_84' title='bbox 539 1106 861 1176; x_wconf 85' lang='grc' dir='ltr'>ὁμοιότητας</span> <span class='ocrx_word' id='word_1_85' title='bbox 875 1107 976 1177; x_wconf 84' lang='grc' dir='ltr'>τῆς</span> <span class='ocrx_word' id='word_1_86' title='bbox 1000 1107 1507 1179; x_wconf 84' lang='grc' dir='ltr'>μελέτης.-Δῆλον</span> <span class='ocrx_word' id='word_1_87' title='bbox 1520 1109 1604 1181; x_wconf 81' lang='grc' dir='ltr'>δὴ,</span> <span class='ocrx_word' id='word_1_88' title='bbox 1634 1111 1737 1179; x_wconf 77' lang='grc' dir='ltr'>ἔφη</span> <span class='ocrx_word' id='word_1_89' title='bbox 1757 1127 1770 1139; x_wconf 94' lang='grc'>·</span> <span class='ocrx_word' id='word_1_90' title='bbox 1806 1110 1924 1173; x_wconf 81' lang='grc' dir='ltr'><strong>πῶς</strong></span> 
     </span>
    </p>
   </div>
   <div class='ocr_carea' id='block_1_12' title="bbox 348 1188 1922 1268">
    <p class='ocr_par' dir='ltr' id='par_1_12' title="bbox 348 1188 1922 1268">
     <span class='ocr_line' id='line_1_12' title="bbox 348 1188 1922 1268; baseline 0.006 -26"><span class='ocrx_word' id='word_1_91' title='bbox 348 1189 395 1242; x_wconf 92' lang='grc' dir='ltr'>δ’</span> <span class='ocrx_word' id='word_1_92' title='bbox 442 1188 537 1254; x_wconf 66' lang='lat' dir='ltr'><strong>ob;</strong></span> <span class='ocrx_word' id='word_1_93' title='bbox 570 1222 642 1231; x_wconf 95' lang='lat'>—</span> <span class='ocrx_word' id='word_1_94' title='bbox 668 1192 875 1245; x_wconf 86' lang='grc' dir='ltr'>Οὐκοῦν</span> <span class='ocrx_word' id='word_1_95' title='bbox 905 1194 1397 1264; x_wconf 81' lang='grc' dir='ltr'>εὐδαιμονέστατοι,</span> <span class='ocrx_word' id='word_1_96' title='bbox 1439 1196 1566 1268; x_wconf 76' lang='grc' dir='ltr'>ἔφη,</span> <span class='ocrx_word' id='word_1_97' title='bbox 1587 1198 1682 1251; x_wconf 80' lang='grc' dir='ltr'>καὶ</span> <span class='ocrx_word' id='word_1_98' title='bbox 1718 1198 1922 1252; x_wconf 88' lang='grc' dir='ltr'>τούτων</span> 
     </span>
    </p>
   </div>
   <div class='ocr_carea' id='block_1_13' title="bbox 350 1281 1923 1359">
    <p class='ocr_par' dir='ltr' id='par_1_13' title="bbox 350 1281 1923 1359">
     <span class='ocr_line' id='line_1_13' title="bbox 350 1281 1923 1359; baseline 0.006 -27"><span class='ocrx_word' id='word_1_99' title='bbox 350 1281 476 1346; x_wconf 74' lang='grc' dir='ltr'>εἰσὶ,</span> <span class='ocrx_word' id='word_1_100' title='bbox 513 1282 604 1335; x_wconf 77' lang='grc' dir='ltr'>καὶ</span> <span class='ocrx_word' id='word_1_101' title='bbox 634 1282 715 1345; x_wconf 83' lang='grc' dir='ltr'><strong>είς</strong></span> <span class='ocrx_word' id='word_1_102' title='bbox 745 1281 1017 1351; x_wconf 86' lang='grc' dir='ltr'>βέλτιστον</span> <span class='ocrx_word' id='word_1_103' title='bbox 1059 1284 1223 1338; x_wconf 81' lang='grc' dir='ltr'>τόπον</span> <span class='ocrx_word' id='word_1_104' title='bbox 1269 1287 1455 1351; x_wconf 81' lang='grc' dir='ltr'><strong>ἰόντες,</strong></span> <span class='ocrx_word' id='word_1_105' title='bbox 1489 1290 1538 1341; x_wconf 85' lang='grc' dir='ltr'>οἱ</span> <span class='ocrx_word' id='word_1_106' title='bbox 1575 1289 1675 1358; x_wconf 84' lang='grc' dir='ltr'>τὴν</span> <span class='ocrx_word' id='word_1_107' title='bbox 1702 1288 1923 1359; x_wconf 87' lang='grc' dir='ltr'>δημοτι-</span> 
     </span>
    </p>
   </div>
   <div class='ocr_carea' id='block_1_14' title="bbox 351 1369 1920 1451">
    <p class='ocr_par' dir='ltr' id='par_1_14' title="bbox 351 1369 1920 1451">
     <span class='ocr_line' id='line_1_14' title="bbox 351 1369 1920 1451; baseline 0.008 -31"><span class='ocrx_word' id='word_1_108' title='bbox 351 1369 454 1437; x_wconf 79' lang='grc' dir='ltr'>κὴν</span> <span class='ocrx_word' id='word_1_109' title='bbox 506 1370 602 1423; x_wconf 77' lang='grc' dir='ltr'>καὶ</span> <span class='ocrx_word' id='word_1_110' title='bbox 642 1371 923 1444; x_wconf 83' lang='grc' dir='ltr'>πολιτικὴν</span> <span class='ocrx_word' id='word_1_111' title='bbox 965 1374 1165 1446; x_wconf 82' lang='grc' dir='ltr'>ἀρετὴν</span> <span class='ocrx_word' id='word_1_112' title='bbox 1205 1376 1699 1448; x_wconf 83' lang='grc' dir='ltr'>ἑπιτετηδευκότες,</span> <span class='ocrx_word' id='word_1_113' title='bbox 1751 1381 1816 1449; x_wconf 78' lang='grc' dir='ltr'>ἣν</span> <span class='ocrx_word' id='word_1_114' title='bbox 1858 1379 1920 1451; x_wconf 84' lang='grc' dir='ltr'>δὴ</span> 
     </span>
    </p>
   </div>
   <div class='ocr_carea' id='block_1_15' title="bbox 350 1461 1921 1539">
    <p class='ocr_par' dir='ltr' id='par_1_15' title="bbox 350 1461 1921 1539">
     <span class='ocr_line' id='line_1_15' title="bbox 350 1461 1921 1539; baseline 0.008 -25"><span class='ocrx_word' id='word_1_115' title='bbox 350 1461 574 1515; x_wconf 86' lang='grc' dir='ltr'>καλοῦσι</span> <span class='ocrx_word' id='word_1_116' title='bbox 608 1465 961 1536; x_wconf 83' lang='grc' dir='ltr'><strong>σωφροσύνην</strong></span> <span class='ocrx_word' id='word_1_117' title='bbox 987 1483 1048 1519; x_wconf 91' lang='grc' dir='ltr'><strong>τε</strong></span> <span class='ocrx_word' id='word_1_118' title='bbox 1087 1469 1180 1521; x_wconf 75' lang='grc' dir='ltr'>καὶ</span> <span class='ocrx_word' id='word_1_119' title='bbox 1206 1469 1567 1539; x_wconf 75' lang='grc' dir='ltr'>δικαιοσύνην,</span> <span class='ocrx_word' id='word_1_120' title='bbox 1597 1472 1656 1537; x_wconf 78' lang='grc' dir='ltr'>ἑξ</span> <span class='ocrx_word' id='word_1_121' title='bbox 1687 1471 1839 1535; x_wconf 83' lang='grc' dir='ltr'>ἒθους</span> <span class='ocrx_word' id='word_1_122' title='bbox 1863 1489 1921 1526; x_wconf 86' lang='grc' dir='ltr'><strong>τε</strong></span> 
     </span>
    </p>
   </div>
   <div class='ocr_carea' id='block_1_16' title="bbox 351 1553 1917 1629">
    <p class='ocr_par' dir='ltr' id='par_1_16' title="bbox 351 1553 1917 1629">
     <span class='ocr_line' id='line_1_16' title="bbox 351 1553 1917 1629; baseline -0.004 -8"><span class='ocrx_word' id='word_1_123' title='bbox 351 1554 446 1605; x_wconf 68' lang='grc' dir='ltr'><strong>καὶ</strong></span> <span class='ocrx_word' id='word_1_124' title='bbox 484 1553 714 1626; x_wconf 76' lang='grc' dir='ltr'><strong>μελέτης</strong></span> <span class='ocrx_word' id='word_1_125' title='bbox 750 1559 1054 1625; x_wconf 84' lang='grc' dir='ltr'>γεγονυῖαν,</span> <span class='ocrx_word' id='word_1_126' title='bbox 1078 1557 1204 1612; x_wconf 81' lang='grc' dir='ltr'>ἄνευ</span> <span class='ocrx_word' id='word_1_127' title='bbox 1236 1560 1550 1629; x_wconf 78' lang='grc' dir='ltr'><strong>φιλοσοφίας</strong></span> <span class='ocrx_word' id='word_1_128' title='bbox 1580 1579 1642 1615; x_wconf 89' lang='grc' dir='ltr'><strong>τε</strong></span> <span class='ocrx_word' id='word_1_129' title='bbox 1670 1563 1765 1615; x_wconf 75' lang='grc' dir='ltr'>καὶ</span> <span class='ocrx_word' id='word_1_130' title='bbox 1803 1563 1917 1629; x_wconf 85' lang='grc' dir='ltr'>νοῦ;</span> 
     </span>
    </p>
   </div>
   <div class='ocr_carea' id='block_1_17' title="bbox 350 1637 1920 1719">
    <p class='ocr_par' dir='ltr' id='par_1_17' title="bbox 350 1637 1920 1719">
     <span class='ocr_line' id='line_1_17' title="bbox 350 1637 1920 1719; baseline 0.01 -26"><span class='ocrx_word' id='word_1_131' title='bbox 350 1643 502 1714; x_wconf 79' lang='grc' dir='ltr'><strong>-Πῇ</strong></span> <span class='ocrx_word' id='word_1_132' title='bbox 529 1644 592 1715; x_wconf 81' lang='grc' dir='ltr'>δὴ</span> <span class='ocrx_word' id='word_1_133' title='bbox 611 1637 755 1699; x_wconf 78' lang='grc' dir='ltr'>οὗτοι</span> <span class='ocrx_word' id='word_1_134' title='bbox 772 1647 1237 1719; x_wconf 83' lang='grc' dir='ltr'>εὐδαιμονέστατοι</span> <span class='ocrx_word' id='word_1_135' title='bbox 1257 1668 1271 1716; x_wconf 91' lang='grc'>;</span> <span class='ocrx_word' id='word_1_136' title='bbox 1294 1653 1496 1706; x_wconf 84' lang='grc' dir='ltr'>-Ὂτι</span> <span class='ocrx_word' id='word_1_137' title='bbox 1530 1653 1749 1718; x_wconf 85' lang='grc' dir='ltr'>τούτους</span> <span class='ocrx_word' id='word_1_138' title='bbox 1777 1655 1920 1718; x_wconf 77' lang='grc' dir='ltr'>εἰκός</span> 
     </span>
    </p>
   </div>
   <div class='ocr_carea' id='block_1_18' title="bbox 352 1735 1920 1809">
    <p class='ocr_par' dir='ltr' id='par_1_18' title="bbox 352 1735 1920 1809">
     <span class='ocr_line' id='line_1_18' title="bbox 352 1735 1920 1809; baseline 0.009 -24"><span class='ocrx_word' id='word_1_139' title='bbox 352 1736 498 1787; x_wconf 83' lang='grc' dir='ltr'>ἑστιν</span> <span class='ocrx_word' id='word_1_140' title='bbox 530 1737 608 1797; x_wconf 85' lang='grc' dir='ltr'><strong>είς</strong></span> <span class='ocrx_word' id='word_1_141' title='bbox 653 1735 894 1791; x_wconf 88' lang='grc' dir='ltr'>τοιοῦτον</span> <span class='ocrx_word' id='word_1_142' title='bbox 935 1739 1095 1793; x_wconf 88' lang='grc' dir='ltr'>πάλιν</span> <span class='ocrx_word' id='word_1_143' title='bbox 1133 1742 1475 1809; x_wconf 83' lang='grc' dir='ltr'><strong>ἀφικνεῖσθαι</strong></span> <span class='ocrx_word' id='word_1_144' title='bbox 1520 1745 1792 1798; x_wconf 82' lang='grc' dir='ltr'>πολιτικὸν</span> <span class='ocrx_word' id='word_1_145' title='bbox 1826 1747 1920 1799; x_wconf 74' lang='grc' dir='ltr'>καὶ</span> 
     </span>
    </p>
   </div>
   <div class='ocr_carea' id='block_1_19' title="bbox 351 1813 1998 1907">
    <p class='ocr_par' dir='ltr' id='par_1_19' title="bbox 351 1813 1998 1907">
     <span class='ocr_line' id='line_1_19' title="bbox 351 1813 1998 1907; baseline -0.016 -13"><span class='ocrx_word' id='word_1_146' title='bbox 351 1825 557 1896; x_wconf 80' lang='grc' dir='ltr'>ἥμερον</span> <span class='ocrx_word' id='word_1_147' title='bbox 588 1826 762 1898; x_wconf 82' lang='grc' dir='ltr'>γένος,</span> <span class='ocrx_word' id='word_1_148' title='bbox 790 1829 930 1900; x_wconf 71' lang='grc' dir='ltr'>ἦπου</span> <span class='ocrx_word' id='word_1_149' title='bbox 963 1829 1245 1900; x_wconf 79' lang='grc' dir='ltr'>μελιττῶν,</span> <span class='ocrx_word' id='word_1_150' title='bbox 1284 1832 1316 1903; x_wconf 81' lang='grc' dir='ltr'><strong>ἢ</strong></span> <span class='ocrx_word' id='word_1_151' title='bbox 1359 1834 1602 1905; x_wconf 80' lang='grc' dir='ltr'>σφηκῶν,</span> <span class='ocrx_word' id='word_1_152' title='bbox 1631 1835 1664 1906; x_wconf 85' lang='grc' dir='ltr'>ἢ</span> <span class='ocrx_word' id='word_1_153' title='bbox 1705 1836 1925 1907; x_wconf 75' lang='grc' dir='ltr'>μνρμή,</span> <span class='ocrx_word' id='word_1_154' title='bbox 1956 1813 1998 1867; x_wconf 89' lang='grc' dir='ltr'>Β</span> 
     </span>
    </p>
   </div>
   <div class='ocr_carea' id='block_1_20' title="bbox 352 1915 1920 1995">
    <p class='ocr_par' dir='ltr' id='par_1_20' title="bbox 352 1915 1920 1995">
     <span class='ocr_line' id='line_1_20' title="bbox 352 1915 1920 1995; baseline 0.006 -27"><span class='ocrx_word' id='word_1_155' title='bbox 352 1932 484 1980; x_wconf 90' lang='grc' dir='ltr'>κων,</span> <span class='ocrx_word' id='word_1_156' title='bbox 512 1915 545 1987; x_wconf 77' lang='grc' dir='ltr'>ἦ</span> <span class='ocrx_word' id='word_1_157' title='bbox 572 1919 664 1972; x_wconf 75' lang='grc' dir='ltr'>καὶ</span> <span class='ocrx_word' id='word_1_158' title='bbox 686 1920 970 1983; x_wconf 85' lang='grc' dir='ltr'>είςταυτόν</span> <span class='ocrx_word' id='word_1_159' title='bbox 1000 1938 1064 1989; x_wconf 90' lang='grc' dir='ltr'><strong>γε</strong></span> <span class='ocrx_word' id='word_1_160' title='bbox 1081 1922 1244 1975; x_wconf 88' lang='grc' dir='ltr'>πάλιν</span> <span class='ocrx_word' id='word_1_161' title='bbox 1269 1923 1329 1976; x_wconf 81' lang='grc' dir='ltr'>τὸ</span> <span class='ocrx_word' id='word_1_162' title='bbox 1354 1923 1695 1995; x_wconf 85' lang='grc' dir='ltr'>ἀνθρώπινον</span> <span class='ocrx_word' id='word_1_163' title='bbox 1713 1926 1886 1993; x_wconf 88' lang='grc' dir='ltr'>γένος.</span> <span class='ocrx_word' id='word_1_164' title='bbox 1902 1945 1920 1977; x_wconf 76' lang='grc' dir='ltr'><strong>ι</strong></span> 
     </span>
    </p>
   </div>
   <div class='ocr_carea' id='block_1_21' title="bbox 353 2007 1923 2080">
    <p class='ocr_par' dir='ltr' id='par_1_21' title="bbox 353 2007 1923 2080">
     <span class='ocr_line' id='line_1_21' title="bbox 353 2007 1923 2080; baseline 0.007 -21"><span class='ocrx_word' id='word_1_165' title='bbox 353 2007 460 2059; x_wconf 76' lang='grc' dir='ltr'>Καὶ</span> <span class='ocrx_word' id='word_1_166' title='bbox 501 2010 559 2061; x_wconf 85' lang='grc' dir='ltr'><strong>ἑν</strong></span> <span class='ocrx_word' id='word_1_167' title='bbox 606 2010 684 2080; x_wconf 83' lang='grc' dir='ltr'>τῷ</span> <span class='ocrx_word' id='word_1_168' title='bbox 717 2010 946 2078; x_wconf 82' lang='grc' dir='ltr'><strong>Φαίδρῳ</strong></span> <span class='ocrx_word' id='word_1_169' title='bbox 993 2012 1050 2065; x_wconf 83' lang='grc' dir='ltr'>δὲ</span> <span class='ocrx_word' id='word_1_170' title='bbox 1100 2013 1399 2067; x_wconf 80' lang='grc' dir='ltr'>ἐπάκουσον</span> <span class='ocrx_word' id='word_1_171' title='bbox 1441 2018 1601 2069; x_wconf 85' lang='grc' dir='ltr'>ὁποῖα</span> <span class='ocrx_word' id='word_1_172' title='bbox 1653 2016 1923 2080; x_wconf 81' lang='grc' dir='ltr'>διέξεισιν·</span> 
     </span>
    </p>
   </div>
   <div class='ocr_carea' id='block_1_22' title="bbox 356 2098 1924 2179">
    <p class='ocr_par' dir='ltr' id='par_1_22' title="bbox 356 2098 1924 2179">
     <span class='ocr_line' id='line_1_22' title="bbox 356 2098 1924 2179; baseline 0.008 -30"><span class='ocrx_word' id='word_1_173' title='bbox 356 2114 378 2149; x_wconf 70' lang='grc' dir='ltr'>ί</span> <span class='ocrx_word' id='word_1_174' title='bbox 418 2098 512 2161; x_wconf 81' lang='grc' dir='ltr'><strong>Εἰς</strong></span> <span class='ocrx_word' id='word_1_175' title='bbox 547 2099 647 2167; x_wconf 81' lang='grc' dir='ltr'>μὲν</span> <span class='ocrx_word' id='word_1_176' title='bbox 677 2100 784 2172; x_wconf 86' lang='grc' dir='ltr'><strong>γὰρ</strong></span> <span class='ocrx_word' id='word_1_177' title='bbox 808 2101 867 2154; x_wconf 87' lang='grc' dir='ltr'>τὸ</span> <span class='ocrx_word' id='word_1_178' title='bbox 902 2103 1031 2155; x_wconf 74' lang='grc' dir='ltr'>αὐτὸ</span> <span class='ocrx_word' id='word_1_179' title='bbox 1058 2102 1170 2173; x_wconf 76' lang='grc'>(56)</span> <span class='ocrx_word' id='word_1_180' title='bbox 1208 2103 1329 2157; x_wconf 84' lang='grc' dir='ltr'>ὅθεν</span> <span class='ocrx_word' id='word_1_181' title='bbox 1365 2106 1489 2176; x_wconf 73' lang='grc' dir='ltr'>ἥκει</span> <span class='ocrx_word' id='word_1_182' title='bbox 1526 2105 1671 2178; x_wconf 81' lang='grc' dir='ltr'>ψυχὴ</span> <span class='ocrx_word' id='word_1_183' title='bbox 1700 2109 1924 2179; x_wconf 90' lang='grc' dir='ltr'>ἑκάστη,</span> 
     </span>
    </p>
   </div>
   <div class='ocr_carea' id='block_1_23' title="bbox 351 2189 1926 2268">
    <p class='ocr_par' dir='ltr' id='par_1_23' title="bbox 351 2189 1926 2268">
     <span class='ocr_line' id='line_1_23' title="bbox 351 2189 1926 2268; baseline 0.009 -28"><span class='ocrx_word' id='word_1_184' title='bbox 351 2189 452 2241; x_wconf 81' lang='grc' dir='ltr'>οὐκ</span> <span class='ocrx_word' id='word_1_185' title='bbox 474 2191 777 2258; x_wconf 81' lang='grc' dir='ltr'>ἀφικνεῖται</span> <span class='ocrx_word' id='word_1_186' title='bbox 805 2193 943 2246; x_wconf 80' lang='grc' dir='ltr'>ἑτῶν</span> <span class='ocrx_word' id='word_1_187' title='bbox 971 2194 1181 2265; x_wconf 84' lang='grc' dir='ltr'>μυρίων</span> <span class='ocrx_word' id='word_1_188' title='bbox 1216 2195 1328 2266; x_wconf 82' lang='lat'><strong>(57)</strong></span> <span class='ocrx_word' id='word_1_189' title='bbox 1348 2213 1362 2226; x_wconf 77' lang='grc' dir='ltr'><strong><em>ο</em></strong></span> <span class='ocrx_word' id='word_1_190' title='bbox 1388 2198 1448 2249; x_wconf 83' lang='grc' dir='ltr'>οὐ</span> <span class='ocrx_word' id='word_1_191' title='bbox 1486 2196 1594 2268; x_wconf 92' lang='grc' dir='ltr'><strong>γάρ</strong></span> <span class='ocrx_word' id='word_1_192' title='bbox 1633 2199 1926 2268; x_wconf 79' lang='grc' dir='ltr'>πτεροῦται</span> 
     </span>
    </p>
   </div>
   <div class='ocr_carea' id='block_1_24' title="bbox 354 2279 1927 2361">
    <p class='ocr_par' dir='ltr' id='par_1_24' title="bbox 354 2279 1927 2361">
     <span class='ocr_line' id='line_1_24' title="bbox 354 2279 1927 2361; baseline 0.01 -31"><span class='ocrx_word' id='word_1_193' title='bbox 354 2279 460 2349; x_wconf 81' lang='grc' dir='ltr'><strong>πρὸ</strong></span> <span class='ocrx_word' id='word_1_194' title='bbox 505 2281 761 2335; x_wconf 81' lang='grc' dir='ltr'>τοσούτου</span> <span class='ocrx_word' id='word_1_195' title='bbox 796 2283 1010 2355; x_wconf 89' lang='grc' dir='ltr'>χρόνου,</span> <span class='ocrx_word' id='word_1_196' title='bbox 1071 2285 1209 2356; x_wconf 83' lang='grc' dir='ltr'>πλὴν</span> <span class='ocrx_word' id='word_1_197' title='bbox 1248 2288 1280 2357; x_wconf 85' lang='grc' dir='ltr'>ή</span> <span class='ocrx_word' id='word_1_198' title='bbox 1326 2286 1421 2340; x_wconf 87' lang='grc' dir='ltr'><strong>τοῦ</strong></span> <span class='ocrx_word' id='word_1_199' title='bbox 1468 2289 1927 2361; x_wconf 80' lang='grc' dir='ltr'>φιλοσοφήσαντος</span> 
     </span>
    </p>
   </div>
   <div class='ocr_carea' id='block_1_25' title="bbox 352 2369 1926 2449">
    <p class='ocr_par' dir='ltr' id='par_1_25' title="bbox 352 2369 1926 2449">
     <span class='ocr_line' id='line_1_25' title="bbox 352 2369 1926 2449; baseline 0.01 -28"><span class='ocrx_word' id='word_1_200' title='bbox 352 2369 574 2433; x_wconf 79' lang='grc' dir='ltr'><strong>ἀδόλως,</strong></span> <span class='ocrx_word' id='word_1_201' title='bbox 614 2371 648 2442; x_wconf 81' lang='grc' dir='ltr'><strong>ἢ</strong></span> <span class='ocrx_word' id='word_1_202' title='bbox 674 2373 1205 2445; x_wconf 82' lang='grc' dir='ltr'>παιδεραστήσαντος</span> <span class='ocrx_word' id='word_1_203' title='bbox 1230 2378 1368 2448; x_wconf 83' lang='grc' dir='ltr'>μετὰ</span> <span class='ocrx_word' id='word_1_204' title='bbox 1405 2380 1736 2449; x_wconf 87' lang='grc' dir='ltr'>φιλοσοφίας.</span> <span class='ocrx_word' id='word_1_205' title='bbox 1760 2374 1926 2436; x_wconf 79' lang='grc' dir='ltr'>Αὗται</span> 
     </span>
    </p>
   </div>
   <div class='ocr_carea' id='block_1_26' title="bbox 351 2461 1921 2547">
    <p class='ocr_par' dir='ltr' id='par_1_26' title="bbox 351 2461 1921 2547">
     <span class='ocr_line' id='line_1_26' title="bbox 351 2461 1921 2547; baseline 0.011 -33"><span class='ocrx_word' id='word_1_206' title='bbox 351 2461 408 2515; x_wconf 79' lang='grc' dir='ltr'>δὲ</span> <span class='ocrx_word' id='word_1_207' title='bbox 435 2462 589 2546; x_wconf 82' lang='grc' dir='ltr'>τρίτῃ</span> <span class='ocrx_word' id='word_1_208' title='bbox 629 2465 863 2536; x_wconf 83' lang='grc' dir='ltr'>περιόδῳ</span> <span class='ocrx_word' id='word_1_209' title='bbox 891 2471 956 2540; x_wconf 82' lang='grc' dir='ltr'><strong>τῇ</strong></span> <span class='ocrx_word' id='word_1_210' title='bbox 984 2469 1223 2539; x_wconf 86' lang='grc' dir='ltr'>χιλιετεῖ,</span> <span class='ocrx_word' id='word_1_211' title='bbox 1250 2471 1343 2526; x_wconf 83' lang='grc' dir='ltr'><strong>ἑὰν</strong></span> <span class='ocrx_word' id='word_1_212' title='bbox 1382 2472 1608 2528; x_wconf 71' lang='grc' dir='ltr'>ἕλωνται</span> <span class='ocrx_word' id='word_1_213' title='bbox 1637 2479 1756 2547; x_wconf 76' lang='grc' dir='ltr'>τρὶς</span> <span class='ocrx_word' id='word_1_214' title='bbox 1801 2480 1921 2546; x_wconf 84' lang='grc' dir='ltr'>ἑφε-</span> 
     </span>
    </p>
   </div>
   <div class='ocr_carea' id='block_1_27' title="bbox 353 2551 1927 2638">
    <p class='ocr_par' dir='ltr' id='par_1_27' title="bbox 353 2551 1927 2638">
     <span class='ocr_line' id='line_1_27' title="bbox 353 2551 1927 2638; baseline 0.01 -33"><span class='ocrx_word' id='word_1_215' title='bbox 353 2551 454 2621; x_wconf 81' lang='grc' dir='ltr'><strong>ξῆς</strong></span> <span class='ocrx_word' id='word_1_216' title='bbox 480 2553 573 2607; x_wconf 82' lang='grc' dir='ltr'>τὸν</span> <span class='ocrx_word' id='word_1_217' title='bbox 602 2553 715 2624; x_wconf 86' lang='grc' dir='ltr'>βίον</span> <span class='ocrx_word' id='word_1_218' title='bbox 737 2556 945 2622; x_wconf 87' lang='grc' dir='ltr'>τοῦτον,</span> <span class='ocrx_word' id='word_1_219' title='bbox 969 2559 1112 2612; x_wconf 81' lang='grc' dir='ltr'>οὕτω</span> <span class='ocrx_word' id='word_1_220' title='bbox 1164 2563 1525 2634; x_wconf 82' lang='grc' dir='ltr'>πτερωθεῖσαι</span> <span class='ocrx_word' id='word_1_221' title='bbox 1553 2567 1927 2638; x_wconf 79' lang='grc' dir='ltr'>τρισχιλιοστῷ</span> 
     </span>
    </p>
   </div>
   <div class='ocr_carea' id='block_1_28' title="bbox 352 2643 1926 2729">
    <p class='ocr_par' dir='ltr' id='par_1_28' title="bbox 352 2643 1926 2729">
     <span class='ocr_line' id='line_1_28' title="bbox 352 2643 1926 2729; baseline 0.011 -34"><span class='ocrx_word' id='word_1_222' title='bbox 352 2643 463 2696; x_wconf 73' lang='grc' dir='ltr'>ἔτει</span> <span class='ocrx_word' id='word_1_223' title='bbox 494 2646 844 2716; x_wconf 83' lang='grc' dir='ltr'>ἀπέρχονται,</span> <span class='ocrx_word' id='word_1_224' title='bbox 878 2651 934 2703; x_wconf 80' lang='grc' dir='ltr'>αἱ</span> <span class='ocrx_word' id='word_1_225' title='bbox 974 2650 1031 2704; x_wconf 84' lang='grc' dir='ltr'>δὲ</span> <span class='ocrx_word' id='word_1_226' title='bbox 1061 2651 1238 2717; x_wconf 81' lang='grc' dir='ltr'>ἄλλαι,</span> <span class='ocrx_word' id='word_1_227' title='bbox 1263 2654 1389 2707; x_wconf 83' lang='grc' dir='ltr'>ὅταν</span> <span class='ocrx_word' id='word_1_228' title='bbox 1427 2656 1517 2709; x_wconf 82' lang='grc' dir='ltr'>τὸν</span> <span class='ocrx_word' id='word_1_229' title='bbox 1551 2658 1767 2729; x_wconf 85' lang='grc' dir='ltr'>πρῶτον</span> <span class='ocrx_word' id='word_1_230' title='bbox 1812 2658 1926 2729; x_wconf 86' lang='grc' dir='ltr'>βίον</span> 
     </span>
    </p>
   </div>
   <div class='ocr_carea' id='block_1_29' title="bbox 350 2736 1923 2819">
    <p class='ocr_par' dir='ltr' id='par_1_29' title="bbox 350 2736 1923 2819">
     <span class='ocr_line' id='line_1_29' title="bbox 350 2736 1923 2819; baseline 0.01 -30"><span class='ocrx_word' id='word_1_231' title='bbox 350 2736 732 2805; x_wconf 83' lang='grc' dir='ltr'>τελευτήσωσι,</span> <span class='ocrx_word' id='word_1_232' title='bbox 757 2739 992 2810; x_wconf 78' lang='grc' dir='ltr'>κρίσεως</span> <span class='ocrx_word' id='word_1_233' title='bbox 1035 2741 1241 2812; x_wconf 79' lang='grc' dir='ltr'>ἔτυχον.</span> <span class='ocrx_word' id='word_1_234' title='bbox 1284 2744 1567 2815; x_wconf 84' lang='grc' dir='ltr'>Κριθεῖσαι</span> <span class='ocrx_word' id='word_1_235' title='bbox 1606 2748 1681 2813; x_wconf 81' lang='grc' dir='ltr'>δὲ,</span> <span class='ocrx_word' id='word_1_236' title='bbox 1718 2750 1774 2803; x_wconf 86' lang='grc' dir='ltr'>αἱ</span> <span class='ocrx_word' id='word_1_237' title='bbox 1805 2751 1923 2819; x_wconf 83' lang='grc' dir='ltr'>μὲν,</span> 
     </span>
    </p>
   </div>
   <div class='ocr_carea' id='block_1_30' title="bbox 352 2826 1922 2911">
    <p class='ocr_par' dir='ltr' id='par_1_30' title="bbox 352 2826 1922 2911">
     <span class='ocr_line' id='line_1_30' title="bbox 352 2826 1922 2911; baseline 0.01 -32"><span class='ocrx_word' id='word_1_238' title='bbox 352 2828 433 2890; x_wconf 71' lang='grc' dir='ltr'><strong>είς</strong></span> <span class='ocrx_word' id='word_1_239' title='bbox 449 2828 521 2880; x_wconf 78' lang='grc' dir='ltr'><strong>τὰ</strong></span> <span class='ocrx_word' id='word_1_240' title='bbox 555 2826 660 2881; x_wconf 77' lang='grc' dir='ltr'><strong>ὑπὸ</strong></span> <span class='ocrx_word' id='word_1_241' title='bbox 686 2829 791 2899; x_wconf 83' lang='grc' dir='ltr'>γῆς</span> <span class='ocrx_word' id='word_1_242' title='bbox 812 2831 1170 2905; x_wconf 80' lang='grc' dir='ltr'>δικαιωτήρια</span> <span class='ocrx_word' id='word_1_243' title='bbox 1186 2835 1457 2901; x_wconf 75' lang='grc' dir='ltr'>ἐλθοῦσαι,</span> <span class='ocrx_word' id='word_1_244' title='bbox 1480 2838 1637 2911; x_wconf 86' lang='grc' dir='ltr'>δίκην</span> <span class='ocrx_word' id='word_1_245' title='bbox 1665 2840 1922 2894; x_wconf 85' lang='grc' dir='ltr'>τίνουσιν·</span> 
     </span>
    </p>
   </div>
   <div class='ocr_carea' id='block_1_31' title="bbox 351 2917 1927 3003">
    <p class='ocr_par' dir='ltr' id='par_1_31' title="bbox 351 2917 1927 3003">
     <span class='ocr_line' id='line_1_31' title="bbox 351 2917 1927 3003; baseline 0.01 -33"><span class='ocrx_word' id='word_1_246' title='bbox 351 2920 409 2971; x_wconf 83' lang='grc' dir='ltr'>αἱ</span> <span class='ocrx_word' id='word_1_247' title='bbox 444 2917 511 2980; x_wconf 76' lang='grc' dir='ltr'><strong>δ’,</strong></span> <span class='ocrx_word' id='word_1_248' title='bbox 557 2919 636 2984; x_wconf 58' lang='grc' dir='ltr'>δίς</span> <span class='ocrx_word' id='word_1_249' title='bbox 669 2921 763 2974; x_wconf 84' lang='grc' dir='ltr'><strong>τοῦ</strong></span> <span class='ocrx_word' id='word_1_250' title='bbox 823 2923 1051 2995; x_wconf 85' lang='grc' dir='ltr'>ούρανοῦ</span> <span class='ocrx_word' id='word_1_251' title='bbox 1093 2943 1214 2980; x_wconf 79' lang='grc' dir='ltr'>τινα</span> <span class='ocrx_word' id='word_1_252' title='bbox 1249 2926 1415 2981; x_wconf 87' lang='grc' dir='ltr'>τόπον</span> <span class='ocrx_word' id='word_1_253' title='bbox 1460 2929 1565 2982; x_wconf 81' lang='grc' dir='ltr'><strong>ὑπὸ</strong></span> <span class='ocrx_word' id='word_1_254' title='bbox 1614 2931 1714 3001; x_wconf 79' lang='grc' dir='ltr'>τῆς</span> <span class='ocrx_word' id='word_1_255' title='bbox 1771 2932 1927 3003; x_wconf 87' lang='grc' dir='ltr'>δίκης</span> 
     </span>
    </p>
   </div>
   <div class='ocr_carea' id='block_1_32' title="bbox 352 3007 1927 3090">
    <p class='ocr_par' dir='ltr' id='par_1_32' title="bbox 352 3007 1927 3090">
     <span class='ocr_line' id='line_1_32' title="bbox 352 3007 1927 3090; baseline 0.01 -31"><span class='ocrx_word' id='word_1_256' title='bbox 352 3007 750 3077; x_wconf 78' lang='grc' dir='ltr'>κουφισθεῖσαι,</span> <span class='ocrx_word' id='word_1_257' title='bbox 785 3010 1060 3081; x_wconf 77' lang='grc' dir='ltr'>διάγουσιν</span> <span class='ocrx_word' id='word_1_258' title='bbox 1101 3014 1265 3081; x_wconf 78' lang='grc' dir='ltr'>ἀξίως</span> <span class='ocrx_word' id='word_1_259' title='bbox 1292 3011 1352 3071; x_wconf 78' lang='grc' dir='ltr'>οὗ</span> <span class='ocrx_word' id='word_1_260' title='bbox 1372 3018 1432 3070; x_wconf 89' lang='grc' dir='ltr'><strong>ἑν</strong></span> <span class='ocrx_word' id='word_1_261' title='bbox 1470 3017 1757 3090; x_wconf 83' lang='grc' dir='ltr'>ἀνθρώπου</span> <span class='ocrx_word' id='word_1_262' title='bbox 1796 3019 1927 3075; x_wconf 80' lang='grc' dir='ltr'>εῖδει</span> 
     </span>
    </p>
   </div>
   <div class='ocr_carea' id='block_1_33' title="bbox 352 3097 1927 3179">
    <p class='ocr_par' dir='ltr' id='par_1_33' title="bbox 352 3097 1927 3179">
     <span class='ocr_line' id='line_1_33' title="bbox 352 3097 1927 3179; baseline 0.011 -30"><span class='ocrx_word' id='word_1_263' title='bbox 352 3097 589 3151; x_wconf 76' lang='grc' dir='ltr'>ἐϐίωσαν</span> <span class='ocrx_word' id='word_1_264' title='bbox 620 3099 754 3170; x_wconf 81' lang='grc' dir='ltr'>βίου.</span> <span class='ocrx_word' id='word_1_265' title='bbox 799 3102 889 3173; x_wconf 83' lang='grc' dir='ltr'><strong>Τῷ</strong></span> <span class='ocrx_word' id='word_1_266' title='bbox 919 3104 976 3157; x_wconf 86' lang='grc' dir='ltr'>δὲ</span> <span class='ocrx_word' id='word_1_267' title='bbox 1014 3103 1285 3176; x_wconf 81' lang='grc' dir='ltr'>χιλιοστῷ,</span> <span class='ocrx_word' id='word_1_268' title='bbox 1332 3107 1636 3179; x_wconf 84' lang='grc' dir='ltr'>ἀμφότεραι</span> <span class='ocrx_word' id='word_1_269' title='bbox 1669 3112 1927 3179; x_wconf 83' lang='grc' dir='ltr'>ἀφικνού-</span> 
     </span>
    </p>
   </div>
   <div class='ocr_carea' id='block_1_34' title="bbox 356 3192 1922 3273">
    <p class='ocr_par' dir='ltr' id='par_1_34' title="bbox 356 3192 1922 3273">
     <span class='ocr_line' id='line_1_34' title="bbox 356 3192 1922 3273; baseline 0.01 -32"><span class='ocrx_word' id='word_1_270' title='bbox 356 3206 513 3258; x_wconf 84' lang='grc' dir='ltr'>μεναι</span> <span class='ocrx_word' id='word_1_271' title='bbox 545 3192 638 3244; x_wconf 75' lang='grc' dir='ltr'>ἐπὶ</span> <span class='ocrx_word' id='word_1_272' title='bbox 662 3192 936 3264; x_wconf 89' lang='grc' dir='ltr'>κλήρωσίν</span> <span class='ocrx_word' id='word_1_273' title='bbox 966 3212 1025 3248; x_wconf 87' lang='grc' dir='ltr'><strong>τε</strong></span> <span class='ocrx_word' id='word_1_274' title='bbox 1050 3196 1140 3249; x_wconf 76' lang='grc' dir='ltr'>καὶ</span> <span class='ocrx_word' id='word_1_275' title='bbox 1158 3198 1365 3268; x_wconf 79' lang='grc' dir='ltr'>αἵρεσιν</span> <span class='ocrx_word' id='word_1_276' title='bbox 1390 3199 1484 3253; x_wconf 88' lang='grc' dir='ltr'><strong>τοῦ</strong></span> <span class='ocrx_word' id='word_1_277' title='bbox 1501 3200 1752 3272; x_wconf 80' lang='grc' dir='ltr'>δευτέρου</span> <span class='ocrx_word' id='word_1_278' title='bbox 1783 3202 1922 3273; x_wconf 88' lang='grc' dir='ltr'>βίου,</span> 
     </span>
    </p>
   </div>
   <div class='ocr_carea' id='block_1_35' title="bbox 351 3281 1922 3364">
    <p class='ocr_par' dir='ltr' id='par_1_35' title="bbox 351 3281 1922 3364">
     <span class='ocr_line' id='line_1_35' title="bbox 351 3281 1922 3364; baseline 0.008 -29"><span class='ocrx_word' id='word_1_279' title='bbox 351 3281 706 3352; x_wconf 75' lang='grc' dir='ltr'>αἱροῦνταιόν</span> <span class='ocrx_word' id='word_1_280' title='bbox 735 3283 800 3337; x_wconf 85' lang='grc' dir='ltr'>ἂν</span> <span class='ocrx_word' id='word_1_281' title='bbox 828 3285 983 3358; x_wconf 86' lang='grc' dir='ltr'>ἑθέλη</span> <span class='ocrx_word' id='word_1_282' title='bbox 1008 3288 1232 3359; x_wconf 84' lang='grc' dir='ltr'>ἑκάστη.</span> <span class='ocrx_word' id='word_1_283' title='bbox 1251 3290 1418 3343; x_wconf 88' lang='grc' dir='ltr'>Ἔνθα</span> <span class='ocrx_word' id='word_1_284' title='bbox 1439 3291 1502 3364; x_wconf 81' lang='grc' dir='ltr'>δὴ</span> <span class='ocrx_word' id='word_1_285' title='bbox 1527 3292 1620 3346; x_wconf 73' lang='grc' dir='ltr'>καὶ</span> <span class='ocrx_word' id='word_1_286' title='bbox 1638 3294 1717 3356; x_wconf 82' lang='grc' dir='ltr'><strong>είς</strong></span> <span class='ocrx_word' id='word_1_287' title='bbox 1736 3293 1922 3364; x_wconf 80' lang='grc' dir='ltr'>θηρίου</span> 
     </span>
    </p>
   </div>
   <div class='ocr_carea' id='block_1_36' title="bbox 357 3372 1931 3456">
    <p class='ocr_par' dir='ltr' id='par_1_36' title="bbox 357 3372 1931 3456">
     <span class='ocr_line' id='line_1_36' title="bbox 357 3372 1931 3456; baseline 0.009 -31"><span class='ocrx_word' id='word_1_288' title='bbox 357 3372 473 3442; x_wconf 88' lang='grc' dir='ltr'>βίον</span> <span class='ocrx_word' id='word_1_289' title='bbox 503 3373 817 3446; x_wconf 86' lang='grc' dir='ltr'>ἀνθρωπίνη</span> <span class='ocrx_word' id='word_1_290' title='bbox 847 3376 992 3449; x_wconf 77' lang='grc' dir='ltr'>ψυχὴ</span> <span class='ocrx_word' id='word_1_291' title='bbox 1030 3380 1357 3450; x_wconf 86' lang='grc' dir='ltr'>ἀφικνεῖται,</span> <span class='ocrx_word' id='word_1_292' title='bbox 1388 3383 1484 3436; x_wconf 77' lang='grc' dir='ltr'>καὶ</span> <span class='ocrx_word' id='word_1_293' title='bbox 1528 3385 1593 3437; x_wconf 84' lang='grc' dir='ltr'>ὲκ</span> <span class='ocrx_word' id='word_1_294' title='bbox 1631 3384 1842 3456; x_wconf 85' lang='grc' dir='ltr'>θηρίου,</span> <span class='ocrx_word' id='word_1_295' title='bbox 1870 3386 1931 3450; x_wconf 83' lang='grc' dir='ltr'>ὃς</span> 
     </span>
    </p>
   </div>
   <div class='ocr_carea' id='block_1_37' title="bbox 355 3463 1928 3542">
    <p class='ocr_par' dir='ltr' id='par_1_37' title="bbox 355 3463 1928 3542">
     <span class='ocr_line' id='line_1_37' title="bbox 355 3463 1928 3542; baseline 0.008 -26"><span class='ocrx_word' id='word_1_296' title='bbox 355 3481 489 3517; x_wconf 86' lang='grc' dir='ltr'>ποτε</span> <span class='ocrx_word' id='word_1_297' title='bbox 518 3464 804 3537; x_wconf 78' lang='grc' dir='ltr'>ἄνθρωπος</span> <span class='ocrx_word' id='word_1_298' title='bbox 831 3463 920 3539; x_wconf 82' lang='grc' dir='ltr'>ἦν,</span> <span class='ocrx_word' id='word_1_299' title='bbox 945 3469 1107 3524; x_wconf 91' lang='grc' dir='ltr'>πάλιν</span> <span class='ocrx_word' id='word_1_300' title='bbox 1132 3473 1210 3534; x_wconf 83' lang='grc' dir='ltr'><strong>είς</strong></span> <span class='ocrx_word' id='word_1_301' title='bbox 1243 3471 1548 3542; x_wconf 73' lang='grc' dir='ltr'>ἄνθρωπον.</span> <span class='ocrx_word' id='word_1_302' title='bbox 1581 3493 1600 3525; x_wconf 70' lang='grc' dir='ltr'><strong>ι</strong></span> <span class='ocrx_word' id='word_1_303' title='bbox 1625 3476 1734 3529; x_wconf 75' lang='grc' dir='ltr'><strong>Καὶ</strong></span> <span class='ocrx_word' id='word_1_304' title='bbox 1757 3475 1928 3530; x_wconf 85' lang='grc' dir='ltr'>ταῦτα</span> 
     </span>
    </p>
   </div>
   <div class='ocr_carea' id='block_1_38' title="bbox 358 3552 1929 3639">
    <p class='ocr_par' dir='ltr' id='par_1_38' title="bbox 358 3552 1929 3639">
     <span class='ocr_line' id='line_1_38' title="bbox 358 3552 1929 3639; baseline 0.008 -32"><span class='ocrx_word' id='word_1_305' title='bbox 358 3552 457 3623; x_wconf 78' lang='grc' dir='ltr'>μὲν</span> <span class='ocrx_word' id='word_1_306' title='bbox 478 3556 536 3607; x_wconf 87' lang='grc' dir='ltr'><strong>ἑν</strong></span> <span class='ocrx_word' id='word_1_307' title='bbox 570 3554 819 3623; x_wconf 81' lang='grc' dir='ltr'>Φαίδρῳ.</span> <span class='ocrx_word' id='word_1_308' title='bbox 863 3557 950 3610; x_wconf 89' lang='grc' dir='ltr'>Ἐν</span> <span class='ocrx_word' id='word_1_309' title='bbox 974 3558 1032 3610; x_wconf 86' lang='grc' dir='ltr'>δὲ</span> <span class='ocrx_word' id='word_1_310' title='bbox 1056 3562 1122 3630; x_wconf 82' lang='grc' dir='ltr'><strong>τῇ</strong></span> <span class='ocrx_word' id='word_1_311' title='bbox 1156 3562 1434 3629; x_wconf 73' lang='grc' dir='ltr'>Πολιτείᾳ</span> <span class='ocrx_word' id='word_1_312' title='bbox 1471 3562 1648 3617; x_wconf 82' lang='grc' dir='ltr'>τοιάδε</span> <span class='ocrx_word' id='word_1_313' title='bbox 1689 3565 1929 3639; x_wconf 78' lang='grc' dir='ltr'>γράφον-</span> 
     </span>
    </p>
   </div>
   <div class='ocr_carea' id='block_1_39' title="bbox 354 3644 1927 3726">
    <p class='ocr_par' dir='ltr' id='par_1_39' title="bbox 354 3644 1927 3726">
     <span class='ocr_line' id='line_1_39' title="bbox 354 3644 1927 3726; baseline 0.008 -30"><span class='ocrx_word' id='word_1_314' title='bbox 354 3661 447 3707; x_wconf 89' lang='grc' dir='ltr'><strong>τος</strong></span> <span class='ocrx_word' id='word_1_315' title='bbox 475 3644 635 3698; x_wconf 82' lang='grc' dir='ltr'>ἄκουε</span> <span class='ocrx_word' id='word_1_316' title='bbox 653 3662 667 3676; x_wconf 80' lang='grc'><em>’</em></span> <span class='ocrx_word' id='word_1_317' title='bbox 690 3665 709 3697; x_wconf 75' lang='lat' dir='ltr'><strong>t</strong></span> <span class='ocrx_word' id='word_1_318' title='bbox 743 3647 892 3701; x_wconf 84' lang='grc' dir='ltr'>Ἰδεῖν</span> <span class='ocrx_word' id='word_1_319' title='bbox 925 3649 1023 3720; x_wconf 82' lang='grc' dir='ltr'>μὲν</span> <span class='ocrx_word' id='word_1_320' title='bbox 1046 3650 1155 3722; x_wconf 83' lang='grc' dir='ltr'>γὰρ</span> <span class='ocrx_word' id='word_1_321' title='bbox 1175 3652 1287 3723; x_wconf 80' lang='grc'>(58)</span> <span class='ocrx_word' id='word_1_322' title='bbox 1319 3651 1421 3725; x_wconf 80' lang='grc' dir='ltr'>ἐφη</span> <span class='ocrx_word' id='word_1_323' title='bbox 1447 3652 1644 3726; x_wconf 78' lang='grc' dir='ltr'>ψυχὴν,</span> <span class='ocrx_word' id='word_1_324' title='bbox 1670 3657 1768 3726; x_wconf 88' lang='grc' dir='ltr'>τήν</span> <span class='ocrx_word' id='word_1_325' title='bbox 1798 3672 1927 3709; x_wconf 88' lang='grc' dir='ltr'>ποτε</span> 
     </span>
    </p>
   </div>
   <div class='ocr_carea' id='block_1_40' title="bbox 367 3735 1929 3818">
    <p class='ocr_par' dir='ltr' id='par_1_40' title="bbox 367 3735 1929 3818">
     <span class='ocr_line' id='line_1_40' title="bbox 367 3735 1929 3818; baseline 0.009 -32"><span class='ocrx_word' id='word_1_326' title='bbox 367 3735 614 3807; x_wconf 82' lang='grc' dir='ltr'>Ὀρφέως</span> <span class='ocrx_word' id='word_1_327' title='bbox 645 3738 961 3811; x_wconf 84' lang='grc' dir='ltr'>γενομένην,</span> <span class='ocrx_word' id='word_1_328' title='bbox 988 3739 1186 3794; x_wconf 84' lang='grc' dir='ltr'>κύκνου</span> <span class='ocrx_word' id='word_1_329' title='bbox 1236 3742 1350 3812; x_wconf 83' lang='grc' dir='ltr'>βίον</span> <span class='ocrx_word' id='word_1_330' title='bbox 1392 3745 1738 3817; x_wconf 83' lang='grc' dir='ltr'>αἱρουμένην,</span> <span class='ocrx_word' id='word_1_331' title='bbox 1783 3748 1929 3818; x_wconf 85' lang='grc' dir='ltr'>μίσει</span> 
     </span>
    </p>
   </div>
   <div class='ocr_carea' id='block_1_41' title="bbox 352 3827 1927 3902">
    <p class='ocr_par' dir='ltr' id='par_1_41' title="bbox 352 3827 1927 3902">
     <span class='ocr_line' id='line_1_41' title="bbox 352 3827 1927 3902; baseline 0.007 -21"><span class='ocrx_word' id='word_1_332' title='bbox 352 3827 449 3881; x_wconf 73' lang='grc' dir='ltr'><strong>τοῦ</strong></span> <span class='ocrx_word' id='word_1_333' title='bbox 478 3835 785 3896; x_wconf 84' lang='grc' dir='ltr'>γυναικείου</span> <span class='ocrx_word' id='word_1_334' title='bbox 807 3831 1017 3900; x_wconf 87' lang='grc' dir='ltr'>γένους,</span> <span class='ocrx_word' id='word_1_335' title='bbox 1051 3832 1139 3887; x_wconf 83' lang='grc' dir='ltr'>διὰ</span> <span class='ocrx_word' id='word_1_336' title='bbox 1166 3833 1269 3888; x_wconf 77' lang='grc' dir='ltr'>τὸν</span> <span class='ocrx_word' id='word_1_337' title='bbox 1290 3836 1383 3889; x_wconf 84' lang='grc' dir='ltr'>ὑπ’</span> <span class='ocrx_word' id='word_1_338' title='bbox 1416 3836 1638 3892; x_wconf 78' lang='grc' dir='ltr'>ἐκείνων</span> <span class='ocrx_word' id='word_1_339' title='bbox 1678 3837 1927 3902; x_wconf 89' lang='grc' dir='ltr'>θάνατον,</span> 
     </span>
    </p>
   </div>
   <div class='ocr_carea' id='block_1_42' title="bbox 354 3919 1924 3997">
    <p class='ocr_par' dir='ltr' id='par_1_42' title="bbox 354 3919 1924 3997">
     <span class='ocr_line' id='line_1_42' title="bbox 354 3919 1924 3997; baseline 0.008 -27"><span class='ocrx_word' id='word_1_340' title='bbox 354 3920 456 3971; x_wconf 75' lang='grc' dir='ltr'>οὐκ</span> <span class='ocrx_word' id='word_1_341' title='bbox 512 3919 801 3975; x_wconf 74' lang='grc' dir='ltr'>ἐθέλουσαν</span> <span class='ocrx_word' id='word_1_342' title='bbox 867 3923 925 3975; x_wconf 84' lang='grc' dir='ltr'>ὲν</span> <span class='ocrx_word' id='word_1_343' title='bbox 980 3924 1200 3991; x_wconf 75' lang='grc' dir='ltr'>γυναικὶ</span> <span class='ocrx_word' id='word_1_344' title='bbox 1245 3925 1595 3997; x_wconf 86' lang='grc' dir='ltr'>γεννηθεῖσαν</span> <span class='ocrx_word' id='word_1_345' title='bbox 1652 3929 1924 3996; x_wconf 89' lang='grc' dir='ltr'>γενέσθαι.</span> 
     </span>
    </p>
   </div>
   <div class='ocr_carea' id='block_1_43' title="bbox 368 4008 1931 4091">
    <p class='ocr_par' dir='ltr' id='par_1_43' title="bbox 368 4008 1931 4091">
     <span class='ocr_line' id='line_1_43' title="bbox 368 4008 1931 4091; baseline 0.009 -29"><span class='ocrx_word' id='word_1_346' title='bbox 368 4008 516 4064; x_wconf 83' lang='grc' dir='ltr'>ἰδεῖν</span> <span class='ocrx_word' id='word_1_347' title='bbox 542 4011 598 4065; x_wconf 86' lang='grc' dir='ltr'>δὲ</span> <span class='ocrx_word' id='word_1_348' title='bbox 616 4013 715 4084; x_wconf 84' lang='grc' dir='ltr'>τὴν</span> <span class='ocrx_word' id='word_1_349' title='bbox 741 4013 996 4084; x_wconf 82' lang='grc' dir='ltr'>Θαμύρου</span> <span class='ocrx_word' id='word_1_350' title='bbox 1022 4015 1243 4087; x_wconf 85' lang='grc' dir='ltr'>ἀηδόνος</span> <span class='ocrx_word' id='word_1_351' title='bbox 1264 4017 1522 4091; x_wconf 81' lang='grc' dir='ltr'>ἑλομένην</span> <span class='ocrx_word' id='word_1_352' title='bbox 1543 4036 1555 4048; x_wconf 89' lang='grc'>·</span> <span class='ocrx_word' id='word_1_353' title='bbox 1590 4019 1717 4074; x_wconf 83' lang='grc' dir='ltr'>ἰδεῖν</span> <span class='ocrx_word' id='word_1_354' title='bbox 1748 4020 1805 4074; x_wconf 83' lang='grc' dir='ltr'>δὲ</span> <span class='ocrx_word' id='word_1_355' title='bbox 1835 4024 1931 4076; x_wconf 75' lang='grc' dir='ltr'>καὶ</span> 
     </span>
    </p>
   </div>
   <div class='ocr_carea' id='block_1_44' title="bbox 353 4101 1926 4182">
    <p class='ocr_par' dir='ltr' id='par_1_44' title="bbox 353 4101 1926 4182">
     <span class='ocr_line' id='line_1_44' title="bbox 353 4101 1926 4182; baseline 0.008 -27"><span class='ocrx_word' id='word_1_356' title='bbox 353 4101 554 4156; x_wconf 77' lang='grc' dir='ltr'>κύκνον</span> <span class='ocrx_word' id='word_1_357' title='bbox 602 4107 683 4168; x_wconf 85' lang='grc' dir='ltr'>εἰς</span> <span class='ocrx_word' id='word_1_358' title='bbox 720 4104 1057 4177; x_wconf 86' lang='grc' dir='ltr'>ἀνθρωπίνου</span> <span class='ocrx_word' id='word_1_359' title='bbox 1095 4107 1210 4179; x_wconf 87' lang='grc' dir='ltr'>βίου</span> <span class='ocrx_word' id='word_1_360' title='bbox 1255 4109 1460 4179; x_wconf 78' lang='grc' dir='ltr'>αἵρεσιν</span> <span class='ocrx_word' id='word_1_361' title='bbox 1506 4112 1926 4182; x_wconf 78' lang='grc' dir='ltr'>μεταϐάλλοντα,</span> 
     </span>
    </p>
   </div>
   <div class='ocr_carea' id='block_1_45' title="bbox 354 4193 1928 4275">
    <p class='ocr_par' dir='ltr' id='par_1_45' title="bbox 354 4193 1928 4275">
     <span class='ocr_line' id='line_1_45' title="bbox 354 4193 1928 4275; baseline 0.006 -27"><span class='ocrx_word' id='word_1_362' title='bbox 354 4195 449 4248; x_wconf 82' lang='grc' dir='ltr'>καὶ</span> <span class='ocrx_word' id='word_1_363' title='bbox 481 4194 615 4248; x_wconf 84' lang='grc' dir='ltr'>ἄλλα</span> <span class='ocrx_word' id='word_1_364' title='bbox 640 4193 753 4260; x_wconf 81' lang='grc' dir='ltr'>ζῶα</span> <span class='ocrx_word' id='word_1_365' title='bbox 798 4197 1034 4268; x_wconf 78' lang='grc' dir='ltr'>μουσικὰ</span> <span class='ocrx_word' id='word_1_366' title='bbox 1073 4198 1349 4262; x_wconf 80' lang='grc' dir='ltr'>ὡσαύτως,</span> <span class='ocrx_word' id='word_1_367' title='bbox 1392 4200 1467 4265; x_wconf 85' lang='grc' dir='ltr'>ὡς</span> <span class='ocrx_word' id='word_1_368' title='bbox 1520 4201 1581 4255; x_wconf 81' lang='grc' dir='ltr'>τὸ</span> <span class='ocrx_word' id='word_1_369' title='bbox 1622 4204 1786 4268; x_wconf 79' lang='grc' dir='ltr'>εἰκός.</span> <span class='ocrx_word' id='word_1_370' title='bbox 1818 4204 1928 4275; x_wconf 81' lang='grc' dir='ltr'><strong>Τὴν</strong></span> 
     </span>
    </p>
   </div>
   <div class='ocr_carea' id='block_1_46' title="bbox 350 4284 1973 4367">
    <p class='ocr_par' dir='ltr' id='par_1_46' title="bbox 350 4284 1973 4367">
     <span class='ocr_line' id='line_1_46' title="bbox 350 4284 1973 4367; baseline 0.006 -27"><span class='ocrx_word' id='word_1_371' title='bbox 350 4285 412 4340; x_wconf 86' lang='grc' dir='ltr'>δὲ</span> <span class='ocrx_word' id='word_1_372' title='bbox 442 4284 710 4357; x_wconf 83' lang='grc' dir='ltr'>λαχοῦσαν</span> <span class='ocrx_word' id='word_1_373' title='bbox 742 4287 919 4360; x_wconf 79' lang='grc' dir='ltr'>ψυχὴν</span> <span class='ocrx_word' id='word_1_374' title='bbox 949 4290 1161 4343; x_wconf 80' lang='grc' dir='ltr'>ἑλέσθαι</span> <span class='ocrx_word' id='word_1_375' title='bbox 1200 4291 1410 4355; x_wconf 87' lang='grc' dir='ltr'>λέοντος</span> <span class='ocrx_word' id='word_1_376' title='bbox 1446 4292 1578 4361; x_wconf 88' lang='grc' dir='ltr'>βίον,</span> <span class='ocrx_word' id='word_1_377' title='bbox 1601 4289 1738 4348; x_wconf 76' lang='grc' dir='ltr'>εἶναι</span> <span class='ocrx_word' id='word_1_378' title='bbox 1758 4294 1928 4367; x_wconf 82' lang='grc' dir='ltr'>δὲτὴν</span> <span class='ocrx_word' id='word_1_379' title='bbox 1967 4284 1973 4289; x_wconf 67' lang='grc'><em>’</em></span> 
     </span>
    </p>
   </div>
   <div class='ocr_carea' id='block_1_47' title="bbox 349 4377 1926 4457">
    <p class='ocr_par' dir='ltr' id='par_1_47' title="bbox 349 4377 1926 4457">
     <span class='ocr_line' id='line_1_47' title="bbox 349 4377 1926 4457; baseline 0.005 -25"><span class='ocrx_word' id='word_1_380' title='bbox 349 4377 581 4442; x_wconf 68' lang='grc' dir='ltr'>Αἴαντος</span> <span class='ocrx_word' id='word_1_381' title='bbox 610 4377 706 4432; x_wconf 84' lang='grc' dir='ltr'><strong>τοῦ</strong></span> <span class='ocrx_word' id='word_1_382' title='bbox 744 4381 1090 4452; x_wconf 82' lang='grc' dir='ltr'>Τελαμωνίου</span> <span class='ocrx_word' id='word_1_383' title='bbox 1126 4381 1259 4453; x_wconf 80' lang='grc'>(59),</span> <span class='ocrx_word' id='word_1_384' title='bbox 1295 4382 1601 4452; x_wconf 83' lang='grc' dir='ltr'>φεύγουσαν</span> <span class='ocrx_word' id='word_1_385' title='bbox 1643 4384 1926 4457; x_wconf 77' lang='grc' dir='ltr'>ἄνθρωπον</span> 
     </span>
    </p>
   </div>
   <div class='ocr_carea' id='block_1_48' title="bbox 2025 656 3595 727">
    <p class='ocr_par' dir='ltr' id='par_1_48' title="bbox 2025 656 3595 727">
     <span class='ocr_line' id='line_1_48' title="bbox 2025 656 3595 727; baseline 0.002 -18"><span class='ocrx_word' id='word_1_386' title='bbox 2025 667 2126 724; x_wconf 90' lang='lat' dir='ltr'><strong>par</strong></span> <span class='ocrx_word' id='word_1_387' title='bbox 2148 664 2249 719; x_wconf 90' lang='lat' dir='ltr'><strong>est,</strong></span> <span class='ocrx_word' id='word_1_388' title='bbox 2273 671 2397 711; x_wconf 89' lang='lat' dir='ltr'><strong>cum</strong></span> <span class='ocrx_word' id='word_1_389' title='bbox 2432 657 2499 713; x_wconf 91' lang='lat' dir='ltr'><strong>iis</strong></span> <span class='ocrx_word' id='word_1_390' title='bbox 2536 657 2983 714; x_wconf 90' lang='lat' dir='ltr'><strong>convenientibus</strong></span> <span class='ocrx_word' id='word_1_391' title='bbox 3017 656 3215 727; x_wconf 90' lang='lat' dir='ltr'><strong>illigari</strong></span> <span class='ocrx_word' id='word_1_392' title='bbox 3245 657 3439 720; x_wconf 88' lang='lat' dir='ltr'><strong>solent.</strong></span> <span class='ocrx_word' id='word_1_393' title='bbox 3470 658 3595 727; x_wconf 87' lang='lat' dir='ltr'><strong>qui-</strong></span> 
     </span>
    </p>
   </div>
   <div class='ocr_carea' id='block_1_49' title="bbox 2025 743 3596 813">
    <p class='ocr_par' dir='ltr' id='par_1_49' title="bbox 2025 743 3596 813">
     <span class='ocr_line' id='line_1_49' title="bbox 2025 743 3596 813; baseline 0.002 -15"><span class='ocrx_word' id='word_1_394' title='bbox 2025 743 2129 798; x_wconf 86' lang='lat' dir='ltr'><strong>bus</strong></span> <span class='ocrx_word' id='word_1_395' title='bbox 2167 745 2295 798; x_wconf 92' lang='lat' dir='ltr'><strong>dum</strong></span> <span class='ocrx_word' id='word_1_396' title='bbox 2349 745 2607 813; x_wconf 75' lang='lat' dir='ltr'><strong>viverent,</strong></span> <span class='ocrx_word' id='word_1_397' title='bbox 2665 747 2976 801; x_wconf 86' lang='lat' dir='ltr'><strong>utebantur.</strong></span> <span class='ocrx_word' id='word_1_398' title='bbox 3020 774 3090 785; x_wconf 85' lang='lat'><strong>-—</strong></span> <span class='ocrx_word' id='word_1_399' title='bbox 3122 743 3275 811; x_wconf 91' lang='lat' dir='ltr'><strong>Quos</strong></span> <span class='ocrx_word' id='word_1_400' title='bbox 3311 753 3368 799; x_wconf 88' lang='lat' dir='ltr'><strong>tu</strong></span> <span class='ocrx_word' id='word_1_401' title='bbox 3413 761 3596 802; x_wconf 86' lang='lat' dir='ltr'><strong>mores</strong></span> 
     </span>
    </p>
   </div>
   <div class='ocr_carea' id='block_1_50' title="bbox 2026 831 3592 905">
    <p class='ocr_par' dir='ltr' id='par_1_50' title="bbox 2026 831 3592 905">
     <span class='ocr_line' id='line_1_50' title="bbox 2026 831 3592 905; baseline 0.003 -20"><span class='ocrx_word' id='word_1_402' title='bbox 2026 831 2291 902; x_wconf 88' lang='lat' dir='ltr'><strong>loqueris,</strong></span> <span class='ocrx_word' id='word_1_403' title='bbox 2323 849 2356 888; x_wconf 95' lang='lat' dir='ltr'><strong>o</strong></span> <span class='ocrx_word' id='word_1_404' title='bbox 2378 833 2665 890; x_wconf 83' lang='lat' dir='ltr'><strong>Socrates?</strong></span> <span class='ocrx_word' id='word_1_405' title='bbox 2712 865 2785 876; x_wconf 94' lang='lat'><strong>—</strong></span> <span class='ocrx_word' id='word_1_406' title='bbox 2809 833 3054 905; x_wconf 82' lang='lat' dir='ltr'><strong>Exempli</strong></span> <span class='ocrx_word' id='word_1_407' title='bbox 3090 849 3276 901; x_wconf 89' lang='lat' dir='ltr'><strong>causa,</strong></span> <span class='ocrx_word' id='word_1_408' title='bbox 3310 834 3403 904; x_wconf 88' lang='lat' dir='ltr'><strong>qui</strong></span> <span class='ocrx_word' id='word_1_409' title='bbox 3432 848 3491 889; x_wconf 90' lang='lat' dir='ltr'><strong>se</strong></span> <span class='ocrx_word' id='word_1_410' title='bbox 3536 834 3592 889; x_wconf 90' lang='lat' dir='ltr'><strong>in</strong></span> 
     </span>
    </p>
   </div>
   <div class='ocr_carea' id='block_1_51' title="bbox 2025 921 3595 998">
    <p class='ocr_par' dir='ltr' id='par_1_51' title="bbox 2025 921 3595 998">
     <span class='ocr_line' id='line_1_51' title="bbox 2025 921 3595 998; baseline 0.002 -21"><span class='ocrx_word' id='word_1_411' title='bbox 2025 921 2254 994; x_wconf 83' lang='lat' dir='ltr'><strong>flagitia,</strong></span> <span class='ocrx_word' id='word_1_412' title='bbox 2292 924 2347 978; x_wconf 91' lang='lat' dir='ltr'><strong>in</strong></span> <span class='ocrx_word' id='word_1_413' title='bbox 2394 926 2599 983; x_wconf 84' lang='lat' dir='ltr'><strong>ventris</strong></span> <span class='ocrx_word' id='word_1_414' title='bbox 2645 926 2890 998; x_wconf 66' lang='lat' dir='ltr'><strong>gulaaque</strong></span> <span class='ocrx_word' id='word_1_415' title='bbox 2933 926 3238 994; x_wconf 82' lang='lat' dir='ltr'><strong>voluptates</strong></span> <span class='ocrx_word' id='word_1_416' title='bbox 3278 925 3357 980; x_wconf 89' lang='lat' dir='ltr'><strong>sie</strong></span> <span class='ocrx_word' id='word_1_417' title='bbox 3399 923 3595 980; x_wconf 79' lang='lat' dir='ltr'><strong>effude-</strong></span> 
     </span>
    </p>
   </div>
   <div class='ocr_carea' id='block_1_52' title="bbox 2024 1016 3595 1089">
    <p class='ocr_par' dir='ltr' id='par_1_52' title="bbox 2024 1016 3595 1089">
     <span class='ocr_line' id='line_1_52' title="bbox 2024 1016 3595 1089; baseline 0 -18"><span class='ocrx_word' id='word_1_418' title='bbox 2024 1018 2153 1082; x_wconf 87' lang='lat' dir='ltr'><strong>rint,</strong></span> <span class='ocrx_word' id='word_1_419' title='bbox 2185 1017 2390 1072; x_wconf 88' lang='lat' dir='ltr'><strong>nnllam</strong></span> <span class='ocrx_word' id='word_1_420' title='bbox 2425 1026 2484 1073; x_wconf 92' lang='lat' dir='ltr'><strong>ut</strong></span> <span class='ocrx_word' id='word_1_421' title='bbox 2505 1018 2730 1089; x_wconf 91' lang='lat' dir='ltr'><strong>pudoris</strong></span> <span class='ocrx_word' id='word_1_422' title='bbox 2759 1019 2844 1073; x_wconf 91' lang='lat' dir='ltr'><strong>sui</strong></span> <span class='ocrx_word' id='word_1_423' title='bbox 2873 1017 3141 1071; x_wconf 89' lang='lat' dir='ltr'><strong>rationem</strong></span> <span class='ocrx_word' id='word_1_424' title='bbox 3186 1016 3467 1081; x_wconf 87' lang='lat' dir='ltr'><strong>baberent,</strong></span> <span class='ocrx_word' id='word_1_425' title='bbox 3502 1030 3595 1071; x_wconf 87' lang='lat' dir='ltr'><strong>eos</strong></span> 
     </span>
    </p>
   </div>
   <div class='ocr_carea' id='block_1_53' title="bbox 2024 1106 3593 1179">
    <p class='ocr_par' dir='ltr' id='par_1_53' title="bbox 2024 1106 3593 1179">
     <span class='ocr_line' id='line_1_53' title="bbox 2024 1106 3593 1179; baseline -0.002 -16"><span class='ocrx_word' id='word_1_426' title='bbox 2024 1123 2127 1179; x_wconf 85' lang='lat' dir='ltr'><strong>ego</strong></span> <span class='ocrx_word' id='word_1_427' title='bbox 2167 1109 2345 1164; x_wconf 82' lang='lat' dir='ltr'><strong>simile</strong></span> <span class='ocrx_word' id='word_1_428' title='bbox 2367 1110 2479 1163; x_wconf 92' lang='lat' dir='ltr'><strong>veri</strong></span> <span class='ocrx_word' id='word_1_429' title='bbox 2507 1110 2766 1175; x_wconf 88' lang='lat' dir='ltr'><strong>arbitror,</strong></span> <span class='ocrx_word' id='word_1_430' title='bbox 2792 1109 3070 1164; x_wconf 88' lang='lat' dir='ltr'><strong>asinorum</strong></span> <span class='ocrx_word' id='word_1_431' title='bbox 3085 1116 3271 1178; x_wconf 86' lang='lat' dir='ltr'><strong>postea</strong></span> <span class='ocrx_word' id='word_1_432' title='bbox 3299 1106 3593 1163; x_wconf 88' lang='lat' dir='ltr'><strong>similium-</strong></span> 
     </span>
    </p>
   </div>
   <div class='ocr_carea' id='block_1_54' title="bbox 2023 1196 3595 1270">
    <p class='ocr_par' dir='ltr' id='par_1_54' title="bbox 2023 1196 3595 1270">
     <span class='ocr_line' id='line_1_54' title="bbox 2023 1196 3595 1270; baseline -0.002 -15"><span class='ocrx_word' id='word_1_433' title='bbox 2023 1215 2130 1270; x_wconf 90' lang='lat' dir='ltr'><strong>que</strong></span> <span class='ocrx_word' id='word_1_434' title='bbox 2161 1199 2397 1255; x_wconf 90' lang='lat' dir='ltr'><strong>ferarum</strong></span> <span class='ocrx_word' id='word_1_435' title='bbox 2423 1202 2608 1257; x_wconf 82' lang='lat' dir='ltr'><strong>vultus</strong></span> <span class='ocrx_word' id='word_1_436' title='bbox 2633 1216 2701 1257; x_wconf 91' lang='lat' dir='ltr'><strong>ae</strong></span> <span class='ocrx_word' id='word_1_437' title='bbox 2752 1201 2955 1257; x_wconf 85' lang='lat' dir='ltr'><strong>formas</strong></span> <span class='ocrx_word' id='word_1_438' title='bbox 3010 1200 3254 1254; x_wconf 87' lang='lat' dir='ltr'><strong>induere.</strong></span> <span class='ocrx_word' id='word_1_439' title='bbox 3281 1196 3404 1253; x_wconf 86' lang='lat' dir='ltr'><strong>Tibi</strong></span> <span class='ocrx_word' id='word_1_440' title='bbox 3462 1210 3595 1252; x_wconf 89' lang='lat' dir='ltr'><strong>vero</strong></span> 
     </span>
    </p>
   </div>
   <div class='ocr_carea' id='block_1_55' title="bbox 2021 1285 3595 1357">
    <p class='ocr_par' dir='ltr' id='par_1_55' title="bbox 2021 1285 3595 1357">
     <span class='ocr_line' id='line_1_55' title="bbox 2021 1285 3595 1357; baseline -0.001 -14"><span class='ocrx_word' id='word_1_441' title='bbox 2021 1306 2152 1345; x_wconf 90' lang='lat' dir='ltr'><strong>num</strong></span> <span class='ocrx_word' id='word_1_442' title='bbox 2185 1291 2327 1346; x_wconf 91' lang='lat' dir='ltr'><strong>idem</strong></span> <span class='ocrx_word' id='word_1_443' title='bbox 2351 1291 2612 1347; x_wconf 85' lang='lat' dir='ltr'><strong>videtur?</strong></span> <span class='ocrx_word' id='word_1_444' title='bbox 2646 1321 2718 1331; x_wconf 95' lang='lat'>—</span> <span class='ocrx_word' id='word_1_445' title='bbox 2740 1290 3045 1346; x_wconf 85' lang='lat' dir='ltr'><strong>Admodum</strong></span> <span class='ocrx_word' id='word_1_446' title='bbox 3076 1298 3133 1343; x_wconf 84' lang='lat' dir='ltr'><strong>tu</strong></span> <span class='ocrx_word' id='word_1_447' title='bbox 3157 1288 3376 1357; x_wconf 89' lang='lat' dir='ltr'><strong>quidem</strong></span> <span class='ocrx_word' id='word_1_448' title='bbox 3397 1285 3595 1342; x_wconf 79' lang='lat' dir='ltr'><strong>verisi-</strong></span> 
     </span>
    </p>
   </div>
   <div class='ocr_carea' id='block_1_56' title="bbox 2021 1378 3589 1451">
    <p class='ocr_par' dir='ltr' id='par_1_56' title="bbox 2021 1378 3589 1451">
     <span class='ocr_line' id='line_1_56' title="bbox 2021 1378 3589 1451; baseline -0.001 -17"><span class='ocrx_word' id='word_1_449' title='bbox 2021 1382 2171 1435; x_wconf 89' lang='lat' dir='ltr'><strong>milia</strong></span> <span class='ocrx_word' id='word_1_450' title='bbox 2193 1381 2455 1451; x_wconf 89' lang='lat' dir='ltr'><strong>loqueris.</strong></span> <span class='ocrx_word' id='word_1_451' title='bbox 2469 1410 2540 1424; x_wconf 93' lang='lat'><strong>—</strong></span> <span class='ocrx_word' id='word_1_452' title='bbox 2557 1381 2768 1449; x_wconf 86' lang='lat' dir='ltr'><strong>Quibus</strong></span> <span class='ocrx_word' id='word_1_453' title='bbox 2792 1391 2971 1437; x_wconf 88' lang='lat' dir='ltr'><strong>autem</strong></span> <span class='ocrx_word' id='word_1_454' title='bbox 2990 1379 3224 1449; x_wconf 68' lang='lat' dir='ltr'><strong>injuriae,</strong></span> <span class='ocrx_word' id='word_1_455' title='bbox 3251 1378 3589 1449; x_wconf 84' lang='lat' dir='ltr'><strong>tyrannides,</strong></span> 
     </span>
    </p>
   </div>
   <div class='ocr_carea' id='block_1_57' title="bbox 2020 1468 3592 1543">
    <p class='ocr_par' dir='ltr' id='par_1_57' title="bbox 2020 1468 3592 1543">
     <span class='ocr_line' id='line_1_57' title="bbox 2020 1468 3592 1543; baseline -0.006 -17"><span class='ocrx_word' id='word_1_456' title='bbox 2020 1471 2430 1543; x_wconf 89' lang='lat' dir='ltr'><strong>alienarumque</strong></span> <span class='ocrx_word' id='word_1_457' title='bbox 2477 1472 2821 1528; x_wconf 88' lang='lat' dir='ltr'><strong>fortunarum</strong></span> <span class='ocrx_word' id='word_1_458' title='bbox 2882 1470 3215 1539; x_wconf 87' lang='lat' dir='ltr'><strong>direptiones</strong></span> <span class='ocrx_word' id='word_1_459' title='bbox 3269 1468 3592 1539; x_wconf 61' lang='lat' dir='ltr'><strong>placuerint.</strong></span> 
     </span>
    </p>
   </div>
   <div class='ocr_carea' id='block_1_58' title="bbox 2023 1561 3593 1634">
    <p class='ocr_par' dir='ltr' id='par_1_58' title="bbox 2023 1561 3593 1634">
     <span class='ocr_line' id='line_1_58' title="bbox 2023 1561 3593 1634; baseline -0.003 -17"><span class='ocrx_word' id='word_1_460' title='bbox 2023 1577 2120 1618; x_wconf 90' lang='lat' dir='ltr'><strong>eos</strong></span> <span class='ocrx_word' id='word_1_461' title='bbox 2148 1563 2201 1617; x_wconf 88' lang='lat' dir='ltr'><strong>in</strong></span> <span class='ocrx_word' id='word_1_462' title='bbox 2223 1564 2499 1634; x_wconf 89' lang='lat' dir='ltr'><strong>luporum,</strong></span> <span class='ocrx_word' id='word_1_463' title='bbox 2555 1572 2649 1619; x_wconf 89' lang='lat' dir='ltr'><strong>aut</strong></span> <span class='ocrx_word' id='word_1_464' title='bbox 2692 1563 3036 1632; x_wconf 86' lang='lat' dir='ltr'><strong>accipitrum,</strong></span> <span class='ocrx_word' id='word_1_465' title='bbox 3075 1571 3236 1631; x_wconf 88' lang='lat' dir='ltr'><strong>atque</strong></span> <span class='ocrx_word' id='word_1_466' title='bbox 3302 1561 3593 1616; x_wconf 88' lang='lat' dir='ltr'><strong>milvorum</strong></span> 
     </span>
    </p>
   </div>
   <div class='ocr_carea' id='block_1_59' title="bbox 2023 1648 3596 1724">
    <p class='ocr_par' dir='ltr' id='par_1_59' title="bbox 2023 1648 3596 1724">
     <span class='ocr_line' id='line_1_59' title="bbox 2023 1648 3596 1724; baseline -0.004 -18"><span class='ocrx_word' id='word_1_467' title='bbox 2023 1667 2195 1724; x_wconf 85' lang='lat' dir='ltr'><strong>genus</strong></span> <span class='ocrx_word' id='word_1_468' title='bbox 2221 1653 2537 1709; x_wconf 88' lang='lat' dir='ltr'><strong>transcribi.</strong></span> <span class='ocrx_word' id='word_1_469' title='bbox 2589 1652 2709 1720; x_wconf 92' lang='lat' dir='ltr'><strong>Quo</strong></span> <span class='ocrx_word' id='word_1_470' title='bbox 2759 1653 2904 1707; x_wconf 90' lang='lat' dir='ltr'><strong>enim</strong></span> <span class='ocrx_word' id='word_1_471' title='bbox 2967 1651 3074 1705; x_wconf 87' lang='lat' dir='ltr'><strong>alio</strong></span> <span class='ocrx_word' id='word_1_472' title='bbox 3114 1665 3208 1705; x_wconf 91' lang='lat' dir='ltr'><strong>eos</strong></span> <span class='ocrx_word' id='word_1_473' title='bbox 3233 1648 3596 1718; x_wconf 81' lang='lat' dir='ltr'><strong>commigrare</strong></span> 
     </span>
    </p>
   </div>
   <div class='ocr_carea' id='block_1_60' title="bbox 2034 1736 3595 1810">
    <p class='ocr_par' dir='ltr' id='par_1_60' title="bbox 2034 1736 3595 1810">
     <span class='ocr_line' id='line_1_60' title="bbox 2034 1736 3595 1810; baseline -0.004 -15"><span class='ocrx_word' id='word_1_474' title='bbox 2034 1741 2332 1797; x_wconf 74' lang='lat' dir='ltr'><strong>dixerimus</strong></span> <span class='ocrx_word' id='word_1_475' title='bbox 2353 1743 2465 1796; x_wconf 83' lang='lat'><strong>?—</strong></span> <span class='ocrx_word' id='word_1_476' title='bbox 2492 1741 2746 1809; x_wconf 89' lang='lat' dir='ltr'><strong>Prorsus,</strong></span> <span class='ocrx_word' id='word_1_477' title='bbox 2770 1739 2946 1810; x_wconf 89' lang='lat' dir='ltr'><strong>inquit</strong></span> <span class='ocrx_word' id='word_1_478' title='bbox 2979 1738 3173 1803; x_wconf 85' lang='lat' dir='ltr'><strong>Cebes,</strong></span> <span class='ocrx_word' id='word_1_479' title='bbox 3214 1738 3317 1792; x_wconf 89' lang='lat' dir='ltr'><strong>hoc</strong></span> <span class='ocrx_word' id='word_1_480' title='bbox 3350 1736 3405 1789; x_wconf 93' lang='lat' dir='ltr'><strong>in</strong></span> <span class='ocrx_word' id='word_1_481' title='bbox 3422 1749 3595 1804; x_wconf 85' lang='lat' dir='ltr'><strong>genus</strong></span> 
     </span>
    </p>
   </div>
   <div class='ocr_carea' id='block_1_61' title="bbox 2025 1826 3594 1903">
    <p class='ocr_par' dir='ltr' id='par_1_61' title="bbox 2025 1826 3594 1903">
     <span class='ocr_line' id='line_1_61' title="bbox 2025 1826 3594 1903; baseline -0.006 -15"><span class='ocrx_word' id='word_1_482' title='bbox 2025 1834 2383 1888; x_wconf 88' lang='lat' dir='ltr'><strong>animantium</strong></span> <span class='ocrx_word' id='word_1_483' title='bbox 2400 1833 2523 1903; x_wconf 87' lang='lat' dir='ltr'><strong>jure</strong></span> <span class='ocrx_word' id='word_1_484' title='bbox 2548 1828 3167 1902; x_wconf 86' lang='lat' dir='ltr'><strong>eommigrent.--Ergo,</strong></span> <span class='ocrx_word' id='word_1_485' title='bbox 3196 1827 3375 1898; x_wconf 89' lang='lat' dir='ltr'><strong>inquit</strong></span> <span class='ocrx_word' id='word_1_486' title='bbox 3395 1827 3507 1893; x_wconf 90' lang='lat' dir='ltr'><strong>ille,</strong></span> <span class='ocrx_word' id='word_1_487' title='bbox 3523 1826 3594 1879; x_wconf 82' lang='lat' dir='ltr'><strong>de</strong></span> 
     </span>
    </p>
   </div>
   <div class='ocr_carea' id='block_1_62' title="bbox 2027 1918 3594 1992">
    <p class='ocr_par' dir='ltr' id='par_1_62' title="bbox 2027 1918 3594 1992">
     <span class='ocr_line' id='line_1_62' title="bbox 2027 1918 3594 1992; baseline -0.005 -14"><span class='ocrx_word' id='word_1_488' title='bbox 2027 1923 2235 1979; x_wconf 69' lang='lat' dir='ltr'><strong>caeteris</strong></span> <span class='ocrx_word' id='word_1_489' title='bbox 2262 1923 2455 1978; x_wconf 88' lang='lat' dir='ltr'><strong>eodem</strong></span> <span class='ocrx_word' id='word_1_490' title='bbox 2486 1922 2648 1978; x_wconf 89' lang='lat' dir='ltr'><strong>modo</strong></span> <span class='ocrx_word' id='word_1_491' title='bbox 2681 1918 3202 1992; x_wconf 89' lang='lat' dir='ltr'><strong>philosophandum,</strong></span> <span class='ocrx_word' id='word_1_492' title='bbox 3221 1926 3384 1988; x_wconf 86' lang='lat' dir='ltr'><strong>prout</strong></span> <span class='ocrx_word' id='word_1_493' title='bbox 3398 1929 3594 1971; x_wconf 85' lang='lat' dir='ltr'><strong>eorum</strong></span> 
     </span>
    </p>
   </div>
   <div class='ocr_carea' id='block_1_63' title="bbox 2026 2007 3591 2083">
    <p class='ocr_par' dir='ltr' id='par_1_63' title="bbox 2026 2007 3591 2083">
     <span class='ocr_line' id='line_1_63' title="bbox 2026 2007 3591 2083; baseline -0.004 -13"><span class='ocrx_word' id='word_1_494' title='bbox 2026 2013 2094 2070; x_wconf 88' lang='lat' dir='ltr'><strong>ad</strong></span> <span class='ocrx_word' id='word_1_495' title='bbox 2116 2014 2550 2080; x_wconf 91' lang='lat' dir='ltr'><strong>similitudinem,</strong></span> <span class='ocrx_word' id='word_1_496' title='bbox 2573 2013 2929 2083; x_wconf 67' lang='lat' dir='ltr'><strong>suis&#39;quaeque</strong></span> <span class='ocrx_word' id='word_1_497' title='bbox 2944 2010 3139 2067; x_wconf 89' lang='lat' dir='ltr'><strong>studiis</strong></span> <span class='ocrx_word' id='word_1_498' title='bbox 3161 2010 3383 2080; x_wconf 87' lang='lat' dir='ltr'><strong>abrepta</strong></span> <span class='ocrx_word' id='word_1_499' title='bbox 3405 2007 3591 2063; x_wconf 88' lang='lat' dir='ltr'><strong>fuerit.</strong></span> 
     </span>
    </p>
   </div>
   <div class='ocr_carea' id='block_1_64' title="bbox 2024 2099 3591 2176">
    <p class='ocr_par' dir='ltr' id='par_1_64' title="bbox 2024 2099 3591 2176">
     <span class='ocr_line' id='line_1_64' title="bbox 2024 2099 3591 2176; baseline -0.004 -16"><span class='ocrx_word' id='word_1_500' title='bbox 2024 2137 2098 2149; x_wconf 90' lang='lat'><strong>—</strong></span> <span class='ocrx_word' id='word_1_501' title='bbox 2117 2103 2278 2171; x_wconf 89' lang='lat' dir='ltr'><strong>Sane,</strong></span> <span class='ocrx_word' id='word_1_502' title='bbox 2310 2105 2521 2176; x_wconf 87' lang='lat' dir='ltr'><strong>inquit:</strong></span> <span class='ocrx_word' id='word_1_503' title='bbox 2552 2105 2674 2174; x_wconf 90' lang='lat' dir='ltr'><strong>quis</strong></span> <span class='ocrx_word' id='word_1_504' title='bbox 2698 2105 2842 2160; x_wconf 90' lang='lat' dir='ltr'><strong>enim</strong></span> <span class='ocrx_word' id='word_1_505' title='bbox 2874 2104 2928 2158; x_wconf 92' lang='lat' dir='ltr'><strong>id</strong></span> <span class='ocrx_word' id='word_1_506' title='bbox 2983 2111 3144 2174; x_wconf 83' lang='lat' dir='ltr'><strong>neget</strong></span> <span class='ocrx_word' id='word_1_507' title='bbox 3163 2102 3187 2155; x_wconf 70' lang='grc' dir='ltr'>ἲ</span> <span class='ocrx_word' id='word_1_508' title='bbox 3207 2130 3277 2141; x_wconf 89' lang='grc'><strong><em>--</em></strong></span> <span class='ocrx_word' id='word_1_509' title='bbox 3304 2099 3444 2154; x_wconf 89' lang='lat' dir='ltr'><strong>Tum</strong></span> <span class='ocrx_word' id='word_1_510' title='bbox 3479 2100 3591 2164; x_wconf 91' lang='lat' dir='ltr'><strong>ille,</strong></span> 
     </span>
    </p>
   </div>
   <div class='ocr_carea' id='block_1_65' title="bbox 2024 2192 3596 2266">
    <p class='ocr_par' dir='ltr' id='par_1_65' title="bbox 2024 2192 3596 2266">
     <span class='ocr_line' id='line_1_65' title="bbox 2024 2192 3596 2266; baseline -0.004 -15"><span class='ocrx_word' id='word_1_511' title='bbox 2024 2194 2279 2266; x_wconf 87' lang='lat' dir='ltr'><strong>Nunquid</strong></span> <span class='ocrx_word' id='word_1_512' title='bbox 2318 2211 2448 2251; x_wconf 89' lang='lat' dir='ltr'><strong>vero</strong></span> <span class='ocrx_word' id='word_1_513' title='bbox 2472 2211 2540 2251; x_wconf 82' lang='lat' dir='ltr'><strong>ex</strong></span> <span class='ocrx_word' id='word_1_514' title='bbox 2571 2196 2640 2251; x_wconf 90' lang='lat' dir='ltr'><strong>iis</strong></span> <span class='ocrx_word' id='word_1_515' title='bbox 2688 2195 2847 2264; x_wconf 88' lang='lat' dir='ltr'><strong>longe</strong></span> <span class='ocrx_word' id='word_1_516' title='bbox 2895 2192 3193 2248; x_wconf 78' lang='lat' dir='ltr'><strong>felicissimi</strong></span> <span class='ocrx_word' id='word_1_517' title='bbox 3223 2198 3371 2253; x_wconf 85' lang='lat' dir='ltr'><strong>sunt,</strong></span> <span class='ocrx_word' id='word_1_518' title='bbox 3396 2200 3451 2245; x_wconf 91' lang='lat' dir='ltr'><strong>et</strong></span> <span class='ocrx_word' id='word_1_519' title='bbox 3498 2204 3596 2258; x_wconf 86' lang='lat' dir='ltr'><strong>op-</strong></span> 
     </span>
    </p>
   </div>
   <div class='ocr_carea' id='block_1_66' title="bbox 2028 2281 3596 2357">
    <p class='ocr_par' dir='ltr' id='par_1_66' title="bbox 2028 2281 3596 2357">
     <span class='ocr_line' id='line_1_66' title="bbox 2028 2281 3596 2357; baseline -0.006 -15"><span class='ocrx_word' id='word_1_520' title='bbox 2028 2288 2218 2343; x_wconf 89' lang='lat' dir='ltr'><strong>timum</strong></span> <span class='ocrx_word' id='word_1_521' title='bbox 2248 2288 2305 2342; x_wconf 91' lang='lat' dir='ltr'><strong>in</strong></span> <span class='ocrx_word' id='word_1_522' title='bbox 2332 2287 2510 2343; x_wconf 90' lang='lat' dir='ltr'><strong>locum</strong></span> <span class='ocrx_word' id='word_1_523' title='bbox 2532 2287 2716 2353; x_wconf 87' lang='lat' dir='ltr'><strong>delati,</strong></span> <span class='ocrx_word' id='word_1_524' title='bbox 2763 2286 2855 2357; x_wconf 92' lang='lat' dir='ltr'><strong>qui</strong></span> <span class='ocrx_word' id='word_1_525' title='bbox 2905 2284 3222 2355; x_wconf 87' lang='lat' dir='ltr'><strong>popularem</strong></span> <span class='ocrx_word' id='word_1_526' title='bbox 3273 2281 3596 2349; x_wconf 86' lang='lat' dir='ltr'><strong>civilemque</strong></span> 
     </span>
    </p>
   </div>
   <div class='ocr_carea' id='block_1_67' title="bbox 2027 2373 3597 2447">
    <p class='ocr_par' dir='ltr' id='par_1_67' title="bbox 2027 2373 3597 2447">
     <span class='ocr_line' id='line_1_67' title="bbox 2027 2373 3597 2447; baseline -0.006 -17"><span class='ocrx_word' id='word_1_527' title='bbox 2027 2378 2278 2432; x_wconf 89' lang='lat' dir='ltr'><strong>virtutem</strong></span> <span class='ocrx_word' id='word_1_528' title='bbox 2298 2418 2315 2443; x_wconf 93' lang='lat'><strong>,</strong></span> <span class='ocrx_word' id='word_1_529' title='bbox 2353 2391 2515 2447; x_wconf 91' lang='lat' dir='ltr'><strong>quam</strong></span> <span class='ocrx_word' id='word_1_530' title='bbox 2548 2375 2957 2446; x_wconf 88' lang='lat' dir='ltr'><strong>temperantiam</strong></span> <span class='ocrx_word' id='word_1_531' title='bbox 2991 2373 3367 2443; x_wconf 88' lang='lat' dir='ltr'><strong>justitiamque</strong></span> <span class='ocrx_word' id='word_1_532' title='bbox 3398 2376 3597 2423; x_wconf 87' lang='lat' dir='ltr'><strong>vocant</strong></span> 
     </span>
    </p>
   </div>
   <div class='ocr_carea' id='block_1_68' title="bbox 2027 2464 3595 2538">
    <p class='ocr_par' dir='ltr' id='par_1_68' title="bbox 2027 2464 3595 2538">
     <span class='ocr_line' id='line_1_68' title="bbox 2027 2464 3595 2538; baseline -0.006 -16"><span class='ocrx_word' id='word_1_533' title='bbox 2027 2467 2175 2523; x_wconf 91' lang='lat' dir='ltr'><strong>nullo</strong></span> <span class='ocrx_word' id='word_1_534' title='bbox 2206 2468 2561 2538; x_wconf 80' lang='lat' dir='ltr'><strong>philosophiae</strong></span> <span class='ocrx_word' id='word_1_535' title='bbox 2608 2466 2911 2536; x_wconf 89' lang='lat' dir='ltr'><strong>mentisque</strong></span> <span class='ocrx_word' id='word_1_536' title='bbox 2942 2464 3226 2535; x_wconf 84' lang='lat' dir='ltr'><strong>praesidio,</strong></span> <span class='ocrx_word' id='word_1_537' title='bbox 3254 2477 3358 2516; x_wconf 90' lang='lat' dir='ltr'><strong>usu</strong></span> <span class='ocrx_word' id='word_1_538' title='bbox 3383 2468 3595 2516; x_wconf 84' lang='lat' dir='ltr'><strong>tantum</strong></span> 
     </span>
    </p>
   </div>
   <div class='ocr_carea' id='block_1_69' title="bbox 2026 2546 3596 2626">
    <p class='ocr_par' dir='ltr' id='par_1_69' title="bbox 2026 2546 3596 2626">
     <span class='ocr_line' id='line_1_69' title="bbox 2026 2546 3596 2626; baseline -0.006 -14"><span class='ocrx_word' id='word_1_539' title='bbox 2026 2565 2080 2612; x_wconf 92' lang='lat' dir='ltr'><strong>et</strong></span> <span class='ocrx_word' id='word_1_540' title='bbox 2100 2557 2492 2613; x_wconf 86' lang='lat' dir='ltr'><strong>exercitatione</strong></span> <span class='ocrx_word' id='word_1_541' title='bbox 2534 2564 2744 2626; x_wconf 91' lang='lat' dir='ltr'><strong>partam</strong></span> <span class='ocrx_word' id='word_1_542' title='bbox 2799 2554 3062 2624; x_wconf 81' lang='lat' dir='ltr'><strong>complexi</strong></span> <span class='ocrx_word' id='word_1_543' title='bbox 3117 2551 3355 2607; x_wconf 80' lang='lat' dir='ltr'><strong>fuerint?</strong></span> <span class='ocrx_word' id='word_1_544' title='bbox 3400 2546 3596 2615; x_wconf 90' lang='lat' dir='ltr'><strong>—Qni</strong></span> 
     </span>
    </p>
   </div>
   <div class='ocr_carea' id='block_1_70' title="bbox 2025 2641 3593 2711">
    <p class='ocr_par' dir='ltr' id='par_1_70' title="bbox 2025 2641 3593 2711">
     <span class='ocr_line' id='line_1_70' title="bbox 2025 2641 3593 2711; baseline -0.006 -9"><span class='ocrx_word' id='word_1_545' title='bbox 2025 2655 2084 2704; x_wconf 88' lang='lat' dir='ltr'><strong>tu</strong></span> <span class='ocrx_word' id='word_1_546' title='bbox 2120 2648 2465 2703; x_wconf 85' lang='lat' dir='ltr'><strong>felicissimos</strong></span> <span class='ocrx_word' id='word_1_547' title='bbox 2495 2648 2659 2702; x_wconf 90' lang='lat' dir='ltr'><strong>hosce</strong></span> <span class='ocrx_word' id='word_1_548' title='bbox 2680 2660 2842 2701; x_wconf 89' lang='lat' dir='ltr'><strong>vocas</strong></span> <span class='ocrx_word' id='word_1_549' title='bbox 2861 2646 2967 2699; x_wconf 72' lang='grc' dir='ltr'><strong>Ἰ-</strong></span> <span class='ocrx_word' id='word_1_550' title='bbox 2982 2644 3139 2711; x_wconf 87' lang='lat' dir='ltr'><strong>Quod</strong></span> <span class='ocrx_word' id='word_1_551' title='bbox 3166 2659 3264 2698; x_wconf 91' lang='lat' dir='ltr'><strong>eos</strong></span> <span class='ocrx_word' id='word_1_552' title='bbox 3284 2657 3473 2697; x_wconf 88' lang='lat' dir='ltr'><strong>verum</strong></span> <span class='ocrx_word' id='word_1_553' title='bbox 3501 2641 3593 2707; x_wconf 88' lang='lat' dir='ltr'><strong>sit,</strong></span> 
     </span>
    </p>
   </div>
   <div class='ocr_carea' id='block_1_71' title="bbox 2025 2737 3591 2808">
    <p class='ocr_par' dir='ltr' id='par_1_71' title="bbox 2025 2737 3591 2808">
     <span class='ocr_line' id='line_1_71' title="bbox 2025 2737 3591 2808; baseline -0.006 -14"><span class='ocrx_word' id='word_1_554' title='bbox 2025 2742 2079 2794; x_wconf 91' lang='lat' dir='ltr'><strong>in</strong></span> <span class='ocrx_word' id='word_1_555' title='bbox 2110 2740 2269 2795; x_wconf 88' lang='lat' dir='ltr'><strong>civile</strong></span> <span class='ocrx_word' id='word_1_556' title='bbox 2287 2754 2480 2795; x_wconf 83' lang='lat' dir='ltr'><strong>rursus</strong></span> <span class='ocrx_word' id='word_1_557' title='bbox 2497 2737 2716 2808; x_wconf 90' lang='lat' dir='ltr'><strong>aliquod</strong></span> <span class='ocrx_word' id='word_1_558' title='bbox 2737 2747 2898 2807; x_wconf 89' lang='lat' dir='ltr'><strong>atque</strong></span> <span class='ocrx_word' id='word_1_559' title='bbox 2916 2744 3284 2799; x_wconf 82' lang='lat' dir='ltr'><strong>mansuetum,</strong></span> <span class='ocrx_word' id='word_1_560' title='bbox 3318 2741 3378 2787; x_wconf 91' lang='lat' dir='ltr'><strong>ut</strong></span> <span class='ocrx_word' id='word_1_561' title='bbox 3404 2747 3591 2802; x_wconf 87' lang='lat' dir='ltr'><strong>apum,</strong></span> 
     </span>
    </p>
   </div>
   <div class='ocr_carea' id='block_1_72' title="bbox 2026 2823 3593 2900">
    <p class='ocr_par' dir='ltr' id='par_1_72' title="bbox 2026 2823 3593 2900">
     <span class='ocr_line' id='line_1_72' title="bbox 2026 2823 3593 2900; baseline -0.006 -15"><span class='ocrx_word' id='word_1_562' title='bbox 2026 2839 2085 2885; x_wconf 89' lang='lat' dir='ltr'><strong>ut</strong></span> <span class='ocrx_word' id='word_1_563' title='bbox 2114 2844 2429 2900; x_wconf 89' lang='lat' dir='ltr'><strong>vesparum,</strong></span> <span class='ocrx_word' id='word_1_564' title='bbox 2449 2837 2510 2883; x_wconf 90' lang='lat' dir='ltr'><strong>ut</strong></span> <span class='ocrx_word' id='word_1_565' title='bbox 2532 2827 2909 2890; x_wconf 84' lang='lat' dir='ltr'><strong>formicarum,</strong></span> <span class='ocrx_word' id='word_1_566' title='bbox 2928 2834 3024 2880; x_wconf 87' lang='lat' dir='ltr'><strong>aut</strong></span> <span class='ocrx_word' id='word_1_567' title='bbox 3038 2825 3201 2880; x_wconf 88' lang='lat' dir='ltr'><strong>etiam</strong></span> <span class='ocrx_word' id='word_1_568' title='bbox 3231 2824 3286 2878; x_wconf 93' lang='lat' dir='ltr'><strong>in</strong></span> <span class='ocrx_word' id='word_1_569' title='bbox 3309 2823 3593 2878; x_wconf 88' lang='lat' dir='ltr'><strong>hominum</strong></span> 
     </span>
    </p>
   </div>
   <div class='ocr_carea' id='block_1_73' title="bbox 2025 2913 3594 2990">
    <p class='ocr_par' dir='ltr' id='par_1_73' title="bbox 2025 2913 3594 2990">
     <span class='ocr_line' id='line_1_73' title="bbox 2025 2913 3594 2990; baseline -0.004 -16"><span class='ocrx_word' id='word_1_570' title='bbox 2025 2919 2200 2974; x_wconf 82' lang='lat' dir='ltr'><strong>simile</strong></span> <span class='ocrx_word' id='word_1_571' title='bbox 2229 2921 2409 2973; x_wconf 92' lang='lat' dir='ltr'><strong>denno</strong></span> <span class='ocrx_word' id='word_1_572' title='bbox 2456 2933 2627 2990; x_wconf 88' lang='lat' dir='ltr'><strong>genus</strong></span> <span class='ocrx_word' id='word_1_573' title='bbox 2667 2917 2983 2986; x_wconf 81' lang='lat' dir='ltr'><strong>remigrare.</strong></span> <span class='ocrx_word' id='word_1_574' title='bbox 3025 2935 3046 2967; x_wconf 74' lang='grc' dir='ltr'><strong>ι</strong></span> <span class='ocrx_word' id='word_1_575' title='bbox 3108 2914 3229 2969; x_wconf 78' lang='lat' dir='ltr'><strong>Haec</strong></span> <span class='ocrx_word' id='word_1_576' title='bbox 3254 2914 3363 2980; x_wconf 89' lang='lat' dir='ltr'><strong>ille,</strong></span> <span class='ocrx_word' id='word_1_577' title='bbox 3393 2913 3594 2983; x_wconf 86' lang='lat' dir='ltr'><strong>quibus</strong></span> 
     </span>
    </p>
   </div>
   <div class='ocr_carea' id='block_1_74' title="bbox 2028 3003 3593 3079">
    <p class='ocr_par' dir='ltr' id='par_1_74' title="bbox 2028 3003 3593 3079">
     <span class='ocr_line' id='line_1_74' title="bbox 2028 3003 3593 3079; baseline -0.004 -16"><span class='ocrx_word' id='word_1_578' title='bbox 2028 3009 2291 3079; x_wconf 87' lang='lat' dir='ltr'><strong>adjungas</strong></span> <span class='ocrx_word' id='word_1_579' title='bbox 2322 3010 2467 3077; x_wconf 90' lang='lat' dir='ltr'><strong>licet,</strong></span> <span class='ocrx_word' id='word_1_580' title='bbox 2494 3022 2617 3078; x_wconf 68' lang='lat' dir='ltr'><strong>quae</strong></span> <span class='ocrx_word' id='word_1_581' title='bbox 2645 3015 2950 3077; x_wconf 90' lang='lat' dir='ltr'><strong>sequuntur</strong></span> <span class='ocrx_word' id='word_1_582' title='bbox 2979 3021 3043 3060; x_wconf 84' lang='lat' dir='ltr'><strong>ex</strong></span> <span class='ocrx_word' id='word_1_583' title='bbox 3097 3005 3345 3058; x_wconf 77' lang='lat' dir='ltr'><strong>Phwdro.</strong></span> <span class='ocrx_word' id='word_1_584' title='bbox 3393 3022 3414 3054; x_wconf 74' lang='grc' dir='ltr'><strong>ι</strong></span> <span class='ocrx_word' id='word_1_585' title='bbox 3454 3003 3593 3056; x_wconf 87' lang='lat' dir='ltr'><strong>Eum</strong></span> 
     </span>
    </p>
   </div>
   <div class='ocr_carea' id='block_1_75' title="bbox 2028 3092 3715 3168">
    <p class='ocr_par' dir='ltr' id='par_1_75' title="bbox 2028 3092 3715 3168">
     <span class='ocr_line' id='line_1_75' title="bbox 2028 3092 3715 3168; baseline -0.004 -15"><span class='ocrx_word' id='word_1_586' title='bbox 2028 3098 2083 3154; x_wconf 87' lang='lat' dir='ltr'><strong>in</strong></span> <span class='ocrx_word' id='word_1_587' title='bbox 2112 3108 2336 3166; x_wconf 89' lang='lat' dir='ltr'><strong>statum,</strong></span> <span class='ocrx_word' id='word_1_588' title='bbox 2375 3099 2572 3168; x_wconf 89' lang='lat' dir='ltr'><strong>inquit,</strong></span> <span class='ocrx_word' id='word_1_589' title='bbox 2607 3098 2847 3164; x_wconf 84' lang='lat' dir='ltr'><strong>animus,</strong></span> <span class='ocrx_word' id='word_1_590' title='bbox 2891 3112 2959 3151; x_wconf 83' lang='lat' dir='ltr'><strong>ex</strong></span> <span class='ocrx_word' id='word_1_591' title='bbox 2986 3110 3097 3165; x_wconf 93' lang='lat' dir='ltr'><strong>quo</strong></span> <span class='ocrx_word' id='word_1_592' title='bbox 3149 3095 3381 3164; x_wconf 90' lang='lat' dir='ltr'><strong>quisque</strong></span> <span class='ocrx_word' id='word_1_593' title='bbox 3415 3092 3596 3163; x_wconf 87' lang='lat' dir='ltr'><strong>profe-</strong></span> <span class='ocrx_word' id='word_1_594' title='bbox 3708 3138 3715 3153; x_wconf 85' lang='lat'><strong>,</strong></span> 
     </span>
    </p>
   </div>
   <div class='ocr_carea' id='block_1_76' title="bbox 2029 3187 3594 3262">
    <p class='ocr_par' dir='ltr' id='par_1_76' title="bbox 2029 3187 3594 3262">
     <span class='ocr_line' id='line_1_76' title="bbox 2029 3187 3594 3262; baseline -0.006 -12"><span class='ocrx_word' id='word_1_595' title='bbox 2029 3207 2148 3250; x_wconf 90' lang='lat' dir='ltr'><strong>ctus</strong></span> <span class='ocrx_word' id='word_1_596' title='bbox 2176 3195 2266 3262; x_wconf 90' lang='lat' dir='ltr'><strong>sit,</strong></span> <span class='ocrx_word' id='word_1_597' title='bbox 2292 3209 2399 3249; x_wconf 92' lang='lat' dir='ltr'><strong>non</strong></span> <span class='ocrx_word' id='word_1_598' title='bbox 2417 3192 2523 3248; x_wconf 91' lang='lat' dir='ltr'><strong>nisi</strong></span> <span class='ocrx_word' id='word_1_599' title='bbox 2550 3193 2733 3247; x_wconf 89' lang='lat' dir='ltr'><strong>decem</strong></span> <span class='ocrx_word' id='word_1_600' title='bbox 2756 3205 3025 3245; x_wconf 88' lang='lat' dir='ltr'><strong>annorum</strong></span> <span class='ocrx_word' id='word_1_601' title='bbox 3053 3188 3283 3244; x_wconf 91' lang='lat' dir='ltr'><strong>millium</strong></span> <span class='ocrx_word' id='word_1_602' title='bbox 3308 3187 3594 3242; x_wconf 89' lang='lat' dir='ltr'><strong>intervallo</strong></span> 
     </span>
    </p>
   </div>
   <div class='ocr_carea' id='block_1_77' title="bbox 2029 3279 3592 3351">
    <p class='ocr_par' dir='ltr' id='par_1_77' title="bbox 2029 3279 3592 3351">
     <span class='ocr_line' id='line_1_77' title="bbox 2029 3279 3592 3351; baseline -0.005 -10"><span class='ocrx_word' id='word_1_603' title='bbox 2029 3286 2317 3342; x_wconf 88' lang='lat' dir='ltr'><strong>revertitur</strong></span> <span class='ocrx_word' id='word_1_604' title='bbox 2343 3303 2357 3339; x_wconf 88' lang='lat'><strong>:</strong></span> <span class='ocrx_word' id='word_1_605' title='bbox 2384 3299 2485 3340; x_wconf 89' lang='lat' dir='ltr'><strong>nee</strong></span> <span class='ocrx_word' id='word_1_606' title='bbox 2500 3284 2644 3338; x_wconf 91' lang='lat' dir='ltr'><strong>enim</strong></span> <span class='ocrx_word' id='word_1_607' title='bbox 2675 3291 2800 3337; x_wconf 87' lang='lat' dir='ltr'><strong>ante</strong></span> <span class='ocrx_word' id='word_1_608' title='bbox 2827 3284 2967 3337; x_wconf 90' lang='lat' dir='ltr'><strong>hanc</strong></span> <span class='ocrx_word' id='word_1_609' title='bbox 2990 3281 3251 3351; x_wconf 89' lang='lat' dir='ltr'><strong>temporis</strong></span> <span class='ocrx_word' id='word_1_610' title='bbox 3274 3279 3592 3335; x_wconf 83' lang='lat' dir='ltr'><strong>conversio-</strong></span> 
     </span>
    </p>
   </div>
   <div class='ocr_carea' id='block_1_78' title="bbox 2027 3368 3592 3441">
    <p class='ocr_par' dir='ltr' id='par_1_78' title="bbox 2027 3368 3592 3441">
     <span class='ocr_line' id='line_1_78' title="bbox 2027 3368 3592 3441; baseline -0.006 -10"><span class='ocrx_word' id='word_1_611' title='bbox 2027 3390 2149 3431; x_wconf 87' lang='lat' dir='ltr'><strong>nem</strong></span> <span class='ocrx_word' id='word_1_612' title='bbox 2178 3375 2281 3430; x_wconf 89' lang='lat' dir='ltr'><strong>alis</strong></span> <span class='ocrx_word' id='word_1_613' title='bbox 2301 3374 2608 3440; x_wconf 87' lang='lat' dir='ltr'><strong>instruitur,</strong></span> <span class='ocrx_word' id='word_1_614' title='bbox 2647 3374 2694 3428; x_wconf 88' lang='lat' dir='ltr'><strong>si</strong></span> <span class='ocrx_word' id='word_1_615' title='bbox 2719 3383 2897 3427; x_wconf 88' lang='lat' dir='ltr'><strong>tamen</strong></span> <span class='ocrx_word' id='word_1_616' title='bbox 2948 3387 3137 3426; x_wconf 90' lang='lat' dir='ltr'><strong>eorum</strong></span> <span class='ocrx_word' id='word_1_617' title='bbox 3194 3371 3287 3441; x_wconf 91' lang='lat' dir='ltr'><strong>qui</strong></span> <span class='ocrx_word' id='word_1_618' title='bbox 3312 3377 3453 3426; x_wconf 76' lang='lat' dir='ltr'><strong>castr</strong></span> <span class='ocrx_word' id='word_1_619' title='bbox 3505 3368 3592 3422; x_wconf 89' lang='lat' dir='ltr'><strong>in-</strong></span> 
     </span>
    </p>
   </div>
   <div class='ocr_carea' id='block_1_79' title="bbox 2031 3462 3595 3538">
    <p class='ocr_par' dir='ltr' id='par_1_79' title="bbox 2031 3462 3595 3538">
     <span class='ocr_line' id='line_1_79' title="bbox 2031 3462 3595 3538; baseline -0.003 -17"><span class='ocrx_word' id='word_1_620' title='bbox 2031 3477 2281 3538; x_wconf 87' lang='lat' dir='ltr'><strong>tegreque</strong></span> <span class='ocrx_word' id='word_1_621' title='bbox 2340 3465 2703 3537; x_wconf 84' lang='lat' dir='ltr'><strong>philosophati</strong></span> <span class='ocrx_word' id='word_1_622' title='bbox 2759 3465 2890 3531; x_wconf 92' lang='lat' dir='ltr'><strong>sint,</strong></span> <span class='ocrx_word' id='word_1_623' title='bbox 2921 3475 3194 3533; x_wconf 87' lang='lat' dir='ltr'><strong>acpueros</strong></span> <span class='ocrx_word' id='word_1_624' title='bbox 3232 3478 3300 3518; x_wconf 79' lang='lat' dir='ltr'><strong>ex</strong></span> <span class='ocrx_word' id='word_1_625' title='bbox 3354 3462 3595 3533; x_wconf 87' lang='lat' dir='ltr'><strong>philoso-</strong></span> 
     </span>
    </p>
   </div>
   <div class='ocr_carea' id='block_1_80' title="bbox 2027 3553 3595 3629">
    <p class='ocr_par' dir='ltr' id='par_1_80' title="bbox 2027 3553 3595 3629">
     <span class='ocr_line' id='line_1_80' title="bbox 2027 3553 3595 3629; baseline -0.003 -16"><span class='ocrx_word' id='word_1_626' title='bbox 2027 3558 2190 3629; x_wconf 68' lang='lat' dir='ltr'><strong>phiae]</strong></span> <span class='ocrx_word' id='word_1_627' title='bbox 2211 3556 2529 3629; x_wconf 63' lang='lat' dir='ltr'><strong>prescripto</strong></span> <span class='ocrx_word' id='word_1_628' title='bbox 2566 3555 2887 3621; x_wconf 89' lang='lat' dir='ltr'><strong>amaverint,</strong></span> <span class='ocrx_word' id='word_1_629' title='bbox 2962 3555 3179 3610; x_wconf 90' lang='lat' dir='ltr'><strong>animos</strong></span> <span class='ocrx_word' id='word_1_630' title='bbox 3233 3554 3498 3624; x_wconf 83' lang='lat' dir='ltr'><strong>excipias.</strong></span> <span class='ocrx_word' id='word_1_631' title='bbox 3528 3553 3595 3609; x_wconf 87' lang='lat' dir='ltr'><strong>Hi</strong></span> 
     </span>
    </p>
   </div>
   <div class='ocr_carea' id='block_1_81' title="bbox 2029 3645 3596 3712">
    <p class='ocr_par' dir='ltr' id='par_1_81' title="bbox 2029 3645 3596 3712">
     <span class='ocr_line' id='line_1_81' title="bbox 2029 3645 3596 3712; baseline -0.002 -9"><span class='ocrx_word' id='word_1_632' title='bbox 2029 3649 2177 3704; x_wconf 90' lang='lat' dir='ltr'><strong>enim</strong></span> <span class='ocrx_word' id='word_1_633' title='bbox 2205 3649 2367 3705; x_wconf 87' lang='lat' dir='ltr'><strong>tertio</strong></span> <span class='ocrx_word' id='word_1_634' title='bbox 2397 3649 2617 3703; x_wconf 90' lang='lat' dir='ltr'><strong>demum</strong></span> <span class='ocrx_word' id='word_1_635' title='bbox 2640 3645 2945 3703; x_wconf 87' lang='lat' dir='ltr'><strong>millenario</strong></span> <span class='ocrx_word' id='word_1_636' title='bbox 2979 3645 3234 3712; x_wconf 89' lang='lat' dir='ltr'><strong>circuitu,</strong></span> <span class='ocrx_word' id='word_1_637' title='bbox 3261 3645 3310 3701; x_wconf 90' lang='lat' dir='ltr'><strong>si</strong></span> <span class='ocrx_word' id='word_1_638' title='bbox 3369 3654 3450 3700; x_wconf 90' lang='lat' dir='ltr'><strong>ter</strong></span> <span class='ocrx_word' id='word_1_639' title='bbox 3492 3645 3596 3700; x_wconf 88' lang='lat' dir='ltr'><strong>hoc</strong></span> 
     </span>
    </p>
   </div>
   <div class='ocr_carea' id='block_1_82' title="bbox 2030 3735 3596 3809">
    <p class='ocr_par' dir='ltr' id='par_1_82' title="bbox 2030 3735 3596 3809">
     <span class='ocr_line' id='line_1_82' title="bbox 2030 3735 3596 3809; baseline -0.001 -17"><span class='ocrx_word' id='word_1_640' title='bbox 2030 3740 2155 3794; x_wconf 84' lang='lat' dir='ltr'><strong>vitae</strong></span> <span class='ocrx_word' id='word_1_641' title='bbox 2206 3753 2381 3809; x_wconf 88' lang='lat' dir='ltr'><strong>genus</strong></span> <span class='ocrx_word' id='word_1_642' title='bbox 2419 3745 2736 3793; x_wconf 88' lang='lat' dir='ltr'><strong>constanter</strong></span> <span class='ocrx_word' id='word_1_643' title='bbox 2782 3735 3111 3806; x_wconf 84' lang='lat' dir='ltr'><strong>optaverint,</strong></span> <span class='ocrx_word' id='word_1_644' title='bbox 3165 3749 3311 3791; x_wconf 86' lang='lat' dir='ltr'><strong>anno</strong></span> <span class='ocrx_word' id='word_1_645' title='bbox 3361 3736 3596 3801; x_wconf 86' lang='lat' dir='ltr'><strong>denique</strong></span> 
     </span>
    </p>
   </div>
   <div class='ocr_carea' id='block_1_83' title="bbox 2029 3828 3598 3897">
    <p class='ocr_par' dir='ltr' id='par_1_83' title="bbox 2029 3828 3598 3897">
     <span class='ocr_line' id='line_1_83' title="bbox 2029 3828 3598 3897; baseline -0.002 -11"><span class='ocrx_word' id='word_1_646' title='bbox 2029 3831 2418 3894; x_wconf 86' lang='lat' dir='ltr'><strong>termillesimo,</strong></span> <span class='ocrx_word' id='word_1_647' title='bbox 2453 3830 2555 3885; x_wconf 86' lang='lat' dir='ltr'><strong>alis</strong></span> <span class='ocrx_word' id='word_1_648' title='bbox 2586 3828 2836 3883; x_wconf 88' lang='lat' dir='ltr'><strong>instructi</strong></span> <span class='ocrx_word' id='word_1_649' title='bbox 2858 3828 3094 3883; x_wconf 86' lang='lat' dir='ltr'><strong>evolant.</strong></span> <span class='ocrx_word' id='word_1_650' title='bbox 3124 3829 3194 3882; x_wconf 83' lang='lat' dir='ltr'><strong>At</strong></span> <span class='ocrx_word' id='word_1_651' title='bbox 3216 3829 3420 3895; x_wconf 71' lang='lat' dir='ltr'><strong>caeteri,</strong></span> <span class='ocrx_word' id='word_1_652' title='bbox 3441 3835 3598 3897; x_wconf 88' lang='lat' dir='ltr'><strong>post-</strong></span> 
     </span>
    </p>
   </div>
   <div class='ocr_carea' id='block_1_84' title="bbox 2024 3919 3593 3994">
    <p class='ocr_par' dir='ltr' id='par_1_84' title="bbox 2024 3919 3593 3994">
     <span class='ocr_line' id='line_1_84' title="bbox 2024 3919 3593 3994; baseline -0.003 -15"><span class='ocrx_word' id='word_1_653' title='bbox 2024 3939 2256 3994; x_wconf 88' lang='lat' dir='ltr'><strong>eaquam</strong></span> <span class='ocrx_word' id='word_1_654' title='bbox 2298 3923 2500 3993; x_wconf 83' lang='lat' dir='ltr'><strong>prioris</strong></span> <span class='ocrx_word' id='word_1_655' title='bbox 2535 3922 2661 3976; x_wconf 71' lang='lat' dir='ltr'><strong>vitae</strong></span> <span class='ocrx_word' id='word_1_656' title='bbox 2690 3922 2850 3976; x_wconf 87' lang='lat' dir='ltr'><strong>linem</strong></span> <span class='ocrx_word' id='word_1_657' title='bbox 2884 3919 3151 3987; x_wconf 88' lang='lat' dir='ltr'><strong>fecerunt,</strong></span> <span class='ocrx_word' id='word_1_658' title='bbox 3182 3928 3299 3975; x_wconf 91' lang='lat' dir='ltr'><strong>tum</strong></span> <span class='ocrx_word' id='word_1_659' title='bbox 3327 3920 3593 3990; x_wconf 88' lang='lat' dir='ltr'><strong>judicium</strong></span> 
     </span>
    </p>
   </div>
   <div class='ocr_carea' id='block_1_85' title="bbox 2028 4012 3596 4085">
    <p class='ocr_par' dir='ltr' id='par_1_85' title="bbox 2028 4012 3596 4085">
     <span class='ocr_line' id='line_1_85' title="bbox 2028 4012 3596 4085; baseline -0.003 -13"><span class='ocrx_word' id='word_1_660' title='bbox 2028 4015 2281 4082; x_wconf 69' lang='lat' dir='ltr'><strong>subeunt,</strong></span> <span class='ocrx_word' id='word_1_661' title='bbox 2299 4023 2626 4085; x_wconf 74' lang='lat' dir='ltr'><strong>acceptaque</strong></span> <span class='ocrx_word' id='word_1_662' title='bbox 2643 4013 2929 4080; x_wconf 83' lang='lat' dir='ltr'><strong>sententia,</strong></span> <span class='ocrx_word' id='word_1_663' title='bbox 2951 4013 3147 4082; x_wconf 90' lang='lat' dir='ltr'><strong>partim</strong></span> <span class='ocrx_word' id='word_1_664' title='bbox 3166 4012 3221 4066; x_wconf 91' lang='lat' dir='ltr'><strong>in</strong></span> <span class='ocrx_word' id='word_1_665' title='bbox 3244 4012 3596 4068; x_wconf 86' lang='lat' dir='ltr'><strong>subterranea</strong></span> 
     </span>
    </p>
   </div>
   <div class='ocr_carea' id='block_1_86' title="bbox 2028 4104 3597 4178">
    <p class='ocr_par' dir='ltr' id='par_1_86' title="bbox 2028 4104 3597 4178">
     <span class='ocr_line' id='line_1_86' title="bbox 2028 4104 3597 4178; baseline -0.002 -15"><span class='ocrx_word' id='word_1_666' title='bbox 2028 4107 2414 4178; x_wconf 89' lang='lat' dir='ltr'><strong>suppliciorum</strong></span> <span class='ocrx_word' id='word_1_667' title='bbox 2441 4108 2556 4161; x_wconf 89' lang='lat' dir='ltr'><strong>loea</strong></span> <span class='ocrx_word' id='word_1_668' title='bbox 2574 4106 2758 4171; x_wconf 86' lang='lat' dir='ltr'><strong>delati,</strong></span> <span class='ocrx_word' id='word_1_669' title='bbox 2782 4105 3376 4176; x_wconf 45' lang='lat' dir='ltr'><strong>pmnasluunu-partim</strong></span> <span class='ocrx_word' id='word_1_670' title='bbox 3404 4104 3597 4175; x_wconf 82' lang='lat' dir='ltr'><strong>judicii</strong></span> 
     </span>
    </p>
   </div>
   <div class='ocr_carea' id='block_1_87' title="bbox 2027 4195 3593 4266">
    <p class='ocr_par' dir='ltr' id='par_1_87' title="bbox 2027 4195 3593 4266">
     <span class='ocr_line' id='line_1_87' title="bbox 2027 4195 3593 4266; baseline -0.001 -14"><span class='ocrx_word' id='word_1_671' title='bbox 2027 4195 2286 4253; x_wconf 86' lang='lat' dir='ltr'><strong>facilitate</strong></span> <span class='ocrx_word' id='word_1_672' title='bbox 2306 4197 2597 4263; x_wconf 89' lang='lat' dir='ltr'><strong>sublevati,</strong></span> <span class='ocrx_word' id='word_1_673' title='bbox 2621 4196 2675 4249; x_wconf 93' lang='lat' dir='ltr'><strong>in</strong></span> <span class='ocrx_word' id='word_1_674' title='bbox 2707 4195 2943 4266; x_wconf 85' lang='lat' dir='ltr'><strong>aliquem</strong></span> <span class='ocrx_word' id='word_1_675' title='bbox 2970 4196 3094 4252; x_wconf 89' lang='lat' dir='ltr'><strong>coeli</strong></span> <span class='ocrx_word' id='word_1_676' title='bbox 3122 4195 3302 4251; x_wconf 90' lang='lat' dir='ltr'><strong>locum</strong></span> <span class='ocrx_word' id='word_1_677' title='bbox 3347 4196 3593 4251; x_wconf 87' lang='lat' dir='ltr'><strong>evehun-</strong></span> 
     </span>
    </p>
   </div>
   <div class='ocr_carea' id='block_1_88' title="bbox 2025 4291 3593 4363">
    <p class='ocr_par' dir='ltr' id='par_1_88' title="bbox 2025 4291 3593 4363">
     <span class='ocr_line' id='line_1_88' title="bbox 2025 4291 3593 4363; baseline 0 -15"><span class='ocrx_word' id='word_1_678' title='bbox 2025 4302 2138 4359; x_wconf 85' lang='lat' dir='ltr'><strong>tur,</strong></span> <span class='ocrx_word' id='word_1_679' title='bbox 2177 4292 2271 4349; x_wconf 90' lang='lat' dir='ltr'><strong>ubi</strong></span> <span class='ocrx_word' id='word_1_680' title='bbox 2308 4308 2411 4363; x_wconf 90' lang='lat' dir='ltr'><strong>pro</strong></span> <span class='ocrx_word' id='word_1_681' title='bbox 2431 4292 2571 4363; x_wconf 89' lang='lat' dir='ltr'><strong>ejus,</strong></span> <span class='ocrx_word' id='word_1_682' title='bbox 2596 4306 2763 4361; x_wconf 89' lang='lat' dir='ltr'><strong>quam</strong></span> <span class='ocrx_word' id='word_1_683' title='bbox 2790 4292 3030 4347; x_wconf 88' lang='lat' dir='ltr'><strong>humana</strong></span> <span class='ocrx_word' id='word_1_684' title='bbox 3077 4291 3259 4360; x_wconf 89' lang='lat' dir='ltr'><strong>specie</strong></span> <span class='ocrx_word' id='word_1_685' title='bbox 3273 4291 3549 4348; x_wconf 74' lang='lat' dir='ltr'><strong>duxerunt</strong></span> <span class='ocrx_word' id='word_1_686' title='bbox 3574 4332 3593 4360; x_wconf 91' lang='lat'><strong>,</strong></span> 
     </span>
    </p>
   </div>
   <div class='ocr_carea' id='block_1_89' title="bbox 2026 4380 3595 4454">
    <p class='ocr_par' dir='ltr' id='par_1_89' title="bbox 2026 4380 3595 4454">
     <span class='ocr_line' id='line_1_89' title="bbox 2026 4380 3595 4454; baseline -0.001 -14"><span class='ocrx_word' id='word_1_687' title='bbox 2026 4385 2150 4441; x_wconf 73' lang='lat' dir='ltr'><strong>vita:</strong></span> <span class='ocrx_word' id='word_1_688' title='bbox 2174 4385 2433 4454; x_wconf 85' lang='lat' dir='ltr'><strong>dignitate</strong></span> <span class='ocrx_word' id='word_1_689' title='bbox 2467 4390 2768 4438; x_wconf 90' lang='lat' dir='ltr'><strong>versentur.</strong></span> <span class='ocrx_word' id='word_1_690' title='bbox 2788 4380 3014 4453; x_wconf 87' lang='lat' dir='ltr'><strong>Utrique</strong></span> <span class='ocrx_word' id='word_1_691' title='bbox 3039 4397 3200 4453; x_wconf 88' lang='lat' dir='ltr'><strong>porro</strong></span> <span class='ocrx_word' id='word_1_692' title='bbox 3242 4383 3347 4438; x_wconf 85' lang='lat' dir='ltr'><strong>sub</strong></span> <span class='ocrx_word' id='word_1_693' title='bbox 3389 4398 3595 4439; x_wconf 89' lang='lat' dir='ltr'><strong>annum</strong></span> 
     </span>
    </p>
   </div>
   <div class='ocr_carea' id='block_1_90' title="bbox 352 4471 1926 4549">
    <p class='ocr_par' dir='ltr' id='par_1_90' title="bbox 352 4471 1924 4549">
     <span class='ocr_line' id='line_1_90' title="bbox 352 4471 1924 4549; baseline 0.004 -27"><span class='ocrx_word' id='word_1_694' title='bbox 352 4471 628 4538; x_wconf 85' lang='grc' dir='ltr'>γενέσθαι,</span> <span class='ocrx_word' id='word_1_695' title='bbox 660 4472 1008 4543; x_wconf 87' lang='grc' dir='ltr'>μεμνημένην</span> <span class='ocrx_word' id='word_1_696' title='bbox 1047 4473 1146 4544; x_wconf 85' lang='grc' dir='ltr'>τῆς</span> <span class='ocrx_word' id='word_1_697' title='bbox 1181 4472 1289 4527; x_wconf 82' lang='grc' dir='ltr'><strong>τῶν</strong></span> <span class='ocrx_word' id='word_1_698' title='bbox 1328 4475 1505 4528; x_wconf 84' lang='grc' dir='ltr'>ὅπλων</span> <span class='ocrx_word' id='word_1_699' title='bbox 1540 4474 1789 4546; x_wconf 84' lang='grc' dir='ltr'>κρίσεως.</span> <span class='ocrx_word' id='word_1_700' title='bbox 1814 4477 1924 4549; x_wconf 84' lang='grc' dir='ltr'><strong>Τὴν</strong></span> 
     </span>
    </p>
   </div>
   <div class='ocr_carea' id='block_1_91' title="bbox 2025 4471 3594 4549">
    <p class='ocr_par' dir='ltr' id='par_1_91' title="bbox 2027 4471 3594 4544">
     <span class='ocr_line' id='line_1_91' title="bbox 2027 4471 3594 4544; baseline 0 -15"><span class='ocrx_word' id='word_1_701' title='bbox 2027 4475 2353 4531; x_wconf 87' lang='lat' dir='ltr'><strong>conditionis</strong></span> <span class='ocrx_word' id='word_1_702' title='bbox 2379 4473 2540 4544; x_wconf 88' lang='lat' dir='ltr'><strong>hujus</strong></span> <span class='ocrx_word' id='word_1_703' title='bbox 2565 4472 2936 4537; x_wconf 86' lang='lat' dir='ltr'><strong>millesimum,</strong></span> <span class='ocrx_word' id='word_1_704' title='bbox 2970 4472 3039 4527; x_wconf 91' lang='lat' dir='ltr'><strong>ad</strong></span> <span class='ocrx_word' id='word_1_705' title='bbox 3085 4471 3594 4529; x_wconf 84' lang='lat' dir='ltr'><strong>instituendam-se-</strong></span> 
     </span>
    </p>
   </div>
   <div class='ocr_carea' id='block_1_92' title="bbox 351 4560 1924 4638">
    <p class='ocr_par' dir='ltr' id='par_1_92' title="bbox 351 4560 1924 4638">
     <span class='ocr_line' id='line_1_92' title="bbox 351 4560 1924 4638; baseline 0.005 -25"><span class='ocrx_word' id='word_1_706' title='bbox 351 4560 412 4613; x_wconf 79' lang='grc' dir='ltr'>δὲ</span> <span class='ocrx_word' id='word_1_707' title='bbox 446 4561 538 4613; x_wconf 71' lang='grc' dir='ltr'>ἐπὶ</span> <span class='ocrx_word' id='word_1_708' title='bbox 569 4561 742 4632; x_wconf 83' lang='grc' dir='ltr'>τούτῳ</span> <span class='ocrx_word' id='word_1_709' title='bbox 772 4563 865 4617; x_wconf 87' lang='grc' dir='ltr'><strong>τοῦ</strong></span> <span class='ocrx_word' id='word_1_710' title='bbox 912 4564 1327 4634; x_wconf 79' lang='grc' dir='ltr'>Ἀγαμέμνονος,</span> <span class='ocrx_word' id='word_1_711' title='bbox 1375 4564 1575 4637; x_wconf 76' lang='grc' dir='ltr'>ἐχθρὰν</span> <span class='ocrx_word' id='word_1_712' title='bbox 1601 4567 1695 4620; x_wconf 73' lang='grc' dir='ltr'>καὶ</span> <span class='ocrx_word' id='word_1_713' title='bbox 1721 4568 1924 4638; x_wconf 84' lang='grc' dir='ltr'>ταύτην</span> 
     </span>
    </p>
   </div>
   <div class='ocr_carea' id='block_1_93' title="bbox 350 4649 1926 4727">
    <p class='ocr_par' dir='ltr' id='par_1_93' title="bbox 350 4649 1926 4727">
     <span class='ocr_line' id='line_1_93' title="bbox 350 4649 1926 4727; baseline 0.006 -23"><span class='ocrx_word' id='word_1_714' title='bbox 350 4649 447 4704; x_wconf 85' lang='grc' dir='ltr'><strong>τοῦ</strong></span> <span class='ocrx_word' id='word_1_715' title='bbox 470 4652 806 4722; x_wconf 82' lang='grc' dir='ltr'>ἀνθρωπίνου</span> <span class='ocrx_word' id='word_1_716' title='bbox 834 4653 1021 4723; x_wconf 81' lang='grc' dir='ltr'>γένους</span> <span class='ocrx_word' id='word_1_717' title='bbox 1055 4654 1142 4709; x_wconf 83' lang='grc' dir='ltr'><strong>διὰ</strong></span> <span class='ocrx_word' id='word_1_718' title='bbox 1171 4654 1241 4709; x_wconf 72' lang='grc' dir='ltr'>τὰ</span> <span class='ocrx_word' id='word_1_719' title='bbox 1264 4655 1433 4727; x_wconf 87' lang='grc' dir='ltr'>πάθη,</span> <span class='ocrx_word' id='word_1_720' title='bbox 1464 4656 1624 4710; x_wconf 87' lang='grc' dir='ltr'>ἀετοῦ</span> <span class='ocrx_word' id='word_1_721' title='bbox 1651 4657 1926 4723; x_wconf 81' lang='grc' dir='ltr'>διαλλάξαι</span> 
     </span>
    </p>
   </div>
   <div class='ocr_carea' id='block_1_94' title="bbox 353 4743 1922 4822">
    <p class='ocr_par' dir='ltr' id='par_1_94' title="bbox 353 4743 1922 4822">
     <span class='ocr_line' id='line_1_94' title="bbox 353 4743 1922 4822; baseline 0.006 -26"><span class='ocrx_word' id='word_1_722' title='bbox 353 4743 488 4814; x_wconf 83' lang='grc' dir='ltr'>βίον.</span> <span class='ocrx_word' id='word_1_723' title='bbox 536 4746 624 4798; x_wconf 89' lang='grc' dir='ltr'><strong>Ἐν</strong></span> <span class='ocrx_word' id='word_1_724' title='bbox 664 4744 846 4816; x_wconf 85' lang='grc' dir='ltr'>μέσοις</span> <span class='ocrx_word' id='word_1_725' title='bbox 871 4746 928 4799; x_wconf 87' lang='grc' dir='ltr'>δὲ</span> <span class='ocrx_word' id='word_1_726' title='bbox 956 4746 1220 4817; x_wconf 82' lang='grc' dir='ltr'>λαχοῦσαν</span> <span class='ocrx_word' id='word_1_727' title='bbox 1246 4749 1343 4819; x_wconf 86' lang='grc' dir='ltr'>τὴν</span> <span class='ocrx_word' id='word_1_728' title='bbox 1379 4749 1707 4822; x_wconf 81' lang='grc' dir='ltr'>Ἀταλάντης</span> <span class='ocrx_word' id='word_1_729' title='bbox 1725 4750 1922 4822; x_wconf 79' lang='grc' dir='ltr'>ψυχὴν,</span> 
     </span>
    </p>
   </div>
   <div class='ocr_carea' id='block_1_95' title="bbox 352 4835 1924 4913">
    <p class='ocr_par' dir='ltr' id='par_1_95' title="bbox 352 4835 1924 4913">
     <span class='ocr_line' id='line_1_95' title="bbox 352 4835 1924 4913; baseline 0.004 -25"><span class='ocrx_word' id='word_1_730' title='bbox 352 4835 674 4891; x_wconf 86' lang='grc' dir='ltr'>κατιδοῦσαν</span> <span class='ocrx_word' id='word_1_731' title='bbox 706 4837 944 4907; x_wconf 87' lang='grc' dir='ltr'>μεγάλας</span> <span class='ocrx_word' id='word_1_732' title='bbox 970 4838 1136 4908; x_wconf 73' lang='grc' dir='ltr'>τιμὰς</span> <span class='ocrx_word' id='word_1_733' title='bbox 1180 4838 1412 4909; x_wconf 86' lang='grc' dir='ltr'>ἀθλητοῦ</span> <span class='ocrx_word' id='word_1_734' title='bbox 1440 4840 1650 4913; x_wconf 83' lang='grc' dir='ltr'>ἀνδρὸς,</span> <span class='ocrx_word' id='word_1_735' title='bbox 1679 4843 1739 4894; x_wconf 84' lang='grc' dir='ltr'>οὐ</span> <span class='ocrx_word' id='word_1_736' title='bbox 1768 4841 1924 4896; x_wconf 84' lang='grc' dir='ltr'>δύνα-</span> 
     </span>
    </p>
   </div>
   <div class='ocr_carea' id='block_1_96' title="bbox 353 4929 1924 5005">
    <p class='ocr_par' dir='ltr' id='par_1_96' title="bbox 353 4929 1924 5005">
     <span class='ocr_line' id='line_1_96' title="bbox 353 4929 1924 5005; baseline 0.003 -23"><span class='ocrx_word' id='word_1_737' title='bbox 353 4929 476 4983; x_wconf 86' lang='grc' dir='ltr'>σθαι</span> <span class='ocrx_word' id='word_1_738' title='bbox 501 4931 819 5003; x_wconf 85' lang='grc' dir='ltr'>παρελθεῖν,</span> <span class='ocrx_word' id='word_1_739' title='bbox 867 4930 1002 4985; x_wconf 87' lang='grc' dir='ltr'><strong>ἀλλά</strong></span> <span class='ocrx_word' id='word_1_740' title='bbox 1035 4930 1239 4985; x_wconf 81' lang='grc' dir='ltr'>λαϐεῖν.</span> <span class='ocrx_word' id='word_1_741' title='bbox 1274 4932 1429 4987; x_wconf 84' lang='grc' dir='ltr'>Μετὰ</span> <span class='ocrx_word' id='word_1_742' title='bbox 1474 4934 1531 4987; x_wconf 82' lang='grc' dir='ltr'>δὲ</span> <span class='ocrx_word' id='word_1_743' title='bbox 1566 4932 1768 5005; x_wconf 88' lang='grc' dir='ltr'>ταύτην</span> <span class='ocrx_word' id='word_1_744' title='bbox 1797 4933 1924 4986; x_wconf 81' lang='grc' dir='ltr'>ἰδεῖν</span> 
     </span>
    </p>
   </div>
   <div class='ocr_carea' id='block_1_97' title="bbox 349 5017 1924 5093">
    <p class='ocr_par' dir='ltr' id='par_1_97' title="bbox 349 5017 1924 5093">
     <span class='ocr_line' id='line_1_97' title="bbox 349 5017 1924 5093; baseline 0.005 -24"><span class='ocrx_word' id='word_1_745' title='bbox 349 5017 447 5088; x_wconf 77' lang='grc' dir='ltr'>τὴν</span> <span class='ocrx_word' id='word_1_746' title='bbox 475 5019 689 5073; x_wconf 83' lang='grc' dir='ltr'>Ἐπειοῦ</span> <span class='ocrx_word' id='word_1_747' title='bbox 717 5021 826 5091; x_wconf 74' lang='grc'>(40)</span> <span class='ocrx_word' id='word_1_748' title='bbox 854 5020 949 5073; x_wconf 85' lang='grc' dir='ltr'><strong>τοῦ</strong></span> <span class='ocrx_word' id='word_1_749' title='bbox 975 5020 1269 5085; x_wconf 84' lang='grc' dir='ltr'>Πανοπέως</span> <span class='ocrx_word' id='word_1_750' title='bbox 1296 5024 1375 5085; x_wconf 88' lang='grc' dir='ltr'><strong>είς</strong></span> <span class='ocrx_word' id='word_1_751' title='bbox 1392 5022 1648 5093; x_wconf 85' lang='grc' dir='ltr'>τεχνικῆς</span> <span class='ocrx_word' id='word_1_752' title='bbox 1669 5023 1924 5092; x_wconf 79' lang='grc' dir='ltr'>γυναικὸς</span> 
     </span>
    </p>
   </div>
   <div class='ocr_carea' id='block_1_98' title="bbox 422 5148 1917 5230">
    <p class='ocr_par' dir='ltr' id='par_1_98' title="bbox 422 5148 1917 5230">
     <span class='ocr_line' id='line_1_98' title="bbox 422 5148 1917 5230; baseline 0.003 -24"><span class='ocrx_word' id='word_1_753' title='bbox 677 5151 804 5230; x_wconf 75' lang='grc' dir='ltr'><strong>μὲν</strong></span> <span class='ocrx_word' id='word_1_754' title='bbox 832 5153 942 5230; x_wconf 63' lang='grc' dir='ltr'>γέίρ</span> <span class='ocrx_word' id='word_1_755' title='bbox 969 5153 1252 5230; x_wconf 49' lang='grc' dir='ltr'><strong>τιὸ-αὑτό.⁸</strong></span> <span class='ocrx_word' id='word_1_756' title='bbox 1279 5153 1343 5210; x_wconf 86' lang='grc' dir='ltr'>1η</span> <span class='ocrx_word' id='word_1_757' title='bbox 1374 5154 1622 5230; x_wconf 73' lang='grc' dir='ltr'>ΡΙιωιίνο,</span> <span class='ocrx_word' id='word_1_758' title='bbox 1649 5171 1703 5225; x_wconf 90' lang='lat' dir='ltr'><strong>p.</strong></span> <span class='ocrx_word' id='word_1_759' title='bbox 1727 5156 1832 5230; x_wconf 61' lang='grc' dir='ltr'><strong>διδ</strong></span> <span class='ocrx_word' id='word_1_760' title='bbox 1858 5156 1917 5230; x_wconf 68' lang='grc' dir='ltr'><strong>ξ’.</strong></span> 
     </span>
    </p>
   </div>
   <div class='ocr_carea' id='block_1_99' title="bbox 421 5220 1922 5298">
    <p class='ocr_par' dir='ltr' id='par_1_99' title="bbox 421 5220 1922 5298">
     <span class='ocr_line' id='line_1_99' title="bbox 421 5220 1922 5298; baseline 0.005 -26"><span class='ocrx_word' id='word_1_761' title='bbox 421 5220 534 5298; x_wconf 63' lang='grc'>(57)</span> <span class='ocrx_word' id='word_1_762' title='bbox 573 5220 750 5298; x_wconf 80' lang='grc' dir='ltr'><strong>Ἐτῷν</strong></span> <span class='ocrx_word' id='word_1_763' title='bbox 762 5220 1017 5298; x_wconf 59' lang='grc' dir='ltr'>μύρίωγ,</span> <span class='ocrx_word' id='word_1_764' title='bbox 1042 5223 1350 5298; x_wconf 77' lang='lat' dir='ltr'><strong>Legendum</strong></span> <span class='ocrx_word' id='word_1_765' title='bbox 1379 5227 1632 5298; x_wconf 73' lang='lat' dir='ltr'><strong>existimo</strong></span> <span class='ocrx_word' id='word_1_766' title='bbox 1648 5220 1762 5298; x_wconf 52' lang='lat' dir='ltr'><strong>Fith</strong></span> <span class='ocrx_word' id='word_1_767' title='bbox 1786 5227 1922 5280; x_wconf 81' lang='grc' dir='ltr'>ἑτῶν</span> 
     </span>
    </p>
   </div>
   <div class='ocr_carea' id='block_1_100' title="bbox 348 5289 1916 5397">
    <p class='ocr_par' dir='ltr' id='par_1_100' title="bbox 348 5289 1916 5397">
     <span class='ocr_line' id='line_1_100' title="bbox 348 5289 1916 5397; baseline 0.002 0"><span class='ocrx_word' id='word_1_768' title='bbox 348 5289 797 5397; x_wconf 43' lang='lat' dir='ltr'><strong>suissuis}.</strong></span> <span class='ocrx_word' id='word_1_769' title='bbox 829 5289 1292 5397; x_wconf 51' lang='grc' dir='ltr'><strong>ειτηηξιζιξςτέίυρρ</strong></span> <span class='ocrx_word' id='word_1_770' title='bbox 1324 5297 1409 5397; x_wconf 57' lang='grc' dir='ltr'><strong>γει</strong></span> <span class='ocrx_word' id='word_1_771' title='bbox 1456 5296 1659 5397; x_wconf 57' lang='lat' dir='ltr'><strong>em“</strong></span> <span class='ocrx_word' id='word_1_772' title='bbox 1693 5289 1916 5352; x_wconf 61' lang='grc' dir='ltr'>έίπιίιθε</span> 
     </span>
    </p>
   </div>
   <div class='ocr_carea' id='block_1_101' title="bbox 343 5361 1918 5506">
    <p class='ocr_par' dir='ltr' id='par_1_101' title="bbox 343 5361 1918 5506">
     <span class='ocr_line' id='line_1_101' title="bbox 343 5361 1568 5483; baseline 0.007 -70"><span class='ocrx_word' id='word_1_773' title='bbox 343 5361 550 5483; x_wconf 44' lang='lat' dir='ltr'><strong>aliocgui</strong></span> <span class='ocrx_word' id='word_1_774' title='bbox 582 5370 801 5428; x_wconf 82' lang='lat' dir='ltr'><strong>negaret</strong></span> <span class='ocrx_word' id='word_1_775' title='bbox 830 5361 974 5431; x_wconf 82' lang='lat' dir='ltr'><strong>quod</strong></span> <span class='ocrx_word' id='word_1_776' title='bbox 1009 5361 1275 5420; x_wconf 76' lang='lat' dir='ltr'><strong>afﬁrmare</strong></span> <span class='ocrx_word' id='word_1_777' title='bbox 1303 5361 1568 5422; x_wconf 70' lang='lat' dir='ltr'><strong>videatur.</strong></span> 
     </span>
     <span class='ocr_line' id='line_1_102' title="bbox 419 5429 1918 5506; baseline 0.007 -24"><span class='ocrx_word' id='word_1_778' title='bbox 419 5429 475 5498; x_wconf 79' lang='lat'><strong>(5</strong></span> <span class='ocrx_word' id='word_1_779' title='bbox 500 5439 562 5506; x_wconf 60' lang='lat'><strong>_)_</strong></span> <span class='ocrx_word' id='word_1_780' title='bbox 575 5429 740 5506; x_wconf 55' lang='grc' dir='ltr'>Ἰδεῖν</span> <span class='ocrx_word' id='word_1_781' title='bbox 757 5431 876 5500; x_wconf 80' lang='grc' dir='ltr'><strong>μὲν</strong></span> <span class='ocrx_word' id='word_1_782' title='bbox 904 5432 1032 5501; x_wconf 79' lang='grc' dir='ltr'>γάρ.</span> <span class='ocrx_word' id='word_1_783' title='bbox 1066 5433 1185 5489; x_wconf 90' lang='lat' dir='ltr'><strong>Lib.</strong></span> <span class='ocrx_word' id='word_1_784' title='bbox 1210 5450 1245 5488; x_wconf 72' lang='grc' dir='ltr'>ι</span> <span class='ocrx_word' id='word_1_785' title='bbox 1272 5434 1349 5489; x_wconf 87' lang='lat' dir='ltr'><strong>De</strong></span> <span class='ocrx_word' id='word_1_786' title='bbox 1382 5436 1559 5506; x_wconf 81' lang='lat' dir='ltr'><strong>repub.</strong></span> <span class='ocrx_word' id='word_1_787' title='bbox 1597 5437 1700 5492; x_wconf 88' lang='lat' dir='ltr'><strong>sub</strong></span> <span class='ocrx_word' id='word_1_788' title='bbox 1734 5437 1918 5503; x_wconf 81' lang='lat' dir='ltr'><strong>finetn,</strong></span> 
     </span>
    </p>
   </div>
   <div class='ocr_carea' id='block_1_102' title="bbox 344 5499 1916 5650">
    <p class='ocr_par' dir='ltr' id='par_1_102' title="bbox 344 5499 1916 5650">
     <span class='ocr_line' id='line_1_103' title="bbox 344 5499 1916 5650; baseline 0.004 -27"><span class='ocrx_word' id='word_1_789' title='bbox 344 5499 806 5650; x_wconf 48' lang='grc' dir='ltr'>ῗῗέθῗῗίαντος</span> <span class='ocrx_word' id='word_1_790' title='bbox 825 5570 934 5650; x_wconf 64' lang='grc' dir='ltr'><strong>ζοῦ</strong></span> <span class='ocrx_word' id='word_1_791' title='bbox 967 5573 1358 5650; x_wconf 29' lang='grc' dir='ltr'>Τευζαμωτίου..</span> <span class='ocrx_word' id='word_1_792' title='bbox 1393 5571 1916 5650; x_wconf 31' lang='lat' dir='ltr'><strong>_Leg_e_l_)l‘utareh_um</strong></span> 
     </span>
    </p>
   </div>
   <div class='ocr_carea' id='block_1_103' title="bbox 345 5636 1921 5721">
    <p class='ocr_par' dir='ltr' id='par_1_103' title="bbox 345 5636 1921 5721">
     <span class='ocr_line' id='line_1_104' title="bbox 345 5636 1921 5721; baseline 0.004 -29"><span class='ocrx_word' id='word_1_793' title='bbox 345 5636 442 5721; x_wconf 44' lang='lat' dir='ltr'><strong>lib‘.</strong></span> <span class='ocrx_word' id='word_1_794' title='bbox 477 5636 804 5721; x_wconf 61' lang='lat' dir='ltr'><strong>Symposiae.</strong></span> <span class='ocrx_word' id='word_1_795' title='bbox 831 5641 885 5703; x_wconf 90' lang='lat'><strong>9,</strong></span> <span class='ocrx_word' id='word_1_796' title='bbox 913 5636 1179 5721; x_wconf 44' lang='lat' dir='ltr'><strong>priibler&#39;n.</strong></span> <span class='ocrx_word' id='word_1_797' title='bbox 1278 5643 1418 5721; x_wconf 45' lang='grc' dir='ltr'>χΔιᾲ</span> <span class='ocrx_word' id='word_1_798' title='bbox 1445 5636 1500 5699; x_wconf 70' lang='grc' dir='ltr'><strong>τί</strong></span> <span class='ocrx_word' id='word_1_799' title='bbox 1521 5645 1921 5721; x_wconf 35' lang='grc' dir='ltr'>Ηλάτων-είκο-</span> 
     </span>
    </p>
   </div>
   <div class='ocr_carea' id='block_1_104' title="bbox 315 5708 1916 5792">
    <p class='ocr_par' dir='ltr' id='par_1_104' title="bbox 315 5708 1916 5792">
     <span class='ocr_line' id='line_1_105' title="bbox 315 5708 1916 5792; baseline 0.006 -33"><span class='ocrx_word' id='word_1_800' title='bbox 315 5708 480 5792; x_wconf 62' lang='grc' dir='ltr'><strong>⁹σ’ξτῂν</strong></span> <span class='ocrx_word' id='word_1_801' title='bbox 511 5708 614 5792; x_wconf 71' lang='grc' dir='ltr'>ἔφη</span> <span class='ocrx_word' id='word_1_802' title='bbox 640 5709 831 5792; x_wconf 68' lang='grc' dir='ltr'>ψυχὴν</span> <span class='ocrx_word' id='word_1_803' title='bbox 849 5708 942 5763; x_wconf 87' lang='grc' dir='ltr'><strong>τοῦ</strong></span> <span class='ocrx_word' id='word_1_804' title='bbox 972 5712 1213 5792; x_wconf 43' lang='grc' dir='ltr'>Αἴαντος.</span> <span class='ocrx_word' id='word_1_805' title='bbox 1229 5712 1322 5763; x_wconf 81' lang='grc' dir='ltr'>ἐπὶ</span> <span class='ocrx_word' id='word_1_806' title='bbox 1353 5712 1444 5766; x_wconf 75' lang='grc' dir='ltr'><strong>τὸν</strong></span> <span class='ocrx_word' id='word_1_807' title='bbox 1468 5715 1685 5792; x_wconf 32' lang='grc' dir='ltr'>’κλῆρον</span> <span class='ocrx_word' id='word_1_808' title='bbox 1724 5715 1916 5778; x_wconf 78' lang='grc' dir='ltr'>ἐλθεῖν,</span> 
     </span>
    </p>
   </div>
   <div class='ocr_carea' id='block_1_105' title="bbox 348 5778 1916 5843">
    <p class='ocr_par' dir='ltr' id='par_1_105' title="bbox 348 5778 1916 5843">
     <span class='ocr_line' id='line_1_106' title="bbox 348 5778 1916 5843; baseline 0.005 -12"><span class='ocrx_word' id='word_1_809' title='bbox 348 5778 438 5832; x_wconf 89' lang='lat' dir='ltr'><strong>ubi</strong></span> <span class='ocrx_word' id='word_1_810' title='bbox 469 5778 662 5842; x_wconf 81' lang='lat' dir='ltr'><strong>partim</strong></span> <span class='ocrx_word' id='word_1_811' title='bbox 699 5778 901 5835; x_wconf 83' lang='lat' dir='ltr'><strong>facetas</strong></span> <span class='ocrx_word' id='word_1_812' title='bbox 928 5791 978 5835; x_wconf 86' lang='lat' dir='ltr'><strong>ct</strong></span> <span class='ocrx_word' id='word_1_813' title='bbox 1020 5782 1301 5841; x_wconf 75' lang='lat' dir='ltr'><strong>ridiculus.</strong></span> <span class='ocrx_word' id='word_1_814' title='bbox 1345 5785 1538 5843; x_wconf 83' lang='lat' dir='ltr'><strong>partim</strong></span> <span class='ocrx_word' id='word_1_815' title='bbox 1571 5778 1740 5839; x_wconf 66' lang='lat' dir='ltr'><strong>serias</strong></span> <span class='ocrx_word' id='word_1_816' title='bbox 1766 5800 1916 5840; x_wconf 66' lang='lat' dir='ltr'><strong>uuae-</strong></span> 
     </span>
    </p>
   </div>
   <div class='ocr_carea' id='block_1_106' title="bbox 2024 4562 3594 4634">
    <p class='ocr_par' dir='ltr' id='par_1_106' title="bbox 2024 4562 3594 4634">
     <span class='ocr_line' id='line_1_107' title="bbox 2024 4562 3594 4634; baseline -0.001 -13"><span class='ocrx_word' id='word_1_817' title='bbox 2024 4564 2216 4621; x_wconf 67' lang='lat' dir='ltr'><strong>eundae</strong></span> <span class='ocrx_word' id='word_1_818' title='bbox 2242 4565 2366 4619; x_wconf 80' lang='lat' dir='ltr'><strong>vitae</strong></span> <span class='ocrx_word' id='word_1_819' title='bbox 2391 4564 2733 4620; x_wconf 87' lang='lat' dir='ltr'><strong>sortitionem</strong></span> <span class='ocrx_word' id='word_1_820' title='bbox 2770 4571 2935 4634; x_wconf 91' lang='lat' dir='ltr'><strong>atque</strong></span> <span class='ocrx_word' id='word_1_821' title='bbox 2971 4563 3291 4620; x_wconf 82' lang='lat' dir='ltr'><strong>electionem</strong></span> <span class='ocrx_word' id='word_1_822' title='bbox 3332 4562 3594 4634; x_wconf 82' lang='lat' dir='ltr'><strong>profecti,</strong></span> 
     </span>
    </p>
   </div>
   <div class='ocr_carea' id='block_1_107' title="bbox 2024 4654 3596 4728">
    <p class='ocr_par' dir='ltr' id='par_1_107' title="bbox 2024 4654 3596 4728">
     <span class='ocr_line' id='line_1_108' title="bbox 2024 4654 3596 4728; baseline 0.001 -19"><span class='ocrx_word' id='word_1_823' title='bbox 2024 4671 2146 4728; x_wconf 73' lang='lat' dir='ltr'><strong>quae</strong></span> <span class='ocrx_word' id='word_1_824' title='bbox 2175 4655 2372 4725; x_wconf 91' lang='lat' dir='ltr'><strong>cuique</strong></span> <span class='ocrx_word' id='word_1_825' title='bbox 2394 4654 2682 4725; x_wconf 88' lang='lat' dir='ltr'><strong>placuerit,</strong></span> <span class='ocrx_word' id='word_1_826' title='bbox 2712 4656 2938 4727; x_wconf 87' lang='lat' dir='ltr'><strong>eligunt.</strong></span> <span class='ocrx_word' id='word_1_827' title='bbox 2971 4655 3073 4713; x_wconf 87' lang='lat' dir='ltr'><strong>Hie</strong></span> <span class='ocrx_word' id='word_1_828' title='bbox 3122 4655 3253 4711; x_wconf 88' lang='lat' dir='ltr'><strong>etin</strong></span> <span class='ocrx_word' id='word_1_829' title='bbox 3289 4655 3478 4711; x_wconf 75' lang='lat' dir='ltr'><strong>bestiae</strong></span> <span class='ocrx_word' id='word_1_830' title='bbox 3512 4654 3596 4711; x_wconf 86' lang='lat' dir='ltr'><strong>vi-</strong></span> 
     </span>
    </p>
   </div>
   <div class='ocr_carea' id='block_1_108' title="bbox 2025 4745 3596 4817">
    <p class='ocr_par' dir='ltr' id='par_1_108' title="bbox 2025 4745 3596 4817">
     <span class='ocr_line' id='line_1_109' title="bbox 2025 4745 3596 4817; baseline 0.003 -17"><span class='ocrx_word' id='word_1_831' title='bbox 2025 4757 2135 4800; x_wconf 88' lang='lat' dir='ltr'><strong>tam</strong></span> <span class='ocrx_word' id='word_1_832' title='bbox 2167 4745 2442 4801; x_wconf 87' lang='lat' dir='ltr'><strong>humanus</strong></span> <span class='ocrx_word' id='word_1_833' title='bbox 2476 4747 2785 4803; x_wconf 86' lang='lat' dir='ltr'><strong>traducitur</strong></span> <span class='ocrx_word' id='word_1_834' title='bbox 2815 4747 3057 4812; x_wconf 89' lang='lat' dir='ltr'><strong>animus,</strong></span> <span class='ocrx_word' id='word_1_835' title='bbox 3085 4757 3143 4802; x_wconf 89' lang='lat' dir='ltr'><strong>et</strong></span> <span class='ocrx_word' id='word_1_836' title='bbox 3171 4762 3240 4802; x_wconf 83' lang='lat' dir='ltr'><strong>ex</strong></span> <span class='ocrx_word' id='word_1_837' title='bbox 3270 4747 3466 4811; x_wconf 80' lang='lat' dir='ltr'><strong>bestia,</strong></span> <span class='ocrx_word' id='word_1_838' title='bbox 3499 4745 3596 4817; x_wconf 85' lang='lat' dir='ltr'><strong>qui</strong></span> 
     </span>
    </p>
   </div>
   <div class='ocr_carea' id='block_1_109' title="bbox 2024 4835 3597 4907">
    <p class='ocr_par' dir='ltr' id='par_1_109' title="bbox 2024 4835 3597 4907">
     <span class='ocr_line' id='line_1_110' title="bbox 2024 4835 3597 4907; baseline -0.001 -17"><span class='ocrx_word' id='word_1_839' title='bbox 2024 4836 2190 4892; x_wconf 87' lang='lat' dir='ltr'><strong>homo</strong></span> <span class='ocrx_word' id='word_1_840' title='bbox 2214 4836 2494 4907; x_wconf 88' lang='lat' dir='ltr'><strong>quondam</strong></span> <span class='ocrx_word' id='word_1_841' title='bbox 2539 4836 2739 4902; x_wconf 88' lang='lat' dir='ltr'><strong>fuerat,</strong></span> <span class='ocrx_word' id='word_1_842' title='bbox 2767 4838 2822 4892; x_wconf 89' lang='lat' dir='ltr'><strong>in</strong></span> <span class='ocrx_word' id='word_1_843' title='bbox 2850 4837 3125 4893; x_wconf 90' lang='lat' dir='ltr'><strong>hominem</strong></span> <span class='ocrx_word' id='word_1_844' title='bbox 3150 4836 3332 4893; x_wconf 87' lang='lat' dir='ltr'><strong>denuo</strong></span> <span class='ocrx_word' id='word_1_845' title='bbox 3362 4835 3597 4891; x_wconf 83' lang='lat' dir='ltr'><strong>revolvi-</strong></span> 
     </span>
    </p>
   </div>
   <div class='ocr_carea' id='block_1_110' title="bbox 2025 4926 3599 4995">
    <p class='ocr_par' dir='ltr' id='par_1_110' title="bbox 2025 4926 3599 4995">
     <span class='ocr_line' id='line_1_111' title="bbox 2025 4926 3599 4995; baseline -0.001 -14"><span class='ocrx_word' id='word_1_846' title='bbox 2025 4935 2134 4982; x_wconf 92' lang='lat' dir='ltr'><strong>tur.</strong></span> <span class='ocrx_word' id='word_1_847' title='bbox 2166 4946 2186 4980; x_wconf 76' lang='grc' dir='ltr'><strong>ι</strong></span> <span class='ocrx_word' id='word_1_848' title='bbox 2217 4926 2490 4985; x_wconf 85' lang='lat' dir='ltr'><strong>Hactenus</strong></span> <span class='ocrx_word' id='word_1_849' title='bbox 2526 4929 2581 4983; x_wconf 91' lang='lat' dir='ltr'><strong>in</strong></span> <span class='ocrx_word' id='word_1_850' title='bbox 2596 4927 2845 4984; x_wconf 69' lang='lat' dir='ltr'><strong>Phaedro.</strong></span> <span class='ocrx_word' id='word_1_851' title='bbox 2881 4928 3056 4995; x_wconf 90' lang='lat' dir='ltr'><strong>Quem</strong></span> <span class='ocrx_word' id='word_1_852' title='bbox 3101 4928 3353 4983; x_wconf 89' lang='lat' dir='ltr'><strong>eumdem</strong></span> <span class='ocrx_word' id='word_1_853' title='bbox 3404 4927 3462 4981; x_wconf 90' lang='lat' dir='ltr'><strong>in</strong></span> <span class='ocrx_word' id='word_1_854' title='bbox 3495 4926 3599 4981; x_wconf 82' lang='lat' dir='ltr'><strong>Re-</strong></span> 
     </span>
    </p>
   </div>
   <div class='ocr_carea' id='block_1_111' title="bbox 2021 5018 3594 5090">
    <p class='ocr_par' dir='ltr' id='par_1_111' title="bbox 2021 5018 3594 5090">
     <span class='ocr_line' id='line_1_112' title="bbox 2021 5018 3594 5090; baseline -0.001 -17"><span class='ocrx_word' id='word_1_855' title='bbox 2021 5018 2235 5088; x_wconf 76' lang='lat' dir='ltr'><strong>publica</strong></span> <span class='ocrx_word' id='word_1_856' title='bbox 2251 5021 2331 5075; x_wconf 90' lang='lat' dir='ltr'><strong>sic</strong></span> <span class='ocrx_word' id='word_1_857' title='bbox 2350 5020 2662 5090; x_wconf 89' lang='lat' dir='ltr'><strong>loquentem</strong></span> <span class='ocrx_word' id='word_1_858' title='bbox 2690 5019 3026 5090; x_wconf 72' lang='lat' dir='ltr'><strong>audi.693</strong></span> <span class='ocrx_word' id='word_1_859' title='bbox 3057 5037 3077 5070; x_wconf 86' lang='grc'>‹</span> <span class='ocrx_word' id='word_1_860' title='bbox 3095 5019 3377 5086; x_wconf 86' lang='lat' dir='ltr'><strong>Animum,</strong></span> <span class='ocrx_word' id='word_1_861' title='bbox 3399 5018 3594 5088; x_wconf 90' lang='lat' dir='ltr'><strong>inquit,</strong></span> 
     </span>
    </p>
   </div>
   <div class='ocr_carea' id='block_1_112' title="bbox 2024 5149 3592 5224">
    <p class='ocr_par' dir='ltr' id='par_1_112' title="bbox 2024 5149 3592 5224">
     <span class='ocr_line' id='line_1_113' title="bbox 2024 5149 3592 5224; baseline -0.001 -15"><span class='ocrx_word' id='word_1_862' title='bbox 2024 5154 2219 5209; x_wconf 91' lang='lat' dir='ltr'><strong>stionis</strong></span> <span class='ocrx_word' id='word_1_863' title='bbox 2249 5153 2415 5224; x_wconf 85' lang='lat' dir='ltr'><strong>hujus</strong></span> <span class='ocrx_word' id='word_1_864' title='bbox 2441 5154 2746 5208; x_wconf 89' lang='lat' dir='ltr'><strong>solutiones</strong></span> <span class='ocrx_word' id='word_1_865' title='bbox 2771 5150 3206 5224; x_wconf 83' lang='lat' dir='ltr'><strong>comminiscitur</strong></span> <span class='ocrx_word' id='word_1_866' title='bbox 3234 5166 3266 5224; x_wconf 87' lang='lat'><strong>:_</strong></span> <span class='ocrx_word' id='word_1_867' title='bbox 3283 5149 3382 5224; x_wconf 76' lang='lat' dir='ltr'><strong>sed</strong></span> <span class='ocrx_word' id='word_1_868' title='bbox 3401 5150 3592 5224; x_wconf 82' lang='lat' dir='ltr'><strong>inanes</strong></span> 
     </span>
    </p>
   </div>
   <div class='ocr_carea' id='block_1_113' title="bbox 2022 5220 3595 5287">
    <p class='ocr_par' dir='ltr' id='par_1_113' title="bbox 2022 5220 3595 5287">
     <span class='ocr_line' id='line_1_114' title="bbox 2022 5220 3595 5287; baseline -0.003 -9"><span class='ocrx_word' id='word_1_869' title='bbox 2022 5239 2235 5279; x_wconf 89' lang='lat' dir='ltr'><strong>omnes.</strong></span> <span class='ocrx_word' id='word_1_870' title='bbox 2272 5220 2340 5278; x_wconf 78' lang='lat' dir='ltr'><strong>Ut</strong></span> <span class='ocrx_word' id='word_1_871' title='bbox 2376 5232 2558 5279; x_wconf 89' lang='lat' dir='ltr'><strong>tamen</strong></span> <span class='ocrx_word' id='word_1_872' title='bbox 2590 5225 2642 5278; x_wconf 92' lang='lat' dir='ltr'><strong>in</strong></span> <span class='ocrx_word' id='word_1_873' title='bbox 2695 5238 2753 5277; x_wconf 91' lang='lat' dir='ltr'><strong>re</strong></span> <span class='ocrx_word' id='word_1_874' title='bbox 2797 5223 2955 5287; x_wconf 85' lang='lat' dir='ltr'><strong>ficta,</strong></span> <span class='ocrx_word' id='word_1_875' title='bbox 3000 5236 3106 5274; x_wconf 90' lang='lat' dir='ltr'><strong>non</strong></span> <span class='ocrx_word' id='word_1_876' title='bbox 3153 5220 3416 5274; x_wconf 89' lang='lat' dir='ltr'><strong>absimilis</strong></span> <span class='ocrx_word' id='word_1_877' title='bbox 3459 5221 3595 5287; x_wconf 89' lang='lat' dir='ltr'><strong>veri,</strong></span> 
     </span>
    </p>
   </div>
   <div class='ocr_carea' id='block_1_114' title="bbox 2022 5287 3595 5362">
    <p class='ocr_par' dir='ltr' id='par_1_114' title="bbox 2022 5287 3595 5362">
     <span class='ocr_line' id='line_1_115' title="bbox 2022 5287 3595 5362; baseline -0.003 -15"><span class='ocrx_word' id='word_1_878' title='bbox 2022 5309 2188 5362; x_wconf 90' lang='lat' dir='ltr'><strong>quam</strong></span> <span class='ocrx_word' id='word_1_879' title='bbox 2237 5292 2453 5348; x_wconf 83' lang='lat' dir='ltr'><strong>Marcus</strong></span> <span class='ocrx_word' id='word_1_880' title='bbox 2494 5292 2908 5362; x_wconf 8' lang='lat' dir='ltr'><strong>Grammaticus?</strong></span> <span class='ocrx_word' id='word_1_881' title='bbox 2935 5291 3218 5362; x_wconf 76' lang='lat' dir='ltr'><strong>afferebat;</strong></span> <span class='ocrx_word' id='word_1_882' title='bbox 3266 5290 3327 5362; x_wconf 78' lang='lat' dir='ltr'><strong>in</strong></span> <span class='ocrx_word' id='word_1_883' title='bbox 3368 5287 3595 5362; x_wconf 82' lang='lat' dir='ltr'><strong>_Homeri</strong></span> 
     </span>
    </p>
   </div>
   <div class='ocr_carea' id='block_1_115' title="bbox 2022 5358 3593 5433">
    <p class='ocr_par' dir='ltr' id='par_1_115' title="bbox 2022 5358 3593 5433">
     <span class='ocr_line' id='line_1_116' title="bbox 2022 5358 3593 5433; baseline -0.001 -18"><span class='ocrx_word' id='word_1_884' title='bbox 2022 5358 2232 5433; x_wconf 78' lang='grc' dir='ltr'>νεκυίᾳ,</span> <span class='ocrx_word' id='word_1_885' title='bbox 2262 5362 2621 5433; x_wconf 15' lang='grc' dir='ltr'>εἰίΕιρθηοτίε</span> <span class='ocrx_word' id='word_1_886' title='bbox 2652 5378 2717 5433; x_wconf 86' lang='lat' dir='ltr'><strong>ac</strong></span> <span class='ocrx_word' id='word_1_887' title='bbox 2739 5361 2962 5433; x_wconf 75' lang='lat' dir='ltr'><strong>Tiresia:</strong></span> <span class='ocrx_word' id='word_1_888' title='bbox 2993 5360 3204 5414; x_wconf 87' lang='lat' dir='ltr'><strong>animas</strong></span> <span class='ocrx_word' id='word_1_889' title='bbox 3246 5358 3593 5433; x_wconf 62' lang='lat' dir='ltr'><strong>subduseris,</strong></span> 
     </span>
    </p>
   </div>
   <div class='ocr_carea' id='block_1_116' title="bbox 2021 5428 3593 5502">
    <p class='ocr_par' dir='ltr' id='par_1_116' title="bbox 2021 5428 3593 5502">
     <span class='ocr_line' id='line_1_117' title="bbox 2021 5428 3593 5502; baseline -0.002 -16"><span class='ocrx_word' id='word_1_890' title='bbox 2021 5428 2255 5502; x_wconf 81' lang='lat' dir='ltr'><strong>quorum</strong></span> <span class='ocrx_word' id='word_1_891' title='bbox 2287 5428 2424 5486; x_wconf 72' lang='lat' dir='ltr'><strong>alter</strong></span> <span class='ocrx_word' id='word_1_892' title='bbox 2457 5432 2636 5486; x_wconf 91' lang='lat' dir='ltr'><strong>adhuc</strong></span> <span class='ocrx_word' id='word_1_893' title='bbox 2678 5431 2979 5502; x_wconf 83' lang='lat' dir='ltr'><strong>insepultus</strong></span> <span class='ocrx_word' id='word_1_894' title='bbox 3032 5435 3208 5502; x_wconf 71' lang='lat' dir='ltr'><strong>esset,</strong></span> <span class='ocrx_word' id='word_1_895' title='bbox 3233 5428 3368 5481; x_wconf 86' lang='lat' dir='ltr'><strong>alter</strong></span> <span class='ocrx_word' id='word_1_896' title='bbox 3404 5428 3593 5502; x_wconf 80' lang='lat' dir='ltr'><strong>singu-</strong></span> 
     </span>
    </p>
   </div>
   <div class='ocr_carea' id='block_1_117' title="bbox 2021 5499 3594 5570">
    <p class='ocr_par' dir='ltr' id='par_1_117' title="bbox 2021 5499 3594 5570">
     <span class='ocr_line' id='line_1_118' title="bbox 2021 5499 3594 5570; baseline -0.001 -16"><span class='ocrx_word' id='word_1_897' title='bbox 2021 5499 2121 5555; x_wconf 70' lang='lat' dir='ltr'><strong>lari</strong></span> <span class='ocrx_word' id='word_1_898' title='bbox 2172 5502 2524 5570; x_wconf 71' lang='lat' dir='ltr'><strong>praerogativa</strong></span> <span class='ocrx_word' id='word_1_899' title='bbox 2573 5508 2843 5562; x_wconf 87' lang='lat' dir='ltr'><strong>uteretur;</strong></span> <span class='ocrx_word' id='word_1_900' title='bbox 2894 5499 3075 5568; x_wconf 84' lang='lat' dir='ltr'><strong>Ajacis</strong></span> <span class='ocrx_word' id='word_1_901' title='bbox 3123 5499 3363 5570; x_wconf 83' lang='lat' dir='ltr'><strong>animam</strong></span> <span class='ocrx_word' id='word_1_902' title='bbox 3403 5499 3594 5553; x_wconf 80' lang='lat' dir='ltr'><strong>ordine</strong></span> 
     </span>
    </p>
   </div>
   <div class='ocr_carea' id='block_1_118' title="bbox 2020 5568 3298 5640">
    <p class='ocr_par' dir='ltr' id='par_1_118' title="bbox 2020 5568 3298 5640">
     <span class='ocr_line' id='line_1_119' title="bbox 2020 5568 3298 5640; baseline -0.004 -14"><span class='ocrx_word' id='word_1_903' title='bbox 2020 5568 2333 5626; x_wconf 83' lang='lat' dir='ltr'><strong>vicesimam</strong></span> <span class='ocrx_word' id='word_1_904' title='bbox 2366 5569 2653 5640; x_wconf 59' lang='lat' dir='ltr'><strong>Ulyssisiti</strong></span> <span class='ocrx_word' id='word_1_905' title='bbox 2683 5578 3038 5640; x_wconf 77' lang='lat' dir='ltr'><strong>conspee_tn_m</strong></span> <span class='ocrx_word' id='word_1_906' title='bbox 3067 5568 3298 5640; x_wconf 84' lang='lat' dir='ltr'><strong>venisse.</strong></span> 
     </span>
    </p>
   </div>
   <div class='ocr_carea' id='block_1_119' title="bbox 2094 5635 3587 5711">
    <p class='ocr_par' dir='ltr' id='par_1_119' title="bbox 2094 5635 3587 5711">
     <span class='ocr_line' id='line_1_120' title="bbox 2094 5635 3587 5711; baseline 0.001 -18"><span class='ocrx_word' id='word_1_907' title='bbox 2094 5640 2208 5711; x_wconf 72' lang='grc'>(40)</span> <span class='ocrx_word' id='word_1_908' title='bbox 2248 5635 2506 5711; x_wconf 45' lang='lat' dir='ltr'><strong>pastas.</strong></span> <span class='ocrx_word' id='word_1_909' title='bbox 2554 5639 2694 5711; x_wconf 13' lang='lat' dir='ltr'><strong>[uiti</strong></span> <span class='ocrx_word' id='word_1_910' title='bbox 2724 5639 2770 5711; x_wconf 85' lang='lat' dir='ltr'><strong>is</strong></span> <span class='ocrx_word' id='word_1_911' title='bbox 2806 5635 2932 5706; x_wconf 81' lang='lat' dir='ltr'><strong>equi</strong></span> <span class='ocrx_word' id='word_1_912' title='bbox 2963 5636 3185 5708; x_wconf 86' lang='lat' dir='ltr'><strong>Trojani</strong></span> <span class='ocrx_word' id='word_1_913' title='bbox 3214 5635 3587 5707; x_wconf 83' lang='lat' dir='ltr'><strong>architectus;</strong></span> 
     </span>
    </p>
   </div>
   <div class='ocr_carea' id='block_1_120' title="bbox 1996 5707 2800 5781">
    <p class='ocr_par' dir='ltr' id='par_1_120' title="bbox 1996 5707 2800 5781">
     <span class='ocr_line' id='line_1_121' title="bbox 1996 5707 2800 5781; baseline -0.009 -15"><span class='ocrx_word' id='word_1_914' title='bbox 1996 5711 2087 5781; x_wconf 45' lang='lat' dir='ltr'><strong>.de</strong></span> <span class='ocrx_word' id='word_1_915' title='bbox 2104 5707 2223 5780; x_wconf 80' lang='lat' dir='ltr'><strong>quo</strong></span> <span class='ocrx_word' id='word_1_916' title='bbox 2248 5707 2437 5781; x_wconf 73' lang='lat' dir='ltr'><strong>Virgil.</strong></span> <span class='ocrx_word' id='word_1_917' title='bbox 2472 5724 2506 5762; x_wconf 94' lang='lat' dir='ltr'><strong>ll</strong></span> <span class='ocrx_word' id='word_1_918' title='bbox 2536 5708 2759 5781; x_wconf 63' lang='grc' dir='ltr'><strong>Αΰῃεὲᾴ,</strong></span> <span class='ocrx_word' id='word_1_919' title='bbox 2782 5723 2800 5759; x_wconf 93' lang='lat'><em>:</em></span> 
     </span>
    </p>
   </div>
   <div class='ocr_carea' id='block_1_121' title="bbox 2129 5773 3198 5848">
    <p class='ocr_par' dir='ltr' id='par_1_121' title="bbox 2129 5773 3198 5848">
     <span class='ocr_line' id='line_1_122' title="bbox 2129 5773 3198 5848; baseline -0.004 -14"><span class='ocrx_word' id='word_1_920' title='bbox 2129 5773 2147 5833; x_wconf 71' lang='grc' dir='ltr'>ξ</span> <span class='ocrx_word' id='word_1_921' title='bbox 2189 5818 2203 5834; x_wconf 92' lang='grc'><strong>.</strong></span> <span class='ocrx_word' id='word_1_922' title='bbox 2247 5817 2261 5832; x_wconf 90' lang='grc'><strong>.</strong></span> <span class='ocrx_word' id='word_1_923' title='bbox 2306 5773 2375 5832; x_wconf 70' lang='grc' dir='ltr'><strong>Εἰ</strong></span> <span class='ocrx_word' id='word_1_924' title='bbox 2402 5780 2510 5836; x_wconf 72' lang='lat' dir='ltr'><strong>ipse</strong></span> <span class='ocrx_word' id='word_1_925' title='bbox 2542 5778 2653 5831; x_wconf 80' lang='lat' dir='ltr'><strong>doli</strong></span> <span class='ocrx_word' id='word_1_926' title='bbox 2682 5777 2975 5844; x_wconf 78' lang='lat' dir='ltr'><strong>fabricator</strong></span> <span class='ocrx_word' id='word_1_927' title='bbox 3007 5773 3198 5848; x_wconf 76' lang='lat' dir='ltr'><strong>Epeus.</strong></span> 
     </span>
    </p>
   </div>
  </div>
