4122 6466
539 408 673 465 1151

1171 405 1443 463 EUSEBH
1484 406 1962 464 CAESARIENSIS
1999 410 2144 465 OPP.
2191 411 2369 468 PARS
2410 411 2474 468 II.
2505 445 2574 455 —
2610 413 3109 472 APOLOGETICA.

3656 420 3795 474 “52

538 532 714 597 iiium,
746 531 838 600 qui
864 526 1062 598 Orphei
1120 529 1394 597 quondam
1425 528 1621 595 fuerat,
1657 530 1858 585 vidisse
1882 547 1941 586 se
1963 532 2103 595 refe,-

2233 534 2396 589 οὖσαν
2442 534 2623 604 φύσιν.
2683 537 2879 608 Πόρρω
2922 537 2980 591 δὲ
3026 539 3083 590 ὲν
3116 537 3388 600 ὑστάτοις,
3421 537 3550 591 ἰδεῖν
3572 536 3671 608 τὴν
3699 535 3797 590 τοῦ

538 627 860 689 rebat,cum
885 621 1053 675 oloris
1109 620 1275 673 vitam
1320 620 1564 691 eligeret,
1606 623 1753 691 quod
1812 624 2106 678 mulierum

552 720 701 776 odio,
723 729 952 784 quarum
986 714 1101 782 ipse
1128 713 1379 767 manibus
1410 713 1730 769 interfectus
1750 725 1886 777 erat,
1916 717 2112 771 mulie-

537 809 614 863 ris
652 817 771 861 satu
806 806 1053 875 generari
1097 806 1282 859 nollet.
1314 804 1572 876 Thamyri
1601 821 1820 876 quoque
1862 808 2108 862 animum

537 899 767 962 vidisse,
803 898 895 968 qui
928 897 1242 951 Philomelae
1267 898 1435 951 vitam
1486 907 1720 966 optaret,
1750 898 1864 950 imo
1888 906 1945 952 et
1995 898 2112 953 olo-

538 1006 655 1045 rem
687 992 999 1059 quemdam,
1032 990 1123 1059 qui
1149 975 1314 1043 homo
1349 1005 1543 1044 rursus
1591 990 1702 1043 fieri
1741 990 1944 1052 mallet,
1985 1006 2110 1045 cum

542 1084 666 1137 aliis
695 1082 915 1136 canoris
940 1082 1329 1148 animantibus,
1360 1097 1479 1152 qua:
1505 1084 1628 1136 vita:
1653 1081 1870 1144 similis,
1905 1090 1964 1134 ut
2019 1098 2113 1151 par

542 1182 681 1239 erat,
722 1173 992 1227 desiderio
1043 1172 1383 1227 tenebantur.
1416 1172 1599 1239 Ajacis
1642 1172 1941 1227 Telamonii
1997 1173 2115 1226 ani-

543 1277 637 1316 mo
666 1262 841 1316 leonis
870 1261 1035 1314 vitam
1068 1261 1360 1330 placuisse,
1407 1264 1551 1330 quod
1586 1262 1733 1318 illius
1783 1264 1850 1318 de
1883 1264 2113 1319 Achillis

546 1352 925 1423 armisjudicii
954 1368 1185 1415 memor,
1238 1353 1402 1409 homo
1444 1368 1565 1408 esse
1609 1355 1795 1409 nollet.
1851 1354 2109 1409 Secutum

545 1444 673 1500 inde
698 1444 1121 1514 Agamemnonis
1154 1445 1419 1508 animum,
1460 1445 1551 1514 qui
1579 1457 1798 1516 propter
1818 1445 2115 1514 superioris

545 1536 671 1590 vitae
698 1536 993 1600 molestias,
1025 1536 1246 1591 humani
1308 1539 1521 1607 generis
1535 1548 1796 1608 pertaesus
1832 1538 1948 1607 ipse
1980 1554 2116 1607 quo—

546 1643 656 1699 que
674 1628 840 1682 vitam
874 1629 1071 1698 aquilae
1115 1638 1447 1698 capesseret.
1478 1629 1747 1685 Atalantae
1778 1631 2021 1685 animum
2057 1631 2113 1685 in

548 1722 725 1777 media
755 1721 1097 1776 sortientium
1136 1722 1320 1786 turba,
1352 1738 1596 1777 summos
1629 1722 1849 1778 athletae
1883 1724 2115 1779 honores

544 1830 672 1871 cum
707 1814 968 1881 vidisset,
1002 1824 1182 1869 tenere
1207 1830 1265 1868 se
1288 1831 1394 1868 non
1419 1815 1681 1883 potuisse,
1706 1817 1837 1886 quin
1863 1817 1965 1871 hoc
1996 1817 2117 1871 vitae

2217 626 2576 693 γελωτοποιοῦ
2625 627 2903 699 Θερσίτου,
2967 627 3197 699 πίθηκον
3247 627 3597 698 ἐνδυομένην.
3636 627 3799 681 Κατά

2217 716 2384 787 τύχην
2426 718 2502 782 δὲ,
2524 718 2621 789 τὴν
2664 718 2959 782 Ὀδυσσέως
2991 718 3261 789 λαχοῦσαν
3308 718 3494 772 πασῶν
3534 719 3796 788 ὑστάτην,

2218 808 2583 878 αἱρησομένην
2622 808 2787 861 ἰέναι·
2825 811 3014 882 μνήμῃ
3051 810 3107 863 δὲ
3135 809 3242 866 τῶν
3277 810 3557 881 προτέρων
3593 810 3794 876 πόνων,

2219 899 2528 969 φιλοτιμίας
2569 900 2961 969 λελωφηκυῖαν,
2998 900 3198 971 ζητεῖν,
3243 901 3563 973 περιιοῦσαν
3604 901 3796 971 χρόνον

2218 991 2405 1054 πολὺν,
2443 990 2554 1061 βίον
2569 992 2760 1062 ἀνδρὸς
2790 991 2994 1044 ἰδιώτου
3015 992 3106 1045 καὶ
3124 992 3497 1064 ἀπράγμονος,
3515 994 3610 1045 καὶ
3639 993 3798 1063 μόγις

2219 1086 2398 1155 εὑρεῖν
2455 1085 2704 1155 κείμενόν
2741 1101 2865 1146 που,
2924 1085 3019 1139 καὶ
3053 1084 3510 1156 παρημελημένον
3551 1085 3657 1138 ὑπὸ
3687 1085 3798 1138 τῶν

2219 1176 2412 1241 ἄλλων,
2457 1177 2551 1230 καὶ
2598 1179 2772 1229 εἰπεῖν
2810 1176 3044 1240 ἰδοῦσαν,
3075 1177 3156 1229 ὅτι
3186 1176 3340 1231 ταῦτ’
3367 1175 3434 1231 ἂν
3464 1177 3670 1249 ἔπραξε
3701 1177 3799 1232 καὶ

2221 1267 2409 1338 πρώτη
2460 1266 2698 1337 λαχοῦσα
2717 1285 2730 1298 ·
2779 1266 2875 1320 καὶ
2907 1268 3150 1338 ἁσμένην
3180 1267 3414 1322 ἑλέσθαι.
3462 1269 3574 1322 Καὶ
3600 1271 3666 1322 ὲκ
3688 1270 3799 1323 τῶν

2220 1356 2393 1410 ἄλλων
2416 1356 2470 1408 δὲ
2504 1355 2706 1427 Θηρίων
2755 1354 3018 1420 ὡσαύτως
3060 1358 3141 1421 εἰς
3165 1356 3485 1428 ἀνθρώπους
3515 1359 3672 1423 ἰέναι,
3705 1360 3801 1413 καὶ

2221 1449 2301 1511 εἰς
2328 1447 2529 1518 ἄλληλα
2552 1464 2566 1476 ·
2596 1447 2666 1500 τά
2709 1448 2807 1518 μὲν
2833 1448 2991 1503 ἄδικα
3019 1449 3100 1511 εἰς
3123 1447 3192 1501 τά
3219 1449 3406 1520 ἄγρια,
3432 1449 3502 1503 τά
3533 1448 3591 1501 δὲ
3614 1449 3801 1504 δίκαια

2221 1541 2300 1602 είς
2319 1540 2387 1593 τά
2413 1539 2600 1610 ἥμερα
2639 1538 3027 1610 μεταϐαλόντα,
3061 1540 3155 1593 καί¹
3186 1539 3366 1603 πάσας
3413 1539 3589 1610 μίξεις
3617 1541 3803 1611 μίγνυ-

2223 1630 2366 1684 σθαι.
2402 1650 2419 1683 ι
2456 1630 2705 1685 Τοσαῦτα
2747 1633 2875 1703 περὶ
2902 1631 3079 1701 ψυχῆς
3106 1633 3135 1683 ό
3162 1631 3386 1685 Πλάτων
3410 1631 3601 1696 εἰπὼν,
3640 1630 3803 1701 δῆλός

2222 1721 2370 1773 ἐστιν
2404 1717 2779 1787 αἰγυπτιάζων
2822 1720 2900 1790 τῷ
2930 1720 3181 1791 δόγματι.
3210 1722 3285 1773 Οὐ
3323 1720 3433 1792 γάρ
3472 1720 3740 1792 Ἐϐραίων
3771 1723 3802 1775 ὁ

2222 1810 2398 1879 λόγος,
2448 1812 2529 1864 ὅτι
2582 1811 2714 1882 μηδὲ
2773 1811 2997 1882 ἀληθείᾳ
3027 1811 3199 1879 φίλος.
3239 1811 3408 1865 Τοῦτο
3444 1812 3489 1865 δ’
3518 1813 3579 1865 οὐ
3609 1814 3803 1885 καιρὸς

547 1922 721 1977 genus
748 1906 1032 1975 arriperet.
1056 1904 1194 1960 Tum
1212 1904 1343 1975 Epei
1365 1904 1735 1975 Panopeensis
1766 1907 2033 1972 animum,
2062 1908 2117 1961 in

2233 1903 2565 1973 ἀπελέγχειν,
2599 1904 2681 1955 ὅτι
2709 1902 2829 1973 μηδ’
2858 1903 3021 1965 αὐτὸς
3050 1902 3116 1954 δι’
3140 1903 3462 1969 ἀποδείξεων
3489 1905 3805 1975 ἐνεχείρησε

548 1996 769 2052 feminae
805 2012 1065 2052 manuum
1097 1995 1325 2052 artiﬁcio
1378 1999 1685 2066 praestantis
1726 2007 1978 2054 naturam
2024 1999 2125 2052 im-

549 2088 838 2157 migrasse.
876 2086 948 2141 At
978 2088 1167 2156 procul
1200 2098 1472 2142 extremos
1521 2088 1664 2142 inter
1708 2089 1923 2143 ridiculi
1956 2088 2127 2143 Ther-

550 2180 671 2235 sitae
693 2180 935 2233 animum
976 2180 1205 2245 vidisse,
1241 2181 1332 2248 qui
1367 2180 1541 2235 simiae
1573 2178 1805 2237 formam
1848 2181 2121 2235 indueret:

551 2269 763 2343 Ulyssis
777 2287 923 2336 vero,
937 2287 1060 2326 cum
1077 2272 1125 2326 ei
1142 2272 1305 2327 sortis
1319 2270 1537 2327 fortuna
1560 2280 1869 2342 postremus
1882 2273 2125 2327 omnium

550 2366 707 2420 locus
724 2365 1108 2435 obtigisset,ad
1141 2365 1445 2434 eligendum
1476 2365 1814 2420 accessisse:
1840 2365 1985 2420 hunc
2004 2366 2128 2418 vitae

551 2455 753 2526 prioris
791 2469 1065 2510 aerumnas
1116 2455 1383 2523 memoria
1431 2464 1785 2524 repetentem,
1827 2454 1977 2508 omni
2014 2452 2126 2523 jam

550 2544 850 2599 ambitione
874 2544 1138 2614 deposita,
1171 2545 1360 2614 privati
1397 2560 1463 2600 ac
1503 2544 1665 2599 soluti
1697 2543 1940 2597 hominis
1962 2545 2125 2596 vitam

552 2642 760 2709 passim
781 2639 1089 2694 oberrando
1108 2638 1297 2709 perdiu
1338 2638 1644 2707 quaesiisse,
1678 2638 2001 2707 tandemque
2040 2637 2128 2707 ia:-

554 2738 765 2785 centem
793 2730 1015 2794 alicubi,
1052 2739 1223 2799 atque
1252 2745 1282 2784 a
1307 2731 1521 2784 caeteris
1545 2730 1846 2799 neglectam
1877 2743 2016 2797 aegre
2037 2727 2124 2781 ad-

553 2821 776 2876 modum
806 2820 1094 2889 reperisse,
1140 2835 1305 2890 quam
1360 2819 1451 2874 ubi
1522 2820 1768 2881 vidisset,
1827 2818 2130 2872 affirmasse

553 2912 837 2977 continuo,
866 2912 911 2967 si
937 2912 1021 2967 vel
1039 2918 1165 2966 ante
1181 2926 1371 2966 omnes
1387 2910 1490 2966 sibi
1509 2927 1631 2966 sors
1646 2909 1962 2971 addixisset,
1990 2911 2127 2963 idem

554 3020 617 3061 se
643 3004 868 3059 omnino
898 3002 1194 3067 facturum,
1246 3018 1311 3056 ac
1342 3003 1422 3057 sic
1453 3018 1572 3057 eam
1605 3003 1837 3056 libenter
1872 3002 2124 3069 elegisse.

556 3095 635 3150 Ex
668 3096 789 3151 aliis
816 3095 945 3151 item
984 3095 1195 3158 bestiis,
1243 3095 1327 3149 vel
1371 3095 1424 3148 in
1482 3095 1754 3157 homines,
1802 3095 1884 3147 vel
1922 3095 1975 3147 in
2012 3109 2130 3149 sese

557 3198 751 3243 mutuo
782 3187 1146 3257 commigrare
1163 3187 1357 3242 solitos
1390 3186 1509 3241 :sic
1565 3188 1809 3255 quidem,
1834 3196 1897 3241 ut
1942 3186 2125 3256 injusti

561 3274 618 3327 in
644 3283 910 3344 agrestes,
937 3273 991 3327 in
1016 3273 1229 3330 cicures
1242 3274 1380 3342 justi
1404 3274 1703 3330 transirent
1723 3283 1885 3344 atque
1905 3275 1977 3329 ita
2014 3289 2130 3329 om-

558 3366 617 3421 ni
644 3380 837 3421 omnes
869 3362 1141 3419 mistionis
1160 3381 1359 3433 genere
1382 3365 1720 3434 permisceri.
1782 3385 1802 3417 ι
1830 3367 1952 3421 Haec
1984 3366 2130 3420 Plato

559 3472 689 3512 cum
713 3456 780 3512 de
806 3456 992 3515 animo
1015 3457 1279 3525 disputat,
1306 3457 1442 3511 satis
1472 3457 1713 3512 ostendit
1739 3458 1806 3511 ad
1848 3457 2130 3528 Aﬂgyptio—

561 3562 685 3603 rum
715 3562 775 3601 se
798 3547 1105 3602 doctrinam
1156 3547 1545 3603 adhaerescere.
1606 3545 1791 3616 Neque
1832 3548 1979 3602 enim
2025 3546 2131 3601 He-

561 3636 833 3691 braeorum
863 3636 953 3690 illa
984 3635 1111 3700 fuit,
1141 3650 1314 3705 neque
1365 3644 1449 3691 est
1480 3636 1777 3705 conjuncta
1802 3652 1927 3691 cum
1984 3653 2129 3692 vero.

563 3726 738 3792 Quam
765 3735 946 3780 tamen
977 3741 1165 3781 causae:
1196 3725 1334 3780 nihil
1381 3735 1485 3790 est,
1523 3726 1880 3795 quamobrem
1924 3727 2031 3781 hoc
2062 3728 2135 3781 lo-

563 3833 631 3873 co
672 3816 1009 3882 refellamus,
1062 3832 1188 3871 cum
1232 3816 1397 3871 nullis
1422 3817 1488 3871 ad
1532 3832 1652 3871 eam
1706 3819 2133 3872 confirmandam

563 3905 902 3976 argumentis
936 3906 1269 3961 incubuerit.
1326 3904 1506 3961 Unum
1554 3906 1659 3960 hoc
1701 3906 2137 3961 animadvertere

559 3999 782 4070 juverit,
811 4014 1052 4070 pugnare
1077 4014 1265 4053 secum
1296 3999 1447 4053 illum
1492 4008 1653 4069 atque
1699 3998 2010 4070 conﬂigere,
2045 3999 2137 4069 qui

566 4109 691 4150 cum
734 4095 1024 4163 impiorum
1041 4095 1257 4149 animos
1282 4104 1409 4150 ante
1443 4096 1728 4161 docuerit,
1789 4096 2140 4165 simulatque

566 4184 924 4254 ntigraverint
951 4200 981 4239 e
1005 4199 1255 4254 corpore,
1293 4195 1456 4253 atque
1490 4186 1587 4240 has
1641 4195 1910 4240 terrarum
1955 4186 2140 4255 plagas

567 4278 929 4343 deseruerint,
972 4292 1160 4347 plenas
1189 4276 1332 4346 apud
1354 4276 1558 4332 inferos
1592 4277 1883 4331 criminum
1912 4292 2141 4332 suorum

568 4372 700 4427 dare
730 4370 1129 4439 sempiternas;
1165 4367 1383 4423 eosdem
1433 4380 1617 4423 contra
1654 4368 1849 4423 deinde
1899 4368 2138 4433 scribat,

570 4478 772 4518 novum
803 4463 893 4518 hic
942 4462 1066 4517 vitae
1091 4477 1262 4532 genus
1303 4477 1406 4517 suo
1437 4476 1709 4531 quemque
1755 4460 1981 4515 arbitrio
2017 4459 2141 4515 dili-

2225 1993 2303 2065 τῷ
2355 1993 2721 2064 προϐλήματι.
2769 1991 3033 2045 Τοσοῦτον
3056 1993 3101 2044 δ’
3132 1992 3366 2061 εὐλόγως
3388 2010 3473 2057 τις
3508 1993 3575 2046 ἂν
3604 1997 3805 2066 ἐπιση-

2229 2088 2476 2157 μήναιτο,
2506 2085 2582 2149 ὡς
2605 2086 2705 2138 οὐκ
2724 2082 2791 2156 ἦν
2820 2084 3105 2155 σύμφωνα,
3139 2085 3228 2138 τὸν
3265 2086 3427 2139 αὐτὸν
3459 2086 3659 2153 λέγειν,
3689 2085 3810 2156 ἅμα

2224 2180 2291 2248 τῇ
2342 2177 2566 2248 τελευτῇ
2632 2176 2731 2240 τάς
2780 2175 2959 2245 ψυχὰς
2985 2175 3093 2228 τῶν
3131 2175 3363 2242 ἀσεϐῶν,
3397 2177 3608 2230 ἐνθένδε
3631 2176 3810 2229 ἀπαλ-

2226 2270 2580 2341 λαττομένας,
2608 2268 2762 2333 δίκας
2794 2272 2871 2333 εἰς
2905 2269 3030 2340 ᾇδου
3069 2262 3144 2322 ὧν
3174 2268 3407 2340 ἔδρασαν
3444 2269 3663 2332 διδόναι,
3699 2270 3811 2322 κά-

2227 2364 2377 2415 κεῖσε
2406 2363 2763 2433 τιμωρεῖσθαι
2808 2363 2888 2425 εἰς
2933 2361 3158 2432 ἄπειρον
3178 2377 3192 2391 ·
3235 2361 3331 2415 καὶ
3363 2360 3525 2414 πάλιν
3553 2362 3810 2429 φάσκειν,

2228 2454 2398 2517 αὐτάς
2420 2456 2543 2517 τοὺς
2571 2453 2802 2508 ἐνταῦθα
2830 2453 2977 2524 βίους
3000 2454 3141 2507 κατὰ
3160 2451 3383 2523 γνώμην
3406 2452 3613 2505 οἰκείαν
3638 2455 3812 2523 αἱρεῖ-

2230 2543 2370 2598 σθαι.
2417 2543 2725 2598 Ἐνδύεσθαι
2757 2544 2865 2616 γὰρ
2910 2543 3081 2606 αὐτὰς
3112 2544 3191 2606 εἰς
3235 2541 3396 2613 σῶμά
3424 2558 3589 2612 φησιν
3619 2541 3812 2594 ἐπιθυ-

2231 2634 2331 2705 μίᾳ
2354 2634 2448 2687 τοῦ
2483 2634 2904 2705 σωματοειδοῦς·
2934 2633 3029 2688 καὶ
3057 2632 3156 2696 τὰς
3179 2633 3278 2703 μὲν
3295 2632 3450 2704 ὕϐρει
3473 2633 3567 2686 καὶ
3591 2649 3813 2704 γαστρι-

2233 2726 2441 2799 μαργίᾳ
2468 2726 2825 2798 ὲντραφείσας
2846 2726 3002 2789 ὅνους
3020 2724 3287 2795 γίνεσθαι,
3310 2724 3515 2795 θηρίων
3546 2740 3607 2777 τε
3633 2724 3816 2778 ἄλλων

2230 2819 2509 2872 ὑποδύνειν
2545 2817 2793 2887 σώματα,
2837 2817 2980 2871 κατά
3007 2817 3251 2886 γνώμην,
3273 2815 3387 2869 ἀλλ’
3411 2817 3472 2868 οὐ
3497 2816 3637 2868 κατά
3655 2815 3817 2886 δίκην

2229 2911 2402 2965 ταῦτα
2450 2910 2817 2982 αἰρουμέναςο
2868 2910 2997 2972 τοὺς
3055 2908 3113 2960 δὲ
3148 2907 3366 2970 ἀδίκους
3398 2907 3491 2960 καὶ
3530 2906 3813 2978 ἅρπαγας,

2230 3003 2425 3063 λύκους
2460 3003 2555 3056 καὶ
2610 3002 2813 3064 ίκτῖνας
2861 2998 3164 3069 γίγνεσθαι,
3210 2998 3494 3061 ἐθέλοντας
3536 2998 3630 3050 ἐπὶ
3665 2997 3816 3050 τοῦτ’

2229 3094 2504 3156 ἐλθόντας.
2562 3089 2696 3146 Εἶτα
2760 3090 3001 3162 Ὀρφέως
3057 3090 3155 3161 μὲν
3209 3089 3388 3160 ψυχὴν
3421 3088 3620 3142 κύκνον
3675 3084 3818 3141 εἶναι

2234 3186 2484 3258 θελήσαι·
2520 3182 2776 3255 Θαμύρου
2804 3183 2881 3245 δὲ,
2909 3182 3130 3253 ἀηδόνος
3150 3199 3163 3212 ·
3197 3179 3463 3252 Θερσίτην
3490 3179 3547 3232 δὲ
3576 3177 3818 3249 πιθήκου

2234 3279 2345 3350 βίον
2395 3276 2630 3332 ἑλέσθαι.
2676 3275 2787 3329 Ποῦ
2832 3275 2877 3328 δ’
2913 3275 2978 3328 ἂν
3023 3270 3116 3328 οὖν
3161 3272 3247 3344 εἴη
3289 3271 3360 3324 τὰ
3404 3273 3502 3342 τῆς
3552 3270 3691 3341 μετά
3717 3270 3820 3341 τὴν

2236 3371 2446 3427 ἐνθένδε
2471 3369 2790 3441 ἀπαλλαγὴν
2814 3368 3067 3440 κρίσεως,
3103 3365 3169 3437 ἥν
3193 3368 3251 3418 ὲν
3275 3366 3372 3435 μὲν
3406 3362 3485 3434 τῷ
3531 3362 3671 3430 Περί
3692 3365 3819 3430 ψυ-

2232 3464 2349 3535 χῆς
2389 3463 2721 3534 ὑπογράφων
2763 3461 2947 3530 φησὶν,
2978 3477 2997 3509 ι
3045 3458 3132 3521 Ὠς
3165 3455 3382 3509 ἐπειδὰν
3425 3454 3732 3523 ἀφίκωνται
3766 3453 3823 3506 οἱ

2231 3554 2678 3630 τετελευτηκότες
2731 3555 2812 3615 εἰς
2854 3551 2944 3604 τὸν
2982 3549 3169 3613 τόπον,
3207 3543 3263 3601 οἴ
3295 3548 3325 3600 ό
3348 3546 3556 3616 δαίμων
3586 3544 3823 3597 ἕκαστον

2234 3646 2534 3721 κομίζει,ο’ί
2572 3645 2670 3717 μὲν
2693 3643 2758 3697 ἂν
2789 3642 2981 3708 δόξωσι
3015 3641 3195 3712 μέσως
3236 3637 3577 3709 βεϐιωκέναι,
3611 3652 3823 3703 πορευ-

2233 3739 2416 3801 θέντες
2468 3738 2561 3791 ἐπὶ
2612 3737 2701 3788 τὸν
2737 3735 3051 3805 Ἀχέροντα,
3092 3731 3391 3795 ἀναϐάντες
3433 3730 3470 3783 ἀ
3510 3730 3575 3801 δὴ
3629 3731 3824 3792 αὐτοῖς

2235 3834 2332 3904 όχή
2343 3831 2487 3903 ματά
2514 3834 2681 3894 ἐστιν,
2717 3828 2809 3880 ἐπὶ
2836 3825 3039 3879 τούτων
3081 3822 3432 3892 ἀφικνοῦνται
3460 3825 3543 3886 εἰς
3570 3822 3671 3892 τὴν
3697 3820 3825 3891 λίμ-

2237 3942 2355 3996 νην,
2396 3925 2491 3976 καὶ
2520 3924 2638 3975 ὲκεῖ
2669 3919 2877 3973 οἰκοῦσί
2921 3935 3001 3983 τε,
3039 3919 3133 3971 καὶ
3178 3916 3586 3987 καθαιρόμενοι,
3618 3913 3730 3968 τῶν
3760 3930 3825 3966 τε

2238 4014 2590 4086 ἀδικημάτων
2616 4011 2847 4074 διδόντες
2868 4009 3042 4072 δίκας,
3064 4007 3409 4070 ἀπολύονται,
3440 4006 3492 4058 εἰ
3520 4004 3608 4067 τίς
3640 4021 3694 4055 τι
3716 4002 3825 4071 ἠδί-

2239 4124 2395 4179 κησε,
2429 4105 2535 4159 τῶν
2581 4122 2639 4158 τε
2672 4100 3000 4174 εὐεργεσιῶν
3051 4100 3217 4171 τιμάς
3263 4098 3516 4169 φέρονται
3549 4094 3692 4149 κατά
3725 4094 3829 4165 τήν

2243 4200 2400 4267 ἀξίαν
2440 4199 2697 4259 ἕκαστος·
2739 4195 2789 4248 οἳ
2844 4194 2888 4246 δ’
2921 4191 2986 4246 ἂν
3012 4192 3236 4258 δόξωσιν
3271 4191 3506 4251 ἀνιάτως
3536 4188 3680 4258 ἔχειν
3735 4185 3829 4240 διά

2241 4291 2310 4345 τά
2343 4291 2547 4362 μεγέθη
2591 4289 2699 4342 τῶν
2749 4285 3184 4357 ἁμαρτημάτων,
3223 4282 3256 4353 ἢ
3295 4281 3599 4353 ἱεροσυλίας
3623 4278 3829 4342 πολλάς

2244 4384 2337 4437 καὶ
2373 4382 2631 4453 μεγάλας,
2657 4379 2689 4449 ἢ
2719 4378 2911 4447 φόνους
2938 4376 3153 4438 ἀδίκους
3183 4374 3279 4427 καὶ
3312 4372 3661 4444 παρανόμους
3697 4370 3831 4423 πολ-

2242 4476 2368 4538 λοὺς
2425 4463 2860 4544 ἐξειργασμένοι,
2891 4469 2925 4539 ἢ
2975 4467 3109 4520 ἄλλα
3145 4468 3244 4519 ὅσα
3298 4465 3523 4518 τοιαῦτα
3566 4463 3831 4532 τυγχάνει

570 4575 719 4631 gere.
748 4558 856 4615 Eos
900 4559 1046 4614 enim
1099 4571 1486 4626 corporearum
1512 4597 1529 4622 ,
1578 4571 1742 4626 quam
1788 4555 1967 4609 adhuc
2005 4554 2129 4608 reti-

2242 4568 2404 4622 ὄντα·
2440 4565 2660 4627 τούτους
2688 4563 2743 4616 δὲ
2783 4561 3188 4632 ἡπροσήκουσα
3224 4560 3387 4630 μοῖρα
3425 4557 3600 4628 ῥίπτει
3631 4557 3713 4618 εἰς
3734 4554 3833 4608 τὸν

572 4660 758 4715 neant,
793 4649 1097 4704 formarum
1127 4648 1459 4717 cupiditate,
1493 4661 1695 4716 corpus
1732 4646 1957 4700 induere
1992 4658 2143 4699 asse-

572 4741 668 4805 rit,
726 4742 799 4795 ita
842 4739 1083 4806 quidem,
1107 4746 1169 4792 ut
1205 4738 1300 4807 qui
1338 4737 1577 4792 lascivia:
1616 4736 1900 4804 ventrique
1938 4733 2134 4789 servie-

573 4833 705 4898 rint,
732 4842 829 4887 aut
870 4831 1175 4896 asinorum,
1222 4839 1316 4884 aut
1347 4831 1635 4884 brutarum
1671 4827 1901 4880 aliarum
1923 4867 1938 4892 ,
1973 4824 2144 4896 699

573 4923 669 4980 sed
690 4934 873 4979 tamen
900 4938 1041 4995 quas
1067 4922 1286 4993 ipsimet
1307 4920 1633 4991 optaverint,
1668 4933 1775 4972 non
1801 4933 1940 4987 quas
1968 4931 2145 4988 preme

573 5015 697 5072 loco
735 5014 905 5084 judex
942 5013 1242 5084 imperarit,
1297 5010 1506 5068 formas
1558 5010 1903 5079 suscipiant:
1955 5007 2147 5077 iniusti

575 5106 826 5163 similiter
847 5114 1012 5177 atque
1042 5120 1286 5176 rapaces,
1315 5103 1430 5173 lupi
1463 5102 1657 5157 deinde
1707 5100 1969 5169 milvique
1994 5100 2148 5165 fiant,

576 5200 671 5258 sed
698 5199 755 5255 in
799 5214 864 5255 ea
901 5214 1133 5267 corpora
1182 5206 1374 5268 sponte
1416 5193 1865 5264 commigrando:
1898 5200 2013 5246 tum
2044 5189 2150 5245 Or-

574 5290 701 5360 phei
728 5289 933 5357 animo,
966 5290 1164 5361 cygni;
1198 5286 1480 5359 Thamyri,
1528 5283 1888 5350 Philomelae;
1928 5280 2151 5337 Thersi-

2243 4661 2548 4731 Τάρταρον,
2606 4655 2729 4708 ὅθεν
2772 4651 2832 4706 οὐ
2876 4652 2992 4704 ποτ’
3036 4648 3363 4702 ἐκϐαίνουσι.
3399 4666 3418 4698 ι
3452 4646 3564 4700 Καὶ
3620 4644 3688 4697 τά
3730 4644 3832 4713 μὲν

2245 4753 2374 4823 περὶ
2393 4751 2501 4803 τῶν
2523 4747 2736 4801 ἀσεϐῶν
2759 4739 2863 4799 ὧδέ
2897 4761 2973 4813 πη
3001 4741 3180 4813 διῆλθε
3207 4758 3220 4770 ·
3254 4741 3381 4812 περὶ
3425 4739 3485 4793 δὲ
3524 4737 3635 4791 τῶν
3669 4738 3832 4789 εὐσε-

2247 4845 2377 4908 ϐῶν,
2406 4843 2707 4897 ἐπάκουσον
2757 4839 2832 4902 ὣς
2858 4852 3009 4909 φησι·
3046 4855 3065 4887 ‹
3107 4833 3323 4888 Τούτων
3351 4832 3408 4886 δὲ
3440 4830 3621 4884 αὐτῶν
3658 4832 3710 4882 οἰ
3740 4846 3834 4896 φι-

2246 4935 2473 5006 λοσοφία
2499 4931 2699 4994 ἱκανῶς
2737 4928 3124 5000 καθηράμενοι,
3150 4924 3280 4979 ἀνευ
3305 4938 3367 4976 τε
3398 4921 3665 4992 καμάτων
3694 4918 3835 4984 ζῶσι

2250 5028 2312 5082 τὸ
2350 5025 2609 5094 παράπαν
2644 5024 2725 5086 είς
2750 5022 2842 5074 τὸν
2888 5018 3081 5072 ἔπειτα
3115 5015 3327 5087 χρόνον,
3356 5013 3452 5067 καὶ
3473 5013 3554 5073 εἰς
3586 5014 3838 5080 οἰκήσεις

2247 5118 2329 5172 ἔτι
2380 5114 2583 5170 τούτων
2633 5110 2883 5174 καλλίους
2931 5105 3305 5178 ἀφικνοῦνται,
3351 5102 3419 5165 ἀς
3471 5098 3599 5153 οὔτε
3649 5097 3837 5170 ῥᾴδιον

2248 5206 2508 5280 δηλῶσαι,
2539 5203 2666 5258 οὐτε
2703 5204 2732 5256 ό
2769 5201 2958 5273 χρόνος
2992 5197 3177 5260 ἱκανὸς
3195 5197 3253 5248 ὲν
3276 5192 3356 5264 τῷ
3380 5191 3632 5261 παρόντι.
3668 5209 3686 5241 ι
3720 5188 3838 5242 Κάὶ

2250 5303 2309 5353 ὲν
2347 5296 2424 5369 τῷ
2455 5296 2680 5365 Γοργίᾳ
2729 5293 2785 5346 δὲ
2841 5290 3076 5363 πρόσχες
3106 5286 3162 5341 τί
3194 5285 3288 5338 καί
3326 5300 3482 5354 φησι,
3522 5300 3539 5333 ι
3580 5281 3686 5334 Τὸν
3735 5280 3837 5350 μὲν

578 5393 647 5440 tae
705 5384 850 5440 simii
904 5386 1069 5438 vitam
1115 5382 1407 5453 placuisse.
1441 5379 1692 5445 Quonam
1730 5378 1894 5448 igitur
1920 5391 2004 5441 ea,
2033 5390 2129 5444 qua

2253 5391 2473 5453 δικαίως
2505 5388 2616 5457 (41)
2668 5386 2769 5438 τὸν.
2807 5382 2920 5453 βίον
2961 5378 3237 5432 διελθόντα
3270 5377 3364 5430 καὶ
3384 5374 3570 5437 ὁσίως,
3609 5371 3838 5424 ἐπειδάν

578 5479 647 5533 de
682 5478 988 5532 animorum
1018 5475 1135 5531 suis
1162 5490 1192 5528 e
1220 5473 1543 5543 corporibus
1588 5470 1967 5540 migrationem
2004 5467 2152 5520 exci-

581 5564 759 5631 piente
784 5563 1014 5633 judicio,
1051 5565 1105 5618 in
1139 5563 1355 5632 dialogo
1394 5561 1470 5615 De
1495 5561 1671 5615 animo
1714 5559 1879 5613 tradit
1916 5556 2003 5612 bis
2033 5571 2154 5609 ver-

580 5653 705 5708 bis?
735 5671 755 5704 ι
794 5651 863 5708 Ut
892 5656 1152 5723 primum,
1179 5653 1374 5724 inquit,
1404 5669 1470 5708 eo
1510 5668 1617 5707 mou
1631 5650 1712 5707 tui
1733 5651 2019 5714 devenere,
2043 5662 2152 5716 quo

2256 5483 2575 5553 τελευτήσῃ,
2608 5482 2687 5542 είς
2742 5477 3001 5549 μακάρων
3025 5475 3222 5545 νήσους
3259 5468 3508 5529 ἀπιόντα,
3563 5467 3736 5519 οἰκεῖν
3777 5465 3839 5517 ὲν

2257 5576 2406 5646 πάσῃ
2458 5570 2788 5642 εὐδαιμονίᾳ,
2834 5567 2989 5630 ἐκτὸς
3022 5563 3241 5617 κακῶν·
3274 5560 3364 5613 τὸν
3397 5558 3455 5611 δὲ
3503 5556 3707 5617 ἀδίκως
3742 5555 3841 5609 καὶ

2259 5665 2454 5729 ἀθέως,
2514 5663 2593 5725 εἰς
2645 5660 2702 5713 τὸ
2756 5659 2850 5730 τῆς
2887 5655 3080 5719 τίσεώς
3117 5671 3176 5708 τε
3220 5651 3313 5707 καὶ
3354 5649 3509 5720 δίκης
3548 5647 3841 5717 δεσμωτή-

658 5853 769 5918 (Ml
802 5856 911 5913 Τὸν
938 5856 1055 5927 μὲν
1100 5856 1357 5922 δικαίως.
1390 5855 1541 5912 Plato
1588 5855 1643 5911 in
1684 5853 1899 5921 Gorgia,
1933 5866 1986 5918 p.
2022 5847 2126 5904 δη

2233 5846 2288 5899 ιι)
2315 5842 2508 5905 dialogi
2546 5840 2725 5895 linem.
