4122 6422
327 332 467 388 “53

1520 335 1840 395 PRIEPAR.
1883 338 2139 396 EVANG.
2177 338 2312 398 LIB.
2345 339 2466 397 Xlll

3455 339 3596 397 ιιδι

325 487 465 543 ριον,
521 471 551 525 δ
596 472 661 544 δὴ
696 474 979 547 Τάρταρον
1035 476 1313 543 καλοῦσιν,
1369 477 1525 532 ἰέναι.
1567 478 1630 532 Οἳ
1674 478 1719 532 δ’
1747 478 1813 532 ἂν
1840 477 1910 532 τά

2014 458 2223 514 daemon
2251 474 2524 531 quemque
2564 459 2727 532 rapit,
2761 459 2856 532 qui
2898 459 3133 516 mediam
3159 461 3280 517 vitae
3321 461 3592 517 rationem

322 561 528 635 εσχατα
577 564 899 636 ἀδικήσωσι,
952 567 1047 622 καὶ
1080 568 1169 622 διά
1210 568 1279 623 τά
1322 565 1548 622 τοιαῦτα
1597 568 1913 639 ἀδικήματα

322 655 533 710 ἀνίατοι
576 657 860 724 γένωνται,
890 662 954 713 ὲκ
979 659 1264 714 τούτωντά
1293 660 1712 733 παραδείγματα
1730 661 1917 730 γίγνε-

321 767 432 804 ται.
456 750 566 803 Καὶ
597 746 740 806 οὗτοι
769 753 922 806 αὐτοὶ
953 753 1051 825 μὲν
1081 754 1263 807 οὐκέτι
1289 754 1583 818 ὀνίνανται,
1616 752 1713 807 ἆτε
1760 752 1915 807 ἀνια-

323 858 405 895 τοι
434 842 613 906 ὄντες*
649 843 798 898 ἄλλοι
820 844 875 899 δὲ
891 845 1307 917 ὀνίνανταιμὲ),
1333 848 1381 900 οἱ
1414 846 1631 910 τούτους
1655 845 1919 917 ὁρῶντες,⁹

322 920 412 986 διά
456 932 556 997 τὰς
610 935 884 1007 ἁμαρτίας
940 935 1039 1000 τάς
1090 937 1378 1008 μεγίστας,
1414 938 1509 990 καὶ
1548 937 1911 1007 ὀδυνηρότατα

324 1024 419 1077 καὶ
480 1023 836 1098 φοϐερώτατα
892 1027 1041 1099 πάθη
1096 1029 1403 1100 πάσχοντας
1449 1029 1539 1083 τὸν
1578 1028 1663 1082 ἀεὶ⁸
1695 1028 1909 1099 χρόνον,

323 1118 563 1189 ἀτεχνῶς
624 1119 1041 1191 παραδείγματα
1079 1120 1494 1191 ἀνηρτημένους
1531 1123 1646 1174 ἐκεῖ
1684 1120 1741 1174 ἐν
1782 1118 1909 1190 ᾅδου

324 1211 383 1262 ὲν
416 1209 492 1280 τῷ
516 1210 896 1283 δεσμωτηρίῳ,
931 1215 1044 1276 τοῖς
1084 1213 1172 1266 ἀεὶ
1202 1213 1312 1266 τῶν
1346 1213 1545 1268 ἀδίκων
1575 1213 1911 1284 ἁψικνουμέ-

325 1319 439 1365 νοις
484 1301 734 1373 θεάματα
782 1303 877 1356 γαὶ
922 1303 1323 1375 νουθετήματα.
1376 1323 1396 1356 ι
1449 1303 1636 1357 Ταῦτα
1684 1304 1802 1367 πῶς
1846 1303 1912 1357 ἂν

326 1393 543 1449 δύναιτο
567 1395 809 1466 συνᾴδειν
848 1398 958 1459 τοῖς
990 1396 1119 1467 περὶ
1149 1396 1384 1468 ἀμοιϐῆς
1419 1396 1706 1465 σωμάτων,
1746 1395 1782 1450 ἀ
1815 1397 1912 1468 τὴν

326 1481 505 1557 ψυχῆν
546 1484 840 1557 μετιοῦσαν
892 1485 1163 1557 αἱρεῖσθαι
1193 1486 1481 1555 φάσκουσι,
1528 1485 1739 1553 λόγοις;
1789 1486 1913 1550 Πῶς

327 1575 436 1648 γὰρ
466 1575 532 1629 ἂν
557 1578 591 1647 ή
617 1567 1059 1647 αὐτῆτιμωρίας.
1086 1577 1177 1629 καὶ
1204 1576 1571 1647 δεσμωτήρια,
1606 1576 1700 1629 καὶ
1728 1574 1916 1628 τοσαύ-

325 1684 426 1739 την
454 1668 610 1740 δίκην
632 1668 711 1732 είς
729 1667 820 1721 τὸν
849 1667 937 1723 ἀεὶ
964 1667 1176 1739 χρόνον,
1202 1667 1339 1739 μετά
1359 1666 1458 1739 τὴν
1483 1667 1697 1721 ἐνθένδε
1724 1667 1913 1721 τελευ-

325 1759 445 1832 τὴν,
479 1758 686 1828 ὑφέξει,
714 1759 809 1813 καὶ
836 1759 998 1813 πάλιν
1026 1760 1113 1814 οἵα
1138 1777 1222 1823 τις
1250 1759 1531 1830 ἀνειμένη,
1564 1759 1661 1812 καὶ
1697 1759 1913 1831 δεσμῶν

2015 551 2259 607 tenuisse
2282 550 2570 607 videantur
2593 590 2609 617 ,
2661 552 2701 607 ii
2744 552 3106 607 Acheruntem
3153 564 3421 623 petentes,
3453 568 3595 631 con-

2016 643 2225 699 scensis
2248 643 2321 698 ibi
2346 645 2461 701 suis
2488 644 2691 716 quique
2722 644 2991 699 vehiculis
3018 645 3086 700 ad
3128 647 3377 717 paludem
3416 661 3594 717 usque

2013 733 2351 790 deferuntur.
2388 734 2463 788 lbi
2516 735 2721 806 degunt
2780 734 3097 804 aliquandiu
3118 776 3132 800 ,
3164 736 3339 791 donec
3365 750 3594 806 prorsus

2013 823 2235 894 cxpiati,
2279 825 2564 894 pinnisque
2626 826 2917 880 criminum
2959 826 3273 895 persolutis,
3324 826 3593 897 quidquid

2015 926 2140 970 ante
2182 917 2546 986 peccaverint,
2593 917 2950 973 absolvuntur
2982 936 2995 973 :
3028 919 3167 988 quin
3207 920 3371 974 etiam
3395 920 3592 975 beneﬁ-

2014 1005 2228 1061 ciorum
2254 1021 2473 1076 quoque
2516 1023 2743 1063 suorum
2793 1009 3050 1078 praemia,
3083 1025 3183 1079 pro
3235 1026 3333 1065 sua
3383 1012 3592 1081 quique

2014 1096 2275 1170 dignitate
2296 1082 2504 1156 ierunt.
2534 1101 2603 1157 At
2624 1102 2719 1173 qui
2750 1112 2972 1174 prepter
3015 1104 3280 1158 scelerum
3326 1108 3589 1161 atrocita-

2016 1202 2144 1258 tem,
2173 1193 2353 1249 locum
2385 1195 2627 1251 remedio
2665 1196 2873 1250 nullum
2925 1197 3212 1265 reliquisse
3261 1199 3587 1265 vidcantur,

2015 1291 2204 1352 utpote
2230 1283 2436 1339 crebris
2463 1293 2517 1338 et
2554 1284 2889 1340 immanibus
2932 1287 3253 1358 sacrilegiis,
3290 1300 3385 1342 aut
3417 1280 3592 1359 pluri—

2015 1374 2120 1429 mis
2146 1375 2387 1430 caedibus
2433 1374 2639 1451 nefarie
2667 1386 2719 1431 et
2754 1387 2942 1432 contra
2980 1377 3126 1449 leges
3167 1394 3359 1434 omnes
3399 1396 3592 1449 perpe-

2014 1466 2195 1530 tratis,
2224 1476 2277 1521 et
2320 1467 2442 1522 aliis
2463 1467 2734 1537 ejusmodi
2758 1469 2988 1537 piaculis
3017 1470 3238 1538 obligati
3268 1488 3280 1523 :
3324 1470 3426 1525 hos
3460 1487 3592 1528 vero

2015 1560 2176 1631 digna
2228 1560 2387 1630 plane
2435 1576 2556 1617 sors
2608 1562 2662 1615 in
2722 1562 3049 1631 Tartarum,
3104 1565 3248 1619 unde
3306 1581 3592 1637 nunquam

2015 1661 2315 1724 emergant,
2360 1654 2667 1724 praccipites
2699 1654 2828 1727 agit.
2862 1673 2881 1707 ι
2907 1655 2986 1711 Ac
3032 1656 3098 1712 de
3149 1656 3333 1727 impiis
3366 1658 3590 1728 quidem

2015 1743 2131 1797 haec
2184 1744 2364 1799 habet.
2424 1743 2496 1800 De
2540 1745 2644 1815 piis
2676 1762 2806 1802 vero
2853 1748 2983 1817 quid
3039 1748 3370 1819 subjungat,
3418 1751 3590 1807 audi:

324 1828 609 1923 ἐλευθέρα,
639 1850 787 1922 βίους
806 1850 871 1906 ἂν
898 1851 1062 1905 ἕλοιθ’
1092 1850 1187 1916 οὒς
1210 1851 1277 1905 ἂν
1310 1828 1468 1922 ἐθέλῃ
1488 1828 1507 1917 ;V
1536 1853 1599 1905 Εί
1621 1850 1678 1904 δὲ
1700 1852 1770 1905 τὰ
1789 1828 1911 1905 καθ’

2023 1854 2041 1885 ‹
2069 1834 2186 1901 Quo
2208 1836 2369 1891 etiam
2394 1853 2458 1891 ex
2490 1854 2720 1895 numero
2738 1880 2754 1906 ,
2798 1839 2891 1910 qui
2918 1841 3279 1911 philosophia:
3303 1858 3466 1914 opera
3488 1859 3589 1899 ex-

322 1943 518 2017 ἠδονὴν
586 1944 769 2016 μέλλοι
821 1946 983 2000 πάλιν
1033 1944 1324 2016 αἱρεῖσθαι,
1388 1944 1483 1997 καὶ
1536 1941 1639 1996 ποῦ
1702 1942 1764 1995 τὸ
1811 1942 1913 2013 τῆς

322 2033 520 2100 τίσεώς
546 2054 605 2090 τε
646 2038 741 2091 καὶ
783 2036 940 2109 δίκης
967 2037 1371 2109 δεσμωτήριον;
1434 2035 1604 2107 μυρία
1630 2034 1677 2087 δ’
1711 2034 1777 2088 ἂν
1817 2035 1913 2087 καὶ

322 2124 459 2181 ἄλλα
484 2143 568 2189 τις
614 2127 705 2181 ἐπὶ
739 2127 937 2197 σχολῆς
971 2126 1267 2180 ὲπιλάδοιτ’
1299 2127 1365 2181 ἂν
1406 2126 1501 2179 τοῦ
1532 2122 1711 2195 λόγου,
1748 2119 1823 2179 ὧν
1846 2125 1907 2179 οὐ

323 2219 517 2292 καιρὸς
545 2218 642 2290 τὴν
680 2219 919 2273 διάνοιαν
955 2219 1236 2290 μηκύνειν.
1287 2217 1400 2272 Καὶ
1441 2217 1502 2271 τὸ
1548 2216 1644 2288 μὲν
1695 2215 1911 2289 πρῶτον

320 2311 593 2382 ὀλίσθημα
621 2310 723 2381 τῆς
745 2310 838 2364 τοῦ
868 2310 1153 2374 Πλάτωνος
1185 2310 1313 2382 περὶ
1340 2308 1509 2363 τῶνδε
1532 2307 1710 2379 δόξης,
1737 2305 1911 2379 ταύτῃ

323 2420 401 2475 πη
434 2403 734 2472 πέφανται·
786 2403 848 2455 τὸ
892 2401 935 2455 δ’
974 2402 1158 2474 ἕτερον
1195 2402 1292 2473 τῆς
1353 2398 1447 2454 τοῦ
1486 2400 1757 2471 δόγματος
1788 2398 1905 2452 δια-

324 2494 545 2565 σκευῆς,
585 2493 653 2547 δι’
681 2485 741 2546 οῦ
775 2493 836 2546 τὸ
872 2494 969 2565 μέν
994 2511 1046 2547 τι
1081 2493 1222 2546 θεῖον
1267 2491 1363 2546 καὶ
1402 2491 1617 2559 λογικὸν
1656 2487 1792 2543 εἶναι
1814 2491 1912 2561 τῆς

320 2585 520 2658 ψυχῆς,
558 2585 620 2638 τὸ
651 2585 708 2638 δέ
744 2603 798 2639 τι
833 2584 998 2657 μέρος
1034 2584 1204 2657 αὐτῆς
1246 2583 1441 2653 ἄλογον
1482 2582 1578 2638 καὶ
1612 2581 1913 2654 παθητικὸν

321 2678 613 2750 τυγχάνειν
659 2678 915 2750 ὡρίσατο,
964 2679 1058 2731 κα)⁵
1111 2677 1249 2749 πρὸς
1279 2676 1385 2731 τῶν
1431 2675 1595 2731 αὐτοῦ
1622 2676 1912 2747 γνωρίμων

321 2771 716 2841 κατέγνωσται,
735 2770 809 2835 ὼς
824 2769 1012 2842 μαθεῖν
1034 2768 1240 2824 ἔνεστιν
1252 2768 1360 2822 ἀπὸ
1369 2767 1476 2822 τῶν
1491 2767 1707 2821 τοιῶνδε
1718 2766 1911 2836 λόγων.

2019 1932 2151 2003 piati
2180 1931 2406 1986 omnino
2453 1932 2777 2003 purgatique
2815 1932 3188 1997 discesserint,
3222 1935 3260 1990 ii
3289 1952 3396 1991 non
3427 1937 3592 1993 modo

2020 2025 2136 2080 sine
2183 2024 2309 2079 ullis
2354 2039 2583 2095 prorsus
2641 2024 2906 2080 molestiis
2943 2042 3058 2081 aevo
3110 2029 3444 2098 sempiterno
3504 2029 3591 2084 vi—

2015 2118 2173 2173 vunt,
2201 2110 2294 2166 sed
2324 2110 2568 2165 etiamin
2599 2111 2876 2168 domicilia
2911 2114 3073 2185 longe
3111 2115 3293 2171 adhuc
3318 2118 3592 2175 nobiliora

2015 2201 2371 2272 perveniunt,
2414 2216 2538 2272 quae
2563 2217 2664 2257 nec
2714 2202 2895 2259 verbis
2935 2205 3247 2261 describere
3300 2206 3461 2263 facile
3497 2208 3592 2274 sit,

2017 2306 2118 2346 nec
2168 2307 2263 2362 per
2314 2301 2531 2362 tempus
2563 2308 2996 2351 commemorare
3038 2298 3172 2352 mihi
3201 2298 3316 2368 jam
3347 2299 3527 2356 liceat.
3566 2317 3588 2353 ι

2017 2387 2226 2456 Quibus
2257 2390 2424 2444 addas
2447 2389 2708 2460 licetquze
2735 2390 2925 2445 scribit
2948 2390 3001 2446 in
3027 2390 3223 2463 Gorgia
3243 2409 3292 2447 ει
3316 2392 3421 2461 Qui
3441 2395 3596 2465 juste

2015 2482 2182 2537 vitam
2214 2490 2507 2551 sancteque
2554 2482 2898 2548 traduxerit,
2933 2498 3059 2539 eum
3104 2486 3288 2541 statim
3318 2488 3389 2542 ab
3413 2487 3592 2553 obitu,

2018 2573 2071 2641 in
2103 2573 2387 2630 beatorum
2420 2574 2629 2629 insulas
2660 2574 2957 2643 proﬁcisci,
2990 2576 3081 2630 ubi
3104 2592 3278 2631 aevum
3310 2578 3593 2649 deinceps,

2021 2666 2139 2723 sine
2161 2666 2290 2721 mali
2321 2667 2645 2737 cujusquam
2677 2668 2944 2733 molestia,
2976 2682 3102 2722 cum
3142 2668 3295 2723 omni
3335 2668 3596 2726 felicitate

2020 2759 2206 2815 ducat.
2239 2757 2342 2825 Qui
2371 2766 2553 2812 autem
2583 2758 2783 2827 injuste
2811 2767 2863 2812 et
2906 2759 3071 2830 impie
3115 2760 3334 2827 vixerit,
3378 2778 3506 2816 eum
3534 2763 3594 2819 in

321 2867 604 2921 cruciatus
665 2880 731 2920 ac
773 2862 1026 2935 supplicii
1073 2877 1389 2927 carcerem,
1433 2876 1594 2932 quem
1653 2857 1943 2913 Tartarum
1997 2862 2230 2915 vocant,
2271 2849 2504 2906 detrudi.
2558 2848 2848 2906 Postremo
2882 2851 2976 2920 qui
3025 2852 3298 2923 teterrima
3360 2869 3594 2923 qumque

322 2957 706 3029 perpetrarint,
756 2973 821 3013 ac
868 2965 1157 3027 propterea
1204 2953 1537 3010 insanabiles
1575 2950 1798 3013 fuerint,
1831 2965 1898 3004 ex
1931 2948 1999 3002 iis
2038 2948 2257 3019 demum
2285 2942 2530 3013 exempla
2555 2950 2889 2998 statuuntur.
2921 2940 3059 2997 Nam
3099 2952 3158 2998 ut
3184 2944 3321 3000 nihil
3353 2947 3592 3018 amplius

316 3056 578 3127 juventur
632 3054 781 3125 ipsi,
811 3053 958 3125 quod
1014 3052 1222 3107 nullius
1268 3050 1555 3106 medicina:
1599 3049 1654 3105 vi
1708 3046 1892 3104 sanari
1947 3052 2174 3115 queant,
2203 3042 2296 3096 alii
2332 3050 2478 3096 certe
2505 3039 2790 3110 juvantur,
2821 3038 2951 3093 dum
2986 3053 3082 3094 eos
3132 3041 3425 3106 maximas,
3473 3059 3595 3098 omo

322 3149 490 3219 nique
536 3148 835 3204 acerbitate
880 3162 945 3203 ac
989 3146 1209 3202 diritate
1259 3144 1571 3201 teterrimae
1629 3143 1898 3199 scelerum
1966 3154 2191 3196 suorum
2236 3151 2430 3209 poenas
2481 3135 2536 3189 in
2584 3149 2801 3188 omnem
2871 3136 3259 3205 consequentis
3328 3139 3593 3208 temporis

322 3243 739 3314 perpetuitatem
812 3241 1085 3298 sustinere
1135 3239 1361 3295 vident:
1411 3254 1639 3310 prorsus
1678 3246 1739 3292 ut
1781 3238 1836 3292 in
1890 3236 1985 3290 illo
2023 3235 2320 3290 inferorum
2368 3230 2647 3302 ergastulo
2711 3246 2979 3300 suspensa
3045 3233 3293 3302 quaedam
3342 3236 3591 3306 exempla

321 3334 453 3401 sint,
482 3352 718 3407 quorum
773 3345 1002 3406 aspectu
1025 3343 1291 3406 quotquot
1315 3335 1502 3389 eodem
1532 3333 1763 3405 improbi
1790 3330 2010 3388 assidue
2040 3330 2362 3396 deveniunt,
2394 3327 2556 3406 cilicii
2586 3337 3037 3382 commoneantur
3066 3328 3174 3384 sui.
3211 3349 3230 3381 ι
3254 3330 3420 3401 700
3442 3329 3586 3399 ﬂare,

320 3430 539 3495 amabo,
573 3430 668 3501 qui
722 3430 938 3485 tandem
980 3445 1104 3485 cum
1165 3428 1286 3486 aliis
1323 3429 1431 3484 illis
1476 3428 1773 3484 convenire
1813 3426 2049 3498 possint,
2101 3426 2302 3497 quibus
2346 3423 2414 3478 de
2471 3423 2874 3493 permutatione
2919 3438 3212 3493 corporum
3254 3427 3329 3480 ita
3395 3428 3590 3497 dispu.

319 3522 462 3584 tant,
489 3534 681 3574 eorum
715 3530 775 3575 ut
804 3521 1125 3576 electionem
1150 3562 1165 3587 ,
1205 3522 1514 3576 animorum
1551 3520 1838 3591 potestatis
1866 3530 1921 3575 et
1959 3519 2179 3574 arbitris
2206 3526 2373 3573 totam
2403 3531 2527 3573 esse
2555 3514 2762 3569 velint?
2794 3514 3087 3581 Quomolo
3115 3518 3264 3572 enim
3310 3521 3592 3576 cruciatus

321 3606 466 3664 idem
497 3618 552 3665 et
577 3626 849 3678 carceres,
877 3620 1196 3684 tantamque
1216 3628 1504 3684 pinnarum
1528 3615 1895 3677 atrocitatem.
1936 3620 2297 3683 posteaquam
2350 3610 2479 3664 hinc
2525 3610 2845 3675 excesserit,
2899 3621 3162 3680 perpetuo
3222 3612 3511 3679 sustineat,
3539 3626 3593 3674 et

322 3703 490 3762 simul
517 3711 774 3774 tanquam
814 3706 1027 3762 solutus
1067 3707 1413 3778 vinculisque
1442 3707 1600 3773 liber,
1624 3706 1770 3777 quod
1819 3706 1922 3761 sibi
1963 3706 2135 3775 magis
2175 3701 2502 3766 collibuerit,
2555 3702 2681 3757 vitm
2717 3715 2890 3771 genus
2922 3711 3090 3772 optet.
3129 3702 3233 3769 Qui
3284 3704 3330 3759 si
3369 3705 3596 3761 delicias

322 3815 520 3856 rursus
550 3815 616 3855 ac
645 3800 951 3871 voluptates
997 3815 1291 3859 secuturus
1334 3802 1425 3871 sit,
1480 3819 1593 3875 quo
1643 3803 1779 3863 mihi
1826 3812 1939 3859 tum
2004 3802 2135 3857 illud
2187 3799 2439 3871 supplicii
2476 3814 2539 3854 ac
2570 3814 2856 3869 poenarum
2898 3800 3277 3869 ergastulum?
3308 3800 3433 3858 Haec
3458 3803 3595 3857 alia.-

321 3906 433 3963 que
456 3900 709 3947 sexcenta
735 3893 999 3949 adversus
1037 3893 1179 3948 hanc
1200 3893 1617 3963 philosophandi
1635 3894 1901 3949 rationem
1942 3894 2117 3948 otiose
2155 3893 2338 3963 quivis
2381 3889 2668 3961 objecerit,
2704 3904 2828 3959 quas
2879 3890 3130 3959 pluribus
3176 3894 3429 3961 persequi
3486 3894 3594 3951 hoc

323 3986 448 4042 loco
467 4001 577 4041 non
598 3996 776 4042 vacat.
808 3988 995 4057 Itaque
1019 3988 1230 4057 primus
1254 3988 1345 4043 hic
1377 3989 1433 4043 in
1473 4005 1539 4046 eo
1572 4006 1771 4063 genere
1808 3988 2056 4047 Platonis
2081 4004 2236 4045 error
2257 4004 2322 4043 ac
2349 3988 2539 4055 lapsus
2580 3994 2715 4041 esto.
2776 3985 2932 4041 Alius
2980 4003 3133 4053 vero,
3166 3988 3259 4058 qui
3322 3989 3487 4058 hujus
3534 3989 3593 4046 in

323 4076 596 4149 dogmatis
627 4080 1004 4136 enucleatione
1034 4088 1304 4146 versatur,
1335 4097 1445 4151 quo
1475 4094 1687 4152 partem
1729 4082 1899 4138 animi
1962 4083 2185 4138 alteram
2227 4081 2488 4141 divinam,
2517 4116 2521 4121 ι
2549 4094 2615 4134 ac
2654 4078 2867 4133 ratione
2909 4080 3215 4149 praeditam,
3263 4081 3490 4136 alteram
3534 4088 3593 4137 et

323 4181 602 4243 etpertem
652 4172 900 4240 rationis,
948 4183 1004 4229 et
1055 4173 1561 4244 perturbationibus
1616 4174 1912 4230 obnoxiam
1951 4190 2073 4231 esse
2124 4175 2339 4237 statuit,
2371 4172 2452 4226 vel
2505 4169 2911 4226 Platonicorum
2947 4172 3190 4241 ipsorum
3228 4182 3313 4228 est
3342 4175 3594 4230 oratione

325 4260 644 4330 damnatus,
668 4270 730 4317 ut
764 4277 833 4319 ex
862 4263 1220 4333 sequentibus
1250 4270 1508 4321 constare
1530 4265 1729 4335 potest.

846 4418 1240 4474 ΚΕΦΑΔᾹΙΟΝ
1283 4420 1382 4475 IZ'.

329 4572 472 4654 Ὅτι,
482 4574 633 4658 κατά
656 4573 943 4658 illatam:
957 4576 1047 4657 μὴ
1065 4576 1135 4658 ἐξ
1157 4578 1268 4658 με)
1291 4576 1561 4658 ἀπαθοῦς
1603 4577 1702 4631 καὶ
1728 4578 1907 4658 aquan-

400 4642 768 4724 acpwtac
815 4647 870 4724 τι
911 4642 1044 4724 φᾶς’
1065 4642 1275 4724 ψυχῆς
1324 4642 1904 4724 emanasse:

413 4714 545 4769 Ἀπὸ
630 4714 750 4771 τῶν
822 4719 940 4771 Σεϐ

940 4717 1086 4787 ήρου
1157 4719 1264 4774 τοῦ
1322 4717 1739 4781 Πλατωνικοῦ⁴
1772 4719 1911 4790 Περὶ

395 4782 591 4857 ψυχῆς·

404 4917 425 4951 ι
460 4900 598 4972 Περὶ
625 4898 682 4953 δὲ
712 4899 810 4971 τῆς
855 4899 995 4954 κατά
1026 4900 1291 4955 Πλάτωνα
1318 4898 1517 4972 ψυχῆς,
1548 4900 1615 4971 ἦν
1642 4916 1808 4971 φησιν
1848 4898 1915 4965 ἐξ

327 4988 575 5054 ἀπαθοῦς
593 4990 688 5045 καὶ¹
711 4990 957 5063 παθητῆς
997 4990 1183 5056 οὐσίας
1218 4993 1480 5063 συστῆναι
1514 4992 1618 5049 ὑπὸ
1635 4991 1728 5046 τοῦ
1749 4989 1919 5057 θεοῦ,

326 5078 405 5145 ὡς
437 5082 502 5135 ὲκ
525 5076 717 5135 λευκοῦ
747 5081 843 5135 καὶ
879 5081 1104 5153 μέλανος
1133 5082 1239 5136 τῶν
1274 5083 1452 5155 μέσων
1491 5100 1544 5136 τι
1575 5083 1905 5155 χρωμάτων,

330 5176 512 5229 ἐκεῖνα
562 5172 755 5244 ἔχομεν
805 5175 977 5227 εἰπεῖν
1002 5192 1015 5203 ·
1054 5174 1176 5227 Ὅτι
1204 5176 1439 5245 ἀνάγκη,
1474 5176 1649 5246 χρόνῳ
1682 5174 1906 5228 διαστά-
1948 5236 1951 5239 _

330 5279 467 5326 σεως
498 5261 678 5316 αὐτῶν
702 5263 1049 5335 γιγνομένης,
1081 5264 1443 5336 ἀφανισθῆναι
1482 5264 1672 5336 αὐτὴν,
1699 5263 1776 5328 ὡς
1805 5263 1908 5336 τὴν

327 5352 422 5407 τοῦ
447 5352 610 5425 μέσου
633 5352 921 5425 χρώματος
957 5354 1234 5419 σύστασιν,
1261 5357 1353 5409 ἐπὶ
1376 5355 1445 5411 τά
1472 5358 1649 5411 οἰκεῖα
1674 5356 1906 5410 ἑκάστου

404 5566 516 5690 φὶ)
544 5568 759 5649 "fugat.
799 5567 869 5620 δὲ
910 5569 1231 5651 ὀνίνανται.
1267 5569 1410 5650 Qui?
1456 5578 1550 5652 aut
1575 5569 1906 5652 quomodo?

404 5648 582 5690 :uncti
631 5652 918 5690 nimirum.
952 5640 1046 5690 sed
1094 5640 1388 5690 levioribus
1432 5641 1756 5690 criminibus
1802 5641 1905 5690 ob-

332 5636 582 5693 Defuncti
631 5638 918 5703 nimirum,
952 5640 1046 5695 sed
1094 5636 1388 5696 levioribus
1432 5636 1756 5695 criminibus
1802 5641 1905 5695 ob-

244 5750 251 5757 .
309 5708 503 5771 .noxii,
550 5707 644 5776 qui
691 5717 981 5776 postquam
1029 5710 1209 5764 denuo
1246 5712 1582 5776 revixerunt,
1627 5719 1902 5764 tantorum

333 5779 677 5833 cruciatuum
724 5791 1017 5848 memores,
1062 5778 1268 5835 castius
1312 5788 1366 5836 et
1418 5781 1664 5837 sanctius
1704 5794 1903 5836 novam

2573 4409 2804 4467 CAPUT
2856 4410 3020 4467 XVII.

2015 4572 2161 4636 Non,
2185 4572 2629 4642 quemaamodum
2662 4571 2878 4626 Platoni
2904 4570 3070 4625 visum
3102 4579 3203 4635 est,
3228 4571 3396 4625 animi
3428 4582 3581 4627 natu-

2086 4660 2202 4697 ram
2236 4642 2453 4697 duabus
2481 4660 2546 4698 ea:
2572 4643 2813 4713 partibus
2833 4685 2848 4707 ,
2881 4657 3107 4712 quarum
3149 4642 3316 4696 altera
3346 4644 3583 4712 patiendi

2078 4714 2397 4769 necessitate
2420 4713 2609 4778 libera,
2638 4714 2879 4782 patibilis
2907 4713 3078 4767 altera
3102 4714 3193 4779 sit,
3226 4730 3339 4768 esse
3377 4714 3586 4782 con/lae

2087 4793 2218 4838 tam.
2256 4784 2343 4839 Ea;
2378 4783 2553 4840 Severi
2591 4784 2859 4839 Platonici
2886 4782 3248 4853 disputatione
3270 4784 3347 4840 De
3375 4786 3582 4840 animo.

2091 4916 2112 4951 ι
2134 4878 2254 4952 Jam
2281 4912 2432 4965 vero,
2463 4898 2643 4968 inquit
2664 4897 2919 4963 Severus,
2948 4896 3018 4952 de
3042 4897 3229 4953 animo
3268 4897 3383 4961 illo,
3418 4911 3585 4967 quem

2012 5008 2044 5049 a
2070 4991 2183 5049 Deo
2210 4992 2367 5053 nobis
2395 4992 2599 5062 duplici
2627 5009 2697 5048 ex
2728 5001 2901 5062 parte,
2944 4990 3113 5045 altera
3140 4990 3378 5060 patiendi
3400 5005 3590 5045 neces-

2013 5085 2229 5143 sitatem
2289 5084 2653 5148 excludente,
2714 5085 2886 5139 altera
2950 5082 3220 5137 subeunte
3266 5081 3582 5146 conﬂatum,

2011 5175 2172 5246 quasi
2210 5174 2448 5239 medium
2470 5177 2760 5245 quemdam
2792 5188 2858 5227 ex
2889 5170 3014 5226 albo
3054 5173 3318 5242 nigroque
3345 5172 3585 5227 colorem

2012 5263 2258 5318 obtrudit
2290 5262 2469 5329 Plato,
2498 5263 2613 5316 haec
2640 5262 2692 5315 in
2723 5258 3012 5331 prmsentia
3039 5274 3161 5330 qua:
3191 5261 3461 5328 dicamus,
3494 5278 3586 5315 oc-

2013 5362 2262 5411 currunt.
2300 5353 2544 5410 Partium
2575 5353 3110 5424 illarum'progressu
3168 5353 3429 5423 temporis
3469 5354 3590 5409 illa-

2010 5569 2154 5626 hanc
2184 5568 2351 5625 vitam
2399 5569 2703 5633 instituent,
2746 5584 2814 5623 ne
2856 5569 3054 5624 iterum
3086 5569 3301 5624 'mnrtui
3345 5583 3585 5638 quorum

2010 5640 2215 5695 scelera
2248 5640 2441 5694 imitati
2465 5646 2667 5704 essent,
2688 5654 2878 5695 eorum
2902 5640 3066 5696 etiam
3091 5655 3282 5711 pmnas
3310 5640 3586 5698 sustinere

2010 5717 2356 5767 cogerentur.

2085 5777 2200 5849 (45)
2238 5777 2401 5837 Forte
2439 5777 2534 5849 μὴ,
2562 5777 2699 5833 κατά
2726 5777 2825 5832 Πλ.
2854 5777 2935 5845 ἐξ.
