4122 6460
515 424 655 480 1155

1195 413 1464 472 EL‘SEBll
1505 414 1987 472 CESARIENSIS
2027 414 2179 470 OPP.
2217 410 2403 469 PARS
2441 412 2506 468 11.
2540 413 3137 470 —APOLOGETICA.

3646 421 3783 475 1156

508 537 670 593 bente
696 537 948 604 dissidio,
975 535 1198 591 interire
1230 534 1473 587 animum
1507 531 1803 601 oportebit,
1831 530 2097 602 quemad-

2203 529 2261 595 ἐξ
2292 522 2366 583 ὧν
2399 530 2653 602 συνέστη,
2684 533 2742 585 ἐν
2794 531 2972 602 χρόνῳ
3013 529 3172 599 φύσει
3204 529 3592 602 χωριζομένου.
3629 531 3691 586 Εἰ
3729 534 3788 588 δὲ

508 633 733 684 modum
769 629 917 683 illam
964 627 1166 683 coloris
1229 625 1392 679 medii
1429 625 1917 694 temperationem,
1962 638 2090 679 cum

507 719 584 776 illi
607 737 672 775 ex
698 720 899 790 quibus
940 731 1068 774 ante
1093 718 1317 783 coaluit,
1345 725 1538 788 suapte
1570 725 1764 770 natura
1800 716 2088 784 paulatim,

507 812 565 867 in
624 827 789 867 suum
843 811 1077 882 quisque
1126 826 1297 881 genus
1341 809 1735 881 propriumque
1783 807 2089 874 solvuntur,

506 904 691 975 perire
743 918 969 958 necesse
1015 911 1121 957 est.
1167 903 1222 958 ld
1266 901 1416 973 quod
1460 901 1506 956 si
1547 900 1717 957 semel
1743 899 2084 970 probabitur,

507 997 677 1054 morti
724 1005 873 1052 certe
903 995 1227 1060 obnoxium,
1273 1009 1382 1048 non
1424 992 1789 1047 immortalem
1843 991 2089 1044 animum

506 1106 630 1146 esse
662 1104 951 1160 ponemus.
989 1086 1203 1141 Etenim
1263 1086 1307 1141 si
1352 1100 1450 1157 pro
1492 1082 1750 1139 confesso
1802 1082 2089 1144 habeatur,

509 1181 695 1237 hacin
723 1194 905 1235 rerum
934 1188 1155 1241 natura,
1180 1176 1328 1247 quod
1360 1176 1640 1231 contrario
1669 1181 1888 1238 careat,
1929 1186 2088 1243 pror-

509 1289 607 1330 sus
636 1286 760 1328 esse
789 1271 948 1337 nihil,
988 1285 1220 1340 qumque
1265 1266 1453 1322 mundi
1486 1266 1696 1321 ambitu
1738 1262 2093 1318 continentur

510 1363 733 1432 omnia,
777 1377 846 1418 ex
895 1361 1141 1417 adversis
1200 1357 1682 1432 pugnantibusque
1735 1353 1947 1409 naturis
1995 1352 2091 1408 Dei

514 1469 684 1509 manu
731 1460 1032 1523 temperata
1061 1466 1205 1515 esse,
1242 1449 1337 1520 qui
1383 1456 1627 1503 mutuam
1662 1446 1769 1501 illis
1792 1443 2092 1499 amicitiam

511 1553 569 1602 et
612 1542 1060 1601 communionem
1119 1540 1401 1612 iniecerit,
1449 1547 1512 1594 ut
1566 1539 1713 1594 sicco
1749 1547 1805 1593 et
1845 1536 2091 1601 humido,

510 1635 694 1694 calido
726 1644 781 1690 et
812 1632 1030 1705 frigido,
1065 1633 1217 1702 gravi
1256 1639 1310 1686 et
1344 1629 1471 1697 levi,
1504 1629 1628 1684 albo
1656 1638 1711 1684 et
1737 1628 1916 1700 nigro,
1947 1626 2093 1683 dulci

510 1735 568 1784 et
596 1726 817 1795 acerbo,
849 1725 989 1781 duro
1015 1724 1270 1790 etmolli,
1308 1732 1519 1777 natura:
1561 1722 1799 1793 denique
1850 1721 2093 1793 patiendi

512 1818 746 1890 experti,
794 1825 852 1873 et
899 1826 1108 1872 natura:
1134 1818 1203 1870 ad
1255 1814 1571 1886 patiendum
1611 1822 1779 1884 aptae,
1810 1828 1983 1883 eaque
2038 1812 2091 1868 id

2196 619 2378 687 τοῦτο,
2403 621 2649 694 φθαρτὴν
2671 621 3080 692 ἀποφανοῦμεν.
3107 623 3221 676 ἀλλ’
3259 623 3359 675 οὐκ
3390 622 3660 678 ἀθάνατον
3688 625 3789 697 τὴν

2195 713 2395 786 ψυχήν.
2427 715 2490 768 Εἰ
2516 714 2623 784 γὰρ
2651 712 2808 766 τοῦτο
2858 713 3224 784 ὁμολογεῖται,
3282 714 3447 785 μηδὲν
3472 715 3582 769 τῶν
3629 718 3687 769 ἐν
3716 721 3788 789 τῇ

2195 806 2355 874 φύσει
2389 804 2560 858 ὄντων
2609 805 2738 859 ἄνευ
2792 804 2885 858 τοῦ
2941 806 3187 860 ἐναντίου
3218 802 3380 869 εἶναι,
3408 807 3480 860 τά
3523 826 3584 861 τε
3617 811 3674 862 ἐν
3706 810 3790 882 τῷ

2193 897 2384 967 κόσμῳ
2422 898 2487 949 ἐκ
2515 896 2614 966 τῆς
2642 896 2751 950 τῶν
2793 897 3051 950 ἐναντίων
3080 897 3295 966 φύσεως
3329 898 3436 951 ὑπὸ
3463 899 3600 953 Θεοῦ
3622 918 3786 954 κεκο-

2194 987 2456 1059 σμῆσθαι,
2493 988 2678 1057 φιλίαν
2701 988 2885 1052 αὐτοῖς
2918 989 3014 1042 καὶ
3053 989 3341 1045 κοινωνίαν
3380 992 3790 1063 ἐμποιήσαντος

2192 1081 2382 1145 αὑτοῦ,
2411 1077 2523 1134 οἷον
2568 1080 2647 1151 τῷ
2686 1080 2835 1151 ξηρῷ
2866 1082 3003 1153 πρὸς
3031 1081 3092 1135 τὸ
3122 1082 3288 1154 ὑγρὸν
3308 1125 3322 1147 ,
3354 1083 3451 1137 καὶ
3480 1083 3561 1155 τῷ
3594 1084 3790 1158 θερμῷ

2195 1175 2331 1247 πρὸς
2364 1174 2426 1227 τὸ
2454 1174 2679 1245 ψυχρὸν,
2703 1172 2784 1244 τῷ
2804 1191 2863 1226 τε
2893 1173 3051 1246 βαρεῖ
3082 1174 3221 1245 πρὸς
3252 1176 3314 1228 τὸ
3347 1175 3570 1244 κοῦφον,
3606 1177 3790 1251 λευκῷ

2194 1283 2253 1319 τε
2287 1264 2422 1336 πρὸς
2446 1265 2507 1318 τὸ
2532 1265 2719 1336 μέλαν,
2747 1266 2942 1334 γλυκεῖ
2967 1285 3029 1320 τε
3047 1266 3182 1338 πρὸς
3213 1267 3276 1320 τὸ
3310 1267 3527 1338 πικρὸν,
3562 1268 3790 1341 σκληρῷ

2192 1374 2255 1410 τε
2283 1356 2419 1429 πρὸς
2437 1356 2498 1410 τὸ
2529 1357 2771 1427 μαλακὸν
2790 1357 3034 1428 (41),καὶ
3050 1360 3184 1412 πᾶσι
3207 1361 3322 1423 τοῖς
3352 1359 3621 1424 τοιούτοις
3652 1361 3789 1431 μίαν

2193 1446 2359 1517 ἄλλην
2397 1445 2613 1499 πάντων
2647 1449 2952 1512 κοινωνίαν,
2982 1452 3049 1521 τῇ
3097 1467 3156 1504 τε
3188 1449 3392 1503 ἅπαθεί
3442 1451 3604 1522 οὖσίᾳ
3636 1450 3785 1523 πρὸς

2192 1537 2289 1610 τὴν
2325 1537 2571 1609 παθητὴν
2594 1556 2607 1569 ⁸
2657 1539 2726 1592 τὰ
2757 1539 2814 1593 δὲ
2859 1541 3129 1613 κραθέντα
3170 1542 3265 1595 καὶ
3314 1541 3574 1613 μιχθέντα
3613 1560 3788 1614 χωρι-

2195 1631 2330 1701 σμὸν
2357 1632 2447 1685 τὸν
2479 1632 2572 1686 ἀπ’
2599 1632 2844 1705 ἀλλήλων
2879 1636 2938 1688 ἐν
2968 1635 3149 1706 χρόνῳ
3178 1633 3337 1704 φύσει
3374 1634 3685 1705 ἐπιδέχεται
3704 1652 3718 1666 ·
3750 1637 3789 1707 ἡ

2191 1724 2251 1779 δέ
2294 1724 2439 1799 ψυχὴ
2473 1727 2533 1792 ἐξ
2577 1727 2819 1792 ἀπαθοῦς
2861 1729 2955 1781 καὶ
2987 1727 3236 1800 παθητῆς
3281 1729 3471 1792 οὐσίας
3501 1727 3788 1797 γεγονέναι

2195 1816 2577 1873 ὑποκείσεται·
2609 1820 2845 1890 ἀνάγκη.
2875 1821 2951 1884 ὡς
2982 1820 3043 1873 τὸ
3080 1819 3243 1891 μέσον
3276 1818 3494 1891 χρῶμα,
3519 1819 3663 1873 οὕτω
3688 1819 3789 1873 καὶ

514 1924 687 1981 genus
711 1908 899 1965 omnia
923 1908 1031 1962 una
1046 1905 1283 1973 quadam
1309 1904 1466 1975 701
1498 1903 1603 1958 alia
1636 1881 1818 1957 rerum
1845 1881 2092 1957 omnium

2197 1909 2398 1980 ταύτην
2431 1912 2488 1963 ἐν
2518 1911 2695 1982 χρόνῳ
2726 1881 2896 1981 ’φύσει
2928 1881 3326 1982 ἀφανίσθῆναιῖ
3354 1881 3463 1965 τὰ»,
3482 1881 3551 1964 λέν
3583 1914 3648 1982 τῇ
3685 1928 3789 1964 συ-

512 2001 900 2059 communione
947 1998 1291 2064 devinxerit;
1339 2005 1602 2067 prmterea
1657 1995 1705 2051 si
1748 2010 1872 2067 qua:
1903 2003 2095 2050 mutuo

513 2102 815 2165 temperata
848 2101 998 2157 sunt,
1032 2100 1199 2162 atque
1221 2090 1365 2144 inter
1395 2102 1515 2144 sese
1536 2086 1822 2158 permista,
1842 2094 2095 2140 mutuum

515 2199 735 2256 quoque
759 2183 1021 2254 temporis
1038 2180 1423 2254 progressione
1442 2178 1735 2235 divortium
1758 2193 1856 2249 pro
1888 2185 2097 2232 natura:

516 2290 631 2331 suae
685 2275 998 2331 conditione
1045 2272 1386 2343 suscipiunt;
1440 2272 1684 2325 animum
1731 2268 1993 2341 proiecto,
2045 2269 2096 2324 si

513 2367 751 2440 partium
782 2367 998 2422 illarum
1020 2364 1076 2420 in
1111 2381 1176 2420 eo
1206 2365 1614 2420 concretionem
1642 2364 1898 2434 ponimus
1917 2402 1934 2429 ,
1967 2376 2095 2431 per-

514 2459 641 2515 inde
672 2458 752 2514 uti
808 2458 1048 2514 colorem
1101 2457 1339 2527 aliquem
1393 2456 1657 2522 medium,
1722 2464 1934 2509 naturae
1984 2466 2098 2506 suae

514 2552 653 2608 vitio
689 2550 913 2607 tandem
940 2549 1165 2605 interire
1215 2562 1439 2603 necesse
1465 2546 1609 2602 erit:
1662 2545 1958 2601 contrariis
1988 2543 2096 2599 illis

513 2660 586 2701 ex
618 2644 821 2714 quibus
849 2642 966 2713 ipse
993 2640 1287 2704 constabit,
1315 2639 1381 2695 ad
1416 2639 1701 2709 proprium
1735 2646 1944 2692 natura:
1982 2648 2094 2691 sua:

516 2746 721 2793 statum
779 2750 877 2806 per
928 2748 1049 2790 sese
1095 2731 1538 2804 properantibus.
1580 2729 1719 2797 Quid
1751 2729 1943 2785 enim?
1983 2728 2096 2781 An-

515 2841 627 2884 non
659 2825 715 2880 id
742 2825 1013 2888 videmus,
1034 2825 1179 2894 quod
1208 2829 1400 2892 suapte
1420 2829 1616 2876 natura
1650 2835 1814 2892 grave
1852 2820 1943 2885 sit,
1971 2819 2097 2872 licet

516 2934 546 2973 a
579 2918 761 2983 nobis,
799 2924 894 2972 aut
922 2916 1028 2971 alia
1059 2915 1252 2986 quavis
1284 2914 1627 2970 extrinsecus
1661 2913 1830 2967 indita
1866 2908 2096 2966 naturali

517 3013 755 3081 levitate,
780 3025 1003 3067 sursum
1036 3016 1249 3080 agatur,
1294 3015 1355 3062 ut
1397 3014 1581 3061 tamen
1604 3006 1862 3061 deorsum
1888 3015 2097 3058 natura

518 3121 633 3162 sua:
656 3105 708 3160 vi
754 3119 820 3159 ac
857 3102 1099 3173 pondere
1121 3099 1403 3171 rapiatur?
1428 3096 1875 3167 Similiter,quod
1906 3103 2096 3165 suapte

518 3207 716 3254 natura
770 3196 889 3251 leve
942 3195 1043 3261 sit,
1082 3194 1213 3249 licet
1258 3190 1608 3247 extrinsecus
1655 3187 1821 3245 simili
1856 3188 2093 3259 quadam

519 3288 830 3360 impellente
856 3301 1046 3351 causa,
1080 3285 1338 3342 deorsum
1381 3281 1624 3346 feratur,
1654 3291 1716 3336 ut
1763 3292 1945 3336 tamen
1980 3280 2094 3336 suis

519 3395 739 3451 quoque
767 3378 977 3434 viribus
1011 3392 1231 3433 sursum
1262 3375 1541 3432 enitatur?
1572 3373 1790 3443 Etenim
1818 3388 1940 3445 quae
1962 3373 2099 3429 duo-

519 3473 624 3529 bus
649 3488 716 3528 ex
766 3470 1061 3527 contrariis
1095 3484 1266 3524 unum
1296 3469 1350 3523 in
1390 3467 1598 3538 aliquid
1630 3466 1795 3522 simul
1843 3465 2093 3531 coierint,

519 3562 636 3620 ﬁeri
664 3578 775 3617 non
792 3569 991 3632 patest,
1009 3569 1072 3615 ut
1099 3559 1289 3615 eodem
1320 3574 1378 3613 se
1400 3556 1566 3614 modo
1599 3571 1814 3627 semper
1838 3556 2094 3621 habeant,

520 3654 630 3711 nisi
675 3668 707 3709 e
751 3667 937 3731 rerum
979 3661 1176 3706 natura
1229 3650 1450 3705 tertium
1493 3647 1701 3718 aliquid
1732 3662 1858 3702 cum
1902 3646 2095 3701 iisdem

517 3755 782 3818 perpetuo
818 3742 1206 3813 coniungatur.
1267 3739 1375 3797 Sed
1426 3741 1646 3795 animus
1690 3740 1911 3794 tertium
1966 3737 2096 3808 quid

521 3836 767 3910 profecto
794 3850 903 3891 non
939 3845 1043 3898 est,
1090 3833 1309 3889 duobus
1354 3846 1423 3887 ex
1469 3829 1762 3887 contrariis
1809 3828 2097 3900 pugnanti-

520 3929 734 3999 busque
762 3925 1150 3996 compositum,
1185 3923 1281 3979 sed
1308 3924 1487 3994 potius
1516 3936 1683 3976 unum
1729 3920 1932 3991 aliquid
1959 3918 2096 3974 sim-

520 4017 667 4089 plex,
699 4024 1006 4086 naturaque
1034 4029 1134 4070 sua
1176 4013 1246 4069 ab
1280 4013 1432 4068 omni
1477 4021 1531 4068 et
1581 4011 1821 4082 patiendi
1852 4011 2094 4067 necessi-

521 4119 654 4177 tate,
688 4117 744 4165 et
776 4108 1020 4179 corporis
1066 4106 1211 4161 mole
1256 4105 1490 4161 liberum
1524 4122 1539 4159 :
1581 4115 1638 4159 ut
1668 4119 1789 4160 eum
1817 4112 2099 4175 propterea

521 4199 677 4254 Plato
703 4196 1062 4267 Platonisque
1088 4202 1389 4251 sectatores
1404 4234 1420 4262 ,
1447 4191 1815 4247 immortalem
1838 4206 1959 4247 esse
1983 4199 2099 4247 sta-

522 4291 748 4349 tuerint.
772 4293 843 4346 At
881 4288 1142 4361 quoniam
1176 4297 1231 4343 et
1261 4285 1539 4342 hominem
1580 4300 1649 4339 ex
1678 4284 1864 4339 animo
1904 4298 2100 4353 corpo-

520 4396 689 4454 reque
719 4390 996 4447 constare,
1021 4395 1128 4436 vox
1157 4387 1243 4434 est
1274 4377 1519 4433 omnium
1546 4391 1656 4432 una
1682 4376 2014 4440 communis,
2046 4382 2101 4430 et

518 4489 648 4547 qua:
673 4474 810 4530 citra
841 4472 1090 4543 corporis
1131 4469 1548 4534 commercium,
1595 4467 1651 4522 in
1683 4467 1842 4523 nobis
1870 4467 2099 4523 volenti-

2196 1999 2383 2054 στάσει
2430 2002 2602 2073 αὐτῆς
2628 2003 2887 2056 ἐναντίων
2919 2002 3012 2055 ἐπὶ
3043 2001 3144 2073 τὴν
3186 2001 3392 2055 οἰκείαν
3435 2001 3596 2072 φύσιν
3629 2003 3789 2054 ἐπει-

2193 2093 2461 2163 γομένων.
2494 2094 2566 2149 Ἦ
2593 2092 2699 2165 γὰρ
2723 2094 2821 2164 οὐχ
2845 2092 3062 2172 ὁρῷμεν
3089 2094 3185 2148 καὶ
3218 2093 3278 2148 τὸ
3300 2093 3459 2164 φύσει
3487 2093 3649 2166 βαρὺ,
3679 2093 3788 2151 κᾶν

2195 2186 2285 2255 ὑφ’
2329 2186 2488 2258 ἡμῶν
2532 2186 2566 2257 ἦ
2613 2202 2759 2250 τινος
2811 2184 3008 2250 ἔξωθεν
3057 2185 3292 2255 φυσικῆς
3342 2184 3790 2257 προσγενομένης

2194 2275 2343 2347 αὑτῷ
2380 2277 2714 2348 κουφότητος
2739 2276 2852 2330 ἄνω
2892 2275 3145 2347 φέρηται,
3174 2277 3251 2340 ὡς
3288 2277 3419 2330 αὐτὸ
3459 2277 3662 2348 ὁμοίως
3690 2277 3789 2329 ἐσιτί⁸

2194 2369 2292 2441 τὴν
2316 2370 2524 2424 οἰκείαν
2552 2370 2715 2442 φύσιν
2738 2370 2889 2423 κάτω
2926 2359 3206 2439 βιάζεταις
3251 2368 3487 2439 Ὁμοίως
3512 2369 3569 2422 δέ
3596 2368 3693 2422 καὶ
3723 2368 3788 2421 τὺ

2195 2462 2356 2532 φύσει
2385 2460 2610 2531 κοῦφον,
2642 2459 2786 2514 κατά
2818 2458 2917 2522 τὰς
2958 2458 3152 2530 ὁμοίας
3182 2457 3381 2526 ἔξωθεν
3424 2460 3604 2523 αἰτίας
3631 2459 3789 2513 κάτω

2197 2554 2516 2625 φερόμενον,
2553 2552 2630 2616 ὡς
2662 2551 2794 2605 αὐτὸ
2848 2550 3052 2621 ὁμοίως
3103 2551 3196 2603 ἐπὶ
3239 2550 3308 2604 τὰ
3336 2551 3450 2605 ἄνω
3493 2551 3781 2622 βιάζεται;

2195 2644 2278 2698 Τὰ
2304 2644 2410 2716 γὰρ
2441 2646 2506 2697 ἐκ
2548 2644 2642 2698 δύο
2687 2643 2849 2698 τινῶν
2893 2642 3145 2713 ἀλλήλοις
3183 2645 3442 2698 ἐναντίων
3474 2646 3554 2707 είς
3584 2643 3785 2697 ταυτὸν

2196 2734 2529 2806 συναχθέντα
2566 2734 2824 2790 ἀδύνατον
2862 2738 2922 2789 ἐν
2949 2735 3027 2806 τῷ
3058 2735 3208 2806 αὐτῷ
3240 2736 3327 2790 ἀεὶ
3359 2733 3521 2800 εἶναι,
3555 2735 3630 2807 μὴ
3660 2752 3783 2808 τρι-

2193 2846 2286 2883 του
2320 2828 2465 2892 τινὸς
2500 2828 2603 2899 τῆς
2638 2827 2747 2880 τῶν
2791 2826 2963 2880 ὄντων
2995 2827 3183 2891 οὐσίας
3215 2827 3304 2880 ἀεὶ
3339 2828 3552 2892 ἐνόντος
3576 2829 3783 2893 αὐτοῖς.

2209 2919 2367 2974 Ἀλλὰ
2392 2920 2499 2991 γὰρ
2526 2921 2626 2974 οὐκ
2665 2919 2781 2973 ἐστι
2826 2919 2971 2992 ψυχὴ
3002 2921 3184 2992 τρίτον
3226 2937 3279 2974 τι
3321 2920 3553 2991 πρᾶγμα
3584 2921 3649 2974 ἐκ
3689 2918 3787 2975 δύο

2195 3013 2453 3067 ἐναντίων
2485 3012 2732 3085 ἀλλήλοις
2761 3011 3033 3073 σύνθετον,
3071 3010 3276 3066 ἁπλοῦν
3308 3011 3365 3065 δὲ
3390 3012 3485 3065 καὶ
3511 3014 3577 3084 τῇ
3615 3011 3786 3066 αὐτοῦ

2196 3104 2356 3174 φύσει
2387 3104 2595 3169 ἀπαθὲς
2621 3106 2717 3159 καὶ
2745 3103 3062 3176 ἀσώματον.
3100 3103 3262 3158 Ὅθεν
3299 3104 3549 3169 Πλάτων,
3596 3105 3694 3158 καὶ
3733 3106 3785 3159 οἰ

2201 3199 2321 3268 μετ’
2370 3197 2557 3263 αὐτοῦ,
2591 3196 2859 3252 ἀθάνατον
2901 3196 3070 3268 αὐτὴν
3116 3195 3324 3266 ἔφασαν
3366 3192 3524 3251 εῖναι.
3565 3196 3786 3267 Ἐπειδὴ

2196 3287 2255 3341 δὲ
2280 3287 2370 3342 τὸν
2397 3287 2683 3359 ἄνθρωπον
2714 3288 2779 3341 ἐκ
2803 3286 2981 3357 ψυχῆς
3013 3286 3107 3339 καὶ
3154 3286 3404 3358 σώματος
3451 3288 3628 3352 κοινός
3665 3289 3785 3341 ἐστι

2199 3380 2415 3435 πάντων
2441 3380 2598 3449 λόγος
2621 3380 2923 3449 γεγονέναι,
2955 3380 3024 3434 τὰ
3057 3380 3104 3434 δ’
3128 3381 3186 3435 ἐν
3209 3382 3343 3452 ἡμῖν
3370 3380 3499 3434 ἄνευ
3532 3380 3789 3452 σώματος

2205 3469 2466 3534 ἑκουσίως
2504 3471 2598 3525 καὶ
2630 3470 2899 3534 ἀκουσίως
2940 3470 3238 3541 γιγνόμενα
3273 3469 3419 3540 πάθη
3463 3471 3565 3541 τῆς
3605 3471 3791 3543 ψυχῆς

2198 3559 2336 3616 εἶναι
2375 3560 2615 3630 λέγεται,
2664 3564 2714 3614 οἱ
2757 3561 2857 3632 μὲν
2905 3561 3113 3626 πολλοὶ,
3145 3561 3320 3634 τούτῳ
3356 3563 3790 3635 τεκμαιρόμενοι

2198 3652 2277 3724 τῷ
2310 3652 2422 3725 (45)
2452 3652 2699 3725 παθητὴν
2725 3649 2983 3727 εἶναιτὴν
3002 3654 3191 3709 οὐσίαν
3225 3654 3415 3725 αὐτῆς,
3453 3653 3653 3727 θνητὴν
3684 3656 3788 3709 αὐ-

2202 3744 2299 3817 τὴν
2323 3740 2463 3799 εἶναι
2491 3744 2727 3813 λέγουσι,
2755 3746 2850 3799 καὶ
2896 3746 3255 3818 σωματοειδῆ,
3289 3746 3401 3799 ἀλλ’
3430 3748 3531 3800 οὐκ
3558 3746 3789 3819 ἀσώμα-

2201 3853 2292 3890 τον
2316 3853 2330 3867 ·
2365 3837 2395 3890 ὁ
2431 3835 2489 3889 δὲ
2530 3836 2778 3898 Πλάτων,
2810 3837 2890 3909 τῷ
2919 3837 3078 3909 φύσει
3117 3838 3289 3910 αὐτῆς
3318 3838 3526 3893 ἀπαθεῖ
3574 3856 3790 3911 προστι-

2201 3927 2485 3999 ναγκόισθη
2527 3927 2625 3999 τὴν
2659 3928 2907 4001 παθητὴν
2933 3930 3123 3984 οὐσίαν
3162 3931 3525 4003 προσυφᾶναι.
3565 3931 3689 3984 Ὀτι
3730 3931 3789 3985 δὲ

2205 4020 2282 4092 μὴ
2319 4021 2519 4093 ἑτέρως
2555 4020 2691 4091 ἔχει,
2741 4022 2799 4089 ἐξ
2845 4016 2920 4077 ὧν
2966 4023 3217 4096 ἑκάτεροι
3253 4024 3528 4096 εἰρήκασι,
3557 4024 3789 4079 Πλάτων

2202 4128 2264 4165 τε
2309 4114 2403 4166 καὶ
2447 4113 2498 4165 οἱ
2528 4112 2697 4178 ἄλλοι,
2737 4114 3110 4186 πειρασόμεθα
3138 4115 3216 4185 τῷ
3241 4114 3405 4184 λόγῳ,
3432 4115 3532 4180 τὰς
3558 4116 3617 4170 ἐν
3653 4118 3791 4187 ἡμῖν

2201 4199 2530 4273 ἐνεργούσας
2573 4201 2832 4274 δυνάμεις
2885 4203 3227 4275 παραθέντες
3248 4244 3263 4266 ,
3322 4204 3711 4276 προσδιὸἀσαι.
3764 4226 3784 4259 δ

2203 4289 2391 4345 Ταῦτά
2423 4307 2514 4362 μοι
2552 4291 2661 4345 ἀπὸ
2707 4292 2815 4347 τῶν
2850 4293 3092 4365 Σεσήρου
3140 4293 3236 4347 τοῦ
3265 4294 3613 4349 Πλατωνικοῦ
3660 4297 3792 4368 περὶ

2202 4378 2381 4453 ψυχῆς
2426 4382 2759 4454 προκείσθω.
2800 4383 3003 4454 Σκέψαι
3044 4385 3101 4438 δὲ
3137 4385 3275 4459 πρὸς
3318 4390 3432 4450 τοῖς
3477 4388 3793 4460 εἰρημένοις

2206 4468 2300 4521 καὶ
2333 4467 2472 4533 τόδε,
2499 4470 2629 4541 περὶ
2659 4471 2757 4543 τῆς
2782 4471 3014 4543 οὐρανοῦ
3047 4473 3140 4527 καὶ
3158 4474 3268 4528 τῶν
3302 4476 3360 4529 ἐν
3389 4476 3538 4548 αὐτῷ
3565 4486 3790 4549 φωστὴ-

520 4542 627 4623 bus
653 4542 965 4621 nolentibus
990 4563 1390 4620 commotiones
1423 4562 1718 4626 exsistunt,
1747 4561 1933 4615 animo
1959 4560 2097 4615 assi-

2207 4576 2317 4632 ρων
2352 4561 2547 4633 ἀρχῆς·

521 4670 759 4732 gnantur
784 4659 1073 4725 universae,
1094 4665 1346 4712 naturam
1386 4656 1507 4727 ejus
1538 4654 1796 4727 patiendo
1842 4654 2138 4710 obnoxiam
2197 4669 2321 4711 esse
2367 4656 2721 4727 conjicientes
2781 4659 2908 4716 inde
2968 4662 3248 4733 plerique,
3304 4664 3591 4720 mortalem
3631 4666 3791 4721 illum

521 4762 686 4824 atque
710 4767 1056 4824 corporeum,
1092 4766 1203 4808 non
1257 4751 1506 4823 corporis
1558 4760 1834 4821 expertem
1874 4765 1997 4806 esse
2063 4751 2439 4807 contendunt.-
2479 4750 2634 4811 Plato
2675 4766 2857 4811 autem
2909 4757 2977 4812 ad
3024 4758 3171 4813 illam
3217 4758 3339 4828 ejus
3382 4769 3616 4831 partem,
3668 4778 3792 4834 quae

520 4856 717 4920 suapte
759 4856 959 4903 natura
1000 4862 1220 4903 omnem
1266 4845 1509 4919 patiendi
1558 4845 1941 4902 necessitatem
2004 4846 2336 4911 excluderet,
2386 4847 2620 4905 alteram
2676 4850 2821 4907 hanc
2864 4865 2929 4908 ex
2970 4866 3093 4908 sese
3140 4853 3433 4924 patientem
3491 4855 3792 4928 adjungere

518 4950 745 5000 coactus
772 4947 879 4998 est.
910 4939 1067 5009 Quod
1094 4950 1276 4996 autem
1314 4940 1433 4996 haec
1464 4939 1685 4995 illorum
1716 4939 1974 5006 utrinque
2003 4955 2105 4995 nec
2144 4939 2250 4995 alia
2298 4939 2436 4996 ratio
2496 4939 2691 5009 fuerit,
2734 4959 2803 5028 ex
2835 4945 2903 4999 iis
2955 4960 3078 5015 quae
3114 4961 3239 5000 cum
3283 4960 3316 5000 a
3359 4944 3607 5014 Platone,
3673 4957 3789 5003 tum

520 5034 687 5091 etiam
749 5034 821 5089 ab
876 5033 1001 5088 aliis
1050 5031 1440 5102 disputantur,
1489 5030 1809 5096 ostendere,
1861 5045 1928 5085 ac
1976 5030 2142 5085 simul
2181 5028 2484 5087 effectrices
2531 5033 2675 5100 illas,
2705 5050 2827 5105 quae
2869 5035 3029 5092 nobis
3076 5037 3255 5093 insitae
3307 5046 3455 5105 sunt,
3502 5037 3792 5095 facultates

521 5140 774 5198 promere
820 5139 885 5181 ac
912 5123 1158 5196 proferre
1179 5125 1525 5180 conabimur.
1568 5140 1587 5174 ι
1620 5119 1900 5177 Hactenus
1936 5119 2122 5177 Severi
2159 5120 2430 5182 Platonici
2473 5125 2662 5182 verba.
2710 5124 2829 5181 Jam
2873 5127 2943 5183 de
2985 5126 3146 5196 caeli,
3180 5127 3356 5199 deque
3397 5128 3790 5186 collucentium

519 5220 598 5278 ἰοί
625 5211 882 5276 siderum
915 5218 1207 5290 principio,
1253 5218 1389 5288 quid
1437 5216 1592 5272 Plato
1634 5214 1872 5270 senserit
1907 5213 2215 5272 videamus.

593 5397 707 5469 (44)
752 5397 822 5453 Τὸ
859 5397 1155 5468 μαλακόν.
1188 5395 1319 5451 Post
1347 5396 1463 5469 haec
1492 5394 1679 5459 verba,
1710 5394 2098 5469 duarumsen-

519 5464 816 5523 tentia'rum
860 5464 1242 5536 traiectionem
1288 5467 1585 5536 contigisse
1622 5473 1786 5535 puto;
1837 5464 2099 5536 proinde-

521 5542 631 5609 q'ue
660 5540 742 5609 sic
778 5534 1189 5609 legendum,.fb
1218 5534 1482 5609 μαλακὸν,
1519 5536 1584 5607 τῇ
1612 5534 1672 5609 τε
1710 5534 2101 5609 ἀπαθεῖ-ουσία

524 5603 661 5679 πρὸς
680 5608 779 5680 τὴν
801 5603 1081 5681 παθητὴν,
1094 5608 1189 5663 καὶ
1213 5603 1347 5662 πᾶσι
1371 5609 1485 5670 τοῖς
1502 5603 1762 5671 τοιούτοις
1786 5603 2103 5678 μίαν⁹ἇλλην

2204 5395 2421 5479 ⁸ξιεάντων
2459 5397 2746 5479 κοινωνίαν
2765 5415 2781 5429 ·
2802 5397 2871 5453 τὰ
2907 5397 2966 5452 δὲ
2989 5399 3281 5469 κραθέντα,
3309 5409 3413 5458 etc.
3438 5400 3618 5470 Quam
3652 5416 3790 5460 con-

2202 5475 2469 5538 jecturam
2503 5475 2558 5522 in
2586 5475 2837 5525 versione
2864 5479 3087 5528 secutus
3114 5486 3258 5529 sum.

2281 5536 2394 5608 (45)
2432 5525 2596 5594 Forte
2623 5538 2704 5605 τό,
2743 5539 2826 5596 vel
2859 5538 2997 5596 dele.
