4122 6422
539 334 682 391 “59

1193 338 1468 397 EUSEBII
1506 342 1986 404 CESARIENSIS
2022 348 2172 406 OPP.
2211 351 2392 410 PARS
2425 355 2491 415 ll.
2531 387 2602 399 --
2639 358 3142 420 A‘POLOGETICA.

3648 371 3787 428 1160

540 459 597 510 et
640 469 868 511 numero
912 463 1183 526 quatuor,
1227 458 1393 529 hujus
1450 463 1638 518 mundi
1684 479 1884 536 corpus
1915 482 2095 523 secum

2205 471 2391 545 κύκλῳ
2426 474 2492 548 δὴ
2528 474 2639 548 (55)
2676 477 2874 534 κύκλον
2917 482 3304 553 στρεφόμενον,
3346 484 3574 558 οὐρανὸν
3627 488 3792 558 μόνον

537 553 665 615 apte
686 547 1038 602 consentiens
1071 546 1321 604 eﬂectum
1347 560 1467 609 est:
1500 562 1613 608 tum
1652 569 1716 609 ea
1741 572 1863 611 sese
1915 559 2107 614 amici-

537 640 613 694 tia
669 640 896 710 proinde
948 641 1360 711 complectitur,
1419 654 1479 700 ut
1536 647 1590 701 in
1628 664 1796 703 unum
1845 665 1940 720 per
1987 667 2107 708 sese

535 732 870 799 coalescens,
912 733 983 788 ab
1039 733 1184 801 alio,
1236 751 1400 804 quam
1453 737 1523 791 ab
1578 753 1680 802 eo,
1714 740 1875 810 cujus
1937 756 2105 796 manu

536 824 851 892 colligatum
903 832 1005 890 est,
1058 825 1280 879 dissolvi
1329 843 1607 898 nunquam
1636 830 1829 899 possit.
1870 850 1890 883 ›
1946 831 2104 901 703

536 914 746 981 Quibus
793 915 908 969 haec
957 925 1082 986 post
1131 919 1393 973 nonnulla
1427 921 1747 991 subjungit:
1786 942 1805 973 ‹
1846 921 2105 975 Animum

533 1018 715 1063 autem
741 1008 860 1077 ejus
886 1009 939 1063 in
973 1010 1152 1063 medio
1179 1012 1524 1079 collocatum,
1558 1015 1629 1069 ita
1668 1031 1762 1084 per
1787 1015 2105 1069 universum

533 1099 743 1165 effudit,
773 1111 833 1154 ut
865 1101 1043 1171 ipsum
1068 1118 1283 1172 quoque
1308 1119 1510 1173 corpus
1538 1106 1882 1160 extrinsecus
1910 1121 1976 1160 eo
1997 1106 2106 1161 cir-

532 1194 901 1249 cumfuderit:
938 1194 1183 1263 adeoque
1230 1196 1493 1250 mundum
1519 1198 1685 1262 hunc,
1712 1200 1900 1253 orbem
1934 1217 2102 1255 unum

532 1285 792 1354 aliquem,
813 1284 1015 1355 quique
1044 1284 1096 1338 in
1129 1286 1316 1340 orbem
1343 1292 2104 1356 converterentur,cumdem-

532 1392 640 1448 que
698 1377 875 1431 solum
922 1393 987 1431 ac
1028 1378 1146 1432 sine
1180 1378 1506 1449 cujusquam
1557 1382 1781 1437 alterius
1828 1384 2103 1439 consortio

533 1483 659 1525 esse
693 1469 887 1524 voluit.
919 1488 936 1519 ι
970 1470 1146 1539 Atque
1174 1470 1370 1525 iterum
1401 1470 1629 1527 inferius
1671 1493 1682 1526 :
1720 1494 1738 1525 ι
1776 1474 1891 1530 Hoc
1915 1475 2099 1546 igitur,

532 1561 734 1632 inquit,
780 1561 978 1615 divina:
1025 1561 1379 1629 providentia:
1434 1564 1700 1628 consilio,
1749 1566 1826 1620 uti
1886 1576 2101 1636 tempus

529 1655 838 1719 exsisteret,
867 1652 971 1718 sol,
996 1653 1150 1717 luna,
1179 1668 1243 1708 ac
1267 1660 1458 1710 caetera
1484 1657 1724 1727 quinque
1747 1659 1920 1713 sidera
1948 1700 1962 1723 ,
1981 1675 2103 1729 qua:

526 1745 693 1816 vulgo
713 1744 952 1800 errantia
980 1745 1353 1813 nominantur,
1378 1756 1666 1817 procreata
1691 1758 1838 1812 sunt,
1863 1764 2098 1819 quorum

2205 563 2302 619 ἕνα
2331 564 2534 637 ἔρημον
2559 569 2880 641 κατέστησε.
2915 591 2934 624 ι
2971 574 3081 627 Καὶ
3109 573 3273 629 πάλιν
3301 575 3510 641 ὑποϐάς
3534 578 3790 653 ἐπιφέρει

2205 655 2408 725 λέγων’
2445 679 2464 711 ι
2506 660 2596 726 Ἐξ
2627 656 2722 715 οὖν
2758 663 2917 732 λόγου
2956 665 3067 737 (56)
3110 667 3204 720 καὶ
3241 667 3480 734 διανοίας
3512 671 3648 726 Θεοῦ
3676 692 3791 729 τοι-

2206 749 2376 820 αύτης
2396 752 2531 823 πρὸς
2556 754 2747 824 χρόνου
2771 757 3002 824 γένεσιν,
3032 759 3116 813 ἵνα
3141 760 3343 833 γενηθῇ
3375 764 3587 834 χρόνος,
3612 766 3786 837 ἥλιος,

2206 840 2300 892 καὶ
2338 841 2554 913 σελήνη,
2590 846 2683 897 καὶ
2732 846 2893 899 πέντε
2934 847 3069 903 ἄλλα
3100 850 3295 922 ἄστρα,
3321 852 3556 925 ἐπίκλην
3595 856 3789 926 ἔχοντα

2207 930 2498 1003 πλάνητες,
2529 937 2608 998 εὶς
2633 936 2911 1008 διορισμὸν
2942 941 3037 993 καὶ
3075 942 3319 1014 φυλακὴν
3357 936 3613 1016 ἀριθμῶν
3653 948 3787 1020 χρό-

2204 1040 2295 1075 νου
2340 1024 2557 1092 γέγονε·
2596 1026 2822 1098 σώματα
2868 1030 2922 1083 δὲ
2966 1032 3144 1085 αὐτῶν
3188 1035 3435 1089 ἑκάστων
3478 1042 3714 1109 ποιήσας
3758 1043 3790 1094 ὁ

2204 1114 2355 1179 Θεὸς,
2384 1117 2574 1187 έθηκεν
2604 1122 2682 1184 εἰς
2715 1120 2813 1184 τὰς
2843 1124 3164 1195 περιφορὰς,
3195 1126 3261 1190 ἃς
3288 1129 3321 1199 ἡ
3366 1129 3594 1202 θατέρου
3637 1132 3791 1203 περί-

2203 1206 2318 1271 οδος
2369 1209 2472 1279 ¹ᾔει.
2518 1229 2535 1260 ι
2583 1212 2695 1265 Καὶ
2735 1215 3010 1283 ἐπιλέγει·
3065 1236 3084 1267 ι
3123 1220 3354 1290 Δεσμοῖς
3409 1240 3469 1276 τε
3517 1224 3793 1295 ἐμψύχοις

2206 1300 2433 1372 σώματα
2482 1303 2702 1359 δεθέντα
2753 1306 2867 1371 ζῶα
2919 1309 3173 1381 ἐγενήθη,
3228 1313 3288 1365 τό
3344 1330 3405 1366 τε
3475 1318 3788 1387 προταχθὲν

2203 1393 2390 1465 ἔμαθε.
2430 1416 2447 1448 ι
2497 1398 2608 1451 Καὶ
2654 1399 2713 1453 ἐν
2757 1399 2833 1470 τῷ
2875 1402 3086 1473 δεκάτῳ
3136 1403 3255 1457 τῶν
3291 1404 3507 1475 Νόμων
3553 1409 3787 1471 καθόλου

2202 1486 2330 1556 περὶ
2352 1488 2532 1558 πάσης
2553 1488 2731 1562 ψυχῆς
2759 1491 3139 1561 ἀποφαίνεται,
3175 1495 3348 1564 λέγων
3374 1491 3479 1551 ὦδε
3499 1516 3513 1530 ·
3550 1520 3569 1551 ι
3608 1503 3791 1555 Μετα-

2202 1576 2387 1630 ϐάλλει
2432 1579 2683 1649 μέντοιγε
2725 1582 2835 1655 (57,-)
2879 1584 3033 1638 πάνθ’
3063 1587 3163 1639 ὅσα
3192 1587 3397 1659 μέτοχά
3424 1591 3541 1644 έστ⁶
3579 1592 3785 1665 ψυθλθ

2202 1669 2260 1722 ἐν
2314 1672 2525 1736 ἑαυτοῖς
2576 1676 2889 1747 κεκτημένα
2932 1678 3033 1749 τὴν
3084 1678 3185 1749 τῆς
3221 1682 3524 1754 μεταϐολῆς
3577 1686 3782 1740 αἰτίαν.

2200 1761 2588 1816 Μεταϐαλόντα
2616 1763 2671 1817 δέ
2701 1766 2922 1836 φέρεται
2964 1768 3074 1839 (58)
3112 1770 3254 1825 κατὰ
3297 1772 3396 1845 τὴν
3434 1775 3537 1843 τῆς
3584 1779 3789 1850 εἱμαρ-

528 1846 683 1894 motu
712 1851 1068 1891 numerorum
1112 1836 1374 1906 temporis
1399 1847 1454 1893 et
1479 1850 1698 1894 exstare
1728 1840 1889 1905 ratio,
1917 1851 1971 1895 et
1998 1841 2095 1895 ob-

2204 1852 2369 1923 μένης
2418 1855 2571 1920 τάξιν
2620 1829 2724 1911 καὶ.
2751 1829 2913 1929 νόμον
2937 1829 3306 1936 ’.μίκρότερα
3347 1829 3446 1936 μὲν
3492 1829 3605 1921 τῶν
3634 1829 3788 1938 ῆθῶν

527 1915 737 1987 servari
762 1937 965 2000 posset.
1000 1927 1208 1983 Horum
1237 1944 1469 1999 corpora
1513 1930 1853 2001 singulorum
1882 1932 2101 1988 molitus

526 2022 696 2089 Deus,
728 2022 798 2077 iis
818 2022 1076 2077 manibus
1102 2022 1307 2077 servire
1331 2023 1519 2092 jussit,
1550 2039 1690 2092 quos
1717 2024 1941 2077 alterius
1966 2039 2100 2079 con—

525 2115 711 2171 versio
737 2114 993 2170 eﬁiceret.
1027 2134 1047 2167 ι
1081 2113 1150 2169 Ει
1197 2114 1363 2185 paulo
1410 2125 1534 2185 post
1572 2133 1586 2170 :
1637 2134 1655 2168 ι
1691 2113 1850 2182 Haec,
1900 2116 2099 2186 inquit,

505 2217 761 2278 torpora
794 2206 1056 2262 animatis
1078 2207 1315 2262 vinculis
1342 2207 1616 2279 colligata,
1648 2210 1946 2265 animantia
1977 2226 2104 2265 eva-

526 2315 669 2366 sere,
699 2309 861 2370 atque
886 2300 1139 2370 imperati
1169 2300 1273 2357 sibi
1300 2301 1542 2357 rationes
1572 2316 1898 2371 cognovere.
1917 2300 2101 2357 iidem

525 2405 659 2447 vero
688 2389 886 2462 Legum
922 2390 1139 2446 decimo
1172 2374 1438 2447 universe.
1475 2391 1543 2445 de
1592 2392 1741 2446 omni
1797 2393 1982 2447 animo
2023 2394 2104 2449 sic

524 2481 768 2553 loquitur
794 2500 860 2543 :,¢
894 2481 1170 2551 Quidquid
1202 2482 1387 2536 animo
1422 2482 1708 2552 praeditum
1758 2491 1861 2550 est,
1888 2484 2099 2555 inquit,

523 2574 579 2631 id
609 2589 792 2640 omne,
821 2575 967 2644 quod
1000 2575 1320 2630 mutationis
1344 2573 1398 2627 in
1433 2589 1554 2630 sese
1605 2590 1828 2631 causam
1874 2577 2100 2645 habeat,

523 2676 767 2723 mutetur
811 2683 1038 2723 necesse
1083 2674 1187 2723 est.
1238 2664 1359 2730 Quo
1392 2667 1449 2721 in
1502 2667 1823 2723 mutationis
1883 2684 2098 2739 genere,

524 2757 742 2827 singula
772 2756 870 2812 fati
899 2758 1149 2813 ordinem
1181 2772 1248 2812 ac
1298 2756 1468 2826 legem
1499 2767 1821 2828 sequuntur.
1846 2756 1946 2825 Ita,
1981 2776 2100 2830 qua:

521 2848 641 2904 suis
662 2847 717 2901 in
751 2848 1001 2903 moribus
1033 2848 1250 2901 minora
1276 2855 1487 2901 tantum
1514 2848 1699 2919 aliqua
1734 2852 2097 2919 mutaverint,

520 2953 588 2995 ea
621 2939 805 2994 minus
829 2939 1088 3009 depressa
1122 2954 1219 3009 per
1258 2954 1534 2994 summum
1569 2940 1837 2997 duntaxat
1863 2942 2100 3012 regionis

521 3030 700 3086 solum
746 3030 1039 3097 incedunt;
1071 3045 1191 3100 quae
1226 3030 1385 3100 plura
1430 3028 1789 3102 gravioraque
1836 3047 2096 3102 peccave-

2204 1946 2593 2016 μεταϐαλόντα,
2637 1948 2843 2004 ἐλάττω
2875 1952 3015 2006 κατὰ
3055 1953 3117 2007 τὸ
3153 1954 3254 2027 τῆς
3300 1955 3485 2028 χώρας
3526 1958 3788 2012 ἐπίπεδον

2204 2037 2665 2109 μεταπορεύεται*
2715 2039 2883 2094 πλείω
2930 2041 2986 2095 δέ
3029 2043 3124 2097 καὶ
3169 2044 3496 2118 ἀδικώτερα.
3543 2034 3791 2118 μεταπε-

2201 2129 2361 2183 σόντα
2398 2132 2479 2195 είς
2521 2128 2703 2199 βάθος.
2737 2150 2757 2185 ι
2791 2132 2855 2185 Ei
2893 2133 2957 2204 δὴ
2987 2129 3080 2188 οὖν
3112 2137 3436 2207 μεταϐάλλει
3477 2140 3588 2211 (59)
3622 2142 3786 2197 πάνθ’

2199 2221 2298 2272 ὅσα
2331 2221 2532 2291 μέτοχά
2576 2224 2691 2276 ἐστι
2736 2223 2935 2295 ψυχῆς,
2971 2227 3029 2279 ἐν
3074 2227 3285 2294 ἑαυτοῖς
3338 2233 3652 2303 κεκτημένα
3683 2235 3788 2306 τὴν

2199 2313 2297 2383 τῆς
2339 2315 2640 2385 μεταϐολῆς
2666 2316 2863 2384 αἰτίαν,
2904 2319 3131 2390 οὐρανὸς
3160 2320 3218 2375 δὲ
3249 2322 3345 2376 καὶ
3374 2322 3527 2395 ἥλιος
3559 2327 3655 2379 καὶ
3696 2344 3791 2380 σε-

2199 2402 2330 2475 λήνη
2376 2403 2581 2474 μέτοχά
2607 2407 2724 2457 ἐστι
2766 2404 2966 2476 ψυχῆς,
3004 2410 3124 2462 κατ’
3153 2410 3316 2464 αὐτὸν
3356 2413 3447 2466 τὸν
3481 2414 3784 2471 Πλάτωνα’

2200 2497 2296 2548 καὶ
2322 2494 2493 2549 ταῦτα
2525 2497 2633 2567 ἄρα
2665 2497 2984 2566 μεταϐάλλοι
3014 2499 3100 2565 ἂν,
3135 2501 3194 2555 ἐν
3227 2503 3439 2569 ἑαυτοῖς
3467 2508 3787 2579 κεκτημένα

2198 2587 2297 2656 τὴν
2340 2587 2437 2658 τῆς
2483 2587 2787 2658 μεταϐολῆς
2830 2590 3031 2656 αἰτίαν,
3076 2591 3217 2646 κατὰ
3256 2594 3349 2648 τὸν
3397 2596 3562 2650 αὐτοῦ
3599 2598 3783 2667 λόγον.

2198 2678 2324 2743 Πῶς
2354 2674 2447 2732 οὖν
2487 2678 2648 2733 πάλιν
2695 2680 2899 2745 ἀϊδίους
2949 2684 3148 2748 αὐτοὺς
3187 2680 3347 2751 εἶναι,
3375 2672 3597 2743 καῖ’διὰ
3624 2691 3786 2746 τοῦτο

2199 2771 2354 2838 θεούς
2399 2791 2552 2845 φησι,
2589 2774 2792 2845 καίπερ
2836 2777 2893 2829 ἐν
2938 2775 3152 2848 σώματι
3198 2778 3424 2852 φθαρτῷ
3452 2780 3633 2849 ὄντας,
3684 2785 3786 2837 καὶ

2196 2864 2424 2935 λυθῆναι
2475 2866 2619 2931 οἴους
2661 2884 2757 2933 τε;
2793 2868 2956 2936 Λέγει
2987 2867 3030 2921 δ’
3083 2866 3175 2925 οὖν
3209 2871 3370 2927 πάλιν
3416 2874 3475 2926 ἐν
3528 2877 3781 2944 Τιμαίῳο

2203 2974 2223 3008 ι
2269 2957 2419 3010 Ἐπεὶ
2447 2956 2491 3010 δ’
2525 2954 2617 3012 οὖν
2650 2959 2848 3023 πάντες
2876 2960 2991 3012 ὅσοι
3033 2977 3092 3014 τε
3137 2962 3493 3034 περιπολοῦσι
3528 2966 3787 3038 φανερῶς

2196 3046 2292 3101 καὶ
2323 3047 2436 3099 ὅσοι
2468 3048 2764 3116 φαίνονται,
2792 3048 3019 3103 καθόσον
3046 3051 3112 3104 ἂν
3144 3051 3367 3105 ἐθέλωσι
3408 3053 3540 3121 θεοὶ,
3566 3056 3783 3124 γένεσιν

519 3123 655 3192 rint,
678 3122 952 3194 profundo
980 3122 1195 3192 gurgite
1224 3122 1574 3178 hauriuntur.
1609 3139 1630 3176 ι
1664 3122 1721 3178 Si
1765 3139 1895 3194 ergo
1933 3124 2094 3196 quid-

2198 3138 2374 3209 ἔσχον,
2423 3139 2572 3210 λέγει
2618 3141 2755 3213 πρὸς
2792 3142 2990 3207 αὐτοὺς
3034 3145 3063 3197 ό
3105 3144 3221 3198 τόδε
3259 3145 3319 3198 τὸ
3360 3147 3467 3200 πᾶν
3514 3122 3784 3220 γεννήσας

519 3218 653 3289 quid
679 3216 867 3272 animo
886 3214 1174 3286 praeditum
1204 3223 1308 3281 est,
1333 3216 1477 3271 idem
1498 3223 1582 3271 est
1602 3217 1894 3273 mutationi
1921 3218 2094 3272 obno-

519 3310 697 3375 xium,
734 3307 892 3378 cujus
938 3307 991 3361 in
1039 3322 1161 3362 sese
1190 3322 1415 3362 causam
1447 3307 1720 3374 includat;
1766 3309 1962 3363 coelum
1995 3323 2093 3362 au-

523 3404 655 3459 tem,
688 3394 791 3461 sol,
820 3403 985 3464 atque
1019 3395 1170 3460 luna,
1206 3404 1268 3449 ut
1297 3393 1451 3449 Plato
1500 3395 1616 3465 ipse
1661 3397 1870 3463 statuit,
1909 3396 2091 3453 animo

518 3488 746 3558 praedita
777 3493 939 3554 sunt;
973 3486 1163 3541 eadem
1199 3502 1420 3557 quoque
1443 3496 1572 3543 sunt
1604 3488 1894 3543 mutationi
1922 3488 2093 3543 obno-

519 3576 634 3643 xia,
659 3576 817 3645 cujus
844 3577 897 3630 in
928 3591 1049 3632 sese
1074 3593 1296 3632 causam
1346 3577 1650 3644 includant,
1699 3579 1745 3633 si
1774 3579 1905 3649 quid
1934 3579 2092 3634 eilicit

518 3665 642 3736 ejus
670 3666 1038 3723 ratiocinatio.
1071 3666 1229 3734 Quod
1256 3668 1302 3723 si
1349 3668 1426 3723 ita
1452 3677 1558 3734 est,
1591 3670 1870 3739 quomodo
1900 3686 2091 3726 rursus

519 3748 880 3812 aeternitatem
901 3757 955 3813 in
980 3759 1109 3825 illis,
1126 3774 1189 3814 ac
1208 3760 1436 3829 proinde
1451 3760 1795 3815 divinitatem
1824 3763 2088 3832 agnoscit,

519 3862 647 3903 cum
679 3863 746 3903 ex
797 3849 1005 3904 caduco
1046 3851 1373 3920 mortalique
1418 3866 1651 3921 corpore
1687 3861 1940 3908 concreta
1975 3854 2089 3910 dis-

520 3939 659 3995 solvi
709 3940 1008 4011 aliquando
1046 3941 1301 4012 possint?
1332 3940 1469 3996 Nam
1521 3943 1576 3997 in
1620 3941 1816 4000 Timteo
1871 3946 2088 4015 quidem

523 4030 641 4085 haec
667 4029 829 4100 ipse:
873 4054 891 4083 ι
928 4030 1197 4097 Quoniam
1248 4032 1436 4103 igitur,
1492 4033 1710 4104 inquit,
1764 4036 1838 4092 dii
1875 4052 2087 4104 omnes,

518 4131 629 4178 tam
655 4123 750 4193 qui
775 4123 955 4193 palam
987 4123 1281 4179 volvuntur
1302 4125 1359 4179 in
1391 4126 1551 4192 caelo,
1582 4141 1748 4197 quam
1781 4127 1874 4197 qui
1897 4127 2089 4183 viden-

516 4214 618 4271 dos
651 4231 773 4272 sese
812 4216 971 4272 nobis
1006 4232 1104 4286 pro
1150 4218 1431 4273 voluntate
1461 4220 1725 4290 praabent,
1759 4230 1938 4276 ortum
1987 4223 2089 4277 ha-

516 4306 706 4372 buere,
736 4306 817 4362 sic
852 4321 950 4363 eos
999 4307 1240 4362 universi
1269 4307 1433 4378 hujus
1457 4309 1707 4365 conditor
1741 4310 2039 4380 alloquitur
2070 4329 2085 4366 :

517 4396 646 4456 Haec
677 4416 796 4468 vos,
849 4401 946 4471 qui
995 4401 1222 4456 deorum
1263 4411 1386 4456 satu
1428 4403 1534 4457 orti
1577 4402 1746 4468 estis,
1802 4404 2084 4459 attendite.

2192 3234 2353 3289 τάδε·
2388 3234 2513 3287 Θεοὶ
2559 3233 2717 3297 θεῶν,
2752 3228 2826 3288 ὧν
2861 3235 2970 3303 ἐγὼ
3001 3236 3333 3308 δημιουργὸς
3380 3242 3565 3312 πατὴρ
3595 3258 3657 3294 τε
3687 3241 3785 3313 έρ-

2191 3343 2324 3395 γων,
2358 3326 2527 3380 ἄλυτα
2566 3326 2699 3397 ἐμοῦ
2733 3326 2807 3398 μὴ
2854 3327 3120 3394 θέλοντος,
3162 3330 3224 3384 τὸ
3267 3329 3367 3402 μὲν
3401 3328 3493 3386 οὖν
3533 3333 3599 3404 δὴ
3627 3334 3783 3389 δεθὲν

2192 3418 2300 3471 πᾶν
2324 3416 2501 3471 λυτόν.
2547 3417 2619 3469 Τό
2648 3434 2711 3483 γε
2751 3417 2856 3489 μὴν
2897 3419 3080 3485 καλῶς
3111 3423 3385 3494 ἁρμοσθέν
3424 3425 3519 3478 καὶ
3560 3426 3684 3496 ἓχρν
3718 3422 3782 3482 εὖ

2189 3506 2337 3560 λύειν
2379 3506 2583 3559 ἐθέλειν
2626 3505 2818 3560 κακοῦ.
2855 3509 2933 3560 Δι’
2972 3508 3008 3562 ἃ.
3051 3510 3146 3564 καὶ
3192 3512 3424 3585 ἐπείπερ
3456 3515 3779 3586 γεγένησθε,

2190 3597 2448 3652 ἀθάνατοι
2481 3597 2580 3668 μὲν
2613 3592 2705 3651 οὖν
2737 3596 2839 3653 οὒκ
2877 3600 3022 3665 ἐστε,
3056 3600 3163 3654 οὐδ’
3199 3603 3383 3657 ᾶλυτοι
3416 3605 3476 3657 τὸ
3504 3606 3778 3675 πάμπαν⁶

2189 3686 2306 3741 οὔτι
2343 3687 2441 3759 μέν
2472 3705 2555 3740 τοι
2600 3687 2899 3759 λυθήσεσθέ
2942 3707 3027 3759 γε,
3073 3690 3193 3745 οὐδὲ
3237 3693 3493 3762 τεύξεσθε
3544 3696 3781 3752 θανάτου

2194 3780 2406 3852 μοίρας,
2438 3780 2535 3847 τῆς
2565 3781 2706 3851 ἐμῆς
2737 3780 3045 3854 βουλήσεως
3079 3784 3322 3855 μείζονος
3350 3787 3430 3840 ἔτι
3458 3787 3660 3844 δεσμοῦ
3683 3791 3782 3843 καὶ

2190 3871 2525 3943 κυριωτέρου
2572 3872 2827 3943 λαχόντες
2878 3875 3139 3942 ἐκείνων,
3187 3872 3269 3941 οἷς
3320 3879 3409 3932 ὅτε
3468 3881 3776 3949 ἐγιγνεσθε,

2191 3957 2509 4024 ξυνεδεῖσθε.
2546 3980 2565 4013 ι
2604 3962 2790 4016 Ταῦτα
2819 3964 2848 4016 ό
2880 3963 3126 4021 Πλάτων.
3170 3967 3411 4033 Εἰκότως
3443 3971 3579 4041 δῆτα
3605 3974 3778 4029 Μωῦ-

2192 4053 2310 4125 σῆς,
2341 4053 2436 4107 καὶ
2467 4053 2537 4107 τὰ
2572 4051 2835 4125 Ἑϐραίων
2872 4056 3048 4125 λόγια,
3096 4059 3274 4113 σέϐειν
3317 4061 3414 4132 μὲν
3439 4064 3777 4136 ἀπαγορεύει

2187 4142 2379 4206 ταῦτα,
2414 4143 2505 4196 καὶ
2543 4142 2699 4208 θεοὺς
2728 4146 2999 4217 ἡγεῖσθαι,
3027 4149 3138 4203 ἄνω
3171 4150 3227 4203 δὲ
3269 4153 3405 4223 πρὸς
3434 4153 3524 4206 τὸν
3554 4156 3779 4227 παμϐα-

2191 4235 2341 4289 σιλέα
2363 4234 2493 4289 Θεὸν
2523 4235 2812 4305 ἀνάγοντα,
2843 4239 3003 4293 αὑτὸν
3045 4241 3110 4313 δὴ
3154 4242 3244 4296 τὸν
3278 4242 3453 4313 ἡλίου,
3490 4245 3585 4299 καὶ
3617 4245 3779 4318 σελή-

2188 4344 2307 4399 νης,
2339 4327 2433 4381 καὶ
2480 4329 2720 4401 ἄστρων,
2756 4330 2877 4383 ὅλου
2925 4350 2982 4385 τε
3017 4334 3247 4404 οὐρανοῦ
3296 4336 3390 4406 καὶ
3431 4338 3640 4408 κόσμου
3672 4338 3776 4411 δη-

2192 4418 2470 4489 μιουργὸν,
2500 4420 2591 4475 τὸν
2618 4422 2682 4492 δὴ
2710 4424 2779 4475 τὰ
2808 4423 2983 4477 πάντα
3009 4424 3136 4492 θείῳ
3160 4426 3303 4499 λόγῳ
3331 4428 3667 4499 συνδήσαντά
3687 4448 3774 4497 τε,

514 4489 761 4558 Quorum
783 4506 1012 4563 operum
1046 4508 1146 4565 ego
1176 4507 1378 4563 parens
1404 4492 1736 4565 eﬂ‘ectorque
1772 4511 1917 4564 sum,
1963 4511 2086 4566 quae

2195 4509 2281 4562 καὶ
2313 4489 2813 4583 συναρμοσάμενον,
2841 4513 2999 4585 μόνον
3023 4489 3286 4587 ἡγεῖσθάί
3307 4519 3461 4585 Θεὸν,
3480 4489 3592 4575 ’καὶ
3624 4489 3776 4595 μόνω

516 4671 652 4762 mihi
678 4671 1033 4762 philosophus
1057 4671 1289 4762 videtur,
1314 4674 1553 4756 animum
1575 4691 1629 4728 se
1652 4674 1764 4762 ipso
1795 4686 2088 4762 exn-eruum

513 4743 650 4817 illud
687 4742 874 4817 coelum
902 4743 959 4794 in
993 4743 1201 4817 orbem,_
1224 4744 1596 4817 id_eniui.est,
1610 4742 1819 4817 κύκλῳ,
1859 4747 2090 4817 undique

515 4813 925 4885 circumdedisse
949 4824 968 4863 :
995 4821 1157 4885 atque
1191 4814 1262 4867 ita
1286 4813 1445 4884 longe
1476 4813 1693 4869 facilius
1722 4813 1867 4884 quod
1893 4813 2090 4885 adjun-

553 4882 595 4935 it
636 4882 967 4953 intelligas,
995 4884 1232 4953 animum
1265 4882 1598 4953 semetipsum
1630 4886 1687 4937 in
1710 4882 1820 4939 sEse
1857 4882 2083 4941 versare.

559 4967 662 5025 aue
688 4950 1044 5025 Tiniieusgille
1084 4951 1325 5025 Locros,
1359 4954 1413 5025 in
1447 4950 1559 5025 suo
1582 4954 1681 5025 ADe
1720 4965 1913 5008 mitura
1947 4971 2087 5025 Opu-

514 5022 690 5094 sculo,
721 5023 865 5091 quod
894 5021 1373 5094 PlatonicirTimwi
1413 5023 1686 5093 quoddam
1716 5026 1871 5094 quasi
1903 5021 2086 5080 semen

515 5093 838 5166 diciqueat,
859 5093 942 5166 ita
974 5093 1297 5166 clarissime,
1342 5095 1441 5166 τὰν
1475 5093 1532 5145 δέ
1559 5093 1636 5164 τῷ
1663 5093 1853 5166 κόσμῳ
1883 5096 2084 5166 ψυχὰν,

511 5161 742 5284 ἓιεσόθεν
781 5161 1017 5232 ἐξάψας,
1059 5164 1336 5249 ἐπήγαγεν
1369 5163 1501 5228 ἔξω,
1550 5161 1927 5235 περικαλύψας
1956 5161 2088 5252 αὐτὸ

544 5231 632 5284 λον
679 5233 850 5284 αύτᾶ.
906 5234 1095 5284 κρᾶμα
1134 5235 1302 5284 αύτκν
1342 5236 1749 5284 κερασάμενος-
1794 5237 1858 5284 ἐκ
1886 5254 1945 5284 τε
1987 5254 2086 5284 τας

573 5247 601 5283 ο

602 5249 632 5285 ν
669 5233 850 5306 αὐτᾷ,
906 5234 1095 5306 κρᾶμα
1134 5235 1302 5306 αύτὲιν
1342 5233 1858 5306 κερασάμενος,γέκ
1886 5254 1945 5290 τε
1987 5239 2086 5303 τᾶς
2148 5278 2158 5287 .

511 5301 620 5373 ἀμε
664 5301 801 5356 ίστω
864 5301 1036 5375 ορερἆ
1061 5342 1075 5366 ,
1111 5304 1205 5356 καὶ
1232 5305 1329 5367 τᾶς
1480 5301 1631 5368 mea;
1656 5304 1862 5369 οὐσίας.

584 5318 697 5427 (5P5)
734 5321 864 5427 Kay
889 5374 1092 5427 κύκλω
1133 5373 1209 5427 δή
1233 5413 1248 5427 .
1290 5386 1391 5427 etc.
1425 5323 1670 5427 'Fullius.
1702 5378 1862 5427 caeloa

584 5372 697 5444 (55)
734 5372 845 5448 Kal
1119 5373 1209 5448 Δδή
1233 5372 1391 5448 ποις.
1410 5372 1637 5448 γΤυιιίιιε
1655 5415 1670 5441 ,
1702 5378 1928 5448 caeloque
1956 5378 2087 5432 sali-

512 5442 734 5516 uago,‘e_t
762 5442 999 5506 volubili,
1029 5454 1079 5498 et
1108 5444 1167 5516 in
1195 5444 1369 5498 orbem
1400 5447 1622 5500 incitato
1656 5442 1956 5516 complexus
1980 5460 2079 5503 est.

512 5512 754 5587 A_crioris
790 5523 1043 5587 essetac
1089 5513 1390 5587 ﬁdentioris
1435 5518 1668 5587 ingenii,
1716 5512 1832 5573 haec
1865 5527 1919 5573 et
1975 5520 2082 5574 alia

511 5582 788 5660 pleraque,
822 5598 885 5636 ac
912 5585 1221 5660 pliilosOpbi
1249 5587 1412 5660 verba
1467 5582 1836 5660 κριτικότερον
1882 5604 2085 5658 expen-

512 5651 661 5729 dere.
683 5651 927 5729 Iantum
945 5651 1162 5729 moneo,
1188 5656 1373 5711 leviter
1402 5651 1724 5729 mutandum
1746 5651 1914 5714 videri
1936 5651 2081 5729 quod

510 5721 923 5801 apudATulliutrt
961 5725 1242 5793 sequitur,
1284 5727 1421 5796 quod
1449 5745 1625 5801 rerum
1662 5730 1834 5798 ipsum
1872 5721 2082 5799 propter

509 5792 757 5846 virtutem
795 5792 950 5859 facile
982 5792 1094 5849 esse
1120 5792 1315 5864 posset,
1351 5813 1441 5852 nec
1478 5792 1799 5857 desideraret
1831 5792 2078 5870 alterum,

2191 4682 2323 4737 satis
2358 4683 2459 4738 sibi
2484 4685 2594 4755 ipse
2627 4698 2781 4759 natus
2805 4696 2857 4741 et
2886 4688 3198 4759 familiaris.
3227 4694 3590 4752 Scribcndum
3622 4700 3772 4756 enim

2189 4762 2312 4834 est,“
2325 4765 2521 4834 notant
2533 4758 2905 4834 etfamiliare,
2931 4776 3067 4834 _n_aiu
3097 4763 3177 4834 de
3193 4767 3349 4819 cmlo-
3366 4766 3625 4834 loquitur,

2261 4823 2385 4948 gas;
2388 4825 2521 4948 612.5
2548 4823 2663 4883 oar
2688 4823 2897 4897 λόγου.
2927 4828 3082 4887 Plato
3109 4832 3267 4898 ibid.,
3303 4835 3408 4891 529
3437 4823 3499 4890 'F.
3530 4838 3768 4907 Tullius,

2189 4903 2778 5087 :Eiiglémgrmea
2833 4968 3041 5038 μέντοι
3072 4989 3159 5042 γε.
3201 4972 3344 5029 ldcm
3367 5017 3381 5041 ,
3424 4977 3519 5032 lib.
3552 4995 3585 5032 ι
3614 4980 3769 5051 Leg.,

2188 5035 2834 5189 Ῠθῗϐὃῗῑῖιὲτξιὲαλόνεςι
2857 5107 2926 5161 δὲ
2952 5111 3211 5180 φέρεται.
3256 5113 3442 5184 Plato,
3494 5120 3771 5189 μεταϐάλ-

2187 5172 2359 5249 λοντα
2379 5174 2435 5227 δὲ
2459 5175 2725 5249 φαίνεται.
2756 5177 2921 5249 Elige.

2247 5243 2373 5366 .359)
2412 5248 2480 5299 El
2508 5245 2584 5313 δὴ
2611 5243 2726 5301 οὖν
2746 5243 3127 5317 μεὶαϐάλλει.
3159 5252 3423 5313 Videntur
3446 5260 3562 5318 hmo
3593 5262 3660 5317 ad
3688 5262 3769 5317 si-

2248 5330 2260 5366 I
2285 5329 2318 5366 e
2346 5329 2520 5366 usnue
2545 5318 2749 5366 neriodi
2784 5320 3106 5366 nrincininm
3132 5339 3161 5366 η
3213 5326 3247 5366 3
3270 5341 3553 5366 ηρνιιοιηιηι
3591 5333 3768 5366 tum”-

2186 5318 2318 5397 mile
2346 5329 2520 5397 usque
2544 5318 2750 5397 periodi
2784 5320 3177 5397 principiumc
3213 5326 3247 5379 5
3270 5341 3553 5397 perperam
3591 5333 3769 5387 incul-

2185 5391 2327 5465 cata:
2358 5384 2681 5465 Atque’bagc
2711 5384 2922 5465 insulsa
2950 5384 3203 5465 repetitio
3245 5384 3771 5457 librariorumﬁosci-

2189 5457 2370 5536 tantiaz
2394 5457 2679 5536 tribuenda
2710 5468 2812 5525 est,
2832 5462 2925 5529 qui
2951 5457 3077 5536 cum
3102 5464 3157 5517 in
3181 5465 3285 5521 hac
3306 5471 3530 5536 periodo
3549 5475 3766 5528 exscri-

2186 5521 2383 5606 benda.
2397 5527 2462 5579 ad
2484 5521 3209 5611 illasvocespervenissent,
3238 5521 3542 5611 μεταϐολῆς
3554 5521 3764 5608 ξίτίάν,

2184 5608 2306 5661 quae
2333 5596 2446 5677 jam
2481 5612 2547 5651 ex
2582 5596 3273 5677 Platone—praecesserant,
3308 5596 3589 5677 periodum
3624 5596 3769 5668 inte-'-

2185 5679 2338 5749 gratn
2368 5667 2548 5749 denuo
2566 5668 2647 5749 ad
2676 5667 3066 5749 ﬂuem'usquef
3079 5667 3489 5749 perterruerunt,
3518 5700 3644 5737 cum
3677 5667 3766 5739 se-

2184 5734 2583 5825 quidebuiss‘ent
2607 5753 2675 5793 ex
2707 5734 2967 5813 Eusebio,
3002 5734 3230 5817 οὐρανος
3252 5766 3328 5817 οε,
3361 5734 3492 5822 uti;
3523 5734 3648 5825 {11.5
3672 5734 3767 5811 ba«

2184 5803 2381 5860 bentur
2417 5822 2468 5863 c.
2506 5806 2593 5862 10.
