4122 6414
419 316 548 370 HG!

1579 308 1901 365 ΡΒᾹΞΡΑΒ.
1943 306 2198 364 EVANG.
2234 306 2362 362 LIB.
2400 306 2533 358 Xlll.

3523 303 3658 358 illi?

415 438 511 510 τὴν
562 437 854 507 σεϐάσμιον
899 436 1191 505 ἀπονέμειν
1234 434 1511 505 νομοθετεί
1556 434 1741 504 τιμὴν,
1773 432 1974 501 λέγων⁴

2088 445 2183 500 per
2211 442 2298 484 me
2324 428 2489 494 facta,
2535 442 2645 481 non
2674 436 2802 482 sunt
2830 427 3096 483 dissoluta
3125 442 3212 482 me
3237 427 3408 482 invito
3437 445 3451 481 :
3478 440 3656 495 quan-

420 548 439 579 ι
476 529 565 599 Μὴ
599 527 722 582 ἰδὼν
764 529 857 581 τὸν
893 528 1062 597 ἥλιον,
1108 526 1203 579 καὶ
1235 525 1333 597 τὴν
1366 524 1612 595 σελήνην,
1658 524 1752 577 καλ⁵
1780 523 1987 587 πάντας

411 620 538 683 τοὺς
569 619 823 692 ἀστέρας,
861 619 955 672 καὶ
992 618 1169 673 πάντα
1209 617 1299 670 τὸν
1347 616 1549 687 κόσμον
1593 615 1687 668 τοῦ
1734 614 1986 686 οὐρανοῦ,

413 710 712 781 πλανηθεὶς
767 710 1151 782 προσκυνήσῃς
1213 710 1418 771 αὐτοῖς.
1476 726 1496 759 ι
1556 705 1876 777 Ἐρμηνεύει
1931 705 1989 759 δὲ

411 804 583 856 ταῦτα
607 802 883 872 διασαφῶν
911 804 990 865 εἰς
1024 802 1222 864 πλάτος
1243 803 1272 854 ό
1297 801 1364 853 τὰ
1405 800 1667 871 Ἑϐραίων
1700 797 1989 851 πεπαιδευ-

414 893 573 963 μένος
602 892 791 956 Φίλων,
829 885 931 944 ὧδέ
955 907 1031 962 πη
1048 890 1219 953 λέγων
1245 890 1380 960 πρὸς
1404 888 1565 952 λέξινο
1605 906 1623 938 ι
1650 887 1805 949 Τινὲς
1837 886 1987 956 ἥλιον

413 984 545 1055 (60),
574 985 668 1037 καὶ
692 984 938 1054 σελήνην,
968 995 1064 1036 και
1089 983 1213 1046 τοὺς
1238 981 1429 1044 ἄλλους
1459 980 1693 1051 ἀστέρας
1717 977 1986 1032 ὑπέλαϐον

411 1071 546 1128 εἶναι
580 1073 735 1136 θεοὺς
777 1071 1201 1143 αὐτοκράτορας,
1250 1066 1330 1133 οἷς
1360 1070 1458 1133 τὰς
1508 1070 1614 1122 τῶν
1651 1068 1985 1139 γιγνομένων

407 1165 666 1223 ἀπάντων
694 1164 870 1227 αἰτίας
898 1162 1178 1217 ἀνέθεσαν.
1216 1162 1416 1233 Μωῡσῇ
1446 1162 1491 1215 δ’
1519 1163 1547 1215 ὁ
1574 1162 1775 1231 κόσμος
1810 1160 1984 1225 ἔδοξεν

409 1252 549 1309 εἶναι
581 1256 678 1309 καὶ
722 1253 1001 1325 γεννητὸς,
1032 1254 1128 1306 καὶ
1174 1252 1328 1315 πόλις
1365 1254 1397 1321 ἡ
1439 1251 1689 1322 μεγίστη,
1722 1250 1985 1321 ἄρχοντας

410 1348 610 1421 ἔχουσα
633 1348 732 1401 καὶ
756 1346 1028 1419 ὑπηκόους
1044 1363 1057 1375 ·
1089 1345 1355 1415 ἄρχοντας
1385 1343 1503 1413 μὲν,
1530 1344 1656 1406 τοὺς
1690 1343 1746 1395 ἐν
1772 1340 1984 1412 οὐρανῷ

408 1442 638 1504 πάντας,
664 1433 775 1492 οἷον
805 1438 1078 1508 πλάνητας
1113 1435 1206 1489 καὶ
1254 1433 1512 1496 ἀπλανεῖς
1543 1433 1777 1504 ἀστέρας
1797 1450 1810 1463 ·
1846 1433 1984 1502 ὑπη-

410 1533 569 1595 κόους
604 1533 662 1585 δὲ
707 1530 806 1593 τὰς
840 1527 976 1599 μετά
1005 1528 1236 1598 σελήνην
1278 1529 1335 1580 ἐν
1364 1525 1509 1598 ἀέρι,
1539 1526 1635 1579 καὶ
1674 1525 1981 1595 περιγείους

410 1625 621 1696 φύσεις.
660 1624 797 1685 Τοὺς
848 1621 903 1674 δὲ
946 1619 1232 1690 λεχθέντας
1278 1619 1544 1689 ἄρχοντας
1590 1617 1691 1670 οὐκ
1732 1615 1982 1680 αὐτεξου-

409 1716 576 1779 σίους,
609 1712 723 1767 ἀλλ’
765 1711 882 1775 ἐνὸς
920 1708 1013 1763 τοῦ
1060 1707 1277 1763 πάντων
1316 1706 1528 1777 Πατρός
1571 1706 1876 1776 ὑπάρχους·
1916 1699 1977 1759 οὗ

410 1806 774 1879 μιμουμένους
804 1802 903 1873 τὴν
930 1800 1270 1866 ἐπιστασίαν,
1294 1796 1589 1869 κατορθοῦν
1621 1795 1980 1867 πρυτανεύον-

406 1913 504 1962 τας
550 1896 691 1951 κατά
712 1895 894 1965 -δίκην
922 1895 1016 1947 καὶ
1060 1892 1224 1964 νόμον
1268 1892 1497 1944 ἕκαστον
1528 1889 1634 1943 τῶν
1664 1888 1977 1958 γεγονότων.

407 1990 547 2053 Τοὺς
576 1989 633 2042 δὲ
673 1987 747 2059 μὴ
786 1978 1080 2058 βλέποντας
1106 1986 1197 2039 τὸν
1226 1983 1590 2054 ἐπιϐεϐηκότα
1628 1983 1838 2054 ἡνίοχον
1870 1984 1981 2045 τοῖς

408 2078 852 2150 ὑπεξευγμένοις,
901 2077 977 2141 ὡς
1022 2077 1363 2147 αὐτουργοῖς,
1414 2073 1523 2129 τῶν
1569 2075 1627 2127 ἐν
1680 2073 1758 2143 τῷ
1791 2072 1980 2143 κόσμῳ

408 2172 704 2243 γινομένων
733 2168 932 2238 ἀνάψαι
978 2169 1077 2233 τὰς
1111 2169 1307 2231 αἰτίας.
1330 2162 1432 2220 Ὧν
1466 2165 1564 2237 τὴν
1598 2167 1817 2235 ἄγνοιαν
1846 2167 1875 2218 ό
1902 2167 1978 2217 ίε-

408 2259 647 2331 ρώτατος
701 2258 995 2330 νομοθέτης
1050 2259 1129 2320 είς
1180 2257 1489 2326 ἐπιστήμην
1557 2254 1976 2327 μεθαρμόζεται,

405 2349 577 2421 λέγων
619 2339 755 2404 ὦδέ·
792 2366 813 2399 ι
858 2350 951 2419 Μὴ
983 2346 1105 2402 ἰδὼν
1137 2347 1229 2402 τὸν
1257 2346 1427 2417 ἥλιον,
1469 2346 1564 2401 καὶ
1601 2347 1699 2419 τὴν
1729 2346 1974 2417 σελήνην,

404 2442 500 2497 καὶ
534 2443 659 2505 τούς
688 2440 943 2512 ἀστέρας,
978 2440 1071 2493 καὶ
1100 2441 1276 2494 πάντα
1315 2438 1405 2492 τὸν
1435 2439 1641 2510 κόσμον
1682 2438 1775 2492 τοῦ
1818 2440 1980 2510 οὐρα-

406 2533 520 2601 νοῦ,
566 2531 858 2605 πλανηθεὶς
904 2532 1293 2605 προσκυνήσῃς
1338 2530 1541 2593 αὐτοῖς.
1583 2549 1603 2582 ι
1663 2529 1979 2594 Εὐθυϐόλως

404 2626 548 2682 πάνυ
573 2627 667 2679 καὶ
698 2624 876 2689 καλῶς
908 2623 1114 2695 πλάνην
1140 2620 1261 2677 εἷπε
1293 2624 1392 2694 τὴν
1428 2622 1536 2678 τῶν
1573 2620 1880 2693 εἰρημένων
1902 2621 1980 2685 ὡς

404 2716 543 2772 θεῶν
576 2716 866 2787 ἀποδοχήν.
927 2716 990 2770 Οἱ
1043 2714 1150 2786 γάρ
1203 2714 1419 2779 ίδόντες,
1467 2713 1617 2785 ἡλίου
1670 2711 1769 2783 μὲν
1814 2729 1979 2785 προσ-

403 2806 543 2871 όδοις
576 2807 669 2860 καὶ
700 2807 1078 2878 ἀναχωρήσεσι
1106 2806 1204 2869 τὰς
1240 2804 1491 2875 ἐτησίους
1540 2802 1689 2877 ὥρας
1728 2819 1978 2858 συνιστα-

409 2900 599 2974 μένας,
641 2901 701 2955 έν
745 2893 836 2962 αἷς
879 2899 937 2951 αἱ
985 2896 1158 2962 ζώων,
1206 2898 1300 2950 καὶ
1348 2895 1548 2966 φυτῶν,
1597 2896 1691 2948 καὶ
1751 2894 1977 2967 καρπῶν

406 2992 648 3061 γενέσεις
688 2990 1018 3062 ὡρισμέναις
1055 2989 1262 3061 χρόνων
1308 2986 1576 3058 περιόδοις
1600 2986 1978 3058 τελεσφοροῦν-

402 3101 528 3138 ται·
585 3085 814 3156 σελήνην
847 3084 891 3137 δ’
937 3083 1198 3154 ὑπηρέτιν
1243 3082 1338 3134 καὶ
1384 3078 1626 3149 διάδοχον
1667 3078 1837 3151 ἡλίου,
1879 3078 1972 3132 νύ·
2001 3118 2046 3182 c

402 3193 555 3248 κτωρ
595 3177 694 3248 τὴν
744 3175 1060 3247 ἐπιμέλειαν
1094 3174 1187 3226 καὶ
1209 3171 1544 3245 προστασίαν
1587 3171 1968 3242 ἀνειληφυῖαν,

398 3260 478 3324 ὧν
529 3268 647 3338 μεθ’
702 3267 911 3339 ἡμέραν
961 3267 1110 3337 ἥλιος
1134 3305 1149 3329 ,
1189 3266 1283 3318 καὶ
1324 3266 1449 3328 τοὺς
1500 3264 1692 3329 ἄλλους
1740 3264 1976 3335 ἀστέρας

399 3357 545 3413 κατά
594 3357 691 3429 τὴν
739 3357 876 3429 πρὸς
920 3357 1177 3425 τάπίγεια
1232 3355 1573 3427 συμπάθειαν
1597 3394 1612 3420 ,
1663 3357 1831 3428 μυρία
1867 3355 1975 3408 τῶν

401 3450 496 3503 ἐπὶ
526 3450 753 3521 διαμονῇ
782 3448 876 3502 τοῦ
906 3449 1104 3512 παντὸς
1125 3447 1473 3520 ἐνεργοῦντάς
1503 3464 1563 3500 τε
1589 3446 1684 3502 καὶ
1713 3448 1972 3519 δρῶντας,

401 3541 609 3613 πλάνην
634 3541 1013 3614 ἐπλανήθησαν
1040 3542 1322 3612 ἀνήνυτον,
1360 3541 1555 3612 μόνους
1584 3534 1723 3595 εἶναι
1753 3539 1973 3604 τούτους

401 3632 556 3698 θεοὺς
611 3634 1069 3704 ὑποτοπήσαντες.
1131 3633 1193 3685 El
1244 3631 1288 3684 δ’
1346 3631 1681 3685 ἐσπούδασαν
1733 3632 1821 3685 διά
1872 3632 1973 3703 τῆς

399 3724 672 3788 ἀπλανοῦς
698 3722 929 3793 βαδίζειν
951 3721 1093 3787 ὁδοῦ,
1123 3722 1227 3776 κᾶν
1249 3721 1408 3785 εὐθὺς
1434 3721 1697 3790 ἔγνωσαν,
1713 3722 1793 3775 ὅτι
1812 3721 1974 3776 καθά-

398 3830 507 3885 περ
552 3813 809 3885 αἴσθησις
848 3814 1194 3877 ὑποδιάκονος
1252 3813 1343 3867 νοῦ
1402 3813 1611 3882 γέγονε,
1664 3815 1756 3867 τὸν
1810 3814 1972 3868 αὐτὸν

397 3905 597 3977 τρόπον
624 3905 721 3957 καὶ
764 3906 814 3958 οί
860 3905 1105 3976 αἰσθητοὶ
1131 3904 1328 3967 πάντες
1357 3905 1624 3976 ὑπηρέται
1657 3904 1751 3959 τοῦ
1782 3903 1969 3977 νοητοῦ

400 3995 750 4067 συνέστησαν.
781 4016 800 4047 ι
822 3997 932 4050 Καὶ
960 3996 1155 4063 ἐπάγει
1183 3995 1353 4065 λέγων
1375 4014 1390 4028 ο
1424 3997 1607 4050 ι”Ωσθ’
1632 3996 1971 4068 ὑπερϐάντες

397 4087 476 4159 τῷ
503 4088 747 4159 λογισμῷ
772 4089 951 4142 πᾶσαν
993 4087 1091 4159 τὴν
1134 4090 1333 4160 ὁρατὴν
1365 4088 1572 4153 οὐσίαν,
1619 4089 1711 4141 ἐπὶ
1746 4088 1843 4160 τὴν
1875 4090 1969 4142 τοῦ

395 4178 628 4243 ἀειδοῦς,
660 4181 754 4233 καὶ
783 4179 1035 4250 ἀοράτου,
1076 4180 1171 4233 καὶ
1217 4182 1351 4252 μόνῃ
1378 4180 1583 4251 διανοίᾳ
1623 4179 1967 4251 καταληπτοῦ

395 4271 561 4342 τιμὴν
588 4271 777 4340 ἴωμεν,
813 4269 872 4334 ὃς
916 4271 978 4323 οὐ
1022 4269 1179 4340 μόνον
1213 4270 1345 4334 Θεός
1388 4274 1502 4324 ἐστι
1535 4271 1742 4341 νοητῶν
1782 4288 1841 4324 τε
1876 4273 1968 4325 καὶ

387 4361 689 4434 αίσθητῶν,
734 4362 872 4416 ἀλλά
920 4362 1014 4416 καὶ
1062 4362 1313 4416 ἁπάντων
1335 4363 1697 4433 δημιουργός.
1739 4365 1863 4418 Ἐὰν
1909 4363 1967 4417 δέ

2092 537 2255 593 quam
2293 536 2455 575 omne
2492 521 2803 591 colligatum
2838 520 2970 576 solvi
3000 528 3197 590 potest.
3230 519 3336 574 Sed
3372 518 3655 588 haudqua-

2091 628 2254 682 quam
2285 612 2414 667 boni
2445 620 2547 678 est,
2595 612 2806 667 ratione
2849 612 3093 665 vinctum
3147 611 3284 665 velle
3331 609 3651 665 dissolvere.

2092 702 2197 758 Sed
2245 704 2504 774 quoniam
2559 704 2662 757 orti
2702 703 2869 771 estis,
2917 702 3252 758 immortales
3306 717 3401 757 vos
3431 699 3649 771 quidem

2087 808 2230 858 esse,
2274 802 2329 847 et
2359 793 2764 847 iudissolubiles
2800 808 2908 847 non
2964 793 3233 863 potestis:
3283 790 3445 863 704
3476 788 3653 845 neuti-

2088 900 2251 954 quam
2280 892 2461 938 tamen
2488 884 2883 947 dissolvemini,
2925 898 3027 938 nec
3044 898 3144 938 vos
3178 883 3286 936 ulla
3322 881 3514 936 mortis
3543 878 3653 934 fata
3696 896 3707 907 '

2078 977 2373 1047 periment.
2399 976 2699 1031 Consilium
2733 976 2875 1029 enim
2912 989 3095 1027 mcum
3126 972 3304 1042 majus
3335 982 3420 1027 est
3460 971 3652 1025 vincu-

2087 1069 2199 1122 lum
2233 1066 2300 1119 ad
2329 1066 2744 1136 perpetuitatem
2793 1075 3052 1128 vestram,
3088 1080 3253 1134 quam
3299 1063 3420 1127 illa,
3449 1062 3649 1132 quibus

2085 1158 2246 1225 estis,
2277 1166 2392 1213 tum
2437 1173 2560 1213 cum
2610 1157 2995 1228 gignebamini,
3026 1156 3282 1227 colligati.
3326 1175 3344 1206 ι
3375 1153 3650 1209 Hactenus

2086 1251 2194 1306 ille.
2219 1249 2349 1306 Jure
2380 1265 2509 1321 ergo
2533 1249 2750 1322 Moyses
2782 1249 3242 1320 Hebraeorumque
3265 1250 3486 1306 oracula
3521 1263 3650 1318 pro-

2084 1342 2307 1409 bibent,
2354 1343 2647 1411 quominus
2690 1342 2895 1397 cultum
2934 1342 3002 1396 iis
3039 1357 3103 1397 ac
3149 1341 3489 1396 divinitatem
3542 1339 3646 1393 tri-

2084 1431 2320 1487 buamus
2355 1452 2369 1486 :
2401 1442 2699 1503 contraque
2722 1432 2933 1503 jubent,
2978 1433 3057 1489 uti
3105 1448 3323 1488 sursum
3357 1431 3555 1486 animis
3579 1430 3649 1484 ad

2081 1538 2265 1579 rerum
2320 1524 2565 1579 omnium
2622 1524 3020 1579 moderatorem
3072 1523 3243 1579 Deum
3305 1523 3517 1594 ipsum,
3564 1523 3652 1576 in-

2081 1631 2268 1686 quam,
2300 1618 2453 1683 solis,
2482 1626 2646 1688 atque
2680 1618 2841 1685 lunae,
2880 1618 3235 1688 siderumque
3281 1617 3644 1687 reliquorum,

2082 1707 2197 1764 imo
2234 1710 2359 1765 coeli
2418 1710 2719 1780 mundique
2784 1711 2951 1766 totius
3021 1709 3328 1766 eil‘ectorem
3375 1710 3643 1772 sublatis,

2083 1816 2254 1855 unum
2298 1801 2474 1869 illum,
2525 1802 2684 1874 cujus
2732 1802 2903 1856 verbo
2946 1811 3071 1872 apta
3118 1818 3186 1857 ex
3221 1817 3340 1857 sese
3395 1817 3645 1872 nexaque

2082 1900 2212 1947 sunt
2248 1893 2454 1959 omnia,
2496 1902 2550 1948 et
2599 1892 2770 1948 Deum
2806 1893 3129 1961 habeamus,
3167 1902 3223 1947 ct
3270 1902 3503 1964 augusto
3549 1892 3644 1948 illo

2080 1986 2231 2042 cultu
2254 2001 2675 2056 prosequamur.
2704 1985 2838 2039 Nam
2865 1986 2940 2041 ita
2969 1986 3187 2056 quidem
3213 1985 3425 2058 Moyses
3454 1985 3647 2056 praeci-

2079 2080 2160 2149 pit
2190 2097 2205 2134 :
2235 2098 2255 2132 ι
2284 2077 2363 2134 Ne
2389 2078 2582 2134 videns
2611 2078 2805 2140 solem,
2828 2087 2882 2131 et
2914 2078 3118 2145 lunam,
3143 2090 3196 2133 et
3220 2093 3411 2133 omnes
3437 2076 3644 2140 stellas,

2079 2180 2133 2227 et
2159 2187 2377 2228 omnem
2420 2180 2677 2226 ornatum
2712 2170 2856 2235 coeli,
2898 2186 3082 2226 errore
3135 2171 3393 2240 deceptus
3448 2171 3644 2226 adores

2078 2278 2143 2320 ea
2181 2266 2227 2321 ⁸.
2264 2282 2285 2318 ι
2329 2262 2486 2331 Quod
2529 2264 2648 2335 ejus
2675 2264 3022 2319 interdictum
3073 2263 3296 2318 uberius
3342 2262 3641 2332 explanans

2076 2358 2257 2427 Philo,
2306 2377 2489 2417 rerum
2524 2360 2872 2416 Hebraearum
2926 2361 3350 2424 scientissimus,
3389 2360 3642 2415 hunc.iu

2078 2453 2301 2508 modum
2330 2452 2616 2523 loquitur:
2666 2472 2685 2505 ι
2722 2451 2865 2508 Sunt
2910 2454 3005 2524 qui
3049 2453 3217 2509 solem
3258 2463 3422 2524 atque
3453 2453 3643 2508 lunam

2080 2552 2337 2615 astraque
2389 2553 2607 2610 caetera,
2656 2555 3020 2617 praepotentes
3065 2561 3134 2600 ex
3185 2560 3305 2601 sese
3342 2545 3472 2601 deos
3521 2559 3644 2600 esse

2079 2634 2203 2701 rati,
2238 2648 2433 2690 causas
2468 2634 2571 2705 ipsi
2599 2650 2789 2689 eorum
2819 2652 2939 2706 quae
2958 2635 3097 2690 ﬁunt
3122 2635 3368 2691 omnium
3399 2635 3644 2706 assigna-

2076 2733 2225 2780 runt.
2262 2726 2334 2780 At
2362 2741 2492 2782 vero
2516 2724 2731 2797 Moyses
2758 2734 2812 2781 et
2834 2728 3073 2797 genitum
3113 2742 3234 2783 esse
3272 2727 3558 2794 mundum,
3589 2735 3645 2780 et

2077 2816 2248 2871 instar
2285 2831 2495 2888 magnae
2523 2820 2812 2886 cujusdam
2863 2818 3195 2888 reipublicae,
3240 2833 3371 2874 suos
3419 2832 3644 2888 quoque

2074 2909 2347 2979 principes
2374 2923 2439 2963 ac
2467 2908 2716 2965 subditos
2749 2908 2950 2965 habere
2983 2910 3193 2965 statuit.
3219 2910 3285 2964 Et
3312 2910 3496 2966 stellas
3517 2909 3641 2979 qui-

2075 2998 2195 3053 dem
2226 3007 2337 3053 tam
2359 3006 2624 3065 errantes,
2652 3014 2819 3069 quam
2872 3000 3095 3056 orbibus
3124 3000 3239 3056 suis
3268 3000 3474 3068 aﬂixas,
3517 3015 3641 3070 quae

2076 3103 2267 3145 omnes
2292 3088 2348 3143 in
2380 3090 2520 3145 cmlo
2543 3098 2852 3157 versantur,
2898 3092 3203 3163 principum
3245 3094 3367 3149 loco
3389 3108 3642 3149 munere~

2076 3195 2182 3251 que
2216 3180 2403 3251 fungi;
2451 3181 2580 3237 luna
2616 3197 2748 3238 vero
2796 3181 3083 3238 inferiores
3128 3193 3372 3249 naturas,
3406 3184 3519 3239 sive
3546 3200 3639 3239 ae-

2075 3287 2189 3327 rem
2225 3282 2464 3341 teneant,
2506 3275 2619 3329 sive
2680 3275 2908 3345 propius
2956 3291 3077 3330 cum
3119 3287 3261 3331 terra
3310 3278 3638 3343 cohaereant,

2076 3364 2418 3420 subditorum
2444 3366 2500 3420 in
2532 3367 2707 3423 classe
2744 3366 3021 3438 graduque
3050 3369 3373 3423 consistere.
3405 3367 3636 3424 Verum-

2072 3463 2256 3511 tamen
2280 3457 2556 3527 principes
2588 3459 2731 3525 illos,
2762 3475 2870 3515 non
2903 3460 3184 3529 potestatis
3207 3462 3431 3516 omnino
3464 3461 3637 3531 juris-

2074 3563 2181 3617 que
2224 3550 2336 3614 sui,
2365 3549 2460 3605 sed
2494 3550 2661 3605 unius
2714 3560 3037 3606 cunctorum
3077 3553 3320 3621 parentis
3369 3555 3637 3623 quosdam

2073 3640 2229 3708 quasi
2258 3640 2539 3709 praefectos
2564 3657 2707 3706 esse,
2739 3643 2897 3713 cujus
2925 3643 3053 3697 dum
3091 3644 3311 3713 regendi
3346 3647 3637 3702 consilium

2073 3745 2138 3785 ac
2187 3731 2429 3787 rationes
2461 3732 2764 3798 imitantur,
2813 3733 3076 3804 quidquid
3110 3736 3325 3791 exsistit
3369 3738 3638 3794 nascitur-

2072 3836 2179 3891 que
2215 3838 2422 3889 rerum,
2452 3822 2506 3878 id
2531 3839 2694 3879 omne
2718 3824 2945 3880 feliciter
2983 3841 3051 3881 ex
3088 3829 3363 3897 aequitatis
3395 3830 3636 3901 legisque

2072 3913 2391 3982 praescripto
2436 3913 2729 3967 moderari.
2762 3915 2830 3968 At
2857 3930 3005 3981 vero,
3037 3918 3131 3986 qui
3165 3933 3434 3974 sessorem
3478 3921 3633 3976 illum

2070 4000 2256 4057 frenos
2288 4002 2638 4073 habenasque
2660 4014 2933 4074 regentem
2982 4022 3089 4061 non
3125 4008 3388 4077 viderent,
3409 4025 3505 4066 eos
3535 4012 3632 4082 ju-

2071 4092 2283 4160 galibus
2306 4092 2446 4157 istis,
2477 4093 2637 4161 quasi
2671 4107 2766 4162 per
2791 4108 2912 4147 sese
2940 4110 3026 4149 res
3060 4094 3352 4162 efﬁcerent,
3387 4100 3633 4154 onmium

2069 4197 2190 4251 quae
2215 4183 2322 4237 hoc
2351 4183 2406 4236 in
2434 4182 2566 4236 orbe
2598 4181 2810 4248 ﬁerent,
2842 4198 3038 4239 causas
3074 4186 3351 4242 tribuisse.
3387 4189 3632 4255 Quorum

2070 4273 2356 4328 stultitiam
2400 4285 2543 4327 nova
2589 4281 2647 4326 ut
2676 4274 2902 4328 scientia
2937 4276 3320 4332 sanctissimus
3356 4280 3631 4345 legislator

2067 4364 2355 4419 emendet:
2392 4382 2415 4415 ι
2452 4360 2531 4418 Ne
2564 4370 2644 4427 tu,
2669 4363 2864 4435 inquit,
2899 4366 3309 4435 videns-solem,
3341 4381 3395 4426 et
3420 4373 3629 4441 lunam,

392 4470 479 4517 τις
506 4454 606 4524 τὴν
634 4454 727 4506 τοῦ
752 4454 919 4508 ἀϊδίου
943 4454 1038 4507 καὶ
1067 4453 1285 4524 ποιητοῦ
1312 4453 1604 4523 θεραπείαν
1630 4453 1774 4524 ἄλλῳ
1801 4471 1965 4525 προσ-

2074 4466 2126 4509 et
2153 4455 2357 4518 stellas,
2387 4463 2442 4511 et
2466 4470 2684 4510 omnem
2711 4467 2963 4512 ornatum
2989 4458 3133 4526 coeli,
3155 4475 3339 4517 errore
3371 4464 3630 4534 deceptus

393 4544 533 4616 νέμῃ
565 4545 810 4616 νεωτέρῳ
841 4546 934 4598 καὶ
960 4543 1220 4615 γεννητῷ,
1269 4544 1635 4616 φρενοϐλαϐὴς
1660 4546 1965 4617 ἀναγεγρά-

394 4635 533 4704 φθω,
584 4637 679 4690 καὶ
717 4637 899 4707 ἔνοχος
947 4636 1171 4708 ἀσεϐείᾳ
1207 4639 1273 4707 τῇ
1315 4636 1564 4709 μεγίστῃ.
1603 4657 1621 4688 ι
1656 4636 1840 4690 Ταῦτα
1866 4638 1963 4706 τῆς

402 4726 670 4799 Ἑϐραίων
706 4728 1005 4792 εὐσεϐείας,
1046 4727 1115 4781 τὰ
1148 4728 1226 4791 ὡς
1253 4727 1465 4799 ἀληθῶς
1497 4729 1750 4799 ἀκήρατά
1773 4746 1830 4781 τε
1869 4729 1963 4782 καὶ

390 4817 510 4873 θεῖα
551 4820 879 4892 μαθήματα,
930 4819 1035 4891 πρὸ
1076 4819 1179 4889 τῆς
1217 4819 1604 4890 τετυφωμένης
1648 4819 1962 4888 φιλοσοφίας

463 4934 480 4963 ¹
521 4931 681 4988 Deut.
713 4949 790 5001 tv,
814 4934 905 4991 19.

463 5043 573 5114 (60)
619 5044 781 5112 Τινὲς
823 5045 1019 5112 ἣλιον.
1064 5047 1267 5102 Locum
1299 5048 1446 5101 hunc
1471 5045 1715 5101 Philonis
1744 5056 1959 5103 exstare

390 5130 499 5187 non
532 5114 714 5169 credo.
754 5114 986 5171 Exstant
1011 5117 1103 5170 alii
1133 5119 1242 5172 duo
1270 5119 1322 5171 in
1358 5118 1449 5170 lib.
1484 5116 1561 5170 De
1597 5117 1780 5171 mundi
1804 5118 1959 5187 apiﬁ-

387 5186 490 5248 cio,
520 5199 753 5252 quorum
796 5187 1150 5254 posteriorem
1192 5187 1496 5242 indicamus
1534 5187 1589 5240 in
1619 5186 1958 5243 observatio-

388 5253 553 5309 nibus
582 5254 654 5327 ρὰ
699 5255 1174 5327 p.286,priorem
1200 5258 1305 5327 Hhie
1331 5258 1583 5311 dabimus
1612 5272 1675 5310 ex
1704 5255 1952 5327 Philone,

385 5336 514 5392 pag.
581 5323 637 5387 7,
682 5325 777 5396 ubi
836 5323 1102 5396 rationem
1154 5325 1383 5381 aﬂ'erens
1428 5327 1781 5396 quamobrem
1832 5323 1958 5396 post

387 5400 545 5468 terrae
570 5395 837 5468 germina,
859 5395 1044 5449 stellas
1056 5394 1203 5468 Deus
1224 5394 1499 5468 effecerit:
1525 5395 1817 5468 Πρρλαϐῲν
1832 5394 1955 5468 ’γὰρ

384 5460 666 5536 περὶμτῶν
693 5462 845 5516 οὔπω
879 5465 1179 5536 γεγονότων
1208 5464 1533 5536 ἀνθρώπων,
1575 5460 1683 5536 οἷοι
1702 5465 1800 5529 τὰς

306 5530 359 5571 δ
387 5530 496 5600 μρς
523 5531 755 5599 ἔσονται,
791 5530 1082 5600 στοχασταὶ
1102 5533 1210 5587 τῶν
1239 5530 1463 5588 εἰκότων
1484 5536 1579 5588 καὶ
1600 5530 1861 5600 πιθανῶν,
1895 5540 1955 5590 ἐν

290 5653 309 5673 λ
382 5596 464 5675 οἷς
607 5596 831 5675 πολὺτδ
861 5596 1115 5675 εῦλογον,
1157 5604 1269 5658 ἀλλ’
1309 5604 1427 5674 οὐχὶ
1471 5605 1569 5674 τῆς
1620 5596 1953 5675 ἀκραιφνοῦς

382 5670 641 5744 ἀληθείας
658 5674 796 5744 ’4καί
818 5674 899 5726 ὅτι
928 5670 1274 5744 πιστεύσουσι
1304 5670 1415 5737 τοῖς
1438 5670 1782 5744 φαινομένοις
1802 5670 1950 5744 μᾶλ-

382 5739 485 5793 λονί
521 5743 554 5812 ἢ
598 5741 746 5813 Θεῷ,
789 5743 1096 5812 σοφιστείαν
1142 5744 1248 5816 πρὸ
1295 5739 1484 5814 σοφίας
1536 5739 1947 5817 θαυμάσαντες

656 5838 931 5903 ΡΑτιιοι..
962 5838 1080 5901 Gn.
1117 5839 1293 5903 XXI.

2066 4548 2259 4602 adores
2284 4562 2368 4601 ea.
2404 4566 2423 4599 ι
2461 4545 2729 4603 Praeclare
2755 4552 2982 4604 omnino
3012 4565 3130 4606 rem
3159 4552 3354 4624 tetigit,
3384 4554 3512 4610 dum
3538 4572 3630 4611 eo-

2064 4653 2210 4700 rum,
2245 4638 2446 4707 quibus
2473 4653 2613 4693 nova
2634 4639 2750 4695 haec
2775 4642 3002 4696 numina
3034 4644 3409 4713 probarentur,
3440 4640 3627 4704 censi-1

2064 4730 2196 4784 lium
2227 4745 2466 4786 errorem
2501 4732 2810 4802 appellavit.
2842 4731 2981 4790 Nam
3025 4736 3120 4805 qui
3165 4738 3295 4792 dum
3343 4739 3626 4809 viderent,

2060 4829 2159 4875 aut
2185 4821 2316 4877 solis
2346 4836 2570 4878 accessu
2591 4838 2923 4896 recessuque
2953 4840 3165 4884 annuas
3192 4828 3310 4885 illas
3337 4839 3631 4902 tempesta-

2060 5047 2361 5122 κατιδόντες
2382 5064 2440 5100 τε
2466 5045 2620 5122 αὖθις
2649 5048 2745 5111 τὰς
2771 5049 2917 5122 ἡλίου
2957 5050 3049 5102 καὶ
3076 5050 3303 5122 σελήνης
3326 5050 3621 5122 περιόδους,

2058 5118 2125 5192 δι]
2151 5113 2403 5192 ὦνθέρη,
2453 5118 2757 5192 χειμῶνες,
2792 5113 2966 5189 ’ἔαρος
2990 5113 3353 5192 ,μετοπώρου
3387 5113 3621 5192 τροπαίλ

2058 5189 2165 5261 τῶν
2202 5189 2266 5241 ἐκ
2296 5191 2399 5258 γῆς
2441 5188 2555 5261 ἀνά
2574 5190 2681 5261 πᾶν
2716 5188 2832 5261 έτος
2865 5188 3147 5258 φυομένων
3193 5188 3285 5244 xal
3328 5188 3624 5261 γινομένων

2060 5259 2311 5331 ἁπάντων
2336 5259 2529 5331 αἰτίας
2564 5258 2958 5331 ὑπολήψονται,
2998 5260 3096 5331 τὰς
3117 5261 3225 5312 τῶν
3252 5258 3371 5313 κατ’
3390 5258 3625 5331 οὐρανὸν

2057 5328 2299 5400 ἀστέρων
2315 5327 2700 5400 πε-ριπολήσεις
2717 5344 2729 5355 ·
2750 5327 2851 5400 ἱξναᾼ
2857 5329 3045 5400 μηδενὶ
3070 5330 3313 5400 γεννητῷ
3345 5330 3443 5393 τὰς
3464 5327 3622 5400 πρώ-

2054 5414 2153 5471 τας
2171 5396 2486 5471 ἀνατιθέναι
2520 5396 2665 5471 τινες
2692 5396 2963 5471 τολμῶσιν
2997 5396 3175 5471 αίτίας
3193 5396 3393 5471 ,’ἡ’διά
3421 5396 3621 5470 θράσος

2054 5469 2428 5537 ἀναίσχυντον,
2455 5465 2581 5587 ηδϋ
2612 5464 2851 5535 ἀμαθίαν
2882 5464 3322 5537 ὑπερϐάλλουσαν
3343 5486 3356 5499 ·
3386 5464 3620 5541 ἀναδρα-

2059 5538 2337 5587 μέτωσαν.
2369 5552 2478 5587 tona
2521 5574 2534 5587 .
2567 5538 2685 5587 ταῖς
2706 5535 2962 5587 διανοίαις
3002 5539 3094 5587 ἐπὶ
3124 5538 3221 5587 τὴν
3255 5538 3475 5587 nodum:
3511 5540 3619 5587 τῶν

2058 5535 2304 5608 μέτωσαν
2323 5576 2337 5601 ,
2369 5535 2534 5606 φησὶ,
2567 5538 2685 5597 ταῖς
2706 5535 2962 5599 διανοίαις
2993 5535 3094 5590 ἐπὶ
3124 5538 3221 5609 τὴν
3255 5538 3475 5610 πρώτην
3511 5535 3619 5591 τῶν

2054 5607 2190 5660 ὅλων
2216 5606 2428 5673 γένεσιν
2447 5645 2461 5667 ,
2507 5607 2588 5657 ὅτι
2618 5605 2724 5674 πρὸ
2753 5605 2902 5675 ἡλίου
2923 5648 2938 5671 ,
2975 5608 3069 5659 καὶ
3097 5609 3328 5675 σελήνης
3346 5648 3361 5672 ,
3391 5612 3619 5663 παντοῖα

2056 5610 2190 5660 ὅλων
2216 5610 2428 5673 γένεσιν
2447 5645 2461 5667 ,
2507 5610 2588 5657 ὅτι
2618 5610 2724 5674 πρὸ
2753 5610 2902 5675 ἡλίου
2923 5648 2938 5671 ,
2975 5610 3069 5659 καὶ
3097 5610 3328 5680 σελήνης
3346 5648 3361 5672 ,
3391 5612 3619 5663 παντοῖα

2056 5677 2153 5747 μὲν
2185 5675 2345 5753 φυτά,
2382 5675 2752 5753 παντοίους-δέ
2786 5678 3287 5753 καρπούςλῆνεγκεν
3312 5682 3344 5750 ἡ
3369 5680 3463 5749 γῆ.
3485 5687 3617 5752 etc.,

2052 5745 2173 5817 quae
2201 5746 2333 5801 satis
2365 5758 2489 5799 cum
2527 5745 2629 5799 hoc
2668 5745 2786 5801 loco
2816 5745 2977 5813 supra
3014 5745 3191 5816 13,12,
3229 5745 3596 5820 conueniunt”

3282 5847 3359 5903 37
