4122 6434
478 308 612 362 1163

1115 303 1385 363 EUSEBII
1422 301 1902 359 CESABl-ENSIS
1935 302 2085 359 OPP.
2129 304 2311 361 PARS
2348 304 2412 359 Il.
2454 336 2524 346 —
2561 304 3066 361 APOLOGETICA.

3589 305 3725 361 “bl

471 438 553 477 tes
588 421 852 478 exsistere
876 463 891 489 ,
916 421 1116 493 quibus
1145 419 1526 487 animantium,
1559 419 1891 491 plantarum,
1926 418 2042 475 fru-

2155 422 2532 495 ιετιμήκαμεν.
2582 422 2648 500 Ἰξί
2707 438 2774 493 με
2826 419 2908 474 δεῖ
2953 417 3236 492 μηκύνειν,
3278 415 3372 472 καὶ
3418 415 3587 472 τᾶλλα
3631 417 3728 472 τοῦ

472 522 769 584 etuumque
821 524 1013 578 ortus,
1084 511 1453 566 maturitatem
1517 525 1674 565 suam
1739 510 1904 566 certis
1973 525 2038 566 ac

2155 514 2425 578 [Ιλάτωνος
2452 516 2531 578 είς
2557 513 2671 583 φῶς
2699 514 2949 582 ἀγαγεῖν,
2988 513 3055 566 ὲκ
3095 510 3263 567 τῶνδε
3314 510 3490 582 παρὸν
3526 510 3622 564 καὶ
3659 509 3731 563 τὰ

474 607 764 676 descriptis
834 614 1140 674 temporum
1210 603 1661 659 conversionibus
1729 617 2040 671 assequan-

475 708 565 753 tur
625 716 638 752 :
701 707 794 753 aut
844 698 1032 752 lunam
1102 695 1235 753 solis
1285 695 1665 751 administram
1721 705 1883 766 atque
1936 695 2039 748 vi-

2140 605 2264 675 ὲμοὶ
2294 604 2389 658 νῦν
2418 604 2753 675 σεσιγημένα
2782 602 3206 675 τεκμαίρεσθαι;
3244 603 3303 655 οὐ
3342 602 3449 674 μὴν
3474 600 3731 671 διαϐολῆς

2140 696 2303 751 ἕνεκα
2326 696 2504 750 ταῦτα
2526 698 2689 767 φάναι
2716 695 3019 769 προήχθην,
3049 696 3171 749 ἐπεὶ
3201 695 3295 749 καὶ
3325 693 3530 766 σφόδρα
3553 692 3732 762 ἔγωγε

474 791 714 857 cariam,
789 790 988 860 quibus
1065 790 1182 859 ipse
1243 789 1427 859 prtesit
1492 789 1727 844 interdiu
1764 832 1779 855 ,
1853 803 2039 843 curam

2155 788 2353 860 Ξγαμαι
2393 787 2485 842 τὸν
2537 788 2723 860 ἄνδρα.
2774 789 2903 854 Ναὶ,
2955 788 3172 842 πάντων
3223 786 3422 872 μᾶλλον
3460 786 3733 856 Ἐλλήνων

472 897 663 937 eorum
716 890 878 934 noctu
946 880 1483 949 moderationemque
1517 879 1837 949 suscipere;
1880 879 2041 949 705

463 985 588 1029 tum
642 983 832 1028 caitera
872 988 1089 1041 quoque
1127 972 1305 1026 sidera
1368 986 1466 1041 pro
1523 986 1625 1026 suo
1662 970 1898 1041 quodam
1948 972 2083 1025 ad--

475 1080 668 1120 versus
716 1080 805 1119 res
859 1073 1101 1118 terrenas
1158 1078 1318 1118 sensu
1347 1102 1361 1126 ,
1403 1063 1614 1116 inﬁnita
1663 1078 1785 1132 quae
1816 1062 1883 1117 ad
1924 1061 2044 1114 uni-

474 1160 620 1215 versi
647 1157 1120 1215 conservationem
1150 1155 1489 1225 pertineant,
1520 1156 1689 1210 indita
1717 1155 1821 1210 sibi
1851 1155 1902 1207 vi
1932 1152 2045 1208 ellio

478 1268 632 1321 cere;
669 1267 795 1307 eum
846 1252 903 1306 in
933 1266 1174 1309 errorem
1215 1265 1348 1306 sane
1380 1250 1709 1305 immensum
1736 1248 2002 1304 devenere
2025 1285 2042 1312 ,

478 1343 578 1397 hos
618 1351 679 1397 ut
739 1342 886 1397 solos
917 1342 1049 1397 deos
1091 1356 1215 1397 esse
1246 1349 1567 1399 statuerent.
1612 1339 1717 1408 Qui
1751 1341 1797 1396 si
1840 1349 2045 1396 rectam

478 1432 618 1487 viam
655 1430 958 1486 studiosius
990 1429 1358 1496 institissent,
1409 1428 1567 1485 facile
1612 1429 1857 1501 profecto
1878 1445 2046 1501 agnos-

474 1528 718 1590 vissent,
755 1524 1219 1596 quemadmodum
1261 1521 1460 1579 mentis
1495 1523 1814 1579 administer
1857 1530 2048 1593 suapte

476 1629 672 1675 natura
703 1633 899 1673 sensus
947 1627 1062 1685 est,
1117 1617 1191 1672 ita
1218 1615 1482 1687 quidquid
1511 1618 1584 1671 .in
1629 1632 1853 1672 sensum
1884 1616 2045 1681 cadit,

475 1713 598 1781 ejus
632 1709 779 1781 quod
805 1710 921 1765 sola
951 1718 1132 1765 mente
1165 1708 1485 1779 percipitun
1512 1708 1895 1764 administrum
1927 1722 2050 1762 esse

2144 879 2295 950 φίλον
2321 879 2582 951 ἠγοῦμαι,
2623 880 2718 933 καὶ
2744 878 2911 949 τιμῶ,
2943 878 3011 933 τὰ
3032 878 3154 948 ἐμοὶ
3185 877 3314 947 φίλα
3341 877 3437 929 καὶ
3471 872 3733 948 συγγενῆ.

2144 975 2192 1026 εί
2239 972 2334 1026 καὶ
2386 972 2461 1044 μὴ
2502 972 2573 1025 τὰ
2616 971 2706 1025 ἴσα
2759 971 2966 1037 διόλου,
3013 970 3421 1042 πεφρονηκότα·
3485 968 3733 1032 Μωσέως

2143 1064 2188 1117 δ’
2216 1066 2273 1117 ὲν
2303 1062 2623 1135 παραθέσει,
2656 1064 2751 1115 καὶ
2797 1060 2905 1113 τῶν
2941 1063 3068 1131 παρ’
3110 1060 3379 1130 Ἑϐραίοις
3411 1055 3731 1130 προφητῶν,

2144 1155 2206 1208 τὸ
2248 1154 2461 1218 ἐλλιπὲς
2502 1154 2806 1216 ἐπιδεικνὺς
2860 1152 3024 1205 αὐτοῦ
3077 1151 3176 1221 τῆς
3227 1151 3481 1213 διανοίας.
3541 1145 3734 1203 Καίτοι

2148 1247 2329 1317 παρῆν
2368 1244 2446 1316 τῷ
2499 1242 2960 1315 καταμέμφεσθαι
3006 1241 3532 1314 παρεσκευασμένῳ,
3580 1238 3734 1312 μυρί’

2147 1339 2283 1393 ἄττα
2305 1336 2707 1399 καταιτιᾶσθαι,
2734 1318 2822 1390 οἷα
2846 1334 2916 1388 τὰ
2944 1335 3115 1405 σεμνὰ
3141 1334 3235 1387 καὶ
3263 1332 3403 1403 σοφὰ
3432 1331 3581 1403 αὐτῴ
3604 1330 3736 1403 περὶ

2148 1429 2423 1499 γυναικῶν
2464 1430 2522 1483 ὲν
2551 1428 2827 1494 Πολιτείᾳ
2850 1412 3267 1497 διατεταγμένα,
3302 1424 3335 1497 ἢ
3368 1419 3458 1478 οἷα
3496 1424 3567 1477 τὰ
3605 1424 3736 1494 περὶ

2148 1522 2350 1595 ἔρωτος
2389 1520 2657 1591 ὲκθέσμου
2697 1518 3161 1590 σεμνολογούμενα
3194 1519 3251 1569 ὲν
3284 1515 3633 1595 ΦαίδρῳιΣὺ
3664 1514 3733 1579 δ’,

2149 1593 2199 1668 εί
2231 1614 2326 1667 καὶ
2350 1613 2552 1667 τούτων
2576 1609 2881 1667 ἐπακοῦσαι
2905 1611 3112 1676 ποθεῖς,
3139 1608 3434 1680 ἀνάγνωθι,
3455 1593 3617 1662 τάσδε
3632 1605 3736 1662 αὑ-

2150 1706 2244 1760 τοῦ
2277 1704 2456 1759 λαϐὼν
2491 1705 2590 1769 τὰς
2624 1705 2807 1776 φωνάς

456 1805 907 1881 constitutum.)
943 1803 1153 1870 Quibus
1194 1805 1266 1858 ita
1312 1802 1532 1857 subdit:
1572 1821 1592 1854 ι
1629 1801 1994 1868 Quamobrem
2020 1840 2035 1865 ,
2073 1802 2280 1871 inquit,
2359 1808 2614 1856 naturam
2664 1815 2882 1856 onmem
2956 1798 3345 1869 aspectabilem
3407 1796 3738 1869 cogitatione

457 1897 828 1968 «praetervecti,
859 1898 925 1953 ad
959 1899 1099 1968 ejus,
1153 1898 1268 1968 qui,
1292 1898 1435 1968 quod
1464 1898 1613 1953 omni
1676 1896 1849 1953 forma
1922 1906 2128 1964 careat,
2172 1914 2271 1951 nec
2307 1897 2429 1966 visu
2475 1899 2789 1966 attingatur,
2824 1896 2940 1951 sola
2993 1896 3342 1966 intelligentia
3403 1895 3605 1964 percipi
3639 1908 3739 1965 po.

479 2000 628 2057 teSt,
680 1991 944 2046 honorem
995 1991 1343 2061 aspiremus:
1381 1992 1579 2062 quippe
1598 1990 1690 2061 qui
1725 1989 1868 2046 Deus
1914 1991 2019 2055 sit,
2045 2005 2153 2045 non
2191 2004 2379 2044 eorum
2412 1989 2595 2055 modo,
2651 2004 2775 2059 qua:
2818 1988 2902 2043 vel
2962 1998 3161 2053 mente,
3196 1986 3277 2041 vel
3306 2001 3471 2043 sensu
3510 1987 3741 2055 capiun-

473 2090 631 2149 tur,'
665 2081 755 2138 sed
824 2082 1069 2137 omnium
1128 2083 1353 2139 omnino
1402 2094 1734 2154 procreator.
1786 2082 2044 2152 Quisquis
2082 2091 2263 2135 autem
2321 2080 2639 2151 sempiterni
2680 2081 2827 2136 illius
2865 2096 2929 2135 ac
2984 2096 3163 2135 rerum
3197 2079 3471 2135 ell‘ectoris
3527 2078 3739 2134 cultum

477 2172 771 2229 recentiori
810 2174 1048 2243 cuipiam
1104 2174 1396 2245 genitoque
1442 2176 1724 2241 tribuerit,
1761 2177 1809 2231 is
1847 2186 1900 2231 et
1946 2178 2212 2241 insanus,
2272 2184 2327 2231 ct
2379 2191 2610 2231 summae
2662 2189 2791 2231 reus
2867 2174 3161 2244 impietatis
3233 2172 3519 2229 habeatur.
3566 2191 3586 2224 ι
3624 2169 3740 2228 Nos

470 2268 643 2339 igitur
663 2269 777 2323 haec
810 2269 1087 2339 religionis
1111 2272 1254 2341 apud
1275 2271 1528 2328 Hebraeos
1548 2283 1835 2343 praecepta,
1864 2274 2193 2329 immortalia
2214 2288 2444 2345 prorsus
2472 2288 2537 2330 ac
2565 2272 2753 2328 divina
2774 2318 2790 2344 ,
2856 2272 3066 2329 stolidae
3119 2286 3183 2327 ac
3238 2272 3459 2327 vecordi
3497 2271 3742 2341 philoso-

475 2363 619 2435 phiae
672 2363 1029 2434 praetulimus.
1084 2363 1221 2419 Nam
1267 2365 1397 2443 quid
1435 2381 1524 2421 me
1575 2368 1767 2423 attinet
1807 2372 1912 2424 ista
1951 2369 2202 2440 persequi
2225 2369 2466 2437 diutius,
2494 2384 2559 2425 ac
2594 2377 2818 2425 caeteros
2875 2366 3117 2423 Platonis
3201 2382 3417 2424 errores
3477 2368 3736 2438 aperire.

477 2473 606 2515 cum
659 2472 727 2513 ex
760 2457 949 2527 paucis
1000 2457 1106 2513 illis
1145 2457 1516 2527 conjecturam
1560 2459 1719 2515 facile
1769 2461 1837 2516 de
1867 2462 1937 2517 iis
2000 2462 2204 2529 etiam,
2242 2478 2363 2533 qua?
2414 2463 2616 2517 tacitus
2672 2469 2935 2532 pratereo
2961 2498 2977 2525 ,
3016 2460 3197 2516 facere
3252 2459 3486 2531 quisque
3529 2446 3742 2530 possiti

477 2546 539 2605 ld
573 2551 717 2620 quod
759 2565 921 2605 nemo
954 2560 1135 2605 tamen
1188 2549 1288 2605 abs
1318 2564 1407 2604 me
1448 2550 1817 2606 calumniandi
1863 2551 2048 2607 animo
2081 2551 2284 2607 dictum
2318 2568 2443 2609 esse
2471 2560 2657 2623 putet,
2691 2566 2816 2606 cum
2844 2550 3109 2621 majorem
3170 2550 3226 2605 in
3282 2552 3504 2605 modum
3560 2550 3743 2604 homi-

482 2656 607 2697 nem
646 2640 944 2710 suspiciam
1001 2642 1118 2712 ipse
1170 2655 1408 2712 quoque.
1466 2639 1560 2696 Sic
1612 2651 1729 2708 est,
1769 2643 2019 2714 equidem
2062 2644 2214 2698 illum
2282 2644 2440 2699 nobis
2484 2642 2799 2699 Graecorum
2864 2643 3109 2698 omnium
3163 2641 3557 2698 amicissimum
3624 2641 3742 2697 exi-

480 2736 664 2798 stimo,
687 2745 741 2790 et
762 2747 1019 2806 tanquam
1054 2751 1201 2796 eum.
1232 2736 1327 2806 qui
1351 2736 1398 2792 si
1420 2737 1603 2791 minus
1627 2737 1816 2793 eadem
1848 2753 2075 2807 prorsus
2100 2753 2222 2809 quae
2244 2753 2348 2793 nos
2374 2737 2555 2793 omnia
2579 2777 2594 2803 ,
2618 2736 2800 2791 aﬂinia
2863 2744 3010 2791 certe
3055 2735 3347 2790 admodum
3401 2745 3743 2805 cognataque

478 2828 794 2895 tradiderit,
837 2830 1085 2885 observo.
1139 2829 1245 2885 Sed
1297 2839 1478 2887 tamen
1529 2832 1625 2887 ubi
1678 2847 1804 2888 cum
1844 2832 1994 2889 Mose
2029 2848 2093 2890 ac
2130 2834 2339 2890 ceteris
2390 2832 2743 2890 Hebraeorum
2786 2831 3065 2903 prophetis
3132 2831 3523 2897 committitur,
3575 2845 3744 2901 quam

478 2922 549 2978 iis
591 2921 960 2992 intelligentiae
998 2922 1052 2977 vi
1096 2922 1358 2990 cesserit,
1388 2924 1596 2994 aperio.
1651 2923 1975 2995 Quanquam
2003 2924 2195 2995 siquis
2221 2940 2350 2980 eum
2400 2924 2740 2996 arguendum
2795 2937 2863 2977 ex
2912 2921 3159 2993 professo
3216 2922 3521 2993 susciperet
3557 2937 3745 2993 posset

476 3027 528 3083 is
559 3018 804 3090 profecto
856 3020 959 3075 alia
1011 3032 1265 3074 sexcenta
1324 3021 1757 3091 reprehendere,
1802 3022 2112 3093 cujusmodi
2158 3031 2287 3079 sunt
2331 3021 2549 3094 egregia
2594 3021 2685 3077 illa
2713 3019 2981 3092 plenaque
3017 3019 3355 3089 prudentius,
3384 3032 3509 3090 quae
3540 3019 3625 3073 vel
3676 3018 3745 3074 de

481 3112 801 3169 mulieribus
821 3113 877 3168 in
909 3112 1197 3183 Republica
1225 3115 1447 3179 statuit,
1478 3116 1565 3172 vel
1593 3117 1659 3172 de
1682 3115 1907 3173 infando
1933 3132 2117 3174 amore
2143 3117 2201 3176 in
2242 3116 2472 3174 Phaedro
2501 3126 2613 3173 tam
2642 3116 2888 3186 speciose
2935 3115 3371 3187 philosophatur.
3420 3113 3502 3170 Ex
3542 3115 3744 3187 quibus

479 3208 529 3263 si
565 3208 699 3278 quid
726 3209 891 3264 etiam
920 3208 1112 3263 audire
1144 3209 1342 3279 placet,
1371 3209 1565 3282 legesis
1594 3228 1717 3284 quae
1745 3213 1813 3267 ab
1847 3229 1915 3268 eo
1944 3201 2165 3270 totidem
2189 3213 2372 3271 verbis
2396 3213 2767 3285 disputantur.

2082 3317 2131 3372 -Β

1078 3362 1313 3419 CAPUT
1349 3364 1494 3418 XIX.

486 3518 744 3592 Quartam
775 3518 951 3592 minus
979 3525 1117 3592 recte
1151 3517 1334 3592 Plato,
1368 3530 1481 3574 tam
1524 3521 1595 3592 in,
1622 3520 1861 3591 Legibus
1895 3536 2055 3592 quam

555 3591 608 3642 in
628 3588 944 3661 Republica,
961 3588 1026 3640 de
1050 3587 1356 3643 mulieribus
1377 3591 1658 3645 statuerit:
1674 3587 1791 3661 qua:
1812 3587 2058 3646 Helier-

559 3676 676 3713 rum
705 3658 947 3710 doctrina
967 3675 1071 3711 non
1100 3661 1306 3712 orabat.

560 3809 726 3881 706
745 3826 763 3859 ‹
784 3807 954 3863 Multa
975 3807 1250 3877 fortassis,
1275 3810 1520 3879 inquam,
1539 3825 1607 3865 ex
1626 3810 1696 3866 iis
1709 3827 1831 3881 quae
1849 3827 1880 3867 a
1899 3814 2058 3870 nobis

488 3901 580 3957 hic
608 3901 886 3967 dicuntur,
910 3901 1057 3971 quod
1098 3902 1265 3955 alium
1289 3917 1440 3957 nunc
1468 3916 1679 3957 morem
1723 3902 2057 3973 habeamus,

484 3990 713 4046 ridicula
747 3989 1099 4056 videbuntur,
1140 3990 1187 4044 si
1258 3989 1390 4045 ﬁent
1441 3989 1520 4044 uti
1568 3989 1939 4060 praecipimus.
1988 4021 2060 4031 —

483 4081 655 4136 Plane
685 4120 702 4147 ,
746 4079 942 4149 inquit.
975 4107 1049 4121 —-
1082 4078 1195 4150 Ego
1227 4094 1357 4135 vero
1401 4094 1416 4132 :
1445 4079 1589 4146 Quid
1637 4080 1858 4137 tandem
1888 4096 1959 4138 ex
1990 4082 2059 4138 iis

483 4173 723 4226 maxime
749 4171 849 4225 tibi
886 4171 1180 4227 ridiculum
1211 4170 1461 4226 videtur?
1490 4169 1649 4240 illud,
1672 4173 1889 4243 opinor,
1911 4173 2058 4244 quod

481 4263 742 4317 mulieres
770 4262 1003 4319 velimus
1030 4264 1202 4318 nudas
1226 4277 1352 4318 cum
1376 4261 1509 4319 viris
1541 4262 1595 4317 in
1617 4263 1870 4335 palaestra
1898 4276 2057 4318 exer-

483 4347 616 4411 ceri,
640 4362 741 4403 nec
768 4348 1018 4418 juniores
1039 4350 1223 4415 modo,
1250 4350 1346 4406 sed
1378 4350 1527 4421 ipsas
1550 4367 1768 4422 quoque
1789 4352 2057 4418 seniores;

485 4436 567 4491 uti
586 4436 740 4492 viros
765 4436 880 4507 jam
911 4453 1071 4494 senes
1098 4440 1152 4493 in
1175 4439 1480 4510 gymnasiis
1508 4440 1757 4498 videmus
1776 4482 1792 4510 ,
1823 4456 2058 4514 rugosos

484 4525 649 4595 licet,
682 4537 847 4599 atque
896 4541 1122 4600 aspectu
1156 4532 1490 4602 injucundos
1513 4574 1530 4600 ,
1580 4535 1825 4591 studiose
1871 4543 2056 4590 tamen

485 4617 670 4674 hacin
700 4621 1089 4678 exercitatione
1120 4626 1349 4681 versari.
1385 4645 1405 4678 ι
1446 4624 1586 4681 Tum
1618 4627 1870 4697 pluribus
1890 4628 2056 4683 inter-

484 4709 662 4779 iectis,
698 4711 813 4768 haec
833 4714 1051 4779 subdit,
1097 4733 1116 4765 ι
1161 4714 1267 4782 Qui
1292 4718 1397 4785 vir,
1432 4717 1643 4789 inquit,
1670 4719 1929 4774 mulieres
1956 4736 2059 4775 nu-

483 4802 585 4858 das
620 4804 835 4860 riserit:
874 4806 1016 4862 hanc
1068 4806 1125 4861 in
1155 4810 1598 4866 exercitationem
1630 4810 1849 4867 honesti
1894 4827 2058 4867 causa

482 4894 864 4955 incumbentes
889 4940 907 4969 ,
943 4901 1104 4969 quasi
1155 4903 1249 4973 qui
1299 4904 1413 4959 risu
1465 4903 1777 4974 captando,
1820 4903 2053 4987 solertiae

557 5135 669 5204 (6'1)
691 5137 894 5211 ⁸’Ἱοζως
949 5138 1046 5211 δή.
1078 5139 1253 5205 Plato,
1274 5142 1369 5196 lib.
1406 5156 1439 5195 v
1471 5140 1548 5194 De
1574 5140 1777 5211 repub.,
1807 5156 1861 5209 p.
1887 5140 2054 5196 457C

483 5208 586 5275 ista
655 5205 919 5275 pluribus.
966 5205 1168 5265 Eadem
1217 5215 1452 5266 citantur
1516 5228 1579 5265 ac
1628 5205 1968 5265 refelluntur
2020 5228 2048 5264 a

483 5270 1046 5368 Ilipetdore‘tog‘lib.~tx
1076 5280 1151 5334 De
1172 5298 1284 5368 cur.
1314 5281 1548 5363 Qrwcor.
1582 5281 1924 5368 effectujiag.
1953 5279 2055 5361 l‘g9

483 5353 537 5422 et
566 5344 785 5422 1:20.0'0
813 5348 871 5401 δὲ
898 5349 1071 5422 ταῦτα
1098 5351 1423 5422 νομοθετῶν,
1457 5344 1654 5421 inquit,
1681 5344 1935 5405 οὐδὲ-τῶν
1956 5351 2056 5422 τῆς

483 5412 795 5494 κανδαιξλου
824 5420 1079 5494 γυναικὸς
1103 5412 1275 5494 λόγων
1308 5412 1579 5494 ἑμνήσοη’
1610 5412 1792 5494 ἐκείνη
1816 5422 1924 5494 γάρ
1953 5412 2056 5487 τοί)

484 5485 583 5560 τοῇ
618 5485 809 5560 ἀνδρὸς
839 5485 1049 5560 γυμνόν
1081 5493 1131 5544 οἰ
1163 5485 1445 5557 δεῖξαι’τὸ’
1479 5485 1638 5560 σῶμα
1675 5485 2026 5560 κελεύσαντος
2044 5485 2060 5556 ὲ

487 5552 634 5685 ξιάλα
673 5552 775 5627 ἐῴη
815 5552 1135 5631 σὼςρρόνως,
1178 5552 1272 5616 ὃτί
1301 5552 1641 5632 ἀποδιδομένη
1680 5562 1773 5614 τὸν
1824 5552 2061 5631 χιτῶναζ

522 5624 872 5681 υναποδύεται
896 5631 992 5684 καὶ
1015 5631 1114 5685 τὴν
1140 5632 1271 5685 αίδῶ
1292 5635 1324 5685 ἡ
1351 5636 1511 5685 γυνή.
1541 5631 1841 5685 Τοιγαροῦν
1869 5634 1898 5685 ὁ
1921 5631 2061 5685 φιλό-

522 5624 872 5705 υναποδιξεται
896 5624 992 5684 καὶ
1015 5624 1271 5705 τὴναίδῶ
1292 5635 1325 5703 ή
1351 5636 1486 5704 γυνή
1497 5624 1519 5687 .’
1541 5624 1898 5705 Τοίγαροβλῖό
1921 5631 2066 5705 φιλόῗ

1596 5703 1622 5715 ~

488 5707 649 5759 σοφος
693 5696 793 5762 τὰς
840 5696 1252 5769 νυμφευόμένας
1312 5696 1512 5773 γυμνοί
1560 5696 1661 5772 τῆς
1704 5696 2065 5767 αἰδοῦς,’καὶ

2688 3366 3085 3421 ΚΕΦΑΛΑΙΟΝ
3107 3365 3207 3421 ΙΘ’.

2170 3520 2368 3592 Ὁποῖα
2396 3514 2530 3591 περὶ
2569 3519 2866 3592 γυναικῶν
2905 3525 3016 3577 οὐκ
3059 3522 3246 3590 ὀρθῶς
3290 3526 3326 3578 ό
3368 3521 3622 3578 Πλάτων
3655 3522 3742 3592 δι-

2228 3588 2500 3665 πάξαζὸ,
2665 3590 2790 3665 τοῖς
2836 3592 3049 3665 Νόμοις
3088 3588 3197 3645 ⁷καὶ,
3223 3588 3308 3647 ίέν
3336 3593 3617 3665 Πολιτείᾳ·
3650 3588 3744 3664 οἷς

2241 3662 2519 3732 Ἐϐραίων
2542 3664 2653 3716 οὐκ
2682 3662 2943 3716 ἐπινεύει
2972 3663 3153 3732 λόγος

2236 3835 2255 3869 ι
2291 3819 2452 3882 Ἴσως
2486 3817 2549 3889 δὴ
2581 3816 2714 3889 (61),
2741 3812 2915 3882 εἷπον,
2948 3831 3104 3887 παρα
3129 3818 3189 3872 τὸ
3215 3817 3422 3885 εἰωθὸς,
3452 3818 3636 3887 γελοῖα
3678 3818 3745 3873 ἂν

2160 3906 2404 3975 φαίνοιτο
2434 3905 2605 3960 πολλὰ
2637 3906 2767 3978 περὶ
2797 3906 2866 3960 τὰ
2904 3906 2999 3961 νῦν
3034 3906 3100 3979 δὴ
3140 3907 3427 3978 λεγόμενα,
3460 3910 3510 3961 εί
3543 3908 3745 3979 πράξε-

2158 4014 2247 4051 ται
2335 3996 2571 4067 λέγεται.
2600 4026 2671 4037 -
2688 3999 2799 4053 Καὶ
2825 3999 2989 4069 μάλα,
3012 3998 3139 4071 ἔφη.
3165 3999 3315 4052 -Τί
3346 4000 3414 4063 δ’,
3438 3995 3509 4071 ἦν
3538 3999 3585 4053 δ’
3610 4001 3745 4069 ἐγὼ,

2159 4089 2495 4157 γελοιότατον
2542 4089 2722 4145 αὐτῶν
2768 4093 2937 4162 ὁρᾷςς
2973 4091 3046 4144 Ἦ
3066 4090 3264 4161 δηλαδὴ
3285 4091 3363 4144 ὅτι
3385 4092 3599 4162 γυμνὰς
3643 4093 3746 4157 τὰς

2159 4181 2423 4249 γυναῖκας
2465 4182 2523 4234 ὲν
2565 4182 2686 4244 ταῖς
2736 4180 3098 4252 παλαίστραις
3140 4181 3558 4252 γυμναζομένας
3607 4182 3747 4252 μετὰ

2159 4274 2267 4328 τῶν
2298 4273 2527 4346 ἀνδρῶν,
2560 4274 2622 4328 οὺ
2653 4273 2812 4347 μόνον
2848 4274 2949 4337 τὰς
2979 4272 3127 4338 νέας,
3171 4273 3285 4328 ἀλλ’
3322 4274 3425 4346 ἢδη
3472 4274 3570 4327 καὶ
3609 4289 3747 4345 πρε-ι

2161 4365 2448 4440 σϐυτέρας,
2472 4365 2657 4438 ὥσπερ
2697 4366 2824 4429 τοὺς
2844 4365 3106 4436 γέροντας
3143 4366 3202 4420 ὲν
3241 4368 3355 4429 τοῖς
3397 4364 3746 4437 γυμνασίοις,

2159 4459 2287 4514 ὅταν
2328 4459 2482 4532 ῥυσοὶ
2518 4460 2611 4513 καὶ
2639 4458 2714 4529 μὴ
2747 4457 2891 4530 ἡδεῖς
2929 4456 3027 4529 τὴν
3058 4457 3201 4529 δψιν,
3228 4457 3377 4529 ὅμως
3409 4457 3747 4529 φιλογυμνα-

2162 4549 2327 4604 σθῶσι
2383 4550 2515 4621 (62).
2555 4568 2575 4602 ι
2625 4551 2738 4603 Καὶ
2793 4548 3034 4617 ἐπιλέγει
3086 4548 3243 4621 ἑξῆς·
3280 4568 3298 4600 ι
3339 4549 3398 4602 '0
3449 4549 3511 4603 δὲ
3568 4547 3749 4619 γελῶν

2161 4641 2300 4713 ἀνὴρ
2334 4641 2427 4694 ἐπὶ
2456 4641 2691 4712 γυμναῖς
2713 4640 2833 4703 ταῖς
2868 4638 3101 4709 γυναιξὶ,
3133 4638 3230 4694 τοῦ
3274 4639 3554 4710 βελτίστου
3584 4638 3750 4695 ἕνεκα

2161 4729 2621 4803 γυμναζομέναις,
2653 4730 2748 4785 ἅτε
2781 4728 2847 4799 δὴ
2880 4729 2991 4801 (65)
3031 4729 3126 4782 τοῦ
3160 4728 3368 4798 γελοίου
3401 4730 3595 4798 σοφίας
3620 4728 3747 4800 δρέ-

2164 4838 2279 4875 πων
2325 4819 2565 4892 καρπὸν,
2606 4818 2728 4873 οὐδὲ
2773 4814 2934 4884 οἶδεν,
2982 4817 3057 4881 ὼς
3110 4817 3307 4881 ἔοικεν,
3338 4817 3421 4885 ἐφ’
3449 4810 3496 4885 ᾧ
3526 4816 3682 4886 γελᾷ.
3724 4836 3744 4869 ο

2162 4912 2300 4985 Φησὶ
2326 4912 2383 4965 δὲ
2414 4914 2472 4967 ὲν
2500 4911 2712 4981 ἑϐδόμῳ
2739 4910 2846 4962 τῶν
2883 4910 3113 4978 Νόμων,
3146 4908 3222 4972 ὡς
3262 4909 3367 4980 ἄρα
3400 4907 3587 4980 δεήσει
3619 4908 3748 4971 τοὺς

2162 5144 2436 5200 ἀναίδειαν
2490 5144 2816 5199 ἐκδιδάσκει.
2871 5143 3185 5200 Ftedissimi
3234 5143 3400 5213 hujus
3466 5142 3746 5207 instituti,

2163 5217 2306 5271 sicut
2334 5216 2566 5270 aliorum
2614 5216 3006 5285 plurimorum,
3056 5212 3319 5285 auctores
3344 5214 3535 5285 habuit
3580 5212 3749 5269 Lace-

2163 5286 2496 5355 daemonios;
2554 5283 2629 5355 ut
2647 5286 2828 5340 videre
2865 5294 2949 5340 est
2998 5285 3142 5354 apud
3188 5283 3492 5355 Thucydid.
3544 5284 3661 5355 lib.
3692 5299 3745 5350 ι,

2166 5353 2440 5427 Plutarch.
2484 5356 2543 5427 in
2570 5352 2810 5427 Lycurgo
2835 5365 2890 5409 et
2922 5352 3360 5427 Apopltthegmat.
3406 5354 3509 5427 Qui
3541 5354 3749 5427 ﬂagitio

2163 5425 2370 5481 frustra
2404 5426 2638 5493 speciem
2667 5425 2906 5494 aliquam
2931 5434 2986 5480 et
3015 5426 3254 5480 colorem
3285 5426 3501 5494 quaerit.

2238 5496 2380 5568 (6‘2)_
2419 5493 2971 5566 Φιλογυμνασθῶσι.
3036 5494 3202 5551 Malui
3265 5493 3746 5568 φιλογυμναστῶσι

2166 5584 2290 5625 cum
2323 5565 2548 5621 Platone
2575 5565 2647 5621 et
2666 5580 2771 5619 ms.

2238 5636 2350 5710 (65)
2392 5636 2522 5694 ’Δτε
2552 5635 2651 5704 δή.
2680 5634 2859 5703 Plato,
2884 5635 3069 5709 ἀτελῆ.
