4122 6418
408 409 553 468 1169

1554 419 1872 478 ΡΜΡΑΒ.
1916 418 2168 478 EVANG.
2211 414 2337 471 LIB.
2382 412 2519 466 XIII.

3507 409 3643 464 H70

408 529 527 583 κατ’
564 527 738 597 ἰσχὺν,
776 526 896 580 ἀντὶ
929 528 1029 597 μὲν
1077 529 1255 600 πάλης
1303 532 1397 584 καὶ
1455 531 1563 585 τῶν
1610 531 1885 597 τοιούτων,
1912 533 1981 584 τὰ

2090 530 2241 585 dierit
2261 530 2554 596 civitatem,
2572 527 2772 582 frustra
2794 528 3056 599 vigilavit,
3074 528 3418 599 qui‘custodit
3437 542 3554 583 eam
3575 527 3611 579 ί.
3628 547 3645 573 ι

406 617 502 671 νῦν
526 618 625 670 ὅσα
653 616 844 688 βαρέα,
875 619 974 689 τὴν
1006 621 1063 673 ἐν
1092 624 1206 683 τοῖς
1233 621 1417 686 ὅπλοις
1459 623 1640 693 μάχην
1689 622 1801 693 (75)
1822 662 1837 687 ,
1887 622 1983 676 ἕνα

406 725 466 761 τε
494 708 628 779 πρὸς
656 709 749 762 ἕνα
782 709 1235 781 διαμαχομένους,
1269 714 1360 767 καὶ
1394 714 1488 767 δύο
1517 715 1655 786 πρὸς
1696 714 1841 767 δύο.»
1874 715 1985 768 Καὶ

413 799 539 869 ἑξῆς
562 799 751 854 εἰπών·
789 818 807 851 ι
832 801 1037 855 Ταύτὸν
1069 802 1133 874 δὴ
1163 805 1256 857 καὶ
1308 806 1436 869 τοὺς
1468 807 1598 876 περὶ
1648 805 1984 876 ὁπλομαχίαν

411 892 613 962 ἄκρους
640 893 1089 965 παρακαλοῦντας
1137 895 1243 967 χρὴ
1282 897 1503 961 τούτους
1533 897 1841 968 νομοθετεῖν
1888 913 1982 950 κε-

415 981 643 1036 λεύειν»
682 985 929 1056 ἐπιφέρει
959 985 1151 1053 λέγων·
1185 1006 1205 1040 ί
1244 988 1324 1041 Τὰ
1359 989 1497 1042 αὐτὰ
1527 988 1584 1041 δὲ
1608 990 1702 1043 καὶ
1730 988 1984 1060 περὶτῶν

411 1070 640 1142 θηλειῶν
672 1072 812 1126 ἔστω
859 1075 1307 1147 νομοθετούμενα,
1339 1076 1447 1130 τῶν
1488 1077 1648 1148 μέχρι
1696 1077 1911 1147 γάμων.
1957 1094 1979 1128 ι

407 1157 540 1215 Εἶτα
559 1162 719 1216 πάλιν
740 1163 947 1229 τούτοις
966 1165 1092 1237 ἑξῆς
1128 1166 1366 1236 συνάψας
1392 1168 1516 1231 τοὺς
1547 1167 1675 1237 περὶ
1703 1165 1987 1220 πελταστιο

408 1253 531 1323 κῆς,
565 1255 660 1308 καὶ
689 1257 1050 1327 παγκρατίου,
1083 1260 1177 1311 καὶ
1228 1257 1405 1323 τόξου,
1437 1258 1598 1311 λίθων
1632 1275 1692 1310 τε
1718 1258 1781 1311 ἐκ
1809 1258 1986 1331 χειρὸς

410 1344 569 1416 βολῆς
595 1346 688 1399 καὶ
711 1346 801 1399 διὰ
824 1348 1114 1419 σφενδόνης
1143 1348 1362 1419 νόμους,
1388 1349 1568 1403 ἵππων
1590 1366 1648 1402 τε
1676 1349 1806 1419 περὶ
1838 1347 1986 1416 ἀγῶ-

409 1450 518 1500 νος,
553 1436 716 1491 πάλιν
766 1436 1039 1493 κάνταῦθα
1093 1440 1218 1509 περὶ
1259 1438 1366 1493 τῶν
1426 1438 1655 1509 θηλειῶν
1681 1439 1874 1507 ἐπάγει
1902 1438 1988 1491 λέ-

408 1546 540 1600 γων·
577 1550 595 1582 ι
633 1531 864 1602 Θηλείας
899 1532 955 1585 δέ
980 1533 1110 1603 περὶ
1139 1533 1367 1599 τούτων,
1397 1533 1582 1605 νόμοις
1622 1534 1718 1604 μὲν
1743 1534 1838 1586 καὶ
1869 1534 1987 1586 ἐπι-

407 1622 627 1689 τάξεσιν
650 1625 750 1676 ούκ
776 1624 903 1691 ἄξια
951 1624 1255 1695 βιάζεσθαι,
1308 1626 1407 1697 τῆς
1456 1624 1757 1687 κοινωνίας·
1791 1622 1885 1675 ἐὰν
1930 1623 1988 1676 δὲ

407 1713 468 1780 ἐξ
499 1715 679 1769 αὐτῶν
702 1715 811 1768 τῶν
833 1715 1141 1787 ἔμπροσθεν
1164 1716 1543 1787 παιδευμάτων
1569 1717 1648 1779 είς
1662 1715 1781 1777 ἔθος
1804 1714 1986 1767 ίόντων

404 1809 439 1877 ἡ
472 1806 632 1875 φύσις
685 1807 984 1879 ἐνδέχηται,
1037 1809 1131 1863 καὶ
1186 1808 1262 1880 μὴ
1316 1808 1661 1880 δυσχεραίνῃ,
1718 1807 1982 1877 παῖδαςῆ

407 1899 708 1970 παρθένους
741 1903 1013 1955 κοινωνεῖν
1042 1902 1158 1972 ἐᾷν,
1195 1902 1289 1955 καὶ
1320 1902 1394 1973 μὴ
1450 1901 1691 1971 ψέγειν.»
1739 1899 1989 1953 Τοσαῦτα

406 1990 500 2044 τοῦ
529 1991 811 2055 Πλάτωνος
834 1993 903 2046 τὰ
931 1993 1059 2065 περὶ
1089 1992 1383 2062 γυναικῶν.
1411 1991 1517 2046 Τοῦ
1551 1993 1597 2046 δ’
1627 1991 1790 2046 αὐτοῦ
1836 1992 1930 2046 καὶ
1961 1994 1991 2045 ὁ

407 2081 707 2154 θαυμάσιος
731 2084 817 2138 ὅδε
854 2086 1115 2155 τυγχάνει
1140 2085 1321 2157 νόμος·
1359 2105 1379 2137 ι
1415 2085 1539 2140 Ἐάν
1562 2102 1646 2149 τις
1668 2085 1865 2148 παῖδας
1879 2082 1988 2154 (76)

405 2174 626 2245 θηλείας
657 2177 981 2251 καταλείπῃ,
1035 2178 1102 2232 δι’
1126 2176 1369 2247 ἀδελφῶν
1429 2195 1488 2231 τε
1539 2177 1635 2230 καὶ
1693 2175 1990 2246 ἀδελφιδῶν

405 2265 646 2321 ἐπανιὼν
671 2268 803 2339 (77),
828 2268 1136 2340 ἔμπροσθεν
1174 2270 1271 2340 μὲν
1304 2268 1413 2323 τῶν
1477 2270 1742 2341 ἀρρένων,
1767 2269 1990 2341 ὕστερον

403 2357 463 2411 δέ
489 2358 717 2429 θηλειῶν
748 2362 829 2414 ἐν).
862 2361 1030 2430 γένει’
1055 2361 1152 2432 τὴν
1179 2361 1236 2414 δὲ
1257 2359 1353 2415 τοῦ
1399 2361 1509 2416 τῶν
1557 2362 1751 2434 γάμων
1796 2364 1990 2433 χρόνου

408 2451 752 2523 συμμετρίαν
776 2469 836 2505 τε
858 2453 953 2505 καὶ
987 2454 1256 2523 ἀμετρίαν
1300 2452 1560 2525 δικαστὴς
1614 2453 1832 2507 σκοπῶν
1867 2470 1989 2525 κρι-

405 2539 564 2603 νέτω,
596 2542 837 2613 γυμνοὺς
871 2543 970 2613 μὲν
1022 2543 1148 2606 τοὺς
1181 2542 1436 2614 ἄρρενας,
1471 2540 1684 2613 γυμνὰς
1733 2542 1790 2596 δὲ
1815 2543 1993 2613 ὀμφα-

406 2632 499 2689 λοῦ
525 2633 701 2706 μέχρι,
716 2633 989 2706 θεώμενος
1014 2634 1113 2699 τὰς
1147 2634 1418 2705 θηλείας.»
1454 2635 1614 2689 Ἀλλὰ
1662 2637 1758 2690 καὶ
1788 2637 1845 2689 ἐν
1874 2638 1993 2699 ταῖς

406 2725 621 2796 ἑορταῖς
643 2725 753 2780 δεῖν
799 2727 970 2791 αὐτάς
1017 2744 1149 2798 φησι
1189 2727 1403 2799 γυμνὰς
1435 2727 1683 2800 χορεύειν
1743 2729 1801 2781 ἐν
1847 2728 1992 2799 ἕκτῳ

405 2815 517 2869 τῶν
549 2816 782 2885 Νόμων,
811 2816 987 2886 λέγων
1024 2817 1175 2871 οὕτω·
1228 2837 1250 2870 ι
1280 2818 1403 2888 Τῆς
1426 2814 1520 2871 οὖν
1573 2817 1829 2888 τοιαύτης
1879 2816 1992 2888 (78)

406 2907 638 2979 σπουδῆς
664 2908 826 2962 ἕνεκα
850 2908 957 2980 χρὴ
982 2909 1078 2963 καὶ
1116 2908 1214 2972 τὰς
1249 2908 1467 2973 παιδιὰς
1500 2909 1768 2962 ποιεῖσθαι
1801 2910 1993 2979 χορεύ-

401 2999 564 3062 οντάς
590 3015 649 3051 τε
676 2999 769 3052 καὶ
795 2997 1146 3069 χορευούσας,
1179 2998 1408 3070 κούρους
1431 3016 1492 3052 τε
1537 3000 1632 3052 καὶ
1664 3000 1851 3071 κόρας,
1895 3001 1990 3053 καὶ

404 3081 521 3154 ἃμα
546 3082 609 3155 δὴ
635 3083 970 3155 θεωροῦντάς
996 3088 1055 3138 τε
1079 3086 1175 3142 καὶ
1203 3085 1626 3157 θεωρουμένους,
1666 3087 1805 3158 μετὰ
1830 3088 1989 3156 λόγου

2084 622 2154 677 At
2176 622 2374 676 videsis
2405 637 2601 690 porro,
2634 621 3083 690 quemadmodum
3124 620 3369 691 egregius
3404 619 3646 689 philoso—

2082 714 2227 785 phus
2272 713 2528 767 mulieres
2574 712 2838 784 gymnicis
2882 727 3099 781 quoque
3131 711 3519 766 certaminibus
3551 711 3655 764 im-

2084 805 2328 869 misceat.
2365 820 2383 853 ι
2412 802 2667 857 Mulieres
2690 843 2706 869 ,
2740 802 2953 872 inquit,
2990 802 3137 872 quod
3184 801 3416 865 attinet,
3460 800 3657 869 puellis

2086 896 2265 951 adhuc
2292 896 2669 966 impuberibus
2694 935 2709 960 ,
2741 895 2919 965 iisque
2946 895 3135 961 nudis,
3167 893 3324 949 stadii
3352 934 3368 962 ,
3400 893 3483 947 vel
3525 893 3658 947 sim-

2085 987 2264 1058 plicis,
2312 988 2396 1043 vel
2424 987 2682 1058 geminati
2720 987 3074 1053 curriculum,
3108 994 3360 1056 equestre
3388 985 3655 1050 similiter,

2086 1078 2354 1149 integrum
2391 1078 2625 1149 denique
2671 1078 2801 1133 illud
2853 1094 2915 1133 ac
2957 1079 3163 1148 justum
3215 1075 3614 1147 assignabimus
3642 1114 3655 1136 ,

2088 1178 2251 1240 atque
2281 1172 2357 1225 ita
2386 1178 2447 1225 ut
2471 1169 2539 1225 de
2582 1184 2776 1225 cursus
2824 1169 2965 1224 inter
3011 1184 3068 1225 se
3114 1169 3389 1223 celeritate
3431 1174 3660 1222 conten-

2087 1260 2250 1315 dant:
2285 1276 2408 1331 quae
2434 1277 2564 1316 vero
2592 1276 2796 1316 annum
2818 1261 3094 1332 attigerint
3117 1260 3387 1315 decimum
3414 1258 3657 1322 tertium,

2087 1366 2182 1407 eas
2205 1351 2379 1408 donec
2407 1353 2723 1423 nupserim,
2756 1353 2835 1409 sic
2880 1352 2935 1406 in
2969 1351 3164 1406 harum
3208 1349 3658 1405 exercitationum

2087 1443 2346 1500 societate
2376 1444 2762 1508 retinebimus,
2825 1451 2883 1498 ut
2906 1443 2986 1513 jiis
3019 1457 3119 1497 nec
3166 1441 3309 1496 ultra
3338 1440 3660 1495 vicesimum

2089 1534 2398 1606 obligentur
2425 1574 2440 1601 ,
2471 1550 2574 1590 nec
2603 1536 2883 1590 solvantur
2904 1542 3028 1589 ante
3068 1532 3337 1588 decimum
3383 1540 3657 1586 octavum.

2088 1623 2179 1680 Ea:
2204 1641 2377 1696 porro
2401 1626 2634 1683 honesto
2662 1625 2950 1682 succinctae
2993 1624 3138 1679 cultu
3192 1624 3247 1677 in
3278 1637 3340 1676 ea
3368 1620 3665 1676 curriculo-

2088 1731 2210 1768 rum
2234 1717 2533 1771 certamina
2555 1716 2906 1772 descendant.
2938 1716 3117 1784 Atque
3145 1713 3200 1768 id
3229 1713 3297 1768 de
3323 1713 3567 1767 virorum
3598 1725 3663 1765 ac

2089 1807 2413 1864 feminarum
2439 1824 2602 1865 cursu
2636 1808 2993 1864 constitutum
3026 1815 3165 1862 esto.
3211 1805 3281 1860 At
3326 1804 3523 1860 virium
3572 1803 3664 1859 fir-

2092 1902 2296 1957 mitatis
2321 1901 2580 1971 augendae
2602 1915 2765 1957 causa
2792 1943 2807 1969 ,
2849 1901 3013 1955 lucta:
3062 1901 3184 1954 loco
3230 1914 3293 1954 ac
3339 1906 3661 1954 caeterorum

2091 1992 2361 2063 ejusmodi
2389 2034 2404 2061 ,
2435 1992 2635 2063 quibus
2668 2007 2818 2047 nunc
2847 1991 3252 2048 molestioribus
3298 2005 3362 2046 ac
3405 1989 3669 2045 difﬁcilio-

2091 2084 2243 2140 ribus
2268 2084 2495 2151 utimur,
2524 2092 2747 2139 armatae
2771 2099 2964 2155 pugnaa
2990 2084 3224 2154 speciem
3259 2097 3624 2152 proponemus
3647 2123 3664 2148 ,

2094 2176 2445 2247 singulosque
2470 2191 2596 2231 cum
2623 2176 2876 2246 singulis,
2900 2184 3141 2231 autcum
3166 2174 3398 2246 geminis
3419 2174 3667 2245 geminos

2092 2268 2553 2323 committemus.»
2589 2265 2729 2322 Tum
2752 2266 2935 2322 statim
2961 2275 3085 2337 post
3110 2267 3226 2321 haec
3256 2266 3458 2321 verba:
3488 2264 3665 2319 tidem

2093 2358 2270 2429 ipsum
2297 2359 2493 2413 armati
2534 2358 2700 2429 hujus
2741 2358 3055 2414 certaminis
3097 2356 3357 2428 praesides
3384 2398 3400 2424 ,
3450 2364 3511 2411 ut
3550 2356 3669 2427 lege

2090 2451 2363 2507 sancitum
2418 2451 2603 2519 velint,
2654 2450 3264 2521 adhortarioportebit.
3302 2448 3537 2521 Eadem,
3584 2450 3671 2504 in-

2093 2541 2243 2610 quit,
2280 2541 2346 2595 de
2387 2539 2610 2609 puellis,
2662 2539 2905 2610 quandiu
2949 2540 3191 2609 innuptae
3236 2547 3489 2604 manent,
3536 2554 3667 2594 san-

2091 2632 2362 2686 ciuntur.»
2399 2628 2612 2686 Rursus
2632 2670 2648 2697 ,
2676 2629 2771 2684 ubi
2804 2629 3177 2700 superioribus
3206 2629 3313 2683 illis
3336 2670 3353 2696 ,
3391 2643 3561 2684 novas
3603 2628 3671 2682 de

2090 2722 2395 2794 peltastica,
2426 2722 2492 2777 de
2520 2721 2822 2792 pancratio,
2850 2722 2917 2775 de
2944 2721 3235 2790 sagittandi
3264 2727 3399 2784 arte,
3431 2718 3498 2773 de
3530 2719 3669 2789 lapi-

2091 2817 2252 2872 dibus
2280 2830 2377 2871 seu
2409 2830 2576 2869 manu
2596 2855 2611 2882 ,
2639 2829 2736 2869 seu
2764 2812 2931 2868 funda
2952 2813 3217 2885 jaciendis
3244 2854 3258 2879 ,
3291 2820 3570 2883 postremo
3603 2812 3670 2865 de

2091 2922 2357 2978 equorum
2389 2907 2690 2963 certamine
2714 2906 2860 2977 leges
2888 2905 3113 2973 addidit,
3143 2904 3210 2960 de
3240 2903 3460 2959 feminis
3502 2903 3667 2957 etiam

2090 2999 2164 3054 ita
2188 2998 2500 3054 concludit:
2538 3016 2557 3050 ι
2590 2996 3094 3067 Ὲοωίηαθῳιὶάοιη,
3126 3007 3188 3050 ιιι
3221 2996 3275 3053 in
3306 2994 3669 3051 certaminum

2090 3091 2321 3147 istorum
2351 3090 2670 3145 societatem
2701 3087 2960 3152 veniant,
3002 3087 3210 3159 legibus
3233 3093 3328 3141 aut
3341 3084 3532 3140 edictis
3578 3099 3670 3138 co-

402 3193 464 3229 τε
491 3176 587 3230 κει)⁷
614 3176 830 3246 ἡλικίας
888 3177 1032 3242 τινὸς
1084 3177 1314 3251 ἐχούσης
1364 3179 1604 3243 ἐοικυίας
1650 3181 1985 3252 προφάσεις,

2091 3181 2278 3253 genda:
2319 3196 2431 3237 non
2458 3188 2661 3237 erunt:
2700 3179 2757 3237 si
2795 3187 2976 3235 tamen
3024 3178 3323 3249 superioris
3368 3176 3672 3245 disciplina;

403 3270 642 3339 γυμνοὺς
670 3268 766 3322 καὶ
827 3271 1062 3341 γυμνάς,
1119 3270 1280 3343 μέχρι
1340 3288 1447 3342 περ
1489 3270 1672 3337 αἰδοῦς
1713 3272 1986 3345 σώφρονος

403 3359 673 3417 ἑκάστων.
707 3379 726 3410 ι
783 3361 928 3433 Πρὸς
990 3360 1200 3427 τούτοις
1269 3362 1472 3417 ἅπασιν
1518 3364 1820 3419 ἐπάκουσον
1893 3366 1984 3421 καὶ

403 3449 572 3505 τῶνδε
601 3451 711 3506 τῶν
761 3454 818 3506 ἐν
852 3453 1135 3521 Πολιτείᾳ
1175 3456 1305 3526 περὶ
1357 3455 1451 3510 τοῦ
1506 3456 1692 3523 κοινὰς
1718 3453 1860 3513 εἶναι
1885 3457 1985 3523 τὰς

404 3547 667 3614 γυναῖκας
688 3546 878 3618 νόμου·
914 3566 936 3600 ι
971 3547 1178 3621 Τούτῳ,
1205 3545 1274 3621 ἦν
1302 3550 1346 3604 δ’
1379 3550 1490 3620 ἐγὼ
1514 3551 1647 3623 (79),
1674 3553 1866 3607 ἕπεται
1898 3553 1983 3607 νό-

406 3658 508 3713 μος
539 3642 637 3695 καὶ
655 3644 768 3707 τοῖς
800 3642 1112 3716 ἔμπροσθεν
1138 3646 1253 3709 τοῖς
1276 3644 1475 3713 ἄλλοις,
1506 3647 1581 3711 ὡς
1610 3640 1845 3719 ἐγῷμαι,
1876 3647 1984 3701 ὅδε.

403 3761 477 3774 -
494 3731 624 3800 Τίς;
653 3764 724 3773 —
744 3732 858 3797 Τὰς
896 3736 1157 3801 γυναῖκας
1184 3735 1389 3799 ταύτας
1410 3735 1516 3789 τῶν
1549 3738 1758 3810 ἀνδρῶν
1781 3738 1985 3792 τούτων

407 3820 628 3876 πάντων
655 3822 834 3887 πάσας
859 3817 1000 3881 εἶναι
1033 3826 1238 3889 κοινὰς,
1291 3826 1398 3898 ἰδίᾳ
1423 3827 1480 3880 δὲ
1505 3827 1695 3899 μηδενὶ
1719 3828 1986 3901 μηδεμίαν

408 3916 695 3977 συνοικεῖν·
719 3914 814 3973 καὶ
872 3916 999 3980 τοὺς
1049 3917 1247 3981 παῖδας
1296 3913 1363 3972 αὖ
1422 3921 1655 3987 κοινοὺς,
1712 3922 1809 3975 καὶ
1849 3922 1987 3994 μήτε

404 4005 567 4074 γονέα
593 4004 816 4074 ἔκγονον
841 4006 1037 4061 εἰδέναι
1070 4006 1162 4061 τὸν
1187 4008 1373 4073 αὑτοῦ,
1405 4010 1541 4082 μήτε
1571 4012 1737 4075 παῖδα
1767 4012 1981 4082 γονέα.»

404 4097 518 4158 Καὶ
539 4098 665 4169 ἑξῆς
689 4099 950 4167 ἐπιλέγει·
985 4118 1004 4151 ι
1034 4100 1214 4167 Εἰκὸς,
1247 4100 1370 4173 ἔφη.
1391 4103 1547 4156 -Σὺ
1573 4104 1672 4175 μὲν
1692 4104 1890 4170 τοίνυν,
1920 4100 1988 4177 ἦν

403 4188 450 4246 δ’
477 4189 607 4259 ἐγὼ,
642 4191 671 4244 ὁ
690 4190 1005 4262 νομοθέτης,
1029 4191 1213 4256 αὐτοῖς
1233 4192 1423 4265 ὥσπερ
1450 4195 1576 4259 τοὺς
1608 4195 1826 4266 ἄνδρας,
1846 4196 1990 4252 οὕτω

405 4282 502 4340 καὶ
533 4282 632 4346 τὰς
660 4286 922 4352 γυναῖκας
946 4283 1189 4351 ἐκλέξας,
1233 4286 1576 4357 παραδώσεις
1618 4289 1850 4343 καθόσον
1879 4284 1990 4343 οἷόν

404 4388 468 4425 τε
487 4372 766 4444 ὁμοφυεῖς
793 4375 843 4428 οἱ
874 4375 932 4428 δὲ
971 4375 1066 4428 am..-
1094 4377 1273 4440 οἰκίας
1301 4395 1363 4430 τε
1403 4379 1499 4432 καὶ
1550 4378 1798 4446 ξυσσίτια
1836 4381 1993 4435 κοινὰ

405 4458 644 4531 ἔχοντες,
704 4461 810 4533 ἰδίᾳ
836 4463 893 4516 δὲ
933 4464 1146 4529 οὐδενὸς
1174 4465 1324 4519 οὐδὲν
1352 4464 1591 4521 τοιοῦτον
1629 4470 1990 4541 κεκτημένου,

2089 3273 2394 3331 rationibus
2422 3273 2539 3345 jam
2564 3274 2620 3328 in
2650 3288 2833 3330 mores
2856 3287 2961 3328 usu
2986 3272 3238 3343 receptis,
3264 3273 3436 3327 aliena
3461 3281 3575 3325 tum
3602 3270 3672 3324 ab

2086 3364 2155 3421 iis
2184 3374 2382 3420 natura
2414 3380 2524 3420 non
2555 3364 2678 3431 erit,
2709 3364 2863 3435 pueri
2891 3363 3056 3420 simul
3091 3379 3155 3419 ac
3182 3364 3373 3434 puella:
3418 3363 3671 3418 sinantur

2087 3455 2143 3511 in
2175 3468 2366 3511 eorum
2384 3454 2708 3511 tractatione
2732 3454 2962 3519 versari,
2982 3452 3293 3524 factumque
3316 3452 3677 3524 reprehendat

2084 3562 2268 3603 nemo.
2298 3565 2317 3598 ι
2378 3544 2506 3604 Haec
2562 3545 2718 3604 Plato
2756 3546 2837 3609 .de
2895 3546 3238 3605 mulieribus.
3293 3545 3457 3616 708
3502 3545 3673 3613 Cujus

2085 3639 2249 3695 etiam
2282 3638 2369 3695 lex
2394 3639 2483 3694 illa
2508 3646 2632 3707 est,
2678 3653 2810 3699 sane
2843 3653 3007 3710 quam
3060 3637 3316 3710 egregia:
3375 3657 3394 3689 ι
3433 3637 3491 3692 Si
3540 3638 3666 3707 quis

2086 3730 2229 3787 filias
2261 3731 2568 3801 reliquerit,
2605 3731 2685 3785 uti
2715 3730 2970 3786 similiter
2998 3745 3062 3786 ea
3093 3730 3435 3801 cognationis
3478 3730 3532 3784 in
3565 3729 3675 3785 fra-

2086 3830 2233 3879 trum
2280 3829 2335 3879 et
2378 3823 2833 3879 consobrinorum
2888 3822 3027 3879 serie
3075 3822 3214 3877 ratio
3264 3822 3566 3888 habeatur,
3595 3824 3673 3877 uti

2086 3916 2278 3971 eodem
2302 3915 2357 3969 in
2386 3930 2620 3985 genere,
2646 3929 2712 3970 ex
2742 3913 2978 3969 marium
3018 3914 3162 3984 ipsis
3216 3914 3394 3984 primo
3416 3952 3433 3977 ,
3490 3913 3582 3984 qui
3626 3915 3673 3968 si

2088 4006 2223 4061 nulli
2251 4015 2445 4072 erunt,
2477 4018 2591 4063 tum
2623 4006 2843 4061 demum
2884 4020 2953 4061 ex
2998 4004 3331 4060 feminarum
3366 4005 3534 4074 stirpe
3572 3998 3677 4058 viri

2092 4107 2398 4158 sumantur.
2432 4096 2617 4164 [litate
2644 4113 2810 4163 vero,
2841 4112 3009 4167 quam
3037 4098 3104 4151 ad
3160 4097 3374 4167 nuptias
3426 4096 3513 4151 vel
3556 4096 3674 4165 pari

2093 4191 2240 4256 sint,
2269 4189 2354 4245 vel
2386 4188 2618 4259 impari,
2647 4187 2816 4257 judcx
2848 4188 2921 4242 ita
2951 4196 3190 4250 statuat,
3224 4196 3286 4241 ut
3328 4201 3508 4241 mares
3556 4186 3680 4255 qui-

2091 4280 2217 4335 dem
2247 4279 2472 4334 omnino
2498 4278 2694 4345 uudos,
2732 4276 2969 4332 feminas
3014 4287 3197 4331 autem
3231 4276 3491 4331 umbilico
3519 4284 3679 4331 tenus

2094 4373 2379 4443 inspiciat.
2419 4371 2596 4441 Atque
2655 4370 2796 4426 idem
2858 4378 3008 4425 sexto
3067 4369 3144 4422 De
3199 4368 3431 4439 legibus,
3501 4371 3678 4423 nudas

2095 4466 2261 4527 etiam
2289 4464 2412 4520 illas
2440 4463 2635 4519 diebus
2673 4461 2828 4519 festis
2857 4462 3088 4517 choreas
3119 4476 3281 4531 agere
3319 4462 3508 4531 jubet,
3545 4460 3676 4515 dum

404 4552 544 4624 ὁμοῦ
572 4552 637 4624 δὴ
669 4552 899 4608 ἔσονταιο
957 4554 1094 4626 ὁμοῦ
1145 4555 1201 4609 δὲ
1248 4557 1731 4630 ἀναμεμιγμένων,
1795 4560 1890 4613 καὶ
1936 4562 1988 4614 ἐν

2096 4556 2207 4627 ait:
2254 4573 2273 4607 ι
2311 4554 2430 4623 Hoc
2475 4565 2680 4610 mutuae
2736 4554 2943 4610 notitiae
2989 4554 3227 4609 studium
3270 4553 3591 4623 juvabitur,
3631 4553 3677 4607 si

406 4646 749 4716 γυμνασίοις,
779 4648 875 4700 καὶ
916 4648 973 4700 ἐν
1019 4651 1085 4720 τῇ
1144 4649 1281 4722 ἄλλῃ
1340 4653 1537 4722 τροφῇ,
1584 4652 1676 4708 ὑπ’
1729 4651 1994 4724 ἀνάγκης,

408 4730 584 4806 οἶμαι,
612 4736 711 4807 τῆς
749 4736 1012 4807 ἐμφύτου,
1047 4737 1265 4802 ἄξονται
1305 4739 1441 4810 πρὸς
1466 4739 1565 4811 τὴν
1600 4740 1845 4808 ἀλλήλων
1904 4742 1995 4812 μί-

409 4827 511 4893 ξιν.
535 4828 607 4881 Ἦ
620 4829 720 4881 οὐκ
743 4829 1013 4898 ἀναγκαῖά
1032 4848 1109 4884 σοι
1130 4831 1271 4885 δοκῶ
1298 4831 1476 4901 λέγειν
1505 4834 1672 4899 ;—Ot‘»
1696 4851 1998 4907 γεωμετρι-

409 4921 532 4982 καῖς
560 4935 647 4987 γε,
686 4914 722 4990 ἦ
755 4919 801 4972 δ’
831 4919 909 4987 ὃς,
940 4920 1054 4974 ἀλλ’
1093 4923 1381 4994 ἐρωτικαῖς
1414 4925 1703 4994 ἀνάγκαις,
1733 4926 1788 4979 αἳ
1818 4926 1998 4979 κινδυ-

408 5006 653 5061 νεύουσιν
678 5008 902 5063 ἐκείνων
926 5009 1253 5082 δριμύτεραι
1306 5009 1467 5076 εἶναι,
1529 5014 1664 5086 πρὸς
1691 5015 1753 5068 τὸ
1789 5016 1997 5070 πείθειν

407 5116 467 5155 τε
496 5100 590 5155 κα)⁸
615 5099 794 5162 ἕλκειν
831 5101 921 5154 τὸν
956 5103 1123 5157 πολὺν
1178 5104 1368 5158 λεών.»
1434 5088 1597 5165 Ἀλλὰ.
1653 5107 1858 5163 τούτων
1898 5109 1996 5179 μὲν

412 5190 541 5254 ἴσως
574 5208 659 5257 τις
689 5192 893 5264 ἐτέρως
924 5192 1243 5265 διηγήσεται
1271 5197 1370 5268 τὴν
1404 5197 1498 5261 τοῦ
1543 5198 1702 5268 λόγου
1728 5200 1992 5268 διάνοιαν,

486 5308 503 5338 ¹
527 5305 673 5362 Psal.
706 5323 892 5374 cxxvr,
928 5308 982 5362 1.

422 5489 434 5501 ,
483 5418 596 5542 g5)
652 5420 773 5501 Τῂν
801 5422 872 5474 ἐν
915 5438 966 5476 τ.
995 5421 1442 5492 ὅπλοιςμάχην.
1470 5424 1992 5509 Subintelligendum

422 5503 491 5540 απ
550 5507 754 5542 κοινου.
790 5490 1052 5542 θήσομεν.
1089 5494 1237 5542 quod
1274 5495 1436 5542 naulo
1467 5506 1591 5542 ante
1621 5508 1912 5542 nl'mltpsml.

408 5490 754 5566 ἁπδ-κοινιῇ,
790 5490 1591 5566 θήσομενᾲιιιιοῤ-βάμιουιιιε
1621 5490 1914 5566 ριέεοέεείι.

485 5558 617 5636 (7_6)_
649 5559 796 5636 _’Edr
824 5558 912 5636 ᾑις
933 5558 1173 5636 παῖδας.
1204 5558 1382 5636 Plato,
1425 5564 1519 5619 lib.
1550 5581 1590 5619 ιι
1619 5558 1769 5636 Leg.,
1807 5583 1859 5636 p.
1887 5568 1992 5625 680

649 5631 820 5693 locus.
850 5631 906 5684 in
930 5647 1032 5686 suo
1060 5629 1209 5686 fonte
1233 5626 1378 5688 satis
1393 5626 1992 5700 obscurusfobsburior

412 5700 483 5751 ab
519 5699 755 5755 Eusebio
796 5699 975 5756 factus
999 5707 1085 5755 est
1109 5740 1123 5764 ,
1154 5716 1452 5769 paucorum
1483 5699 1773 5760 verborum
1797 5707 1991 5762 decur-

414 5769 641 5823 tatione.
692 5769 831 5838 Lege
872 5784 1004 5839 ergo
1042 5785 1167 5825 cum
1196 5769 1372 5838 Plat.,
1401 5773 1662 5838 ὡσαύτως
1707 5776 1764 5828 δὲ
1796 5778 1888 5829 καὶ
1930 5778 1990 5830 τὸ

413 5839 569 5907 γένος
595 5840 680 5892 ἀεὶ
720 5839 1031 5910 πορευέσθω
1064 5841 1183 5893 κατ’
1231 5842 1581 5915 ἀγχιστείαν,
1626 5846 1717 5900 ἐάν
1746 5864 1830 5910 τις
1865 5850 1989 5901 παῖ-

2100 4648 2253 4718 pueri
2283 4648 2449 4704 simul
2477 4662 2539 4703 ac
2562 4648 2756 4718 puellae
2778 4647 2936 4702 ludos
2965 4655 3019 4701 et
3046 4649 3275 4702 choreas
3308 4646 3676 4712 celebrabunt,

2100 4756 2168 4807 ac
2209 4754 2332 4797 sese
2375 4750 2567 4796 mutuo
2623 4740 2841 4796 nudatis
2889 4740 3212 4810 corporibus
3260 4739 3557 4809 aspicient,
3598 4740 3680 4794 sic

2101 4842 2284 4886 tamen
2314 4840 2374 4886 ut
2403 4831 2602 4888 modus
2639 4832 2838 4902 aliquis
2872 4840 3153 4898 teneatur,
3191 4846 3364 4902 eaque
3405 4831 3478 4886 sit
3512 4840 3675 4898 aetas,

2100 4940 2221 4996 quae
2262 4925 2573 4997 probabiles
2610 4925 2729 4995 ejus
2783 4926 2861 4979 rei
2911 4940 3107 4979 causas
3146 4925 3378 4992 habeat,
3432 4925 3676 4994 adeoque

2098 5032 2312 5087 semper
2330 5020 2562 5074 honesto
2594 5017 2934 5089 singulorum
2961 5017 3156 5087 pudori
3174 5017 3545 5071 consulatura
3577 5015 3675 5071 His

2099 5110 2238 5166 adde
2280 5112 2536 5169 omnibus
2583 5111 2754 5181 legem
2784 5110 2953 5173 illam,
2983 5124 3088 5180 qua
3117 5108 3439 5178 Reipublicw
3460 5110 3673 5179 quinto,

2098 5216 2417 5259 communes
2440 5201 2671 5256 feminas
2700 5216 2821 5257 esse
2844 5202 3029 5272 jubet,
3057 5200 3145 5261 his
3172 5200 3387 5255 verbis:
3432 5220 3451 5252 ι
3476 5200 3674 5257 Proxi-

2094 5427 2224 5493 δας,
2269 5435 2374 5481 etc.
2421 5425 2689 5495 Loquitur
2717 5436 2895 5482 autem
2941 5427 3008 5480 de
3058 5427 3189 5481 viris
3224 5428 3548 5494 quibuscum
3591 5428 3673 5483 fe-

2095 5499 2263 5567 minae
2292 5497 2395 5551 illa:
2424 5497 2772 5567 matrimonio
2806 5496 3195 5567 conjungendae
3226 5498 3353 5551 sint.

2166 5566 2277 5640 (77)
2329 5564 2637 5640 Ἑπανιών.
2686 5564 2921 5637 Βεροηε
2945 5564 3165 5620 ἐπανιόν
3212 5583 3278 5622 ex
3320 5567 3574 5635 Platone;
3612 5569 3675 5623 τὸ

2096 5636 2530 5705 γέωςέεῑιιοθό
2768 5636 2779 5637 ί
3078 5688 3081 5693 ,

2167 5706 2277 5840 (78)
2322 5704 2433 5771 Τῆς
2458 5701 2572 5762 οὖν
2598 5708 2897 5774 τοιαύτης.
2945 5705 3089 5761 Idem
3123 5724 3172 5760 vr
3205 5706 3351 5778 Leg.,
3389 5724 3441 5777 p.
3474 5707 3571 5762 69!
3604 5707 3670 5763 G.

2167 5777 2251 5840 (79
2321 5776 2534 5840 Τούτῳ,
2582 5773 2658 5840 «ἦν
2677 5776 2727 5829 δ’
2760 5777 3066 5840 ἐγώ.1ι1οῐι]
3111 5780 3203 5833 lib.
3256 5795 3287 5833 γ
3336 5778 3410 5837 De
3468 5779 3669 5840 repub.,

2163 5773 2534 5901 (792νζούτῳ,
2582 5773 2658 5847 «ἦν
2677 5776 2727 5829 δ’
2760 5773 2889 5847 ἐγώ.
2926 5777 3066 5833 Idem
3111 5780 3203 5833 lib.
3256 5773 3296 5843 v'
3336 5773 3410 5837 De
3468 5779 3669 5848 repub.,

2166 5864 2215 5901 ιι.
2270 5867 2311 5899 ηδ
2358 5884 2370 5896 .
3234 5866 3239 5869 η

2092 5861 2370 5915 pag.4au.
3234 5866 3239 5869 υ
