4122 6424
485 395 620 455 ΗῊ

1115 399 1386 457 EUSEBll
1423 399 1904 456 C/ESABIENSIS
1943 400 2093 455 ουρ.
2135 379 2317 458 mus
2355 403 2422 460 ιι.
2461 435 2530 446 -
2567 382 3078 460 APOLOGETICA.

3595 405 3734 461 H73

480 530 630 570 mam
667 517 835 582 hanc,
868 516 1089 587 inquam
1111 561 1125 584 ,
1156 518 1401 590 aliasque
1432 520 1749 590 superiores
1770 561 1785 587 ,
1816 520 1902 576 lex
1936 521 2052 591 opi-

2180 523 2234 594 ιὴ
2263 521 2325 575 τὸ
2348 523 2702 594 νομιζόμενον
2752 523 2856 592 φὰς
2907 521 3247 576 ὑποϐάλλειν.
3298 521 3388 591 Μὴ
3442 520 3550 594 γὰρ
3581 523 3732 577 ἀδια-

481 619 579 660 nor
608 607 710 661 ista
737 610 1322 678 consequitur.—Quaa
1343 613 1558 667 tandem
1583 611 1768 667 ?—Uti
1804 612 2058 668 mulieres

481 696 603 752 ista:
625 715 815 755 omnes
843 717 968 756 cum
999 703 1131 758 viris
1160 704 1268 759 illis
1293 705 1548 760 omnibus
1575 719 1894 760 communes
1926 705 2058 768 sint,

485 788 743 858 nullaque
771 807 893 846 cum
927 794 1038 850 ullo
1063 795 1316 865 privatim
1345 814 1410 854 ac
1437 798 1655 868 proprie
1696 808 2056 872 consuescat:

486 881 738 937 similiter
758 927 771 948 ,
806 887 883 940 uti
914 902 1234 944 communes
1266 891 1375 946 sint
1400 891 1556 946 liberi
1585 905 1774 945 omnes
1794 929 1810 954 ,
1844 905 1944 944 nec
1975 891 2057 944 sui

484 974 565 1026 vel
597 973 737 1031 fetus
767 993 796 1031 a
827 981 1163 1047 parentibus,
1192 984 1271 1038 vel
1301 992 1550 1054 parentes
1597 999 1626 1038 a
1658 983 1854 1038 fetibus
1888 996 2060 1049 agno-

482 1075 726 1120 scantur.
761 1088 780 1119 ι
827 1069 1034 1136 Quibus
1077 1073 1148 1126 ita
1180 1074 1394 1130 subdit:
1447 1095 1464 1125 ι
1510 1073 1815 1130 Verisimile
1859 1071 2062 1140 id,qui-

482 1155 605 1210 dem
628 1201 642 1223 ,
674 1157 869 1228 inquit.
901 1192 972 1202 -—-
1003 1163 1081 1218 Tu
1118 1166 1298 1234 igitur,
1333 1167 1555 1237 inquam
1577 1209 1591 1232 ,
1620 1182 1654 1220 ο
1677 1175 1863 1220 noster
1894 1165 2059 1232 legis-

483 1244 658 1313 lator,
696 1253 984 1308 mulierum
1031 1258 1252 1324 perinde
1297 1274 1363 1313 ac
1423 1260 1666 1313 virorum
1708 1257 1916 1312 delectu
1961 1256 2060 1309 ha-

486 1333 624 1400 bito,
658 1337 724 1392 iis
746 1356 908 1409 quam
943 1345 1177 1400 maxime
1208 1346 1325 1401 ﬁeri
1358 1347 1577 1417 poterit,
1611 1347 1828 1417 ingenio
1855 1344 2062 1401 similes

484 1425 813 1496 assignabis.
859 1429 896 1483 li
959 1449 1118 1501 porro
1171 1434 1365 1492 domos
1401 1437 1866 1505 contuberniaque
1913 1451 2064 1490 com-

488 1517 673 1571 munia
707 1519 836 1573 dum
887 1521 1197 1590 habebunt,
1251 1543 1352 1582 nec
1403 1528 1654 1597 privatim
1703 1527 1848 1582 ullus
1889 1525 2066 1581 simile

486 1609 783 1679 quidquam
818 1615 1151 1682 possidebit,
1178 1634 1285 1672 una
1314 1619 1556 1689 profecto
1581 1629 1742 1674 erunt
1767 1637 1780 1673 :
1827 1619 2066 1687 dumque

487 1703 650 1756 simul
679 1711 787 1758 tam
820 1706 874 1759 in
901 1710 1199 1777 gymnasiis
1223 1750 1237 1774 ,
1269 1726 1432 1780 quam
1467 1710 1520 1765 in
1551 1710 1761 1766 caeteris
1795 1709 1921 1765 vitae
1949 1708 2065 1764 olli-

489 1794 591 1850 ciis
621 1797 1021 1866 versabuntur,
1059 1802 1124 1855 ad
1172 1814 1450 1870 mutuam,
1485 1803 1678 1873 opinor
1702 1843 1716 1866 ,
1770 1812 2067 1860 consuetae

487 1884 668 1940 dinem
710 1887 895 1944 inuata
942 1892 1178 1961 quadam
1218 1894 1541 1948 necessitate
1589 1893 1877 1948 ducentur.
1923 1891 2062 1946 Num

487 1992 620 2032 vero
668 1978 766 2034 tibi
820 1984 1128 2038 necessaria
1178 1984 1357 2039 dicere
1404 1985 1630 2040 videor?
1657 2012 1726 2024 —
1761 1982 1936 2049 Sane,
1982 1983 2066 2036 iu-

493 2066 649 2134 quit,
684 2083 871 2123 verum
906 2087 1012 2125 non
1045 2073 1373 2142 geometrica
1404 2074 1763 2136 necessitate,
1795 2073 1888 2128 sed
1917 2087 2068 2126 ama-

496 2159 632 2213 toria
661 2199 675 2224 ,
728 2179 850 2232 qua:
893 2165 1145 2234 quidem,
1203 2166 1268 2220 ad
1320 2167 1692 2235 pelliciendam
1727 2168 1836 2220 vim
1884 2165 2064 2236 pepuli

495 2252 789 2307 maximam
812 2296 826 2321 ,
865 2257 1044 2311 acrior
1077 2274 1199 2312 esse
1231 2259 1392 2328 vulgo
1423 2275 1586 2328 quam
1615 2259 1737 2322 illa,
1772 2258 2070 2327 potentior-

495 2358 601 2410 que
627 2343 784 2397 solet.
812 2331 991 2403 {Haec
1015 2347 1123 2402 ille.
1158 2347 1263 2403 Sed
1289 2349 1395 2402 erit
1443 2347 1678 2404 fortasse
1715 2364 1827 2404 non
1876 2363 2034 2402 nemo
2055 2387 2068 2410 ,

493 2433 588 2502 qui
651 2434 964 2506 philosOphi
1014 2447 1254 2494 mentem
1311 2438 1471 2494 aliter
1522 2439 1794 2510 accipiet,
1842 2455 2072 2508 eamque

491 2540 658 2593 quam
687 2527 846 2597 vulgo
894 2537 1120 2598 putant,
1168 2531 1387 2602 negabit
1429 2547 1569 2587 esse.
1617 2529 1728 2587 Nec
1763 2531 1909 2586 enim
1944 2547 2070 2601 pro-

2162 613 2363 677 στόλως
2394 616 2586 676 εἰπεῖν,
2613 613 2793 677 πάσας
2825 609 2963 666 εἷναι
2992 611 3178 676 κοινὰς
3210 610 3310 674 τὰς
3346 614 3630 678 γυναῖκας,
3661 612 3736 676 ὠς

2161 707 2255 760 καὶ
2280 709 2392 770 τοῖς
2423 705 2675 776 τυχοῦσιν
2708 705 3114 758 ἀκολασταίνειν
3154 701 3374 769 ἐξεῖναι,
3408 701 3523 756 ἀλλ’
3553 703 3645 756 ἐπὶ
3669 706 3736 773 τῇ

2161 794 2267 848 τῶν
2289 795 2562 866 ἀρχόντων
2596 793 2814 863 ἐξουσία
2841 791 3054 846 κεῖσθαι
3084 791 3184 861 τὴν
3207 789 3341 861 πρὸς
3371 791 3498 851 τοὺς
3541 789 3740 859 ἄνδρας

2160 887 2478 957 διανέμησιν
2507 885 2704 939 αὐτῶν.
2733 884 2889 938 Οὕτω
2913 883 3022 956 γὰρ
3049 879 3187 936 εἶναι
3222 881 3425 946 κοινὰς,
3452 879 3529 943 ὡς
3555 879 3620 934 ἂν
3649 880 3742 932 καὶ

2161 976 2229 1028 τὰ
2261 975 2495 1046 δημόσια
2529 977 2786 1047 χρήματα
2815 974 2948 1044 φαίη
2969 990 3053 1036 τις
3076 967 3213 1025 εἶναι
3249 969 3426 1035 κοινὰ,
3464 963 3545 1032 οἷς
3575 985 3745 1039 προσ-

2163 1069 2285 1138 ήκει
2314 1068 2681 1139 διανεμόμενα
2716 1067 2851 1138 πρὸς
2884 1065 2993 1119 τῶν
3019 1063 3520 1136 ἐπιτετραμμένων.
3544 1062 3654 1116 Kal.
3679 1060 3744 1131 δὴ

2161 1156 2314 1209 ταῦθ’
2343 1155 2516 1220 οὕτως
2571 1157 2760 1226 ἐχέτω.
2794 1157 2858 1208 Τί
2919 1156 2964 1209 δ’
2997 1155 3062 1209 ἂν
3091 1156 3264 1218 εἴποις
3296 1152 3501 1225 μαθὼν,
3539 1151 3615 1216 ὼς
3650 1151 3746 1206 καὶ

2167 1251 2240 1321 μὴ
2269 1250 2521 1321 ἐκφέρειν
2551 1251 2630 1313 είς
2657 1250 2773 1318 φῶς
2790 1249 2860 1301 τὰ
2887 1247 3160 1318 κυούμενα
3185 1245 3544 1318 προστάττει;
3571 1241 3748 1310 λέγων

2161 1335 2282 1396 ὧδε·
2325 1360 2343 1392 ι
2384 1342 2608 1394 Γυναικὶ
2642 1341 2740 1410 μὲν
2773 1340 2904 1411 (80),
2939 1336 3007 1411 ἦν
3045 1339 3089 1393 δ’
3115 1338 3249 1408 ἐγὼ,
3294 1336 3575 1410 ἀρξαμένῃ
3636 1335 3749 1389 ἀπὸ

2164 1431 2539 1494 είκοσαέτιδος,
2577 1430 2737 1500 μέχρι
2794 1429 3372 1501 τεσσαρακονταέτιδος
3419 1427 3628 1481 τίκτειν
3679 1428 3748 1497 τῇ

2167 1523 2339 1576 πόλει·
2367 1522 2522 1594 ἀνδρὶ
2551 1521 2631 1585 δὲ,
2660 1521 2879 1575 ἐπειδὰν
2931 1522 3031 1592 τὴν
3080 1521 3343 1590 ὀξυτάτην
3391 1519 3592 1590 δρόμον
3633 1516 3750 1589 (81)

2165 1617 2349 1688 ἀκμὴν
2389 1621 2560 1688 παρῇ,
2595 1617 2656 1671 τὸ
2691 1616 2804 1670 ἀπὸ
2839 1616 3028 1670 τούτου
3070 1615 3265 1685 γεννᾷν
3289 1615 3356 1684 τῇ
3400 1613 3553 1665 πόλει
3585 1609 3749 1680 μέχρι

2167 1707 2326 1760 πέντε
2353 1708 2448 1761 καὶ
2471 1707 2977 1778 πεπηκονταὲτους·
2995 1727 3013 1760 ι
3039 1702 3120 1770 οἷς
3147 1705 3409 1772 ἐπιλέγει’
3443 1721 3462 1754 ‹
3500 1703 3669 1755 Ὅταν
3693 1700 3751 1754 δὲ

2167 1801 2251 1870 δὴ,
2282 1796 2453 1870 οἶμαι,
2485 1802 2546 1854 αἴ
2577 1819 2636 1854 τε
2661 1804 2940 1870 γυναῖκες,
2972 1802 3068 1856 καὶ
3119 1803 3167 1853 οἱ
3196 1801 3388 1871 ἄνδρες
3434 1798 3529 1853 τοῦ
3555 1798 3757 1866 γεννᾷ-ι

2171 1889 2374 1944 ἐκϐῶσι
2421 1893 2522 1962 τὴν
2575 1892 2809 1961 ἡλικίαν,
2847 1891 3128 1964 ἀφήσομέν
3159 1909 3260 1945 που
3309 1888 3624 1961 ἐλευθέρους
3657 1888 3753 1940 αὑ-

2171 1982 2297 2044 τοὺς
2338 1983 2687 2052 συγγίνεσθαι
2832 1984 2898 2037 ἂν
2966 1983 3211 2038 ἐθέλωσι.
3261 2001 3280 2034 ι
3322 1983 3432 2036 Καὶ
3485 1980 3754 2046 ἐπιλέγει·

2179 2092 2197 2124 ι
2227 2074 2712 2148 Διακελευσάμενοι
2742 2075 3136 2148 προθυμεῖσθαι
3165 2075 3401 2146 μάλιστα
3445 2072 3542 2144 μὲν
3572 2072 3646 2144 μὴ
3676 2072 3756 2133 εἰς

2176 2165 2291 2234 φῶς
2348 2167 2605 2238 ἐκφέρειν
2660 2168 2848 2240 κύημα
2908 2169 3095 2240 μηδὲν,
3154 2169 3247 2222 ἐὰν
3285 2167 3530 2238 γένηταιο
3568 2165 3664 2220 ἐὰν
3701 2163 3758 2217 δέ

2175 2275 2258 2321 τις
2286 2257 2396 2328 (82)
2431 2259 2708 2332 βιάσηται,
2755 2261 2898 2314 οὕτω
2951 2261 3254 2326 ἐκτιθέναι,
3311 2261 3388 2324 ὡς
3434 2260 3534 2313 οὐκ
3591 2256 3759 2327 οὔσης

2178 2355 2382 2421 τροφῆς
2524 2354 2770 2424 τοιούτῳ.
2811 2373 2829 2406 ι
2885 2353 2997 2406 Καὶ
3039 2353 3108 2407 τὰ
3154 2353 3254 2425 μὲν
3299 2352 3430 2423 περὶ
3477 2349 3764 2420 γυναικῶν

2179 2442 2401 2512 ἀγωγῆς
2430 2443 2672 2498 τοιαῦτα.
2710 2444 2792 2496 Τὰ
2823 2443 2878 2497 δὲ
2918 2445 3048 2516 περὶ
3099 2443 3300 2514 ἔρωτος
3359 2440 3627 2511 ἐκθέσμου
3659 2440 3760 2491 ἐπ-

2181 2531 2313 2585 ἀκου
2322 2551 2410 2586 σον
2438 2529 2527 2588 οἷα
2551 2536 2826 2606 τυγχάνει.

495 2619 704 2674 miscue
736 2638 1057 2679 communes
1082 2623 1314 2681 feminas
1346 2642 1537 2682 omnes
1581 2641 1702 2682 esse
1749 2626 1917 2692 velle,
1946 2626 2106 2696 quasi
2143 2625 2384 2684 libidinis
2433 2645 2499 2685 ac
2535 2630 2722 2700 ﬂagitii
2756 2632 2980 2687 liberam
3015 2630 3189 2686 cuivis
3211 2637 3530 2705 potestatem
3557 2624 3768 2694 faciat:

493 2711 587 2764 sed
617 2719 825 2767 tantum
860 2716 1210 2786 magistratus
1256 2728 1448 2788 suopte
1492 2720 1716 2773 arbitrio
1761 2734 1915 2773 suam
1968 2719 2162 2788 cuique
2235 2706 2671 2793 viro‘assignare
2726 2739 2904 2792 posse.
2960 2721 3052 2778 Sic
3117 2722 3260 2776 enim
3305 2718 3530 2790 perinde
3603 2731 3762 2782 com-

492 2819 687 2860 iuunes
723 2807 844 2863 illas
890 2807 1034 2878 fore,
1080 2809 1141 2866 ut
1185 2813 1415 2883 publica:
1459 2816 1703 2884 pecunia:
1742 2829 2063 2870 communes
2099 2816 2282 2869 vocari
2339 2827 2604 2886 possunt,
2658 2835 2779 2888 quae
2818 2819 2871 2873 in
2903 2834 3045 2888 quos
3071 2817 3372 2888 oportuerit
3406 2831 3437 2869 a
3479 2811 3767 2884 quaestori-

495 2899 598 2956 bus
628 2901 961 2960 dividantur.
995 2905 1198 2964 Demus
1248 2909 1354 2965 hoc
1407 2926 1554 2964 vero.
1592 2909 1734 2976 Quid
1784 2911 2000 2965 tandem
2061 2925 2121 2967 es
2189 2911 2474 2978 dicturus,
2524 2929 2648 2969 cum
2695 2914 2913 2980 audies,
2964 2913 3116 2968 illum
3160 2911 3358 2973 etiam,
3409 2923 3476 2963 ne
3511 2902 3766 2974 concepti

496 3005 654 3052 utero
686 2998 828 3056 fetus
862 3003 917 3056 iu
955 3003 1130 3060 lucem
1175 3006 1339 3077 709
1378 3006 1644 3073 edantur,
1700 3007 2071 3062 interdicere?
2123 3007 2287 3078 Atqui
2349 3017 2478 3064 sunt
2529 3010 2644 3064 haec
2689 3010 2808 3080 ejus
2850 3010 3048 3063 verba:
3097 3026 3116 3060 ι
3155 3005 3498 3068 Statuimus,
3549 2999 3770 3069 inquit.

495 3093 574 3146 uti
609 3095 866 3152 mulieres
895 3114 926 3153 a
961 3099 1222 3157 vicesimo
1262 3117 1407 3157 anno
1447 3103 1513 3158 ad
1553 3104 2061 3174 quadragesimum,
2127 3104 2437 3175 reipublicae
2494 3105 2692 3162 liberos
2745 3105 2994 3176 pariant:
3033 3103 3134 3158 viri
3186 3110 3367 3157 autem
3404 3097 3569 3154 simul
3599 3105 3769 3164 atque

494 3201 560 3240 ex
605 3203 822 3246 summo
871 3192 965 3247 illo
1006 3211 1072 3251 ac
1136 3195 1417 3252 levissimo
1477 3199 1654 3254 aetatis
1705 3197 1838 3254 flore
1873 3198 2234 3264 excesserint,
2294 3201 2360 3255 ad
2421 3216 2626 3256 annum
2682 3202 2937 3270 deinceps
2986 3201 3239 3270 quintum
3279 3205 3333 3252 et
3370 3189 3767 3265 quinquagesi-e

498 3299 673 3349 mum,
699 3290 1054 3355 procreandis
1081 3291 1398 3361 reipublica:
1425 3293 1616 3349 liberis
1642 3308 1865 3364 operam
1896 3295 2048 3350 dent.
2078 3313 2097 3347 ι
2153 3293 2364 3361 Quibus
2402 3295 2518 3352 haec
2569 3295 2851 3366 subjungit
2897 3314 2910 3349 :
2955 3313 2973 3347 ι
3011 3294 3080 3349 At
3118 3293 3213 3348 ubi
3249 3300 3358 3346 tam
3400 3287 3540 3355 viri,
3594 3299 3762 3356 quam

498 3379 755 3435 mulieres
778 3381 984 3450 justam
1023 3384 1168 3440 illam
1206 3388 1498 3456 generandi
1542 3401 1756 3444 aetatem
1799 3391 2164 3460 praeterierint
2205 3391 2389 3448 :viris
2416 3392 2612 3448 exinde
2663 3391 2895 3447 liberum
2947 3399 3086 3454 esto,
3149 3389 3527 3458 cujuscunque
3579 3381 3767 3436 volue-

498 3468 613 3523 rint
661 3476 1108 3531 consuetudinem
1162 3489 1477 3549 expetere.»
1511 3472 1794 3552 'Additque
1842 3493 2100 3552 praeterea
2140 3501 2153 3536 :
2199 3502 2218 3534 ι
2255 3483 2568 3538 Cavendum
2619 3484 2750 3540 illud
2793 3483 2954 3538 etiam
3016 3481 3331 3551 diligenter,
3388 3473 3660 3546 principio
3695 3485 3767 3526 ne

499 3565 646 3619 ullus
686 3581 749 3620 ea
791 3577 948 3622 (etate
990 3569 1170 3639 fetus,
1216 3575 1262 3629 si
1316 3576 1412 3644 qui
1465 3574 1605 3630 forte
1660 3578 1961 3644 exstiterit,
2026 3579 2081 3633 in
2128 3579 2304 3633 lucem
2341 3580 2535 3635 edatur
2577 3598 2591 3634 :
2645 3579 2874 3645 deinde,
2926 3578 2971 3634 si
3023 3593 3141 3646 quae
3181 3573 3426 3646 pariendi
3467 3567 3769 3624 necessitas

498 3657 693 3726 fuerit,
729 3673 790 3716 ut
826 3677 1130 3733 exponatur
1162 3669 1455 3735 continuo,
1494 3672 1642 3740 quod
1681 3672 1890 3726 nullum
1943 3672 2072 3728 huic
2125 3682 2316 3741 partus
2368 3675 2554 3744 generi
2600 3673 2917 3728 alimentum
2970 3672 3250 3726 debeatur.
3279 3687 3298 3720 ι
3338 3667 3416 3721 Ac
3467 3663 3537 3718 de
3573 3660 3770 3714 mulie-

502 3767 624 3804 rum
663 3755 966 3811 rationibus
1021 3759 1283 3817 hactenus
1331 3761 1504 3818 Plato.
1540 3762 1660 3818 Jam
1710 3765 1840 3835 quid
1879 3765 1946 3820 de
1984 3765 2208 3820 infando
2243 3781 2429 3821 amore
2455 3766 2753 3832 censuerit,
2792 3765 3094 3819 videamus.

1095 3855 1323 3911 CAPUT
1347 3855 1469 3911 XX.

506 3963 766 4042 Quantum
799 3968 957 4023 Plato
991 3972 1055 4025 de
1084 3973 1306 4042 infando
1333 3990 1511 4028 amore
1540 3976 1595 4028 in
1624 3973 1854 4031 thdro
1885 3984 2085 4030 statue-

650 4039 762 4092 rit:
789 4042 977 4110 quibus
1005 4039 1279 4098 contraria
1309 4057 1430 4099 sunt
1467 4062 1499 4098 a
1531 4045 1677 4099 Mose
1707 4048 1935 4102 sancita.

582 4148 603 4178 ς
636 4129 740 4197 Qui
769 4133 813 4188 si
843 4133 1078 4200 diutius,
1105 4137 1310 4206 inquit,
1346 4136 1400 4190 id
1429 4137 1674 4193 factitare
1704 4139 2090 4208 perget,siac-
2117 4149 2158 4205 (ς

505 4225 660 4279 cedet
690 4227 913 4296 propius
934 4269 948 4290 ,
982 4229 1027 4282 si
1056 4239 1164 4284 tam
1194 4230 1248 4284 in
1275 4231 1575 4301 gymnasiis
1597 4271 1612 4296 ,
1643 4246 1808 4300 quam
1857 4231 1910 4284 in
1954 4231 2085 4285 reli-

505 4333 612 4387 qua
652 4321 1048 4376 consuetudine
1087 4321 1241 4377 illum
1280 4323 1587 4394 continget:
1645 4332 1760 4376 tum
1810 4322 2088 4375 enimvero

507 4411 768 4468 ﬂuxionis
831 4413 978 4468 illius
1037 4413 1203 4481 fons,
1274 4431 1439 4485 quem
1501 4415 1816 4485 cupidinem
1879 4411 2090 4483 Jupiter

507 4503 838 4574 Ganymedis
889 4521 1077 4561 amore
1145 4516 1430 4578 correptus
1486 4507 1804 4578 appellavit,
1859 4506 1988 4562 dum
2034 4505 2089 4558 vi

508 4595 746 4664 quadam
792 4596 1199 4652 vehementiore
1239 4607 1541 4654 amatorem
1583 4598 1846 4664 inundat,
1890 4597 2088 4668 partim

511 4685 566 4740 in
627 4702 752 4740 eum
813 4687 1033 4756 penitus
1087 4689 1359 4756 illabitur,
1417 4691 1615 4760 partim
1662 4705 1729 4744 eo
1760 4689 1887 4758 tjam
1931 4689 2090 4758 pleno

511 4778 681 4832 ellluit
709 4794 775 4833 ac
806 4779 1068 4834 redundat
1095 4789 1268 4836 extra.
1297 4781 1477 4852 Atque
1500 4791 1560 4837 ut
1593 4781 1818 4851 spiritus
1845 4781 2090 4850 quidam,

515 4879 609 4922 aut
639 4871 776 4925 echo
804 4887 870 4925 ex
902 4871 1112 4926 levibus
1141 4873 1436 4944 solidisque
1464 4873 2053 4944 corporibusassiliens
2073 4913 2090 4938 ,

517 4960 661 5014 unde
693 4960 929 5027 primum
956 4963 1191 5027 exstitit,
1242 4979 1309 5018 eo
1351 4965 1584 5019 refertur
1625 4964 1839 5019 denuo:
1885 4964 1966 5019 sic
2004 4965 2093 5018 illa

515 5049 939 5120 pulchritudinis
969 5053 1138 5108 ﬂuxio
1161 5095 1176 5121 ,
1211 5055 1264 5110 in
1296 5055 1584 5125 pulchrum
1612 5056 1808 5110 iterum
1839 5071 1934 5126 per
1970 5071 2096 5109 ocu-

517 5142 599 5198 los
625 5143 918 5209 relabitur,
954 5162 1076 5216 qua:
1113 5159 1401 5218 postquam
1432 5148 1488 5201 in
1511 5147 1754 5202 animum
1774 5191 1787 5213 ,
1825 5163 1934 5217 qua
1957 5147 2094 5201 solet

515 5238 603 5292 via
639 5237 890 5306 subierit,
919 5247 1036 5293 tum
1066 5255 1195 5294 vero
1222 5239 1486 5310 quidquid
1515 5239 1616 5295 alis
1650 5248 1926 5308 permeat,
1967 5238 2096 5291 huic

514 5329 680 5383 etiam
714 5329 963 5401 adjungit
989 5331 1105 5386 alas
1127 5371 1141 5395 ,
1191 5331 1442 5402 rigatque
1491 5331 1753 5386 continuo
1782 5373 1797 5398 ,
1829 5331 2096 5399 novisque

519 5422 752 5478 subinde
797 5426 990 5494 pennis
1045 5424 1314 5494 pullulare
1361 5425 1559 5493 gestit,
1603 5439 1666 5478 ac
1705 5423 1867 5478 simili
1911 5436 2098 5477 amore

520 5513 686 5568 amati
718 5515 961 5570 animum
992 5516 1198 5586 implet.
1231 5515 1391 5569 Amat
1419 5515 1582 5586 igitur
1616 5515 1705 5570 ille
1729 5555 1744 5577 ,
1790 5531 1887 5570 nec
1919 5524 2099 5569 tamen

748 5695 998 5767 ("vtam
1026 5695 1159 5762 μέν.
1193 5695 1350 5753 Plato
1377 5697 1531 5760 ibid,
1565 5712 1688 5767 pag.
1721 5696 1845 5751 460.

596 5759 706 5834 ea
747 5763 831 5834 Al-
859 5759 1082 5834 eam

600 5830 710 5904 (se)
751 5831 834 5884 Al.
871 5830 944 5884 τι.

2729 3855 3123 3913 ΚΕΦΑΛΑΙΟΝ
3149 3855 3198 3907 Κ
3220 3890 3236 3907 .

2202 3973 2400 4027 Ὀποῖα
2431 3973 2562 4041 περὶ
2591 3972 2807 4044 ἓρωζος
2832 3971 3131 4044 ἐκθέσμοιξ
3161 3966 3342 4032 αὐτὸς
3365 3961 3674 4044 δίετὰηξατο
3703 3957 3772 4012 ἐν

2415 4039 2650 4115 Φαίδρῳ,
2676 4041 2765 4109 οἷς
2790 4047 2822 4096 ό
2851 4039 3076 4108 Μωσῆς
3103 4039 3558 4105 ἀντινομοθετεῐ.

2270 4157 2287 4188 α
2321 4139 2491 4190 Ὅταν
2541 4137 2596 4189 δὲ
2659 4135 2880 4207 χρονίζῃ
2945 4133 3052 4204 (85)
3089 4131 3246 4185 τοῦτο
3287 4130 3450 4202 δρῶν,
3495 4126 3590 4179 καὶ
3637 4122 3773 4194 πλη·

2194 4227 2354 4299 σιάζῃ
2385 4227 2521 4298 μετὰ
2547 4228 2640 4280 τοῦ
2674 4227 2963 4290 ἅπτεσθαι,
2998 4226 3055 4278 έν
3099 4242 3158 4278 τε
3217 4220 3537 4293 γυμνασίοις
3589 4216 3683 4271 καὶ
3717 4218 3775 4269 ὲν

2190 4322 2311 4382 ταῖς
2334 4319 2517 4383 ἄλλαις
2538 4319 2797 4390 ὁμιλίαις,
2828 4318 2946 4370 τότε
2973 4316 3036 4388 δὴ
3083 4319 3117 4386 ἡ
3145 4314 3239 4368 τοῦ
3275 4314 3545 4386 ῥεύματος
3563 4308 3775 4362 ἐκείνου

2197 4409 2365 4480 πηγὴ,
2404 4410 2463 4464 ὃν
2525 4411 2714 4482 ἵμερον
2765 4412 2899 4473 Ζεὺς
2954 4408 3303 4477 Γανυμήδους
3330 4404 3471 4474 ἐρῶν
3500 4402 3776 4472 ὠνόμασε,

2195 4503 2362 4572 πολλὴ
2389 4504 2664 4576 φερομένη
2689 4503 2824 4575 πρὸς
2856 4503 2946 4556 τὸν
2988 4501 3248 4573 ἐραστὴν.
3283 4501 3316 4568 ἡ
3357 4498 3456 4567 μέν
3505 4496 3584 4558 είς
3611 4493 3777 4546 αὑτὸν

2194 4595 2305 4660 ἔδυ,
2338 4599 2371 4666 ἡ
2427 4595 2472 4648 δ’
2506 4595 3008 4666 ὰπομεστουμένου,
3066 4593 3171 4660 ἔξω
3223 4593 3473 4664 ἀποῤῥεῖσ
3525 4590 3621 4642 καὶ
3668 4582 3776 4639 οἷον

2195 4688 2433 4760 πνεῦμα,
2465 4691 2505 4760 ἦ,
2530 4707 2612 4752 τις
2637 4690 2773 4759 ἠχὼ,
2801 4689 2907 4741 ἀπὸ
2937 4687 3097 4741 λείων
3123 4703 3182 4739 τε
3248 4686 3339 4739 καὶ
3404 4681 3638 4754 στερεῶν
3686 4680 3756 4732 ἀλ

2193 4779 2395 4850 λομένη
2431 4779 2565 4849 (84),
2600 4780 2758 4833 πάλιν
2785 4778 2905 4830 ὅθεν
2940 4775 3173 4848 ὡρμήθη
3218 4775 3459 4845 φέρεται·
3517 4771 3659 4824 οὕτω
3720 4769 3778 4821 τὸ

2195 4874 2288 4928 τοῦ
2315 4873 2544 4936 κάλλους
2573 4873 2769 4945 ῥεῦμα.
2795 4871 2955 4926 πάλιν
2982 4872 3061 4933 είς
3093 4870 3182 4922 τὸν
3211 4868 3374 4923 καλὸν
3406 4865 3494 4919 διὰ
3539 4863 3650 4917 τῶν
3673 4863 3777 4932 6y.-

2202 4965 2384 5035 μάτων
2415 4965 2510 5028 ἰὸν,
2613 4964 2855 5031 πέφυκεν
2888 4961 2978 5014 ἐπὶ
3018 4959 3114 5031 τὴν
3143 4960 3318 5030 ψυχὴν
3353 4957 3485 5010 ἱέναι
3507 4954 3778 5023 ἀφικόμε-

2199 5073 2308 5121 νον,
2333 5056 2427 5108 καὶ
2455 5054 2864 5125 ἀεκαπτεροῦσαν
2895 5053 2991 5116 τὰς
3013 5051 3213 5114 διόδους
3251 5047 3359 5102 τῶν
3409 5045 3646 5118 πτερῶν,
3677 5045 3779 5113 ἄρ-

2198 5148 2278 5200 δει
2305 5164 2366 5199 τε
2417 5150 2512 5200 καὶ
2531 5146 2756 5217 ὥρμησε
2786 5145 3128 5214 πτεροφυεῖν,
3161 5144 3256 5195 καὶ
3305 5140 3399 5210 τὴν
3442 5137 3538 5190 τοῦ
3565 5135 3779 5206 ἐρωμέ-

2199 5257 2291 5293 νου
2321 5233 2386 5308 αὗ
2415 5236 2591 5308 ψυχὴν
2626 5237 2827 5308 ἔρωτος
2854 5235 3170 5304 ἐνέπλησεν.
3215 5233 3345 5303 Ἐρᾷ
3379 5231 3478 5302 μὲν
3511 5225 3626 5293 οὖν,
3657 5229 3782 5280 ὅτου

2201 5328 2258 5383 δὲ
2288 5307 2501 5398 (ίπορεῖ,
2554 5307 2785 5382 καὶοῦθ⁴
2825 5329 2853 5380 ὃ
2913 5344 2966 5379 τι
2999 5323 3287 5385 πέπονθεν,
3321 5318 3481 5385 οἶδεν,
3517 5319 3628 5373 οὐδ’
3669 5318 3783 5388 ἔχει

2204 5422 2431 5493 φράσαι·
2455 5420 2568 5475 ἀλλ’
2595 5415 2706 5478 οἷον
2735 5421 2832 5473 ἀπ’
2860 5418 3018 5472 ἄλλου
3046 5415 3349 5486 ὀφθαλμίας
3371 5408 3783 5472 ἀπολελαυκὼς.

2204 5513 2477 5585 πρόφασιν
2523 5514 2700 5566 εἰπεῖν
2740 5512 2838 5565 οὐκ
2887 5510 3020 5580 ἔχει.
3079 5529 3096 5560 ι
3159 5509 3268 5560 Καὶ
3331 5504 3573 5571 ἐπιλέγει
3634 5501 3780 5572 ἐξῆςο

2280 5689 2392 5758 (85)
2437 5690 2613 5740 Ὅταν
2643 5685 2710 5739 δὲ
2739 5704 2906 5758 χρον.
2951 5687 3090 5740 Idem
3130 5684 3198 5758 in»
3223 5681 3470 5740 Phaedro.
3503 5695 3559 5758 p.
3724 5674 3766 5726 D

2281 5747 2388 5826 i345
2441 5747 2790 5825 Ἀλλομένὴῖ
2846 5756 3028 5826 Longe
3078 5756 3272 5810 melius
3304 5768 3465 5822 quam
3501 5747 3780 5818 ἀλωμένη.

2211 5842 2270 5887 ut
2296 5829 2437 5898 apud
2467 5828 2764 5883 Platonem.
