4122 6410
431 373 569 429 H73

1530 367 1850 424 PREPAR.
1891 364 2145 422 EVANG.
2188 364 2316 421 LIB.
2358 362 2494 419 Xlll.

3534 363 3673 418 1174

431 509 454 545 ε
490 490 776 564 Ἐπιθυμεῑ
805 494 862 550 δὲ
886 494 1078 566 ἐκείνῳ
1107 492 1504 566 παραπλησίως
1564 491 1658 562 μὲν
1685 486 2001 545 ἀσθενεστέ-

2109 494 2197 541 aut
2225 486 2353 556 quid
2381 495 2545 551 amet,
2577 493 2671 539 aut
2699 494 2806 554 quo
2834 498 2996 539 sensu
3029 492 3312 538 moveatur
3331 523 3348 550 ,
3375 483 3457 537 vel
3489 498 3671 548 nosse,

431 601 539 656 ρως
593 584 671 649 δὲ,
710 586 863 657 ὁρᾷν,
916 586 1202 650 ἅπτεσθαι,
1261 586 1455 656 φιλεῖν,
1516 581 1993 652 συγκατακεῖσθαι·

428 675 523 729 καὶ
551 669 764 747 δὴ,οἶον
793 676 958 745 εἰκὸς,
983 679 1125 739 ποιεῖ
1156 677 1217 731 τὸ
1256 674 1395 747 μετὰ
1425 672 1580 728 τοῦτο
1610 673 1745 742 ταχὺ
1773 669 1994 723 ταῦτα.»

441 766 530 821 Ἐν
554 762 648 821 οῦν
669 770 735 839 τῇ
762 772 1139 840 συγκοιμήσει,
1164 766 1256 822 τοῦ
1294 767 1390 838 μὲν
1411 763 1637 837 ἐραστοῦ
1662 763 1692 815 ό
1709 762 2003 822 ἀκόλαστος

432 860 595 924 ἵππος
629 859 740 930 ἔχει
792 861 820 913 ὃ
846 878 898 913 τι
925 858 1071 930 λέγοι
1122 859 1257 931 πρὸς
1288 858 1377 912 τὸν
1431 856 1663 928 ἡνίοχον,
1713 853 1805 908 καὶ
1866 851 2005 917 ἀξιοῖ

429 952 549 1006 ἀντῖ¹
597 952 805 1007 πολλῶν
849 953 1025 1006 πόνων
1068 952 1276 1024 σμικρά
1323 949 1647 1005 ἀπολαῦσαι·
1713 949 1742 1001 ὁ
1791 946 1848 999 δὲ
1895 943 2004 997 τῶν

430 1034 690 1090 παιδικῶν
721 1034 834 1106 ἔχει
865 1037 961 1107 μὲν
982 1036 1132 1090 οὐδὲν
1160 1035 1353 1100 εἰπεῖν,
1383 1031 1643 1104 σπαργῶν
1666 1030 1723 1083 δὲ
1756 1029 1849 1082 καὶ
1869 1029 2005 1082 ἀπο-

430 1125 539 1198 ρῶν
570 1125 884 1199 περιϐάλλει
926 1126 1017 1180 τὸν
1042 1126 1298 1198 ἐραστὴν,
1349 1125 1445 1178 καὶ
1490 1122 1651 1192 φιλεῖ,
1683 1120 1758 1184 ὡς
1803 1118 2006 1190 σφόδρα

427 1216 616 1271 εὔνουν
642 1217 1039 1289 ἀσπαζόμενος.
1065 1220 1232 1273 Ὅταν
1259 1236 1320 1271 τε
1351 1216 1846 1286 συγκατακέωνται,
1897 1208 2006 1276 οἷός

426 1307 545 1360 ἐστι
575 1307 650 1379 μὴ
683 1306 1086 1379 ἀπαρνηθῆναι,
1119 1305 1179 1360 τὸ
1217 1304 1381 1359 αὐτοῦ
1434 1303 1616 1376 μέρος,
1675 1299 2005 1374 χαρίσασθαι

424 1398 505 1471 τῷ
530 1398 748 1470 ἐρῶντι,
780 1401 828 1453 εί
865 1398 1080 1470 δεηθείη
1132 1398 1446 1467 τυγχάνειν.
1516 1394 1642 1450 Ἐὰν
1674 1396 1773 1466 μὲν
1816 1392 1882 1463 δὴ
1910 1386 2004 1445 οῦν

424 1489 507 1553 είς
536 1489 873 1560 τεταγμένην
930 1489 1140 1543 δίαιταν
1194 1488 1289 1542 καὶ
1327 1486 1644 1557 φιλοσοφίαν
1697 1486 1895 1555 νικήσῃ
1937 1482 2006 1537 τά

429 1578 622 1649 βελτίω
653 1580 755 1650 τῆς
789 1579 1047 1645 διανοίας,
1081 1580 1346 1651 μακάριον
1399 1579 1494 1633 καὶ
1527 1577 1878 1650 ὁμονοητικὸν
1914 1577 2005 1630 τὸν

427 1669 615 1726 ἐνθάδε
646 1673 759 1743 βίον
789 1673 1089 1742 διάγουσιν,
1119 1675 1405 1745 ἐγκρατεῖς
1432 1670 1639 1725 ἑαυτῶν
1668 1671 1762 1724 καὶ
1790 1670 2005 1740 κόσμιοι

425 1764 631 1828 ὄντες.)
665 1761 799 1819 Εἶτα
830 1765 945 1836 μεθ’
981 1764 1143 1837 ἕτερα
1200 1763 1464 1833 ἐπιλέγει·
1501 1782 1520 1814 ι
1566 1762 1691 1817 Ἐὰν
1742 1760 1800 1814 δὲ
1827 1760 2007 1833 διαίτῃ

2102 578 2187 632 vel
2212 577 2479 648 explicare
2525 584 2732 647 potest:
2776 563 2870 630 sed
2912 574 3135 645 perinde
3182 590 3248 629 ac
3288 574 3335 629 si
3363 588 3455 627 .ex
3497 573 3675 627 alieno

2102 675 2321 731 aspectu
2369 662 2744 731 lippitudinem
2792 660 3188 725 contraxisset,
3236 674 3458 714 causam
3514 657 3672 728 ejus,

2101 772 2266 829 quam
2293 755 2482 810 aderat
2506 756 2707 809 nullam
2734 753 2912 810 habet.
2931 772 2948 805 ι
2980 754 3287 823 lterumque
3313 760 3434 822 post
3455 766 3628 821 pauca
3657 769 3671 805 :

2109 869 2128 901 ι
2149 848 2517 918 Concupiscit,
2537 846 2735 917 inquit,
2760 846 2941 901 minus
2972 847 3315 901 vehementer
3340 845 3393 900 id
3416 844 3672 915 quidem;

2105 942 2199 997 sed
2245 950 2427 994 tamen
2478 938 2671 993 aﬂ‘cctu
2721 938 3017 1008 persimili,
3052 937 3264 1003 videre,
3319 937 3673 1007 contingere,

2105 1032 2341 1087 osculari
2362 1030 2602 1102 “iacenti
2630 1030 3019 1086 adhaerescere.
3053 1028 3183 1096 Quae
3208 1029 3426 1099 quidem
3454 1027 3638 1083 omnia
3656 1068 3673 1095 ,

2105 1138 2230 1178 cum
2283 1123 2519 1193 primum
2578 1122 2830 1188 licuerit,
2891 1122 2970 1177 nti
3021 1120 3178 1175 facile
3234 1119 3413 1189 quivis
3476 1118 3677 1173 intelli-

2105 1213 2204 1285 git,
2249 1213 2428 1284 reipsa
2460 1212 2692 1283 perlicit.
2763 1212 2929 1285 Igitur
2984 1211 3226 1282 ejusdem
3270 1211 3326 1265 in
3370 1209 3500 1265 lecti
3534 1224 3677 1265 com-

2105 1308 2385 1373 munione,
2420 1307 2868 1378 intemperantior
2901 1306 3160 1361 amatoris
3187 1304 3350 1377 710
3373 1319 3547 1374 equus
3574 1304 3677 1358 ha-

2105 1401 2195 1456 bet
2226 1401 2370 1471 quod
2414 1401 2482 1456 ab
2514 1401 2703 1470 auriga
2744 1408 2889 1471 petat
2933 1398 3170 1469 aliquid,
3222 1399 3328 1453 hoc
3375 1404 3459 1453 est
3488 1404 3551 1451 ut
3597 1404 3680 1451 tot

2105 1490 2211 1547 sibi
2232 1490 2481 1545 laborum
2503 1491 2718 1546 brevem
2750 1489 2985 1559 aliquem
3008 1487 3245 1543 fructum
3275 1502 3469 1558 capere
3495 1487 3675 1542 liceat.

2103 1582 2282 1637 Amati
2309 1597 2438 1637 vero
2464 1597 2659 1652 equus,
2686 1581 2832 1652 quod
2861 1582 3006 1637 dicat
3039 1581 3202 1635 habet
3235 1570 3414 1635 nihil':
3463 1588 3677 1635 tantum

2104 1682 2408 1729 commotus
2436 1673 2551 1743 ipse
2582 1687 2820 1744 quoque,
2849 1688 2948 1728 nec
2974 1673 3109 1728 satis
3141 1672 3225 1729 sui
3251 1687 3497 1742 compos,
3522 1686 3677 1727 ama-

2104 1770 2278 1817 torem
2318 1763 2469 1817 illum
2525 1770 2784 1833 tanquam
2835 1762 2921 1817 sui
2972 1761 3446 1817 studiosissimum‘
3473 1761 3679 1831 ample-

428 1855 805 1929 φορτικωτέρᾳ
824 1874 884 1910 τε
918 1857 1012 1915 κα).
1037 1856 1367 1927 ἀφιλοσόφῳ,
1395 1854 1657 1926 φιλοτίμῳ
1683 1853 1738 1907 δὲ
1763 1854 2008 1925 χρήσων-

2109 1854 2272 1908 ctitur
2317 1862 2479 1924 atque
2516 1854 2815 1909 osculatur.
2867 1854 2947 1910 Ac
2984 1854 3115 1909 dum
3153 1854 3316 1908 simul
3348 1853 3561 1923 jacent,
3600 1854 3679 1908 ita

425 1964 537 2011 ται,
564 1947 685 2019 τάχ’
711 1947 777 2002 ἄν
809 1966 911 2002 που
935 1949 993 2002 ἐν
1034 1948 1245 2020 μέθαις,
1286 1949 1320 2019 ἣ
1352 1956 1458 2001 τινι
1482 1947 1619 2019 ἄλλῃ
1655 1945 1905 2017 ἀμελείᾳ,
1927 1944 2005 1998 τὼ

425 2039 711 2094 ἀκολάστω
733 2041 914 2099 αὐτοῖν
933 2041 1232 2110 ὑποζυγίῳ,
1246 2040 1469 2094 λαϐόντε
1484 2040 1583 2103 τὰς
1606 2038 1785 2109 ψυχὰς
1804 2036 2007 2110 ἀφρού-

429 2148 576 2204 ρους,
610 2133 975 2202 συναγαγόντε
1025 2135 1105 2197 είς
1130 2132 1320 2198 ταὺτὸ,
1367 2132 1466 2205 τὴν
1498 2131 1604 2184 ὑπὸ
1636 2131 1745 2183 τῶν
1795 2128 2006 2182 πολλῶν

430 2223 772 2295 μακαριστὴν
799 2224 1010 2296 αἵρεσιν
1041 2223 1284 2295 είλέσθην
1314 2225 1411 2278 καὶ
1450 2221 1875 2294 διεπραξάσθην·
1913 2222 2008 2277 καὶ

424 2312 873 2386 διαπραξαμένῳ,
915 2316 976 2369 τδ
1031 2315 1217 2369 λοιπὸν
1273 2314 1373 2387 ήδη
1420 2314 1661 2387 χρῶνται
1715 2314 1816 2385 μὲν
1844 2313 2005 2384 αὐτῇ,

429 2404 632 2461 σπάνια
660 2404 738 2470 δὲ,
764 2407 860 2461 ἅτε
885 2408 945 2459 οὐ
981 2407 1129 2478 πάσῃ
1160 2405 1455 2477 δεδογμένα
1481 2408 1547 2478 τῇ
1600 2406 1808 2478 διανοίᾳ
1832 2405 2006 2477 πράτ-

426 2516 633 2564 τοντες.
668 2500 811 2555 Φίλω
842 2500 941 2572 μὲν
967 2496 1062 2555 οὖν
1098 2501 1193 2555 καὶ
1236 2499 1433 2566 τούτω,
1466 2494 1627 2571 ἦττον
1651 2498 1708 2553 δέ
1761 2500 2004 2564 ἐκείνων,

430 2591 677 2664 ἀλλήλοιν
703 2592 794 2647 διά
836 2610 896 2646 τε
925 2592 1021 2647 τοῦ
1063 2592 1266 2665 ἔρωτος
1288 2591 1384 2645 καὶ
1440 2590 1546 2656 ἔξω
1576 2590 1850 2663 γενομένω
1892 2591 2009 2646 διά-

428 2698 602 2752 γουσι,
634 2683 845 2748 πίστεις
876 2683 976 2749 τάς
1012 2684 1272 2757 μεγίστας
1315 2684 1602 2756 ἡγουμένω
1651 2681 1897 2755 ἀλλήλοιν
1924 2682 2010 2736 δε-

427 2772 660 2829 δωκέναι
693 2792 752 2829 τε
786 2775 880 2829 καὶ
929 2774 1194 2845 δεδέχθαι,
1244 2774 1310 2839 ἃς
1364 2775 1425 2828 οὐ
1474 2773 1692 2844 θεμιτὸν
1739 2769 1878 2827 εἷναι
1910 2771 2006 2825 λύ-

430 2883 632 2931 σαντας
666 2867 747 2932 είς
804 2866 1003 2938 ἔχθραν
1026 2866 1157 2921 ποτὲ
1213 2866 1406 2920 ἐλθεῖν.
1456 2867 1545 2920 Ἔν
1574 2865 1628 2919 δὲ
1669 2867 1736 2936 τῇ
1760 2863 2006 2934 τελευτῇ,

429 2954 655 3032 ἄπτεροι
691 2959 810 3030 μὲν,
838 2958 1158 3030 ὡρμηκότες
1206 2958 1265 3012 δὲ
1292 2956 1640 3030 πτεροῦσθαι,
1699 2954 2009 3009 ἐκϐαίνουσι

430 3049 524 3103 τοῦ
550 3049 818 3123 σώματος.
844 3050 1005 3102 Ὥστε
1033 3050 1093 3103 οὐ
1129 3049 1359 3121 σμικρὸν
1401 3046 1560 3104 ἆθλον
1611 3050 1713 3120 τῆς
1741 3049 2009 3121 ἐρωτικῆς

435 3140 635 3212 μανίας
664 3141 935 3213 φέρονται.
966 3142 1062 3205 Εἰς
1113 3140 1224 3213 γὰρ
1253 3140 1444 3195 σκότον
1499 3142 1593 3195 καὶ
1620 3143 1719 3213 τὴν
1754 3141 1860 3195 ὑπὸ
1905 3140 2010 3211 γῆν
2033 3179 2077 3238 C

434 3233 680 3305 πορείαν,
707 3235 765 3287 οὐ
788 3235 952 3306 νόμος
993 3235 1140 3289 ἐστὶν
1159 3235 1238 3288 ἔτι
1273 3233 1445 3289 ἐλθεῖν
1472 3239 1583 3300 τοῖς
1610 3235 2009 3308 κατηργμένως

432 3324 536 3396 ἠδη
558 3326 658 3397 τῆς
681 3325 1006 3399 ὑπουρανίου
1040 3327 1281 3399 πορείας,
1313 3316 1447 3381 ἀλλά
1472 3328 1637 3398 φανὸν
1685 3328 1797 3399 βίον
1824 3328 2012 3397 διαγα-

435 3418 651 3486 γόντας,
678 3417 1013 3490 εὐδαιμονεῖν
1044 3419 1160 3491 μετ’
1189 3418 1433 3490 ἀλλήλων
1466 3418 1885 3490 πορευομένους,
1914 3418 2010 3472 καὶ

432 3504 769 3581 ὁμοπτέρους
813 3510 1013 3583 ἔρωτος
1052 3511 1230 3584 χάριν.
1274 3511 1461 3565 Ταῦτα
1515 3510 1772 3573 τοσαῦτα,
1806 3504 1852 3564 ὧ
1889 3511 2008 3575 παῖ,

436 3605 530 3662 καὶ
548 3603 689 3658 οὕτω
714 3603 834 3658 θεῖά
861 3620 943 3658 σοι
973 3603 1275 3675 δωρήσεται
1305 3605 1340 3675 ή
1364 3601 1492 3673 παρ’
1525 3601 1754 3675 ἐραστοῦ
1786 3599 1956 3671 φιλία.
1984 3618 2005 3654 ι

436 3695 670 3749 Τοιαῦτα
702 3696 800 3767 μὲν
826 3694 896 3750 τά
927 3694 1233 3760 Πλάτωνος
1267 3694 1380 3749 ἀλλ’
1412 3695 1474 3749 οὐ
1520 3696 1589 3750 τά
1641 3696 1905 3761 Μωσέως,
1952 3696 2012 3760 ὃς

435 3788 730 3861 διαρρήδην
758 3786 967 3852 τούτοις
987 3787 1202 3842 ἐναντία
1238 3788 1535 3858 νομοθετεῖ,
1569 3787 1776 3860 μεγάλῃ
1803 3790 1869 3860 τῇ
1902 3806 2014 3856 φω-

436 3881 504 3950 νῇ
533 3879 630 3952 τὴν
662 3879 802 3934 κατά
860 3878 1236 3951 παιδεραστῶν
1296 3883 1678 3952 προσήκουσαν
1709 3880 2014 3952 προσφερό-

443 3988 603 4045 μενος
654 3973 830 4045 δίκην.
879 3973 1017 4044 Φησὶ
1067 3972 1215 4042 γοῦν·
1258 3991 1276 4023 ‹
1319 3975 1411 4037 Ὃς
1459 3972 1525 4027 ἃν
1580 3973 1816 4046 κοιμηθῇ
1874 3974 2014 4045 μετά

439 4063 665 4135 ἄρσενος
689 4063 875 4136 κοίτην
895 4064 1169 4134 γυναικὸς,
1225 4063 1498 4135 βδέλυγμα
1554 4064 1814 4134 ἐποίησαν
1839 4063 2015 4135 ἀμφό-

438 4171 607 4227 τεροι·
660 4154 874 4227 θανάτῳ
927 4154 1397 4219 θανατούσθωσαν,
1441 4154 1614 4226 ἔνοχοί
1664 4158 1788 4210 είσι.
1813 4173 1832 4208 ι
1861 4156 1970 4209 Καί
1996 4172 2011 4187 ’

444 4265 466 4290 ο
488 4247 916 4319 Ἐπικατάρατος
942 4248 1050 4312 πᾶς
1076 4249 1105 4301 ό
1133 4245 1470 4318 κοιμώμενος
1494 4246 1632 4318 μετὰ
1647 4245 1872 4318 ἄρσενος
1904 4244 2017 4300 κοί-

439 4354 539 4409 την
570 4338 845 4408 γυναικός.
882 4356 900 4389 ι
942 4337 1007 4391 Τί
1038 4337 1119 4390 δεῖ
1159 4334 1324 4390 τανῦν
1369 4335 1713 4406 ἀπελέγχειν,
1743 4333 1819 4398 ὡς
1874 4350 2017 4404 παρ-

441 4432 521 4493 εὶς
568 4431 597 4484 ό
652 4428 959 4503 σοφώτατος
1002 4430 1094 4482 τὸν
1145 4426 1511 4499 παιδεραστήν
1538 4468 1552 4493 ,
1616 4424 1737 4478 οὐδὲ
1798 4423 1905 4496 γὰρ
1955 4428 2013 4478 ἐν

2109 1943 2327 2013 quidem
2359 1954 2708 2013 comparatus
2736 1953 2840 2012 est,
2871 1944 3007 1999 nihil
3035 1952 3094 1999 ut
3122 1944 3377 2008 amatori,
3411 1952 3678 2015 quantum

2108 2034 2164 2088 in
2197 2050 2257 2091 se
2280 2034 2404 2102 erit,
2435 2046 2731 2107 negaturus
2755 2036 3022 2101 videatur,
3054 2037 3199 2106 quod
3229 2036 3298 2091 ab
3332 2036 3422 2089 illo
3446 2045 3678 2090 conten-

2107 2126 2268 2182 derit.
2324 2126 2479 2194 Quod
2533 2128 2580 2183 si
2626 2129 2817 2184 vicerit
2856 2144 3011 2184 mens
3046 2129 3140 2183 illa
3188 2128 3400 2195 melior,
3453 2143 3575 2198 qua:
3612 2127 3680 2182 ad

2107 2220 2453 2276 modestioris
2495 2230 2547 2276 et
2593 2236 2718 2276 cum
2757 2221 3101 2291 philosophia
3152 2221 3505 2291 congruentis
3559 2220 3683 2276 vita:

2107 2310 2347 2366 rationes
2377 2310 2599 2377 invitat;
2624 2319 2739 2365 tum
2769 2325 2899 2366 vero
2933 2311 3143 2369 beatam
3179 2311 3268 2365 hic
3289 2319 3454 2381 atque
3490 2309 3684 2365 unani-

2107 2409 2249 2450 mem
2274 2394 2438 2448 vitam
2459 2404 2647 2466 agunt,
2673 2394 2758 2450 sui
2782 2404 3044 2462 potentes,
3070 2395 3337 2466 planeque
3358 2394 3677 2450 moderati.»

2107 2483 2348 2555 Itemque
2379 2487 2569 2556 paucis
2597 2486 2891 2541 admodum
2920 2487 3255 2556 interiectis:
3295 2505 3312 2535 ι
3346 2485 3441 2540 Sin
3466 2492 3681 2550 contra,

2107 2574 2304 2646 inquit,
2337 2576 2569 2631 alterum
2597 2576 2727 2632 illud
2757 2576 3048 2647 iniquioris
3071 2577 3416 2646 vitzegenus,
3446 2586 3555 2631 tam
3581 2577 3683 2631 ab-

2109 2665 2343 2725 horrens
2367 2685 2397 2724 a
2424 2668 2789 2741 philosophia,
2816 2684 2981 2737 quam
3009 2669 3358 2723 ambitiosum
3386 2667 3683 2738 placuerit;

2111 2758 2371 2815 continuo
2397 2761 2609 2832 iugales
2640 2775 2833 2815 eorum
2861 2759 3149 2826 indomiti,
3190 2759 3319 2814 dum
3372 2759 3457 2815 vel
3510 2768 3686 2815 temu-

2108 2853 2271 2908 lentia
2295 2894 2309 2920 ,
2343 2854 2426 2909 vel
2460 2854 2565 2909 alia
2590 2852 2780 2923 quavis
2808 2851 3035 2907 mollitie
3060 2852 3383 2906 laborabunt
3405 2889 3422 2915 ,
3449 2850 3685 2906 dissolu-

2108 2953 2193 3001 tos
2213 2946 2424 3001 animos
2453 2945 2718 3015 planeque
2750 2942 3025 3012 neglectos
3052 2951 3380 3009 occupantes
3400 2983 3415 3010 ,
3445 2950 3499 2998 et
3538 2943 3686 3013 ejus-

2107 3036 2230 3092 dem
2259 3035 2315 3089 in
2342 3050 2539 3090 sensus
2574 3033 3017 3090 communionem
3066 3033 3439 3101 pertrahentes
3466 3071 3482 3098 ,
3532 3032 3685 3087 illum

2108 3126 2325 3182 vivendi
2354 3140 2560 3181 morem
2587 3164 2602 3190 ,
2632 3124 2724 3194 qui
2751 3123 3026 3194 plerisque
3057 3122 3185 3177 felix
3216 3123 3460 3187 videtur,
3487 3124 3688 3194 eligen:

2111 3233 2177 3274 ac
2201 3226 2529 3288 sequentur:
2566 3230 2801 3286 eumque
2827 3213 3081 3284 deinceps
3106 3214 3419 3272 retinebunt
3452 3215 3530 3270 illi
3564 3215 3687 3285 qui-

2109 3311 2254 3378 dem,
2278 3310 2373 3365 sed
2407 3309 2587 3363 rarius
2610 3316 2792 3363 tamen
2813 3305 3182 3373 usurpabunt,
3205 3306 3350 3375 quod
3379 3321 3504 3362 eum
3532 3321 3687 3361 mens
3781 3337 3789 3346 -

2111 3411 2223 3458 tota
2252 3416 2361 3457 non
2396 3401 2663 3471 probabit.
2698 3399 2764 3455 Et
2794 3401 3015 3472 quidem
3037 3439 3053 3464 ,
3090 3408 3152 3455 ut
3179 3400 3363 3455 minus
3387 3413 3553 3469 quam
3592 3412 3685 3452 su-

2110 3491 2352 3564 periores
2379 3490 2455 3544 illi
2483 3531 2497 3555 ,
2535 3499 2717 3546 tamen
2745 3499 2801 3548 et
2828 3492 2883 3546 in
2906 3491 3000 3547 illo
3020 3489 3227 3546 amoris
3257 3498 3425 3555 aestu,
3472 3499 3524 3546 et
3560 3504 3687 3544 cum

2109 3585 2181 3640 ab
2207 3600 2274 3640 eo
2306 3583 2758 3654 interquiescunt,
2790 3583 2953 3639 amici
2983 3599 3105 3640 esse
3141 3590 3373 3653 pergunt
3405 3581 3510 3652 ipsi
3552 3596 3691 3652 quo—

2109 3693 2251 3748 que,
2277 3678 2379 3732 rati
2413 3677 2652 3731 maxima
2695 3691 2755 3731 se
2793 3674 2921 3732 fidei
2965 3675 3402 3747 religione‘ultro
3445 3673 3691 3744 citroque

2111 3769 2381 3840 obligatos
2410 3783 2553 3835 esse,
2577 3782 2685 3838 qua
2714 3768 2915 3824 violata
2939 3768 3082 3823 ullas
3104 3781 3347 3837 unquam
3376 3764 3691 3821 inimicitias

2111 3874 2367 3917 exercere
2390 3858 2464 3914 sit
2493 3857 2668 3914 nefas.
2696 3856 2867 3914 Porro
2888 3874 3013 3915 cum
3047 3859 3322 3913 intereunt
3346 3895 3362 3923 ,
3390 3857 3470 3913 sic
3512 3856 3692 3911 disce-

2112 3952 2249 4007 dunt
2269 3967 2334 4009 ex
2365 3966 2595 4023 corpore
2616 3991 2633 4017 ,
2662 3962 2723 4006 ut
2750 3952 2878 4008 licet
2909 3950 3013 4006 alis
3055 3950 3289 4007 necdum
3331 3949 3558 4004 omnino
3607 3946 3693 4001 in-

2115 4042 2309 4098 structi
2334 4041 2465 4109 slnt,
2500 4040 2570 4096 iis
2602 4050 2784 4096 tamen
2815 4040 3003 4096 vestiri
3038 4040 3151 4110 jam
3193 4039 3487 4111 coeperint.
3515 4035 3698 4104 Quare

2114 4132 2351 4190 fructum
2383 4132 2663 4188 amatoriae
2689 4131 2851 4202 hujus
2878 4131 3107 4187 insaniae
3147 4146 3255 4186 non
3305 4130 3560 4198 exiguum
3604 4143 3698 4183 ca-

2114 4224 2290 4295 piunt.
2322 4221 2433 4279 Nec
2456 4222 2604 4278 enim
2632 4222 2756 4277 illos
2782 4222 3037 4291 deinceps
3067 4221 3121 4275 in
3166 4219 3415 4275 tenebras
3441 4259 3456 4282 ,
3502 4227 3599 4273 aut
3638 4218 3695 4272 in

2115 4317 2466 4372 subterranea
2494 4314 2742 4385 quaedam
2790 4314 2909 4369 loca
2948 4312 3139 4367 venire
3170 4312 3255 4367 lcx
3307 4311 3416 4366 ulla
3448 4311 3653 4380 patitur
3677 4349 3694 4375 ,

2114 4408 2210 4479 qui
2242 4407 2388 4461 viam
2415 4407 2558 4463 ctelo
2584 4406 2896 4476 prOpiorem
2941 4404 3195 4462 insistere
3227 4404 3341 4474 jam
3372 4410 3693 4474 coeperunt:

440 4522 555 4583 τοῖς
610 4495 829 4589 Νόμοις
882 4495 1082 4591 ἠξίωσε
1138 4517 1279 4572 κατά
1309 4495 1711 4588 παιδεραστῶν
1782 4495 2009 4568 θανάτου

2116 4500 2210 4555 sed
2239 4498 2421 4569 potius
2445 4514 2553 4554 una
2582 4498 2845 4569 profecti,
2872 4497 3077 4554 claram
3119 4495 3696 4566 illustremquevitam

442 4616 598 4686 δίκην
630 4614 1274 4686 ὁρίσασθαι,προστάττει
1302 4612 1515 4682 θανάτῳ
1534 4608 1764 4681 ζημιοῦν
1790 4608 2014 4661 οἰκετῶν

442 4707 532 4761 τὸν
561 4706 635 4780 μὴ
661 4706 1120 4779 καταμηνύσαντα
1143 4706 1414 4778 θησαυρὸν
1439 4704 1526 4774 ὑφ’
1549 4702 1737 4773 ἐτέρου
1759 4700 1904 4765 τινὸς
1929 4702 2019 4753 eu—

446 4799 718 4873 ρημένον;
759 4798 1094 4853 Ἑπάκουσον
1126 4800 1183 4853 δέ
1211 4799 1306 4852 καὶ
1361 4796 1550 4861 τῶνδε,
1587 4794 1673 4851 ἵνα
1701 4794 1774 4866 μή
1820 4809 1888 4866 με
1922 4809 2017 4846 συ-

444 4894 726 4961 κοφαντεῖν
756 4891 1064 4955 ὑπολάϐοις.

2121 4589 2175 4643 in
2212 4604 2426 4645 summa
2476 4588 2731 4646 felicitate
2779 4590 3022 4661 degunt,
3063 4605 3129 4645 ac
3174 4598 3395 4660 propter
3444 4596 3695 4641 mutuum

2121 4695 2397 4749 amorem,
2425 4679 2698 4737 similibus
2729 4682 2894 4737 etiam
2938 4682 3040 4737 alis
3090 4680 3410 4745 induuntur.
3444 4676 3572 4732 Haac
3603 4686 3696 4741 tu,

2124 4772 2199 4827 fili
2220 4811 2237 4839 ,
2267 4781 2417 4829 tanta
2450 4782 2670 4843 tamque
2702 4774 2886 4830 divina
2920 4789 2989 4830 ex
3035 4774 3294 4829 amatoris
3346 4772 3425 4827 tui
3460 4770 3700 4826 amicitia

2126 4879 2480 4936 consequere.
2508 4885 2527 4917 ι
2561 4864 2684 4921 llaec
2715 4865 2889 4921 Plato.
2923 4867 2993 4922 At
3020 4848 3189 4922 Hosis
3220 4865 3379 4935 longe
3404 4863 3511 4919 alia
3544 4876 3699 4916 mens

444 4994 530 5044 est
553 5030 570 5056 ,
597 4992 798 5059 quippe
820 4988 914 5059 qui
945 4989 1116 5060 legem
1146 4986 1213 5044 iis
1242 4988 1403 5057 plane
1451 4985 1782 5041 contrariam
1828 4981 2010 5046 ferat,
2051 4980 2182 5038 dum
2206 4984 2468 5041 adversus
2504 5000 2799 5055 puerorum
2842 4994 3112 5041 amatores
3150 4983 3521 5055 aequissimam
3558 4982 3702 5037 hanc

447 5083 667 5140 disertis
720 5086 903 5140 verbis
953 5084 1277 5140 sententiam
1325 5080 1679 5151 pronuntiat:
1712 5077 2164 5145 «Quidormierit
2213 5093 2338 5135 cum
2382 5096 2534 5137 mare
2570 5082 2864 5137 concubitu
2902 5081 3194 5143 muliebri,
3240 5079 3699 5135 abominationem

446 5186 696 5252 fecerunt
738 5180 941 5236 ambo:
989 5188 1166 5235 morte
1208 5178 1514 5234 moriantur
1538 5178 1556 5208 ¹
1581 5219 1596 5241 ,
1640 5175 1761 5244 ejus
1809 5174 1954 5229 enim
1990 5173 2069 5230 rei
2099 5183 2246 5230 sunt.
2271 5174 2543 5246 tltemque
2573 5219 2587 5243 ,
2621 5196 2639 5230 ι
2665 5177 3028 5233 Exsecrahilis
3079 5184 3163 5232 est
3200 5175 3381 5230 omnis
3438 5173 3531 5245 qui
3572 5173 3704 5228 dor-

450 5271 550 5326 mit
591 5287 715 5328 cum
740 5287 891 5327 mare
910 5270 1200 5327 concubitu
1225 5269 1495 5324 muliebri.
1527 5286 1545 5319 ι
1577 5266 1719 5334 Quid
1757 5266 1870 5337 jam
1911 5265 2064 5335 71]
2113 5267 2306 5323 attinet
2347 5268 2477 5322 illud
2540 5269 2747 5323 homini
2790 5267 3121 5338 persapienti
3173 5266 3410 5336 objiec‘re
3438 5306 3454 5334 ,
3509 5265 3698 5320 missis

449 5363 870 5430 prmdiconibus,
923 5379 1026 5419 nec
1073 5363 1220 5419 enim
1263 5361 1379 5419 suis
1423 5361 1479 5417 in
1513 5360 1734 5432 Legibus
1764 5357 1956 5413 mortis
1995 5372 2092 5413 eos
2130 5360 2397 5429 supplicio
2422 5361 2615 5432 dignos
2654 5362 2895 5430 putavit,
2936 5361 2991 5414 in
3041 5373 3258 5413 servum
3304 5357 3456 5412 illum
3510 5357 3704 5426 capitis

450 5455 519 5511 ab
538 5471 604 5512 eo
635 5458 765 5513 ferri
796 5458 1120 5515 sententiam
1147 5499 1163 5524 ,
1195 5458 1289 5529 qui
1328 5468 1605 5530 repertum
1642 5456 1711 5514 ab
1758 5455 1864 5512 alio
1907 5454 2226 5511 thesaurum
2261 5471 2369 5512 non
2405 5456 2660 5512 indicarit
2686 5456 2709 5511 ?
2737 5457 2812 5511 Ac
2841 5471 2909 5512 ne
2934 5469 3021 5510 me
3047 5453 3370 5516 calumniari
3400 5454 3708 5524 suspicere;

453 5549 659 5606 audisis
687 5551 803 5605 haec
831 5551 950 5621 eius
976 5551 1157 5607 verba.

528 5705 739 5760 ‘chit.
776 5720 866 5767 χχ,
906 5703 986 5758 i5.
