4122 6412
477 374 618 434 H75

1071 492 1299 548 CAPUT
1346 490 1487 546 XXI.

474 602 553 660 De
582 606 779 676 legibus
803 607 1043 660 Platonis
1080 607 1149 659 ad
1172 606 1359 676 recedes
1398 599 1769 676 pertinentibus
1791 641 1805 662 ,
1847 613 2041 676 magna

542 668 652 729 illa'
663 675 885 730 hominis
910 675 1340 745 menteindignis,
1360 668 1664 743 quibuscum
1688 669 1739 722 Μ
1746 670 1883 738 oysis
1907 668 2043 737 leges

547 746 949 800 committenda.

553 878 574 912 ι
600 858 871 930 Quidquid
903 868 1106 925 autem,
1135 866 1331 927 inquit,
1360 865 1467 910 tam
1491 854 1558 909 de
1583 851 1849 923 pecuniis,
1876 863 2039 919 quam

480 950 547 1005 de
574 952 686 1017 illo,
718 953 812 1022 qui
840 966 934 1006 eas
963 951 1085 1005 loco
1114 949 1365 1011 moverit,
1404 946 1545 1002 Deus
1577 942 1919 1015 respondebit
1941 983 1956 1008 ,
1987 940 2040 995 id

480 1044 858 1113 obtemperans
883 1042 1105 1097 oraculo
1130 1040 1436 1110 respublica
1466 1034 1919 1107 perﬁcito..Liber
1941 1073 1956 1097 ,
1993 1033 2038 1086 si

477 1149 592 1189 rem
617 1135 887 1200 indicarit,
910 1133 1161 1197 virtutis;
1186 1133 1233 1189 si
1256 1130 1512 1195 tacuerit,
1535 1127 1897 1198 improbitatis
1919 1125 2031 1195 upi-

480 1228 699 1280 nionem
730 1225 958 1282 auferto.
1001 1225 1201 1282 Servus
1247 1224 1295 1280 si
1342 1222 1546 1277 factum
1584 1219 1887 1291 aperuerit,
1925 1231 2041 1272 res-

476 1317 692 1385 publica
738 1317 969 1371 liberum
1016 1331 1136 1372 esse
1176 1316 1331 1371 illum
1364 1311 1676 1377 decernito,
1729 1309 1870 1365 servi
1920 1322 2041 1376 pre-

478 1408 614 1461 tium
649 1407 779 1461 hero
815 1414 1231 1477 reprasentato:
1282 1407 1331 1463 si
1374 1420 1483 1460 non
1527 1402 1833 1475 aperuerit,
1869 1406 2042 1454 morte

476 1498 786 1553 mulctator.
821 1517 840 1549 ι
868 1498 1045 1568 Atque
1079 1498 1169 1554 hic
1213 1507 1387 1553 morte
1429 1498 1753 1559 damnatur,
1802 1507 1913 1547 non
1946 1489 2040 1560 qui

475 1603 591 1642 rem
619 1588 945 1657 prohibitam
967 1590 1090 1643 loco
1116 1590 1349 1644 moverit
1374 1628 1388 1653 ,
1417 1587 1510 1643 sed
1537 1586 1630 1656 qui
1661 1598 1861 1639 nomen
1905 1580 2041 1635 furis

475 1694 584 1732 non
609 1680 877 1734 detulerit.
910 1679 978 1734 At
1008 1679 1149 1734 idem
1174 1720 1190 1746 ,
1226 1679 1446 1749 impune
1470 1678 1664 1732 herum
1694 1673 1836 1729 ferre
1881 1671 2037 1735 vult,

475 1770 568 1840 qui
602 1786 815 1825 servum
841 1770 1013 1825 iratus
1035 1769 1311 1826 occiderit.
1341 1788 1359 1821 ι
1391 1767 1497 1835 Qui
1525 1780 1740 1823 servum
1769 1806 1784 1830 ,
1828 1762 2035 1832 inquit,

474 1877 636 1917 suum
669 1862 946 1926 occiderit,
977 1861 1310 1917 absolvitor:
1341 1860 1435 1930 qui
1462 1858 1699 1914 alienum
1736 1865 1790 1910 et
1821 1856 1992 1933 iratus
2016 1893 2032 1917 ,

474 1952 701 2022 duplum
726 1953 1007 2024 ejus'hero
1035 1953 1268 2024 pretium
1302 1950 1614 2022 persolvito.
1648 1967 1667 2000 ι
1722 1946 1862 2001 Huic
1900 1945 2034 2000 alias

476 2045 612 2099 adde
643 2044 788 2115 leges
807 2086 822 2111 ,
855 2059 992 2114 quas
1016 2045 1084 2099 de
1111 2045 1254 2100 cade
1280 2043 1424 2101 tulit.
1453 2040 1587 2108 «Qui
1634 2046 1824 2110 suapte
1867 2052 2035 2091 manu

475 2134 749 2189 hominem
773 2134 1002 2189 liberum
1029 2134 1397 2198 interfecerit,
1426 2132 1473 2187 si
1502 2131 1714 2186 facinus
1739 2128 2036 2184 iracundia

472 2220 678 2280 fuerit,
711 2237 818 2276 non
861 2222 1117 2285 consilii,
1159 2237 1283 2275 cum
1326 2230 1553 2287 catera,
1596 2235 1719 2290 qua
1749 2218 2035 2273 homicida

473 2312 758 2367 iracundia
808 2313 957 2368 nulla
1004 2321 1279 2369 commoto
1320 2313 1646 2368 deberentur
1670 2354 1685 2379 ,
1731 2312 2031 2376 sustineto;

472 2410 587 2455 tum
610 2405 919 2459 necessario
941 2445 957 2471 ,
991 2402 1302 2474 frangenda
1332 2402 1625 2459 iracundia
1652 2417 1814 2458 causa
1833 2443 1848 2468 ,
1878 2402 2034 2455 bien-

474 2494 626 2547 nium
660 2495 926 2550 exsulato.
960 2515 979 2548 ι
1015 2495 1116 2552 Cui
1148 2506 1201 2552 et
1232 2497 1397 2551 aliam
1430 2495 1570 2550 hanc
1590 2494 1786 2549 deinde
1806 2494 2034 2562 subjun-

468 2583 577 2653 git:
618 2586 724 2639 «At
745 2587 837 2656 qui
872 2602 978 2640 non
1007 2587 1177 2642 iratus
1199 2587 1381 2651 modo,
1407 2585 1502 2641 sed
1532 2586 1696 2642 etiam
1726 2602 1793 2641 ex
1820 2584 2035 2640 insidiis

468 2674 699 2731 liberum
726 2679 987 2734 occiderit
1011 2720 1027 2746 ,
1056 2695 1179 2735 cum
1209 2679 1424 2735 easdem
1452 2718 1467 2743 ,
1499 2694 1636 2749 quas
1663 2677 1915 2749 superior
1947 2676 2036 2732 ille

468 2779 660 2834 panas
686 2767 821 2823 luito
846 2809 863 2836 ,
891 2778 1007 2823 tum
1032 2785 1160 2826 vero
1190 2781 1249 2825 ut
1274 2769 1555 2825 biennium
1598 2769 1765 2835 alter,
1801 2768 1880 2824 sic
1920 2767 2038 2837 ipse

469 2856 762 2913 triennium
810 2861 1092 2928 exsulato;
1145 2861 1459 2916 diuturnius
1507 2860 1654 2914 enim
1708 2859 2036 2929 supplicium

467 2949 645 3018 major
671 2951 955 3008 iracundia
984 2953 1242 3023 postulat.
1267 2972 1286 3005 ι
1318 2952 1455 3008 Tum
1484 2953 1550 3009 de
1575 2953 1671 3007 illo
1698 2952 1793 3022 qui
1836 2967 2035 3007 secun-

467 3041 597 3094 dum
623 3042 972 3099 homicidium
1001 3046 1319 3115 patraverit,
1353 3045 1428 3100 ita
1475 3045 1697 3100 statuit:
1749 3062 1768 3095 ι
1801 3043 1956 3110 Quod
1988 3043 2036 3099 si

468 3126 630 3196 712
663 3127 855 3183 horum
880 3129 1138 3185 alteruter
1163 3129 1219 3184 in
1249 3130 1480 3200 patriam
1512 3129 1818 3193 restitutus,
1845 3128 2035 3183 eodem

467 3232 527 3270 se
543 3232 744 3274 rursus
767 3219 1022 3285 crimine,
1055 3221 1337 3295 iracundia
1360 3222 1541 3277 vietus
1579 3220 1864 3289 obligarit,
1909 3234 2033 3290 per-

464 3315 689 3375 petuum
716 3311 988 3365 exsulato.
1021 3330 1040 3363 »
1075 3308 1318 3382 Itemque
1348 3311 1512 3382 paulo
1544 3320 1666 3381 post
1691 3330 1705 3365 :
1735 3328 1754 3362 ι
1782 3308 1841 3364 Si
1870 3309 2031 3375 forte,

465 3400 612 3468 quod
643 3416 771 3455 raro
801 3402 1094 3457 admodum
1129 3404 1343 3459 eveniet
1365 3443 1380 3470 ,
1422 3413 1575 3474 pater
1616 3412 1711 3458 aut
1743 3415 1919 3460 mater
1964 3402 2031 3456 ﬁ-

466 3493 602 3548 lium
629 3504 723 3550 aut
754 3495 953 3561 ﬂliam‘,
983 3496 1226 3567 ejusdem
1257 3497 1552 3552 iracundia
1589 3497 1679 3563 vi,
1715 3504 1812 3551 aut
1846 3494 2034 3550 verbe-

466 3583 640 3650 ribus,
675 3594 768 3640 aut
799 3586 903 3641 alia
934 3587 1127 3656 quavis
1156 3588 1448 3642 acerbitate
1475 3587 1754 3653 occiderit,
1788 3601 1915 3641 cum
1941 3585 2035 3641 iis-

464 3678 589 3732 dem
644 3678 842 3748 quibus
893 3680 1072 3735 caeteri
1118 3681 1292 3737 sacris
1339 3683 1663 3751 expiantor,
1715 3688 1832 3735 tum
1869 3681 2032 3735 etiam

464 3768 761 3825 triennium
793 3772 1101 3827 exsulanto.
1137 3771 1241 3839 Qui
1273 3782 1562 3843 postquam
1588 3771 1868 3838 redierint,
1897 3785 2034 3826 uxor

468 3875 497 3913 a
534 3858 686 3926 viro,
714 3861 800 3915 vir
828 3862 898 3916 ab
924 3877 1095 3919 uxore
1127 3864 1426 3934 sejungitor
1445 3905 1461 3931 ,
1487 3879 1589 3918 nec
1618 3863 1758 3919 ullos
1802 3862 2035 3931 amplius

465 3968 530 4007 ex
563 3968 685 4009 sese
746 3963 935 4009 mutuo
954 3955 1153 4010 liberos
1178 3955 1536 4025 suscipiunto.
1566 3974 1585 4007 ι
1612 3955 1779 4010 Addit
1810 3961 2035 4024 prater-

465 4062 528 4100 ca
567 4065 580 4100 :
621 4065 641 4098 r
662 4045 720 4101 Si
744 4047 828 4101 vir
853 4062 1102 4114 uxorem,
1133 4060 1226 4103 aut
1253 4049 1431 4103 virum
1462 4063 1602 4103 uxor
1625 4048 1704 4102 ira
1734 4047 2029 4110 necaverit,

469 4140 641 4195 sacris
667 4138 1253 4210 iisdem‘piacularibus
1276 4150 1658 4212 procurantor,
1686 4149 1739 4195 et
1759 4140 1816 4195 in
1836 4140 2032 4196 exsilio

465 4230 760 4285 triennium
789 4230 1068 4302 exigunto.
1099 4231 1235 4287 Cum
1260 4242 1442 4288 autem
1483 4232 1782 4299 redierint,
1836 4248 1938 4288 nec
1975 4233 2031 4286 in

466 4337 749 4379 sacrorum
777 4366 793 4390 ,
816 4339 941 4409 .nec
984 4325 1037 4379 in
1082 4340 1286 4412 mensa
1325 4327 1765 4381 communionem
1799 4327 2033 4397 amplius

466 4428 590 4468 cum
621 4414 808 4470 liberis
837 4416 1117 4471 veniunto.
1153 4415 1208 4470 Si
1242 4418 1465 4471 fratrem
1493 4418 1579 4471 vel
1604 4432 1848 4473 sororem
1872 4459 1887 4481 ,
1922 4421 2034 4471 fra-

1112 372 1377 432 EUSEBII
1416 365 1893 429 CIESARIENSIS
1935 362 2087 419 OPP.
2132 359 2310 415 PARS
2348 357 2409 413 ll.
2452 386 2520 400 ——
2544 347 3047 409 APOLOGETICA.

2076 488 2121 542 Α

3609 337 3712 389 1⁸16

2656 469 2950 524 ΚΕΦΑΛΑΙ
2958 466 3048 519 ΟΝ
3080 462 3215 517 KA'.

2142 590 2278 657 Περὶ
2327 587 2445 641 τῶν
2495 584 2651 655 παρὰ
2693 580 2986 657 ῌλάτωνι-
3008 573 3289 657 φυτικῶν.
3312 572 3548 657 nim,
3575 569 3716 657 ’δέξει

2132 633 2779 722 ’.ηᾶἐίωῖ
2797 633 3197 722 μεγαλᾷνοίας
3223 633 3432 704 αὐτοῦ,
3459 633 3548 704 οἷς
3571 635 3716 701 τοὺς

2209 717 2507 791 Μῶῦσέως
2527 717 3097 789 ἀντιπαραϐλητέον.

2215 859 2236 893 ι
2255 842 2377 895 Ὅτι
2404 839 2449 892 δ’
2473 837 2540 892 ἂν
2571 836 2681 908 (85)
2707 838 2736 889 6
2757 835 2917 897 Θεὸς,
2937 830 3120 903 φησὶν,
3151 827 3346 898 ἀναιρῇ
3376 821 3504 894 περί
3523 837 3582 873 τε
3604 817 3716 872 τῶν

2140 931 2452 1003 κτημάτων,
2481 929 2575 982 καὶ
2609 926 2703 980 τοῦ
2730 926 3069 995 κινήσαντος,
3101 916 3246 972 τοῦθ’
3271 918 3307 986 ή
3334 914 3489 1003 πόλις
3508 913 3719 1003 ύπηρε-

2139 999 2307 1075 τοῦ-σα
2346 1021 2466 1081 ταῖς
2507 1017 2787 1089 μαντείαις
2815 1013 2996 1085 δράτω
3035 1008 3129 1063 τοῦ
3154 1004 3309 1062 Θεοῦ.
3336 1002 3451 1058 Kal.
3478 1000 3573 1054 ἐὰν
3616 999 3717 1069 μὲν

2139 1111 2419 1183 ἐλεύθερος
2441 1111 2469 1162 6
2519 1107 2762 1179 μηνύσας
2841 1145 2855 1168 ,
2886 1102 3040 1171 δόξαν
3058 1099 3256 1172 ἀρετῆς
3284 1092 3568 1165 κεκτήσθω
3587 1129 3606 1156 ,
3638 1090 3717 1183 μὴ

2143 1179 2358 1277 μηνύων
2389 1202 2465 1267 δὲ,
2496 1200 2711 1263 κακίας.
2750 1196 2944 1259 Δοῦλος
2976 1193 3033 1248 δὲ
3067 1190 3161 1245 ἐὰν
3185 1184 3243 1263 ᾖ,
3280 1189 3309 1241 6
3341 1183 3588 1277 μηνύσας
3617 1179 3719 1277 μὲν

2141 1273 2425 1365 ἐλεύθερος
2460 1292 2567 1346 ὑπὸ
2596 1292 2695 1361 τῆς
2725 1288 2929 1350 πόλεως
2957 1282 3130 1354 ὀρθῶς
3157 1278 3379 1351 γίγνοιτ’
3404 1276 3492 1340 ἂν,
3524 1273 3719 1365 ἀποδι-

2140 1364 2440 1457 δούσηςτῷ
2461 1382 2697 1454 δεσπότῃ
2710 1381 2809 1450 τὴν
2831 1378 3013 1449 τιμήνο
3041 1374 3114 1445 μὴ
3147 1371 3363 1444 μηνύων
3388 1368 3469 1432 δέ,
3497 1364 3719 1457 θανάτῳ

2140 1456 2469 1550 ζημιούσθω.
2514 1494 2533 1527 ι
2566 1472 2858 1528 Κάνταῦθα
2900 1469 2999 1541 μὲν
3045 1466 3345 1538 ἐξημίωται
3373 1456 3719 1550 θανάτῳ-οὐχ

2139 1571 2169 1621 6
2198 1548 2579 1637 παρακινήσας
2615 1582 2667 1617 τι
2698 1564 2807 1616 τῶν
2848 1557 3230 1631 ἀπειρημένων
3251 1593 3268 1619 ,
3300 1552 3418 1606 ἀλλ’
3458 1553 3487 1603 6
3524 1548 3714 1619 ἐτέρου

2140 1659 2625 1731 πλημμελήσαντος
2651 1655 2727 1727 μὴ
2742 1650 3149 1724 καταμηνύσας.
3184 1648 3294 1701 Kal.
3320 1643 3494 1706 ἄλλως
3528 1641 3585 1694 δέ
3618 1656 3720 1731 καί

2116 1726 2311 1823 ’θαρύν
2333 1726 2620 1818 ἀποφαίνει
2651 1726 2937 1816 δεσπότην,
2976 1743 3024 1794 εἰ
3052 1740 3144 1792 τὸν
3173 1737 3304 1791 ἴδιον
3341 1732 3528 1788 δοῦλον
3556 1726 3725 1800 θυμῷ

2066 1827 2111 1882 Β
2140 1822 2435 1913 φονεύσειε.
2453 1841 2613 1908 Λέγει
2634 1839 2679 1892 δ’
2708 1832 2820 1891 οὖν·
2853 1854 2872 1887 ι
2897 1833 3090 1887 Δοῦλον
3121 1830 3178 1883 δὲ
3204 1827 3315 1899 (86}
3349 1823 3566 1887 κτείνας
3586 1822 3722 1913 ἐαυ-

2137 1912 2232 1988 τοῦ
2265 1935 2384 2005 μὲν,
2417 1929 2771 2002 καθηράσθω·
2800 1928 2897 1981 ἐὰν
2930 1925 2989 1979 δέ
3026 1921 3305 1991 ἀλλότριον
3336 1914 3516 1988 θυμῷ,
3549 1912 3717 2005 διπλῇ

2140 2028 2200 2081 τὸ
2235 2003 2429 2097 βλάϐος
2466 2022 2734 2077 ἐκτισάτω
2753 2018 2831 2090 τῷ
2865 2014 3205 2086 κεκτημένῳ.
3240 2030 3260 2063 ι
3310 2008 3425 2063 Kal.
3462 2006 3623 2060 τοῦτο
3656 2003 3718 2058 δὲ

2139 2118 2442 2172 ἐπάκουσον
2465 2113 2631 2169 αὐτοῦ
2660 2111 2768 2165 τῶν
2793 2110 2992 2180 νόμων,
3025 2105 3118 2168 οὒς
3142 2104 3272 2175 περὶ
3298 2100 3503 2171 φονέων
3539 2097 3720 2151 διετά-

2141 2211 2288 2275 ξατο·
2316 2229 2335 2262 ί
2360 2211 2457 2261 Ἂν
2483 2209 2589 2279 ἄρα
2611 2222 2696 2269 τις
2718 2203 2968 2273 αὐτόχειρ
2991 2199 3089 2271 μὲν
3111 2196 3299 2268 κτείνῃ
3320 2190 3627 2261 ἐλεύθερον,
3650 2187 3717 2241 τὸ

2139 2303 2197 2356 δὲ
2245 2299 2631 2372 πεπραγμένον
2675 2291 3122 2366 ἀπροϐουλεύτως
3169 2288 3307 2359 ὀργῇ
3349 2302 3456 2339 τινι
3486 2283 3717 2351 γένηται

2141 2391 2403 2464 πραχθὲν,
2425 2391 2493 2445 τά
2524 2389 2620 2460 μὲν
2644 2387 2798 2451 ἄλλα,
2815 2383 3064 2453 καθάπερ
3090 2381 3217 2434 ἄνευ
3242 2375 3417 2448 θυμοῦ
3444 2373 3721 2427 κτείναντι

2140 2463 2384 2556 προσῆκε
2404 2482 2481 2553 τῷ
2503 2481 2752 2551 πάσχειν,
2774 2475 3047 2547 πασχέτω·
3077 2472 3173 2526 δύο
3203 2470 3247 2523 δ’
3272 2466 3332 2534 ἐξ
3348 2466 3595 2536 ἀνάγκης
3619 2463 3720 2531 ἐτη

2140 2575 2405 2645 φευγέτω,
2428 2572 2667 2636 κολάζων
2691 2570 2752 2623 τὸ
2777 2567 2941 2623 αὐτοῦ
2969 2565 3156 2637 θυμόν.
3180 2562 3317 2616 »Καὶ
3351 2558 3528 2628 τούτῳ
3544 2570 3721 2645 προσέ

2136 2644 2349 2739 τίθησιν
2384 2665 2509 2736 ἑξῆς
2556 2664 2741 2733 ἕτερον
2802 2659 3003 2715 τοιόνδε
3061 2656 3243 2727 νόμον·
3293 2672 3310 2706 ι
3359 2653 3419 2705 'U
3455 2650 3514 2703 δὲ

2142 2736 2261 2830 μὲν,
2309 2757 2426 2829 μετ’
2472 2753 2761 2823 ἐπιϐουλῆς
2788 2752 2846 2805 δέ
2888 2750 3123 2812 κτείνας,
3154 2746 3225 2800 τὰ
3262 2745 3358 2816 μὲν
3409 2741 3543 2800 ἄλλα
3572 2736 3720 2792 κατὰ

2139 2850 2229 2904 τὸν
2281 2847 2589 2921 ἔμπροσθεν
2639 2840 2730 2910 αὖ,
2783 2843 2911 2914 τρία
2944 2841 3002 2894 δὲ
3049 2840 3166 2908 ἐτη,
3224 2834 3479 2903 καθάπερ
3530 2831 3726 2901 ἔτερος

2140 2942 2336 3013 ἔφευγε
2366 2940 2434 2994 τὰ
2452 2938 2565 3003 δύο,
2591 2936 2857 3007 φευγέτω,
2896 2931 3114 3005 μεγέθει
3141 2925 3316 2999 θυμοῦ
3343 2924 3514 2979 πλείω
3543 2938 3724 2991 τιμω-

2142 3034 2328 3108 ρηθεὶς
2358 3034 2569 3105 χρόνον.
2600 3050 2621 3084 ›
2658 3026 2774 3084 Εἶθ’
2800 3027 2927 3096 ἐξῆς
2958 3025 3086 3095 περὶ
3110 3021 3204 3076 τοῦ
3238 3020 3489 3090 δεύτερον
3522 3012 3721 3108 φονεύ-

2142 3105 2331 3191 σαντος
2348 3125 2526 3179 τοιάδε
2559 3121 2857 3193 νομοθετεῖ·
2890 3136 2917 3170 ι·
2967 3116 3092 3169 Ἐὰν
3112 3114 3168 3167 δὲ
3196 3109 3353 3174 αὖθίς
3378 3126 3507 3164 ποτε
3525 3105 3723 3161 κατελ-

2061 3184 2102 3243 C
2137 3218 2266 3282 θὼν,
2298 3184 2557 3289 δπότερος
2593 3184 2775 3268 αὑτοῖν
2794 3252 2810 3277 ,
2850 3207 3104 3281 ἡττηθεὶς
3131 3207 3270 3277 ὀργῇ
3304 3201 3489 3274 πράξῃ
3519 3197 3721 3254 ταύτδν

2134 3310 2311 3376 τούτο,
2344 3306 2532 3378 φυγὼν
2564 3304 2758 3377 μηκέτι
2778 3302 3032 3375 κατέλθῃ.
3068 3319 3088 3352 ι
3132 3298 3244 3353 Kal.
3268 3295 3430 3350 πάλιν
3457 3292 3587 3363 ἐξῆς
3610 3306 3723 3362 φη-

2136 3414 2240 3454 σιν·
2283 3417 2304 3451 ι
2355 3398 2482 3453 Ἐάν
2499 3397 2577 3462 δὲ,
2609 3396 2638 3450 6
2660 3396 2905 3465 γίγνεται
2936 3390 3045 3461 (87)
3085 3389 3203 3460 μὲν,
3236 3385 3484 3453 ὀλιγάκις
3512 3381 3594 3445 δὲ,
3629 3378 3723 3435 διὰ

2135 3490 2307 3562 θυμὸν
2334 3488 2517 3561 πατὴρ
2554 3486 2588 3558 ἢ
2626 3487 2807 3557 μήτηρ
2839 3483 2955 3537 υἱὸν
2996 3481 3031 3551 ἢ
3075 3477 3350 3549 θυγατέρα
3394 3472 3723 3562 πληγαῖς,ῆ

2133 3561 2240 3636 τινι
2271 3581 2460 3652 τρόπῳ
2493 3577 2652 3649 βιαίῳ
2691 3574 2912 3644 κτείνῃ,
2946 3569 3242 3641 καθάρσεις
3281 3566 3382 3637 μὲν
3409 3564 3510 3627 τὰς
3547 3561 3724 3624 αὑτὰς

2133 3676 2249 3738 τοῖς
2289 3672 2470 3736 ἄλλοις
2514 3666 2894 3740 καθαίρεσθαι.
2932 3663 3028 3718 καὶ
3072 3660 3353 3724 ἐνιαυτοὺς
3382 3659 3535 3729 τρεῖς
3583 3657 3725 3709 ἀπε-

2135 3767 2390 3823 νιαυτεϊν.
2426 3760 2813 3817 Κατελθόντων
2841 3757 2898 3811 δὲ
2922 3754 3031 3810 τῶν
3064 3751 3413 3816 κτεινάντων,
3436 3747 3724 3804 ἀπαλλάτ-

2136 3857 2325 3913 τεσθαι
2351 3854 2587 3925 γυναῖκά
2602 3870 2661 3906 τε
2683 3850 2791 3906 ἀπὸ
2820 3847 3033 3920 ἀνδρὸς,
3068 3843 3270 3899 καὶτὸν
3297 3841 3469 3912 ἄνδρα
3489 3838 3601 3893 ἀπὸ
3626 3854 3725 3906 γυ-

2134 3950 2348 4013 ναικὸς,
2388 3947 2482 4001 καὶ
2527 3948 2602 4017 μή
2657 3944 2774 3998 ποτ’
2813 3941 2892 3996 ἔτι
2930 3941 3082 4010 κοινῇ
3126 3931 3636 4005 παιδοποιήσασθαι.
3695 3948 3719 3985 ο

2131 4042 2242 4094 Καὶ
2267 4038 2475 4100 τούτοις
2505 4036 2772 4107 ἐπιφέρειο
2805 4052 2825 4084 ι
2850 4032 3084 4085 Γυναῖκα
3112 4027 3169 4080 δὲ
3186 4023 3431 4097 γαμετὴν
3453 4022 3548 4075 ἐὰν
3577 4021 3725 4093 ἀνὴρ

2130 4130 2196 4183 δι’
2227 4129 2396 4201 ὀργὴν
2421 4127 2607 4200 κτείνῃ
2638 4125 2782 4191 τινὰ,
2816 4122 2850 4194 ἢ
2882 4122 3019 4192 γυνή
3055 4138 3135 4182 τις
3160 4118 3361 4187 ἑαυτῆς
3386 4115 3560 4185 ἄνδρα
3582 4113 3719 4165 ταύ-

2133 4222 2222 4275 τδν
2244 4220 2400 4275 τοῦτο
2428 4219 2689 4281 ὡσαύτως
2723 4216 3045 4287 ἐργάσηται,
3083 4207 3441 4281 καθαίρεσθαι
3464 4207 3594 4269 τοὺς
3624 4205 3727 4257 αὐ-

2132 4315 2258 4375 τοὺς
2279 4311 2617 4382 καθαρμοὺς,
2648 4309 2882 4381 τριέτεις
2909 4306 2967 4359 δὲ
2994 4303 3414 4372 ἀπενιαυτήσεις
3432 4296 3724 4351 διατελεῖν.

2135 4401 2425 4458 Κατελθὼν
2454 4400 2513 4453 δὲ
2537 4402 2565 4452 6
2599 4397 2807 4453 τοιοῦτό
2843 4413 2896 4449 τι
2924 4394 3146 4466 δράσας,
3177 4394 3288 4454 τοῖς
3324 4387 3489 4442 αὑτοῦ
3528 4386 3726 4438 παισὶν

464 4515 549 4559 ter
575 4515 669 4560 aut
692 4520 850 4561 soror
880 4506 967 4560 ira
994 4509 1290 4577 necaverit,
1317 4509 1570 4579 expiandi
1604 4509 1790 4574 ritum,
1821 4510 2029 4565 exsilii-

2140 4490 2300 4563 ἱερῶν
2342 4490 2416 4562 μὴ
2457 4487 2801 4552 κοινωνείτω,
2853 4484 2987 4555 μηδὲ
3022 4477 3394 4553 ὁμοτράπεζος
3445 4474 3724 4545 γιγνέσθω

464 4613 572 4667 que
596 4607 808 4667 tempus
834 4599 978 4667 quod
1025 4601 1252 4666 attinet,
1295 4616 1418 4671 qua
1459 4603 1571 4670 jam
1619 4600 1687 4656 de
1716 4602 2032 4671 parentibus

466 4706 530 4744 ac
573 4690 758 4746 liberis
808 4690 1131 4757 statuimus,
1163 4693 1350 4747 eadem
1401 4693 1617 4748 illorum
1663 4702 1756 4747 aut
1799 4693 2032 4747 fratrum

465 4788 560 4836 aut
590 4792 877 4851 parentum
904 4799 1072 4839 causa
1100 4787 1450 4848 sanciuntor,
1476 4800 1616 4855 quos
1648 4793 1743 4839 aut
1773 4784 2033 4840 fratribus

462 4885 558 4929 aut
591 4876 776 4932 liberis
798 4877 1092 4933 orbaverit.
1120 4876 1307 4933 Eidem
1333 4878 1717 4933 communibus
1750 4891 1873 4931 cum
1898 4877 2033 4946 ipsis

464 4969 549 5026 vel
579 4971 785 5028 laribus
816 4973 901 5028 vel
926 4974 1098 5029 sacris
1146 4975 1226 5028 uti
1264 4973 1419 5030 nefas
1443 4983 1583 5028 esto.
1616 4971 1805 5027 Frater
1830 4974 1878 5028 si
1921 4972 2035 5028 fra-

466 5073 603 5117 trem
628 5104 643 5129 ,
696 5074 884 5120 coorta
934 5066 990 5119 in
1041 5066 1306 5121 seditione
1358 5080 1572 5137 pugna,
1633 5065 1806 5119 aliove
1868 5064 2034 5120 simili

466 5155 664 5221 modo,
698 5157 827 5211 dum
857 5158 967 5211 vim
991 5156 1312 5213 inferentem
1357 5158 1409 5211 vi
1452 5158 1696 5227 repellit,
1737 5156 2028 5225 occiderit,

469 5245 688 5314 perinde
712 5263 776 5302 ac
801 5249 848 5304 si
876 5249 1089 5305 hostem
1115 5251 1411 5305 occidisset
1435 5292 1450 5314 ,
1495 5249 1808 5305 absolvitor.
1858 5247 2033 5304 Idem—

465 5351 575 5403 que
596 5336 861 5406 judicium
886 5347 1003 5395 esto
1048 5339 1118 5394 de
1140 5341 1258 5395 cive
1280 5340 1373 5408 qui
1407 5341 1602 5404 civem,
1653 5339 1719 5394 de
1748 5339 2034 5409 peregrino

472 5426 559 5495 qui
589 5429 934 5499 peregrinum
964 5430 1213 5486 similiter
1242 5429 1518 5485 occiderit.
1550 5428 1665 5483 lmo
1685 5469 1699 5493 ,
1740 5427 1787 5483 si
1823 5427 1909 5483 vel
1957 5428 2035 5484 ci-

691 5585 752 5664 ’ςΟ
771 5603 836 5664 3t
861 5586 912 5638 δ’
938 5585 1033 5664 tiu.
1069 5586 1220 5664 Plato
1380 5604 1431 5641 χι
1458 5586 1581 5664 L_eg.
1612 5587 1786 5641 initio.

482 5724 507 5733 η
540 5651 647 5733 (86)
687 5653 921 5733 Acilioa:
949 5656 1035 5709 δέ.
1073 5655 1372 5733 Idcinmlih;
1399 5675 1449 5710 ιτ
1482 5651 1627 5727 Lég.,
1672 5674 1791 5727 pag.
1829 5656 1933 5710 657
1965 5656 2029 5713 G.

486 5726 738 5794 Quajam
764 5726 1010 5794 pluribus
1046 5742 1164 5794 pag.
1199 5728 1305 5780 656
1335 5726 1376 5781 G
1409 5726 1684 5781 statuerat.

544 5790 651 5861 (87}
707 5790 838 5846 Ἐὰν
867 5793 953 5858 δὲ,
976 5794 1003 5847 ὃ
1036 5790 1309 5865 γίγνεται.
1340 5797 1480 5851 idem
1511 5798 1661 5861 ibid.,
1689 5814 1808 5867 pag.
1830 5796 1934 5851 658
1966 5802 2028 5852 A.

2136 4581 2288 4635 ποτέ.
2312 4581 2422 4635 Καὶ
2448 4580 2542 4632 ἐὰν
2565 4575 2914 4647 ἀδελφὸς(88)
2933 4573 3179 4642 ἀδελφὸν,
3198 4569 3481 4642 ἧάδελφὴν
3514 4566 3724 4637 ἀδελφὴ

2135 4672 2291 4744 θυμῷ
2318 4671 2541 4742 κτείνῃ,
2566 4670 2634 4724 τὰ
2666 4670 2763 4740 μὲν
2794 4667 2900 4722 τῶν
2930 4662 3229 4736 καθαρμῶν
3263 4662 3357 4715 καὶ
3387 4659 3727 4729 ἀπενιαυτή-

2136 4780 2295 4828 σεων,
2320 4762 2570 4831 καθάπερ
2590 4759 2804 4833 εἴρηται
2822 4759 2933 4819 τοῖς
2955 4754 3173 4825 γονεῦσι
3190 4753 3282 4808 καὶ
3306 4754 3418 4813 ταῖς
3449 4749 3723 4818 ἐγγόνοις,

2135 4855 2370 4928 εἰρήσθω
2399 4855 2508 4909 δεῖν
2534 4851 2816 4923 γίγνεσθαι
2846 4851 2941 4904 καὶ
2971 4849 3206 4911 τούτοις,
3239 4839 3314 4899 ὦν
3353 4842 3625 4912 ἀδελφούς
3657 4858 3725 4895 τε

2134 4948 2415 5018 ἀδελφῶν,
2458 4947 2553 5002 καὶ
2597 4944 2790 5014 γονέας
2823 4942 3087 5013 ἐστέρηκε
3132 4938 3337 4993 παίδων
3359 4953 3371 4965 ·
3418 4935 3633 4998 τούτοις
3663 4932 3726 4986 δὲ

2136 5042 2409 5104 συνέστιος
2431 5041 2613 5101 αὐτοῖς
2640 5037 2801 5099 αὐτὸς
2823 5033 3094 5106 μηδέποτε
3121 5027 3412 5100 γιγνέσθω,
3447 5026 3583 5097 μηδὲ
3606 5042 3725 5077 κοι-

2134 5133 2303 5195 νωνὸς
2335 5130 2515 5201 ἱερῶν.
2551 5127 2807 5195 Ἀδελφὸς
2836 5122 2945 5196 (89)
2972 5124 3029 5176 δὲ
3062 5121 3156 5175 ἐὰν
3191 5118 3418 5187 ἀδελφὸν
3442 5114 3631 5186 κτείνῃ
3660 5116 3723 5166 ἐν

2138 5226 2400 5286 στάσεσι,
2451 5220 2631 5293 μάχης
2673 5217 3005 5288 γενομένης,
3055 5214 3090 5284 ἦ
3120 5228 3225 5264 τινι
3268 5207 3496 5277 τοιούτῳ
3528 5206 3722 5277 τρόπῳ

2134 5316 2471 5386 ἀμυνόμενος
2511 5312 2749 5382 ἄρχοντα
2776 5306 2972 5378 χειρῶν
3006 5304 3300 5373 πρότερον,
3332 5298 3587 5368 καθάπερ
3618 5313 3722 5349 πο-

2135 5407 2321 5479 λέμιον
2348 5401 2694 5464 ἀποκτείνας,
2740 5398 2880 5451 ἔστω
2917 5393 3171 5457 καθαρός.
3214 5390 3324 5443 Kal.
3355 5387 3451 5441 ἐὰν
3490 5386 3724 5458 πολίτης

2208 5580 2320 5649 (88)
2372 5579 2506 5633 Ἐὰν
2545 5577 2829 5649 ἀδελφός,
2863 5573 3035 5649 Plato
3075 5565 3607 5649 enu‘cl‘ea‘titt‘sg‘xgl
3651 5562 3721 5649 ἂν

2135 5633 2360 5730 agiagi;
2385 5648 2647 5730 άδελφὺν,
2688 5633 2722 5730 ᾗ
2768 5633 3033 5715 ἀδελφήνο
3070 5641 3103 5710 ἢ
3139 5635 3340 5705 ἀδελφὴ
3374 5635 3642 5706 ἀδελφὸν,
3682 5633 3723 5707 ἢ

2135 5715 2370 5791 ἀδελφὴν
2400 5715 2557 5791 θυμῷ
2583 5715 2787 5791 κτείνῃ.

2206 5774 2339 5864 (89f
2380 5774 2675 5857 Ἀδίςλφός.
2709 5774 2855 5842 Idem
2887 5782 3041 5849 ibid.,
3069 5797 3190 5851 pag.
3220 5778 3324 5835 658
3357 5774 3424 5831 Ι).
