4122 6408
336 381 469 439 ΙῚΤῚ
1458 377 1778 433 ΡΒΑΞΡΑΒ.
1822 378 1889 432 E‘

1989 371 2076 433 lC.
2119 374 2246 430 LIB.
2275 374 2414 429 XIH.
2802 394 2821 419 ς
3445 369 3607 503 1178,

334 499 574 569 πολίτην,
600 496 879 562 ὡσαύτως,
905 495 1103 567 ῆξένος
1124 493 1291 561 ξένον.
1324 496 1450 550 Ἐὰν
1471 497 1527 549 δὲ
1551 498 1713 550 ἀστὸν
1739 496 1885 560 ξένος

2016 511 2130 549 vent
2157 494 2475 564 peregrinus
2495 533 2510 555 ,
2543 492 2626 545 vel
2658 489 3003 560 peregrinum
3035 486 3207 551 civis,
3259 486 3343 540 vel
3389 486 3609 563 servus';

332 591 361 662 ἢ
392 589 537 654 ξένον
560 589 723 651 ἀστὸς
748 586 1082 657 ἀμυνόμενος
1101 587 1308 659 κτείνῃ,
1340 586 1483 639 κατὰ
1501 588 1570 640 τά
1600 589 1742 641 αύτά
1763 587 1889 639 ἕστο

2008 600 2224 640 servum
2251 624 2267 650 ,
2292 585 2398 636 vim
2434 581 2484 635 vi
2533 581 2838 651 repellendo
2872 578 3189 642 necaverit,
3232 577 3433 633 eodem
3456 576 3608 651 jure.

330 656 419 733 τοῦ
437 680 672 751 καθαρὸς
699 656 857 731 εἶναι.
892 656 1001 731 Καὶ
1029 677 1124 730 ἐὰν
1144 656 1329 741 δοῦλος
1358 677 1544 732 δοῦλον
1564 719 1578 745 ,
1620 677 1889 748 ὡσαύτως,

2007 675 2322 730 absolvitor.
2349 671 2450 738 Qui
2498 687 2628 725 vero
2671 685 2858 726 servus
2896 669 3126 722 liberum
3157 707 3173 730 ,
3215 668 3324 719 vim
3370 667 3494 721 licet
3526 656 3606 720 vi?

338 772 465 825 Ἐὰν
500 771 556 824 δὲ
586 750 656 824 αὖ
677 769 859 832 δοῦλος
897 768 1183 840 ἐλεύθερον
1210 769 1551 839 ἀμυνόμενος
1582 768 1889 839 ἀποκτείνῃ

2006 758 2294 826 repellens,
2320 754 2599 819 occiderit,
2623 753 2813 807 iisdem
2841 753 3040 821 quibus
3065 751 3335 820 parricida
3366 750 3609 821 legibus}

326 862 577 933 καθάπερ
604 866 632 915 6
658 862 869 925 κτείνας
916 860 1146 931 πατέρα,
1172 863 1280 927 τοῖς
1319 860 1500 923 αὐτοῖς
1542 859 1724 930 ἔνοχος
1765 858 1889 911 ἕστο

2008 857 2237 902 tenetor.
2266 844 2368 912 Qui
2414 845 2756 915 popularium
2800 858 3025 896 suorum
3070 842 3407 913 quemlibet,
3446 857 3549 910 pru
3604 842 3615 881 ἒ

327 932 555 1025 νόμοις,
577 956 673 1016 Ὃς
703 952 767 1006 ἂν
798 955 861 1006 ὲκ
893 952 1150 1024 προνοίας
1184 952 1293 1023 (90)
1328 969 1389 1004 τε
1428 952 1522 1004 καὶ⁹
1547 951 1746 1014 ἀδίκως
1770 951 1889 1003 ὁντι⁴

2005 940 2138 994 dens
2198 946 2255 992 et
2313 938 2511 1007 injuste
2563 950 2727 989 manu
2777 932 2878 989 sua
2938 933 3249 999 necaverit;
3306 932 3592 1001 principio.

325 1046 487 1100 ναοῦν
508 1044 615 1098 τῶν
641 1044 917 1113 ἐμφυλίων
936 1044 1190 1115 αὐτόχειρ
1206 1043 1415 1118 κτείνῃ,
1440 1043 1653 1115 πρῶτον
1677 1044 1774 1114 μὲν
1797 1044 1903 1098 τῶν

325 1138 570 1207 νομίμων
615 1135 907 1206 εἰργέσθω,
941 1134 1078 1205 μήτε
1116 1133 1351 1203 ἀγορὰν,
1398 1135 1535 1203 μήτε
1575 1134 1723 1203 ἰερά,
1766 1134 1903 1205 μήτε

322 1226 579 1298 λιμένας,
616 1228 751 1297 μήτε
783 1226 939 1279 ἄλλον
973 1224 1091 1277 τινὰ
1128 1222 1380 1292 σύλλογον
1420 1223 1622 1295 μηδένα
1654 1224 1899 1293 μιαίνων·

323 1317 419 1370 ἐάν
448 1317 507 1370 τέ
540 1335 621 1380 τις
641 1315 960 1389 ἀπαγορεύῃ
984 1314 1060 1386 τῷ
1088 1314 1345 1385 δράσαντι
1374 1314 1547 1367 ταῦτα
1576 1313 1899 1385 ἀνθρώπων,

324 1407 419 1459 καί
444 1405 539 1458 ἐὰν
566 1406 664 1476 μή·
688 1406 717 1457 6
746 1404 854 1476 γὰρ
888 1406 1050 1472 νόμος
1087 1402 1418 1475 ἀπαγορεύει
1457 1402 1592 1474 (91).
1626 1404 1684 1456 Ὀ
1722 1402 1779 1454 δὲ
1825 1402 1901 1473 μὴ

324 1494 575 1559 ἐπεξιὼν,
607 1494 745 1559 δέον,
778 1495 811 1566 ἢ
838 1494 912 1565 μὴ
939 1493 1344 1565 προαγορεύων,
1375 1492 1642 1563 εἰργέσθω
1665 1492 1774 1563 (92)
1792 1491 1901 1545 τῶν

323 1584 475 1648 ἐντὸς
506 1584 874 1656 ἀνεψιότητος·
912 1585 972 1637 τὸ
1008 1585 1062 1638 δὲ
1095 1583 1343 1656 δεύτερον
1367 1622 1381 1646 ,
1426 1583 1677 1646 ὑπόδικος
1704 1582 1782 1653 τῷ
1809 1580 1900 1634 θέ-

322 1675 469 1729 λοντι
502 1679 765 1747 τιμωρεῖν
818 1675 956 1747 ὑπὲρ
997 1673 1092 1728 τοῦ
1143 1674 1562 1746 τελευτήσαντος
1606 1673 1897 1743 γιγνέσθω.

320 1766 463 1838 Γυνὴ
493 1767 551 1820 δὲ
581 1767 749 1840 ἄνδρα
791 1768 988 1838 ἑαυτῆς
1016 1767 1075 1832 ἐξ
1101 1767 1392 1838 ἐπιϐουλῆς
1434 1767 1524 1820 τοῦ
1579 1768 1898 1822 ἀποκτεῖναι

2003 1029 2279 1090 communi
2312 1028 2511 1083 civium
2547 1027 2670 1097 jure
2698 1026 2957 1095 privator,
2983 1023 3062 1077 uti
3091 1038 3159 1078 ne
3190 1022 3367 1077 forum
3392 1062 3406 1088 ,
3435 1033 3571 1077 tem-

2002 1122 2120 1192 pla,
2148 1127 2334 1189 portus
2359 1160 2375 1185 ,
2408 1125 2504 1172 aut
2541 1116 2707 1170 alium
2751 1114 3048 1184 quemlibet
3081 1126 3408 1169 conventum
3452 1116 3579 1184 pol-7

2003 1214 2145 1276 luat;
2180 1211 2341 1279 idque
2365 1225 2460 1264 seu
2494 1207 2618 1277 quis
2648 1206 2937 1275 homicida:
2965 1206 3115 1259 aditu
3137 1206 3444 1270 interdieat,
3476 1221 3569 1259 seu

2002 1320 2195 1359 nemo:
2242 1303 2327 1357 lex
2382 1301 2527 1356 enim
2574 1315 2671 1369 per
2727 1313 2846 1353 sese
2885 1297 3175 1352 interdicit.
3231 1295 3335 1363 Qui
3391 1306 3574 1353 autem

2001 1411 2126 1450 eum
2156 1409 2263 1449 non
2294 1400 2650 1463 persequetur
2672 1429 2687 1453 ,
2727 1404 2851 1443 cum
2888 1399 3066 1443 tamen
3096 1388 3153 1442 id
3191 1388 3445 1454 deberet,
3478 1405 3573 1442 ne-

2001 1501 2107 1557 que
2147 1487 2251 1541 hoc
2287 1485 2338 1539 ei
2398 1482 2772 1545 denuntiabit,
2817 1480 3142 1551 cognatione
3199 1494 3309 1533 sua
3346 1479 3572 1548 ipsemet

2000 1578 2326 1633 excluditor:
2374 1574 2599 1641 deinde,
2659 1572 2910 1643 quisquis
2975 1570 3322 1624 interfectum
3380 1569 3571 1625 ulcisci

1999 1668 2179 1733 volet,
2215 1666 2265 1721 ei
2296 1682 2450 1721 reum
2481 1664 2636 1719 illum
2666 1678 2827 1735 agere
2850 1661 2932 1717 fas
2962 1672 3100 1717 esto.
3152 1661 3210 1716 Si
3259 1671 3355 1716 aut
3390 1663 3570 1717 virum

2000 1763 2158 1822 ‘uxor,
2195 1766 2289 1811 aut
2313 1757 2394 1811 vir
2424 1770 2677 1819 uxorem,
2706 1753 3061 1808 interﬁciendi
3087 1753 3290 1817 animo,
3319 1753 3570 1806 vulnera-

319 1853 576 1924 τρώσασα
594 1893 610 1919 ,
641 1854 673 1924 ἢ
697 1854 836 1925 ἀνὴρ
861 1854 959 1925 τὴν
1002 1855 1203 1925 ἑαυτῆς
1234 1859 1484 1924 γυναῖκα,
1514 1858 1759 1926 φευγέτω
1785 1859 1889 1912 ἀει⁴

2000 1849 2106 1912 rit,
2136 1856 2455 1918 perpetuum
2483 1844 2750 1900 exsulato.
2776 1863 2795 1896 ι
2844 1842 3125 1913 Ejusmodi
3170 1852 3298 1897 sunt
3329 1843 3570 1912 philoso-

319 1943 576 2013 φυγίαν.»
619 1946 864 1999 Τοιοῦτοι
902 1947 1000 2017 μὲν
1034 1949 1083 1999 οί
1115 1946 1209 1999 τοῦ
1246 1946 1532 2016 φιλοσόφου
1558 1948 1729 2019 νόμοι.
1749 1950 1812 2001 Εἰ
1838 1950 1896 2003 δὲ

319 2035 423 2106 χρὴ
459 2035 549 2089 οιαὶ
595 2037 720 2099 τοὺς
756 2037 995 2100 Μωσέως
1026 2037 1231 2101 τούτοις
1276 2039 1755 2109 ἀντιπαραϐαλεῖν,
1794 2042 1893 2093 ἐπ-

316 2124 547 2179 άκουσον
564 2119 653 2178 οἷα
677 2126 932 2196 περὶτῶν
957 2126 1190 2195 φονικῶν
1219 2127 1621 2198 διατάττεταιηι
1655 2130 1778 2184 Ἐὰν
1800 2147 1898 2183 πα-

314 2213 452 2286 τάξῃ
488 2212 571 2276 τίς
598 2231 739 2277 τινα,
770 2215 863 2268 καί
884 2216 1149 2289 ἀποθάνῃ,
1181 2216 1396 2290 θανάτῳ
1426 2218 1794 2274 θανατούσθω.
1830 2222 1895 2274 Εἰ

313 2301 374 2355 δὲ
404 2303 501 2374 οὐχ
530 2303 692 2371 ἑκὼν,
736 2305 851 2359 ἀλλ’
879 2309 906 2360 6
934 2307 1065 2370 Θεὸς
1106 2309 1420 2380 παρέδωκεν
1467 2313 1547 2376 εἰς
1570 2313 1667 2377 τάς
1706 2316 1895 2385 χεῖρας

315 2394 501 2459 αὑτοῦ,
523 2393 680 2449 δώσω
713 2412 795 2449 σοι
826 2397 989 2451 τόπον
1023 2392 1083 2452 οὗ
1114 2399 1370 2469 φεύξεται
1408 2404 1524 2455 ἐκεῖ
1549 2405 1578 2456 6
1607 2403 1890 2473 φονεύσας.

326 2486 451 2538 Ἐαν
474 2484 529 2537 δὲ
569 2485 825 2558 ἐπίθηταί
852 2505 934 2551 τις
959 2487 1038 2559 τῷ
1070 2489 1297 2562 πλησίον
1332 2493 1499 2546 αὐτοῦ
1520 2533 1534 2557 ,
1580 2494 1893 2548 ἀποκτεῖναι

311 2574 474 2629 αὐτὸν
530 2575 686 2646 δόλῳ,
734 2579 829 2630 καί
864 2579 1153 2654 καταφύγῃ
1176 2619 1191 2644 ,
1225 2582 1332 2635 ἀπὸ
1371 2582 1464 2636 τοῦ
1511 2583 1891 2657 θυσιαστηρίου

313 2681 417 2735 μου
445 2664 587 2737 λήψῃ
621 2666 782 2719 αὐτὸν
825 2667 1156 2724 θανατῶσαι.
1191 2671 1288 2735 Ὃς
1328 2672 1519 2725 τύπτει
1564 2674 1774 2746 πατέρα
1798 2675 1894 2727 αύ-

306 2754 427 2822 τοῦ,
457 2757 491 2827 ἢ
534 2757 748 2829 μητέρα
780 2758 944 2813 αὑτοῦ
965 2800 980 2825 ,
1010 2761 1226 2833 θανάτῳ
1264 2760 1633 2819 θανατούσθω.
1683 2766 1807 2819 Ἐὰν
1835 2766 1893 2819 δὲ

306 2844 653 2917 λοιδορῶνται
682 2849 775 2902 δύο
807 2850 1016 2922 ἄνδρες,
1046 2853 1141 2905 καὶ
1180 2852 1396 2925 πατάξῃ
1424 2871 1509 2918 τις
1539 2854 1630 2909 τὸν
1664 2855 1893 2927 πλησίον

308 2935 475 2990 αὑτοῦ
494 2936 629 3009 λίθῳ
658 2938 692 3009 ἦ
725 2942 944 3010 πυγμῇ,
977 2941 1072 2994 καὶ
1102 2941 1176 3013 μή
1202 2942 1471 3014 ἀποθάνῃ,
1513 2943 1814 3016 κατακλιθῇ
1834 2946 1892 2998 δὲ

308 3029 401 3082 ὲπί
419 3029 515 3101 τὴν
534 3030 740 3102 κοίτην,
754 3031 848 3085 saw
870 3032 1171 3099 ἐξαναστὰς
1191 3035 1220 3087 ό
1236 3034 1332 3088 ἀνθ
1342 3052 1523 3106 ρωπος
1542 3038 1889 3110 περιπατήσῃ

307 3118 413 3187 ἔξω
435 3124 528 3176 ἐπὶ
559 3122 754 3194 ῥάϐδου
785 3122 971 3189 αὑτοῦ,
1003 3124 1179 3189 ἀθῶος
1207 3126 1348 3180 ἔστω
1378 3129 1407 3181 ό
1448 3128 1713 3196 πατάξας·
1750 3128 1890 3200 πλὴν

305 3213 410 3283 τῆς
422 3214 620 3285 ἀργίας
651 3214 814 3268 αὑτοῦ
854 3215 1131 3283 ἀποτίσει,
1174 3218 1268 3272 καὶ
1291 3219 1359 3273 τά
1388 3222 1617 3291 ἰατρεῖα.
1679 3221 1806 3275 Ἐάν
1832 3220 1889 3273 δὲ

304 3303 523 3377 πατάξῃ
548 3321 632 3366 τις
662 3303 753 3357 τὸν
778 3306 940 3359 παῖδα
965 3308 1130 3361 αὐτοῦ
1157 3349 1171 3374 ,
1200 3308 1232 3381 ἢ
1269 3310 1368 3382 τὴν
1411 3312 1698 3384 παιδίσκην
1731 3310 1891 3366 αὐτοῦ

306 3393 506 3467 ῥάϐδῳ,
535 3397 628 3450 καί
650 3397 895 3471 ἀποθάνῃ
938 3399 1044 3452 ὑπὸ
1081 3400 1180 3464 τάς
1218 3405 1406 3474 χεῖρας
1434 3404 1621 3471 αὐτοῦ,
1649 3406 1775 3477 δίκη
1803 3408 1896 3459 έκ-

303 3488 676 3561 δικηθήσεται.
728 3492 857 3545 Ἐὰν
896 3493 955 3546 δὲ
996 3494 1211 3566 πατάξῃ
1239 3514 1323 3559 τις
1358 3496 1451 3551 τὸν
1489 3498 1766 3570 ὀφθαλμὸν
1798 3500 1889 3553 τοῦ

302 3583 596 3655 οἰκέτου,ἢ
630 3584 723 3638 τὸν
742 3584 1016 3656 ὀφθαλμὸν
1048 3587 1150 3656 τῆς
1194 3586 1534 3661 θεραπαίνης
1572 3591 1761 3658 αὐτοῦ,
1796 3596 1893 3649 καὶ

305 3673 628 3747 ἐκτυφλώσῃ
678 3677 860 3745 αὐτὸν,
910 3677 1226 3749 ἐλευθέρους
1280 3676 1632 3745 ὲξαποστελεῖ
1669 3683 1888 3749 αὐτοὺς,

302 3764 426 3819 ἀντὶ
450 3765 545 3819 τοῦ
585 3766 862 3839 ὀφθαλμοῦ
893 3769 1094 3824 αὐτῶν.
1131 3788 1151 3822 ι
1180 3771 1423 3829 Τοιαῦτα
1451 3772 1516 3843 δὴ
1546 3773 1640 3826 καὶ
1669 3773 1737 3828 τὰ
1761 3776 1890 3828 Μω-

303 3855 461 3921 σέως.
494 3854 657 3922 Αὖθις
688 3858 744 3913 δὲ
769 3862 798 3913 6
826 3859 1050 3918 Πλάτων
1081 3862 1202 3916 τινὰ
1238 3863 1471 3934 τρόπον,
1504 3865 1598 3918 καὶ
1620 3864 1687 3918 δι’
1731 3866 1888 3919 όποία

303 3947 540 4020 πληγαῖς
554 3951 950 4022 ἀπαραιτήτοις
964 3950 1269 4015 αἰκίζεσθαι
1280 3953 1372 4011 τὸν
1391 3954 1609 4025 οἰκέτην
1625 3956 1890 4027 προστάτ-

297 4054 405 4102 τει,
434 4038 756 4094 ἐπάκουσον.
803 4057 823 4091 t
855 4039 1024 4094 Ὅταν
1059 4040 1160 4111 τὴν
1190 4042 1443 4110 γενναίαν
1479 4044 1589 4117 (95)
1611 4044 1707 4099 νῦν
1735 4046 1888 4116 λεγο-

302 4128 473 4201 μένην
504 4130 801 4203 σταφυλὴν,
835 4132 869 4203 ἢ
900 4132 969 4185 τά
1012 4135 1234 4201 γενναῖα
1262 4133 1404 4189 σῦκα
1443 4136 1886 4209 ἐπονομαζόμενα

297 4220 588 4294 ὀπωρίζειν
605 4222 878 4294 βούληται,
905 4223 998 4278 ὲάν
1020 4224 1120 4295 μὲν
1138 4226 1204 4278 ὲκ
1233 4224 1343 4279 τῶν
1363 4227 1578 4282 οἰκείων
1599 4229 1880 4301 λαμϐάνῃ,

296 4312 448 4376 ὅπως
471 4311 539 4366 ἂν
569 4313 729 4388 ὲθέλῃ
759 4314 855 4372 καὶ
876 4315 1076 4373 ὁπόταν
1110 4314 1391 4388 βούληται,
1414 4319 1764 4390 καρπούσθω·
1787 4320 1883 4375 ὲάν

297 4403 358 4458 δὲ
393 4403 453 4469 ὲξ
489 4404 663 4459 ἄλλων
698 4406 772 4479 μὴ
799 4407 1021 4470 πείσας,
1052 4408 1334 4479 ἑπομένως
1366 4409 1446 4480 τῷ
1477 4411 1619 4482 λόγῳ
1645 4412 1777 4484 (94),
1804 4413 1883 4484 τῷ

309 4586 437 4641 Ἐάν
466 4588 525 4642 δὲ
551 4589 754 4653 δοῦλος,
770 4591 849 4666 μὴ
878 4592 1074 4656 πείσας
1098 4592 1191 4646 τὸν
1211 4592 1477 4664 δεσπότην
1503 4593 1611 4647 τῶν
1640 4594 1875 4665 χωρίων,

1916 3179 1958 3236 C

1997 1940 2090 2010 plti
2124 1941 2288 2009 leges.
2343 1936 2503 2008 713
2546 1936 2882 2003 Quibuscum
2933 1936 2979 1989 si
3013 1934 3282 1989 Mosaicas
3318 1932 3571 1988 conferre

1996 2031 2130 2085 velis
2151 2070 2165 2095 ,
2197 2030 2323 2084 audi
2357 2039 2412 2083 tu
2444 2045 2640 2098 porro,
2673 2029 2802 2098 quid
2832 2028 2899 2082 de
2953 2027 3191 2082 cmdibus
3233 2027 3338 2081 illa:
3367 2034 3571 2081 statue-

1997 2121 2125 2175 rint.
2160 2140 2181 2171 t
2206 2121 2260 2175 Si
2290 2121 2616 2191 percusserit
2644 2119 2768 2190 quis
2812 2120 3044 2173 alterum
3064 2157 3079 2184 ,
3128 2119 3284 2188 isque
3319 2126 3571 2172 mortuus

1996 2212 2191 2279 fuerit,
2226 2221 2401 2267 morte
2433 2212 2719 2267 moriatur.
2756 2210 2812 2266 Si
2839 2220 3020 2265 autem
3055 2227 3164 2265 non
3200 2211 3420 2277 volens,
3473 2212 3570 2264 sed

1995 2302 2139 2357 Deus
2170 2303 2453 2358 tradiderit
2484 2303 2540 2356 in
2571 2318 2767 2357 manus
2805 2302 2953 2372 ejus,
2989 2302 3320 2356 constituam
3356 2300 3453 2354 tibi
3483 2300 3569 2353 lo-

1995 2409 2118 2449 cum
2141 2434 2156 2459 ,
2184 2395 2238 2449 in
2263 2411 2424 2465 quem
2454 2394 2639 2465 fugere
2668 2394 2859 2449 debeat
2899 2393 2993 2463 qui
3027 2393 3307 2447 occiderit.
3353 2391 3409 2445 Si
3443 2394 3569 2461 quis

1994 2498 2175 2542 autem
2205 2488 2492 2542 insidiatus
2521 2486 2689 2541 fuerit
2731 2487 2979 2555 proximo
3009 2502 3109 2541 suo
3129 2526 3144 2552 ,
3187 2494 3246 2539 nt
3284 2485 3571 2539 interﬁciat

1994 2581 2171 2649 ipsum
2211 2579 2371 2646 dolo,
2415 2588 2469 2634 et
2521 2577 2861 2648 confugerit,
2914 2577 2982 2631 ab
3030 2577 3188 2631 altari
3230 2592 3352 2631 meo
3393 2577 3575 2645 rapies

1994 2670 2172 2740 ipsum
2201 2711 2216 2737 ,
2257 2680 2317 2724 ut
2366 2679 2541 2725 morte
2578 2668 2799 2723 aﬂicias.
2849 2666 2955 2733 Qui
3012 2668 3314 2723 verberarit
3359 2677 3568 2735 patrem

1992 2777 2174 2827 suum,
2206 2771 2300 2817 aut
2328 2770 2558 2816 matrem
2592 2775 2769 2825 suam,
2798 2767 2972 2813 morte
2996 2758 3283 2813 moriatur.
3316 2756 3373 2811 Si
3404 2758 3572 2811 rixati

1993 2852 2193 2909 fuerint
2230 2853 2339 2908 duo
2386 2853 2523 2916 viri,
2584 2860 2639 2907 et
2694 2851 3024 2920 percusserit
3084 2849 3221 2903 alter
3257 2848 3569 2919 proximum

1992 2960 2175 3012 suum,
2206 2944 2384 3014 lapide
2411 2944 2496 2999 vel
2526 2957 2729 3013 pugno,
2761 2950 2815 2997 et
2838 2942 2929 2996 ille
2950 2949 3204 2996 mortuus
3235 2956 3341 2995 non
3376 2939 3567 3008 fuerit,

1992 3038 2083 3092 sed
2112 3036 2344 3107 jacuerit
2371 3036 2426 3089 in
2452 3034 2685 3101 lectulo;
2718 3033 2764 3090 si
2795 3033 3094 3088 surrexerit
3120 3073 3136 3099 ,
3171 3041 3223 3087 et
3249 3033 3567 3087 ambulare-

1992 3129 2062 3182 rit
2097 3125 2230 3181 foris
2278 3140 2441 3195 super
2479 3125 2732 3179 baculum
2778 3138 2980 3190 suum;
3020 3122 3283 3177 innocens
3315 3132 3433 3177 esto
3473 3122 3567 3192 qui

1995 3217 2358 3287 percusserit:
2382 3217 2457 3272 ita
2480 3226 2665 3273 tamen
2690 3224 2751 3270 ut
2778 3214 3102 3270 cessationis
3130 3229 3244 3269 suae
3260 3212 3565 3283 dispendia,

1993 3314 2048 3363 et
2076 3308 2349 3379 impensas
2374 3307 2429 3362 in
2457 3306 2698 3362 medicos
2725 3306 2997 3361 restituat.
3027 3304 3087 3359 Si
3122 3305 3246 3374 quis
3281 3319 3566 3374 percusse—

1992 3400 2063 3454 rit
2109 3416 2340 3455 servum.
2383 3415 2579 3465 suum,
2631 3401 2717 3455 vel
2763 3398 3016 3454 ancillam
3064 3412 3216 3452 suam
3264 3399 3452 3466 virga,
3514 3404 3565 3451 et

1992 3491 2193 3547 mortui
2219 3491 2421 3548 fuerint
2448 3492 2505 3546 in
2531 3493 2787 3547 manibus
2818 3490 2938 3560 ejus
2962 3531 2978 3557 ,
3010 3488 3256 3543 criminis
3284 3503 3409 3543 reus
3439 3486 3564 3542 erit.

1993 3583 2052 3639 Si
2085 3595 2265 3649 autem
2308 3584 2640 3655 percusserit
2680 3584 2956 3654 quispiam
2998 3581 3215 3637 oculum
3262 3580 3404 3636 servi
3445 3580 3564 3645 sui,

1991 3683 2087 3730 aut
2110 3674 2330 3731 oculum
2358 3675 2568 3730 ancillae
2598 3691 2711 3730 suae
2730 3714 2746 3739 ,
2778 3683 2832 3729 et
2863 3673 3047 3728 luscos
3078 3686 3171 3727 eos
3205 3669 3395 3726 fecerit
3420 3712 3436 3737 ,
3479 3671 3565 3725 di-

1990 3766 2168 3821 mittet
2196 3781 2294 3822 eos
2326 3767 2529 3823 liberos
2549 3808 2563 3832 ,
2597 3782 2697 3837 pro
2731 3767 2894 3823 oculo
2926 3782 3091 3837 quem
3137 3767 3272 3837 ipsis
3314 3766 3458 3821 eruit
3480 3766 3516 3819 ι.
3541 3784 3562 3817 ι

1987 3860 2166 3929 Atque
2214 3860 2485 3930 ejusmodi
2525 3868 2652 3914 sunt
2692 3875 2814 3929 quae
2860 3874 2889 3913 a
2930 3858 3079 3914 Mose
3124 3858 3563 3929 praescribuntur.

1987 3950 2127 4005 Audi
2158 3961 2415 4020 praeterea
2441 3992 2456 4018 ,
2491 3951 2950 4021 quemadmodum
2981 3965 3201 4014 servos,
3242 3958 3297 4004 et
3328 3964 3466 4019 quas
3494 3948 3566 4003 ob

1988 4057 2206 4108 causas,
2241 4044 2449 4114 absque
2486 4043 2593 4097 ulla
2619 4043 2790 4098 veniae
2817 4058 2914 4113 spe
2937 4042 3251 4097 verberibus
3281 4040 3563 4096 conscindi

1986 4134 2142 4191 Plato
2175 4137 2324 4191 velit.
2371 4154 2389 4187 ι
2417 4134 2521 4201 Qui
2555 4145 2650 4189 aut
2676 4150 2810 4190 uvas
2831 4175 2846 4200 ,
2886 4135 3097 4204 inquit,
3130 4148 3253 4203 quae
3284 4134 3445 4203 vulgo
3473 4147 3562 4203 ge-

1985 4240 2196 4280 nerosae
2215 4225 2471 4280 dicuntur
2494 4264 2510 4292 ,
2544 4233 2640 4278 aut
2670 4224 2806 4279 ficus
2836 4225 2991 4285 illas,
3037 4225 3238 4293 quibus
3278 4224 3420 4279 idem
3465 4238 3561 4278 no-

1986 4331 2145 4379 men,
2185 4316 2437 4385 colligere
2475 4315 2749 4378 voluerit,
2790 4314 2836 4369 si
2870 4329 2937 4368 ex
2978 4314 3096 4369 suis
3140 4315 3303 4368 modo
3342 4322 3562 4380 sumet,

1948 4414 1953 4417 “
1984 4408 2066 4464 uti
2095 4415 2151 4462 et
2181 4406 2400 4476 quando
2427 4405 2647 4461 libuerit
2672 4404 2874 4475 capito.
2912 4405 3003 4459 Sin
3029 4421 3094 4459 ex
3127 4404 3319 4459 alienis
3346 4446 3361 4471 ,
3388 4405 3561 4459 invito

300 4495 377 4566 μὴ
411 4500 581 4552 κινεῖν
608 4498 705 4558 ,ὅτι
759 4498 835 4570 μὴ
870 4498 1156 4565 κατέθετό,
1185 4501 1392 4567 ἐκεῖνος
1413 4502 1501 4556 ἀεὶ
1541 4501 1874 4574 ζημιούσθω.

1989 4498 2223 4562 domino,
2252 4496 2530 4567 collegerit
2553 4534 2569 4561 ,
2602 4511 2671 4552 ex
2716 4496 2836 4567 ejus
2871 4497 3009 4567 legis
3036 4499 3350 4567 praescripto
3375 4538 3391 4565 ,
3440 4513 3561 4567 quae

1983 4602 2202 4644 movere
2245 4588 2368 4642 loco
2407 4595 2554 4642 vetat
2603 4588 2866 4659 quidquid
2921 4590 2995 4647 ibi
3045 4606 3154 4644 non
3206 4590 3556 4659 deposuerit,

296 4675 537 4748 ἅπτηταί
567 4695 660 4731 του
691 4678 799 4733 τῶν
833 4681 1091 4736 τοιούτων
1109 4722 1124 4747 ,
1153 4682 1292 4736 κατά
1327 4684 1470 4754 ῥᾶγα
1501 4683 1740 4755 βοτρύων
1786 4684 1878 4737 καὶ

1989 4680 2238 4735 mulctam
2269 4678 2557 4734 sustinete.
2588 4678 2746 4745 Quod
2777 4680 2824 4736 si
2854 4696 3047 4737 servus
3072 4681 3342 4753 ejusmodi
3385 4680 3515 4751 quid
3540 4719 3559 4744 ,

296 4766 462 4822 σῦκον
499 4771 689 4841 συκῆς,
733 4771 1051 4843 ἰσαρίθμους
1084 4773 1295 4845 πληγάς
1334 4774 1544 4839 τούτοις
1590 4774 1877 4847 μαστιγού-

298 4857 429 4914 σθω.
469 4879 489 4913 ι
531 4861 766 4915 Τοιαῦτα
806 4862 904 4933 μὲν
947 4863 1018 4917 τά
1066 4864 1211 4918 κατά
1258 4865 1450 4932 τῶνδε,
1475 4865 1574 4919 οὐκ
1608 4866 1734 4933 ἄξια
1775 4865 1873 4937 τῆς

294 4952 581 5017 Πλάτωνος
614 4953 982 5024 μεγαλονοίας.
1018 4955 1106 5019 Ὦς
1123 4956 1179 5010 δὲ
1207 4957 1380 5029 σεμνά
1399 4959 1494 5012 καί
1515 4958 1873 5031 φιλάνθρωπα

387 5064 405 5096 ³
428 5062 602 5119 Exod.
635 5081 748 5129 nt,
780 5065 958 5122 12-26.

363 5174 476 5246 (90)
521 5178 617 5253 Ὃς
646 5176 821 5253 ἂνξ-ἐκ
858 5182 1224 5253 προν.-Αηῑε
1257 5184 1536 5253 legebatur
1568 5180 1649 5250 οἷς
1697 5186 1763 5241 ἂν
1810 5191 1873 5242 ὲκ

290 5262 474 5316 προν.,
512 5248 603 5300 sed
634 5247 784 5329 nullo
818 5263 1003 5303 sensu.
1036 5249 1196 5305 Certe
1223 5247 1361 5323 apqu
1395 5247 1671 5313 Platonem
1698 5299 1712 5322 ,
1747 5269 1872 5327 post

288 5314 429 5367 ἔστω
460 5314 691 5384 νόμοις,
728 5319 909 5372 isthue
949 5314 1031 5383 οἷς
1064 5329 1157 5375 aut
1207 5322 1265 5384 ὃς
1302 5338 1408 5377 non
1445 5326 1692 5384 sequitur
1726 5344 1738 5378 :
1777 5329 1871 5383 sed

328 5340 429 5367 πω
470 5340 691 5384 νυμυις,
729 5340 909 5372 tsuiuc
949 5340 1031 5383 οις
1064 5340 1157 5375 aut
1207 5340 1265 5385 ος
1302 5340 1408 5377 non
1445 5340 1692 5395 seqmtur
1726 5344 1738 5378 :
1777 5340 1871 5383 sed

328 5397 412 5463 ag.
445 5383 625 5465 _A
668 5384 727 5448 δς
758 5386 825 5440 ἂν
867 5390 930 5442 ὲκ
977 5406 1132 5460 προν.
1159 5431 1174 5456 ,
1206 5402 1267 5446 ut
1298 5392 1354 5446 in
1386 5410 1489 5449 ms.
1539 5396 1686 5465 quod
1717 5413 1872 5457 nova

317 5466 434 5520 egts
467 5463 681 5507 mitium
711 5465 816 5512 est.

361 5520 475 5593 (91)
594 5522 706 5591 γὰρ
730 5527 914 5606 νόμος
936 5528 1309 5606 ἀπαγορεύει.
1339 5529 1491 5606 Plato
1523 5533 1690 5606 addit,
1718 5536 1866 5606 quod

288 5592 737 5677 ὲμφατικῴτερον
759 5592 986 5677 θέιηκαί
1011 5592 1370 5677 ἀπαγορεύων
1394 5602 1534 5673 ὑπὲρ
1561 5592 1752 5677 ἰἰτάσίης⁸
1767 5607 1870 5677 τῆς

286 5661 888 5751 τσόλιείιῃςἏξίᾼφαίνεταί
919 5683 979 5718 τε
1006 5667 1100 5751 καὶ
1138 5661 1403 5751 φανεῖται.

344 5731 472 5814 ,(92)
501 5733 578 5814 '_'H
594 5731 680 5814 ,1th
717 5731 1161 5814 προαγορεύω,
1187 5739 1488 5814 εὶιιηίέοἰξὶωζ
1524 5740 1681 5814 Plato
1708 5743 1868 5814 longe

288 5798 464 5869 aliter,
499 5801 531 5872 ἢ
582 5798 1077 5876 μὴ’προαγόρεύων
1107 5798 1387 5881 εἴργεσθαι
1418 5811 1526 5865 τῶν
1558 5812 1708 5878 me;
1739 5798 1864 5868 ἀνὲέ-

1982 4775 2153 4831 invito
2193 4775 2522 4846 praediorum
2551 4774 2778 4830 domino
2801 4817 2817 4843 ,
2869 4773 3147 4844 attigerit,
3199 4780 3335 4841 quot
3373 4770 3560 4826 acinos

1980 4870 2186 4926 ﬁcusve
2233 4871 2556 4938 sustulerit,
2598 4870 2822 4925 totidem
2854 4870 3039 4939 plagas
3080 4868 3332 4937 accipite.
3363 4883 3383 4917 ι
3433 4862 3559 4919 Haec

1980 4962 2127 5034 ipse,
2180 4963 2249 5019 ab
2291 4962 2384 5019 illa
2427 4962 2626 5019 mentis
2666 4976 2778 5018 suae
2813 4960 3187 5032 magnitudine
3227 4974 3358 5014 sane
3394 4974 3557 5029 quam

1975 5186 2230 5257 ψιότητος
2253 5185 2454 5257 ,πρὸς
2485 5186 2697 5257 ἀνδρῶν
2722 5202 2782 5239 τε
2816 5185 2910 5257 καί
2953 5182 3227 5257 γυναικῶν
3258 5184 3554 5257 προσήκων

1972 5253 2056 5336 τῶ
2082 5253 2500 5336 τελευτήσαντε·
2535 5253 2748 5336 πρῶτον
2786 5255 2884 5336 μέν
2921 5254 2981 5307 τὸ
3016 5256 3228 5336 μίασμα
3255 5253 3551 5336 εἰςηαύςτὸν,

1974 5322 2069 5379 καὶ
2110 5324 2210 5395 τὴν
2240 5322 2349 5379 τῶν
2386 5325 2524 5378 θεῶν
2564 5322 2761 5395 ἔχθραν
2788 5322 3045 5395 δέχοιτο,
3093 5322 3230 5395 ᾠςᾲή
3262 5322 3358 5375 τοῦ
3389 5323 3554 5393 νόμου

1972 5395 2081 5468 ἀρὰ
2123 5393 2220 5468 τὴν
2262 5397 2451 5467 φήμην
2483 5393 2891 5468 προτρέπεταιῖ
2914 5394 2975 5446 τὸ
3005 5394 3062 5446 δὲ
3099 5393 3370 5463 δεύτερον,
3420 5404 3551 5459 etc.;

1972 5465 2095 5536 quae
2142 5467 2214 5520 ita
2265 5465 2568 5522 decurtavit
2619 5465 2912 5533 Eusebius,
2966 5472 3029 5518 ut
3064 5478 3285 5518 sensum
3332 5479 3555 5532 quoque

1972 5537 2318 5624 ρεςξεςιεείιο
2464 5605 2478 5622 .

2045 5605 2156 5678 (95)
2199 5605 2379 5659 Ὅταν
2420 5605 2536 5673 τὴν
2567 5605 2867 5687 γενναίαν.
2910 5605 3054 5657 Idem
3109 5605 3126 5655 l

2045 5675 2247 5755 δέ.βὲίί
2267 5674 2345 5755 lia
2363 5674 2703 5755 "bibam"
2725 5672 2792 5755 ἒς
2820 5671 2866 5755 ξ’
2893 5671 2961 5725 δν
2984 5689 3041 5755 ττ
3072 5688 3129 5740 γ·

2062 5740 2149 5817 94)
2174 5743 2255 5811 Τῷ
2271 5747 2449 5813 λόγῳ.
2467 5740 2657 5801 Melius
2683 5742 2760 5813 τῷ
2782 5743 2952 5815 νόμῳ,
2988 5749 3049 5799 ut
3077 5741 3219 5813 apud
3235 5740 3541 5799 Platonem.

2633 5603 2867 5673 φαλαίαν.
2909 5601 3054 5673 idem
3109 5601 3203 5656 lib.
3256 5618 3354 5656 vru
3399 5600 3553 5673 Leg.,

1968 5689 2036 5744 pa
