4122 6416
519 377 657 434 £185

1153 379 1422 436 EUSEBII
1462 374 1943 438 CASSABIENSIS
1980 384 2146 456 OPPQ
2170 385 2352 443 PARS
2390 387 2452 445 li‘.
2503 421 2567 429 —
2592 385 3093 443 APOLOGETIGA.

3623 382 3771 437 1184

517 514 681 568 opere
709 514 839 554 sum:
872 508 1139 566 conatus,
1185 502 1346 557 nobis
1382 511 1443 557 ut
1496 504 1551 558 in
1603 513 1855 575 promptu
1904 515 2074 572 esset,

2187 504 2302 571 τοῖς
2334 508 2622 579 βαρϐάρων
2642 508 2953 579 γράμμασι,
2979 506 3078 575 τῆς
3104 501 3363 575 πατρῴας
3389 502 3483 556 καὶ
3509 481 3770 569 εὐγενοῦς

517 589 664 657 quod
694 589 800 644 illis
830 591 1145 660 responderi
1173 595 1534 664 excusarique
1559 603 1776 665 posset,
1813 596 1959 664 quia
1992 610 2083 650 no-

516 678 601 733 bis
628 678 788 748 vulgo
823 688 1074 749 qnaerunt
1093 720 1109 746 ,
1129 682 1257 750 quid
1280 692 1389 738 tam
1414 683 1733 753 praclarum
1754 690 1808 737 et
1824 684 2086 739 eximium

515 767 875 822 barbarorum
901 769 957 823 in
985 770 1179 826 litteris
1198 772 1521 838 viderimus,
1549 783 1610 827 ut
1651 788 1745 827 eas
1767 774 1954 842 patriae
1988 789 2087 829 no-

2192 598 2528 668 φιλοσοφίας,
2589 598 2691 669 τῆς
2740 596 3007 668 Ἑλλήνων
3061 595 3225 664 λέγω,
3285 592 3597 664 προκρίνειν
3624 590 3768 643 αὑτά

2191 686 2600 759 διανενοήμεθα.
2650 686 2808 740 Ἀλλά
2832 686 2939 759 γὰρ
2960 686 3059 757 ἤδη
3105 685 3172 739 δι’
3206 683 3380 755 ἔργων
3421 683 3456 752 ἡ
3492 679 3768 751 ἀπόδειξις

2191 779 2223 847 ἡ
2235 781 2323 848 μῖν
2352 780 2617 851 χωρείτω.

517 858 721 929 bilique
749 860 1058 918 Graecorum
1081 865 1439 936 philosophiae
1461 867 1870 935 anteponendas
1902 882 2028 923 esse
2068 874 2453 928 statueremus.
2510 871 2708 929 Verum
2748 871 2804 927 id
2857 887 2921 927 re
2962 872 3076 940 ipsa
3120 866 3346 940 jamjam
3388 864 3770 921 demonstrare

516 970 833 1029 pergamus.

1144 1051 1372 1109 CAPUT
1432 1053 1497 1108 ll.

584 1165 665 1220 De
688 1177 874 1221 mutua
904 1167 1227 1221 dissensione
1251 1184 1530 1238 pugnaque
1564 1167 2012 1238 philosophorum.

573 1324 655 1380 Ac
683 1327 816 1380 mihi
846 1327 1064 1396 quidem
1089 1336 1213 1383 ante
1237 1328 1420 1383 omnia
1448 1328 1532 1383 vel
1576 1344 1605 1383 a
1648 1328 1843 1398 primis
1885 1329 2084 1385 Graecae

516 1414 875 1485 philosophia:
900 1417 1067 1486 718
1089 1418 1373 1473 cunabulis
1403 1418 1794 1487 auspicandum
1832 1417 2079 1483 videtur,

518 1504 981 1574 quaerendumque
1012 1507 1311 1562 studiosius
1329 1548 1344 1575 ,
1366 1507 1461 1576 qui
1488 1509 1705 1562 tandem
1728 1507 2032 1577 philosophi
2061 1548 2078 1574 ,

516 1607 654 1662 quos
682 1593 936 1664 physicos
962 1610 1224 1650 vocamus
1245 1636 1261 1662 ,
1292 1608 1418 1650 ante
1441 1595 1719 1650 Platonem
1739 1596 2079 1661 exstiterint,

515 1690 569 1734 et
594 1682 899 1749 cujusmodi
929 1681 1168 1753 profecta
1193 1683 1263 1738 ab
1292 1683 1361 1738 iis
1378 1684 1663 1753 disciplina
1682 1684 1955 1754 principes
1975 1683 2073 1738 ba-

516 1772 715 1827 buerit.
743 1770 948 1827 Deinde
976 1774 1042 1828 ad
1067 1773 1311 1829 Platonis
1333 1789 1684 1831 successores
1707 1776 2010 1841 veniemus,
2030 1782 2084 1830 et

2712 1051 3105 1109 ΚΕΦΑΛΑΙΟΝ
3134 1052 3209 1105 B';

2187 1168 2324 1238 Περὶ
2352 1167 2463 1237 τῆς
2486 1167 2602 1221 τῶν
2632 1169 2984 1238 φιλοσόφων
3021 1166 3170 1238 πρὸς
3195 1164 3512 1233 ἀλλήλους
3544 1161 3768 1231 διαφω-

2674 1240 2811 1305 νίας
2833 1255 2896 1291 τε
2927 1238 3023 1290 καὶ
3050 1236 3270 1307 μάχης.

2264 1326 2536 1398 Ἠγοῦμαι
2569 1327 2625 1381 δὲ
2654 1328 2764 1381 δεῖν
2814 1325 3097 1397 πρώτιστα
3128 1325 3346 1379 πάντων
3370 1364 3386 1389 ,
3421 1319 3767 1377 ἀνωθενιάπὺ

2186 1420 2286 1490 τῆς
2317 1418 2539 1491 πρώτης
2567 1418 2870 1490 καταϐολῆς
2892 1418 3000 1472 τῶν
3036 1418 3167 1489 παρ’
3199 1416 3426 1485 Ἕλλησι
3456 1413 3765 1485 φιλοσόφων

2187 1507 2555 1578 ἀπάρξασθαι,
2586 1509 2822 1572 καὶτοὺς
2858 1508 3093 1581 πρόσθεν
3121 1507 3445 1578 ἢΠλάτωνα
3481 1505 3761 1569 γενέσθαι,

2189 1601 2448 1669 φυσικοὺς
2506 1599 2929 1672 ἑπικληθέντας,
2999 1599 3318 1670 φιλοσόφους
3381 1599 3761 1670 καταμαθεῖν,

2188 1691 2331 1754 τίνες
2349 1692 2479 1744 ποτὲ
2502 1692 2779 1761 γεγόνασι,
2805 1692 2899 1745 καὶ
2925 1691 3124 1744 ὁποίων
3147 1690 3333 1761 ἔτυχεν
3356 1693 3388 1761 ἡ
3414 1691 3532 1744 κατ’
3560 1690 3762 1751 αὐτοὺς

2191 1781 2476 1850 φιλοσοφία
2507 1779 2825 1852 προστατῶν
2851 1779 2946 1833 τοῦ
2974 1780 3154 1848 λόγου.
3207 1776 3318 1833 Εἶτ’
3367 1780 3460 1832 ἐπὶ
3503 1778 3605 1848 τὴν
3659 1778 3760 1830 τοῦ

514 1864 739 1933 quinam
774 1864 976 1920 fuerint
1011 1866 1114 1935 ipsi
1147 1881 1366 1936 quoque
1387 1907 1405 1933 ,
1437 1881 1711 1938 quamque
1734 1868 1916 1924 verbis
1940 1868 2074 1923 inter

2185 1870 2469 1934 Πλάτωνος
2496 1870 2785 1941 παρελθεῖν
2822 1869 3081 1941 ,διαδοχὴν
3101 1912 3117 1935 ,
3164 1870 3257 1924 καὶ
3290 1869 3434 1932 τίνες
3469 1871 3585 1921 ποτ’
3616 1863 3764 1938 ἦσαν

515 1968 575 2007 se
602 1954 679 2006 illi
711 1954 1103 2024 sententiisque
1141 1955 1533 2024 pugnaverint,
1566 1955 1895 2011 videbimus.
1942 1954 2083 2013 Tum

510 2052 831 2098 casterarum
856 2057 1074 2113 quoque
1098 2054 1377 2100 sectarum
1403 2045 1629 2102 dissidia
1646 2087 1662 2113 ,
1685 2056 1740 2102 et
1767 2048 2086 2117 discrepan-

466 2156 473 2163 σ
516 2132 648 2188 lium
705 2135 1023 2204 opinionum
1072 2135 1336 2193 factiones
1373 2137 1741 2206 intuebimur;
1789 2139 1844 2194 in
1881 2140 2084 2210 quibus

512 2224 756 2295 egregios
788 2240 919 2281 sane
945 2227 1156 2296 pugiles
1174 2266 1190 2292 ,
1225 2221 1432 2284 mutuis
1454 2244 1575 2286 sese
1605 2230 1778 2300 plagis
1805 2239 1859 2285 et
1886 2229 2083 2286 ictibus

513 2316 709 2371 acriter
730 2332 1098 2389 generoseque
1123 2320 1414 2377 tundentes
1432 2360 1449 2388 ,
1483 2322 1565 2378 sic
1594 2333 1854 2393 tanquam
1884 2325 1939 2380 in
1964 2339 2083 2379 see-

514 2422 584 2460 na
619 2410 1017 2477 spectatoribus
1059 2413 1507 2481 contemplandos
1553 2413 1836 2483 objiciam.
1889 2414 2079 2469 Enim-

510 2513 641 2553 vero
667 2498 946 2555 Platonem
987 2502 1043 2556 in
1075 2503 1269 2572 primis
1290 2504 1596 2560 videbimus
1626 2506 1938 2574 superiores
1960 2506 2083 2576 phi-

511 2589 768 2660 losophos
822 2592 1181 2662 irridentem,
1232 2605 1348 2651 tum
1408 2595 1650 2650 vicissim
1698 2594 1943 2653 Platonis
1994 2611 2084 2652 se-

508 2690 746 2739 ctatores
774 2693 1305 2756 atquesuccessores
1340 2687 1463 2743 aliis
1493 2688 1815 2758 vapulantes
1844 2708 1859 2745 :
1888 2704 2081 2746 rursus

507 2774 970 2845 quemadmodum
1006 2787 1062 2834 et
1113 2776 1358 2834 Platonis
1409 2778 1639 2834 studiosi
1689 2780 1950 2850 praeclara
1989 2781 2079 2835 illa

506 2866 869 2925 Aristotelicaa
903 2872 1106 2928 mentis
1151 2864 1317 2928 sensa
1340 2871 1705 2943 redarguant;
1734 2882 1790 2928 ct
1829 2873 1923 2944 qui
1960 2872 2083 2928 Ari-

506 2959 704 3015 stotele
728 2962 974 3032 principe
1007 2979 1073 3018 ac
1116 2961 1462 3034 Peripatetici
1480 2966 1703 3021 nomine
1745 2964 2083 3035 gloriantur,

505 3065 629 3119 quae
652 3066 684 3106 a
709 3056 997 3110 contraria:
1026 3053 1284 3112 factionis
1312 3056 1698 3116 defensoribus
1739 3056 2042 3118 alienuntur
2060 3098 2077 3124 ,

507 3143 655 3197 nulla
678 3158 799 3199 esse
825 3145 1225 3202 demonstrent.
1260 3147 1402 3215 Quin
1444 3151 1607 3205 etiam
1647 3166 1801 3207 acres
1851 3150 1975 3206 illis
2012 3163 2077 3205 ac

505 3228 731 3284 subtiles
768 3229 1077 3287 Stoicorum
1103 3210 1345 3305 argutias
1374 3237 1527 3293 illudi
1555 3240 1623 3293 ab
1645 3240 1857 3296 caeteris
1879 3255 1945 3295 ac
1976 3238 2076 3295 de-
2101 3210 2144 3270 θ

505 3318 673 3375 rideri
700 3321 946 3387 videbis,
1000 3325 1247 3396 adeoque
1286 3343 1477 3385 omnes
1508 3332 1780 3402 undique,
1828 3348 1951 3389 cum
1995 3334 2077 3387 vi-

502 3409 630 3465 cino
681 3427 954 3484 quemque
1004 3431 1140 3481 suo,
1191 3420 1414 3487 pulvere
1460 3437 1788 3493 conspersos
1836 3439 2073 3495 pugnam

504 3506 725 3553 strenue
754 3500 1068 3573 luctamque
1087 3520 1375 3563 conserere
1399 3527 1414 3563 :
1445 3510 1604 3580 quasi
1649 3511 1911 3567 manibus.
1928 3512 2075 3583 jam-

500 3589 612 3658 j'am
636 3629 650 3652 ,
673 3600 835 3661 atque
857 3593 1061 3665 lingua,
1093 3612 1187 3652 seu
1218 3599 1429 3655 calamo
1455 3602 1637 3671 potius
1661 3611 1717 3658 et
1742 3612 2072 3672 atramento,

505 3689 755 3735 mutuum
786 3683 842 3736 in
898 3698 1017 3740 sese
1066 3686 1269 3743 bellum
1318 3689 1682 3759 instruerent,
1731 3701 1901 3763 atque
1936 3694 2073 3750 alios

503 3771 635 3837 alii,
672 3773 999 3843 quibusdam
1048 3780 1205 3848 quasi
1248 3781 1676 3851 disputationum
1708 3784 1944 3855 iaculis,
1989 3795 2074 3840 at-

503 3878 611 3933 que
642 3866 798 3919 omni
852 3881 1131 3923 armorum
1185 3886 1382 3941 genere
1432 3874 1797 3932 vulnerarent.
1845 3874 2074 3932 Habebit

505 3954 742 4011 stadium
774 3973 997 4029 quoque
1046 3972 1297 4018 nostrum
1341 3965 1446 4021 hoc
1494 3967 1551 4021 in
1587 3969 1839 4038 gymnico
1895 3978 2071 4025 certa-

502 4045 681 4112 mine,
746 4059 943 4119 praater
992 4054 1336 4123 superiores,
1405 4058 1557 4113 omni
1615 4060 1843 4116 veritate
1894 4061 2071 4118 nudos

499 4138 731 4196 athletas
765 4141 889 4197 illos
910 4183 927 4209 ,
960 4145 1055 4213 qui
1078 4155 1269 4202 contra
1312 4149 1624 4206 universam
1663 4167 1854 4207 eorum
1877 4195 1893 4222 ,
1930 4169 2071 4225 quos

497 4229 841 4301 dogmaticos
872 4250 1163 4306 vocamus,
1188 4240 1639 4312 philosophorum
1668 4244 1884 4300 turbam
1915 4262 2069 4302 arma

497 4332 808 4391 sumpsere;
842 4323 1176 4396 Pyrrhonios
1196 4370 1211 4396 ,
1243 4331 1337 4401 qui
1367 4332 1505 4386 nihil
1540 4333 1795 4402 omnino,
1835 4334 2069 4406 Aristip-

497 4426 678 4480 paeos,
712 4415 807 4485 qui
838 4418 1012 4472 solum
1036 4420 1243 4478 doloris
1272 4438 1493 4479 sensum
1527 4425 1730 4496 percipi
1787 4442 1947 4497 posse
1979 4429 2065 4483 di-

496 4503 730 4572 cebant;
761 4515 817 4561 et
839 4506 1167 4577 Metrodori,
1192 4528 1258 4568 ac
1276 4513 1587 4587 Protagorae
1616 4526 1911 4575 sectatores
1935 4561 1951 4585 ,
1972 4521 2063 4590 qui

500 4597 627 4654 uuis
648 4606 862 4655 tantum
886 4606 1132 4674 corporis
1160 4607 1419 4664 sensibus
1441 4610 1601 4666 ﬁdem
1626 4610 1929 4667 habendam
1949 4628 2069 4669 esse

496 4692 808 4747 voluerunt.
839 4693 1177 4760 Quibuscum
1210 4701 1379 4757 altera
1423 4719 1485 4758 ex
1533 4712 1687 4773 parte
1744 4705 2066 4761 instructam

496 4779 836 4841 Parmenidis
864 4799 917 4841 et
939 4786 1294 4859 Xenophanis
1329 4795 1755 4865 discipulorum,
1800 4797 1896 4867 qui
1942 4813 2071 4852 scn-

496 4890 658 4929 suum
723 4876 829 4931 vim
895 4892 1114 4935 omnem
1169 4881 1416 4941 funditus
1471 4887 1835 4954 sustulerunt,
1892 4889 2067 4943 aciem

495 4965 922 5025 committemus.
958 4969 1073 5025 lmo
1104 4989 1171 5027 ne
1194 4973 1343 5044 ipsos
1365 4977 1583 5047 quidem
1615 4966 1908 5047 voluptatis
1940 4994 2068 5049 pro-

498 5067 825 5127 pugnatores
858 5066 1363 5137 praetermittemus,
1397 5070 1494 5125 sed
1530 5086 1720 5127 corum
1751 5072 1933 5141 potius
1965 5088 2065 5126 an-

496 5149 838 5220 tesignanum
887 5153 1181 5226 Epicurum
1234 5161 1301 5215 ad
1354 5171 1578 5217 czeteros
1625 5164 2061 5235 aggregabimus.

493 5240 759 5298 Caeterum
792 5247 1036 5315 quolibet
1082 5251 1136 5303 in
1178 5254 1496 5321 quaestionis
1534 5271 1762 5326 genere,
1804 5258 1919 5314 suis
1954 5258 2058 5328 ipsi

493 5330 588 5385 abs
610 5348 696 5388 me
728 5336 852 5392 telis
883 5342 1160 5412 armisque
1211 5344 1595 5402 refutabuntur
1621 5368 1635 5402 :
1663 5348 1827 5419 719
1861 5350 2063 5420 quique

494 5420 848 5490 [’hysicorum
890 5442 1309 5501 cognomentum
1361 5437 1606 5506 habent,
1652 5441 1848 5495 horum
1898 5444 2062 5498 simul

492 5516 733 5571 omnium
757 5527 812 5574 et
854 5520 908 5575 in
960 5524 1209 5581 doctrina
1258 5528 1559 5598 dissensio,
1602 5540 1656 5587 et
1688 5532 1869 5588 inanis
1894 5537 2059 5589 studii

491 5603 792 5676 Irivolaque
820 5617 1099 5671 contentio
1144 5619 1470 5688 proferetur.
1517 5625 1696 5695 Atque
1737 5625 1788 5680 id
1825 5626 1923 5682 abs
1973 5643 2059 5682 me

492 5698 580 5752 lict
601 5739 616 5763 ,
651 5715 761 5755 non
791 5705 902 5760 ullo
929 5724 1064 5765 sane
1089 5721 1185 5767 aut
1213 5712 1387 5771 Graeci
1419 5718 1657 5773 nominis
1678 5760 1692 5784 ,
1718 5727 1814 5773 aut
1857 5720 2057 5774 libera-

489 5787 554 5845 lis
583 5792 905 5854 eruditionis
928 5800 1093 5872 odio,
1129 5817 1159 5857 a
1197 5820 1307 5874 quo
1331 5809 1525 5865 absum
1569 5809 1923 5880 longissime,
1961 5814 2053 5869 sed

2186 1960 2287 2019 και
2310 1964 2437 2027 οἵδε,
2479 1963 2578 2026 τάς
2610 1980 2670 2015 τε
2701 1960 2836 2033 πρὸς
2886 1960 3148 2034 ἀλλήλους
3201 1963 3534 2033 λογομαχίας
3577 1962 3763 2015 αὐτῶν

2183 2053 2613 2124 ἐπισκέψασθαιο
2653 2055 3022 2127 ὲπιθεωρῆσαι
3054 2054 3110 2106 δὲ
3145 2053 3365 2108 καὶτῶν
3394 2053 3567 2107 ἄλλων
3606 2052 3773 2123 αίρές

2184 2161 2323 2197 σεων
2343 2144 2441 2207 τάς
2475 2144 2806 2208 διαστάσεις,
2831 2145 2941 2197 τῶν
2970 2162 3029 2198 τε
3060 2143 3227 2208 δοξῶν
3248 2144 3346 2208 τάς
3365 2146 3764 2198 ἀντικαταστά-

2185 2254 2319 2302 σεις,
2348 2238 2404 2290 ὲν
2430 2232 2519 2301 αἷς
2544 2237 2911 2301 πυκτεύοντας
2943 2238 3066 2300 τοὺς
3087 2237 3384 2304 γενναίους,
3420 2238 3512 2291 καὶ
3555 2239 3764 2307 φιλοτίτ

2186 2346 2302 2399 μως
2356 2328 2938 2400 διαπληκτιζομένους,
3000 2328 3188 2400 ὥσπερ
3242 2329 3335 2382 ἐπὶ
3381 2330 3588 2399 σκηνῆς
3643 2332 3764 2394 τοῖς

2183 2418 2396 2483 θεαταῖς
2429 2420 2752 2491 παραδείξω.
2786 2421 2992 2473 Αὐτίκα
3036 2420 3165 2488 γοῦν
3218 2420 3361 2490 μάλα
3409 2418 3777 2490 θεασώμεθα,,

2181 2510 2328 2574 ὅπως
2357 2512 2455 2581 μὲν
2484 2514 2512 2564 ὁ
2546 2512 2769 2565 Πλάτων
2809 2513 2934 2575 τοὺς
2960 2512 3065 2583 πρὸ
3091 2511 3255 2564 αὐτοῦ
3291 2511 3539 2583 πρώτους
3578 2513 3762 2566 ἔσκω-

2182 2617 2335 2667 πτεν,
2364 2602 2513 2666 ὅπως
2533 2603 2590 2656 δὲ
2629 2603 2753 2666 τοὺς
2782 2602 3068 2669 Πλάτωνος
3089 2605 3322 2668 οἰκείους
3350 2622 3408 2658 τε
3454 2606 3547 2658 καὶ
3577 2605 3763 2659 διαδό-

2178 2712 2308 2764 χους
2334 2695 2480 2750 ἄλλοι
2499 2713 2512 2725 ·
2536 2695 2632 2748 καὶ
2661 2690 2727 2749 αὖ
2759 2696 3097 2761 πάλινόπως
3124 2699 3174 2750 οἰ
3200 2697 3484 2761 Πλάτωνος
3526 2698 3762 2769 ἑταῖροι,

2178 2785 2248 2840 τά
2285 2787 2423 2854 σοφά
2461 2788 2560 2856 τῆς
2616 2788 3017 2859 Ἀριστοτέλους
3064 2789 3350 2853 πολυνοίας
3408 2789 3758 2861 ἀπήλεγχονέ

2178 2877 2325 2942 ὅπως
2352 2879 2398 2932 θ’
2426 2881 2474 2932 οἱ
2502 2880 2595 2934 τὸν
2630 2880 3007 2952 Ἀριστοτέλην
3038 2882 3132 2935 καὶ
3170 2882 3260 2935 τὸν
3312 2882 3622 2954 Περίπατον
3654 2882 3762 2941 αὐ-

2177 2969 2417 3040 χοῦντες,
2453 2970 2519 3027 τὰ
2547 2969 2809 3028 δοκοῦντα
2833 2974 2946 3035 τοῖς
2971 2972 3075 3042 τὴν
3091 2973 3338 3026 ἐναντίαν
3392 2973 3772 3045 πρεσϐεύουσι

2175 3060 2238 3114 τὸ
2269 3062 2435 3133 μηδὲν
2460 3062 2588 3116 ὄντα
2621 3062 2919 3136 παρίστων.
2953 3065 3063 3118 Καὶ
3091 3065 3157 3118 τά
3177 3065 3327 3119 δεινά
3345 3065 3402 3119 δὲ
3428 3066 3523 3120 καὶ
3549 3067 3758 3138 ἀκριὸἦ

2175 3153 2274 3225 τῆς
2305 3154 2411 3207 τῶν
2444 3154 2696 3208 Στωϊκῶν
2724 3154 3077 3224 λεπτολογίας
3105 3157 3193 3225 ὑφ’
3227 3157 3429 3230 ἐτέρων
3472 3153 3539 3212 αὖ
3591 3158 3760 3212 πάλιν

2174 3245 2295 3301 ὄψει
2322 3245 2766 3317 καταγελώμενα,
2794 3247 3001 3311 πάντας
3026 3265 3085 3301 τε
3111 3249 3447 3319 πανταχόθεν
3472 3249 3625 3311 κατά
3646 3250 3759 3303 τῶν

2176 3338 2346 3404 πέλας
2373 3339 2735 3408 κονιομένους,
2767 3339 2862 3393 καὶ
2896 3339 3077 3411 μάχην
3113 3341 3209 3395 καὶ
3253 3342 3429 3413 πάλην
3484 3341 3757 3413 ἀνδρικώ-

2173 3448 2312 3485 τατα
2339 3432 2778 3504 συνισταμένους,
2808 3431 2883 3495 ὡς
2903 3431 2990 3485 διὰ
3015 3432 3215 3503 χειρῶν
3243 3433 3346 3505 ήδη
3370 3434 3466 3487 καὶ
3481 3433 3765 3505 γλώττης,

2172 3526 2210 3594 ἢ
2248 3526 2445 3597 μᾶλλον
2462 3526 2549 3579 διὰ
2574 3527 2819 3597 καλάμου
2851 3526 2946 3581 καὶ
2984 3527 3242 3599 μέλανος,
3293 3527 3377 3580 τὸν
3410 3527 3553 3582 κατὰ
3584 3528 3757 3600 ἀλλή-

2172 3614 2279 3670 λων
2311 3616 2506 3679 αὐτοὺς
2538 3617 2773 3688 πόλεμον
2799 3617 3246 3689 ὲπιτειχίζεσθαι,
3280 3620 3564 3690 μονονουχὶ
3619 3618 3771 3691 βάλε

2173 3706 2364 3770 λοντας
2395 3708 2488 3761 καὶ
2513 3708 2868 3780 βαλλομένους
2892 3714 3004 3776 τοῖς
3033 3709 3122 3764 διὰ
3147 3711 3320 3781 λόγων
3345 3712 3537 3782 δόρασί
3564 3730 3624 3765 τε
3658 3714 3761 3768 καὶ

2174 3801 2545 3870 παντευχίαις.
2583 3801 2829 3873 Περιέξει
2856 3802 2900 3857 δ’
2930 3805 3060 3875 ἡμῖν
3089 3802 3151 3856 τὸ
3174 3803 3388 3857 στάδιον
3424 3805 3483 3857 ἐν
3535 3805 3614 3875 τῷ
3654 3823 3758 3875 γυ-

2175 3889 2350 3972 μνικῷ
2374 3892 2508 3963 τῷδε
2542 3892 2730 3961 ἀγῶνι,
2760 3896 2999 3965 γυμνοὺς
3029 3895 3284 3967 ἀληθείας
3316 3895 3533 3967 eum;
3555 3936 3571 3961 ,
3612 3897 3757 3968 πρὸς

2168 3984 2282 4046 τοῖς
2319 3982 2601 4051 δηλωθεῖσι
2626 3986 2721 4037 καὶ
2749 3985 2872 4049 τοὺς
2895 3989 3060 4040 πᾶσιν
3096 3987 3231 4058 ὁμοῦ
3263 3990 3375 4052 τοῖς
3398 3988 3756 4059 δογματικοῖς

2172 4073 2480 4142 φιλοσόφοις
2513 4074 2822 4140 ἐξεναντίας
2849 4077 3157 4148 ἀραμένους
3179 4077 3247 4132 τὰ
3267 4078 3426 4145 ὅπλα,
3452 4080 3581 4144 τοὺς
3605 4080 3756 4150 ἀμφὶ

2170 4161 2441 4234 Πύρρωνα
2471 4163 2634 4233 λέγω,
2674 4165 2838 4237 μηδὲν
2876 4162 3015 4220 εἶναι
3048 4166 3392 4237 καταληπτὸν
3434 4170 3493 4221 ὲν
3534 4167 3751 4237 ἀνθρώ-

2168 4270 2291 4316 ποις
2317 4253 2766 4325 ἀποφηναμένους
2788 4272 2801 4286 ·
2835 4256 2929 4309 καὶ
2950 4256 3076 4321 τούς
3112 4273 3172 4309 τε
3214 4259 3335 4311 κατ’
3369 4258 3751 4328 Ἀρίστιππον,

2172 4344 2308 4410 μόνα
2334 4343 2591 4413 λέγοντας
2622 4345 2689 4399 τὰ
2714 4346 2862 4416 πάθη
2892 4342 3032 4401 εἶναι
3060 4348 3412 4420 καταληπτά·
3437 4350 3533 4403 καὶ
3555 4346 3621 4403 αὖ
3651 4350 3755 4403 πά-

2167 4432 2251 4486 λιν
2280 4435 2407 4496 τοὺς
2436 4433 2576 4488 κατά
2604 4437 2964 4508 Μητρόδωρον
2997 4439 3090 4493 καὶ
3127 4440 3521 4512 Πρωταγόραν,
3558 4441 3754 4512 μόναις

2169 4524 2279 4579 δεῖν
2300 4526 2604 4595 φάσκοντας
2622 4531 2741 4591 ταῖς
2754 4528 2846 4581 τοῦ
2872 4528 3120 4601 σώματος
3142 4531 3427 4602 αἰσθήσεσι
3448 4532 3748 4588 πιστεύειν.

2176 4617 2452 4689 Ἔμπαλιν
2474 4619 2529 4672 δὲ
2562 4620 2771 4684 τούτοις
2800 4621 3237 4693 συναποδύσομεν
3263 4624 3386 4686 τοὺς
3413 4623 3559 4693 ἀμφὶ¹
3588 4624 3752 4677 Ξενο-

2170 4712 2345 4782 φάνην
2377 4714 2472 4766 καὶ
2500 4713 2844 4784 Παρμενίδην
2865 4754 2880 4779 ,
2920 4714 3018 4786 τὴν
3064 4716 3312 4768 ἐναντίαν
3358 4715 3753 4786 παραταξαμέ-

2167 4820 2310 4869 νους,
2336 4804 2434 4858 καὶ
2457 4803 2556 4867 τὰς
2575 4798 2850 4877 αἰσθήσεις
2873 4805 3178 4869 ἀνελόντας.
3208 4806 3282 4859 Οὐ
3332 4807 3654 4879 παρήσομεν
3691 4808 3751 4862 δὲ

2167 4894 2286 4949 οὐδὲ
2310 4895 2438 4958 τοὺς
2478 4895 2577 4961 τῆς
2610 4895 2797 4966 ἶιδονῆς
2829 4896 3165 4967 προμάχους,
3200 4896 3337 4951 ἀλλά
3391 4897 3487 4950 καὶ
3537 4897 3750 4952 τούτων

2165 4985 2257 5039 τὸν
2284 4986 2510 5057 ἀριστέα
2547 4986 2865 5057 Ἐπίκουρον
2906 4988 3001 5039 σὺν
3033 4989 3147 5050 τοῖς
3196 4987 3509 5058 εἰρημένοις
3569 5004 3745 5042 κατα-

2168 5076 2413 5148 λέξομεν.
2457 5079 2603 5150 Πρὸς
2645 5079 2855 5132 ἅπαντα
2886 5078 2941 5131 δὲ
2975 5078 3108 5149 ὁμοῦ
3164 5081 3275 5142 τοῖς
3310 5079 3595 5151 σφετέροις
3649 5081 3751 5133 αὑ-

2165 5169 2274 5225 τῶν
2336 5169 2512 5241 βέλεσι
2569 5171 2660 5226 τὸν
2719 5173 2839 5225 κατ’
2880 5170 3058 5224 αὐτῶν
3109 5170 3473 5242 ἀντιθήσομεν
3498 5171 3743 5241 ἔλεγχον.

2164 5260 2276 5313 Καὶ
2307 5260 2415 5314 τῶν
2447 5260 2676 5330 ἐπίκλην
2696 5259 2753 5313 δὲ
2783 5261 3031 5314 Φυσικῶν
3059 5261 3313 5315 ἁπάντων
3334 5260 3471 5332 ὁμοῦ
3493 5302 3508 5327 ,
3540 5263 3652 5314 τῶν
3683 5280 3745 5317 τε

2161 5353 2445 5424 δογμάτων
2470 5352 2568 5418 τάς
2598 5353 2909 5423 διαφωνίας,
2934 5355 3028 5407 καὶ
3050 5354 3148 5425 τῆς
3174 5353 3410 5424 σπουδῆς
3442 5355 3541 5427 τὴν
3570 5356 3746 5426 ἀχρη-

2164 5445 2488 5515 στομάθειαν
2542 5448 2621 5510 εἰς
2651 5446 2886 5517 Φανερὸν
2917 5445 3048 5499 οἴσω
3071 5463 3084 5475 ·
3117 5444 3177 5497 οὗ
3209 5446 3262 5498 τί
3316 5462 3421 5499 που
3458 5446 3742 5519 μισέλλην,

2161 5537 2283 5589 οὐδὲ
2314 5537 2596 5607 μισολόγος
2624 5555 2710 5601 τις
2739 5537 2836 5600 ὢν,
2864 5537 3060 5590 πολλοῦ
3094 5537 3197 5590 δέω
3216 5577 3231 5601 ,
3277 5537 3529 5609 διαϐολῆς
3570 5539 3617 5592 δ’
3650 5541 3744 5593 αί-

2160 5628 2283 5681 τίαν
2314 5628 2701 5701 ἀπολυόμενος,
2735 5630 2818 5682 ὅτι
2840 5629 2904 5701 δὴ
2929 5629 3029 5699 τῆς
3071 5628 3388 5701 Ἑλληνικῆς
3419 5630 3622 5702 ἥκιστα
3651 5648 3743 5684 σο-

2162 5720 2291 5790 φίας
2326 5722 2804 5795 μεταποιηθέντες,
2839 5720 2906 5776 τὰ
2957 5721 3220 5794 Ἑϐραίων
3272 5723 3428 5795 λόγια
3487 5740 3743 5796 προτετι-

2166 5814 2434 5883 μήκαμεν.

3690 6372 3703 6383 .ι
3766 6348 3835 6363 ri"
3864 6354 3869 6359 ὁ
4002 6370 4007 6373 ‘

3504 6394 3537 6399 ,γι
3562 6394 3611 6405 .,.
3634 6336 4059 6416 κώ
