  <div class='ocr_page' id='page_1' title='image "/cluster/home/n/w/nwhite01/storage/ocr_20150623/21:no.3/coo.31924054873017/608.png"; bbox 0 0 4122 6410; ppageno 0'>
   <div class='ocr_carea' id='block_1_1' title="bbox 345 339 494 401">
    <p class='ocr_par' dir='ltr' id='par_1_1' title="bbox 345 339 494 401">
     <span class='ocr_line' id='line_1_1' title="bbox 345 339 494 401; baseline 0.007 -3"><span class='ocrx_word' id='word_1_1' title='bbox 345 339 494 401; x_wconf 59' lang='grc'><strong>⁸1188</strong></span> 
     </span>
    </p>
   </div>
   <div class='ocr_carea' id='block_1_2' title="bbox 1460 329 2473 398">
    <p class='ocr_par' dir='ltr' id='par_1_2' title="bbox 1460 329 2473 398">
     <span class='ocr_line' id='line_1_2' title="bbox 1460 329 2473 398; baseline 0.007 -7"><span class='ocrx_word' id='word_1_2' title='bbox 1460 356 1465 367; x_wconf 68' lang='grc' dir='ltr'>ί</span> <span class='ocrx_word' id='word_1_3' title='bbox 1508 330 1832 392; x_wconf 60' lang='grc' dir='ltr'><strong>ΡΒτΕΡΑΪὶ.</strong></span> <span class='ocrx_word' id='word_1_4' title='bbox 1868 329 2120 395; x_wconf 83' lang='lat' dir='ltr'><strong>EVANG.</strong></span> <span class='ocrx_word' id='word_1_5' title='bbox 2158 334 2291 396; x_wconf 71' lang='lat' dir='ltr'><strong>LIB.</strong></span> <span class='ocrx_word' id='word_1_6' title='bbox 2334 336 2473 398; x_wconf 65' lang='lat' dir='ltr'><strong>XIV.</strong></span> 
     </span>
    </p>
   </div>
   <div class='ocr_carea' id='block_1_3' title="bbox 3460 348 3596 403">
    <p class='ocr_par' dir='ltr' id='par_1_3' title="bbox 3460 348 3596 403">
     <span class='ocr_line' id='line_1_3' title="bbox 3460 348 3596 403; baseline 0.022 -3"><span class='ocrx_word' id='word_1_7' title='bbox 3460 348 3596 403; x_wconf 73' lang='grc'><strong>1186</strong></span> 
     </span>
    </p>
   </div>
   <div class='ocr_carea' id='block_1_4' title="bbox 353 457 3596 536">
    <p class='ocr_par' dir='ltr' id='par_1_4' title="bbox 353 457 3596 536">
     <span class='ocr_line' id='line_1_4' title="bbox 353 457 3596 536; baseline 0.001 -18"><span class='ocrx_word' id='word_1_8' title='bbox 353 472 564 519; x_wconf 89' lang='lat' dir='ltr'><strong>tantum</strong></span> <span class='ocrx_word' id='word_1_9' title='bbox 591 457 862 518; x_wconf 84' lang='lat' dir='ltr'><strong>ntillusut</strong></span> <span class='ocrx_word' id='word_1_10' title='bbox 905 461 967 518; x_wconf 86' lang='lat' dir='ltr'><strong>&#39;ei</strong></span> <span class='ocrx_word' id='word_1_11' title='bbox 1024 460 1311 517; x_wconf 81' lang='lat' dir='ltr'><strong>calumniae</strong></span> <span class='ocrx_word' id='word_1_12' title='bbox 1351 460 1505 516; x_wconf 92' lang='lat' dir='ltr'><strong>locus</strong></span> <span class='ocrx_word' id='word_1_13' title='bbox 1550 461 1922 531; x_wconf 76' lang='lat' dir='ltr'><strong>relinquatur,</strong></span> <span class='ocrx_word' id='word_1_14' title='bbox 1959 463 2117 531; x_wconf 87' lang='lat' dir='ltr'><strong>quasi</strong></span> <span class='ocrx_word' id='word_1_15' title='bbox 2145 462 2332 519; x_wconf 65' lang='lat' dir='ltr'><strong>Graeca</strong></span> <span class='ocrx_word' id='word_1_16' title='bbox 2376 467 2432 518; x_wconf 91' lang='lat' dir='ltr'><strong>in</strong></span> <span class='ocrx_word' id='word_1_17' title='bbox 2467 466 2731 536; x_wconf 72' lang='lat' dir='ltr'><strong>sapientia</strong></span> <span class='ocrx_word' id='word_1_18' title='bbox 2769 479 2961 536; x_wconf 90' lang='lat' dir='ltr'><strong>parum</strong></span> <span class='ocrx_word' id='word_1_19' title='bbox 3016 463 3307 519; x_wconf 86' lang='lat' dir='ltr'><strong>admodum</strong></span> <span class='ocrx_word' id='word_1_20' title='bbox 3354 466 3596 523; x_wconf 78' lang='lat' dir='ltr'><strong>studiose</strong></span> 
     </span>
    </p>
   </div>
   <div class='ocr_carea' id='block_1_5' title="bbox 342 553 2237 626">
    <p class='ocr_par' dir='ltr' id='par_1_5' title="bbox 342 553 2237 626">
     <span class='ocr_line' id='line_1_5' title="bbox 342 553 2237 626; baseline 0.001 -16"><span class='ocrx_word' id='word_1_21' title='bbox 342 555 582 621; x_wconf 69' lang='lat' dir='ltr'><strong>versati,</strong></span> <span class='ocrx_word' id='word_1_22' title='bbox 611 553 964 609; x_wconf 57' lang='lat' dir='ltr'><strong>Hebraeorum</strong></span> <span class='ocrx_word' id='word_1_23' title='bbox 1003 556 1056 612; x_wconf 89' lang='lat' dir='ltr'><strong>ei</strong></span> <span class='ocrx_word' id='word_1_24' title='bbox 1099 556 1308 610; x_wconf 85' lang='lat' dir='ltr'><strong>litteras</strong></span> <span class='ocrx_word' id='word_1_25' title='bbox 1362 555 1775 625; x_wconf 84' lang='lat' dir='ltr'><strong>doctrinamque</strong></span> <span class='ocrx_word' id='word_1_26' title='bbox 1816 558 2237 626; x_wconf 74' lang='lat' dir='ltr'><strong>praetulerimus.</strong></span> 
     </span>
    </p>
   </div>
   <div class='ocr_carea' id='block_1_6' title="bbox 876 650 1395 705">
    <p class='ocr_par' dir='ltr' id='par_1_6' title="bbox 876 650 1395 705">
     <span class='ocr_line' id='line_1_6' title="bbox 876 650 1395 705; baseline -0.004 0"><span class='ocrx_word' id='word_1_27' title='bbox 876 650 1272 705; x_wconf 79' lang='grc' dir='ltr'><strong>ΚΕΦΑΛΑΙΟΝ</strong></span> <span class='ocrx_word' id='word_1_28' title='bbox 1319 651 1395 703; x_wconf 76' lang='grc' dir='ltr'>Ρ.</span> 
     </span>
    </p>
   </div>
   <div class='ocr_carea' id='block_1_7' title="bbox 453 737 1800 809">
    <p class='ocr_par' dir='ltr' id='par_1_7' title="bbox 453 737 1800 809">
     <span class='ocr_line' id='line_1_7' title="bbox 453 737 1800 809; baseline -0.001 -16"><span class='ocrx_word' id='word_1_29' title='bbox 453 739 594 808; x_wconf 75' lang='grc' dir='ltr'>Περὶ</span> <span class='ocrx_word' id='word_1_30' title='bbox 635 738 742 809; x_wconf 84' lang='grc' dir='ltr'><strong>τῆς</strong></span> <span class='ocrx_word' id='word_1_31' title='bbox 775 737 894 793; x_wconf 78' lang='grc' dir='ltr'><strong>τῶν</strong></span> <span class='ocrx_word' id='word_1_32' title='bbox 924 743 1050 795; x_wconf 84' lang='grc' dir='ltr'>καθ’</span> <span class='ocrx_word' id='word_1_33' title='bbox 1096 741 1394 808; x_wconf 79' lang='grc' dir='ltr'>Ἐϐραίους</span> <span class='ocrx_word' id='word_1_34' title='bbox 1431 741 1800 809; x_wconf 68' lang='grc' dir='ltr'>συμφωνίας.</span> 
     </span>
    </p>
   </div>
   <div class='ocr_carea' id='block_1_8' title="bbox 422 830 1922 903">
    <p class='ocr_par' dir='ltr' id='par_1_8' title="bbox 422 830 1922 903">
     <span class='ocr_line' id='line_1_8' title="bbox 422 830 1922 903; baseline 0.002 -21"><span class='ocrx_word' id='word_1_35' title='bbox 422 833 484 883; x_wconf 80' lang='grc' dir='ltr'>υἱ</span> <span class='ocrx_word' id='word_1_36' title='bbox 519 831 618 903; x_wconf 84' lang='grc' dir='ltr'><strong>μέν</strong></span> <span class='ocrx_word' id='word_1_37' title='bbox 644 849 706 900; x_wconf 88' lang='grc' dir='ltr'><strong>γε</strong></span> <span class='ocrx_word' id='word_1_38' title='bbox 746 832 984 903; x_wconf 82' lang='grc' dir='ltr'>Ἑϐραῖοι</span> <span class='ocrx_word' id='word_1_39' title='bbox 1015 832 1219 886; x_wconf 81' lang='grc' dir='ltr'>ἄνωθεν</span> <span class='ocrx_word' id='word_1_40' title='bbox 1246 831 1304 899; x_wconf 83' lang='grc' dir='ltr'>ἐξ</span> <span class='ocrx_word' id='word_1_41' title='bbox 1338 832 1532 894; x_wconf 76' lang='grc' dir='ltr'>αἰῶνος</span> <span class='ocrx_word' id='word_1_42' title='bbox 1561 830 1793 902; x_wconf 80' lang='grc' dir='ltr'><strong>μακροῦ,</strong></span> <span class='ocrx_word' id='word_1_43' title='bbox 1829 832 1922 886; x_wconf 67' lang='grc' dir='ltr'>καὶ</span> 
     </span>
    </p>
   </div>
   <div class='ocr_carea' id='block_1_9' title="bbox 339 921 1917 995">
    <p class='ocr_par' dir='ltr' id='par_1_9' title="bbox 339 921 1917 995">
     <span class='ocr_line' id='line_1_9' title="bbox 339 921 1917 995; baseline 0.001 -21"><span class='ocrx_word' id='word_1_44' title='bbox 339 921 537 991; x_wconf 72' lang='grc' dir='ltr'>αὐτῆς,</span> <span class='ocrx_word' id='word_1_45' title='bbox 569 923 644 985; x_wconf 82' lang='grc' dir='ltr'>ὡς</span> <span class='ocrx_word' id='word_1_46' title='bbox 666 922 794 986; x_wconf 75' lang='grc' dir='ltr'>ἔπος</span> <span class='ocrx_word' id='word_1_47' title='bbox 831 924 1025 986; x_wconf 80' lang='grc' dir='ltr'>εἰπεῖν,</span> <span class='ocrx_word' id='word_1_48' title='bbox 1058 923 1165 976; x_wconf 85' lang='grc' dir='ltr'><strong>ἀπὸ</strong></span> <span class='ocrx_word' id='word_1_49' title='bbox 1204 922 1426 995; x_wconf 79' lang='grc' dir='ltr'><strong>πρώτης</strong></span> <span class='ocrx_word' id='word_1_50' title='bbox 1458 923 1917 993; x_wconf 84' lang='grc' dir='ltr'>ἀνθρωπογονίας,</span> 
     </span>
    </p>
   </div>
   <div class='ocr_carea' id='block_1_10' title="bbox 335 1012 1916 1088">
    <p class='ocr_par' dir='ltr' id='par_1_10' title="bbox 335 1012 1916 1088">
     <span class='ocr_line' id='line_1_10' title="bbox 335 1012 1916 1088; baseline 0.003 -24"><span class='ocrx_word' id='word_1_51' title='bbox 335 1012 443 1084; x_wconf 72' lang='grc' dir='ltr'><strong>τὴν</strong></span> <span class='ocrx_word' id='word_1_52' title='bbox 500 1014 671 1086; x_wconf 82' lang='grc' dir='ltr'>ἀληθῆ</span> <span class='ocrx_word' id='word_1_53' title='bbox 729 1015 822 1069; x_wconf 79' lang='grc' dir='ltr'><strong>καὶ</strong></span> <span class='ocrx_word' id='word_1_54' title='bbox 853 1015 1048 1086; x_wconf 81' lang='grc' dir='ltr'>εὐσεϐῆ</span> <span class='ocrx_word' id='word_1_55' title='bbox 1095 1016 1410 1086; x_wconf 81' lang='grc' dir='ltr'>φιλοσοφίαν</span> <span class='ocrx_word' id='word_1_56' title='bbox 1468 1016 1916 1088; x_wconf 86' lang='grc' dir='ltr'>ἀνηρευνηκότες,</span> 
     </span>
    </p>
   </div>
   <div class='ocr_carea' id='block_1_11' title="bbox 346 1106 1917 1181">
    <p class='ocr_par' dir='ltr' id='par_1_11' title="bbox 346 1106 1917 1181">
     <span class='ocr_line' id='line_1_11' title="bbox 346 1106 1917 1181; baseline 0.001 -22"><span class='ocrx_word' id='word_1_57' title='bbox 346 1107 618 1178; x_wconf 87' lang='grc' dir='ltr'>ἀκήρατον</span> <span class='ocrx_word' id='word_1_58' title='bbox 650 1106 743 1161; x_wconf 75' lang='grc' dir='ltr'><strong>καὶ</strong></span> <span class='ocrx_word' id='word_1_59' title='bbox 766 1108 858 1160; x_wconf 73' lang='grc' dir='ltr'>ἐπὶ</span> <span class='ocrx_word' id='word_1_60' title='bbox 888 1108 1013 1171; x_wconf 77' lang='grc' dir='ltr'>τοὺς</span> <span class='ocrx_word' id='word_1_61' title='bbox 1046 1106 1335 1178; x_wconf 86' lang='grc' dir='ltr'>μετέπειτα</span> <span class='ocrx_word' id='word_1_62' title='bbox 1360 1107 1565 1179; x_wconf 85' lang='grc' dir='ltr'>ταύτην</span> <span class='ocrx_word' id='word_1_63' title='bbox 1597 1108 1917 1181; x_wconf 86' lang='grc' dir='ltr'>διατετηρή-</span> 
     </span>
    </p>
   </div>
   <div class='ocr_carea' id='block_1_12' title="bbox 335 1197 1919 1270">
    <p class='ocr_par' dir='ltr' id='par_1_12' title="bbox 335 1197 1919 1270">
     <span class='ocr_line' id='line_1_12' title="bbox 335 1197 1919 1270; baseline 0.003 -21"><span class='ocrx_word' id='word_1_64' title='bbox 335 1213 495 1263; x_wconf 75' lang='grc' dir='ltr'><strong>⁸κασι,</strong></span> <span class='ocrx_word' id='word_1_65' title='bbox 521 1200 649 1259; x_wconf 83' lang='grc' dir='ltr'>παῖς</span> <span class='ocrx_word' id='word_1_66' title='bbox 687 1197 837 1267; x_wconf 85' lang='grc' dir='ltr'><strong>παρά</strong></span> <span class='ocrx_word' id='word_1_67' title='bbox 885 1198 1092 1269; x_wconf 82' lang='grc' dir='ltr'>πατρὸς</span> <span class='ocrx_word' id='word_1_68' title='bbox 1144 1198 1411 1269; x_wconf 81' lang='grc' dir='ltr'>θησαυρὸν</span> <span class='ocrx_word' id='word_1_69' title='bbox 1458 1198 1630 1267; x_wconf 87' lang='grc' dir='ltr'>λόγων</span> <span class='ocrx_word' id='word_1_70' title='bbox 1662 1200 1919 1270; x_wconf 81' lang='grc' dir='ltr'><strong>ἀληθείας</strong></span> 
     </span>
    </p>
   </div>
   <div class='ocr_carea' id='block_1_13' title="bbox 337 1287 1914 1361">
    <p class='ocr_par' dir='ltr' id='par_1_13' title="bbox 337 1287 1914 1361">
     <span class='ocr_line' id='line_1_13' title="bbox 337 1287 1914 1361; baseline 0.003 -20"><span class='ocrx_word' id='word_1_71' title='bbox 337 1288 729 1358; x_wconf 73' lang='grc' dir='ltr'>ὑποδεξάμενοί</span> <span class='ocrx_word' id='word_1_72' title='bbox 758 1306 816 1341; x_wconf 87' lang='grc' dir='ltr'><strong>τε</strong></span> <span class='ocrx_word' id='word_1_73' title='bbox 847 1289 941 1342; x_wconf 80' lang='grc' dir='ltr'><strong>καὶ</strong></span> <span class='ocrx_word' id='word_1_74' title='bbox 974 1287 1327 1359; x_wconf 81' lang='grc' dir='ltr'><strong>φυλάξαντες,</strong></span> <span class='ocrx_word' id='word_1_75' title='bbox 1351 1289 1426 1354; x_wconf 86' lang='grc' dir='ltr'>ὡς</span> <span class='ocrx_word' id='word_1_76' title='bbox 1461 1291 1586 1361; x_wconf 85' lang='grc' dir='ltr'>μήτ’</span> <span class='ocrx_word' id='word_1_77' title='bbox 1629 1291 1914 1356; x_wconf 76' lang='grc' dir='ltr'>ἐπιθεῖναι,</span> 
     </span>
    </p>
   </div>
   <div class='ocr_carea' id='block_1_14' title="bbox 346 1379 1912 1451">
    <p class='ocr_par' dir='ltr' id='par_1_14' title="bbox 346 1379 1912 1451">
     <span class='ocr_line' id='line_1_14' title="bbox 346 1379 1912 1451; baseline 0.003 -20"><span class='ocrx_word' id='word_1_78' title='bbox 346 1381 470 1449; x_wconf 87' lang='grc' dir='ltr'>μήτ’</span> <span class='ocrx_word' id='word_1_79' title='bbox 495 1379 712 1447; x_wconf 80' lang='grc' dir='ltr'>ἀφελεῖν</span> <span class='ocrx_word' id='word_1_80' title='bbox 755 1397 878 1434; x_wconf 88' lang='grc' dir='ltr'>τινα</span> <span class='ocrx_word' id='word_1_81' title='bbox 899 1382 1014 1443; x_wconf 81' lang='grc' dir='ltr'>τοῖς</span> <span class='ocrx_word' id='word_1_82' title='bbox 1061 1379 1206 1445; x_wconf 80' lang='grc' dir='ltr'>ἅπαξ</span> <span class='ocrx_word' id='word_1_83' title='bbox 1240 1379 1588 1451; x_wconf 79' lang='grc' dir='ltr'>κεκριμένοις</span> <span class='ocrx_word' id='word_1_84' title='bbox 1626 1380 1912 1451; x_wconf 86' lang='grc' dir='ltr'>τολμῆσαι.</span> 
     </span>
    </p>
   </div>
   <div class='ocr_carea' id='block_1_15' title="bbox 341 1467 1915 1545">
    <p class='ocr_par' dir='ltr' id='par_1_15' title="bbox 341 1467 1915 1545">
     <span class='ocr_line' id='line_1_15' title="bbox 341 1467 1915 1545; baseline 0.002 -21"><span class='ocrx_word' id='word_1_85' title='bbox 341 1470 468 1524; x_wconf 80' lang='grc' dir='ltr'>οῦτ’</span> <span class='ocrx_word' id='word_1_86' title='bbox 496 1467 588 1525; x_wconf 81' lang='grc' dir='ltr'><strong>οῦν</strong></span> <span class='ocrx_word' id='word_1_87' title='bbox 618 1472 646 1523; x_wconf 83' lang='grc' dir='ltr'><strong>ὁ</strong></span> <span class='ocrx_word' id='word_1_88' title='bbox 687 1472 961 1542; x_wconf 89' lang='grc' dir='ltr'>πάνσοφος</span> <span class='ocrx_word' id='word_1_89' title='bbox 984 1472 1210 1542; x_wconf 86' lang='grc' dir='ltr'><strong>Μωσῆς,</strong></span> <span class='ocrx_word' id='word_1_90' title='bbox 1245 1472 1463 1526; x_wconf 81' lang='grc' dir='ltr'>πάντων</span> <span class='ocrx_word' id='word_1_91' title='bbox 1511 1473 1609 1543; x_wconf 82' lang='grc' dir='ltr'><strong>μὲν</strong></span> <span class='ocrx_word' id='word_1_92' title='bbox 1652 1473 1915 1545; x_wconf 87' lang='grc' dir='ltr'>Ἑλλήνων</span> 
     </span>
    </p>
   </div>
   <div class='ocr_carea' id='block_1_16' title="bbox 334 1561 1914 1635">
    <p class='ocr_par' dir='ltr' id='par_1_16' title="bbox 334 1561 1914 1635">
     <span class='ocr_line' id='line_1_16' title="bbox 334 1561 1914 1635; baseline 0.004 -22"><span class='ocrx_word' id='word_1_93' title='bbox 334 1561 710 1631; x_wconf 84' lang='grc' dir='ltr'>πρεσϐύτατος</span> <span class='ocrx_word' id='word_1_94' title='bbox 731 1563 1062 1632; x_wconf 77' lang='grc' dir='ltr'>ἁποφανθεὶς</span> <span class='ocrx_word' id='word_1_95' title='bbox 1089 1564 1177 1617; x_wconf 84' lang='grc' dir='ltr'><strong>διά</strong></span> <span class='ocrx_word' id='word_1_96' title='bbox 1202 1563 1311 1619; x_wconf 84' lang='grc' dir='ltr'><strong>τῶν</strong></span> <span class='ocrx_word' id='word_1_97' title='bbox 1340 1563 1667 1635; x_wconf 79' lang='grc' dir='ltr'>ἔμπροσθεν,</span> <span class='ocrx_word' id='word_1_98' title='bbox 1697 1564 1914 1619; x_wconf 82' lang='grc' dir='ltr'>πάντων</span> 
     </span>
    </p>
   </div>
   <div class='ocr_carea' id='block_1_17' title="bbox 337 1654 1909 1728">
    <p class='ocr_par' dir='ltr' id='par_1_17' title="bbox 337 1654 1909 1728">
     <span class='ocr_line' id='line_1_17' title="bbox 337 1654 1909 1728; baseline 0.003 -22"><span class='ocrx_word' id='word_1_99' title='bbox 337 1654 395 1707; x_wconf 86' lang='grc' dir='ltr'>δὲ</span> <span class='ocrx_word' id='word_1_100' title='bbox 434 1654 660 1719; x_wconf 76' lang='grc' dir='ltr'>ὕστατος</span> <span class='ocrx_word' id='word_1_101' title='bbox 684 1656 783 1727; x_wconf 84' lang='grc' dir='ltr'>τὴν</span> <span class='ocrx_word' id='word_1_102' title='bbox 810 1656 1024 1727; x_wconf 83' lang='grc' dir='ltr'>ἡλικίαν</span> <span class='ocrx_word' id='word_1_103' title='bbox 1051 1656 1159 1709; x_wconf 85' lang='grc' dir='ltr'><strong>τῶν</strong></span> <span class='ocrx_word' id='word_1_104' title='bbox 1192 1657 1322 1728; x_wconf 81' lang='grc' dir='ltr'>πρὶν</span> <span class='ocrx_word' id='word_1_105' title='bbox 1362 1655 1626 1728; x_wconf 85' lang='grc' dir='ltr'>Ἐϐραίων</span> <span class='ocrx_word' id='word_1_106' title='bbox 1650 1655 1909 1725; x_wconf 85' lang='grc' dir='ltr'>γεγονὼς,</span> 
     </span>
    </p>
   </div>
   <div class='ocr_carea' id='block_1_18' title="bbox 337 1744 1912 1820">
    <p class='ocr_par' dir='ltr' id='par_1_18' title="bbox 337 1744 1912 1820">
     <span class='ocr_line' id='line_1_18' title="bbox 337 1744 1912 1820; baseline 0.003 -22"><span class='ocrx_word' id='word_1_107' title='bbox 337 1744 552 1817; x_wconf 79' lang='grc' dir='ltr'>κινῆσαί</span> <span class='ocrx_word' id='word_1_108' title='bbox 592 1766 638 1801; x_wconf 81' lang='grc' dir='ltr'><strong>τι</strong></span> <span class='ocrx_word' id='word_1_109' title='bbox 669 1748 763 1802; x_wconf 76' lang='grc' dir='ltr'>καὶ</span> <span class='ocrx_word' id='word_1_110' title='bbox 794 1748 1104 1818; x_wconf 77' lang='grc' dir='ltr'>μεταθεῖναι</span> <span class='ocrx_word' id='word_1_111' title='bbox 1144 1747 1253 1800; x_wconf 87' lang='grc' dir='ltr'><strong>τῶν</strong></span> <span class='ocrx_word' id='word_1_112' title='bbox 1292 1750 1404 1811; x_wconf 83' lang='grc' dir='ltr'>τοῖς</span> <span class='ocrx_word' id='word_1_113' title='bbox 1445 1747 1783 1820; x_wconf 86' lang='grc' dir='ltr'>προπάτορσι</span> <span class='ocrx_word' id='word_1_114' title='bbox 1822 1749 1912 1802; x_wconf 83' lang='grc' dir='ltr'>δο-</span> 
     </span>
    </p>
   </div>
   <div class='ocr_carea' id='block_1_19' title="bbox 328 1834 1909 1910">
    <p class='ocr_par' dir='ltr' id='par_1_19' title="bbox 328 1834 1909 1910">
     <span class='ocr_line' id='line_1_19' title="bbox 328 1834 1909 1910; baseline 0.003 -23"><span class='ocrx_word' id='word_1_115' title='bbox 328 1834 542 1900; x_wconf 80' lang='grc' dir='ltr'>.ξάντων</span> <span class='ocrx_word' id='word_1_116' title='bbox 573 1839 671 1909; x_wconf 88' lang='grc' dir='ltr'><strong>τῆς</strong></span> <span class='ocrx_word' id='word_1_117' title='bbox 703 1838 1036 1910; x_wconf 83' lang='grc' dir='ltr'>δογματικῆς</span> <span class='ocrx_word' id='word_1_118' title='bbox 1065 1839 1192 1909; x_wconf 79' lang='grc' dir='ltr'>περὶ</span> <span class='ocrx_word' id='word_1_119' title='bbox 1232 1837 1509 1906; x_wconf 81' lang='grc' dir='ltr'>θεολογίας</span> <span class='ocrx_word' id='word_1_120' title='bbox 1554 1839 1909 1907; x_wconf 62' lang='grc' dir='ltr'>διανενόηταιδ</span> 
     </span>
    </p>
   </div>
   <div class='ocr_carea' id='block_1_20' title="bbox 337 1927 1906 1999">
    <p class='ocr_par' dir='ltr' id='par_1_20' title="bbox 337 1927 1906 1999">
     <span class='ocr_line' id='line_1_20' title="bbox 337 1927 1906 1999; baseline 0.003 -22"><span class='ocrx_word' id='word_1_121' title='bbox 337 1927 479 1999; x_wconf 82' lang='grc' dir='ltr'>πλὴν</span> <span class='ocrx_word' id='word_1_122' title='bbox 512 1929 632 1982; x_wconf 82' lang='grc' dir='ltr'>ὅσον</span> <span class='ocrx_word' id='word_1_123' title='bbox 658 1932 770 1993; x_wconf 84' lang='grc' dir='ltr'>τοῖς</span> <span class='ocrx_word' id='word_1_124' title='bbox 799 1929 890 1982; x_wconf 88' lang='grc' dir='ltr'>ὑπ’</span> <span class='ocrx_word' id='word_1_125' title='bbox 925 1929 1087 1984; x_wconf 79' lang='grc' dir='ltr'>αὐτὸν</span> <span class='ocrx_word' id='word_1_126' title='bbox 1126 1927 1432 1999; x_wconf 86' lang='grc' dir='ltr'>ἀνθρώποις</span> <span class='ocrx_word' id='word_1_127' title='bbox 1454 1968 1468 1990; x_wconf 91' lang='grc'><strong>,</strong></span> <span class='ocrx_word' id='word_1_128' title='bbox 1516 1928 1741 1998; x_wconf 83' lang='grc' dir='ltr'>ἀγωγῆς</span> <span class='ocrx_word' id='word_1_129' title='bbox 1792 1927 1906 1998; x_wconf 88' lang='grc' dir='ltr'>βίου</span> 
     </span>
    </p>
   </div>
   <div class='ocr_carea' id='block_1_21' title="bbox 336 2017 1911 2090">
    <p class='ocr_par' dir='ltr' id='par_1_21' title="bbox 336 2017 1911 2090">
     <span class='ocr_line' id='line_1_21' title="bbox 336 2017 1911 2090; baseline 0.001 -21"><span class='ocrx_word' id='word_1_130' title='bbox 336 2017 669 2089; x_wconf 82' lang='grc' dir='ltr'>καταλλήλου</span> <span class='ocrx_word' id='word_1_131' title='bbox 698 2018 918 2090; x_wconf 86' lang='grc' dir='ltr'>τρόπον,</span> <span class='ocrx_word' id='word_1_132' title='bbox 953 2019 1046 2072; x_wconf 91' lang='grc' dir='ltr'><strong>καί</strong></span> <span class='ocrx_word' id='word_1_133' title='bbox 1079 2036 1221 2082; x_wconf 84' lang='grc' dir='ltr'>τινος</span> <span class='ocrx_word' id='word_1_134' title='bbox 1257 2017 1429 2090; x_wconf 85' lang='grc' dir='ltr'>μέσης</span> <span class='ocrx_word' id='word_1_135' title='bbox 1449 2017 1726 2082; x_wconf 80' lang='grc' dir='ltr'>πολιτείας</span> <span class='ocrx_word' id='word_1_136' title='bbox 1757 2034 1911 2089; x_wconf 90' lang='grc' dir='ltr'>νομο-</span> 
     </span>
    </p>
   </div>
   <div class='ocr_carea' id='block_1_22' title="bbox 310 2108 1909 2181">
    <p class='ocr_par' dir='ltr' id='par_1_22' title="bbox 310 2108 1909 2181">
     <span class='ocr_line' id='line_1_22' title="bbox 310 2108 1909 2181; baseline 0.002 -20"><span class='ocrx_word' id='word_1_137' title='bbox 310 2108 519 2162; x_wconf 80' lang='grc' dir='ltr'>’θεσίαν</span> <span class='ocrx_word' id='word_1_138' title='bbox 548 2109 966 2164; x_wconf 88' lang='grc' dir='ltr'>καταϐαλέσθαι.</span> <span class='ocrx_word' id='word_1_139' title='bbox 994 2109 1119 2164; x_wconf 79' lang='grc' dir='ltr'>οΰθ’</span> <span class='ocrx_word' id='word_1_140' title='bbox 1147 2112 1198 2163; x_wconf 77' lang='lat' dir='ltr'><strong>at</strong></span> <span class='ocrx_word' id='word_1_141' title='bbox 1235 2110 1374 2181; x_wconf 87' lang='grc' dir='ltr'><strong>μετά</strong></span> <span class='ocrx_word' id='word_1_142' title='bbox 1415 2111 1565 2164; x_wconf 86' lang='grc' dir='ltr'>τόνδε</span> <span class='ocrx_word' id='word_1_143' title='bbox 1611 2111 1909 2181; x_wconf 72' lang='grc' dir='ltr'>προφῆται,</span> 
     </span>
    </p>
   </div>
   <div class='ocr_carea' id='block_1_23' title="bbox 337 2201 1906 2275">
    <p class='ocr_par' dir='ltr' id='par_1_23' title="bbox 337 2201 1906 2275">
     <span class='ocr_line' id='line_1_23' title="bbox 337 2201 1906 2275; baseline 0 -20"><span class='ocrx_word' id='word_1_144' title='bbox 337 2201 558 2273; x_wconf 85' lang='grc' dir='ltr'>μυρίαις</span> <span class='ocrx_word' id='word_1_145' title='bbox 584 2202 735 2265; x_wconf 82' lang='grc' dir='ltr'>ὅσαις</span> <span class='ocrx_word' id='word_1_146' title='bbox 763 2201 988 2275; x_wconf 77' lang='grc' dir='ltr'>ὕστερον</span> <span class='ocrx_word' id='word_1_147' title='bbox 1030 2203 1170 2257; x_wconf 79' lang='grc' dir='ltr'>ἐτῶν</span> <span class='ocrx_word' id='word_1_148' title='bbox 1206 2203 1474 2275; x_wconf 83' lang='grc' dir='ltr'>περιόδοις</span> <span class='ocrx_word' id='word_1_149' title='bbox 1506 2202 1906 2273; x_wconf 76' lang='grc' dir='ltr'>ὲκλάμψαντες,</span> 
     </span>
    </p>
   </div>
   <div class='ocr_carea' id='block_1_24' title="bbox 312 2291 1909 2364">
    <p class='ocr_par' dir='ltr' id='par_1_24' title="bbox 312 2291 1909 2364">
     <span class='ocr_line' id='line_1_24' title="bbox 312 2291 1909 2364; baseline 0 -19"><span class='ocrx_word' id='word_1_150' title='bbox 312 2293 597 2361; x_wconf 76' lang='grc' dir='ltr'>’διάφωνόν</span> <span class='ocrx_word' id='word_1_151' title='bbox 628 2310 680 2345; x_wconf 86' lang='grc' dir='ltr'><strong>τι</strong></span> <span class='ocrx_word' id='word_1_152' title='bbox 715 2291 868 2363; x_wconf 81' lang='grc' dir='ltr'>ῥῆμα</span> <span class='ocrx_word' id='word_1_153' title='bbox 890 2293 1026 2364; x_wconf 83' lang='grc' dir='ltr'>πρός</span> <span class='ocrx_word' id='word_1_154' title='bbox 1057 2293 1117 2347; x_wconf 88' lang='grc' dir='ltr'><strong>τέ</strong></span> <span class='ocrx_word' id='word_1_155' title='bbox 1165 2310 1305 2363; x_wconf 88' lang='grc' dir='ltr'>σφας</span> <span class='ocrx_word' id='word_1_156' title='bbox 1343 2293 1568 2358; x_wconf 80' lang='grc' dir='ltr'>αὐτοὺς,</span> <span class='ocrx_word' id='word_1_157' title='bbox 1606 2292 1640 2364; x_wconf 80' lang='grc' dir='ltr'>ἢ</span> <span class='ocrx_word' id='word_1_158' title='bbox 1678 2292 1814 2364; x_wconf 80' lang='grc' dir='ltr'>πρὸς</span> <span class='ocrx_word' id='word_1_159' title='bbox 1838 2292 1909 2346; x_wconf 83' lang='grc' dir='ltr'>τὰ</span> 
     </span>
    </p>
   </div>
   <div class='ocr_carea' id='block_1_25' title="bbox 333 2383 1908 2457">
    <p class='ocr_par' dir='ltr' id='par_1_25' title="bbox 333 2383 1908 2457">
     <span class='ocr_line' id='line_1_25' title="bbox 333 2383 1908 2457; baseline 0.001 -21"><span class='ocrx_word' id='word_1_160' title='bbox 333 2385 506 2454; x_wconf 78' lang='grc' dir='ltr'>Μωσῇ</span> <span class='ocrx_word' id='word_1_161' title='bbox 534 2384 627 2436; x_wconf 79' lang='grc' dir='ltr'><strong>καὶ</strong></span> <span class='ocrx_word' id='word_1_162' title='bbox 658 2387 769 2449; x_wconf 87' lang='grc' dir='ltr'>τοῖς</span> <span class='ocrx_word' id='word_1_163' title='bbox 788 2384 957 2439; x_wconf 88' lang='grc' dir='ltr'>πάλαι</span> <span class='ocrx_word' id='word_1_164' title='bbox 982 2384 1255 2455; x_wconf 76' lang='grc' dir='ltr'>θεοφιλέσι</span> <span class='ocrx_word' id='word_1_165' title='bbox 1278 2384 1618 2457; x_wconf 84' lang='grc' dir='ltr'>νομισθέντα,</span> <span class='ocrx_word' id='word_1_166' title='bbox 1644 2383 1908 2455; x_wconf 82' lang='grc' dir='ltr'>προέσθαι</span> 
     </span>
    </p>
   </div>
   <div class='ocr_carea' id='block_1_26' title="bbox 331 2476 1909 2547">
    <p class='ocr_par' dir='ltr' id='par_1_26' title="bbox 331 2476 1909 2547">
     <span class='ocr_line' id='line_1_26' title="bbox 331 2476 1909 2547; baseline 0.001 -20"><span class='ocrx_word' id='word_1_167' title='bbox 331 2478 398 2546; x_wconf 81' lang='grc' dir='ltr'>τῇ</span> <span class='ocrx_word' id='word_1_168' title='bbox 433 2478 581 2546; x_wconf 77' lang='grc' dir='ltr'>φωνῇ</span> <span class='ocrx_word' id='word_1_169' title='bbox 614 2476 1027 2547; x_wconf 85' lang='grc' dir='ltr'>τετολμήκασιν.</span> <span class='ocrx_word' id='word_1_170' title='bbox 1070 2477 1208 2529; x_wconf 84' lang='grc' dir='ltr'>Ἀλλ’</span> <span class='ocrx_word' id='word_1_171' title='bbox 1233 2477 1356 2530; x_wconf 82' lang='grc' dir='ltr'>οὐδὲ</span> <span class='ocrx_word' id='word_1_172' title='bbox 1384 2476 1445 2530; x_wconf 84' lang='grc' dir='ltr'>τὺ</span> <span class='ocrx_word' id='word_1_173' title='bbox 1494 2476 1616 2532; x_wconf 87' lang='grc' dir='ltr'>καθ’</span> <span class='ocrx_word' id='word_1_174' title='bbox 1651 2477 1801 2547; x_wconf 80' lang='grc' dir='ltr'>ἡμᾶς</span> <span class='ocrx_word' id='word_1_175' title='bbox 1831 2476 1909 2529; x_wconf 84' lang='grc' dir='ltr'>δι-</span> 
     </span>
    </p>
   </div>
   <div class='ocr_carea' id='block_1_27' title="bbox 331 2552 1905 2639">
    <p class='ocr_par' dir='ltr' id='par_1_27' title="bbox 331 2552 1905 2639">
     <span class='ocr_line' id='line_1_27' title="bbox 331 2552 1905 2639; baseline 0.001 -21"><span class='ocrx_word' id='word_1_176' title='bbox 331 2566 663 2631; x_wconf 79' lang='grc' dir='ltr'>δασκαλεῖον,</span> <span class='ocrx_word' id='word_1_177' title='bbox 697 2567 905 2621; x_wconf 77' lang='grc' dir='ltr'>ἐκεῖθέν</span> <span class='ocrx_word' id='word_1_178' title='bbox 934 2567 1095 2621; x_wconf 89' lang='grc' dir='ltr'>ποθεν</span> <span class='ocrx_word' id='word_1_179' title='bbox 1127 2552 1464 2639; x_wconf 78' lang='grc' dir='ltr'>ὁρμώμενον,</span> <span class='ocrx_word' id='word_1_180' title='bbox 1494 2568 1588 2621; x_wconf 75' lang='grc' dir='ltr'>καὶ</span> <span class='ocrx_word' id='word_1_181' title='bbox 1627 2568 1691 2621; x_wconf 90' lang='grc' dir='ltr'>δι’</span> <span class='ocrx_word' id='word_1_182' title='bbox 1720 2566 1905 2621; x_wconf 76' lang='grc' dir='ltr'>ἐνθέου</span> 
     </span>
    </p>
   </div>
   <div class='ocr_carea' id='block_1_28' title="bbox 329 2660 1906 2733">
    <p class='ocr_par' dir='ltr' id='par_1_28' title="bbox 329 2660 1906 2733">
     <span class='ocr_line' id='line_1_28' title="bbox 329 2660 1906 2733; baseline 0.001 -20"><span class='ocrx_word' id='word_1_183' title='bbox 329 2660 610 2730; x_wconf 78' lang='grc' dir='ltr'>δυνάμεως</span> <span class='ocrx_word' id='word_1_184' title='bbox 637 2660 773 2729; x_wconf 77' lang='grc' dir='ltr'>ὁμοῦ</span> <span class='ocrx_word' id='word_1_185' title='bbox 803 2662 984 2715; x_wconf 78' lang='grc' dir='ltr'>πᾶσαν</span> <span class='ocrx_word' id='word_1_186' title='bbox 1022 2662 1243 2716; x_wconf 81' lang='grc' dir='ltr'>Ἐλλάδα</span> <span class='ocrx_word' id='word_1_187' title='bbox 1267 2679 1327 2715; x_wconf 90' lang='grc' dir='ltr'><strong>τε</strong></span> <span class='ocrx_word' id='word_1_188' title='bbox 1369 2663 1464 2715; x_wconf 78' lang='grc' dir='ltr'>καὶ</span> <span class='ocrx_word' id='word_1_189' title='bbox 1493 2661 1593 2733; x_wconf 82' lang='grc' dir='ltr'>τὴν</span> <span class='ocrx_word' id='word_1_190' title='bbox 1630 2660 1906 2733; x_wconf 80' lang='grc' dir='ltr'>βάρϐαρον</span> 
     </span>
    </p>
   </div>
   <div class='ocr_carea' id='block_1_29' title="bbox 329 2752 1901 2827">
    <p class='ocr_par' dir='ltr' id='par_1_29' title="bbox 329 2752 1901 2827">
     <span class='ocr_line' id='line_1_29' title="bbox 329 2752 1901 2827; baseline 0.003 -24"><span class='ocrx_word' id='word_1_191' title='bbox 329 2752 638 2822; x_wconf 81' lang='grc' dir='ltr'>ὲμπλῆσαν,</span> <span class='ocrx_word' id='word_1_192' title='bbox 666 2752 932 2823; x_wconf 78' lang='grc' dir='ltr'>διάφωνόν</span> <span class='ocrx_word' id='word_1_193' title='bbox 959 2771 1011 2807; x_wconf 90' lang='grc' dir='ltr'><strong>τι</strong></span> <span class='ocrx_word' id='word_1_194' title='bbox 1041 2757 1153 2818; x_wconf 84' lang='grc' dir='ltr'>τοῖς</span> <span class='ocrx_word' id='word_1_195' title='bbox 1190 2754 1422 2825; x_wconf 87' lang='grc' dir='ltr'>πρόσθεν</span> <span class='ocrx_word' id='word_1_196' title='bbox 1456 2754 1901 2827; x_wconf 77' lang='grc' dir='ltr'>ὲμπεριείληφεν·</span> 
     </span>
    </p>
   </div>
   <div class='ocr_carea' id='block_1_30' title="bbox 330 2842 1905 2915">
    <p class='ocr_par' dir='ltr' id='par_1_30' title="bbox 330 2842 1905 2915">
     <span class='ocr_line' id='line_1_30' title="bbox 330 2842 1905 2915; baseline 0.001 -21"><span class='ocrx_word' id='word_1_197' title='bbox 330 2844 380 2894; x_wconf 84' lang='grc' dir='ltr'>εἰ</span> <span class='ocrx_word' id='word_1_198' title='bbox 412 2843 484 2914; x_wconf 89' lang='grc' dir='ltr'><strong>μή</strong></span> <span class='ocrx_word' id='word_1_199' title='bbox 516 2860 598 2907; x_wconf 90' lang='grc' dir='ltr'><strong>τις</strong></span> <span class='ocrx_word' id='word_1_200' title='bbox 623 2844 774 2915; x_wconf 88' lang='grc' dir='ltr'>φαίη,</span> <span class='ocrx_word' id='word_1_201' title='bbox 804 2844 885 2896; x_wconf 84' lang='grc' dir='ltr'>ὅτι</span> <span class='ocrx_word' id='word_1_202' title='bbox 918 2844 992 2914; x_wconf 86' lang='grc' dir='ltr'>μὴ</span> <span class='ocrx_word' id='word_1_203' title='bbox 1034 2844 1193 2913; x_wconf 88' lang='grc' dir='ltr'>μόνον</span> <span class='ocrx_word' id='word_1_204' title='bbox 1232 2847 1343 2907; x_wconf 86' lang='grc' dir='ltr'>τοῖς</span> <span class='ocrx_word' id='word_1_205' title='bbox 1376 2844 1607 2914; x_wconf 86' lang='grc' dir='ltr'>δόγμασι</span> <span class='ocrx_word' id='word_1_206' title='bbox 1654 2844 1752 2915; x_wconf 89' lang='grc' dir='ltr'><strong>τῆς</strong></span> <span class='ocrx_word' id='word_1_207' title='bbox 1788 2842 1905 2896; x_wconf 85' lang='grc' dir='ltr'>θεο-</span> 
     </span>
    </p>
   </div>
   <div class='ocr_carea' id='block_1_31' title="bbox 327 2930 1903 3005">
    <p class='ocr_par' dir='ltr' id='par_1_31' title="bbox 327 2930 1903 3005">
     <span class='ocr_line' id='line_1_31' title="bbox 327 2930 1903 3005; baseline 0.003 -22"><span class='ocrx_word' id='word_1_208' title='bbox 327 2930 536 3000; x_wconf 87' lang='grc' dir='ltr'>λογίας,</span> <span class='ocrx_word' id='word_1_209' title='bbox 570 2932 706 2985; x_wconf 82' lang='grc' dir='ltr'><strong>ἀλλά</strong></span> <span class='ocrx_word' id='word_1_210' title='bbox 732 2933 825 2986; x_wconf 73' lang='grc' dir='ltr'><strong>καὶ</strong></span> <span class='ocrx_word' id='word_1_211' title='bbox 851 2933 929 3004; x_wconf 80' lang='grc' dir='ltr'>τῷ</span> <span class='ocrx_word' id='word_1_212' title='bbox 954 2934 1137 3003; x_wconf 84' lang='grc' dir='ltr'>τρόπῳ</span> <span class='ocrx_word' id='word_1_213' title='bbox 1152 2932 1247 2986; x_wconf 88' lang='grc' dir='ltr'><strong>τοῦ</strong></span> <span class='ocrx_word' id='word_1_214' title='bbox 1275 2933 1412 3003; x_wconf 85' lang='grc' dir='ltr'>βίου,</span> <span class='ocrx_word' id='word_1_215' title='bbox 1441 2934 1538 3003; x_wconf 84' lang='grc' dir='ltr'>τὴν</span> <span class='ocrx_word' id='word_1_216' title='bbox 1566 2934 1733 3005; x_wconf 85' lang='grc' dir='ltr'>αὐτὴν</span> <span class='ocrx_word' id='word_1_217' title='bbox 1756 2936 1903 3004; x_wconf 84' lang='grc' dir='ltr'>ἀγω-</span> 
     </span>
    </p>
   </div>
   <div class='ocr_carea' id='block_1_32' title="bbox 327 3023 1902 3098">
    <p class='ocr_par' dir='ltr' id='par_1_32' title="bbox 327 3023 1902 3098">
     <span class='ocr_line' id='line_1_32' title="bbox 327 3023 1902 3098; baseline 0.002 -21"><span class='ocrx_word' id='word_1_218' title='bbox 327 3023 431 3095; x_wconf 81' lang='grc' dir='ltr'>γὴν</span> <span class='ocrx_word' id='word_1_219' title='bbox 459 3027 570 3088; x_wconf 85' lang='grc' dir='ltr'>τοῖς</span> <span class='ocrx_word' id='word_1_220' title='bbox 601 3025 705 3096; x_wconf 87' lang='grc' dir='ltr'><strong>πρὸ</strong></span> <span class='ocrx_word' id='word_1_221' title='bbox 737 3026 976 3089; x_wconf 84' lang='grc' dir='ltr'><strong>Μωσέως</strong></span> <span class='ocrx_word' id='word_1_222' title='bbox 1022 3024 1319 3094; x_wconf 82' lang='grc' dir='ltr'>θεοφιλέσιν</span> <span class='ocrx_word' id='word_1_223' title='bbox 1372 3026 1640 3097; x_wconf 87' lang='grc' dir='ltr'>Ἑϐραίοις</span> <span class='ocrx_word' id='word_1_224' title='bbox 1671 3026 1902 3098; x_wconf 73' lang='grc' dir='ltr'>παραδίο</span> 
     </span>
    </p>
   </div>
   <div class='ocr_carea' id='block_1_33' title="bbox 325 3114 1901 3192">
    <p class='ocr_par' dir='ltr' id='par_1_33' title="bbox 325 3114 1901 3192">
     <span class='ocr_line' id='line_1_33' title="bbox 325 3114 1901 3192; baseline 0.003 -23"><span class='ocrx_word' id='word_1_225' title='bbox 325 3114 477 3172; x_wconf 84' lang='grc' dir='ltr'>δωσι.</span> <span class='ocrx_word' id='word_1_226' title='bbox 509 3118 618 3170; x_wconf 75' lang='grc' dir='ltr'>Καὶ</span> <span class='ocrx_word' id='word_1_227' title='bbox 649 3117 717 3170; x_wconf 87' lang='grc' dir='ltr'><strong>τά</strong></span> <span class='ocrx_word' id='word_1_228' title='bbox 770 3117 868 3187; x_wconf 87' lang='grc' dir='ltr'><strong>μὲν</strong></span> <span class='ocrx_word' id='word_1_229' title='bbox 910 3117 1149 3188; x_wconf 76' lang='grc' dir='ltr'>ἡμέτερα</span> <span class='ocrx_word' id='word_1_230' title='bbox 1182 3117 1425 3181; x_wconf 87' lang='grc' dir='ltr'>τοιαῦτα,</span> <span class='ocrx_word' id='word_1_231' title='bbox 1464 3120 1561 3189; x_wconf 81' lang='grc' dir='ltr'>μιᾷ</span> <span class='ocrx_word' id='word_1_232' title='bbox 1617 3136 1675 3172; x_wconf 90' lang='grc' dir='ltr'><strong>τε</strong></span> <span class='ocrx_word' id='word_1_233' title='bbox 1725 3122 1901 3192; x_wconf 78' lang='grc' dir='ltr'>φωνῇ,</span> 
     </span>
    </p>
   </div>
   <div class='ocr_carea' id='block_1_34' title="bbox 327 3208 1902 3282">
    <p class='ocr_par' dir='ltr' id='par_1_34' title="bbox 327 3208 1902 3282">
     <span class='ocr_line' id='line_1_34' title="bbox 327 3208 1902 3282; baseline 0 -18"><span class='ocrx_word' id='word_1_234' title='bbox 327 3212 435 3264; x_wconf 83' lang='grc' dir='ltr'><strong>ὑπὸ</strong></span> <span class='ocrx_word' id='word_1_235' title='bbox 458 3210 566 3262; x_wconf 81' lang='grc' dir='ltr'><strong>τῶν</strong></span> <span class='ocrx_word' id='word_1_236' title='bbox 604 3208 854 3281; x_wconf 85' lang='grc' dir='ltr'>πρώτων,</span> <span class='ocrx_word' id='word_1_237' title='bbox 887 3209 979 3263; x_wconf 66' lang='grc' dir='ltr'>καὶ</span> <span class='ocrx_word' id='word_1_238' title='bbox 1007 3209 1205 3279; x_wconf 83' lang='grc' dir='ltr'>μέσων,</span> <span class='ocrx_word' id='word_1_239' title='bbox 1248 3209 1473 3264; x_wconf 75' lang='grc' dir='ltr'>καὶτῶν</span> <span class='ocrx_word' id='word_1_240' title='bbox 1513 3212 1757 3265; x_wconf 80' lang='grc' dir='ltr'>ὑστάτων</span> <span class='ocrx_word' id='word_1_241' title='bbox 1806 3229 1902 3282; x_wconf 90' lang='grc' dir='ltr'>με-</span> 
     </span>
    </p>
   </div>
   <div class='ocr_carea' id='block_1_35' title="bbox 327 3299 1970 3388">
    <p class='ocr_par' dir='ltr' id='par_1_35' title="bbox 327 3299 1970 3388">
     <span class='ocr_line' id='line_1_35' title="bbox 327 3299 1970 3388; baseline 0.001 -34"><span class='ocrx_word' id='word_1_242' title='bbox 327 3301 726 3374; x_wconf 83' lang='grc' dir='ltr'>μαρτυρημένα</span> <span class='ocrx_word' id='word_1_243' title='bbox 745 3340 759 3363; x_wconf 91' lang='grc'><strong>,</strong></span> <span class='ocrx_word' id='word_1_244' title='bbox 788 3301 885 3371; x_wconf 88' lang='grc' dir='ltr'><strong>τῆς</strong></span> <span class='ocrx_word' id='word_1_245' title='bbox 913 3299 1146 3371; x_wconf 81' lang='grc' dir='ltr'>ἀληθοῦς</span> <span class='ocrx_word' id='word_1_246' title='bbox 1176 3300 1455 3365; x_wconf 85' lang='grc' dir='ltr'>εὐσεϐείας</span> <span class='ocrx_word' id='word_1_247' title='bbox 1474 3302 1607 3373; x_wconf 86' lang='grc' dir='ltr'>ὁμοῦ</span> <span class='ocrx_word' id='word_1_248' title='bbox 1637 3304 1730 3356; x_wconf 73' lang='grc' dir='ltr'><strong>καὶ</strong></span> <span class='ocrx_word' id='word_1_249' title='bbox 1756 3302 1903 3372; x_wconf 89' lang='grc' dir='ltr'>φιλο-</span> <span class='ocrx_word' id='word_1_250' title='bbox 1928 3330 1970 3388; x_wconf 78' lang='lat' dir='ltr'><strong>C</strong></span> 
     </span>
    </p>
   </div>
   <div class='ocr_carea' id='block_1_36' title="bbox 326 3392 1897 3465">
    <p class='ocr_par' dir='ltr' id='par_1_36' title="bbox 326 3392 1897 3465">
     <span class='ocr_line' id='line_1_36' title="bbox 326 3392 1897 3465; baseline 0.001 -19"><span class='ocrx_word' id='word_1_251' title='bbox 326 3392 520 3462; x_wconf 79' lang='grc' dir='ltr'>σοφίας</span> <span class='ocrx_word' id='word_1_252' title='bbox 550 3393 612 3444; x_wconf 83' lang='grc' dir='ltr'>τὸ</span> <span class='ocrx_word' id='word_1_253' title='bbox 655 3392 871 3462; x_wconf 82' lang='grc' dir='ltr'>βέϐαιον</span> <span class='ocrx_word' id='word_1_254' title='bbox 912 3392 1151 3456; x_wconf 84' lang='grc' dir='ltr'>ἀπάσαις</span> <span class='ocrx_word' id='word_1_255' title='bbox 1198 3393 1398 3464; x_wconf 72' lang='grc' dir='ltr'>ψήφοις</span> <span class='ocrx_word' id='word_1_256' title='bbox 1426 3395 1897 3465; x_wconf 77' lang='grc' dir='ltr'>ὲπισφραγίζεται,</span> 
     </span>
    </p>
   </div>
   <div class='ocr_carea' id='block_1_37' title="bbox 325 3484 1904 3556">
    <p class='ocr_par' dir='ltr' id='par_1_37' title="bbox 325 3484 1904 3556">
     <span class='ocr_line' id='line_1_37' title="bbox 325 3484 1904 3556; baseline 0.001 -19"><span class='ocrx_word' id='word_1_257' title='bbox 325 3485 525 3556; x_wconf 85' lang='grc' dir='ltr'>πληροῖ</span> <span class='ocrx_word' id='word_1_258' title='bbox 553 3502 613 3537; x_wconf 89' lang='grc' dir='ltr'><strong>τε</strong></span> <span class='ocrx_word' id='word_1_259' title='bbox 642 3484 741 3555; x_wconf 85' lang='grc' dir='ltr'>τὴν</span> <span class='ocrx_word' id='word_1_260' title='bbox 774 3484 1065 3554; x_wconf 80' lang='grc' dir='ltr'>σύμπασαν</span> <span class='ocrx_word' id='word_1_261' title='bbox 1102 3484 1426 3556; x_wconf 86' lang='grc' dir='ltr'>οίκουμένην</span> <span class='ocrx_word' id='word_1_262' title='bbox 1451 3524 1466 3549; x_wconf 96' lang='grc'><strong>,</strong></span> <span class='ocrx_word' id='word_1_263' title='bbox 1494 3484 1762 3556; x_wconf 81' lang='grc' dir='ltr'>ὁσημέραι</span> <span class='ocrx_word' id='word_1_264' title='bbox 1787 3485 1904 3539; x_wconf 87' lang='grc' dir='ltr'>νεά-</span> 
     </span>
    </p>
   </div>
   <div class='ocr_carea' id='block_1_38' title="bbox 325 3574 1900 3648">
    <p class='ocr_par' dir='ltr' id='par_1_38' title="bbox 325 3574 1900 3648">
     <span class='ocr_line' id='line_1_38' title="bbox 325 3574 1900 3648; baseline 0.002 -21"><span class='ocrx_word' id='word_1_265' title='bbox 325 3574 485 3640; x_wconf 79' lang='grc' dir='ltr'>ζοντα</span> <span class='ocrx_word' id='word_1_266' title='bbox 514 3575 607 3628; x_wconf 65' lang='grc' dir='ltr'><strong>καὶ</strong></span> <span class='ocrx_word' id='word_1_267' title='bbox 637 3574 921 3638; x_wconf 81' lang='grc' dir='ltr'>ἀνθοῦντα,</span> <span class='ocrx_word' id='word_1_268' title='bbox 957 3575 1033 3639; x_wconf 87' lang='grc' dir='ltr'>ὡς</span> <span class='ocrx_word' id='word_1_269' title='bbox 1058 3574 1186 3647; x_wconf 83' lang='grc' dir='ltr'>ἀρτι</span> <span class='ocrx_word' id='word_1_270' title='bbox 1229 3575 1452 3648; x_wconf 81' lang='grc' dir='ltr'>πρώτην</span> <span class='ocrx_word' id='word_1_271' title='bbox 1500 3577 1684 3647; x_wconf 87' lang='grc' dir='ltr'>ἀκμὴν</span> <span class='ocrx_word' id='word_1_272' title='bbox 1728 3594 1900 3630; x_wconf 90' lang='grc' dir='ltr'>κατα-</span> 
     </span>
    </p>
   </div>
   <div class='ocr_carea' id='block_1_39' title="bbox 324 3663 1902 3737">
    <p class='ocr_par' dir='ltr' id='par_1_39' title="bbox 324 3663 1902 3737">
     <span class='ocr_line' id='line_1_39' title="bbox 324 3663 1902 3737; baseline 0.003 -21"><span class='ocrx_word' id='word_1_273' title='bbox 324 3664 636 3735; x_wconf 86' lang='grc' dir='ltr'>ϐεϐλημένα</span> <span class='ocrx_word' id='word_1_274' title='bbox 656 3680 668 3692; x_wconf 89' lang='grc'><strong>·</strong></span> <span class='ocrx_word' id='word_1_275' title='bbox 729 3665 823 3717; x_wconf 82' lang='grc' dir='ltr'><strong>καὶ</strong></span> <span class='ocrx_word' id='word_1_276' title='bbox 865 3663 988 3717; x_wconf 71' lang='grc' dir='ltr'>οὔτε</span> <span class='ocrx_word' id='word_1_277' title='bbox 1023 3665 1201 3734; x_wconf 88' lang='grc' dir='ltr'>νόμων</span> <span class='ocrx_word' id='word_1_278' title='bbox 1232 3664 1521 3732; x_wconf 82' lang='grc' dir='ltr'>διατάξεις,</span> <span class='ocrx_word' id='word_1_279' title='bbox 1549 3666 1658 3718; x_wconf 74' lang='grc' dir='ltr'>οὔτ’</span> <span class='ocrx_word' id='word_1_280' title='bbox 1691 3665 1902 3737; x_wconf 84' lang='grc' dir='ltr'>ἐχθρῶν</span> 
     </span>
    </p>
   </div>
   <div class='ocr_carea' id='block_1_40' title="bbox 324 3754 1897 3830">
    <p class='ocr_par' dir='ltr' id='par_1_40' title="bbox 324 3754 1897 3830">
     <span class='ocr_line' id='line_1_40' title="bbox 324 3754 1897 3830; baseline 0.005 -22"><span class='ocrx_word' id='word_1_281' title='bbox 324 3756 627 3819; x_wconf 67' lang='grc' dir='ltr'>ἐπιϐουλαὶ,</span> <span class='ocrx_word' id='word_1_282' title='bbox 651 3754 774 3809; x_wconf 77' lang='grc' dir='ltr'>οὕτε</span> <span class='ocrx_word' id='word_1_283' title='bbox 797 3755 1067 3827; x_wconf 89' lang='grc' dir='ltr'>πολεμίων</span> <span class='ocrx_word' id='word_1_284' title='bbox 1094 3755 1352 3821; x_wconf 74' lang='grc' dir='ltr'>πολλάκις</span> <span class='ocrx_word' id='word_1_285' title='bbox 1383 3758 1715 3830; x_wconf 87' lang='grc' dir='ltr'>ἀκονηθέντα</span> <span class='ocrx_word' id='word_1_286' title='bbox 1748 3758 1897 3829; x_wconf 80' lang='grc' dir='ltr'>ξίφη,</span> 
     </span>
    </p>
   </div>
   <div class='ocr_carea' id='block_1_41' title="bbox 324 3835 1898 3921">
    <p class='ocr_par' dir='ltr' id='par_1_41' title="bbox 324 3835 1898 3921">
     <span class='ocr_line' id='line_1_41' title="bbox 324 3835 1898 3921; baseline 0 -18"><span class='ocrx_word' id='word_1_287' title='bbox 324 3850 607 3921; x_wconf 83' lang='grc' dir='ltr'>κρείττονα</span> <span class='ocrx_word' id='word_1_288' title='bbox 635 3849 733 3918; x_wconf 85' lang='grc' dir='ltr'><strong>τῆς</strong></span> <span class='ocrx_word' id='word_1_289' title='bbox 759 3840 833 3901; x_wconf 84' lang='grc' dir='ltr'>ὧν</span> <span class='ocrx_word' id='word_1_290' title='bbox 869 3847 1204 3919; x_wconf 87' lang='grc' dir='ltr'>μετήλθομεν</span> <span class='ocrx_word' id='word_1_291' title='bbox 1235 3848 1407 3916; x_wconf 85' lang='grc' dir='ltr'>λόγων</span> <span class='ocrx_word' id='word_1_292' title='bbox 1430 3850 1646 3921; x_wconf 88' lang='grc' dir='ltr'>ἀρετῆς,</span> <span class='ocrx_word' id='word_1_293' title='bbox 1682 3835 1898 3921; x_wconf 67' lang='grc' dir='ltr'>τῆν’δύ-</span> 
     </span>
    </p>
   </div>
   <div class='ocr_carea' id='block_1_42' title="bbox 322 3936 1899 4012">
    <p class='ocr_par' dir='ltr' id='par_1_42' title="bbox 322 3936 1899 4012">
     <span class='ocr_line' id='line_1_42' title="bbox 322 3936 1899 4012; baseline -0.001 -17"><span class='ocrx_word' id='word_1_294' title='bbox 322 3957 487 4012; x_wconf 86' lang='grc' dir='ltr'>ναμιν</span> <span class='ocrx_word' id='word_1_295' title='bbox 513 3938 893 3993; x_wconf 73' lang='grc' dir='ltr'>ἐπιδέδεικται.</span> <span class='ocrx_word' id='word_1_296' title='bbox 921 3936 1001 3990; x_wconf 86' lang='grc' dir='ltr'><strong>Τά</strong></span> <span class='ocrx_word' id='word_1_297' title='bbox 1043 3936 1098 3989; x_wconf 83' lang='grc' dir='ltr'>δὲ</span> <span class='ocrx_word' id='word_1_298' title='bbox 1123 3938 1221 4007; x_wconf 86' lang='grc' dir='ltr'><strong>τῆς</strong></span> <span class='ocrx_word' id='word_1_299' title='bbox 1275 3937 1539 4010; x_wconf 79' lang='grc' dir='ltr'>Ἑλλήνων</span> <span class='ocrx_word' id='word_1_300' title='bbox 1585 3940 1899 4009; x_wconf 88' lang='grc' dir='ltr'>φιλοσοφίας</span> 
     </span>
    </p>
   </div>
   <div class='ocr_carea' id='block_1_43' title="bbox 322 4029 1898 4104">
    <p class='ocr_par' dir='ltr' id='par_1_43' title="bbox 322 4029 1898 4104">
     <span class='ocr_line' id='line_1_43' title="bbox 322 4029 1898 4104; baseline -0.001 -17"><span class='ocrx_word' id='word_1_301' title='bbox 322 4034 416 4087; x_wconf 77' lang='grc' dir='ltr'>ἐπὶ</span> <span class='ocrx_word' id='word_1_302' title='bbox 448 4031 672 4104; x_wconf 73' lang='grc' dir='ltr'>βραχέσι</span> <span class='ocrx_word' id='word_1_303' title='bbox 695 4029 1047 4093; x_wconf 83' lang='grc' dir='ltr'>σαλεύσαντα,</span> <span class='ocrx_word' id='word_1_304' title='bbox 1067 4029 1185 4082; x_wconf 90' lang='grc' dir='ltr'>τίνα</span> <span class='ocrx_word' id='word_1_305' title='bbox 1218 4030 1348 4082; x_wconf 83' lang='grc' dir='ltr'>ποτὲ</span> <span class='ocrx_word' id='word_1_306' title='bbox 1367 4031 1463 4101; x_wconf 77' lang='grc' dir='ltr'>τὴν</span> <span class='ocrx_word' id='word_1_307' title='bbox 1501 4032 1652 4102; x_wconf 77' lang='grc' dir='ltr'>ἰσχὺν</span> <span class='ocrx_word' id='word_1_308' title='bbox 1686 4032 1898 4085; x_wconf 78' lang='grc' dir='ltr'>ἐπεδεί-</span> 
     </span>
    </p>
   </div>
   <div class='ocr_carea' id='block_1_44' title="bbox 322 4119 1898 4193">
    <p class='ocr_par' dir='ltr' id='par_1_44' title="bbox 322 4119 1898 4193">
     <span class='ocr_line' id='line_1_44' title="bbox 322 4119 1898 4193; baseline 0.001 -15"><span class='ocrx_word' id='word_1_309' title='bbox 322 4125 482 4193; x_wconf 85' lang='grc' dir='ltr'>ξατο,</span> <span class='ocrx_word' id='word_1_310' title='bbox 533 4123 651 4178; x_wconf 76' lang='grc' dir='ltr'>νυνὶ</span> <span class='ocrx_word' id='word_1_311' title='bbox 684 4120 1037 4192; x_wconf 85' lang='grc' dir='ltr'>θεασώμεθα·</span> <span class='ocrx_word' id='word_1_312' title='bbox 1105 4119 1351 4191; x_wconf 84' lang='grc' dir='ltr'>πρώτους</span> <span class='ocrx_word' id='word_1_313' title='bbox 1383 4122 1637 4177; x_wconf 89' lang='grc' dir='ltr'>ἀπάντων</span> <span class='ocrx_word' id='word_1_314' title='bbox 1668 4126 1748 4187; x_wconf 88' lang='grc' dir='ltr'><strong>είς</strong></span> <span class='ocrx_word' id='word_1_315' title='bbox 1805 4124 1898 4180; x_wconf 83' lang='grc' dir='ltr'><strong>τὸν</strong></span> 
     </span>
    </p>
   </div>
   <div class='ocr_carea' id='block_1_45' title="bbox 318 4213 1897 4288">
    <p class='ocr_par' dir='ltr' id='par_1_45' title="bbox 318 4213 1897 4288">
     <span class='ocr_line' id='line_1_45' title="bbox 318 4213 1897 4288; baseline 0 -19"><span class='ocrx_word' id='word_1_316' title='bbox 318 4216 508 4284; x_wconf 83' lang='grc' dir='ltr'>ἀγῶνα</span> <span class='ocrx_word' id='word_1_317' title='bbox 537 4214 813 4277; x_wconf 80' lang='grc' dir='ltr'>καθιέντες</span> <span class='ocrx_word' id='word_1_318' title='bbox 840 4213 966 4275; x_wconf 78' lang='grc' dir='ltr'>τοὺς</span> <span class='ocrx_word' id='word_1_319' title='bbox 992 4213 1253 4281; x_wconf 84' lang='grc' dir='ltr'>φυσικοὺς</span> <span class='ocrx_word' id='word_1_320' title='bbox 1279 4213 1689 4283; x_wconf 84' lang='grc' dir='ltr'>έπικληθέντας.</span> <span class='ocrx_word' id='word_1_321' title='bbox 1718 4215 1781 4268; x_wconf 78' lang='grc' dir='ltr'><strong>Οἳ</strong></span> <span class='ocrx_word' id='word_1_322' title='bbox 1809 4215 1897 4288; x_wconf 80' lang='grc' dir='ltr'>δὴ,</span> 
     </span>
    </p>
   </div>
   <div class='ocr_carea' id='block_1_46' title="bbox 322 4302 1897 4379">
    <p class='ocr_par' dir='ltr' id='par_1_46' title="bbox 322 4302 1897 4379">
     <span class='ocr_line' id='line_1_46' title="bbox 322 4302 1897 4379; baseline -0.001 -18"><span class='ocrx_word' id='word_1_323' title='bbox 322 4307 558 4379; x_wconf 87' lang='grc' dir='ltr'>πρόσθεν</span> <span class='ocrx_word' id='word_1_324' title='bbox 586 4306 623 4377; x_wconf 76' lang='grc' dir='ltr'><strong>ἦ</strong></span> <span class='ocrx_word' id='word_1_325' title='bbox 637 4305 898 4359; x_wconf 88' lang='grc' dir='ltr'>Πλάτωνα</span> <span class='ocrx_word' id='word_1_326' title='bbox 915 4302 1234 4375; x_wconf 74' lang='grc' dir='ltr'>διαλάμψαι,</span> <span class='ocrx_word' id='word_1_327' title='bbox 1256 4303 1559 4374; x_wconf 87' lang='grc' dir='ltr'>λεγόμενοι,</span> <span class='ocrx_word' id='word_1_328' title='bbox 1590 4306 1737 4370; x_wconf 82' lang='grc' dir='ltr'>ὅπως</span> <span class='ocrx_word' id='word_1_329' title='bbox 1760 4308 1897 4379; x_wconf 84' lang='grc' dir='ltr'>πρὸς</span> 
     </span>
    </p>
   </div>
   <div class='ocr_carea' id='block_1_47' title="bbox 312 4392 1895 4471">
    <p class='ocr_par' dir='ltr' id='par_1_47' title="bbox 312 4392 1895 4471">
     <span class='ocr_line' id='line_1_47' title="bbox 312 4392 1895 4471; baseline -0.001 -18"><span class='ocrx_word' id='word_1_330' title='bbox 312 4398 584 4471; x_wconf 78' lang='grc' dir='ltr'>ἀλλήλους</span> <span class='ocrx_word' id='word_1_331' title='bbox 640 4396 988 4460; x_wconf 77' lang='grc' dir='ltr'>ἐστασίασαν,</span> <span class='ocrx_word' id='word_1_332' title='bbox 1024 4395 1154 4466; x_wconf 86' lang='grc' dir='ltr'>παρ’</span> <span class='ocrx_word' id='word_1_333' title='bbox 1212 4392 1376 4447; x_wconf 85' lang='grc' dir='ltr'>αὐτοῦ</span> <span class='ocrx_word' id='word_1_334' title='bbox 1412 4395 1601 4465; x_wconf 80' lang='grc' dir='ltr'>μαθεῖν</span> <span class='ocrx_word' id='word_1_335' title='bbox 1651 4397 1763 4451; x_wconf 78' lang='grc' dir='ltr'>ἐστι</span> <span class='ocrx_word' id='word_1_336' title='bbox 1800 4399 1895 4452; x_wconf 89' lang='grc' dir='ltr'><strong>τοῦ</strong></span> 
     </span>
    </p>
   </div>
   <div class='ocr_carea' id='block_1_48' title="bbox 322 4485 1896 4558">
    <p class='ocr_par' dir='ltr' id='par_1_48' title="bbox 322 4485 1896 4558">
     <span class='ocr_line' id='line_1_48' title="bbox 322 4485 1896 4558; baseline -0.01 -14"><span class='ocrx_word' id='word_1_337' title='bbox 322 4491 609 4551; x_wconf 88' lang='grc' dir='ltr'>Πλάτωνος</span> <span class='ocrx_word' id='word_1_338' title='bbox 628 4504 641 4517; x_wconf 71' lang='grc'><strong><em>⁸</em></strong></span> <span class='ocrx_word' id='word_1_339' title='bbox 682 4488 740 4550; x_wconf 83' lang='grc' dir='ltr'>ὃς</span> <span class='ocrx_word' id='word_1_340' title='bbox 762 4488 824 4558; x_wconf 84' lang='grc' dir='ltr'><strong>δὴ</strong></span> <span class='ocrx_word' id='word_1_341' title='bbox 848 4486 956 4539; x_wconf 83' lang='grc' dir='ltr'><strong>τῶν</strong></span> <span class='ocrx_word' id='word_1_342' title='bbox 979 4486 1123 4556; x_wconf 76' lang='grc' dir='ltr'>ἀμφὶ</span> <span class='ocrx_word' id='word_1_343' title='bbox 1160 4485 1530 4556; x_wconf 88' lang='grc' dir='ltr'>Πρωταγόραν</span> <span class='ocrx_word' id='word_1_344' title='bbox 1545 4525 1560 4550; x_wconf 96' lang='grc'><strong>,</strong></span> <span class='ocrx_word' id='word_1_345' title='bbox 1613 4486 1896 4558; x_wconf 80' lang='grc' dir='ltr'>Ἠράκλει..</span> 
     </span>
    </p>
   </div>
   <div class='ocr_carea' id='block_1_49' title="bbox 318 4577 1894 4651">
    <p class='ocr_par' dir='ltr' id='par_1_49' title="bbox 318 4577 1894 4651">
     <span class='ocr_line' id='line_1_49' title="bbox 318 4577 1894 4651; baseline 0.001 -16"><span class='ocrx_word' id='word_1_346' title='bbox 318 4582 411 4636; x_wconf 88' lang='grc' dir='ltr'><strong>τόν</strong></span> <span class='ocrx_word' id='word_1_347' title='bbox 437 4598 497 4634; x_wconf 91' lang='grc' dir='ltr'><strong>τε</strong></span> <span class='ocrx_word' id='word_1_348' title='bbox 549 4580 645 4633; x_wconf 74' lang='grc' dir='ltr'>καὶ</span> <span class='ocrx_word' id='word_1_349' title='bbox 681 4579 1064 4649; x_wconf 84' lang='grc' dir='ltr'>Ἐμπεδοκλέα,</span> <span class='ocrx_word' id='word_1_350' title='bbox 1095 4578 1193 4648; x_wconf 82' lang='grc' dir='ltr'>τὴν</span> <span class='ocrx_word' id='word_1_351' title='bbox 1236 4577 1371 4648; x_wconf 74' lang='grc' dir='ltr'>πρὸς</span> <span class='ocrx_word' id='word_1_352' title='bbox 1405 4578 1768 4651; x_wconf 83' lang='grc' dir='ltr'>Παρμενίδην,</span> <span class='ocrx_word' id='word_1_353' title='bbox 1800 4582 1894 4636; x_wconf 61' lang='grc' dir='ltr'><strong>καί¹</strong></span> 
     </span>
    </p>
   </div>
   <div class='ocr_carea' id='block_1_50' title="bbox 1948 656 1998 712">
    <p class='ocr_par' dir='ltr' id='par_1_50' title="bbox 1948 656 1998 712">
     <span class='ocr_line' id='line_1_50' title="bbox 1948 656 1998 712; baseline 0 0"><span class='ocrx_word' id='word_1_354' title='bbox 1948 656 1998 712; x_wconf 81' lang='grc' dir='ltr'><strong>Α</strong></span> 
     </span>
    </p>
   </div>
   <div class='ocr_carea' id='block_1_51' title="bbox 2651 651 3002 708">
    <p class='ocr_par' dir='ltr' id='par_1_51' title="bbox 2651 651 3002 708">
     <span class='ocr_line' id='line_1_51' title="bbox 2651 651 3002 708; baseline 0 -1"><span class='ocrx_word' id='word_1_355' title='bbox 2651 652 2879 708; x_wconf 82' lang='lat' dir='ltr'><strong>CAPUT</strong></span> <span class='ocrx_word' id='word_1_356' title='bbox 2913 651 3002 707; x_wconf 88' lang='lat' dir='ltr'><strong>Ill.</strong></span> 
     </span>
    </p>
   </div>
   <div class='ocr_carea' id='block_1_52' title="bbox 2092 742 3516 815">
    <p class='ocr_par' dir='ltr' id='par_1_52' title="bbox 2092 742 3516 815">
     <span class='ocr_line' id='line_1_52' title="bbox 2092 742 3516 815; baseline 0.003 -19"><span class='ocrx_word' id='word_1_357' title='bbox 2092 742 2171 796; x_wconf 87' lang='lat' dir='ltr'><strong>De</strong></span> <span class='ocrx_word' id='word_1_358' title='bbox 2195 759 2406 796; x_wconf 79' lang='lat' dir='ltr'><strong>summa</strong></span> <span class='ocrx_word' id='word_1_359' title='bbox 2437 742 2782 798; x_wconf 72' lang='lat' dir='ltr'><strong>Hebrworum</strong></span> <span class='ocrx_word' id='word_1_360' title='bbox 2811 745 3119 815; x_wconf 83' lang='lat' dir='ltr'><strong>dogmatum</strong></span> <span class='ocrx_word' id='word_1_361' title='bbox 3161 747 3516 801; x_wconf 76' lang='lat' dir='ltr'><strong>consensione.</strong></span> 
     </span>
    </p>
   </div>
   <div class='ocr_carea' id='block_1_53' title="bbox 2100 830 3586 905">
    <p class='ocr_par' dir='ltr' id='par_1_53' title="bbox 2100 830 3586 905">
     <span class='ocr_line' id='line_1_53' title="bbox 2100 830 3586 905; baseline 0.003 -19"><span class='ocrx_word' id='word_1_362' title='bbox 2100 832 2297 886; x_wconf 78' lang='lat' dir='ltr'><strong>Veram</strong></span> <span class='ocrx_word' id='word_1_363' title='bbox 2330 830 2538 886; x_wconf 67' lang='lat' dir='ltr'><strong>Hebraei</strong></span> <span class='ocrx_word' id='word_1_364' title='bbox 2576 834 2898 903; x_wconf 86' lang='lat' dir='ltr'><strong>plenamque</strong></span> <span class='ocrx_word' id='word_1_365' title='bbox 2933 834 3130 903; x_wconf 82' lang='lat' dir='ltr'><strong>pietate</strong></span> <span class='ocrx_word' id='word_1_366' title='bbox 3154 836 3549 905; x_wconf 88' lang='lat' dir='ltr'><strong>philosophiam</strong></span> <span class='ocrx_word' id='word_1_367' title='bbox 3570 876 3586 900; x_wconf 92' lang='lat'><strong>,</strong></span> 
     </span>
    </p>
   </div>
   <div class='ocr_carea' id='block_1_54' title="bbox 2021 923 3589 999">
    <p class='ocr_par' dir='ltr' id='par_1_54' title="bbox 2021 923 3589 999">
     <span class='ocr_line' id='line_1_54' title="bbox 2021 923 3589 999; baseline 0.004 -23"><span class='ocrx_word' id='word_1_368' title='bbox 2021 923 2091 977; x_wconf 89' lang='lat' dir='ltr'><strong>ab</strong></span> <span class='ocrx_word' id='word_1_369' title='bbox 2131 924 2325 978; x_wconf 88' lang='lat' dir='ltr'><strong>ultima</strong></span> <span class='ocrx_word' id='word_1_370' title='bbox 2370 940 2545 993; x_wconf 88' lang='lat' dir='ltr'><strong>usque</strong></span> <span class='ocrx_word' id='word_1_371' title='bbox 2588 925 2885 990; x_wconf 88' lang='lat' dir='ltr'><strong>memoria,</strong></span> <span class='ocrx_word' id='word_1_372' title='bbox 2924 941 3168 996; x_wconf 81' lang='lat' dir='ltr'><strong>peneque</strong></span> <span class='ocrx_word' id='word_1_373' title='bbox 3213 944 3245 982; x_wconf 90' lang='lat' dir='ltr'><strong>a</strong></span> <span class='ocrx_word' id='word_1_374' title='bbox 3286 929 3498 999; x_wconf 91' lang='lat' dir='ltr'><strong>primo,</strong></span> <span class='ocrx_word' id='word_1_375' title='bbox 3527 936 3589 983; x_wconf 90' lang='lat' dir='ltr'><strong>ut</strong></span> 
     </span>
    </p>
   </div>
   <div class='ocr_carea' id='block_1_55' title="bbox 2017 1011 3588 1088">
    <p class='ocr_par' dir='ltr' id='par_1_55' title="bbox 2017 1011 3588 1088">
     <span class='ocr_line' id='line_1_55' title="bbox 2017 1011 3588 1088; baseline 0.005 -23"><span class='ocrx_word' id='word_1_376' title='bbox 2017 1011 2094 1065; x_wconf 89' lang='lat' dir='ltr'><strong>ita</strong></span> <span class='ocrx_word' id='word_1_377' title='bbox 2128 1012 2343 1078; x_wconf 90' lang='lat' dir='ltr'><strong>dicam,</strong></span> <span class='ocrx_word' id='word_1_378' title='bbox 2388 1012 2671 1067; x_wconf 88' lang='lat' dir='ltr'><strong>hominum</strong></span> <span class='ocrx_word' id='word_1_379' title='bbox 2720 1023 2878 1080; x_wconf 89' lang='lat' dir='ltr'><strong>ortu,</strong></span> <span class='ocrx_word' id='word_1_380' title='bbox 2926 1015 3215 1085; x_wconf 77' lang='lat' dir='ltr'><strong>diligenter</strong></span> <span class='ocrx_word' id='word_1_381' title='bbox 3264 1018 3588 1088; x_wconf 86' lang='lat' dir='ltr'><strong>penitusque</strong></span> 
     </span>
    </p>
   </div>
   <div class='ocr_carea' id='block_1_56' title="bbox 2017 1106 3585 1179">
    <p class='ocr_par' dir='ltr' id='par_1_56' title="bbox 2017 1106 3585 1179">
     <span class='ocr_line' id='line_1_56' title="bbox 2017 1106 3585 1179; baseline 0.002 -18"><span class='ocrx_word' id='word_1_382' title='bbox 2017 1107 2241 1171; x_wconf 81' lang='lat' dir='ltr'><strong>rimati,</strong></span> <span class='ocrx_word' id='word_1_383' title='bbox 2273 1106 2519 1161; x_wconf 89' lang='lat' dir='ltr'><strong>eamdem</strong></span> <span class='ocrx_word' id='word_1_384' title='bbox 2568 1107 2632 1161; x_wconf 91' lang='lat' dir='ltr'><strong>ad</strong></span> <span class='ocrx_word' id='word_1_385' title='bbox 2689 1117 2937 1176; x_wconf 87' lang='lat' dir='ltr'><strong>posteros</strong></span> <span class='ocrx_word' id='word_1_386' title='bbox 2989 1123 3176 1163; x_wconf 88' lang='lat' dir='ltr'><strong>sanam</strong></span> <span class='ocrx_word' id='word_1_387' title='bbox 3225 1117 3281 1163; x_wconf 92' lang='lat' dir='ltr'><strong>et</strong></span> <span class='ocrx_word' id='word_1_388' title='bbox 3318 1109 3585 1179; x_wconf 82' lang='lat' dir='ltr'><strong>integram</strong></span> 
     </span>
    </p>
   </div>
   <div class='ocr_carea' id='block_1_57' title="bbox 2019 1197 3588 1266">
    <p class='ocr_par' dir='ltr' id='par_1_57' title="bbox 2019 1197 3588 1266">
     <span class='ocr_line' id='line_1_57' title="bbox 2019 1197 3588 1266; baseline 0.003 -14"><span class='ocrx_word' id='word_1_389' title='bbox 2019 1198 2371 1253; x_wconf 75' lang='lat' dir='ltr'><strong>transmisere</strong></span> <span class='ocrx_word' id='word_1_390' title='bbox 2408 1212 2422 1247; x_wconf 91' lang='lat'><strong>:</strong></span> <span class='ocrx_word' id='word_1_391' title='bbox 2456 1204 2618 1266; x_wconf 90' lang='lat' dir='ltr'><strong>atque</strong></span> <span class='ocrx_word' id='word_1_392' title='bbox 2651 1197 2724 1250; x_wconf 88' lang='lat' dir='ltr'><strong>ita</strong></span> <span class='ocrx_word' id='word_1_393' title='bbox 2752 1198 2972 1266; x_wconf 86' lang='lat' dir='ltr'><strong>quidem</strong></span> <span class='ocrx_word' id='word_1_394' title='bbox 3015 1197 3158 1253; x_wconf 84' lang='lat' dir='ltr'><strong>hanc</strong></span> <span class='ocrx_word' id='word_1_395' title='bbox 3210 1200 3588 1256; x_wconf 55' lang='lat' dir='ltr'><strong>veritatis/don</strong></span> 
     </span>
    </p>
   </div>
   <div class='ocr_carea' id='block_1_58' title="bbox 2020 1289 3586 1362">
    <p class='ocr_par' dir='ltr' id='par_1_58' title="bbox 2020 1289 3586 1362">
     <span class='ocr_line' id='line_1_58' title="bbox 2020 1289 3586 1362; baseline 0.003 -17"><span class='ocrx_word' id='word_1_396' title='bbox 2020 1290 2252 1345; x_wconf 80' lang='lat' dir='ltr'><strong>ctrinam</strong></span> <span class='ocrx_word' id='word_1_397' title='bbox 2282 1304 2312 1344; x_wconf 88' lang='lat' dir='ltr'><strong>a</strong></span> <span class='ocrx_word' id='word_1_398' title='bbox 2351 1290 2669 1359; x_wconf 85' lang='lat' dir='ltr'><strong>parentibus</strong></span> <span class='ocrx_word' id='word_1_399' title='bbox 2710 1289 2902 1354; x_wconf 90' lang='lat' dir='ltr'><strong>liberi,</strong></span> <span class='ocrx_word' id='word_1_400' title='bbox 2930 1292 3218 1360; x_wconf 87' lang='lat' dir='ltr'><strong>quemdam</strong></span> <span class='ocrx_word' id='word_1_401' title='bbox 3256 1293 3412 1362; x_wconf 90' lang='lat' dir='ltr'><strong>quasi</strong></span> <span class='ocrx_word' id='word_1_402' title='bbox 3467 1294 3586 1349; x_wconf 85' lang='lat' dir='ltr'><strong>the-</strong></span> 
     </span>
    </p>
   </div>
   <div class='ocr_carea' id='block_1_59' title="bbox 2018 1379 3583 1454">
    <p class='ocr_par' dir='ltr' id='par_1_59' title="bbox 2018 1379 3583 1454">
     <span class='ocr_line' id='line_1_59' title="bbox 2018 1379 3583 1454; baseline 0.004 -19"><span class='ocrx_word' id='word_1_403' title='bbox 2018 1394 2239 1435; x_wconf 86' lang='lat' dir='ltr'><strong>saurum</strong></span> <span class='ocrx_word' id='word_1_404' title='bbox 2270 1379 2427 1445; x_wconf 78' lang='lat' dir='ltr'><strong>longa</strong></span> <span class='ocrx_word' id='word_1_405' title='bbox 2458 1381 2801 1435; x_wconf 87' lang='lat' dir='ltr'><strong>successione</strong></span> <span class='ocrx_word' id='word_1_406' title='bbox 2829 1394 3105 1451; x_wconf 81' lang='lat' dir='ltr'><strong>acceptum</strong></span> <span class='ocrx_word' id='word_1_407' title='bbox 3155 1395 3583 1454; x_wconf 89' lang='lat' dir='ltr'><strong>conservarunt,</strong></span> 
     </span>
    </p>
   </div>
   <div class='ocr_carea' id='block_1_60' title="bbox 2005 1472 3583 1540">
    <p class='ocr_par' dir='ltr' id='par_1_60' title="bbox 2005 1472 3583 1540">
     <span class='ocr_line' id='line_1_60' title="bbox 2005 1472 3583 1540; baseline 0.006 -15"><span class='ocrx_word' id='word_1_408' title='bbox 2005 1480 2075 1525; x_wconf 72' lang='grc' dir='ltr'><strong>ιιι</strong></span> <span class='ocrx_word' id='word_1_409' title='bbox 2107 1486 2227 1540; x_wconf 65' lang='lat' dir='ltr'><strong>qua:</strong></span> <span class='ocrx_word' id='word_1_410' title='bbox 2252 1472 2465 1526; x_wconf 89' lang='lat' dir='ltr'><strong>decreta</strong></span> <span class='ocrx_word' id='word_1_411' title='bbox 2494 1473 2660 1527; x_wconf 90' lang='lat' dir='ltr'><strong>semel</strong></span> <span class='ocrx_word' id='word_1_412' title='bbox 2689 1484 2742 1527; x_wconf 91' lang='lat' dir='ltr'><strong>et</strong></span> <span class='ocrx_word' id='word_1_413' title='bbox 2769 1475 3066 1529; x_wconf 85' lang='lat' dir='ltr'><strong>constituta</strong></span> <span class='ocrx_word' id='word_1_414' title='bbox 3092 1474 3340 1540; x_wconf 80' lang='lat' dir='ltr'><strong>fuerant,</strong></span> <span class='ocrx_word' id='word_1_415' title='bbox 3365 1478 3433 1532; x_wconf 91' lang='lat' dir='ltr'><strong>iis</strong></span> <span class='ocrx_word' id='word_1_416' title='bbox 3480 1493 3583 1535; x_wconf 84' lang='lat' dir='ltr'><strong>nec</strong></span> 
     </span>
    </p>
   </div>
   <div class='ocr_carea' id='block_1_61' title="bbox 2014 1562 3581 1637">
    <p class='ocr_par' dir='ltr' id='par_1_61' title="bbox 2014 1562 3581 1637">
     <span class='ocr_line' id='line_1_61' title="bbox 2014 1562 3581 1637; baseline 0.006 -21"><span class='ocrx_word' id='word_1_417' title='bbox 2014 1562 2210 1617; x_wconf 88' lang='lat' dir='ltr'><strong>addere</strong></span> <span class='ocrx_word' id='word_1_418' title='bbox 2238 1564 2535 1634; x_wconf 87' lang='lat' dir='ltr'><strong>quidquam</strong></span> <span class='ocrx_word' id='word_1_419' title='bbox 2565 1564 2688 1619; x_wconf 90' lang='lat' dir='ltr'><strong>ausi</strong></span> <span class='ocrx_word' id='word_1_420' title='bbox 2733 1565 2874 1628; x_wconf 87' lang='lat' dir='ltr'><strong>sint,</strong></span> <span class='ocrx_word' id='word_1_421' title='bbox 2920 1581 3020 1621; x_wconf 89' lang='lat' dir='ltr'><strong>nec</strong></span> <span class='ocrx_word' id='word_1_422' title='bbox 3061 1567 3357 1637; x_wconf 85' lang='lat' dir='ltr'><strong>quidquam</strong></span> <span class='ocrx_word' id='word_1_423' title='bbox 3396 1569 3581 1624; x_wconf 89' lang='lat' dir='ltr'><strong>detra-</strong></span> 
     </span>
    </p>
   </div>
   <div class='ocr_carea' id='block_1_62' title="bbox 2013 1651 3576 1728">
    <p class='ocr_par' dir='ltr' id='par_1_62' title="bbox 2013 1651 3576 1728">
     <span class='ocr_line' id='line_1_62' title="bbox 2013 1651 3576 1728; baseline 0.006 -22"><span class='ocrx_word' id='word_1_424' title='bbox 2013 1651 2162 1707; x_wconf 89' lang='lat' dir='ltr'><strong>here.</strong></span> <span class='ocrx_word' id='word_1_425' title='bbox 2220 1654 2363 1709; x_wconf 86' lang='lat' dir='ltr'><strong>Sane</strong></span> <span class='ocrx_word' id='word_1_426' title='bbox 2392 1655 2634 1724; x_wconf 61' lang='lat' dir='ltr'><strong>{quidem</strong></span> <span class='ocrx_word' id='word_1_427' title='bbox 2707 1653 2884 1710; x_wconf 86' lang='lat' dir='ltr'><strong>Moses</strong></span> <span class='ocrx_word' id='word_1_428' title='bbox 2941 1657 3032 1712; x_wconf 91' lang='lat' dir='ltr'><strong>ille</strong></span> <span class='ocrx_word' id='word_1_429' title='bbox 3107 1659 3576 1728; x_wconf 82' lang='lat' dir='ltr'><strong>sapientissimus.</strong></span> 
     </span>
    </p>
   </div>
   <div class='ocr_carea' id='block_1_63' title="bbox 2012 1743 3580 1828">
    <p class='ocr_par' dir='ltr' id='par_1_63' title="bbox 2012 1743 3580 1828">
     <span class='ocr_line' id='line_1_63' title="bbox 2012 1743 3580 1828; baseline 0.007 -30"><span class='ocrx_word' id='word_1_430' title='bbox 2012 1743 2265 1815; x_wconf 89' lang='lat' dir='ltr'><strong>idemque</strong></span> <span class='ocrx_word' id='word_1_431' title='bbox 2286 1746 2365 1799; x_wconf 91' lang='lat' dir='ltr'><strong>uti</strong></span> <span class='ocrx_word' id='word_1_432' title='bbox 2400 1745 2602 1802; x_wconf 82' lang='lat' dir='ltr'><strong>Graecis</strong></span> <span class='ocrx_word' id='word_1_433' title='bbox 2634 1747 2917 1828; x_wconf 69' lang='lat' dir='ltr'><strong>omnibus,</strong></span> <span class='ocrx_word' id='word_1_434' title='bbox 2947 1749 3090 1818; x_wconf 90' lang='lat' dir='ltr'><strong>quod</strong></span> <span class='ocrx_word' id='word_1_435' title='bbox 3113 1766 3180 1805; x_wconf 75' lang='lat' dir='ltr'><strong>ex</strong></span> <span class='ocrx_word' id='word_1_436' title='bbox 3205 1751 3580 1821; x_wconf 72' lang='lat' dir='ltr'><strong>superioribus</strong></span> 
     </span>
    </p>
   </div>
   <div class='ocr_carea' id='block_1_64' title="bbox 2010 1834 3581 1911">
    <p class='ocr_par' dir='ltr' id='par_1_64' title="bbox 2010 1834 3581 1911">
     <span class='ocr_line' id='line_1_64' title="bbox 2010 1834 3581 1911; baseline 0.006 -23"><span class='ocrx_word' id='word_1_437' title='bbox 2010 1834 2169 1903; x_wconf 85' lang='lat' dir='ltr'><strong>plane</strong></span> <span class='ocrx_word' id='word_1_438' title='bbox 2190 1845 2437 1903; x_wconf 84' lang='lat' dir='ltr'><strong>constat,</strong></span> <span class='ocrx_word' id='word_1_439' title='bbox 2463 1837 2741 1906; x_wconf 83' lang='lat' dir='ltr'><strong>antiquior</strong></span> <span class='ocrx_word' id='word_1_440' title='bbox 2760 1876 2775 1903; x_wconf 90' lang='lat'><strong>,</strong></span> <span class='ocrx_word' id='word_1_441' title='bbox 2802 1838 2876 1893; x_wconf 91' lang='lat' dir='ltr'><strong>ita</strong></span> <span class='ocrx_word' id='word_1_442' title='bbox 2903 1837 3251 1894; x_wconf 63' lang='lat' dir='ltr'><strong>Hebraeorum</strong></span> <span class='ocrx_word' id='word_1_443' title='bbox 3272 1879 3289 1905; x_wconf 91' lang='lat'><strong>,</strong></span> <span class='ocrx_word' id='word_1_444' title='bbox 3311 1842 3407 1911; x_wconf 89' lang='lat' dir='ltr'><strong>qui</strong></span> <span class='ocrx_word' id='word_1_445' title='bbox 3452 1855 3581 1898; x_wconf 88' lang='lat' dir='ltr'><strong>ante</strong></span> 
     </span>
    </p>
   </div>
   <div class='ocr_carea' id='block_1_65' title="bbox 1962 1925 3579 2000">
    <p class='ocr_par' dir='ltr' id='par_1_65' title="bbox 1962 1925 3579 2000">
     <span class='ocr_line' id='line_1_65' title="bbox 1962 1925 3579 2000; baseline 0.006 -21"><span class='ocrx_word' id='word_1_446' title='bbox 1962 1966 1977 2000; x_wconf 73' lang='lat'><strong>._</strong></span> <span class='ocrx_word' id='word_1_447' title='bbox 2013 1925 2188 1995; x_wconf 88' lang='lat' dir='ltr'><strong>ipsum</strong></span> <span class='ocrx_word' id='word_1_448' title='bbox 2216 1926 2432 1996; x_wconf 91' lang='lat' dir='ltr'><strong>plurimi</strong></span> <span class='ocrx_word' id='word_1_449' title='bbox 2467 1928 2750 1996; x_wconf 77' lang='lat' dir='ltr'><strong>vixerunt,</strong></span> <span class='ocrx_word' id='word_1_450' title='bbox 2779 1938 2937 1984; x_wconf 77' lang='lat' dir='ltr'><strong>aetate</strong></span> <span class='ocrx_word' id='word_1_451' title='bbox 2987 1940 3297 2000; x_wconf 86' lang='lat' dir='ltr'><strong>postremus</strong></span> <span class='ocrx_word' id='word_1_452' title='bbox 3324 1973 3339 1998; x_wconf 89' lang='lat'><strong>,</strong></span> <span class='ocrx_word' id='word_1_453' title='bbox 3392 1950 3457 1988; x_wconf 83' lang='lat' dir='ltr'><strong>ex</strong></span> <span class='ocrx_word' id='word_1_454' title='bbox 3509 1935 3579 1991; x_wconf 87' lang='lat' dir='ltr'><strong>iis</strong></span> 
     </span>
    </p>
   </div>
   <div class='ocr_carea' id='block_1_66' title="bbox 2009 2019 3577 2093">
    <p class='ocr_par' dir='ltr' id='par_1_66' title="bbox 2009 2019 3577 2093">
     <span class='ocr_line' id='line_1_66' title="bbox 2009 2019 3577 2093; baseline 0.007 -23"><span class='ocrx_word' id='word_1_455' title='bbox 2009 2032 2131 2087; x_wconf 68' lang='lat' dir='ltr'><strong>quae</strong></span> <span class='ocrx_word' id='word_1_456' title='bbox 2159 2033 2194 2071; x_wconf 82' lang='lat' dir='ltr'><strong>a</strong></span> <span class='ocrx_word' id='word_1_457' title='bbox 2239 2019 2621 2075; x_wconf 80' lang='lat' dir='ltr'><strong>vetustissimis</strong></span> <span class='ocrx_word' id='word_1_458' title='bbox 2675 2020 2925 2090; x_wconf 80' lang='lat' dir='ltr'><strong>patribus</strong></span> <span class='ocrx_word' id='word_1_459' title='bbox 2954 2021 3020 2076; x_wconf 88' lang='lat' dir='ltr'><strong>de</strong></span> <span class='ocrx_word' id='word_1_460' title='bbox 3057 2022 3375 2093; x_wconf 69' lang='lat' dir='ltr'><strong>dogmaticaz</strong></span> <span class='ocrx_word' id='word_1_461' title='bbox 3417 2026 3577 2080; x_wconf 88' lang='lat' dir='ltr'><strong>theo-</strong></span> 
     </span>
    </p>
   </div>
   <div class='ocr_carea' id='block_1_67' title="bbox 2010 2107 3579 2179">
    <p class='ocr_par' dir='ltr' id='par_1_67' title="bbox 2010 2107 3579 2179">
     <span class='ocr_line' id='line_1_67' title="bbox 2010 2107 3579 2179; baseline 0.007 -19"><span class='ocrx_word' id='word_1_462' title='bbox 2010 2107 2166 2177; x_wconf 67' lang='lat' dir='ltr'><strong>logia:</strong></span> <span class='ocrx_word' id='word_1_463' title='bbox 2189 2109 2491 2164; x_wconf 88' lang='lat' dir='ltr'><strong>rationibus</strong></span> <span class='ocrx_word' id='word_1_464' title='bbox 2542 2111 2750 2166; x_wconf 89' lang='lat' dir='ltr'><strong>sancita</strong></span> <span class='ocrx_word' id='word_1_465' title='bbox 2784 2120 2980 2179; x_wconf 92' lang='lat' dir='ltr'><strong>erant,</strong></span> <span class='ocrx_word' id='word_1_466' title='bbox 3030 2128 3250 2169; x_wconf 89' lang='lat' dir='ltr'><strong>movere</strong></span> <span class='ocrx_word' id='word_1_467' title='bbox 3306 2115 3441 2169; x_wconf 88' lang='lat' dir='ltr'><strong>nihil</strong></span> <span class='ocrx_word' id='word_1_468' title='bbox 3482 2125 3579 2171; x_wconf 86' lang='lat' dir='ltr'><strong>aut</strong></span> 
     </span>
    </p>
   </div>
   <div class='ocr_carea' id='block_1_68' title="bbox 2007 2204 3578 2278">
    <p class='ocr_par' dir='ltr' id='par_1_68' title="bbox 2007 2204 3578 2278">
     <span class='ocr_line' id='line_1_68' title="bbox 2007 2204 3578 2278; baseline 0.006 -24"><span class='ocrx_word' id='word_1_469' title='bbox 2007 2209 2223 2255; x_wconf 82' lang='lat' dir='ltr'><strong>mutare</strong></span> <span class='ocrx_word' id='word_1_470' title='bbox 2253 2204 2441 2258; x_wconf 83' lang='lat' dir='ltr'><strong>statuit</strong></span> <span class='ocrx_word' id='word_1_471' title='bbox 2467 2221 2484 2258; x_wconf 89' lang='lat'><strong>:</strong></span> <span class='ocrx_word' id='word_1_472' title='bbox 2522 2212 2730 2259; x_wconf 90' lang='lat' dir='ltr'><strong>tantum</strong></span> <span class='ocrx_word' id='word_1_473' title='bbox 2752 2205 3108 2274; x_wconf 87' lang='lat' dir='ltr'><strong>popularibus</strong></span> <span class='ocrx_word' id='word_1_474' title='bbox 3135 2206 3248 2274; x_wconf 85' lang='lat' dir='ltr'><strong>ipse</strong></span> <span class='ocrx_word' id='word_1_475' title='bbox 3275 2207 3393 2263; x_wconf 90' lang='lat' dir='ltr'><strong>suis</strong></span> <span class='ocrx_word' id='word_1_476' title='bbox 3411 2248 3428 2274; x_wconf 93' lang='lat'><strong>,</strong></span> <span class='ocrx_word' id='word_1_477' title='bbox 3453 2208 3578 2278; x_wconf 87' lang='lat' dir='ltr'><strong>qui-</strong></span> 
     </span>
    </p>
   </div>
   <div class='ocr_carea' id='block_1_69' title="bbox 2008 2292 3575 2367">
    <p class='ocr_par' dir='ltr' id='par_1_69' title="bbox 2008 2292 3575 2367">
     <span class='ocr_line' id='line_1_69' title="bbox 2008 2292 3575 2367; baseline 0.006 -21"><span class='ocrx_word' id='word_1_478' title='bbox 2008 2292 2111 2347; x_wconf 88' lang='lat' dir='ltr'><strong>bus</strong></span> <span class='ocrx_word' id='word_1_479' title='bbox 2144 2292 2480 2363; x_wconf 84' lang='lat' dir='ltr'><strong>imperabat,</strong></span> <span class='ocrx_word' id='word_1_480' title='bbox 2515 2294 2845 2350; x_wconf 80' lang='lat' dir='ltr'><strong>conveniens</strong></span> <span class='ocrx_word' id='word_1_481' title='bbox 2876 2309 2940 2349; x_wconf 90' lang='lat' dir='ltr'><strong>ac</strong></span> <span class='ocrx_word' id='word_1_482' title='bbox 2984 2296 3262 2365; x_wconf 90' lang='lat' dir='ltr'><strong>proprium</strong></span> <span class='ocrx_word' id='word_1_483' title='bbox 3300 2299 3575 2367; x_wconf 85' lang='lat' dir='ltr'><strong>quoddam</strong></span> 
     </span>
    </p>
   </div>
   <div class='ocr_carea' id='block_1_70' title="bbox 2007 2380 3578 2461">
    <p class='ocr_par' dir='ltr' id='par_1_70' title="bbox 2007 2380 3578 2461">
     <span class='ocr_line' id='line_1_70' title="bbox 2007 2380 3578 2461; baseline 0.006 -27"><span class='ocrx_word' id='word_1_484' title='bbox 2007 2380 2131 2435; x_wconf 67' lang='lat' dir='ltr'><strong>vitae</strong></span> <span class='ocrx_word' id='word_1_485' title='bbox 2162 2397 2332 2451; x_wconf 89' lang='lat' dir='ltr'><strong>genus</strong></span> <span class='ocrx_word' id='word_1_486' title='bbox 2352 2421 2369 2447; x_wconf 92' lang='lat'><strong>,</strong></span> <span class='ocrx_word' id='word_1_487' title='bbox 2398 2390 2454 2436; x_wconf 90' lang='lat' dir='ltr'><strong>et</strong></span> <span class='ocrx_word' id='word_1_488' title='bbox 2483 2383 2776 2438; x_wconf 85' lang='lat' dir='ltr'><strong>moderatae</strong></span> <span class='ocrx_word' id='word_1_489' title='bbox 2815 2384 3125 2454; x_wconf 86' lang='lat' dir='ltr'><strong>reipublicae</strong></span> <span class='ocrx_word' id='word_1_490' title='bbox 3168 2384 3402 2443; x_wconf 79' lang='lat' dir='ltr'><strong>formam</strong></span> <span class='ocrx_word' id='word_1_491' title='bbox 3448 2390 3578 2461; x_wconf 84' lang='lat' dir='ltr'><strong>legi-</strong></span> 
     </span>
    </p>
   </div>
   <div class='ocr_carea' id='block_1_71' title="bbox 2007 2473 3575 2550">
    <p class='ocr_par' dir='ltr' id='par_1_71' title="bbox 2007 2473 3575 2550">
     <span class='ocr_line' id='line_1_71' title="bbox 2007 2473 3575 2550; baseline 0.005 -22"><span class='ocrx_word' id='word_1_492' title='bbox 2007 2473 2111 2529; x_wconf 90' lang='lat' dir='ltr'><strong>bus</strong></span> <span class='ocrx_word' id='word_1_493' title='bbox 2151 2474 2489 2544; x_wconf 89' lang='lat' dir='ltr'><strong>temperavit.</strong></span> <span class='ocrx_word' id='word_1_494' title='bbox 2520 2473 2677 2529; x_wconf 88' lang='lat' dir='ltr'><strong>Hunc</strong></span> <span class='ocrx_word' id='word_1_495' title='bbox 2717 2476 2889 2531; x_wconf 90' lang='lat' dir='ltr'><strong>secuti</strong></span> <span class='ocrx_word' id='word_1_496' title='bbox 2931 2478 3237 2549; x_wconf 63' lang='lat' dir='ltr'><strong>prophetae,</strong></span> <span class='ocrx_word' id='word_1_497' title='bbox 3283 2482 3378 2550; x_wconf 91' lang='lat' dir='ltr'><strong>qui</strong></span> <span class='ocrx_word' id='word_1_498' title='bbox 3424 2489 3575 2537; x_wconf 87' lang='lat' dir='ltr'><strong>tanto</strong></span> 
     </span>
    </p>
   </div>
   <div class='ocr_carea' id='block_1_72' title="bbox 2007 2566 3572 2645">
    <p class='ocr_par' dir='ltr' id='par_1_72' title="bbox 2007 2566 3572 2645">
     <span class='ocr_line' id='line_1_72' title="bbox 2007 2566 3572 2645; baseline 0.008 -27"><span class='ocrx_word' id='word_1_499' title='bbox 2007 2573 2130 2633; x_wconf 90' lang='lat' dir='ltr'><strong>post</strong></span> <span class='ocrx_word' id='word_1_500' title='bbox 2160 2580 2286 2620; x_wconf 89' lang='lat' dir='ltr'><strong>eum</strong></span> <span class='ocrx_word' id='word_1_501' title='bbox 2318 2566 2602 2622; x_wconf 89' lang='lat' dir='ltr'><strong>intervallo</strong></span> <span class='ocrx_word' id='word_1_502' title='bbox 2632 2569 2911 2634; x_wconf 90' lang='lat' dir='ltr'><strong>claruere,</strong></span> <span class='ocrx_word' id='word_1_503' title='bbox 2948 2586 3016 2625; x_wconf 91' lang='lat' dir='ltr'><strong>ne</strong></span> <span class='ocrx_word' id='word_1_504' title='bbox 3044 2572 3326 2627; x_wconf 90' lang='lat' dir='ltr'><strong>minimam</strong></span> <span class='ocrx_word' id='word_1_505' title='bbox 3350 2575 3572 2645; x_wconf 89' lang='lat' dir='ltr'><strong>quidem</strong></span> 
     </span>
    </p>
   </div>
   <div class='ocr_carea' id='block_1_73' title="bbox 2005 2654 3575 2731">
    <p class='ocr_par' dir='ltr' id='par_1_73' title="bbox 2005 2654 3575 2731">
     <span class='ocr_line' id='line_1_73' title="bbox 2005 2654 3575 2731; baseline 0.007 -22"><span class='ocrx_word' id='word_1_506' title='bbox 2005 2654 2253 2710; x_wconf 88' lang='lat' dir='ltr'><strong>voculam</strong></span> <span class='ocrx_word' id='word_1_507' title='bbox 2288 2656 2502 2711; x_wconf 87' lang='lat' dir='ltr'><strong>mittere</strong></span> <span class='ocrx_word' id='word_1_508' title='bbox 2539 2666 2669 2712; x_wconf 89' lang='lat' dir='ltr'><strong>sunt</strong></span> <span class='ocrx_word' id='word_1_509' title='bbox 2696 2659 2845 2722; x_wconf 89' lang='lat' dir='ltr'><strong>ausi,</strong></span> <span class='ocrx_word' id='word_1_510' title='bbox 2871 2674 2994 2728; x_wconf 74' lang='lat' dir='ltr'><strong>qua:</strong></span> <span class='ocrx_word' id='word_1_511' title='bbox 3019 2659 3103 2713; x_wconf 87' lang='lat' dir='ltr'><strong>vel</strong></span> <span class='ocrx_word' id='word_1_512' title='bbox 3135 2675 3168 2714; x_wconf 89' lang='lat' dir='ltr'><strong>a</strong></span> <span class='ocrx_word' id='word_1_513' title='bbox 3198 2676 3256 2715; x_wconf 89' lang='lat' dir='ltr'><strong>se</strong></span> <span class='ocrx_word' id='word_1_514' title='bbox 3289 2662 3442 2731; x_wconf 88' lang='lat' dir='ltr'><strong>ipsis,</strong></span> <span class='ocrx_word' id='word_1_515' title='bbox 3488 2665 3575 2720; x_wconf 78' lang='lat' dir='ltr'><strong>vel</strong></span> 
     </span>
    </p>
   </div>
   <div class='ocr_carea' id='block_1_74' title="bbox 2005 2743 3573 2817">
    <p class='ocr_par' dir='ltr' id='par_1_74' title="bbox 2005 2743 3573 2817">
     <span class='ocr_line' id='line_1_74' title="bbox 2005 2743 3573 2817; baseline 0.006 -20"><span class='ocrx_word' id='word_1_516' title='bbox 2005 2743 2073 2799; x_wconf 89' lang='lat' dir='ltr'><strong>ab</strong></span> <span class='ocrx_word' id='word_1_517' title='bbox 2107 2743 2175 2798; x_wconf 90' lang='lat' dir='ltr'><strong>iis</strong></span> <span class='ocrx_word' id='word_1_518' title='bbox 2206 2759 2328 2814; x_wconf 85' lang='lat' dir='ltr'><strong>quae</strong></span> <span class='ocrx_word' id='word_1_519' title='bbox 2372 2743 2509 2799; x_wconf 83' lang='lat' dir='ltr'><strong>Mosi</strong></span> <span class='ocrx_word' id='word_1_520' title='bbox 2546 2748 2877 2817; x_wconf 83' lang='lat' dir='ltr'><strong>caeterisque</strong></span> <span class='ocrx_word' id='word_1_521' title='bbox 2907 2745 3017 2802; x_wconf 90' lang='lat' dir='ltr'><strong>Deo</strong></span> <span class='ocrx_word' id='word_1_522' title='bbox 3049 2749 3230 2804; x_wconf 87' lang='lat' dir='ltr'><strong>charis</strong></span> <span class='ocrx_word' id='word_1_523' title='bbox 3260 2749 3573 2808; x_wconf 88' lang='lat' dir='ltr'><strong>hominibus</strong></span> 
     </span>
    </p>
   </div>
   <div class='ocr_carea' id='block_1_75' title="bbox 2003 2831 3571 2906">
    <p class='ocr_par' dir='ltr' id='par_1_75' title="bbox 2003 2831 3571 2906">
     <span class='ocr_line' id='line_1_75' title="bbox 2003 2831 3571 2906; baseline 0.006 -21"><span class='ocrx_word' id='word_1_524' title='bbox 2003 2832 2360 2902; x_wconf 88' lang='lat' dir='ltr'><strong>placuerant,</strong></span> <span class='ocrx_word' id='word_1_525' title='bbox 2414 2831 2602 2887; x_wconf 87' lang='lat' dir='ltr'><strong>leviter</strong></span> <span class='ocrx_word' id='word_1_526' title='bbox 2653 2835 2961 2889; x_wconf 83' lang='lat' dir='ltr'><strong>dissideret.</strong></span> <span class='ocrx_word' id='word_1_527' title='bbox 3018 2835 3205 2906; x_wconf 82' lang='lat' dir='ltr'><strong>Neque</strong></span> <span class='ocrx_word' id='word_1_528' title='bbox 3258 2839 3571 2895; x_wconf 78' lang='lat' dir='ltr'><strong>Christiana</strong></span> 
     </span>
    </p>
   </div>
   <div class='ocr_carea' id='block_1_76' title="bbox 2003 2921 3568 2995">
    <p class='ocr_par' dir='ltr' id='par_1_76' title="bbox 2003 2921 3568 2995">
     <span class='ocr_line' id='line_1_76' title="bbox 2003 2921 3568 2995; baseline 0.006 -20"><span class='ocrx_word' id='word_1_529' title='bbox 2003 2921 2246 2991; x_wconf 82' lang='lat' dir='ltr'><strong>profecto</strong></span> <span class='ocrx_word' id='word_1_530' title='bbox 2275 2923 2525 2979; x_wconf 89' lang='lat' dir='ltr'><strong>doctrina</strong></span> <span class='ocrx_word' id='word_1_531' title='bbox 2545 2965 2559 2990; x_wconf 94' lang='lat'><strong>,</strong></span> <span class='ocrx_word' id='word_1_532' title='bbox 2590 2940 2710 2994; x_wconf 75' lang='lat' dir='ltr'><strong>quae</strong></span> <span class='ocrx_word' id='word_1_533' title='bbox 2742 2925 2931 2979; x_wconf 87' lang='lat' dir='ltr'><strong>iisdem</strong></span> <span class='ocrx_word' id='word_1_534' title='bbox 2960 2926 3153 2981; x_wconf 88' lang='lat' dir='ltr'><strong>hausta</strong></span> <span class='ocrx_word' id='word_1_535' title='bbox 3177 2944 3243 2982; x_wconf 83' lang='lat' dir='ltr'><strong>ex</strong></span> <span class='ocrx_word' id='word_1_536' title='bbox 3284 2929 3524 2985; x_wconf 84' lang='lat' dir='ltr'><strong>fontibus</strong></span> <span class='ocrx_word' id='word_1_537' title='bbox 3551 2970 3568 2995; x_wconf 91' lang='lat'><strong>,</strong></span> 
     </span>
    </p>
   </div>
   <div class='ocr_carea' id='block_1_77' title="bbox 2000 3014 3572 3091">
    <p class='ocr_par' dir='ltr' id='par_1_77' title="bbox 2000 3014 3572 3091">
     <span class='ocr_line' id='line_1_77' title="bbox 2000 3014 3572 3091; baseline 0.006 -23"><span class='ocrx_word' id='word_1_538' title='bbox 2000 3014 2054 3068; x_wconf 91' lang='lat' dir='ltr'><strong>vi</strong></span> <span class='ocrx_word' id='word_1_539' title='bbox 2081 3030 2305 3084; x_wconf 88' lang='lat' dir='ltr'><strong>prorsus</strong></span> <span class='ocrx_word' id='word_1_540' title='bbox 2333 3014 2513 3070; x_wconf 86' lang='lat' dir='ltr'><strong>divina</strong></span> <span class='ocrx_word' id='word_1_541' title='bbox 2542 3014 2760 3070; x_wconf 59' lang='lat' dir='ltr'><strong>Graecos</strong></span> <span class='ocrx_word' id='word_1_542' title='bbox 2783 3017 2946 3071; x_wconf 90' lang='lat' dir='ltr'><strong>simul</strong></span> <span class='ocrx_word' id='word_1_543' title='bbox 2985 3034 3173 3073; x_wconf 83' lang='lat' dir='ltr'><strong>omnes</strong></span> <span class='ocrx_word' id='word_1_544' title='bbox 3201 3020 3572 3091; x_wconf 79' lang='lat' dir='ltr'><strong>barbarosque</strong></span> 
     </span>
    </p>
   </div>
   <div class='ocr_carea' id='block_1_78' title="bbox 2002 3108 3567 3179">
    <p class='ocr_par' dir='ltr' id='par_1_78' title="bbox 2002 3108 3567 3179">
     <span class='ocr_line' id='line_1_78' title="bbox 2002 3108 3567 3179; baseline 0.004 -19"><span class='ocrx_word' id='word_1_545' title='bbox 2002 3108 2274 3177; x_wconf 89' lang='lat' dir='ltr'><strong>pervasit,</strong></span> <span class='ocrx_word' id='word_1_546' title='bbox 2302 3108 2597 3177; x_wconf 81' lang='lat' dir='ltr'><strong>quidquam</strong></span> <span class='ocrx_word' id='word_1_547' title='bbox 2623 3109 2781 3161; x_wconf 84' lang='lat' dir='ltr'><strong>habet</strong></span> <span class='ocrx_word' id='word_1_548' title='bbox 2814 3124 2939 3163; x_wconf 89' lang='lat' dir='ltr'><strong>cum</strong></span> <span class='ocrx_word' id='word_1_549' title='bbox 2966 3111 3311 3179; x_wconf 77' lang='lat' dir='ltr'><strong>superiorum</strong></span> <span class='ocrx_word' id='word_1_550' title='bbox 3353 3112 3567 3166; x_wconf 78' lang='lat' dir='ltr'><strong>illorum</strong></span> 
     </span>
    </p>
   </div>
   <div class='ocr_carea' id='block_1_79' title="bbox 2002 3199 3568 3271">
    <p class='ocr_par' dir='ltr' id='par_1_79' title="bbox 2002 3199 3568 3271">
     <span class='ocr_line' id='line_1_79' title="bbox 2002 3199 3568 3271; baseline 0.003 -18"><span class='ocrx_word' id='word_1_551' title='bbox 2002 3199 2162 3255; x_wconf 86' lang='lat' dir='ltr'><strong>dictis</strong></span> <span class='ocrx_word' id='word_1_552' title='bbox 2214 3199 2532 3271; x_wconf 82' lang='lat' dir='ltr'><strong>legibusque</strong></span> <span class='ocrx_word' id='word_1_553' title='bbox 2586 3215 2879 3270; x_wconf 81' lang='lat' dir='ltr'><strong>pugnans:</strong></span> <span class='ocrx_word' id='word_1_554' title='bbox 2911 3200 3015 3255; x_wconf 88' lang='lat' dir='ltr'><strong>nisi</strong></span> <span class='ocrx_word' id='word_1_555' title='bbox 3062 3202 3243 3271; x_wconf 80' lang='lat' dir='ltr'><strong>potius</strong></span> <span class='ocrx_word' id='word_1_556' title='bbox 3277 3203 3568 3258; x_wconf 86' lang='lat' dir='ltr'><strong>dicendum</strong></span> 
     </span>
    </p>
   </div>
   <div class='ocr_carea' id='block_1_80' title="bbox 2003 3289 3570 3359">
    <p class='ocr_par' dir='ltr' id='par_1_80' title="bbox 2003 3289 3570 3359">
     <span class='ocr_line' id='line_1_80' title="bbox 2003 3289 3570 3359; baseline 0.003 -16"><span class='ocrx_word' id='word_1_557' title='bbox 2003 3289 2133 3343; x_wconf 89' lang='lat' dir='ltr'><strong>illud</strong></span> <span class='ocrx_word' id='word_1_558' title='bbox 2165 3289 2545 3356; x_wconf 85' lang='lat' dir='ltr'><strong>sit,eamdem</strong></span> <span class='ocrx_word' id='word_1_559' title='bbox 2594 3290 2837 3359; x_wconf 88' lang='lat' dir='ltr'><strong>penitus,</strong></span> <span class='ocrx_word' id='word_1_560' title='bbox 2881 3307 3044 3359; x_wconf 87' lang='lat' dir='ltr'><strong>quam</strong></span> <span class='ocrx_word' id='word_1_561' title='bbox 3098 3292 3175 3346; x_wconf 89' lang='lat' dir='ltr'><strong>illi</strong></span> <span class='ocrx_word' id='word_1_562' title='bbox 3228 3291 3376 3347; x_wconf 86' lang='lat' dir='ltr'><strong>Mose</strong></span> <span class='ocrx_word' id='word_1_563' title='bbox 3428 3295 3570 3348; x_wconf 89' lang='lat' dir='ltr'><strong>anti-</strong></span> 
     </span>
    </p>
   </div>
   <div class='ocr_carea' id='block_1_81' title="bbox 2003 3367 3569 3452">
    <p class='ocr_par' dir='ltr' id='par_1_81' title="bbox 2003 3367 3569 3452">
     <span class='ocr_line' id='line_1_81' title="bbox 2003 3367 3569 3452; baseline 0.002 -16"><span class='ocrx_word' id='word_1_564' title='bbox 2003 3382 2221 3452; x_wconf 86' lang='lat' dir='ltr'><strong>quiores</strong></span> <span class='ocrx_word' id='word_1_565' title='bbox 2259 3380 2509 3445; x_wconf 69' lang='lat' dir='ltr'><strong>Hebrmi,</strong></span> <span class='ocrx_word' id='word_1_566' title='bbox 2560 3379 2773 3450; x_wconf 83' lang='lat' dir='ltr'><strong>Deoque</strong></span> <span class='ocrx_word' id='word_1_567' title='bbox 2808 3382 3101 3450; x_wconf 79' lang='lat' dir='ltr'><strong>gratissimi</strong></span> <span class='ocrx_word' id='word_1_568' title='bbox 3149 3391 3408 3450; x_wconf 88' lang='lat' dir='ltr'><strong>tenuere,</strong></span> <span class='ocrx_word' id='word_1_569' title='bbox 3468 3367 3569 3439; x_wconf 70' lang='lat' dir='ltr'><strong>nec</strong></span> 
     </span>
    </p>
   </div>
   <div class='ocr_carea' id='block_1_82' title="bbox 2003 3472 3571 3541">
    <p class='ocr_par' dir='ltr' id='par_1_82' title="bbox 2003 3472 3571 3541">
     <span class='ocr_line' id='line_1_82' title="bbox 2003 3472 3571 3541; baseline 0.004 -15"><span class='ocrx_word' id='word_1_570' title='bbox 2003 3473 2233 3527; x_wconf 88' lang='lat' dir='ltr'><strong>decretis</strong></span> <span class='ocrx_word' id='word_1_571' title='bbox 2260 3472 2421 3526; x_wconf 89' lang='lat' dir='ltr'><strong>modo</strong></span> <span class='ocrx_word' id='word_1_572' title='bbox 2450 3472 2762 3541; x_wconf 84' lang='lat' dir='ltr'><strong>theologi:e,</strong></span> <span class='ocrx_word' id='word_1_573' title='bbox 2792 3473 2885 3526; x_wconf 88' lang='lat' dir='ltr'><strong>sed</strong></span> <span class='ocrx_word' id='word_1_574' title='bbox 2926 3474 3090 3527; x_wconf 88' lang='lat' dir='ltr'><strong>etiam</strong></span> <span class='ocrx_word' id='word_1_575' title='bbox 3126 3474 3389 3529; x_wconf 88' lang='lat' dir='ltr'><strong>institutis</strong></span> <span class='ocrx_word' id='word_1_576' title='bbox 3426 3490 3571 3533; x_wconf 86' lang='lat' dir='ltr'><strong>eam-</strong></span> 
     </span>
    </p>
   </div>
   <div class='ocr_carea' id='block_1_83' title="bbox 2001 3561 3569 3629">
    <p class='ocr_par' dir='ltr' id='par_1_83' title="bbox 2001 3561 3569 3629">
     <span class='ocr_line' id='line_1_83' title="bbox 2001 3561 3569 3629; baseline 0.004 -14"><span class='ocrx_word' id='word_1_577' title='bbox 2001 3561 2125 3615; x_wconf 90' lang='lat' dir='ltr'><strong>dem</strong></span> <span class='ocrx_word' id='word_1_578' title='bbox 2157 3578 2220 3617; x_wconf 90' lang='lat' dir='ltr'><strong>ac</strong></span> <span class='ocrx_word' id='word_1_579' title='bbox 2255 3562 2537 3629; x_wconf 87' lang='lat' dir='ltr'><strong>moribus,</strong></span> <span class='ocrx_word' id='word_1_580' title='bbox 2578 3562 2703 3616; x_wconf 62' lang='lat' dir='ltr'><strong>vitae</strong></span> <span class='ocrx_word' id='word_1_581' title='bbox 2757 3563 2825 3616; x_wconf 90' lang='lat' dir='ltr'><strong>ab</strong></span> <span class='ocrx_word' id='word_1_582' title='bbox 2876 3578 2939 3617; x_wconf 91' lang='lat' dir='ltr'><strong>ea</strong></span> <span class='ocrx_word' id='word_1_583' title='bbox 2996 3562 3229 3619; x_wconf 88' lang='lat' dir='ltr'><strong>formam</strong></span> <span class='ocrx_word' id='word_1_584' title='bbox 3276 3567 3569 3621; x_wconf 81' lang='lat' dir='ltr'><strong>rationem-</strong></span> 
     </span>
    </p>
   </div>
   <div class='ocr_carea' id='block_1_84' title="bbox 2002 3652 3571 3725">
    <p class='ocr_par' dir='ltr' id='par_1_84' title="bbox 2002 3652 3571 3725">
     <span class='ocr_line' id='line_1_84' title="bbox 2002 3652 3571 3725; baseline 0.003 -17"><span class='ocrx_word' id='word_1_585' title='bbox 2002 3671 2107 3725; x_wconf 90' lang='lat' dir='ltr'><strong>que</strong></span> <span class='ocrx_word' id='word_1_586' title='bbox 2145 3654 2447 3725; x_wconf 66' lang='lat' dir='ltr'><strong>praescribi.</strong></span> <span class='ocrx_word' id='word_1_587' title='bbox 2482 3652 2614 3719; x_wconf 66' lang='lat' dir='ltr'><strong>Quae</strong></span> <span class='ocrx_word' id='word_1_588' title='bbox 2663 3655 2880 3724; x_wconf 88' lang='lat' dir='ltr'><strong>quidem</strong></span> <span class='ocrx_word' id='word_1_589' title='bbox 2904 3655 3173 3724; x_wconf 88' lang='lat' dir='ltr'><strong>ejusmodi</strong></span> <span class='ocrx_word' id='word_1_590' title='bbox 3211 3665 3326 3723; x_wconf 88' lang='lat' dir='ltr'><strong>est,</strong></span> <span class='ocrx_word' id='word_1_591' title='bbox 3354 3667 3415 3712; x_wconf 89' lang='lat' dir='ltr'><strong>ut</strong></span> <span class='ocrx_word' id='word_1_592' title='bbox 3461 3674 3571 3714; x_wconf 87' lang='lat' dir='ltr'><strong>una</strong></span> 
     </span>
    </p>
   </div>
   <div class='ocr_carea' id='block_1_85' title="bbox 2004 3746 3572 3817">
    <p class='ocr_par' dir='ltr' id='par_1_85' title="bbox 2004 3746 3572 3817">
     <span class='ocr_line' id='line_1_85' title="bbox 2004 3746 3572 3817; baseline 0.004 -16"><span class='ocrx_word' id='word_1_593' title='bbox 2004 3755 2111 3801; x_wconf 88' lang='lat' dir='ltr'><strong>tam</strong></span> <span class='ocrx_word' id='word_1_594' title='bbox 2159 3747 2493 3817; x_wconf 90' lang='lat' dir='ltr'><strong>primorum,</strong></span> <span class='ocrx_word' id='word_1_595' title='bbox 2550 3761 2714 3816; x_wconf 88' lang='lat' dir='ltr'><strong>quam</strong></span> <span class='ocrx_word' id='word_1_596' title='bbox 2766 3746 3103 3813; x_wconf 87' lang='lat' dir='ltr'><strong>mediorum,</strong></span> <span class='ocrx_word' id='word_1_597' title='bbox 3139 3764 3204 3803; x_wconf 90' lang='lat' dir='ltr'><strong>ac</strong></span> <span class='ocrx_word' id='word_1_598' title='bbox 3247 3751 3572 3807; x_wconf 62' lang='lat' dir='ltr'><strong>novissimo-</strong></span> 
     </span>
    </p>
   </div>
   <div class='ocr_carea' id='block_1_86' title="bbox 1999 3841 3571 3912">
    <p class='ocr_par' dir='ltr' id='par_1_86' title="bbox 1999 3841 3571 3912">
     <span class='ocr_line' id='line_1_86' title="bbox 1999 3841 3571 3912; baseline 0.004 -16"><span class='ocrx_word' id='word_1_599' title='bbox 1999 3858 2122 3897; x_wconf 91' lang='lat' dir='ltr'><strong>rum</strong></span> <span class='ocrx_word' id='word_1_600' title='bbox 2170 3841 2436 3897; x_wconf 89' lang='lat' dir='ltr'><strong>sententia</strong></span> <span class='ocrx_word' id='word_1_601' title='bbox 2470 3856 2714 3910; x_wconf 90' lang='lat' dir='ltr'><strong>voceque</strong></span> <span class='ocrx_word' id='word_1_602' title='bbox 2768 3849 2999 3904; x_wconf 79' lang='lat' dir='ltr'><strong>testata,</strong></span> <span class='ocrx_word' id='word_1_603' title='bbox 3055 3859 3199 3897; x_wconf 71' lang='lat' dir='ltr'><strong>verae</strong></span> <span class='ocrx_word' id='word_1_604' title='bbox 3247 3844 3464 3912; x_wconf 89' lang='lat' dir='ltr'><strong>pietatis</strong></span> <span class='ocrx_word' id='word_1_605' title='bbox 3516 3856 3571 3902; x_wconf 89' lang='lat' dir='ltr'><strong>et</strong></span> 
     </span>
    </p>
   </div>
   <div class='ocr_carea' id='block_1_87' title="bbox 2000 3933 3566 4005">
    <p class='ocr_par' dir='ltr' id='par_1_87' title="bbox 2000 3933 3566 4005">
     <span class='ocr_line' id='line_1_87' title="bbox 2000 3933 3566 4005; baseline 0.001 -17"><span class='ocrx_word' id='word_1_606' title='bbox 2000 3935 2356 4005; x_wconf 70' lang='lat' dir='ltr'><strong>philosophiae</strong></span> <span class='ocrx_word' id='word_1_607' title='bbox 2405 3933 2787 3988; x_wconf 89' lang='lat' dir='ltr'><strong>certitudincm</strong></span> <span class='ocrx_word' id='word_1_608' title='bbox 2849 3949 2913 3988; x_wconf 92' lang='lat' dir='ltr'><strong>ac</strong></span> <span class='ocrx_word' id='word_1_609' title='bbox 2977 3934 3288 3988; x_wconf 85' lang='lat' dir='ltr'><strong>ﬁrmitatem</strong></span> <span class='ocrx_word' id='word_1_610' title='bbox 3334 3936 3566 4001; x_wconf 84' lang='lat' dir='ltr'><strong>habeat,</strong></span> 
     </span>
    </p>
   </div>
   <div class='ocr_carea' id='block_1_88' title="bbox 1999 4025 3567 4098">
    <p class='ocr_par' dir='ltr' id='par_1_88' title="bbox 1999 4025 3567 4098">
     <span class='ocr_line' id='line_1_88' title="bbox 1999 4025 3567 4098; baseline 0.001 -16"><span class='ocrx_word' id='word_1_611' title='bbox 1999 4027 2268 4098; x_wconf 77' lang='lat' dir='ltr'><strong>suffragiis</strong></span> <span class='ocrx_word' id='word_1_612' title='bbox 2299 4027 2550 4082; x_wconf 91' lang='lat' dir='ltr'><strong>omnibus</strong></span> <span class='ocrx_word' id='word_1_613' title='bbox 2582 4025 2976 4095; x_wconf 82' lang='lat' dir='ltr'><strong>consignatam.</strong></span> <span class='ocrx_word' id='word_1_614' title='bbox 3010 4026 3186 4095; x_wconf 86' lang='lat' dir='ltr'><strong>Atque</strong></span> <span class='ocrx_word' id='word_1_615' title='bbox 3234 4027 3325 4081; x_wconf 84' lang='lat' dir='ltr'><strong>illa</strong></span> <span class='ocrx_word' id='word_1_616' title='bbox 3372 4028 3453 4083; x_wconf 91' lang='lat' dir='ltr'><strong>sic</strong></span> <span class='ocrx_word' id='word_1_617' title='bbox 3480 4044 3567 4083; x_wconf 87' lang='lat' dir='ltr'><strong>or-</strong></span> 
     </span>
    </p>
   </div>
   <div class='ocr_carea' id='block_1_89' title="bbox 1997 4117 3570 4190">
    <p class='ocr_par' dir='ltr' id='par_1_89' title="bbox 1997 4117 3570 4190">
     <span class='ocr_line' id='line_1_89' title="bbox 1997 4117 3570 4190; baseline -0.001 -15"><span class='ocrx_word' id='word_1_618' title='bbox 1997 4120 2122 4175; x_wconf 86' lang='lat' dir='ltr'><strong>hem</strong></span> <span class='ocrx_word' id='word_1_619' title='bbox 2154 4120 2317 4190; x_wconf 71' lang='lat'><strong>720</strong></span> <span class='ocrx_word' id='word_1_620' title='bbox 2341 4120 2655 4173; x_wconf 90' lang='lat' dir='ltr'><strong>universum</strong></span> <span class='ocrx_word' id='word_1_621' title='bbox 2686 4117 2909 4186; x_wconf 90' lang='lat' dir='ltr'><strong>implet,</strong></span> <span class='ocrx_word' id='word_1_622' title='bbox 2933 4125 2994 4170; x_wconf 90' lang='lat' dir='ltr'><strong>ut</strong></span> <span class='ocrx_word' id='word_1_623' title='bbox 3020 4118 3244 4185; x_wconf 87' lang='lat' dir='ltr'><strong>perinde</strong></span> <span class='ocrx_word' id='word_1_624' title='bbox 3277 4133 3340 4172; x_wconf 90' lang='lat' dir='ltr'><strong>ac</strong></span> <span class='ocrx_word' id='word_1_625' title='bbox 3372 4119 3418 4173; x_wconf 90' lang='lat' dir='ltr'><strong>si</strong></span> <span class='ocrx_word' id='word_1_626' title='bbox 3442 4133 3570 4188; x_wconf 63' lang='lat' dir='ltr'><strong>pauo</strong></span> 
     </span>
    </p>
   </div>
   <div class='ocr_carea' id='block_1_90' title="bbox 1997 4205 3565 4279">
    <p class='ocr_par' dir='ltr' id='par_1_90' title="bbox 1997 4205 3565 4279">
     <span class='ocr_line' id='line_1_90' title="bbox 1997 4205 3565 4279; baseline -0.001 -14"><span class='ocrx_word' id='word_1_627' title='bbox 1997 4211 2051 4265; x_wconf 92' lang='lat' dir='ltr'><strong>lo</strong></span> <span class='ocrx_word' id='word_1_628' title='bbox 2075 4220 2200 4265; x_wconf 92' lang='lat' dir='ltr'><strong>ante</strong></span> <span class='ocrx_word' id='word_1_629' title='bbox 2230 4219 2347 4264; x_wconf 89' lang='lat' dir='ltr'><strong>sata</strong></span> <span class='ocrx_word' id='word_1_630' title='bbox 2379 4210 2616 4279; x_wconf 88' lang='lat' dir='ltr'><strong>primum</strong></span> <span class='ocrx_word' id='word_1_631' title='bbox 2637 4248 2653 4273; x_wconf 94' lang='lat'><strong>,</strong></span> <span class='ocrx_word' id='word_1_632' title='bbox 2690 4216 2852 4275; x_wconf 90' lang='lat' dir='ltr'><strong>atque</strong></span> <span class='ocrx_word' id='word_1_633' title='bbox 2887 4205 2942 4258; x_wconf 92' lang='lat' dir='ltr'><strong>in</strong></span> <span class='ocrx_word' id='word_1_634' title='bbox 2975 4206 3150 4259; x_wconf 88' lang='lat' dir='ltr'><strong>lucem</strong></span> <span class='ocrx_word' id='word_1_635' title='bbox 3178 4207 3373 4261; x_wconf 91' lang='lat' dir='ltr'><strong>educta</strong></span> <span class='ocrx_word' id='word_1_636' title='bbox 3397 4218 3565 4275; x_wconf 90' lang='lat' dir='ltr'><strong>esset,</strong></span> 
     </span>
    </p>
   </div>
   <div class='ocr_carea' id='block_1_91' title="bbox 1998 4294 3562 4369">
    <p class='ocr_par' dir='ltr' id='par_1_91' title="bbox 1998 4294 3562 4369">
     <span class='ocr_line' id='line_1_91' title="bbox 1998 4294 3562 4369; baseline -0.001 -13"><span class='ocrx_word' id='word_1_637' title='bbox 1998 4301 2272 4356; x_wconf 85' lang='lat' dir='ltr'><strong>adolescat</strong></span> <span class='ocrx_word' id='word_1_638' title='bbox 2299 4300 2354 4353; x_wconf 91' lang='lat' dir='ltr'><strong>in</strong></span> <span class='ocrx_word' id='word_1_639' title='bbox 2387 4298 2503 4353; x_wconf 91' lang='lat' dir='ltr'><strong>dies</strong></span> <span class='ocrx_word' id='word_1_640' title='bbox 2523 4336 2538 4362; x_wconf 90' lang='lat'><strong>,</strong></span> <span class='ocrx_word' id='word_1_641' title='bbox 2573 4305 2627 4350; x_wconf 89' lang='lat' dir='ltr'><strong>ct</strong></span> <span class='ocrx_word' id='word_1_642' title='bbox 2649 4295 2954 4350; x_wconf 85' lang='lat' dir='ltr'><strong>ctllorcscat</strong></span> <span class='ocrx_word' id='word_1_643' title='bbox 2982 4294 3155 4365; x_wconf 84' lang='lat' dir='ltr'><strong>magis</strong></span> <span class='ocrx_word' id='word_1_644' title='bbox 3184 4304 3347 4365; x_wconf 89' lang='lat' dir='ltr'><strong>atque</strong></span> <span class='ocrx_word' id='word_1_645' title='bbox 3368 4300 3562 4369; x_wconf 89' lang='lat' dir='ltr'><strong>magis.</strong></span> 
     </span>
    </p>
   </div>
   <div class='ocr_carea' id='block_1_92' title="bbox 1995 4385 3563 4459">
    <p class='ocr_par' dir='ltr' id='par_1_92' title="bbox 1995 4385 3563 4459">
     <span class='ocr_line' id='line_1_92' title="bbox 1995 4385 3563 4459; baseline 0 -15"><span class='ocrx_word' id='word_1_646' title='bbox 1995 4388 2108 4447; x_wconf 90' lang='lat' dir='ltr'><strong>Nec</strong></span> <span class='ocrx_word' id='word_1_647' title='bbox 2131 4391 2241 4443; x_wconf 90' lang='lat' dir='ltr'><strong>vim</strong></span> <span class='ocrx_word' id='word_1_648' title='bbox 2269 4388 2388 4459; x_wconf 84' lang='lat' dir='ltr'><strong>ejus</strong></span> <span class='ocrx_word' id='word_1_649' title='bbox 2423 4396 2587 4456; x_wconf 80' lang='lat' dir='ltr'><strong>atque</strong></span> <span class='ocrx_word' id='word_1_650' title='bbox 2614 4385 2977 4440; x_wconf 87' lang='lat' dir='ltr'><strong>constantiam</strong></span> <span class='ocrx_word' id='word_1_651' title='bbox 3010 4385 3187 4455; x_wconf 87' lang='lat' dir='ltr'><strong>legum</strong></span> <span class='ocrx_word' id='word_1_652' title='bbox 3216 4389 3528 4445; x_wconf 88' lang='lat' dir='ltr'><strong>sanctiones</strong></span> <span class='ocrx_word' id='word_1_653' title='bbox 3546 4428 3563 4453; x_wconf 90' lang='lat'><strong>,</strong></span> 
     </span>
    </p>
   </div>
   <div class='ocr_carea' id='block_1_93' title="bbox 1997 4475 3566 4548">
    <p class='ocr_par' dir='ltr' id='par_1_93' title="bbox 1997 4475 3566 4548">
     <span class='ocr_line' id='line_1_93' title="bbox 1997 4475 3566 4548; baseline -0.001 -13"><span class='ocrx_word' id='word_1_654' title='bbox 1997 4482 2345 4537; x_wconf 90' lang='lat' dir='ltr'><strong>inimicorum</strong></span> <span class='ocrx_word' id='word_1_655' title='bbox 2381 4477 2632 4540; x_wconf 74' lang='lat' dir='ltr'><strong>insidiae,</strong></span> <span class='ocrx_word' id='word_1_656' title='bbox 2684 4475 2923 4531; x_wconf 87' lang='lat' dir='ltr'><strong>hostium</strong></span> <span class='ocrx_word' id='word_1_657' title='bbox 2975 4477 3171 4547; x_wconf 80' lang='lat' dir='ltr'><strong>gladii,</strong></span> <span class='ocrx_word' id='word_1_658' title='bbox 3217 4492 3453 4548; x_wconf 86' lang='lat' dir='ltr'><strong>quorum</strong></span> <span class='ocrx_word' id='word_1_659' title='bbox 3508 4479 3566 4534; x_wconf 81' lang='lat' dir='ltr'><strong>in</strong></span> 
     </span>
    </p>
   </div>
   <div class='ocr_carea' id='block_1_94' title="bbox 1996 4567 3567 4641">
    <p class='ocr_par' dir='ltr' id='par_1_94' title="bbox 1996 4567 3567 4641">
     <span class='ocr_line' id='line_1_94' title="bbox 1996 4567 3567 4641; baseline -0.003 -9"><span class='ocrx_word' id='word_1_660' title='bbox 1996 4593 2095 4632; x_wconf 89' lang='lat' dir='ltr'><strong>nos</strong></span> <span class='ocrx_word' id='word_1_661' title='bbox 2121 4575 2292 4630; x_wconf 87' lang='lat' dir='ltr'><strong>aciem</strong></span> <span class='ocrx_word' id='word_1_662' title='bbox 2320 4583 2427 4627; x_wconf 85' lang='lat' dir='ltr'><strong>tam</strong></span> <span class='ocrx_word' id='word_1_663' title='bbox 2452 4587 2595 4641; x_wconf 59' lang='lat' dir='ltr'><strong>saepe</strong></span> <span class='ocrx_word' id='word_1_664' title='bbox 2631 4572 2926 4635; x_wconf 83' lang='lat' dir='ltr'><strong>acuebant,</strong></span> <span class='ocrx_word' id='word_1_665' title='bbox 2946 4567 3195 4639; x_wconf 79' lang='lat' dir='ltr'><strong>frangere</strong></span> <span class='ocrx_word' id='word_1_666' title='bbox 3226 4585 3465 4640; x_wconf 90' lang='lat' dir='ltr'><strong>unquam</strong></span> <span class='ocrx_word' id='word_1_667' title='bbox 3501 4585 3567 4627; x_wconf 90' lang='lat' dir='ltr'><strong>ac</strong></span> 
     </span>
    </p>
   </div>
   <div class='ocr_carea' id='block_1_95' title="bbox 318 4660 1903 4745">
    <p class='ocr_par' dir='ltr' id='par_1_95' title="bbox 318 4668 1895 4745">
     <span class='ocr_line' id='line_1_95' title="bbox 318 4668 1895 4745; baseline 0.004 -26"><span class='ocrx_word' id='word_1_668' title='bbox 318 4682 446 4737; x_wconf 75' lang='grc' dir='ltr'>τοὺς</span> <span class='ocrx_word' id='word_1_669' title='bbox 484 4673 620 4743; x_wconf 81' lang='grc' dir='ltr'>ἀμφ’</span> <span class='ocrx_word' id='word_1_670' title='bbox 671 4671 830 4723; x_wconf 82' lang='grc' dir='ltr'>αὐτὸν</span> <span class='ocrx_word' id='word_1_671' title='bbox 867 4670 1136 4741; x_wconf 83' lang='grc' dir='ltr'>διαμάχην</span> <span class='ocrx_word' id='word_1_672' title='bbox 1184 4668 1473 4740; x_wconf 70' lang='grc' dir='ltr'>ἐξελέγχει.</span> <span class='ocrx_word' id='word_1_673' title='bbox 1541 4671 1600 4724; x_wconf 87' lang='lat'><strong>&#39;0</strong></span> <span class='ocrx_word' id='word_1_674' title='bbox 1656 4671 1755 4743; x_wconf 83' lang='grc' dir='ltr'>μὲν</span> <span class='ocrx_word' id='word_1_675' title='bbox 1787 4671 1895 4745; x_wconf 86' lang='grc' dir='ltr'>γὰρ</span> 
     </span>
    </p>
   </div>
   <div class='ocr_carea' id='block_1_96' title="bbox 2003 4660 3562 4745">
    <p class='ocr_par' dir='ltr' id='par_1_96' title="bbox 2003 4660 3562 4736">
     <span class='ocr_line' id='line_1_96' title="bbox 2003 4660 3562 4736; baseline -0.003 -13"><span class='ocrx_word' id='word_1_676' title='bbox 2003 4668 2279 4724; x_wconf 88' lang='lat' dir='ltr'><strong>debilitare</strong></span> <span class='ocrx_word' id='word_1_677' title='bbox 2303 4673 2618 4736; x_wconf 87' lang='lat' dir='ltr'><strong>potuerunt.</strong></span> <span class='ocrx_word' id='word_1_678' title='bbox 2667 4661 2821 4717; x_wconf 86' lang='lat' dir='ltr'><strong>Nunc</strong></span> <span class='ocrx_word' id='word_1_679' title='bbox 2847 4677 2978 4717; x_wconf 83' lang='lat' dir='ltr'><strong>vero</strong></span> <span class='ocrx_word' id='word_1_680' title='bbox 3018 4660 3329 4718; x_wconf 63' lang='lat' dir='ltr'><strong>Graecorum</strong></span> <span class='ocrx_word' id='word_1_681' title='bbox 3381 4665 3562 4734; x_wconf 87' lang='lat' dir='ltr'><strong>philo-</strong></span> 
     </span>
    </p>
   </div>
   <div class='ocr_carea' id='block_1_97' title="bbox 317 4760 1894 4836">
    <p class='ocr_par' dir='ltr' id='par_1_97' title="bbox 317 4760 1894 4836">
     <span class='ocr_line' id='line_1_97' title="bbox 317 4760 1894 4836; baseline 0.001 -19"><span class='ocrx_word' id='word_1_682' title='bbox 317 4764 658 4836; x_wconf 87' lang='grc' dir='ltr'>Δημοκρίτου</span> <span class='ocrx_word' id='word_1_683' title='bbox 690 4760 931 4831; x_wconf 86' lang='grc' dir='ltr'>γεγονὼς</span> <span class='ocrx_word' id='word_1_684' title='bbox 983 4763 1196 4833; x_wconf 80' lang='grc' dir='ltr'>ἑταῖρος</span> <span class='ocrx_word' id='word_1_685' title='bbox 1238 4763 1266 4814; x_wconf 89' lang='grc' dir='ltr'>ὁ</span> <span class='ocrx_word' id='word_1_686' title='bbox 1296 4761 1680 4832; x_wconf 89' lang='grc' dir='ltr'>Πρωταγόρας,</span> <span class='ocrx_word' id='word_1_687' title='bbox 1738 4762 1894 4818; x_wconf 84' lang='grc' dir='ltr'>ἀθεον</span> 
     </span>
    </p>
   </div>
   <div class='ocr_carea' id='block_1_98' title="bbox 318 4844 1893 4925">
    <p class='ocr_par' dir='ltr' id='par_1_98' title="bbox 318 4844 1893 4925">
     <span class='ocr_line' id='line_1_98' title="bbox 318 4844 1893 4925; baseline -0.001 -17"><span class='ocrx_word' id='word_1_688' title='bbox 318 4855 588 4925; x_wconf 65' lang='grc' dir='ltr'>ἐκτήσατο</span> <span class='ocrx_word' id='word_1_689' title='bbox 642 4851 831 4918; x_wconf 80' lang='grc' dir='ltr'>δόξαν.</span> <span class='ocrx_word' id='word_1_690' title='bbox 884 4850 1116 4919; x_wconf 88' lang='grc' dir='ltr'>Λέγεται</span> <span class='ocrx_word' id='word_1_691' title='bbox 1173 4851 1302 4919; x_wconf 88' lang='grc' dir='ltr'>γοῦν</span> <span class='ocrx_word' id='word_1_692' title='bbox 1361 4850 1536 4922; x_wconf 82' lang='grc' dir='ltr'>τοιᾷδε</span> <span class='ocrx_word' id='word_1_693' title='bbox 1580 4844 1893 4924; x_wconf 81' lang='grc' dir='ltr'>’κεχρῆσθαι</span> 
     </span>
    </p>
   </div>
   <div class='ocr_carea' id='block_1_99' title="bbox 317 4941 1892 5017">
    <p class='ocr_par' dir='ltr' id='par_1_99' title="bbox 317 4941 1892 5017">
     <span class='ocr_line' id='line_1_99' title="bbox 317 4941 1892 5017; baseline -0.003 -16"><span class='ocrx_word' id='word_1_694' title='bbox 317 4946 537 5017; x_wconf 69' lang='grc' dir='ltr'>εἰσϐολῇ</span> <span class='ocrx_word' id='word_1_695' title='bbox 571 4948 629 4999; x_wconf 81' lang='grc' dir='ltr'><strong>έν</strong></span> <span class='ocrx_word' id='word_1_696' title='bbox 652 4944 731 5016; x_wconf 84' lang='grc' dir='ltr'>τῷ</span> <span class='ocrx_word' id='word_1_697' title='bbox 760 4943 902 5012; x_wconf 74' lang='grc' dir='ltr'>Περὶ</span> <span class='ocrx_word' id='word_1_698' title='bbox 927 4941 1078 4997; x_wconf 84' lang='grc' dir='ltr'>θεῶν</span> <span class='ocrx_word' id='word_1_699' title='bbox 1104 4942 1497 5014; x_wconf 85' lang='grc' dir='ltr'>συγγράμματι</span> <span class='ocrx_word' id='word_1_700' title='bbox 1516 4959 1532 4974; x_wconf 76' lang='grc' dir='ltr'><strong>ο</strong></span> <span class='ocrx_word' id='word_1_701' title='bbox 1563 4960 1582 4993; x_wconf 79' lang='grc' dir='ltr'><strong>ι</strong></span> <span class='ocrx_word' id='word_1_702' title='bbox 1621 4944 1755 5014; x_wconf 76' lang='grc' dir='ltr'>Περὶ</span> <span class='ocrx_word' id='word_1_703' title='bbox 1794 4944 1892 5015; x_wconf 84' lang='grc' dir='ltr'><strong>μὲν</strong></span> 
     </span>
    </p>
   </div>
   <div class='ocr_carea' id='block_1_100' title="bbox 320 5032 1888 5100">
    <p class='ocr_par' dir='ltr' id='par_1_100' title="bbox 320 5032 1888 5100">
     <span class='ocr_line' id='line_1_100' title="bbox 320 5032 1888 5100; baseline -0.002 -8"><span class='ocrx_word' id='word_1_704' title='bbox 320 5038 458 5092; x_wconf 83' lang='grc' dir='ltr'>θεῶν</span> <span class='ocrx_word' id='word_1_705' title='bbox 488 5038 587 5090; x_wconf 75' lang='grc' dir='ltr'>οὐκ</span> <span class='ocrx_word' id='word_1_706' title='bbox 607 5033 722 5090; x_wconf 76' lang='grc' dir='ltr'>οῖδα</span> <span class='ocrx_word' id='word_1_707' title='bbox 749 5034 864 5088; x_wconf 74' lang='grc' dir='ltr'>οὔθ’</span> <span class='ocrx_word' id='word_1_708' title='bbox 893 5034 968 5097; x_wconf 86' lang='grc' dir='ltr'>ὥς</span> <span class='ocrx_word' id='word_1_709' title='bbox 999 5035 1137 5087; x_wconf 75' lang='grc' dir='ltr'>εἰσιν</span> <span class='ocrx_word' id='word_1_710' title='bbox 1162 5074 1177 5099; x_wconf 94' lang='grc'><strong>,</strong></span> <span class='ocrx_word' id='word_1_711' title='bbox 1212 5032 1324 5086; x_wconf 74' lang='grc' dir='ltr'>οὗθ’</span> <span class='ocrx_word' id='word_1_712' title='bbox 1350 5033 1426 5097; x_wconf 81' lang='grc' dir='ltr'><strong>ὡς</strong></span> <span class='ocrx_word' id='word_1_713' title='bbox 1446 5032 1547 5088; x_wconf 81' lang='grc' dir='ltr'>οὔκ</span> <span class='ocrx_word' id='word_1_714' title='bbox 1578 5036 1745 5100; x_wconf 71' lang='grc' dir='ltr'>εἰσιν,</span> <span class='ocrx_word' id='word_1_715' title='bbox 1774 5034 1888 5089; x_wconf 81' lang='grc' dir='ltr'>οὔθ’</span> 
     </span>
    </p>
   </div>
   <div class='ocr_carea' id='block_1_101' title="bbox 318 5123 1891 5196">
    <p class='ocr_par' dir='ltr' id='par_1_101' title="bbox 318 5123 1891 5196">
     <span class='ocr_line' id='line_1_101' title="bbox 318 5123 1891 5196; baseline -0.004 -11"><span class='ocrx_word' id='word_1_716' title='bbox 318 5131 494 5185; x_wconf 77' lang='grc' dir='ltr'>ὁποῖοί</span> <span class='ocrx_word' id='word_1_717' title='bbox 521 5145 664 5191; x_wconf 90' lang='grc' dir='ltr'>τινες</span> <span class='ocrx_word' id='word_1_718' title='bbox 695 5127 857 5181; x_wconf 76' lang='grc' dir='ltr'>ἰδέαν.</span> <span class='ocrx_word' id='word_1_719' title='bbox 898 5144 917 5176; x_wconf 71' lang='grc' dir='ltr'><strong>ι</strong></span> <span class='ocrx_word' id='word_1_720' title='bbox 966 5125 1024 5177; x_wconf 88' lang='lat'><strong>&#39;0</strong></span> <span class='ocrx_word' id='word_1_721' title='bbox 1065 5124 1121 5177; x_wconf 83' lang='grc' dir='ltr'>δὲ</span> <span class='ocrx_word' id='word_1_722' title='bbox 1147 5123 1516 5196; x_wconf 83' lang='grc' dir='ltr'>Δημόκριτος,</span> <span class='ocrx_word' id='word_1_723' title='bbox 1550 5123 1724 5196; x_wconf 84' lang='grc' dir='ltr'>ἀρχὰς</span> <span class='ocrx_word' id='word_1_724' title='bbox 1772 5125 1891 5179; x_wconf 86' lang='grc' dir='ltr'><strong>τῶν</strong></span> 
     </span>
    </p>
   </div>
   <div class='ocr_carea' id='block_1_102' title="bbox 318 5215 1890 5292">
    <p class='ocr_par' dir='ltr' id='par_1_102' title="bbox 318 5215 1890 5292">
     <span class='ocr_line' id='line_1_102' title="bbox 318 5215 1890 5292; baseline -0.003 -16"><span class='ocrx_word' id='word_1_725' title='bbox 318 5223 456 5276; x_wconf 79' lang='grc' dir='ltr'>ὅλων</span> <span class='ocrx_word' id='word_1_726' title='bbox 504 5219 607 5292; x_wconf 71' lang='grc' dir='ltr'>ἔφη</span> <span class='ocrx_word' id='word_1_727' title='bbox 641 5215 779 5273; x_wconf 76' lang='grc' dir='ltr'>εἶναι</span> <span class='ocrx_word' id='word_1_728' title='bbox 809 5217 870 5270; x_wconf 88' lang='grc' dir='ltr'><strong>τὸ</strong></span> <span class='ocrx_word' id='word_1_729' title='bbox 898 5216 1053 5270; x_wconf 82' lang='grc' dir='ltr'>κενὸν</span> <span class='ocrx_word' id='word_1_730' title='bbox 1080 5216 1174 5268; x_wconf 79' lang='grc' dir='ltr'>καὶ</span> <span class='ocrx_word' id='word_1_731' title='bbox 1202 5215 1264 5268; x_wconf 86' lang='grc' dir='ltr'>τὸ</span> <span class='ocrx_word' id='word_1_732' title='bbox 1316 5215 1522 5287; x_wconf 85' lang='grc' dir='ltr'>πλῆρες</span> <span class='ocrx_word' id='word_1_733' title='bbox 1541 5233 1556 5247; x_wconf 77' lang='grc' dir='ltr'><strong>ο</strong></span> <span class='ocrx_word' id='word_1_734' title='bbox 1588 5217 1650 5269; x_wconf 84' lang='grc' dir='ltr'><strong>τὸ</strong></span> <span class='ocrx_word' id='word_1_735' title='bbox 1683 5216 1890 5289; x_wconf 89' lang='grc' dir='ltr'>πλῆρες</span> 
     </span>
    </p>
   </div>
   <div class='ocr_carea' id='block_1_103' title="bbox 318 5305 1890 5378">
    <p class='ocr_par' dir='ltr' id='par_1_103' title="bbox 318 5305 1890 5378">
     <span class='ocr_line' id='line_1_103' title="bbox 318 5305 1890 5378; baseline -0.003 -14"><span class='ocrx_word' id='word_1_736' title='bbox 318 5312 377 5365; x_wconf 81' lang='grc' dir='ltr'>ὃν</span> <span class='ocrx_word' id='word_1_737' title='bbox 401 5310 574 5377; x_wconf 89' lang='grc' dir='ltr'>λέγων</span> <span class='ocrx_word' id='word_1_738' title='bbox 602 5309 696 5363; x_wconf 75' lang='grc' dir='ltr'>καὶ</span> <span class='ocrx_word' id='word_1_739' title='bbox 720 5307 959 5378; x_wconf 83' lang='grc' dir='ltr'>στερεὸν,</span> <span class='ocrx_word' id='word_1_740' title='bbox 976 5305 1039 5359; x_wconf 82' lang='grc' dir='ltr'>τὺ</span> <span class='ocrx_word' id='word_1_741' title='bbox 1065 5305 1122 5358; x_wconf 82' lang='grc' dir='ltr'>δὲ</span> <span class='ocrx_word' id='word_1_742' title='bbox 1142 5305 1296 5359; x_wconf 81' lang='grc' dir='ltr'>κενὸν</span> <span class='ocrx_word' id='word_1_743' title='bbox 1322 5305 1397 5376; x_wconf 84' lang='grc' dir='ltr'>μὴ</span> <span class='ocrx_word' id='word_1_744' title='bbox 1416 5306 1497 5359; x_wconf 77' lang='grc' dir='ltr'>ὅν.</span> <span class='ocrx_word' id='word_1_745' title='bbox 1522 5306 1613 5359; x_wconf 84' lang='grc' dir='ltr'>Διὸ</span> <span class='ocrx_word' id='word_1_746' title='bbox 1641 5305 1735 5360; x_wconf 88' lang='grc' dir='ltr'><strong>καί</strong></span> <span class='ocrx_word' id='word_1_747' title='bbox 1756 5324 1890 5378; x_wconf 84' lang='grc' dir='ltr'>φησι</span> 
     </span>
    </p>
   </div>
   <div class='ocr_carea' id='block_1_104' title="bbox 321 5392 1892 5475">
    <p class='ocr_par' dir='ltr' id='par_1_104' title="bbox 321 5392 1892 5475">
     <span class='ocr_line' id='line_1_104' title="bbox 321 5392 1892 5475; baseline -0.002 -21"><span class='ocrx_word' id='word_1_748' title='bbox 321 5402 488 5475; x_wconf 84' lang='grc' dir='ltr'>μηδὲν</span> <span class='ocrx_word' id='word_1_749' title='bbox 522 5400 719 5471; x_wconf 86' lang='grc' dir='ltr'>μᾶλλον</span> <span class='ocrx_word' id='word_1_750' title='bbox 749 5398 811 5451; x_wconf 80' lang='grc' dir='ltr'><strong>τὸ</strong></span> <span class='ocrx_word' id='word_1_751' title='bbox 858 5397 917 5451; x_wconf 81' lang='grc' dir='ltr'>ὃν</span> <span class='ocrx_word' id='word_1_752' title='bbox 942 5397 1035 5450; x_wconf 90' lang='grc' dir='ltr'><strong>τοῦ</strong></span> <span class='ocrx_word' id='word_1_753' title='bbox 1083 5397 1156 5468; x_wconf 86' lang='grc' dir='ltr'><strong>μὴ</strong></span> <span class='ocrx_word' id='word_1_754' title='bbox 1180 5396 1331 5460; x_wconf 74' lang='grc' dir='ltr'>ὄντος</span> <span class='ocrx_word' id='word_1_755' title='bbox 1363 5392 1531 5451; x_wconf 81' lang='grc' dir='ltr'>εἶναι·</span> <span class='ocrx_word' id='word_1_756' title='bbox 1589 5399 1674 5452; x_wconf 80' lang='grc' dir='ltr'>ὅτι</span> <span class='ocrx_word' id='word_1_757' title='bbox 1717 5414 1778 5451; x_wconf 86' lang='grc' dir='ltr'><strong>τε</strong></span> <span class='ocrx_word' id='word_1_758' title='bbox 1831 5396 1892 5463; x_wconf 74' lang='grc' dir='ltr'><strong>ἐξ</strong></span> 
     </span>
    </p>
   </div>
   <div class='ocr_carea' id='block_1_105' title="bbox 317 5486 1891 5558">
    <p class='ocr_par' dir='ltr' id='par_1_105' title="bbox 317 5486 1891 5558">
     <span class='ocr_line' id='line_1_105' title="bbox 317 5486 1891 5558; baseline 0.001 -15"><span class='ocrx_word' id='word_1_759' title='bbox 317 5490 491 5544; x_wconf 81' lang='grc' dir='ltr'>ἀϊδίου</span> <span class='ocrx_word' id='word_1_760' title='bbox 518 5490 585 5541; x_wconf 87' lang='grc' dir='ltr'><strong>τά</strong></span> <span class='ocrx_word' id='word_1_761' title='bbox 611 5489 740 5542; x_wconf 77' lang='grc' dir='ltr'>ὄντα</span> <span class='ocrx_word' id='word_1_762' title='bbox 773 5491 831 5542; x_wconf 80' lang='grc' dir='ltr'>ἐν</span> <span class='ocrx_word' id='word_1_763' title='bbox 862 5487 940 5558; x_wconf 86' lang='grc' dir='ltr'>τῷ</span> <span class='ocrx_word' id='word_1_764' title='bbox 967 5487 1108 5558; x_wconf 82' lang='grc' dir='ltr'>κενῷ</span> <span class='ocrx_word' id='word_1_765' title='bbox 1139 5486 1375 5557; x_wconf 83' lang='grc' dir='ltr'>συνεχῶς</span> <span class='ocrx_word' id='word_1_766' title='bbox 1405 5490 1499 5542; x_wconf 80' lang='grc' dir='ltr'><strong>καὶ</strong></span> <span class='ocrx_word' id='word_1_767' title='bbox 1523 5490 1688 5556; x_wconf 81' lang='grc' dir='ltr'>ὀξέως</span> <span class='ocrx_word' id='word_1_768' title='bbox 1727 5493 1891 5544; x_wconf 86' lang='grc' dir='ltr'>κινεῖ-</span> 
     </span>
    </p>
   </div>
   <div class='ocr_carea' id='block_1_106' title="bbox 314 5575 1887 5651">
    <p class='ocr_par' dir='ltr' id='par_1_106' title="bbox 314 5575 1887 5651">
     <span class='ocr_line' id='line_1_106' title="bbox 314 5575 1887 5651; baseline 0 -18"><span class='ocrx_word' id='word_1_769' title='bbox 314 5599 427 5633; x_wconf 85' lang='grc' dir='ltr'>ται.</span> <span class='ocrx_word' id='word_1_770' title='bbox 474 5580 532 5632; x_wconf 82' lang='lat'><strong>&#39;0</strong></span> <span class='ocrx_word' id='word_1_771' title='bbox 555 5579 613 5632; x_wconf 77' lang='grc' dir='ltr'><strong>δὲ</strong></span> <span class='ocrx_word' id='word_1_772' title='bbox 650 5576 1002 5649; x_wconf 80' lang='grc' dir='ltr'>Ἡράκλειτος</span> <span class='ocrx_word' id='word_1_773' title='bbox 1026 5577 1197 5648; x_wconf 84' lang='grc' dir='ltr'>ἀρχὴν</span> <span class='ocrx_word' id='word_1_774' title='bbox 1218 5578 1326 5630; x_wconf 85' lang='grc' dir='ltr'><strong>τῶν</strong></span> <span class='ocrx_word' id='word_1_775' title='bbox 1357 5579 1573 5633; x_wconf 89' lang='grc' dir='ltr'>πάντων</span> <span class='ocrx_word' id='word_1_776' title='bbox 1619 5579 1723 5651; x_wconf 80' lang='grc' dir='ltr'>ἔφη</span> <span class='ocrx_word' id='word_1_777' title='bbox 1751 5575 1887 5633; x_wconf 84' lang='grc' dir='ltr'>εἶναι</span> 
     </span>
    </p>
   </div>
   <div class='ocr_carea' id='block_1_107' title="bbox 314 5661 1885 5739">
    <p class='ocr_par' dir='ltr' id='par_1_107' title="bbox 314 5661 1885 5739">
     <span class='ocr_line' id='line_1_107' title="bbox 314 5661 1885 5739; baseline -0.001 -15"><span class='ocrx_word' id='word_1_778' title='bbox 314 5672 380 5724; x_wconf 84' lang='grc' dir='ltr'><strong>τὸ</strong></span> <span class='ocrx_word' id='word_1_779' title='bbox 413 5668 545 5739; x_wconf 84' lang='grc' dir='ltr'>πῦρ,</span> <span class='ocrx_word' id='word_1_780' title='bbox 577 5668 640 5733; x_wconf 71' lang='grc' dir='ltr'>ἐξ</span> <span class='ocrx_word' id='word_1_781' title='bbox 663 5661 724 5721; x_wconf 76' lang='grc' dir='ltr'><strong>οὗ</strong></span> <span class='ocrx_word' id='word_1_782' title='bbox 740 5667 810 5721; x_wconf 89' lang='grc' dir='ltr'><strong>τά</strong></span> <span class='ocrx_word' id='word_1_783' title='bbox 839 5666 1016 5720; x_wconf 86' lang='grc' dir='ltr'>πάντα</span> <span class='ocrx_word' id='word_1_784' title='bbox 1044 5668 1272 5735; x_wconf 86' lang='grc' dir='ltr'>γίνεται,</span> <span class='ocrx_word' id='word_1_785' title='bbox 1303 5669 1397 5720; x_wconf 80' lang='grc' dir='ltr'>καὶ</span> <span class='ocrx_word' id='word_1_786' title='bbox 1416 5670 1496 5731; x_wconf 80' lang='grc' dir='ltr'><strong>εἰς</strong></span> <span class='ocrx_word' id='word_1_787' title='bbox 1522 5669 1552 5721; x_wconf 83' lang='grc' dir='ltr'><strong>ὃ</strong></span> <span class='ocrx_word' id='word_1_788' title='bbox 1577 5668 1885 5722; x_wconf 85' lang='grc' dir='ltr'>ἀναλύεται.</span> 
     </span>
    </p>
   </div>
   <div class='ocr_carea' id='block_1_108' title="bbox 330 5752 1892 5829">
    <p class='ocr_par' dir='ltr' id='par_1_108' title="bbox 330 5752 1892 5829">
     <span class='ocr_line' id='line_1_108' title="bbox 330 5752 1892 5829; baseline -0.002 -16"><span class='ocrx_word' id='word_1_789' title='bbox 330 5757 590 5829; x_wconf 82' lang='grc' dir='ltr'>Ἀμοιϐὴν</span> <span class='ocrx_word' id='word_1_790' title='bbox 621 5756 731 5829; x_wconf 85' lang='grc' dir='ltr'><strong>γὰρ</strong></span> <span class='ocrx_word' id='word_1_791' title='bbox 759 5752 895 5811; x_wconf 72' lang='grc' dir='ltr'>εἶναι</span> <span class='ocrx_word' id='word_1_792' title='bbox 927 5756 994 5810; x_wconf 86' lang='grc' dir='ltr'>τὰ</span> <span class='ocrx_word' id='word_1_793' title='bbox 1024 5756 1219 5821; x_wconf 85' lang='grc' dir='ltr'>πάντα,</span> <span class='ocrx_word' id='word_1_794' title='bbox 1243 5757 1432 5827; x_wconf 87' lang='grc' dir='ltr'>χρόνον</span> <span class='ocrx_word' id='word_1_795' title='bbox 1458 5774 1517 5812; x_wconf 84' lang='grc' dir='ltr'><strong>τε</strong></span> <span class='ocrx_word' id='word_1_796' title='bbox 1541 5757 1771 5829; x_wconf 79' lang='grc' dir='ltr'>ᾠρῐσθαι</span> <span class='ocrx_word' id='word_1_797' title='bbox 1792 5759 1892 5828; x_wconf 82' lang='grc' dir='ltr'><strong>τῆς</strong></span> 
     </span>
    </p>
   </div>
   <div class='ocr_carea' id='block_1_109' title="bbox 1999 4754 3565 4829">
    <p class='ocr_par' dir='ltr' id='par_1_109' title="bbox 1999 4754 3565 4829">
     <span class='ocr_line' id='line_1_109' title="bbox 1999 4754 3565 4829; baseline -0.001 -15"><span class='ocrx_word' id='word_1_798' title='bbox 1999 4759 2222 4829; x_wconf 78' lang='lat' dir='ltr'><strong>30phia,</strong></span> <span class='ocrx_word' id='word_1_799' title='bbox 2258 4766 2515 4827; x_wconf 90' lang='lat' dir='ltr'><strong>tanquam</strong></span> <span class='ocrx_word' id='word_1_800' title='bbox 2561 4758 2615 4810; x_wconf 90' lang='lat' dir='ltr'><strong>in</strong></span> <span class='ocrx_word' id='word_1_801' title='bbox 2642 4754 2901 4809; x_wconf 76' lang='lat' dir='ltr'><strong>brevibus</strong></span> <span class='ocrx_word' id='word_1_802' title='bbox 2918 4754 3245 4824; x_wconf 88' lang='lat' dir='ltr'><strong>quibusdam</strong></span> <span class='ocrx_word' id='word_1_803' title='bbox 3296 4754 3565 4812; x_wconf 81' lang='lat' dir='ltr'><strong>ﬂuctuans</strong></span> 
     </span>
    </p>
   </div>
   <div class='ocr_carea' id='block_1_110' title="bbox 1996 4847 3566 4921">
    <p class='ocr_par' dir='ltr' id='par_1_110' title="bbox 1996 4847 3566 4921">
     <span class='ocr_line' id='line_1_110' title="bbox 1996 4847 3566 4921; baseline -0.001 -16"><span class='ocrx_word' id='word_1_804' title='bbox 1996 4857 2052 4905; x_wconf 91' lang='lat' dir='ltr'><strong>et</strong></span> <span class='ocrx_word' id='word_1_805' title='bbox 2076 4849 2275 4920; x_wconf 86' lang='lat' dir='ltr'><strong>agitata</strong></span> <span class='ocrx_word' id='word_1_806' title='bbox 2299 4889 2313 4913; x_wconf 94' lang='lat'><strong>,</strong></span> <span class='ocrx_word' id='word_1_807' title='bbox 2347 4848 2494 4918; x_wconf 92' lang='lat' dir='ltr'><strong>quod</strong></span> <span class='ocrx_word' id='word_1_808' title='bbox 2542 4848 2761 4903; x_wconf 88' lang='lat' dir='ltr'><strong>tandem</strong></span> <span class='ocrx_word' id='word_1_809' title='bbox 2792 4848 2962 4901; x_wconf 88' lang='lat' dir='ltr'><strong>robur</strong></span> <span class='ocrx_word' id='word_1_810' title='bbox 3007 4847 3333 4921; x_wconf 88' lang='lat' dir='ltr'><strong>ostenderit,</strong></span> <span class='ocrx_word' id='word_1_811' title='bbox 3381 4848 3566 4903; x_wconf 85' lang='lat' dir='ltr'><strong>videa-</strong></span> 
     </span>
    </p>
   </div>
   <div class='ocr_carea' id='block_1_111' title="bbox 1999 4936 3566 5008">
    <p class='ocr_par' dir='ltr' id='par_1_111' title="bbox 1999 4936 3566 5008">
     <span class='ocr_line' id='line_1_111' title="bbox 1999 4936 3566 5008; baseline 0.002 -17"><span class='ocrx_word' id='word_1_812' title='bbox 1999 4953 2144 4993; x_wconf 88' lang='lat' dir='ltr'><strong>mus.</strong></span> <span class='ocrx_word' id='word_1_813' title='bbox 2171 4937 2250 4994; x_wconf 87' lang='lat' dir='ltr'><strong>Ac</strong></span> <span class='ocrx_word' id='word_1_814' title='bbox 2277 4937 2531 5008; x_wconf 82' lang='lat' dir='ltr'><strong>physicos</strong></span> <span class='ocrx_word' id='word_1_815' title='bbox 2562 4937 2715 5004; x_wconf 88' lang='lat' dir='ltr'><strong>illos,</strong></span> <span class='ocrx_word' id='word_1_816' title='bbox 2754 4938 2835 4993; x_wconf 91' lang='lat' dir='ltr'><strong>sic</strong></span> <span class='ocrx_word' id='word_1_817' title='bbox 2860 4937 3007 4991; x_wconf 89' lang='lat' dir='ltr'><strong>enim</strong></span> <span class='ocrx_word' id='word_1_818' title='bbox 3054 4936 3187 4993; x_wconf 88' lang='lat' dir='ltr'><strong>dicti</strong></span> <span class='ocrx_word' id='word_1_819' title='bbox 3241 4948 3403 5002; x_wconf 87' lang='lat' dir='ltr'><strong>sunt,</strong></span> <span class='ocrx_word' id='word_1_820' title='bbox 3439 4947 3566 4994; x_wconf 88' lang='lat' dir='ltr'><strong>ante</strong></span> 
     </span>
    </p>
   </div>
   <div class='ocr_carea' id='block_1_112' title="bbox 1996 5027 3563 5100">
    <p class='ocr_par' dir='ltr' id='par_1_112' title="bbox 1996 5027 3563 5100">
     <span class='ocr_line' id='line_1_112' title="bbox 1996 5027 3563 5100; baseline -0.001 -14"><span class='ocrx_word' id='word_1_821' title='bbox 1996 5031 2134 5086; x_wconf 91' lang='lat' dir='ltr'><strong>alios</strong></span> <span class='ocrx_word' id='word_1_822' title='bbox 2164 5044 2356 5084; x_wconf 89' lang='lat' dir='ltr'><strong>omnes</strong></span> <span class='ocrx_word' id='word_1_823' title='bbox 2381 5030 2523 5084; x_wconf 90' lang='lat' dir='ltr'><strong>hanc</strong></span> <span class='ocrx_word' id='word_1_824' title='bbox 2546 5029 2601 5083; x_wconf 89' lang='lat' dir='ltr'><strong>in</strong></span> <span class='ocrx_word' id='word_1_825' title='bbox 2628 5043 2852 5083; x_wconf 90' lang='lat' dir='ltr'><strong>arenam</strong></span> <span class='ocrx_word' id='word_1_826' title='bbox 2881 5027 3267 5097; x_wconf 83' lang='lat' dir='ltr'><strong>producamus.</strong></span> <span class='ocrx_word' id='word_1_827' title='bbox 3315 5028 3420 5094; x_wconf 86' lang='lat' dir='ltr'><strong>Qui</strong></span> <span class='ocrx_word' id='word_1_828' title='bbox 3440 5031 3563 5100; x_wconf 85' lang='lat' dir='ltr'><strong>qui-</strong></span> 
     </span>
    </p>
   </div>
   <div class='ocr_carea' id='block_1_113' title="bbox 1995 5119 3561 5191">
    <p class='ocr_par' dir='ltr' id='par_1_113' title="bbox 1995 5119 3561 5191">
     <span class='ocr_line' id='line_1_113' title="bbox 1995 5119 3561 5191; baseline -0.001 -12"><span class='ocrx_word' id='word_1_829' title='bbox 1995 5123 2117 5179; x_wconf 90' lang='lat' dir='ltr'><strong>dem</strong></span> <span class='ocrx_word' id='word_1_830' title='bbox 2139 5162 2154 5188; x_wconf 93' lang='lat'><strong>,</strong></span> <span class='ocrx_word' id='word_1_831' title='bbox 2176 5130 2239 5176; x_wconf 89' lang='lat' dir='ltr'><strong>ut</strong></span> <span class='ocrx_word' id='word_1_832' title='bbox 2261 5120 2487 5176; x_wconf 88' lang='lat' dir='ltr'><strong>Platone</strong></span> <span class='ocrx_word' id='word_1_833' title='bbox 2517 5122 2730 5191; x_wconf 85' lang='lat' dir='ltr'><strong>priores</strong></span> <span class='ocrx_word' id='word_1_834' title='bbox 2748 5120 3004 5175; x_wconf 83' lang='lat' dir='ltr'><strong>exstitere</strong></span> <span class='ocrx_word' id='word_1_835' title='bbox 3024 5159 3039 5184; x_wconf 94' lang='lat'><strong>,</strong></span> <span class='ocrx_word' id='word_1_836' title='bbox 3071 5119 3145 5173; x_wconf 89' lang='lat' dir='ltr'><strong>ita</strong></span> <span class='ocrx_word' id='word_1_837' title='bbox 3177 5135 3342 5189; x_wconf 90' lang='lat' dir='ltr'><strong>quam</strong></span> <span class='ocrx_word' id='word_1_838' title='bbox 3376 5135 3561 5185; x_wconf 86' lang='lat' dir='ltr'><strong>secum</strong></span> 
     </span>
    </p>
   </div>
   <div class='ocr_carea' id='block_1_114' title="bbox 1997 5207 3565 5282">
    <p class='ocr_par' dir='ltr' id='par_1_114' title="bbox 1997 5207 3565 5282">
     <span class='ocr_line' id='line_1_114' title="bbox 1997 5207 3565 5282; baseline 0.001 -17"><span class='ocrx_word' id='word_1_839' title='bbox 1997 5211 2100 5282; x_wconf 90' lang='lat' dir='ltr'><strong>ipsi</strong></span> <span class='ocrx_word' id='word_1_840' title='bbox 2134 5220 2328 5265; x_wconf 90' lang='lat' dir='ltr'><strong>mutuo</strong></span> <span class='ocrx_word' id='word_1_841' title='bbox 2353 5210 2753 5280; x_wconf 78' lang='lat' dir='ltr'><strong>pugnaverint,</strong></span> <span class='ocrx_word' id='word_1_842' title='bbox 2777 5224 2844 5264; x_wconf 80' lang='lat' dir='ltr'><strong>ex</strong></span> <span class='ocrx_word' id='word_1_843' title='bbox 2889 5210 3081 5263; x_wconf 89' lang='lat' dir='ltr'><strong>eodem</strong></span> <span class='ocrx_word' id='word_1_844' title='bbox 3124 5207 3354 5264; x_wconf 91' lang='lat' dir='ltr'><strong>Platone</strong></span> <span class='ocrx_word' id='word_1_845' title='bbox 3385 5212 3565 5268; x_wconf 88' lang='lat' dir='ltr'><strong>disce-</strong></span> 
     </span>
    </p>
   </div>
   <div class='ocr_carea' id='block_1_115' title="bbox 1997 5302 3560 5376">
    <p class='ocr_par' dir='ltr' id='par_1_115' title="bbox 1997 5302 3560 5376">
     <span class='ocr_line' id='line_1_115' title="bbox 1997 5302 3560 5376; baseline 0 -15"><span class='ocrx_word' id='word_1_846' title='bbox 1997 5322 2122 5361; x_wconf 90' lang='lat' dir='ltr'><strong>mus</strong></span> <span class='ocrx_word' id='word_1_847' title='bbox 2174 5325 2189 5360; x_wconf 89' lang='lat'><strong>:</strong></span> <span class='ocrx_word' id='word_1_848' title='bbox 2236 5306 2329 5376; x_wconf 90' lang='lat' dir='ltr'><strong>qui</strong></span> <span class='ocrx_word' id='word_1_849' title='bbox 2381 5303 2722 5375; x_wconf 63' lang='lat' dir='ltr'><strong>Protagorae,</strong></span> <span class='ocrx_word' id='word_1_850' title='bbox 2773 5303 3030 5359; x_wconf 86' lang='lat' dir='ltr'><strong>Heracliti</strong></span> <span class='ocrx_word' id='word_1_851' title='bbox 3091 5312 3147 5359; x_wconf 90' lang='lat' dir='ltr'><strong>et</strong></span> <span class='ocrx_word' id='word_1_852' title='bbox 3186 5302 3560 5375; x_wconf 89' lang='lat' dir='ltr'><strong>Empedoclis,</strong></span> 
     </span>
    </p>
   </div>
   <div class='ocr_carea' id='block_1_116' title="bbox 1998 5395 3561 5464">
    <p class='ocr_par' dir='ltr' id='par_1_116' title="bbox 1998 5395 3561 5464">
     <span class='ocr_line' id='line_1_116' title="bbox 1998 5395 3561 5464; baseline 0 -10"><span class='ocrx_word' id='word_1_853' title='bbox 1998 5413 2124 5454; x_wconf 90' lang='lat' dir='ltr'><strong>cum</strong></span> <span class='ocrx_word' id='word_1_854' title='bbox 2152 5395 2474 5451; x_wconf 90' lang='lat' dir='ltr'><strong>Parmenide</strong></span> <span class='ocrx_word' id='word_1_855' title='bbox 2494 5395 2724 5464; x_wconf 86' lang='lat' dir='ltr'><strong>ejusque</strong></span> <span class='ocrx_word' id='word_1_856' title='bbox 2757 5395 3121 5450; x_wconf 87' lang='lat' dir='ltr'><strong>sectatoribus</strong></span> <span class='ocrx_word' id='word_1_857' title='bbox 3151 5398 3561 5454; x_wconf 88' lang='lat' dir='ltr'><strong>contentionem</strong></span> 
     </span>
    </p>
   </div>
   <div class='ocr_carea' id='block_1_117' title="bbox 1997 5485 3563 5565">
    <p class='ocr_par' dir='ltr' id='par_1_117' title="bbox 1997 5485 3563 5565">
     <span class='ocr_line' id='line_1_117' title="bbox 1997 5485 3563 5565; baseline 0.001 -23"><span class='ocrx_word' id='word_1_858' title='bbox 1997 5489 2290 5559; x_wconf 82' lang='lat' dir='ltr'><strong>redarguit.</strong></span> <span class='ocrx_word' id='word_1_859' title='bbox 2318 5488 2452 5542; x_wconf 82' lang='lat' dir='ltr'><strong>Nam</strong></span> <span class='ocrx_word' id='word_1_860' title='bbox 2484 5486 2811 5558; x_wconf 86' lang='lat' dir='ltr'><strong>Protagoras</strong></span> <span class='ocrx_word' id='word_1_861' title='bbox 2845 5485 3103 5555; x_wconf 90' lang='lat' dir='ltr'><strong>quidem,</strong></span> <span class='ocrx_word' id='word_1_862' title='bbox 3143 5487 3191 5541; x_wconf 90' lang='lat' dir='ltr'><strong>is</strong></span> <span class='ocrx_word' id='word_1_863' title='bbox 3212 5489 3313 5565; x_wconf 78' lang='lat' dir='ltr'><strong>qui</strong></span> <span class='ocrx_word' id='word_1_864' title='bbox 3364 5487 3563 5544; x_wconf 85' lang='lat' dir='ltr'><strong>Demo-</strong></span> 
     </span>
    </p>
   </div>
   <div class='ocr_carea' id='block_1_118' title="bbox 1996 5575 3565 5649">
    <p class='ocr_par' dir='ltr' id='par_1_118' title="bbox 1996 5575 3565 5649">
     <span class='ocr_line' id='line_1_118' title="bbox 1996 5575 3565 5649; baseline 0.001 -16"><span class='ocrx_word' id='word_1_865' title='bbox 1996 5579 2118 5634; x_wconf 88' lang='lat' dir='ltr'><strong>criti</strong></span> <span class='ocrx_word' id='word_1_866' title='bbox 2150 5578 2354 5633; x_wconf 87' lang='lat' dir='ltr'><strong>sodalis</strong></span> <span class='ocrx_word' id='word_1_867' title='bbox 2395 5576 2530 5639; x_wconf 81' lang='lat' dir='ltr'><strong>fuit,</strong></span> <span class='ocrx_word' id='word_1_868' title='bbox 2559 5578 2705 5631; x_wconf 87' lang='lat' dir='ltr'><strong>athei</strong></span> <span class='ocrx_word' id='word_1_869' title='bbox 2756 5575 3011 5646; x_wconf 81' lang='lat' dir='ltr'><strong>Opinione</strong></span> <span class='ocrx_word' id='word_1_870' title='bbox 3065 5575 3359 5644; x_wconf 86' lang='lat' dir='ltr'><strong>laboravit;</strong></span> <span class='ocrx_word' id='word_1_871' title='bbox 3404 5579 3565 5649; x_wconf 88' lang='lat' dir='ltr'><strong>cujus</strong></span> 
     </span>
    </p>
   </div>
   <div class='ocr_carea' id='block_1_119' title="bbox 1996 5665 3565 5736">
    <p class='ocr_par' dir='ltr' id='par_1_119' title="bbox 1996 5665 3565 5736">
     <span class='ocr_line' id='line_1_119' title="bbox 1996 5665 3565 5736; baseline 0.002 -15"><span class='ocrx_word' id='word_1_872' title='bbox 1996 5668 2086 5722; x_wconf 92' lang='lat' dir='ltr'><strong>hic</strong></span> <span class='ocrx_word' id='word_1_873' title='bbox 2105 5707 2121 5731; x_wconf 89' lang='lat'><strong>,</strong></span> <span class='ocrx_word' id='word_1_874' title='bbox 2154 5667 2207 5720; x_wconf 92' lang='lat' dir='ltr'><strong>in</strong></span> <span class='ocrx_word' id='word_1_875' title='bbox 2240 5681 2343 5721; x_wconf 88' lang='lat' dir='ltr'><strong>suo</strong></span> <span class='ocrx_word' id='word_1_876' title='bbox 2367 5666 2446 5719; x_wconf 83' lang='lat' dir='ltr'><strong>De</strong></span> <span class='ocrx_word' id='word_1_877' title='bbox 2476 5666 2580 5721; x_wconf 75' lang='lat' dir='ltr'><strong>diis</strong></span> <span class='ocrx_word' id='word_1_878' title='bbox 2611 5681 2805 5736; x_wconf 88' lang='lat' dir='ltr'><strong>opere,</strong></span> <span class='ocrx_word' id='word_1_879' title='bbox 2833 5665 3046 5734; x_wconf 89' lang='lat' dir='ltr'><strong>primus</strong></span> <span class='ocrx_word' id='word_1_880' title='bbox 3074 5675 3161 5721; x_wconf 88' lang='lat' dir='ltr'><strong>est</strong></span> <span class='ocrx_word' id='word_1_881' title='bbox 3192 5668 3339 5721; x_wconf 88' lang='lat' dir='ltr'><strong>illam</strong></span> <span class='ocrx_word' id='word_1_882' title='bbox 3370 5669 3421 5723; x_wconf 91' lang='lat' dir='ltr'><strong>in</strong></span> <span class='ocrx_word' id='word_1_883' title='bbox 3451 5669 3565 5725; x_wconf 85' lang='lat' dir='ltr'><strong>dis-</strong></span> 
     </span>
    </p>
   </div>
   <div class='ocr_carea' id='block_1_120' title="bbox 1996 5755 3565 5831">
    <p class='ocr_par' dir='ltr' id='par_1_120' title="bbox 1996 5755 3565 5831">
     <span class='ocr_line' id='line_1_120' title="bbox 1996 5755 3565 5831; baseline 0.003 -17"><span class='ocrx_word' id='word_1_884' title='bbox 1996 5758 2333 5828; x_wconf 84' lang='lat' dir='ltr'><strong>putationem</strong></span> <span class='ocrx_word' id='word_1_885' title='bbox 2364 5757 2680 5827; x_wconf 87' lang='lat' dir='ltr'><strong>ingressus:</strong></span> <span class='ocrx_word' id='word_1_886' title='bbox 2705 5775 2725 5813; x_wconf 83' lang='grc' dir='ltr'><strong>ι</strong></span> <span class='ocrx_word' id='word_1_887' title='bbox 2749 5756 2906 5815; x_wconf 86' lang='lat' dir='ltr'><strong>Diine</strong></span> <span class='ocrx_word' id='word_1_888' title='bbox 2930 5755 3073 5826; x_wconf 91' lang='lat' dir='ltr'><strong>sint,</strong></span> <span class='ocrx_word' id='word_1_889' title='bbox 3108 5773 3179 5815; x_wconf 89' lang='lat' dir='ltr'><strong>an</strong></span> <span class='ocrx_word' id='word_1_890' title='bbox 3209 5774 3339 5827; x_wconf 86' lang='lat' dir='ltr'><strong>non,</strong></span> <span class='ocrx_word' id='word_1_891' title='bbox 3365 5761 3565 5831; x_wconf 89' lang='lat' dir='ltr'><strong>inquit,</strong></span> 
     </span>
    </p>
   </div>
  </div>
