4144 6428
550 348 686 402 “8!
1196 337 1462 393 EUSEBH
1500 333 1978 392 C/ESARIENSIS
2018 327 2169 387 OPP.
2212 329 2393 387 PARS
2434 329 2497 388 11.
2537 363 2605 374 -
2642 333 3148 390 APOLUCETIL‘A.
3657 338 3798 395 U88

540 481 722 537 quave
751 464 923 519 forma
952 462 1027 516 illi
1049 461 1178 526 sint,
1209 458 1462 529 equidem
1490 457 1695 512 nescio.
1723 474 1741 507 ι
1771 449 2114 509 Democritus

2233 453 2325 508 τῶν
2373 454 2589 509 πάντων
2635 457 2714 519 εἰς
2747 456 2809 509 τὸ
2834 456 2944 527 πῦρ
2974 456 3304 521 ἀναλύσεως,
3323 460 3417 512 κα).
3440 418 3555 531 τῆς,⁵
3570 461 3636 513 εκ
3668 461 3796 515 τού-

542 569 729 613 autem
759 554 1026 627 principia
1051 567 1233 607 rerum
1264 550 1647 605 universarum
1684 547 1794 601 duo
1816 546 2111 609 statuebat,

2233 561 2313 598 που
2342 544 2630 613 γενέσεως.
2665 547 2786 600 Οἵδε
2816 548 2914 617 μὲν
2940 544 3032 602 οὖν
3065 549 3241 603 πάντα
3272 550 3540 605 κινεῖσθαι
3572 550 3796 620 ἔφασαν.

548 644 713 698 inane
736 658 802 697 ac
822 642 1074 712 plenum;
1102 654 1167 694 ac
1198 638 1419 709 plenum
1453 636 1673 707 quidem
1698 674 1715 702 ,
1754 632 1961 702 aliquid
1996 647 2117 689 esse

2233 633 2370 687 Ὀδὲ
2400 635 2785 707 Παρμενίδης,
2814 638 2877 692 τὸ
2916 639 3072 710 γένος
3121 641 3378 712 Ἐλεάτης
3431 640 3537 707 ὢν,
3592 642 3652 696 ἒν
3700 643 3796 715 μὲν

547 738 763 794 dicebat
791 753 856 792 ac
878 736 1109 790 solidum
1131 772 1147 800 ,
1181 734 1339 786 inane
1381 746 1510 785 vero
1552 744 1778 800 prorsus
1827 741 1952 783 esse
1996 725 2118 780 uul-

2233 720 2361 780 εἶναι
2389 726 2451 780 τὸ
2484 729 2612 793 πᾶν,
2651 730 2943 801 ἀγέννητον
2975 731 3032 784 δὲ
3065 734 3161 785 καὶ
3208 733 3487 805 ἀκίνητον,
3519 736 3617 788 καὶ
3658 736 3796 789 κατό

546 829 681 885 tum.
709 828 896 897 Itaque
935 827 1104 881 nihilo
1132 825 1342 894 magis,
1382 823 1528 893 quod
1556 820 1760 892 aliquid
1788 827 1903 882 est,
1950 833 2115 888 quam

2233 821 2408 892 σχῆμα
2438 823 2773 893 σφαιροειδὲς
2797 823 3061 895 ὑπάρχειν
3083 824 3424 894 ἐδογμάτιζε.
3456 827 3798 899 Παρμενίδου

542 921 695 993 quod
725 920 931 976 nullum
966 926 1081 980 est,
1114 932 1239 972 esse
1279 916 1395 982 ait;
1434 914 1581 985 quod
1626 929 1691 968 ex
1723 911 1873 966 omni
1905 910 2119 966 aeterni.

2233 904 2278 963 ει
2306 912 2574 978 Μέλισσος
2602 915 2816 986 ἑταῖρος
2838 916 3048 985 γέγονε,
3075 916 3144 969 τὰ
3179 916 3319 970 αὐτὰ
3365 916 3443 988 τῷ
3487 917 3798 991 Παρμενίδῃ

546 1021 661 1071 tate
683 1052 699 1078 ,
732 1028 857 1083 qua:
882 1009 1087 1081 aliquid
1114 1018 1273 1074 sunt,
1308 1008 1364 1062 in
1398 1021 1465 1062 eo
1492 1005 1640 1077 quod
1663 1003 1823 1058 inane
1853 1009 1969 1066 cst,
1994 1016 2118 1071 per—

2233 1003 2476 1071 Βοξάζων.
2508 1009 2723 1063 Τούτων
2749 1010 2814 1082 δὴ
2838 1006 2931 1065 οὖν
2962 1011 3089 1084 πέρι
3116 1014 3273 1067 ὁποῖα
3316 1014 3348 1066 6
3382 1014 3606 1069 Πλάτων
3640 1014 3699 1068 ὲν
3723 1012 3803 1086 τῷ

542 1118 715 1180 petuo
767 1108 1160 1176 celerrimeque
1206 1109 1575 1158 moverentur.
1624 1098 1927 1154 Heraclitus
1986 1109 2118 1149 vero

2233 1096 2519 1166 Βεαιτήτφ
2553 1100 2824 1168 διέξεισιν,
2856 1103 3041 1159 ἄκουε.

541 1209 873 1258 cunctorum
908 1195 1238 1268 principium
1266 1194 1444 1263 ignem
1492 1205 1615 1245 esse
1642 1187 1850 1249 voluit,
1904 1199 1968 1239 ex
2003 1197 2114 1253 quo
2171 1181 2433 1240 nimirum
2477 1188 2662 1244 omnia
2713 1190 2878 1258 ﬁant,
2913 1204 2967 1246 et
2999 1192 3054 1246 in
3095 1207 3256 1263 quem
3290 1193 3476 1247 omnia
3514 1193 3802 1250 resolvan-

546 1303 659 1351 tur.
715 1291 927 1362 Quippe
970 1287 1399 1344 vicissitudinem
1445 1282 1737 1353 quamdam
1790 1293 1914 1335 esse
1951 1274 2166 1338 omnia,
2208 1284 2529 1348 certumque
2599 1292 2815 1353 tempus
2860 1284 3215 1338 constitutum
3270 1299 3392 1341 esse
3418 1327 3434 1350 ,
3497 1300 3609 1355 quo
3646 1293 3700 1341 et
3742 1286 3801 1343 in

547 1392 729 1462 ignem
759 1386 1101 1444 resolvantur
1122 1371 1504 1442 universa,et
1527 1393 1723 1433 rursus
1758 1391 1826 1430 ex
1878 1374 2001 1443 igne
2049 1367 2305 1423 universa
2354 1386 2700 1442 generentur.
2743 1378 3012 1432 Caeterum
3077 1379 3166 1433 isti
3227 1380 3406 1433 omnia
3461 1381 3664 1434 moveri
3707 1382 3802 1436 de-

545 1482 858 1539 fendebant.
915 1478 981 1534 At
1026 1492 1157 1533 vero
1189 1473 1576 1539 Parmenides,
1630 1469 1841 1525 Eleates
1900 1478 2095 1536 genere
2120 1502 2155 1526 ,.
2211 1476 2380 1516 unum
2436 1466 2569 1535 quid
2599 1468 2915 1524 universum
2951 1485 3074 1525 esse
3114 1470 3334 1534 docuit,
3388 1470 3641 1541 idemque
3675 1489 3800 1529 ortu

545 1575 711 1631 simul
788 1587 853 1629 ac
885 1579 1041 1627 motu
1095 1582 1327 1633 carens,
1373 1566 1657 1637 ﬁguraque
1712 1558 2062 1633 sphaericum.
2120 1553 2171 1608 ls
2238 1564 2558 1615 sectatorem
2615 1558 2893 1618 Melissum
2952 1563 3185 1630 habuit,
3244 1565 3300 1618 in
3350 1564 3537 1620 eadem
3576 1580 3804 1634 prorsus

547 1667 810 1737 opinione
839 1670 1138 1720 versatum.
1172 1660 1250 1716 De
1276 1659 1363 1714 his
1381 1659 1639 1714 omnibus
1658 1650 2122 1728 quemadmodum
2158 1645 2213 1700 in
2240 1645 2498 1706 Thewteto
2528 1652 2684 1709 Plato
2720 1649 2980 1725 loquatur
2999 1697 3014 1721 ,
3049 1658 3198 1712 audi.

1146 1754 1377 1814 CAPUT
1436 1753 1526 1809 1V.

2755 1751 3151 1805 ΚΕΦΑΛΑῐυΝ
3188 1754 3262 1806 Δ’.

549 1871 1005 1942 Quemadmodum
1071 1865 1781 1942 superiqea__philosOphos
1831 1861 1989 1917 Plato
2047 1872 2126 1911 re-

964 1940 1218 2011 darguat.
1253 1937 1339 1993 Ea:
1373 1936 1669 1993 Theaeteto.

626 2056 647 2088 ι
672 2036 742 2092 At
755 2049 887 2092 vero
900 2076 916 2102 ,
944 2033 1122 2104 inquit
1138 2031 1416 2095 Socrates,
1438 2030 1567 2085 dum
1584 2035 1841 2099 aguntur,
1860 2023 1989 2077 dum
2008 2033 2124 2073 mo~

548 2138 767 2195 ventur,
797 2126 929 2183 dum
957 2126 1099 2181 inter
1128 2138 1249 2180 sese
1281 2119 1643 2193 721-723
1665 2116 2123 2180 commiscentur,

552 2220 690 2277 ﬁunt
712 2220 988 2276 universa.
1010 2216 1145 2283 Quae
1168 2214 1399 2287 proinde
1425 2229 1548 2268 cum
1580 2225 1702 2266 esse
1721 2209 1953 2264 dicimus
1978 2247 1994 2273 ,
2021 2206 2127 2261 hac

551 2328 686 2370 voce
709 2326 996 2383 perperam
1027 2307 1327 2365 abutimur.
1361 2304 1509 2359 Nihil
1544 2303 1692 2359 enim
1721 2315 1963 2372 unquam
2003 2306 2086 2353 est
2106 2335 2123 2361 ,

551 2405 650 2462 sed
678 2405 739 2460 ﬁt
768 2410 1053 2475 perpetuo.
1101 2400 1371 2456 Caeterum
1420 2396 1555 2452 illud
1600 2403 1815 2462 manet,
1853 2392 2127 2464 sapientes

548 2497 806 2568 deinceps
835 2509 1063 2558 omnes,
1116 2492 1163 2547 si
1200 2487 1579 2545 Parmenidem
1634 2484 1910 2555 excipias,
1959 2482 2012 2537 in
2058 2496 2126 2535 eo

548 2587 911 2654 convenisse,
967 2585 1359 2657 Protagoram,
1432 2579 1802 2644 Heraclitum,
1859 2574 2126 2644 Empedo—

549 2681 725 2746 clem,
756 2694 822 2736 ac
858 2692 1090 2750 poeseos
1132 2675 1421 2744 utriusque
1478 2670 1786 2743 principes,
1840 2665 2126 2722 comoediae

551 2772 773 2838 quidem
802 2771 1229 2842 Epicharmum,
1288 2766 1585 2822 Homerum
1643 2776 1774 2817 vero
1824 2758 2124 2831 tragmdiaa.

552 2863 775 2920 Homeri
804 2872 951 2918 certe
982 2861 1116 2919 illud
1140 2868 1223 2916 est
1242 2900 1260 2927 ,

627 2980 893 3035 Oceanum
924 2977 1125 3057 fontem
1166 2991 1342 3031 rerum
1366 3013 1382 3039 ,
1430 2972 1727 3045 Tethynque
1763 2978 2052 3042 parentem.

2225 1855 2426 1925 Ὅπως
2449 1861 2484 1913 ὀ
2526 1859 2781 1940 Πλάτων
2818 1861 2984 1940 τοὺς*
3003 1863 3116 1940 {pd
3155 1865 3342 1940 αὺτοῦ
3391 1866 3801 1940 διαϐέϐληκεν.

2695 1929 2839 1985 Ἀπὸ
2880 1932 2987 1986 τοῦ
3024 1934 3339 2006 Θεαιτήτου.

2300 2039 2319 2072 ι
2361 2020 2456 2075 Ἐκ
2483 2021 2541 2076 δὲ
2561 2022 2626 2094 δὴ
2651 2025 2823 2095 φορᾶς
2858 2024 2966 2096 (96)
3000 2043 3060 2079 τε
3105 2028 3199 2081 καὶ
3226 2032 3510 2101 κινήσεως,
3534 2033 3625 2087 καὶ
3659 2035 3805 2106 κράο

2226 2127 2362 2176 σεως
2389 2113 2526 2184 πρὸς
2561 2113 2786 2187 ἄλληλα,
2815 2118 3022 2185 γίνεται
3048 2119 3243 2185 πάντα,
3271 2120 3307 2175 ἃ
3329 2121 3392 2193 δή
3423 2140 3603 2194 φαμεν
3637 2120 3804 2191 εἶναι,

2223 2204 2326 2258 οὒκ
2345 2204 2521 2277 ὀρθῶς
2542 2208 3055 2279 προσαγορεύοντες.
3090 2212 3243 2266 Ἐστι
3278 2212 3376 2283 μὲν
3408 2213 3518 2286 γὰρ
3546 2215 3807 2271 οὐδέποτε

2223 2295 2396 2361 οὐδὲν,
2424 2299 2513 2352 ἀεὶ
2537 2298 2594 2351 δὲ
2619 2299 2846 2368 γίνεται.
2885 2302 2997 2356 Καὶ
3040 2302 3167 2372 περὶ
3197 2303 3386 2357 τούτου
3430 2306 3632 2371 πάντες
3675 2307 3809 2380 ἑξῆς

2224 2389 2274 2440 οἱ
2304 2389 2477 2457 σοφοὶ,
2510 2388 2646 2461 πλὴν
2679 2391 3041 2462 Παρμενίδου,
3068 2391 3479 2466 ξυμφερέσθων,
3504 2397 3793 2469 Πρωταγὸ⁸

2228 2495 2326 2548 ρας
2347 2495 2407 2532 τε
2466 2481 2559 2533 καὶ
2597 2480 2967 2552 Ἡράκλειτος,
2990 2483 3083 2536 καὶ
3117 2484 3487 2557 Ἐμπεδοκλῆς
3509 2527 3525 2549 ,
3562 2489 3655 2542 καὶ
3693 2490 3808 2544 τῶν

2225 2567 2462 2639 ποιητῶν
2510 2570 2559 2621 οἱ
2610 2569 2767 2640 ἄκροι
2800 2570 2896 2641 τῆς
2940 2573 3210 2643 ποιήσεως
3244 2576 3546 2649 ἑκατέρας·
3605 2596 3809 2651 κωμῳα

2223 2657 2341 2722 δίας
2371 2659 2470 2730 μὲν
2505 2660 2870 2732 Ἐπίναρμος,
2901 2664 3206 2735 τραγῳδίας
3233 2666 3290 2720 δὲ
3324 2668 3566 2740 Ὅμηρος
3586 2686 3600 2700 ο
3632 2671 3809 2726 εἰπὼν

2224 2751 2355 2825 γὰρ,

2294 2960 2576 3015 Ὠκεανόν
2605 2977 2667 3015 τε
2692 2959 2843 3016 θεῶν
2863 2958 3122 3032 γένεο-ιν,
3152 2964 3493 3034 καὶμητέρα
3520 2967 3730 3034 Τηθύν.

552 3092 674 3163 Quo
693 3133 707 3158 ,
742 3092 999 3147 tluxionis
1035 3105 1099 3146 ac
1130 3100 1314 3146 motus
1338 3090 1591 3145 universa
1622 3086 1766 3142 fetus
1790 3098 1913 3140 esse
1934 3081 2119 3154 signi-

2233 3071 2408 3127 Πάντα
2433 3072 2652 3163 εςρηκεν
2675 3073 2874 3143 ἔγγονα
2904 3076 3033 3147 ῥοῆς
3062 3093 3123 3129 τε
3161 3078 3257 3132 καὶ
3303 3079 3593 3150 κινήσεως.
3632 3081 3704 3134 Ἦ
3741 3082 3808 3134 οὐ

556 3185 704 3241 ﬁcat.
731 3182 872 3238 Num
896 3197 1026 3237 vero
1052 3182 1195 3237 idem
1231 3180 1325 3236 tibi
1356 3179 1604 3235 videtur?
1624 3207 1695 3218 -—
1717 3176 1945 3233 Videtur
1973 3188 2125 3231 sane.

554 3305 628 3318 —
659 3275 862 3347 Ecquis
889 3275 1056 3345 igitur
1082 3274 1339 3343 deinceps
1371 3272 1542 3327 risum
1570 3269 1826 3341 eﬂ'ugiat,
1856 3267 1952 3338 qui
1979 3275 2129 3322 tanto

555 3378 686 3422 cum
719 3363 999 3427 exercitu,
1048 3363 1275 3432 ipsoque
1310 3359 1545 3413 Homero
1582 3359 1720 3414 duce
1759 3371 2000 3429 pugnare
2038 3370 2129 3410 ve-

554 3456 654 3512 lit?
690 3476 710 3510 ι
747 3455 877 3511 lude
903 3454 1122 3523 longius
1141 3452 1470 3523 disputando
1503 3466 1858 3521 progressus,
1886 3449 2002 3503 haec
2032 3447 2131 3501 ha-

557 3549 690 3605 bet:
732 3566 750 3600 ι
786 3546 1164 3604 Accedendum
1212 3561 1342 3616 ergo
1394 3544 1621 3615 propius
1666 3552 1783 3606 est,
1831 3542 2041 3613 inquit,
2070 3548 2130 3595 ut

553 3637 780 3708 jubebat
818 3643 1072 3705 suscepta
1099 3632 1409 3703 Protagorae
1435 3629 1683 3686 defensio
1702 3671 1718 3695 ,
1753 3629 2129 3698 pulsandoque

559 3727 873 3800 diligentius
911 3725 1549 3795 explorandum,utrum
1605 3721 1803 3792 agitata
1857 3720 1971 3774 haec
2026 3733 2127 3772 ua-

562 3827 687 3874 tura
710 3832 906 3873 sanum
936 3815 1173 3886 aliquem
1209 3829 1408 3870 sonum
1459 3828 1529 3868 an
1568 3812 1825 3866 vitiosum
1877 3810 2021 3865 edat.
2058 3811 2130 3863 De

560 3910 653 3965 illa
692 3916 868 3973 certe,
910 3922 1012 3961 nec
1036 3905 1280 3977 vulgaris
1309 3912 1426 3968 est,
1459 3916 1559 3957 nec
1588 3916 1620 3955 a
1668 3900 1858 3970 paucis
1895 3900 2127 3955 excitata

557 4000 859 4058 contentio.
893 4030 962 4041 --
990 3998 1219 4054 Multum
1255 3997 1436 4053 hercle
1479 3996 1636 4051 abest
1680 4003 1741 4048 ut
1791 3994 2030 4065 vulgaris
2065 4008 2129 4047 ea

559 4095 810 4165 sit-,quze
834 4093 976 4164 viget
1005 4100 1119 4147 tota
1159 4090 1362 4162 passim
1415 4087 1567 4143 lonia
1613 4088 1929 4159 plurimum.
1969 4084 2132 4141 Hera-

559 4184 676 4241 cliti
715 4184 861 4241 enim
890 4192 1186 4239 sectatores
1235 4182 1377 4236 hanc
1421 4180 1747 4235 sententiam
1795 4179 1994 4234 acriter
2030 4178 2131 4232 ad-

559 4278 783 4334 modum
824 4285 1153 4347 strenueque
1211 4273 1427 4329 docent.
1462 4304 1531 4316 —-
1563 4269 1772 4336 Tanto,
1813 4271 1889 4326 mi
1952 4270 2132 4326 Theo-

557 4367 728 4434 dore,
758 4363 1049 4421 videndum
1089 4365 1158 4421 ab
1196 4362 1353 4418 initio
1400 4362 1608 4433 magis,
1669 4360 2129 4433 quemadmodum

561 4460 680 4515 haec
702 4458 772 4514 ab
805 4457 873 4513 iis
895 4457 1261 4526 diSputentur.
1287 4483 1356 4494 —
1387 4449 1625 4507 Omnino
1648 4493 1662 4515 ,
1692 4451 1889 4521 inquit.
1923 4449 2132 4520 Opinor

561 4549 732 4616 enim,
756 4545 1036 4612 Socrates,
1073 4555 1168 4600 aut
1184 4544 1540 4600 Heracliticos
1570 4543 1693 4597 illos
1719 4583 1734 4609 ,
1778 4549 1892 4608 aut,
1940 4557 2135 4611 quem-

564 4637 857 4694 admodum
928 4646 1038 4692 tute
1115 4649 1312 4698 vocas,
1367 4631 1723 4696 Homericos,
1799 4641 1965 4701 atque
2027 4632 2133 4686 illis

561 4730 729 4785 etiam
758 4728 1084 4783 vetustiores
1116 4725 1395 4796 intelligis.
1414 4722 1551 4777 Nam
1578 4738 1702 4777 cum
1740 4723 1806 4777 iis
1835 4732 2003 4786 certe,
2035 4721 2131 4791 qui

563 4822 714 4879 circa
744 4818 1021 4890 Ephesum
1067 4819 1351 4884 habitant,
1395 4831 1461 4871 ac
1514 4814 1617 4870 sibi
1669 4830 1853 4870 rerum
1902 4816 2131 4871 istarum

565 4910 852 4967 scientiam
879 4909 1149 4979 praecipue
1176 4905 1485 4973 vindicant,
1537 4904 1709 4958 nihilo
1758 4905 1934 4975 magis
1969 4918 2133 4973 quam

640 5061 912 5187 (1%2‘83;
961 5061 1032 5115 δὲ
1085 5060 1164 5130 δὴ
1218 5059 1424 5129 φορᾶς.
1492 5057 1647 5113 Plato
1713 5058 1769 5112 in
1833 5057 2095 5111 Theaeteto
2119 5098 2134 5121 ,

567 5131 1103 5343 ἺέἹθἚρξσιτέον
1128 5195 1258 5257 οὖν.
1288 5201 1366 5255 ld.
1413 5200 1541 5282 ibid.
1800 5266 1812 5279 '
2031 5265 2043 5277 ι

667 5273 756 5343 98)
795 5273 931 5326 Εἴτε
978 5270 1160 5343 ὑγιές.
1198 5270 1274 5326 Ita
1305 5271 1543 5326 Platonis
1578 5285 1641 5325 ex
1695 5281 1853 5338 gemo
1897 5264 2043 5320 Persi

567 5264 756 5401 ⁸³(98)
785 5264 931 5397 ἔξιτε
978 5270 1160 5343 ὑγιές.
1198 5270 1274 5326 Ita
1305 5270 1543 5326 Platonis
1578 5285 1641 5325 ex
1695 5266 1853 5338 genio
1897 5264 2136 5333 Persius,

659 5359 752 5416 yra
844 5361 862 5397 :

866 5432 1028 5488 Sonat
1059 5434 1247 5487 uitium
1271 5428 1804 5502 percussatvnqtigne

712 5504 1007 5574 Respondet
1035 5504 1190 5559 viridi
1215 5496 1318 5558 non
1356 5513 1503 5556 cocta
1530 5496 1721 5569 ﬁdelia,
1742 5496 1887 5553 limo.

644 5592 710 5646 Et
740 5602 918 5663 satyra
947 5594 981 5648 5
1005 5609 1019 5644 :

858 5682 1042 5753 Putta,
1074 5684 1374 5753 dignoscere
1402 5695 1589 5740 cautus

715 5751 856 5811 Ouid
883 5752 1110 5806 solidum
1136 5751 1332 5809 ‘crevct.

2228 3163 2374 3217 δοκεῖ
2395 3162 2555 3215 τοῦτο
2598 3162 2777 3231 λέγειν
2801 3179 2815 3230 ;
2842 3192 2912 3201 -
2937 3165 3098 3235 Ἔμοι
3130 3181 3298 3233 γε.-
3318 3166 3415 3229 Τίς
3462 3162 3555 3220 οὖν
3603 3166 3671 3222 ἂν
3725 3167 3810 3221 ἔτι

2231 3253 2368 3326 πρός
2393 3270 2456 3322 γε
2488 3252 2740 3307 τοσοῦτον
2776 3254 3134 3325 στρατόπεδον
3157 3255 3251 3309 καὶ
3292 3257 3601 3327 στρατηγὸν
3625 3257 3807 3330 Ὅμη-

2230 3361 2324 3416 ρον
2369 3344 2586 3398 δύναιτο
2614 3343 3038 3415 ἀμφισϐητήσας
3088 3343 3163 3416 μὴ
3194 3346 3600 3415 καταγέλαστος
3648 3349 3809 3417 γενέ-

2231 3437 2352 3491 σθαι
2377 3452 2393 3500 ;
2423 3455 2441 3487 ι
2479 3431 2592 3488 Εἶθ’
2624 3433 2751 3505 ἑξῆς
2775 3435 2981 3507 προῖὼν
3006 3434 3086 3505 τῷ
3118 3434 3279 3507 λόγῳ,
3307 3439 3558 3508 ἐπιφέρει
3596 3438 3772 3508 λέγων
3792 3456 3809 3472 ο

2234 3548 2255 3580 ι
2286 3528 2574 3600 Προσιτέον
2596 3524 2690 3582 οὖν
2720 3528 2832 3599 (97)
2855 3528 3155 3600 ἐγγυτέρω,
3180 3528 3257 3592 ὡς
3286 3530 3316 3583 ὁ
3349 3531 3489 3600 ὑπὲρ
3515 3530 3814 3602 upward-

2232 3637 2326 3693 pou
2366 3620 2520 3688 λόγος
2572 3621 2834 3674 ἐπέταττε
2860 3661 2875 3686 ,
2911 3620 3006 3673 καὶ⁸
3038 3620 3300 3674 σκεπτέον
3347 3620 3447 3691 τὴν
3499 3621 3812 3694 φερομένην

2229 3711 2432 3782 ταύτην
2464 3711 2653 3765 οὐσίαν
2689 3709 3078 3781 διακρούοντα,
3144 3711 3255 3764 εἴτε
3298 3709 3451 3779 ὑγιὲς
3483 3710 3632 3782 (98),
3699 3712 3812 3764 εἴτε

2232 3804 2430 3877 σαθρὸν
2457 3804 2771 3874 φθέγγεται.
2798 3805 2963 3875 Μάχη
2995 3805 3041 3857 δ’
3060 3799 3152 3857 οῦν
3175 3805 3304 3875 περὶ
3319 3804 3490 3874 αὐτῆς
3513 3805 3574 3858 οὐ
3605 3804 3810 3876 φαύλη,

2230 3898 2337 3951 οὐδ’
2368 3897 2571 3965 ὀλίγοις
2613 3897 2820 3966 γέγονε.
2874 3927 2947 3937 -
2970 3895 3174 3949 Πολλοῦ
3209 3896 3301 3949 καὶ
3326 3896 3406 3949 δεῖ
3433 3896 3614 3967 φαύλη
3645 3892 3809 3959 εἶναι,

2230 3989 2367 4045 ἀλλὰ
2409 3990 2538 4061 περ).
2573 3990 2671 4060 μὲν
2696 3988 2794 4060 τὴν
2838 3987 3045 4042 Ἰωνίαν
3078 3989 3173 4041 καὶ
3200 3988 3480 4042 ἐπιδίδωσι
3523 3989 3809 4061 πάμπολυ.

2231 4084 2295 4135 Οἱ
2323 4081 2432 4153 γὰρ
2476 4080 2571 4134 τοῦ
2617 4081 2972 4152 Ἡρακλείτου
3016 4082 3224 4152 ἑταῖροι
3275 4081 3571 4152 χορηγοῦσι
3616 4081 3812 4136 τούτου

2231 4171 2324 4225 τοῦ
2355 4171 2514 4240 λόγου
2542 4170 2652 4242 (99)
2688 4171 2833 4240 μάλα
2860 4171 3205 4243 ἐρρωμένως.
3239 4201 3307 4210 -
3335 4172 3425 4242 Τῷ
3461 4189 3577 4236 τοι,
3612 4166 3659 4227 ὧ
3689 4173 3811 4242 φίλε

2232 4260 2493 4332 Θεόδωρε,
2521 4260 2719 4332 μᾶλλον
2744 4261 3006 4314 σκεπτέον
3026 4261 3120 4314 καὶ
3140 4259 3200 4326 ἐξ
3224 4262 3419 4332 ἀρχῆς,
3442 4260 3632 4334 ὥσπερ
3658 4263 3815 4317 αὐτοὶ

2234 4353 2620 4407 ὑποτείνονται.
2651 4381 2722 4391 ·-
2747 4352 3064 4405 Παντάπασι
3124 4353 3221 4422 μὲν
3275 4348 3389 4406 οὖν.
3426 4353 3537 4406 Καὶ
3588 4353 3732 4425 γὰρ,
3765 4349 3813 4408 ὧ

2236 4443 2541 4516 Σώκρατες,
2568 4444 2697 4516 περὶ
2724 4442 2929 4497 τούτων
2955 4442 3063 4496 τῶν
3104 4443 3539 4516 Ἡρακλειτείων,
3564 4445 3596 4516 ἢ
3622 4445 3815 4519 ὥσπερ

2239 4535 2305 4589 σὺ
2334 4534 2533 4603 λέγεις,
2578 4535 2881 4606 Ὁμηρείων
2905 4550 2998 4599 τε,
3032 4535 3127 4589 κα).
3168 4534 3247 4587 ἔτι
3290 4534 3683 4606 παλαιοτέρων,
3715 4538 3816 4591 αὒ-

2238 4631 2352 4691 τοῖς
2388 4627 2487 4698 μὲν
2519 4629 2632 4689 τοῖς
2663 4627 2791 4698 περὶ
2821 4625 2920 4697 τὴν
2953 4626 3214 4694 Ἔφεσον,
3239 4628 3353 4680 ὅσοι
3395 4627 3815 4698 προσποιοῦνται

2239 4719 2491 4791 ἔμπειροι
2518 4714 2678 4782 εἶναι,
2712 4718 2861 4772 οὐδὲν
2886 4717 3084 4789 μᾶλλον
3108 4712 3219 4772 οἶόν
3253 4736 3314 4772 τε
3339 4719 3414 4790 (1)
3446 4719 3814 4792 διαλεχθῆναι,

2239 4812 2274 4884 ἢ
2304 4815 2415 4876 τοῖς
2446 4810 2753 4884 οἰστρῶσιν.
2824 4811 3086 4882 Ἀτεχνῶς
3115 4808 3223 4882 γὰρ
3249 4811 3387 4865 κατὰ
3434 4812 3502 4865 τὰ
3532 4814 3817 4884 συγγραμ-

2244 4921 2393 4976 ματα
2421 4904 2496 4975 (2)
2530 4904 2814 4975 φέρονται·
2849 4902 2912 4956 τὸ
2956 4903 3013 4956 δὲ
3067 4905 3341 4974 ἐπιμεῖναι
3373 4902 3465 4956 ἐπὶ
3523 4902 3665 4974 λόγῳ
3721 4908 3819 4961 καὶ

2315 5058 2427 5133 (99)
2483 5058 2815 5133 Χορηγοῦσι
2863 5061 3077 5133 τούτου
3126 5060 3233 5113 τοῦ
3282 5061 3489 5133 λόγου.
3545 5063 3820 5133 Χορηγεῦρ

2244 5131 2456 5194 isthuc,
2487 5131 2705 5199 opinor,
2736 5131 3164 5199 metaphoricum
3194 5138 3279 5199 est
3303 5169 3316 5189 .
3348 5131 3468 5183 ἀντὶ
3509 5131 3606 5185 τοῦ
3630 5131 3822 5187 διδόμ-

2244 5214 2437 5269 σκειν.
2474 5197 2831 5253 Communius
2868 5197 3014 5253 esset
3052 5198 3416 5269 παραδοῦναι,
3468 5212 3528 5254 ut
3570 5201 3821 5265 Latinis,

2247 5268 2489 5329 tradere;
2519 5269 2612 5322 sed
2644 5268 2925 5339 hominum
2960 5269 3061 5323 hoc
3095 5268 3146 5322 in
3173 5270 3434 5339 doctrinae
3456 5286 3653 5339 genere
3681 5274 3821 5325 libe—

2244 5340 2515 5393 ralitatem
2543 5346 2597 5391 et
2628 5337 2887 5407 ἀφθονίαν
2910 5339 3148 5394 indicare
3178 5339 3365 5393 voluit.
3388 5337 3483 5393 Est
3513 5350 3694 5395 autem
3720 5342 3821 5395 τοῦ

2246 5409 2404 5476 λόγου
2429 5407 2691 5472 Atticum,
2728 5416 2783 5476 ut
2812 5408 2926 5474 jam
2953 5418 3079 5476 ante
3112 5409 3320 5462 monui.

2318 5473 2393 5549 (1)
2437 5475 2626 5531 Οὐδὲν
2665 5473 2906 5546 μᾶλλον
2935 5473 3066 5531 οἷόν
3098 5496 3181 5531 τε.
3212 5477 3350 5533 Vera
3392 5478 3556 5534 lectio
3588 5494 3656 5534 ex
3697 5478 3810 5534 Pla-

2248 5559 2378 5620 tone
2411 5550 2693 5620 restituta,
2736 5563 2861 5620 cum
2909 5556 3034 5602 ante
3076 5549 3495 5604 mendosissiuie
3550 5549 3821 5620 legeretur

2248 5618 2399 5701 οὐδὲν
2430 5616 2539 5701 γᾲρ
2571 5617 2770 5701 μᾶλλον
2800 5616 3023 5701 οἴονται·ζ

2287 5758 2297 5768 _
2324 5688 2398 5768 (ἢ)
2433 5686 2597 5768 Κατᾲ
2632 5688 2706 5741 τὰ
2739 5702 2952 5768 cum.
2993 5686 3168 5757 Plato,
3196 5691 3292 5744 καὶ
3322 5687 3390 5743 τὰ
3420 5705 3614 5760 συγγρ.
3650 5687 3822 5746 Euse-

2244 5756 2343 5815 bio
2368 5756 2677 5812 haerendum
2708 5760 2910 5820 putavi.
