4144 6428
361 321 499 378 H89

1447 315 1770 373 ΡΒᾸΞΡᾹΒ.
1813 317 2063 375 EVANG.
2107 319 2236 375 LIB.
2274 320 2412 378 XIV.

3451 325 3594 378 μου

333 433 668 511 ὲρωτήμάι,
724 439 815 496 καὶ
840 438 1058 510 ἡσύχως
1101 438 1158 492 ὲν
1191 435 1344 512 μέρει
1399 440 1798 511 ἀποκρίνασθαί
1843 459 1895 494 τε

2009 456 2133 497 cum
2168 441 2376 498 insanis
2407 457 2469 498 ac
2517 441 2740 497 furiosis
2786 443 3122 512 colloquare.
3167 441 3401 498 Prorsus
3439 445 3585 498 enim

333 535 427 588 καὶ
453 533 690 604 ἐρέσθαι,
709 530 886 615 ,ἦττον
917 534 1099 597 αὐτοῖς
1119 532 1196 585 ἔνι
1227 533 1260 604 ἢ
1292 534 1352 586 τὸ
1387 533 1550 605 μηδέν
1570 552 1583 563 ·
1632 535 1829 605 μᾶλλον
1857 534 1912 587 δὲ

334 624 663 695 ὑπερϐάλλει
688 625 749 677 τὸ
780 625 888 678 οὐδ’
927 625 1076 678 οὐδὲν
1109 624 1245 695 πρὸς
1289 625 1350 678 τὸ
1396 625 1529 696 μηδὲ
1577 625 1806 696 σμικρὸν
1835 625 1912 696 (ὅ)

332 718 531 770 ἐνεῖναι
555 719 668 780 τοῖς
700 716 955 788 ἀνδράσιν
988 718 1218 788 ἡσυχίας
1244 734 1259 748 ο
1293 716 1408 770 ἀλλ’
1447 716 1512 770 ἄν
1534 717 1657 770 τινά
1687 735 1739 770 τι
1773 716 1872 788 ἔρῃ
1893 757 1910 784 ,

280 875 284 878 ξ
330 807 519 878 ὥσπερ
551 810 613 860 ὲκ
659 811 938 879 φαρέτρας
985 807 1320 879 ρηματίσκια
1385 806 1760 878 αἰνιγματώδη
1815 809 1911 861 ἀν-

332 902 618 963 ασπῶντες
649 899 1031 964 ἀποτοξεύουσι
1054 919 1067 933 ·
1099 902 1194 954 καὶ
1225 900 1289 954 ἂν
1317 899 1506 953 τούτου
1546 900 1714 970 ζητῇς
1756 899 1912 968 λόγον

332 990 536 1054 λαϐεῖν,
564 991 616 1043 τί
666 992 883 1062 εἴρηκεν
903 1033 918 1058 ,
964 991 1134 1063 ἑτέρῳ
1167 991 1415 1063 πεπλήξῃ
1447 991 1648 1055 καινῶς
1678 1009 1912 1062 μετωνο-

335 1085 626 1154 μασμένῳ’
669 1087 918 1156 περανεῖς
960 1084 1016 1136 δὲ
1050 1085 1302 1138 οὐδέποτε
1343 1084 1496 1137 οὐδὲν
1542 1084 1678 1156 πρὸς
1718 1084 1911 1138 οὐδένα

331 1171 508 1224 αὐτῶν
526 1191 538 1201 ·
564 1172 684 1225 οὐδέ
707 1190 770 1240 γε
803 1175 999 1226 ἐκεῖνοι
1028 1173 1181 1226 αὐτοὶ
1215 1173 1351 1244 πρὸς
1379 1172 1659 1244 ἀλλήλους,
1702 1173 1815 1226 ἀλλ’
1848 1167 1907 1226 εὖ

330 1261 470 1314 πάνυ
504 1262 904 1330 φυλάττουσιτὸ
932 1262 1094 1334 μηδὲν
1121 1261 1332 1332 βέϐαιον
1366 1263 1460 1333 ὲᾷν
1492 1259 1648 1326 εἶναι,
1687 1261 1810 1331 μήτ’
1850 1261 1908 1312 ὲν

329 1350 492 1421 λόγῳ,
517 1350 642 1421 μήτ’
663 1353 722 1404 ὲν
744 1355 864 1415 ταῖς
893 1350 1072 1404 αὐτῶν
1096 1351 1315 1421 ψυχαῖς,
1343 1350 1655 1422 ἡγούμενοι,
1690 1350 1765 1413 ὡς
1789 1349 1910 1420 ἐμοὶ

325 1443 493 1506 δοκεῖ,
515 1443 649 1496 αὐτὸ
673 1443 932 1513 στάσιμον
952 1439 1107 1496 εἶναι.
1138 1442 1322 1514 Τούτῳ
1347 1444 1404 1497 δὲ
1422 1444 1564 1498 πάνυ
1589 1440 1904 1512 πολεμοῦσι,

328 1533 423 1588 καὶ
449 1534 570 1587 καθ’
606 1534 728 1587 ὅσον
760 1533 1036 1599 δύνανται,
1072 1534 1407 1605 πανταχόθεν
1432 1533 1804 1588 ἐκϐάλλουσιν.
1836 1561 1907 1570 ——

330 1620 573 1694 Ἵσως,ὧ
600 1627 862 1699 Θεόδωρε,
883 1629 1009 1691 τοὺς
1038 1627 1236 1699 ἄνδρας
1269 1627 1609 1698 μαχομένους
1634 1626 1903 1698 ἑώρακας,

326 1718 670 1790 εἰρηνεύουσι
717 1719 773 1772 δὲ
800 1720 861 1772 οὐ
905 1719 1266 1788 συγγέγονας·
1321 1720 1380 1772 ού
1421 1718 1530 1790 γάρ
1579 1735 1660 1770 σοι
1699 1718 1903 1786 ἑταῖροί

2017 532 2217 599 illi,eo
2243 549 2403 602 quem
2431 533 2547 588 suis
2579 534 2632 588 in
2675 535 2893 603 scriptis
2931 544 3210 604 tantopere
3257 534 3586 600 ostendunt,

2015 623 2221 692 impetu
2259 624 2565 692 rapiuntur.
2616 623 2728 680 Nec
2759 625 2903 680 aliud
2936 627 3234 694 quidquam
3275 635 3393 693 est,
3437 627 3588 697 quod

2013 725 2202 778 parum
2241 712 2374 764 adeo
2403 713 2645 780 possint,
2685 728 2848 782 quam
2889 714 3005 766 suis
3044 713 3099 765 in
3149 713 3496 768 sermonibus
3532 721 3590 769 et

2012 802 2404 871 quaestionibus
2458 804 2726 858 sustinere
2771 805 3020 860 nonnihil
3075 821 3234 870 sese,
3283 822 3348 861 ac
3398 814 3588 877 pacate

2013 896 2176 948 modo
2207 895 2574 966 interrogare,
2612 897 2776 952 modo
2802 898 3133 966 respondere
3163 899 3405 955 vicissim
3434 919 3446 954 :
3474 901 3587 953 imo

2011 983 2094 1036 vel
2128 983 2306 1037 isthuc
2337 983 2548 1053 ipsum,
2585 987 2730 1054 quod
2775 986 3043 1050 dicimus,
3079 987 3228 1041 aliud
3287 988 3585 1058 quidquam

2010 1075 2335 1139 essenihil,
2379 1076 2604 1131 nimium
2638 1078 2897 1148 quiddam
2931 1089 3054 1147 est,
3093 1096 3257 1150 quam
3303 1090 3364 1136 ut
3409 1083 3542 1136 satis
3568 1123 3583 1146 ,

2011 1179 2079 1218 ne
2101 1166 2367 1218 tantillum
2391 1168 2607 1235 quidem
2635 1184 2804 1237 genus
2861 1171 2964 1224 hoc
3015 1171 3298 1226 hominum
3337 1173 3586 1226 modera-

2011 1257 2176 1310 tionis
2211 1257 2408 1312 habere
2459 1259 2746 1329 signiﬁcet.
2781 1260 3072 1317 Enimvero
3102 1263 3146 1318 si
3195 1264 3323 1334 quid
3378 1280 3445 1318 ex
3505 1264 3573 1320 iis

2010 1361 2250 1416 quaeras,
2289 1348 2432 1402 illico
2459 1358 2715 1418 tanquam
2740 1366 2803 1405 ex
2849 1353 3101 1421 pharetra
3127 1392 3142 1417 ,
3176 1355 3402 1410 voculas
3429 1357 3586 1426 jacu-

2009 1439 2110 1492 lari
2141 1440 2492 1509 aenigmatum
2526 1442 2951 1510 persimiles:ac
2988 1445 3035 1499 si
3065 1446 3148 1500 vel
3197 1446 3361 1501 unius
3416 1447 3586 1502 ratio-

2010 1545 2133 1584 nem
2162 1530 2383 1600 exigas,
2416 1548 2538 1601 quae
2559 1533 2689 1587 dicti
2715 1535 2822 1587 vim
2857 1550 2923 1590 ac
2952 1550 3172 1596 sensum
3201 1539 3431 1608 aperiat,
3476 1539 3585 1598 alia

2011 1628 2062 1675 te
2094 1637 2286 1677 rursus
2319 1631 2533 1692 petere,
2557 1638 2718 1693 quam
2757 1639 2962 1678 novum
2998 1626 3203 1694 pariter
3235 1629 3587 1700 metonymia

2009 1728 2180 1782 genus
2213 1714 2486 1770 obscuret.
2521 1713 2599 1770 Ita
2640 1716 2774 1770 nihil
2797 1733 3038 1788 unquam
3062 1729 3156 1773 aut
3189 1728 3302 1774 tute
3328 1722 3472 1791 apud
3497 1723 3583 1779 is-

326 1784 487 1864 είσιν.
533 1809 694 1873 Ἀλλ’,
728 1805 916 1880 οἶμαι,
1067 1784 1288 1863 τοιαῦτα
1319 1784 1444 1872 τοῖς
1488 1784 1757 1880 μαθηταῖς
1809 1784 1895 1860 ἐπὶ

2005 1815 2090 1860 tos
2136 1805 2344 1862 efﬁcias
2373 1846 2388 1872 ,
2449 1817 2544 1862 aut
2601 1808 2824 1878 ipsimet
2857 1784 2998 1864 inter
3055 1827 3114 1865 se
3150 1830 3162 1866 :
3201 1784 3472 1882 siquidem
3527 1815 3583 1870 id

327 1899 525 1972 σχολῆς
551 1899 992 1971 φράζουσιν,ὀῦς
1030 1899 1095 1953 ἂν
1127 1900 1422 1970 βούλωνται
1466 1900 1684 1969 ὁμοίους
1723 1901 1904 1963 αὐτοῖς

324 1991 569 2063 ποιῆσαι.
593 2023 662 2032 -
696 1991 876 2055 Ποίοις
914 1992 1206 2062 μαθηταῖς,
1241 1985 1285 2044 ὧ
1313 1990 1586 2061 δαιμόνιε;
1633 1991 1766 2044 Ούδὲ
1813 1990 1900 2058 γί-

323 2101 510 2153 γνεται
567 2083 675 2136 τῶν
717 2083 971 2137 τοιούτων
1006 2084 1192 2153 ἕτερος
1223 2084 1408 2153 ἐτέρου
1446 2081 1692 2153 μαθητὴς
1715 2120 1730 2143 ,
1785 2080 1901 2134 ἀλλ’

323 2180 618 2248 αὐτόματοι
642 2177 990 2246 ἀναφύονται,
1018 2175 1211 2229 ὁπόθεν
1245 2175 1309 2228 ἂν
1339 2174 1498 2246 τύχῃ,
1547 2174 1774 2236 ἕκαστος
1805 2172 1903 2226 αύ-

320 2271 432 2340 τῷν
464 2271 837 2334 ὲνθουσιάσας,
862 2269 956 2322 καὶ
982 2269 1071 2322 τὸν
1098 2269 1282 2340 ἕτερον
1311 2269 1338 2320 ὁ
1363 2267 1546 2338 ἕτερος
1567 2265 1719 2320 οὐδὲν
1753 2267 1902 2336 ἡγεῖ-

321 2380 412 2418 ται
445 2362 661 2417 εἰδέναι.
710 2361 868 2433 Παρὰ
897 2360 994 2432 μὲν
1043 2355 1136 2413 οὖν
1174 2358 1397 2422 τούτων,
1430 2359 1567 2430 ὅπερ
1614 2352 1688 2432 ᾖα
1735 2355 1896 2429 ὲρῶν,

319 2455 423 2510 οὐκ
453 2455 518 2510 ἄν
555 2471 684 2508 ποτε
710 2452 895 2516 λάϐοις
929 2449 1244 2520 λόγον,ούτε
1290 2449 1547 2512 ἑκόντων,
1575 2447 1699 2500 οὕτε
1736 2447 1897 2501 ἀκόν-

319 2561 430 2600 των
449 2560 464 2575 ⁶
494 2545 691 2607 αὐτοὺς
719 2543 774 2596 δὲ
800 2543 882 2596 δεῖ
911 2541 1324 2615 παραλαϐόντας
1372 2539 1562 2613 ὥσπερ
1607 2539 1897 2610 πρόϐλημα

323 2636 758 2691 ἐπισκοπεῖσθαι.
788 2663 860 2674 --
890 2635 1001 2688 Καὶ
1033 2634 1269 2704 μετρίως
1298 2649 1360 2701 γε
1396 2631 1593 2700 λέγεις.
1629 2631 1702 2684 Τὸ
1745 2630 1803 2684 δὲ
1832 2629 1896 2702 δὴ

321 2727 615 2801 πρόϐλημα
661 2726 790 2780 ἀλλο
814 2743 867 2780 τι
914 2725 1328 2797 παρειλήφαμεν
1348 2765 1363 2789 ,
1397 2724 1429 2796 ἢ
1462 2722 1610 2794 παρὰ
1645 2723 1742 2794 μὲν
1787 2721 1896 2775 τῶν

320 2821 562 2891 ἀρχαίων
589 2819 727 2891 μετὰ
757 2819 1025 2890 ποιήσεως
1056 2816 1540 2887 ὲπικρυπτομένων
1585 2815 1712 2878 τοὺς
1763 2813 1895 2867 πολ-

319 2909 464 2974 λοὺς,
496 2909 571 2973 ὡς
609 2909 884 2979 ήγένεσις
929 2906 1038 2959 τῶν
1071 2906 1320 2968 πάντων,
1385 2905 1638 2967 Ὠκεανός
1688 2920 1748 2956 τε
1801 2903 1895 2956 καὶ

320 3001 522 3072 Τηθὺς,
555 3000 730 3072 ῥεῦμα
752 2999 1029 3070 τυγχάνει,
1064 2999 1158 3051 καὶ
1187 2998 1339 3050 οὐδὲν
1374 2995 1605 3066 ἕστηκε·
1646 2993 1798 3066 παρά
1833 2993 1892 3048 δὲ

316 3096 427 3150 τῶν
453 3096 717 3166 ὑστέρων,
749 3094 844 3148 ἆτε
870 3092 1211 3163 σοφωτέρων,
1248 3088 1550 3158 ἀναφανδὸν
1582 3088 1892 3142 ἀποδεικνυ-
1917 3119 1961 3177 C

320 3185 521 3256 μένων,
548 3185 637 3236 ἵνα
671 3183 764 3236 καὶ
794 3184 844 3235 οἱ
867 3181 1185 3250 σκυτοτόμοι
1215 3178 1394 3232 αὐτῶν
1420 3178 1518 3248 τὴν
1562 3176 1752 3246 σοφίαν
1789 3177 1892 3247 μά-

315 3275 484 3329 θωσιν
521 3272 882 3339 ἀκούσαντες,
922 3271 1016 3324 καὶ
1050 3270 1365 3323 παύσωνται
1394 3268 1615 3338 ἠλιθίως
1656 3267 1890 3338 οἰόμενοι

313 3365 386 3418 τὰ
422 3365 520 3435 μὲν
556 3363 798 3426 ἑστάναι,
823 3363 968 3417 τὰδὲ
997 3359 1259 3415 κινεῖσθαι
1300 3359 1407 3412 τῶν
1443 3359 1641 3414 ὄντων·
1691 3359 1892 3430 μαθόν-

311 3473 406 3519 τες
432 3455 509 3520 δὲ,
537 3457 618 3508 ὅτι
645 3456 821 3509 πάντα
850 3457 1099 3517 κινεῖται,
1131 3451 1363 3523 τιμῶσιν
1401 3449 1629 3516 αύτούς;
1679 3450 1889 3520 Ὀλίγου

312 3544 371 3599 δὲ
398 3544 740 3615 ἐπελαθόμην
763 3583 778 3610 ,
827 3538 872 3598 ὦ
909 3543 1168 3614 Θεόδωρε,
1201 3544 1282 3596 ὅτι
1327 3541 1477 3597 ἄλλοι
1524 3537 1590 3595 αὖ
1637 3541 1890 3595 τάναντία

312 3635 520 3698 τούτοις
541 3638 906 3705 ἀπεφήναντο.

2004 1897 2151 1951 omni
2179 1907 2370 1953 cavent
2401 1899 2583 1953 studio
2609 1939 2623 1962 ,
2656 1915 2724 1954 nc
2742 1900 2883 1955 ﬁrmi
2914 1901 3213 1971 quidquam
3261 1905 3345 1960 vel
3383 1907 3438 1960 in
3467 1905 3583 1962 dis-

2002 1988 2316 2057 putatione,
2351 1989 2437 2044 vel
2463 1991 2580 2045 suis
2608 1991 2850 2060 ipsorum
2909 1993 2963 2046 in
3001 1993 3315 2057 mentibus,
3371 1995 3581 2051 haerere

2001 2079 2312 2147 patiantur;
2358 2082 2494 2148 rati,
2528 2083 2725 2153 opinor
2752 2123 2768 2150 ,
2803 2082 2906 2137 hoc
2938 2083 3116 2154 ipsum
3152 2101 3275 2140 esse
3305 2085 3579 2143 ﬁrmitatis

2001 2179 2164 2240 atque
2198 2173 2538 2227 constantiae.
2567 2171 2750 2238 Quare
2777 2174 2911 2228 illud
2962 2175 3187 2230 assiduo
3241 2191 3580 2246 persequun-

2000 2270 2090 2316 tur
2113 2262 2287 2328 bello,
2338 2253 2391 2318 et
2423 2265 2665 2334 undique
2702 2265 2866 2336 724.
2911 2277 3174 2335 quantum
3209 2267 3264 2321 in
3301 2267 3432 2338 ipsis
3457 2277 3576 2333 est,

1999 2354 2567 2410 exterminant.—Tu
2595 2371 2726 2411 vero
2756 2356 3009 2425 fortasse,
3037 2358 3113 2412 mi
3135 2357 3441 2424 Theodore,
3479 2360 3578 2414 ho-

1998 2443 2175 2500 mines
2205 2453 2414 2500 tantum
2444 2445 2626 2501 vidisti
2662 2447 2790 2501 dum
2818 2457 3156 2517 pugnarent,
3191 2449 3321 2504 dum
3349 2449 3404 2504 in
3445 2465 3579 2520 pace

1997 2534 2234 2603 degunt,
2265 2537 2572 2592 convenisti
2596 2554 2900 2608 nunquam.
2932 2537 3043 2594 Nec
3067 2541 3303 2609 mirum,
3335 2540 3574 2596 familia-

1997 2640 2086 2680 res
2106 2627 2308 2697 quippe
2331 2627 2428 2683 tibi
2453 2643 2562 2683 non
2595 2637 2743 2684 sunt.
2774 2631 2845 2684 At
2873 2630 2988 2686 suis
3016 2671 3031 2695 ,
3058 2632 3252 2701 opinor
3277 2672 3294 2699 ,
3336 2631 3578 2701 discipu—

1995 2718 2098 2786 lis,
2133 2719 2236 2774 ista
2262 2719 2536 2790 explicant
2562 2722 2774 2786 otiose,
2808 2737 2948 2793 quos
2996 2723 3082 2778 sui
3120 2723 3329 2780 similes
3363 2723 3575 2780 eﬁicere

1994 2810 2180 2866 velint.
2214 2842 2282 2854 —-
2309 2811 2459 2878 Quos
2484 2821 2542 2868 tu
2575 2813 2709 2867 mihi
2741 2813 3042 2884 discipulos
3062 2853 3078 2882 ,
3105 2814 3188 2868 vir
3210 2815 3427 2886 egregie
3451 2813 3574 2872 ?Ne

1995 2901 2086 2955 alii
2114 2901 2334 2973 quidem
2365 2903 2598 2958 aliorum
2637 2904 2890 2974 discipuli
2926 2905 3013 2959 isti
3041 2913 3207 2971 sunt,
3251 2908 3343 2961 sed
3385 2908 3574 2961 oriun-

1995 3001 2083 3047 tur
2106 2992 2484 3063 exsistuntque
2511 3009 2608 3064 per
2635 3010 2759 3050 sese
2782 3034 2798 3060 ,
2832 2996 3196 3066 undecunque
3219 2998 3433 3052 tandem
3486 2998 3572 3052 fu-

1993 3099 2117 3140 rore
2139 3085 2392 3140 concitati
2426 3096 2818 3157 prorumpant,
2869 3103 2972 3144 nec
3016 3089 3220 3143 sentire
3267 3089 3567 3159 quidquam

1996 3175 2134 3232 alter
2162 3177 2390 3232 alterum
2415 3179 2713 3235 existimat.
2738 3179 2876 3234 Cum
2911 3181 3074 3251 igitur
3099 3181 3169 3236 ab
3199 3181 3296 3248 iis,
3350 3191 3411 3236 ut
3445 3192 3570 3236 ante

1996 3267 2141 3334 dixi,
2178 3282 2278 3323 nec
2311 3269 2656 3337 volentibus,
2685 3284 2786 3326 nec
2837 3270 3026 3327 invitis
3064 3271 3332 3326 rationem
3393 3271 3572 3338 expri-

1993 3375 2142 3416 mere
2175 3361 2380 3416 nullam
2402 3377 2709 3433 possrmus,
2749 3372 2957 3432 restat,
2997 3365 3140 3420 hanc
3179 3373 3241 3418 ut
3284 3379 3397 3418 rem
3438 3366 3570 3435 ipsi-

1994 3461 2103 3506 met
2131 3452 2186 3506 in
2215 3469 2409 3509 manus
2444 3469 2726 3510 sumamus
2752 3493 2767 3519 ,
2799 3465 2854 3510 et
2878 3456 3038 3524 quasi
3073 3456 3355 3525 problema
3401 3459 3570 3526 quod-

1993 3539 2115 3594 dam
2142 3542 2426 3612 diligenter
2455 3545 2822 3600 excutiamus.
2875 3576 2945 3586 —
2991 3545 3203 3603 Modice
3253 3557 3311 3603 tu
3345 3549 3565 3619 quidem

1995 3647 2060 3687 ac
2085 3633 2335 3688 civiliter.
2371 3635 2477 3690 Sed
2511 3636 2656 3705 quod
2685 3639 2903 3693 tandem
2935 3639 3082 3694 aliud
3109 3640 3420 3710 accepimus
3444 3657 3567 3707 pro-

312 3725 488 3780 blema
515 3766 530 3791 ,
561 3740 722 3795 quam
752 3741 876 3780 cum
919 3727 988 3780 ab
1035 3725 1438 3796 antiquioribus
1492 3724 1618 3788 illis,
1660 3725 1756 3796 qui
1809 3725 2034 3794 poeticis
2103 3724 2402 3783 involucris
2459 3728 2742 3782 hominum
2777 3731 2974 3796 vulgus
3030 3733 3202 3787 latere
3243 3733 3565 3796 voluerunt,

309 3815 590 3872 Oceanum
649 3833 714 3873 ac
782 3816 991 3889 Tethyn
1049 3833 1232 3872 rerum
1297 3818 1541 3888 omnium
1579 3816 1761 3872 fontes
1815 3832 1880 3873 ac
1922 3825 2205 3887 parentes,
2242 3818 2299 3873 in
2342 3829 2601 3891 perpetua
2653 3821 2892 3878 ﬁuxione
2941 3825 3182 3891 versari,
3231 3825 3566 3895 proindequc

311 3908 453 3962 nihil
480 3908 785 3964 consistere
830 3927 846 3965 :
893 3917 1008 3962 tum
1047 3909 1213 3964 etiam
1261 3925 1294 3964 a
1322 3909 1758 3975 recentioribus,
1789 3907 1883 3964 sed
1919 3910 2014 3979 qui
2043 3917 2302 3980 tanquam
2367 3913 2727 3982 sapientiores
2779 3915 3031 3985 aperiunt
3093 3931 3250 3983 sese,
3297 3918 3566 3972 indicantp

309 4013 418 4070 que
438 4001 614 4070 palam
637 4041 653 4067 ,
685 4009 747 4054 ut
769 4000 873 4069 ipsi
903 4014 1124 4070 quoque
1152 3999 1420 4055 cerdones
1450 4015 1641 4055 eorum
1696 4000 2020 4070 sapientiam
2056 4001 2144 4056 vel
2227 4003 2498 4060 audiendo
2531 4006 2866 4075 intelligant,
2929 4007 3292 4078 desinantque
3343 4011 3562 4064 tandem

307 4093 632 4163 simpliciter
683 4093 849 4147 nimis
907 4107 970 4147 ac
1023 4093 1300 4162 pueriliter
1339 4093 1586 4162 Opinari,
1637 4109 1670 4148 e
1715 4093 1877 4149 rebus
1916 4102 2063 4149 stare
2095 4096 2270 4164 alias,
2304 4097 2442 4154 alias
2499 4101 2747 4168 moveri;
2783 4111 2948 4172 atque
3005 4104 3155 4174 ipsos
3191 4106 3326 4160 adeo
3388 4109 3562 4176 magis

307 4189 631 4255 observent,
687 4203 813 4242 cum
863 4204 931 4242 ex
993 4188 1062 4243 iis
1115 4197 1311 4242 cuncta
1364 4188 1570 4242 moveri
1621 4187 1944 4243 didicerint?
2006 4190 2076 4244 At
2126 4192 2324 4247 excidit
2383 4194 2516 4248 mihi
2566 4195 2992 4264 propemodum,
3053 4196 3376 4265 Theodore,
3423 4201 3561 4258 alios

305 4283 472 4339 etiam
501 4284 772 4339 contraria
822 4283 942 4338 istis
991 4283 1176 4337 omnia
1223 4281 1502 4338 statuisse.
1557 4282 1876 4352 Cuiusmodi
1914 4291 1999 4339 est
2030 4284 2194 4353 illud,

373 4393 513 4450 Olor
554 4397 838 4464 ἀκίνητον
878 4394 1102 4450 τελέθει
1134 4394 1215 4461 τῷ
1253 4395 1427 4449 πάντ’
1447 4394 1611 4465 ὄνομ’
1633 4391 1806 4460 εἶναι,

303 4509 413 4564 Καὶ
441 4508 577 4563 ἀλλα
614 4509 712 4561 ὃσα
743 4507 1000 4562 Μέλισσοί
1032 4526 1091 4562 τε
1122 4509 1215 4561 καὶ
1243 4507 1576 4580 Παρμενίδαι
1609 4508 1880 4562 ἐναντιού-

307 4618 460 4673 μενοι
490 4602 624 4654 πᾶσι
678 4600 888 4664 τούτοις
914 4599 1352 4674 διισχυρίζονται,
1384 4602 1460 4664 ὡς
1508 4600 1566 4655 ἓν
1615 4617 1674 4654 τε
1705 4601 1880 4655 πάντα

302 4690 442 4757 ἔστι,
479 4694 571 4746 καὶ
595 4691 824 4763 ἕστηκεν
852 4692 983 4745 αὐτὸ
1003 4694 1060 4747 ἐν
1093 4691 1288 4762 ἑαυτῷ,
1316 4693 1416 4745 ούκ
1445 4691 1565 4762 ἕχον
1612 4691 1794 4763 χώραν
1822 4693 1880 4745 ὲν

301 4776 338 4858 ᾗ
370 4786 619 4838 κινεῖται.
680 4783 898 4848 Τούτοις
943 4779 1056 4849 οὖν,
1107 4779 1152 4839 ὦ
1185 4785 1399 4856 ἑταῖρε,
1429 4787 1562 4838 πᾶσι
1585 4785 1638 4838 τί
1675 4785 1877 4856 χρησό-

306 4873 473 4944 μεθα;
503 4872 662 4927 Κατά
690 4875 920 4946 σμικρὸν
945 4875 1054 4944 γὰρ
1085 4876 1384 4947 προϊόντες,
1425 4874 1728 4946 λελήθαμεν
1773 4875 1878 4945 ἀμ-

301 4965 542 5035 φοτέρων
573 4967 652 5029 εἰς
678 4965 738 5019 τὸ
765 4965 928 5036 μέσον
959 4967 1324 5031 πεπτωκότες.
1353 4967 1464 5021 Καὶ
1489 4968 1584 5020 ἐὰν
1606 4969 1677 5040 μή
1706 4986 1779 5038 πη
1801 4967 1874 5039 (4)

298 5056 628 5127 ἀμυνόμνοι
663 5056 1032 5127 διαφύγωμεν,
1055 5057 1208 5130 δίκην
1234 5059 1494 5130 δώσομεν,
1521 5059 1708 5130 ὥσπερ
1738 5061 1784 5112 οἱ
1819 5061 1874 5112 ὲν

299 5153 420 5213 ταῖς
456 5148 818 5221 παλαίστραις
839 5150 927 5203 διὰ
953 5153 1216 5222 γραμμῆς
1258 5151 1543 5216 παίζοντες
1567 5191 1581 5215 ,
1611 5153 1738 5205 ὅταν
1781 5152 1874 5204 ὑπ’

299 5240 622 5313 ἀμφοτέρων
640 5241 935 5311 ληφθέντες
958 5241 1221 5295 ἒλκωνται
1247 5244 1325 5305 εἰς
1347 5242 1620 5296 τάναντία.
1649 5261 1666 5292 ι
1689 5241 1873 5294 Ταῦτα

301 5331 402 5403 μὲν
433 5334 491 5385 ὲν
527 5331 836 5400 Θεαιτήτῳ.
872 5332 1128 5396 Μεταϐἀς
1149 5333 1273 5402 ἑξῆς
1299 5334 1390 5386 ἐπὶ
1424 5335 1516 5388 τὸν
1545 5333 1868 5402 Σοφιστὴν,

273 5419 453 5496 ,αὖθις
485 5425 612 5496 περὶ
637 5425 745 5478 τῶν
774 5425 879 5495 πρὸ
911 5424 1072 5476 αὐτοῦ
1094 5425 1398 5494 γενομένων
1430 5425 1674 5493 φυσικῶν
1725 5427 1872 5494 φιλο-

271 5516 478 5585 ’σόφων
505 5516 680 5572 τοιάδε
713 5515 896 5587 φησίψ
941 5536 958 5568 ι
982 5515 1232 5578 Εύκόλως
1262 5532 1354 5586 μοι
1381 5515 1456 5586 (5)
1483 5516 1630 5569 δοκεῖ
1652 5517 1872 5586 Παρμε-

263 5600 271 5632 Ι

296 5674 450 5798 Fuﬁ),
485 5672 654 5742 Μηδὲ
694 5687 967 5742 σμικρον.
1017 5668 1202 5727 Isthuc
1235 5668 1367 5741 μηδέ
1433 5667 1763 5725 inseruimus
1801 5685 1866 5726 ex

456 5760 539 5798 ne.

456 5760 539 5799 ne.

1989 4397 2173 4453 Totius
2212 4415 2389 4454 rerum
2438 4418 2500 4454 ac
2558 4419 2832 4472 proprium
2867 4413 2979 4471 est,
3027 4405 3296 4460 immobile
3346 4423 3553 4463 nomen.

1983 4511 2162 4582 Atque
2203 4514 2304 4568 alia
2359 4516 2412 4569 id
2465 4531 2655 4584 genus,
2703 4533 2826 4586 quae
2869 4517 3069 4573 Melissr
3118 4532 3182 4573 ac
3219 4515 3556 4576 Parmeniden

1981 4601 2241 4657 adversus
2293 4603 2416 4660 illos
2471 4619 2662 4661 omnes
2712 4622 2928 4661 summa
2977 4609 3322 4663 contentione
3367 4607 3555 4664 defen-

1979 4691 2152 4745 dunt:
2197 4702 2392 4748 cuncta
2426 4695 2686 4750 nimirum
2716 4713 2882 4751 unum
2915 4713 3057 4761 esse,
3091 4700 3234 4767 quod
3270 4699 3322 4752 in
3353 4707 3552 4752 seruet-

1978 4782 2099 4853 ipso
2141 4786 2439 4843 consistat:
2512 4803 2611 4844 nec
2662 4789 2842 4844 locum
2888 4791 3084 4844 habeat
3131 4791 3300 4845 ullum
3338 4792 3393 4844 in
3441 4805 3552 4860 quo

1977 4884 2280 4931 moveatur.
2317 4875 2413 4933 His
2448 4880 2705 4935 omnibus
2746 4881 2932 4952 igitur,
2967 4883 3040 4936 mi
3077 4880 3382 4945 Theodore,
3418 4882 3546 4951 quid

1978 4962 2284 5023 faciamus?
2327 4967 2540 5026 Sensim
2596 4973 2742 5026 enim
2783 4975 3021 5043 provecti
3058 4975 3319 5038 ulterius,
3369 4975 3422 5027 in
3469 4975 3550 5028 fa-

1977 5059 2174 5115 ctionis
2204 5061 2489 5133 utriusque
2528 5065 2764 5119 medium
2816 5066 3185 5135 imprudentes
3227 5066 3540 5121 incidimus.

1974 5147 2042 5202 Et
2073 5150 2127 5203 ni
2164 5166 2379 5222 quaqua
2432 5165 2844 5224 perrumpentes
2874 5155 3253 5226 cﬁ‘ugerimus,
3294 5156 3544 5210 dabimus

1972 5240 2217 5311 profecto
2271 5245 2593 5300 temeritatis
2654 5255 2856 5301 nostra:
2911 5262 3133 5317 poenas,
3188 5257 3246 5300 ut
3290 5247 3396 5300 illis
3439 5260 3540 5300 usu

1973 5335 2140 5401 venit,
2176 5336 2270 5401 qui
2313 5336 2640 5406 descriptam
2705 5339 2772 5392 ad
2816 5339 3018 5393 lineam
3058 5338 3111 5392 in
3161 5339 3408 5412 palaestra
3459 5337 3544 5391 lu-

1972 5424 2130 5490 dunt,
2166 5440 2288 5479 cum
2322 5427 2392 5480 ab
2421 5436 2650 5495 utraque
2681 5434 2835 5497 parte
2877 5429 3165 5497 intercepti
3209 5428 3338 5481 hinc
3379 5435 3542 5497 atque

1971 5512 2101 5568 hinc
2143 5515 2391 5570 distracti
2433 5518 2742 5585 rapiuntur.
2789 5536 2808 5569 ι
2847 5517 3120 5574 Ilactenus
3154 5519 3211 5573 in
3258 5517 3540 5573 Themeto.

2042 5668 2117 5756 lit
2139 5667 2235 5756 λιι
2265 5681 2370 5756 πει·
2395 5666 2472 5722 ιω
2505 5668 2799 5756 essent".
2821 5669 3154 5756 ωηιηεμοῐιεν
3175 5687 3282 5724 που

2043 5737 2118 5807 (5)
2164 5737 2443 5802 Εὐκόλως
2464 5755 2585 5806 μοι.
2617 5737 2758 5794 Idem
2789 5741 2839 5794 in
2873 5741 3149 5842 Sophista,
3187 5737 3322 5808 pag.
3349 5741 3444 5794 I58
3471 5737 3536 5793 (ἱ.
