  <div class='ocr_page' id='page_1' title='image "/cluster/home/n/w/nwhite01/storage/ocr_20150623/21:no.3/coo.31924054873017/611.png"; bbox 0 0 4144 6422; ppageno 0'>
   <div class='ocr_carea' id='block_1_1' title="bbox 608 311 740 368">
    <p class='ocr_par' dir='ltr' id='par_1_1' title="bbox 608 311 740 368">
     <span class='ocr_line' id='line_1_1' title="bbox 608 311 740 368; baseline 0.008 -3"><span class='ocrx_word' id='word_1_1' title='bbox 608 311 740 368; x_wconf 72' lang='grc'><strong>1191</strong></span> 
     </span>
    </p>
   </div>
   <div class='ocr_carea' id='block_1_2' title="bbox 1245 296 3214 365">
    <p class='ocr_par' dir='ltr' id='par_1_2' title="bbox 1245 296 3214 365">
     <span class='ocr_line' id='line_1_2' title="bbox 1245 296 3214 365; baseline -0.004 -3"><span class='ocrx_word' id='word_1_2' title='bbox 1245 307 1522 365; x_wconf 83' lang='lat' dir='ltr'><strong>EUSEBII</strong></span> <span class='ocrx_word' id='word_1_3' title='bbox 1560 296 2041 363; x_wconf 69' lang='lat' dir='ltr'><strong>CESARlENSlS</strong></span> <span class='ocrx_word' id='word_1_4' title='bbox 2089 296 2242 362; x_wconf 74' lang='grc' dir='ltr'><strong>ΟΡῬ.</strong></span> <span class='ocrx_word' id='word_1_5' title='bbox 2284 296 2466 360; x_wconf 70' lang='lat' dir='ltr'><strong>PARS</strong></span> <span class='ocrx_word' id='word_1_6' title='bbox 2505 299 2569 358; x_wconf 91' lang='lat' dir='ltr'><strong>ll.</strong></span> <span class='ocrx_word' id='word_1_7' title='bbox 2608 332 2679 345; x_wconf 89' lang='lat'><strong>-—</strong></span> <span class='ocrx_word' id='word_1_8' title='bbox 2715 298 3214 357; x_wconf 64' lang='lat' dir='ltr'><strong>LPOLOGETICA.</strong></span> 
     </span>
    </p>
   </div>
   <div class='ocr_carea' id='block_1_3' title="bbox 3725 295 3875 354">
    <p class='ocr_par' dir='ltr' id='par_1_3' title="bbox 3725 295 3875 354">
     <span class='ocr_line' id='line_1_3' title="bbox 3725 295 3875 354; baseline -0.007 0"><span class='ocrx_word' id='word_1_9' title='bbox 3725 295 3875 354; x_wconf 70' lang='lat'><strong>“92</strong></span> 
     </span>
    </p>
   </div>
   <div class='ocr_carea' id='block_1_4' title="bbox 602 412 2175 497">
    <p class='ocr_par' dir='ltr' id='par_1_4' title="bbox 602 425 2175 497">
     <span class='ocr_line' id='line_1_4' title="bbox 602 425 2175 497; baseline -0.001 -14"><span class='ocrx_word' id='word_1_10' title='bbox 602 427 721 483; x_wconf 63' lang='lat' dir='ltr'><strong>iam</strong></span> <span class='ocrx_word' id='word_1_11' title='bbox 766 428 823 481; x_wconf 92' lang='lat' dir='ltr'><strong>in</strong></span> <span class='ocrx_word' id='word_1_12' title='bbox 859 425 1101 496; x_wconf 78' lang='lat' dir='ltr'><strong>Sophista</strong></span> <span class='ocrx_word' id='word_1_13' title='bbox 1151 425 1220 480; x_wconf 89' lang='lat' dir='ltr'><strong>de</strong></span> <span class='ocrx_word' id='word_1_14' title='bbox 1265 426 1468 481; x_wconf 80' lang='lat' dir='ltr'><strong>iisdem</strong></span> <span class='ocrx_word' id='word_1_15' title='bbox 1506 426 1781 497; x_wconf 82' lang='lat' dir='ltr'><strong>physicis,</strong></span> <span class='ocrx_word' id='word_1_16' title='bbox 1818 426 1914 496; x_wconf 89' lang='lat' dir='ltr'><strong>qui</strong></span> <span class='ocrx_word' id='word_1_17' title='bbox 1952 436 2078 481; x_wconf 98' lang='lat' dir='ltr'><strong>ante</strong></span> <span class='ocrx_word' id='word_1_18' title='bbox 2124 441 2175 481; x_wconf 81' lang='lat' dir='ltr'><strong>se</strong></span> 
     </span>
    </p>
   </div>
   <div class='ocr_carea' id='block_1_5' title="bbox 2274 412 3875 497">
    <p class='ocr_par' dir='ltr' id='par_1_5' title="bbox 2286 412 3875 497">
     <span class='ocr_line' id='line_1_5' title="bbox 2286 412 3875 497; baseline -0.005 -20"><span class='ocrx_word' id='word_1_19' title='bbox 2286 426 2435 497; x_wconf 82' lang='grc' dir='ltr'>νίδης</span> <span class='ocrx_word' id='word_1_20' title='bbox 2464 426 2595 495; x_wconf 85' lang='grc' dir='ltr'>ἡμῖν</span> <span class='ocrx_word' id='word_1_21' title='bbox 2631 422 2921 490; x_wconf 80' lang='grc' dir='ltr'><strong>διειλέχθαι</strong></span> <span class='ocrx_word' id='word_1_22' title='bbox 2945 462 2959 483; x_wconf 88' lang='grc'><strong>,</strong></span> <span class='ocrx_word' id='word_1_23' title='bbox 2988 421 3082 472; x_wconf 77' lang='grc' dir='ltr'>καὶ</span> <span class='ocrx_word' id='word_1_24' title='bbox 3132 420 3239 481; x_wconf 80' lang='grc' dir='ltr'><strong>πᾶς</strong></span> <span class='ocrx_word' id='word_1_25' title='bbox 3281 418 3429 480; x_wconf 84' lang='grc' dir='ltr'>ὅστις</span> <span class='ocrx_word' id='word_1_26' title='bbox 3482 412 3613 486; x_wconf 59' lang='grc' dir='ltr'>ἡμῖν</span> <span class='ocrx_word' id='word_1_27' title='bbox 3646 414 3875 469; x_wconf 73' lang='grc' dir='ltr'>πώποτε</span> 
     </span>
    </p>
   </div>
   <div class='ocr_carea' id='block_1_6' title="bbox 602 516 2183 587">
    <p class='ocr_par' dir='ltr' id='par_1_6' title="bbox 602 516 2183 587">
     <span class='ocr_line' id='line_1_6' title="bbox 602 516 2183 587; baseline -0.001 -14"><span class='ocrx_word' id='word_1_28' title='bbox 602 520 938 585; x_wconf 79' lang='lat' dir='ltr'><strong>docuerant,</strong></span> <span class='ocrx_word' id='word_1_29' title='bbox 988 520 1131 571; x_wconf 90' lang='lat' dir='ltr'><strong>hunc</strong></span> <span class='ocrx_word' id='word_1_30' title='bbox 1187 517 1243 569; x_wconf 91' lang='lat' dir='ltr'><strong>in</strong></span> <span class='ocrx_word' id='word_1_31' title='bbox 1294 518 1521 571; x_wconf 90' lang='lat' dir='ltr'><strong>modum</strong></span> <span class='ocrx_word' id='word_1_32' title='bbox 1568 518 1853 587; x_wconf 90' lang='lat' dir='ltr'><strong>loquitur:</strong></span> <span class='ocrx_word' id='word_1_33' title='bbox 1907 536 1926 569; x_wconf 77' lang='grc' dir='ltr'><strong>ι</strong></span> <span class='ocrx_word' id='word_1_34' title='bbox 1967 516 2183 572; x_wconf 88' lang='lat' dir='ltr'><strong>Leviter</strong></span> 
     </span>
    </p>
   </div>
   <div class='ocr_carea' id='block_1_7' title="bbox 602 607 2182 679">
    <p class='ocr_par' dir='ltr' id='par_1_7' title="bbox 602 607 2182 679">
     <span class='ocr_line' id='line_1_7' title="bbox 602 607 2182 679; baseline -0.001 -15"><span class='ocrx_word' id='word_1_35' title='bbox 602 610 920 672; x_wconf 84' lang='lat' dir='ltr'><strong>admodum,</strong></span> <span class='ocrx_word' id='word_1_36' title='bbox 971 610 1168 679; x_wconf 83' lang='lat' dir='ltr'><strong>inquit,</strong></span> <span class='ocrx_word' id='word_1_37' title='bbox 1217 607 1575 665; x_wconf 82' lang='lat' dir='ltr'><strong>Parmenides</strong></span> <span class='ocrx_word' id='word_1_38' title='bbox 1622 610 1725 665; x_wconf 91' lang='lat' dir='ltr'><strong>hac</strong></span> <span class='ocrx_word' id='word_1_39' title='bbox 1760 610 1893 663; x_wconf 91' lang='lat' dir='ltr'><strong>mihi</strong></span> <span class='ocrx_word' id='word_1_40' title='bbox 1938 610 2182 679; x_wconf 86' lang='lat' dir='ltr'><strong>disputa-</strong></span> 
     </span>
    </p>
   </div>
   <div class='ocr_carea' id='block_1_8' title="bbox 591 701 2181 772">
    <p class='ocr_par' dir='ltr' id='par_1_8' title="bbox 591 701 2181 772">
     <span class='ocr_line' id='line_1_8' title="bbox 591 701 2181 772; baseline -0.001 -16"><span class='ocrx_word' id='word_1_41' title='bbox 591 705 749 757; x_wconf 77' lang='lat' dir='ltr'><strong>tione</strong></span> <span class='ocrx_word' id='word_1_42' title='bbox 778 703 1100 772; x_wconf 82' lang='lat' dir='ltr'><strong>perfunctus</strong></span> <span class='ocrx_word' id='word_1_43' title='bbox 1136 701 1375 768; x_wconf 85' lang='lat' dir='ltr'><strong>videtur,</strong></span> <span class='ocrx_word' id='word_1_44' title='bbox 1410 701 1705 771; x_wconf 67' lang='lat' dir='ltr'><strong>caeterique</strong></span> <span class='ocrx_word' id='word_1_45' title='bbox 1746 716 1973 764; x_wconf 88' lang='lat' dir='ltr'><strong>omnes.</strong></span> <span class='ocrx_word' id='word_1_46' title='bbox 2009 708 2181 771; x_wconf 72' lang='lat' dir='ltr'><strong>&#39;quot~</strong></span> 
     </span>
    </p>
   </div>
   <div class='ocr_carea' id='block_1_9' title="bbox 601 792 2181 863">
    <p class='ocr_par' dir='ltr' id='par_1_9' title="bbox 601 792 2181 863">
     <span class='ocr_line' id='line_1_9' title="bbox 601 792 2181 863; baseline 0 -16"><span class='ocrx_word' id='word_1_47' title='bbox 601 804 733 863; x_wconf 93' lang='lat' dir='ltr'><strong>quot</strong></span> <span class='ocrx_word' id='word_1_48' title='bbox 768 810 1009 863; x_wconf 80' lang='lat' dir='ltr'><strong>unquam</strong></span> <span class='ocrx_word' id='word_1_49' title='bbox 1050 793 1224 847; x_wconf 89' lang='lat' dir='ltr'><strong>hocin</strong></span> <span class='ocrx_word' id='word_1_50' title='bbox 1248 793 1669 862; x_wconf 84' lang='lat' dir='ltr'><strong>philosophandi</strong></span> <span class='ocrx_word' id='word_1_51' title='bbox 1712 808 1883 863; x_wconf 85' lang='lat' dir='ltr'><strong>genus</strong></span> <span class='ocrx_word' id='word_1_52' title='bbox 1916 792 2181 847; x_wconf 84' lang='lat' dir='ltr'><strong>incubue-</strong></span> 
     </span>
    </p>
   </div>
   <div class='ocr_carea' id='block_1_10' title="bbox 598 882 2179 953">
    <p class='ocr_par' dir='ltr' id='par_1_10' title="bbox 598 882 2179 953">
     <span class='ocr_line' id='line_1_10' title="bbox 598 882 2179 953; baseline -0.001 -15"><span class='ocrx_word' id='word_1_53' title='bbox 598 899 680 947; x_wconf 88' lang='lat' dir='ltr'><strong>re,</strong></span> <span class='ocrx_word' id='word_1_54' title='bbox 722 894 782 938; x_wconf 93' lang='lat' dir='ltr'><strong>ut</strong></span> <span class='ocrx_word' id='word_1_55' title='bbox 812 885 879 938; x_wconf 92' lang='lat' dir='ltr'><strong>de</strong></span> <span class='ocrx_word' id='word_1_56' title='bbox 911 898 1101 938; x_wconf 92' lang='lat' dir='ltr'><strong>eorum</strong></span> <span class='ocrx_word' id='word_1_57' title='bbox 1137 898 1258 953; x_wconf 70' lang='lat' dir='ltr'><strong>quae</strong></span> <span class='ocrx_word' id='word_1_58' title='bbox 1290 896 1419 938; x_wconf 91' lang='lat' dir='ltr'><strong>sunt</strong></span> <span class='ocrx_word' id='word_1_59' title='bbox 1448 891 1504 937; x_wconf 88' lang='lat' dir='ltr'><strong>et</strong></span> <span class='ocrx_word' id='word_1_60' title='bbox 1554 897 1786 937; x_wconf 84' lang='lat' dir='ltr'><strong>numero</strong></span> <span class='ocrx_word' id='word_1_61' title='bbox 1812 923 1827 948; x_wconf 89' lang='lat'><strong>,</strong></span> <span class='ocrx_word' id='word_1_62' title='bbox 1869 890 1924 936; x_wconf 92' lang='lat' dir='ltr'><strong>et</strong></span> <span class='ocrx_word' id='word_1_63' title='bbox 1966 882 2179 936; x_wconf 79' lang='lat' dir='ltr'><strong>ratione</strong></span> 
     </span>
    </p>
   </div>
   <div class='ocr_carea' id='block_1_11' title="bbox 587 970 2177 1045">
    <p class='ocr_par' dir='ltr' id='par_1_11' title="bbox 587 970 2177 1045">
     <span class='ocr_line' id='line_1_11' title="bbox 587 970 2177 1045; baseline -0.003 -16"><span class='ocrx_word' id='word_1_64' title='bbox 587 975 1034 1045; x_wconf 79' lang='lat' dir='ltr'><strong>pronuntiarent.</strong></span> <span class='ocrx_word' id='word_1_65' title='bbox 1076 972 1311 1028; x_wconf 88' lang='lat' dir='ltr'><strong>Perinde</strong></span> <span class='ocrx_word' id='word_1_66' title='bbox 1360 974 1621 1027; x_wconf 90' lang='lat' dir='ltr'><strong>nimirum</strong></span> <span class='ocrx_word' id='word_1_67' title='bbox 1669 973 1722 1028; x_wconf 90' lang='lat' dir='ltr'><strong>id</strong></span> <span class='ocrx_word' id='word_1_68' title='bbox 1772 980 1960 1042; x_wconf 85' lang='lat' dir='ltr'><strong>agunt,</strong></span> <span class='ocrx_word' id='word_1_69' title='bbox 2015 987 2081 1027; x_wconf 80' lang='lat' dir='ltr'><strong>ac</strong></span> <span class='ocrx_word' id='word_1_70' title='bbox 2129 970 2177 1025; x_wconf 85' lang='lat' dir='ltr'><strong>si</strong></span> 
     </span>
    </p>
   </div>
   <div class='ocr_carea' id='block_1_12' title="bbox 598 1063 2176 1136">
    <p class='ocr_par' dir='ltr' id='par_1_12' title="bbox 598 1063 2176 1136">
     <span class='ocr_line' id='line_1_12' title="bbox 598 1063 2176 1136; baseline -0.002 -15"><span class='ocrx_word' id='word_1_71' title='bbox 598 1067 782 1136; x_wconf 90' lang='lat' dir='ltr'><strong>pueris</strong></span> <span class='ocrx_word' id='word_1_72' title='bbox 838 1066 1077 1120; x_wconf 83' lang='lat' dir='ltr'><strong>fabulam</strong></span> <span class='ocrx_word' id='word_1_73' title='bbox 1133 1074 1438 1120; x_wconf 73' lang='lat' dir='ltr'><strong>narrarent.</strong></span> <span class='ocrx_word' id='word_1_74' title='bbox 1494 1064 1659 1136; x_wconf 75' lang='lat'><strong>725</strong></span> <span class='ocrx_word' id='word_1_75' title='bbox 1708 1065 1865 1119; x_wconf 81' lang='lat' dir='ltr'><strong>Atius</strong></span> <span class='ocrx_word' id='word_1_76' title='bbox 1910 1063 2056 1118; x_wconf 90' lang='lat' dir='ltr'><strong>enim</strong></span> <span class='ocrx_word' id='word_1_77' title='bbox 2109 1077 2176 1118; x_wconf 87' lang='lat' dir='ltr'><strong>ea</strong></span> 
     </span>
    </p>
   </div>
   <div class='ocr_carea' id='block_1_13' title="bbox 586 1156 2176 1230">
    <p class='ocr_par' dir='ltr' id='par_1_13' title="bbox 586 1156 2176 1230">
     <span class='ocr_line' id='line_1_13' title="bbox 586 1156 2176 1230; baseline -0.001 -16"><span class='ocrx_word' id='word_1_78' title='bbox 586 1175 721 1230; x_wconf 68' lang='lat' dir='ltr'><strong>quae</strong></span> <span class='ocrx_word' id='word_1_79' title='bbox 752 1169 900 1225; x_wconf 90' lang='lat' dir='ltr'><strong>sunt,</strong></span> <span class='ocrx_word' id='word_1_80' title='bbox 932 1160 1034 1215; x_wconf 87' lang='lat' dir='ltr'><strong>tria</strong></span> <span class='ocrx_word' id='word_1_81' title='bbox 1068 1158 1373 1223; x_wconf 87' lang='lat' dir='ltr'><strong>constituit,</strong></span> <span class='ocrx_word' id='word_1_82' title='bbox 1404 1167 1569 1228; x_wconf 85' lang='lat' dir='ltr'><strong>atque</strong></span> <span class='ocrx_word' id='word_1_83' title='bbox 1596 1158 1886 1228; x_wconf 85' lang='lat' dir='ltr'><strong>ejusmodi,</strong></span> <span class='ocrx_word' id='word_1_84' title='bbox 1914 1173 1947 1212; x_wconf 94' lang='lat' dir='ltr'><strong>e</strong></span> <span class='ocrx_word' id='word_1_85' title='bbox 1975 1156 2176 1226; x_wconf 83' lang='lat' dir='ltr'><strong>quibus</strong></span> 
     </span>
    </p>
   </div>
   <div class='ocr_carea' id='block_1_14' title="bbox 597 1250 2172 1323">
    <p class='ocr_par' dir='ltr' id='par_1_14' title="bbox 597 1250 2172 1323">
     <span class='ocr_line' id='line_1_14' title="bbox 597 1250 2172 1323; baseline -0.004 -15"><span class='ocrx_word' id='word_1_86' title='bbox 597 1254 778 1323; x_wconf 82' lang='lat' dir='ltr'><strong>aliqua</strong></span> <span class='ocrx_word' id='word_1_87' title='bbox 821 1252 951 1319; x_wconf 90' lang='lat' dir='ltr'><strong>duo,</strong></span> <span class='ocrx_word' id='word_1_88' title='bbox 989 1252 1265 1307; x_wconf 86' lang='lat' dir='ltr'><strong>interdum</strong></span> <span class='ocrx_word' id='word_1_89' title='bbox 1299 1251 1518 1321; x_wconf 90' lang='lat' dir='ltr'><strong>quidem</strong></span> <span class='ocrx_word' id='word_1_90' title='bbox 1545 1265 1732 1304; x_wconf 85' lang='lat' dir='ltr'><strong>secum</strong></span> <span class='ocrx_word' id='word_1_91' title='bbox 1761 1250 1878 1319; x_wconf 87' lang='lat' dir='ltr'><strong>ipsa</strong></span> <span class='ocrx_word' id='word_1_92' title='bbox 1908 1255 2172 1318; x_wconf 80' lang='lat' dir='ltr'><strong>pugnent,</strong></span> 
     </span>
    </p>
   </div>
   <div class='ocr_carea' id='block_1_15' title="bbox 596 1337 2176 1411">
    <p class='ocr_par' dir='ltr' id='par_1_15' title="bbox 596 1337 2176 1411">
     <span class='ocr_line' id='line_1_15' title="bbox 596 1337 2176 1411; baseline -0.005 -12"><span class='ocrx_word' id='word_1_93' title='bbox 596 1344 871 1400; x_wconf 83' lang='lat' dir='ltr'><strong>interdum</strong></span> <span class='ocrx_word' id='word_1_94' title='bbox 910 1358 1043 1399; x_wconf 79' lang='lat' dir='ltr'><strong>vero</strong></span> <span class='ocrx_word' id='word_1_95' title='bbox 1075 1343 1431 1398; x_wconf 81' lang='lat' dir='ltr'><strong>reconciliata</strong></span> <span class='ocrx_word' id='word_1_96' title='bbox 1467 1342 1663 1411; x_wconf 85' lang='lat' dir='ltr'><strong>gratia,</strong></span> <span class='ocrx_word' id='word_1_97' title='bbox 1702 1341 1950 1409; x_wconf 84' lang='lat' dir='ltr'><strong>initoque</strong></span> <span class='ocrx_word' id='word_1_98' title='bbox 1983 1337 2176 1392; x_wconf 88' lang='lat' dir='ltr'><strong>matri-</strong></span> 
     </span>
    </p>
   </div>
   <div class='ocr_carea' id='block_1_16' title="bbox 594 1434 2173 1504">
    <p class='ocr_par' dir='ltr' id='par_1_16' title="bbox 594 1434 2173 1504">
     <span class='ocr_line' id='line_1_16' title="bbox 594 1434 2173 1504; baseline -0.003 -12"><span class='ocrx_word' id='word_1_99' title='bbox 594 1440 785 1493; x_wconf 89' lang='lat' dir='ltr'><strong>monio</strong></span> <span class='ocrx_word' id='word_1_100' title='bbox 815 1434 980 1493; x_wconf 64' lang='lat' dir='ltr'><strong>fastus</strong></span> <span class='ocrx_word' id='word_1_101' title='bbox 1036 1436 1359 1504; x_wconf 83' lang='lat' dir='ltr'><strong>suscipiant,</strong></span> <span class='ocrx_word' id='word_1_102' title='bbox 1406 1436 1609 1504; x_wconf 87' lang='lat' dir='ltr'><strong>quibus</strong></span> <span class='ocrx_word' id='word_1_103' title='bbox 1661 1435 1858 1489; x_wconf 85' lang='lat' dir='ltr'><strong>deinde</strong></span> <span class='ocrx_word' id='word_1_104' title='bbox 1916 1434 2173 1488; x_wconf 89' lang='lat' dir='ltr'><strong>alimenta</strong></span> 
     </span>
    </p>
   </div>
   <div class='ocr_carea' id='block_1_17' title="bbox 594 1522 2172 1597">
    <p class='ocr_par' dir='ltr' id='par_1_17' title="bbox 594 1522 2172 1597">
     <span class='ocr_line' id='line_1_17' title="bbox 594 1522 2172 1597; baseline -0.004 -15"><span class='ocrx_word' id='word_1_105' title='bbox 594 1527 960 1597; x_wconf 86' lang='lat' dir='ltr'><strong>suppeditent.</strong></span> <span class='ocrx_word' id='word_1_106' title='bbox 999 1524 1156 1580; x_wconf 81' lang='lat' dir='ltr'><strong>Alius</strong></span> <span class='ocrx_word' id='word_1_107' title='bbox 1199 1525 1306 1578; x_wconf 90' lang='lat' dir='ltr'><strong>duo</strong></span> <span class='ocrx_word' id='word_1_108' title='bbox 1352 1533 1562 1577; x_wconf 91' lang='lat' dir='ltr'><strong>tantum</strong></span> <span class='ocrx_word' id='word_1_109' title='bbox 1622 1524 1942 1594; x_wconf 77' lang='lat' dir='ltr'><strong>assignans,</strong></span> <span class='ocrx_word' id='word_1_110' title='bbox 1993 1522 2172 1576; x_wconf 86' lang='lat' dir='ltr'><strong>humi—</strong></span> 
     </span>
    </p>
   </div>
   <div class='ocr_carea' id='block_1_18' title="bbox 595 1607 2171 1677">
    <p class='ocr_par' dir='ltr' id='par_1_18' title="bbox 595 1607 2171 1677">
     <span class='ocr_line' id='line_1_18' title="bbox 595 1607 2171 1677; baseline -0.003 -12"><span class='ocrx_word' id='word_1_111' title='bbox 595 1610 727 1665; x_wconf 87' lang='lat' dir='ltr'><strong>dum</strong></span> <span class='ocrx_word' id='word_1_112' title='bbox 765 1616 821 1665; x_wconf 92' lang='lat' dir='ltr'><strong>et</strong></span> <span class='ocrx_word' id='word_1_113' title='bbox 856 1609 1086 1675; x_wconf 91' lang='lat' dir='ltr'><strong>siccum,</strong></span> <span class='ocrx_word' id='word_1_114' title='bbox 1135 1609 1221 1662; x_wconf 85' lang='lat' dir='ltr'><strong>vel</strong></span> <span class='ocrx_word' id='word_1_115' title='bbox 1261 1608 1497 1663; x_wconf 87' lang='lat' dir='ltr'><strong>calidum</strong></span> <span class='ocrx_word' id='word_1_116' title='bbox 1550 1616 1606 1663; x_wconf 93' lang='lat' dir='ltr'><strong>et</strong></span> <span class='ocrx_word' id='word_1_117' title='bbox 1656 1607 1937 1677; x_wconf 82' lang='lat' dir='ltr'><strong>frigidum,</strong></span> <span class='ocrx_word' id='word_1_118' title='bbox 1979 1607 2171 1663; x_wconf 91' lang='lat' dir='ltr'><strong>eadem</strong></span> 
     </span>
    </p>
   </div>
   <div class='ocr_carea' id='block_1_19' title="bbox 2281 507 3877 587">
    <p class='ocr_par' dir='ltr' id='par_1_19' title="bbox 2281 507 3877 587">
     <span class='ocr_line' id='line_1_19' title="bbox 2281 507 3877 587; baseline -0.008 -16"><span class='ocrx_word' id='word_1_119' title='bbox 2281 518 2376 571; x_wconf 81' lang='grc' dir='ltr'>ἐπὶ</span> <span class='ocrx_word' id='word_1_120' title='bbox 2408 517 2587 586; x_wconf 85' lang='grc' dir='ltr'>κρίσιν</span> <span class='ocrx_word' id='word_1_121' title='bbox 2617 515 2842 587; x_wconf 84' lang='grc' dir='ltr'>ὥρμησε</span> <span class='ocrx_word' id='word_1_122' title='bbox 2863 512 2957 565; x_wconf 77' lang='grc' dir='ltr'><strong>τοῦ</strong></span> <span class='ocrx_word' id='word_1_123' title='bbox 2989 514 3058 565; x_wconf 76' lang='grc' dir='ltr'>τὰ</span> <span class='ocrx_word' id='word_1_124' title='bbox 3082 511 3211 564; x_wconf 89' lang='grc' dir='ltr'>ὄντα</span> <span class='ocrx_word' id='word_1_125' title='bbox 3234 509 3605 582; x_wconf 79' lang='grc' dir='ltr'><strong>διορίσασθαι,</strong></span> <span class='ocrx_word' id='word_1_126' title='bbox 3636 507 3779 560; x_wconf 87' lang='grc' dir='ltr'>πόσα</span> <span class='ocrx_word' id='word_1_127' title='bbox 3807 523 3877 559; x_wconf 76' lang='grc' dir='ltr'>τε</span> 
     </span>
    </p>
   </div>
   <div class='ocr_carea' id='block_1_20' title="bbox 2282 597 3874 670">
    <p class='ocr_par' dir='ltr' id='par_1_20' title="bbox 2282 597 3874 670">
     <span class='ocr_line' id='line_1_20' title="bbox 2282 597 3874 670; baseline -0.008 -8"><span class='ocrx_word' id='word_1_128' title='bbox 2282 610 2377 662; x_wconf 78' lang='grc' dir='ltr'>καὶ</span> <span class='ocrx_word' id='word_1_129' title='bbox 2410 608 2538 661; x_wconf 85' lang='grc' dir='ltr'><strong>ποῖά</strong></span> <span class='ocrx_word' id='word_1_130' title='bbox 2566 609 2701 660; x_wconf 88' lang='grc' dir='ltr'>ἐστι.</span> <span class='ocrx_word' id='word_1_131' title='bbox 2727 604 2910 658; x_wconf 84' lang='grc' dir='ltr'>Μῦθόν</span> <span class='ocrx_word' id='word_1_132' title='bbox 2935 617 3057 656; x_wconf 85' lang='grc' dir='ltr'>τινα</span> <span class='ocrx_word' id='word_1_133' title='bbox 3081 603 3309 664; x_wconf 74' lang='grc' dir='ltr'>ἕκαστος</span> <span class='ocrx_word' id='word_1_134' title='bbox 3341 599 3589 670; x_wconf 71' lang='grc' dir='ltr'>φαίνεταί</span> <span class='ocrx_word' id='word_1_135' title='bbox 3628 616 3718 667; x_wconf 86' lang='grc' dir='ltr'><strong>μοι</strong></span> <span class='ocrx_word' id='word_1_136' title='bbox 3745 597 3874 669; x_wconf 80' lang='grc' dir='ltr'>διη-</span> 
     </span>
    </p>
   </div>
   <div class='ocr_carea' id='block_1_21' title="bbox 2283 690 3876 767">
    <p class='ocr_par' dir='ltr' id='par_1_21' title="bbox 2283 690 3876 767">
     <span class='ocr_line' id='line_1_21' title="bbox 2283 690 3876 767; baseline -0.006 -16"><span class='ocrx_word' id='word_1_137' title='bbox 2283 697 2518 767; x_wconf 87' lang='grc' dir='ltr'>γεῖσθαι,</span> <span class='ocrx_word' id='word_1_138' title='bbox 2549 698 2736 751; x_wconf 74' lang='grc' dir='ltr'>παισὶν</span> <span class='ocrx_word' id='word_1_139' title='bbox 2765 696 2840 760; x_wconf 79' lang='grc' dir='ltr'>ὡς</span> <span class='ocrx_word' id='word_1_140' title='bbox 2863 692 3015 750; x_wconf 82' lang='grc' dir='ltr'><strong>οὖσιν</strong></span> <span class='ocrx_word' id='word_1_141' title='bbox 3061 696 3212 765; x_wconf 78' lang='grc' dir='ltr'>ἡμῖν.</span> <span class='ocrx_word' id='word_1_142' title='bbox 3252 694 3310 745; x_wconf 85' lang='lat'><strong>&#39;0</strong></span> <span class='ocrx_word' id='word_1_143' title='bbox 3341 692 3441 760; x_wconf 82' lang='grc' dir='ltr'>μὲν</span> <span class='ocrx_word' id='word_1_144' title='bbox 3460 733 3474 756; x_wconf 95' lang='grc'><strong>,</strong></span> <span class='ocrx_word' id='word_1_145' title='bbox 3532 691 3607 754; x_wconf 85' lang='grc' dir='ltr'>ὡς</span> <span class='ocrx_word' id='word_1_146' title='bbox 3637 690 3769 760; x_wconf 86' lang='grc' dir='ltr'>τρία</span> <span class='ocrx_word' id='word_1_147' title='bbox 3799 690 3876 743; x_wconf 76' lang='grc' dir='ltr'>τὰ</span> 
     </span>
    </p>
   </div>
   <div class='ocr_carea' id='block_1_22' title="bbox 2280 781 3871 859">
    <p class='ocr_par' dir='ltr' id='par_1_22' title="bbox 2280 781 3871 859">
     <span class='ocr_line' id='line_1_22' title="bbox 2280 781 3871 859; baseline -0.006 -17"><span class='ocrx_word' id='word_1_148' title='bbox 2280 791 2435 853; x_wconf 87' lang='grc' dir='ltr'>ὄντα,</span> <span class='ocrx_word' id='word_1_149' title='bbox 2488 788 2716 859; x_wconf 82' lang='grc' dir='ltr'>πολεμεῖ</span> <span class='ocrx_word' id='word_1_150' title='bbox 2746 788 2803 841; x_wconf 86' lang='grc' dir='ltr'>δὲ</span> <span class='ocrx_word' id='word_1_151' title='bbox 2858 787 3108 858; x_wconf 80' lang='grc' dir='ltr'>ἀλλήλοις</span> <span class='ocrx_word' id='word_1_152' title='bbox 3137 786 3308 838; x_wconf 76' lang='grc' dir='ltr'>ἐνίοτε</span> <span class='ocrx_word' id='word_1_153' title='bbox 3358 783 3537 837; x_wconf 89' lang='grc' dir='ltr'>αὐτῶν</span> <span class='ocrx_word' id='word_1_154' title='bbox 3593 781 3730 835; x_wconf 83' lang='grc' dir='ltr'>ἄττα</span> <span class='ocrx_word' id='word_1_155' title='bbox 3763 799 3871 851; x_wconf 77' lang='grc' dir='ltr'><strong>πη,</strong></span> 
     </span>
    </p>
   </div>
   <div class='ocr_carea' id='block_1_23' title="bbox 2275 872 3870 948">
    <p class='ocr_par' dir='ltr' id='par_1_23' title="bbox 2275 872 3870 948">
     <span class='ocr_line' id='line_1_23' title="bbox 2275 872 3870 948; baseline -0.005 -16"><span class='ocrx_word' id='word_1_156' title='bbox 2275 879 2399 932; x_wconf 87' lang='grc' dir='ltr'><strong>τοτέ</strong></span> <span class='ocrx_word' id='word_1_157' title='bbox 2426 880 2485 933; x_wconf 85' lang='grc' dir='ltr'>δὲ</span> <span class='ocrx_word' id='word_1_158' title='bbox 2513 880 2609 933; x_wconf 77' lang='grc' dir='ltr'>καὶ</span> <span class='ocrx_word' id='word_1_159' title='bbox 2639 879 2771 948; x_wconf 85' lang='grc' dir='ltr'>φίλα</span> <span class='ocrx_word' id='word_1_160' title='bbox 2793 877 3113 948; x_wconf 86' lang='grc' dir='ltr'>γιγνόμενα,</span> <span class='ocrx_word' id='word_1_161' title='bbox 3147 877 3359 946; x_wconf 79' lang='grc' dir='ltr'><strong>γάμους</strong></span> <span class='ocrx_word' id='word_1_162' title='bbox 3406 891 3467 926; x_wconf 91' lang='grc' dir='ltr'><strong>τε</strong></span> <span class='ocrx_word' id='word_1_163' title='bbox 3516 873 3610 926; x_wconf 73' lang='grc' dir='ltr'>καὶ</span> <span class='ocrx_word' id='word_1_164' title='bbox 3645 872 3870 934; x_wconf 70' lang='grc' dir='ltr'>τόκους,</span> 
     </span>
    </p>
   </div>
   <div class='ocr_carea' id='block_1_24' title="bbox 2277 963 3871 1042">
    <p class='ocr_par' dir='ltr' id='par_1_24' title="bbox 2277 963 3871 1042">
     <span class='ocr_line' id='line_1_24' title="bbox 2277 963 3871 1042; baseline -0.006 -18"><span class='ocrx_word' id='word_1_165' title='bbox 2277 972 2373 1025; x_wconf 78' lang='grc' dir='ltr'>καὶ</span> <span class='ocrx_word' id='word_1_166' title='bbox 2398 970 2606 1042; x_wconf 84' lang='grc' dir='ltr'>τροφὰς</span> <span class='ocrx_word' id='word_1_167' title='bbox 2659 970 2769 1022; x_wconf 88' lang='grc' dir='ltr'><strong>τῶν</strong></span> <span class='ocrx_word' id='word_1_168' title='bbox 2790 968 3028 1038; x_wconf 78' lang='grc' dir='ltr'><strong>ἐγγόνων</strong></span> <span class='ocrx_word' id='word_1_169' title='bbox 3080 967 3398 1039; x_wconf 87' lang='grc' dir='ltr'>παρέχεται.</span> <span class='ocrx_word' id='word_1_170' title='bbox 3449 964 3553 1017; x_wconf 86' lang='grc' dir='ltr'>Δύο</span> <span class='ocrx_word' id='word_1_171' title='bbox 3594 963 3650 1016; x_wconf 86' lang='grc' dir='ltr'>δὲ</span> <span class='ocrx_word' id='word_1_172' title='bbox 3677 964 3871 1034; x_wconf 73' lang='grc' dir='ltr'>ἕτερος</span> 
     </span>
    </p>
   </div>
   <div class='ocr_carea' id='block_1_25' title="bbox 2274 1055 3867 1134">
    <p class='ocr_par' dir='ltr' id='par_1_25' title="bbox 2274 1055 3867 1134">
     <span class='ocr_line' id='line_1_25' title="bbox 2274 1055 3867 1134; baseline -0.007 -18"><span class='ocrx_word' id='word_1_173' title='bbox 2274 1061 2467 1129; x_wconf 65' lang='grc' dir='ltr'>εἰπὼν,</span> <span class='ocrx_word' id='word_1_174' title='bbox 2501 1063 2666 1134; x_wconf 74' lang='grc' dir='ltr'>ὑγρὸν</span> <span class='ocrx_word' id='word_1_175' title='bbox 2699 1062 2794 1115; x_wconf 75' lang='grc' dir='ltr'>καὶ</span> <span class='ocrx_word' id='word_1_176' title='bbox 2826 1060 3008 1131; x_wconf 77' lang='grc' dir='ltr'>ξηρὸν,</span> <span class='ocrx_word' id='word_1_177' title='bbox 3035 1059 3068 1129; x_wconf 84' lang='grc' dir='ltr'><strong>ἢ</strong></span> <span class='ocrx_word' id='word_1_178' title='bbox 3094 1058 3295 1130; x_wconf 82' lang='grc' dir='ltr'>θερμὸν</span> <span class='ocrx_word' id='word_1_179' title='bbox 3326 1058 3423 1110; x_wconf 77' lang='grc' dir='ltr'>καὶ</span> <span class='ocrx_word' id='word_1_180' title='bbox 3454 1055 3699 1126; x_wconf 80' lang='grc' dir='ltr'>ψυχρὸν,</span> <span class='ocrx_word' id='word_1_181' title='bbox 3732 1070 3867 1106; x_wconf 69' lang='grc' dir='ltr'>συνι-</span> 
     </span>
    </p>
   </div>
   <div class='ocr_carea' id='block_1_26' title="bbox 2274 1145 3867 1217">
    <p class='ocr_par' dir='ltr' id='par_1_26' title="bbox 2274 1145 3867 1217">
     <span class='ocr_line' id='line_1_26' title="bbox 2274 1145 3867 1217; baseline -0.004 -11"><span class='ocrx_word' id='word_1_182' title='bbox 2274 1151 2466 1217; x_wconf 80' lang='grc' dir='ltr'>οικίζει</span> <span class='ocrx_word' id='word_1_183' title='bbox 2488 1169 2548 1205; x_wconf 87' lang='grc' dir='ltr'><strong>τε</strong></span> <span class='ocrx_word' id='word_1_184' title='bbox 2579 1152 2718 1205; x_wconf 84' lang='grc' dir='ltr'>αὐτὰ</span> <span class='ocrx_word' id='word_1_185' title='bbox 2763 1151 2857 1204; x_wconf 77' lang='grc' dir='ltr'>καὶ</span> <span class='ocrx_word' id='word_1_186' title='bbox 2883 1149 3151 1202; x_wconf 84' lang='grc' dir='ltr'>ἐκδίδωσι.</span> <span class='ocrx_word' id='word_1_187' title='bbox 3182 1148 3255 1201; x_wconf 85' lang='grc' dir='ltr'>Τὸ</span> <span class='ocrx_word' id='word_1_188' title='bbox 3274 1147 3331 1201; x_wconf 85' lang='grc' dir='ltr'>δὲ</span> <span class='ocrx_word' id='word_1_189' title='bbox 3354 1146 3482 1217; x_wconf 81' lang='grc' dir='ltr'>παρ’</span> <span class='ocrx_word' id='word_1_190' title='bbox 3515 1148 3648 1216; x_wconf 75' lang='grc' dir='ltr'>ἡμῖν</span> <span class='ocrx_word' id='word_1_191' title='bbox 3678 1145 3867 1200; x_wconf 81' lang='grc' dir='ltr'>Ἐλεα-</span> 
     </span>
    </p>
   </div>
   <div class='ocr_carea' id='block_1_27' title="bbox 2273 1237 3867 1308">
    <p class='ocr_par' dir='ltr' id='par_1_27' title="bbox 2273 1237 3867 1308">
     <span class='ocr_line' id='line_1_27' title="bbox 2273 1237 3867 1308; baseline -0.003 -12"><span class='ocrx_word' id='word_1_192' title='bbox 2273 1243 2424 1296; x_wconf 79' lang='grc' dir='ltr'>τικὸν</span> <span class='ocrx_word' id='word_1_193' title='bbox 2451 1242 2603 1306; x_wconf 82' lang='grc' dir='ltr'>έθνος</span> <span class='ocrx_word' id='word_1_194' title='bbox 2627 1244 2791 1307; x_wconf 77' lang='grc' dir='ltr'>ἅπαν,</span> <span class='ocrx_word' id='word_1_195' title='bbox 2819 1240 2928 1294; x_wconf 83' lang='grc' dir='ltr'>ἀπὸ</span> <span class='ocrx_word' id='word_1_196' title='bbox 2948 1240 3281 1307; x_wconf 73' lang='grc' dir='ltr'>Ξενοφάνους</span> <span class='ocrx_word' id='word_1_197' title='bbox 3296 1257 3356 1292; x_wconf 89' lang='grc' dir='ltr'><strong>τε</strong></span> <span class='ocrx_word' id='word_1_198' title='bbox 3384 1239 3481 1291; x_wconf 77' lang='grc' dir='ltr'>καὶ</span> <span class='ocrx_word' id='word_1_199' title='bbox 3509 1237 3589 1291; x_wconf 81' lang='grc' dir='ltr'><strong>ἑτι</strong></span> <span class='ocrx_word' id='word_1_200' title='bbox 3623 1237 3867 1308; x_wconf 78' lang='grc' dir='ltr'><strong>πρόσθεν</strong></span> 
     </span>
    </p>
   </div>
   <div class='ocr_carea' id='block_1_28' title="bbox 2273 1330 3863 1406">
    <p class='ocr_par' dir='ltr' id='par_1_28' title="bbox 2273 1330 3863 1406">
     <span class='ocr_line' id='line_1_28' title="bbox 2273 1330 3863 1406; baseline -0.003 -19"><span class='ocrx_word' id='word_1_201' title='bbox 2273 1334 2578 1406; x_wconf 82' lang='grc' dir='ltr'>ἀρξάμενον</span> <span class='ocrx_word' id='word_1_202' title='bbox 2597 1375 2611 1399; x_wconf 83' lang='grc'><strong>,</strong></span> <span class='ocrx_word' id='word_1_203' title='bbox 2664 1335 2742 1397; x_wconf 82' lang='grc' dir='ltr'>ὡς</span> <span class='ocrx_word' id='word_1_204' title='bbox 2773 1334 2893 1396; x_wconf 84' lang='grc' dir='ltr'>ἐνὸς</span> <span class='ocrx_word' id='word_1_205' title='bbox 2927 1332 3078 1394; x_wconf 88' lang='grc' dir='ltr'>ὄντος</span> <span class='ocrx_word' id='word_1_206' title='bbox 3102 1331 3209 1385; x_wconf 87' lang='grc' dir='ltr'><strong>τῶν</strong></span> <span class='ocrx_word' id='word_1_207' title='bbox 3238 1331 3455 1384; x_wconf 89' lang='grc' dir='ltr'>πάντων</span> <span class='ocrx_word' id='word_1_208' title='bbox 3485 1330 3863 1401; x_wconf 78' lang='grc' dir='ltr'><strong>καλουμένων,</strong></span> 
     </span>
    </p>
   </div>
   <div class='ocr_carea' id='block_1_29' title="bbox 2274 1421 3868 1499">
    <p class='ocr_par' dir='ltr' id='par_1_29' title="bbox 2274 1421 3868 1499">
     <span class='ocr_line' id='line_1_29' title="bbox 2274 1421 3868 1499; baseline -0.002 -18"><span class='ocrx_word' id='word_1_209' title='bbox 2274 1427 2417 1482; x_wconf 77' lang='grc' dir='ltr'>οὕτω</span> <span class='ocrx_word' id='word_1_210' title='bbox 2442 1427 2773 1499; x_wconf 76' lang='grc' dir='ltr'>διεξέρχεται</span> <span class='ocrx_word' id='word_1_211' title='bbox 2821 1428 2930 1490; x_wconf 78' lang='grc' dir='ltr'>τοῖς</span> <span class='ocrx_word' id='word_1_212' title='bbox 2985 1426 3191 1497; x_wconf 84' lang='grc' dir='ltr'>μύθοις.</span> <span class='ocrx_word' id='word_1_213' title='bbox 3236 1424 3403 1487; x_wconf 84' lang='grc' dir='ltr'><strong>Ἰάδες</strong></span> <span class='ocrx_word' id='word_1_214' title='bbox 3429 1423 3488 1476; x_wconf 84' lang='grc' dir='ltr'>δὲ</span> <span class='ocrx_word' id='word_1_215' title='bbox 3522 1424 3619 1476; x_wconf 72' lang='grc' dir='ltr'>καὶ</span> <span class='ocrx_word' id='word_1_216' title='bbox 3654 1421 3868 1478; x_wconf 83' lang='grc' dir='ltr'>Σικελι-</span> 
     </span>
    </p>
   </div>
   <div class='ocr_carea' id='block_1_30' title="bbox 2275 1516 3864 1589">
    <p class='ocr_par' dir='ltr' id='par_1_30' title="bbox 2275 1516 3864 1589">
     <span class='ocr_line' id='line_1_30' title="bbox 2275 1516 3864 1589; baseline -0.003 -17"><span class='ocrx_word' id='word_1_217' title='bbox 2275 1519 2370 1573; x_wconf 83' lang='grc' dir='ltr'><strong>καί</strong></span> <span class='ocrx_word' id='word_1_218' title='bbox 2395 1536 2541 1583; x_wconf 86' lang='grc' dir='ltr'>τινες</span> <span class='ocrx_word' id='word_1_219' title='bbox 2561 1517 2635 1589; x_wconf 87' lang='grc' dir='ltr'><strong>(ϐ)</strong></span> <span class='ocrx_word' id='word_1_220' title='bbox 2679 1519 2902 1589; x_wconf 79' lang='grc' dir='ltr'>ὕστερον</span> <span class='ocrx_word' id='word_1_221' title='bbox 2932 1517 3148 1571; x_wconf 84' lang='grc' dir='ltr'>Μοῦσαι</span> <span class='ocrx_word' id='word_1_222' title='bbox 3181 1516 3505 1588; x_wconf 85' lang='grc' dir='ltr'>ξυνενόησαν</span> <span class='ocrx_word' id='word_1_223' title='bbox 3526 1550 3541 1580; x_wconf 83' lang='grc'><strong>,</strong></span> <span class='ocrx_word' id='word_1_224' title='bbox 3593 1516 3677 1569; x_wconf 66' lang='grc' dir='ltr'>ὅτι</span> <span class='ocrx_word' id='word_1_225' title='bbox 3717 1532 3864 1586; x_wconf 84' lang='grc' dir='ltr'>συμ-</span> 
     </span>
    </p>
   </div>
   <div class='ocr_carea' id='block_1_31' title="bbox 2275 1606 3864 1681">
    <p class='ocr_par' dir='ltr' id='par_1_31' title="bbox 2275 1606 3864 1681">
     <span class='ocr_line' id='line_1_31' title="bbox 2275 1606 3864 1681; baseline -0.003 -18"><span class='ocrx_word' id='word_1_226' title='bbox 2275 1610 2494 1664; x_wconf 82' lang='grc' dir='ltr'>πλέκειν</span> <span class='ocrx_word' id='word_1_227' title='bbox 2522 1609 2926 1681; x_wconf 86' lang='grc' dir='ltr'>ἀσφαλέστερον</span> <span class='ocrx_word' id='word_1_228' title='bbox 2959 1608 3242 1681; x_wconf 84' lang='grc' dir='ltr'>ἀμφότερα</span> <span class='ocrx_word' id='word_1_229' title='bbox 3290 1609 3386 1660; x_wconf 77' lang='grc' dir='ltr'>καὶ</span> <span class='ocrx_word' id='word_1_230' title='bbox 3430 1607 3644 1675; x_wconf 85' lang='grc' dir='ltr'>λέγειν’,</span> <span class='ocrx_word' id='word_1_231' title='bbox 3689 1607 3766 1670; x_wconf 87' lang='grc' dir='ltr'>ὡς</span> <span class='ocrx_word' id='word_1_232' title='bbox 3797 1606 3864 1660; x_wconf 80' lang='grc' dir='ltr'>τὸ</span> 
     </span>
    </p>
   </div>
   <div class='ocr_carea' id='block_1_32' title="bbox 595 1697 2175 1771">
    <p class='ocr_par' dir='ltr' id='par_1_32' title="bbox 595 1697 2171 1767">
     <span class='ocr_line' id='line_1_32' title="bbox 595 1697 2171 1767; baseline -0.002 -12"><span class='ocrx_word' id='word_1_233' title='bbox 595 1700 877 1755; x_wconf 84' lang='lat' dir='ltr'><strong>consociat</strong></span> <span class='ocrx_word' id='word_1_234' title='bbox 903 1706 1066 1767; x_wconf 86' lang='lat' dir='ltr'><strong>atque</strong></span> <span class='ocrx_word' id='word_1_235' title='bbox 1097 1697 1375 1753; x_wconf 74' lang='lat' dir='ltr'><strong>diffundit.</strong></span> <span class='ocrx_word' id='word_1_236' title='bbox 1402 1698 1559 1767; x_wconf 82' lang='lat' dir='ltr'><strong>Apud</strong></span> <span class='ocrx_word' id='word_1_237' title='bbox 1587 1713 1688 1753; x_wconf 88' lang='lat' dir='ltr'><strong>nos</strong></span> <span class='ocrx_word' id='word_1_238' title='bbox 1723 1706 1904 1753; x_wconf 89' lang='lat' dir='ltr'><strong>autem</strong></span> <span class='ocrx_word' id='word_1_239' title='bbox 1930 1697 2171 1753; x_wconf 88' lang='lat' dir='ltr'><strong>Eleatica</strong></span> 
     </span>
    </p>
   </div>
   <div class='ocr_carea' id='block_1_33' title="bbox 2274 1697 3865 1771">
    <p class='ocr_par' dir='ltr' id='par_1_33' title="bbox 2274 1698 3865 1771">
     <span class='ocr_line' id='line_1_33' title="bbox 2274 1698 3865 1771; baseline -0.004 -14"><span class='ocrx_word' id='word_1_240' title='bbox 2274 1702 2332 1757; x_wconf 84' lang='grc' dir='ltr'><strong>ὄν</strong></span> <span class='ocrx_word' id='word_1_241' title='bbox 2369 1702 2541 1757; x_wconf 82' lang='grc' dir='ltr'>πολλά</span> <span class='ocrx_word' id='word_1_242' title='bbox 2561 1720 2622 1755; x_wconf 91' lang='grc' dir='ltr'><strong>τε</strong></span> <span class='ocrx_word' id='word_1_243' title='bbox 2653 1703 2747 1755; x_wconf 76' lang='grc' dir='ltr'><strong>καὶ</strong></span> <span class='ocrx_word' id='word_1_244' title='bbox 2778 1701 2838 1755; x_wconf 82' lang='grc' dir='ltr'><strong>ἐν</strong></span> <span class='ocrx_word' id='word_1_245' title='bbox 2869 1703 3035 1763; x_wconf 86' lang='grc' dir='ltr'>ἐστιν,</span> <span class='ocrx_word' id='word_1_246' title='bbox 3067 1700 3235 1771; x_wconf 71' lang='grc' dir='ltr'>ἔχθρᾳ</span> <span class='ocrx_word' id='word_1_247' title='bbox 3255 1699 3313 1752; x_wconf 81' lang='grc' dir='ltr'>δὲ</span> <span class='ocrx_word' id='word_1_248' title='bbox 3340 1699 3436 1752; x_wconf 71' lang='grc' dir='ltr'><strong>καὶ</strong></span> <span class='ocrx_word' id='word_1_249' title='bbox 3457 1699 3611 1769; x_wconf 77' lang='grc' dir='ltr'>φιλίᾳ</span> <span class='ocrx_word' id='word_1_250' title='bbox 3635 1698 3865 1768; x_wconf 63' lang='grc' dir='ltr'>συνέχει</span> 
     </span>
    </p>
   </div>
   <div class='ocr_carea' id='block_1_34' title="bbox 592 1770 2175 1864">
    <p class='ocr_par' dir='ltr' id='par_1_34' title="bbox 592 1788 2166 1861">
     <span class='ocr_line' id='line_1_34' title="bbox 592 1788 2166 1861; baseline -0.002 -15"><span class='ocrx_word' id='word_1_251' title='bbox 592 1790 748 1846; x_wconf 85' lang='lat' dir='ltr'><strong>natio</strong></span> <span class='ocrx_word' id='word_1_252' title='bbox 780 1790 1061 1855; x_wconf 82' lang='lat' dir='ltr'><strong>universa,</strong></span> <span class='ocrx_word' id='word_1_253' title='bbox 1102 1804 1232 1860; x_wconf 68' lang='lat' dir='ltr'><strong>qua:</strong></span> <span class='ocrx_word' id='word_1_254' title='bbox 1266 1789 1380 1859; x_wconf 84' lang='lat' dir='ltr'><strong>jam</strong></span> <span class='ocrx_word' id='word_1_255' title='bbox 1428 1790 1553 1845; x_wconf 90' lang='lat' dir='ltr'><strong>inde</strong></span> <span class='ocrx_word' id='word_1_256' title='bbox 1586 1805 1618 1845; x_wconf 93' lang='lat' dir='ltr'><strong>a</strong></span> <span class='ocrx_word' id='word_1_257' title='bbox 1665 1788 2030 1861; x_wconf 75' lang='lat' dir='ltr'><strong>Xenophane,</strong></span> <span class='ocrx_word' id='word_1_258' title='bbox 2071 1805 2166 1845; x_wconf 92' lang='lat' dir='ltr'><strong>eo-</strong></span> 
     </span>
    </p>
   </div>
   <div class='ocr_carea' id='block_1_35' title="bbox 2274 1770 3865 1864">
    <p class='ocr_par' dir='ltr' id='par_1_35' title="bbox 2274 1770 3865 1864">
     <span class='ocr_line' id='line_1_35' title="bbox 2274 1770 3865 1864; baseline -0.003 -17"><span class='ocrx_word' id='word_1_259' title='bbox 2274 1811 2383 1848; x_wconf 88' lang='grc' dir='ltr'>ται.</span> <span class='ocrx_word' id='word_1_260' title='bbox 2409 1793 2815 1864; x_wconf 81' lang='grc' dir='ltr'>Διαφερόμενον</span> <span class='ocrx_word' id='word_1_261' title='bbox 2844 1791 2953 1863; x_wconf 86' lang='grc' dir='ltr'>γὰρ</span> <span class='ocrx_word' id='word_1_262' title='bbox 2968 1792 3054 1844; x_wconf 75' lang='grc' dir='ltr'>ἀεὶ</span> <span class='ocrx_word' id='word_1_263' title='bbox 3084 1770 3440 1861; x_wconf 81' lang='grc' dir='ltr'>ξυμφέρεται,</span> <span class='ocrx_word' id='word_1_264' title='bbox 3468 1790 3631 1859; x_wconf 73' lang='grc' dir='ltr'>φασὶν</span> <span class='ocrx_word' id='word_1_265' title='bbox 3652 1791 3710 1844; x_wconf 78' lang='grc' dir='ltr'>αἱ</span> <span class='ocrx_word' id='word_1_266' title='bbox 3731 1808 3865 1843; x_wconf 66' lang='grc' dir='ltr'>συνυ</span> 
     </span>
    </p>
   </div>
   <div class='ocr_carea' id='block_1_36' title="bbox 600 1881 2174 1953">
    <p class='ocr_par' dir='ltr' id='par_1_36' title="bbox 600 1881 2174 1953">
     <span class='ocr_line' id='line_1_36' title="bbox 600 1881 2174 1953; baseline -0.001 -16"><span class='ocrx_word' id='word_1_267' title='bbox 600 1897 710 1952; x_wconf 90' lang='lat' dir='ltr'><strong>que</strong></span> <span class='ocrx_word' id='word_1_268' title='bbox 733 1881 1128 1937; x_wconf 82' lang='lat' dir='ltr'><strong>vetustioribus</strong></span> <span class='ocrx_word' id='word_1_269' title='bbox 1164 1882 1324 1937; x_wconf 74' lang='lat' dir='ltr'><strong>duxit</strong></span> <span class='ocrx_word' id='word_1_270' title='bbox 1364 1881 1582 1936; x_wconf 88' lang='lat' dir='ltr'><strong>initium</strong></span> <span class='ocrx_word' id='word_1_271' title='bbox 1606 1922 1622 1947; x_wconf 97' lang='lat'><strong>,</strong></span> <span class='ocrx_word' id='word_1_272' title='bbox 1677 1896 1801 1951; x_wconf 63' lang='lat' dir='ltr'><strong>quae</strong></span> <span class='ocrx_word' id='word_1_273' title='bbox 1840 1882 2005 1953; x_wconf 80' lang='lat' dir='ltr'><strong>vulgo</strong></span> <span class='ocrx_word' id='word_1_274' title='bbox 2036 1895 2174 1936; x_wconf 89' lang='lat' dir='ltr'><strong>cun-</strong></span> 
     </span>
    </p>
   </div>
   <div class='ocr_carea' id='block_1_37' title="bbox 598 1971 2174 2042">
    <p class='ocr_par' dir='ltr' id='par_1_37' title="bbox 598 1971 2174 2042">
     <span class='ocr_line' id='line_1_37' title="bbox 598 1971 2174 2042; baseline -0.001 -13"><span class='ocrx_word' id='word_1_275' title='bbox 598 1982 685 2029; x_wconf 83' lang='lat' dir='ltr'><strong>cta</strong></span> <span class='ocrx_word' id='word_1_276' title='bbox 720 1972 979 2041; x_wconf 89' lang='lat' dir='ltr'><strong>dicimus,</strong></span> <span class='ocrx_word' id='word_1_277' title='bbox 1024 1988 1090 2028; x_wconf 87' lang='lat' dir='ltr'><strong>ea</strong></span> <span class='ocrx_word' id='word_1_278' title='bbox 1136 1987 1250 2027; x_wconf 89' lang='lat' dir='ltr'><strong>non</strong></span> <span class='ocrx_word' id='word_1_279' title='bbox 1303 1973 1412 2027; x_wconf 83' lang='lat' dir='ltr'><strong>nisi</strong></span> <span class='ocrx_word' id='word_1_280' title='bbox 1453 1987 1625 2027; x_wconf 90' lang='lat' dir='ltr'><strong>unum</strong></span> <span class='ocrx_word' id='word_1_281' title='bbox 1669 1972 1877 2042; x_wconf 87' lang='lat' dir='ltr'><strong>aliquid</strong></span> <span class='ocrx_word' id='word_1_282' title='bbox 1929 1987 2053 2028; x_wconf 89' lang='lat' dir='ltr'><strong>esse</strong></span> <span class='ocrx_word' id='word_1_283' title='bbox 2091 1971 2174 2027; x_wconf 79' lang='lat' dir='ltr'><strong>fa-</strong></span> 
     </span>
    </p>
   </div>
   <div class='ocr_carea' id='block_1_38' title="bbox 597 2062 2173 2134">
    <p class='ocr_par' dir='ltr' id='par_1_38' title="bbox 597 2062 2173 2134">
     <span class='ocr_line' id='line_1_38' title="bbox 597 2062 2173 2134; baseline 0.001 -15"><span class='ocrx_word' id='word_1_284' title='bbox 597 2064 837 2119; x_wconf 84' lang='lat' dir='ltr'><strong>bulatur.</strong></span> <span class='ocrx_word' id='word_1_285' title='bbox 871 2062 968 2118; x_wconf 84' lang='lat' dir='ltr'><strong>His</strong></span> <span class='ocrx_word' id='word_1_286' title='bbox 997 2077 1314 2119; x_wconf 80' lang='lat' dir='ltr'><strong>successere</strong></span> <span class='ocrx_word' id='word_1_287' title='bbox 1346 2062 1551 2118; x_wconf 74' lang='lat' dir='ltr'><strong>ionica:</strong></span> <span class='ocrx_word' id='word_1_288' title='bbox 1579 2062 2173 2134; x_wconf 63' lang='lat' dir='ltr'><strong>quaedamSiculaaque</strong></span> 
     </span>
    </p>
   </div>
   <div class='ocr_carea' id='block_1_39' title="bbox 596 2151 2173 2224">
    <p class='ocr_par' dir='ltr' id='par_1_39' title="bbox 596 2151 2173 2224">
     <span class='ocr_line' id='line_1_39' title="bbox 596 2151 2173 2224; baseline 0.001 -16"><span class='ocrx_word' id='word_1_289' title='bbox 596 2169 791 2223; x_wconf 70' lang='lat' dir='ltr'><strong>musae,</strong></span> <span class='ocrx_word' id='word_1_290' title='bbox 830 2153 1037 2224; x_wconf 91' lang='lat' dir='ltr'><strong>quibus</strong></span> <span class='ocrx_word' id='word_1_291' title='bbox 1089 2152 1338 2207; x_wconf 88' lang='lat' dir='ltr'><strong>securius</strong></span> <span class='ocrx_word' id='word_1_292' title='bbox 1380 2151 1558 2206; x_wconf 90' lang='lat' dir='ltr'><strong>visum</strong></span> <span class='ocrx_word' id='word_1_293' title='bbox 1603 2160 1689 2207; x_wconf 89' lang='lat' dir='ltr'><strong>est</strong></span> <span class='ocrx_word' id='word_1_294' title='bbox 1740 2153 1822 2209; x_wconf 86' lang='lat' dir='ltr'><strong>sic</strong></span> <span class='ocrx_word' id='word_1_295' title='bbox 1860 2153 2173 2216; x_wconf 85' lang='lat' dir='ltr'><strong>opinionem</strong></span> 
     </span>
    </p>
   </div>
   <div class='ocr_carea' id='block_1_40' title="bbox 598 2242 2175 2314">
    <p class='ocr_par' dir='ltr' id='par_1_40' title="bbox 598 2242 2175 2314">
     <span class='ocr_line' id='line_1_40' title="bbox 598 2242 2175 2314; baseline 0.001 -15"><span class='ocrx_word' id='word_1_296' title='bbox 598 2250 889 2314; x_wconf 85' lang='lat' dir='ltr'><strong>utramque</strong></span> <span class='ocrx_word' id='word_1_297' title='bbox 931 2242 1306 2313; x_wconf 84' lang='lat' dir='ltr'><strong>conjungere,</strong></span> <span class='ocrx_word' id='word_1_298' title='bbox 1360 2248 1421 2296; x_wconf 88' lang='lat' dir='ltr'><strong>ut</strong></span> <span class='ocrx_word' id='word_1_299' title='bbox 1476 2242 1531 2295; x_wconf 89' lang='lat' dir='ltr'><strong>id</strong></span> <span class='ocrx_word' id='word_1_300' title='bbox 1574 2243 1724 2312; x_wconf 89' lang='lat' dir='ltr'><strong>quod</strong></span> <span class='ocrx_word' id='word_1_301' title='bbox 1776 2251 1880 2309; x_wconf 89' lang='lat' dir='ltr'><strong>est,</strong></span> <span class='ocrx_word' id='word_1_302' title='bbox 1931 2243 2072 2298; x_wconf 90' lang='lat' dir='ltr'><strong>idem</strong></span> <span class='ocrx_word' id='word_1_303' title='bbox 2120 2252 2175 2300; x_wconf 92' lang='lat' dir='ltr'><strong>et</strong></span> 
     </span>
    </p>
   </div>
   <div class='ocr_carea' id='block_1_41' title="bbox 594 2333 2176 2404">
    <p class='ocr_par' dir='ltr' id='par_1_41' title="bbox 594 2333 2176 2404">
     <span class='ocr_line' id='line_1_41' title="bbox 594 2333 2176 2404; baseline -0.002 -12"><span class='ocrx_word' id='word_1_304' title='bbox 594 2336 770 2392; x_wconf 87' lang='lat' dir='ltr'><strong>multa</strong></span> <span class='ocrx_word' id='word_1_305' title='bbox 807 2344 864 2391; x_wconf 91' lang='lat' dir='ltr'><strong>et</strong></span> <span class='ocrx_word' id='word_1_306' title='bbox 916 2350 1089 2389; x_wconf 82' lang='lat' dir='ltr'><strong>unum</strong></span> <span class='ocrx_word' id='word_1_307' title='bbox 1122 2348 1252 2390; x_wconf 83' lang='lat' dir='ltr'><strong>esse</strong></span> <span class='ocrx_word' id='word_1_308' title='bbox 1303 2333 1580 2400; x_wconf 83' lang='lat' dir='ltr'><strong>dicerent,</strong></span> <span class='ocrx_word' id='word_1_309' title='bbox 1629 2333 1864 2404; x_wconf 89' lang='lat' dir='ltr'><strong>odioque</strong></span> <span class='ocrx_word' id='word_1_310' title='bbox 1914 2334 2077 2389; x_wconf 89' lang='lat' dir='ltr'><strong>simul</strong></span> <span class='ocrx_word' id='word_1_311' title='bbox 2120 2342 2176 2389; x_wconf 93' lang='lat' dir='ltr'><strong>et</strong></span> 
     </span>
    </p>
   </div>
   <div class='ocr_carea' id='block_1_42' title="bbox 599 2425 2176 2495">
    <p class='ocr_par' dir='ltr' id='par_1_42' title="bbox 599 2425 2176 2495">
     <span class='ocr_line' id='line_1_42' title="bbox 599 2425 2176 2495; baseline -0.001 -12"><span class='ocrx_word' id='word_1_312' title='bbox 599 2428 840 2484; x_wconf 88' lang='lat' dir='ltr'><strong>amicitia</strong></span> <span class='ocrx_word' id='word_1_313' title='bbox 882 2427 1181 2483; x_wconf 82' lang='lat' dir='ltr'><strong>contineri.</strong></span> <span class='ocrx_word' id='word_1_314' title='bbox 1231 2425 1460 2495; x_wconf 81' lang='lat' dir='ltr'><strong>Semper</strong></span> <span class='ocrx_word' id='word_1_315' title='bbox 1514 2426 1661 2481; x_wconf 90' lang='lat' dir='ltr'><strong>enim</strong></span> <span class='ocrx_word' id='word_1_316' title='bbox 1694 2427 2011 2483; x_wconf 89' lang='lat' dir='ltr'><strong>dissidendo</strong></span> <span class='ocrx_word' id='word_1_317' title='bbox 2049 2441 2176 2483; x_wconf 89' lang='lat' dir='ltr'><strong>con-</strong></span> 
     </span>
    </p>
   </div>
   <div class='ocr_carea' id='block_1_43' title="bbox 600 2515 2175 2584">
    <p class='ocr_par' dir='ltr' id='par_1_43' title="bbox 600 2515 2175 2584">
     <span class='ocr_line' id='line_1_43' title="bbox 600 2515 2175 2584; baseline -0.003 -8"><span class='ocrx_word' id='word_1_318' title='bbox 600 2521 787 2584; x_wconf 86' lang='lat' dir='ltr'><strong>sentit,</strong></span> <span class='ocrx_word' id='word_1_319' title='bbox 823 2527 887 2575; x_wconf 91' lang='lat' dir='ltr'><strong>ut</strong></span> <span class='ocrx_word' id='word_1_320' title='bbox 932 2526 1141 2573; x_wconf 87' lang='lat' dir='ltr'><strong>canunt</strong></span> <span class='ocrx_word' id='word_1_321' title='bbox 1186 2517 1529 2572; x_wconf 85' lang='lat' dir='ltr'><strong>robustiores</strong></span> <span class='ocrx_word' id='word_1_322' title='bbox 1561 2533 1752 2572; x_wconf 60' lang='lat' dir='ltr'><strong>musa.</strong></span> <span class='ocrx_word' id='word_1_323' title='bbox 1794 2515 1931 2572; x_wconf 88' lang='lat' dir='ltr'><strong>Nam</strong></span> <span class='ocrx_word' id='word_1_324' title='bbox 1982 2517 2175 2572; x_wconf 86' lang='lat' dir='ltr'><strong>remis-</strong></span> 
     </span>
    </p>
   </div>
   <div class='ocr_carea' id='block_1_44' title="bbox 599 2606 2175 2679">
    <p class='ocr_par' dir='ltr' id='par_1_44' title="bbox 599 2606 2175 2679">
     <span class='ocr_line' id='line_1_44' title="bbox 599 2606 2175 2679; baseline -0.003 -13"><span class='ocrx_word' id='word_1_325' title='bbox 599 2611 773 2666; x_wconf 89' lang='lat' dir='ltr'><strong>siores</strong></span> <span class='ocrx_word' id='word_1_326' title='bbox 806 2608 1050 2679; x_wconf 85' lang='lat' dir='ltr'><strong>quidem,</strong></span> <span class='ocrx_word' id='word_1_327' title='bbox 1081 2607 1406 2663; x_wconf 87' lang='lat' dir='ltr'><strong>sententiam</strong></span> <span class='ocrx_word' id='word_1_328' title='bbox 1440 2607 1612 2672; x_wconf 88' lang='lat' dir='ltr'><strong>illam,</strong></span> <span class='ocrx_word' id='word_1_329' title='bbox 1638 2621 1765 2676; x_wconf 70' lang='lat' dir='ltr'><strong>qua:</strong></span> <span class='ocrx_word' id='word_1_330' title='bbox 1804 2621 2020 2676; x_wconf 82' lang='lat' dir='ltr'><strong>semper</strong></span> <span class='ocrx_word' id='word_1_331' title='bbox 2061 2606 2175 2661; x_wconf 64' lang='lat' dir='ltr'><strong>haec</strong></span> 
     </span>
    </p>
   </div>
   <div class='ocr_carea' id='block_1_45' title="bbox 598 2696 2176 2764">
    <p class='ocr_par' dir='ltr' id='par_1_45' title="bbox 598 2696 2176 2764">
     <span class='ocr_line' id='line_1_45' title="bbox 598 2696 2176 2764; baseline -0.005 -5"><span class='ocrx_word' id='word_1_332' title='bbox 598 2702 788 2758; x_wconf 86' lang='lat' dir='ltr'><strong>eodem</strong></span> <span class='ocrx_word' id='word_1_333' title='bbox 823 2700 995 2754; x_wconf 89' lang='lat' dir='ltr'><strong>modo</strong></span> <span class='ocrx_word' id='word_1_334' title='bbox 1025 2699 1227 2753; x_wconf 86' lang='lat' dir='ltr'><strong>habere</strong></span> <span class='ocrx_word' id='word_1_335' title='bbox 1257 2696 1603 2764; x_wconf 83' lang='lat' dir='ltr'><strong>defendebat,</strong></span> <span class='ocrx_word' id='word_1_336' title='bbox 1635 2697 1710 2752; x_wconf 89' lang='lat' dir='ltr'><strong>ita</strong></span> <span class='ocrx_word' id='word_1_337' title='bbox 1740 2697 2081 2764; x_wconf 79' lang='lat' dir='ltr'><strong>mollierant,</strong></span> <span class='ocrx_word' id='word_1_338' title='bbox 2114 2704 2176 2751; x_wconf 89' lang='lat' dir='ltr'><strong>ut</strong></span> 
     </span>
    </p>
   </div>
   <div class='ocr_carea' id='block_1_46' title="bbox 598 2787 2173 2854">
    <p class='ocr_par' dir='ltr' id='par_1_46' title="bbox 598 2787 2173 2854">
     <span class='ocr_line' id='line_1_46' title="bbox 598 2787 2173 2854; baseline -0.005 -5"><span class='ocrx_word' id='word_1_339' title='bbox 598 2795 800 2850; x_wconf 62' lang='lat' dir='ltr'><strong>eadem</strong></span> <span class='ocrx_word' id='word_1_340' title='bbox 840 2791 1084 2848; x_wconf 78' lang='lat' dir='ltr'><strong>vicissim</strong></span> <span class='ocrx_word' id='word_1_341' title='bbox 1124 2790 1230 2846; x_wconf 87' lang='lat' dir='ltr'><strong>hee</strong></span> <span class='ocrx_word' id='word_1_342' title='bbox 1267 2789 1586 2848; x_wconf 68' lang='lat' dir='ltr'><strong>universum</strong></span> <span class='ocrx_word' id='word_1_343' title='bbox 1609 2827 1627 2854; x_wconf 92' lang='lat'><strong>,</strong></span> <span class='ocrx_word' id='word_1_344' title='bbox 1666 2787 1831 2843; x_wconf 85' lang='lat' dir='ltr'><strong>modo</strong></span> <span class='ocrx_word' id='word_1_345' title='bbox 1872 2804 2038 2844; x_wconf 89' lang='lat' dir='ltr'><strong>unum</strong></span> <span class='ocrx_word' id='word_1_346' title='bbox 2076 2787 2173 2841; x_wconf 83' lang='lat' dir='ltr'><strong>ali-</strong></span> 
     </span>
    </p>
   </div>
   <div class='ocr_carea' id='block_1_47' title="bbox 595 2880 2172 2959">
    <p class='ocr_par' dir='ltr' id='par_1_47' title="bbox 595 2880 2172 2959">
     <span class='ocr_line' id='line_1_47' title="bbox 595 2880 2172 2959; baseline -0.006 -15"><span class='ocrx_word' id='word_1_347' title='bbox 595 2888 732 2959; x_wconf 86' lang='lat' dir='ltr'><strong>quid</strong></span> <span class='ocrx_word' id='word_1_348' title='bbox 769 2902 893 2943; x_wconf 91' lang='lat' dir='ltr'><strong>esse</strong></span> <span class='ocrx_word' id='word_1_349' title='bbox 937 2885 1216 2950; x_wconf 88' lang='lat' dir='ltr'><strong>dicerent,</strong></span> <span class='ocrx_word' id='word_1_350' title='bbox 1252 2883 1402 2953; x_wconf 91' lang='lat' dir='ltr'><strong>quod</strong></span> <span class='ocrx_word' id='word_1_351' title='bbox 1440 2897 1627 2938; x_wconf 89' lang='lat' dir='ltr'><strong>amore</strong></span> <span class='ocrx_word' id='word_1_352' title='bbox 1661 2880 1842 2938; x_wconf 83' lang='lat' dir='ltr'><strong>Venus</strong></span> <span class='ocrx_word' id='word_1_353' title='bbox 1876 2882 2172 2952; x_wconf 86' lang='lat' dir='ltr'><strong>colligaret,</strong></span> 
     </span>
    </p>
   </div>
   <div class='ocr_carea' id='block_1_48' title="bbox 597 2972 2174 3044">
    <p class='ocr_par' dir='ltr' id='par_1_48' title="bbox 597 2972 2174 3044">
     <span class='ocr_line' id='line_1_48' title="bbox 597 2972 2174 3044; baseline -0.006 -9"><span class='ocrx_word' id='word_1_354' title='bbox 597 2979 763 3036; x_wconf 89' lang='lat' dir='ltr'><strong>modo</strong></span> <span class='ocrx_word' id='word_1_355' title='bbox 800 2976 1075 3033; x_wconf 87' lang='lat' dir='ltr'><strong>discordia</strong></span> <span class='ocrx_word' id='word_1_356' title='bbox 1108 2974 1296 3030; x_wconf 90' lang='lat' dir='ltr'><strong>nescio</strong></span> <span class='ocrx_word' id='word_1_357' title='bbox 1320 2989 1429 3044; x_wconf 90' lang='lat' dir='ltr'><strong>qua</strong></span> <span class='ocrx_word' id='word_1_358' title='bbox 1458 2973 1598 3037; x_wconf 85' lang='lat' dir='ltr'><strong>ﬁeri,</strong></span> <span class='ocrx_word' id='word_1_359' title='bbox 1637 2982 1698 3028; x_wconf 92' lang='lat' dir='ltr'><strong>ut</strong></span> <span class='ocrx_word' id='word_1_360' title='bbox 1733 2973 1898 3037; x_wconf 90' lang='lat' dir='ltr'><strong>idem,</strong></span> <span class='ocrx_word' id='word_1_361' title='bbox 1926 2981 1980 3027; x_wconf 92' lang='lat' dir='ltr'><strong>et</strong></span> <span class='ocrx_word' id='word_1_362' title='bbox 2005 2972 2174 3026; x_wconf 87' lang='lat' dir='ltr'><strong>multa</strong></span> 
     </span>
    </p>
   </div>
   <div class='ocr_carea' id='block_1_49' title="bbox 596 3065 2243 3167">
    <p class='ocr_par' dir='ltr' id='par_1_49' title="bbox 596 3065 2243 3167">
     <span class='ocr_line' id='line_1_49' title="bbox 596 3065 2243 3167; baseline -0.006 -40"><span class='ocrx_word' id='word_1_363' title='bbox 596 3071 845 3143; x_wconf 76' lang='lat' dir='ltr'><strong>quaedam</strong></span> <span class='ocrx_word' id='word_1_364' title='bbox 888 3078 1055 3134; x_wconf 90' lang='lat' dir='ltr'><strong>esset,</strong></span> <span class='ocrx_word' id='word_1_365' title='bbox 1095 3078 1149 3123; x_wconf 91' lang='lat' dir='ltr'><strong>et</strong></span> <span class='ocrx_word' id='word_1_366' title='bbox 1189 3081 1375 3122; x_wconf 90' lang='lat' dir='ltr'><strong>secum</strong></span> <span class='ocrx_word' id='word_1_367' title='bbox 1409 3066 1590 3136; x_wconf 89' lang='lat' dir='ltr'><strong>ipsum</strong></span> <span class='ocrx_word' id='word_1_368' title='bbox 1636 3065 1815 3121; x_wconf 90' lang='lat' dir='ltr'><strong>hostis</strong></span> <span class='ocrx_word' id='word_1_369' title='bbox 1854 3080 2008 3121; x_wconf 88' lang='lat' dir='ltr'><strong>more</strong></span> <span class='ocrx_word' id='word_1_370' title='bbox 2043 3079 2175 3121; x_wconf 76' lang='lat' dir='ltr'><strong>con—</strong></span> <span class='ocrx_word' id='word_1_371' title='bbox 2200 3108 2243 3167; x_wconf 62' lang='grc' dir='ltr'><strong>ο</strong></span> 
     </span>
    </p>
   </div>
   <div class='ocr_carea' id='block_1_50' title="bbox 597 3156 2174 3231">
    <p class='ocr_par' dir='ltr' id='par_1_50' title="bbox 597 3156 2174 3231">
     <span class='ocr_line' id='line_1_50' title="bbox 597 3156 2174 3231; baseline -0.003 -15"><span class='ocrx_word' id='word_1_372' title='bbox 597 3161 826 3231; x_wconf 81' lang='lat' dir='ltr'><strong>tligeret.</strong></span> <span class='ocrx_word' id='word_1_373' title='bbox 876 3157 1002 3214; x_wconf 76' lang='lat' dir='ltr'><strong>Haec</strong></span> <span class='ocrx_word' id='word_1_374' title='bbox 1049 3157 1271 3222; x_wconf 89' lang='lat' dir='ltr'><strong>omnia,</strong></span> <span class='ocrx_word' id='word_1_375' title='bbox 1314 3170 1410 3211; x_wconf 90' lang='lat' dir='ltr'><strong>seu</strong></span> <span class='ocrx_word' id='word_1_376' title='bbox 1462 3171 1591 3211; x_wconf 87' lang='lat' dir='ltr'><strong>vere</strong></span> <span class='ocrx_word' id='word_1_377' title='bbox 1637 3156 1760 3225; x_wconf 91' lang='lat' dir='ltr'><strong>quis</strong></span> <span class='ocrx_word' id='word_1_378' title='bbox 1815 3170 2036 3223; x_wconf 88' lang='lat' dir='ltr'><strong>eorum,</strong></span> <span class='ocrx_word' id='word_1_379' title='bbox 2076 3171 2174 3212; x_wconf 86' lang='lat' dir='ltr'><strong>seu</strong></span> 
     </span>
    </p>
   </div>
   <div class='ocr_carea' id='block_1_51' title="bbox 599 3243 2173 3315">
    <p class='ocr_par' dir='ltr' id='par_1_51' title="bbox 599 3243 2173 3315">
     <span class='ocr_line' id='line_1_51' title="bbox 599 3243 2173 3315; baseline -0.001 -12"><span class='ocrx_word' id='word_1_380' title='bbox 599 3248 742 3303; x_wconf 77' lang='lat' dir='ltr'><strong>fa‘lso</strong></span> <span class='ocrx_word' id='word_1_381' title='bbox 772 3247 993 3312; x_wconf 78' lang='lat' dir='ltr'><strong>dixerit,</strong></span> <span class='ocrx_word' id='word_1_382' title='bbox 1029 3260 1194 3315; x_wconf 85' lang='lat' dir='ltr'><strong>grave</strong></span> <span class='ocrx_word' id='word_1_383' title='bbox 1228 3259 1295 3299; x_wconf 87' lang='lat' dir='ltr'><strong>ac</strong></span> <span class='ocrx_word' id='word_1_384' title='bbox 1326 3243 1658 3315; x_wconf 86' lang='lat' dir='ltr'><strong>ﬂagitiosum</strong></span> <span class='ocrx_word' id='word_1_385' title='bbox 1698 3255 1865 3313; x_wconf 87' lang='lat' dir='ltr'><strong>esset,</strong></span> <span class='ocrx_word' id='word_1_386' title='bbox 1907 3247 2072 3302; x_wconf 87' lang='lat' dir='ltr'><strong>tantis</strong></span> <span class='ocrx_word' id='word_1_387' title='bbox 2117 3246 2173 3301; x_wconf 88' lang='lat' dir='ltr'><strong>in</strong></span> 
     </span>
    </p>
   </div>
   <div class='ocr_carea' id='block_1_52' title="bbox 597 3334 2173 3406">
    <p class='ocr_par' dir='ltr' id='par_1_52' title="bbox 597 3334 2173 3406">
     <span class='ocr_line' id='line_1_52' title="bbox 597 3334 2173 3406; baseline -0.001 -14"><span class='ocrx_word' id='word_1_388' title='bbox 597 3338 762 3393; x_wconf 82' lang='lat' dir='ltr'><strong>rebus</strong></span> <span class='ocrx_word' id='word_1_389' title='bbox 782 3337 932 3392; x_wconf 90' lang='lat' dir='ltr'><strong>viros</strong></span> <span class='ocrx_word' id='word_1_390' title='bbox 969 3335 1215 3405; x_wconf 81' lang='lat' dir='ltr'><strong>insignes</strong></span> <span class='ocrx_word' id='word_1_391' title='bbox 1251 3334 1574 3405; x_wconf 89' lang='lat' dir='ltr'><strong>priscosque</strong></span> <span class='ocrx_word' id='word_1_392' title='bbox 1611 3335 1955 3406; x_wconf 86' lang='lat' dir='ltr'><strong>redarguere.</strong></span> <span class='ocrx_word' id='word_1_393' title='bbox 1986 3356 2005 3388; x_wconf 69' lang='grc' dir='ltr'><strong>ι</strong></span> <span class='ocrx_word' id='word_1_394' title='bbox 2034 3335 2173 3391; x_wconf 89' lang='lat' dir='ltr'><strong>Tum</strong></span> 
     </span>
    </p>
   </div>
   <div class='ocr_carea' id='block_1_53' title="bbox 595 3425 2165 3499">
    <p class='ocr_par' dir='ltr' id='par_1_53' title="bbox 595 3425 2165 3499">
     <span class='ocr_line' id='line_1_53' title="bbox 595 3425 2165 3499; baseline 0.001 -17"><span class='ocrx_word' id='word_1_395' title='bbox 595 3427 790 3499; x_wconf 88' lang='lat' dir='ltr'><strong>paucis</strong></span> <span class='ocrx_word' id='word_1_396' title='bbox 826 3426 1162 3496; x_wconf 87' lang='lat' dir='ltr'><strong>quibusdam</strong></span> <span class='ocrx_word' id='word_1_397' title='bbox 1192 3425 1493 3495; x_wconf 87' lang='lat' dir='ltr'><strong>interjectis</strong></span> <span class='ocrx_word' id='word_1_398' title='bbox 1526 3443 1542 3482; x_wconf 89' lang='lat'><strong>:</strong></span> <span class='ocrx_word' id='word_1_399' title='bbox 1586 3444 1605 3478; x_wconf 81' lang='grc' dir='ltr'><strong>ι</strong></span> <span class='ocrx_word' id='word_1_400' title='bbox 1646 3425 1911 3494; x_wconf 84' lang='lat' dir='ltr'><strong>Necdum,</strong></span> <span class='ocrx_word' id='word_1_401' title='bbox 1954 3429 2165 3498; x_wconf 90' lang='lat' dir='ltr'><strong>inquit,</strong></span> 
     </span>
    </p>
   </div>
   <div class='ocr_carea' id='block_1_54' title="bbox 600 3516 2173 3589">
    <p class='ocr_par' dir='ltr' id='par_1_54' title="bbox 600 3516 2173 3589">
     <span class='ocr_line' id='line_1_54' title="bbox 600 3516 2173 3589; baseline 0.001 -17"><span class='ocrx_word' id='word_1_402' title='bbox 600 3520 725 3574; x_wconf 82' lang='lat' dir='ltr'><strong>illos</strong></span> <span class='ocrx_word' id='word_1_403' title='bbox 764 3532 957 3572; x_wconf 91' lang='lat' dir='ltr'><strong>omnes</strong></span> <span class='ocrx_word' id='word_1_404' title='bbox 985 3516 1387 3580; x_wconf 83' lang='lat' dir='ltr'><strong>recensuimus,</strong></span> <span class='ocrx_word' id='word_1_405' title='bbox 1421 3517 1515 3587; x_wconf 91' lang='lat' dir='ltr'><strong>qui</strong></span> <span class='ocrx_word' id='word_1_406' title='bbox 1549 3526 1659 3571; x_wconf 88' lang='lat' dir='ltr'><strong>tam</strong></span> <span class='ocrx_word' id='word_1_407' title='bbox 1691 3518 1757 3573; x_wconf 91' lang='lat' dir='ltr'><strong>de</strong></span> <span class='ocrx_word' id='word_1_408' title='bbox 1794 3534 1861 3574; x_wconf 92' lang='lat' dir='ltr'><strong>eo</strong></span> <span class='ocrx_word' id='word_1_409' title='bbox 1891 3520 2034 3589; x_wconf 91' lang='lat' dir='ltr'><strong>quod</strong></span> <span class='ocrx_word' id='word_1_410' title='bbox 2063 3534 2173 3574; x_wconf 88' lang='lat' dir='ltr'><strong>non</strong></span> 
     </span>
    </p>
   </div>
   <div class='ocr_carea' id='block_1_55' title="bbox 596 3608 2170 3682">
    <p class='ocr_par' dir='ltr' id='par_1_55' title="bbox 596 3608 2170 3682">
     <span class='ocr_line' id='line_1_55' title="bbox 596 3608 2170 3682; baseline 0.001 -15"><span class='ocrx_word' id='word_1_411' title='bbox 596 3620 704 3678; x_wconf 92' lang='lat' dir='ltr'><strong>est,</strong></span> <span class='ocrx_word' id='word_1_412' title='bbox 741 3627 905 3681; x_wconf 92' lang='lat' dir='ltr'><strong>quam</strong></span> <span class='ocrx_word' id='word_1_413' title='bbox 942 3612 1011 3667; x_wconf 88' lang='lat' dir='ltr'><strong>de</strong></span> <span class='ocrx_word' id='word_1_414' title='bbox 1037 3625 1106 3665; x_wconf 87' lang='lat' dir='ltr'><strong>eo</strong></span> <span class='ocrx_word' id='word_1_415' title='bbox 1134 3611 1281 3682; x_wconf 82' lang='lat' dir='ltr'><strong>quod</strong></span> <span class='ocrx_word' id='word_1_416' title='bbox 1314 3608 1419 3675; x_wconf 74' lang='lat' dir='ltr'><strong>est,</strong></span> <span class='ocrx_word' id='word_1_417' title='bbox 1461 3613 1774 3667; x_wconf 88' lang='lat' dir='ltr'><strong>accuratius</strong></span> <span class='ocrx_word' id='word_1_418' title='bbox 1804 3614 2170 3682; x_wconf 85' lang='lat' dir='ltr'><strong>disputarunt.</strong></span> 
     </span>
    </p>
   </div>
   <div class='ocr_carea' id='block_1_56' title="bbox 598 3703 2174 3777">
    <p class='ocr_par' dir='ltr' id='par_1_56' title="bbox 598 3703 2174 3777">
     <span class='ocr_line' id='line_1_56' title="bbox 598 3703 2174 3777; baseline -0.001 -16"><span class='ocrx_word' id='word_1_419' title='bbox 598 3705 991 3761; x_wconf 79' lang='lat' dir='ltr'><strong>Verumtamen</strong></span> <span class='ocrx_word' id='word_1_420' title='bbox 1024 3706 1159 3761; x_wconf 84' lang='lat' dir='ltr'><strong>satis</strong></span> <span class='ocrx_word' id='word_1_421' title='bbox 1198 3705 1305 3760; x_wconf 90' lang='lat' dir='ltr'><strong>ista</strong></span> <span class='ocrx_word' id='word_1_422' title='bbox 1339 3714 1523 3761; x_wconf 90' lang='lat' dir='ltr'><strong>sunto.</strong></span> <span class='ocrx_word' id='word_1_423' title='bbox 1562 3703 1717 3761; x_wconf 82' lang='lat' dir='ltr'><strong>Nunc</strong></span> <span class='ocrx_word' id='word_1_424' title='bbox 1754 3721 1851 3761; x_wconf 91' lang='lat' dir='ltr'><strong>eos</strong></span> <span class='ocrx_word' id='word_1_425' title='bbox 1889 3723 2051 3777; x_wconf 85' lang='lat' dir='ltr'><strong>porro</strong></span> <span class='ocrx_word' id='word_1_426' title='bbox 2096 3708 2174 3760; x_wconf 85' lang='lat' dir='ltr'><strong>vi-</strong></span> 
     </span>
    </p>
   </div>
   <div class='ocr_carea' id='block_1_57' title="bbox 597 3798 2174 3870">
    <p class='ocr_par' dir='ltr' id='par_1_57' title="bbox 597 3798 2174 3870">
     <span class='ocr_line' id='line_1_57' title="bbox 597 3798 2174 3870; baseline 0 -16"><span class='ocrx_word' id='word_1_427' title='bbox 597 3800 848 3866; x_wconf 88' lang='lat' dir='ltr'><strong>deamus,</strong></span> <span class='ocrx_word' id='word_1_428' title='bbox 891 3798 986 3869; x_wconf 91' lang='lat' dir='ltr'><strong>qui</strong></span> <span class='ocrx_word' id='word_1_429' title='bbox 1022 3799 1127 3853; x_wconf 89' lang='lat' dir='ltr'><strong>alia</strong></span> <span class='ocrx_word' id='word_1_430' title='bbox 1181 3798 1370 3853; x_wconf 88' lang='lat' dir='ltr'><strong>omnia</strong></span> <span class='ocrx_word' id='word_1_431' title='bbox 1424 3808 1780 3864; x_wconf 88' lang='lat' dir='ltr'><strong>censuerunt,</strong></span> <span class='ocrx_word' id='word_1_432' title='bbox 1837 3808 1897 3854; x_wconf 88' lang='lat' dir='ltr'><strong>ut</strong></span> <span class='ocrx_word' id='word_1_433' title='bbox 1937 3799 1990 3853; x_wconf 90' lang='lat' dir='ltr'><strong>id</strong></span> <span class='ocrx_word' id='word_1_434' title='bbox 2028 3800 2174 3870; x_wconf 91' lang='lat' dir='ltr'><strong>quod</strong></span> 
     </span>
    </p>
   </div>
   <div class='ocr_carea' id='block_1_58' title="bbox 597 3891 2174 3963">
    <p class='ocr_par' dir='ltr' id='par_1_58' title="bbox 597 3891 2174 3963">
     <span class='ocr_line' id='line_1_58' title="bbox 597 3891 2174 3963; baseline -0.002 -14"><span class='ocrx_word' id='word_1_435' title='bbox 597 3902 702 3957; x_wconf 87' lang='lat' dir='ltr'><strong>est,</strong></span> <span class='ocrx_word' id='word_1_436' title='bbox 746 3891 921 3947; x_wconf 85' lang='lat' dir='ltr'><strong>nihilo</strong></span> <span class='ocrx_word' id='word_1_437' title='bbox 973 3891 1281 3963; x_wconf 82' lang='lat' dir='ltr'><strong>promptius</strong></span> <span class='ocrx_word' id='word_1_438' title='bbox 1322 3905 1418 3948; x_wconf 11' lang='lat' dir='ltr'><strong>eos-</strong></span> <span class='ocrx_word' id='word_1_439' title='bbox 1440 3892 1588 3961; x_wconf 88' lang='lat' dir='ltr'><strong>quod</strong></span> <span class='ocrx_word' id='word_1_440' title='bbox 1642 3905 1749 3946; x_wconf 91' lang='lat' dir='ltr'><strong>non</strong></span> <span class='ocrx_word' id='word_1_441' title='bbox 1794 3901 1913 3959; x_wconf 89' lang='lat' dir='ltr'><strong>est,</strong></span> <span class='ocrx_word' id='word_1_442' title='bbox 1964 3892 2032 3947; x_wconf 86' lang='lat' dir='ltr'><strong>ad</strong></span> <span class='ocrx_word' id='word_1_443' title='bbox 2079 3907 2174 3947; x_wconf 83' lang='lat' dir='ltr'><strong>ex-</strong></span> 
     </span>
    </p>
   </div>
   <div class='ocr_carea' id='block_1_59' title="bbox 599 3982 2169 4053">
    <p class='ocr_par' dir='ltr' id='par_1_59' title="bbox 599 3982 2169 4053">
     <span class='ocr_line' id='line_1_59' title="bbox 599 3982 2169 4053; baseline 0.001 -16"><span class='ocrx_word' id='word_1_444' title='bbox 599 3983 909 4053; x_wconf 86' lang='lat' dir='ltr'><strong>plicandum</strong></span> <span class='ocrx_word' id='word_1_445' title='bbox 950 3999 1092 4050; x_wconf 90' lang='lat' dir='ltr'><strong>esse,</strong></span> <span class='ocrx_word' id='word_1_446' title='bbox 1143 3983 1389 4038; x_wconf 91' lang='lat' dir='ltr'><strong>omnium</strong></span> <span class='ocrx_word' id='word_1_447' title='bbox 1419 3998 1486 4038; x_wconf 83' lang='lat' dir='ltr'><strong>ex</strong></span> <span class='ocrx_word' id='word_1_448' title='bbox 1527 3982 1813 4039; x_wconf 87' lang='lat' dir='ltr'><strong>sententiis</strong></span> <span class='ocrx_word' id='word_1_449' title='bbox 1839 3983 2169 4040; x_wconf 83' lang='lat' dir='ltr'><strong>auferamus.</strong></span> 
     </span>
    </p>
   </div>
   <div class='ocr_carea' id='block_1_60' title="bbox 599 4072 2175 4144">
    <p class='ocr_par' dir='ltr' id='par_1_60' title="bbox 599 4072 2175 4144">
     <span class='ocr_line' id='line_1_60' title="bbox 599 4072 2175 4144; baseline 0.003 -18"><span class='ocrx_word' id='word_1_450' title='bbox 599 4072 812 4143; x_wconf 74' lang='lat' dir='ltr'><strong>Quippe</strong></span> <span class='ocrx_word' id='word_1_451' title='bbox 851 4074 1083 4128; x_wconf 87' lang='lat' dir='ltr'><strong>adeundi</strong></span> <span class='ocrx_word' id='word_1_452' title='bbox 1118 4073 1278 4128; x_wconf 93' lang='lat' dir='ltr'><strong>nobis</strong></span> <span class='ocrx_word' id='word_1_453' title='bbox 1313 4083 1442 4129; x_wconf 91' lang='lat' dir='ltr'><strong>sunt</strong></span> <span class='ocrx_word' id='word_1_454' title='bbox 1474 4073 1561 4128; x_wconf 90' lang='lat' dir='ltr'><strong>isti</strong></span> <span class='ocrx_word' id='word_1_455' title='bbox 1595 4090 1833 4144; x_wconf 89' lang='lat' dir='ltr'><strong>quoque.</strong></span> <span class='ocrx_word' id='word_1_456' title='bbox 1865 4075 2027 4144; x_wconf 77' lang='lat' dir='ltr'><strong>Atqui</strong></span> <span class='ocrx_word' id='word_1_457' title='bbox 2060 4075 2175 4130; x_wconf 64' lang='lat' dir='ltr'><strong>haec</strong></span> 
     </span>
    </p>
   </div>
   <div class='ocr_carea' id='block_1_61' title="bbox 598 4166 2172 4236">
    <p class='ocr_par' dir='ltr' id='par_1_61' title="bbox 598 4166 2172 4236">
     <span class='ocr_line' id='line_1_61' title="bbox 598 4166 2172 4236; baseline 0 -16"><span class='ocrx_word' id='word_1_458' title='bbox 598 4166 718 4235; x_wconf 84' lang='lat' dir='ltr'><strong>ipsa</strong></span> <span class='ocrx_word' id='word_1_459' title='bbox 749 4166 816 4220; x_wconf 90' lang='lat' dir='ltr'><strong>de</strong></span> <span class='ocrx_word' id='word_1_460' title='bbox 861 4166 1111 4220; x_wconf 71' lang='lat' dir='ltr'><strong>essentia:</strong></span> <span class='ocrx_word' id='word_1_461' title='bbox 1163 4166 1374 4220; x_wconf 87' lang='lat' dir='ltr'><strong>ratione</strong></span> <span class='ocrx_word' id='word_1_462' title='bbox 1430 4167 1835 4233; x_wconf 81' lang='lat' dir='ltr'><strong>controversia,</strong></span> <span class='ocrx_word' id='word_1_463' title='bbox 1880 4167 2172 4236; x_wconf 89' lang='lat' dir='ltr'><strong>quamdam</strong></span> 
     </span>
    </p>
   </div>
   <div class='ocr_carea' id='block_1_62' title="bbox 598 4256 2176 4328">
    <p class='ocr_par' dir='ltr' id='par_1_62' title="bbox 598 4256 2176 4328">
     <span class='ocr_line' id='line_1_62' title="bbox 598 4256 2176 4328; baseline 0.001 -19"><span class='ocrx_word' id='word_1_464' title='bbox 598 4256 741 4311; x_wconf 86' lang='lat' dir='ltr'><strong>inter</strong></span> <span class='ocrx_word' id='word_1_465' title='bbox 788 4256 908 4311; x_wconf 88' lang='lat' dir='ltr'><strong>illos</strong></span> <span class='ocrx_word' id='word_1_466' title='bbox 953 4258 1115 4311; x_wconf 89' lang='lat' dir='ltr'><strong>etiam</strong></span> <span class='ocrx_word' id='word_1_467' title='bbox 1160 4256 1373 4311; x_wconf 88' lang='lat' dir='ltr'><strong>videtur</strong></span> <span class='ocrx_word' id='word_1_468' title='bbox 1416 4257 1716 4328; x_wconf 87' lang='lat' dir='ltr'><strong>gigantinm</strong></span> <span class='ocrx_word' id='word_1_469' title='bbox 1751 4274 1987 4328; x_wconf 85' lang='lat' dir='ltr'><strong>pugnam</strong></span> <span class='ocrx_word' id='word_1_470' title='bbox 2033 4260 2176 4314; x_wconf 80' lang='lat' dir='ltr'><strong>exci-</strong></span> 
     </span>
    </p>
   </div>
   <div class='ocr_carea' id='block_1_63' title="bbox 600 4347 2172 4421">
    <p class='ocr_par' dir='ltr' id='par_1_63' title="bbox 600 4347 2172 4421">
     <span class='ocr_line' id='line_1_63' title="bbox 600 4347 2172 4421; baseline 0.004 -20"><span class='ocrx_word' id='word_1_471' title='bbox 600 4356 763 4404; x_wconf 86' lang='lat' dir='ltr'><strong>tasse.</strong></span> <span class='ocrx_word' id='word_1_472' title='bbox 792 4377 860 4389; x_wconf 77' lang='grc' dir='ltr'><strong>ο-</strong></span> <span class='ocrx_word' id='word_1_473' title='bbox 887 4347 991 4415; x_wconf 83' lang='lat' dir='ltr'><strong>Qui</strong></span> <span class='ocrx_word' id='word_1_474' title='bbox 1028 4349 1284 4404; x_wconf 80' lang='lat' dir='ltr'><strong>tandem?</strong></span> <span class='ocrx_word' id='word_1_475' title='bbox 1306 4381 1378 4390; x_wconf 95' lang='lat'><strong>—</strong></span> <span class='ocrx_word' id='word_1_476' title='bbox 1406 4348 1673 4404; x_wconf 84' lang='lat' dir='ltr'><strong>Nimirum</strong></span> <span class='ocrx_word' id='word_1_477' title='bbox 1726 4351 1850 4417; x_wconf 88' lang='lat' dir='ltr'><strong>alii,</strong></span> <span class='ocrx_word' id='word_1_478' title='bbox 1905 4351 2036 4405; x_wconf 91' lang='lat' dir='ltr'><strong>dum</strong></span> <span class='ocrx_word' id='word_1_479' title='bbox 2077 4366 2172 4421; x_wconf 85' lang='lat' dir='ltr'><strong>pe-</strong></span> 
     </span>
    </p>
   </div>
   <div class='ocr_carea' id='block_1_64' title="bbox 2271 1880 3863 1956">
    <p class='ocr_par' dir='ltr' id='par_1_64' title="bbox 2271 1880 3863 1956">
     <span class='ocr_line' id='line_1_64' title="bbox 2271 1880 3863 1956; baseline -0.003 -18"><span class='ocrx_word' id='word_1_480' title='bbox 2271 1884 2566 1956; x_wconf 81' lang='grc' dir='ltr'>τονώτεραι</span> <span class='ocrx_word' id='word_1_481' title='bbox 2588 1883 2696 1938; x_wconf 89' lang='grc' dir='ltr'><strong>τῶν</strong></span> <span class='ocrx_word' id='word_1_482' title='bbox 2724 1882 2987 1937; x_wconf 76' lang='grc' dir='ltr'>Μουσῶνο</span> <span class='ocrx_word' id='word_1_483' title='bbox 3022 1882 3078 1935; x_wconf 91' lang='grc' dir='ltr'>αἱ</span> <span class='ocrx_word' id='word_1_484' title='bbox 3127 1881 3183 1934; x_wconf 81' lang='grc' dir='ltr'>δὲ</span> <span class='ocrx_word' id='word_1_485' title='bbox 3231 1880 3619 1954; x_wconf 80' lang='grc' dir='ltr'><strong>μαλακώτεραι</strong></span> <span class='ocrx_word' id='word_1_486' title='bbox 3667 1881 3731 1934; x_wconf 78' lang='grc' dir='ltr'>τὸ</span> <span class='ocrx_word' id='word_1_487' title='bbox 3756 1882 3863 1951; x_wconf 82' lang='grc' dir='ltr'>μὲν</span> 
     </span>
    </p>
   </div>
   <div class='ocr_carea' id='block_1_65' title="bbox 2272 1972 3863 2044">
    <p class='ocr_par' dir='ltr' id='par_1_65' title="bbox 2272 1972 3863 2044">
     <span class='ocr_line' id='line_1_65' title="bbox 2272 1972 3863 2044; baseline -0.002 -15"><span class='ocrx_word' id='word_1_488' title='bbox 2272 1976 2360 2029; x_wconf 75' lang='grc' dir='ltr'>ἀεὶ</span> <span class='ocrx_word' id='word_1_489' title='bbox 2398 1975 2474 2043; x_wconf 81' lang='lat' dir='ltr'><strong>l7)</strong></span> <span class='ocrx_word' id='word_1_490' title='bbox 2507 1974 2680 2028; x_wconf 82' lang='grc' dir='ltr'>ταῦτα</span> <span class='ocrx_word' id='word_1_491' title='bbox 2727 1972 2901 2037; x_wconf 79' lang='grc' dir='ltr'>οὕτως</span> <span class='ocrx_word' id='word_1_492' title='bbox 2954 1972 3096 2043; x_wconf 83' lang='grc' dir='ltr'>ἐχειν</span> <span class='ocrx_word' id='word_1_493' title='bbox 3154 1972 3453 2043; x_wconf 87' lang='grc' dir='ltr'>ἐχάλασαν·</span> <span class='ocrx_word' id='word_1_494' title='bbox 3488 1972 3548 2025; x_wconf 89' lang='grc' dir='ltr'><strong>ἐν</strong></span> <span class='ocrx_word' id='word_1_495' title='bbox 3597 1973 3752 2044; x_wconf 80' lang='grc' dir='ltr'>μέρει</span> <span class='ocrx_word' id='word_1_496' title='bbox 3802 1972 3863 2026; x_wconf 84' lang='grc' dir='ltr'>δὲ</span> 
     </span>
    </p>
   </div>
   <div class='ocr_carea' id='block_1_66' title="bbox 2271 2046 3861 2137">
    <p class='ocr_par' dir='ltr' id='par_1_66' title="bbox 2271 2046 3861 2137">
     <span class='ocr_line' id='line_1_66' title="bbox 2271 2046 3861 2137; baseline -0.002 -18"><span class='ocrx_word' id='word_1_497' title='bbox 2271 2066 2392 2119; x_wconf 68' lang='grc' dir='ltr'>τοιτέ</span> <span class='ocrx_word' id='word_1_498' title='bbox 2423 2067 2520 2137; x_wconf 84' lang='grc' dir='ltr'>μὲν</span> <span class='ocrx_word' id='word_1_499' title='bbox 2544 2065 2601 2117; x_wconf 80' lang='grc' dir='ltr'>ἓν</span> <span class='ocrx_word' id='word_1_500' title='bbox 2624 2063 2763 2118; x_wconf 83' lang='grc' dir='ltr'>εἷναί</span> <span class='ocrx_word' id='word_1_501' title='bbox 2794 2081 2924 2133; x_wconf 89' lang='grc' dir='ltr'>φασι</span> <span class='ocrx_word' id='word_1_502' title='bbox 2946 2064 3007 2116; x_wconf 83' lang='grc' dir='ltr'>τὸ</span> <span class='ocrx_word' id='word_1_503' title='bbox 3039 2065 3147 2117; x_wconf 80' lang='grc' dir='ltr'><strong>πᾶν</strong></span> <span class='ocrx_word' id='word_1_504' title='bbox 3179 2064 3272 2117; x_wconf 81' lang='grc' dir='ltr'>καὶ</span> <span class='ocrx_word' id='word_1_505' title='bbox 3298 2063 3448 2134; x_wconf 75' lang='grc' dir='ltr'>φίλον</span> <span class='ocrx_word' id='word_1_506' title='bbox 3472 2063 3564 2116; x_wconf 83' lang='grc' dir='ltr'><strong>ὑπ’</strong></span> <span class='ocrx_word' id='word_1_507' title='bbox 3606 2046 3861 2135; x_wconf 77' lang='grc' dir='ltr'>’Ᾰφροδί-</span> 
     </span>
    </p>
   </div>
   <div class='ocr_carea' id='block_1_67' title="bbox 2271 2152 3862 2229">
    <p class='ocr_par' dir='ltr' id='par_1_67' title="bbox 2271 2152 3862 2229">
     <span class='ocr_line' id='line_1_67' title="bbox 2271 2152 3862 2229; baseline -0.001 -18"><span class='ocrx_word' id='word_1_508' title='bbox 2271 2174 2402 2229; x_wconf 77' lang='grc' dir='ltr'>τηςο</span> <span class='ocrx_word' id='word_1_509' title='bbox 2430 2156 2559 2211; x_wconf 81' lang='grc' dir='ltr'>’τοτὲ</span> <span class='ocrx_word' id='word_1_510' title='bbox 2581 2156 2640 2209; x_wconf 85' lang='grc' dir='ltr'>δὲ</span> <span class='ocrx_word' id='word_1_511' title='bbox 2668 2156 2861 2220; x_wconf 80' lang='grc' dir='ltr'>πολλὰ,</span> <span class='ocrx_word' id='word_1_512' title='bbox 2884 2158 2979 2210; x_wconf 75' lang='grc' dir='ltr'>καὶ</span> <span class='ocrx_word' id='word_1_513' title='bbox 3010 2154 3270 2225; x_wconf 87' lang='grc' dir='ltr'>πολέμιον</span> <span class='ocrx_word' id='word_1_514' title='bbox 3297 2154 3431 2207; x_wconf 82' lang='grc' dir='ltr'>αὐτὸ</span> <span class='ocrx_word' id='word_1_515' title='bbox 3462 2152 3613 2223; x_wconf 79' lang='grc' dir='ltr'>αὐτῷ</span> <span class='ocrx_word' id='word_1_516' title='bbox 3636 2152 3728 2206; x_wconf 85' lang='grc' dir='ltr'><strong>διὰ</strong></span> <span class='ocrx_word' id='word_1_517' title='bbox 3748 2156 3862 2209; x_wconf 84' lang='grc' dir='ltr'>νεῖ-</span> 
     </span>
    </p>
   </div>
   <div class='ocr_carea' id='block_1_68' title="bbox 2274 2246 3864 2319">
    <p class='ocr_par' dir='ltr' id='par_1_68' title="bbox 2274 2246 3864 2319">
     <span class='ocr_line' id='line_1_68' title="bbox 2274 2246 3864 2319; baseline -0.003 -15"><span class='ocrx_word' id='word_1_518' title='bbox 2274 2250 2368 2315; x_wconf 83' lang='grc' dir='ltr'><strong>κός</strong></span> <span class='ocrx_word' id='word_1_519' title='bbox 2393 2266 2466 2304; x_wconf 90' lang='grc' dir='ltr'>τι.</span> <span class='ocrx_word' id='word_1_520' title='bbox 2504 2249 2689 2303; x_wconf 87' lang='grc' dir='ltr'>Ταῦτα</span> <span class='ocrx_word' id='word_1_521' title='bbox 2715 2249 2773 2302; x_wconf 83' lang='grc' dir='ltr'>δὲ</span> <span class='ocrx_word' id='word_1_522' title='bbox 2810 2251 2991 2303; x_wconf 85' lang='grc' dir='ltr'>πάντα</span> <span class='ocrx_word' id='word_1_523' title='bbox 3041 2249 3091 2301; x_wconf 84' lang='grc' dir='ltr'><strong>εί</strong></span> <span class='ocrx_word' id='word_1_524' title='bbox 3163 2248 3263 2318; x_wconf 83' lang='grc' dir='ltr'>μὲν</span> <span class='ocrx_word' id='word_1_525' title='bbox 3315 2246 3533 2318; x_wconf 85' lang='grc' dir='ltr'>ἀληθῶς</span> <span class='ocrx_word' id='word_1_526' title='bbox 3579 2264 3665 2310; x_wconf 72' lang='grc' dir='ltr'><strong>τις</strong></span> <span class='ocrx_word' id='word_1_527' title='bbox 3695 2247 3730 2318; x_wconf 77' lang='grc' dir='ltr'>ἢ</span> <span class='ocrx_word' id='word_1_528' title='bbox 3782 2246 3864 2319; x_wconf 77' lang='grc' dir='ltr'>μὴ</span> 
     </span>
    </p>
   </div>
   <div class='ocr_carea' id='block_1_69' title="bbox 2272 2338 3863 2412">
    <p class='ocr_par' dir='ltr' id='par_1_69' title="bbox 2272 2338 3863 2412">
     <span class='ocr_line' id='line_1_69' title="bbox 2272 2338 3863 2412; baseline -0.002 -16"><span class='ocrx_word' id='word_1_529' title='bbox 2272 2341 2478 2396; x_wconf 83' lang='grc' dir='ltr'>τούτων</span> <span class='ocrx_word' id='word_1_530' title='bbox 2506 2339 2722 2412; x_wconf 72' lang='grc' dir='ltr'>εἴρηκε,</span> <span class='ocrx_word' id='word_1_531' title='bbox 2748 2340 2983 2411; x_wconf 77' lang='grc' dir='ltr'>χαλεπὸν</span> <span class='ocrx_word' id='word_1_532' title='bbox 3015 2340 3111 2394; x_wconf 74' lang='grc' dir='ltr'>καὶ</span> <span class='ocrx_word' id='word_1_533' title='bbox 3134 2338 3454 2409; x_wconf 78' lang='grc' dir='ltr'>πλημμελὲς</span> <span class='ocrx_word' id='word_1_534' title='bbox 3479 2338 3623 2392; x_wconf 77' lang='grc' dir='ltr'>οὕτω</span> <span class='ocrx_word' id='word_1_535' title='bbox 3647 2339 3863 2410; x_wconf 78' lang='grc' dir='ltr'>μεγάλα</span> 
     </span>
    </p>
   </div>
   <div class='ocr_carea' id='block_1_70' title="bbox 2274 2427 3864 2499">
    <p class='ocr_par' dir='ltr' id='par_1_70' title="bbox 2274 2427 3864 2499">
     <span class='ocr_line' id='line_1_70' title="bbox 2274 2427 3864 2499; baseline 0.001 -17"><span class='ocrx_word' id='word_1_536' title='bbox 2274 2429 2504 2491; x_wconf 81' lang='grc' dir='ltr'>κλεινοῖς</span> <span class='ocrx_word' id='word_1_537' title='bbox 2536 2429 2630 2481; x_wconf 80' lang='grc' dir='ltr'>καὶ</span> <span class='ocrx_word' id='word_1_538' title='bbox 2662 2427 2913 2492; x_wconf 79' lang='grc' dir='ltr'>παλαιοῖς</span> <span class='ocrx_word' id='word_1_539' title='bbox 2941 2427 3201 2499; x_wconf 84' lang='grc' dir='ltr'>ἀνδράσιν</span> <span class='ocrx_word' id='word_1_540' title='bbox 3230 2429 3511 2498; x_wconf 79' lang='grc' dir='ltr'>ἐπιτιμᾷν.</span> <span class='ocrx_word' id='word_1_541' title='bbox 3538 2446 3556 2478; x_wconf 83' lang='grc'><strong>›</strong></span> <span class='ocrx_word' id='word_1_542' title='bbox 3580 2429 3690 2480; x_wconf 76' lang='grc' dir='ltr'><strong>Καὶ</strong></span> <span class='ocrx_word' id='word_1_543' title='bbox 3718 2428 3864 2498; x_wconf 85' lang='grc' dir='ltr'><strong>μετά</strong></span> 
     </span>
    </p>
   </div>
   <div class='ocr_carea' id='block_1_71' title="bbox 2276 2509 3858 2592">
    <p class='ocr_par' dir='ltr' id='par_1_71' title="bbox 2276 2509 3858 2592">
     <span class='ocr_line' id='line_1_71' title="bbox 2276 2509 3858 2592; baseline 0.002 -21"><span class='ocrx_word' id='word_1_544' title='bbox 2276 2518 2484 2589; x_wconf 83' lang='grc' dir='ltr'>βραχέα</span> <span class='ocrx_word' id='word_1_545' title='bbox 2522 2518 2797 2586; x_wconf 77' lang='grc' dir='ltr'>ἐπιλέγει·</span> <span class='ocrx_word' id='word_1_546' title='bbox 2843 2537 2862 2570; x_wconf 81' lang='grc' dir='ltr'><strong>ι</strong></span> <span class='ocrx_word' id='word_1_547' title='bbox 2884 2520 3023 2581; x_wconf 84' lang='grc' dir='ltr'>Τοὺς</span> <span class='ocrx_word' id='word_1_548' title='bbox 3055 2518 3153 2589; x_wconf 85' lang='grc' dir='ltr'>μὲν</span> <span class='ocrx_word' id='word_1_549' title='bbox 3180 2518 3361 2573; x_wconf 82' lang='grc' dir='ltr'>τοίνυν</span> <span class='ocrx_word' id='word_1_550' title='bbox 3411 2509 3858 2592; x_wconf 79' lang='grc' dir='ltr'>διακρίϐολογου-</span> 
     </span>
    </p>
   </div>
   <div class='ocr_carea' id='block_1_72' title="bbox 2278 2609 3860 2683">
    <p class='ocr_par' dir='ltr' id='par_1_72' title="bbox 2278 2609 3860 2683">
     <span class='ocr_line' id='line_1_72' title="bbox 2278 2609 3860 2683; baseline 0.002 -21"><span class='ocrx_word' id='word_1_551' title='bbox 2278 2610 2470 2681; x_wconf 82' lang='grc' dir='ltr'>μένους</span> <span class='ocrx_word' id='word_1_552' title='bbox 2494 2609 2647 2673; x_wconf 88' lang='grc' dir='ltr'>ὄντος</span> <span class='ocrx_word' id='word_1_553' title='bbox 2678 2626 2738 2662; x_wconf 89' lang='grc' dir='ltr'>τε</span> <span class='ocrx_word' id='word_1_554' title='bbox 2767 2610 2895 2682; x_wconf 88' lang='grc' dir='ltr'>πέρι</span> <span class='ocrx_word' id='word_1_555' title='bbox 2923 2610 3018 2663; x_wconf 78' lang='grc' dir='ltr'>καὶ</span> <span class='ocrx_word' id='word_1_556' title='bbox 3059 2612 3134 2682; x_wconf 87' lang='grc' dir='ltr'>μὴ</span> <span class='ocrx_word' id='word_1_557' title='bbox 3159 2610 3368 2675; x_wconf 85' lang='grc' dir='ltr'>πάντας</span> <span class='ocrx_word' id='word_1_558' title='bbox 3396 2612 3493 2682; x_wconf 81' lang='grc' dir='ltr'>μὲν</span> <span class='ocrx_word' id='word_1_559' title='bbox 3523 2613 3584 2665; x_wconf 91' lang='grc' dir='ltr'><strong>οὐ</strong></span> <span class='ocrx_word' id='word_1_560' title='bbox 3611 2611 3860 2683; x_wconf 85' lang='grc' dir='ltr'>διεληλύ-</span> 
     </span>
    </p>
   </div>
   <div class='ocr_carea' id='block_1_73' title="bbox 2276 2702 3861 2774">
    <p class='ocr_par' dir='ltr' id='par_1_73' title="bbox 2276 2702 3861 2774">
     <span class='ocr_line' id='line_1_73' title="bbox 2276 2702 3861 2774; baseline 0.003 -19"><span class='ocrx_word' id='word_1_561' title='bbox 2276 2702 2447 2774; x_wconf 88' lang='grc' dir='ltr'>θαμεν</span> <span class='ocrx_word' id='word_1_562' title='bbox 2470 2720 2485 2735; x_wconf 75' lang='grc' dir='ltr'><strong><em>ο</em></strong></span> <span class='ocrx_word' id='word_1_563' title='bbox 2507 2703 2657 2774; x_wconf 82' lang='grc' dir='ltr'>ὅμως</span> <span class='ocrx_word' id='word_1_564' title='bbox 2685 2702 2733 2755; x_wconf 86' lang='grc' dir='ltr'>δ’</span> <span class='ocrx_word' id='word_1_565' title='bbox 2780 2702 2982 2766; x_wconf 79' lang='grc' dir='ltr'>ἱκανῶς</span> <span class='ocrx_word' id='word_1_566' title='bbox 3014 2703 3219 2774; x_wconf 83' lang='grc' dir='ltr'>ἐχέτω·</span> <span class='ocrx_word' id='word_1_567' title='bbox 3270 2706 3398 2768; x_wconf 84' lang='grc' dir='ltr'><strong>τούς</strong></span> <span class='ocrx_word' id='word_1_568' title='bbox 3435 2704 3494 2757; x_wconf 86' lang='grc' dir='ltr'>δὲ</span> <span class='ocrx_word' id='word_1_569' title='bbox 3532 2705 3707 2769; x_wconf 80' lang='grc' dir='ltr'>ἄλλως</span> <span class='ocrx_word' id='word_1_570' title='bbox 3762 2705 3861 2760; x_wconf 90' lang='grc' dir='ltr'>λέ-</span> 
     </span>
    </p>
   </div>
   <div class='ocr_carea' id='block_1_74' title="bbox 2274 2793 3859 2867">
    <p class='ocr_par' dir='ltr' id='par_1_74' title="bbox 2274 2793 3859 2867">
     <span class='ocr_line' id='line_1_74' title="bbox 2274 2793 3859 2867; baseline 0.003 -20"><span class='ocrx_word' id='word_1_571' title='bbox 2274 2812 2469 2864; x_wconf 88' lang='grc' dir='ltr'>γοντας</span> <span class='ocrx_word' id='word_1_572' title='bbox 2505 2793 2572 2848; x_wconf 84' lang='grc' dir='ltr'>αὖ</span> <span class='ocrx_word' id='word_1_573' title='bbox 2605 2794 2843 2858; x_wconf 86' lang='grc' dir='ltr'>θεατέον,</span> <span class='ocrx_word' id='word_1_574' title='bbox 2881 2795 2948 2848; x_wconf 73' lang='grc' dir='ltr'><strong>ἵν’</strong></span> <span class='ocrx_word' id='word_1_575' title='bbox 2974 2796 3039 2848; x_wconf 85' lang='grc' dir='ltr'><strong>ἐκ</strong></span> <span class='ocrx_word' id='word_1_576' title='bbox 3064 2796 3280 2850; x_wconf 87' lang='grc' dir='ltr'>πάντων</span> <span class='ocrx_word' id='word_1_577' title='bbox 3311 2796 3543 2867; x_wconf 74' lang='grc' dir='ltr'>ἴδωμεν,</span> <span class='ocrx_word' id='word_1_578' title='bbox 3576 2798 3657 2851; x_wconf 85' lang='grc' dir='ltr'>ὅτι</span> <span class='ocrx_word' id='word_1_579' title='bbox 3701 2797 3766 2850; x_wconf 80' lang='grc' dir='ltr'>τὸ</span> <span class='ocrx_word' id='word_1_580' title='bbox 3794 2797 3859 2853; x_wconf 76' lang='grc' dir='ltr'>ὃν</span> 
     </span>
    </p>
   </div>
   <div class='ocr_carea' id='block_1_75' title="bbox 2272 2883 3858 2957">
    <p class='ocr_par' dir='ltr' id='par_1_75' title="bbox 2272 2883 3858 2957">
     <span class='ocr_line' id='line_1_75' title="bbox 2272 2883 3858 2957; baseline 0.003 -20"><span class='ocrx_word' id='word_1_581' title='bbox 2272 2883 2367 2937; x_wconf 85' lang='grc' dir='ltr'><strong>τοῦ</strong></span> <span class='ocrx_word' id='word_1_582' title='bbox 2401 2884 2474 2956; x_wconf 83' lang='grc' dir='ltr'>μὴ</span> <span class='ocrx_word' id='word_1_583' title='bbox 2506 2884 2659 2947; x_wconf 88' lang='grc' dir='ltr'>ὄντος</span> <span class='ocrx_word' id='word_1_584' title='bbox 2699 2884 2851 2938; x_wconf 86' lang='grc' dir='ltr'>οὐδὲν</span> <span class='ocrx_word' id='word_1_585' title='bbox 2893 2884 3266 2957; x_wconf 82' lang='grc' dir='ltr'>εὐπορώτερον</span> <span class='ocrx_word' id='word_1_586' title='bbox 3322 2888 3497 2941; x_wconf 74' lang='grc' dir='ltr'>εἰπεῖν</span> <span class='ocrx_word' id='word_1_587' title='bbox 3548 2888 3576 2941; x_wconf 85' lang='grc' dir='ltr'>ὅ</span> <span class='ocrx_word' id='word_1_588' title='bbox 3620 2905 3675 2941; x_wconf 89' lang='grc' dir='ltr'><strong>τι</strong></span> <span class='ocrx_word' id='word_1_589' title='bbox 3721 2890 3858 2943; x_wconf 86' lang='grc' dir='ltr'>ποτέ</span> 
     </span>
    </p>
   </div>
   <div class='ocr_carea' id='block_1_76' title="bbox 2274 2974 3858 3048">
    <p class='ocr_par' dir='ltr' id='par_1_76' title="bbox 2274 2974 3858 3048">
     <span class='ocr_line' id='line_1_76' title="bbox 2274 2974 3858 3048; baseline 0.004 -21"><span class='ocrx_word' id='word_1_590' title='bbox 2274 2975 2441 3029; x_wconf 86' lang='grc' dir='ltr'>ἐστιν.</span> <span class='ocrx_word' id='word_1_591' title='bbox 2466 2974 2673 3029; x_wconf 83' lang='grc' dir='ltr'>Οὐκοῦν</span> <span class='ocrx_word' id='word_1_592' title='bbox 2697 2975 3025 3046; x_wconf 87' lang='grc' dir='ltr'>πορεύεσθαι</span> <span class='ocrx_word' id='word_1_593' title='bbox 3053 2976 3160 3048; x_wconf 82' lang='grc' dir='ltr'>χρὴ</span> <span class='ocrx_word' id='word_1_594' title='bbox 3191 2978 3287 3030; x_wconf 77' lang='grc' dir='ltr'>καὶ</span> <span class='ocrx_word' id='word_1_595' title='bbox 3317 2978 3409 3030; x_wconf 81' lang='grc' dir='ltr'>ἐπὶ</span> <span class='ocrx_word' id='word_1_596' title='bbox 3454 2978 3685 3042; x_wconf 83' lang='grc' dir='ltr'>τούτοις.</span> <span class='ocrx_word' id='word_1_597' title='bbox 3742 2981 3858 3033; x_wconf 73' lang='grc' dir='ltr'>Καὶ</span> 
     </span>
    </p>
   </div>
   <div class='ocr_carea' id='block_1_77' title="bbox 2278 3064 3858 3140">
    <p class='ocr_par' dir='ltr' id='par_1_77' title="bbox 2278 3064 3858 3140">
     <span class='ocr_line' id='line_1_77' title="bbox 2278 3064 3858 3140; baseline 0.002 -18"><span class='ocrx_word' id='word_1_598' title='bbox 2278 3069 2385 3140; x_wconf 85' lang='grc' dir='ltr'>μὴν</span> <span class='ocrx_word' id='word_1_599' title='bbox 2419 3068 2565 3121; x_wconf 75' lang='grc' dir='ltr'>ἔοικέ</span> <span class='ocrx_word' id='word_1_600' title='bbox 2595 3084 2660 3137; x_wconf 88' lang='grc' dir='ltr'><strong>γε</strong></span> <span class='ocrx_word' id='word_1_601' title='bbox 2703 3069 2762 3121; x_wconf 87' lang='grc' dir='ltr'><strong>ἐν</strong></span> <span class='ocrx_word' id='word_1_602' title='bbox 2788 3068 2970 3131; x_wconf 85' lang='grc' dir='ltr'>αὐτοῖς</span> <span class='ocrx_word' id='word_1_603' title='bbox 2999 3064 3113 3122; x_wconf 81' lang='grc' dir='ltr'>οἷον</span> <span class='ocrx_word' id='word_1_604' title='bbox 3151 3071 3553 3140; x_wconf 87' lang='grc' dir='ltr'>γιγαντομαχία</span> <span class='ocrx_word' id='word_1_605' title='bbox 3587 3087 3674 3134; x_wconf 90' lang='grc' dir='ltr'><strong>τις</strong></span> <span class='ocrx_word' id='word_1_606' title='bbox 3714 3066 3858 3125; x_wconf 73' lang='grc' dir='ltr'>εῖναι</span> 
     </span>
    </p>
   </div>
   <div class='ocr_carea' id='block_1_78' title="bbox 2274 3158 3857 3233">
    <p class='ocr_par' dir='ltr' id='par_1_78' title="bbox 2274 3158 3857 3233">
     <span class='ocr_line' id='line_1_78' title="bbox 2274 3158 3857 3233; baseline 0.003 -20"><span class='ocrx_word' id='word_1_607' title='bbox 2274 3159 2361 3213; x_wconf 84' lang='grc' dir='ltr'>διὰ</span> <span class='ocrx_word' id='word_1_608' title='bbox 2381 3160 2479 3231; x_wconf 80' lang='grc' dir='ltr'>τὴν</span> <span class='ocrx_word' id='word_1_609' title='bbox 2498 3158 2904 3231; x_wconf 85' lang='grc' dir='ltr'>ἀμφισϐήτησιν</span> <span class='ocrx_word' id='word_1_610' title='bbox 2920 3160 3049 3231; x_wconf 75' lang='grc' dir='ltr'>περὶ</span> <span class='ocrx_word' id='word_1_611' title='bbox 3074 3161 3174 3231; x_wconf 82' lang='grc' dir='ltr'><strong>τῆς</strong></span> <span class='ocrx_word' id='word_1_612' title='bbox 3198 3160 3386 3224; x_wconf 78' lang='grc' dir='ltr'>οὐσίας</span> <span class='ocrx_word' id='word_1_613' title='bbox 3409 3160 3546 3233; x_wconf 80' lang='grc' dir='ltr'>πρὸς</span> <span class='ocrx_word' id='word_1_614' title='bbox 3569 3160 3857 3232; x_wconf 68' lang='grc' dir='ltr'>ἀλλήλους.</span> 
     </span>
    </p>
   </div>
   <div class='ocr_carea' id='block_1_79' title="bbox 2273 3249 3864 3324">
    <p class='ocr_par' dir='ltr' id='par_1_79' title="bbox 2273 3249 3864 3324">
     <span class='ocr_line' id='line_1_79' title="bbox 2273 3249 3864 3324; baseline 0.001 -20"><span class='ocrx_word' id='word_1_615' title='bbox 2273 3250 2519 3316; x_wconf 80' lang='grc' dir='ltr'>-Πῶς;</span> <span class='ocrx_word' id='word_1_616' title='bbox 2551 3253 2697 3304; x_wconf 88' lang='grc' dir='ltr'><strong>-Οί</strong></span> <span class='ocrx_word' id='word_1_617' title='bbox 2734 3251 2833 3321; x_wconf 89' lang='grc' dir='ltr'><strong>μέν</strong></span> <span class='ocrx_word' id='word_1_618' title='bbox 2864 3251 2944 3313; x_wconf 88' lang='grc' dir='ltr'><strong>εἰς</strong></span> <span class='ocrx_word' id='word_1_619' title='bbox 2971 3250 3075 3321; x_wconf 81' lang='grc' dir='ltr'>γῆν</span> <span class='ocrx_word' id='word_1_620' title='bbox 3103 3249 3165 3315; x_wconf 78' lang='grc' dir='ltr'>ἐξ</span> <span class='ocrx_word' id='word_1_621' title='bbox 3188 3251 3420 3323; x_wconf 86' lang='grc' dir='ltr'>οὐρανοῦ</span> <span class='ocrx_word' id='word_1_622' title='bbox 3444 3253 3541 3307; x_wconf 76' lang='grc' dir='ltr'><strong>καὶ</strong></span> <span class='ocrx_word' id='word_1_623' title='bbox 3565 3251 3660 3306; x_wconf 88' lang='grc' dir='ltr'><strong>τοῦ</strong></span> <span class='ocrx_word' id='word_1_624' title='bbox 3690 3254 3864 3324; x_wconf 79' lang='grc' dir='ltr'>ἀορά-</span> 
     </span>
    </p>
   </div>
   <div class='ocr_carea' id='block_1_80' title="bbox 2273 3342 3859 3417">
    <p class='ocr_par' dir='ltr' id='par_1_80' title="bbox 2273 3342 3859 3417">
     <span class='ocr_line' id='line_1_80' title="bbox 2273 3342 3859 3417; baseline 0.003 -22"><span class='ocrx_word' id='word_1_625' title='bbox 2273 3360 2368 3396; x_wconf 88' lang='grc' dir='ltr'><strong>του</strong></span> <span class='ocrx_word' id='word_1_626' title='bbox 2403 3342 2579 3397; x_wconf 87' lang='grc' dir='ltr'>πάντα</span> <span class='ocrx_word' id='word_1_627' title='bbox 2606 3343 2844 3408; x_wconf 74' lang='grc' dir='ltr'>ἕλκουσι,</span> <span class='ocrx_word' id='word_1_628' title='bbox 2869 3346 2991 3408; x_wconf 87' lang='grc' dir='ltr'>ταῖς</span> <span class='ocrx_word' id='word_1_629' title='bbox 3020 3344 3208 3415; x_wconf 76' lang='grc' dir='ltr'>χερσὶν</span> <span class='ocrx_word' id='word_1_630' title='bbox 3236 3345 3479 3416; x_wconf 90' lang='grc' dir='ltr'>ἀτεχνῶς</span> <span class='ocrx_word' id='word_1_631' title='bbox 3511 3346 3718 3417; x_wconf 82' lang='grc' dir='ltr'>πέτρας</span> <span class='ocrx_word' id='word_1_632' title='bbox 3760 3345 3859 3401; x_wconf 76' lang='grc' dir='ltr'>καὶ</span> 
     </span>
    </p>
   </div>
   <div class='ocr_carea' id='block_1_81' title="bbox 2272 3432 3860 3507">
    <p class='ocr_par' dir='ltr' id='par_1_81' title="bbox 2272 3432 3860 3507">
     <span class='ocr_line' id='line_1_81' title="bbox 2272 3432 3860 3507; baseline 0.003 -21"><span class='ocrx_word' id='word_1_633' title='bbox 2272 3432 2403 3504; x_wconf 82' lang='grc' dir='ltr'>δρῦς</span> <span class='ocrx_word' id='word_1_634' title='bbox 2453 3433 2967 3505; x_wconf 86' lang='grc' dir='ltr'>περιλαμϐάνοντες.</span> <span class='ocrx_word' id='word_1_635' title='bbox 3002 3434 3124 3488; x_wconf 88' lang='grc' dir='ltr'><strong>Τῶν</strong></span> <span class='ocrx_word' id='word_1_636' title='bbox 3163 3434 3274 3507; x_wconf 80' lang='grc' dir='ltr'><strong>γὰρ</strong></span> <span class='ocrx_word' id='word_1_637' title='bbox 3316 3436 3573 3490; x_wconf 83' lang='grc' dir='ltr'>τοιούτων</span> <span class='ocrx_word' id='word_1_638' title='bbox 3616 3437 3860 3506; x_wconf 87' lang='grc' dir='ltr'>ἐφαπτό-</span> 
     </span>
    </p>
   </div>
   <div class='ocr_carea' id='block_1_82' title="bbox 2277 3524 3859 3599">
    <p class='ocr_par' dir='ltr' id='par_1_82' title="bbox 2277 3524 3859 3599">
     <span class='ocr_line' id='line_1_82' title="bbox 2277 3524 3859 3599; baseline 0.004 -23"><span class='ocrx_word' id='word_1_639' title='bbox 2277 3540 2425 3594; x_wconf 85' lang='grc' dir='ltr'>μενοι</span> <span class='ocrx_word' id='word_1_640' title='bbox 2480 3524 2720 3588; x_wconf 86' lang='grc' dir='ltr'>πάντων,</span> <span class='ocrx_word' id='word_1_641' title='bbox 2774 3525 3199 3598; x_wconf 77' lang='grc' dir='ltr'>διισχυρίζονται</span> <span class='ocrx_word' id='word_1_642' title='bbox 3239 3526 3399 3581; x_wconf 89' lang='grc' dir='ltr'>τοῦτο</span> <span class='ocrx_word' id='word_1_643' title='bbox 3453 3524 3593 3582; x_wconf 82' lang='grc' dir='ltr'>εἶναι</span> <span class='ocrx_word' id='word_1_644' title='bbox 3640 3528 3801 3599; x_wconf 89' lang='grc' dir='ltr'>μόνον</span> <span class='ocrx_word' id='word_1_645' title='bbox 3826 3529 3859 3583; x_wconf 88' lang='grc' dir='ltr'><strong>ὄ</strong></span> 
     </span>
    </p>
   </div>
   <div class='ocr_carea' id='block_1_83' title="bbox 2275 3614 3855 3690">
    <p class='ocr_par' dir='ltr' id='par_1_83' title="bbox 2275 3614 3855 3690">
     <span class='ocr_line' id='line_1_83' title="bbox 2275 3614 3855 3690; baseline 0.003 -23"><span class='ocrx_word' id='word_1_646' title='bbox 2275 3614 2502 3686; x_wconf 85' lang='grc' dir='ltr'>παρέχει</span> <span class='ocrx_word' id='word_1_647' title='bbox 2539 3614 2846 3688; x_wconf 85' lang='grc' dir='ltr'>προσϐολὴν</span> <span class='ocrx_word' id='word_1_648' title='bbox 2899 3618 2993 3670; x_wconf 74' lang='grc' dir='ltr'><strong>καὶ</strong></span> <span class='ocrx_word' id='word_1_649' title='bbox 3026 3620 3243 3690; x_wconf 84' lang='grc' dir='ltr'>ἐπαφήν</span> <span class='ocrx_word' id='word_1_650' title='bbox 3269 3636 3424 3682; x_wconf 87' lang='grc' dir='ltr'>τινα,</span> <span class='ocrx_word' id='word_1_651' title='bbox 3460 3620 3661 3672; x_wconf 86' lang='grc' dir='ltr'>ταύτὸν</span> <span class='ocrx_word' id='word_1_652' title='bbox 3694 3619 3855 3690; x_wconf 87' lang='grc' dir='ltr'>σῶμα</span> 
     </span>
    </p>
   </div>
   <div class='ocr_carea' id='block_1_84' title="bbox 2273 3706 3855 3782">
    <p class='ocr_par' dir='ltr' id='par_1_84' title="bbox 2273 3706 3855 3782">
     <span class='ocr_line' id='line_1_84' title="bbox 2273 3706 3855 3782; baseline 0.003 -24"><span class='ocrx_word' id='word_1_653' title='bbox 2273 3707 2368 3759; x_wconf 76' lang='grc' dir='ltr'>καὶ</span> <span class='ocrx_word' id='word_1_654' title='bbox 2390 3706 2579 3760; x_wconf 90' lang='grc' dir='ltr'>οὐσίαν</span> <span class='ocrx_word' id='word_1_655' title='bbox 2599 3706 2907 3779; x_wconf 75' lang='grc' dir='ltr'>ὁριζόμενοι</span> <span class='ocrx_word' id='word_1_656' title='bbox 2926 3726 2941 3740; x_wconf 87' lang='grc'><strong>·</strong></span> <span class='ocrx_word' id='word_1_657' title='bbox 2964 3709 3074 3763; x_wconf 89' lang='grc' dir='ltr'><strong>τῶν</strong></span> <span class='ocrx_word' id='word_1_658' title='bbox 3106 3709 3165 3762; x_wconf 81' lang='grc' dir='ltr'>δὲ</span> <span class='ocrx_word' id='word_1_659' title='bbox 3189 3709 3364 3764; x_wconf 79' lang='grc' dir='ltr'>ἄλλων</span> <span class='ocrx_word' id='word_1_660' title='bbox 3391 3709 3447 3762; x_wconf 78' lang='grc' dir='ltr'>εἴ</span> <span class='ocrx_word' id='word_1_661' title='bbox 3465 3727 3552 3772; x_wconf 83' lang='grc' dir='ltr'><strong>τις</strong></span> <span class='ocrx_word' id='word_1_662' title='bbox 3577 3711 3743 3780; x_wconf 86' lang='grc' dir='ltr'>φήσει</span> <span class='ocrx_word' id='word_1_663' title='bbox 3778 3711 3855 3782; x_wconf 75' lang='grc' dir='ltr'>μὴ</span> 
     </span>
    </p>
   </div>
   <div class='ocr_carea' id='block_1_85' title="bbox 2275 3794 3856 3872">
    <p class='ocr_par' dir='ltr' id='par_1_85' title="bbox 2275 3794 3856 3872">
     <span class='ocr_line' id='line_1_85' title="bbox 2275 3794 3856 3872; baseline 0.004 -21"><span class='ocrx_word' id='word_1_664' title='bbox 2275 3798 2435 3869; x_wconf 88' lang='grc' dir='ltr'>σῶμα</span> <span class='ocrx_word' id='word_1_665' title='bbox 2473 3797 2595 3869; x_wconf 81' lang='grc' dir='ltr'>έχον</span> <span class='ocrx_word' id='word_1_666' title='bbox 2624 3794 2787 3865; x_wconf 85' lang='grc' dir='ltr'>εἶναι,</span> <span class='ocrx_word' id='word_1_667' title='bbox 2820 3798 3291 3872; x_wconf 81' lang='grc' dir='ltr'>καταφρονοῦντες</span> <span class='ocrx_word' id='word_1_668' title='bbox 3314 3801 3376 3854; x_wconf 69' lang='grc' dir='ltr'>τὸ</span> <span class='ocrx_word' id='word_1_669' title='bbox 3404 3802 3667 3872; x_wconf 86' lang='grc' dir='ltr'>παράπαν</span> <span class='ocrx_word' id='word_1_670' title='bbox 3698 3841 3714 3865; x_wconf 92' lang='grc'><strong>,</strong></span> <span class='ocrx_word' id='word_1_671' title='bbox 3758 3804 3856 3857; x_wconf 79' lang='grc' dir='ltr'>καὶ</span> 
     </span>
    </p>
   </div>
   <div class='ocr_carea' id='block_1_86' title="bbox 2273 3886 3856 3966">
    <p class='ocr_par' dir='ltr' id='par_1_86' title="bbox 2273 3886 3856 3966">
     <span class='ocr_line' id='line_1_86' title="bbox 2273 3886 3856 3966; baseline 0.006 -27"><span class='ocrx_word' id='word_1_672' title='bbox 2273 3886 2427 3940; x_wconf 80' lang='grc' dir='ltr'>οὐδὲν</span> <span class='ocrx_word' id='word_1_673' title='bbox 2459 3887 2736 3951; x_wconf 85' lang='grc' dir='ltr'>ἐθέλοντες</span> <span class='ocrx_word' id='word_1_674' title='bbox 2772 3888 2901 3943; x_wconf 75' lang='grc' dir='ltr'>ἄλλο</span> <span class='ocrx_word' id='word_1_675' title='bbox 2933 3887 3349 3945; x_wconf 86' lang='grc' dir='ltr'>ἀκούειν.-Ἧ</span> <span class='ocrx_word' id='word_1_676' title='bbox 3389 3891 3599 3956; x_wconf 84' lang='grc' dir='ltr'>δεινοὺς</span> <span class='ocrx_word' id='word_1_677' title='bbox 3624 3895 3856 3966; x_wconf 74' lang='grc' dir='ltr'>εἴρηκας</span> 
     </span>
    </p>
   </div>
   <div class='ocr_carea' id='block_1_87' title="bbox 2274 3977 3855 4056">
    <p class='ocr_par' dir='ltr' id='par_1_87' title="bbox 2274 3977 3855 4056">
     <span class='ocr_line' id='line_1_87' title="bbox 2274 3977 3855 4056; baseline 0.006 -27"><span class='ocrx_word' id='word_1_678' title='bbox 2274 3977 2493 4049; x_wconf 83' lang='grc' dir='ltr'>ἄνδρας.</span> <span class='ocrx_word' id='word_1_679' title='bbox 2529 3979 2668 4051; x_wconf 88' lang='grc' dir='ltr'><strong>Ἤδη</strong></span> <span class='ocrx_word' id='word_1_680' title='bbox 2720 3980 2829 4053; x_wconf 84' lang='grc' dir='ltr'><strong>γὰρ</strong></span> <span class='ocrx_word' id='word_1_681' title='bbox 2863 3982 2957 4035; x_wconf 71' lang='grc' dir='ltr'>καὶ</span> <span class='ocrx_word' id='word_1_682' title='bbox 3000 3982 3109 4051; x_wconf 83' lang='grc' dir='ltr'>ἐγὼ</span> <span class='ocrx_word' id='word_1_683' title='bbox 3164 3984 3366 4038; x_wconf 88' lang='grc' dir='ltr'>τούτων</span> <span class='ocrx_word' id='word_1_684' title='bbox 3426 3985 3588 4038; x_wconf 85' lang='grc' dir='ltr'>πλέον</span> <span class='ocrx_word' id='word_1_685' title='bbox 3639 3990 3855 4056; x_wconf 80' lang='grc' dir='ltr'>συχνοῖς</span> 
     </span>
    </p>
   </div>
   <div class='ocr_carea' id='block_1_88' title="bbox 2275 4072 3856 4149">
    <p class='ocr_par' dir='ltr' id='par_1_88' title="bbox 2275 4072 3856 4149">
     <span class='ocr_line' id='line_1_88' title="bbox 2275 4072 3856 4149; baseline 0.006 -27"><span class='ocrx_word' id='word_1_686' title='bbox 2275 4072 2626 4142; x_wconf 88' lang='grc' dir='ltr'>προσέτυχον.</span> <span class='ocrx_word' id='word_1_687' title='bbox 2653 4102 2721 4114; x_wconf 90' lang='lat'><strong>—-</strong></span> <span class='ocrx_word' id='word_1_688' title='bbox 2751 4075 3051 4144; x_wconf 83' lang='grc' dir='ltr'>Τοιγαροῦν</span> <span class='ocrx_word' id='word_1_689' title='bbox 3077 4076 3129 4128; x_wconf 88' lang='grc' dir='ltr'>οἱ</span> <span class='ocrx_word' id='word_1_690' title='bbox 3160 4076 3297 4147; x_wconf 85' lang='grc' dir='ltr'>πρὸς</span> <span class='ocrx_word' id='word_1_691' title='bbox 3326 4077 3524 4141; x_wconf 82' lang='grc' dir='ltr'>αὐτοὺς</span> <span class='ocrx_word' id='word_1_692' title='bbox 3571 4078 3856 4149; x_wconf 82' lang='grc' dir='ltr'>ἀμφισϐη-</span> 
     </span>
    </p>
   </div>
   <div class='ocr_carea' id='block_1_89' title="bbox 2272 4161 3854 4240">
    <p class='ocr_par' dir='ltr' id='par_1_89' title="bbox 2272 4161 3854 4240">
     <span class='ocr_line' id='line_1_89' title="bbox 2272 4161 3854 4240; baseline 0.006 -27"><span class='ocrx_word' id='word_1_693' title='bbox 2272 4161 2491 4225; x_wconf 82' lang='grc' dir='ltr'>τοῦντες</span> <span class='ocrx_word' id='word_1_694' title='bbox 2545 4163 2689 4234; x_wconf 87' lang='grc' dir='ltr'>μάλα</span> <span class='ocrx_word' id='word_1_695' title='bbox 2752 4164 2997 4228; x_wconf 88' lang='grc' dir='ltr'>εὐλαϐῶς</span> <span class='ocrx_word' id='word_1_696' title='bbox 3046 4166 3251 4222; x_wconf 80' lang='grc' dir='ltr'>ἄνωθεν</span> <span class='ocrx_word' id='word_1_697' title='bbox 3296 4167 3357 4232; x_wconf 81' lang='grc' dir='ltr'>ἐξ</span> <span class='ocrx_word' id='word_1_698' title='bbox 3408 4169 3644 4240; x_wconf 84' lang='grc' dir='ltr'>ἀοράτου</span> <span class='ocrx_word' id='word_1_699' title='bbox 3689 4170 3854 4223; x_wconf 87' lang='grc' dir='ltr'>ποθὲν</span> 
     </span>
    </p>
   </div>
   <div class='ocr_carea' id='block_1_90' title="bbox 2274 4250 3856 4331">
    <p class='ocr_par' dir='ltr' id='par_1_90' title="bbox 2274 4250 3856 4331">
     <span class='ocr_line' id='line_1_90' title="bbox 2274 4250 3856 4331; baseline 0.008 -29"><span class='ocrx_word' id='word_1_700' title='bbox 2274 4250 2589 4321; x_wconf 86' lang='grc' dir='ltr'>ἀμύνονται,</span> <span class='ocrx_word' id='word_1_701' title='bbox 2613 4254 2779 4327; x_wconf 85' lang='grc' dir='ltr'>νοητὰ</span> <span class='ocrx_word' id='word_1_702' title='bbox 2806 4257 2940 4311; x_wconf 80' lang='grc' dir='ltr'>ἄττα</span> <span class='ocrx_word' id='word_1_703' title='bbox 2963 4258 3057 4312; x_wconf 79' lang='grc' dir='ltr'>καὶ</span> <span class='ocrx_word' id='word_1_704' title='bbox 3088 4257 3353 4328; x_wconf 84' lang='grc' dir='ltr'>ἀσώματα</span> <span class='ocrx_word' id='word_1_705' title='bbox 3384 4259 3498 4330; x_wconf 74' lang='grc' dir='ltr'>εἴδη</span> <span class='ocrx_word' id='word_1_706' title='bbox 3540 4259 3856 4331; x_wconf 80' lang='grc' dir='ltr'>βιαζόμενοι</span> 
     </span>
    </p>
   </div>
   <div class='ocr_carea' id='block_1_91' title="bbox 2275 4343 3851 4424">
    <p class='ocr_par' dir='ltr' id='par_1_91' title="bbox 2275 4343 3851 4424">
     <span class='ocr_line' id='line_1_91' title="bbox 2275 4343 3851 4424; baseline 0.008 -30"><span class='ocrx_word' id='word_1_707' title='bbox 2275 4343 2373 4412; x_wconf 83' lang='grc' dir='ltr'>τὴν</span> <span class='ocrx_word' id='word_1_708' title='bbox 2401 4344 2660 4419; x_wconf 80' lang='grc' dir='ltr'>ἀληθινὴν</span> <span class='ocrx_word' id='word_1_709' title='bbox 2706 4348 2894 4403; x_wconf 83' lang='grc' dir='ltr'>οὐσίαν</span> <span class='ocrx_word' id='word_1_710' title='bbox 2942 4345 3100 4405; x_wconf 75' lang='grc' dir='ltr'>εἶναι.</span> <span class='ocrx_word' id='word_1_711' title='bbox 3132 4350 3212 4404; x_wconf 85' lang='grc' dir='ltr'><strong>Τὰ</strong></span> <span class='ocrx_word' id='word_1_712' title='bbox 3240 4351 3296 4404; x_wconf 81' lang='grc' dir='ltr'>δὲ</span> <span class='ocrx_word' id='word_1_713' title='bbox 3324 4352 3548 4405; x_wconf 79' lang='grc' dir='ltr'>ἐκείνων</span> <span class='ocrx_word' id='word_1_714' title='bbox 3602 4352 3851 4424; x_wconf 84' lang='grc' dir='ltr'>σώματα,</span> 
     </span>
    </p>
   </div>
   <div class='ocr_carea' id='block_1_92' title="bbox 598 4433 2175 4516">
    <p class='ocr_par' dir='ltr' id='par_1_92' title="bbox 598 4441 2170 4510">
     <span class='ocr_line' id='line_1_92' title="bbox 598 4441 2170 4510; baseline 0.002 -18"><span class='ocrx_word' id='word_1_715' title='bbox 598 4448 712 4494; x_wconf 87' lang='lat' dir='ltr'><strong>tras</strong></span> <span class='ocrx_word' id='word_1_716' title='bbox 737 4447 791 4493; x_wconf 91' lang='lat' dir='ltr'><strong>et</strong></span> <span class='ocrx_word' id='word_1_717' title='bbox 818 4454 1053 4509; x_wconf 88' lang='lat' dir='ltr'><strong>quercus</strong></span> <span class='ocrx_word' id='word_1_718' title='bbox 1080 4441 1261 4509; x_wconf 85' lang='lat' dir='ltr'><strong>reipsa</strong></span> <span class='ocrx_word' id='word_1_719' title='bbox 1296 4441 1552 4495; x_wconf 87' lang='lat' dir='ltr'><strong>manibus</strong></span> <span class='ocrx_word' id='word_1_720' title='bbox 1584 4441 2017 4510; x_wconf 89' lang='lat' dir='ltr'><strong>apprehendunt,</strong></span> <span class='ocrx_word' id='word_1_721' title='bbox 2037 4458 2170 4497; x_wconf 91' lang='lat' dir='ltr'><strong>cun-</strong></span> 
     </span>
    </p>
   </div>
   <div class='ocr_carea' id='block_1_93' title="bbox 2274 4433 3853 4516">
    <p class='ocr_par' dir='ltr' id='par_1_93' title="bbox 2276 4433 3853 4516">
     <span class='ocr_line' id='line_1_93' title="bbox 2276 4433 3853 4516; baseline 0.007 -30"><span class='ocrx_word' id='word_1_722' title='bbox 2276 4433 2371 4487; x_wconf 77' lang='grc' dir='ltr'>καὶ</span> <span class='ocrx_word' id='word_1_723' title='bbox 2399 4436 2498 4506; x_wconf 83' lang='grc' dir='ltr'>τὴν</span> <span class='ocrx_word' id='word_1_724' title='bbox 2523 4437 2820 4510; x_wconf 85' lang='grc' dir='ltr'>λεγομένην</span> <span class='ocrx_word' id='word_1_725' title='bbox 2850 4440 2955 4493; x_wconf 85' lang='grc' dir='ltr'>ὐπὸ</span> <span class='ocrx_word' id='word_1_726' title='bbox 2981 4440 3184 4495; x_wconf 86' lang='grc' dir='ltr'>τούτων</span> <span class='ocrx_word' id='word_1_727' title='bbox 3214 4441 3470 4511; x_wconf 84' lang='grc' dir='ltr'>ἀλήθειαν</span> <span class='ocrx_word' id='word_1_728' title='bbox 3489 4483 3504 4508; x_wconf 92' lang='grc'><strong>,</strong></span> <span class='ocrx_word' id='word_1_729' title='bbox 3539 4434 3708 4497; x_wconf 76' lang='grc' dir='ltr'>κατά’</span> <span class='ocrx_word' id='word_1_730' title='bbox 3727 4462 3853 4516; x_wconf 85' lang='grc' dir='ltr'>σμι-</span> 
     </span>
    </p>
   </div>
   <div class='ocr_carea' id='block_1_94' title="bbox 598 4530 2169 4605">
    <p class='ocr_par' dir='ltr' id='par_1_94' title="bbox 598 4530 2169 4605">
     <span class='ocr_line' id='line_1_94' title="bbox 598 4530 2169 4605; baseline 0.004 -21"><span class='ocrx_word' id='word_1_731' title='bbox 598 4538 685 4584; x_wconf 89' lang='lat' dir='ltr'><strong>cta</strong></span> <span class='ocrx_word' id='word_1_732' title='bbox 726 4545 757 4583; x_wconf 88' lang='lat' dir='ltr'><strong>c</strong></span> <span class='ocrx_word' id='word_1_733' title='bbox 791 4530 930 4585; x_wconf 70' lang='lat' dir='ltr'><strong>cmlo</strong></span> <span class='ocrx_word' id='word_1_734' title='bbox 977 4540 1142 4600; x_wconf 89' lang='lat' dir='ltr'><strong>atque</strong></span> <span class='ocrx_word' id='word_1_735' title='bbox 1186 4547 1251 4585; x_wconf 82' lang='lat' dir='ltr'><strong>ex</strong></span> <span class='ocrx_word' id='word_1_736' title='bbox 1286 4547 1352 4587; x_wconf 93' lang='lat' dir='ltr'><strong>eo</strong></span> <span class='ocrx_word' id='word_1_737' title='bbox 1406 4534 1550 4602; x_wconf 88' lang='lat' dir='ltr'><strong>quod</strong></span> <span class='ocrx_word' id='word_1_738' title='bbox 1594 4534 1765 4589; x_wconf 90' lang='lat' dir='ltr'><strong>videri</strong></span> <span class='ocrx_word' id='word_1_739' title='bbox 1809 4552 1917 4589; x_wconf 87' lang='lat' dir='ltr'><strong>non</strong></span> <span class='ocrx_word' id='word_1_740' title='bbox 1957 4544 2169 4605; x_wconf 83' lang='lat' dir='ltr'><strong>potest,</strong></span> 
     </span>
    </p>
   </div>
   <div class='ocr_carea' id='block_1_95' title="bbox 599 4619 2174 4683">
    <p class='ocr_par' dir='ltr' id='par_1_95' title="bbox 599 4619 2174 4683">
     <span class='ocr_line' id='line_1_95' title="bbox 599 4619 2174 4683; baseline 0.004 -9"><span class='ocrx_word' id='word_1_741' title='bbox 599 4619 894 4676; x_wconf 88' lang='lat' dir='ltr'><strong>detrahunt</strong></span> <span class='ocrx_word' id='word_1_742' title='bbox 937 4621 990 4675; x_wconf 91' lang='lat' dir='ltr'><strong>in</strong></span> <span class='ocrx_word' id='word_1_743' title='bbox 1057 4633 1249 4678; x_wconf 88' lang='lat' dir='ltr'><strong>terras.</strong></span> <span class='ocrx_word' id='word_1_744' title='bbox 1300 4622 1426 4678; x_wconf 85' lang='lat' dir='ltr'><strong>Haec</strong></span> <span class='ocrx_word' id='word_1_745' title='bbox 1460 4626 1607 4679; x_wconf 92' lang='lat' dir='ltr'><strong>enim</strong></span> <span class='ocrx_word' id='word_1_746' title='bbox 1654 4628 1837 4682; x_wconf 88' lang='lat' dir='ltr'><strong>omnia</strong></span> <span class='ocrx_word' id='word_1_747' title='bbox 1871 4628 2001 4681; x_wconf 89' lang='lat' dir='ltr'><strong>dum</strong></span> <span class='ocrx_word' id='word_1_748' title='bbox 2041 4643 2174 4683; x_wconf 92' lang='lat' dir='ltr'><strong>con-</strong></span> 
     </span>
    </p>
   </div>
   <div class='ocr_carea' id='block_1_96' title="bbox 601 4712 2167 4788">
    <p class='ocr_par' dir='ltr' id='par_1_96' title="bbox 601 4712 2167 4788">
     <span class='ocr_line' id='line_1_96' title="bbox 601 4712 2167 4788; baseline 0.005 -23"><span class='ocrx_word' id='word_1_749' title='bbox 601 4713 837 4783; x_wconf 87' lang='lat' dir='ltr'><strong>tingunt,</strong></span> <span class='ocrx_word' id='word_1_750' title='bbox 877 4712 931 4767; x_wconf 92' lang='lat' dir='ltr'><strong>id</strong></span> <span class='ocrx_word' id='word_1_751' title='bbox 956 4729 1125 4768; x_wconf 90' lang='lat' dir='ltr'><strong>unum</strong></span> <span class='ocrx_word' id='word_1_752' title='bbox 1164 4730 1286 4770; x_wconf 90' lang='lat' dir='ltr'><strong>esse</strong></span> <span class='ocrx_word' id='word_1_753' title='bbox 1317 4716 1663 4782; x_wconf 84' lang='lat' dir='ltr'><strong>conﬁrmant,</strong></span> <span class='ocrx_word' id='word_1_754' title='bbox 1704 4719 1849 4788; x_wconf 89' lang='lat' dir='ltr'><strong>quod</strong></span> <span class='ocrx_word' id='word_1_755' title='bbox 1876 4719 2167 4788; x_wconf 86' lang='lat' dir='ltr'><strong>appulsum</strong></span> 
     </span>
    </p>
   </div>
   <div class='ocr_carea' id='block_1_97' title="bbox 599 4808 2174 4881">
    <p class='ocr_par' dir='ltr' id='par_1_97' title="bbox 599 4808 2174 4881">
     <span class='ocr_line' id='line_1_97' title="bbox 599 4808 2174 4881; baseline 0.003 -19"><span class='ocrx_word' id='word_1_756' title='bbox 599 4816 912 4877; x_wconf 90' lang='lat' dir='ltr'><strong>tactumque</strong></span> <span class='ocrx_word' id='word_1_757' title='bbox 941 4808 1161 4877; x_wconf 71' lang='lat' dir='ltr'><strong>praebet,</strong></span> <span class='ocrx_word' id='word_1_758' title='bbox 1196 4816 1375 4878; x_wconf 90' lang='lat' dir='ltr'><strong>atque&#39;</strong></span> <span class='ocrx_word' id='word_1_759' title='bbox 1394 4810 1445 4863; x_wconf 93' lang='lat' dir='ltr'><strong>id</strong></span> <span class='ocrx_word' id='word_1_760' title='bbox 1474 4810 1652 4879; x_wconf 90' lang='lat' dir='ltr'><strong>ipsum</strong></span> <span class='ocrx_word' id='word_1_761' title='bbox 1681 4819 1735 4865; x_wconf 87' lang='lat' dir='ltr'><strong>et</strong></span> <span class='ocrx_word' id='word_1_762' title='bbox 1766 4825 1966 4881; x_wconf 90' lang='lat' dir='ltr'><strong>corpus</strong></span> <span class='ocrx_word' id='word_1_763' title='bbox 1997 4821 2050 4866; x_wconf 82' lang='lat' dir='ltr'><strong>et</strong></span> <span class='ocrx_word' id='word_1_764' title='bbox 2086 4827 2174 4865; x_wconf 82' lang='lat' dir='ltr'><strong>es-</strong></span> 
     </span>
    </p>
   </div>
   <div class='ocr_carea' id='block_1_98' title="bbox 598 4892 2177 4972">
    <p class='ocr_par' dir='ltr' id='par_1_98' title="bbox 598 4892 2177 4972">
     <span class='ocr_line' id='line_1_98' title="bbox 598 4892 2177 4972; baseline 0.002 -17"><span class='ocrx_word' id='word_1_765' title='bbox 598 4899 830 4955; x_wconf 86' lang='lat' dir='ltr'><strong>sentiam</strong></span> <span class='ocrx_word' id='word_1_766' title='bbox 859 4914 981 4954; x_wconf 89' lang='lat' dir='ltr'><strong>esse</strong></span> <span class='ocrx_word' id='word_1_767' title='bbox 1009 4900 1293 4955; x_wconf 89' lang='lat' dir='ltr'><strong>deliniunt.</strong></span> <span class='ocrx_word' id='word_1_768' title='bbox 1336 4902 1414 4956; x_wconf 83' lang='lat' dir='ltr'><strong>Ac</strong></span> <span class='ocrx_word' id='word_1_769' title='bbox 1455 4901 1501 4955; x_wconf 91' lang='lat' dir='ltr'><strong>si</strong></span> <span class='ocrx_word' id='word_1_770' title='bbox 1540 4901 1665 4971; x_wconf 85' lang='lat' dir='ltr'><strong>quis</strong></span> <span class='ocrx_word' id='word_1_771' title='bbox 1713 4901 1859 4955; x_wconf 85' lang='lat' dir='ltr'><strong>aliud</strong></span> <span class='ocrx_word' id='word_1_772' title='bbox 1910 4892 2177 4972; x_wconf 85' lang='lat' dir='ltr'><strong>quidlibet</strong></span> 
     </span>
    </p>
   </div>
   <div class='ocr_carea' id='block_1_99' title="bbox 597 4992 2174 5062">
    <p class='ocr_par' dir='ltr' id='par_1_99' title="bbox 597 4992 2174 5062">
     <span class='ocr_line' id='line_1_99' title="bbox 597 4992 2174 5062; baseline 0.004 -17"><span class='ocrx_word' id='word_1_773' title='bbox 597 5006 824 5062; x_wconf 86' lang='lat' dir='ltr'><strong>corpore</strong></span> <span class='ocrx_word' id='word_1_774' title='bbox 848 4992 1191 5058; x_wconf 85' lang='lat' dir='ltr'><strong>destitutum,</strong></span> <span class='ocrx_word' id='word_1_775' title='bbox 1225 5008 1348 5048; x_wconf 86' lang='lat' dir='ltr'><strong>esse</strong></span> <span class='ocrx_word' id='word_1_776' title='bbox 1382 5002 1561 5047; x_wconf 91' lang='lat' dir='ltr'><strong>tamen</strong></span> <span class='ocrx_word' id='word_1_777' title='bbox 1592 4993 1809 5059; x_wconf 79' lang='lat' dir='ltr'><strong>dixerit,</strong></span> <span class='ocrx_word' id='word_1_778' title='bbox 1845 4994 1898 5048; x_wconf 91' lang='lat' dir='ltr'><strong>id</strong></span> <span class='ocrx_word' id='word_1_779' title='bbox 1930 5010 2058 5049; x_wconf 83' lang='lat' dir='ltr'><strong>vero</strong></span> <span class='ocrx_word' id='word_1_780' title='bbox 2092 4995 2174 5051; x_wconf 80' lang='lat' dir='ltr'><strong>sic</strong></span> 
     </span>
    </p>
   </div>
   <div class='ocr_carea' id='block_1_100' title="bbox 597 5070 2171 5158">
    <p class='ocr_par' dir='ltr' id='par_1_100' title="bbox 597 5070 2171 5158">
     <span class='ocr_line' id='line_1_100' title="bbox 597 5070 2171 5158; baseline 0.003 -19"><span class='ocrx_word' id='word_1_781' title='bbox 597 5070 959 5154; x_wconf 71' lang='lat' dir='ltr'><strong>aspernantur</strong></span> <span class='ocrx_word' id='word_1_782' title='bbox 986 5094 1152 5156; x_wconf 89' lang='lat' dir='ltr'><strong>atque</strong></span> <span class='ocrx_word' id='word_1_783' title='bbox 1186 5086 1493 5155; x_wconf 86' lang='lat' dir='ltr'><strong>repudiant,</strong></span> <span class='ocrx_word' id='word_1_784' title='bbox 1531 5096 1592 5139; x_wconf 89' lang='lat' dir='ltr'><strong>ut</strong></span> <span class='ocrx_word' id='word_1_785' title='bbox 1630 5102 1694 5141; x_wconf 91' lang='lat' dir='ltr'><strong>ne</strong></span> <span class='ocrx_word' id='word_1_786' title='bbox 1724 5087 1915 5141; x_wconf 90' lang='lat' dir='ltr'><strong>audire</strong></span> <span class='ocrx_word' id='word_1_787' title='bbox 1952 5088 2171 5158; x_wconf 84' lang='lat' dir='ltr'><strong>quidem</strong></span> 
     </span>
    </p>
   </div>
   <div class='ocr_carea' id='block_1_101' title="bbox 598 5173 2173 5246">
    <p class='ocr_par' dir='ltr' id='par_1_101' title="bbox 598 5173 2173 5246">
     <span class='ocr_line' id='line_1_101' title="bbox 598 5173 2173 5246; baseline 0.002 -19"><span class='ocrx_word' id='word_1_788' title='bbox 598 5173 786 5228; x_wconf 91' lang='lat' dir='ltr'><strong>velint.</strong></span> <span class='ocrx_word' id='word_1_789' title='bbox 820 5204 891 5216; x_wconf 89' lang='lat'><strong>—-</strong></span> <span class='ocrx_word' id='word_1_790' title='bbox 922 5176 1059 5229; x_wconf 84' lang='lat' dir='ltr'><strong>Acre</strong></span> <span class='ocrx_word' id='word_1_791' title='bbox 1090 5175 1315 5230; x_wconf 89' lang='lat' dir='ltr'><strong>omnino</strong></span> <span class='ocrx_word' id='word_1_792' title='bbox 1337 5189 1401 5229; x_wconf 87' lang='lat' dir='ltr'><strong>ac</strong></span> <span class='ocrx_word' id='word_1_793' title='bbox 1432 5175 1725 5230; x_wconf 87' lang='lat' dir='ltr'><strong>vehemens</strong></span> <span class='ocrx_word' id='word_1_794' title='bbox 1755 5176 2037 5230; x_wconf 91' lang='lat' dir='ltr'><strong>hominum</strong></span> <span class='ocrx_word' id='word_1_795' title='bbox 2080 5191 2173 5246; x_wconf 89' lang='lat' dir='ltr'><strong>ge-</strong></span> 
     </span>
    </p>
   </div>
   <div class='ocr_carea' id='block_1_102' title="bbox 598 5265 2174 5337">
    <p class='ocr_par' dir='ltr' id='par_1_102' title="bbox 598 5265 2174 5337">
     <span class='ocr_line' id='line_1_102' title="bbox 598 5265 2174 5337; baseline 0.002 -19"><span class='ocrx_word' id='word_1_796' title='bbox 598 5279 704 5319; x_wconf 91' lang='lat' dir='ltr'><strong>nus</strong></span> <span class='ocrx_word' id='word_1_797' title='bbox 733 5265 1019 5336; x_wconf 85' lang='lat' dir='ltr'><strong>designas:</strong></span> <span class='ocrx_word' id='word_1_798' title='bbox 1052 5281 1179 5320; x_wconf 88' lang='lat' dir='ltr'><strong>nam</strong></span> <span class='ocrx_word' id='word_1_799' title='bbox 1222 5265 1278 5320; x_wconf 91' lang='lat' dir='ltr'><strong>in</strong></span> <span class='ocrx_word' id='word_1_800' title='bbox 1310 5281 1497 5321; x_wconf 87' lang='lat' dir='ltr'><strong>eorum</strong></span> <span class='ocrx_word' id='word_1_801' title='bbox 1537 5267 1847 5337; x_wconf 86' lang='lat' dir='ltr'><strong>complures</strong></span> <span class='ocrx_word' id='word_1_802' title='bbox 1885 5281 1985 5337; x_wconf 83' lang='lat' dir='ltr'><strong>ego</strong></span> <span class='ocrx_word' id='word_1_803' title='bbox 2033 5282 2174 5337; x_wconf 89' lang='lat' dir='ltr'><strong>quo-</strong></span> 
     </span>
    </p>
   </div>
   <div class='ocr_carea' id='block_1_103' title="bbox 657 5442 2168 5519">
    <p class='ocr_par' dir='ltr' id='par_1_103' title="bbox 657 5442 2168 5519">
     <span class='ocr_line' id='line_1_103' title="bbox 657 5442 2168 5519; baseline 0.004 -22"><span class='ocrx_word' id='word_1_804' title='bbox 657 5442 973 5519; x_wconf 71' lang='lat' dir='ltr'><strong>(6)__22_&#39;uze.u_</strong></span> <span class='ocrx_word' id='word_1_805' title='bbox 1012 5446 1290 5514; x_wconf 79' lang='grc' dir='ltr'>καίτινες.</span> <span class='ocrx_word' id='word_1_806' title='bbox 1335 5445 1713 5519; x_wconf 87' lang='lat' dir='ltr'><strong>Empedoclem</strong></span> <span class='ocrx_word' id='word_1_807' title='bbox 1758 5446 2168 5519; x_wconf 82' lang='lat' dir='ltr'><strong>Agrigentinum</strong></span> 
     </span>
    </p>
   </div>
   <div class='ocr_carea' id='block_1_104' title="bbox 598 5513 2171 5589">
    <p class='ocr_par' dir='ltr' id='par_1_104' title="bbox 598 5513 2171 5589">
     <span class='ocr_line' id='line_1_104' title="bbox 598 5513 2171 5589; baseline 0.005 -23"><span class='ocrx_word' id='word_1_808' title='bbox 598 5513 844 5589; x_wconf 76' lang='lat' dir='ltr'><strong>intelligit</strong></span> <span class='ocrx_word' id='word_1_809' title='bbox 868 5555 903 5589; x_wconf 88' lang='lat'><strong>,_</strong></span> <span class='ocrx_word' id='word_1_810' title='bbox 930 5516 1020 5589; x_wconf 78' lang='grc' dir='ltr'>τὸν</span> <span class='ocrx_word' id='word_1_811' title='bbox 1051 5513 1587 5589; x_wconf 65' lang='grc' dir='ltr'>ποιητικοιριλόᾶοφον</span> <span class='ocrx_word' id='word_1_812' title='bbox 1607 5560 1622 5584; x_wconf 90' lang='grc'><strong>,</strong></span> <span class='ocrx_word' id='word_1_813' title='bbox 1657 5519 1750 5589; x_wconf 89' lang='lat' dir='ltr'><strong>qui</strong></span> <span class='ocrx_word' id='word_1_814' title='bbox 1780 5513 2016 5589; x_wconf 56' lang='lat' dir='ltr'><strong>quatuor</strong></span> <span class='ocrx_word' id='word_1_815' title='bbox 2060 5521 2171 5574; x_wconf 89' lang='lat' dir='ltr'><strong>ele-</strong></span> 
     </span>
    </p>
   </div>
   <div class='ocr_carea' id='block_1_105' title="bbox 600 5582 2169 5662">
    <p class='ocr_par' dir='ltr' id='par_1_105' title="bbox 600 5582 2169 5662">
     <span class='ocr_line' id='line_1_105' title="bbox 600 5582 2169 5662; baseline 0.004 -26"><span class='ocrx_word' id='word_1_816' title='bbox 600 5585 1009 5662; x_wconf 66' lang='lat' dir='ltr'><strong>mentis_cpt)._£a.v</strong></span> <span class='ocrx_word' id='word_1_817' title='bbox 1039 5604 1119 5662; x_wconf 65' lang='grc' dir='ltr'><strong>τε,</strong></span> <span class='ocrx_word' id='word_1_818' title='bbox 1150 5582 1213 5662; x_wconf 64' lang='lat' dir='ltr'><strong>ut</strong></span> <span class='ocrx_word' id='word_1_819' title='bbox 1246 5582 1511 5662; x_wconf 71' lang='lat' dir='ltr'><strong>Diogenes</strong></span> <span class='ocrx_word' id='word_1_820' title='bbox 1536 5582 1849 5662; x_wconf 59' lang='grc' dir='ltr'>Ιοιῂιιίἰυνξῇ</span> <span class='ocrx_word' id='word_1_821' title='bbox 1884 5591 2169 5660; x_wconf 82' lang='grc' dir='ltr'>συγκρίνε-</span> 
     </span>
    </p>
   </div>
   <div class='ocr_carea' id='block_1_106' title="bbox 597 5651 1883 5729">
    <p class='ocr_par' dir='ltr' id='par_1_106' title="bbox 597 5651 1883 5729">
     <span class='ocr_line' id='line_1_106' title="bbox 597 5651 1883 5729; baseline -0.009 -6"><span class='ocrx_word' id='word_1_822' title='bbox 597 5651 1125 5729; x_wconf 47' lang='grc' dir='ltr'><strong>ταέικαξξνεῖᾉοςκῷ</strong></span> <span class='ocrx_word' id='word_1_823' title='bbox 1145 5651 1476 5729; x_wconf 48' lang='grc' dir='ltr'>δῃκρίνὲται</span> <span class='ocrx_word' id='word_1_824' title='bbox 1496 5697 1511 5721; x_wconf 88' lang='grc'><strong>,</strong></span> <span class='ocrx_word' id='word_1_825' title='bbox 1537 5651 1883 5729; x_wconf 65' lang='lat' dir='ltr'><strong>adiungebat.</strong></span> 
     </span>
    </p>
   </div>
   <div class='ocr_carea' id='block_1_107' title="bbox 670 5721 2167 5798">
    <p class='ocr_par' dir='ltr' id='par_1_107' title="bbox 670 5721 2167 5798">
     <span class='ocr_line' id='line_1_107' title="bbox 670 5721 2167 5798; baseline 0.005 -21"><span class='ocrx_word' id='word_1_826' title='bbox 670 5721 747 5780; x_wconf 75' lang='lat'><strong>(7)</strong></span> <span class='ocrx_word' id='word_1_827' title='bbox 791 5723 863 5775; x_wconf 82' lang='grc' dir='ltr'>Τὸ</span> <span class='ocrx_word' id='word_1_828' title='bbox 892 5724 1003 5785; x_wconf 76' lang='grc' dir='ltr'>μὲν</span> <span class='ocrx_word' id='word_1_829' title='bbox 1033 5726 1145 5781; x_wconf 79' lang='grc' dir='ltr'>ἀεί.</span> <span class='ocrx_word' id='word_1_830' title='bbox 1181 5721 1434 5793; x_wconf 79' lang='lat' dir='ltr'><strong>Ficinus,</strong></span> <span class='ocrx_word' id='word_1_831' title='bbox 1470 5721 1670 5798; x_wconf 50' lang='lat' dir='ltr'><strong>semper</strong></span> <span class='ocrx_word' id='word_1_832' title='bbox 1694 5721 1803 5784; x_wconf 74' lang='grc' dir='ltr'><strong>Ιῖαέ</strong></span> <span class='ocrx_word' id='word_1_833' title='bbox 1842 5732 1916 5784; x_wconf 80' lang='lat' dir='ltr'><strong>ita</strong></span> <span class='ocrx_word' id='word_1_834' title='bbox 1959 5728 2167 5785; x_wconf 72' lang='lat' dir='ltr'><strong>solvunt</strong></span> 
     </span>
    </p>
   </div>
   <div class='ocr_carea' id='block_1_108' title="bbox 2276 4524 3853 4600">
    <p class='ocr_par' dir='ltr' id='par_1_108' title="bbox 2276 4524 3853 4600">
     <span class='ocr_line' id='line_1_108' title="bbox 2276 4524 3853 4600; baseline 0.007 -24"><span class='ocrx_word' id='word_1_835' title='bbox 2276 4524 2383 4593; x_wconf 88' lang='grc' dir='ltr'><strong>κρά</strong></span> <span class='ocrx_word' id='word_1_836' title='bbox 2411 4525 2793 4599; x_wconf 87' lang='grc' dir='ltr'>διαθραύοντες</span> <span class='ocrx_word' id='word_1_837' title='bbox 2819 4532 2876 4583; x_wconf 83' lang='grc' dir='ltr'><strong>ἐν</strong></span> <span class='ocrx_word' id='word_1_838' title='bbox 2897 4532 3009 4590; x_wconf 84' lang='grc' dir='ltr'>τοῖς</span> <span class='ocrx_word' id='word_1_839' title='bbox 3034 4531 3232 4600; x_wconf 85' lang='grc' dir='ltr'>λόγοις,</span> <span class='ocrx_word' id='word_1_840' title='bbox 3256 4532 3468 4600; x_wconf 87' lang='grc' dir='ltr'>γένεσιν</span> <span class='ocrx_word' id='word_1_841' title='bbox 3501 4534 3623 4587; x_wconf 79' lang='grc' dir='ltr'>ἀντὶ</span> <span class='ocrx_word' id='word_1_842' title='bbox 3662 4535 3853 4599; x_wconf 84' lang='grc' dir='ltr'>οὐσίας</span> 
     </span>
    </p>
   </div>
   <div class='ocr_carea' id='block_1_109' title="bbox 2276 4617 3853 4699">
    <p class='ocr_par' dir='ltr' id='par_1_109' title="bbox 2276 4617 3853 4699">
     <span class='ocr_line' id='line_1_109' title="bbox 2276 4617 3853 4699; baseline 0.008 -32"><span class='ocrx_word' id='word_1_843' title='bbox 2276 4617 2580 4690; x_wconf 80' lang='grc' dir='ltr'>φερομένην</span> <span class='ocrx_word' id='word_1_844' title='bbox 2604 4619 2724 4674; x_wconf 85' lang='grc' dir='ltr'>τινὰ</span> <span class='ocrx_word' id='word_1_845' title='bbox 2756 4623 3266 4693; x_wconf 86' lang='grc' dir='ltr'>προσαγορεύουσιν.</span> <span class='ocrx_word' id='word_1_846' title='bbox 3313 4625 3401 4678; x_wconf 88' lang='grc' dir='ltr'>Ἐν</span> <span class='ocrx_word' id='word_1_847' title='bbox 3437 4626 3586 4695; x_wconf 82' lang='grc' dir='ltr'>μέσῳ</span> <span class='ocrx_word' id='word_1_848' title='bbox 3613 4627 3671 4679; x_wconf 82' lang='grc' dir='ltr'>δὲ</span> <span class='ocrx_word' id='word_1_849' title='bbox 3723 4628 3853 4699; x_wconf 75' lang='grc' dir='ltr'>περὶ</span> 
     </span>
    </p>
   </div>
   <div class='ocr_carea' id='block_1_110' title="bbox 2274 4707 3850 4788">
    <p class='ocr_par' dir='ltr' id='par_1_110' title="bbox 2274 4707 3850 4788">
     <span class='ocr_line' id='line_1_110' title="bbox 2274 4707 3850 4788; baseline 0.008 -29"><span class='ocrx_word' id='word_1_850' title='bbox 2274 4707 2447 4761; x_wconf 88' lang='grc' dir='ltr'>ταῦτα</span> <span class='ocrx_word' id='word_1_851' title='bbox 2488 4709 2727 4782; x_wconf 85' lang='grc' dir='ltr'>ἄπλητος</span> <span class='ocrx_word' id='word_1_852' title='bbox 2774 4711 3099 4785; x_wconf 69' lang='grc' dir='ltr'>ἀμφοτέρων</span> <span class='ocrx_word' id='word_1_853' title='bbox 3135 4715 3281 4786; x_wconf 86' lang='grc' dir='ltr'>μάχη</span> <span class='ocrx_word' id='word_1_854' title='bbox 3312 4732 3427 4778; x_wconf 84' lang='grc' dir='ltr'>τις,</span> <span class='ocrx_word' id='word_1_855' title='bbox 3470 4711 3517 4769; x_wconf 82' lang='grc' dir='ltr'>ὧ</span> <span class='ocrx_word' id='word_1_856' title='bbox 3541 4715 3809 4788; x_wconf 76' lang='grc' dir='ltr'>θεαίτητε</span> <span class='ocrx_word' id='word_1_857' title='bbox 3832 4758 3850 4783; x_wconf 89' lang='grc'><strong>,</strong></span> 
     </span>
    </p>
   </div>
   <div class='ocr_carea' id='block_1_111' title="bbox 2273 4798 3854 4879">
    <p class='ocr_par' dir='ltr' id='par_1_111' title="bbox 2273 4798 3854 4879">
     <span class='ocr_line' id='line_1_111' title="bbox 2273 4798 3854 4879; baseline 0.007 -29"><span class='ocrx_word' id='word_1_858' title='bbox 2273 4798 2361 4851; x_wconf 77' lang='grc' dir='ltr'>ἀεὶ</span> <span class='ocrx_word' id='word_1_859' title='bbox 2393 4799 2735 4872; x_wconf 82' lang='grc' dir='ltr'>ξυνέστηκεν.</span> <span class='ocrx_word' id='word_1_860' title='bbox 2767 4835 2835 4843; x_wconf 92' lang='grc'><strong>-</strong></span> <span class='ocrx_word' id='word_1_861' title='bbox 2864 4803 3081 4875; x_wconf 84' lang='grc' dir='ltr'>Ἀληθῆ.</span> <span class='ocrx_word' id='word_1_862' title='bbox 3128 4825 3146 4856; x_wconf 72' lang='grc' dir='ltr'><strong>ι</strong></span> <span class='ocrx_word' id='word_1_863' title='bbox 3181 4806 3279 4859; x_wconf 85' lang='grc' dir='ltr'>Διά</span> <span class='ocrx_word' id='word_1_864' title='bbox 3317 4807 3381 4879; x_wconf 84' lang='grc' dir='ltr'>δὴ</span> <span class='ocrx_word' id='word_1_865' title='bbox 3412 4808 3683 4862; x_wconf 87' lang='grc' dir='ltr'>τοσούτων</span> <span class='ocrx_word' id='word_1_866' title='bbox 3725 4812 3854 4872; x_wconf 72' lang='grc' dir='ltr'>τοὺς</span> 
     </span>
    </p>
   </div>
   <div class='ocr_carea' id='block_1_112' title="bbox 2273 4891 3855 4969">
    <p class='ocr_par' dir='ltr' id='par_1_112' title="bbox 2273 4891 3855 4969">
     <span class='ocr_line' id='line_1_112' title="bbox 2273 4891 3855 4969; baseline 0.007 -26"><span class='ocrx_word' id='word_1_867' title='bbox 2273 4891 2381 4963; x_wconf 84' lang='grc' dir='ltr'>πρὸ</span> <span class='ocrx_word' id='word_1_868' title='bbox 2411 4893 2576 4946; x_wconf 89' lang='grc' dir='ltr'>αὐτοῦ</span> <span class='ocrx_word' id='word_1_869' title='bbox 2610 4897 2872 4964; x_wconf 81' lang='grc' dir='ltr'>φυσικοὺς</span> <span class='ocrx_word' id='word_1_870' title='bbox 2900 4896 3220 4967; x_wconf 84' lang='grc' dir='ltr'>φιλοσόφους</span> <span class='ocrx_word' id='word_1_871' title='bbox 3243 4898 3601 4969; x_wconf 86' lang='grc' dir='ltr'>διαϐέϐληκεν</span> <span class='ocrx_word' id='word_1_872' title='bbox 3633 4902 3663 4954; x_wconf 84' lang='grc' dir='ltr'>ὁ</span> <span class='ocrx_word' id='word_1_873' title='bbox 3709 4901 3855 4954; x_wconf 82' lang='grc' dir='ltr'>Πλά-</span> 
     </span>
    </p>
   </div>
   <div class='ocr_carea' id='block_1_113' title="bbox 2272 4983 3857 5062">
    <p class='ocr_par' dir='ltr' id='par_1_113' title="bbox 2272 4983 3857 5062">
     <span class='ocr_line' id='line_1_113' title="bbox 2272 4983 3857 5062; baseline 0.006 -27"><span class='ocrx_word' id='word_1_874' title='bbox 2272 4998 2401 5037; x_wconf 89' lang='grc' dir='ltr'>των.</span> <span class='ocrx_word' id='word_1_875' title='bbox 2435 4983 2654 5038; x_wconf 80' lang='grc' dir='ltr'>Ὀποίαν</span> <span class='ocrx_word' id='word_1_876' title='bbox 2682 4985 2740 5039; x_wconf 85' lang='grc' dir='ltr'>δὲ</span> <span class='ocrx_word' id='word_1_877' title='bbox 2763 4987 2924 5051; x_wconf 83' lang='grc' dir='ltr'>αὐτὸς</span> <span class='ocrx_word' id='word_1_878' title='bbox 2944 4989 3072 5059; x_wconf 79' lang='grc' dir='ltr'>περὶ</span> <span class='ocrx_word' id='word_1_879' title='bbox 3100 4988 3206 5041; x_wconf 85' lang='grc' dir='ltr'><strong>τῶν</strong></span> <span class='ocrx_word' id='word_1_880' title='bbox 3234 4990 3396 5062; x_wconf 82' lang='grc' dir='ltr'>ἐζητη</span> <span class='ocrx_word' id='word_1_881' title='bbox 3406 4991 3585 5061; x_wconf 86' lang='grc' dir='ltr'>μένων</span> <span class='ocrx_word' id='word_1_882' title='bbox 3616 4993 3857 5061; x_wconf 79' lang='grc' dir='ltr'>ἐπήγετο</span> 
     </span>
    </p>
   </div>
   <div class='ocr_carea' id='block_1_114' title="bbox 2272 5073 3852 5153">
    <p class='ocr_par' dir='ltr' id='par_1_114' title="bbox 2272 5073 3852 5153">
     <span class='ocr_line' id='line_1_114' title="bbox 2272 5073 3852 5153; baseline 0.006 -28"><span class='ocrx_word' id='word_1_883' title='bbox 2272 5073 2448 5138; x_wconf 80' lang='grc' dir='ltr'>δόξαν,</span> <span class='ocrx_word' id='word_1_884' title='bbox 2472 5077 2528 5128; x_wconf 84' lang='grc' dir='ltr'><strong>ἐν</strong></span> <span class='ocrx_word' id='word_1_885' title='bbox 2558 5079 2670 5141; x_wconf 84' lang='grc' dir='ltr'>τοῖς</span> <span class='ocrx_word' id='word_1_886' title='bbox 2705 5078 2810 5149; x_wconf 76' lang='grc' dir='ltr'>πρὸ</span> <span class='ocrx_word' id='word_1_887' title='bbox 2841 5081 3028 5133; x_wconf 86' lang='grc' dir='ltr'>τούτου</span> <span class='ocrx_word' id='word_1_888' title='bbox 3062 5081 3447 5153; x_wconf 82' lang='grc' dir='ltr'>διειλήφαμεν,</span> <span class='ocrx_word' id='word_1_889' title='bbox 3484 5082 3575 5135; x_wconf 82' lang='grc' dir='ltr'><strong>ὅτε</strong></span> <span class='ocrx_word' id='word_1_890' title='bbox 3620 5099 3852 5152; x_wconf 82' lang='grc' dir='ltr'>συμφω-</span> 
     </span>
    </p>
   </div>
   <div class='ocr_carea' id='block_1_115' title="bbox 2271 5166 3854 5244">
    <p class='ocr_par' dir='ltr' id='par_1_115' title="bbox 2271 5166 3854 5244">
     <span class='ocr_line' id='line_1_115' title="bbox 2271 5166 3854 5244; baseline 0.006 -26"><span class='ocrx_word' id='word_1_891' title='bbox 2271 5167 2382 5218; x_wconf 84' lang='grc' dir='ltr'>νεῖν</span> <span class='ocrx_word' id='word_1_892' title='bbox 2406 5166 2568 5220; x_wconf 80' lang='grc' dir='ltr'>αὐτὸν</span> <span class='ocrx_word' id='word_1_893' title='bbox 2598 5171 2708 5232; x_wconf 88' lang='grc' dir='ltr'>τοῖς</span> <span class='ocrx_word' id='word_1_894' title='bbox 2756 5170 3021 5242; x_wconf 86' lang='grc' dir='ltr'>Ἐϐραίων</span> <span class='ocrx_word' id='word_1_895' title='bbox 3054 5172 3323 5242; x_wconf 85' lang='grc' dir='ltr'>δόγμασι,</span> <span class='ocrx_word' id='word_1_896' title='bbox 3355 5173 3451 5225; x_wconf 78' lang='grc' dir='ltr'>καὶ</span> <span class='ocrx_word' id='word_1_897' title='bbox 3488 5176 3553 5244; x_wconf 81' lang='grc' dir='ltr'><strong>τῇ</strong></span> <span class='ocrx_word' id='word_1_898' title='bbox 3605 5174 3854 5238; x_wconf 86' lang='grc' dir='ltr'>Μωσέως</span> 
     </span>
    </p>
   </div>
   <div class='ocr_carea' id='block_1_116' title="bbox 2274 5259 3848 5337">
    <p class='ocr_par' dir='ltr' id='par_1_116' title="bbox 2274 5259 3848 5337">
     <span class='ocr_line' id='line_1_116' title="bbox 2274 5259 3848 5337; baseline 0.006 -28"><span class='ocrx_word' id='word_1_899' title='bbox 2274 5259 2586 5329; x_wconf 82' lang='grc' dir='ltr'>συντρέχειν</span> <span class='ocrx_word' id='word_1_900' title='bbox 2624 5262 2755 5332; x_wconf 81' lang='grc' dir='ltr'>περὶ</span> <span class='ocrx_word' id='word_1_901' title='bbox 2800 5263 2895 5316; x_wconf 88' lang='grc' dir='ltr'><strong>τοῦ</strong></span> <span class='ocrx_word' id='word_1_902' title='bbox 2926 5264 3078 5328; x_wconf 80' lang='grc' dir='ltr'>ὄντος</span> <span class='ocrx_word' id='word_1_903' title='bbox 3107 5264 3430 5334; x_wconf 66' lang='grc' dir='ltr'>διδασκαλίᾳ</span> <span class='ocrx_word' id='word_1_904' title='bbox 3466 5265 3848 5337; x_wconf 84' lang='grc' dir='ltr'>παριστῶμεν.</span> 
     </span>
    </p>
   </div>
   <div class='ocr_carea' id='block_1_117' title="bbox 2270 5455 3845 5533">
    <p class='ocr_par' dir='ltr' id='par_1_117' title="bbox 2270 5455 3845 5533">
     <span class='ocr_line' id='line_1_117' title="bbox 2270 5455 3845 5533; baseline 0.008 -28"><span class='ocrx_word' id='word_1_905' title='bbox 2270 5455 2712 5533; x_wconf 51' lang='lat' dir='ltr'><strong>{timendumque</strong></span> <span class='ocrx_word' id='word_1_906' title='bbox 2762 5456 2964 5533; x_wconf 85' lang='lat' dir='ltr'><strong>_P_auct,</strong></span> <span class='ocrx_word' id='word_1_907' title='bbox 3008 5460 3207 5526; x_wconf 86' lang='lat' dir='ltr'><strong>credo,</strong></span> <span class='ocrx_word' id='word_1_908' title='bbox 3242 5462 3295 5517; x_wconf 90' lang='lat' dir='ltr'><strong>id</strong></span> <span class='ocrx_word' id='word_1_909' title='bbox 3328 5461 3463 5518; x_wconf 88' lang='lat' dir='ltr'><strong>satis</strong></span> <span class='ocrx_word' id='word_1_910' title='bbox 3508 5463 3845 5533; x_wconf 78' lang='lat' dir='ltr'><strong>intelligunt.</strong></span> 
     </span>
    </p>
   </div>
   <div class='ocr_carea' id='block_1_118' title="bbox 2271 5525 3848 5602">
    <p class='ocr_par' dir='ltr' id='par_1_118' title="bbox 2271 5525 3848 5602">
     <span class='ocr_line' id='line_1_118' title="bbox 2271 5525 3848 5602; baseline 0.006 -23"><span class='ocrx_word' id='word_1_911' title='bbox 2271 5525 2514 5602; x_wconf 64' lang='lat' dir='ltr'><strong>Platonis</strong></span> <span class='ocrx_word' id='word_1_912' title='bbox 2545 5525 2700 5602; x_wconf 74' lang='lat' dir='ltr'><strong>mens</strong></span> <span class='ocrx_word' id='word_1_913' title='bbox 2728 5525 2959 5602; x_wconf 82' lang='lat' dir='ltr'><strong>videtur,</strong></span> <span class='ocrx_word' id='word_1_914' title='bbox 2991 5525 3313 5586; x_wconf 87' lang='lat' dir='ltr'><strong>sententiam</strong></span> <span class='ocrx_word' id='word_1_915' title='bbox 3336 5534 3484 5587; x_wconf 89' lang='lat' dir='ltr'><strong>illam</strong></span> <span class='ocrx_word' id='word_1_916' title='bbox 3514 5549 3636 5602; x_wconf 69' lang='lat' dir='ltr'><strong>quae</strong></span> <span class='ocrx_word' id='word_1_917' title='bbox 3676 5525 3763 5588; x_wconf 73' lang='grc' dir='ltr'><strong>ἀεὶ</strong></span> <span class='ocrx_word' id='word_1_918' title='bbox 3788 5535 3848 5587; x_wconf 86' lang='grc' dir='ltr'>τὸ</span> 
     </span>
    </p>
   </div>
   <div class='ocr_carea' id='block_1_119' title="bbox 2270 5594 3850 5675">
    <p class='ocr_par' dir='ltr' id='par_1_119' title="bbox 2270 5594 3850 5675">
     <span class='ocr_line' id='line_1_119' title="bbox 2270 5594 3850 5675; baseline 0.008 -30"><span class='ocrx_word' id='word_1_919' title='bbox 2270 5596 2379 5675; x_wconf 64' lang='grc' dir='ltr'>πεῖν</span> <span class='ocrx_word' id='word_1_920' title='bbox 2403 5594 2742 5675; x_wconf 54' lang='grc' dir='ltr'>οῦτωςέχειν</span> <span class='ocrx_word' id='word_1_921' title='bbox 2771 5594 3112 5675; x_wconf 61' lang='lat' dir='ltr'><strong>defendebat,</strong></span> <span class='ocrx_word' id='word_1_922' title='bbox 3145 5612 3330 5671; x_wconf 72' lang='lat' dir='ltr'><strong>utpote</strong></span> <span class='ocrx_word' id='word_1_923' title='bbox 3356 5594 3783 5675; x_wconf 72' lang='grc' dir='ltr'>συντονωτέραν,</span> <span class='ocrx_word' id='word_1_924' title='bbox 3805 5619 3850 5675; x_wconf 56' lang='grc' dir='ltr'><strong>Δει</strong></span> 
     </span>
    </p>
   </div>
   <div class='ocr_carea' id='block_1_120' title="bbox 2270 5661 3828 5790">
    <p class='ocr_par' dir='ltr' id='par_1_120' title="bbox 2270 5661 3828 5790">
     <span class='ocr_line' id='line_1_120' title="bbox 2270 5661 3828 5790; baseline 0.007 -74"><span class='ocrx_word' id='word_1_925' title='bbox 2270 5661 3016 5790; x_wconf 44' lang='grc' dir='ltr'>ἕουιίεείἔέὶεχαλασθῆναι,</span> <span class='ocrx_word' id='word_1_926' title='bbox 3067 5661 3301 5728; x_wconf 58' lang='lat' dir='ltr'><strong>laxatam</strong></span> <span class='ocrx_word' id='word_1_927' title='bbox 3331 5661 3584 5730; x_wconf 72' lang='lat' dir='ltr'><strong>nonnihil</strong></span> <span class='ocrx_word' id='word_1_928' title='bbox 3612 5661 3677 5729; x_wconf 72' lang='lat' dir='ltr'><strong>ac</strong></span> <span class='ocrx_word' id='word_1_929' title='bbox 3708 5661 3828 5738; x_wconf 61' lang='lat' dir='ltr'><strong>incl</strong></span> 
     </span>
     <span class='ocr_line' id='line_1_121' title="bbox 2334 5751 2587 5790; baseline 0.008 -2"><span class='ocrx_word' id='word_1_930' title='bbox 2334 5751 2420 5790; x_wconf 85' lang='lat' dir='ltr'><strong>um</strong></span> <span class='ocrx_word' id='word_1_931' title='bbox 2450 5751 2478 5790; x_wconf 78' lang='grc' dir='ltr'>ε</span> <span class='ocrx_word' id='word_1_932' title='bbox 2576 5776 2587 5789; x_wconf 92' lang='grc'><strong>.</strong></span> 
     </span>
    </p>
   </div>
   <div class='ocr_carea' id='block_1_121' title="bbox 2334 5751 2587 5790">
    <p class='ocr_par' dir='ltr' id='par_1_121' title="bbox 2334 5751 2587 5790">
     <span class='ocr_line' id='line_1_122' title="bbox 2334 5751 2587 5790; baseline 0.004 -2"><span class='ocrx_word' id='word_1_933' title='bbox 2334 5751 2420 5790; x_wconf 86' lang='lat' dir='ltr'><strong>um</strong></span> <span class='ocrx_word' id='word_1_934' title='bbox 2450 5751 2587 5790; x_wconf 84' lang='lat' dir='ltr'><strong>esse.</strong></span> 
     </span>
    </p>
   </div>
  </div>
