4144 6450
390 418 566 474 H95.

1555 417 1876 472 PlirEPAli.
1924 416 2173 472 EVANG.
2218 415 2345 469 LIB.
2390 415 2525 468 XIV.

3490 411 3627 466 illi

381 535 490 589 Κῶ.
516 535 641 597 τοὺς
673 532 835 587 αὐτοῦ
863 535 919 587 δὲ
947 534 1041 587 τοῦ
1070 534 1354 597 Πλάτωνος
1384 535 1663 604 διαδόχους
1704 535 1835 606 φέρε
1881 534 1958 603 τῷ

2063 548 2165 600 que
2192 532 2303 600 jam
2337 530 2523 583 incidi.
2559 559 2623 567 -—
2660 527 2862 582 llurum
2894 542 3056 596 porro
3096 526 3412 588 adversarii,
3462 542 3492 580 e
3530 542 3626 582 su-

376 624 523 695 λόγῳ
563 625 951 697 θεωρήσωμεν.
1004 626 1265 680 Πλάτωνά
1302 644 1499 694 φασιν,
1541 628 1599 679 ὲν
1654 628 1956 698 Ἀκαδημίᾳ

379 716 787 787 συστησάμενον
819 717 918 788 τὴν
950 718 1229 790 διατριϐὴν
1252 759 1266 783 ,
1310 718 1524 790 πρῶτον
1560 718 1957 789 Ἀκαδημαϊκὸν

378 806 672 878 κληθῆναι,
709 809 804 862 καὶ
838 809 937 880 τὴν
982 811 1372 879 ὀνομασθεῖσαν
1425 810 1833 880 Ἀκαδημαϊκὴν
1871 828 1959 878 φι-

377 895 631 966 λοσοφίαν
664 899 1053 969 συστήσασθαι.
1087 901 1240 954 Μετά
1282 902 1339 953 δὲ
1380 902 1641 955 Πλάτωνα
1682 900 1956 953 Σπεύσιπ-

379 1002 478 1040 πον
521 986 612 1040 τὸν
644 988 704 1053 ἐξ
736 989 972 1059 ἀδελφῆς
1021 991 1329 1054 Πλάτωνος.
1362 993 1461 1061 τῆς
1509 990 1790 1052 Πώτωνος·
1839 984 1957 1042 εἶτα

377 1077 719 1150 Ξενοκράτην
738 1097 752 1112 ο
785 1080 973 1133 ἔπειτα
994 1081 1290 1152 Πολέμωνα
1318 1081 1416 1153 τὴν
1457 1080 1738 1152 διατριϐὴν
1769 1079 1958 1134 ὑποδέ-

377 1167 592 1235 ξασθαι.
633 1168 867 1234 Τούτους
895 1170 952 1224 δὲ
992 1171 1078 1241 ἀφ’
1142 1171 1355 1234 Ἑστίας
1393 1171 1734 1242 ἀρξαμένους
1774 1171 1954 1233 εὐθὺς,

377 1259 447 1312 τά
486 1261 808 1315 Πλατωνικά
836 1279 967 1330 φασι
989 1261 1310 1332 παραλύειν,
1351 1261 1743 1333 στρεϐλοῦντας
1774 1261 1843 1315 τὰ
1881 1262 1957 1332 τῷ

377 1349 681 1422 διδασκάλῳ
739 1349 976 1420 φανέντα
1030 1349 1195 1417 ξένων
1254 1352 1585 1420 εἰσαγωγαῖς
1649 1352 1953 1421 δογμάτων.

382 1438 544 1491 Ὥστε
575 1455 658 1492 σοι
691 1439 767 1510 μὴ
798 1440 880 1503 εἰς
915 1439 1127 1511 μακρὸν
1173 1439 1410 1504 ἐλπίζειν
1460 1440 1557 1510 τὴν
1599 1440 1706 1494 τῶν
1749 1440 1957 1511 θαυμα-

380 1527 523 1589 στῶν
549 1526 772 1581 ἐκείνων
801 1527 1062 1597 διαλόγων
1092 1530 1243 1598 ἰσχὺν
1268 1529 1575 1601 ἀποσϐῆναι
1601 1571 1615 1595 ,
1652 1532 1767 1602 ἅμα
1793 1549 1851 1585 τε
1889 1537 1954 1605 τῇ

379 1618 472 1671 τοῦ
502 1618 694 1689 ἀνδρὸς
722 1619 968 1691 τελευτῇ,
1005 1621 1098 1673 καὶ
1128 1621 1227 1691 τὴν
1251 1621 1359 1675 τῶν
1380 1622 1664 1693 δογμάτων
1709 1624 1957 1696 διαδοχὴν

383 1711 908 1782 συναποτελευτῆσαι
935 1730 949 1744 ·
982 1714 1162 1784 μάχης
1192 1713 1442 1769 ἐντεῦθεν
1464 1716 1558 1768 κα)⁵
1594 1717 1835 1781 στάσεως
1853 1719 1959 1772 ἀπὸ

382 1801 548 1855 τῶνδε
570 1802 901 1874 ἀρξαμένης,
917 1803 978 1857 οῦ
1016 1822 1146 1858 ποτε
1170 1806 1265 1859 καὶ
1290 1807 1371 1870 εἰς
1399 1805 1558 1879 δεῦρο
1580 1808 1958 1882 διαλειπούσης

380 1895 507 1958 τοὺς
535 1894 606 1946 τὰ
625 1894 775 1966 αὐτῷ
801 1895 931 1965 φίλα
950 1896 1144 1966 ζηλοῦν
1170 1897 1598 1968 ἀσπαζομένους,
1616 1898 1834 1964 οὐδένας
1857 1901 1955 1972 μὲν

380 1986 560 2053 ὄντας,
596 1988 736 2059 πλὴν
764 1990 814 2042 εί
849 1989 923 2059 μὴ
970 1983 1051 2051 εἷς
1084 2005 1184 2041 που
1218 1988 1251 2059 ἢ
1307 1988 1560 2061 δεύτερος
1609 1992 1665 2043 ἐν
1723 1991 1829 2062 ὅλῳ
1876 1992 1954 2063 τῷ

383 2077 503 2148 βίῳ,
532 2077 566 2148 ἢ
593 2078 687 2132 καί
724 2096 869 2142 τινες
896 2079 1043 2134 ἄλλοι
1075 2080 1270 2152 κομιδῇ
1302 2080 1521 2152 βραχεῖς
1555 2080 1646 2135 τὸν
1690 2082 1950 2155 ἀριθμόν·

380 2168 489 2221 οὐδ’
512 2168 664 2222 αὐτοὶ
688 2169 920 2241 πάμπαν
946 2170 1216 2243 ἀλλότριοι
1245 2172 1582 2226 ὲπιπλάστου
1618 2177 1953 2244 σοφιστείας

381 2261 503 2316 ἐπεὶ
526 2262 620 2315 καὶ
652 2263 701 2316 oi
727 2262 966 2334 πρόσθεν
997 2263 1088 2316 τὸν
1134 2263 1397 2320 Πλάτωνα
1428 2265 1795 2338 διαδεξάμενοι
1848 2286 1957 2321 τοι-

381 2349 487 2403 οίδε
520 2351 664 2415 τινὲς
686 2329 1087 2423 διαδέὸληνται.
1122 2353 1418 2424 Πολέμωνα
1450 2355 1559 2427 γάρ
1586 2329 1736 2425 -φασι
1781 2356 1955 2411 διαδέ-
1992 2329 2031 2383 Β

383 2440 575 2506 ξασθαι
620 2442 989 2514 Ἀρκεσίλαον,
1019 2442 1079 2498 ὃν
1125 2444 1189 2516 δὴ
1232 2445 1449 2516 κατέχει
1482 2446 1639 2517 λόγος
1685 2448 1954 2519 ἀφέμενον

381 2531 479 2603 τὴν
510 2533 792 2598 Πλάτωνος
811 2533 1117 2605 δογμάτων,
1158 2535 1315 2606 ξένην
1338 2536 1478 2599 τινὰ,
1510 2538 1605 2591 καὶ
1630 2575 1646 2602 ,
1674 2537 1750 2602 ὥς
1800 2556 1952 2608 φασι,

381 2620 636 2695 δευτέραν
667 2625 1034 2694 συστήσασθαι
1077 2626 1431 2698 Ἀκαδημίαν.
1455 2628 1626 2682 Φάναι
1665 2629 1773 2701 γὰρ
1829 2634 1956 2702 περὶ

382 2713 636 2768 ἁπάντων
656 2716 874 2787 ἐπέχειν
902 2716 1009 2771 δεῖν
1031 2733 1043 2747 ·
1077 2713 1219 2772 εῖναι
1242 2717 1350 2790 γὰρ
1374 2719 1551 2774 πάντα
1576 2721 1954 2793 ἀκατάληπτα,

382 2802 477 2856 καὶ
505 2803 633 2867 τοὺς
661 2806 740 2868 εἰς
765 2804 999 2876 ἑκάτερα
1028 2804 1219 2872 λόγους
1251 2808 1556 2878 ἰσοκρατεῖς
1584 2806 1850 2880 ἀλλήλοις,
1866 2811 1957 2862 καὶ

382 2893 481 2957 τὰς
506 2893 787 2966 αἰσθήσεις
816 2895 873 2948 δὲ
919 2896 1183 2960 ἀπίστους
1214 2893 1370 2962 εἶναι,
1428 2899 1519 2953 καὶ
1550 2898 1727 2953 πάντα
1775 2899 1951 2969 λόγον.

396 2987 613 3059 Ἐπῄνει
644 2988 774 3057 γοῦν
821 2988 1064 3042 Ἡσιόδου
1097 2990 1246 3042 τουτὶ
1271 2990 1333 3042 τὸ
1356 2989 1715 3061 ἀπόφθεγμαο

2059 621 2367 691 perioribus
2432 620 2756 690 quibusdam
2812 618 2946 673 locis
3000 618 3299 687 oculosque
3367 617 3625 688 fugienti-

2059 712 2161 765 bus
2191 712 2529 766 considerate
2560 710 2854 764 admodum
2900 719 3219 779 repugnant,
3252 724 3316 764 ac
3356 710 3629 778 spiritales

2058 804 2321 871 quasdam
2347 810 2399 855 et
2425 801 2673 869 corporis
2697 807 2947 869 expertes
2969 797 3175 854 formas
3202 814 3383 853 veram
3412 813 3475 853 ac
3499 814 3627 867 pro-

2057 891 2230 958 priam
2263 889 2515 944 essentia:
2559 888 2825 942 rationem
2872 886 3095 953 habere,
3149 884 3484 955 argumentis
3529 902 3627 939 ur-

2058 993 2203 1053 gent.
2239 983 2463 1037 Illorum
2501 989 2683 1037 autem
2728 996 2992 1052 corpora,
3038 994 3313 1049 quamque
3346 978 3627 1033 nominant

2059 1072 2162 1142 ipsi
2202 1073 2485 1127 veritatem
2538 1071 2654 1126 suis
2698 1072 2755 1125 in
2810 1068 3270 1140 disputationibus
3311 1068 3622 1122 minutatim

2058 1162 2431 1227 concidentes,
2458 1176 2564 1214 non
2585 1161 2899 1227 essentiam,
2929 1168 2986 1214 at
3008 1157 3412 1230 generationem
3433 1171 3626 1225 quam-

2057 1254 2181 1309 dam
2200 1254 2442 1309 vocitant
2465 1263 2725 1324 perpetuo
2744 1263 2892 1307 motu
2918 1252 3173 1323 agitatam
3201 1268 3215 1304 :
3244 1250 3407 1321 726
3426 1265 3493 1305 ex
3516 1264 3626 1320 quo

2058 1346 2285 1416 proinde
2318 1347 2404 1401 his
2448 1347 2514 1401 de
2551 1347 2710 1401 rebus
2743 1347 2882 1400 inter
2920 1352 3185 1414 utrosque
3219 1344 3438 1398 assidua
3479 1358 3627 1411 qum-

2058 1438 2182 1490 dam
2217 1437 2433 1491 exsistit
2469 1446 2524 1491 et
2565 1437 2773 1491 inﬁnita
2802 1434 3285 1491 contentio.—-——Sic
3306 1442 3407 1489 est.
3452 1454 3468 1486 ι
3501 1431 3627 1489 Ilaac

2058 1525 2232 1591 Plato,
2262 1527 2462 1596 quibus
2491 1527 2866 1597 philosophos,
2895 1527 2987 1596 qui
3019 1527 3086 1580 de
3118 1524 3356 1596 physicis
3407 1535 3531 1579 ante
3569 1540 3628 1579 se

2062 1628 2446 1683 tractaverant,
2482 1620 2692 1674 mordet
2732 1634 2797 1674 ac
2829 1618 3063 1673 vellicat.
3104 1615 3315 1683 Quibus
3346 1616 3412 1671 de
3462 1616 3628 1670 rebus

2060 1711 2286 1781 ipsemet
2326 1711 2786 1782 quemadmodum
2842 1710 3095 1776 senserit,
3143 1708 3519 1778 superioribus
3563 1707 3626 1759 li-

2063 1801 2177 1855 bris
2213 1801 2324 1869 jam
2389 1801 2819 1866 declaravimus,
2868 1816 2993 1856 cum
3040 1816 3165 1855 eum
3211 1801 3265 1854 in
3313 1799 3432 1869 ejus
3477 1800 3625 1868 quod

2059 1899 2143 1945 est
2173 1892 2431 1947 tradenda
2462 1892 2893 1963 explicandaque
2924 1892 3155 1954 ratione,
3206 1906 3330 1946 cum
3374 1887 3599 1942 Hebraeo

2059 1998 2182 2037 rum
2204 1984 2447 2054 adeoque
2459 1983 2660 2055 Moysis
2678 1984 2920 2039 doctrina
2933 1984 3240 2039 consentire
3265 1979 3623 2037 ostendimus.

2066 2074 2326 2144 Deinceps
2366 2075 2530 2146 igitur
2580 2076 2647 2131 ad
2693 2076 2937 2145 ejusdem
2983 2073 3228 2129 Platonis
3279 2086 3626 2128 successores

2060 2166 2363 2222 veniamus.
2407 2166 2690 2222 Platonem
2721 2166 2923 2233 ferunt,
2957 2181 3081 2221 cum
3115 2166 3185 2221 ad
3226 2179 3355 2220 suas
3382 2163 3628 2234 disputa-

2060 2257 2238 2313 tiones
2285 2258 2634 2313 Academiam
2684 2257 2989 2328 delegisset,
3034 2256 3279 2311 omnium
3325 2256 3625 2326 principem

2061 2353 2432 2410 academicum
2474 2370 2595 2411 esse
2635 2355 2864 2419 dictum,
2910 2363 3073 2423 atque
3105 2352 3236 2406 illud
3275 2350 3628 2422 philosophiae

2060 2460 2251 2515 genus,
2296 2446 2440 2516 quod
2469 2447 2632 2500 etiam
2680 2445 3065 2501 Academicum
3101 2442 3419 2510 nominant,
3471 2442 3629 2497 insti-

2059 2537 2250 2594 tuisse.
2285 2536 2498 2592 Platoni
2549 2538 2935 2609 Speusippum,
2968 2537 3088 2607 ejus
3130 2553 3197 2591 ex
3242 2550 3430 2591 sorore
3462 2532 3621 2588 Poto-

2062 2628 2148 2684 nis
2189 2628 2300 2683 lilia
2334 2639 2608 2700 nepotem,
2655 2628 2961 2701 Speusippo
3009 2628 3369 2683 Xenocratem
3414 2642 3631 2682 succes-

2062 2720 2221 2775 sisse.
2259 2720 2394 2776 Tum
2427 2723 2616 2777 eodem
2661 2723 2717 2776 in
2757 2722 2879 2778 loco
2915 2720 3144 2776 docendi
3182 2735 3382 2775 munus
3409 2734 3440 2772 a
3475 2717 3631 2772 Pole-

2065 2828 2223 2868 mone
2249 2822 2581 2883 susceptum.
2610 2812 2760 2879 Quos
2787 2813 3008 2884 quidem
3031 2811 3207 2878 aiunt,
3232 2811 3300 2864 ab
3328 2810 3446 2880 ipso
3473 2810 3629 2879 quasi

2063 2903 2200 2959 Lare
2268 2920 2527 2969 exorsos,
2583 2903 2919 2959 Platonicam
2981 2901 3288 2958 doctrinam
3354 2908 3628 2962 evertere,

2062 2995 2191 3049 dum
2216 3011 2336 3066 quae.
2368 2995 2687 3067 praeceptori
2715 3009 2818 3051 suo
2844 2994 3185 3064 placuerunt,
3215 2991 3628 3063 peregrinorum

383 3081 698 3153 dogmatum
764 3084 1005 3138 novitate
1064 3083 1382 3153 depravant.
1453 3083 1690 3140 Prorsus
1759 3094 1819 3140 ut
1866 3089 2216 3145 metuendum
2284 3091 2376 3155 sit,
2440 3106 2509 3145 ne
2561 3090 2969 3145 admirabilium
3017 3086 3359 3157 dialogorum
3400 3083 3484 3137 vis
3540 3081 3632 3136 illa

384 3178 680 3248 singularis
719 3178 871 3234 brevi
903 3178 1319 3250 exstinguatur,
1386 3194 1604 3250 unaque
1640 3196 1765 3236 cum
1816 3182 2053 3240 hominis
2093 3185 2317 3241 interitu
2384 3187 2502 3258 ipsa
2538 3199 2756 3256 quoque
2818 3183 3081 3240 doctrinae
3134 3180 3411 3238 successio
3448 3177 3633 3234 fundi-

384 3280 474 3329 tus
512 3274 763 3329 intereat.
795 3271 921 3328 Haec
966 3273 1110 3328 enim
1158 3287 1339 3343 pugna
1366 3283 1531 3343 atque
1584 3273 1857 3329 dissensio
1891 3276 1961 3331 ab
1994 3277 2114 3335 istis
2140 3278 2255 3348 jam
2305 3279 2431 3334 inde
2456 3288 2653 3350 empta,
2713 3279 2805 3349 qui
2836 3294 2894 3333 se
2915 3275 3153 3332 Platonis
3196 3283 3490 3330 sectatores
3515 3288 3634 3344 prn-

383 3368 640 3429 ﬁtentur,
702 3367 812 3422 huc
854 3381 1031 3437 usque
1080 3381 1270 3422 omnes
1315 3380 1571 3422 exercere
1627 3383 1734 3423 non
1791 3369 2011 3440 desiuit.
2047 3371 2368 3443 Quanquam
2400 3374 2535 3430 tales
2588 3372 2829 3445 profecto
2859 3373 2990 3428 nulli
3014 3373 3125 3443 jam
3153 3378 3298 3437 sunt,
3325 3371 3371 3426 si
3390 3379 3502 3426 toto
3533 3372 3633 3425 hoc

382 3459 646 3529 temporis
692 3457 870 3528 spatio
912 3472 1081 3512 unum
1139 3455 1391 3515 fortassis
1446 3458 1766 3525 alterumve,
1813 3470 1961 3517 certe
1996 3478 2201 3533 paucos
2252 3466 2544 3523 admodum
2608 3452 2869 3537 excipias.
2926 3464 3029 3531 Qui
3065 3472 3244 3519 tamen
3276 3478 3343 3517 ne
3368 3463 3472 3533 ipsi
3508 3462 3629 3533 qui~

386 3550 512 3606 dem
548 3549 700 3605 fuere
751 3550 821 3605 ab
858 3549 1008 3604 omni
1045 3549 1331 3619 peregrina
1368 3558 1425 3605 et
1459 3550 1759 3621 sepbistica
1801 3554 1979 3624 specie
2017 3556 2180 3612 alieni
2229 3574 2245 3611 :
2278 3574 2401 3614 cum
2423 3559 2502 3613 illi
2530 3558 2716 3626 etiam,
2753 3557 2845 3628 qui
2882 3556 3124 3613 omnium
3160 3557 3320 3626 primi
3352 3554 3634 3612 Platonem

386 3652 747 3715 exceperant,
815 3643 989 3698 labem
1035 3642 1178 3699 hanc
1222 3652 1276 3699 et
1328 3644 1601 3699 maculam
1646 3645 1880 3718 eﬂ'ugere
1923 3665 2029 3703 non
2095 3653 2384 3721 potuerint.
2441 3650 2576 3707 Nam
2630 3650 2911 3707 Polemoni
2960 3635 3258 3705 Arcesilam
3308 3650 3635 3707 successisse

385 3738 559 3806 aiunt,
589 3752 751 3808 quem
783 3736 925 3792 fama
987 3743 1073 3792 est
1104 3734 1288 3791 relicta
1359 3733 1602 3791 Platonis
1635 3735 1905 3805 doctrina,
1962 3744 2300 3814 peregrinam
2341 3744 2659 3814 quamdam,
2730 3751 2913 3812 atque,
2968 3750 3028 3795 ut
3074 3748 3290 3806 vocant,
3341 3741 3632 3796 secundam

387 3830 738 3888 Academiam
780 3830 1107 3886 instituisse.
1174 3828 1348 3902 Hujus
1395 3830 1541 3885 enim
1574 3834 1857 3905 proprium
1900 3834 1955 3889 id
1996 3835 2188 3903 fuisse,
2242 3845 2302 3891 ut
2356 3837 2559 3892 diceret
2597 3835 2761 3890 rebus
2794 3834 2848 3888 in
2881 3834 3135 3889 omnibus
3172 3835 3508 3890 retinendam
3548 3850 3637 3889 as~

310 3925 315 3931 ’
389 3923 699 3978 seusiouem
718 3936 870 3989 esse;
890 3922 1037 3990 quod
1056 3929 1205 3976 certo
1226 3922 1429 3993 percipi
1447 3924 1583 3978 nihil
1621 3934 1826 3995 posset,
1845 3928 1990 3997 quod
2029 3944 2183 3998 aeque
2232 3929 2529 3999 probabilis
2551 3937 2692 3984 esset
2710 3927 2766 3981 in
2790 3935 2999 3997 partem
3019 3934 3304 3995 utramque
3317 3927 3633 3997 disputatio,

389 4015 534 4085 quod
564 4015 801 4085 denique
828 4023 940 4069 tam
959 4014 1234 4070 rationum
1258 4015 1527 4083 omnium,
1547 4034 1709 4089 quam
1733 4034 1994 4077 sensuum
2014 4022 2147 4079 tides
2179 4024 2469 4080 laboraret.
2499 4021 2678 4089 Quare
2709 4020 2963 4075 laudabat
2989 4019 3120 4075 illud
3141 4018 3383 4086 Hesiodi,

425 4157 779 4224 Κρύψαντες
795 4151 907 4221 γὰρ
938 4149 1151 4220 ἔχουσι
1176 4151 1297 4205 0εοί
1320 4152 1466 4206 νόον
1502 4150 1922 4221 ἀνθρώποισιν.

2211 4154 2436 4227 Ignoras
2460 4155 2727 4207 hominum
2748 4150 3070 4220 suspendunt
3096 4151 3315 4204 numina
3346 4163 3565 4209 manus.

398 4287 688 4360 ’Ἐπειρᾶτο
723 4283 781 4338 δὲ
806 4284 900 4337 καὶ
934 4280 1211 4352 παράδοξά
1234 4298 1355 4335 τινα
1383 4282 1769 4348 ἀνακαινίζειν.
1807 4283 1960 4338 Μετά

2067 4286 2215 4341 idem
2241 4294 2297 4339 et
2311 4282 2570 4339 nonnulla
2606 4291 2800 4351 praeter
2825 4293 3167 4334 communem
3200 4277 3481 4333 hominum
3517 4282 3633 4351 opi-

390 4380 449 4433 δὲ
474 4379 567 4432 τὸν
606 4375 953 4447 Ἀρκεσίλαον
992 4375 1116 4438 τοὺς
1138 4374 1281 4444 ἀμφὶ
1304 4374 1620 4447 Καρνεάδην
1673 4378 1767 4430 καὶ
1802 4377 1963 4430 Κλει-

389 4472 624 4541 τόμαχον
644 4510 659 4535 ,
708 4470 806 4539 τῆς
835 4468 942 4521 τῶν
997 4467 1273 4538 προτέρων
1322 4465 1481 4537 δόξης
1525 4468 1960 4538 ἀποτραπέντας,

387 4563 579 4635 τρίτης
621 4560 958 4630 ’Δκαδημίας
1013 4559 1220 4622 αἰτίους
1261 4558 1513 4627 γενέσθαι
1555 4559 1736 4628 φασίν.
1791 4560 1963 4614 Ἔνιοι

389 4655 449 4710 δὲ
472 4656 570 4710 καὶ
621 4655 889 4724 τετάρτην
920 4652 1290 4726 προστιθέασι,
1325 4650 1421 4722 τὴν
1447 4651 1561 4723 τῶν¹
1592 4652 1721 4723 περὶ
1765 4653 1855 4706 τὸν
1881 4653 1965 4705 Φί-

391 4745 536 4802 λωνα
564 4749 659 4801 καὶ
694 4747 1000 4818 Χαρμίδαν.
1031 4745 1186 4808 Τινὲς
1210 4744 1268 4797 δὲ
1314 4746 1405 4797 καὶ
1437 4745 1692 4815 πέμπτην
1733 4744 1965 4797 καταλέ-

394 4855 569 4909 γουσι,
598 4840 696 4910 τὴν
723 4838 829 4891 τῶν
853 4838 982 4908 περὶ
998 4836 1091 4890 τὸν
1132 4836 1418 4906 Ἀντίοχον,
1461 4834 1693 4906 Τοιαύτη
1741 4835 1839 4906 μέν
1882 4852 1965 4898 τις

395 4934 428 5003 ή
464 4931 629 4986 αὐτοῦ
660 4932 941 4993 Πλάτωνος
969 4927 1177 4999 ὑπῆρξε
1208 4928 1447 4999 διαδοχή.
1495 4928 1696 4981 Ὀποῖοι
1723 4927 1781 4980 δὲ
1808 4927 1940 4995 γεγό

394 5036 546 5073 νασιν
608 5019 716 5073 οἵδε
767 5020 856 5073 τὸν
912 5018 1133 5089 τρόπον,
1181 5016 1361 5072 λαϐὼν
1404 5016 1676 5087 ἀνάγνωθι
1732 5015 1831 5080 τὰς
1863 5010 1965 5069 ὦδε

398 5111 626 5182 ἐχούσας
652 5109 958 5183 Νουμηνίου
986 5109 1079 5163 τοῦ
1112 5109 1477 5181 Πυθαγορείου
1507 5109 1722 5179 φωνὰς,
1766 5109 1833 5173 ἃς
1877 5108 1966 5162 τέ-

400 5204 575 5257 θειται
622 5203 681 5256 ὲν
722 5203 804 5274 τῷ
832 5201 1033 5275 πρώτῳ
1080 5196 1156 5255 ὧν
1188 5200 1468 5271 ἐπέγραψε
1514 5202 1655 5269 Περὶ
1686 5200 1798 5269 τῆς
1850 5199 1968 5254 τῶν

411 5296 845 5367 Ἀκαδημαϊκῶν
861 5295 1010 5365 πρὸς
1029 5295 1321 5350 Πλάτωνα
1340 5295 1728 5360 διαστάσεως.

906 5431 1298 5487 ΚΕΦΔΛΑΙυΝ
1326 5432 1403 5486 E'.

393 5568 537 5639 Περί
579 5567 705 5639 τῆςί
719 5569 869 5623 κατὰ
897 5566 1187 5639 Πλάτωνα
1238 5564 1465 5639 πρώτης
1517 5564 1824 5639 διαδοχῆς.
1866 5567 1968 5619 Ἐκ

641 5635 762 5693 τῶν
799 5638 1141 5706 Νουμηνίου
1169 5636 1274 5690 τοῦ
1297 5635 1723 5703 Πυθαγορικοῦ.

474 5751 493 5785 ι
546 5732 669 5786 Ἐπὶ
692 5731 790 5801 μὲν
817 5730 994 5782 τοίνυν
1020 5727 1370 5781 Σπεύσιππον
1416 5726 1507 5779 τὸν
1545 5724 1829 5788 Πλάτωνος
1872 5724 1971 5795 μὲν

395 5822 728 5887 ἀδελφιδοῦν,
757 5821 1094 5889 Ξενοκράτην
1117 5818 1174 5872 δὲ
1205 5818 1296 5870 τὸν
1326 5816 1564 5888 διάδοχον
1586 5816 1677 5871 τοῦ
1708 5816 1973 5870 Σπευσίπ-

716 5942 991 6000 ΡΑςι-ιιοι..
1038 5940 1159 6001 Gn.
1201 5936 1384 6002 XXI.

2068 4377 2286 4430 nionem
2321 4376 2580 4429 innovare
2631 4371 2953 4427 conabatur.
2984 4366 3114 4423 Post
3146 4368 3467 4433 Arcesilam,
3499 4370 3633 4423 Car-

2068 4466 2266 4521 neades
2322 4474 2375 4520 et
2418 4462 2785 4519 Clitomachus
2854 4460 3125 4515 exstitisse
3180 4458 3469 4523 dicuntur,
3511 4460 3637 4529 qui,

2068 4552 2267 4621 rejeeta
2305 4551 2647 4621 superiorum
2699 4547 2978 4619 opinione,
3028 4548 3243 4602 tertiam
3286 4547 3635 4603 Academiam

2068 4643 2432 4701 fundaverint.
2462 4642 2672 4709 Quibus
2719 4653 2772 4698 et
2825 4649 3079 4711 quartam
3108 4640 3315 4695 addunt
3359 4640 3630 4705 nonnulli,
3706 4644 3714 4661 '

2068 4721 2480 4807 quaePhilnnem
2498 4733 2912 4791 etCharmidam
2943 4732 3214 4803 principes
3243 4731 3456 4788 habeat.
3475 4733 3633 4803 727

2070 4829 2184 4883 lmo
2198 4837 2250 4883 et
2262 4830 2330 4885 ab
2348 4829 2468 4884 aliis
2482 4828 2724 4898 quintam
2740 4827 3012 4881 numerari
3029 4825 3211 4891 audio,
3226 4841 3347 4895 quae
3355 4834 3635 4896 parentem

2070 4930 2327 4993 agnoscat
2354 4920 2702 4976 Antiochum.
2744 4918 2810 4974 Et
2851 4916 3094 4973 Platonis
3122 4918 3338 4988 quidem
3368 4918 3637 4988 ejusmodi

2068 5025 2414 5067 successores
2463 5010 2630 5065 fuere.
2677 5011 2923 5075 Quorum
2972 5012 3019 5063 si
3072 5023 3253 5062 mores
3294 5018 3348 5063 et
3387 5009 3636 5063 instituta

2067 5116 2232 5158 nosse
2261 5104 2435 5171 cupis,
2456 5100 2784 5155 Numenium
2827 5099 3228 5171 Pythagoreum
3259 5099 3508 5164 consule,
3541 5099 3637 5169 qui

2068 5195 2247 5263 primo
2275 5208 2343 5248 ex
2368 5194 2457 5257 iis,
2487 5207 2625 5262 quos
2656 5192 2731 5245 De
2755 5192 3193 5245 Academicorum
3234 5207 3267 5244 a
3296 5188 3526 5244 Platone
3550 5190 3636 5245 di-

2069 5286 2237 5339 vortio
2259 5285 2601 5354 conscripsit,
2626 5283 2743 5339 haec
2769 5284 2836 5337 ad
2864 5281 3086 5336 verbum
3113 5280 3297 5335 habet.

2698 5416 2925 5472 CAPUT
2972 5415 3029 5471 ν.

2078 5550 2154 5604 De
2180 5551 2351 5619 prima
2375 5548 2673 5602 Platonicae
2693 5549 2945 5619 doctrina:
2961 5548 3305 5602 successione.
3334 5548 3418 5602 Ea:
3443 5548 3643 5608 Nume-

2602 5621 2688 5671 m’o
2736 5618 3110 5688 Pythagorico.

2151 5735 2171 5769 ι
2213 5713 2604 5785 Speusippum,
2630 5715 2839 5784 inquit,
2870 5713 3024 5767 Plato
3051 5722 3298 5783 nepotem
3335 5713 3526 5771 habuit
3569 5732 3641 5772 ex

2076 5825 2290 5867 sorore:
2332 5810 2592 5865 successit
2616 5809 2741 5867 huic
2768 5810 3128 5873 Xenocrates,
3174 5826 3335 5880 quem
3384 5813 3435 5865 in
3475 5815 3641 5871 scho-

3328 5928 3407 5988 38
