4144 6416
507 372 647 425 H95

1141 366 1407 422 EUSEBII
1446 364 1918 421 CAESARIENSIS
1956 366 2106 421 OPP.
2152 366 2328 422 PARS
2368 366 2427 421 ll.
2470 398 2539 408 -—
2577 367 3078 424 APOLOCETICA.

3610 370 3747 425 H96

506 486 572 540 la:
599 482 908 554 magisterio
930 480 1150 536 Polemo
1178 491 1396 536 secutus
1429 493 1530 536 est.
1562 482 1643 536 Ab
1666 483 1748 535 his
1781 481 2069 538 Platonica:

2181 501 2293 547 mu,
2332 484 2623 554 Πολέμωνα
2653 485 2710 538 δὲ
2740 485 2830 538 τὸν
2862 486 3216 556 ἐκδεξάμενον
3248 486 3346 558 τὴν
3374 485 3569 555 σχολὴν
3601 488 3757 557 παρά

506 578 770 633 doctrinae
818 575 957 630 ratio
1010 582 1336 644 propagata,
1394 573 1477 627 sui
1522 572 1633 627 fere
1681 574 1916 629 similis:
1948 590 2071 629 cum

506 669 624 723 haec
650 668 840 723 saltem
872 665 1213 721 assensionis
1239 664 1526 719 decantata
1554 665 1807 730 retentio,
1841 676 1895 719 et
1923 665 2076 734 quid-

506 762 636 831 quid
670 761 798 815 huic
820 760 978 814 afline
1011 768 1128 826 est,
1164 760 1407 813 nondum
1449 758 1761 813 exsisteret.
1794 759 1957 813 Iidem
1992 768 2073 812 ta-

506 867 670 918 men,
702 852 749 907 si
796 861 993 907 caetera
1040 853 1382 921 cogitemus,
1435 851 1503 906 iis
1560 852 1755 921 partim
1791 849 2071 915 infractis,

507 944 705 1013 partim
763 943 1103 1012 depravatis,
1171 943 1400 1012 primam
1460 943 1604 997 illam
1669 943 2072 998 successionem

508 1034 732 1088 minime
764 1034 1103 1089 retinuerunt
1137 1052 1149 1086 :
1187 1034 1279 1088 sed
1307 1034 1432 1089 inde
1475 1033 1658 1089 statim
1712 1032 2030 1100 incipientes
2057 1076 2072 1098 ,

508 1140 633 1180 cum
689 1124 847 1179 initio
898 1136 1012 1178 tum
1071 1125 1356 1194 deinceps,
1401 1124 1646 1180 diversas
1695 1125 1749 1178 in
1812 1122 2075 1179 factiones

510 1218 693 1272 abiere
715 1256 729 1279 ,
757 1218 870 1272 sive
892 1215 1185 1285 prudentes
1220 1217 1271 1271 id
1308 1216 1570 1283 lecerint,
1607 1217 1722 1271 sive
1762 1216 2076 1286 impruden-

511 1318 615 1374 tes,
642 1308 757 1364 sive
786 1308 889 1362 alia
918 1307 1156 1378 qualibet
1183 1307 1404 1377 impulsi
1436 1322 1620 1362 causa.
1650 1306 1837 1362 Abluit
1870 1316 2072 1374 tamen,

510 1401 702 1472 opinor
722 1440 736 1466 ,
764 1400 942 1455 omnis
968 1399 1253 1454 ambitiosa
1287 1400 1581 1454 contentio.
1606 1398 1868 1469 Equidem
1896 1398 2079 1454 Xeno-

509 1493 676 1547 cratis
708 1507 874 1546 causa
922 1505 1083 1545 secus
1112 1490 1291 1545 dicere
1355 1490 1487 1544 nihil
1528 1490 1720 1553 velim,
1767 1490 1859 1545 sed
1896 1498 2072 1543 tamen

510 1582 757 1638 Platonis
777 1596 943 1637 causa
977 1581 1265 1636 dicendum
1302 1590 1405 1635 est.
1441 1580 1593 1636 Dolet
1628 1582 1771 1635 enim
1834 1580 2074 1650 profecto

510 1671 676 1734 mihi,
708 1686 804 1725 eos
831 1670 1015 1726 omnia
1039 1671 1256 1724 molitos
1281 1686 1388 1723 non
1424 1686 1576 1734 esse,
1623 1680 1682 1725 ut
1719 1671 1932 1740 plenam
1969 1670 2073 1725 sibi

512 1773 675 1832 atque
697 1763 961 1832 integram
994 1761 1047 1815 in
1074 1761 1332 1815 omnibus
1361 1775 1484 1814 cum
1504 1758 1727 1814 Platone
1753 1759 2074 1815 consensio—

2175 572 2557 643 Ξενοκράτους,
2607 574 2694 627 ἀεὶ
2732 574 2793 626 τὸ
2821 569 2951 644 ἦθος
2990 574 3278 628 διετείνετο
3315 574 3427 626 τῶν
3467 573 3759 643 δογμάτων

2178 663 2361 733 σχεδόν
2384 681 2434 717 τι
2464 664 2656 717 ταύτὸν
2679 665 2843 718 ἕνεκά
2873 682 2937 733 γε
2968 664 3069 734 τῆς
3097 667 3264 736 μήπω
3296 664 3503 734 ἐποχῆς
3522 663 3762 734 ταυτησὶ

2174 756 2272 825 τῆς
2299 755 2731 827 πολυθρυλλήτου
2764 773 2846 820 τε,
2873 757 2967 810 καὶ
2991 758 3039 808 εἰ
3067 756 3128 827 δή
3160 774 3318 810 τινων
3364 754 3622 809 τοιούτων
3657 755 3762 811 ἄλο

2176 846 2299 899 λων.
2348 848 2499 901 Ἐπεὶ
2529 849 2609 911 εἷς
2636 866 2699 917 γε
2732 848 2801 901 τὰ
2823 848 2957 902 ἄλλα
2984 849 3223 920 πολλαχῆ
3257 849 3334 919 (8)
3359 847 3760 919 παραλύοντες,

2174 935 2243 987 τά
2272 935 2328 988 δὲ
2356 936 2758 1006 στρεϐλοῦντες,
2777 938 2875 990 οὐκ
2894 937 3176 1008 ἐνέμειναν
3207 940 3274 1008 τῇ
3304 936 3498 1009 πρώτῃ
3511 937 3761 1007 διαδοχῇ⁶

2176 1024 2471 1097 ἀρξάμενοι
2520 1028 2576 1081 δὲ
2606 1029 2700 1082 ἀπ’
2732 1028 2940 1081 ἐκείνου
2963 1068 2978 1092 ,
3014 1030 3108 1083 καὶ
3157 1028 3350 1083 θᾶττον
3389 1029 3485 1082 καὶ
3537 1028 3765 1100 βράδιον

2175 1119 2444 1173 διίσταντο
2496 1120 2814 1193 προαιρέσει
2843 1122 2876 1193 ἢ
2901 1122 3112 1193 ἀγνοίᾳ,
3148 1125 3218 1175 τά
3252 1122 3305 1175 δὲ
3331 1122 3395 1193 δή
3445 1139 3553 1176 τινι
3606 1122 3764 1194 αἰτίᾳ

2175 1212 2327 1286 ἄλλῃ,
2361 1214 2461 1266 οὐκ
2493 1213 2557 1267 ἂν
2583 1214 2847 1285 φιλοτίμῳ
2881 1214 3027 1278 ἴσως.
3057 1216 3165 1269 Καὶ
3185 1216 3247 1268 ού
3281 1215 3381 1284 μὲν
3407 1215 3667 1286 βούλομαί
3704 1234 3765 1269 τι

2177 1304 2413 1375 φλαῦρον
2428 1307 2602 1359 εἰπεῖν
2615 1306 2703 1359 διὰ
2715 1307 3080 1378 Ξενοκράτην,
3104 1307 3303 1378 μᾶλλον
3322 1306 3429 1379 μὴν
3452 1309 3592 1380 ὑπὲρ
3614 1308 3765 1361 me.

2174 1414 2341 1461 τωνος
2371 1397 2557 1452 ἐθέλω.
2596 1400 2705 1453 Καὶ
2724 1401 2832 1470 γάρ
2871 1418 2940 1470 με
2998 1401 3204 1463 δάκνει,
3233 1402 3315 1455 ὅτι
3361 1401 3439 1472 μὴ
3476 1402 3586 1453 πᾶν
3619 1400 3767 1455 ἐπα-

2175 1486 2266 1540 θόν
2296 1505 2353 1540 τε
2381 1494 2474 1541 καὶ
2507 1489 2693 1561 ἔδρων,
2726 1490 2987 1555 σώζοντες
3023 1493 3100 1563 τῷ
3129 1491 3374 1546 Πλάτωνι
3409 1490 3553 1545 κατά
3577 1491 3767 1545 πάντα

2175 1579 2350 1649 πάντη
2402 1581 2577 1633 πᾶσαν
2625 1580 2904 1651 ὁμοδοξίαν
2981 1582 3172 1638 Καίτοι
3224 1582 3373 1647 ἄξιος
3407 1575 3477 1652 ἦν
3511 1582 3766 1645 αὑτοίς“ὀ

2174 1670 2419 1734 Πλάτων,
2452 1670 2551 1723 οὐκ
2583 1672 2821 1741 ἀμείνων
2868 1672 2965 1742 μὲν
3007 1672 3326 1743 Πυθαγόρου
3356 1671 3451 1725 τοῦ
3494 1671 3764 1742 μεγάλου,

2175 1761 2234 1814 ού
2273 1760 2450 1832 μέντοι
2490 1761 2619 1826 ἴσως
2650 1763 2766 1815 οὐδὲ
2792 1763 3155 1835 φλαυρότερος
3182 1763 3389 1817 ἐκείνου
3410 1780 3424 1793 ’
3454 1756 3499 1832 ᾧ
3531 1781 3770 1816 συνακο-

511 1826 636 1909 nem
669 1826 1038 1909 defenderent.
1075 1851 1142 1906 Et
1166 1867 1228 1907 ea
1284 1851 1500 1921 quidem
1525 1850 1678 1906 Plato
1706 1851 1904 1923 dignus
1931 1862 2074 1912 erat,

2181 1826 2495 1916 λουθοῦντες
2530 1826 2816 1921 σεφθέντες
2846 1871 2905 1906 τε
2926 1826 2975 1907 οἱ
2994 1826 3281 1925 γνώριμοι,
3316 1826 3566 1923 ἐγένοντο
3595 1854 3771 1907 πολυ-

510 1942 605 2013 qui
640 1956 838 2011 magno
873 1940 965 1996 illo
989 1938 1293 2011 Pythagora
1327 1950 1385 1995 ut
1406 1940 1597 1994 melior
1616 1955 1722 1995 non
1760 1940 1941 2006 fuerit,
1968 1956 2077 1995 non

512 2035 614 2090 fuit
640 2045 824 2089 tamen
857 2032 1088 2088 fortasse
1120 2033 1358 2087 deterior
1391 2053 1403 2089 :
1440 2049 1603 2103 quem
1641 2034 1894 2104 discipuli
1933 2034 2077 2104 quod

512 2126 686 2183 secuti
717 2140 908 2181 omnes
940 2140 1005 2180 ac
1053 2126 1293 2181 venerati
1345 2123 1578 2189 fuerint,
1621 2124 1686 2208 id
1716 2126 1877 2180 etiam
1922 2140 2080 2194 egere

511 2218 856 2290 potissimum
876 2260 891 2285 ,
918 2227 977 2272 ut
1009 2232 1224 2273 summo
1247 2217 1390 2288 apud
1421 2233 1613 2273 omnes
1657 2218 1712 2271 in
1755 2219 1930 2287 pretio
1983 2218 2077 2271 ha-

510 2313 724 2368 beatur.
756 2308 868 2365 Hoc
891 2310 1066 2380 ipsum
1100 2307 1388 2380 Epicurei,
1421 2325 1704 2380 perperam
1732 2310 1808 2364 illi
1834 2309 2077 2380 quidem,

512 2403 607 2459 sed
642 2415 822 2456 tamen
853 2417 978 2457 cum
1016 2401 1404 2471 intelligerent,
1448 2402 1597 2456 nulla
1637 2416 1877 2472 unquam
1934 2401 1989 2454 in
2022 2417 2080 2456 re

512 2496 581 2550 ab
607 2492 843 2564 Epicuro
875 2494 1142 2551 dissidere
1172 2494 1273 2548 visi
1325 2502 1491 2558 sunt,
1539 2494 1632 2549 sed
1667 2495 1848 2564 potius
1889 2494 2077 2549 eadem

512 2587 737 2643 omnino
767 2602 826 2643 se
853 2601 977 2642 cum
1013 2587 1257 2656 sapiente
1311 2600 1412 2640 suo
1439 2586 1640 2641 sentire
1672 2572 1929 2657 professi,
1958 2586 2082 2656 jure

511 2686 796 2749 propterea
841 2677 897 2733 id
941 2676 1183 2732 nominis
1225 2676 1482 2731 habuere.
1534 2675 1678 2743 Quin
1740 2679 1941 2745 etiam,
1985 2679 2079 2747 qui

513 2768 844 2840 longissimo
896 2767 1152 2837 deinceps
1186 2766 1471 2823 intervallo
1510 2770 1791 2825 consecuti
1832 2768 2080 2839 Epicurei

514 2871 674 2928 sunt,
710 2860 748 2915 ii
778 2874 877 2916 nec
899 2860 997 2916 abs
1033 2874 1154 2916 sese
1181 2868 1374 2915 mutuo
1396 2902 1411 2926 ,
1449 2876 1549 2916 nec
1593 2861 1661 2917 ab
1708 2863 1901 2918 eodem
1954 2861 2082 2932 Epi-

512 2972 678 3013 cureo
707 2954 1010 3021 tantillum,
1043 2952 1189 3023 quod
1224 2951 1443 3022 quidem
1477 2951 1791 3008 meminisse
1815 2952 2078 3016 attineat,

513 3052 834 3107 discessere.
863 3049 979 3103 lmo
1000 3044 1223 3102 sceleris
1268 3043 1410 3114 apud
1459 3058 1589 3110 eos,
1629 3043 1711 3099 vel
1759 3044 1944 3115 potius
1975 3045 2079 3098 im-

512 3141 731 3211 pietatis
750 3139 841 3195 ille
858 3137 1182 3203 damnetur,
1217 3135 1311 3206 qui
1341 3136 1465 3190 novi
1489 3135 1766 3206 quidpiam
1792 3135 2076 3190 invexerit.

514 3231 681 3303 728
708 3230 887 3298 Quare
922 3242 1085 3283 nemo
1137 3242 1363 3298 prorsus
1397 3227 1451 3281 id
1487 3227 1703 3283 audeat.
1748 3225 1854 3284 Sed
1887 3243 2078 3283 eorum

512 3322 768 3391 dogmata
801 3316 874 3375 ob
898 3324 1240 3374 constantem
1272 3317 1418 3371 illam
1446 3317 1691 3373 omnium
1718 3317 1859 3374 inter
1882 3333 1940 3374 se
1959 3332 2080 3388 per-

512 3420 842 3483 petuamque
884 3408 1271 3473 concordiam,
1313 3408 1391 3462 in.
1418 3409 1686 3465 altissima
1740 3410 1975 3478 quadam
2028 3418 2082 3464 et

515 3500 962 3573 tranquillissima
1011 3515 1145 3571 pace
1191 3508 1499 3555 versantur.
1561 3498 1636 3555 lta
1695 3500 1811 3556 hmo
1862 3497 2080 3571 Epicuri

513 3604 665 3651 secta
692 3607 832 3648 vera:
857 3591 1072 3648 cuidam
1097 3591 1411 3660 reipublicae
1439 3591 1735 3661 persimilis
1764 3599 1847 3647 est
1871 3631 1887 3656 ,
1917 3606 2079 3661 quam

516 3684 583 3737 ab
614 3680 765 3736 omni
809 3680 1073 3736 seditione
1123 3679 1581 3745 remotissimam,
1642 3693 1796 3734 mens
1835 3677 2079 3748 quaedam

515 3789 623 3829 una
653 3771 958 3828 communis
983 3811 999 3836 ,
1023 3786 1242 3839 unaque
1266 3771 1532 3825 sententia
1556 3769 1886 3825 moderetur.
1905 3768 2078 3836 Quam

515 3863 592 3917 illi
625 3861 969 3932 disciplinam
1002 3869 1057 3916 et
1088 3868 1246 3915 antea
1270 3860 1443 3915 secuti
1469 3870 1596 3915 sunt
1640 3860 1789 3914 multi
1812 3860 2085 3929 perliben-

516 3966 635 4021 ter,
670 3965 726 4010 et
757 3963 1061 4026 sequuntur
1103 3955 1435 4015 etiamnum,
1469 3961 1632 4022 atque
1682 3952 1852 4019 adeo,
1899 3962 1957 4007 ut
2006 3952 2084 4006 si-

515 4047 803 4102 millimum
830 4046 944 4103 veri
965 4055 1050 4102 est
1072 4087 1087 4112 ,
1117 4046 1171 4098 in
1198 4055 1473 4116 posterum
1502 4054 1816 4114 sequentur.
1848 4043 1917 4097 At
1937 4041 2085 4099 Stoi-

512 4153 607 4194 cos
629 4139 769 4193 inter
814 4136 1080 4194 factiones
1112 4136 1369 4192 exstitere
1397 4178 1413 4204 ,
1455 4152 1577 4207 qua:
1610 4137 1678 4191 ab
1711 4137 1841 4206 ipsis
1890 4150 2082 4191 eorum

513 4232 820 4287 commissa:
845 4231 1221 4303 principibus,
1274 4230 1341 4285 ad
1398 4247 1499 4286 nos
1559 4246 1731 4301 usque
1776 4238 2085 4301 propagata:

513 4332 662 4379 sunt.
686 4324 764 4377 Ac
788 4338 908 4379 sese
930 4322 1006 4378 illi
1038 4333 1230 4379 mutuo
1252 4324 1484 4393 graviter
1513 4323 1808 4377 admodum
1838 4333 1892 4376 et
1929 4336 2084 4376 acer-

513 4418 580 4472 be
604 4416 975 4489 redarguunt,
1018 4417 1148 4471 dum
1198 4416 1290 4470 alii
1336 4431 1495 4472 suum
1544 4414 1722 4469 adhuc
1773 4412 2085 4469 institutum

2178 1942 2554 2014 τιμητίζεσθαι
2587 1942 2895 1997 αἰτιώτατοι
2916 1944 3010 1998 τὸν
3039 1944 3381 2016 Πυθαγόραν.
3410 1945 3579 1998 Τοῦτο
3619 1945 3677 1998 δὲ
3708 1946 3769 2000 οι

2194 2036 2554 2107 Ἐπικούρειοι
2583 2037 2681 2090 οὐκ
2729 2035 2936 2105 ὠφελον
2983 2038 3106 2108 μὲν,
3137 2037 3400 2108 μαθόντες
3454 2038 3498 2090 δ’
3549 2033 3667 2101 οῦν,
3694 2040 3764 2092 ὲν

2179 2128 2353 2181 οὐδενὶ
2388 2128 2484 2199 μὲν
2518 2127 2776 2200 ὤφθησαν
2809 2128 3115 2201 Ἐπικούρῳ
3143 2131 3364 2185 ἐναντία
3412 2129 3628 2200 Θέμενοι
3662 2132 3767 2185 οὐ-

2178 2219 2385 2290 δαμῶς,
2419 2219 2849 2291 ὁμολογήσαντες
2875 2220 2932 2274 δὲ
2974 2216 3113 2274 εἶναι
3145 2220 3293 2292 σοφῷ
3326 2222 3766 2293 συνδεδογμένοι,

2181 2312 2275 2366 καὶ
2295 2312 2448 2364 αὐτοὶ
2477 2311 2565 2364 διὰ
2591 2310 2748 2364 τοῦτο
2773 2311 3087 2365 ἀπέλαυσαν
3114 2311 3217 2381 τῆς
3241 2312 3594 2384 προσρήσεως
3610 2314 3773 2366 εἰκόο

2179 2420 2305 2466 τως.
2348 2401 2587 2472 ’Υπῆρξέ
2611 2420 2671 2455 τε
2705 2403 2770 2456 ἐκ
2798 2402 2988 2456 τούτου
3021 2405 3113 2456 ἐπὶ
3161 2403 3411 2456 πλεῖστον
3440 2405 3553 2466 τοῖς
3591 2404 3767 2472 μετέ-

2181 2511 2339 2549 πειτα
2374 2495 2765 2567 Ἐπικουρείοις
2799 2496 2921 2566 μηδ’
2960 2496 3142 2559 αὐτοῖς
3177 2497 3352 2549 εἰπεῖν
3379 2514 3466 2549 πω
3490 2496 3768 2564 ἐναντίον,

2180 2583 2304 2637 οὔτε
2363 2583 2636 2655 ἀλλήλοις,
2671 2583 2795 2637 οὔτε
2861 2583 3168 2656 Ἐπικούρῳ
3218 2584 3386 2657 μηδὲν
3443 2587 3523 2648 εἰς
3565 2585 3765 2656 μηδὲν,

2179 2674 2302 2726 ὅτου
2328 2675 2423 2728 καὶ
2456 2672 2760 2745 μνησθῆναι
2783 2674 2951 2740 ἄξιον.
2996 2675 3135 2729 Ἀλλ’
3165 2675 3312 2730 ἐστιν
3356 2677 3541 2740 αὐτοῖς
3577 2693 3772 2749 παρα-

2182 2764 2403 2835 νόμημα
2427 2802 2443 2825 ,
2482 2762 2683 2834 μᾶλλον
2716 2762 2772 2817 δὲ
2818 2762 3093 2836 ἀσέϐημα,
3129 2764 3225 2819 καὶ
3264 2765 3641 2834 κατέγνωσται
3697 2766 3772 2823 τὸ

2181 2854 2591 2926 καινοτομηθέν.
2622 2855 2732 2909 Καὶ
2754 2854 2841 2908 διά
2865 2853 3022 2907 τοῦτο
3041 2855 3216 2920 οὐδεὶς
3243 2855 3365 2909 οὐδὲ
3385 2855 3578 2927 τολμᾷ.
3597 2857 3767 2910 Κατὰ

2182 2948 2380 3020 πολλὴν
2419 2946 2475 3001 δὲ
2502 2948 2723 3018 εἰρήνην
2744 2947 2927 3010 αὐτοῖς
2947 2948 3145 3018 ἠρεμεῖ
3168 2946 3238 3001 τά
3256 2947 3501 3018 δόγματα
3529 2948 3635 3001 ὑπὸ
3656 2949 3767 3019 τῆς

2181 3044 2240 3095 ὲν
2266 3039 2513 3112 ἀλλήλοις
2542 3039 2650 3093 αἰεί
2684 3055 2813 3092 ποτε
2852 3038 3186 3109 συμφωνίας.
3220 3040 3404 3094 Ἐοικέ
3434 3058 3495 3094 τε
3527 3042 3562 3111 ἡ
3608 3041 3769 3095 Ἐπι-

2182 3132 2379 3204 κούρου
2425 3130 2674 3203 διατριϐὴ
2708 3130 2949 3202 πολιτείᾳ
2996 3131 3101 3184 τινὶ
3155 3131 3343 3203 ἀληθεῖ
3393 3133 3769 3186 ἀστασιάστο-

2181 3225 2338 3297 τάτῃ,
2375 3225 2550 3278 κοινὸν
2577 3225 2673 3277 ἕνα
2697 3223 2841 3287 νοῦν,
2872 3223 3001 3294 μίαν
3030 3223 3253 3294 γνώμην
3280 3225 3500 3295 ἐχούσῃ.
3548 3227 3664 3295 Ἀφ’
3681 3222 3759 3299 ἦς

2178 3314 2339 3389 ἦσαν,
2368 3318 2460 3372 καί
2489 3320 2613 3383 εἰσι,
2644 3318 2754 3381 καὶ,
2783 3315 2857 3380 ὡς
2889 3316 3085 3381 ἔοικεν,
3119 3316 3331 3370 ἔσονται
3360 3316 3761 3385 φιλακόλουθοι.

2182 3411 2262 3465 Τά
2284 3412 2338 3464 δὲ
2358 3410 2465 3464 τῶν
2486 3408 2737 3463 Στωϊκῶν
2767 3408 3149 3474 ὲστασίασται,
3187 3407 3469 3479 ἀρξάμενα
3509 3409 3619 3463 άπὸ
3649 3409 3769 3462 τῶν

2183 3503 2475 3574 ἀρχόντων,
2503 3503 2597 3555 καὶ
2629 3500 2853 3572 μηδέπω
2901 3500 3236 3556 τελευτῶντα
3271 3502 3365 3555 καὶ
3419 3501 3535 3555 νῦν.
3564 3502 3766 3570 -Ἐλέγο

2183 3612 2334 3665 χουσι
2361 3594 2417 3647 δὲ
2446 3591 2782 3663 ἀγαπώντως
2819 3591 2896 3662 (9)
2927 3592 3031 3645 ὑπὸ
3076 3592 3372 3663 δυσμενοῦς
3423 3592 3673 3664 ἐλέγχου,
3708 3596 3766 3648 οἰ.

2187 3688 2284 3759 μέν
2305 3704 2447 3751 τινες
2479 3686 2658 3739 αὐτῶν
2686 3685 3128 3755 ὲμμεμενηκότες
3160 3686 3261 3749 ἐτι,
3281 3687 3331 3739 οἰ
3365 3686 3409 3739 δ’
3453 3687 3554 3757 ἤδη
3587 3704 3766 3758 μετα-

2184 3776 2417 3847 θέμενοι.
2468 3773 2686 3838 Εῖξασιν
2736 3772 2846 3842 (10)
2876 3767 2967 3824 οὖν
2997 3774 3045 3824 οἰ
3100 3772 3306 3843 πρῶτοι
3332 3772 3765 3843 ὀλιγαρχικωτέ-

2186 3884 2318 3937 ροις,
2352 3862 2400 3918 οἳ
2427 3864 2490 3937 δὴ
2532 3863 2842 3926 διαστάντες
2872 3862 3118 3934 ὑπῆρξαν
3161 3865 3240 3927 είς
3285 3865 3411 3926 τοὺς
3459 3864 3759 3934 μετέπειτα

2185 3955 2383 4027 πολλῆς
2436 3955 2535 4027 μὲν
2558 3958 2669 4017 τοῖς
2700 3952 3004 4025 προτέροις,
3042 3952 3238 4023 πολλῆς
3271 3953 3328 4007 δὲ
3372 3953 3467 4023 τῆς
3506 3952 3763 4025 ἀλλήλοις

2185 4046 2551 4120 ἐπιτιμήσεως
2583 4046 2764 4110 αἴτιοι,
2795 4046 2961 4099 εἰσέτι
2992 4044 3193 4115 ἐτέρων
3230 4044 3405 4117 ἕτεροι
3445 4043 3755 4097 Στωῖκώτε-

2190 4156 2297 4211 por
2330 4139 2423 4193 καὶ
2457 4137 2656 4209 μᾶλλον
2682 4137 2796 4189 ὅσοι
2825 4135 3004 4188 πλεῖον
3021 4136 3113 4189 ἐπὶ
3140 4134 3201 4188 τὸ
3231 4133 3476 4205 τεχνικὸν
3496 4133 3759 4205 ὤφθησαν

2188 4229 2518 4301 μικρολόγοι.
2552 4229 2716 4282 Αὐτοὶ
2744 4227 2853 4300 γὰρ
2878 4221 3025 4281 οὗτοι
3054 4227 3181 4289 τοὺς
3214 4226 3437 4297 ἐτέρους
3484 4225 3750 4297 ὑπερϐαλ·

2186 4322 2397 4393 λόμενοι
2450 4323 2516 4391 τῇ
2565 4337 2625 4373 τε
2657 4316 3159 4390 πολυπραγμοσύνῃ
3183 4356 3198 4379 ,
3247 4320 3360 4379 τοῖς
3398 4334 3457 4370 τε
3491 4334 3761 4388 σκαριφη-

2186 4412 2341 4484 θμοῖς
2398 4412 2508 4481 (ll)
2558 4409 2831 4481 ἐπετίμων
2883 4408 3095 4464 θᾶττον.
3147 4409 3287 4463 Πολὺ
3323 4408 3505 4480 μέντοι
3557 4410 3761 4463 τούτων

514 4506 780 4573 retinent,
813 4505 904 4560 alii
929 4506 1041 4577 jam
1079 4506 1148 4560 ab
1189 4519 1255 4560 eo
1292 4505 1659 4561 desciverunt.
1717 4501 1782 4557 Et
1826 4501 2078 4558 factioso-

2190 4504 2454 4576 πρότερον
2482 4503 2657 4557 ταὺτά
2686 4502 2888 4556 ἔπαθον
2923 4503 2974 4553 οἱ
3004 4501 3112 4555 άπὸ
3143 4501 3487 4573 Σωκράτους,
3524 4501 3761 4571 ἀφελκύ·

512 4613 636 4653 rum
699 4597 919 4668 quidem
1001 4598 1231 4653 istorum
1304 4596 1573 4668 principes
1635 4610 1824 4651 eorum
1877 4595 2084 4651 similes

512 4698 643 4746 sunt
661 4732 676 4757 ,
706 4690 800 4761 qui
839 4704 1137 4760 paucorum
1163 4690 1454 4759 imperium
1479 4689 1663 4745 acrius
1682 4688 2087 4745 vehementius-

609 4884 663 4955 8)
704 4883 865 4940 Forte
891 4883 1015 4955 add.
1048 4884 1116 4939 τὰ
1146 4886 1269 4955 μέν.

609 4898 641 4938 δ
704 4898 865 4940 morte
891 4898 1015 4940 anu.
1048 4898 1116 4939 τα
1146 4898 1269 4955 μεν.

586 4898 663 5024 ίθί
697 4953 1097 5023 Ἀγαπώντως.
1118 4955 1464 5011 Subobscure
1485 4953 1626 5008 dicta
1654 4954 1768 5009 hmc
1799 4959 1946 5007 sunt.
1973 4950 2084 5021 Ego

515 5036 753 5095 mentem
793 5025 1033 5095 hominis
1061 5027 1241 5095 potius
1284 5040 1448 5094 quam
1485 5024 1646 5078 verba
1672 5032 1895 5095 secutus
1938 5037 2081 5095 sum.

513 5098 598 5149 An
625 5094 766 5166 forte
797 5093 1155 5163 ἀγαπώντως,
1176 5098 1278 5151 hoc
1306 5093 1448 5158 loco,
1477 5093 1721 5166 σφοδρῶς
1756 5094 1849 5166 καὶ
1877 5093 2084 5145 συντεί-

515 5183 621 5236 νως
642 5165 828 5234 ?quod
849 5181 968 5236 quae
987 5166 1282 5236 diligimus,
1304 5182 1364 5219 ea
1388 5166 1498 5219 fere
1515 5164 1728 5236 scrupea
1740 5164 2086 5218 vehementer

514 5233 889 5306 defendamus.
939 5236 1022 5306 An
1090 5233 1349 5306 ἀλλήλους
1392 5250 1490 5304 pro
1543 5233 1879 5306 ἀγαπώντως
1927 5248 2085 5300 repo-

515 5305 966 5360 nendum’Certe
980 5303 1282 5374 Numenius
1312 5307 1399 5360 hic
1435 5321 1626 5374 parum
1651 5305 1855 5374 ubique
1878 5313 2078 5374 tersus.

586 5375 699 5446 (10)
723 5375 1012 5446 Εἵξασιν.
1049 5373 1284 5431 Omnino
1337 5375 1417 5430 vel
1442 5373 1672 5429 ἐοίκασι
1712 5373 2081 5446 reponendum

515 5442 620 5511 est,
648 5442 735 5499 vel
766 5446 937 5511 εἴξασι
968 5461 1067 5515 pro
1095 5446 1304 5499 ἐοίκασι
1338 5446 1574 5514 positum
1597 5486 1611 5508 ,
1644 5442 1790 5510 raro,
1817 5445 1871 5497 ni
1906 5442 2080 5506 fallor,

516 5516 787 5585 exemplo,
825 5517 1017 5570 saltent
1052 5517 1193 5585 apud
1228 5517 1421 5571 soluta:
1446 5516 1711 5571 orationis
1735 5523 2007 5585 auctores.

590 5584 702 5658 (Η)
759 5584 1235 5658 Σκαριφηαιὶοῖςη
1270 5585 1395 5648 Ms.,
1444 5585 1860 5658 σκαρφηθμοῐς,
1905 5584 2083 5638 adhuc

517 5654 798 5727 vitiosius.
830 5655 1003 5709 Credo
1052 5656 1334 5724 legendqu
1371 5654 1758 5727 παριῲισμοίς
1783 5696 1798 5720 ,
1849 5655 1951 5710 hoc
1998 5665 2083 5727 cst

518 5724 889 5797 λεπτολογίαις
916 5733 971 5797 et
1000 5728 1319 5780 contortulis
1354 5724 1605 5797 argutiis,
1628 5724 1826 5795 quibus
1853 5726 2078 5793 carptim

522 5795 725 5866 aliquid
776 5796 1168 5865 perstringatur
1215 5795 1439 5865 potius,
1485 5808 1537 5851 ct
1575 5797 1731 5867 quasi
1778 5797 2074 5859 vellicetur,

2188 4613 2376 4662 σαντες
2405 4597 2693 4668 διαφόρους
2714 4596 2838 4658 τοὺς
2870 4594 3087 4664 λόγους
3115 4593 3219 4664 ἰδίᾳ
3242 4593 3340 4665 μὲν
3383 4593 3766 4665 Ἀρίστιππος,

2189 4690 2293 4761 ἰδίᾳ
2319 4689 2375 4742 δὲ
2419 4687 2790 4759 Ἀντισθένης·
2829 4687 2925 4740 καὶ
2961 4685 3197 4757 ἀλλαχοῦ
3238 4685 3343 4758 ἰδίᾳ
3371 4687 3421 4738 οἱ
3458 4688 3765 4759 Μεγαρικοι

2185 4883 2348 4952 quam
2379 4866 2691 4936 diligentius
2721 4865 3059 4920 enuclectur.
3105 4863 3500 4934 Aristophanes
3547 4865 3605 4917 ὲν
3649 4867 3736 4918 Ba

2185 4955 2353 4988 τοαγ.
2392 4945 2496 4988 act.
2532 4952 2581 4988 Iv
2613 4951 2626 4986 :

2185 4955 2353 5006 τραχ.
2392 4951 2496 4990 act.
2532 4952 2581 4988 Iv
2613 4951 2626 4986 :

2334 5028 2400 5081 Τὸ
2436 5026 2487 5079 δ’
2512 5026 2610 5080 ἐπὶ
2652 5025 2927 5096 σεμνοῖσι
2956 5027 3159 5096 λόγοις
3182 5068 3195 5092 ,

2327 5098 2436 5151 Kal
2471 5096 2929 5165 σκαριφισμοῖσι
2961 5096 3163 5165 λήρων

2325 5166 2639 5235 Διατριϐὴν
2669 5167 2854 5235 (ipqu
2879 5167 3175 5220 ποιεῖσθαι
3201 5206 3217 5230 ,

2325 5236 2859 5307 Παραφρονοῡντος
2885 5235 3124 5305 ἀνδρός.

2184 5329 2582 5399 Σκαριφήματσ
2613 5342 2836 5399 quoque
2862 5328 3183 5399 dicebantur
3210 5342 3230 5399 7:
3268 5326 3488 5399 imo,‘ut
3507 5325 3767 5399 κωμικῷ-

2184 5395 2340 5471 τερον
2352 5395 2704 5467 Aristophani
2720 5395 2957 5450 σκαλαθυ
2965 5414 2995 5467 ρ
3003 5398 3191 5467 μάτια,
3209 5398 3260 5450 in
3280 5395 3548 5457 Nubibus,
3553 5395 3657 5464 ,νηί
3669 5395 3738 5446 (Li
3758 5413 3770 5445 :

2258 5492 2456 5555 ’Ὅστις
2479 5486 2978 5555 σκαλαθυρμάτια
3002 5485 3149 5539 ἄττα
3174 5487 3351 5555 μικρὰ
3370 5485 3717 5555 μανθάνων.

2188 5583 2521 5639 Scholiastes
2554 5578 2806 5649 explicat,
2839 5578 3187 5648 σκαλεύματα
3216 5576 3573 5649 σμικράηκαὶ
3598 5576 3774 5649 λεπτὰ

2187 5653 2497 5707 παντάπασι
2526 5647 2772 5720 νοήματα
2789 5688 2815 5720 ,ξ
2848 5647 3403 5720 καὶλσκαριφήματα.
3438 5647 3636 5720 subdit
3678 5662 3775 5720 a_n_-

2187 5735 2295 5778 lem
2318 5764 2334 5789 ,
2371 5725 2433 5776 ἐκ
2473 5714 2665 5774 τούτου
2696 5718 2751 5771 δὲ
2798 5718 3073 5771 διασάλλει
3096 5714 3423 5789 Σωκράτην,
3456 5716 3532 5781 ὡς
3580 5714 3775 5783 εὐτελῆ

2187 5736 2295 5778 tem
2318 5764 2334 5789 ,
2371 5736 2433 5776 εκ
2473 5738 2665 5774 τουτου
2696 5736 2751 5771 οε
2798 5736 3073 5771 οιαοαλιει
3108 5736 3414 5841 ειωκρατην,

2187 5798 2342 5861 εἰσιν,
2370 5793 2404 5848 ἂ
2430 5792 2703 5854 διδάσκει,
2734 5790 2826 5842 καὶ
2850 5789 3057 5853 οὐδενὸς
3086 5789 3210 5855 ἄξια
3254 5788 3414 5856 .όγου.
