4144 6410
372 375 510 437 1197

1497 382 1817 442 ΡΠᾸΞΡΑΒ.
1860 377 2111 443 EVANG.
2151 375 2280 442 LIB.
2318 375 2457 443 XIV.

3490 378 3629 443 “98

378 517 427 555 cs
472 504 568 557 xui
613 496 934 577 Ἐρετρικοὶ,
970 506 1003 578 ἢ
1042 507 1095 560 εῐ
1142 524 1285 572 τινες
1339 506 1485 562 ἄλλοι
1542 508 1679 580 μετὰ
1724 508 1947 561 τούτων.

2056 520 2162 575 que
2193 504 2522 569 defendunt,
2552 519 2761 574 suoque
2784 503 2875 559 illo
2896 504 3132 560 divortio
3160 494 3214 558 in
3253 519 3419 561 causa
3437 504 3590 561 fuere
3612 544 3629 574 ,

369 594 550 650 Δῖτιον
569 596 648 663 δὲ,
668 599 750 651 ὅτι
778 600 928 668 τρεῖς
956 598 1111 663 θεοὺς
1138 599 1420 670 τιθεμένου
1469 600 1790 669 Σωκράτους
1810 642 1823 665 ,
1859 602 1951 654 xui

372 688 785 758 φιλοσοφοῦντος
828 690 1011 755 αὐτοῖς
1041 693 1099 745 ὲν
1155 693 1269 755 τοῖς
1330 694 1698 764 προσήκουσιν
1737 694 1952 765 ἑκάστῳ

367 779 615 850 ῥυθμοῖς,
637 783 684 835 οἱ
715 781 1099 846 διακούσαντες
1124 784 1282 837 τοῦτο
1305 784 1403 855 μὲν
1428 786 1678 855 ἠγνόουν,
1705 786 1871 856 ᾠοντο
1894 787 1950 839 δὲ

365 871 544 940 Αέγειν
574 873 752 927 πάντα
778 874 942 928 αὐτὸν
976 875 1124 945 εἰκῆ,
1156 878 1248 930 καὶ
1289 877 1395 931 ἀπὸ
1437 878 1538 947 τῆς
1572 878 1808 950 νικώσης
1844 883 1951 933 αἰεὶ

365 963 682 1033 προστυχῶς
724 965 914 1019 ἄλλοτε
946 966 1114 1036 ἄλλης
1151 969 1339 1038 τύχης,
1379 970 1527 1033 ὅπως
1574 972 1745 1024 πνέοι.
1789 973 1845 1025 '0
1896 974 1949 1025 δὲ

365 1053 626 1119 Πλάτων,
658 1056 1039 1127 Πυθαγορῖσας
1085 1059 1234 1129 (ᾔδει
1277 1060 1334 1113 δὲ
1362 1061 1453 1114 τὸν
1503 1061 1800 1133 Σωκράτην
1848 1081 1950 1135 μη-

359 1143 595 1216 δαμόθεν
618 1146 651 1218 ἢ
676 1148 884 1202 ἐκεῖθεν
905 1147 996 1202 διά
1026 1148 1139 1218 (12)
1160 1150 1229 1204 τά
1253 1151 1391 1204 αὐτὰ
1422 1151 1644 1206 τοιαῦτα
1677 1155 1851 1206 εἰπεῖν
1888 1172 1947 1207 τε

360 1238 457 1292 καὶ
501 1239 700 1306 γνόντα
730 1240 1072 1312 εἰρηκέναι),
1104 1235 1205 1295 ὧδε
1234 1238 1329 1296 οὖν
1380 1244 1474 1297 xui
1534 1244 1692 1307 αὐτὸς
1725 1245 1948 1315 συνεδή-

362 1344 495 1383 σατο
518 1328 587 1384 τά
611 1332 933 1402 πράγματα,
965 1332 1088 1387 οὔτε
1113 1333 1405 1398 εἰωθότως,
1424 1333 1546 1388 οὔτε
1576 1334 1634 1389 δὲ
1662 1335 1743 1397 εἰς
1763 1335 1824 1387 τὸ
1846 1351 1949 1403 φα-

360 1420 518 1492 νερόν
538 1438 552 1452 ’
577 1418 857 1492 διαγαγὼν
885 1424 943 1478 δὲ
975 1424 1182 1479 ἕκαστα
1210 1426 1317 1495 ὅπη
1342 1425 1612 1496 ἐνόμιζεν,
1645 1424 1949 1496 ἐπικρυψά-

365 1528 531 1583 μενος
552 1513 612 1567 ὲν
642 1514 793 1586 μέσῳ
817 1515 913 1569 τοῦ
936 1515 1069 1587 δῆλα
1101 1513 1239 1570 εἶναι
1281 1516 1373 1570 xui
1405 1517 1479 1588 μή
1507 1517 1665 1588 δῆλα,
1691 1516 1948 1586 ἀσφαλῶς

364 1605 466 1674 μὲν
491 1606 793 1677 ἐγράψατο,
820 1608 982 1672 αὐτὸς
1004 1608 1060 1662 δὲ
1082 1609 1262 1662 αἰτίαν
1288 1609 1530 1680 παρέσχε
1566 1608 1665 1680 τῆς
1704 1608 1822 1679 μετ’
1849 1609 1947 1663 αὺ-

358 1695 451 1749 τὸν
502 1697 743 1762 στάσεώς
786 1715 845 1751 τε
874 1699 989 1770 ἅμα
1018 1702 1113 1752 καὶ
1136 1699 1355 1769 διολκῆς
1399 1698 1507 1752 τῶν
1536 1698 1821 1768 δογμάτων
1839 1737 1853 1761 ,
1886 1699 1946 1751 οὐ

359 1789 539 1860 φθόνῳ
589 1790 722 1860 μὲν,
761 1790 885 1844 οὐδέ
940 1808 1006 1859 γε
1048 1791 1285 1862 δυσνοίᾳ.
1349 1790 1488 1843 Ἀλλ’
1536 1791 1596 1843 06
1654 1788 1943 1860 βούλομαι,

2054 595 2415 663 quamobrem
2448 594 2650 665 posteri
2681 604 2735 649 ct
2758 596 2995 664 majores
3037 611 3169 651 suos
3192 637 3206 661 ,
3250 606 3304 650 et
3338 610 3460 651 sese
3505 614 3631 651 mu-

2053 696 2151 741 tuo
2180 686 2630 756 intemperantius
2653 688 3058 757 reprehendant
3084 706 3098 755 ;
3127 703 3253 743 cum
3287 688 3410 745 aliis
3450 690 3633 745 adhuc

2054 778 2146 831 alii
2200 779 2387 833 stoicae
2425 779 2732 849 disciplina:
2786 781 3090 836 tenaciores
3154 791 3360 836 essent.
3414 781 3534 848 Quo
3574 784 3629 836 in

2053 885 2251 941 genere
2284 870 2623 925 molestiores
2651 870 2803 925 fuere
2825 912 2840 938 ,
2876 872 2969 940 qui
2995 870 3245 941 argutius
3278 887 3341 925 ac
3373 872 3631 928 subtilius

2052 962 2326 1031 quoddam
2358 963 2647 1029 artiﬁcium
2682 964 2942 1033 aucupari
2975 963 3319 1018 videbantur.
3355 964 3417 1018 lli
3456 965 3628 1030 enim,

2052 1063 2113 1108 ut
2142 1056 2459 1110 curiositate
2483 1066 2710 1110 caeteros
2747 1072 2811 1111 ac
2854 1056 3141 1111 vellicandi
3178 1058 3431 1112 acumine
3469 1073 3630 1127 supe-

2052 1147 2283 1212 rabant,
2316 1148 2396 1203 sic
2427 1147 2730 1217 paratiores
2782 1156 2943 1202 erant
2979 1148 3045 1201 ad
3094 1148 3625 1217 reprehendendum.

2051 1236 2202 1303 Quod
2236 1239 2414 1308 ipsum
2452 1248 2631 1293 tamen
2674 1239 2843 1293 multa
2893 1249 3021 1294 ante
3073 1240 3262 1309 ipsos,
3318 1239 3628 1296 factitatum

2051 1330 2121 1383 ab
2153 1330 2220 1384 iis
2250 1340 2334 1385 est
2357 1368 2373 1396 ,
2403 1330 2498 1401 qui
2527 1345 2557 1386 e
2597 1330 2841 1387 Socratis
2888 1332 3356 1401 disputationibus
3403 1342 3629 1388 contra-

2051 1421 2165 1478 rias
2192 1432 2455 1477 cruerunt
2484 1433 2901 1495 pugnantesque
2939 1426 3177 1480 rationes
3214 1444 3228 1480 :
3264 1426 3354 1480 ubi
3396 1426 3627 1481 seorsim

2049 1513 2363 1584 Aristippus
2387 1556 2402 1580 ,
2434 1516 2668 1571 seorsim
2690 1517 3048 1573 Antisthenes
3075 1560 3091 1586 ,
3120 1519 3322 1589 aliique
3353 1520 3625 1584 similiter,

2050 1616 2110 1659 ut
2131 1605 2477 1675 Megarenses
2505 1616 2560 1662 et
2592 1606 2788 1663 Eretrii
2812 1650 2827 1672 ,
2856 1625 2920 1664 ac
2966 1611 3012 1665 si
3041 1610 3135 1679 qui
3191 1620 3451 1680 prmterca
3500 1626 3626 1666 cum

2049 1696 2171 1753 istis
2221 1699 2548 1753 numerandi
2606 1709 2753 1754 sunt.
2805 1699 2977 1770 Cujus
3032 1701 3249 1756 divortii
3287 1718 3454 1757 causa
3510 1704 3627 1757 haec

2048 1787 2189 1854 fuit,
2212 1790 2359 1860 quod
2393 1805 2519 1845 cum
2548 1788 2805 1847 Socrates
2849 1792 2980 1847 deos
3012 1802 3124 1847 tres
3161 1806 3424 1863 poneret,
3464 1806 3628 1865 atque

357 1872 452 1932 ἐπὶ
483 1872 706 1952 ἀνδράσι
750 1882 1143 1956 πρεσϐυτέροις
1186 1884 1363 1936 εἰπεῖν
1412 1876 1632 1953 ῥήματα
1670 1874 1769 1934 06x
1800 1880 1945 1934 ἐναί-

2047 1881 2186 1951 apud
2216 1897 2313 1938 eos
2335 1884 2451 1939 suis
2478 1885 2747 1955 cujusque
2783 1888 3131 1958 propriisque
3174 1889 3418 1943 numeris
3445 1889 3624 1957 philo-

360 1984 517 2042 σιμά.
571 1971 743 2025 Τοῦτο
790 1972 847 2027 δὲ
908 1974 1013 2045 χρὴ
1071 1974 1343 2046 μαθόντας
1389 1977 1567 2047 ήμᾶς,
1629 1976 1944 2042 ἐπενεγκεῖν

356 2063 536 2115 ἐκεῖσε
587 2062 785 2133 μᾶλλον
854 2064 951 2136 τὴν
1005 2066 1269 2136 γνώμην,
1325 2068 1419 2119 xui
1488 2064 1675 2136 ὥσπερ
1726 2064 1784 2131 ἐξ
1845 2066 1944 2136 άρ-

357 2154 462 2224 χῆς
521 2154 871 2227 προύθέμεθα
898 2195 914 2219 ,
983 2157 1241 2228 χωρίζειν
1298 2155 1463 2210 αὐτὸν
1540 2155 1947 2228 Ἀριστοτέλους

359 2244 454 2298 xui
508 2245 794 2316 Ζήνωνος,
858 2245 1001 2299 οὕτω
1060 2247 1154 2300 xui
1217 2244 1315 2299 νῦν
1387 2247 1487 2317 τῆς
1565 2245 1943 2317 Ἀκαδημίας,

359 2335 456 2389 ἐὰν
487 2337 517 2390 6
543 2335 676 2400 Θεὸς
707 2337 1082 2409 ἀντιλάϐηται,
1120 2339 1468 2409 χωρίζοντες,
1521 2337 1756 2408 ἐάσομεν
1786 2336 1945 2391 αὑτὸν

357 2425 443 2494 ὐφ’
476 2422 668 2479 ἑαυτοῦ
694 2426 790 2481 νῦν
818 2422 957 2481 εἶναι
1000 2428 1389 2500 Πυθαγόρειον.
1441 2428 1529 2491 Ὠς
1568 2428 1661 2481 νῦν
1715 2427 1948 2499 μανικώ-

355 2517 566 2589 τερονῆ
621 2518 816 2573 Πενθεῖ
878 2538 986 2574 τινι
1042 2521 1309 2591 προσῆκε,
1355 2520 1697 2591 διελκόμενος
1747 2520 1946 2589 πάσχει

360 2611 460 2680 μὲν
479 2612 618 2665 κατὰ
648 2611 807 2683 μέλη,
831 2612 970 2677 ὅλως
997 2612 1042 2666 δ’
1075 2612 1136 2678 ἐξ
1188 2613 1312 2667 ὅλου
1363 2612 1559 2666 ἑαυτοῦ
1599 2611 1944 2683 μετατίθεται

356 2717 416 2755 τε
444 2703 538 2756 καὶ
568 2704 1041 2775 άντιμετατίθεται
1079 2705 1354 2776 οὐδαμῶς.
1420 2705 1508 2768 Ὧς
1551 2700 1645 2759 οὖν
1691 2704 1832 2774 ἀνὴρ
1861 2721 1949 2774 με·

358 2794 531 2849 σεύων
561 2796 876 2869 Πυθαγόρου
921 2798 1016 2852 xui
1044 2797 1387 2869 Σωκράτους,
1421 2795 1514 2850 τοῦ
1551 2796 1649 2866 μὲν
1670 2795 1731 2849 τὸ
1753 2795 1947 2865 σεμνὸν

356 2885 660 2956 ὑπαγαγὼν
684 2888 845 2958 μέχρι
868 2886 962 2941 τοῦ
991 2884 1395 2957 φιλανθρώπου,
1434 2885 1531 2939 τοῦ
1566 2886 1625 2939 δὲ
1649 2886 1712 2938 τὸ
1737 2884 1947 2956 κομψὸν

355 2976 516 3031 τοῦτο
553 2977 646 3031 καὶ
697 2977 1029 3048 παιγνιῆμον
1061 2975 1354 3046 ἀναγαγὼν
1398 2976 1504 3030 ἀπὸ
1530 2976 1631 3047 τῆς
1663 2976 1946 3049 εἰρωνείας

356 3065 472 3141 (15)
506 3071 587 3134 εις
629 3068 844 3139 ἀξίωμα
872 3070 968 3123 xui
1008 3068 1192 3137 ὄγκον,
1228 3068 1323 3122 xui
1367 3068 1499 3121 u61:6
1521 3065 1683 3121 τοῦτο
1709 3067 1949 3140 κεράσας

355 3161 635 3233 Σωκράτει
662 3160 1004 3233 Πυθαγόραν,
1042 3160 1138 3215 τοῦ
1195 3161 1294 3232 μὲν
1336 3159 1796 3233 δημοτικώτερος,
1849 3160 1941 3214 τοῦ

351 3251 412 3305 δὲ
443 3224 766 3324 σεμνότερος
785 3224 960 3325 ὤφθη.
991 3224 1130 3306 Ἆλλ⁹
1150 3224 1210 3307 06
1233 3252 1342 3326 γάρ
1452 3254 1626 3310 ταῦτα
1651 3224 1942 3328 διαιτήσων
1969 3224 2013 3283 C

350 3338 537 3413 ἦλθον,
572 3344 647 3416 μὴ
680 3344 806 3415 περὶ
832 3344 1037 3399 τούτων
1066 3344 1233 3416 οῠσης
1262 3346 1359 3400 νῦν
1397 3364 1484 3419 μοι
1517 3347 1619 3418 τῆς
1639 3346 1939 3420 ζητήσεως.

360 3429 427 3487 ’Ἃ
452 3429 509 3488 δὲ
542 3435 918 3507 προύδέδοκτο,
962 3437 1058 3491 xui
1108 3433 1224 3509 εἶμι
1272 3439 1475 3503 ἐκεῖσε,
1534 3434 1567 3511 ἦ
1614 3439 1680 3512 δὴ
1714 3440 1942 3511 φροῦδος

351 3524 685 3595 ἀναδραμεῖν
720 3524 831 3595 (14)
860 3516 1002 3580 δοκῶ
1033 3544 1146 3596 μοι,
1186 3526 1261 3598 μὴ
1291 3526 1386 3580 καί
1416 3542 1518 3579 που
1550 3525 1943 3598 ἀποκρουσθῶ-

357 3627 457 3686 μεν
481 3614 579 3688 τῆς
600 3615 719 3670 6606
751 3618 849 3688 τῆς
872 3619 1165 3689 φερούσης.
1222 3618 1545 3689 Πολέμωνος
1591 3617 1648 3671 δὲ
1700 3619 1945 3687 ἐγένοντο

354 3706 619 3779 γνώριμοι
662 3709 1007 3780 Ἀρκεσίλαος
1043 3706 1138 3763 xui
1165 3710 1374 3781 Ζήνων·
1423 3710 1584 3765 πάλιν
1628 3710 1736 3782 γὰρ
1763 3709 1944 3763 αὐτῶν

358 3800 737 3873 μνησθήσομαι
786 3803 880 3854 ἐπὶ
920 3801 1084 3857 τέλει.
1139 3804 1364 3874 Ζήνωνα
1406 3803 1506 3873 μὲν
1534 3798 1627 3857 οὖν
1661 3803 1943 3874 μέμνημαι

354 3892 544 3957 εἰπὼν,
575 3892 919 3966 Ξενοκράτει,
948 3889 1066 3947 εἶτα
1102 3894 1160 3947 δὲ
1185 3895 1466 3965 Πολέμωνι
1494 3896 1767 3966 φοιτῆσαι,
1787 3891 1943 3959 αὖθις

354 3978 411 4039 δὲ
436 3984 587 4059 παρὰ
617 3986 862 4056 Κράτητι
901 3984 1138 4040 κυνίσαι.
1168 3986 1308 4041 Nuvi
1333 3986 1389 4041 δὲ
1433 3987 1583 4059 αὐτῷ
1627 3988 1941 4058 λελογίσθω,

353 4076 437 4130 ὅτι
465 4076 561 4131 xui
586 4078 891 4142 Στίλπωνός
932 4095 991 4132 τε
1022 4079 1273 4150 μετέσχε,
1320 4080 1416 4133 xui
1466 4080 1575 4135 τῶν
1632 4083 1806 4151 λόγων
1835 4083 1942 4135 τῶν

367 4165 804 4238 Ἡρακλειτείων.
847 4167 999 4222 Ἐπεὶ
1028 4168 1137 4239 γὰρ
1162 4170 1563 4240 συμφοιτῶντες
1596 4174 1748 4245 παρὰ
1782 4174 1945 4227 Πολέ-

357 4274 495 4327 μωνι
517 4257 981 4331 ἐφιλοτιμήθησαν
1010 4259 1280 4331 ἀλλήλοις,
1306 4262 1727 4334 συμπαρέλαϐον
1748 4266 1829 4329 εἰς
1845 4266 1944 4336 τήν

356 4350 494 4422 πρὸς
525 4350 788 4423 ἀλλήλους
813 4353 995 4424 μάχην
1014 4392 1030 4420 ,
1067 4356 1096 4407 ὁ
1128 4355 1227 4424 μὲν
1259 4354 1633 4426 Ἡράκλειτον,
1667 4359 1762 4412 καὶ
1788 4359 1943 4413 Στίλ-

354 4456 531 4507 πωνα,
561 4442 677 4512 ἅμα
721 4444 816 4497 xui
879 4446 1161 4517 Κράτητα,
1213 4439 1288 4500 ὧν
1330 4447 1435 4500 ὑπὸ
1499 4448 1598 4517 μὲν
1637 4449 1946 4515 Σπίλπωνος

356 4532 573 4602 nam
618 4536 886 4607 μαχητὴς,
949 4537 1055 4591 ὑπὸ
1097 4538 1155 4591 δὲ
1214 4538 1566 4609 Ἡρακλείτου
1626 4540 1900 4613 αὐστηρὸς
1922 4582 1938 4606 ,
1974 4563 2018 4618 ι)

356 4625 571 4691 κυνικὸς
602 4627 658 4680 δὲ
698 4629 804 4682 ὑπὸ
841 4631 1145 4702 Κράτητος·
1174 4633 1203 4684 6
1239 4630 1282 4684 δ’
1326 4631 1673 4701 Ἀρκεσίλαος
1697 4632 1943 4703 Θεόφρα-

356 4736 481 4773 στον
508 4721 667 4790 ῖσχει,
694 4721 788 4774 xui
813 4722 1102 4794 Κράντορα
1141 4724 1232 4776 τὸν
1286 4724 1649 4787 Πλατωνικὸν,
1688 4726 1782 4778 καὶ
1824 4726 1941 4778 Διό-

351 4807 546 4879 δωρον,
577 4806 696 4864 εῐτα
728 4812 1020 4882 Πύρρωνα·
1052 4808 1127 4869 ὧν
1158 4815 1264 4868 ὑπὸ
1295 4817 1393 4886 μὲν
1433 4816 1745 4888 Κράντορος
1775 4817 1933 4871 πιθα-

354 4898 661 4968 νουργικὸς,
705 4902 813 4955 ὑπὸ
862 4904 1125 4976 Διοδώρου
1168 4906 1224 4959 δὲ
1270 4908 1547 4978 σοφιστὴς,
1578 4908 1681 4961 ὑπὸ
1712 4909 1767 4960 δὲ
1796 4907 1940 4977 [1:36-

355 4990 524 5059 ρωνος
548 4992 764 5059 ἐγένετο
798 4996 1158 5062 παντοδαπὸς,
1188 4999 1284 5051 xui
1319 4998 1458 5070 ἴτης,
1512 4999 1606 5053 καὶ
1656 5000 1830 5054 οὐδέν.
1872 5000 1937 5053 Ὀ

354 5084 448 5137 xui
488 5084 704 5153 ἐλέγετο
752 5088 879 5155 περ)⁸
918 5088 1081 5141 αὐτοῦ
1134 5085 1389 5159 ᾁδόμενόν
1413 5107 1463 5144 τι
1492 5089 1622 5153 ἔπος
1669 5089 1924 5160 παράγω-

259 5208 267 5215 -
352 5191 449 5244 γον
475 5175 587 5248 (15)
614 5181 709 5233 xui
737 5181 1069 5251 ὑϐριστικόνο

2047 1974 2374 2044 sopharetur
2394 2018 2409 2041 ,
2440 1976 2534 2046 qui
2565 1992 2692 2031 eum
2730 1978 3064 2044 audiebant,
3093 1989 3219 2034 cum
3264 1979 3396 2034 illud
3441 1980 3627 2035 utinus

2046 2075 2336 2135 caperent,
2368 2076 2480 2121 tum
2509 2082 2639 2121 vero
2676 2076 2879 2123 temere
2902 2110 2916 2134 ,
2948 2085 3011 2124 ac
3039 2085 3138 2139 pro
3181 2070 3400 2126 diverso
3448 2070 3625 2127 fortu-

2047 2172 2160 2223 na‘,
2193 2157 2335 2215 alius
2360 2158 2498 2214 alias
2523 2161 2835 2227 superantis
2863 2160 3043 2215 amatu
3064 2203 3079 2227 ,
3107 2162 3293 2217 omnia
3335 2163 3404 2217 ab
3422 2178 3488 2217 eo
3521 2162 3627 2218 dici

2046 2245 2443 2302 existimarent.
2492 2247 2564 2301 At
2588 2248 2779 2313 Plato,
2808 2258 2866 2303 ut
2914 2249 3217 2305 inhaerebat
3268 2249 3627 2323 Pythagora,

2048 2336 2130 2392 sic
2161 2337 2365 2408 optime
2394 2347 2621 2392 noverat
2655 2336 2940 2394 Socratem
2962 2382 2977 2406 ,
3029 2355 3131 2396 nec
3174 2342 3428 2409 aliunde,
3459 2357 3627 2412 quam

2047 2444 2115 2484 ex
2144 2428 2489 2502 Pythagoreo
2517 2430 2609 2485 illo
2640 2431 2789 2486 fonte
2806 2432 3005 2488 hausta
3036 2433 3126 2488 illa
3154 2433 3336 2490 dicere
3369 2435 3628 2501 solitum,

2046 2528 2103 2574 et
2162 2519 2485 2591 prudentem
2551 2536 2616 2577 ac
2680 2523 2940 2579 scientem
3000 2540 3065 2580 ea
3137 2527 3377 2583 locutum
3436 2527 3628 2585 fuisse.

2047 2610 2317 2677 Quocirca
2346 2624 2460 2668 rem
2498 2617 2665 2668 lotam
2721 2614 2794 2669 ita
2832 2617 3110 2672 convolvit
3145 2619 3259 2688 ipse
3286 2635 3539 2691 quoque,
3569 2629 3632 2676 ut

2049 2718 2150 2759 nec
2174 2703 2381 2759 usitato
2411 2719 2597 2769 more,
2623 2718 2723 2760 nec
2761 2708 3050 2777 perspicue
3087 2709 3418 2780 loqueretur.
3451 2712 3521 2767 At
3543 2712 3628 2766 di-

2050 2792 2216 2862 gestis
2246 2806 2349 2863 pro
2379 2793 2609 2849 arbitrio
2639 2794 2868 2865 singulis
2888 2837 2902 2861 ,
2951 2812 3126 2867 eaque
3183 2799 3518 2855 obscuritate
3548 2810 3631 2856 as-

2047 2896 2242 2952 persa,
2301 2892 2360 2937 ut
2409 2883 2608 2953 partim
2672 2882 3148 2954 intelligerentur,
3182 2890 3385 2957 partim
3441 2889 3627 2959 ignota

2051 2981 2427 3039 remanerent,
2469 2988 2685 3028 summa
2708 2975 2965 3029 cautione
3004 2975 3218 3045 scripsit
3246 2974 3337 3031 ille
3371 2978 3625 3047 quidem,

2056 3062 2153 3117 sed
2193 3069 2374 3116 tamen
2401 3063 2565 3132 hujus
2593 3078 2716 3132 quae
2745 3073 2871 3133 post
2904 3077 3030 3118 eum
3073 3072 3259 3119 secuta
3293 3075 3376 3121 est
3415 3065 3629 3121 dissen-

2052 3152 2263 3218 sionis,
2300 3152 2731 3224 dogmatumque
2779 3168 3006 3209 suorum
3051 3156 3298 3213 diversas
3341 3158 3395 3212 in
3446 3168 3628 3228 partes

2047 3260 2351 3318 sensusque
2361 3247 2583 3303 divortii
2599 3262 2822 3304 causam
2845 3249 3108 3319 praebuit;
3128 3268 3236 3305 nun
3253 3252 3456 3309 invidia
3477 3262 3626 3309 certe

2045 3338 2264 3408 quidem
2298 3348 2393 3394 aut
2423 3338 2827 3395 malevolentia.
2864 3339 3161 3397 Enimvero
3203 3343 3336 3398 nihil
3377 3344 3445 3399 dc
3487 3346 3631 3403 anti-

2045 3430 2457 3502 quioribusillis
2481 3474 2495 3498 ,
2536 3434 2682 3504 quod
2718 3438 2900 3490 minus
2928 3435 3035 3490 laeti
3074 3437 3274 3492 ominis
3310 3438 3409 3502 sit,
3448 3439 3630 3496 dicere

2046 3524 2233 3579 statui.
2263 3523 2328 3578 At
2354 3538 2457 3579 nos
2478 3526 2581 3579 hoc
2597 3525 2768 3579 semel
2785 3525 3004 3595 cognito
3020 3528 3345 3582 sententiam
3369 3545 3433 3583 eo
3450 3529 3631 3598 potius

2044 3622 2289 3670 nostram
2317 3615 2567 3671 conferre
2594 3618 2895 3687 oportebit;
2945 3628 3109 3688 atquc
3141 3628 3201 3673 ut
3231 3620 3389 3679 nobis
3422 3622 3491 3675 ab
3517 3621 3623 3675 ini-

2045 3706 2123 3761 tio
2150 3708 2493 3777 propositum
2525 3706 2650 3773 fuit,
2687 3722 2814 3762 eum
2877 3708 2946 3764 ab
2993 3710 3287 3765 Aristotele
3316 3726 3380 3766 ae
3412 3709 3631 3768 Zenone

2046 3799 2352 3871 sejungere,
2393 3801 2475 3857 sic
2500 3803 2755 3858 eumdem
2784 3803 2854 3857 ab
2884 3803 3002 3873 ipsa
3049 3819 3269 3873 quoque
3312 3804 3627 3873 Academia,

2046 3892 2212 3963 729
2226 3894 2272 3949 si
2290 3895 2579 3950 consilium
2599 3894 2742 3952 Deus
2755 3896 3030 3966 probabit,
3049 3908 3425 3968 segregantes,
3441 3913 3534 3968 per
3550 3916 3631 3955 se-

2045 3999 2106 4041 se
2129 3984 2538 4059 Pythagoreum
2556 4003 2681 4044 esse
2698 3990 2997 4059 patiemur.
3022 3989 3234 4059 Quippe
3257 3991 3454 4061 majori
3476 4008 3628 4047 nunc

2044 4085 2191 4134 certe
2214 4076 2418 4134 furoris
2447 4088 2605 4145 aestu,
2639 4094 2805 4149 quam
2827 4079 2873 4135 si
2908 4078 3184 4135 Pentheus
3210 4079 3435 4150 quidam
3457 4092 3627 4145 esset.

2047 4169 2176 4224 hinc
2206 4170 2444 4240 indeque
2480 4170 2801 4237 distractus,
2855 4171 2972 4227 suis
3019 4172 3073 4225 in
3131 4171 3393 4226 membris
3422 4174 3631 4241 patitur

2045 4262 2136 4317 ille
2156 4263 2402 4332 quidem.
2435 4270 2492 4316 at
2519 4276 2800 4331 nunquam
2830 4262 2906 4317 ita
2923 4263 3027 4318 sibi
3049 4271 3199 4318 tutus
3222 4263 3469 4318 aufertur
3499 4265 3628 4334 ipsi,

2046 4361 2108 4407 ut
2135 4352 2279 4408 alius
2307 4351 2534 4407 omnino
2560 4352 2831 4407 videatur.
2862 4350 2969 4407 Sed
2996 4354 3203 4422 potius,
3236 4354 3394 4423 quasi
3427 4353 3622 4425 Pytha-

2045 4460 2234 4517 goram
2263 4445 2404 4500 inter
2435 4442 2832 4515 Soeratemque
2855 4443 3094 4510 medius,
3118 4445 3248 4500 dum
3287 4447 3437 4501 illius
3453 4447 3627 4516 gravi-

2045 4545 2213 4591 tatem
2240 4537 2307 4591 ad
2343 4536 2743 4591 humanitatem
2782 4536 3015 4592 inclinat
3042 4545 3096 4591 et
3130 4537 3319 4603 ﬂectit,
3343 4537 3510 4607 hujus
3537 4555 3624 4593 ur~

2047 4630 2349 4684 banitatem
2388 4641 2443 4684 et
2484 4629 2629 4685 sales
2653 4645 2684 4683 a
2715 4629 2835 4685 risu
2874 4645 2941 4684 ac
2980 4630 3425 4685 dissimulatione
3449 4631 3517 4686 ad
3546 4632 3602 4686 di
3638 4668 3643 4679 ν

2046 4723 2307 4793 gnitatem
2338 4723 2580 4792 aliquam
2604 4723 3068 4793 severitatemque
3090 4724 3349 4790 traducit,
3376 4724 3620 4794 adeoque

2044 4829 2168 4868 cum
2205 4814 2431 4870 Socrate
2456 4816 2641 4886 jungit
2672 4816 2975 4887 miscetque
3014 4817 3398 4889 Pythagoram,
3448 4818 3622 4872 comi—

2044 4916 2154 4961 tate
2182 4906 2435 4972 alterum,
2474 4908 2705 4962 alterum
2740 4909 3005 4979 gravitate
3030 4910 3219 4964 vincit.
3253 4910 3325 4963 At
3349 4911 3629 4966 enimvero

2044 5014 2392 5068 nequaquam
2420 4999 2472 5053 id
2494 5001 2711 5069 agimus
2755 5001 2858 5054 hoc
2888 5012 3159 5070 tempore,
3197 5003 3303 5057 alia
3331 5004 3493 5058 nobis
3515 5019 3629 5072 prae

2046 5090 2304 5146 manibus
2337 5093 2574 5157 quaestio
2601 5100 2710 5147 est.
2758 5091 3104 5148 Revoeamus
3129 5108 3259 5163 ergo
3294 5109 3392 5149 nos
3428 5095 3494 5148 ad
3542 5095 3626 5150 lo-

2044 5196 2171 5236 cum
2203 5197 2548 5253 pensumque
2584 5193 2859 5251 nostrum,
2892 5194 3057 5254 atque
3084 5193 3145 5240 ut
3202 5201 3233 5239 a
3277 5194 3431 5241 recto
3457 5200 3627 5244 cursu

353 5282 425 5324 ne
449 5268 665 5342 longius
692 5274 1036 5340 aberremus,
1071 5290 1137 5329 ex
1161 5288 1227 5329 eo
1259 5277 1404 5345 quod
1450 5275 1559 5330 alio
1605 5290 1707 5330 nos
1751 5274 1992 5344 abripuit
2029 5276 2376 5342 diverticulo,
2424 5277 2670 5332 redimus
2699 5280 2753 5331 in
2786 5279 2953 5331 viam.
2976 5277 3287 5348 Discipulos
3307 5280 3503 5335 habuit
3528 5279 3628 5336 Pu-

355 5358 499 5417 lemo
524 5365 825 5421 Arcesilam
876 5375 1042 5436 atque
1094 5358 1371 5424 Zenonem
1422 5370 1655 5438 (rursus
1682 5368 1830 5422 enim
1889 5368 2110 5423 tandem
2169 5384 2363 5425 eorum
2423 5369 2768 5439 meminero).
2802 5369 3013 5440 Quippe
3045 5371 3229 5427 dicere
3263 5389 3351 5428 me
3369 5374 3484 5443 jam
3510 5390 3630 5429 me-

426 5524 539 5596 (12)
577 5525 741 5583 Forte
767 5530 873 5584 del.
898 5530 1004 5585 διά.

426 5596 549 5671 (15),
570 5598 720 5671 ⁸,Τῆς
764 5603 1083 5669 εἰρωνείας.
1155 5600 1369 5658 Tullius
1398 5643 1413 5667 ,
1478 5619 1531 5656 Iv
1583 5604 1888 5658 Academia.
1920 5647 1935 5671 ,

353 5675 491 5743 seet.
520 5667 639 5743 35:
670 5667 993 5743 Cumlaliud
1022 5673 1217 5725 diceret
1262 5684 1417 5743 atque
1455 5675 1671 5728 sentiret
1710 5667 1935 5743 (Soet-a4

353 5738 481 5816 tias),
511 5737 735 5816 libenter
760 5741 845 5816 ιιιὶ
874 5739 1063 5794 solitus
1090 5754 1167 5797 est
1203 5762 1263 5798 ea
1288 5737 1744 5809 dissimulatione,
1778 5762 1933 5816 quam

355 5805 528 5863 Graeci
556 5810 838 5878 εἰρωνείαν
870 5824 1075 5865 rerum.

2110 5534 2226 5656 3H)
2286 5535 2552 5603 Φροῦδος
2608 5536 2993 5604 ἀναδραμεῖν.
3050 5535 3164 5591 Hoc
3214 5545 3297 5592 est
3322 5578 3337 5601 ,
3391 5538 3626 5607 Opinor,

2148 5620 2215 5656 ou
2237 5645 2252 5656 .
2291 5615 2512 5656 tamune
2544 5607 2814 5656 celeriter.
2847 5618 2907 5656 ut
2940 5608 3131 5656 (tentes
3157 5606 3343 5656 fallere
3378 5610 3626 5656 possint.

2040 5604 2215 5676 λάθρα
2237 5645 2252 5667 ,
2291 5615 2512 5677 tamque
2544 5607 2814 5677 celeriter,
2847 5618 2907 5661 ut
2940 5608 3131 5661 oculos
3157 5606 3343 5667 fallere
3377 5604 3627 5677 possint,

2043 5684 2103 5729 ut
2129 5677 2303 5745 solent
2338 5676 2428 5743 qui
2462 5676 2683 5745 φροῦδοι
2712 5677 2975 5744 γίνονται.

2117 5744 2229 5809 (Ni)
2261 5744 2636 5819 Πηράγωχιϊ.
2673 5747 2746 5800 Ex
2770 5749 2869 5819 illo
2899 5748 3170 5819 versiculo
3198 5748 3551 5819 ὲταρῳδήθη⁴

2042 5817 2273 5883 Πρόσθε
2299 5816 2472 5879 λέων,
2493 5815 2697 5871 ὄπιθεν
2719 5818 2784 5871 6‘
2802 5817 3055 5887 δράκων,
3065 5819 3268 5889 μέσση
3285 5815 3343 5869 ri:
3362 5815 3628 5888 χίμαίίηασ
