4144 6426
519 378 541 428 l
563 379 576 429 ἶ
588 375 657 431 99
1168 370 1437 427 ΕΙῙΞΕΒΗ
1478 366 1965 425 CAZSABIENSIS
1999 366 2073 421 Of

2193 368 2375 422 PARS
2415 368 2476 422 ll.
2519 399 2579 409 —
2628 368 3128 426 APOLOGETICA.
3632 364 3775 422 ιεοο

514 498 672 562 mini,
734 496 1008 552 Zenonem
1070 493 1393 550 Xenocratis
1456 492 1717 563 primum,
1768 489 1962 544 deinde
2015 488 2325 545 Polemonis
2378 490 2684 545 auditorem
2736 490 2922 557 fuisse,
2986 500 3100 544 tum
3134 505 3188 543 ‘a
3230 487 3463 542 'Cratete
3523 484 3789 557 Cynicam

514 594 765 651 hausisse
808 592 1175 663 disciplinam.
1220 589 1377 644 Nunc
1409 587 1477 642 de
1503 590 1694 642 eodem
1728 592 1987 656 praeterea
2044 585 2125 639 sic
2164 585 2381 652 habeto,
2414 586 2567 639 illum
2611 593 2664 639 et
2718 584 3013 655 Stilponem
3051 592 3106 639 et
3132 583 3469 638 Heraclitum
3497 580 3662 636 etiam
3685 596 3789 636 au-

510 690 701 748 diissc.
738 691 874 747 Cum
922 690 1069 745 enim
1100 687 1384 744 Polemoni
1444 703 1661 758 operam
1688 687 1852 741 ambo
1906 686 2135 749 darent,
2175 682 2320 751 quod
2363 692 2552 738 mutua
2604 682 2839 753 quadam
2869 681 3217 737 mmulatione
3262 679 3557 742 ferrentur,
3592 693 3791 748 pugnae

508 788 690 843 socios
744 798 799 842 et
856 787 1141 856 adjutores
1200 791 1552 855 optaverunt,
1596 782 1953 849 lleraclitum,
2013 778 2314 847 Stilponem
2351 786 2406 832 et
2450 777 2749 843 Cratetem,
2781 776 2929 831 Zeno
2962 775 3058 846 qui
3088 775 3352 845 Stilponis
3397 771 3792 827 consuetudine

508 893 722 950 pugnax
755 898 768 947 ;
828 880 1105 943 Heracliti,
1160 888 1448 945 austeras;
1504 878 1765 943 Cratctis,
1788 876 2026 949 Cynicus
2065 873 2239 930 evasit
2268 914 2280 927 .
2315 872 2589 928 Arcesilas
2620 888 2751 928 vero
2803 871 3264 942 Theopnrastum,
3313 868 3637 925 Crantorem
3660 863 3790 919 Pla-

508 976 771 1040 tonicum,
834 974 1133 1030 Diodorum
1154 1015 1170 1042 ,
1203 990 1268 1029 ac
1300 974 1497 1030 deinde
1560 973 1897 1046 Pyrrhonem
1930 988 1944 1023 :
1993 980 2047 1025 et
2087 984 2117 1023 a
2155 967 2423 1024 Crantore
2477 968 2699 1038 quidem
2768 967 2830 1021 ad
2861 966 3301 1037 persuadendum
3328 962 3579 1027 callidus,
3603 964 3633 1014 s
3657 959 3791 1013 Dion

506 1068 648 1123 doro
699 1079 881 1124 autem
932 1068 1231 1139 Sophista,
1282 1069 1520 1140 denique
1575 1084 1606 1123 a
1654 1067 1937 1139 Pyrrhone
1992 1080 2117 1120 cum
2184 1079 2406 1119 omnem
2460 1064 2513 1117 in
2566 1072 2776 1133 partem
2826 1062 3101 1118 versatilis
3158 1076 3224 1115 ac
3262 1057 3614 1120 temerarius,
3669 1065 3787 1110 tum

504 1160 670 1216 etiam
699 1161 883 1217 nullus
910 1176 1032 1217 esse
1061 1161 1273 1216 didicit.
1304 1160 1364 1216 In
1424 1177 1587 1232 quem
1617 1170 1903 1232 propterea
1930 1159 2053 1215 cani
2087 1156 2310 1213 solitum
2346 1157 2503 1218 aiunt
2557 1157 2703 1211 hunc
2760 1156 3113 1220 versiculum,
3145 1169 3214 1208 ex
3252 1152 3361 1206 alio
3388 1150 3626 1221 quodam
3656 1162 3790 1203 cons

508 1257 741 1311 tumclia:
768 1272 935 1312 causa
961 1272 1303 1327 expressum,

579 1366 778 1421 Fronte
804 1367 985 1435 Plato,
1029 1370 1246 1437 pedibus
1281 1368 1510 1439 Pyrrho,
1544 1372 1712 1426 medio
1739 1371 2027 1426 Diodorus.
2072 1376 2073 1379 “

2192 1342 2423 1411 Πρόσθε
2475 1337 2726 1394 Πλάτων
2750 1380 2763 1405 ,
2816 1339 3023 1393 ὄπιθεν
3060 1339 3324 1407 Πύῤῥων,
3378 1334 3646 1439 μέσρίρςΛ
3662 1334 3787 1388 Διόο

3503 1403 3737 1476 [δωρος.

508 1525 680 1591 Quem
711 1527 877 1581 etiam
907 1542 935 1581 a
965 1526 1195 1582 Timone
1255 1531 1520 1599 scriptum
1555 1540 1658 1595 est,
1706 1546 1737 1584 a
1767 1529 2073 1585 Menedemo

2186 1526 2376 1597 Τίμων
2408 1524 2466 1578 δὲ
2494 1526 2589 1578 καὶ
2621 1524 2728 1576 ὑπὸ
2761 1523 3082 1595 Μενεδήμου
3106 1522 3168 1575 τὸ
3201 1520 3473 1593 ἐριστικόν
3506 1536 3641 1590 φησι
3683 1519 3786 1574 λιι-

505 1620 805 1674 acrimonia
828 1620 1062 1688 quadam
1099 1620 1426 1675 instructum
1472 1631 1527 1676 et
1576 1631 1849 1676 armatum
1887 1621 2073 1677 fuisse.

2185 1618 2353 1672 ϐόντα
2386 1615 2772 1687 ὲξαρτυθῆναι,
2821 1615 2980 1686 εἴπερ
3024 1631 3089 1683 γε
3118 1614 3182 1685 δή
3205 1630 3338 1684 φησι
3366 1614 3497 1683 περὶ
3523 1611 3709 1665 αὑτοῦ·

504 1710 596 1766 Sic
618 1711 764 1766 enim
790 1711 878 1765 ille
905 1713 969 1766 de
992 1712 1260 1774 Arcesila,
2346 1730 2349 1735 -
2377 1725 2383 1737 -

576 1820 673 1875 Ille
694 1838 875 1888 ruens,
912 1821 1079 1876 medio
1122 1822 1413 1877 Menedemi
1438 1824 1493 1877 in
1514 1832 1721 1893 pectore
1749 1824 2050 1894 plumbum,

2191 1841 2269 1909 Τῇ
2438 1839 2597 1940 ἔχειν
2630 1839 2983 1909 Μενεδήμου
3024 1837 3136 1909 (16)
3180 1835 3301 1891 ὑπὸ
3340 1836 3786 1940 στξξϊὲἕιμμό-

2187 1983 2472 2037 θεύσεται
2486 1980 2641 2052 μοι),
2660 1980 2698 2049 ἢ
2718 1982 3002 2049 Πιτρρωνα
3024 1978 3135 2050 (l7)
3158 1977 3226 2032 τὸ
3247 1906 3783 2052 πάμὲέἆςῗόηοέὶό-

3470 2048 3704 2120 [δωρον.

512 2034 515 2039 ρ
573 1953 922 2025 Pyrrhonisve
944 1956 1084 2039 altas
1109 1958 1325 2027 glandes
1350 1957 1501 2026 feret,
1532 1932 1627 2011 aut
1661 1957 1977 2033 Diodorum,

497 2132 660 2207 73o
683 2114 866 2202 itaque
891 2134 1134 2203 spinosis
1169 2133 1387 2188 Diodori
1416 2135 1655 2207 hominis
1685 2136 1955 2193 dialectici
2001 2152 2085 2197 ar.

497 2220 684 2295 gniiis,
704 2208 987 2297 ancipites
1016 2227 1137 2283 illas
1169 2243 1233 2282 ac
1259 2227 1454 2283 dubias
1486 2226 1786 2299 Pyrrhonis
1808 2228 2085 2300 c0gitatio.

496 2312 594 2371 nes
620 2318 902 2382 intricans,
931 2318 1128 2387 nugaci
1178 2327 1232 2372 et
1282 2302 1479 2387 ineptae
1506 2317 1824 2387 loquacitati
1858 2318 2082 2389 aliquod

493 2400 675 2463 tamen
689 2402 753 2482 es
785 2408 836 2461 vi
857 2417 910 2463 et
932 2398 1191 2464 facultate
1209 2408 1493 2465 Platonica
1516 2417 1900 2464 ornamentum
1930 2425 2079 2481 quae-

493 2500 651 2555 rebat
679 2518 692 2554 :
723 2501 889 2555 homo
910 2484 1206 2570 ejusmodi,
1235 2500 1511 2555 allirmans
1527 2500 1691 2557 simul
1716 2500 1881 2568 idem,
1909 2501 2081 2556 idem-

493 2607 601 2663 que
631 2582 861 2661 negans,
888 2592 1036 2659 hinc,
1070 2593 1241 2658 illinc,
1268 2593 1548 2667 utrinque,
1584 2593 1669 2649 vel
1712 2594 1951 2669 undique
1981 2608 2080 2664 po-

496 2680 613 2740 tius
641 2685 824 2741 subito
853 2699 912 2740 se
949 2692 1261 2754 temereque
1291 2698 1523 2741 versans
1558 2699 1623 2740 ac
1668 2700 1957 2749 revocans,
1992 2685 2073 2749 in-

2176 2730 2284 2778 τος,
2320 2680 2414 2767 καὶ
2436 2680 3027 2786 nahlp6okéc~1snaiim
3063 2718 3158 2770 καὶ

491 2777 624 2834 certi
652 2777 1004 2847 ambiguique
1022 2792 1239 2840 sensus,
1271 2784 1564 2842 veterator,
1602 2791 1864 2846 praeceps,
1884 2785 2068 2847 atque.

489 2878 547 2926 ut
582 2870 852 2940 ipsemet,
900 2871 1035 2924 adeo
1074 2868 1346 2939 ingenuus
1390 2878 1515 2937 est,
1572 2868 1884 2933 conﬁtetur,
1937 2869 2072 2923 nihil

491 2963 714 3043 omnino
735 2962 914 3017 sciens
948 2981 960 3015 :
992 2948 1340 3032 postmodum
1375 2972 1557 3015 tamen
1585 2960 1774 3016 nescio
1817 2974 1926 3030 quo
1969 2977 2081 3031 pas

493 3070 583 3117 cto
639 3060 940 3129 scientibus
979 3059 1177 3115 similis
1211 3077 1222 3111 :
1260 3059 1339 3113 sic
1372 3057 1649 3112 umbratili
1681 3056 1915 3127 quadam
1943 3074 2069 3112 ora-

490 3154 653 3209 tionis
688 3152 869 3222 specie
892 3151 1073 3207 omnis
1104 3151 1267 3206 homo
1290 3149 1522 3205 subinde
1557 3150 1830 3220 apparuit.
1875 3170 1892 3201 ι

1100 3282 1332 3339 CAPUT
1366 3282 1449 3337 Vl.

526 3398 604 3457 De
633 3399 895 3465 Arcesila,
926 3415 1013 3467 qui
1065 3392 1354 3451 secundum
1393 3397 1736 3450 Academiam
1782 3396 2040 3450 instituit.

1128 3471 1213 3521 Ex
1245 3469 1447 3522 eodem.

567 3579 585 3612 σ
610 3559 1002 3624 Nihilominus,
1021 3559 1221 3629 inquit,
1240 3559 1457 3627 ignotus
1470 3567 1583 3612 erat
1609 3557 1899 3621 Arcesilas,
1916 3572 2080 3626 quam

491 3654 807 3724 ambiguum
837 3649 1002 3719 esset,
1033 3660 1189 3706 utros
1216 3652 1358 3706 inter
1384 3648 1705 3705 Homericus
1738 3651 1827 3705 ille
1856 3649 2076 3705 Diome-

491 3748 587 3802 des
615 3748 947 3810 versaretur,
981 3740 1272 3814 Trojanos,
1313 3757 1381 3797 an
1417 3741 1675 3797 Achivos.
1711 3740 1760 3796 Is
1799 3742 1942 3795 enim
1977 3757 2076 3796 nec

492 3839 645 3893 idem
668 3840 1002 3907 unquam-nt
1032 3835 1239 3891 diceret
1279 3834 1572 3904 impetrare
1599 3835 1697 3889 abs
1751 3850 1872 3889 sese
1918 3843 2072 3903 pote-

490 3940 597 3997 rat,
622 3934 723 3983 nec
762 3929 814 3983 id
845 3928 1073 3983 omnino
1126 3926 1348 3983 solertis
1399 3926 1602 3998 ingenii
1648 3926 1876 3997 putabat
1927 3942 2067 3981 esse.

490 4020 634 4092 Ergo
663 4021 909 4091 sophista
942 4019 1230 4076 dicebatur
1256 4034 1381 4074 acer
1421 4033 1486 4072 ac
1514 4017 1831 4083 vehemens,
1864 4018 2070 4089 quique

2187 2162 2319 2228 Ταῖς
2356 2161 2450 2219 οὖν
2474 2162 2738 2235 Διοδώρου
2786 2162 3130 2218 διαλεκτικοῦ
3182 2162 3356 2228 ὄντος,
3403 2163 3782 2232 λεπτολογιαις

2182 2257 2308 2320 τοὺς
2359 2256 2655 2327 λογισμοὺς
2706 2256 2832 2320 τοὺς
2887 2255 3181 2327 Πύρρωνος
3236 2256 3357 2309 καὶ»
3394 2257 3457 2310 τὸ
3484 2257 3785 2310 σκεπτικδν

2183 2347 2550 2412 καταπλέξας,
2565 2346 2894 2417 διεκόσμησε
2924 2347 3083 2415 λόγου
3110 2348 3378 2419 δεινότητι
3406 2351 3472 2420 τῇ
3493 2336 3784 2412 Πλάτωνος

2184 2438 2462 2510 φλήναφόν
2509 2457 2631 2493 τινα
2691 2438 3243 2510 κατεστωμυλμένονο
3311 2441 3407 2493 καὶ
3459 2439 3634 2509 ἔλεγε,
3683 2443 3783 2494 καὶ

2181 2530 2464 2600 ἀντέλεγε,
2506 2531 2602 2585 καὶ
2654 2530 3085 2601 μετεκυλινδεῖτο
3133 2532 3412 2595 κάκεῖθεν,
3454 2531 3779 2594 κάντεῦθεν,

2183 2622 2545 2693 ἑκατέρωθεν,
2574 2622 2771 2675 ὁπόθεν
2796 2622 2969 2695 τύχοι,
2994 2624 3409 2697 παλινάγρετος,
3442 2627 3537 2680 καὶ
3553 2624 3781 2697 δύσκρι-

3199 2718 3667 2789 παρακεκινδυνευ
3676 2717 3774 2790 μέ-

2179 2821 2288 2868 νος,
2318 2804 2470 2858 οὺδέν
2507 2823 2567 2859 τε
2625 2806 2802 2872 εἰδὼς,
2861 2806 2938 2869 ὠς
2991 2809 3153 2871 αὐτὸς
3212 2808 3339 2881 ἔφη,
3394 2811 3644 2877 γενναῖος
3669 2809 3773 2863 ῶν·

2179 2893 2301 2950 εἶτά
2371 2911 2488 2961 πως
2551 2897 2826 2965 ἐξέϐαινεν
2900 2899 3088 2969 ὅμοιος
3166 2903 3279 2965 τοῖς
3353 2901 3580 2968 εἰδόσιν,
3668 2901 3780 2956 ὑπὸ

2180 2988 2544 3059 σκιαγραφίας
2631 2989 2738 3042 τῶν
2811 2989 2986 3058 λόγων
3079 2990 3420 3054 παντοδαπὸς
3499 3008 3777 3060 πεφανταο

2180 3075 2396 3147 σμένος.
2425 3096 2444 3129 ι

2721 3287 3120 3341 ΚΕΦΛΛΑΙΟΝ
3143 3290 3234 3355 σο.

2181 3399 2321 3467 Περὶ
2365 3399 2758 3470 Ἀρκεσιλάου
2785 3401 2893 3454 τοῦ
2915 3400 3030 3468 τὴν
3077 3400 3365 3470 δευτέραν
3412 3398 3777 3470 Ἀκαδημίαν

2451 3472 2984 3541 ὑποστησομένου.
3031 3471 3125 3524 Ἐκ
3157 3472 3263 3524 τοῦ
3287 3471 3496 3525 αὐτοῦ.

2259 3581 2280 3614 ‹
2316 3563 2422 3617 Τοῦ
2449 3581 2507 3617 τε
2551 3563 2850 3635 Ὁμηρικοῦ
2884 3563 3135 3616 Τυδείδου
3171 3563 3283 3634 (l8)
3332 3562 3615 3634 ὁποτέροις
3678 3580 3776 3633 με-

2182 3655 2304 3724 τείη
2336 3656 2718 3725 ἀγνοουμένου,
2749 3654 2873 3707 οὔτε
2909 3657 2957 3707 εἰ
2991 3655 3207 3724 Τρωσὶν
3261 3654 3490 3726 ὁμιλέοι,
3552 3653 3676 3708 οὔτε
3725 3658 3775 3711 εἰ

2181 3746 2277 3800 καὶ
2321 3746 2575 3816 Ἀχαιοῖς,
2637 3747 2787 3801 οὐδὲν
2812 3744 2974 3819 ἦττον
3017 3747 3367 3819 Ἀρκεσίλαος
3402 3749 3674 3818 ἠγνοεῖτο.
3699 3750 3775 3802 Τὸ

2179 3837 2288 3908 γὰρ
2322 3838 2419 3891 ἕνα
2451 3854 2513 3889 τε
2540 3836 2698 3907 λόγον
2723 3837 2819 3890 καὶ
2850 3836 3049 3891 ταύτόν
3078 3838 3197 3889 ποτ’
3228 3838 3403 3890 εἰπεῖν
3424 3837 3524 3889 οῦκ
3554 3838 3683 3908 ἐνῆν
3713 3840 3773 3891 ἐν

2177 3926 2344 3997 αὐτῷ,
2397 3928 2519 3980 οὐδέ
2570 3944 2635 3998 γε
2675 3926 2829 3998 ἠξίου
2888 3926 3083 3999 ἀνδρὸς
3129 3923 3268 3980 εἶναι
3317 3945 3404 3980 πω
3457 3928 3521 3981 τὸ
3561 3929 3772 3982 τοιοῦτο

2173 4016 2345 4083 δεξιοῦ
2370 4017 2641 4089 οὐδαμῶς.
2682 4016 3008 4088 Ὠνομάζετο
3041 4013 3133 4070 οὖν
3165 4015 3336 4080 δεινὸς
3365 4016 3645 4088 σοφιστὴς,
3662 4018 3772 4070 τῶν

492 4113 675 4168 minus
718 4113 820 4167 hac
852 4112 907 4165 in
941 4119 1058 4165 arte
1091 4119 1338 4164 versatos
1368 4108 1663 4178 jugularet.
1712 4107 1846 4163 Nam
1872 4124 2068 4179 quem-

2176 4111 2539 4181 ἀγυμνάστων
2571 4111 2830 4180 σφαγεύς.
2857 4112 3065 4182 Ὥσπερ
3092 4110 3201 4180 γὰρ
3233 4113 3287 4163 αἱ
3321 4110 3657 4180 Ἐμπουσαι,
3712 4112 3774 4163 ἐν

427 4209 433 4213 ’
491 4204 787 4260 admodum
846 4201 1123 4271 Empusse‘
1152 4199 1259 4254 illa:
1287 4199 1496 4263 solent,
1550 4198 1603 4252 in
1633 4198 2069 4269 disputationum

492 4310 716 4350 suarum
748 4292 1065 4363 praestigiis,
1091 4290 1274 4346 studio
1308 4291 1545 4359 dataque
1580 4305 1746 4361 opera
1776 4304 2075 4358 compone-

489 4389 585 4442 bat
609 4380 882 4456 dabatque
923 4396 1065 4450 sese,
1122 4382 1543 4447 ludiﬁcabatur,
1570 4380 1708 4435 nihil
1734 4395 1835 4436 nec
1867 4380 2075 4435 sciebat

492 4482 629 4552 ipse,
652 4494 752 4535 nec
784 4479 929 4535 scire
950 4478 1087 4532 alios
1116 4476 1433 4547 patiebatur
1468 4492 1480 4527 :
1516 4482 1784 4529 terrorem
1814 4474 2074 4528 omnibus

489 4587 555 4628 ac
580 4571 1045 4642 perturbationem
1101 4562 1427 4638 injiciebat:
1479 4566 1929 4635 argutiarumque
1964 4565 2072 4621 sibi

489 4680 556 4720 ac
582 4662 926 4718 veteratoria‘:
960 4659 1220 4716 dictionis
1252 4659 1460 4729 primas
1498 4658 1569 4712 ita
1600 4656 1943 4723 defendebat,
1970 4660 2074 4713 hoc

488 4761 549 4811 ut
581 4754 782 4824 probro
808 4750 1217 4822 iucundissime
1238 4748 1539 4815 frueretur,
1559 4762 1733 4816 eoque
1763 4763 1823 4804 se
1853 4750 2076 4803 nomine

492 4847 701 4900 mirum
730 4844 786 4897 in
816 4842 1042 4898 modum
1074 4840 1548 4909 circumspiceret,
1583 4839 1731 4908 quod
1762 4839 1893 4907 quid
1919 4849 2075 4910 turpe

492 4937 697 5009 quidve
725 4937 1046 5001 honestum,
1081 4933 1216 5005 quid
1263 4933 1469 4988 bonum
1521 4931 1721 4999 quidve
1749 4932 1952 4987 malum
1987 4948 2069 4988 cs-

491 5038 595 5093 set,
614 5029 892 5100 ignoraret
916 5046 928 5081 :
957 5027 1050 5083 sed
1076 5026 1285 5096 potius,
1308 5024 1401 5079 ubi
1419 5025 1567 5093 quod
1591 5025 1826 5094 primum
1844 5024 1899 5077 in
1922 5039 2075 5078 men-

562 5186 673 5258 (ιο)
714 5184 1084 5258 Μενεδήμου.
1119 5182 1409 5258 Perperam
1447 5184 1592 5258 apud
1623 5182 1915 5258 Diogenem
1946 5183 1996 5258 Ι.Δ
2020 5200 2074 5237 iv

490 5253 837 5311 de'Arcesila
860 5297 873 5321 ,
917 5253 1149 5310 habetur
1177 5253 1515 5324 Μενέδημος.
1553 5253 1676 5308 lle
1700 5254 1847 5308 enim
1878 5255 1946 5308 de
1972 5254 2074 5307 Ar-

492 5326 678 5389 cesila,
708 5342 820 5380 non
849 5329 914 5381 de
937 5324 1255 5379 Menedemo
1281 5325 1558 5379 dicuntur.
1784 5332 1789 5341 '

563 5397 702 5461 (16°)
725 5399 1031 5452 Θεύσεται.
1060 5393 1199 5465 Hine
1216 5395 1379 5450 etiam
1394 5395 1671 5465 Diogenes
1692 5394 2069 5465 corrigenilus,

492 5466 633 5537 apud
666 5482 827 5535 quem
863 5469 1023 5530 male,
1060 5464 1303 5537 θήσεται.

507 5533 540 5619 ς
563 5535 612 5605 (1
623 5536 675 5607 7)
688 5533 1081 5619 :H‘H'liﬁﬁwVCl'.
1099 5533 1239 5619 Mihi-1
1257 5543 1424 5619 muto.
1446 5533 1745 5619 Dixit‘en‘im
1760 5534 1904 5619 ἔχω-ν
1919 5533 2064 5619 Πύρῖ

494 5622 659 5673 ρωνα,

494 5607 659 5673 ῥωνα,
692 5607 1034 5730 ήΔΔιόδωρον,
1059 5607 1139 5661 uti
1176 5607 1495 5677 Μενεδήμου
1527 5607 1815 5674 μόλυϐδον.
1863 5607 2059 5658 Mavult

492 5686 671 5730 tamen
733 5677 1067 5731 ‘asauhonus
1114 5677 1193 5739 si;
1243 5675 1545 5745 Πύῤῥωνα,
1600 5677 2059 5745 quemadmodum

492 5686 671 5730 tamen
707 5679 1067 5731 Casaubonus
1114 5679 1193 5739 si;
1243 5679 1322 5728 Πύ
1400 5694 1511 5729 ωνα
1532 5715 1545 5737 ,
1600 5679 2059 5745 quemadmodum

492 5745 631 5813 apud
670 5745 958 5815 Diogenem
987 5747 1250 5815 sequitur.
1275 5679 1523 5815 Νξὲομαι
1552 5746 1631 5807 εἰς
1655 5745 1944 5814 Πύρρωνα,
1970 5745 2062 5797 καὶ

491 5819 568 5879 εἰς
601 5814 1084 5885 κολιδνΔιόδωρον.
1111 5814 1227 5871 Meo
1256 5814 1481 5883 judicio,
1519 5816 1595 5877 εἰς
1629 5815 1918 5884 Πύρρωνα,
1954 5831 2059 5869 non

752 5606 1034 5678 Διόδωρον,
1059 5606 1139 5661 uti
1176 5607 1495 5678 Μενεδήμου
1527 5605 1825 5678 μόλυϐδον.
1863 5605 2063 5658 Mavult

2171 4204 2284 4266 τοῖς
2309 4203 2560 4274 φάσμασι
2592 4205 2705 4267 τοῖς
2734 4202 2842 4257 τῶν
2868 4202 3042 4272 λόγων
3074 4202 3178 4256 ὑπὸ
3202 4201 3556 4273 παρασκευῆς
3591 4218 3650 4254 τε
3676 4204 3775 4256 καὶ

2177 4292 2408 4363 μελέτης
2442 4294 2803 4365 ἐφήρμοττεν,
2852 4292 3163 4365 ὲγοήτευεν,
3194 4292 3346 4345 οὐδὲν
3399 4286 3545 4361 εῖχεν
3570 4291 3771 4346 εἰδέναι

2172 4384 2297 4439 οὔτε
2326 4385 2511 4449 αὐτὸς,
2541 4385 2663 4439 οὕτε
2684 4388 2812 4450 τοὺς
2842 4385 3034 4450 ἄλλους
3080 4386 3196 4457 ὲᾷνο
3238 4385 3521 4456 ἐδειμάτου
3563 4384 3620 4437 δὲ
3672 4387 3771 4441 καὶ

2174 4478 2555 4549 κατεθορύϐει,
2591 4479 2685 4531 καὶ
2719 4478 3069 4549 σοφισμάτων
3093 4495 3156 4547 γε
3209 4478 3302 4531 καὶ
3347 4477 3519 4547 λόγων
3557 4478 3769 4549 κλοπῆς

2177 4570 2477 4641 φερόμενος
2530 4570 2599 4622 τὰ
2648 4569 2860 4641 πρῶτα,
2923 4568 3216 4641 κατέχαιρε
3272 4568 3349 4639 τῷ
3404 4568 3617 4633 ὀνείδει,
3670 4573 3770 4624 καί

2176 4661 2484 4733 ὴμϐρύνετο
2509 4660 2859 4733 θαυμαστῶς,
2894 4662 2976 4714 ὅτι
3003 4662 3139 4733 μήτε
3163 4678 3220 4713 τι
3266 4660 3489 4732 αἰσχρὸν
3514 4660 3547 4732 ἢ
3578 4660 3764 4723 καλὸν,

2181 4754 2317 4825 μήτε
2386 4752 2611 4822 ἀγαθὸν,
2652 4753 2787 4823 μήτε
2842 4748 2909 4807 αὖ
2969 4752 3140 4806 κακόν
3183 4752 3300 4805 ἐστι
3350 4769 3424 4814 τι,
3480 4752 3617 4822 ᾔδει*
3647 4752 3767 4806 ἀλλ’

2176 4844 2431 4916 ὁπότερον
2465 4846 2544 4907 εἰς
2600 4842 2699 4906 τὰς
2748 4842 2926 4913 ψυχὰς
2958 4841 3135 4905 πέσοι,
3164 4840 3321 4894 τοῦτο
3375 4838 3565 4903 εἰπὼν,
3604 4836 3766 4906 αὖθις

2180 4935 2520 5008 μεταϐαλὼν,
2548 4936 2849 5006 ὰνέτρεπεν
2873 4933 2939 4987 ἂν
2978 4928 3288 5005 πλεοναχῶς
3330 4933 3363 5004 ἢ
3392 4933 3458 4985 δι’
3496 4934 3637 4986 ὅσων
3666 4950 3768 4986 κα-

2175 5029 2517 5083 τεσκευάκει.
2580 5026 2689 5081 Ἦν
2754 5023 2846 5081 οὖν
2894 5026 3061 5098 ὕδραν
3121 5027 3336 5097 τέμνων
3397 5026 3609 5090 ἑαυτὸν,
3667 5026 3760 5080 καὶ

2174 5191 2256 5237 est
2283 5181 2418 5252 πρὸς
2461 5181 2632 5252 Πύῤῥ.
2669 5189 2764 5234 aut
2795 5180 2936 5252 κατᾲ
2971 5178 3300 5250 Πύρρωνος,
3342 5177 3435 5233 sed
3469 5177 3656 5248 potius
3675 5176 3761 5252 δι-

2176 5232 3070 5325 is;‘iiiiimgxsi'isssp...,'
3244 5232 3537 5318 uirumque
3575 5249 3761 5316 potius

2175 5321 2561 5385 aemularetur,
2610 5337 2772 5389 quam
2826 5321 2879 5373 in
2932 5322 3254 5375 alterutrum
3322 5325 3418 5372 aut
3464 5329 3761 5387 utrumque

2178 5393 2435 5447 terretur.
2479 5394 2537 5443 In
2591 5390 2796 5445 nostris
2826 5399 3004 5444 autem
3037 5390 3307 5451 versibus,
3353 5402 3653 5457 quorsum,
3700 5398 3760 5442 ut

2101 5477 2143 5531 ι)
2172 5464 2336 5533 δίκην*
2374 5462 2667 5533 Πύρρωνος
2712 5468 2807 5533 aut
2848 5459 3113 5533 Διοδώρου
3142 5469 3405 5533 curreret,
3458 5457 3755 5513 Menedemi

2174 5528 3281 5603 plumbum'pectore”circumierretLnon
3315 5528 3494 5603 video.

2383 5596 2727 5691 ῐξοιὶηρικιοῦ
2777 5599 3083 5654 Τυδείδου-
3123 5597 3293 5653 Nobis
3344 5596 3565 5652 Homeri
3601 5612 3655 5652 v.
3685 5596 3757 5651 85

2176 5669 2532 5806 Ηιῖῗδεῐῖδην
2563 5738 2615 5791 δ’
2642 5741 2753 5791 οὐκ
2780 5738 2859 5793 ἂν
2886 5740 3112 5808 γνοίης,
3140 5737 3441 5803 ποτέροισι
3463 5735 3693 5808 μετείη,

2258 5809 2518 5879 Ἠὲθμετὰ
2554 5810 2787 5878 Τρίεσσι
2820 5805 3066 5879 ὁμιλέοι,
3104 5808 3142 5876 ἣ
3164 5809 3290 5877 μετ’
3332 5805 3609 5877 Ἀχαιοῖς.
