4144 6412
366 412 499 469 1201

1504 426 1846 484 PRASPAR.
1900 426 2152 488 EVANG.
2190 426 2321 488 LIB.
2363 426 2501 490 XIV.
2558 428 2561 431 ’
2628 428 2633 433 ’

3481 443 3504 496 1
3516 438 3619 496 τὶοΞ

364 533 692 604 τεμνόμενος
752 538 841 607 ὑφ’
880 539 1108 605 ἑαυτοῦ,
1162 542 1448 615 ἀμφότερα
1526 547 1771 619 ἀλλήλων
1830 548 1941 619 (19)

2046 560 2152 605 tem
2184 560 2409 606 venerat
2439 551 2729 607 eﬂutiisset
2755 594 2769 616 ,
2825 560 2939 606 tum
2987 556 3215 623 repente
3246 564 3508 622 mutatus,
3565 558 3617 612 id

365 623 685 695 δυσκρίτως,
735 631 827 682 καὶ
871 631 965 684 τοῦ
1008 631 1217 697 δέοντος
1270 636 1578 701 ἀσκέπτως.
1641 640 1787 710 Πλὴν
1834 644 1946 705 τοῖς

367 712 653 767 ἀκούουσιν
679 717 911 787 ἤρκεσεν
937 716 1071 788 (20),
1095 719 1231 789 ὁμοῦ
1282 724 1350 794 τῇ
1380 723 1639 795 ἀκροάσει
1669 724 1949 797 εὐπρόσω-

368 816 465 853 πον
480 800 609 855 ὄντα
635 803 944 875 θεωμένοις*
963 802 1029 878 ἦν
1043 803 1135 861 οῦν
1157 808 1487 879 ἀκουόμενος
1503 811 1595 865 καὶ
1619 811 1946 883 βλεπόμενος

364 892 598 962 ἥδιστος,
628 895 749 949 ἐπεί
785 914 867 950 τοι
903 898 1359 973 προσειθίσθησαν
1387 903 1745 974 ἀποδέχεσθαι
1777 905 1943 958 αὐτοῦ

364 982 488 1046 τοὺς
513 981 700 1051 λόγους
731 986 907 1050 ἰόντας
938 989 1045 1042 ἀπὸ
1078 989 1244 1043 καλοῦ
1277 994 1570 1063 προσώπου
1599 1012 1659 1047 τε
1713 996 1808 1050 καὶ
1836 996 1947 1050 στό-

366 1090 533 1144 ματος
556 1076 657 1130 οὐκ
680 1078 805 1135 ἄνευ
827 1080 926 1151 τῆς
946 1082 1003 1134 ἐν
1023 1084 1133 1145 τοῖς
1152 1083 1362 1154 ὄμμασι
1401 1087 1815 1159 φιλοφροσύνης.
1856 1090 1948 1142 Δεῖ

361 1165 417 1218 δὲ
436 1166 607 1221 ταῦτα
631 1169 862 1223 ἀκοῦσαι
895 1172 968 1241 μὴ
993 1173 1196 1238 ἁπλῶς,
1218 1175 1334 1228 ἀλλ’
1351 1175 1507 1247 ἔσχεν
1537 1172 1638 1231 ὦδε
1662 1179 1721 1243 ἐξ
1748 1181 1939 1251 ἀρχῆς.

365 1256 661 1328 Συμϐαλὼν
691 1260 800 1333 γὰρ
828 1262 886 1314 ἐν
919 1263 1075 1316 παισὶ
1094 1264 1444 1337 Θεοφράστῳ,
1468 1268 1622 1339 ἀνδρὶ
1658 1270 1819 1340 πράῳ
1849 1271 1943 1324 καὶ

362 1349 461 1403 οὐκ
489 1349 651 1417 ἀφυεῖ
685 1351 754 1404 τὰ
779 1354 1040 1425 ἐρωτικὰ,
1070 1356 1157 1410 διὰ
1199 1357 1261 1410 τὺ
1311 1358 1474 1421 καλὸς
1531 1353 1692 1423 εἶναι,
1754 1359 1835 1412 ἔτι
1868 1360 1942 1415 ῶν

363 1439 580 1511 ὡραῖος,
605 1442 783 1514 τυχὼν
816 1444 1046 1516 ἐραστοῦ
1071 1448 1381 1520 Κράντορος
1394 1448 1488 1502 τοῦ
1518 1449 1939 1521 Ἀκαδημαῗκοῦ,

364 1532 747 1607 προσεχώρησε
782 1537 880 1607 μὲν
912 1538 1106 1610 τούτῳ,
1124 1535 1211 1593 οἷα
1241 1541 1299 1593 δὲ
1321 1541 1419 1612 τὴν
1440 1538 1599 1610 φύσιν
1618 1542 1718 1594 οὐκ
1742 1541 1938 1612 ἀφυὴς,

361 1625 623 1697 τρεχούσῃ
653 1628 997 1698 χρησάμενος
1045 1631 1206 1701 αὐτῇ,
1238 1630 1429 1702 ρᾳδίᾳ,
1461 1631 1786 1704 θερμουργῷ
1836 1635 1942 1686 ὑπὸ

364 1714 714 1783 φιλονεικίας,
770 1720 1051 1790 μετασχὼν
1079 1723 1176 1792 μὲν
1216 1721 1482 1795 Διοδώρου
1517 1725 1598 1786 εἰς
1653 1723 1724 1777 τά
1767 1741 1942 1777 πεπα-

363 1808 704 1878 νουργημένα
732 1809 956 1865 πιθάνια
985 1811 1096 1883 (21)
1124 1812 1294 1866 ταῦτα
1314 1814 1383 1867 τὰ
1405 1812 1609 1884 κομψὰ,
1644 1813 1940 1884 ὡμιληκὼς

2050 643 2228 711 ipsum
2258 642 2504 712 pluribus
2529 659 2694 713 quam
2728 651 2856 699 ante
2884 644 3207 711 stabiliera't,
3236 640 3520 702 everteret.
3549 647 3620 703 Se

2051 732 2412 803 ipsumigitur
2437 732 2526 787 ille
2558 734 2716 803 quasi
2753 733 2982 803 hydram
3017 735 3257 800 secabat,
3309 745 3364 790 et
3392 738 3618 791 secaba-

2050 833 2138 879 tur
2161 839 2192 879 a
2224 839 2283 879 se
2308 824 2445 894 ipso,
2474 825 2603 879 dum
2634 825 2715 879 sic
2760 825 2812 879 in
2842 834 3131 895 utramque
3165 834 3375 895 partem
3427 826 3618 898 loque-

2048 924 2219 981 retur,
2252 924 2313 970 ut
2340 930 2442 971 nec
2472 916 2603 986 quid
2638 917 2741 972 sibi
2780 919 2940 973 vellet
2967 917 3354 988 intelligerent,
3385 934 3487 974 nec
3537 921 3621 974 ul-

2046 1007 2152 1060 lam
2182 1006 2298 1076 ipse
2318 1020 2321 1029 '
2341 1006 2523 1062 decori
2555 1010 2818 1063 rationem
2854 1009 3096 1064 haberet.
3143 1008 3388 1065 Tenebat
3417 1012 3509 1067 ille
3539 1012 3643 1067 ta?

2047 1111 2169 1150 men
2196 1096 2497 1162 auditores,
2528 1098 2660 1152 dam
2691 1099 2747 1152 in
2794 1099 3052 1168 loquente
3078 1116 3350 1154 summam
3392 1101 3506 1157 oris
3535 1102 3620 1156 dia

2045 1187 2305 1257 gnitatem
2332 1189 2602 1244 videbant.
2631 1189 2755 1245 Fuit
2780 1194 2922 1245 enim
2949 1192 3138 1247 auditu
3166 1192 3329 1249 simul
3362 1202 3617 1263 aspectu-

2044 1297 2152 1350 que
2193 1282 2650 1353 jucundissimus,
2700 1286 2946 1356 adeoque
2979 1286 3344 1343 libentissime
3374 1289 3615 1343 hominis

2044 1374 2345 1428 orationem
2380 1376 2747 1445 excipiebant,
2777 1380 3058 1447 praestanti
3097 1392 3163 1432 ex
3192 1378 3344 1432 vultu
3405 1388 3460 1433 et
3520 1394 3615 1435 ore

2044 1473 2381 1532 manantem,
2412 1481 2513 1521 nec
2554 1467 2761 1537 absque
2818 1469 3001 1522 nativa
3050 1468 3286 1538 quadam
3345 1470 3616 1526 suavitate

2045 1558 2354 1611 oculorum.
2387 1557 2565 1624 Quam
2626 1560 2717 1614 ille
2745 1559 2984 1630 speciem
3037 1561 3359 1617 non-subito
3415 1575 3526 1632 prae
3556 1577 3616 1617 sc

2044 1650 2186 1715 tulit,
2219 1651 2314 1707 sed
2339 1668 2369 1706 a
2394 1653 2584 1721 primis
2607 1646 2790 1709 statim
2816 1656 2975 1709 annis
3002 1655 3269 1710 induerat.
3297 1657 3452 1727 731
3477 1656 3615 1712 Cum

2043 1740 2416 1811 Theophrasto
2432 1742 2576 1798 enim
2594 1760 2624 1798 a
2652 1746 2884 1814 pueritia
2910 1757 3180 1812 versatus,
3208 1749 3427 1802 homine
3449 1750 3613 1812 comi,

2042 1846 2140 1887 nec
2157 1847 2187 1886 a
2213 1833 2377 1887 rebus
2393 1835 2675 1890 amatoriis
2697 1836 2893 1903 alieno,
2913 1837 3143 1908 eleganti
3172 1836 3367 1903 forma,
3392 1848 3445 1892 et
3466 1854 3616 1894 com-

359 1895 415 1948 δὲ
440 1896 693 1969 Πύρρωνι
730 1900 794 1970 (ὁ
819 1900 877 1953 δὲ
933 1902 1165 1974 Πύρρων
1198 1905 1263 1957 ἐκ
1317 1905 1655 1975 Δημοκρίτου
1710 1905 1937 1977 ὥρμητο

2046 1922 2206 1975 moda
2237 1922 2417 1980 adhuc
2436 1932 2594 1980 aetate
2624 1941 2748 1981 cum
2778 1936 2943 1992 esset,
2976 1927 3297 1984 Crantorem
3327 1929 3616 1984 Academi-

360 1985 552 2039 ὁπόθεν
577 1987 640 2055 γέ
673 1988 880 2062 ποθενο)
925 1987 1076 2056 οὗτος
1109 1992 1208 2063 μὲν
1246 1992 1311 2063 δὴ
1365 1993 1515 2047 ἔνθεν
1560 1994 1938 2066 καταρτυθεὶς,

361 2074 501 2146 πλὴν
564 2078 665 2147 τῆς
722 2083 1098 2154 προσρήσεως,
1143 2083 1392 2154 ἐνέμεινε
1435 2083 1710 2156 Πύρρωνι,
1766 2085 1840 2149 ὡς
1870 2087 1937 2156 τῇ

360 2168 577 2221 πάντων
620 2170 920 2243 ἀναιρέσει.
965 2175 1221 2240 Μνασέας
1274 2174 1427 2243 γοῦν,
1468 2177 1562 2229 καὶ
1617 2176 1938 2248 Φιλόμηλος,

360 2258 449 2310 καὶ
497 2261 684 2330 Τίμων
715 2265 765 2316 οἱ
792 2265 1095 2331 σκεπτικοὶ,
1154 2266 1445 2319 σκεπτικὸν
1473 2266 1637 2320 αὐτὸν
1683 2284 1944 2339 προσονο-

361 2350 645 2421 μάζουσιν,
673 2352 861 2425 ὥσπερ
884 2356 976 2410 καὶ
1003 2357 1155 2410 αὐτοὶ
1179 2352 1339 2427 ἦσαν,
1364 2357 1690 2427 ἀναιροῦντα
1722 2360 1817 2412 καὶ
1846 2358 1943 2411 αύ-

356 2440 451 2495 τδν
479 2442 540 2495 τὸ
567 2442 784 2515 ἀληθὲς,
812 2446 907 2498 καὶ
940 2444 1007 2498 eo
1018 2445 1230 2515 ψεῦδος,
1261 2446 1435 2500 καὶτὸ
1458 2447 1701 2501 πιθανόν.
1722 2447 1942 2518 Λεχθεὶς

356 2526 453 2586 οῦν
484 2532 699 2588 ἀναίτια
725 2535 838 2607 (22)
866 2536 975 2590 τῶν
1013 2537 1372 2609 Πυρρωνείων
1414 2539 1781 2610 Πυρρώνειος,
1803 2539 1944 2593 αἰδοῖ

355 2623 451 2678 τοῦ
484 2627 715 2696 ἐραστοῦ
769 2629 1029 2700 ὑπέμεινε
1081 2630 1334 2699 λέγεσθαι
1382 2632 1782 2704 Ἀκαδημαϊκὸς
1838 2632 1937 2686 ἔτι.

357 2708 466 2767 Ἦν
508 2714 608 2785 μὲν
649 2715 829 2773 τοίνυν
876 2717 1255 2790 Πυρρώνειος,
1314 2720 1455 2791 πλὴν
1500 2719 1594 2774 τοῦ
1656 2720 1937 2790 ὀνόματος·

370 2800 772 2874 ’Δκαδημαῖκδς
800 2804 844 2858 δ’
870 2807 972 2860 οὐκ
994 2802 1085 2878 ἦν,
1110 2807 1249 2880 πλὴν
1268 2808 1363 2862 τοῦ
1390 2808 1664 2879 λέγεσθαι.
1706 2810 1781 2864 Ού
1831 2811 1942 2882 γὰρ

359 2893 637 2965 πείθομαι,
662 2896 754 2950 τοῦ
783 2898 1000 2951 Κνιδίου
1024 2899 1326 2975 ’Διοκλέους
1376 2902 1673 2970 φάσκοντος
1717 2904 1776 2954 ὲν
1822 2905 1940 2965 ταῖς

357 2987 829 3058 ἐπιγραφομέναις
849 2990 1195 3058 Διατριϐαῖς,
1257 2992 1605 3063 Ἀρκεσίλαον
1646 2993 1795 3064 φόϐῳ
1832 2993 1941 3047 τῶν

357 3075 700 3148 Θεοδωρείων
732 3095 791 3130 τε
822 3079 913 3131 καὶ
940 3079 1137 3143 Βίωνος
1158 3080 1251 3133 τοῦ
1277 3082 1563 3151 σοφιστοῦ,
1586 3083 1937 3137 ἐπεισιόντων

357 3169 469 3230 τοῖς
502 3166 870 3237 φιλοσοφοῦσι,
921 3171 1015 3223 κα)⁵
1063 3169 1213 3223 οὐδὲν
1254 3171 1553 3226 ὀκνούντων
1580 3172 1689 3226 ἀπὸ
1740 3173 1939 3237 παντὸς

357 3258 621 3330 ἐλέγχειν,
667 3259 829 3314 αὐτὸν
884 3261 1335 3331 ἐξευλαὸηθέντα,
1379 3264 1465 3318 ἵνα
1527 3265 1601 3337 μὴ
1637 3265 1941 3337 πράγματα
1967 3262 2009 3319 C

357 3348 479 3422 ἔχῃ,
517 3349 683 3421 μηδέν
727 3366 793 3419 γε
842 3350 1045 3421 ,δόγμαΔ
1084 3352 1335 3407 ὑπειπεῖν
1372 3355 1711 3427 φαινόμενον·
1752 3356 1943 3428 ὥσπερ

359 3440 468 3511 γὰρ
492 3441 554 3495 τὸ
599 3441 765 3513 μέλαν
790 3442 889 3506 τὰς
932 3443 1152 3515 σηπίας,
1208 3445 1578 3520 προϐαλέσθαι
1614 3450 1718 3519 πρὸ
1745 3448 1940 3502 ἑαυτοῦ

356 3534 456 3606 τὴν
484 3535 707 3606 ἐποχήν.
765 3534 923 3605 Τοῦτ’
947 3532 1041 3590 οὖν
1091 3535 1202 3606 ἐγὼ
1244 3538 1306 3592 οὐ
1361 3540 1638 3613 πείθομαι.
1681 3541 1744 3595 Οἱ
1777 3541 1822 3594 δ’
1847 3537 1941 3596 οῦν

358 3628 509 3697 ἐνθεν
539 3628 971 3701 ἀφορμηθέντες,
1005 3628 1034 3683 ὅ
1084 3646 1143 3682 τε
1195 3630 1562 3702 Ἀρκεσίλαος,
1591 3632 1688 3686 καὶ
1728 3633 1939 3703 Ζήνων,

359 3716 465 3770 ὑπὸ
495 3716 602 3771 τῶν
656 3716 913 3771 τοιούτων
968 3717 1220 3789 ἀρωγῶν,
1273 3719 1604 3791 ἀμφοτέροις
1668 3722 1939 3792 συμπολε-

361 3808 604 3880 μούντων
631 3808 824 3879 λόγων,
852 3809 950 3880 τῆς
983 3810 1083 3881 μὲν
1129 3810 1304 3881 ἀρχῆς
1335 3810 1458 3865 ὅθεν
1502 3813 1569 3866 ἐκ
1617 3812 1937 3883 Πολέμωνος

356 3895 710 3969 ὡρμήθησαν,
743 3896 1208 3961 ἐπιλανθάνονται,
1271 3898 1591 3964 διαστάντες
1623 3900 1680 3954 δέ
1724 3919 1809 3971 γε,
1842 3903 1938 3958 καὶ

361 3987 532 4057 σφέας
553 3990 752 4053 αὐτοὺς
773 3988 1126 4059 ἀρτύναντες·

2042 2027 2167 2066 eum
2201 2022 2503 2070 amatorem
2530 2024 2744 2081 nactus,
2768 2019 2900 2088 ejus‘
2916 2020 3313 2075 consuetudine
3365 2036 3499 2077 usus
3532 2029 3617 2076 est

2044 2104 2131 2158 ille
2154 2106 2372 2174 quidem
2397 2127 2411 2161 :
2440 2121 2694 2164 caeterum
2724 2120 2782 2165 ut
2802 2122 2919 2167 erat
2947 2128 2976 2167 a
3016 2122 3211 2168 natura
3235 2129 3343 2169 non
3374 2114 3614 2185 ineptus,

2041 2210 2104 2249 ea
2136 2211 2231 2265 per
2266 2212 2389 2253 sese
2445 2199 2587 2254 ultro
2614 2199 2727 2270 jam
2772 2212 3046 2269 currente,
3082 2203 3250 2270 facili,
3305 2216 3359 2261 et
3392 2217 3617 2261 conten-

2044 2287 2210 2343 tionis
2238 2299 2375 2345 aestu
2401 2291 2623 2347 incitata
2655 2308 2810 2360 usus,
2860 2296 2958 2350 abs
2981 2294 3220 2353 Diodoro
3251 2298 3471 2367 quidem
3528 2313 3619 2353 ve.

2043 2381 2360 2435 ter-atorium
2404 2382 2557 2448 illud,
2588 2384 2841 2455 idemque
2889 2386 3182 2456 plausibile
3219 2390 3284 2444 ac
3323 2382 3615 2461 venustum

2041 2472 2232 2528 didicit
2286 2475 2555 2532 orationis
2588 2492 2796 2547 genus;
2855 2480 3094 2535 maxime
3130 2483 3310 2537 tamen
3346 2480 3617 2552 Pyrrhoni

2041 2559 2211 2630 (hunc
2242 2572 2519 2635 utcunque
2545 2564 2886 2624 Democritus
2931 2570 3239 2640 inchoarat)
3277 2585 3499 2640 operam
3530 2572 3620 2625 de-

2041 2652 2161 2707 dit:
2221 2662 2384 2724 atque
2424 2656 2525 2710 hac
2586 2658 2885 2714 instructus
2918 2658 3410 2731 coniormatusque
3447 2662 3619 2716 disci-

2038 2743 2205 2812 plina,
2238 2744 2293 2797 in
2312 2743 2612 2816 Pyrrhone,
2655 2747 2701 2802 si
2737 2748 3168 2817 appellationem
3198 2748 3462 2817 excipias,
3491 2758 3615 2802 tan-

2044 2850 2209 2903 quam
2232 2835 2285 2889 in
2309 2830 2554 2891 omnium
2580 2838 2863 2894 eversione
2891 2839 3188 2910 acquievit.
3219 2838 3470 2894 Mnaseas
3497 2839 3619 2909 qui-

2039 2926 2182 2994 dem,
2236 2926 2572 2986 Pbilomelus
2624 2937 2678 2986 et
2727 2930 2905 2997 Tim'o,
2954 2931 3208 3001 Sceptici'
3256 2931 3567 3002 philosophi
3599 2972 3614 2994 ,

2042 3014 2352 3086 Scepticum
2374 3019 2526 3074 illum
2556 3030 2756 3077 vocant
2780 3022 2864 3077 sui
2892 3022 3246 3093 persimilem,
3270 3023 3366 3093 qui
3395 3023 3619 3093 perinde

2039 3117 2100 3162 ut
2124 3108 2226 3179 ipsi
2251 3110 2557 3176 veritatem,
2591 3114 2958 3178 mendacium,
2981 3129 3048 3170 ae
3078 3114 3619 3169 verisimilitudinent

2042 3215 2262 3256 omnem
2301 3203 2530 3259 tolleret.
2566 3203 2709 3275 Ergo
2747 3220 2908 3277 quem
2939 3204 3334 3278 Pyrrhonicum
3380 3203 3620 3276 Pyrrho-

2048 3292 2156 3347 nici
2178 3292 2303 3362 jure
2328 3295 2619 3365 dixissent,
2655 3299 2703 3353 is
2725 3313 2823 3369 pro
2851 3314 2947 3354 sua
2998 3299 3052 3353 in
3090 3307 3391 3354 amatorem
3425 3299 3619 3353 obser-

2053 3385 2259 3453 vantia,
2304 3386 2689 3443 Academicum
2722 3403 2789 3444 se
2813 3388 2999 3443 vocari
3044 3388 3225 3443 adhuc
3275 3404 3474 3458 passus
3509 3398 3617 3444 est.

2044 3478 2125 3532 Ita
2155 3478 2251 3548 qui
2279 3477 2673 3550 Pyrrhonicus,
2705 3489 2932 3551 excepto
2980 3481 3218 3547 nomine,
3268 3489 3416 3536 totus
3458 3489 3617 3546 erat,

2049 3584 2192 3639 idem
2228 3585 2540 3641 Academici
2575 3598 2769 3659 praeter
2815 3601 3013 3641 nomen
3050 3585 3284 3641 habebat
3332 3584 3490 3640 nihil.
3521 3582 3618 3639 Ne-

2043 3704 2152 3759 que
2179 3691 2325 3745 enim
2359 3691 2615 3748 Cnidium
2644 3693 2794 3749 illum
2816 3693 3054 3748 Dioclem
3076 3693 3260 3760 audio,
3287 3692 3383 3763 qui
3405 3692 3458 3746 in
3480 3691 3619 3758 suis,

2054 3801 2114 3849 ut
2150 3809 2245 3851 eas
2270 3796 2571 3869 inscripsit,
2610 3797 2895 3868 Diatribis,
2915 3774 3212 3857 Arcesilam
3246 3800 3425 3865 docet,
3450 3799 3617 3854 Theo.

2044 3895 2338 3952 doreorum
2366 3914 2431 3955 ae
2450 3899 2639 3958 Bionis
2653 3901 2913 3972 sophistae
2942 3911 3109 3969 metu,
3133 3902 3250 3971 qui,
3276 3900 3621 3972 philosophis

2046 4000 2254 4071 infesti,
2289 4005 2493 4060 nullam
2526 4020 2633 4060 non
2656 4020 2749 4062 eos
2776 4007 3106 4076 coarguendi
3151 4006 3498 4061 occasionem
3529 4018 3622 4058 ar-

360 4077 618 4146 riperent,
652 4080 727 4135 ita
753 4079 880 4146 sibi,
912 4093 980 4134 ne
1000 4081 1128 4151 quid
1158 4081 1227 4137 ah
1270 4083 1338 4137 iis
1388 4083 1652 4138 molestiae
1673 4093 1971 4155 pateretur,
2007 4096 2237 4163 cavisse,
2271 4104 2331 4151 ut
2376 4113 2475 4152 nec
2512 4099 2644 4152 certi
2677 4098 2977 4169 quidquam
3032 4107 3336 4162 statueret;
3394 4112 3519 4152 nam
3563 4080 3624 4150 ιιι

358 4169 535 4238 septas
555 4167 727 4224 eﬂ'uso
752 4172 1081 4237 atramento,
1114 4171 1195 4225 sic
1241 4171 1392 4227 illum
1436 4188 1555 4230 sese
1584 4174 1797 4244 objecta
1843 4176 1945 4232 hac
1983 4185 2318 4242 assensionis
2349 4189 2649 4244 retentione
2695 4167 2880 4259 tegere
2926 4204 2991 4245 ac
3044 4190 3206 4244 tueri.
3237 4188 3433 4245 Verum
3492 4191 3616 4251 hoc,

360 4272 422 4317 ut
445 4262 581 4331 dixi,
607 4263 790 4319 minus
821 4262 1008 4319 credo.
1034 4263 1304 4322 Caeterum
1352 4269 1514 4323 ambo
1547 4268 1633 4323 illi.
1660 4269 1932 4326 Arcesilas
1966 4284 2019 4328 et
2052 4275 2197 4334 Zeno
2249 4280 2375 4337 hinc
2422 4282 2586 4337 semel
2649 4283 2847 4348 exorti,
2880 4293 2935 4337 et
2980 4299 3208 4338 suorum
3259 4284 3495 4354 quisque
3529 4298 3620 4339 so-

357 4350 569 4404 ciorum
622 4350 1082 4420 disputationibus
1123 4363 1381 4425 tanquam
1429 4357 1597 4413 armis
1640 4359 1943 4429 opibusque
1979 4359 2121 4433 freti,
2172 4368 2416 4441 adeoque
2453 4370 2765 4427 Polemonis
2791 4373 3035 4429 scholam
3099 4375 3251 4430 obliti
3277 4350 3620 4448 sunt—pugnae

359 4455 473 4503 sua:
499 4441 816 4496 tirocinium
843 4440 1033 4511 fuisse,

362 4532 485 4589 Σὺν
533 4532 586 4586 δ’
614 4532 833 4588 ἔϐαλον
895 4535 1009 4607 (25)
1052 4537 1283 4606 ῥινοὺς,
1316 4540 1434 4612 σὺν
1480 4539 1545 4612 ,δ’
1589 4543 1789 4612 ἔγχεα,

1070 4656 1146 4681 ._
1259 4678 1296 4681 Α
1395 4609 1575 4681 [μένε’
1605 4609 1841 4681 tibe

360 4673 903 4749 ξμκεοθιφήκῳνέ
937 4677 1085 4745 ἀτὰρ
1116 4677 1370 4749 ἀσπίδες
1395 4673 1837 4749 Βμςραιλόεᾰσαι

363 4744 663 4823 τεπλῃντί
700 4745 1042 4823 ἀμήᾼῃσι,
1065 4748 1261 4823 πολὺς
1279 4744 1696 4823 δ’ξόρίιλιαγδὸς
1720 4753 1939 4823 ὀρώρειο

372 4813 585 4882 Ἀσπὶς
625 4813 715 4884 ἄρ’
742 4813 947 4870 ἀσπίδ’
1010 4816 1219 4887 ἔρειδε,
1270 4813 1484 4889 κόρῦς’
1507 4813 1712 4893 κόρυῦ,
1745 4813 1945 4893 ’ἀντέρα

1597 4892 1671 4964 [δ’
1697 4892 1854 4963 ἀνὴρ

373 4951 806 5014 Ἐδνοπὰλιζὲν.

364 5022 554 5077 Ἔνθα
584 5023 636 5076 δ’
685 5023 781 5094 ἅμ’
826 5025 1048 5096 alam-ri
1094 5043 1159 5082 τε
1194 5029 1296 5083 καὶ
1331 5029 1570 5101 εὐχωλὴ
1622 5034 1810 5087 πέλεν
1840 5034 1943 5088 ἀν-

1716 5121 1835 5166 ων,

372 5160 708 5217 Ὀλλύντων
745 5179 846 5218 και
882 5165 1256 5236 ὀλλυμένων.
1620 5102 1714 5173 [8p

362 5250 482 5305 Τῶν
505 5253 779 5307 Στωϊκῶν·
840 5258 887 5309 οἱ
932 5257 1323 5330 ’Ᾱκαδημαῖκοὶ
1348 5262 1456 5334 γὰρ
1514 5264 1615 5316 οὐκ
1658 5263 1942 5317 ἐὸἁλλοντο

362 5339 452 5394 ὑπ’
486 5341 688 5408 αὐτῶν,
723 5344 1076 5415 ἀγνοούμενοι
1109 5341 1143 5421 ᾗ
1170 5344 1310 5420 ἦσαν
1335 5350 1537 5406 ἁλῶναι
1559 5352 1938 5427 δυνατώτεροι.

372 5431 686 5488 Ἠλίσκοντο
736 5434 814 5502 δὲ,
862 5435 964 5507 τῆς
1018 5436 1228 5507 βάσεως
1279 5441 1460 5506 αὐτοῖς
1513 5444 1840 5516 σεισθείσης,
1891 5448 1940 5501 εἰ

592 5611 1327 5694 Αᾌλληλίςων,
1375 5621 1592 5694 opinor,
1623 5623 1937 5694 scripserat.

590 5679 1071 5758 ’ξρκέσενε-ροίιι
1102 5679 1148 5741 si
1180 5679 1448 5758 ἤρεσκενῖ

586 5748 1108 5832 ῌιίθάιςιαηΜάιιειῃῄ
1130 5748 1341 5832 πιθανά-
1361 5760 1445 5832 vel
1476 5760 1722 5832 πιθήνια.

436 5819 550 5892 (22)
602 5821 897 5899 Ἀναίτιαξ,
931 5834 1034 5882 etc.
1067 5825 1108 5881 F
1112 5834 1229 5883 orte
1252 5869 1267 5895 ,
1316 5828 1381 5885 ἂν
1414 5819 1636 5895 arma};
1686 5832 1788 5885 ὑπὸ
1830 5832 1936 5887 τῶν

1842 4547 1941 4600 καὶ
1973 4555 2017 4609 D
2049 4548 2313 4618 Scutaque
2328 4549 2446 4617 jam
2465 4550 2651 4617 scutis,
2684 4550 2969 4621 hastasque
2995 4562 3044 4606 et
3074 4553 3265 4607 robora
3292 4554 3479 4634 [errare

2046 4682 2398 4763 gommittunr
2422 4684 2597 4763 _acie_s,
2627 4684 2923 4763 clypeisque
2952 4688 3264 4763 sanantibus
3304 4690 3399 4743 icti
3438 4761 3448 4763 Α
3598 4756 3604 4763 ⁴

2046 4753 2350 4830 Qerzsantur
2386 4754 2552 4830 clgpei
2578 4771 2596 4808 :
2625 4753 2803 4830 vastus
2829 4753 3014 4830 fragor
3047 4758 3279 4830 undique
3299 4761 3491 4830 surgit,
3532 4780 3535 4783 ·

2049 4822 2334 4877 Umbanem
2349 4822 2504 4879 umbo
2521 4827 2730 4895 premit,
2751 4822 2955 4896 galear'n
2970 4828 3148 4899 galea,
3161 4822 3315 4900 atque
3326 4822 3493 4883 vifunl
3520 4832 3616 4885 vir.

2046 4954 2149 5031 {lic
2177 4972 2295 5010 vero
2308 4958 2491 5031 crebri
2510 4960 2734 5029 gemitus
2763 4977 2825 5014 ac
2852 4972 2970 5015 vota
2996 4970 3302 5031 sequuntur,

2043 5026 2183 5079 Dum
2206 5028 2491 5096 perimunt,
2512 5026 2841 5101 pereuntque
2858 5033 3037 5091 simul.

2044 5269 2204 5340 732
2257 5269 2766 5343 Stoicosintellige;
2820 5274 3178 5330 Academicos
3204 5276 3349 5331 enim
3399 5252 3474 5331 illi
3508 5292 3617 5332 non

2044 5363 2314 5430 petebant,
2335 5364 2481 5433 quod
2497 5380 2604 5433 qua
2630 5374 2781 5434 parte
2807 5365 2926 5435 capi
2968 5364 3186 5422 facilius
3214 5368 3469 5439 vincique
3492 5385 3619 5441 pos-

2042 5462 2185 5521 sent,
2226 5454 2562 5525 ignorarent.
2589 5456 2755 5526 Atqui
2785 5465 2898 5511 tum
2924 5456 3145 5512 demum
3172 5459 3541 5527 vincerentur,
3569 5462 3618 5518 si

2042 5634 2373 5777 ""éé‘i’ljw
2399 5705 2452 5757 δ’
2493 5703 2730 5777 ἔϐαλον.
2763 5704 2924 5777 Iliad.
2957 5708 3092 5777 A,v.
3123 5706 3248 5774 447,
3283 5717 3336 5764 et
3369 5704 3532 5765 Iliad.
3553 5709 3617 5777 Γ,

2040 5789 2092 5829 v.
2132 5775 2253 5841 151,
2287 5774 2377 5831 ubi
2408 5789 2515 5830 non
2553 5776 2747 5847 legitur
2791 5776 3185 5842 Ἐδνοπάλιζεν.
