4144 6428
509 426 530 476 1
542 425 647 476 Ξ).υὸ

1165 414 1430 467 LUSILBII
1472 408 1951 463 (lA‘JSAllIl‘.NSlS
1985 407 2132 459 (ll’P.
2182 405 2355 457 PARS
2393 404 2453 457 ll.
2488 435 2553 444 -—
2588 399 3087 455 APOLOCETICA.

3606 396 3744 452 1204

507 558 668 597 suum
732 539 836 592 illis
892 545 1233 590 excuteretur
1289 532 1723 595 fundamentum,
1771 531 1875 583 hoc
1904 539 1985 582 est
2018 528 2061 582 si

2180 527 2303 596 μήτε
2330 526 2499 596 ἀρχὴν
2525 524 2715 593 ἔχοιεν,
2750 524 2884 594 μήτε
2912 521 3183 592 μάχεσθαι
3227 519 3499 589 ἀφορμήν.
3543 516 3607 570 Ἢ
3646 519 3746 588 μὲν

508 649 683 703 neque
706 629 1036 701 principium
1083 642 1244 681 suum
1296 627 1612 689 retinerent,
1649 638 1746 677 nec
1796 623 2068 690 pugnandi

504 739 691 780 ansam
710 722 793 776 vel
819 719 1161 775 occasionem
1190 717 1474 771 baberent.
1495 715 1572 770 Ac
1591 712 1918 784 principium
1949 712 2072 781 qui-

504 815 623 869 dem
652 812 782 867 illud
814 810 1043 867 convelli
1069 817 1301 878 poterat,
1338 808 1383 862 si
1405 807 1531 876 quis
1548 821 1645 862 eos
1669 806 1931 861 adversus
1946 804 2072 858 Pla-

505 904 649 958 tonis
677 908 913 957 mentem
948 896 1326 969 philosophari
1378 894 1693 950 ostenderet
1723 913 1737 948 :
1790 892 2070 963 pugnandi

507 1008 634 1047 vero
659 1008 793 1049 ansa
834 1000 950 1048 tum
982 991 1050 1049 iis
1072 989 1284 1059 relique
1319 988 1468 1042 nulla
1502 985 1665 1049 foret,
1696 986 1746 1040 si
1785 985 1870 1040 vel
1902 1000 2070 1038 unum

505 1085 709 1154 aliquid
745 1084 964 1139 decreto
992 1082 1070 1137 illi
1093 1097 1195 1137 suo
1228 1080 1623 1143 detraheretur,
1641 1078 1786 1147 quod
1803 1077 1871 1132 de
1902 1076 2074 1147 phan—

508 1177 658 1231 tasia:
691 1175 1178 1246 comprehensione
1238 1171 1573 1242 pronuntiat.
1646 1168 1849 1225 Verum
1910 1168 2074 1237 hujus

507 1266 809 1336 aperiendae
841 1267 919 1321 rei
947 1275 1160 1331 tempus
1187 1280 1297 1321 non
1325 1272 1439 1328 est;
1494 1262 1634 1316 alius
1659 1262 1765 1317 erit
1792 1262 1859 1315 de
1898 1275 1963 1314 ea
1989 1260 2075 1314 di-

507 1360 662 1414 cendi
695 1360 873 1419 locus.
899 1358 954 1412 in
984 1373 1095 1428 quo
1120 1356 1254 1411 mihi
1272 1356 1586 1426 diligentius
1605 1354 1930 1408 versandum
1954 1366 2074 1406 esse

507 1452 741 1506 decrevi.
759 1450 940 1504 Palam
958 1451 1121 1517 igitur
1135 1448 1298 1505 ambo
1326 1447 1591 1503 dissident
1613 1446 1689 1501 illi
1712 1445 1950 1513 quidem,
1978 1444 2073 1497 sed

509 1552 687 1597 tamen
724 1542 999 1596 Arcesilas
1030 1557 1173 1595 unus
1204 1538 1481 1595 Zenonem
1524 1537 1681 1607 petit.
1712 1534 1885 1590 liabet
1926 1535 2070 1590 enim

506 1632 741 1693 Zenonis
764 1647 942 1724 pugna
998 1630 1305 1700 speciosum
1336 1628 1595 1698 quiddam
1653 1637 1707 1681 et
1734 1639 1916 1695 grave,
1973 1638 2074 1678 nec

507 1722 735 1781 multum
759 1715 890 1776 sane
915 1720 1274 1789 Ccpliisodori
1309 1718 1544 1772 rhetoris
1566 1715 1903 1771 dimicationi
1936 1728 2075 1782 pra:—

2170 618 2234 687 δὴ
2268 617 2408 687 ἁρχὴ
2427 612 2494 686 ἦν
2528 615 2639 683 (24)
2671 614 2731 667 τὸ
2760 615 2835 686 μὴ
2885 611 3205 666 Πλατωνικά
3254 610 3511 678 λέγοντας
3548 610 3746 673 αὐτοὺς

2172 708 2405 777 ἐλέγξαι*
2440 708 2502 760 τὸ
2526 708 2582 759 δὲ
2611 707 2732 777 μηδ’
2747 706 2889 777 ἔχειν
2920 705 3041 758 τινὰ
3063 704 3337 773 ἀφορμὴν,
3370 703 3437 773 ἢν
3464 697 3614 756 εἶπον
3630 701 3746 771 (25)

2176 801 2332 871 μόνον
2356 799 2413 853 ’ἐν
2445 816 2496 851 τι
2524 796 2891 868 μετέστρεψαν
2922 796 3030 850 ἀπὸ
3057 796 3149 847 τοῦ
3179 795 3304 864 ὅρου
3327 792 3422 845 τοῦ
3470 791 3599 861 περὶ
3647 794 3747 862 τῆς

2172 888 2582 959 καταληπικῆς
2612 886 2906 956 φαντασίας
2955 886 3263 954 ἀφελόντες.
3303 884 3475 954 Ὅπερ
3522 880 3618 934 νῦν
3648 882 3749 952 μὲν

2173 982 2271 1034 οὐκ
2297 979 2410 1033 ἔστι
2442 978 2667 1050 μηνύειν
2698 995 2786 1049 μοι
2806 980 2862 1030 ὲν
2894 993 3087 1048 καιρῳ·
3111 977 3491 1048 μνησθήσομαι
3512 976 3557 1028 δ’
3582 972 3749 1028 αὑτοῦ

2176 1067 2350 1134 αὖθις,
2377 1070 2516 1123 ὲπάν
2545 1069 2686 1122 κατά
2738 1068 2895 1121 τοῦτο
2955 1068 3187 1138 μάλιστα
3242 1067 3492 1136 γενέσθαι
3549 1065 3747 1137 μέλλω.

2174 1163 2496 1224 Διαστάντες
2543 1161 2587 1214 δ’
2614 1156 2705 1215 οὖν
2737 1163 2817 1223 είς
2843 1160 2902 1213 τὸ
2926 1160 3179 1232 φανερὸν,
3233 1160 3454 1214 ἔϐαλλον
3491 1158 3754 1227 ἀλλήλους

2172 1255 2271 1325 οὐχ
2302 1257 2351 1308 οί
2388 1254 2499 1317 δύο,
2530 1252 2643 1307 ἀλλ⁹
2669 1255 2697 1305 6
2740 1252 3084 1324 Ἀρκεσίλαος
3114 1252 3206 1306 τὸν
3252 1254 3496 1323 Ζήνωνα.
3535 1251 3593 1304 '0
3643 1250 3752 1320 γὰρ

2173 1344 2355 1415 Ζήνων
2374 1338 2486 1412 εἶχε
2512 1343 2573 1414 δή
2611 1359 2665 1397 τι
2696 1344 2761 1413 τῇ
2797 1342 2945 1414 μάχῃ
2967 1342 3161 1412 σεμνὸν
3200 1343 3290 1396 καὶ
3318 1342 3477 1413 βαρὺ,
3510 1341 3604 1395 καὶ
3637 1342 3754 1412 Kn-

2173 1430 2471 1501 φισοδώρου
2504 1430 2596 1484 τοῦ
2640 1432 2866 1502 ῥήτορος
2894 1432 2994 1483 οὐκ
3045 1432 3283 1500 ἄμεινον·
3316 1431 3375 1494 ὃς
3420 1430 3485 1502 δὴ
3513 1432 3541 1482 6
3582 1431 3756 1500 Κηφι-

2173 1522 2425 1593 σόδωρος,
2449 1522 2635 1592 ἐπειδὴ
2662 1523 2752 1574 ὑπ’
2798 1521 3198 1591 Ἀριστοτέλους
3225 1521 3550 1590 βαλλόμενον
3575 1518 3755 1589 ἑαυτῷ

2170 1612 2263 1666 τὸν
2286 1612 2603 1665 διδάσκαλον
2639 1612 2953 1682 Ἰσοκράτην
2978 1610 3143 1681 ἑώρα,
3170 1612 3331 1665 αὑτοῦ
3378 1617 3476 1682 μὲν
3514 1612 3753 1682 Ἀριστο-

2170 1703 2359 1765 τέλους
2384 1698 2453 1773 ἦν
2478 1702 2692 1773 ἀμαθὴς
2746 1704 2840 1756 καὶ
2868 1702 3111 1773 ἄπειρος,
3141 1704 3246 1757 ὑπὸ
3290 1702 3345 1756 δὲ
3370 1703 3463 1756 τοῦ
3514 1702 3752 1772 καθορᾷν

506 1822 632 1871 stat.
667 1811 764 1867 Hic
806 1813 949 1866 enim
986 1827 1109 1865 cum
1159 1809 1454 1867 Isocratem
1490 1816 1879 1878 praeceptorem
1911 1820 2071 1860 suum

2180 1792 2357 1859 ἔνδοξα
2390 1793 2458 1845 τὰ
2519 1793 2803 1856 Πλάτωνος
2835 1795 3163 1864 ὑπάρχοντα,
3190 1794 3393 1863 οἰηθεὶς
3443 1793 3584 1847 κατά
3609 1794 3753 1846 Πλά-

505 1905 576 1963 ab
593 1904 880 1958 Aristotele
913 1903 1098 1957 vexari
1132 1902 1609 1961 animadverteret,
1644 1899 1699 1952 in
1724 1896 2072 1952 Aristotelica

2180 1904 2322 1939 τωνα
2375 1886 2466 1937 τὸν
2521 1885 2895 1955 Ἀριστοτέλην
2945 1886 3274 1954 φιλοσοφεῖν,
3337 1886 3494 1938 ὲπολέ
3507 1904 3593 1957 μει
3655 1887 3755 1956 μὲν

505 1993 750 2053 doctrina
780 1993 939 2062 plane
977 1995 1177 2062 hospes
1207 2007 1273 2048 ac
1319 1991 1640 2062 peregrinus
1680 1988 1826 2060 quod
1884 1996 2069 2051 esset,

2185 1976 2562 2048 Ἀριστοτέλει,
2626 1975 2817 2028 ἔϐαλλε
2868 1976 2927 2029 δὲ
2984 1976 3271 2033 Πλάτωνα.
3318 1977 3412 2029 καὶ
3457 1977 3754 2047 κατηγόρει

507 2087 761 2156 idemque
795 2100 1045 2157 magnam
1085 2099 1205 2145 esse
1254 2082 1547 2141 Platonica:
1593 2079 1792 2135 famam
1836 2093 1900 2133 ac
1929 2078 2073 2133 cele-

2180 2065 2475 2138 ἀρξάμενος
2500 2064 2607 2118 ἀπὺ
2662 2065 2768 2118 τῶν
2814 2065 2984 2127 ἰδεῶν,
3034 2064 3298 2117 τελευτῶν
3334 2067 3412 2129 εἰς
3436 2067 3503 2119 τὰ
3536 2065 3691 2127 ἄλλα,
3716 2066 3754 2120 ἃ

506 2150 757 2237 ιιιῆιιιίεηι
786 2150 1008 2242 videret,
1044 2175 1390 2233 Aristotelem
1449 2187 1571 2228 cum
1608 2171 1835 2231 Platone
1876 2169 2077 2225 sentire

2180 2160 2280 2213 οὐδ’
2307 2158 2467 2220 αὐτὸς
2493 2157 2627 2228 ᾔδει,
2658 2156 2795 2210 ἀλλὰ
2842 2157 2939 2242 τάμ
2966 2156 3295 2228 νομιζόμενα
3347 2156 3485 2227 ἀμφ’
3513 2156 3691 2209 αὐτῶν
3716 2150 3754 2229 ᾖ

504 2279 693 2331 ratus,
744 2269 944 2323 bellum
995 2239 1216 2338 gerebat
1261 2280 1387 2320 cum
1434 2263 1757 2327 Aristotele,
1794 2260 2073 2316 Platonem

2180 2251 2386 2319 λέγεται
2412 2249 2677 2303 ὑπονοῶν.
2707 2248 2856 2320 Πλὴν
2883 2239 3039 2309 οὗτος
3070 2246 3169 2317 μὲν
3195 2250 3225 2300 6
3270 2246 3677 2318 Κηφισόδωρος,
3707 2240 3756 2315 ᾧ

506 2361 688 2431 ipsum
718 2358 982 2424 feriebat,
1012 2356 1604 2426 reprehensionemque
1647 2366 1801 2409 suam
1840 2351 1910 2407 ab
1942 2351 2077 2405 ideis

507 2452 846 2515 arcessitam,
876 2450 943 2504 ad
969 2449 1077 2504 alia
1110 2446 1344 2516 denique
1374 2444 1724 2515 perducebat,
1753 2458 1875 2513 quae
1908 2442 2079 2496 nihilo

505 2550 723 2611 caperet
752 2541 869 2609 ipse
896 2538 1092 2610 magis,
1129 2538 1222 2592 sed
1250 2546 1462 2592 tantum
1490 2550 1613 2605 quae
1645 2549 1835 2605 reapse
1866 2531 1934 2587 de
1972 2533 2079 2586 ἱιιῆς

508 2632 908 2696 statuebantur,
942 2646 1010 2686 ex
1043 2629 1223 2683 verbis
1253 2643 1319 2682 ac
1346 2626 1572 2682 vocibus
1600 2625 1913 2683 aestimaret.
1958 2624 2050 2677 Ca:

507 2730 685 2778 terum
716 2720 920 2777 omissa
946 2734 1073 2775 cum
1102 2733 1168 2774 eo
1201 2732 1382 2789 pugna
1408 2732 1568 2787 quem
1600 2715 1739 2771 bello
1760 2716 2077 2784 appetierat,

508 2812 786 2882 pugnabat
816 2826 942 2867 cum
986 2825 1053 2867 eo
1095 2809 1182 2866 cui
1227 2809 1425 2864 bellum
1463 2807 1663 2861 inferre
1702 2807 1936 2862 nolebat.
1979 2805 2079 2861 Ze-

508 2920 705 2958 nonem
735 2902 883 2973 quod
912 2902 1124 2967 attinet,
1159 2903 1227 2968 is,
1262 2901 1354 2958 ubi
1381 2900 1635 2957 similiter
1661 2899 1960 2961 Arcesilam
1993 2914 2079 2952 re—

508 2997 759 3070 liquerat,
801 2994 849 3050 si
887 3010 955 3050 ne
993 2992 1208 3049 Platoni
1239 2993 1460 3063 quidem
1495 2992 1597 3062 ipsi
1621 2991 1822 3047 bellum
1860 2990 2077 3046 intulis-

506 3098 608 3153 set,
648 3089 862 3159 egregie
893 3102 1017 3143 meo
1037 3086 1246 3157 judicio
1275 3086 1691 3155 phil050phatus
1730 3092 1898 3149 esset,
1929 3082 2079 3153 pacis

508 3181 674 3251 hujus
703 3194 870 3235 causa
898 3187 1045 3234 certe
1074 3179 1318 3249 quidem.
1362 3176 1461 3237 Sin
1489 3187 1670 3232 autem
1692 3216 1707 3241 ,
1740 3190 1838 3233 nec
1873 3190 1935 3229 ea
1965 3175 2078 3229 for-

507 3272 670 3327 tassis
698 3274 958 3341 ignorans
983 3285 1105 3339 qua:
1120 3269 1351 3324 docebat
1375 3268 1669 3331 Arcesilas,
1701 3276 1755 3322 et
1782 3266 2079 3320 Platonica

508 3372 697 3429 contra
732 3363 991 3419 doctrina:
1020 3361 1264 3426 rndis,ut
1298 3376 1364 3415 ex
1391 3361 1480 3426 iis,
1515 3375 1639 3430 qua:
1662 3359 1870 3416 Platoni
1911 3358 2081 3414 ascri-

584 3543 697 3614 (24)
817 3541 1042 3624 μὲνδὴ
1071 3543 1227 3624 ἁρχὴ
1261 3540 1491 3624 ἦν.Νοη
1527 3546 1681 3624 satis,
1714 3545 1930 3624 opinor,
1955 3559 2080 3599 cum

510 3613 761 3669 Numenii
799 3623 977 3667 mente
1010 3618 1170 3667 verba
1210 3613 1575 3669 consentiunt.
1606 3613 1796 3669 Verbis
1823 3631 1967 3668 enim
2006 3624 2082 3667 te-

513 3701 617 3740 nus
652 3683 850 3737 Stoicis
888 3682 1060 3755 ἁρχὴν
1086 3684 1319 3755 tribuit,
1371 3686 1618 3755 veleam
1666 3694 1827 3755 certe,
1860 3684 2079 3755 quidem

511 3755 780 3816 ostendit,
830 3753 991 3822 quam
1034 3754 1294 3809 adversus
1340 3754 1693 3810 Academicos
1724 3753 1961 3822 objicere
1988 3754 2083 3807 de-

513 3826 787 3888 buissent;
823 3834 877 3877 et
903 3834 1081 3878 tamen
1117 3826 1278 3893 paulo
1307 3835 1431 3879 ante
1460 3826 1526 3879 de
1569 3823 1913 3879 Academicis
1945 3838 2071 3877 cum

513 3896 738 3957 diceret,
770 3896 817 3947 εί
856 3896 991 3965 μήτε
1026 3893 1200 3965 ἀρχὴν
1224 3894 1419 3965 ἔχοιεν,
1459 3910 1616 3949 suum
1655 3894 1924 3965 quoddam
1958 3893 2082 3965 illos

512 3961 868 4035 principium’
899 3961 1166 4035 habuisse
1204 3961 1549 4028 declarabat,
1606 3961 1750 4033 quod
1798 3979 1829 4017 a
1882 3961 2084 4018 Stoicis

514 4033 925 4090 convellendum
961 4033 1169 4089 fuisset.

587 4104 697 4175 (25)
744 4106 848 4159 Ἦν
884 4101 1077 4158 εἷπον.
1123 4102 1329 4169 Locus,
1361 4111 1615 4175 ut_patet,
1653 4111 1944 4175 corruptus
1976 4112 2078 4156 est.

511 4169 686 4237 Forte
702 4175 803 4246 legi
837 4176 1005 4243 possit
1028 4213 1043 4237 ,
1065 4169 1498 4246 -ὰφορμὴνηῆν,
1524 4174 1687 4246 εἵπου
1724 4169 1887 4245 μόνου
1908 4211 1922 4234 ,
1948 4183 2078 4246 etc,

514 4253 575 4297 ut
626 4239 790 4313 paulo
823 4239 948 4319 ante
977 4239 1172 4314 legitur
1200 4239 1349 4319 apii}
1377 4239 1466 4315 ἦν.
1505 4239 1923 4319 $cns‘us‘tamcn
1955 4244 2082 4319 olis-

513 4330 679 4369 curus
709 4313 1104 4386 pcrplcsusqde
1133 4313 1347 4377 manci,
1390 4313 1534 4386 quod
1584 4313 2044 4386 ηιὶιιιιείὲναργῶς
2064 4352 2078 4369 .

513 4401 636 4454 quia:
676 4384 1122 4439 Academicorum
1156 4396 1340 4448 erant,
1375 4402 1403 4439 a
1432 4384 1737 4439 Stoicorum
1768 4384 2000 4439 factione
2032 4393 2085 4436 et

513 4456 762 4509 oratione
795 4465 1059 4526 secernat.
1099 4455 1161 4508 Et
1194 4456 1413 4526 quidem
1444 4456 1488 4510 si
1520 4457 1587 4509 de
1625 4455 1934 4526 Stoicorum
1982 4456 2075 4526 de:

514 4534 666 4581 creto
712 4525 1013 4580 membrum
1048 4525 1153 4582 hoc
1186 4523 1454 4580 sumimus
1481 4565 1494 4587 ,
1529 4526 1666 4579 velle
1694 4524 1996 4579 Numenius
2032 4523 2082 4579 id

2176 2341 2429 2411 ἐπολέμει
2470 2340 2545 2411 μὴ
2597 2338 2920 2411 μαχόμενος,
2978 2337 3216 2408 ἐμάχετο
3266 2330 3310 2404 ᾧ
3368 2338 3443 2409 μὴ
3497 2337 3755 2408 πολεμεῖν

2177 2431 2440 2486 εϐοόλετο.
2497 2431 2554 2485 'O
2606 2431 2793 2499 μέντοι
2818 2429 3001 2499 Ζήνων
3043 2428 3137 2482 καὶ
3190 2428 3370 2491 αὐτὸς,
3422 2427 3605 2499 ἐπειδὴ
3658 2428 3755 2481 τοῦ

2186 2522 2535 2593 Ἱρκεσιλάου
2574 2522 2808 2593 μεθίετο,
2831 2524 2878 2575 εί
2913 2521 3013 2592 μὲν
3037 2521 3170 2593 μηδὲ
3200 2519 3444 2575 Πλάτωνι
3473 2520 3754 2591 ἐπολέμει,

2214 2615 2481 2684 ριλοσόφει
2504 2615 2674 2684 δήπου
2739 2614 2861 2684 ἐμοὶ
2888 2615 3048 2687 κριτῇ
3083 2612 3337 2665 πλείστου
3394 2611 3560 2679 ἀξίως
3594 2613 3757 2666 ἕνεκά

2175 2720 2236 2771 γε
2270 2706 2368 2774 τῆς
2394 2705 2688 2776 εἰρημένης
2713 2704 2825 2775 (26)
2857 2704 3082 2776 ταύτης.
3134 2705 3196 2756 El
3225 2703 3270 2756 δ’
3294 2703 3395 2757 οὐκ
3422 2704 3632 2772 ἀγνοῶν
3657 2704 3756 2775 μὲν

2177 2797 2305 2860 ἴσως
2323 2796 2393 2849 τὰ
2423 2796 2797 2867 Ἀρκεσιλάου,
2836 2796 2904 2849 τὰ
2954 2796 3134 2867 μέντοι
3181 2795 3468 2859 Πλάτωνος
3520 2795 3752 2864 ἀγνοῶν,

2175 2888 2249 2953 ὼς
2275 2888 2334 2953 ἐξ
2353 2881 2427 2942 ὦν
2449 2887 2600 2959 αὐτῷ
2616 2887 2922 2959 ἀνέγραψεν
2943 2886 3241 2958 ἐλέγχεται,
3262 2889 3342 2940 ὅτι
3363 2888 3620 2957 ἐποίησεν
3641 2886 3753 2955 (27)

2147 2981 2392 3052 ,ἐναντία
2438 2981 2657 3043 καύτὸς,
2716 2980 2852 3044 μήτε
2895 2978 2954 3032 ὃν
2987 2979 3103 3051 ⁴ᾔδει
3135 2978 3408 3051 πλήττων,
3456 2979 3515 3032 ὃν
3562 2994 3621 3030 τε
3654 2978 3753 3036 οὐκ

2180 3066 2363 3142 ὲίρῆν,
2402 3070 2703 3141 ἀτιμότατα
2761 3070 2855 3124 καὶ
2901 3068 3156 3139 αἴσχιστα
3207 3067 3598 3140 περιυὸρικὼς,
3659 3068 3755 3121 κα)⁸

2177 3164 2349 3217 ταῦτα
2378 3162 2511 3218 πολὺ
2537 3167 2729 3218 κάκιον
2761 3161 2794 3233 ἢ
2853 3162 3111 3233 προσήκει
3163 3161 3304 3214 κυνί.
3362 3160 3507 3230 Πλὴν
3533 3157 3753 3223 διέδειξὲ

2180 3273 2245 3326 γε
2277 3257 2380 3329 μὴν
2412 3256 2854 3328 μεγαλοφροσύνῃ
2874 3255 3242 3325 ἀποσχόμενος
3256 3254 3349 3308 τοῦ
3381 3253 3749 3324 Ἀρκεσιλάου.

2186 3351 2341 3403 ’Ἤτοι
2372 3350 2482 3421 γὰρ
2515 3349 2703 3420 ἀγνοίᾳ
2728 3346 2836 3400 τῶν
2863 3348 3093 3412 ἐκείνου,
3132 3347 3295 3417 ἢδέει
3331 3346 3440 3400 τῶν
3473 3346 3755 3411 Στωϊκῶν,

2183 3550 2358 3604 locum
2387 3548 2582 3618 (verba
2615 3546 2777 3601 Tullii
2815 3547 2979 3618 sunt)
3013 3546 3245 3618 pressius
3267 3544 3566 3618 ridebatur
3602 3560 3753 3599 acce-

2183 3620 2323 3674 dere.
2350 3616 2615 3684 Quoniam
2636 3618 2772 3670 enim
2789 3617 2844 3670 id
2867 3616 3112 3670 haberent
3130 3616 3432 3669 Academici
3454 3616 3719 3668 decretum
3738 3654 3757 3679 ,

2182 3691 2309 3743 nihil
2339 3705 2486 3758 posse
2503 3688 2720 3758 percipi,
2742 3702 2844 3758 non
2859 3686 3041 3739 debere
3072 3702 3156 3739 eos
3180 3687 3235 3741 in
3270 3701 3366 3758 suo
3386 3686 3620 3758 decreto,
3650 3685 3757 3737 sic—

2181 3771 2240 3814 ut
2275 3755 2566 3813 in'cwleris
2606 3755 2759 3811 rebus
2808 3757 3092 3824 ﬂuctuare,
3124 3757 3419 3824 praesertim
3451 3771 3571 3808 cum
3604 3755 3659 3807 in
3695 3771 3759 3808 eo

2182 3845 2391 3884 summa
2414 3824 2741 3892 consmeret,
2774 3836 2879 3881 etc.
2906 3844 2919 3892 ;
2947 3840 3067 3895 quae
3089 3824 3300 3879 Tullius
3329 3824 3401 3883 ita
3430 3825 3708 3879 concludit
3737 3840 3753 3876 :

2184 3899 2301 3954 Hoc
2321 3900 2485 3969 igitur
2516 3897 2670 3969 modo
2691 3898 2863 3964 potius
2883 3904 2996 3949 erat
3030 3896 3094 3948 ab
3125 3895 3206 3949 Itis
3242 3896 3619 3969 postulandum
3639 3935 3655 3959 ,
3696 3905 3758 3948 ut

2184 3971 2280 4024 hoc
2322 3965 2484 4021 unum
2512 3966 2736 4030 saltem,
2774 3981 2981 4020 PERCIPI
3032 3980 3178 4021 nmu.
3224 3974 3425 4030 P0355,
3457 3965 3760 4035 peiceptum

2181 4055 2294 4094 esse
2340 4038 2595 4092 dicerent.
2653 4035 2859 4100 Porro,
2925 4043 3093 4091 totam
3139 4035 3285 4092 illam
3333 4036 3646 4091 Stoicorum
3689 4036 3762 4089 de

2183 4109 2490 4179 phantasia,
2534 4122 2628 4163 seu
2659 4107 2801 4179 visu,
2836 4114 2891 4161 et
2919 4107 3404 4179 comprehensione
3428 4105 3759 4179 doctrinam,

2184 4175 2437 4235 accurate
2480 4179 2620 4233 idem
2669 4177 2862 4232 Cicero
2903 4191 2967 4231 ac
3025 4176 3311 4246 diligenter
3346 4177 3571 4246 exponit
3607 4175 3701 4228 lib.
3739 4191 3759 4227 ι

2184 4250 2511 4311 Academia,
2551 4258 2684 4303 sect.
2717 4246 2933 4316 39-41).
2967 4245 3074 4300 Sed
3108 4247 3247 4301 alius
3294 4246 3384 4301 ille
3414 4245 3567 4301 locus
3598 4260 3664 4298 ex
3703 4259 3761 4298 tv

2182 4319 2426 4390 eiusdem
2454 4319 2655 4390 aperis,
2701 4324 2834 4390 sect.
2872 4317 2961 4390 l8,
3011 4317 3107 4384 qui
3153 4317 3257 4390 huc
3306 4317 3469 4371 etiam
3502 4316 3761 4390 maxime

2183 4385 2436 4459 pertinet.
2474 4385 2553 4443 sic
2584 4387 2842 4459 legendus
2878 4386 3130 4459 videtur:
3151 4385 3295 4459 _C_um
3321 4390 3460 4440 enim
3495 4387 3573 4439 ita
3603 4400 3762 4459 nega:-

2186 4454 2277 4532 ret
2304 4461 2334 4532 Α(
2356 4457 2534 4523 Philo,
2590 4454 2683 4532 qui
2731 4455 2965 4532 lenonis
3002 4454 3761 4532 deﬁnitionemurespuebat)

2218 4525 2473 4598 uidquam
2504 4525 2771 4598 essequod
2798 4525 3163 4598 comprehendi
3184 4536 3355 4598 posset
3385 4525 3458 4596 (id
3487 4525 3763 4598 enim_vo-

514 4596 751 4660 videtur,
780 4595 1091 4667 Arcesilam
1113 4605 1165 4649 ct
1192 4574 1558 4665 profectos'ab
1582 4595 1675 4667 illo
1708 4574 2082 4667 Academicos,
2118 4574 2160 4628 1)
2187 4574 3761 4667 Ῐιῖιῖιῖξ’ἔέᾷ⁷ἆζιέτ”άῐῐηῆὂζδζ’έὲ’ὲὶὶὶιᾙὲἓὲὲιξὶεὲὶἷὶέιὶο

514 4681 575 4719 ea
605 4680 767 4734 quam
800 4665 953 4721 avide
974 4664 1319 4734 arripiebaut
1342 4706 1356 4727 ,
1401 4666 1675 4734 pugnandi
1720 4680 1852 4718 ansa
1886 4664 2086 4717 caritu—

515 4733 851 4795 rosluisse.
888 4733 933 4788 si
965 4733 1111 4793 Zeno
1144 4736 1347 4804 aliquid
1387 4733 1453 4789 de
1483 4733 1583 4789 suo
1626 4736 1719 4789 illo
1746 4735 1965 4789 decreto
1998 4748 2085 4804 re-

517 4806 736 4861 mittere
756 4804 1034 4864 valuisset.
1055 4820 1165 4873 quo
1192 4803 1300 4859 tam
1326 4806 1574 4860 absolute
1595 4803 2086 4873 comprehendendi

516 4876 625 4929 vim
659 4874 958 4944 phantasia:
990 4876 1260 4929 tribuebat
1288 4894 1300 4929 :
1333 4877 1401 4930 de
1439 4891 1549 4943 quo
1582 4875 1777 4944 pagina
1816 4874 2085 4942 sequenti.

518 4946 638 5010 Sin,
662 4943 807 5014 quod
840 4944 970 5000 mihi
1010 4958 1154 5000 certe
1186 4946 1522 5015 probabilius
1565 4943 1673 5008 est,
1701 4945 1766 4999 de
1800 4943 2086 5015 Academi-

517 5013 705 5070 corum
737 5014 953 5069 decreto
979 5013 1263 5070 dictum—id
1295 5016 1487 5080 fuerit,
1520 5016 1643 5078 hoc,
1683 5015 1895 5084 opinor,
1922 5013 2089 5082 signi-

516 5088 678 5149 licat,
710 5085 1026 5139 hominibus
1075 5085 1209 5139 nihil
1253 5086 1478 5141 omnino
1512 5086 1713 5155 percipi
1748 5095 1802 5139 ct
1843 5098 2089 5150 compre-

518 5156 681 5227 hendi
726 5170 885 5227 posse
932 5156 1157 5209 καθόλου
1203 5156 1573 5227 ὁριζομένοις,
1609 5171 1775 5227 unum
1825 5156 2091 5227 duntaxat

518 5226 749 5297 aliquid
775 5224 1132 5279 auferendum
1166 5224 1651 5282 ac'detrabendum
1688 5226 1891 5286 fuisse,
1938 5224 2087 5297 quod

518 5291 627 5349 vel'
654 5296 754 5364 ipsi
806 5304 1119 5364 perceptum
1172 5299 1305 5351 satis
1339 5309 1391 5351 et
1438 5291 2087 5364 comprelicnsum__fateri

517 5362 863 5435 cogerentur.
894 5362 1034 5431 Quid
1069 5377 1249 5421 autem
1282 5368 1450 5421 illud?
1476 5362 1594 5419 Non
1627 5366 1869 5419 declarat
1888 5362 2089 5435 Nume-

522 5433 667 5507 nius.
708 5433 899 5507 Facile
939 5447 1117 5491 tamen
1152 5438 1490 5507 intelligitur,
1518 5438 1570 5489 id
1602 5434 2089 5507 ipsnmhvidelicet,

520 5505 718 5577 percipi
766 5505 895 5577 nihil
943 5501 1407 5577 comprehendirfue
1439 5501 1635 5577 posse:
1668 5504 1809 5577 Audi
1852 5501 2087 5577 Tullium

524 5575 619 5627 lib.
653 5590 704 5627 ιν
743 5572 1069 5638 Academia,
1117 5586 1249 5631 sect.
1291 5572 1353 5630 l8
1384 5596 1396 5630 :
1432 5572 1514 5629 Ea:
1556 5576 1684 5639 hoc,
1718 5576 1926 5643 inquit,
1954 5572 2088 5627 illud

521 5653 606 5714 est
632 5653 813 5696 natum
834 5682 851 5708 ,
880 5647 1017 5714 quod
1046 5649 1346 5714 postulabat
1374 5645 1709 5709 Hortensius,
1740 5656 1797 5697 ut
1828 5644 1885 5696 id
1919 5647 2089 5713 ipsum

524 5712 712 5771 saltem
757 5712 1053 5782 perceptum
1104 5732 1137 5769 a
1182 5717 1416 5782 sapiente
1454 5717 1736 5776 diceretis,
1780 5714 1913 5767 nihil
1940 5712 2090 5783 posse

522 5784 739 5851 percipi.
774 5783 840 5835 Et
874 5800 1022 5840 \‘t'l‘O.
1061 5786 1185 5837 licet
1226 5787 1533 5839 Carneades
1562 5802 1626 5838 nc
1658 5787 1709 5837 id
1742 5787 1957 5852 quidem
1993 5788 2087 5833 e'x-

527 5862 740 5922 ceptum
783 5869 902 5907 esse
934 5864 1225 5923 pateretur,
1261 5857 1547 5910 Antiochus
1582 5865 1785 5915 tmm‘n,
1822 5857 1888 5906 ad
1930 5867 2086 5906 istum

2190 4669 2427 4737 deﬁniret
2452 4708 2467 4731 ,
2501 4668 2604 4720 tale
2628 4664 2796 4720 visain
2841 4666 2987 4735 (jam
3028 4666 3174 4719 enim
3216 4666 3338 4737 hoc,
3363 4680 3464 4736 pro
3483 4664 3763 4737 φαντασία

2189 4735 2412 4793 verbum
2461 4740 2593 4793 satis
2635 4737 2888 4791 hesterno
2922 4749 3174 4790 sermone
3220 4735 3537 4804 trivimus),
3595 4735 3761 4787 visum

2189 4810 2354 4877 igitur
2379 4808 2693 4877 impressum
2717 4807 3040 4877 eﬁictumque
3072 4820 3137 4864 ea:
3166 4822 3246 4870 eo,
3270 4805 3405 4877 unde
3433 4814 3590 4867 esset,
3609 4804 3765 4877 qu_ale

2189 4872 2300 4932 esse
2337 4872 2640 4957 nomposset
2673 4872 2845 4957 ιντερ,
2876 4872 3152 4957 .undennon
3173 4887 3324 4957 esset.
3361 4876 3440 4957 {Id
3472 4891 3573 4956 nos
3602 4889 3632 4926 a
3664 4872 3763 4925 Ze-

2191 4963 2334 5003 none
2361 4944 2643 5002 deﬁnitum
2679 4946 2983 5001 rectissime
3001 4945 3258 5001 dicimus.
3279 4944 3386 5011 Qui
3414 4944 3559 4998 enim
3583 4949 3765 5012 potest

2190 5018 2490 5088 quidquam
2520 5017 2902 5087 comprehendi
2928 5053 2943 5078 ,
2977 5024 3038 5069 ut
3065 5016 3225 5088 plane
3266 5016 3508 5088 conﬁdas
3540 5015 3613 5088 id_
3638 5027 3762 5088 per:

2191 5080 2407 5157 ceptum
2452 5080 2838 5158 cognitumque
2864 5100 3004 5158 esse,
3047 5080 3193 5154 quod
3238 5095 3326 5158 est
3356 5085 3461 5138 tale
3488 5084 3650 5158 quale
3680 5080 3764 5134 vel

2193 5152 2388 5227 falsum
2448 5152 2568 5212 esse
2603 5152 2843 5227 possit?)
2906 5154 3020 5207 Hoc
3067 5152 3185 5209 cum
3234 5152 3763 5227 inﬁrmatAgtollitque

2193 5225 2381 5293 Philo,
2423 5238 2526 5281 etc.
2582 5224 2835 5287 Lambini
2875 5227 3180 5293 emendatio
3213 5242 3243 5279 a
3272 5234 3452 5285 mente
3478 5224 3761 5277 Ciceronis

2191 5291 2484 5351 admodum
2512 5298 2724 5351 videtur
2748 5297 2941 5351 aliena.
2967 5291 3076 5350 Nos
3107 5295 3428 5366 particulam
3457 5294 3671 5366 unicam
3701 5299 3761 5343 ut

2191 5370 2549 5437 expungimus
2602 5376 2723 5435 post
2770 5382 2871 5418 non
2917 5363 3124 5434 posset}
3167 5367 3281 5437 illa;
3308 5380 3457 5437 vero,
3500 5363 3690 5437 _id__nos
3724 5376 3757 5419 α

2191 5432 2417 5499 Zenone,
2442 5432 2615 5506 usque
2642 5438 2707 5491 ad
2734 5452 2849 5489 esse
2868 5432 3056 5504 possit,
3075 5435 3387 5506 parenthesi
3409 5432 3758 5506 includimus.

2194 5506 2317 5561 Hzec
2359 5503 2542 5561 tamen
2588 5503 2873 5559 Platonico
2917 5503 3098 5575 potius
3127 5519 3293 5575 quam
3320 5503 3573 5558 Tulliano
3611 5513 3764 5556 more

2192 5576 2445 5635 intricata
2481 5577 2647 5631 videri
2678 5576 2909 5645 possint.

2261 5646 2372 5717 (26)
2410 5643 2757 5715 Εὶρημένὴς.
2785 5646 2925 5717 Lege
2946 5661 3069 5717 cum
3110 5660 3236 5707 ms.,
3271 5643 3514 5717 εἰρήνης.

2264 5660 2372 5717 tuo)
2410 5660 2757 5715 ιςιρημενης.
2785 5660 2925 5714 Lege
2946 5661 3069 5700 cum
3110 5660 3236 5707 ms.,
3271 5660 3426 5714 ειρην
3467 5660 3514 5705 ς.

2264 5716 2377 5786 (27)
2421 5720 2539 5768 Ὅτι
2562 5717 2869 5782 ἐποίησεν.
2898 5714 3097 5771 Pendet
3126 5660 3762 5785 scntcntia.1egcndnm

2194 5787 2404 5849 videtur
2456 5786 2628 5859 οὕτως
2662 5786 2931 5864 ἐποίηςεν,
