4144 6412
382 365 405 417 Ι
417 365 522 420 205

1580 370 1895 425 ΡΠᾸΞΡΑΠ.
1932 369 2180 425 EVANG.
2222 371 2349 426 LIB.
2383 371 2518 426 XIV.

3476 357 3614 418 1206

377 480 664 550 πολέμοιο
707 484 861 554 μέγα
906 489 1099 556 στόμα
1163 487 1550 541 πευκεοαιηθοῖο
1619 486 1958 557 ἀπετρέψατο

2069 488 2155 551 bit,
2195 488 2348 542 facile
2388 487 2826 557 deprehenditur,
2879 485 2980 539 hoc
3006 483 3130 538 belli
3159 496 3326 553 genus
3356 479 3613 549 suscepit,

375 569 515 641 ἄλλῃ
543 574 622 636 είς
656 573 935 631 Πλάτωνα.
994 578 1148 631 Ἀλλὰ
1177 580 1269 631 καὶ
1307 579 1430 649 περὶ
1466 579 1564 649 μὲν
1616 578 1722 630 τῶν
1750 577 1952 647 Ζήνωνι

375 659 462 723 είς
490 661 752 718 Πλάτωνα
778 666 959 730 κακῶς
988 684 1044 720 τε
1072 668 1165 720 καὶ
1205 667 1515 737 αἰδημόνως
1545 663 1796 736 οὐδαμῶς
1824 679 1956 714 νεω-

377 753 738 823 τερισθέντων
771 759 1046 830 εἰρήσεταί
1101 776 1190 831 μοι
1238 755 1395 825 αὖθίς
1424 777 1576 824 ποτε,
1621 759 1714 812 ἐὰν
1747 758 1957 826 φιλοσο-

380 839 512 910 φίας
544 843 739 916 σχολὴν
768 846 975 914 ἀγάγω.
1006 848 1096 918 Μή
1144 865 1274 901 ποτε
1319 848 1429 918 (28)
1464 848 1646 919 μέντοι
1694 849 1955 921 ἀγάγοιμι

382 934 582 1004 σχολήν
607 953 735 988 ποτε
755 938 1042 1008 τοσαύτην,
1070 939 1273 993 τούτων
1299 940 1428 1009 γοῦν
1459 941 1724 1008 ἕνεκεν,εί
1757 941 1830 1013 μὴ
1853 941 1957 994 ὑπὸ

381 1024 621 1089 παιδιᾶς.
637 1027 740 1081 Τὸν
770 1028 815 1081 δ’
841 1022 933 1082 οὖν
966 1032 1186 1103 Ζήνωνα
1218 1034 1247 1086 ὁ
1278 1032 1621 1104 Ἀρκεσίλαος
1652 1033 1957 1103 ἀντίτεχνον

382 1118 481 1171 καὶ
514 1117 782 1182 ἅξιόνικόν
817 1121 1126 1193 ὑπάρχοντα
1162 1124 1402 1195 θεωρῶν,
1434 1126 1558 1190 τοὺς
1590 1127 1721 1197 παρ’
1746 1125 1955 1179 ἐκείνου

380 1210 826 1282 ἀποφερομένους
879 1213 1068 1282 λόγους
1117 1218 1365 1288 καθῄρει,
1425 1220 1518 1270 καὶ
1578 1218 1727 1270 οὐδὲν
1769 1217 1951 1271 ὤκνει.

386 1303 524 1374 Περὶ
559 1304 657 1374 μὲν
682 1299 774 1358 οὖν
800 1305 907 1359 τῶν
930 1306 1104 1360 ἄλλων
1158 1307 1193 1362 ἂ
1252 1310 1565 1381 ἐμεμάχητο
1604 1309 1815 1378 ἐκείνῳ,
1846 1309 1955 1363 οὔτ’

385 1393 520 1458 ἴσως
548 1396 720 1449 εἰπεῖν
745 1396 873 1467 ἔχω,
904 1398 1031 1451 εἴτε
1082 1401 1177 1455 καὶ
1229 1397 1392 1472 εἶχον,
1428 1402 1579 1455 οὐδὲν
1608 1402 1714 1457 ἔδει
1752 1403 1847 1456 νῦν
1871 1404 1959 1457 αὺ-

382 1484 497 1539 τῶν
526 1489 850 1560 μνησθῆναι·
909 1491 969 1545 τὸ
1002 1490 1058 1544 δὲ
1114 1491 1288 1564 δόγμα
1337 1492 1495 1547 τοῦτο
1532 1493 1696 1548 αὑτοῦ
1742 1495 1957 1566 πρώτου

382 1577 705 1649 εὑρομένου,
739 1582 908 1636 καύτὸ
957 1583 1019 1636 τὸ
1065 1584 1234 1655 ὄνομα
1284 1584 1495 1654 βλέπων
1537 1586 1854 1657 εὐδοκιμοῦν
1902 1590 1958 1640 ὲν

382 1673 508 1734 ταῖς
549 1671 816 1744 Ἀθήναις,
846 1675 944 1745 τὴν
993 1676 1402 1749 καταληπτικὴν
1444 1678 1762 1748 φαντασίαν,
1811 1679 1957 1750 πάσῃ

388 1766 608 1835 μηχανῇ
644 1766 839 1837 ἐχρῆτο
862 1767 947 1820 ἐπ’
972 1768 1163 1839 αὐτήν.
1211 1769 1270 1821 '0
1309 1769 1353 1821 δ’
1385 1772 1442 1823 ὲν
1472 1769 1550 1840 τῷ
1589 1769 1960 1841 ἀσθενεστέρῳ

2061 594 2219 633 secus
2260 578 2498 648 profecto
2533 594 2695 648 quam
2746 592 2844 647 par
2889 585 3007 629 erat
3050 574 3178 630 fecit
3216 574 3332 643 ipse
3377 586 3617 642 quoque,

2060 669 2187 723 dum
2221 684 2321 724 nec
2353 669 2625 723 hominem
2657 669 2759 724 sibi
2793 675 2983 722 notum
3012 664 3345 728 vulneravit,
3378 674 3430 718 et
3456 678 3618 732 quem

2061 761 2285 816 minime
2317 760 2595 824 decuerat,
2631 775 2754 813 eum
2788 756 3165 828 indignissime
3188 770 3251 810 ac
3284 753 3620 823 turpissime,

2061 852 2305 921 adeoque
2342 853 2502 922 longe
2536 850 2755 914 fmdius,
2785 865 2947 921 quem
2999 849 3081 904 vel
3134 849 3253 902 cani
3288 845 3621 909 conveniret,

2061 944 2405 998 contumeliis
2427 944 2663 998 violavit.
2699 943 2965 997 Caeterum
2997 939 3369 1010 magnitudine
3388 936 3622 1007 quadam

2063 1035 2230 1090 animi
2263 1036 2533 1091 abstinere
2562 1050 2621 1091 se
2651 1035 2718 1089 ab
2743 1033 2983 1088 Arcesila
3021 1030 3327 1085 declaravit.
3366 1027 3500 1082 Nam
3526 1041 3621 1082 seu

2061 1129 2205 1198 quod
2242 1129 2478 1183 hominis
2511 1143 2732 1182 sensum
2770 1128 3060 1197 ignoraret,
3094 1141 3189 1180 seu
3232 1123 3376 1195 quod
3408 1120 3624 1176 Stoicos

2062 1227 2361 1283 vereretur,
2392 1216 2578 1271 Trucis
2606 1234 2702 1272 ara
2733 1219 2965 1287 ingentia
3005 1216 3124 1270 belli
3147 1217 3254 1271 alio
3279 1256 3293 1280 ,
3322 1216 3426 1269 hoc
3455 1222 3541 1268 est
3569 1212 3626 1266 in

2062 1309 2360 1373 Platonem,
2413 1308 2591 1363 vertit.
2652 1307 2757 1363 Sed
2787 1309 2931 1362 enim
2965 1308 3031 1362 de
3061 1308 3158 1371 iis,
3191 1322 3311 1377 quae
3340 1319 3624 1375 perperam

2063 1415 2127 1455 ac
2148 1401 2265 1455 sine
2286 1399 2398 1455 ullo
2439 1398 2778 1456 verecundiae
2815 1413 2980 1453 sensu
3018 1396 3295 1452 Platonem
3326 1395 3473 1451 Zeno
3512 1409 3629 1449 mo-

2064 1492 2193 1547 litus
2237 1500 2322 1549 est
2349 1501 2462 1547 tum
2490 1506 2646 1562 agam
2680 1490 2921 1555 uberius,
2954 1504 3078 1544 cum
3118 1504 3148 1542 a
3184 1486 3344 1558 733
3383 1486 3625 1556 philoso-

2065 1583 2189 1652 phia
2235 1597 2539 1638 vacavero:
2578 1595 2889 1652 quanquam
2930 1580 3073 1635 absit
3117 1579 3374 1643 omnino,
3415 1586 3625 1632 tantum

2066 1686 2302 1741 unquam
2339 1671 2406 1725 ab
2432 1685 2495 1725 ea
2524 1684 2733 1730 vacem,
2768 1668 2871 1722 hoc
2897 1675 2957 1722 ut
2989 1665 3291 1736 argumenti
3325 1678 3496 1734 genus
3523 1663 3624 1715 ati-

2067 1774 2146 1817 ter
2182 1778 2342 1832 quam
2363 1762 2489 1833 joco
2525 1760 2863 1817 tractandum
2895 1758 3209 1827 suscipiam.
3232 1753 3386 1810 Nunc
3416 1764 3476 1809 ut
3500 1753 3627 1809 red—

385 1851 467 1906 ὢν
495 1854 629 1927 (29),
682 1858 911 1928 ἡσυχίαν
956 1859 1125 1927 ἄγων,
1182 1860 1245 1913 οὐ
1295 1860 1588 1932 δυνάμενος
1641 1860 1958 1925 ἀδικεῖσθαι,

2069 1866 2177 1905 eam
2215 1851 2281 1905 ad
2311 1851 2642 1917 Arcesilam,
2678 1850 2724 1904 is
2763 1848 3036 1905 Zenonem
3071 1856 3125 1901 et
3173 1846 3309 1900 artis
3333 1844 3626 1901 contrariae

403 1944 736 2019 Ἀρκεσιλάῳ
765 1949 866 2020 μὲν
897 1951 1106 2021 ἀφίετο,
1131 1952 1299 2005 πολλὰ
1347 1952 1412 2007 ἂν
1459 1955 1631 2007 εἰπεῖν
1660 1952 1819 2024 ἔχων,
1849 1954 1961 2007 ἀλλ’

386 2038 490 2091 οὐκ
515 2038 695 2109 ἤθελε,
729 2040 869 2113 τάχα
891 2042 949 2095 δὲ
980 2043 1176 2117 μᾶλλον
1200 2043 1392 2108 ἄλλωςο
1426 2045 1564 2116 πρὸς
1590 2044 1646 2098 δὲ
1670 2046 1763 2099 τὸν
1783 2044 1965 2098 οὐκέτι

389 2129 451 2182 ὲν
484 2128 649 2192 ζῶσιν
702 2131 832 2185 ὄντα
872 2133 1131 2188 Πλάτωνα
1180 2135 1528 2207 ὲσκιαμάχει,
1586 2136 1680 2188 καὶ
1725 2136 1824 2206 τὴν
1858 2136 1967 2189 ἀπὸ

388 2218 607 2290 ἀμάξης
637 2219 911 2293 πομπείαν
934 2224 1115 2278 πᾶσαν
1146 2222 1521 2295 κατεθορύϐει,
1539 2223 1731 2292 λέγων,
1752 2223 1827 2287 ὠς
1854 2222 1964 2276 οὔτ’

393 2309 461 2364 ἂν
484 2309 577 2365 τοῦ
611 2312 898 2378 Πλάτωνος
960 2314 1322 2385 ἀμυνομένου,
1361 2315 1668 2386 ὑπερδικεῖν
1717 2331 1777 2367 τε
1805 2314 1966 2368 αὐτοῦ

389 2403 536 2476 ἄλλῳ
557 2406 732 2460 οὐδενὶ
767 2407 946 2479 μέλονο
970 2409 1077 2463 εἴτε
1102 2409 1385 2481 μελήσειεν
1426 2407 1778 2480 Ἀρκεσιλάῳ,
1805 2408 1968 2471 αὐτός

390 2512 458 2565 γε
491 2497 765 2569 κερδανεῖν
818 2498 954 2571 ᾤετο
1011 2500 1457 2574 ἀποτρεψάμενος
1508 2502 1601 2571 ἀφ’
1634 2500 1824 2556 ἑαυτοῦ
1875 2501 1969 2554 τὸν

408 2582 769 2655 Ἀρκεσίλαον.
806 2585 974 2641 Τοῦτο
999 2588 1055 2642 δὲ
1094 2586 1190 2661 ᾖδε
1223 2590 1318 2644 καὶ
1358 2590 1685 2659 Ἀγαθοκλέα
1730 2590 1822 2644 τὸν
1868 2592 1969 2644 Συ-

397 2676 682 2745 ρακούσιον
712 2679 1012 2749 ποιήσαντα
1042 2679 1103 2733 τὸ
1136 2680 1373 2752 σόφισμα
1406 2683 1499 2735 ἐπὶ
1523 2683 1650 2746 τοὺς
1685 2682 1969 2753 Καρχηδο-

392 2761 559 2829 νίους.
593 2767 655 2819 Oi
684 2768 911 2821 Στωϊκοὶ
963 2769 1021 2822 δὲ
1076 2771 1347 2841 ὑπήκουον
1402 2772 1859 2844 ἐκπεπληγμένοι·
1905 2773 1968 2826 Ἠ

397 2854 573 2924 μοῦσα
601 2856 709 2930 γὰρ
736 2859 918 2921 αὐτοῖς
946 2858 1066 2912 οὐδὲ
1103 2860 1223 2913 τότε
1253 2857 1320 2933 ἦν
1348 2861 1646 2932 φιλολόγος,
1670 2864 1780 2916 οὐδ’
1804 2862 1971 2935 ἐργά-

394 2961 479 3009 τις
509 2948 766 3019 χαρίτων,
824 2942 1013 3018 ὑφ’ὧν
1055 2951 1085 3003 ὁ
1142 2951 1510 3023 Ἀρκεσίλαος,
1556 2952 1626 3006 τά
1667 2954 1764 3024 μὲν
1810 2971 1968 3026 περι-

396 3038 628 3108 κρούων,
663 3039 803 3092 τὰδὲ
839 3041 1176 3112 ὑποτέμνων,
1210 3041 1344 3096 ἄλλα
1369 3041 1412 3095 δ’
1439 3044 1827 3111 ὑποσκελίζων,
1872 3064 1970 3099 κα-

393 3129 778 3198 τεγλωττίζετο
828 3131 1044 3196 αὐτοὺς,
1095 3134 1188 3185 καὶ
1246 3133 1473 3199 πιθανὸς
1527 3131 1616 3207 ἧν.
1672 3136 1968 3208 Τοιγαροῦν

397 3191 533 3292 πρὸς
551 3221 643 3286 οὒς
667 3191 778 3293 ⁷μὲν
805 3191 1112 3291 ἀντέλεγεν,
1160 3191 1504 3296 ἡττωμένων,
1533 3191 1589 3279 έν
1614 3220 1695 3290 οἷς
1720 3191 1969 3297 δὲ’λέγων
1996 3191 2037 3247 C

395 3308 487 3383 ἦν,
543 3313 1102 3385 καταπεπληγμένων,
1152 3313 1490 3386 δεδειγμένον
1524 3335 1642 3381 πως
1693 3321 1805 3382 τοῖς
1851 3319 1973 3375 τότε

397 3401 704 3474 ἀνθρώποις
738 3403 971 3475 ὑπῆρχε,
1002 3404 1168 3475 μηδὲν
1200 3399 1338 3458 εἶναι
1369 3407 1491 3478 μήτ’
1517 3402 1608 3461 οὖν
1630 3406 1780 3474 ἔπος,
1838 3411 1974 3481 μήτε

399 3494 591 3559 πάθος,
618 3496 752 3566 μήτε
781 3494 937 3566 ἔργον
965 3494 1022 3549 ἓν
1058 3495 1253 3567 βραχὺ,
1294 3496 1428 3567 μηδὲ
1456 3497 1725 3571 ἄχρηστον
1758 3500 1977 3554 τούναν-

397 3588 510 3642 τίον
531 3587 760 3659 ὀφθῆναί
793 3588 910 3641 ποτ’
931 3587 1015 3651 ἂν,
1056 3588 1110 3641 εῐ
1128 3605 1182 3642 τι
1244 3590 1318 3661 μὴ
1350 3590 1684 3663 Ἀρκεσιλάῳ
1724 3591 1869 3645 δοκεῖ
1894 3592 1970 3663 τῷ

401 3681 673 3752 Πιταναίῳ
695 3680 828 3752 (50).
855 3680 945 3752 Τῷ
973 3681 1017 3734 δ’
1040 3681 1146 3754 ἄρα
1176 3683 1324 3736 οὐδὲν
1360 3684 1554 3749 εδόκει,
1602 3684 1710 3737 οὐδ’
1738 3685 1970 3753 ἀπεφαί-

399 3790 521 3827 νετο
559 3774 711 3827 οὐδὲν
772 3774 992 3845 μᾶλλον,
1047 3775 1082 3848 ἢ
1129 3774 1462 3846 ρηματίσκια
1508 3776 1656 3833 ταῦτ’
1684 3774 1819 3832 εἶναι
1877 3778 1969 3832 καὶ

401 3864 620 3935 φόϐους.

2064 1941 2461 2011 professorem,
2508 1951 2562 1997 et
2605 1957 2702 1997 sua
2737 1941 2959 2012 dignum
2988 1940 3216 1995 victoria
3249 1952 3372 1992 cum
3404 1937 3629 2000 videret,

2068 2033 2303 2090 hominis
2340 2034 2732 2104 disputationes
2786 2031 3145 2095 convellebat,
3174 2031 3259 2086 sui
3285 2029 3445 2099 plane
3474 2043 3631 2083 secuo

2068 2142 2182 2182 rus.
2225 2129 2304 2182 Ac
2344 2134 2535 2181 caetera
2577 2125 2795 2194 quidem
2828 2124 3045 2187 omnia,
3076 2122 3144 2177 de
3186 2120 3387 2192 quibus
3412 2135 3537 2175 cum
3566 2132 3632 2173 eo

2066 2218 2444 2281 contendebat,
2494 2231 2593 2271 nec
2642 2215 2872 2270 fortasse
2903 2215 3131 2283 possim,
3177 2228 3280 2269 nec
3312 2221 3374 2267 ut
3402 2211 3630 2281 possim,

2070 2329 2213 2369 nunc
2240 2322 2385 2369 certe
2425 2311 2707 2382 complecti
2742 2318 3010 2380 oporteat.
3068 2309 3137 2362 At
3161 2308 3437 2362 decretum
3478 2304 3632 2371 illud,

2067 2407 2225 2478 cujus
2255 2407 2371 2478 ipse
2401 2406 2655 2477 princeps
2701 2411 2896 2458 auctor
2933 2408 3085 2467 erat,
3140 2399 3395 2470 quodque
3432 2397 3633 2452 celebri

2067 2510 2183 2555 tum
2206 2500 2428 2555 nomine
2479 2496 2705 2556 Athenis
2734 2496 2927 2568 jactari
2963 2494 3197 2557 videbat,
3225 2493 3372 2546 illam
3409 2491 3633 2560 inquam

2068 2589 2558 2662 comprehendendi
2609 2589 2754 2653 vim,
2808 2602 2973 2659 quam
3022 2584 3322 2652 phantasia:
3366 2582 3636 2637 tribuebat

2070 2683 2237 2750 Zeno,
2270 2681 2538 2737 machinis
2580 2681 2685 2736 sibi
2723 2680 2978 2734 omnibus
3008 2677 3294 2748 petendam
3328 2681 3381 2729 et
3436 2687 3636 2728 concu-

2068 2772 2302 2828 tiendam
2336 2772 2561 2843 putavit.
2604 2769 2752 2825 Alter
2801 2770 3004 2823 interea
3056 2769 3317 2824 adversus
3364 2763 3635 2819 infirmio-

2068 2878 2204 2929 rem,
2230 2862 2387 2932 quasi
2415 2860 2550 2914 nihil
2584 2860 2653 2915 ab
2674 2874 2739 2913 eo
2770 2859 2888 2913 laedi
2927 2865 3134 2928 posset,
3178 2854 3428 2910 movebat
3451 2852 3584 2906 nihil
3618 2870 3631 2904 :

2068 2954 2209 3008 idem
2242 2960 2422 3008 tamen
2458 2953 2628 3007 misso
2658 2951 2896 3006 Arcesila
2917 2993 2931 3017 ,
2981 2951 3037 3004 in
3068 2965 3229 3020 quem
3261 2948 3430 3002 multa
3457 2946 3636 3001 dicere

2068 3045 2334 3114 potuisset
2378 3044 2508 3115 (seu
2559 3043 2833 3098 hominem
2882 3057 3073 3112 urgere
3114 3040 3315 3103 nollet,
3362 3053 3456 3094 seu
3504 3036 3637 3105 quid

2070 3134 2216 3189 aliud
2247 3133 2607 3206 sequeretur),
2639 3148 2763 3188 cum
2789 3132 3009 3187 Platone
3032 3132 3170 3201 ipso,
3199 3130 3292 3200 qui
3320 3129 3502 3183 vivere
3521 3127 3637 3196 jam

2070 3226 2325 3291 desierat,
2361 3226 2441 3281 sic
2472 3235 2733 3296 tanquam
2763 3224 2817 3279 in
2848 3225 3039 3278 umbra
3064 3222 3354 3293 pugnabat.
3415 3218 3482 3273 Et
3510 3234 3638 3273 vero

2069 3319 2204 3373 nihil
2242 3334 2349 3374 non
2399 3317 2771 3375 conviciorum
2811 3316 2868 3370 in
2911 3330 3072 3378 eum,
3118 3313 3273 3384 quasi
3306 3329 3337 3368 e
3363 3312 3634 3382 plaustro,

2070 3412 2379 3481 promiscue
2410 3411 2870 3479 tumultuarieque
2896 3409 3123 3479 jactavit
3148 3447 3162 3467 ,
3197 3405 3456 3460 nimirum
3491 3403 3639 3473 quod

2072 3516 2172 3555 nec
2196 3516 2458 3571 reponere
2505 3500 2658 3555 Plato
2698 3500 2811 3562 jam
2857 3506 3077 3568 posset,
3113 3510 3215 3551 nec
3251 3495 3417 3549 alium
3446 3506 3639 3561 quem-

2074 3607 2236 3661 quam
2264 3593 2384 3662 ejus
2414 3606 2577 3647 causa
2604 3590 2979 3645 laboraturum
3012 3593 3258 3658 putaret;
3307 3591 3402 3638 aut
3429 3582 3473 3638 si
3502 3580 3642 3636 forte

2075 3683 2346 3737 laboraret
2378 3680 2682 3746 Arcesilas,
2718 3681 2771 3735 in
2803 3680 2956 3733 lucro
2998 3688 3177 3733 tamen
3206 3682 3460 3746 poneret,
3490 3671 3571 3726 sic
3604 3684 3639 3723 a

2075 3774 2187 3830 suis
2229 3788 2353 3829 eum
2396 3772 2699 3828 cervicibus
2740 3786 2861 3828 esse
2908 3768 3215 3839 depulsum.
3269 3764 3388 3832 Quo
3414 3762 3636 3834 quidem

2078 3867 2291 3923 artiﬁcii
2341 3881 2537 3937 genere
2580 3863 2932 3936 Agathoclem
2978 3858 3329 3932 Syracusium
3376 3855 3639 3911 adversus

401 3961 882 4037 Carthaginienses
911 3982 1072 4027 usum
1130 3985 1253 4025 esse
1282 3978 1451 4025 notat.
1492 3969 1668 4024 Atque
1707 3969 1822 4024 ha'c
1880 3967 2046 4022 Stoici
2086 3982 2207 4022 cum
2253 3975 2474 4032 stupore
2520 3964 2830 4019 audiebant.
2887 3959 3018 4013 Erat
3066 3958 3208 4012 enim
3243 3954 3421 4009 adhuc
3463 3949 3643 4004 infans

401 4066 592 4108 eorum
639 4070 835 4124 musa,
878 4072 991 4113 nec
1052 4059 1265 4115 illarum
1329 4059 1649 4115 facetiarum
1692 4059 1924 4126 artifex,
1986 4058 2185 4130 quibus
2234 4057 2506 4113 Arcesilas
2558 4055 2791 4109 Zenonis
2843 4058 3162 4121 argumenta
3202 4046 3399 4117 partim
3459 4041 3642 4110 explo-

404 4143 572 4212 dens,
620 4150 817 4218 partim
865 4150 1181 4217 succidens,
1238 4153 1435 4222 partim
1484 4153 1874 4222 supplantans,
1924 4151 2004 4206 sic
2061 4167 2155 4206 eos
2188 4151 2383 4222 linguae
2439 4149 2491 4202 vi
2525 4146 2805 4210 obruebat,
2843 4153 2902 4197 ut
2946 4141 3105 4195 ﬁdem
3150 4138 3312 4192 etiam
3345 4133 3467 4189 aliis
3501 4132 3642 4183 face-

405 4251 506 4294 ret.
545 4239 645 4306 Ita,
693 4259 817 4300 cum
863 4254 918 4301 et
965 4247 1002 4301 ii
1043 4247 1368 4317 quibuscum
1418 4249 1666 4302 oratione
1694 4248 1992 4317 pugnabat,
2032 4248 2160 4302 victi
2194 4256 2356 4316 atque
2404 4243 2660 4315 prostrati
2692 4282 2707 4308 ,
2742 4248 2794 4295 et
2824 4239 2861 4293 ii
2888 4252 3125 4308 quorum
3160 4235 3214 4287 in
3245 4244 3453 4286 corona
3490 4226 3642 4280 dice-

404 4328 518 4397 bat,
543 4334 775 4402 perculsi
797 4337 1119 4408 attonitique
1149 4347 1431 4393 manerent
1463 4356 1475 4392 :
1511 4340 1667 4407 quasi
1730 4352 1829 4406 pro
1894 4347 2175 4407 comperto
2237 4345 2354 4392 erat
2401 4334 2646 4406 ejusdem
2690 4331 2863 4387 aetatis
2903 4326 3247 4391 hominibus,
3288 4338 3389 4378 nec
3429 4334 3642 4391 vocem,

407 4438 509 4480 nec
550 4425 791 4493 malum,
837 4443 939 4486 nec
963 4444 1100 4498 opus
1134 4429 1303 4484 ullum
1351 4428 1435 4483 vel
1485 4428 1808 4491 minimum,
1871 4427 2168 4497 quidquam
2219 4442 2361 4489 esse,
2420 4440 2523 4481 nec
2567 4424 2727 4477 inane
2755 4420 3119 4487 frivolumque
3154 4424 3342 4470 contra
3367 4413 3543 4468 visum
3579 4412 3644 4464 iri

405 4521 728 4592 quidquam,
774 4524 877 4579 nisi
922 4525 1069 4595 quod
1098 4524 1356 4581 Arcesila:
1381 4523 1622 4579 Pitanteo
1666 4524 1774 4579 tale
1827 4524 2122 4580 videretur.
2166 4523 2233 4578 Et
2287 4536 2449 4593 porro
2500 4520 2637 4575 nihil
2667 4519 2826 4590 plane
2850 4514 3161 4580 videbatur,
3177 4528 3279 4567 nec
3309 4509 3452 4569 aliud
3489 4507 3644 4579 quid-

405 4630 570 4684 quam
598 4616 824 4672 omnino
844 4619 1039 4690 magis,
1061 4635 1226 4690 quam
1247 4620 1364 4675 haec
1389 4620 1612 4675 voculas
1637 4628 1846 4675 tantum
1878 4620 2112 4691 aliquas,
2151 4629 2205 4675 et
2236 4628 2473 4675 terrores
2512 4632 2632 4672 esse
2663 4613 2995 4673 declarabat.

935 4713 1335 4767 ΚΕΦΑΛΑΙΟΝ
1372 4715 1446 4768 Ζ’.

2571 4707 2734 4780 734
2783 4703 3008 4761 CAPUT
3056 4702 3163 4759 vn.

418 4818 664 4903 'Oxozoc_
688 4822 807 4903 τῷν
850 4822 1238 4903 611.19qu
1272 4826 1322 4903 ό.
1338 4825 1503 4903 ,8_loc._
1535 4824 1674 4893 Περὶ
1690 4823 1967 4903 liquidae

2083 4826 2397 4903 Cuiusmodi
2446 4825 2774 4903 superiorum
2811 4821 3026 4903 illorum
3076 4810 3549 4903 vitaiftieritfnft:
3584 4809 3646 4858 de

474 4880 711 5016 333:5»
754 4880 1139 4963 Ἆρκέσίλᾶον
1190 4880 1637 4964 διαδέξαρθωῖ
1690 4892 1824 4947 Ἀπὸ
1872 4892 1967 4946 τοί

2093 4880 2108 4883 ⁷
2155 4880 2363 4967 ἰασρμιε
2388 4880 2615 4967 quodam
2643 4892 2893 4947 Arcesila:
2919 4880 3238 4943 successore.
3264 4882 3347 4934 Ea:
3373 4880 3574 4933 eodem.

480 5089 503 5125 ι
537 5073 670 5145 Περὶ
702 5073 759 5128 δὲ
788 5074 1031 5128 Λακύδου
1091 5075 1201 5145 (51)
1225 5074 1482 5147 βούλομαί
1526 5093 1578 5129 τι
1622 5071 1980 5146 διηγήσασθαι

408 5164 528 5237 ἡδύ.
548 5162 656 5220 τΗν
683 5167 782 5237 μὲν
800 5166 865 5237 δὴ
904 5168 1153 5239 Λακύδης
1183 5168 1690 5240 ὑπογλισχρότερος,
1741 5167 1833 5221 καί
1859 5183 1979 5219 τινα

2163 5094 2180 5125 ι
2209 5072 2327 5128 Jam
2357 5088 2507 5137 vero,
2543 5071 2609 5126 de
2638 5067 2870 5138 Lacyde,
2894 5064 3090 5133 inquit,
3127 5061 3359 5115 facetum
3392 5054 3647 5125 quiddam

2086 5180 2150 5219 ac
2174 5165 2410 5234 lepidum
2438 5176 2659 5215 narrare
2689 5158 2873 5212 statui.
2923 5155 3051 5208 Erat
3082 5154 3125 5207 is
3154 5151 3313 5221 paulo
3356 5147 3649 5211 sordidior,

482 5363 595 5435 (28)
632 5365 794 5420 Forte
816 5366 924 5422 del.
963 5367 1111 5421 ποτέ.

450 5432 597 5515 ,(29)
639 5437 735 5489 Ἐν
751 5435 837 5515 τῷ
861 5435 1281 5515 ᾀσθεγεστέρᾳξ
1303 5432 1405 5487 ὧν.
1427 5432 1861 5515 .[Sxputigendum
1893 5448 1981 5486 ar-

412 5502 587 5557 bitror
625 5506 973 5575 participium
1001 5505 1108 5569 ὢν,
1148 5502 1210 5559 ιιι
1253 5502 1556 5559 Arcesilam
1593 5502 1980 5574 ἀσθενέστερον

412 5584 560 5627 vocet
572 5613 586 5627 .

470 5643 597 5723 ~(250)
625 5643 939 5723 ιζιταγςαίιρε
966 5642 1232 5723 Diogenes
1245 5642 1632 5723 Paertiuslib.
1667 5658 1763 5723 lv_:
1801 5643 1983 5721 Ἀρκε-

414 5712 617 5774 σίλαος,
663 5714 861 5780 inquit,
897 5712 1117 5776 Ζεύθου,
1164 5712 1216 5780 ἦ,
1245 5712 1450 5766 Σκύθου
1472 5753 1485 5774 ,
1518 5713 1833 5775 Πιταναῖος,
1880 5712 1981 5779 τῆς

426 5781 698 5848 Ἀοιλίδος.
737 5783 870 5839 Ibid.
901 5780 1007 5840 Ἦν
1042 5783 1137 5842 μὲν
1159 5780 1249 5837 οὖν
1279 5781 1424 5841 αὐτῷ
1457 5782 1546 5836 καὶ¹
1578 5784 1634 5837 ὲν
1659 5783 1862 5840 Πιτάνη
1887 5798 1982 5833 πε-

2088 5382 2318 5454 ριουσία,
2355 5382 2445 5454 ἀφ’
2470 5377 2536 5454 ᾗς
2563 5374 3058 5454 ἀπέστειλενῃαὺτῷ
3080 5370 3324 5438 Πυλάδης
3355 5370 3382 5420 ὁ

2157 5434 2279 5523 (5η
2460 5434 2534 5503 δὲ
2555 5447 2850 5523 Λακύδου.
2880 5434 3078 5523 Eadcin
3107 5434 3648 5523 commemorat

2087 5505 2265 5590 genesi,
2297 5505 2394 5575 lib:
2436 5536 2490 5575 tv
2514 5559 2545 5590 ,_
2582 5518 2675 5572 sed
2723 5518 2889 5590 longe
2922 5513 3119 5568 siccius
3167 5519 3329 5579 atque
3352 5505 3647 5590 "frigidius.

2088 5577 2439 5647 §ubobscura
2463 5577 2674 5643 videtur
2694 5577 2953 5647 narratio,
2982 5598 3103 5657 qua}
3133 5577 3310 5634 tamen
3329 5577 3648 5657 diligentius

2088 5660 2387 5733 attendenti
2443 5660 2576 5716 satis
2632 5656 2973 5727 perspicuam
3001 5648 3177 5707 habet
3222 5648 3655 5718 explicatamquel

2088 5742 2370 5787 l'ililOllCm.
