4144 6410
482 370 505 423 1
515 369 616 425 207

1146 369 1417 427 EUSEBII
1450 373 1927 430 CASSARlENSIS
1966 374 2113 428 OPP.
2162 374 2342 429 PARS
2384 375 2445 430 ll.
2490 408 2556 416 —
2595 375 3095 432 APOLOGETICA.

3591 374 3727 431 ’1203

479 494 645 554 atque
678 484 945 553 ejusmodi
996 484 1088 554 qui
1114 485 1490 542 reconomicus
1524 490 1611 543 ille
1637 491 1799 561 vulgo
1825 491 2019 547 notissi

2154 491 2351 562 τρόπον
2384 497 2412 547 ὁ
2457 491 2746 562 λεγόμενος
2801 490 3154 562 Οἰκονομικὸς
3189 488 3322 561 (5‘2),
3352 481 3506 554 οὗτος
3530 492 3559 544 ὁ
3582 490 3730 545 εὐδο-

480 592 604 632 mus
631 578 756 646 jure
790 579 1079 632 diceretur.
1139 579 1429 647 Aperiebat
1450 582 1591 637 idem
1622 598 1842 654 penum,
1875 584 2046 638 idem-

477 684 585 740 que
614 668 927 735 claudebat;
948 670 1232 740 promebat
1261 671 1377 740 ipse
1402 674 1602 742 quibus
1637 675 1715 728 uti
1746 675 1921 739 vellet,
1942 691 2047 729 cte-

478 769 703 830 teraque
738 759 791 815 id
825 776 996 832 genus
1047 761 1229 815 omnia
1275 777 1370 831 per
1412 779 1533 819 sese
1566 764 1845 820 factitabat
1887 784 1900 818 :
1937 781 2044 819 non

478 850 805 920 frugalitatis
828 866 893 906 ac
923 854 1294 922 temperantiae
1319 855 1521 922 studio,
1548 871 1658 911 non
1681 866 1905 913 coactus
1926 859 2047 911 ino-

478 944 595 1012 pia,
634 958 741 996 non
784 944 1011 1012 penuria
1044 959 1325 1001 servorum
1361 948 1650 1015 laborans,
1696 950 1791 1019 qui
1840 949 2046 1019 aliquot

476 1036 668 1090 saltem
694 1036 882 1101 aleret,
915 1039 1009 1093 sed
1036 1054 1256 1093 causam
1291 1054 1389 1108 pro
1412 1039 1639 1095 arbitrio
1663 1041 1894 1111 quisque
1913 1056 2045 1095 con-

470 1125 640 1195 jiciat.
683 1125 797 1197 Ego
831 1129 1064 1197 lepidum
1101 1129 1231 1183 illud
1262 1133 1702 1186 commemorabo
1743 1134 1888 1203 quod
1918 1148 2043 1202 pro-

476 1213 622 1269 misi.
659 1214 796 1269 Cum
848 1217 1014 1286 igitur
1064 1233 1218 1271 suam
1256 1219 1371 1287 ipse
1418 1220 1521 1275 sibi
1569 1236 1767 1291 penum
1803 1234 2040 1287 curaret,

475 1321 571 1359 nec
599 1321 784 1360 secum
817 1309 936 1378 ejus
974 1312 1170 1365 clavim
1204 1314 1557 1371 circumferre
1586 1318 1767 1385 vellet,
1798 1334 1918 1374 eam
1952 1321 2042 1375 uLi

473 1397 663 1451 cellam
700 1401 993 1468 clauserat,
1030 1419 1160 1458 cava
1212 1409 1445 1475 quadam
1492 1409 1545 1462 in
1593 1412 1776 1465 arcula
1807 1411 2041 1482 depone-

477 1492 583 1546 bat.
648 1492 783 1547 Tum
816 1497 963 1551 aditu
999 1499 1287 1570 obsignato
1314 1541 1328 1564 ,
1363 1504 1624 1558 annulum
1671 1521 1767 1575 per
1798 1522 1932 1564 sera:
1960 1508 2041 1563 fo-

475 1599 661 1638 ramen
718 1586 1018 1643 demissum
1067 1590 1209 1645 intra
1264 1593 1453 1647 cellam
1500 1596 1781 1651 cvolvebat
1836 1607 1943 1652 :ut
1978 1615 2040 1653 ea

476 1690 667 1731 rursus
691 1690 813 1730 cum
846 1678 1038 1735 liberet
1065 1681 1201 1736 clavi
1238 1693 1496 1752 reserata,
1528 1687 1748 1742 obvium
1777 1691 2039 1745 annulum

471 1765 686 1831 tollere,
713 1778 877 1839 atque
911 1771 984 1827 ita
1018 1773 1197 1828 locum
1234 1776 1427 1855 denuo.
1456 1793 1577 1833 cum
1604 1781 1887 1849 obserere,
1925 1792 2037 1838 tum

468 1857 629 1912 etiam
647 1859 938 1932 obsignare
958 1874 1160 1934 posset,
1188 1868 1560 1941 annulumque
1585 1872 1748 1927 simul
1778 1890 1873 1944 per
1894 1892 2037 1930 eam-

468 1951 586 2005 dem
628 1967 803 2007 seram
855 1972 1045 2014 rursus
1092 1959 1405 2016 immittere.
1448 1963 1515 2017 At
1560 1964 1773 2032 famuli,
1824 1968 2036 2023 detecto

470 2043 585 2097 heri
612 2044 865 2113 artificio,
900 2057 1189 2120 postquam
1238 2052 1286 2107 is
1337 2065 1435 2109 aut
1478 2056 1893 2127 inambulatum,
1942 2070 2037 2116 aut

466 2133 575 2188 alio
615 2136 809 2204 quovis
858 2139 1028 2206 ierat,
1064 2142 1199 2196 cella
1230 2141 1389 2199 facile
1423 2157 1661 2203 reserata
1687 2188 1703 2216 ,
1737 2150 1831 2205 ubi
1878 2163 2038 2221 prout

467 2225 807 2294 collibuerat,
845 2231 951 2285 alia
976 2232 1060 2286 vel
1088 2234 1297 2291 edendo
1324 2238 1407 2291 vel
1433 2240 1671 2307 potando
1700 2242 2034 2313 hausissent,

464 2316 568 2371 alia
598 2332 783 2373 secum
831 2321 933 2391 ipsi
971 2333 1362 2394 asportassent,
1395 2330 1581 2385 eadem
1613 2332 1854 2389 vicissim
1881 2336 2035 2392 fact-i-

465 2415 665 2475 tantes,
700 2411 888 2466 cellam
926 2415 1103 2483 primo
1131 2418 1475 2487 claudebant,
1511 2430 1623 2476 tum
1652 2424 2031 2495 obsignabant,

469 2500 612 2555 intro
637 2501 871 2572 denique
899 2508 1161 2563 annulum
1204 2524 1315 2564 non
1345 2512 1463 2567 sine
1498 2515 1737 2571 maximo
1773 2518 1825 2572 in
1854 2519 2031 2588 philo-

464 2593 697 2662 sophum
742 2596 887 2661 risu,
926 2612 1023 2667 per
1069 2616 1204 2656 serae
1245 2602 1486 2659 foramen
1532 2606 1915 2667 immittebant.
1964 2615 2035 2670 At

464 2684 702 2757 Lacydes
733 2703 855 2742 cum
891 2691 1038 2746 Cella:
1060 2708 1209 2759 vasa,
1247 2710 1367 2763 qua:
1398 2698 1552 2767 plena
1590 2702 1901 2772 reliquerat,
1941 2722 2032 2759 va-

462 2792 563 2830 cua
591 2780 885 2848 reperiret,
922 2797 1120 2853 anceps
1166 2802 1228 2840 ac
1257 2787 1456 2844 dubius
1488 2791 1657 2845 animi
1701 2794 1790 2848 diu
1826 2811 2028 2867 pepen-

462 2869 580 2922 dit:
613 2871 937 2942 tandemque
965 2877 1166 2947 percipi
1204 2882 1702 2954 comprehendique
1744 2888 1914 2953 nihil,
1961 2891 2031 2945 ab

461 2961 699 3017 Arcesila
722 2963 905 3019 doceri
937 2981 1065 3020 cum
1098 2970 1378 3038 audiisset,
1406 2972 1455 3027 id
1483 2973 1659 3043 ipsum
1693 2994 1814 3034 esse
1851 2982 2029 3035 credi-

459 3052 572 3119 dit,
627 3055 768 3123 quod
802 3055 855 3109 in
894 3071 993 3111 sua
1030 3058 1133 3113 sibi
1170 3076 1313 3129 penu
1360 3078 1463 3119 usu
1502 3067 1770 3124 veniebat.
1813 3070 1908 3126 His
1937 3072 2028 3126 ille

2149 580 2325 652 κιμῶν
2358 582 2511 653 παρὰ
2538 585 2648 645 τοῖς
2674 581 2906 645 πολλοῖς.
2934 581 3105 644 Αὐτὸς
3131 581 3227 651 μὲν
3253 583 3503 650 ἀνοιγνὺς
3534 580 3596 634 τὸ
3624 598 3726 637 τα-

2152 676 2343 742 μιεῖον,
2383 674 2544 737 αὐτὸς
2588 673 2632 727 δ’
2658 672 2981 727 ἀποκλείων.
3038 674 3149 726 Καὶ
3196 677 3490 748 προῃρεῖτο
3540 674 3597 728 δὲ
3650 668 3729 729 ὧν

2148 763 2336 828 ἐδεῖτο,
2357 765 2452 817 καὶ
2485 763 2619 817 ἄλλα
2647 762 2870 817 τοιαῦτα
2891 765 3061 819 ἐποίει
3083 766 3259 819 πάντα
3285 765 3352 819 δι’
3376 767 3725 839 αὑτουργίας,

2145 857 2259 910 οὔτι
2288 874 2387 910 που
2418 859 2746 931 αὐτάρκειαν
2779 859 3037 924 ἐπαινῶν,
3069 860 3174 913 οὐδ’
3196 860 3370 924 ἄλλως
3402 862 3562 933 πενία
3592 862 3731 934 χρώ-

2150 966 2327 1019 μενος,
2351 950 2457 1003 οὐδ’
2490 950 2693 1022 ἀπορίᾳ
2731 950 2951 1016 δούλων,
2979 944 3104 1019 ᾧγε
3139 952 3380 1024 ὑπῆρχον
3411 954 3584 1007 δοῦλοι
3606 956 3729 1009 ὀπό-

2148 1059 2227 1094 σοι
2260 1042 2410 1109 γοῦν⁶
2440 1041 2540 1113 τὴν
2567 1042 2622 1095 δὲ
2654 1043 2832 1096 αἰτίαν
2861 1043 3069 1108 ἔξεστιν
3094 1045 3353 1108 εἰκάζειν.
3424 1046 3566 1116 Ἐγὼ
3599 1047 3653 1101 δὲ
3697 1048 3729 1101 ὃ

2109 1174 2113 1178 .
2147 1134 2460 1205 ὑπεσχόμην
2485 1135 2546 1188 τὸ
2572 1136 2691 1206 ήδῦ,
2722 1137 3070 1208 διηγήσομαι.
3104 1138 3392 1209 Ταμιεύων
3428 1139 3538 1212 γὰρ
3564 1141 3726 1204 αὐτὸς

2145 1225 2340 1296 ἐαυτῷ,
2370 1227 2471 1297 τήν
2507 1228 2602 1298 μὲν
2649 1227 2832 1301 κλεῖδα
2890 1230 3206 1301 περιφέρειν
3265 1233 3349 1301 ἐφ’
3376 1233 3571 1286 ἑαυτοῦ
3625 1235 3727 1288 οὐκ

2144 1318 2279 1387 ᾤετο
2298 1319 2427 1371 δεῖν·
2462 1298 2790 1384 ἀποκλείσας
2821 1321 2898 1385 δὲ,
2930 1298 3201 1376 κατετίθει
3261 1298 3357 1395 μέν
3403 1324 3605 1396 ταύτην
3646 1329 3726 1391 εἴς

2143 1425 2193 1459 τι
2225 1408 2400 1462 κοῖλον
2433 1413 2825 1481 γραμματεῖον.
2888 1412 3280 1484 Σημηνάμενος
3325 1414 3381 1467 δὲ
3432 1415 3723 1488 δακτυλίῳ,

2142 1498 2233 1552 τὸν
2256 1499 2355 1569 μὲν
2386 1500 2668 1554 δακτύλιον
2702 1502 2814 1573 (55)
2869 1504 3157 1558 κατεκύλιε
3186 1505 3274 1559 διὰ
3322 1506 3415 1560 τοῦ
3445 1507 3719 1580 κλείθρου,

2142 1589 2248 1643 ἔσω
2274 1592 2353 1655 είς
2384 1591 2476 1645 τὸν
2501 1588 2645 1647 οἷκον
2673 1593 2898 1664 μεθιεὶς,
2915 1595 3045 1648 ὥσθ’
3064 1596 3313 1670 ὕστερον,
3345 1601 3533 1672 ἐπειδὴ
3560 1602 3723 1656 πάλιν

2142 1679 2309 1732 ἐλθὼν
2337 1681 2566 1747 ἀνοίξειε
2623 1686 2688 1755 τῇ
2724 1672 2911 1749 κλειδὶ,
2946 1685 3323 1758 δυνησόμενος,
3376 1690 3578 1746 ἀνελὼν
3630 1695 3722 1747 τὸν

2141 1771 2445 1838 δακτύλιον,
2470 1770 2626 1839 αὖθις
2684 1777 2781 1847 μὲν
2812 1777 3144 1845 ἀποκλείειν,
3179 1776 3298 1835 εἶτα
3354 1782 3410 1835 δὲ
3454 1785 3719 1856 σημαίνε-

2070 1846 2109 1899 Β
2142 1863 2283 1925 σθαι,
2319 1859 2435 1917 εἶτα
2463 1866 2506 1919 δ’
2528 1846 2847 1922 ἀναϐάλλειν
2878 1869 3055 1923 ὀπίσω
3087 1872 3246 1926 πάλιν
3267 1873 3373 1927 ἔσω
3399 1875 3491 1928 τὸν
3511 1846 3721 1930 ’δακτύ-

2139 1954 2249 2009 λιον
2271 1957 2357 2009 διὰ
2380 1956 2473 2011 τοῦ
2526 1958 2793 2031 κλείθρου.
2848 1961 3017 2014 Τοῦτο
3047 1959 3139 2016 οὖν
3166 1964 3228 2017 τὸ
3261 1967 3421 2035 σοφὸν
3446 1970 3496 2021 οί
3544 1969 3721 2025 δοῦλοι

2138 2051 2589 2120 κατανοήσαντες,
2621 2053 2807 2125 ἐπειδὴ
2838 2054 3019 2125 προῖοι
3054 2056 3305 2128 Λακύδης
3352 2062 3432 2125 είς
3485 2064 3721 2135 περίπα-

2136 2157 2246 2204 τον,
2288 2142 2319 2213 ἦ
2349 2144 2468 2195 ὅποι
2490 2143 2701 2208 ἄλλοσε,
2739 2147 2834 2201 καὶ
2854 2148 3006 2202 αὐτοὶ
3037 2148 3346 2217 ἀνοίξαντες
3369 2153 3453 2217 Ξιν,
3482 2157 3719 2211 κᾶπειτα

2137 2231 2210 2293 ὣς
2238 2251 2418 2302 σφισιν
2438 2231 2506 2306 ἦν
2533 2236 2723 2308 θυμὸς,
2758 2239 2826 2292 τά
2851 2241 2948 2310 μὲν
2978 2242 3262 2311 φαγόντες,
3313 2246 3380 2296 τὰ
3413 2245 3458 2299 δ’
3490 2247 3718 2316 ἐμπιόν-

2135 2340 2245 2387 τες,
2276 2324 2410 2378 ἄλλα
2433 2327 2487 2380 δὲ
2518 2329 2802 2401 ἀράμενοι,
2834 2334 2899 2385 ὲκ
2956 2334 3200 2406 περιόδου
3248 2336 3421 2390 ταῦτα
3475 2340 3712 2408 ἐποίουν,

2136 2416 2421 2471 ἀπέκλειον
2445 2421 2563 2491 μὲν,
2598 2425 2951 2494 ὲσημαίνοντο
2981 2427 3059 2490 δὲ,
3119 2429 3213 2482 καὶ
3267 2429 3359 2483 τὸν
3411 2430 3713 2498 δακτύλων,

2137 2507 2306 2562 πολλά
2334 2528 2398 2579 γε
2424 2513 2589 2566 αὐτοῦ
2624 2517 3110 2585 καταγελάσαντες,
3134 2521 3215 2584 είς
3268 2521 3360 2576 τὸν
3416 2518 3565 2577 οἷκον
3627 2525 3717 2580 διὰ

2134 2596 2225 2649 τοῦ
2252 2599 2500 2673 κλείθρου
2527 2604 2778 2673 ἠφίεσαν.
2822 2609 2880 2660 '0
2933 2609 3185 2682 Λακύδης
3229 2608 3345 2677 οὖν,
3394 2614 3575 2687 πλήρη
3618 2616 3718 2686 μὲν

2133 2689 2466 2753 καταλιπὼν,
2496 2694 2626 2747 κενά
2648 2695 2705 2748 δὲ
2736 2697 3123 2769 εὑρισκόμενος
3156 2702 3224 2756 τά
3252 2704 3442 2775 σκεύη,
3496 2707 3718 2779 ἀπορῶν

2131 2775 2207 2845 τῷ
2234 2781 2558 2852 γιγνομένῳ,
2595 2784 2779 2856 ἐπειδή
2807 2786 2969 2856 ἤκουε
3000 2788 3407 2860 φιλοσοφεῖσθαι
3452 2775 3619 2867 παρὰ-
3637 2798 3716 2867 τῷ

2144 2870 2476 2943 Ἀρκεσιλάῳ
2536 2875 2635 2943 τὴν
2686 2878 3082 2951 ἀκαταληψίαν,
3140 2882 3276 2953 ᾤετο
3332 2886 3487 2940 τοῦτο
3541 2890 3717 2943 ἐκεῖνο

2132 2960 2280 3032 αὐτῷ
2335 2965 2652 3034 συμϐαίνειν
2705 2972 2840 3041 περὶ·
2871 2972 2933 3025 τὸ
2964 2977 3235 3044 ταμιεῖον.
3297 2975 3625 3048 Ἀρξάμενός
3651 2997 3714 3031 τε

2131 3050 2301 3120 ἔνθεν,
2327 3056 2634 3129 ἐφιλοσόφει
2664 3064 2815 3132 παρὰ
2840 3063 2920 3135 τῷ
2961 3064 3312 3138 Ἀρκεσιλάῳ,
3371 3069 3537 3139 μηδὲν
3572 3071 3712 3141 μήτε

459 3143 719 3213 auspiciis
748 3147 888 3216 apud
935 3148 1228 3205 Arcesilam
1274 3154 1645 3225 phiIOSOphari
1670 3160 1856 3230 ccepit,
1892 3164 2025 3217 nihil

2130 3146 2294 3215 ὀρᾷν,
2325 3149 2463 3219 μήτε
2495 3151 2714 3207 ἀκούειν
2734 3155 2982 3226 ἐναργὲς,
3013 3156 3045 3229 ἥ
3074 3158 3243 3226 ὑγιές.
3281 3160 3388 3213 Καί
3427 3177 3557 3214 ποτε
3586 3163 3708 3215 επι-

459 3248 516 3286 se
545 3233 625 3287 vel
654 3237 960 3304 perspicui,
999 3241 1083 3294 vel
1112 3242 1266 3304 sani,
1297 3259 1395 3299 nec
1422 3246 1602 3303 videre
1634 3265 1899 3320 unquam,
1930 3270 2027 3309 nec

456 3323 664 3379 audire.
725 3325 973 3397 Cumque
1001 3330 1294 3399 aliquando
1339 3351 1369 3388 e
1417 3336 1531 3392 suis
1566 3354 1735 3394 unum
1775 3343 2024 3409 privatim

456 3428 520 3468 ac
561 3414 901 3472 familiariter
940 3422 1267 3490 seduxisset,
1305 3425 1446 3482 hanc
1476 3429 1526 3482 ei
1572 3434 1910 3490 assensionis
1943 3452 2027 3491 rc-

457 3505 753 3560 tentioaem
801 3511 1073 3578 graviter,
1126 3523 1186 3568 ut
1225 3517 1543 3583 videbatur,
1585 3538 1650 3577 ac
1681 3524 2027 3581 vehementer

453 3599 776 3654 conlirmare
799 3604 981 3673 ctepit.
1026 3605 1333 3673 Enimvero,
1354 3612 1651 3682 inquiebat,
1683 3616 1788 3673 hoc
1825 3620 1920 3674 tibi
1952 3621 2027 3673 ci-

459 3707 539 3751 tra
578 3698 967 3756 dubitationem
999 3705 1160 3759 ullam
1189 3711 1547 3776 pronuntiare
1580 3706 1845 3783 possum,
1877 3717 2025 3785 quod

454 3792 704 3860 exemplo
749 3793 863 3861 ipse
894 3811 1051 3862 meo,
1096 3814 1204 3853 non
1239 3801 1461 3858 alterius
1497 3804 1823 3874 cujusquam
1858 3823 2024 3879 expe-

456 3881 649 3937 rientia
686 3882 989 3944 didicerim.
1012 3890 1172 3963 735
1208 3890 1344 3948 Tum
1379 3894 1448 3949 ab
1476 3895 1631 3950 initio
1661 3906 1831 3953 totum
1872 3901 2023 3956 illum

455 3989 624 4042 penus
649 3992 763 4032 suae
787 3994 975 4035 casum
1009 3986 1335 4052 exponebat.
1384 3987 1522 4055 Quid
1567 3990 1753 4060 igitur,
1808 3994 2024 4065 inquie-

453 4066 567 4133 bat,
608 4068 736 4124 huic
765 4084 1088 4143 argumento
1116 4080 1470 4149 responderet
1494 4081 1663 4149 Zeno,
1716 4087 1859 4141 unde
1890 4089 2023 4142 mihi

451 4167 601 4214 certo
627 4176 691 4216 ac
724 4171 831 4217 tam
861 4178 1046 4236 aperte
1078 4172 1349 4240 constitit,
1382 4177 1587 4245 percipi
1622 4176 1757 4231 nihil
1783 4194 2027 4249 compre-

454 4250 722 4323 hendiquc
750 4258 952 4324 posse?
978 4257 1113 4315 Nam
1142 4263 1233 4332 qui
1252 4275 1605 4336 posteaquam
1634 4272 1885 4328 manibus
1911 4272 2025 4343 ipse

450 4345 587 4400 meis
622 4348 813 4403 cellam
849 4351 991 4406 idem
1024 4354 1214 4421 clausi,
1249 4358 1388 4412 idem
1424 4361 1731 4431 obsignavi,
1761 4364 1901 4419 idem
1934 4382 2024 4419 an-

450 4436 636 4492 nulum
680 4439 985 4509 intromisi,
1022 4462 1275 4504 reversus
1303 4450 1449 4518 inde,
1480 4454 1725 4524 cellaque
1759 4466 2019 4524 reserata,

2132 3238 2477 3310 σπασάμενος
2499 3243 2607 3297 τῶν
2652 3246 3123 3317 προσομιλούντων
3166 3249 3312 3321 αὑτῷ
3333 3269 3453 3304 τινα
3496 3254 3573 3316 είς
3613 3252 3713 3325 τὴν

2128 3329 2365 3396 οἰκείαν,⁸
2386 3334 2691 3405 ἰσχυρίζετο
2715 3338 2851 3409 πρὸς
2876 3340 3038 3395 αὑτὸν
3069 3343 3385 3414 ὑπερφυῶς,
3411 3346 3485 3411 ὡς
3512 3347 3709 3412 ἐδόκει,

2127 3420 2223 3492 τὴν
2255 3424 2477 3497 ἐποχὴν,
2505 3427 2598 3479 καὶ
2630 3427 2754 3500 ἔφη’
2784 3431 2954 3485 Τοῦτο
3007 3434 3105 3504 μὲν
3146 3436 3546 3508 ἀναμφίλεκτον
3600 3442 3713 3509 ἐγώ

2130 3530 2211 3566 σοι
2237 3514 2343 3585 ἔχω
2371 3519 2597 3587 φράσαι,
2634 3521 2796 3586 αὐτὸς
2829 3524 2923 3577 ἀπ’
2950 3527 3191 3596 ἐμαυτοῦ
3237 3529 3442 3599 μαθὼν,
3487 3533 3586 3586 οὐκ
3614 3533 3710 3588 άλ-

2127 3606 2219 3659 λου
2256 3610 2557 3680 πειραθείς.
2614 3614 2864 3668 Κᾶπειτα
2915 3617 3221 3691 ἀρξάμενος
3242 3629 3558 3695 περιηγεῖτο
3610 3625 3711 3698 τὴν

2126 3696 2254 3767 ὃλην
2273 3699 2366 3753 τοῦ
2389 3703 2639 3772 ταμιείου
2677 3709 2959 3777 συμϐᾶσαν
2990 3711 3139 3781 αύτῷ
3161 3712 3356 3783 πάθην.
3389 3716 3453 3768 Τί
3485 3712 3578 3770 οὖν
3604 3717 3669 3773 ἂν
3691 3758 3707 3783 .

2127 3784 2300 3853 εἶπεν,
2330 3792 2408 3845 ἔτι
2448 3795 2631 3865 Ζήνων
2664 3796 2811 3866 λέγοι
2846 3800 2981 3870 πρὸς
3036 3802 3210 3868 οὕτως
3267 3806 3707 3883 ὁμολογουμένην

2127 3881 2216 3934 διὰ
2248 3883 2462 3938 πάντων
2495 3888 2735 3960 φανεράν
2768 3907 2857 3960 μοι
2909 3894 2966 3945 ὲν
2999 3896 3111 3958 τοῖς
3157 3898 3381 3961 τοιοῖςδε
3431 3900 3708 3976 ἀκαταλη-

2127 3974 2289 4041 dictv;
2321 3977 2418 4040 Ὃς
2439 3976 2548 4048 γάρ
2576 3978 2874 4034 ἀπέκλεισα
2911 3982 3007 4053 μὲν
3038 3988 3160 4048 ταῖς
3206 3988 3445 4057 ἐμαυτοῦ
3485 3974 3704 4063 χερσὶν,

2127 4067 2287 4131 αὐτὸς
2319 4068 2374 4121 δὲ
2395 4071 2780 4144 ἐσημηνάμην,
2831 4076 2991 4140 αὐτὸς
3017 4077 3073 4130 δὲ
3104 4079 3294 4150 ἀφῆκα
3318 4081 3415 4152 μὲν
3457 4084 3589 4138 εἵσω
3615 4085 3708 4140 τὸν

2124 4158 2425 4215 δακτύλιον·
2453 4158 2609 4226 αὖθις
2643 4164 2687 4216 δ’
2716 4166 2885 4220 ἐλθὼν
2910 4167 3146 4235 ἀνοίξας,
3170 4172 3261 4226 τὸν
3294 4174 3392 4244 μὲν
3426 4175 3707 4231 δακτύλιον

2124 4251 2234 4320 ὁρῶ
2263 4252 2430 4319 ἔνδον,
2463 4256 2524 4308 οὑ
2563 4255 2744 4327 μέντοι
2796 4260 2892 4313 καὶ
2912 4260 2979 4313 τὰ
3019 4261 3176 4327 ἄλλα,
3206 4265 3324 4329 πῶς
3377 4267 3438 4320 οὑ
3484 4269 3707 4334 δικαίως

2125 4344 2495 4409 ἁπιστούντως
2519 4350 2633 4411 τοῖς
2662 4349 2979 4421 πράγμασιν
3004 4353 3143 4419 Ego);
3188 4357 3261 4409 Οὐ
3312 4358 3421 4430 γὰρ
3451 4360 3705 4433 τολμήσω

2126 4436 2299 4489 εἰπεῖν
2326 4435 2522 4506 ἔγωγε,
2552 4440 2773 4495 ἐλθόντα
2794 4442 2918 4496 τινὰ
2943 4444 3138 4514 κλέψαι
3173 4448 3346 4503 ταῦτα
3367 4452 3703 4525 ὑπάρχοντος

447 4529 599 4588 intus
624 4535 907 4595 annulum
942 4538 1105 4592 modo
1129 4580 1145 4605 ,
1181 4555 1289 4595 non
1339 4543 1466 4596 item
1500 4553 1693 4600 caetera
1728 4549 2015 4617 reperiam,

2130 4528 2272 4583 ἔνδον
2305 4531 2400 4585 τοῦ
2449 4533 2751 4590 δακτυλίου.
2821 4539 2930 4592 Καὶ
2983 4540 3042 4604 ὃς
3076 4542 3186 4615 (54)
3222 4545 3454 4613 ἀκούων,
3500 4545 3568 4620 ἦν
3593 4550 3703 4623 γάρ

447 4639 557 4679 non
584 4624 710 4694 jure
760 4628 990 4683 obsecro
1021 4629 1185 4685 fidem
1226 4649 1441 4687 omnem
1490 4637 1653 4692 rebus
1697 4637 2022 4694 detraham?

445 4715 556 4774 Nec
596 4719 740 4773 enim
785 4720 1031 4792 profecto
1058 4725 1235 4778 ausim
1265 4726 1448 4782 dicere
1475 4768 1489 4795 ,
1515 4744 1847 4800 quemquam
1879 4733 2024 4789 intro

509 4805 533 4826 δ

514 4919 624 4989 (52)
660 4923 1062 4999 Οικοιςομικος.
1096 4922 1413 4999 §ignificare
1435 4938 1666 4999 videtur,
1692 4929 1925 4999 aliquem
1954 4946 2020 4987 eo

443 5001 685 5071 tempore
718 4991 1066 5071 potissimum
1092 4991 1299 5071 fuisse,
1326 5012 1482 5071 quem
1516 4997 1629 5071 dab
1653 4991 1753 5070 τῆς
1784 4991 2016 5071 ἀκριϐε-

442 5060 637 5130 στέρας
682 5063 1009 5139 οίκονομίας,
1056 5060 1394 5136 οἰκονομικόν
1440 5070 1601 5139 vulgo
1652 5060 2013 5127 nominarent.

442 5130 692 5225 L’aertiuls
726 5132 793 5187 de
830 5130 1042 5225 {Lacyde
1093 5130 1308 5219 nostro,
1331 5130 1704 5225 'soﬁtéyvtpaat
1749 5142 1867 5225 καὶ.
1890 5146 2018 5225 περὶ

439 5202 747 5279 οἰκονομίαν
796 5202 1453 5279 γλυκύταταηὲσχηκὲναι.
1504 5202 2015 5279 ΙιιιὶῚΊιιύειγλυκύ-

437 5271 953 5349 τατ-αὶιίείίιεὶεδᾷηιθ,
989 5271 1240 5349 reddidit:
1265 5271 1405 5344 Quid
1440 5282 1484 5336 si
1521 5271 1878 5349 lqpidissimé?

510 5342 999 5420 (55)_Aaxtzi.lwr.
1034 5345 1121 5420 Ne
1148 5342 1307 5403 illuni
1344 5360 1438 5404 aut
1483 5342 1675 5405 clawvim
1723 5355 2014 5420 amitteret,

440 5410 678 5467 hanc’in
724 5416 934 5490 occulta
984 5419 1220 5490 quadam
1273 5423 1456 5476 arcula
1487 5421 1825 5490 deponebat,
1861 5410 2012 5478 illuni

438 5495 535 5560 per
578 5499 717 5560 serie
766 5483 1015 5560 foramen
1058 5489 1196 5560 intra
1248 5492 1439 5546 cellam
1488 5483 1661 5560 ipsam
1708 5494 2010 5548 cvolvebat.

440 5551 617 5618 Servi,
654 5558 1055 5628 repertaclavi,
1088 5559 1325 5628 sigillum
1373 5551 1732 5625 revellebant,
1768 5571 1878 5616 tum
1930 5580 2015 5618 re-

440 5627 843 5702 seratajanua,
868 5625 1322 5702 jacentetn'intro
1365 5634 1627 5687 annulum
1657 5633 2009 5702 colligebant;

439 5691 689 5767 indcuhi
728 5691 884 5767 genio
921 5697 1213 5767 liberaliter
1241 5700 1612 5767 indulsissent,
1646 5691 1834 5757 clauso
1871 5691 2012 5759 ostio

438 5761 614 5815 simile
658 5766 824 5831 priori
878 5766 1111 5844 sigillum
1150 5769 1562 5844 imprimehant,
1594 5761 1645 5827 ct
1680 5776 1882 5827 annulo
1918 5792 2011 5844 per

434 5834 682 5885 camllcm
713 5850 885 5886 seram
930 5835 1196 5901 immisso,
1228 5834 1425 5894 clavim
1467 5858 1565 5895 sua
1624 5846 1679 5897 in
1710 5846 1892 5899 arcula
1920 5834 2010 5900 ie-

2123 4622 2407 4694 ὑϐριστὴς,
2458 4626 2813 4697 ἐκδεξάμενος
2865 4631 2927 4684 τὸ
2971 4634 3077 4688 πᾶν
3129 4636 3410 4709 ὡς·ἔσχεν
3449 4622 3699 4709 ἀκοῦσαι,

2127 4716 2277 4786 μόλις
2303 4719 2398 4772 καὶ
2424 4720 2682 4792 πρότερον
2709 4723 2900 4777 ἑαυτοῦ
2931 4728 3459 4805 κρατῶν,άπέρῤηξε
3488 4734 3703 4803 γέλωτα

2123 4937 2409 5018 ponebant.
2450 4935 2922 5018 P0t'1'0,.§lli§llus
2952 4942 3114 5018 toties
3145 4959 3383 5002 annu.us
3420 4948 3696 5018 imposue-

2120 5015 2226 5067 ι-ειι,
2269 5006 2432 5084 idem,
2464 5018 2538 5084 Aut
2570 5010 2761 5084 scribit
2784 5009 3063 5084 Plutarch.
3091 5030 3278 5084 opusc.
3313 5018 3389 5070 De
3424 5006 3691 5077 adulator.

2118 5084 2166 5127 et
2196 5077 2355 5160 απιξεὶ
2376 5079 2653 5160 dis‘crim.,_
2669 5080 3108 5160 erhisocratem
3127 5077 3376 5160 'atnicum
3394 5089 3460 5160 in
3489 5090 3694 5160 judicio

2120 5147 2538 5227 periclitantem,
2572 5147 2841 5227 subducto
2864 5155 3107 5227 judicum
3137 5158 3335 5218 oculis.
3390 5147 3564 5227 ipsi'us
3598 5178 3693 5215 an-

2122 5216 2250 5294 nulo
2280 5217 2542 5294 liberavit.
2577 5216 3038 5294 Τούκατηγόρου,
3071 5226 3267 5294 inquit,
3297 5216 3387 5281 τὸν
3412 5216 3694 5286 δακτύλιον

2119 5286 2474 5376 αἰτήσαι-ἰθείας,Δ
2492 5289 2521 5339 ὁ
2549 5288 2645 5373 μὲν
2680 5286 3053 5376 (ι’ςυξξήσυῂ
3081 5286 3492 5376 παρακαθῆκεν·
3523 5302 3697 5376 αἰσθό-

2122 5372 2280 5441 μενος
2306 5357 2418 5441 ῥ
2447 5357 3016 5441 Λακύδης-ἐπέϐητῇ
3041 5357 3192 5441 ποδί,
3226 5369 3320 5441 καὶ
3360 5357 3693 5441 ἒᾲπέκρυψεν·

2116 5426 2183 5499 ἦν
2217 5428 2273 5479 δὲ
2296 5429 2327 5479 ὁ
2352 5427 2569 5497 ἔλεγχος
2602 5426 2665 5480 ἐν
2699 5426 2912 5502 ἐκείνῳ.
2957 5426 3113 5488 Μετὰ
3148 5426 3207 5489 δὲ
3239 5437 3336 5561 vlg:
3374 5426 3694 5509 ἀπόφευξιν,

2117 5498 2209 5551 τοῦ
2241 5500 2693 5561 Κηφισοκράτους
2734 5502 3074 5561 δεξιουμένου
3122 5509 3248 5561 τοὺς
3322 5512 3579 5561 ικαστάε.
3614 5508 3694 5561 εἷς

2117 5498 2209 5551 τοῦ
2241 5500 2693 5577 Κηφισοκράτους
2734 5498 3074 5577 δεξιουμένου
3122 5509 3248 5571 τοὺς
3288 5498 3696 5577 δικαστάς,ἐῖς

2115 5567 2355 5648 τιςηξῦς
2408 5568 2602 5648 ἔοικεγ,
2651 5567 2927 5648 ἑωρακὼςξ
2959 5576 3021 5628 τὸ
3064 5567 3393 5648 γενόμενον,
3439 5567 3690 5636 ἐκέλευσέ

2116 5637 2333 5721 Λακύδῃ
2367 5641 2523 5721 χάριν
2552 5637 2836 5721 ἔχειν”καὶ
2876 5644 2937 5698 τὸ
2968 5637 3205 5717 πρᾶγμα
3238 5637 3551 5721 διηγήσατο,
3583 5654 3692 5709 Λα-

2118 5710 2274 5762 κύδου
2304 5711 2437 5789 πρὸς
2472 5711 2671 5789 μηδένα
2701 5710 3015 5783 φράσαντοζζ

2191 5782 2300 5850 (Sid)
2332 5779 2422 5835 Fot
2441 5792 2487 5835 lc
2521 5783 2566 5833 ὁ.
