4144 6488
449 397 582 455 l2“

1081 394 1352 452 EUSEBII
1390 390 1868 448 CAESARIENSIS
1903 387 2051 444 OPP.
2095 388 2276 445 PARS
2317 389 2381 443 ll.
2418 419 2483 428 —
2518 384 3019 444 APOLOGETICA.

3565 380 3707 437 1212

446 519 795 589 obsignatum
824 517 1003 569 locum
1033 530 1141 568 non
1173 511 1363 567 fuisse.
1409 510 1540 575 lmo,
1560 509 1860 579 inquiebat,
1890 522 2014 561 eum

2137 506 2285 558 ιὺτοῦ
2321 505 2457 576 πρὸς
2515 506 2640 567 τοὺς
2674 502 2879 572 φίλους.
2924 500 3030 554 Τοῦ
3085 500 3126 552 δ’
3151 498 3583 568 ἀναστρέψαντος
3609 496 3708 551 αὺ-

449 608 743 678 obsngnare
769 622 854 663 me
883 605 1082 676 oppido
1113 602 1358 664 memini,
1392 600 1665 669 simulque
1708 613 1823 652 rem
1860 598 2020 670 longa

451 690 697 754 oratione
728 695 1157 759 demonstrabat,
1192 709 1256 749 ac
1288 708 1410 748 sese
1444 692 1597 745 illudi
1630 690 1889 755 sentiens,
1933 690 2018 744 in-

451 789 714 860 terposito
759 788 921 842 etiam
946 784 1306 856 jurejurando
1327 825 1342 849 ,
1385 782 1761 837 vehementius
1790 795 2021 850 exagge-

454 883 629 938 rabat.
671 880 823 948 Quos
863 880 1101 935 hominis
1142 879 1376 949 impetus
1429 877 1502 931 ita
1546 874 1909 944 excipiebant,
1961 880 2024 928 ut

454 991 580 1030 eum
614 974 778 1030 etiam
821 972 996 1043 jocari
1045 987 1231 1027 secum
1270 986 1335 1025 ac
1363 969 1550 1024 ludere
1585 969 1687 1025 sibi
1724 967 2021 1039 persuade—

453 1075 597 1133 rent,
623 1082 691 1123 ex
713 1081 822 1136 quo
845 1064 1076 1134 sapienti
1114 1061 1316 1132 Lacydi
1346 1063 1523 1116 visum
1552 1069 1715 1126 esset,
1749 1059 1885 1114 nihil
1919 1058 2024 1114 sibi

459 1173 559 1213 nec
582 1156 859 1227 Opinionis
884 1155 1211 1223 relinquere,
1234 1167 1333 1207 nec
1365 1152 1676 1206 memoriae:
1704 1150 2023 1205 memoriam

457 1249 659 1321 quippe
707 1246 1019 1318 opinionem
1071 1245 1364 1316 quamdam
1411 1258 1569 1310 esse;
1628 1243 1792 1315 736
1840 1243 1928 1307 id,
1969 1257 2028 1299 se

458 1341 676 1410 quidem
723 1339 1105 1402 audientibus,
1157 1339 1225 1393 ab
1271 1353 1337 1394 eo
1382 1352 1559 1408 nuper
1603 1336 1926 1407 quibusdam
1960 1351 2024 1391 ex

459 1428 653 1487 amicis
684 1430 1063 1485 confirmatum
1097 1429 1284 1484 fuisse.
1345 1427 1452 1484 Has
1480 1428 1568 1483 ille
1589 1429 1877 1505 petitiones
1902 1444 2027 1483 cum

464 1522 541 1577 ita
569 1520 924 1583 refutaret.ut
948 1522 1056 1575 alia
1086 1536 1249 1591 quam
1276 1521 1585 1576 Academici
1617 1521 1828 1577 soleant
1847 1520 2029 1575 omnia

461 1621 769 1681 reponeret,
816 1612 959 1667 servi
1010 1611 1255 1667 Stoicum
1292 1612 1527 1681 aliquem
1571 1610 1851 1677 adeuntes,
1902 1611 2032 1681 quid

463 1705 567 1761 sibi
616 1703 906 1759 dicendum
947 1703 1088 1758 foret
1119 1719 1185 1758 ex
1230 1718 1296 1757 eo
1324 1702 1607 1757 discebant
1658 1717 1672 1755 :
1715 1711 1879 1770 atque
1908 1700 2034 1756 inde

463 1795 599 1861 orsi,
635 1793 878 1864 argutias
925 1793 1156 1864 argutiis
1198 1793 1436 1858 eludere,
1488 1792 1701 1861 artique
1731 1799 1903 1847 artem
1938 1805 2035 1860 ep-

2124 596 2234 657 τοῖς
2262 593 2360 656 τὰς
2382 593 2774 663 ἐπιχειρήσεις,
2790 590 2886 644 καὶ
2900 589 3151 658 λέγοντος
3169 589 3269 642 οὐκ
3305 586 3707 657 Ἀκαδημαῖκά,

2122 686 2294 749 αὐτοὶ,
2328 687 2619 755 φοιτῶντες
2655 685 2734 747 είς
2766 681 3026 736 Στωϊκῶν
3055 698 3217 744 τινος,
3244 678 3313 733 τὰ
3343 678 3541 732 λεκτέα
3586 679 3707 734 ἐαυ-

2123 782 2233 842 τοῖς
2250 776 2638 848 ἀνεμάνθανοψ
2656 777 2908 831 κάκεῖθεν
2923 772 3218 846 ἀρξάμενοι
3239 773 3363 826 ἀντε
3371 770 3710 840 σοφίστευον,

2124 872 2218 924 καὶ
2244 865 2385 941 ἦσαν
2437 870 2736 941 ἀντίτεχνοι
2784 869 3013 925 κλέπται
3072 863 3485 935 Ἀκαδημαῖκοί.
3546 864 3604 917 ’0
3653 863 3711 917 δὲ

2125 961 2383 1024 Στωϊκοῖς
2414 960 2677 1015 ἐνεκάλει·
2714 962 2763 1013 οἱ
2794 961 2983 1023 παῖδες
3004 957 3062 1011 δὲ
3095 957 3165 1011 τὰ
3195 955 3516 1028 ἐγκλήματα
3538 953 3711 1025 παρέ-

2124 1051 2248 1105 λυον
2279 1050 2429 1122 αὐτῷ
2460 1050 2565 1104 ὑπὸ
2597 1049 2996 1121 ἀκαταληψίας,
3029 1048 3128 1102 οὐκ
3149 1047 3274 1101 ἄνευ
3300 1044 3607 1115 τωθασμῶν
3634 1060 3714 1097 τι-

2127 1158 2253 1195 νων.
2280 1139 2564 1212 Διατριϐαὶ
2592 1135 2686 1195 οὖν
2711 1136 2852 1212 ἦσαν
2889 1141 3104 1195 πάντων
3129 1139 3264 1204 ἐκεῖ,
3298 1137 3393 1190 καὶ
3421 1135 3592 1202 λόγοι,
3618 1136 3715 1188 καὶ

2128 1233 2443 1303 ἀντιλογίαι·
2480 1235 2574 1288 καὶ
2603 1233 2660 1287 ἒν
2691 1233 2843 1287 οὐδὲν
2869 1233 2925 1285 ἐν
2947 1230 3025 1303 τῷ
3053 1232 3202 1303 μέσῳ
3230 1230 3716 1294 κατελείπετο,οὒκ

2130 1327 2370 1395 ἀγγεῖον,
2401 1325 2463 1381 οὐ
2510 1324 2620 1378 τῶν
2662 1325 2719 1377 ἐν
2749 1324 2958 1395 ἀγγείῳ
2998 1323 3315 1395 τιθεμένων,
3346 1324 3445 1394 οὐχ
3492 1323 3594 1376 ὅσα
3634 1324 3716 1386 είς

2129 1416 2306 1479 οἰκίας
2329 1414 2673 1486 κατασκευὴν
2704 1414 2819 1468 ἀλλ’
2855 1414 2937 1467 ἐτι
2988 1413 3232 1484 συντελῆ.
3265 1414 3375 1467 Καὶ
3403 1416 3432 1467 ὁ
3464 1412 3718 1484 Λακύδης

2131 1505 2269 1569 τέως
2296 1506 2392 1577 μὲν
2417 1505 2635 1576 ἠπόρει,
2672 1506 2748 1576 μή
2787 1522 2841 1558 τι
2866 1502 3247 1558 λυσιτελοῦσαν
3282 1503 3457 1574 ἐαυτῷ
3493 1503 3715 1575 θεωρῶν

2131 1595 2230 1665 τὴν
2260 1592 2453 1648 ἐαυτοῦ
2477 1593 2747 1665 δόγματος
2771 1592 3041 1664 βοήθειαν,
3066 1587 3184 1645 εἶτα
3213 1590 3286 1661 μὴ
3310 1588 3587 1659 ἐξελέγξαι
3605 1590 3716 1661 (45)

2134 1685 2310 1741 πάντα
2343 1683 2644 1755 ἀνατρέψαι
2686 1700 2747 1737 τε
2775 1682 2951 1755 ἐαυτῷ
2981 1681 3173 1747 δοκῶν,
3228 1681 3407 1735 πεσὼν
3430 1684 3510 1745 εἰς
3541 1684 3719 1753 τάμή-

2136 1796 2318 1849 χανον,
2348 1778 2475 1841 τοὺς
2502 1776 2750 1847 γείτονας
2777 1776 3088 1848 ἐκεκράγει,
3139 1774 3232 1828 ml
3258 1774 3385 1839 τοὺς
3414 1773 3589 1837 θεούςο
3623 1773 3720 1828 καὶ

463 1886 719 1956 ponendo
742 1900 867 1941 vere
893 1885 1248 1941 Academicos
1276 1899 1335 1940 se
1354 1883 1502 1940 fures
1527 1884 1756 1954 probare
1780 1901 1793 1938 :
1824 1898 1889 1938 ac
1918 1892 2032 1937 tum

2139 1870 2217 1923 ἰοὺ
2251 1870 2352 1933 ἰοὺ,
2383 1869 2477 1923 καί⁹
2508 1869 2609 1939 φεῦ
2646 1868 2768 1938 φεῦ,
2804 1868 2897 1924 καὶ
2927 1867 2992 1939 νὴ
3023 1868 3149 1930 τοὺς
3194 1865 3371 1931 θεοὺς,
3405 1866 3499 1919 καὶ
3522 1866 3586 1938 νὴ
3618 1865 3720 1929 τὰς

464 1978 580 2049 ipse
611 1977 827 2047 quidem
854 1979 1131 2034 incessere
1162 1976 1397 2043 Stoicos,
1423 1978 1564 2032 servi
1592 1984 1781 2032 contra
1804 1976 1923 2046 ejus
1948 1991 2034 2031 re-

463 2072 857 2142 prehensiones
904 2070 1151 2141 neganda
1204 2068 1689 2139 comprehensione
1734 2068 1885 2123 omni
1917 2067 2035 2123 dis-

465 2167 697 2233 solvere,
732 2175 895 2237 atque
922 2166 975 2222 id
994 2207 1010 2232 ,
1043 2173 1105 2220 ut
1131 2180 1230 2236 par
1255 2172 1406 2232 erat,
1436 2180 1547 2221 non
1573 2164 1692 2220 sine
1712 2163 1827 2220 risu
1854 2178 1919 2219 ac
1944 2179 2034 2219 sa-

465 2258 632 2313 libus.
676 2255 752 2312 lbi
780 2272 909 2328 ergo
936 2256 1333 2327 disputationes
1383 2255 1649 2322 omnium,
1688 2261 2034 2326 argumenta,

465 2348 860 2417 verborumque
897 2361 1095 2417 pugme
1147 2362 1160 2399 :
1209 2360 1334 2401 cum
1365 2345 1506 2400 nihil
1534 2345 1739 2400 interea
1764 2344 2039 2415 relinque-

467 2449 640 2504 retur,
676 2453 782 2493 non
812 2452 931 2504 vas,
960 2452 1071 2492 non
1095 2437 1395 2508 quidquam
1417 2452 1607 2491 eorum
1633 2451 1754 2506 quae
1776 2435 2041 2492 reconde—

469 2533 668 2584 bantur
697 2528 752 2584 in
782 2528 950 2595 vasis,
982 2543 1090 2584 non
1118 2527 1264 2584 aliud
1296 2528 1581 2598 quidlibet,
1613 2527 1758 2597 quod
1779 2525 2041 2582 domesti-

470 2636 590 2675 cam
642 2619 711 2676 ad
757 2620 1147 2701 supellectilem
1215 2619 1529 2690 pertineret.
1608 2617 1751 2689 Ergo
1797 2616 2040 2690 Lacydes

470 2724 722 2783 aestuare,
752 2714 847 2786 qui
878 2714 1015 2769 nihil
1049 2713 1275 2768 omnino
1304 2711 1534 2769 subsidii
1566 2711 1619 2766 in
1650 2710 1919 2781 dogmatis
1954 2710 2040 2766 sui

472 2806 790 2865 delbnsione
817 2807 1078 2876 reperiret
1116 2825 1129 2860 :
1158 2820 1286 2862 mox
1313 2812 1576 2875 reputans
1607 2802 1723 2874 ipse
1753 2819 1964 2868 secum,
1987 2802 2043 2857 ni

472 2896 678 2954 furtum
705 2897 1150 2967 deprehenderet,
1178 2904 1376 2953 cuncta
1403 2896 1509 2952 sibi
1537 2896 1794 2965 deinceps
1824 2909 2044 2965 pessum

475 2992 638 3056 itura,
663 2991 879 3046 tandem
910 2990 1070 3060 inops
1095 2988 1314 3045 consilii
1341 2989 1551 3044 vicinos
1593 2988 1911 3051 inclamare,
1951 3000 2047 3056 ap-

474 3083 677 3154 pellare
701 3084 832 3140 deos
862 3102 876 3139 :
902 3098 1044 3153 saepe
1072 3082 1160 3138 hei
1187 3081 1344 3147 mihi,
1371 3097 1471 3151 pro
1499 3079 1708 3137 facinus
1739 3079 2044 3149 indignum,

476 3194 573 3249 per
598 3179 729 3235 deos
756 3179 996 3249 deasque
1028 3192 1221 3233 omnes
1265 3176 1602 3248 ingeminare
1621 3217 1637 3243 ,
1677 3190 1742 3231 ac
1765 3184 1962 3233 caetera
1990 3172 2044 3227 id

476 3287 647 3342 genus
674 3279 1015 3341 argumenta,
1061 3286 1183 3341 quae
1208 3270 1414 3326 homini
1446 3269 1791 3340 gravioribus
1822 3268 1877 3322 in
1905 3281 2039 3338 que-

476 3363 626 3429 relis,
657 3363 749 3418 ubi
778 3363 936 3418 fidem
966 3378 1073 3418 non
1103 3364 1376 3433 impetrat,
1397 3362 1516 3417 sine
1550 3368 1667 3415 arte
1686 3367 1878 3415 natura
1911 3374 2043 3428 sup-

478 3453 701 3523 peditat.
742 3452 873 3519 Quae
895 3454 1112 3523 quidem
1145 3454 1328 3508 omnia
1367 3467 1566 3522 magno
1597 3452 1838 3506 clamore
1856 3450 2044 3519 deplo-

479 3554 619 3609 rata,
650 3559 903 3615 magnam
941 3545 1131 3615 utique
1158 3543 1555 3614 probabilitatis
1594 3542 1831 3612 speciem
1858 3550 2046 3598 osten-

456 3634 701 3689 Idebant.
741 3632 1027 3690 Postremo
1054 3634 1156 3689 hac
1186 3634 1241 3688 in
1272 3633 1621 3689 contentione
1645 3647 1933 3704 pugnaque
1952 3632 2049 3687 do-

483 3720 731 3785 mestica,
768 3721 1012 3776 Stoicum
1045 3722 1188 3792 apud
1215 3737 1401 3778 servos
1438 3721 1631 3793 agebat
1659 3721 1749 3776 ille
1777 3722 1994 3792 quidem
2031 3739 2044 3775 :

484 3820 541 3865 at
569 3827 692 3866 cum
730 3812 831 3883 ipsi
860 3812 1183 3867 Academica
1232 3813 1485 3882 dogmata
1535 3821 1757 3867 strenue
1797 3820 2051 3868 constan-

485 3911 675 3975 terque
704 3904 1085 3971 defenderent,
1121 3920 1189 3959 ne
1212 3904 1343 3975 quid
1372 3904 1513 3959 ultra
1538 3904 1799 3959 molestiae
1832 3913 2048 3974 patere-

486 4004 597 4059 tur,
624 3995 774 4049 domi
803 3995 1061 4065 deinceps
1086 3996 1325 4051 haerebat
1359 4004 1619 4066 perpetuo
1638 4036 1654 4060 ,
1689 4009 1754 4050 ac
1779 4010 1877 4064 pro
1903 3996 2053 4050 cella:

486 4102 601 4142 sua:
628 4086 839 4143 foribus
869 4087 1164 4145 assidebat.
1202 4086 1401 4142 Verum
1428 4087 1520 4143 ubi
1546 4087 1681 4141 nihil
1705 4088 1836 4157 agit,
1863 4102 2049 4143 secum

488 4180 603 4248 ipse
626 4179 1018 4250 eogitans.quo
1047 4195 1144 4236 sua
1173 4180 1278 4237 sibi
1313 4180 1551 4236 versutia
1578 4180 1845 4235 recideret
1882 4197 1896 4234 :
1934 4188 2054 4236 tan-

487 4271 609 4323 dem
643 4270 813 4324 animi
847 4286 1069 4326 sensum
1113 4272 1292 4341 palam
1337 4286 1401 4325 ac
1446 4271 1565 4326 sine
1599 4270 1724 4326 fuco
1775 4269 2049 4341 aperiens,

489 4363 771 4428 nimirum,
797 4364 992 4434 inquit,
1020 4363 1228 4427 famuli,
1247 4363 1403 4417 aliter
1428 4363 1545 4417 haec
1574 4362 1626 4416 in
1659 4361 1845 4418 schola
1863 4361 2050 4432 dispu-

487 4458 691 4519 tamus,
720 4455 876 4509 aliter
906 4453 1162 4510 vivimus.
1197 4474 1216 4506 ι
1268 4455 1347 4508 Ac
1377 4452 1446 4508 de
1468 4451 1677 4524 Lacyde
1706 4451 1924 4523 quidem
1951 4452 2049 4506 ha-

2137 1962 2286 2030 θεάς,
2314 1962 2470 2018 ἄλλαι
2502 1980 2560 2017 τε
2587 1963 2708 2017 ὅσαι
2734 1965 2792 2016 ἐν
2818 1961 3097 2025 ἀπιστίαις
3129 1959 3612 2031 δεινολογουμένων
3641 1962 3719 2013 εί-

2138 2075 2221 2129 σὶν
2246 2076 2461 2147 ἄτεχνοι
2486 2076 2717 2139 πίστεις,
2772 2073 2945 2129 ταῦτα
2993 2074 3171 2129 πάντα
3228 2074 3446 2143 ἐλέγετο
3478 2073 3574 2146 βοῇ
3624 2075 3721 2127 καὶ

2136 2166 2467 2239 ἀξιοπιστίᾳ.
2501 2166 2780 2221 Τελευτῶν
2806 2167 2885 2229 δέ,
2918 2167 3042 2220 ἐπεὶ
3070 2166 3250 2237 μάχην
3276 2161 3420 2236 εἶχεν
3444 2166 3721 2233 ἀντιλεγο-

2140 2258 2307 2330 μένην
2334 2259 2428 2313 ἐπὶ
2452 2258 2550 2330 τῆς
2578 2258 2777 2323 οἰκίας,
2807 2257 2969 2321 αὐτὸς
3003 2257 3103 2328 μὲν
3138 2257 3205 2311 ἂν
3230 2257 3497 2330 δήπουθεν
3527 2258 3721 2310 ἐστωῖ-

2137 2347 2328 2403 κεύετο
2351 2347 2491 2419 πρὸς
2515 2348 2641 2410 τοὺς
2668 2347 2883 2410 παῖδας
2905 2346 3014 2400 τῶν
3067 2345 3272 2399 παίδων
3296 2346 3352 2399 δὲ
3381 2346 3451 2399 τὰ
3489 2345 3721 2419 ’Δκαδη-

2143 2437 2314 2509 μαῖκὰ
2348 2436 2803 2508 ίσχυριζομένων,
2855 2437 2941 2491 ἵνα
2990 2436 3187 2508 μηκέτι
3237 2436 3537 2509 πράγματα
3585 2436 3720 2507 ἔχοι,

2139 2530 2385 2602 οἰκουρὸς
2413 2526 2483 2602 ἦν
2515 2530 2666 2599 φίλος
2690 2530 2786 2584 τοῦ
2815 2531 3066 2601 ταμιείου
3094 2530 3529 2603 προκαθήμενος.
3556 2530 3725 2584 Οὐδὲν

2140 2621 2198 2676 δὲ
2231 2624 2310 2685 εἰς
2340 2622 2493 2677 οὐδὲν
2527 2621 2771 2691 ὠφελῶν,
2823 2622 3172 2693 ὑπειδόμενος
3196 2616 3252 2677 οἷ
3270 2622 3332 2675 τὸ
3385 2623 3546 2692 σοφὸν
3575 2607 3726 2692 αὑτῷ

2143 2712 2383 2785 ἔρχεται,
2415 2710 2823 2780 ἀπεκαλύψατο.
2858 2711 3085 2776 Ἄλλως,
3132 2712 3259 2783 ἔφη,
3293 2711 3487 2775 ταῦτα,
3517 2706 3563 2765 ὦ
3595 2714 3722 2765 παῖ-

2141 2805 2249 2870 δες,
2268 2807 2326 2859 ἐν
2348 2808 2466 2869 ταῖς
2479 2805 2781 2876 διατριϐαῖς
2795 2804 3009 2872 λέγεται
3028 2806 3179 2876 ἡμῖν,
3196 2803 3369 2868 ἄλλως
3387 2804 3444 2857 δὲ
3457 2804 3658 2875 ζῶμεν.
3699 2822 3718 2855 ι

2146 2895 2330 2953 Ταῦτα
2357 2897 2453 2967 μὲν
2490 2897 2585 2951 καὶ
2610 2897 2738 2968 περὶ
2763 2895 2857 2951 τοῦ
2884 2896 3149 2952 Λακύδου.
3182 2896 3382 2950 Τούτου
3404 2897 3460 2950 δὲ
3483 2895 3724 2963 γίνονται

2144 2988 2406 3044 ἀκουσταὶ
2450 2988 2656 3051 πολλοὶ,
2706 2980 2781 3043 ὧν
2824 2983 2905 3053 εἷς
2940 2983 3009 3059 ἦν
3034 2987 3301 3057 διαφανὴς
3341 2989 3370 3039 ό
3415 2988 3724 3058 Κυρηναῖος

2159 3078 2529 3150 Ἀρίστιππος..
2579 3080 2674 3133 Ἐκ
2716 3080 2933 3133 πάντων
2977 3079 3022 3132 δ’
3057 3078 3222 3132 αὐτοῦ
3250 3078 3358 3133 τῶν
3410 3077 3723 3149 γνωρίμων,

2072 3218 2116 3280 c
2147 3170 2246 3241 τὴν
2276 3169 2469 3241 σχολὴν
2521 3170 2686 3225 αὐτοῦ
2738 3169 3008 3234 διεδέξατο
3047 3170 3315 3241 Εὔανδρος
3366 3171 3455 3226 καὶ
3478 3171 3529 3223 οἱ
3587 3170 3727 3241 μετά

2145 3257 2353 3314 τοῦτον.
2378 3262 2512 3316 Μεθ’
2540 3260 2632 3326 οὒς
2686 3261 3005 3333 Καρνεάδης
3039 3260 3434 3333 ὑποδεξάμενος
3478 3261 3577 3334 τὴν
3610 3261 3727 3315 διιιι⁴

2144 3349 2357 3420 τριϐὴν,
2393 3351 2585 3423 τρίτην
2612 3354 2976 3423 συνεστήσατο
3018 3350 3369 3422 Ἀκαδημίαν.
3405 3351 3595 3419 Λόγων
3629 3349 3729 3422 μὲν

2146 3437 2239 3495 οὖν
2264 3443 2453 3514 ἀγωγῇ
2482 3437 2825 3517 ἐχρήσατο,ᾖ
2856 3444 2950 3497 καὶ
2997 3444 3026 3495 ὁ
3063 3442 3429 3514 Ἀρκεσίλαος·
3468 3442 3562 3495 καὶ
3619 3442 3728 3513 γὰρ

2147 3534 2309 3599 αὐτὸς
2335 3535 2625 3607 ἐπετήδευε
2668 3534 2767 3606 τὴν
2817 3536 2898 3599 εἰς
2951 3534 3194 3607 ἑκάτερα
3243 3535 3606 3607 ἐπιχείρησιν,
3635 3535 3730 3588 καὶ

2147 3629 2325 3685 πάντα
2358 3627 2693 3693 ἀνεσκεύαζε
2715 3628 2783 3682 τὰ
2808 3628 2913 3683 ὑπὸ
2932 3628 3039 3681 τῶν
3062 3628 3236 3683 ἄλλων
3264 3630 3551 3699 λεγόμενα·
3584 3627 3732 3699 μόνῳ

2146 3720 2190 3775 δ’
2224 3722 2282 3775 ἐν
2314 3719 2393 3791 τῷ
2424 3720 2675 3792 περὶτῆς
2701 3719 2906 3790 ἐποχῆς
2935 3718 3080 3790 λόγῳ
3132 3719 3270 3790 πρὸς
3312 3718 3477 3773 αὐτὸν
3523 3720 3731 3791 διέστη.

2150 3812 2256 3881 φὰς
2287 3811 2549 3866 ἀδύνατον
2613 3807 2752 3865 εἶναι
2803 3810 3090 3883 ἄνθρωπον
3149 3811 3277 3865 ὄντα
3311 3812 3440 3885 περὶ
3476 3812 3733 3866 ἁπάντων

2149 3903 2385 3975 ἐπέχειν·
2420 3902 2681 3975 διαφορὰν
2722 3903 2780 3956 δὲ
2812 3899 2949 3958 εἶναι
2976 3904 3173 3975 ἀδήλου
3196 3904 3291 3958 καὶ
3320 3905 3732 3977 ἀκαταλήπτοδ,

2150 3995 2245 4048 καὶ
2295 3992 2472 4048 πάντα
2528 3994 2626 4066 μὲν
2680 3988 2819 4048 εἶναι
2868 3994 3263 4066 ἀκατάληπτα,
3320 3997 3382 4050 οὐ
3440 3997 3621 4051 πάντα
3674 3998 3734 4053 δὲ

2150 4084 2343 4157 ἄδηλα.
2374 4086 2606 4158 Μετείχε
2657 4085 2715 4139 δὲ
2771 4079 2925 4150 οὗτος
2958 4088 3049 4140 καὶ
3082 4088 3189 4141 τῶν
3240 4088 3495 4142 Στωϊκῶν
3537 4090 3733 4159 λόγων,

2153 4177 2289 4249 πρὸς
2315 4177 2408 4242 οὒς
2434 4180 2527 4233 καὶ
2560 4179 2850 4251 ἐριστικῶς
2875 4180 3180 4252 ἱστάμενος,
3206 4182 3301 4236 ἐπὶ
3320 4182 3479 4237 πλέον
3499 4184 3734 4257 ηὐξήθη,

2151 4267 2245 4322 τοῦ
2275 4270 2598 4341 φαινομένου
2646 4274 2760 4336 τοῖς
2808 4271 3022 4334 πολλοῖς
3083 4271 3331 4335 πιθανοῦ,
3386 4272 3503 4326 ἀλλ’
3525 4275 3586 4327 οὐ
3637 4275 3739 4345 τῆς

2154 4362 2412 4432 ἀληθείας
2439 4364 2849 4436 στοχαζόμενος.
2906 4365 3068 4418 Ὅθεν
3118 4367 3211 4419 καὶ
3246 4365 3447 4438 πολλὴν
3494 4366 3737 4438 παρέσχε

2158 4453 2270 4514 τοῖς
2289 4452 2546 4517 Στωϊκοῖς
2574 4453 2787 4535 ἀηδίαν.
2822 4453 3028 4533 Γράφει
3046 4455 3088 4508 δ’
3118 4452 3210 4510 οὖν
3257 4457 3352 4509 καὶ
3375 4457 3404 4509 ὁ
3430 4456 3737 4527 Νουμήνιος

491 4554 702 4601 etenus.
744 4544 918 4614 Hujus
938 4545 1213 4600 auditores
1237 4542 1387 4599 fuere
1418 4542 1707 4614 permulti,
1743 4557 1884 4613 quos
1910 4543 2037 4598 intet

2160 4543 2286 4613 περί⁵
2315 4541 2481 4596 αὐτοῦ
2514 4542 2713 4601 ταῦτα.

491 4637 796 4707 Aristippus
843 4636 1135 4707 Cyrenaeus
1166 4633 1430 4691 excelluit.
1473 4632 1738 4690 Omnibus
1772 4644 1953 4690 tamen
1986 4649 2052 4689 ex
2088 4633 2373 4703 discipulis
2433 4633 2683 4691 Evander
2739 4646 2865 4708 post
2904 4653 3029 4694 eum
3063 4640 3262 4696 scholae
3283 4641 3522 4711 praefuit,
3545 4654 3609 4695 ac
3631 4655 3740 4696 cie-

493 4732 593 4782 teri
620 4728 868 4782 eumdem
892 4736 1075 4795 postea
1104 4727 1399 4782 consecuti.
1437 4725 1649 4791 Quibus
1705 4724 1959 4779 omnibus
1990 4724 2289 4779 succedens
2349 4726 2454 4782 hoc
2487 4727 2543 4780 in
2589 4728 2818 4784 docendi
2873 4746 3101 4785 munere
3125 4731 3435 4788 Carneades
3456 4775 3471 4800 ,
3523 4734 3740 4788 tertiam

494 4823 747 4878 conﬂavit
772 4824 1137 4878 Academiam.
1180 4821 1246 4877 Et
1293 4822 1482 4877 eadem
1536 4835 1643 4891 qua
1689 4819 1961 4875 Arcesilas
1993 4820 2257 4875 orationis
2320 4819 2494 4875 forma
2536 4823 2791 4878 utebatur
2819 4824 2936 4894 ipse
2971 4826 3213 4896 quidem,
3269 4837 3474 4883 cumet
3501 4828 3653 4881 illum
3684 4842 3740 4880 in

496 4925 785 4988 utramque
810 4930 1016 4988 partem
1046 4918 1356 4987 disputandi
1386 4931 1591 4972 morem
1619 4922 1847 4979 teneret,
1878 4925 1934 4970 et
1987 4930 2108 4985 quae
2145 4916 2214 4970 ab
2256 4916 2379 4972 aliis
2419 4918 2721 4972 dicerentur
2776 4919 2961 4974 omnia
2995 4920 3268 4976 refelteret
3296 4939 3310 4975 :
3347 4929 3605 4976 caeterum
3632 4934 3743 4973 una

496 5018 611 5066 eral.
637 5011 970 5067 assensionis
1001 5011 1252 5074 retentio,
1285 5012 1339 5063 in
1365 5024 1473 5079 qua
1499 5009 1569 5063 ab
1606 5007 1699 5061 illo
1734 5006 2041 5062 dissideret.
2079 5006 2289 5079 Quippe
2344 5009 2459 5063 ﬁeri
2515 5026 2622 5064 non
2682 5026 2843 5081 posse
2873 5010 3110 5079 dicebat,
3144 5020 3204 5067 ut
3246 5014 3340 5083 qui
3368 5013 3535 5067 homo
3574 5017 3743 5072 esset,

499 5104 546 5158 is
593 5120 757 5160 rebus
802 5105 857 5158 in
904 5106 1156 5159 omnibus
1188 5106 1488 5159 ~assensum
1541 5101 1811 5156 inhiberet
1856 5118 1869 5156 :
1911 5100 2059 5156 aliud
2097 5116 2261 5171 porro
2317 5104 2581 5159 incertum
2610 5119 2752 5169 esse,
2813 5105 2954 5160 aliud
2982 5105 3374 5174 comprehendi
3400 5119 3509 5159 non
3534 5115 3741 5173 posse;

498 5211 554 5256 et
597 5200 1141 5271 comprehensionem
1196 5199 1414 5269 quidem
1463 5197 1648 5252 omnia
1722 5195 1951 5268 fugere,
2002 5212 2113 5251 non
2168 5199 2350 5253 omnia
2399 5208 2582 5253 tamen
2642 5200 2850 5253 incerta
2894 5213 3035 5252 esse.
3100 5198 3261 5269 737
3308 5196 3432 5251 Fuit
3480 5198 3528 5252 is
3573 5198 3741 5252 etiam

501 5292 685 5347 stoicae
733 5292 998 5348 doctrinae
1053 5306 1161 5345 non
1214 5291 1460 5362 ignarus,
1513 5305 1619 5359 qua
1675 5288 2049 5343 vehementius
2119 5305 2410 5361 acrtusque
2459 5289 2712 5361 petenda,
2774 5289 2933 5345 famae
2961 5289 3066 5344 sibi
3113 5289 3410 5360 plurimum
3470 5303 3744 5344 nominis-

501 5402 609 5456 que
629 5388 898 5454 confecit,
923 5388 1055 5443 dum
1098 5388 1151 5441 in
1187 5386 1238 5441 id
1271 5386 1451 5456 potius
1494 5386 1639 5455 quod
1681 5385 1842 5453 vulgo
1896 5384 2194 5441 verisimile
2235 5387 2543 5448 videbatur,
2600 5400 2765 5455 quam
2830 5385 2886 5438 in
2937 5399 3129 5439 verum
3186 5384 3364 5452 ipsum
3400 5383 3741 5436 eollinearet.

503 5480 681 5547 Quare
713 5480 913 5539 Stoicis
934 5486 1097 5539 etiam
1125 5480 1390 5537 molestia;
1434 5479 1729 5551 plurimum
1785 5478 2109 5535 facessebat.
2150 5479 2227 5535 De
2262 5481 2367 5536 hoc
2412 5481 2554 5536 idem
2600 5480 2694 5549 qui
2727 5493 2893 5549 supra
2925 5475 3230 5533 Numenius
3265 5476 3459 5541 habet,
3495 5490 3619 5549 quae
3648 5487 3739 5531 se-

505 5583 764 5640 quuntur.

577 5755 685 5823 (45)
714 5751 855 5810 Εἶτα
891 5753 976 5824 μὴ
1007 5753 1336 5824 ἐξελέγξαι.
1371 5751 1502 5813 Ms.,
1532 5753 1642 5806 είτε
1677 5749 1750 5822 μὴ
1794 5748 2037 5824 ἐξελέγχο

2168 5746 2340 5824 lectio
2354 5746 2554 5824 conjici
2569 5746 2749 5824 possit
2774 5761 2787 5796 ε
2814 5739 2945 5824 Εἶτα
2970 5741 3045 5824 ἂν.
3064 5743 3148 5824 μὴ
3170 5740 3471 5824 egeas-{19:5
3494 5739 3598 5819 (vel
3626 5734 3747 5797 εττα

505 5812 680 5880 πάντα
727 5812 1148 5897 ἁνατρὲψὲσθαι,
1183 5812 1285 5880 (te.
1320 5823 1396 5878 Ex
1431 5812 1628 5893 quibus
1663 5812 1786 5877 vera
1808 5812 2035 5890 ,epinor

2180 5820 2252 5889 μὴ
2282 5812 2590 5887 ἐξελέγξαςῖ
2616 5818 2790 5870 πάντα
2818 5812 3214 5885 ἀνατρέψεσθαι
3245 5813 3419 5877 ἐαυτῷ
3443 5812 3635 5865 δοκῶν.
