4144 6400
462 369 607 425 1213

991 496 1389 550 ΚΕΦᾹΛΑΙΟΝ
1430 499 1511 552 η’.

459 605 603 675 Περὶ
658 606 1005 673 Καρνεάδου
1059 609 1165 662 τοῦ
1227 610 1343 676 τὴν
1413 610 1618 677 τρίτην
1697 608 2047 679 Ἀκαδημίαν

713 679 1246 748 ὑποστησαμένου.
1290 680 1423 733 Ἀπὸ
1453 681 1562 734 τοῦ
1584 679 1793 734 αὐτοῦ.

534 786 556 821 ι
596 770 913 841 Καρνεάδης
938 770 996 822 δὲ
1030 771 1386 843 ἐκδεξάμενος
1414 774 1749 844 παρήγησιν,
1780 766 1842 827 οὗ
1871 771 2045 844 χρεὼν

457 858 572 933 (44)
606 859 838 929 φυλάξαι
870 862 972 915 ὅσα
1015 862 1248 934 ἀκίνητα
1303 865 1397 917 καὶ
1433 865 1534 918 ὅσα
1580 866 1914 936 κεκινημένα
1941 861 2042 936 ἦν,

455 950 650 1006 τούτου
713 953 811 1025 μὲν
860 953 1082 1026 ἡμέλει*
1137 956 1217 1018 εις
1273 956 1318 1009 δ’
1365 956 1715 1026 Ἀρκεσίλαον
1739 996 1755 1021 ,
1810 958 1906 1011 εἴτ’
1951 953 2045 1010 οὖν

454 1043 688 1115 ἀμείνω,
723 1042 834 1096 εἴτε
884 1045 979 1099 καὶ
1032 1046 1336 1118 φαυλότερα
1389 1042 1479 1119 ἢν,
1524 1047 1928 1117 ὲπανενεγκὼν,
1957 1048 2043 1102 διὰ

457 1136 672 1208 μακροῦ
690 1136 789 1207 τὴν
822 1136 1002 1208 μάχην
1053 1137 1331 1202 ἁνενέαζε.
1368 1158 1386 1190 ι
1450 1140 1561 1193 Καὶ
1607 1140 1733 1211 ἑξῆς
1778 1140 2039 1209 ἐπιλέγει·

461 1240 482 1273 σ
514 1217 659 1291 Ἦγε
684 1222 728 1275 δ’
759 1218 852 1277 οὖν
877 1226 973 1278 καὶ
1021 1219 1197 1290 οὗτος,
1233 1227 1328 1280 καὶ
1357 1228 1635 1300 ἀπέφερεν
1665 1229 1801 1298 (45),
1832 1229 2041 1282 ἀντιλο-

456 1310 581 1379 γίας
600 1328 659 1364 τε
692 1314 786 1365 καὶ
814 1314 1049 1385 στροφὰς
1083 1315 1441 1385 λεπτολόγους
1472 1318 1731 1389 συνέφερε
1772 1322 1837 1390 τῇ
1896 1320 2044 1394 μάχῃ

464 1404 769 1470 ιποικίλλων,
791 1406 1140 1477 ἐξαρνητικός
1168 1426 1228 1463 τε
1250 1410 1343 1463 καὶ
1371 1413 1770 1479 καταφαντικός
1824 1429 1882 1465 τε
1934 1408 2003 1483 ἦν
2026 1454 2040 1477 ,

460 1498 881 1571 κάμφοτέρωθεν
905 1501 1345 1570 ἀντιλογικός.Εῖ
1363 1502 1423 1555 τέ
1449 1503 1559 1573 (Mil
1589 1520 1691 1579 που
1725 1504 1833 1557 ἔδει
1866 1522 1919 1557 τι
1948 1505 2043 1561 καὶ

451 1586 638 1661 θαῦμα
663 1591 895 1661 ἑχόντων
923 1593 1117 1662 λόγων,
1146 1592 1461 1665 ὲξηγείρετο
1485 1594 1705 1665 λάϐρος,
1734 1592 1844 1648 οἷον
1872 1614 2041 1650 ποτα-

452 1682 555 1752 μὸς
590 1682 813 1755 ῥοώδης,
851 1685 1095 1757 σφοδρῶς
1154 1686 1293 1756 ῥέων
1347 1685 1480 1757 (47),
1539 1687 1717 1741 πάντα
1763 1705 2041 1761 καταπιμ-

449 1776 590 1840 πλὰς
616 1776 686 1829 τὰ
716 1777 843 1848 τῇδε
871 1779 964 1831 καὶ
988 1778 1059 1832 τὰ
1089 1778 1284 1842 ἐκεῖθι,
1320 1780 1414 1832 καὶ
1446 1779 1752 1845 είσέπιπτε,
1787 1781 1879 1834 καὶ
1911 1799 2040 1835 συν-

1586 373 1908 431 PR/EPAR.
1952 373 2205 430 EVANG.
2252 373 2376 430 Llll.
2424 373 2562 429 XIV.

3595 373 3735 430 ιειι

2720 492 2950 549 CAPUT
3017 491 3152 547 \‘lll.

2151 607 2225 662 De
2258 606 2552 672 Carneade,
2601 607 2691 677 qui
2727 607 2939 730 (enim:
2970 604 3315 659 Academiam
3346 603 3601 667 instituit.
3645 600 3730 658 Ea:

2830 694 2890 730 eo
2930 692 3032 730 ent.

2830 692 3032 730 eoaenu

2224 787 2242 819 ι
2282 766 2615 831 Carneades,
2641 766 2841 836 inquit,
2865 764 3096 820 docendi
3126 772 3314 834 postea
3346 779 3574 818 munere
3602 779 3729 833 par-

2149 859 2404 927 tibusque
2437 859 2731 927 susceptis,
2781 871 2907 911 eum
2956 865 3302 925 aspernatus.
3333 857 3491 924 cujus
3518 856 3723 935 omnia.

2146 967 2240 1007 seu
2276 967 2399 1021 quae
2452 951 2633 1006 adhuc
2681 952 2892 1020 integra
2951 950 3289 1018 immotaque
3339 950 3725 1014 consisterent,

2147 1061 2242 1101 seu
2270 1060 2391 1115 quae
2421 1046 2491 1100 ab
2523 1045 2644 1100 aliis
2676 1045 2969 1099 sollicitata
2995 1043 3109 1112 jam
3138 1049 3345 1105 essent,
3364 1042 3604 1097 retinere
3630 1042 3726 1097 de-

2144 1137 2365 1204 buerat;
2401 1137 2727 1206 cunctisque
2755 1137 2822 1190 ad
2848 1134 3170 1199 Arcesilam,
3209 1148 3304 1189 seu
3344 1133 3592 1199 meliora,
3628 1148 3722 1190 seu

2145 1228 2413 1282 deteriora
2441 1237 2648 1291 essent,
2675 1228 2883 1293 relatis,
2907 1242 3145 1298 pugnam
3171 1227 3289 1295 ipse
3315 1227 3478 1297 longo
3504 1226 3724 1281 demum

2145 1320 2434 1375 intervallo
2483 1321 2781 1375 revocavit.
2819 1340 2838 1372 ι
2891 1320 3018 1375 lude
3060 1319 3314 1375 nonnihil
3353 1332 3722 1388 progressus:

2151 1430 2170 1464 ε
2194 1410 2338 1467 Idem
2366 1412 2553 1482 igitur,
2586 1412 2785 1482 inquit,
2806 1412 3086 1476 afferebat,
3124 1411 3268 1466 idem
3296 1409 3602 1474 auferebat,
3622 1426 3727 1481 pu-

2145 1518 2419 1574 gnamque
2436 1518 2592 1559 suam
2614 1505 2908 1559 contrariis
2934 1503 3244 1569 sententiis,
3268 1511 3322 1557 et
3342 1502 3579 1558 versutis
3600 1503 3727 1572 qui-

2143 1592 2373 1649 busdam
2401 1609 2467 1650 ae
2495 1594 2790 1650 subtilibus
2823 1595 3053 1665 argutiis
3074 1610 3199 1650 cum
3229 1594 3515 1665 multiplici
3546 1594 3726 1650 varie-

2145 1691 2253 1740 tate
2281 1685 2569 1749 miscebat,
2599 1685 2922 1741 aﬁirmando
2947 1687 3111 1741 simul
3144 1702 3210 1742 ac
3247 1685 3519 1756 negando,
3550 1694 3606 1741 et
3631 1700 3727 1756 op-

2144 1776 2337 1844 positis
2383 1778 2636 1847 utrinque
2688 1777 2993 1833 rationibus
3051 1778 3402 1848 disputando.
3463 1776 3621 1844 Quod
3673 1779 3722 1835 si

447 1869 610 1941 έσυρε
642 1869 770 1933 τοὺς
818 1869 1117 1935 ἀκούοντας
1150 1870 1240 1925 διὰ
1269 1871 1522 1943 θορύϐου.
1572 1873 1872 1945 Τοιγαροῦν
1897 1876 2026 1930 ἀπά-

2139 1869 2250 1923 alto
2278 1869 2513 1939 quodam
2550 1879 2605 1924 et
2628 1881 2957 1941 exaggerato
2982 1870 3202 1925 dicendi
3238 1885 3437 1940 genere
3465 1885 3605 1940 opus
3632 1885 3723 1925 es~

445 1979 558 2032 γων
586 1963 714 2026 τοὺς
743 1962 955 2029 ἄλλους,
991 1964 1154 2027 αὐτὸς
1183 1963 1375 2035 ἔμενεν
1402 1965 1830 2037 ἀνεξαπάτητοςο
1879 1967 1907 2020 ὃ
1959 1968 2034 2040 μὴ

445 2054 654 2126 προσῆν
681 2052 760 2122 τῷ
806 2054 1161 2126 Ἀρκεσιλάῳ.
1201 2055 1440 2121 Ἐκεῖνος
1480 2057 1610 2129 γὰρ,
1648 2057 2034 2129 περιεχόμενος

442 2147 511 2216 τῇ
534 2145 812 2217 φαρμάξει
851 2148 977 2211 τοὺς
1003 2149 1602 2221 συγκορυϐαντιῶντας,
1632 2150 1820 2205 ἔλαθεν
1844 2152 2033 2207 ἑαυτὸν

443 2234 660 2306 πρῶτον
689 2236 1051 2309 ἐξηπατηκὼς
1071 2239 1144 2310 μὴ
1176 2239 1466 2310 ᾐσθῆσθαι,
1484 2241 1773 2295 πεπεῖσθαι
1800 2242 1845 2296 δ’
1856 2242 2032 2313 ἀληθῆ

442 2321 658 2391 iiva
679 2328 825 2397 λέγει
852 2328 940 2383 διὰ
970 2330 1069 2400 τῆς
1096 2328 1503 2395 ἁπαξαπάντων
1533 2333 1866 2404 ἀναιρέσεως
1896 2350 2032 2405 χρη-

445 2418 650 2488 μάτων.
708 2419 895 2474 Κακὸν
949 2420 1007 2473 δὲ
1069 2416 1138 2492 ἦν
1192 2420 1260 2476 ἂν
1298 2422 1454 2493 κακῷ
1504 2423 1952 2496 ὲπανακείμενον,
2002 2427 2032 2479 ὁ

438 2508 763 2580 Καρνεάδης
787 2508 866 2580 τῷ
912 2511 1267 2582 Ἀρκεσιλάῳο
1309 2513 1383 2583 μὴ
1410 2512 1651 2583 χαλάσας
1679 2531 1732 2568 τι
1776 2516 2027 2588 σμικρὸν,

440 2601 531 2671 ὕφ’
557 2595 618 2657 οῦ
648 2603 748 2655 οὐκ
779 2602 1051 2673 ἄπρακτοι
1077 2603 1305 2675 ἔμελλον
1338 2605 1578 2670 ἔσεσθαι,
1605 2606 1746 2660 κατὰ
1794 2607 1893 2671 τὰς
1922 2608 2031 2663 ἀπὺ

439 2695 535 2749 τοῦ
564 2695 791 2749 πιθανοῦ
830 2697 1129 2768 λεγομένας
1177 2697 1327 2769 αὑτῷ
1360 2696 1580 2763 θετικάς
1599 2717 1656 2754 τε
1684 2702 1779 2754 καὶ⁵
1809 2702 2030 2773 ἀρνητι-

440 2788 543 2853 κάς
570 2789 888 2858 φαντασίας,
917 2790 1011 2844 τοῦ
1060 2786 1201 2846 εἶναι
1242 2792 1361 2845 τόδε
1408 2809 1462 2846 τι
1520 2792 1679 2859 ζῶον,
1720 2794 1752 2866 ἢ
1796 2794 1870 2866 μὴ
1892 2793 2028 2860 ζῶον

440 2875 596 2934 εἶναι.
614 2902 631 2931 ι
671 2881 843 2935 Τοῦτο
863 2878 954 2936 οὖν
982 2883 1230 2948 ὑπανεὶς,
1252 2883 1441 2956 ὥσπερ
1463 2887 1514 2938 οἱ
1538 2886 1902 2957 ἀναχάζοντες
1929 2886 2027 2959 θῆ-

441 2991 555 3046 ρες,
585 2973 908 3046 βιαιότερον,
938 2977 1031 3029 καὶ
1080 2975 1282 3047 μᾶλλον
1317 2977 1543 3040 ἑαυτοὺς
1602 2978 1758 3031 ἱεῖσιν
1816 2980 1898 3042 εις
1926 2978 2026 3044 τὰς

439 3065 663 3137 αἰχμὰς,
712 3066 913 3130 καύτὸς
935 3067 1141 3131 ἐνδοὺς,
1180 3066 1549 3140 δυνατώτερον
1582 3069 1833 3142 ὲτέῆλθεν.
1874 3072 2025 3125 Ἐπεί

437 3170 496 3210 τε
533 3153 645 3225 (48)
673 3156 940 3228 ὑποσταίη
970 3175 1028 3211 τε
1063 3160 1160 3213 καὶ
1201 3155 1259 3213 εὖ
1284 3159 1417 3231 έχοι,
1452 3161 1752 3231 τηνικαῦτα
1793 3162 1893 3234 ήδη
1929 3163 2025 3215 καὶ

436 3240 499 3298 οὗ
530 3245 875 3316 προδέδοκτο,
924 3247 1065 3301 ἑκὼν
1102 3250 1295 3321 ἠμέλει
1326 3251 1421 3304 καὶ
1470 3252 1748 3323 ἐμέμνητο
1775 3251 1907 3324 (49).
1950 3253 2025 3307 Τὸ

436 3337 546 3408 γὰρ
565 3339 762 3409 ἀληθές
782 3357 842 3392 τε
872 3341 965 3393 καὶ
990 3341 1049 3394 τὸ
1073 3342 1269 3412 ψεῦδος
1307 3345 1366 3397 ὲν
1392 3347 1505 3408 τοῖς
1535 3346 1855 3416 πράγμασιν
1886 3348 2024 3400 ἐνεῖ-

436 3450 526 3487 ναι
556 3433 874 3505 συγχωρῶν,
899 3435 1090 3509 ὥσπερ
1116 3437 1579 3511 ξυνεργαζόμενος
1604 3443 1704 3513 τῆς
1745 3442 2024 3515 ζητήσεως

433 3525 639 3597 τρόπῳ,
667 3528 965 3582 παλαιστοῦ
1014 3530 1189 3584 δεινοῦ
1230 3531 1399 3604 λαϐὴν
1439 3533 1584 3599 δοὺς,
1645 3536 2024 3607 περιεγίγνετο

432 3615 605 3670 ἐνθεν.
627 3618 785 3672 Κατὰ
824 3621 933 3691 γὰρ
965 3621 1062 3693 τὴν
1116 3622 1209 3676 τοῦ
1260 3624 1492 3680 πιθανοῦ
1541 3628 1714 3700 ῥοπὴν
1763 3628 2023 3701 ἑκάτερον

434 3707 755 3778 παρασχὼν,
772 3710 1049 3783 οὐδέτερον
1074 3707 1196 3766 εἷπε
1227 3714 1461 3785 βεϐαίως
1485 3718 2019 3789 καταλαμϐάνεσθαι.

432 3790 540 3854 Ἦν
563 3799 696 3867 γοῦν
728 3799 933 3874 λῃστὴς
980 3802 1074 3856 καὶ
1120 3805 1254 3876 γόης
1306 3807 1634 3881 σοφώτερος.
1683 3810 2023 3883 Παραλαϐὼν

432 3889 541 3962 γὰρ
562 3891 755 3961 ἀληθεῖ
780 3893 879 3964 μὲν
904 3894 1087 3964 ὅμοιον
1138 3896 1356 3965 ψεῦδος,
1389 3901 1767 3974 καταληπτικῇ
1800 3903 1856 3961 δὲ
1885 3921 2022 3974 φαν-

430 3983 593 4056 τασίᾳ
627 3986 978 4057 καταληπτὸν
1009 3988 1214 4060 ὅμοιον,
1244 3990 1340 4043 καὶ
1383 3992 1607 4061 ἀγαγὼν
1638 3996 1719 4058 είς
1738 3995 1837 4060 τὰς
1878 3997 2018 4061 ἴσας,

432 4076 531 4129 οὐκ
561 4076 741 4130 εἴασεν
763 4075 884 4130 οὔτε
902 4078 964 4132 τὸ
995 4080 1192 4149 ἀληθὲς
1214 4078 1371 4147 εἶναι,
1398 4083 1522 4137 οὔτε
1566 4085 1628 4138 τὸ
1650 4085 1862 4154 ψεῦδος,
1893 4088 1926 4158 ἢ
1957 4089 2018 4142 οὐ

436 4167 634 4236 μᾶλλον
661 4167 723 4222 τὸ
751 4168 938 4242 ἕτερον
986 4171 1079 4224 τοῦ
1131 4173 1340 4244 ἑτέρου,
1375 4174 1407 4247 ἢ
1442 4176 1643 4245 μᾶλλον
1667 4178 1775 4231 ἀπὸ
1803 4177 1896 4232 τοῦ
1926 4197 2018 4233 πι-

432 4258 611 4315 θανοῦ.
630 4255 737 4314 Ἶῐν
758 4258 851 4317 οῦν
872 4264 1124 4336 ὀνείρατα
1154 4267 1276 4319 ἀντὶ
1308 4268 1620 4339 ὀνειράτων,
1649 4270 1735 4324 διὰ
1756 4270 1816 4324 τὸ
1828 4272 2019 4344 ὁμοίας

431 4348 735 4414 φαντασίας
762 4349 1017 4421 ἀληθέσιν
1072 4349 1211 4408 εἶναι
1249 4354 1349 4419 τὰς
1378 4356 1613 4425 ψευδεῖς,
1653 4359 1729 4424 ὡς
1774 4361 1885 4419 ἀπὸ
1907 4362 2016 4417 ὼοῦ

430 4438 654 4509 κηρίνου
686 4441 823 4510 πρὸς
868 4443 930 4496 τὸ
962 4444 1216 4516 ἀληθινὸν
1257 4447 1382 4503 ὠόν.
1439 4450 1762 4506 Συνέϐαινεν
1808 4450 1902 4508 οὖν
1947 4455 2017 4509 τά

2138 1969 2241 2025 set,
2274 1969 2391 2015 tum
2422 1961 2704 2015 enimvero
2740 1961 3049 2015 vehementi
3096 1976 3160 2016 ac
3209 1961 3406 2030 rapido
3450 1977 3616 2016 cursu
3647 1959 3720 2017 fe-

2134 2052 2390 2117 rebatur,
2423 2060 2483 2107 ut
2509 2053 2689 2108 amnis
2716 2053 2939 2123 quidam
2985 2052 3250 2108 incitatus
3290 2063 3342 2108 et
3386 2069 3556 2123 rapax
3577 2096 3592 2120 ,
3623 2055 3718 2124 qui

2135 2147 2319 2202 omnia
2352 2148 2560 2217 passim
2596 2148 2823 2202 inundet
2855 2158 2908 2203 et
2938 2149 3136 2203 obruat
3173 2170 3185 2203 :
3219 2150 3300 2205 sic
3327 2150 3381 2204 in
3413 2149 3718 2205 auditorem

2134 2235 2507 2299 incumbebat,
2560 2252 2798 2308 eumque
2846 2254 3032 2294 secum
3082 2254 3283 2312 magno
3326 2257 3451 2296 cum
3504 2239 3722 2311 fragore

2133 2328 2475 2399 strepituque
2499 2330 2766 2398 rapiebat.
2797 2330 3030 2402 Quippe,
3058 2346 3186 2387 cum
3220 2332 3274 2387 in
3302 2332 3549 2388 fraudem
3578 2333 3722 2389 alios

2132 2427 2189 2474 et
2225 2434 2471 2475 errorem
2512 2421 2838 2492 impelleret,
2901 2432 3014 2478 tum
3071 2423 3363 2480 fallebatur
3415 2425 3534 2496 ipse
3575 2440 3721 2480 nun-

2131 2525 2335 2581 quam;
2370 2512 2424 2567 id
2451 2513 2600 2583 quod
2627 2514 2808 2569 locum
2842 2515 2895 2569 in
2933 2516 3179 2572 Arcesila
3213 2531 3321 2570 non
3352 2517 3609 2571 habebat.
3668 2515 3721 2574 Is

2129 2603 2274 2659 enim
2305 2604 2436 2658 dum
2466 2612 2695 2661 caeteros
2725 2604 2843 2660 suis
2880 2620 3066 2661 secum
3100 2606 3386 2663 maleﬁciis
3415 2622 3481 2663 ac
3503 2608 3720 2678 praesti-

2128 2695 2234 2765 giis
2259 2734 2275 2760 ,
2314 2693 2687 2767 Corybantum
2733 2710 2887 2750 more
2923 2695 3262 2753 insanientes
3313 2697 3716 2763 circumferret,

2129 2803 2239 2841 non
2292 2788 2568 2843 sentiebat
2616 2802 2785 2858 quam
2836 2802 2958 2842 sese
2987 2789 3225 2858 primum
3261 2789 3378 2859 ipse
3418 2788 3713 2859 deciperet,

2129 2879 2257 2935 dum
2291 2880 2396 2935 sibi
2419 2895 2640 2951 quoque
2683 2897 2813 2936 vera
2842 2896 2966 2937 esse
2991 2897 3114 2952 qua:
3143 2881 3369 2946 diceret,
3417 2882 3603 2936 omnia
3634 2883 3714 2937 εἰη

2128 2971 2334 3026 mulae
2381 2972 2553 3026 semel
2581 2972 2876 3035 abolendo,
2926 2972 3315 3042 persuadebat.
3362 2972 3560 3028 Verum
3585 2973 3715 3029 Car-

2128 3063 2355 3117 neadem
2385 3062 2667 3129 Arcesila,
2697 3064 2776 3119 sic
2808 3074 3067 3134 tanquam
3102 3064 3305 3119 malum
3348 3065 3496 3120 malo
3537 3064 3714 3135 impo-

2127 3153 2293 3212 situm
2319 3154 2445 3224 jure
2473 3155 2701 3221 dixeris,
2745 3157 2839 3227 qui
2895 3172 2964 3211 ne
3016 3157 3289 3212 tantillum
3336 3156 3557 3226 quidem
3609 3172 3712 3211 uu-

2126 3259 2288 3314 quam
2324 3245 2658 3307 remitteret,
2701 3248 2807 3303 nisi
2854 3263 2965 3317 quo
3010 3246 3333 3303 eﬂecturum
3382 3264 3442 3303 se
3470 3247 3711 3311 videbat,

2125 3346 2188 3391 ut
2237 3335 2513 3392 auditores
2565 3347 2757 3407 postea
2815 3354 2927 3409 quo
2977 3355 3036 3395 se
3071 3349 3349 3395 verterent
3393 3355 3501 3394 non
3544 3339 3714 3394 habe--

2124 3439 2246 3485 rent
2287 3449 2300 3485 :
2356 3431 2408 3485 id
2453 3433 2599 3501 quod
2630 3448 2697 3488 eo
2724 3433 2966 3489 visorum
2991 3474 3006 3497 ,
3055 3442 3116 3488 ut
3159 3435 3485 3503 appellabat,
3514 3448 3713 3503 genere

2123 3523 2593 3594 consequebatur,
2645 3540 2769 3594 quae
2817 3524 3085 3594 probabili
3134 3526 3347 3580 ratione
3391 3535 3600 3581 certum
3646 3539 3711 3581 ae

2123 3613 2404 3685 singulare
2432 3615 2694 3684 quiddam
2718 3657 2735 3679 ,
2768 3617 2972 3671 animal
3019 3631 3140 3672 esse
3160 3658 3175 3681 ,
3209 3616 3295 3672 vel
3325 3616 3708 3679 conﬁrmandi,

2121 3705 2207 3761 vel
2234 3707 2472 3778 negandi
2517 3706 2626 3761 vim
2662 3707 2943 3763 haberent.
3003 3707 3146 3779 Ergo
3179 3718 3470 3779 postquam
3503 3708 3709 3778 aliquid

2121 3798 2395 3868 ejusmodi
2444 3807 2726 3870 utcunque
2767 3800 3021 3867 dederat,
3073 3800 3540 3870 quemadmodum
3580 3800 3710 3855 ferat

2122 3889 2465 3960 aliquantum
2520 3890 2798 3957 cedentes,
2854 3892 2907 3946 in
2938 3892 3149 3961 spicula
3181 3900 3333 3946 tanto
3360 3891 3707 3962 postmodum

2120 3982 2500 4038 vehementius
2523 3981 2743 4039 irruunt
2776 4002 2789 4037 :
2819 3983 2901 4038 sic
2925 3984 3015 4038 ille
3045 3983 3138 4038 ubi
3170 3983 3421 4039 nonnihil
3468 3983 3709 4039 indulseo

2120 4080 2227 4140 rat,
2244 4088 2311 4129 eo
2336 4073 2534 4130 deinde
2556 4075 2833 4143 potentius
2863 4075 3167 4146 ingruebat.
3208 4074 3350 4131 Idem
3376 4075 3466 4129 ubi
3499 4075 3709 4130 ﬁrmior

2114 4161 2228 4232 jam
2275 4172 2395 4220 erat
2437 4164 2774 4234 solidiorque
2819 4164 3155 4234 disputatio,
3185 4174 3299 4221 tum
3342 4165 3475 4219 illud
3503 4164 3704 4235 ipsum,

2118 4252 2266 4323 quod
2310 4252 2414 4308 sibi
2450 4261 2577 4308 ante
2623 4255 2805 4309 visum
2849 4264 3032 4322 esset,
3057 4255 3327 4326 cujusque
3370 4257 3703 4312 mentionem

2114 4339 2228 4411 jam
2274 4341 2516 4409 fecisset,
2547 4343 2696 4399 ultro
2744 4344 3072 4416 negligebat.
3115 4345 3282 4417 738
3316 4345 3454 4401 Nam
3479 4348 3574 4418 qui
3605 4363 3702 4402 ve-

2117 4448 2238 4487 rum
2273 4449 2337 4488 ac
2367 4433 2569 4490 falsum
2606 4436 2660 4489 in
2687 4436 3069 4492 rebus'inesse
3095 4439 3442 4504 concederet,
3478 4440 3704 4510 perinde

427 4526 598 4593 κακὰ,
625 4530 719 4582 καὶ
773 4530 961 4586 πλείω.
1018 4535 1128 4588 Καὶ
1174 4536 1357 4606 μέντοι
1404 4537 1577 4607 λέγων
1619 4543 1647 4595 ὁ
1693 4543 2013 4616 Καρνεάδης

2128 4539 2184 4578 ac
2203 4524 2249 4578 si
2280 4523 2351 4579 ad
2387 4523 2666 4596 propriam
2700 4542 2821 4582 sese
2850 4529 3173 4599 quaestionis
3194 4529 3464 4586 rationem
3490 4546 3705 4587 accom-

426 4617 772 4690 ἐψυχαγώγει
806 4623 899 4676 καὶ
937 4623 1375 4696 ἠνδραποδίζετο.
1409 4624 1517 4682 Ἦν
1541 4630 1597 4685 δὲ
1643 4631 1891 4686 κλέπτων
1916 4635 2014 4705 μὲν

425 4710 659 4783 ἀφανὴς,
700 4716 1025 4785 φαινόμενος
1060 4718 1117 4772 δὲ
1168 4718 1388 4792 λῃστὴς,
1424 4722 1592 4794 αἱρῶν
1628 4725 1718 4777 καὶ
1743 4725 1878 4796 δόλῳ
1921 4728 2015 4780 καὶ

427 4802 518 4874 βίᾳ
541 4804 668 4868 τοὺς
689 4806 782 4858 καὶ
813 4807 952 4860 πάνυ
985 4810 1186 4882 σφόδρα
1245 4816 1815 4887 παρεσκευασμένους.
1856 4820 2012 4875 Πᾶσα

422 4894 555 4962 γοῦν
578 4897 894 4967 Καρνεάδου
945 4899 1153 4959 διάνοια
1181 4903 1357 4969 ἐνίκα,
1391 4906 1484 4959 καὶ
1527 4908 1750 4980 οὐδεμία
1789 4910 2012 4981 ἡτισοῦν

423 4985 616 5047 ἄλλως
646 4987 770 5058 ἐπεὶ
799 4990 893 5042 καὶ
922 4984 1004 5055 οἷς
1038 4994 1463 5066 προσεπολέμει,
1497 4992 1637 5067 ἦσαν
1681 4999 1856 5053 εἰπεῖν
1886 5000 2012 5054 ἀδυ-

422 5077 736 5149 νατώτεροι.
770 5080 1122 5155 Ἀντίπατρος
1147 5085 1275 5153 γοῦν
1299 5088 1328 5139 ὁ
1360 5089 1480 5145 κατ’
1519 5090 1679 5144 αὑτὸν
1699 5090 2008 5164 γενόμενος,

423 5165 613 5237 ἔμελλε
647 5169 748 5239 μὲν
780 5171 1019 5244 άγωνιᾷν
1044 5192 1095 5228 τι
1115 5178 1366 5248 γράφειν’
1395 5180 1533 5251 πρὸς
1560 5181 1605 5238 δ’
1627 5181 1721 5236 οὖν
1753 5186 1879 5249 τοὺς
1901 5185 2011 5240 ἀπὸ

423 5258 741 5330 Καρνεάδου
772 5263 1120 5339 καθ’ἡμέραν
1142 5270 1588 5343 ἀποφερομένους
1609 5274 1800 5345 λόγους
1813 5277 2008 5335 οὔποτε

495 5458 608 5584 (442
642 5456 725 5516 Οὖ
753 5462 962 5547 χρεών.
989 5457 1085 5519 Οὗ.
1113 5465 1286 5537 Cujus
1321 5472 1579 5527 tandem?
1607 5472 1870 5544 Platonis,
1891 5479 2009 5549 opi-

495 5545 548 5584 ir.
606 5547 640 5584 ιι
686 5531 791 5584 hoc
823 5549 1025 5584 uuinne
1068 5538 1274 5584 mullus
1309 5550 1434 5584 amp
1466 5541 1767 5584 Νιιηιρηίιιε
1805 5547 1981 5584 τηρ-..ι

425 5531 640 5607 nor-hin
664 5531 801 5607 _h0c_'
823 5531 1274 5607 quippe_multus
1309 5550 1434 5595 ante
1465 5541 1768 5607 Numenius
1804 5531 2002 5605 fuerat.

496 5599 609 5682 (ιε)
664 5599 996 5683 harescit-{1%.
1030 5604 1171 5683 Quid
1224 5611 1269 5683 si
1317 5610 1553 5683 ἔφερενῖ
1603 5604 1698 5671 Est

424 5674 845 5795 :otum,
873 5674 1031 5744 ἄγειν
1054 5677 1147 5731 καὶ
1171 5674 1376 5755 φέρειν,
1396 5674 1615 5742 sursum
1644 5674 2007 5761 deorsumque

564 5757 674 5797 ere.

496 5809 607 5884 uti)
634 5810 797 5872 Forte
827 5816 872 5870 si
906 5816 981 5875 δέ.

2117 4615 2387 4683 modaret,
2427 4631 2592 4687 quam
2637 4618 2867 4688 ipsemet
2912 4620 3071 4690 periti
3110 4621 3392 4679 luctatoris
3423 4638 3575 4683 more
3602 4641 3703 4680 au-

2117 4722 2234 4762 sam
2276 4708 2534 4777 dederat,
2578 4726 2641 4767 ea
2674 4713 3024 4783 postmodum
3071 4715 3191 4786 ipsa
3237 4716 3507 4774 vincebat.
3557 4717 3698 4777 Dum

2114 4800 2262 4856 enim
2291 4810 2591 4875 utrumque
2604 4819 2702 4876 pro
2719 4806 3214 4865 verisimilitudiuis
3230 4809 3488 4880 utrinque
3502 4818 3701 4865 nutan-

2113 4892 2184 4949 tis
2229 4894 2445 4951 ratione
2497 4897 2872 4964 concedebat,
2927 4911 3182 4955 neutrum
3238 4899 3421 4960 'simul
3470 4902 3697 4961 ﬁrmiter

2112 4987 2504 5056 comprehendi
2534 5003 2696 5059 posse
2724 4989 2960 5048 dicebat.
3001 4991 3115 5048 Fur
3139 5008 3270 5064 ergo
3307 4993 3698 5065 praestigiator-

2111 5092 2219 5153 que
2265 5077 2367 5134 fuit
2419 5079 2661 5136 Arcesila
2713 5066 2986 5139 solertior.
3043 5083 3119 5140 Ita
3161 5086 3442 5141 enimvero
3492 5085 3693 5141 falsum

2113 5170 2356 5242 aliquod,
2416 5172 2673 5242 quodque
2720 5175 3126 5246 percipiebatur
3172 5178 3477 5247 phantasia:
3516 5178 3697 5248 perci-

2111 5262 2284 5337 pieuti
2309 5263 2487 5319 simile
2516 5264 2848 5337 adjuugebat
2866 5308 2883 5333 ,
2909 5276 2968 5322 ut
2991 5269 3142 5338 paria
3175 5271 3500 5342 geminaque
3529 5270 3695 5327 ambo

2182 5481 2295 5551 (47)
2340 5482 2617 5564 Σφοδρῷς
2641 5484 2833 5564 ῥέων.
2868 5486 2995 5543 Haec
3026 5489 3340 5561 glossemati
3375 5492 3690 5564 simillima,

2109 5565 2231 5606 cum
2306 5554 2537 5608 mcedat
2559 5554 2784 5626 ῥοώδης.

2180 5568 2302 5761 (48$
2323 5621 2482 5676 Forte
2504 5623 2581 5677 δέ.

2180 5690 2269 5759 (49
2341 5692 2449 5745 Καὶ
2491 5693 2784 5761 ἐμέμνητο

2180 5690 2292 5777 μθ)
2341 5692 2449 5777 Ιςαί
2491 5693 2829 5777 ἐμέμνητο...
2852 5697 3300 5777 ιοςρειάιηηῌκαὶ
3336 5702 3436 5757 οὐκ
3464 5703 3687 5777 tusus...

2108 5762 2212 5825 vel,
2248 5762 2657 5848 quod‘qu‘idelr‘n
2703 5762 3017 5829 ἰιιίιιίιιιξοῧ
3047 5771 3389 5844 προδέδοκτο,
3425 5762 3517 5830 καὶ
3549 5762 3684 5848 {pto-

2112 5848 2298 5905 μνη-το,
2329 5831 2470 5889 ἑκὼν
2505 5836 2717 5906 ἠμέλει.
