4144 6484
433 410 577 464 1215

1077 408 1344 465 EUSEBII
1383 408 1864 466 CxESAlilENSIS
1900 409 2054 465 OPP.
2094 409 2275 465 PARS
2325 409 2389 465 ll.
2423 408 3014 465 ——APOLOGETICA.
3046 436 3059 447 π

3548 404 3687 460 1216

429 550 555 588 cum
586 535 925 602 ostenderet,
965 537 1125 589 simul
1155 550 1254 589 nec
1291 534 1624 591 veio‘locum
1664 536 1831 588 ullum
1853 577 1868 602 ,
1903 551 2005 590 nec

2119 535 2508 605 ὲδημοσίευσεν,
2564 533 2664 587 οὐκ
2724 534 2781 585 ἐν
2834 534 2953 594 ταῖς
3008 528 3331 601 διατριϐαῖς,
3355 530 3456 582 οὐκ
3487 530 3545 583 ἐν
3571 532 3685 592 τοῖς

432 626 570 681 falso
599 628 952 696 relinqueret,
996 636 1092 681 aut
1123 635 1375 680 neutrum
1410 627 1581 680 altero
1608 626 1789 695 potius
1815 642 2001 680 verum

431 732 554 769 esse
589 715 856 770 falsumve
891 726 1190 786 pateretur,
1229 727 1323 770 aut
1370 717 1416 771 si
1449 717 1771 771 alterutrum
1801 717 2001 785 potius,

433 808 483 860 id
515 816 691 860 tamen
728 824 832 861 non
865 809 969 862 nisi
1004 807 1385 878 probabilitate
1440 818 1597 862 tenus
1621 808 1889 879 ejusmodi
1924 810 2003 862 vi—

433 897 673 950 deretur.
718 896 961 953 Somniis
1005 912 1136 967 ergo
1187 899 1399 952 somnia
1442 898 1839 966 succedebant,
1872 898 2001 952 dum

433 987 575 1041 veris
625 988 789 1042 etiam
827 988 960 1043 visis
1007 988 1395 1044 falsarsimilia
1451 991 1818 1060 putabantur,
1869 1006 2010 1060 quoq

435 1083 596 1137 modo
643 1084 687 1139 si
718 1084 803 1138 ovi
844 1078 1209 1139 'eerei‘visum
1254 1101 1376 1139 cum
1414 1100 1541 1139 vero
1572 1100 1674 1139 ovo
1708 1100 2007 1155 componaa

435 1184 544 1227 tur.
587 1173 935 1230 lncommoda
966 1177 1080 1231 haec
1107 1176 1272 1247 igitur
1298 1176 1512 1246 aliaque
1540 1177 1693 1245 plura
1726 1178 2006 1245 continge-

437 1264 608 1318 bant.~
646 1267 716 1319 At
744 1267 1024 1319 enimvero
1052 1267 1361 1323 Carneades
1415 1267 1643 1331 interea,
1673 1266 1888 1321 dicendi
1918 1266 2005 1321 fa-

434 1356 635 1411 cultate
662 1356 966 1411 auditorem
1011 1359 1380 1428 permulcebat
1413 1360 1553 1414 idem
1575 1401 1590 1425 ,
1640 1358 1891 1428 idemque
1918 1374 2005 1413 ca-

436 1447 642 1515 ptivum
675 1448 923 1503 trahebat
953 1467 965 1502 :
1005 1458 1060 1503 et
1087 1450 1176 1503 fur
1206 1450 1450 1513 occulte,
1482 1448 1769 1505 manifeste
1799 1452 2001 1519 przedo,

435 1540 520 1592 vel
542 1538 737 1595 fraude
764 1540 846 1594 vel
879 1550 1060 1610 aperta
1092 1541 1140 1594 vi
1171 1542 1574 1611 paratissimum
1614 1541 1778 1595 etiam
1808 1557 2005 1611 quemc

434 1648 541 1701 que
587 1631 857 1701 capiebat.
910 1633 1101 1688 Omnis
1163 1635 1362 1703 quippe
1411 1633 2006 1689 Carneadis‘vincebat

430 1721 643 1791 opinio,
673 1721 779 1776 alia
806 1722 1097 1791 cujuslibet
1132 1723 1278 1778 nulla
1309 1740 1568 1793 prorsus,
1602 1740 1725 1779 cum
1757 1725 2004 1779 adversa-

436 1814 549 1868 rios
579 1828 772 1871 omnes
804 1814 962 1885 longe
986 1816 1217 1870 dicendo
1251 1816 1533 1873 inferiores
1578 1818 1819 1871 haberet.
1860 1817 2008 1870 Anti—

2108 623 2448 695 περιπάτοις,
2479 621 2596 675 οὐδὲ
2621 616 2792 685 εἶπεν,
2820 620 2939 673 οὐδὲ
2972 619 3291 695 ἐφθᾷγξατο,
3342 617 3448 671 οὐδ’
3483 618 3685 690 ῆκουσὲ

2107 732 2191 777 τις
2218 713 2402 775 αὑτοῦ,
2439 715 2624 782 φασὶν,
2671 710 2792 764 οὐδὲ
2845 711 2971 782 γρῦ·
3003 708 3344 779 ἀντιγραφάς
3386 707 3443 761 δὲ
3490 709 3687 761 ἐπανε-

2106 805 2329 868 τείνετο,
2350 804 2446 858 καὶ
2467 802 2668 871 γωνίαν
2696 800 2897 868 λαϐὼν,
2957 800 3135 872 βιϐλία
3161 799 3421 854 κατέλιπε
3469 799 3689 870 γράψας

2106 899 2219 958 τοῖς
2249 894 2492 965 ὕστερον,
2520 893 2643 946 οὔτε
2674 894 2766 948 νῦν
2788 892 3080 963 δυνάμενα,
3128 891 3223 945 καὶ
3249 891 3370 944 τότε
3413 887 3690 943 ἀδυνατώ-

2107 1004 2240 1057 τερα
2264 986 2401 1056 πρὸς
2427 985 2594 1047 οὕτως
2629 985 2799 1055 ἄνδρα
2823 984 3141 1055 ὑπέρμεγαν
3180 983 3434 1051 φανέντα,
3472 981 3568 1035 καὶ
3588 996 3691 1034 κα-

2109 1075 2403 1140 ταδόξαντα
2439 1070 2577 1128 εἶναι
2609 1079 2719 1138 τοῖς
2740 1075 2861 1128 τότε
2888 1073 3195 1145 ἀνθρώποις
3224 1074 3313 1128 τὸν
3342 1072 3685 1143 Καρνεάδην.

2112 1170 2300 1239 Ὅμως
2320 1169 2398 1231 δὲ,
2426 1169 2601 1222 καίτοι
2630 1169 2826 1232 καύτὸς
2847 1167 2951 1221 ὑπὸ
2975 1166 3222 1237 Στωῖκῆς
3247 1166 3580 1235 φιλονεικίας
3608 1167 3699 1229 εἰς

2107 1261 2169 1313 τὸ
2197 1260 2427 1332 φανερὸν
2448 1260 2654 1326 κυκῶν,
2682 1261 2818 1333 πρός
2845 1277 2911 1330 γε
2938 1263 3064 1324 τοὺς
3111 1260 3304 1314 ἑαυτοῦ
3344 1261 3596 1332 ἑταίρους
3619 1260 3689 1314 δι’

2109 1352 2434 1422 ἀπορρήτων
2464 1352 2731 1422 ὡμολόγει
2776 1369 2838 1405 τε
2881 1352 2976 1406 καὶ
3015 1350 3267 1422 ἠλήθευε,
3306 1352 3402 1404 καὶ
3450 1351 3699 1421 ἀπεφαίέ

2110 1463 2248 1508 νετο,
2279 1444 2314 1499 ἃ
2352 1444 2454 1499 κᾶν
2476 1444 2631 1509 ἄλλος
2650 1443 2762 1499 τῶν
2791 1444 3202 1515 ἐπιτυχόντων.»
3229 1438 3361 1496 Εἶτα
3385 1442 3512 1514 ἐξῆς
3533 1459 3689 1514 φησιο

2117 1558 2135 1590 Ι
2170 1539 2479 1609 Καρνεάδου
2534 1539 2591 1592 δὲ
2653 1539 2863 1608 γίνεται
2918 1536 3192 1609 γνώριμος
3239 1537 3471 1609 Μέντωρ
3513 1536 3612 1608 μὲν
3659 1539 3692 1590 ὁ

2112 1633 2346 1703 πρῶτος,
2373 1632 2433 1684 οὐ
2496 1632 2600 1704 μὴν
2631 1632 2889 1708 διάδοχος.
2933 1630 3071 1683 Ἀλλῖ
3098 1629 3181 1684 ἔτι
3229 1629 3339 1694 ζῶν
3372 1629 3691 1701 Καρνεάδης

2113 1725 2203 1779 ἐπὶ
2230 1724 2493 1795 παλλακῇ⁴
2510 1725 2693 1795 μοιχὸν
2716 1722 2912 1795 εὑρὼν,
2935 1723 3035 1793 οὐχ
3076 1721 3182 1775 ὑπὸ
3226 1720 3457 1797 πιθανῆς
3487 1738 3691 1789 φαντα-

2114 1819 2255 1882 σίας,
2280 1818 2389 1871 οὐδ’
2407 1818 2482 1881 ὡς
2501 1819 2575 1889 μὴ
2598 1814 2959 1888 κατειληφὼς,
2975 1816 3050 1879 ὡς
3068 1815 3126 1869 δὲ
3150 1814 3387 1886 μάλιστα
3419 1811 3691 1866 πιστεύων

435 1917 590 1974 pater
616 1916 782 1971 certe,
814 1906 962 1962 illius
991 1908 1238 1976 tequalis,
1279 1908 1484 1977 scripto
1514 1908 1779 1964 duntaxat
1803 1909 2011 1979 aliquid

2119 1916 2171 1984 τῇ
2206 1912 2349 1982 ὄψει,
2372 1913 2466 1964 καὶ
2497 1909 2842 1975 καταλαϐὼν,
2870 1910 3227 1982 παρῃτήσατο
3255 1907 3355 1978 τῆς
3383 1904 3709 1977 διατριϐῆς..

437 1998 820 2063 meditabatur,
875 2008 1040 2069 atque
1089 1999 1141 2053 id
1185 2001 1480 2055 admodum
1530 2002 1738 2056 timide.
1776 2001 2012 2056 Namad

441 2103 538 2144 eas
566 2090 989 2159 disputationes,
1019 2107 1156 2160 quas
1182 2107 1209 2144 a
1235 2092 1514 2149 Carneade
1556 2094 1741 2148 haberi
1766 2094 2014 2164 quotidie

436 2180 735 2248 audiebat,
768 2197 1046 2252 nunquam
1076 2184 1127 2236 in
1161 2183 1336 2238 lucem
1378 2200 1443 2239 ac
1481 2185 1757 2255 publicum
1787 2187 2016 2255 prodiit,-

438 2284 549 2324 non
600 2270 654 2324 in
700 2270 926 2335 schola,
961 2288 1069 2326 non
1094 2272 1148 2326 in
1186 2274 1739 2329 deambulationevel
1773 2276 1940 2329 hilum
1979 2278 2014 2331 ai

436 2376 738 2432 quoquam,
780 2372 839 2417 ut
870 2364 1026 2418 aiunt
1055 2406 1070 2429 ,
1111 2379 1359 2421 mussare
1390 2381 1631 2436 unquam
1660 2367 1879 2422 auditus
1905 2376 2006 2422 est.

438 2452 654 2523 Scripta
684 2454 860 2510 solum
887 2457 1132 2525 quaedam
1168 2458 1386 2511 eminus
1406 2457 1741 2524 intentabat,
1772 2467 1826 2513 et
1847 2473 2018 2529 angua

440 2547 524 2601 los
551 2547 895 2618 latebrasque
924 2558 1149 2618 captans
1172 2592 1188 2615 .,
1212 2550 1381 2604 libros
1410 2559 1636 2603 tantum
1673 2551 2019 2620 posteris-re—

438 2640 754 2710 linquebat,
807 2657 997 2697 verum
1029 2642 1336 2713 ejusmodi,
1369 2642 1462 2713 qui
1491 2657 1559 2698 ne
1596 2656 1747 2698 nunc
1769 2643 2008 2714 quidem,

441 2740 557 2787 tum
587 2747 718 2789 vero
742 2734 915 2789 multo
936 2735 1118 2791 minus
1142 2735 1478 2789 Carneadem
1510 2734 1681 2802 illum,
1710 2735 1807 2805 qui
1826 2740 2017 2789 tantus

439 2839 509 2880 ac
533 2834 643 2880 tam
673 2825 1015 2881 admirabilis
1048 2826 1169 2895 ejus
1208 2827 1305 2880 ιηνὶ
1358 2825 1675 2881 hominibus
1706 2826 2013 2890 videbatur,-

439 2911 715 2967 sustinere
744 2922 988 2982 possent.
1040 2913 1107 2969 Et
1135 2924 1316 2971 tamen
1360 2915 1632 2985 ille-ipse,
1676 2914 1770 2985 qui
1800 2914 2013 2971 Stoicos

439 3005 726 3061 vellicandi
755 3007 939 3063 studio
971 3008 1150 3078 palam
1186 3019 1385 3064 cuneta
1427 3007 1720 3073 miscebat,
1754 3010 1894 3064 clam
1930 3024 2016 3065 so-

440 3103 591 3160 dales
621 3105 762 3160 inter
793 3121 922 3161 suos
945 3104 1134 3161 eadem
1161 3103 1344 3158 omnia
1379 3101 1670 3171 fatebatur,
1686 3117 1923 3173 vereque
1948 3117 2017 3157 ac

2127 2005 2183 2057 '0
2208 2004 2264 2056 δὲ
2320 2002 2562 2066 ἀποστὰς
2603 2001 3040 2069 ἁντεσοφίστευε,
3091 1999 3184 2052 καὶ
3229 1996 3539 2066 ἀντίτεχνος
3596 1990 3711 2066 ἦν,-

2112 2097 2349 2165 ἐλέγχων
2363 2094 2525 2149 αὑτοῦ
2548 2094 2652 2165 ιτὴν
2682 2094 2739 2148 ἐν
2768 2096 2881 2157 τοῖς
2904 2093 3082 2161 λόγοις
3099 2090 3497 2161 ἀκαταληψίαν.
3532 2109 3553 2143 ι
3580 2089 3693 2143 Καὶ

2113 2185 2275 2240 πάλιν
2300 2185 2776 2257 ἐπιφέρει-λέγων’
2817 2203 2841 2251 ι,
2876 2186 2933 2239 Ὀ
2953 2185 3010 2238 δὲ
3039 2185 3380 2257 Καρνεάδης,
3413 2178 3525 2235 οἷον
3545 2184 3711 2236 ἅντε--

2114 2278 2437 2348 στραμμζένα
2462 2276 2784 2348 φιλοσοφῶν,
2813 2280 2924 2340 τοῖς
2966 2276 3239 2348 ψεύμασιν
3271 2274 3692 2339 ἐκαλλωπίζετο,

2113 2367 2205 2421 καὶ
2232 2367 2323 2421 ὑπ’
2362 2368 2544 2432 αὐτοῖς
2569 2369 2639 2421 τά
2667 2368 2841 2441 ἀληθῆ
2888 2369 3140 2439 ἠφάνιζε.
3190 2369 3695 2439 Παραπετάσμασιν

2111 2454 2204 2512 οὖν
2225 2458 2421 2530 ἐχρῆτο
2443 2461 2556 2522 τοῖς
2578 2458 2679 2528 ipse
2689 2476 2845 2529 μασι,
2880 2459 2974 2513 καὶ
2996 2458 3263 2529 ἡλήθευεν
3314 2458 3462 2511 ἔνδον
3495 2457 3693 2512 λανθά-

2112 2567 2218 2607 νων
2250 2548 2715 2620 καπηλικώτερον.
2750 2551 3024 2620 Ἐπασχεν
3053 2545 3145 2603 οὖν
3172 2548 3401 2621 πάθημα
3429 2549 3694 2619 ὀσπρίων,

2112 2635 2187 2695 ὧν
2210 2641 2279 2693 τὰ
2304 2642 2558 2711 μὲνηκενὰ
2583 2640 2901 2706 ἐπιπολάζει
2942 2659 3001 2695 τε
3042 2640 3122 2712 τῷ
3159 2640 3335 2705 ὕδατι,
3363 2642 3460 2695 καὶ⁵
3498 2640 3696 2712 ὑπερέ-

2113 2749 2218 2802 χει,
2258 2731 2326 2785 τὰ
2354 2731 2565 2804 χρηστὰ
2591 2732 2648 2786 δὲ
2671 2732 2850 2786 αὐτῶν
2879 2735 2995 2786 ἐστι
3037 2733 3189 2786 κάτω
3211 2732 3308 2787 καλ⁹
3340 2734 3399 2787 ἐν
3424 2732 3639 2802 ἀφανεῖ.
3671 2752 3691 2784 ο

2118 2824 2304 2879 Ταῦτα
2360 2828 2456 2880 καὶ
2508 2828 2637 2899 περὶ
2691 2827 3004 2900 Καρνεάδου
3053 2829 3290 2898 λέγεται.
3351 2830 3605 2902 Διάδοχος
3650 2832 3696 2885 δ’

2117 2919 2284 2973 αὑτοῦ
2363 2920 2461 2989 τῆς
2532 2921 2811 2993 διατριϐῆς
2895 2921 3219 2976 καθίσταται
3294 2922 3693 2995 Κλειτόμαχος·

2123 3011 2239 3082 μεθ’
2265 3012 2325 3066 ὃν
2368 3012 2571 3080 Φίλων,
2629 3006 2691 3068 οὗ
2744 3015 2872 3086 πέρι
2926 3017 2956 3069 ὁ
3003 3016 3312 3089 Νουμήνιος
3368 3017 3700 3089 μνημονεύει

2118 3121 2310 3159 ταυτα.

437 3205 594 3252 certo
632 3199 1039 3267 pronuntiabat,
1067 3212 1189 3266 qua:
1209 3197 1350 3251 alius
1376 3196 1560 3267 quivis
1586 3212 1615 3251 e
1649 3196 1869 3267 populo.
1914 3215 1933 3247 ι
1956 3195 2165 3263 Quibus
2190 3198 2384 3253 deinde
2408 3198 2559 3253 addit
2589 3216 2605 3252 :
2637 3218 2656 3250 ι
2678 3198 2977 3255 Mentorem
3008 3200 3321 3256 Carneades
3341 3201 3579 3271 primum
3609 3202 3705 3257 ha-

443 3290 563 3344 buit
615 3291 974 3360 discipulum,
1030 3292 1138 3345 nOn
1182 3299 1361 3344 tamen
1402 3302 1795 3345 successorem.
1859 3289 2021 3356 Quod
2052 3291 2197 3345 enim
2245 3292 2398 3346 illum
2450 3291 2632 3348 adhuc
2679 3292 2870 3348 vivens
2907 3308 3031 3348 cum
3055 3292 3245 3364 pellice
3268 3308 3368 3349 sua
3403 3303 3700 3365 repererat,

439 3400 549 3440 non
574 3400 689 3455 jam
718 3387 836 3441 viso
883 3395 1094 3441 tantum
1127 3386 1415 3456 probabili,
1465 3395 1559 3439 aut
1592 3386 1750 3456 quasi
1802 3388 1983 3442 minus
2012 3387 2310 3443 'hominem
2358 3390 2880 3461 comprehenderet,
2928 3399 2985 3446 at
3021 3391 3140 3447 suis
3195 3374 3433 3449 maxime
3472 3393 3704 3449 credens

440 3476 637 3542 oculis,
669 3492 905 3547 eumque
930 3486 1056 3533 vere
1088 3478 1577 3547 comprehenderis,
1613 3480 1733 3550 ejus
1788 3481 2044 3550 deinceps
2081 3495 2301 3551 Operam
2329 3492 2385 3538 et
2424 3483 2876 3540 consuetudinem
2913 3485 3240 3556 repudiavit.
3279 3485 3385 3553 Qui
3420 3501 3451 3540 a
3473 3486 3705 3543 doctore

440 3580 726 3640 propterea
776 3572 1055 3637 deliciens,
1107 3575 1461 3628 mutuis'eum
1511 3575 1602 3627 illo
1651 3577 1880 3647 argutiis
1926 3576 2245 3646 technisque
2273 3594 2534 3649 pugnare,
2574 3595 2805 3651 quaeque
2843 3581 2934 3637 iile
2978 3581 3432 3653 incomprehense
3457 3581 3708 3639 defende-

442 3661 539 3715 bat
556 3676 575 3726 ,λ
599 3676 913 3731 oppugnare
960 3665 1145 3735 coepit.
1195 3683 1212 3716 ι
1253 3665 1415 3736 739
1456 3665 1696 3736 Itemque
1728 3677 1852 3737 post
1886 3668 1993 3723 alia
2020 3679 2039 3722 λε
2069 3688 2087 3720 ι
2130 3672 2441 3726 Carneades
2499 3683 2720 3738 autem,
2767 3674 2861 3749 qui
2906 3675 3179 3731 contraria
3232 3675 3471 3731 vicissim
3519 3676 3707 3733 omnia

442 3751 948 3824 philosopharetur,
994 3756 1368 3825 triumphabat
1418 3757 1471 3809 in
1515 3758 1836 3825 mendaciis,
1875 3760 2073 3830 quibus
2110 3776 2299 3816 verum
2360 3763 2628 3819 abolebat.
2688 3764 3013 3836 Quanquam
3053 3765 3123 3822 iis
3162 3775 3420 3837 tanquam
3447 3782 3709 3838 oppansts

440 3846 774 3921 quihusdam
803 3850 940 3905 velis
986 3850 1277 3917 utebatur,
1339 3863 1464 3905 cum
1497 3850 1641 3905 intro
1695 3850 1917 3907 latitans
1980 3864 2107 3906 vera
2145 3852 2394 3909 callidius
2438 3871 2503 3911 ac
2543 3858 2817 3913 versutius
2862 3858 3196 3928 loqueretur.
3254 3858 3328 3914 lta
3380 3860 3485 3916 hoc
3528 3860 3708 3930 ipsum

444 3945 773 4016 philosopho
804 3941 1103 4008 accidebat,
1144 3945 1288 4014 quod
1328 3944 1382 3998 in
1408 3944 1776 4016 leguminibus
1804 3946 2024 4002 evenire
2055 3949 2210 4011 solet,
2254 3966 2319 4004 ex
2351 3952 2552 4021 quibus
2603 3969 2726 4024 qua:
2749 3954 2932 4009 inania
2978 3966 3108 4011 sunt
3133 3964 3187 4011 et
3208 3971 3402 4020 vacua,
3431 3948 3711 4012 exsistunt

445 4050 513 4093 ac
546 4042 774 4092 summae
831 4052 987 4106 aqua:
1018 4038 1303 4104 innatant,
1339 4055 1462 4092 eum
1506 4039 1709 4109 optima
1772 4055 2002 4111 qumque
2051 4042 2275 4108 lateant,
2320 4055 2373 4099 et
2416 4046 2608 4102 altiore
2640 4046 2809 4103 fundo
2850 4048 3037 4105 clausa
3081 4058 3387 4105 teneantur.
3421 4068 3441 4103 ι
3486 4047 3612 4106 Hac
3641 4049 3709 4106 de

445 4127 729 4184 Carneade
779 4128 997 4199 prodita
1018 4129 1269 4198 legimus.
1317 4128 1366 4186 ls
1407 4131 1806 4187 Clitomachum
1859 4133 2416 4206 artis'docti'inmquc
2470 4154 2842 4197 successorem
2874 4141 3098 4210 habuit;
3132 4141 3417 4198 Philonem
3447 4142 3711 4199 Clitoma-

445 4224 605 4290 chus,
634 4224 699 4279 de
720 4240 831 4296 quo
868 4223 1010 4281 idem
1038 4223 1344 4281 Numenius
1360 4227 1489 4283 'htec
1514 4228 1769 4285 breviter;

986 4321 1422 4396 'CAPu'T’tx.
1508 4326 1511 4331 ’
1674 4321 1681 4329 ’

2136 4360 2142 4365 ~
2666 4326 3065 4380 ΚΕΦΑΛΑῘΟΝ
3100 4325 3157 4379 Θ¹
3166 4368 3176 4378 .

2127 4445 2265 4515 Περὶ
2295 4445 2558 4509 Φίλωνος
2576 4441 2683 4495 τοῦ
2703 4439 3132 4565 διαδεξὲέώνου
3151 4443 3578 4523 Κλειτόμαχον,
3604 4444 3714 4498 τὸν

2236 4514 2666 4565 διίιδεεάιιενον
2696 4518 2891 4565 Καοινε
2970 4527 3070 4565 ην.
3107 4510 3241 4565 Ἀπὸ
3267 4529 3374 4565 του
3393 4514 3598 4565 αὑτοῦ.

448 4451 527 4508 De
545 4451 795 4517 Philone,
820 4426 1137 4526 Clitomachi
1166 4453 1280 4521 ejus
1311 4470 1632 4526 successore,
1665 4454 1755 4525 qui
1783 4452 2022 4509 Carnea-
2127 4445 2271 4526 Περξ
2295 4445 2558 4526 Φζλίέθξθος
2576 4441 2683 4495 τοῦ
2703 4439 3577 4526 εἶιαδεξεῖέιένοῇΚιζειτρμαχονλ

2236 4514 2666 4583 διαδεξάμενον
2696 4510 3070 4580 Καρνεάδην.
3107 4510 3241 4565 Ἀπὸ
3267 4510 3374 4565 τοῦ
3393 4510 3598 4568 αὗτοῦ.

838 4524 957 4577 dem
979 4533 1268 4591 exceperat.
1320 4522 1403 4577 Ea:
1425 4529 1627 4579 eodem.

450 4600 455 4605 ’
524 4633 545 4667 ι
580 4613 737 4669 Philo
770 4616 893 4680 iste,
946 4616 1146 4686 inquit,
1192 4616 1462 4687 principio
1514 4618 1733 4687 quidem
1783 4610 1908 4672 cum
1956 4609 2023 4671 ab

450 4715 673 4776 accepta
734 4706 935 4762 schola:
984 4705 1310 4777 praefectura
1374 4724 1566 4763 recens
1627 4708 1810 4765 adhuc
1854 4718 2023 4774 esset,

450 4792 638 4851 laetitia
664 4795 1074 4851 vehementiore
1118 4797 1426 4867 perculsus,
1474 4812 1539 4852 ac
1567 4796 1868 4854 referendae
1905 4815 2026 4867 gra-

450 4880 542 4942 tiae
588 4888 945 4958 percupidus,
981 4885 1309 4943 Clitomachi
1359 4880 1577 4943 decreta
1612 4889 1828 4953 colere,
1874 4890 2027 4944 illus-

452 4980 596 5034 trare
639 4980 813 5049 magis
842 4987 1006 5049 atque
1048 4979 1247 5048 magis,
1300 4978 1518 5034 Stoicos
1554 4988 1736 5035 autem
1780 4980 2027 5033 radiante

454 5069 709 5124 lacessere
765 5070 928 5140 ferro.
968 5070 1040 5124 At
1087 5086 1383 5141 progressu
1419 5071 1703 5142 temporis,
1753 5087 1878 5127 cum
1925 5087 2026 5126 usu

456 5159 779 5232 quotidiano
827 5162 1283 5217 Academicorum
1344 5162 1435 5215 illa
1491 5161 1723 5217 retentio
1766 5161 2027 5232 paulatim

454 5259 841 5319 evanesceret,
884 5252 1021 5306 nihil
1055 5251 1169 5323 jam
1215 5268 1318 5309 suo
1361 5252 1590 5322 pristino
1637 5267 1792 5307 more
1837 5252 2032 5307 sentie-

457 5343 586 5408 bat,
631 5343 724 5398 sed
788 5343 965 5413 ipsum
1023 5343 1076 5398 in
1143 5342 1474 5398 contrariam
1534 5342 1762 5397 omnino
1820 5351 2029 5411 partem

457 5436 812 5490 convertebat
858 5436 975 5506 ipsa
1031 5451 1260 5491 casuum
1317 5445 1373 5491 et
1430 5436 1702 5490 malorum
1758 5436 2031 5490 evidentia

460 5533 625 5595 atque
679 5524 977 5581 confessio.
1013 5524 1091 5581 Ita
1138 5542 1264 5581 cum
1293 5526 1558 5596 pleraque
1600 5535 1751 5580 certo
1781 5525 1895 5595 jam
1926 5526 2035 5595 pla-

459 5634 636 5688 neque
663 5619 967 5689 perciperet
985 5656 1001 5684 ,
1031 5619 1295 5675 exsistere
1324 5627 1535 5673 tantum
1569 5618 1822 5673 videlicet
1849 5634 1880 5673 a
1911 5619 2035 5689 qui-

2204 4627 2223 4660 ι
2275 4609 2333 4660 Ὁ
2365 4606 2422 4661 δὲ
2453 4606 2626 4660 Φίλων
2665 4606 2772 4677 ἄρα
2798 4597 2977 4671 οὗτος,
3034 4603 3155 4676 ἄρτι
3191 4604 3311 4674 ’μὲν
3355 4604 3714 4679 ἐκδεξάμενος

2130 4699 2227 4771 τὴν
2250 4696 2554 4770 διατριϐὴν,
2575 4698 2679 4751 ὑπὸ
2699 4697 2980 4768 χαρμονῆς
3010 4695 3403 4766 ἐξεπέπληκτο,
3439 4699 3535 4752 καὶ
3552 4698 3714 4770 χάριν

2131 4774 2417 4853 ἀποδιδοὺς
2448 4787 2770 4861 ἐθεράπευε,
2809 4788 2902 4841 καὶ
2956 4787 3027 4840 τὰ
3056 4787 3351 4859 δεδογμένα
3372 4787 3451 4859 τῷ
3487 4789 3714 4843 Κλειτο-

2137 4882 2295 4953 μάχῳ
2324 4876 2477 4954 ηὖξε,
2505 4882 2600 4935 καὶ
2642 4884 2755 4944 τοῖς
2785 4881 3045 4943 Στωϊκοῖς
3094 4880 3465 4949 ἐκορύσσετο
3493 4880 3715 4949 νώροπι

2132 4972 2360 5043 χαλκῷ.
2412 4973 2500 5036 Ὧς
2527 4973 2585 5027 δὲ
2610 4973 2889 5043 προϊόντος
2943 4972 3042 5043 μὲν
3069 4971 3165 5025 τοῦ
3221 4973 3438 5043 χρόνου,
3468 4971 3715 5041 ἐξιτήλου

2134 5063 2180 5117 δ’
2206 5062 2315 5116 ὑπὸ
2339 5063 2624 5134 συνηθείας
2647 5062 2815 5135 οὔσης
2839 5062 3019 5117 αὐτῶν
3050 5062 3150 5133 τῆς
3181 5062 3406 5133 ἐποχῆς,
3432 5061 3584 5115 οὐδὲν
3615 5062 3714 5129 μὲν

2135 5153 2279 5208 κατὰ
2298 5153 2367 5208 τὰ
2396 5154 2537 5208 αὐτὰ
2557 5153 2736 5226 ἐαυτῷ
2762 5155 2920 5220 ἐνόει,
2955 5155 2988 5225 ἡ
3013 5154 3071 5208 δὲ
3095 5153 3202 5207 τῶν
3232 5153 3572 5224 παθημάτων
3620 5154 3718 5206 αὐ-

2135 5247 2226 5301 τὸν
2268 5246 2596 5317 ἀνέστρεφεν
2645 5247 2902 5321 ἐνάργειά
2946 5263 3004 5300 τε
3055 5248 3149 5302 καὶ
3201 5246 3479 5317 ὁμολογία.
3510 5246 3719 5318 Πολλὴν

2136 5339 2250 5410 δῆτ’
2275 5339 2414 5411 ἔχων
2465 5340 2566 5411 ἤδη
2627 5340 2725 5411 τὴν
2788 5340 3122 5410 διαίσθησιν,
3178 5339 3609 5411 ὑπερεπεθύμει,
3651 5334 3713 5393 εὖ

2138 5432 2272 5487 οἶσθ’
2316 5433 2396 5485 ὅτι
2417 5471 2431 5494 ,
2486 5431 2594 5486 τῶν
2646 5432 2973 5501 ἐλεγξόντων
3020 5435 3223 5503 τυχεῖν,
3274 5433 3362 5485 ἵνα
3411 5432 3487 5502 μὴ
3540 5431 3715 5487 ἐδόκει

2144 5523 2280 5594 μετὰ
2307 5522 2455 5578 νῶτα
2494 5521 2671 5593 βαλὼν
2724 5524 2888 5588 αὐτὸς
2946 5523 3087 5578 ἑκὼν
3116 5525 3359 5594 φεύγειν.
3402 5525 3637 5591 Φίλωνος
3662 5526 3719 5580 δὲ

2141 5616 2347 5684 γίνεται
2379 5614 2649 5687 ἀκουστὴς
2709 5616 2999 5688 Ἀντίοχος,
3044 5618 3237 5689 ἐτέρας
3262 5617 3434 5690 ἄρξας
3491 5618 3720 5689 Ἀκαδη-

460 5711 566 5767 bus
598 5710 1043 5777 convinceretur,
1094 5726 1441 5781 summopere
1468 5712 1756 5781 cupiebat,
1788 5728 1858 5767 ne
1883 5721 2015 5781 terg:

2140 5708 2288 5778 μίας.
2311 5708 2626 5779 Μνησάρχῳ
2652 5706 2781 5777 γοῦν
2802 5709 2879 5780 τῷ
2900 5709 3124 5780 Στωϊκῷ
3176 5709 3466 5780 σχολάσας,
3500 5711 3720 5764 ἐναντία

463 5804 609 5859 ultro
663 5802 892 5859 vertisse
946 5802 1259 5874 fugisseque
1305 5803 1597 5860 videretur.
1643 5802 1817 5875 Hujus
1867 5820 2029 5876 porro

2134 5803 2323 5857 Φίλωνι
2344 5800 2421 5873 τῷ
2442 5800 2723 5871 καθηγητῇ
2751 5802 3032 5871 ἐφρόνησε,
3056 5802 3221 5873 μυρία
3247 5819 3304 5855 τε
3332 5801 3454 5869 ξένα
3476 5802 3719 5875 προσῆψε
