4144 6420
388 355 522 411 12W

1512 348 1834 406 PRzEPAR.
1879 346 2128 403 EVANG.
2174 344 2302 400 LIB.
2342 344 2481 402 XIV.

3507 350 3647 407 1218

378 476 446 545 τῇ
485 471 809 543 Ἀκαδημίᾳ.
853 491 872 523 ι
903 469 1087 526 Ταῦτα
1115 470 1210 524 καὶ
1236 468 1598 540 παραπλήσια
1620 467 1831 530 τούτοις
1867 483 1961 537 μυ-

2069 461 2308 517 Philonis
2341 463 2560 517 auditor
2601 461 2705 518 fuit
2731 462 3056 543 Antiochus,
3109 480 3265 538 nova:
3310 475 3497 537 postea
3529 468 3646 522 fun-

383 564 475 637 ρία
504 565 605 636 τῆς
636 563 917 626 Πλάτωνος
943 562 1068 634 περὶ
1089 561 1335 631 διαδοχῆς
1367 558 1781 631 μνημονεύεται.
1821 557 1959 629 Ὥρα

382 655 429 709 δ’
460 649 575 716 οὖν,
596 651 803 707 ἄνωθεν
827 652 919 705 τόν
942 651 1098 719 λόγον
1126 648 1512 714 ἀναλαϐόντας,
1560 647 1674 701 τῶν
1706 645 1957 700 Φυσικῶν

379 746 685 815 φιλοσόφων
711 745 810 809 τὰς
837 743 1182 814 ψευδοδοξίας
1210 742 1345 813 ὁμοῦ
1374 742 1468 796 καὶ
1507 740 1808 805 ἁντιδοξίας
1837 734 1959 793 ἐπι-

381 836 705 907 σκέψασθαι·
734 835 783 889 οἳ
803 835 902 906 τὴν
935 833 1135 904 πολλὴν
1162 832 1266 903 γῆν
1308 831 1690 902 πλανηθέντες,
1744 817 1840 884 καὶ
1861 820 1958 902 τὴν

377 926 472 980 τοῦ
524 927 758 1000 ἀληθοῦς
815 925 1031 997 εὕρεσιν
1078 924 1209 996 περὶ
1261 923 1515 977 πλείστου
1566 922 1958 994 πεποιημένοι,

379 1020 499 1081 ταῖς
519 1034 581 1071 τε
609 1017 716 1070 τῶν
746 1016 987 1070 παλαιῶν
1018 1015 1269 1069 ἁπάντων
1286 1011 1464 1078 δόξαις
1491 1013 1958 1085 καθωμιληκότες,

380 1110 476 1165 καὶ¹
490 1108 748 1182 τάκριϐὲς
776 1111 875 1179 τῆς
896 1107 1047 1179 παρὰ
1071 1109 1202 1161 πᾶσι
1216 1106 1414 1170 Φοίνιξί
1428 1123 1489 1159 τε
1507 1106 1602 1159 καὶ
1623 1106 1959 1175 Αἰγυπτίοις,

381 1199 565 1262 αὐτοῖς
600 1216 663 1251 τε
687 1196 914 1268 Ἕλλησι
955 1195 1089 1249 πολὺ
1141 1195 1405 1267 πρότερον
1433 1192 1710 1261 θεολογίας
1742 1192 1973 1263 ἐξηκριο,

382 1276 640 1353 ϐωκὸτες,
676 1289 796 1341 τίνα
821 1278 930 1341 τῶν
957 1277 1143 1340 πόνων
1182 1282 1274 1338 τὸν
1308 1284 1520 1355 καρπὸν
1554 1282 1797 1361 εὕροντο,
1831 1284 1979 1357 παρ”κ

380 1380 559 1436 αὐτῶν
593 1380 741 1448 ἀξιον
770 1367 1023 1446 ἀκοῦσαι,
1062 1379 1137 1442 ὡς
1166 1377 1230 1432 ἂν
1263 1378 1525 1449 μάθοιμεν
1579 1376 1633 1429 εῖ
1659 1394 1710 1429 τι
1737 1376 1963 1447 θεοπρε-

381 1472 482 1536 πές
506 1472 587 1535 εἰς
632 1471 830 1534 αὐτοὺς
885 1470 1036 1541 παρά
1087 1468 1196 1522 τῶν
1252 1467 1639 1541 πρεσϐυτέρων
1669 1465 1959 1537 κατῆλθεν.

394 1561 647 1634 Ἔκράτει
675 1561 774 1634 μὲν
795 1562 903 1633 γὰρ
933 1560 1197 1633 πρὰτερον
1226 1560 1290 1641 ἐκ
1335 1557 1564 1612 παλαιοῦ
1594 1556 1786 1621 αἰῶνος
1812 1556 1963 1630 παρά

290 1700 293 1703 ,
380 1658 493 1720 τοῖς
517 1653 726 1711 ἔθνεσιν
773 1656 807 1726 ἡ
863 1651 1122 1716 πολύθεος
1151 1650 1563 1722 δεισιδαιμονία,
1610 1649 1715 1721 νεῴ
1766 1668 1825 1703 τε
1868 1651 1964 1703 καὶ

384 1748 659 1820 μυστήρια
688 1746 809 1829 ἱερά
832 1746 940 1800 τῶν
962 1744 1101 1799 θεῶν
1126 1736 1268 1798 κατά
1296 1743 1478 1808 πόλεις
1505 1742 1597 1796 καὶ
1620 1741 1803 1814 χώρας
1838 1758 1963 1797 συν-

2063 553 2222 607 dator
2265 553 2572 607 Academia:
2616 577 2629 609 ;
2679 556 2773 624 qui
2815 554 3138 611 Mnesarcho
3185 558 3370 629 Stoico
3423 573 3646 628 Operam

2066 661 2192 700 cum
2235 645 2515 708 dedisset,
2571 654 2624 699 et
2672 662 2702 700 a
2757 647 3022 717 magistro
3075 647 3304 703 Philone
3342 642 3644 714 dissensit,

2065 741 2121 789 et
2181 733 2356 803 aliena
2421 735 2817 805 peregrinaque
2890 749 3145 792 sexcenta
3201 738 3509 795 Academiae
3571 751 3648 797 at-

2065 825 2257 879 texuit.
2296 843 2315 875 ι
2346 822 2497 878 Haec
2539 825 2758 895 aliaque
2814 826 2865 880 id
2917 842 3091 897 genus
3134 828 3349 884 inﬁnita
3403 829 3472 884 de
3523 831 3645 888 Pla-

2065 918 2209 973 tonis
2234 917 2584 972 successione
2612 918 2922 973 traduntur.
2954 918 3110 975 Nunc
3136 922 3304 993 igitur
3330 926 3493 982 altius
3517 943 3639 983 ora-

2065 1008 2211 1061 tione
2249 1007 2499 1077 repctita,
2545 1010 2896 1079 physicorum
2942 1010 3172 1067 istorum
3216 1004 3414 1084 partim
3451 1016 3645 1082 falsas,

2064 1098 2260 1167 partim
2290 1099 2601 1163 contrarias
2630 1113 3049 1173 pugnantesque
3093 1107 3395 1163 sententias
3423 1109 3648 1175 diligen-

2066 1184 2176 1244 tius
2206 1200 2461 1263 excutere
2478 1192 2682 1263 juverit
2706 1212 2719 1248 :
2747 1209 2980 1264 cumque
3003 1204 3214 1252 tantum
3244 1199 3346 1269 ipsi
3379 1210 3644 1257 terrarum

2064 1274 2321 1350 Obierint,
2378 1293 2532 1340 tanto
2572 1272 2810 1341 arserint
2864 1286 3227 1359 investigandi
3277 1292 3653 1371 veristudin,

2065 1384 2213 1430 tanta
2243 1377 2298 1430 in
2327 1378 2699 1447 expendendis
2727 1390 2971 1435 veterum
3016 1384 3261 1437 omnium
3296 1386 3649 1455 opinionibus

2066 1468 2388 1524 assiduitate
2419 1471 2622 1526 versati
2652 1471 2783 1537 sint,
2821 1473 3058 1544 denique
3089 1486 3240 1533 tanto
3279 1490 3406 1535 ante
3453 1498 3648 1538 recon-

2065 1558 2176 1614 dita
2202 1548 2449 1630 quaeque
2469 1562 2715 1617 omnium
2743 1565 2823 1619 vel
2848 1564 3169 1622 Phwnicnm
3193 1610 3207 1635 ,
3260 1572 3342 1625 vel
3370 1572 3649 1646 IEgyptio-

2064 1652 2210 1716 r'nm,
2239 1652 2403 1725 740
2435 1655 2865 1741 vel'Graecorum
2913 1659 3158 1730 ipsorum
3191 1648 3478 1738 theologiae
3529 1684 3647 1741 my-

2067 1744 2231 1827 steria
2259 1754 2368 1800 tam
2411 1739 2667 1805 accurate
2695 1752 3061 1835 perviderint;
3093 1771 3282 1811 verum
3313 1759 3502 1830 utique
3533 1739 3649 1816 fue-

382 1840 529 1911 ήθως
570 1837 741 1909 ’παρά
770 1826 935 1890 πᾶσιν
969 1835 1348 1907 ἐφυλάττοντο.
1384 1834 1458 1887 Οὐ
1491 1833 1556 1905 δὴ
1604 1828 1697 1886 οὖν
1724 1833 1846 1886 οὐδὲ
1877 1850 1965 1902 φι-

2069 1824 2157 1902 rit,
2189 1853 2350 1907 quem
2398 1840 2612 1895 tandem
2641 1824 2889 1897 laborum
2926 1860 3151 1901 suorum
3196 1847 3437 1905 fructum
3461 1867 3651 1909 conse-

381 1930 637 2000 λοσοφίας
664 1928 1010 2002 ἀνθρωπίνης
1028 1923 1094 2000 ἦν
1123 1926 1300 1999 χρεία,
1319 1927 1367 1979 εἰ
1392 1925 1456 1998 δὴ
1482 1926 1551 1979 τὰ
1565 1925 1662 1997 τῆς
1685 1924 1964 1995 θεοσοφίας

383 2022 725 2094 προειλήφειο
756 2021 866 2075 οὐδ’
886 2014 963 2092 ἦν
986 2037 1069 2083 τις
1099 2017 1310 2090 ἀνάγκη
1362 2021 1701 2090 καινοτομεῖν
1727 2018 1852 2082 τοὺς
1878 2034 1971 2072 σοε

381 2104 535 2187 φοὺς,
559 2117 606 2168 εἰ
639 2113 797 2187 δὴτά
846 2113 960 2186 ’τῶν
1002 2113 1282 2185 προγόνων
1328 2112 1512 2175 αὐτοῖς
1557 2107 1615 2165 εὖ
1656 2110 1849 2182 ἔχοντα
1874 2106 1962 2183 ἦν·

381 2208 498 2263 ἀλλ’
519 2188 642 2261 οὐδέ
667 2204 977 2271 στασιάζειν
1003 2206 1097 2260 καὶ
1133 2203 1484 2275 διαφέρεσθαι
1513 2202 1638 2266 τοὺς
1684 2201 1979 2283 γενναίους,

383 2299 724 2371 φιλοσόφους,
750 2300 800 2351 εἰ
841 2298 906 2369 δὴ
956 2296 1243 2368 σύμφωνος
1281 2297 1376 2351 καὶ
1429 2287 1695 2368 ἀληθὴςή
1737 2294 1965 2366 πάτριος

381 2393 566 2457 αὐτοῖς
592 2393 718 2464 περὶ
744 2391 883 2446 θεῶν
910 2391 1037 2455 δόξα
1064 2391 1358 2462 τυγχάνειν
1406 2388 1779 2460 δεδοκίμαστο.
1818 2387 1883 2439 Τί
1906 2385 1965 2438 δὲ

381 2484 490 2538 ἔδει
519 2483 774 2556 πολεμεῖν
801 2482 1070 2554 ἀλλήλοις,
1105 2482 1199 2535 καὶ
1227 2477 1519 2551 μάχεσθαι,
1551 2477 1584 2549 ἢ
1620 2476 1719 2548 τὴν
1747 2474 1963 2548 μακράν

382 2578 500 2633 ὁδὸν
528 2578 640 2633 ἄνω
669 2577 760 2630 καὶ
785 2576 936 2630 κάτω
994 2572 1370 2646 περιτρέχειν,
1424 2568 1726 2624 πλανᾶσθαί
1771 2586 1829 2621 τε
1872 2569 1966 2622 καὶ

382 2672 450 2726 τὰ
485 2670 772 2742 βαρϐάρων
819 2666 1117 2738 ὑποσυλᾷν,
1161 2665 1300 2719 οἴκοι
1341 2664 1459 2717 δέον
1509 2656 1771 2735 μένοντας
1814 2660 1967 2733 παρά

383 2757 521 2812 θεῶν
538 2757 916 2830 ἐκμανθάνειν,
944 2758 992 2810 εί
1022 2755 1085 2827 δή
1112 2771 1256 2817 τινες
1281 2748 1419 2824 ἦσαν
1441 2752 1574 2815 θεοὶ,
1606 2752 1639 2824 ἢ
1677 2751 1825 2824 παρά
1857 2750 1985 2805 τῶν’

382 2852 645 2921 θεολόγων
678 2846 909 2920 ἀνδρῶν,
939 2849 1063 2912 τοὺς
1091 2845 1311 2919 ἀληθεῖς
1329 2845 1423 2900 καλ⁸
1446 2836 1821 2929 ἀδιαπτώτους
1842 2844 1968 2915 περὶ

380 2947 491 3000 τῶν
520 2943 963 3016 ἐπιζητουμένων
1016 2941 1074 2995 ἐν
1121 2939 1408 3011 φιλοσοφίᾳ
1446 2937 1658 3006 λόγους,
1713 2936 1843 3009 περὶ
1890 2929 1965 2989 ὧν

384 3018 551 3107 μυρία
585 3014 686 3088 ὅσα
749 3034 1117 3105 μοχθήσαντες
1179 3029 1561 3101 διηνέχθησαν,
1622 3029 1816 3100 μακρῷ
1866 3014 1991 3098 τῆς⁹

378 3118 646 3199 τάληθοῦς
678 3125 948 3197 εὑρέσεως
976 3124 1489 3195 ἁφυστερήσαντες;
1520 3121 1585 3174 Τί
1623 3121 1680 3174 δὲ
1708 3121 1802 3175 καὶ
1836 3108 1971 3229 ⁸ι’Ξερΐ
1992 3169 2036 3229 c

380 3220 517 3275 θεῶν
548 3217 790 3291 νεώτερα
813 3218 952 3290 χρῆν
977 3217 1255 3289 ἐπιζητεῖν
1296 3216 1523 3287 τολμᾷν,
1581 3214 1614 3287 ἢ
1652 3210 1962 3276 στασιάζειν

379 3314 474 3369 καὶ
495 3305 875 3368 διαπυκτεύειν
895 3310 1163 3382 ἀλλήλοις,
1199 3313 1246 3364 εἰ
1270 3310 1333 3382 δὴ
1380 3307 1625 3379 ἀσφαλὴς
1653 3302 1745 3361 καὶ
1768 3301 1985 3377 βεϐαία

380 3406 521 3461 θεῶν
546 3405 782 3475 εὕρεσις,
817 3396 1139 3473 καὶθγνῶσις
1166 3398 1448 3464 εὐσεϐείας
1496 3399 1699 3470 ἀληθὴς
1732 3398 1789 3477 ἐν
1816 3390 1985 3451 τελε-’

381 3484 500 3566 ταῖς
528 3482 624 3553 καὶ
649 3499 985 3571 μυστηρίοις,
1041 3499 1107 3568 τῇ
1149 3513 1208 3548 τε
1269 3494 1403 3566 ἄλλῃ
1464 3490 1963 3547 τῶνθπαλαιτάτων

382 3591 690 3662 περιείχετο
721 3589 990 3660 θεολογίᾳ,
1036 3587 1205 3659 αὐτὴν
1235 3586 1453 3657 ἐκείνην
1508 3582 1679 3655 παρὸν
1707 3582 1963 3652 ἀκίνητον

382 3681 934 3755 καὶ-ὁμολογουμένην
965 3678 1266 3750 συμφώνως
1294 3677 1611 3749 περιέπειν;
1655 3674 1814 3751 ξΑλλά
1832 3674 1962 3745 γὰρ,

382 3780 431 3831 εί
450 3779 667 3846 φανεῖεν
695 3769 840 3829 οὗτοι
872 3773 1038 3845 μηδὲν
1066 3771 1263 3844 ἀληθὲς
1316 3771 1445 3842 περὶ
1486 3769 1623 3823 Θεοῦ
1664 3768 1815 3840 παρά
1855 3764 1964 3819 τῶν

384 3866 668 3942 προτέρων
701 3866 1101 3940 μεμαθηκότες,
1130 3864 1358 3927 οἰκείαις
1383 3863 1428 3916 δ’
1455 3861 1718 3925 ἐπινοίαις
1747 3863 1813 3931 τῇ
1835 3859 1965 3930 περὶ

383 3964 598 4033 φύσεως
624 3959 1044 4032 ἐπιϐεϐληκότες
1067 3956 1330 4024 ἐξετάσει,
1362 3955 1456 4009 καὶ
1491 3954 1817 4025 στοχασμοῖς
1839 3952 1967 4023 μᾶλ-

383 4059 473 4109 λον
503 4056 537 4126 ἢ
570 4053 868 4126 καταλήψει
901 4049 1249 4122 κεχρημένον
1282 4047 1335 4101 τί
1356 4047 1461 4119 χρὴ
1498 4044 1682 4100 λοιπὸν
1719 4044 1794 4116 μὴ
1845 4044 1966 4114 οὐχὶ

384 4145 766 4217 συνομολογεῖν
786 4143 884 4215 τὴν
907 4140 1144 4195 παλαιὰν
1174 4137 1280 4192 τῶν
1300 4137 1470 4190 ἐθνῶν
1500 4135 1778 4203 θεολογίαν
1801 4132 1965 4205 μηδὲν

385 4239 544 4303 πλέον
578 4236 678 4307 τῆς
701 4234 1054 4305 ἀποδοθείσης
1080 4232 1139 4286 ἐν
1170 4233 1280 4294 τοῖς
1317 4229 1425 4301 πρὸ
1460 4228 1649 4281 τούτου
1694 4225 1967 4298 συγγράμ-

387 4347 551 4401 μασιν
575 4328 814 4404 ἱστορίας
848 4326 1095 4397 ὲπέχειν;
1136 4326 1258 4377 Ὅτι
1284 4322 1382 4395 μὲν
1405 4316 1497 4374 οὖν
1523 4320 1583 4385 ἐξ
1610 4317 1967 4389 ἀνθρωπίνων

387 4421 730 4494 στοχασμῶν,
784 4420 881 4475 καὶ
926 4418 1128 4489 πολλῆς
1177 4413 1528 4487 λογομαχίας,
1582 4411 1676 4489 καὶ
1737 4408 1964 4479 πλάνης,

2067 1928 2178 1982 cuti
2197 1929 2328 1997 sint,
2345 1946 2411 1984 ex
2430 1931 2537 1987 illis
2564 1923 2697 2003 ipsis
2722 1936 2934 2002 audire,
2958 1947 3017 1992 ut
3044 1926 3432 2011 intelligamus,
3448 1948 3647 2017 ecquid

2067 2016 2253 2105 divina
2282 2022 2373 2076 illa
2399 2033 2593 2079 natura
2627 2025 2850 2095 dignum
2895 2029 2965 2082 ab
2989 2031 3392 2102 antiquioribus
3423 2045 3647 2107 accepe-

2070 2112 2196 2167 rint.
2233 2111 2528 2195 Enimvero
2553 2117 2622 2171 ab
2649 2119 2837 2173 ultima
2878 2119 2992 2189 jam
3026 2138 3201 2195 usque
3230 2129 3529 2194 memoria,
3561 2145 3651 2186 su-

2067 2194 2415 2289 perstitiosus
2446 2193 2533 2263 ille
2559 2210 2703 2280 apud
2729 2222 2916 2281 gentes
2937 2193 3177 2293 plurium
3208 2216 3436 2290 deorum
3464 2193 3653 2285 cultus

2067 2295 2303 2365 vigebat,
2338 2299 2652 2370 templaque
2694 2303 2898 2389 passim
2932 2314 3174 2377 et_sacra
3220 2310 3508 2367 numinum
3537 2329 3655 2387 my-

2068 2386 2230 2439 steria
2250 2425 2264 2450 ,
2312 2397 2419 2441 tam
2454 2388 2508 2442 in
2543 2388 2772 2446 urbibus
2793 2430 2809 2455 ,
2832 2386 3009 2462 quam
3052 2393 3107 2447 in
3136 2394 3459 2465 regionibus
3480 2386 3657 2455 omni-

2069 2474 2171 2528 bus
2200 2472 2362 2546 longo
2388 2476 2501 2545 jam
2533 2493 2635 2557 usu
2668 2479 3106 2537 celebrabantur.
3134 2472 3139 2477 ’
3176 2482 3365 2557 Itaque
3410 2491 3655 2545 humana

2070 2557 2184 2653 tbm
2215 2556 2732 2639 philosopliia‘opus
2759 2570 2833 2653 nil
2853 2564 2994 2653 dum
3021 2558 3158 2639 erat,
3207 2577 3300 2631 ubi
3339 2578 3524 2635 divina
3568 2598 3656 2636 sa-

2067 2648 2272 2726 pientia
2319 2652 2502 2715 locum
2556 2648 2897 2755 Occupara't";
2924 2648 3039 2741 inec
3069 2652 3343 2753 sapientes
3376 2671 3498 2727 illos
3523 2675 3657 2730 novi

2067 2750 2366 2821 quidquam
2394 2748 2575 2807 moliri
2600 2746 2977 2823 necesse-fuit,
3006 2757 3052 2813 si
3085 2746 3359 2830 majorum
3383 2763 3652 2822 institutis

2068 2840 2168 2896 sua
2193 2844 2338 2913 apud
2371 2858 2429 2899 se
2452 2846 2732 2914 integritas
2766 2833 3137 2918 honestasque
3159 2861 3435 2909 constaret
3476 2873 3490 2910 :
3537 2856 3657 2912 imo

2068 2926 2170 2989 nec
2196 2934 2473 3004 praeclaris
2495 2936 2838 3007 philosophis
2865 2947 2942 2994 tot
2972 2939 3240 3001 factiones
3266 2959 3332 3000 ac
3350 2946 3653 3004 dissensio-

2069 3020 2168 3079 nes
2200 3025 2534 3091 excitandas,
2579 3026 2627 3081 si
2676 3030 2850 3097 patria
2896 3029 2963 3084 de
2993 3014 3099 3086 diis
3143 3034 3331 3103 opinio
3364 3044 3420 3090 et
3462 3050 3651 3092 secum

2071 3115 2187 3185 ipsa
2214 3104 2581 3182 consentiens,
2612 3126 2665 3172 et
2688 3134 2815 3173 vera
2840 3103 3203 3189 judicaretur.
3230 3114 3364 3179 Nam
3396 3126 3528 3197 quid
3554 3144 3651 3184 eos

2072 3209 2356 3275 attinebat,
2376 3204 2484 3264 aut
2510 3211 2591 3265 sic
2622 3196 2763 3265 inter
2794 3206 3188 3291 se'conﬂigere,
3230 3226 3327 3272 aut
3355 3227 3463 3274 tam
3490 3220 3652 3291 longa

2072 3289 2292 3356 sursum
2342 3297 2414 3357 ac'
2447 3294 2705 3357 deorsum
2764 3289 2959 3361 itinera
3011 3302 3309 3374 conﬁcere,
3358 3289 3655 3385 vagarique

2072 3383 2300 3459 p'assim,
2336 3384 2391 3445 et
2414 3407 2542 3455 suas
2572 3393 2822 3450 barbaris
2856 3411 2988 3466 opes
3033 3392 3313 3466 sulfurari,
3348 3417 3473 3456 cum
3503 3383 3653 3459 domi

2071 3483 2253 3552 potius
2279 3477 2648 3554 quiescentes,
2669 3476 2766 3541 vel
2793 3487 2893 3542 abs
2921 3488 3048 3555 diis,
3074 3480 3258 3558 'si'qui
3287 3491 3428 3548 forte
3458 3495 3531 3550 dii
3565 3512 3655 3553 es-

2073 3566 2216 3641 sent,
2252 3570 2335 3628 θοι
2378 3572 2423 3656 οξ
2443 3561 2723 3649 theologis
2738 3593 2899 3635 veras
2932 3566 3123 3635 eorum
3146 3574 3311 3653 ,quas
3342 3586 3395 3638 in
3421 3585 3657 3656 philoso-

2071 3667 2202 3737 phia
2242 3654 2646 3738 disquiruntur,
2674 3671 2915 3727 rationes
2951 3655 3171 3730 haurire
3198 3654 3554 3753 debnissent,
3587 3682 3658 3738 de

2072 3761 2274 3831 quibus
2302 3761 2407 3832 ipsi
2432 3770 2558 3832 post
2578 3750 2822 3820 inﬁnitos
2848 3766 3066 3822 labores
3088 3754 3158 3822 ab
3175 3750 3655 3843 aliiszdissidendo,

2073 3844 2144 3909 ab
2175 3853 2294 3924 ipsa
2318 3854 2565 3911 veritatis
2608 3843 3026 3937 investigatione
3058 3846 3261 3930 procul.
3286 3846 3659 3937 aberrarunt?

2072 3940 2215 4013 Quid
2244 3961 2409 4017 porro
2434 3934 2816 4017 necesseverat,
2836 3965 2975 4005 nova
3000 3952 3068 4006 de
3088 3952 3197 4007 diis
3225 3955 3476 4024 quaedam
3506 3934 3658 4012 com-

2073 4039 2315 4108 minisci,
2349 4049 2444 4095 aut
2470 4041 2613 4096 inter
2643 4056 2765 4097 sese
2786 4042 3033 4113 pugilum
3068 4060 3220 4100 more
3249 4047 3589 4123 conﬂictari,
3611 4050 3658 4104 si

2073 4134 2237 4188 modo
2289 4149 2483 4189 secura
2528 4122 2796 4203 ﬁrmaque
2832 4137 2908 4213 [de
2948 4135 3053 4191 diis
3098 4137 3433 4211 existimatio
3457 4179 3473 4206 ,
3504 4122 3661 4213 vera--

2074 4242 2180 4297 que
2208 4227 2487 4298 religionis
2514 4228 2787 4297 cognitio,
2820 4227 3129 4303 priscorum
3161 4230 3449 4304 hominum
3484 4233 3664 4287 sacris

2076 4319 2183 4371 illis
2216 4315 2412 4395 ritibus
2453 4326 2617 4395 atque
2660 4316 2970 4395 mysteriis,
3021 4317 3342 4395 caeterisque
3373 4320 3670 4391 theologia:-

2074 4424 2188 4463 sute
2221 4394 2527 4463 rationibus
2563 4391 2955 4491 continebatur
2989 4427 3003 4464 :
3042 4391 3169 4464 cum
3218 4411 3310 4466 illa
3350 4408 3467 4484 ipsa
3508 4413 3668 4469 nulla.

385 4516 501 4571 ἀλλ’
526 4516 626 4569 οὐκ
653 4514 717 4568 ἐκ
743 4531 889 4577 τινος
919 4509 1179 4584 ἀκριϐοῦς
1210 4506 1587 4576 καταλήψεως,
1619 4506 1653 4574 ἡ
1684 4501 1837 4572 παρά
1855 4504 1967 4564 τοῖς

2073 4504 2159 4582 sui
2189 4509 2396 4555 mutata
2424 4509 2597 4576 parte,
2629 4502 2907 4583 communi
2933 4510 3279 4583 posterorum
3303 4520 3573 4561 consensu
3594 4521 3669 4562 ac-

389 4606 647 4678 Ἕλλησιν
669 4607 875 4676 ὑπέστη
908 4603 1216 4675 φιλοσοφία,
1261 4603 1325 4653 ἐκ
1361 4600 1461 4669 τῆς
1486 4598 1620 4670 πρὸς
1644 4594 1971 4650 Νεκτεναϐὼ

386 4702 478 4755 τὸν
508 4699 805 4769 Αἰγύπτιον
843 4696 1131 4766 ἐπιστολῆς
1169 4695 1264 4747 τοῦ
1300 4690 1609 4763 Πορφυρίου
1658 4686 1968 4760 μάθοιςδω,

388 4794 521 4846 αὐτὸ
589 4793 655 4865 δὴ
716 4791 876 4845 τοῦτο
951 4789 1191 4852 ἀκούσας
1265 4782 1655 4858 ὁμολογοῦντος
1721 4781 1780 4834 ἐν
1828 4777 1971 4832 ’τού-

389 4902 522 4949 τοις.

2078 4593 2420 4664 professione
2464 4592 2688 4648 retineri
2724 4594 2948 4665 posset?
2996 4594 3091 4650 Sin
3121 4606 3308 4674 autem
3334 4598 3392 4674 id
3417 4607 3667 4666 constat,

2078 4684 2412 4741 recentiores
2444 4685 2580 4742 istos
2610 4686 2723 4743 veri
2757 4687 2823 4741 de
2847 4685 2960 4741 Deo
2994 4687 3128 4741 nihil
3163 4688 3232 4743 ab
3255 4690 3666 4760 antiquioribus

2077 4780 2186 4833 illis
2214 4778 2493 4843 didicisse,
2526 4796 2590 4836 ac
2615 4793 2806 4850 suopte
2826 4796 3099 4852 quemque
3131 4782 3346 4862 ingenio
3368 4784 3448 4840 sic
3470 4783 3525 4837 in
3544 4799 3660 4857 ‘na-

2081 4861 2216 4947 tura:
2247 4872 2719 4955 investigationem
2752 4873 3087 4953 incubuisse,
3114 4861 3542 4955 nteanjeeturis
3568 4891 3662 4946 po.

389 4946 500 5034 tius
538 4991 705 5048 quam
753 4974 862 5029 ulla
924 4967 1759 5044 comprehensione.niterentur
1807 4981 1819 5015 :
1866 4962 1991 5032 quis
2031 4977 2141 5049 non
2195 4962 2430 5041 ingenue
2457 4946 2822 5043 conﬁtendum
2858 4946 3219 5045 esse'videat',
3240 4967 3385 5051 nihil
3434 4968 3663 5052 omnino

393 5079 589 5139 praeter
609 5084 695 5136 ea,
744 5083 867 5139 quae
910 5066 1286 5137 superioribus
1314 5062 1477 5129 libris
1525 5058 1909 5124 indicavimus,
1952 5059 2194 5126 gentium
2225 5050 2496 5141 theologia
2546 5059 2957 5139 contineri?Ac
2983 5070 3317 5141 postremum
3348 5050 3568 5135 quidem
3596 5063 3665 5116 il-

391 5162 522 5229 Ind,
555 5177 816 5233 quamex
841 5168 1095 5216 accurata
1153 5159 1303 5212 nulla
1346 5150 1877 5227 comprehensione,
1926 5150 2024 5206 sed
2062 5152 2393 5222 quihusdam
2440 5161 2654 5207 tantum
2682 5166 2747 5207 ex
2797 5151 3149 5223 coniecturis,
3199 5168 3511 5224 magnoque
3534 5170 3660 5209 ver-

394 5259 589 5315 borum
643 5256 898 5313 conﬂictu
952 5255 1136 5310 multis
1181 5270 1306 5308 cum
1350 5238 1633 5323 erroribus
1681 5247 1973 5316 coniuncto
2006 5246 2320 5302 Graecorum
2376 5247 2721 5319 philosophia
2771 5247 3062 5312 exstiterit,
3092 5247 3251 5305 facile
3296 5249 3379 5304 vel
3429 5262 3497 5303 ex
3532 5262 3664 5319 qua.

394 5353 520 5408 dam
554 5334 841 5424 Porphyrii
873 5351 941 5407 ad
970 5349 1406 5407 Nectenaboncm
1459 5343 1776 5416 [Egyptium
1830 5336 2061 5411 epistola
2104 5342 2406 5415 intelligas,
2452 5343 2505 5398 in
2546 5357 2653 5414 qua
2692 5342 2744 5398 id
2792 5338 2971 5408 ipsum
3003 5342 3225 5398 totidem
3264 5340 3448 5400 verbis
3470 5340 3689 5403 audies,

394 5452 762 5506 oentttentem.
