4144 6412
476 336 612 398 1219

988 479 1145 550 741
1189 474 1418 534 CAPUT
1459 479 1526 532 χ.

471 589 674 646 Multas
729 594 867 661 apud
903 591 1113 646 Grrccos
1153 593 1490 662 philosophos
1530 593 1866 661 conjecturas
1920 609 2055 656 esse,

543 664 816 717 verborum
849 679 1074 732 pugnas,
1124 681 1433 732 erroresque
1464 663 1788 731 permultos;
1829 679 1894 716 ea:
1923 662 2059 716 Por-

538 735 712 804 phyrii
732 735 800 785 ad
825 733 1241 787 Nectenabonem
1259 733 1573 802 Aiyyplium
1598 734 1846 801 epistola,
1871 751 1972 786 non
1994 749 2058 786 ex

539 807 608 858 iis
629 845 644 868 ,
674 821 792 872 qua:
826 806 898 857 De
925 806 1108 858 animo
1143 805 1210 856 ad
1258 805 1518 858 Boethum
1567 805 1869 872 rescripsit,
1898 819 2058 872 eoque

539 891 606 928 ea:
637 876 770 926 libro
797 891 948 944 quem
977 873 1052 926 De
1081 875 1274 929 hausta
1301 890 1365 928 ex
1392 875 1746 930 oraculorum
1776 875 2058 945 responsis

540 945 890 1017 phi1050phia
921 945 1114 998 edidit.

546 1141 567 1175 ι
603 1122 718 1177 Hoc
753 1124 806 1176 in
831 1138 994 1187 mete,
1027 1124 1240 1192 inquit,
1281 1139 1409 1194 erga
1449 1131 1501 1179 te
1524 1123 1918 1180 benevolentiae
1946 1123 2060 1180 olli-

472 1214 579 1281 cio,
609 1230 639 1268 a
671 1213 778 1270 diis
807 1213 940 1283 ipsis
977 1215 1248 1285 bonisque
1279 1209 1642 1282 daemonibus,
1673 1225 1838 1286 atque
1879 1217 1964 1271 his
1986 1217 2062 1271 af-

473 1305 676 1361 finibus
697 1304 1026 1374 quibusdam
1051 1306 1407 1376 cognatisque
1424 1306 1786 1376 philosophia:
1812 1308 2060 1376 partibus

471 1397 736 1468 incipiam
763 1436 780 1459 .
828 1397 897 1451 de
926 1397 1128 1466 quibus
1151 1413 1182 1452 a
1210 1395 1414 1453 Graecis
1453 1413 1676 1468 quoque
1721 1401 2060 1469 philosophis

469 1490 738 1559 permulta
769 1489 914 1543 dicta
941 1497 1107 1555 sunt;
1133 1506 1322 1543 verum
1358 1491 1652 1559 ejusmodi,
1697 1507 1820 1561 qua:
1851 1501 2059 1561 partem

469 1593 603 1633 sane
629 1578 1082 1643 maximam,lidei
1109 1577 1371 1633 facienda:
1393 1580 1660 1650 principia
1683 1596 1790 1635 non
1817 1582 2056 1643 aliunde,

469 1685 636 1740 quam
673 1685 738 1725 ex
778 1671 896 1726 sola
927 1671 1239 1740 conjectura
1287 1671 1569 1726 ducerent.
1609 1691 1627 1722 ι
1669 1671 1806 1727 Tum
1840 1672 2060 1743 interje-

471 1762 576 1816 ctis
605 1762 729 1817 aliis
769 1762 842 1816 ita
871 1763 1215 1834 progreditur
1243 1783 1254 1816 :
1299 1783 1317 1815 ι
1345 1763 1500 1834 Apud
1533 1782 1656 1832 nos,
1701 1765 1899 1835 inquit,
1932 1781 2056 1819 ver-

470 1855 668 1909 borum
700 1854 988 1910 conflictus
1017 1855 1207 1926 ingens
1230 1897 1246 1921 ,
1281 1857 1481 1927 quippe
1527 1858 1621 1928 qui
1668 1859 1909 1912 humana
1939 1868 2062 1912 tan-

470 1954 585 1999 tum
604 1945 1008 2000 existimatione
1036 1947 1104 2001 de
1127 1947 1273 2002 bono
1306 1958 1637 2004 statuamus.
1657 1950 1926 2004 Cancrum
1962 1949 2056 2019 qui

465 2038 537 2093 ad
556 2039 955 2108 assequendam
989 2039 1137 2094 illam
1162 2055 1285 2095 cum
1310 2041 1581 2110 superiori
1601 2050 1796 2096 natura
1826 2042 2058 2112 conjun-

467 2129 705 2186 ctionem
736 2130 1080 2193 incumbunt,
1108 2131 1144 2184 ii
1169 2131 1414 2200 profecto
1439 2133 1579 2187 hanc
1605 2134 1651 2187 si
1672 2144 1882 2203 partem
1905 2134 2061 2189 inve-

467 2220 778 2290 stigationis
802 2222 1270 2290 praatermiserint,
1298 2222 1507 2278 frustra
1529 2234 1738 2278 tantum
1757 2225 1810 2278 in
1837 2227 2058 2296 sapien-

466 2311 558 2366 tiae
569 2313 750 2366 studio
772 2311 976 2366 laboris
998 2327 1285 2381 operasque
1305 2323 1656 2368 consumunt.
1675 2332 1692 2366 ι
1721 2311 1866 2370 Idem
1893 2318 1946 2369 in
1966 2317 2055 2379 iis,

464 2419 590 2473 qua:
611 2402 682 2456 De
700 2405 878 2456 animo
900 2403 966 2457 ad
981 2401 1249 2457 Boethum
1271 2405 1571 2474 rescripsit,
1592 2405 1643 2461 id
1661 2407 1840 2476 ipsum
1861 2422 2059 2462 conce-

467 2495 576 2565 ptis
605 2494 808 2548 fatetur
829 2495 1044 2562 verbis;
1074 2494 1206 2549 dum
1243 2496 1340 2563 ait,
1365 2499 1770 2553 «Immortalem
1797 2515 1919 2555 esse
1941 2501 2058 2554 ani-

466 2603 642 2654 mum,
679 2587 770 2641 illa
813 2587 1150 2659 intelligendi
1181 2598 1235 2644 et
1282 2593 1692 2647 commentandi
1738 2594 1822 2649 vis
1849 2594 2058 2665 absque

465 2679 576 2734 ulla
625 2679 966 2736 dubitatione
1008 2683 1308 2737 convincit.
1351 2681 1745 2740 Verumtamen
1785 2686 2055 2756 quidquid

464 2772 741 2827 rationum
768 2789 798 2827 a
817 2773 1155 2844 philosophis
1169 2775 1273 2830 hoc
1299 2776 1365 2830 ad
1386 2777 1877 2832 demonstrandum
1903 2777 2058 2834 affer-

466 2870 576 2925 tur,
611 2862 664 2916 id
693 2873 866 2918 totum
897 2875 1118 2935 propter
1143 2881 1288 2931 eam,
1325 2882 1492 2936 quam
1524 2867 1577 2920 in
1602 2868 1861 2923 omnibus
1891 2883 2056 2938 repu.

464 2955 665 3025 gnandi
700 2957 974 3011 solertiam
1013 2959 1188 3028 arguti
1226 2967 1280 3012 et
1311 2960 1638 3015 contentiosi
1681 2959 1936 3016 homines
1963 2977 2053 3016 re-

462 3062 742 3121 pererunt,
771 3051 1029 3121 perfacile
1077 3053 1143 3107 ad
1179 3051 1535 3108 refellendum
1569 3054 1806 3110 videtur.
1843 3075 1864 3109 »
1907 3055 2050 3122 Quid

463 3142 610 3195 enim
640 3150 749 3196 tota
786 3142 838 3194 in
866 3141 1209 3212 philosophia
1245 3144 1336 3208 sit,
1358 3146 1505 3214 quod
1529 3145 1599 3199 ab
1623 3145 1784 3200 aliter
1809 3147 2049 3202 sentien-

463 3231 611 3286 tibus
644 3232 954 3302 impugnari
1007 3244 1282 3302 nequeat,
1329 3250 1455 3289 cum
1501 3235 1556 3288 in
1594 3235 1660 3290 iis
1689 3236 1893 3304 etiam,
1929 3251 2053 3307 quae

461 3319 751 3391 perspicua
790 3337 858 3375 ex
886 3335 1007 3377 sese
1036 3324 1382 3391 videbantur,
1417 3326 1795 3382 asscnsionem
1827 3343 2051 3383 omnem

461 3409 698 3465 retinere
739 3410 937 3466 horum
984 3413 1233 3466 nonnulli
1281 3414 1610 3468 maluerint?
1637 3413 1960 3482 Postremo,
1995 3419 2051 3472 in

458 3515 530 3557 eo
559 3516 778 3572 quoque
805 3502 966 3568 libro,
992 3519 1154 3572 quem
1187 3503 1263 3558 De
1287 3506 1480 3559 hausta
1518 3523 1584 3560 ea;
1618 3509 1957 3562 oraculorum
1979 3525 2053 3563 re-

460 3595 666 3663 sponsis
717 3594 1054 3664 philosOplu'a
1103 3599 1468 3668 conscripsit,
1519 3600 1806 3656 aberrasse
1833 3600 2051 3657 Graecos

459 3685 662 3740 diserte
689 3684 916 3738 omnino
952 3686 1273 3753 confitetur,
1309 3705 1470 3743 suum
1504 3691 1669 3745 etiam
1706 3691 1874 3747 Deum
1911 3693 2051 3748 hanc

461 3774 518 3828 in
544 3788 659 3828 rem
693 3776 1052 3845 testatus,qui
1079 3777 1196 3832 suis
1226 3777 1331 3831 hoc
1353 3779 1529 3848 ipsum
1555 3781 1795 3838 oraculis
1822 3799 2051 3856 respon-

364 3927 376 3941 ι
459 3860 632 3925 derit,
665 3861 1023 3932 barbarisque
1052 3863 1235 3931 potius
1281 3878 1444 3932 quam
1473 3866 1679 3924 Graecis
1708 3869 2046 3936 hominibus,

460 3953 708 4008 veritatis
759 3954 994 4010 inventae
1040 3957 1256 4013 laudem
1305 3959 1623 4015 testimonio
1657 3976 1758 4016 suo
1787 3961 2047 4018 defended

463 4043 563 4110 rit,
613 4058 788 4114 eoque
829 4045 1054 4103 ferendo
1100 4049 1365 4108 barbaros
1412 4052 1562 4122 ipsos
1603 4054 1926 4108 nominatim
1953 4070 2050 4125 ap-

460 4134 696 4205 pellarit.
735 4135 930 4192 Statim
965 4140 1110 4195 enim
1149 4154 1270 4212 post
1299 4146 1506 4199 oraculi
1547 4147 1945 4216 expositionem
1975 4150 2049 4204 ita

458 4226 767 4282 concludit:
800 4246 819 4280 ι
856 4229 1128 4286 Audivisti
1171 4245 1436 4303 quantum
1461 4234 1667 4290 laboris
1717 4236 2047 4292 exhaustum

457 4319 551 4384 sit,
590 4327 649 4372 ut
675 4320 924 4390 corporis
956 4331 1166 4377 tantum
1200 4339 1365 4380 causa
1399 4325 1678 4396 piaculare
1723 4329 1848 4398 quis
1879 4330 2049 4384 sacri-

457 4410 643 4465 ﬁcium
669 4409 892 4478 faceret,
929 4413 1090 4486 742
1116 4430 1225 4470 non
1253 4419 1400 4487 quod
1432 4419 1601 4473 animi
1628 4419 1858 4474 salutem
1892 4421 2045 4474 inve-

1151 341 1417 399 EUSEBII
1458 338 1937 398 CAESAlllENSlS
1980 342 2130 398 OPP.
2176 338 2355 398 PARS
2384 340 2445 395 Il.
2473 372 2539 383 -—
2575 333 3078 396 APOLOGETICA.

3622 339 3763 396 1220

2719 476 3112 534 ΚΕΦΑΛΑΙΟΝ
3160 477 3218 532 l'.

2163 597 2312 673 Ὅτιῄ
2342 593 2717 673 στοχασμοί,
2769 595 2868 650 καί
2912 592 3336 673 ,λογομαχέιιιλ
3388 592 3492 644 καὶ
3559 589 3770 673 {oua

2230 665 2434 733 πλάνη
2463 663 2746 733 τυγχάνει
2777 665 2937 732 παρὰ
2987 663 3112 729 τοῖς
3153 663 3467 733 Ἑλλήνων
3495 663 3766 733 ,φιλοσόο

2231 755 2387 805 georg.
2422 730 2724 812 "Afro—5m
2749 730 2893 812 πρόξ-
2928 732 3276 812 Νεκτενιιϐῲ
3298 732 3406 812 ξὺν
3431 730 3774 812 {Hypataei-

2229 797 2563 877 ἓπιάτολῆς
2597 797 2963 877 Πορεριὶρίου,
2996 806 3110 877 pacat
3159 797 3770 877 ἀδοξῶν-ἀντέγραψε

2232 875 2438 942 Βοηθῷ
2466 877 2601 946 Περὶ
2649 871 2849 946 ψυχῆς,
2911 875 3010 928 καί
3056 874 3176 929 ἀπὸ
3206 871 3336 941 τῆς
3384 873 3524 942 Περὶ
3559 871 3662 939 τῆς
3705 871 3772 922 ἐκ

2231 948 2427 1016 λογίων
2454 945 2793 1015 φιλοσοφίας.

2240 1141 2258 1173 ι
2308 1119 2662 1192 Ἀρξομαιδὲ
2700 1118 2801 1189 τῆς
2840 1115 2976 1189 πρὸς
3004 1117 3066 1170 σὲ
3108 1116 3290 1186 φιλίας
3337 1116 3444 1170 ἀπὸ
3496 1115 3635 1170 θεῶν
3665 1117 3764 1170 καὶ

2161 1215 2431 1285 δαιμόνων
2471 1211 2715 1280 ἀγαθῶν,
2746 1209 2856 1264 τῶν
2883 1227 2943 1262 τε
2992 1209 3202 1273 τούτοις
3232 1208 3512 1278 συγγενῶν
3541 1209 3761 1278 φιλοσο-

2163 1305 2454 1376 φημάτων,
2495 1303 2623 1374 περὶ
2668 1295 2742 1356 ῶν
2789 1300 3006 1373 εἴρηται
3047 1301 3146 1371 μὲν
3209 1301 3458 1362 πλεῖστα,
3495 1301 3588 1354 καὶ
3613 1301 3762 1372 παρὰ

2162 1401 2274 1460 τοῖς
2321 1395 2589 1467 Ἑλλήνων
2641 1393 2973 1463 φιλοσόφοις,
3004 1395 3218 1466 εἴρηται
3266 1394 3322 1447 δὲ
3359 1395 3422 1446 ἐκ
3451 1393 3762 1465 στοχασμοῦ

2161 1491 2222 1544 τὸ
2258 1491 2418 1544 πλέον
2439 1489 2536 1552 τὰς
2561 1488 2735 1558 ἀρχὰς
2769 1487 2889 1557 ἕχον
2911 1488 3011 1558 τῆς
3050 1471 3304 1552 πίστεως,
3343 1507 3360 1538 ι
3409 1487 3520 1540 Καὶ
3550 1486 3763 1550 ὑποϐὰς

2165 1584 2293 1654 ἑξῆς
2322 1582 2594 1653 ἐπιφέρει,
2618 1581 2811 1648 λέγων·
2877 1599 2894 1630 ι
2933 1579 3094 1651 Παρά
3126 1580 3224 1650 μὲν
3266 1580 3377 1650 γὰρ
3433 1581 3566 1650 ἡμῖν
3607 1579 3763 1648 λογο-

2167 1671 2340 1740 μαχία
2360 1669 2444 1732 τίς
2476 1670 2592 1721 ἐστι
2633 1667 2824 1738 πολλὴ.
2880 1667 2976 1721 ἆτε
3012 1667 3072 1732 ἐξ
3095 1668 3455 1738 ἀνθρωπίνων
3483 1668 3761 1738 λογισμῶν

2163 1763 2258 1815 τοῦ
2291 1761 2500 1829 ἀγαθοῦ
2523 1761 2899 1832 εἰκαζομένου.
2924 1755 3018 1826 Οἷς
3039 1761 3096 1814 δὲ
3130 1761 3516 1832 μεμηχάνηται
3553 1763 3587 1832 ὴ
3625 1775 3763 1832 προς

2161 1851 2222 1906 τὸ
2253 1856 2500 1926 κρεῖττον
2544 1853 2820 1919 συνουσία,
2855 1854 2904 1906 εἰ
2951 1855 3204 1925 παρεῖται
3253 1854 3316 1907 τὸ
3366 1854 3532 1924 μέρος
3602 1851 3763 1907 τοῦτο

2161 1947 2241 2006 είς
2280 1943 2546 2008 ἐξέτασιν,
2613 1946 2791 2015 μάτην
2843 1945 3026 2008 αὐτοῖς
3079 1947 3113 2016 ἡ
3172 1945 3334 2016 σοφία
3380 1945 3702 2016 ἐξήσκηται.
3735 1964 3754 1994 ι

2174 2033 2332 2089 Ἀλλὰ
2367 2038 2459 2089 καὶ
2480 2039 2537 2090 ἐν
2566 2030 2647 2099 οἷς
2677 2037 2984 2108 ἀντέγραψε
3015 2037 3205 2108 Βοηθῷ
3254 2037 3396 2104 Περὶ
3443 2035 3674 2106 ψυχῆς,
3730 2038 3762 2090 ὁ

2159 2129 2320 2192 αὐτὸς
2364 2123 2465 2181 ὦδε
2527 2130 2754 2200 γράφων
2801 2129 3051 2198 ὁμολογεῖ
3098 2130 3233 2199 πρὸς
3292 2128 3456 2196 λέξινσ
3508 2151 3527 2180 ι
3577 2130 3662 2192 Ὠς
3692 2129 3764 2182 τὰ

2163 2221 2262 2290 μὲν
2292 2219 2401 2272 τῶν
2429 2220 2670 2282 ἐννοιῶν,
2707 2219 2800 2273 καὶ
2823 2218 2890 2272 τὰ
2913 2220 3012 2290 τῆς
3050 2220 3290 2292 ἱστορίας
3341 2219 3759 2289 ἀναμφιλέκτως

2161 2312 2443 2382 συνίστησι
2471 2311 2569 2382 τήν
2601 2310 2780 2382 ψυχὴν
2820 2306 2960 2366 εἶναι
3000 2311 3284 2366 ἀθάνατον*
3319 2313 3369 2364 oi.
3412 2311 3469 2364 δέ
3512 2313 3593 2375 εἰς
3624 2311 3762 2367 ἁπό-

2157 2401 2320 2468 δειξιν
2349 2402 2499 2474 παρὰ
2528 2402 2636 2455 τῶν
2660 2402 2966 2471 φιλοσόφων
2997 2403 3350 2474 κομισθέντες
3379 2402 3530 2472 λόγοι
3567 2402 3754 2456 δοκοῦ-

2161 2511 2243 2549 σιν
2266 2491 2402 2548 εἶναι
2437 2495 2830 2566 εὐανάτρεπτοι
2853 2495 2944 2548 διὰ
2969 2495 3066 2566 τὴν
3096 2498 3154 2550 ἐν
3182 2498 3348 2550 πᾶσιν
3379 2497 3759 2566 εὑρεσιλογίαν

2158 2587 2266 2642 τῶν
2299 2586 2613 2659 ἐριστικῶν.
2651 2587 2747 2652 Τίς
2769 2589 2878 2659 γὰρ
2918 2588 3073 2657 λόγος
3111 2591 3220 2644 τῶν
3252 2593 3312 2644 ἐν
3342 2591 3632 2663 φιλοσοφίᾳ
3657 2592 3758 2646 οὐκ

2157 2681 2642 2752 ἀμφισϐητήσιμος
2669 2684 2778 2744 τοῖς
2806 2681 3157 2752 ἐτεροδόξοις,
3209 2685 3344 2736 ὅπου
3372 2683 3465 2736 καὶ
3494 2683 3624 2754 περὶ
3648 2683 3760 2740 τῶν

2155 2772 2458 2827 δοκούντων
2513 2773 2759 2845 ἐναργῶν
2808 2774 3026 2844 ἐπέχειν
3061 2774 3240 2828 αὐτῶν
3286 2792 3428 2828 τισιν
3483 2777 3698 2842 ἐδόκει;
3731 2795 3752 2830 ι

2155 2865 2266 2918 Καὶ
2299 2867 2356 2918 ἐν
2381 2861 2462 2929 οἷς
2502 2865 2558 2918 δὲ
2589 2866 2866 2937 ἐπέγραψε
2891 2867 3032 2935 Περὶ
3071 2867 3182 2935 τῆς
3207 2869 3276 2922 ἐκ
3316 2868 3540 2938 λογίων
3585 2873 3754 2938 φιλο-

2152 2959 2396 3027 σοφίας,
2428 2957 2724 3029 διαρρήδην
2749 2958 3003 3030 ὁμολογεῖ
3033 2961 3158 3024 τοὺς
3186 2961 3455 3032 Ἓλληνας
3486 2964 3758 3036 πεπλανῆο

2155 3049 2297 3116 σθαι,
2346 3051 2858 3121 ἐπιμαρτυρόμενος
2911 3049 3001 3106 τὸν
3057 3053 3252 3106 ἑαυτοῦ
3299 3054 3452 3117 Θεὸν,
3482 3054 3559 3118 ὡς
3600 3056 3757 3110 τοῦτο

2154 3139 2371 3195 καὶτοῦ
2434 3141 2768 3206 ’Λπόλλωνος
2820 3142 2909 3195 διὰ
2961 3145 3228 3215 χρησμῶν
3271 3146 3602 3212 ἐξειπόντος,
3662 3151 3756 3202 καὶ

2155 3233 2453 3306 βαρϐάροις
2476 3234 2739 3305 μᾶλλονῆ
2781 3234 3008 3306 Ἕλλησι
3063 3237 3164 3307 τήν
3213 3237 3432 3309 εῦρεσιν
3463 3241 3561 3312 τῆς
3616 3242 3751 3312 ἀλη-

2154 3325 2306 3392 θείας
2332 3329 2898 3399 ἐπιμαρτυρήσαντος,
2931 3329 3025 3382 καὶ
3080 3328 3145 3400 δὴ
3195 3331 3286 3384 καὶ
3331 3331 3594 3402 Ἐϐραίων
3622 3352 3756 3406 μνη-

2156 3422 2514 3492 μονεύσαντος
2545 3423 2739 3485 ἐντοῖς
2774 3422 3189 3493 μαρτυρηθεῗσι.
3244 3425 3399 3478 Μετά
3457 3427 3589 3495 γοῦν
3651 3429 3752 3500 τὴν

2151 3513 2246 3567 τοῦ
2271 3515 2518 3586 χρησμοῦ
2543 3513 2868 3584 παράθεσιν,
2907 3513 3034 3583 ἑξῆς
3089 3515 3300 3580 τούτοις
3331 3518 3599 3590 κέχρηται
3640 3524 3754 3584 τοῖς

2153 3607 2447 3676 ἐπιλόγοις.
2512 3627 2529 3657 ι
2584 3607 2853 3676 ’Λκήκοας
2919 3606 3082 3669 πόσος
3116 3608 3299 3673 πόνος,
3355 3611 3421 3664 ἵν’
3462 3611 3603 3683 ὑπὲρ
3657 3612 3754 3666 σώ-

2155 3699 2325 3771 ματός
2350 3717 2432 3762 τις
2465 3700 2532 3752 τὰ
2557 3700 2830 3772 καθάρσια
2863 3700 3020 3772 θύσῃ,
3067 3703 3164 3773 οὐχ
3199 3704 3280 3755 ὃτι
3307 3703 3406 3774 τῆς
3431 3704 3608 3775 ψυχῆς
3654 3705 3756 3776 τὴν

2154 3789 2428 3861 σωτηρίαν
2475 3790 2703 3862 ἐξεύρῃ;
2773 3791 3107 3856 Χαλκόόετος
3163 3794 3274 3864 γὰρ
3321 3796 3353 3864 ἡ
3418 3796 3554 3866 πρὸς
3597 3796 3752 3860 θεοὺς

2150 3876 2287 3946 ὁδὸς,
2321 3885 2540 3954 αἰπεινή
2574 3900 2633 3936 τε
2668 3883 2762 3936 καὶ
2822 3887 3072 3954 τραχεῖα,
3121 3880 3189 3956 ἦς
3245 3885 3444 3949 πολλὰς
3474 3889 3754 3958 ἀτραποὺς

2153 3973 2422 4046 βάρϐαροι
2445 3975 2543 4045 μὲν
2576 3973 2818 4046 ἐξεῦρον,
2855 3973 3118 4046 ’Έλληνες
3162 3977 3219 4028 δὲ
3254 3977 3656 4050 ἐπλανήθησαν·
3702 3984 3750 4034 οἱ

2150 4063 2208 4118 δὲ
2237 4064 2567 4136 κρατοῦντες
2592 4065 2692 4138 ήδη
2748 4068 2843 4119 καὶ
2899 4066 3235 4138 διέφθειραν.
3277 4067 3388 4141 Τὴν
3425 4071 3481 4123 δέ
3535 4072 3753 4144 εὕρεσιν

2150 4159 2519 4226 Αίγυπτίοιςό
2546 4159 2678 4222 Θεὸς
2708 4159 3084 4232 ἐμαρτύρησε,
3121 4162 3322 4230 Φοίνιξί
3362 4181 3422 4216 τε
3468 4166 3559 4218 καὶ
3607 4167 3754 4221 Χαλ-

2149 4248 2322 4312 δαίοις
2411 4249 2430 4320 (
2480 4247 2754 4322 ’Λσσύριοι
2809 4251 2919 4320 γὰρ
2982 4248 3129 4306 οὗτοι
3170 4253 3228 4323 )°
3284 4255 3475 4320 Λυδοῖς
3536 4275 3596 4310 τε
3658 4260 3752 4312 καὶ

2162 4336 2456 4413 Ἑϐραίοις.
2491 4362 2507 4393 ι
2549 4343 2734 4397 Ταῦτα
2759 4347 2788 4398 ό
2818 4345 3128 4414 φιλόσοφος,
3174 4347 3376 4419 μᾶλλον
3417 4350 3472 4403 δὲ
3523 4355 3551 4404 ὁ
3581 4353 3750 4405 αὐτοῦ

2149 4434 2302 4497 Θεός.
2322 4430 2446 4505 ⁷Αρ’
2475 4430 2566 4488 οὖν
2594 4435 2742 4501 ἄξιον
2777 4437 2916 4508 μετὰ
2940 4438 3094 4491 ταῦθ’
3119 4442 3252 4510 ἡμῖν
3307 4443 3749 4514 ἐπιμέμψασθαι,

455 4503 664 4558 uisset?
693 4503 924 4576 Quippe,
947 4507 1130 4563 vincta
1161 4511 1308 4566 enim
1337 4527 1466 4578 mre,
1481 4513 1652 4568 ardua
1683 4524 1737 4568 et
1759 4514 2038 4569 salebrosa

2153 4522 2228 4574 ’ότι
2247 4521 2312 4593 δὴ
2338 4503 2464 4587 τοῦς
2498 4503 2949 4597 πεπλανημένους
2979 4503 3249 4600 Ἕλληνας
3283 4503 3749 4603 καταλειίςίαντες,

451 4597 540 4650 via
584 4607 702 4664 est,
739 4613 846 4668 qua
887 4599 954 4654 ad
1001 4600 1132 4656 deos
1177 4603 1320 4668 itur,
1364 4605 1522 4674 cujus
1557 4605 1776 4660 barbari
1816 4608 2037 4677 quidem

451 4688 762 4758 complures
795 4691 1018 4746 semitas
1046 4705 1384 4762 repererunt,
1410 4695 1583 4752 Gnaei
1611 4714 1742 4752 vero
1768 4699 1836 4753 ab
1858 4714 1922 4753 ea
1950 4715 2042 4768 pe-

451 4783 599 4838 nitus
646 4783 990 4842 aberrarunt.
1027 4787 1202 4853 Quam
1250 4789 1295 4843 si
1328 4791 1422 4859 qui
1459 4791 1597 4845 forte
1620 4792 1731 4861 jam
1763 4793 2038 4858 tenebant,

449 4875 694 4930 eamdem
728 4876 950 4947 ipsimet
983 4893 1365 4951 corruperunt.
1405 4884 1474 4936 At
1503 4884 1623 4953 ejus
1664 4885 1896 4939 inventae
1921 4885 2041 4938 lau-

446 4967 572 5022 dem
607 4967 903 5040 Egyptiis,
944 4969 1300 5029 Phoenicibus
1349 4985 1402 5030 et
1432 4975 1707 5030 Chaldaeis
1739 4977 1865 5045 (bos
1891 4979 2038 5031 enim

446 5059 704 5130 Assyrios
749 5063 972 5132 vocat),
1019 5063 1206 5134 Lydiis
1248 5067 1413 5121 etiam
1465 5078 1519 5122 et
1565 5066 1811 5123 Hebraeis
1845 5078 2040 5138 suopte

448 5144 595 5204 Deus
621 5152 936 5207 testimonio
968 5155 1317 5209 vindicavit.»
1357 5155 1483 5211 llaec
1511 5156 1735 5213 Gratcus
1772 5159 1876 5213 iste
1911 5160 2036 5229 phi-

446 5239 734 5310 losophus,
769 5244 854 5299 vel
887 5245 1000 5316 ipse
1023 5248 1203 5316 potius
1225 5264 1388 5318 quem
1420 5250 1633 5304 colebat
1674 5250 1836 5306 Deus.
1902 5251 2038 5318 Quis

446 5345 576 5401 ergo
605 5335 860 5406 deinceps
908 5338 1069 5392 nobis
1109 5338 1234 5408 jure
1278 5352 1640 5409 succenseat,
1692 5343 1840 5414 quod
1881 5345 2038 5398 aber-

446 5433 632 5478 rantes
662 5425 882 5483 Graccos
908 5429 1315 5498 reliquerimus,
1360 5441 1421 5486 ut
1459 5431 1737 5502 Hebraeos,
1777 5453 1807 5490 a
1835 5437 2036 5506 quibus

447 5516 899 5584 comprehensam
931 5535 1054 5577 esse
1080 5525 1515 5596 veritatem_ipso
1535 5528 1763 5582 deorum
1789 5529 2037 5583 testimo-

447 5603 540 5658 nio
587 5608 919 5675 constiterit,
969 5619 1365 5683 sequeremur?
1419 5619 1554 5673 Nam
1582 5621 1714 5690 quid
1749 5623 1969 5678 tandem
2003 5639 2033 5677 a

445 5696 787 5768 philosophis
810 5703 1033 5759 doctum
1069 5709 1134 5760 iri
1164 5725 1264 5764 nos
1291 5716 1718 5781 exspectemus?
1740 5729 1834 5770 aut
1864 5734 2028 5786 quam

441 5787 514 5844 ab
541 5788 607 5845 iis
635 5790 832 5849 deinde
866 5811 1024 5865 opem
1055 5800 1454 5869 utilitatenn'jue
1487 5821 1770 5870 speremus
1792 5849 1806 5873 ,
1836 5811 1878 5863 si
1909 5828 2030 5872 qum

2145 4615 2212 4668 τὰ
2254 4616 2524 4688 Ἐϐραίων
2547 4618 2825 4690 εἱλόμεθα,
2877 4620 2987 4674 τῶν
3017 4623 3104 4674 ἐπ’
3145 4622 3402 4694 ἀληθείας
3445 4627 3750 4699 καταλήψει

2149 4710 2699 4778 μεμαρτυρημένων;
2752 4711 2816 4763 Τί
2849 4711 2906 4764 δὲ
2941 4711 3047 4783 χρὴ
3101 4714 3252 4784 παρὰ
3298 4715 3604 4785 φιλοσόφων
3647 4735 3748 4788 μα-

2145 4799 2410 4871 θήσεσθαι
2443 4803 2783 4874 προσδοκᾷν;
2825 4805 2859 4876 ἢ
2915 4806 3045 4860 ποία
3098 4807 3253 4871 ἐλπὶς
3306 4811 3404 4880 τῆς
3455 4810 3514 4875 ἐξ
3567 4813 3746 4863 αὐτῶν

2145 4894 2433 4964 ὠφελείας,
2457 4900 2504 4949 εί
2536 4896 2600 4968 δὴ
2626 4897 2695 4950 τά
2719 4896 2987 4969 λεγόμενα
3032 4901 3164 4970 παρ’
3195 4902 3382 4966 αὐτοῖς
3415 4905 3478 4956 ὲκ
3553 4921 3748 4975 στοχα-

2145 4987 2298 5058 σμῶν
2333 4990 2426 5041 καὶ
2456 4990 2734 5060 εἰκασμῶν
2782 4991 2842 5044 τὸ
2876 4992 3035 5044 πλέον
3073 4992 3173 5058 τὰς
3215 4995 3389 5065 ἀρχὰς
3425 4997 3616 5066 ἔχοντα
3645 4996 3746 5068 τῆς

2145 5080 2380 5143 πίστεως
2418 5081 2712 5152 τυγχάνει;
2769 5085 3118 5155 Λογομαχίας
3143 5086 3203 5138 δέ
3237 5089 3321 5152 τίς
3352 5091 3380 5141 ό
3413 5091 3648 5161 καρπός,
3693 5091 3744 5144 εί

2141 5166 2204 5240 δὴ
2235 5171 2435 5234 πάντες
2487 5175 2536 5226 οἱ
2597 5173 2706 5227 τῶν
2769 5175 3075 5246 φιλοσόφων
3142 5178 3292 5246 λόγοι
3345 5181 3742 5255 εύανάτρεπτοι

2141 5262 2535 5334 καθεστήκασι,
2565 5264 2654 5317 διὰ
2681 5265 2780 5335 τὴν
2813 5269 2871 5319 ἐν
2899 5271 3064 5321 πᾶσιν
3115 5271 3520 5341 εύρεσιλογίανς
3555 5272 3744 5328 Ταῦτα.

2141 5354 2248 5424 γὰρ
2271 5355 2332 5406 ού
2375 5357 2505 5426 παρ’
2555 5355 2709 5425 ήμῶν
2736 5357 2960 5428 ἀρτίως,
3013 5359 3151 5412 ἀλλὰ
3199 5364 3329 5432 παρ’
3359 5363 3540 5414 αὐτῶν
3589 5365 3741 5433 είρη-

2143 5446 2282 5516 μένα
2312 5447 2562 5515 ήκούετο.
2615 5448 2812 5520 Διόπερ
2874 5446 2932 5503 εὖ
2991 5469 3082 5521 μοι
3133 5452 3399 5523 δοκοῦμεν
3451 5454 3545 5506 καὶ
3602 5455 3740 5524 μετὰ

2139 5540 2374 5608 κρίσεως
2403 5540 2800 5612 ἐξητασμένης,
2832 5544 2953 5612 οὐχὶ
2999 5544 3044 5596 δ’
3093 5545 3325 5613 ἀλόγως,
3365 5547 3442 5611 ὡς
3471 5548 3536 5601 ἂν
3565 5546 3741 5601 τοιού-

2137 5645 2283 5692 των,
2358 5633 2927 5702 καταπεφρονηκέναι.
2998 5634 3080 5687 Tit
3153 5636 3209 5688 δὲ
3279 5639 3411 5708 παρ’
3465 5639 3738 5710 Ἑϐραίοις

2135 5722 2506 5790 ἠγαπηκέναι,
2538 5724 2633 5792 οὺχ
2667 5724 2749 5776 ὅτι
2778 5725 2913 5794 πρὸς
2949 5727 3041 5778 τοῦ
3070 5727 3322 5797 δαίμονος
3381 5732 3735 5802 μεμαρτύρη-

2137 5829 2246 5875 ται,
2277 5815 2389 5866 ἀλλ¹
2425 5817 2503 5867 ὅτι
2541 5817 2589 5868 τί

2541 5817 2638 5868 ἐἰπε
2673 5817 2852 5870 ἐνθέου
2913 5820 3111 5877 deuia;
3169 5839 3226 5873 τε
3293 5823 3382 5874 καὶ
3452 5823 3729 5878 δυνάμεως
