4144 6432
365 347 511 403 12⁴ὶῒ

1497 342 1817 405 ΡΒᾹΞΡΑΒ.
1860 344 2109 404 EVANG.
2148 344 2275 403 LIB.
2322 343 2457 402 XIV.

3481 344 3620 402 i222

369 461 572 532 μέτοχα
594 460 720 515 ὄντα
744 464 1150 521 ἀποδείκνυται.
1176 465 1291 521 Ἵνα
1328 466 1373 519 δ’
1394 460 1486 520 οὖν
1518 467 1611 520 καὶ
1638 468 1819 530 αὐτοῖς
1850 465 1941 537 ἐρ-

2050 466 2111 521 ab
2139 466 2208 521 iis
2229 466 2507 529 dicuntur,
2541 474 2746 534 partem
2779 479 2840 519 ea
2875 462 3169 518 maximam
3202 463 3326 519 ﬂdei
3362 463 3623 521 faciendae

365 569 483 620 γοις
513 553 613 616 τὰς
631 553 738 606 τῶν
763 554 1088 626 θαυμαστῶν
1116 557 1421 626 φιλοσόφων
1462 558 1793 628 λογομαχίας
1840 558 1945 628 μά-

371 643 501 707 θοις,
529 643 628 709 τάς
654 663 712 698 τε
741 646 867 717 περὶ
895 647 1099 718 ἀρχῶν,
1130 649 1222 701 καὶ
1255 650 1381 719 περὶ¹
1413 648 1571 712 θεῶν,
1608 651 1699 702 καὶ
1726 650 1823 721 τῆς
1849 649 1945 702 τοῦ

370 732 569 798 παντὸς
618 737 926 800 συστάσεως
982 738 1295 807 διαφωνίας,
1348 740 1542 811 μικρὸν
1592 741 1688 812 μὲν
1721 739 1946 810 ὕστερον

366 825 671 897 ἐκθήσομαι
696 845 776 880 σοι
821 828 919 892 τὰς
943 829 1121 882 αὐτῶν
1173 830 1374 900 φωνάς.
1425 830 1647 903 Πρῶτον
1687 831 1730 883 δ’
1757 830 1945 901 ἐπειδὴ

367 918 754 989 περιφέρουσιν
808 919 920 973 ἄνω
976 920 1068 974 καὶ
1106 922 1256 974 κάτω
1288 920 1640 993 θρυλλοῦντες
1674 920 1743 974 τά
1773 920 1946 992 μαθή-

344 1026 538 1092 ὶματα,
567 1008 676 1063 δεῖν
728 1009 788 1074 ἐξ
847 1011 1083 1076 ἅπαντος
1129 1014 1428 1082 φάσκοντες
1477 1016 1602 1077 τοὺς
1656 1014 1948 1085 μέλλοντας

342 1094 427 1154 ¹ὲν
453 1102 618 1172 πείρᾳ
653 1100 755 1171 τῆς
777 1101 871 1155 τοῦ
893 1103 1122 1174 ἀληθοῦς
1146 1106 1500 1177 καταλήψεως
1524 1106 1825 1175 γίγνεσθαι,
1859 1124 1947 1177 με·

369 1193 571 1246 τελθεῖν
596 1196 978 1267 ἀστρονομίαν,
997 1198 1386 1269 ἀριθμητικὴν,
1420 1199 1780 1271 γεωμετρίαν,
1816 1216 1945 1269 μου-

370 1285 547 1356 σικὴν,
580 1286 719 1341 αὐτὰ
746 1286 810 1359 δὴ
836 1287 905 1340 τά
935 1290 1085 1360 παρά
1111 1288 1400 1361 βαρϐάρων
1441 1294 1520 1354 εἰς
1553 1291 1750 1353 αὐτοὺς
1790 1291 1945 1361 ἥκειν

368 1379 754 1449 ἀποδειχθέντα
793 1379 1019 1451 (τούτων
1065 1382 1173 1453 γὰρ
1200 1382 1329 1435 ἄνευ
1358 1384 1432 1455 μὴ
1469 1382 1726 1437 δύνασθαι
1765 1382 1946 1450 λόγιον

367 1471 538 1542 ἄνδρα
566 1474 658 1525 καὶ
687 1473 971 1543 φιλόσοφον
1023 1474 1471 1545 ἀποτελεσθῆναι,
1535 1475 1648 1529 ἀλλ’
1673 1474 1795 1528 οὐδὲ
1845 1473 1946 1545 τῆς

367 1562 477 1616 τῶν
509 1563 676 1618 ὄντων
704 1565 960 1637 ἀληθείας
983 1566 1208 1635 ψαῦσαι,
1238 1568 1311 1639 μὴ
1343 1568 1544 1621 τούτων
1583 1570 1640 1621 ὲν
1667 1566 1809 1638 ψυχῇ
1844 1567 1946 1637 τῆς

369 1655 622 1725 γνώσεως
654 1658 1143 1731 προτυπωθείσης)·
1199 1657 1298 1713 εἶτ’
1353 1656 1830 1730 ὲπανατεινάμενοι
1876 1661 1942 1731 τῇ

371 1749 605 1821 μαθήσει
658 1751 767 1805 τῶν
805 1752 1131 1823 εἰρημένων,
1197 1754 1285 1807 ἐπ’
1309 1752 1475 1807 αὐτοῦ
1516 1753 1796 1824 μονονουχὶ
1849 1751 1944 1804 τοῦ

368 1841 585 1913 αίθέρος
615 1841 816 1911 βαίνειν
841 1844 1107 1915 μετέωροι
1131 1844 1387 1916 ἀρθέντες
1418 1844 1638 1907 οἴονται,
1660 1843 1734 1909 ὡς
1759 1843 1824 1916 δὴ
1854 1845 1944 1899 τὸν
1978 1828 2022 1881 Β

367 1934 500 1987 Θεὸν
526 1935 687 1989 αὐτὸν
710 1937 768 1988 ὲν
786 1938 911 2001 οτοῐς
937 1937 1188 2008 ἀριθμοῖς
1238 1934 1641 2009 περιφέροντες·
1679 1940 1827 2008 ἡμᾶς
1849 1956 1907 1991 τε
1930 1979 1945 2004 ,

367 2021 449 2079 ὃτι
482 2026 655 2098 μὴτά
683 2024 842 2097 ὅμοια
897 2026 1186 2100 ζηλοῦμεν,
1235 2029 1593 2099 βοσκημάτων
1643 2031 1761 2082 κατ’
1799 2029 1950 2083 οὐδὲν

366 2123 646 2196 διαφέρειν
669 2123 949 2195 ήγοῦνταισ
977 2124 1150 2196 ταύτῃ
1196 2123 1253 2177 δέ
1288 2141 1419 2193 φασι
1452 2123 1588 2195 μηδὲ
1636 2123 1790 2187 Θεὸν,
1821 2126 1955 2196 μηδέ

365 2233 417 2269 τι
434 2214 542 2269 τῶν
562 2214 773 2285 σεμνῶν
788 2217 935 2286 ἡμᾶς
957 2215 1214 2268 δύνασθαι
1237 2216 1435 2268 εἰδέναι
1459 2214 1614 2286 φέρε,
1636 2215 1793 2269 τοῦτο
1810 2216 1954 2289 πρῶ-

369 2322 461 2359 τον
476 2306 576 2359 οὐκ
593 2306 768 2377 ὀρθῶς
794 2306 915 2377 ἔχον
935 2307 1346 2377 ἀπευθύνωμεν,
1365 2306 1456 2359 τὸν
1472 2306 1644 2377 ἀληθῆ
1667 2307 1821 2375 λόγον
1837 2309 1956 2362 ἀντὶ

368 2394 546 2462 φωτὸς
591 2395 776 2459 αὐτοῖς
833 2396 1283 2468 παραϐάλλοντες.
1362 2396 1421 2449 Ὀ
1467 2396 1544 2460 δὲ,
1579 2393 1803 2468 μυρίους
1855 2398 1954 2468 μὲν

369 2484 657 2556 Ἕλληνας,
681 2487 850 2559 μυρία
870 2486 927 2540 δὲ
946 2489 1040 2541 καὶ
1067 2487 1358 2559 βαρϐάρων
1386 2487 1542 2559 γένη,
1574 2487 1702 2551 τοὺς
1727 2488 1826 2558 μὲν
1857 2490 1953 2542 σὺν

365 2579 479 2638 τοῖς
509 2576 817 2647 εἰρημένοις
861 2577 1180 2649 μαθήμασιν
1211 2578 1335 2631 οὒτε
1366 2577 1520 2642 Θεὸν,
1548 2577 1674 2632 οὔτε
1706 2577 1955 2651 σώφρονα

369 2667 502 2737 βίον,
527 2668 640 2721 οὗθ’
678 2669 813 2733 ὅλως
846 2689 899 2723 τι
951 2670 1061 2723 τῶν
1086 2669 1378 2741 βελτίστων
1430 2670 1526 2724 καὶ
1567 2671 1954 2742 συμφερόντων

366 2761 687 2829 ὲπιγνόντας
719 2762 1009 2829 ἀποδείξειν
1033 2763 1161 2828 τοὺς
1204 2763 1259 2817 δὲ
1290 2762 1397 2816 τῶν
1433 2761 1771 2835 μαθημάτων
1796 2762 1952 2827 ἐκτὸς

366 2852 1022 2922 πάντωνδεύσεϐεστάτους
1046 2856 1137 2909 καί¹
1159 2855 1628 2925 φιλοσοφωτάτους
1645 2855 1946 2924 γεγονέναι.

377 2943 437 2997 '0
454 2944 584 3013 γοῦν
600 2945 754 3018 παρά
775 2948 939 3001 πᾶσιν
963 2946 1146 3011 αὐτοῖς
1170 2946 1430 3017 ᾁδόμενος
1455 2945 1771 3016 Σωκράτης,
1798 2946 1948 3009 ὅπως

367 3037 496 3089 ποτὲ
532 3037 749 3104 ἐδόξαζε
770 3040 896 3111 περὶ
909 3038 1097 3104 τῶνδε,
1126 3039 1317 3110 μάθοις
1334 3038 1400 3093 ἂν
1414 3038 1950 3107 Ξενοφῶντιπιστεύέ

366 3144 482 3193 σας,
518 3130 575 3181 ὲν
614 3130 1244 3200 Ἀπομνημονεύμασιν
1271 3124 1373 3186 ὧδέ
1400 3147 1477 3201 πη
1506 3128 1830 3201 ἱστοροῦντι.

2052 560 2317 629 prittcipia
2342 573 2445 611 non
2472 557 2711 622 aliunde,
2739 572 2902 625 quam
2933 572 2996 611 ex
3030 557 3469 624 conjecturarum
3494 574 3624 628 qna-

2053 649 2176 703 dam
2208 647 2586 718 probabilitate
2617 646 2855 702 ducam?
2912 646 3146 701 Fructus
3181 660 3346 716 porro
3378 649 3624 705 verbosa:

2052 740 2419 795 contentionis
2449 738 2671 807 quinam
2705 736 3038 803 ostenditur,
3075 738 3120 792 si
3153 738 3418 809 quidquid
3443 753 3475 793 a
3504 739 3625 809 plti-

2052 831 2293 900 los0phis
2319 830 2593 885 rationum
2637 829 2878 896 atIertur,
2911 830 2962 884 id
3009 838 3180 884 totum
3210 839 3429 900 propter
3461 846 3625 902 argu-

2053 933 2162 977 tam
2187 924 2478 992 quamdam
2529 923 2582 976 in
2632 922 2887 977 omnibus
2926 922 3264 993 repugnandi
3323 922 3623 984 solertiam,

2053 1011 2307 1082 perfacile
2333 1013 2403 1066 sit
2435 1012 2501 1066 ad
2527 1011 2930 1068 refellendum?
2975 1014 3102 1068 Haec
3131 1014 3279 1068 enim
3307 1013 3473 1084 paulo
3498 1021 3626 1068 ante

2052 1118 2158 1156 non
2187 1118 2217 1157 a
2244 1102 2420 1167 nobis,
2440 1101 2533 1157 sed
2562 1101 2631 1155 ab
2655 1101 2762 1156 illis
2788 1101 2920 1171 ipsis
2941 1101 3050 1157 dici
3082 1102 3464 1157 audiebantur.
3492 1101 3627 1168 Quae

2051 1191 2269 1261 quidem
2297 1191 2564 1261 ejusmodi
2592 1206 2716 1245 cum
2738 1192 2868 1258 sint,
2888 1207 2951 1246 ea
2979 1190 3224 1262 profecto
3253 1207 3363 1247 non
3399 1201 3623 1258 temere,

2051 1283 2145 1338 sed
2178 1291 2391 1337 maturo
2420 1284 2713 1339 admodum
2762 1284 3123 1354 prudentique
3146 1283 3388 1354 judicio,
3441 1285 3626 1356 negle-

2052 1374 2219 1438 xisse,
2267 1374 2511 1431 Hebraeis
2554 1385 2733 1431 autent
2780 1376 3007 1432 hatsisse
3057 1376 3253 1431 merito
3294 1376 3625 1443 videamur:

2052 1483 2160 1523 non
2187 1470 2331 1539 quod
2361 1470 2455 1525 abs
2485 1471 2731 1526 daemone
2768 1469 3141 1525 testimonium
3172 1470 3485 1531 habuerint.
3531 1470 3629 1526 sed

2051 1561 2198 1630 quod
2250 1561 2304 1613 in
2357 1561 2423 1615 iis
2464 1562 2647 1617 divina
2694 1562 2854 1631 plane
2898 1561 2981 1617 vis
3031 1576 3097 1617 ac
3128 1568 3370 1631 potestas
3395 1560 3625 1618 eluceat.

2052 1653 2231 1724 Atque
2264 1664 2325 1708 ttt
2349 1655 2606 1710 verbosas
2652 1655 2772 1710 illas
2803 1654 3147 1725 egregiorum
3171 1653 3628 1724 philosophorum

2056 1763 2286 1819 pugnas,
2327 1748 2501 1818 deque
2528 1745 2835 1818 principiis,
2866 1747 2934 1801 de
2966 1745 3108 1812 diis,
3140 1756 3195 1799 et
3225 1745 3467 1800 universi
3497 1761 3632 1802 con-

2052 1838 2333 1893 stitutione
2389 1837 2758 1892 dissensiones
2804 1851 2999 1906 reapse
3046 1835 3383 1907 perspicias,
3433 1833 3626 1892 eorum

2056 1929 2149 1983 tibi
2185 1929 2348 1998 paulo
2379 1937 2501 1998 post
2526 1928 2799 1998 ipsissima
2822 1926 2986 1983 verba
3026 1928 3337 1998 subjiciam.
3383 1926 3630 1983 Primum

2058 2030 2260 2083 tamen,
2293 2022 2552 2091 quoniam
2582 2019 2964 2073 mathematica
2988 2019 3080 2073 illa
3104 2033 3203 2074 sua
3233 2028 3514 2090 tantopere
3543 2021 3631 2090 ja-

2055 2121 2205 2167 ctare
2253 2112 2469 2175 solent,
2520 2125 2857 2181 prorsusque
2891 2112 3261 2166 necessarium
3312 2127 3434 2167 esse
3477 2113 3631 2168 dicti-

2059 2213 2196 2266 tant,
2227 2212 2289 2258 ut
2313 2203 2565 2272 quisquis
2597 2201 3093 2272 comprehendendi
3123 2204 3234 2257 veri
3264 2204 3444 2258 studio
3481 2212 3633 2258 tene-

2057 2294 2203 2348 bitur
2223 2333 2238 2356 ,
2294 2293 2686 2348 astronomiam
2708 2332 2723 2357 ,
2773 2293 3169 2348 arithmeticam
3193 2334 3209 2359 ,
3252 2297 3630 2364 geometriam,

2060 2387 2350 2451 musicam,
2386 2384 2475 2437 illa
2514 2383 2771 2438 nimirum
2799 2385 2937 2455 ipsa,
2978 2401 3101 2455 quae
3136 2387 3201 2441 ad
3243 2402 3339 2442 eos
3367 2403 3399 2442 a
3432 2388 3631 2443 barba-

2056 2472 2134 2527 ris
2165 2471 2403 2541 profecta
2430 2487 2552 2527 esse
2580 2473 2693 2542 jam
2726 2475 3101 2543 ostendimus,
3134 2488 3494 2547 persequatur
3522 2476 3633 2549 (his

2053 2565 2197 2618 enim
2218 2565 2309 2634 qui
2340 2564 2570 2633 carebit,
2585 2565 2803 2621 doctum
2825 2564 3231 2637 perfectumque
3248 2570 3631 2640 philosophum

2052 2669 2173 2710 esse
2214 2655 2484 2709 neminem
2509 2696 2523 2720 ,
2561 2656 2671 2710 imo
2716 2671 2897 2711 rerum
2945 2660 3229 2713 veritatem
3254 2674 3323 2715 ne
3369 2662 3630 2730 primori-

2052 2746 2156 2803 bus
2187 2748 2406 2817 quidem
2436 2747 2606 2803 labris
2634 2748 2924 2817 degustare
2960 2764 3145 2819 posse,
3171 2750 3277 2805 nisi
3308 2753 3402 2820 qui
3433 2751 3630 2807 ltaruttt

2053 2849 2177 2895 ante
2207 2855 2386 2894 rerum
2420 2840 2604 2894 animo
2635 2840 2996 2909 cognitionem
3024 2842 3382 2913 impresserit)
3404 2858 3417 2895 :
3436 2841 3633 2898 deinde

2055 2932 2200 2985 ltattc
2225 2946 2449 2985 suarum
2480 2929 2678 2984 artium
2713 2931 2964 3001 peritiam
2996 2931 3433 3002 magniﬁcentius
3449 2944 3635 2989 osten-

2056 3031 2265 3081 tantes.
2308 3023 2507 3077 aethere
2547 3037 2667 3077 sese
2710 3022 2903 3076 ntedio-
2936 3023 3197 3078 sublimes
3240 3025 3634 3095 propemodum

1981 3125 2022 3182 C
2057 3128 2328 3194 incedere,
2359 3129 2709 3197 numerisque
2734 3127 2850 3182 suis
2880 3128 3055 3198 ipsum
3085 3144 3304 3199 quoque
3331 3129 3498 3184 Deum
3523 3132 3632 3187 cir-

367 3220 640 3276 cumt‘erre
690 3223 1059 3278 arbitrantur:
1089 3238 1192 3279 nos
1256 3238 1386 3279 vero
1429 3223 1522 3293 qui
1590 3223 1847 3279 similium
1903 3222 2310 3291 disciplinarutn
2365 3234 2551 3275 amore
2611 3236 2717 3275 non
2756 3220 3075 3289 ﬂagremus,
3120 3220 3641 3291 nihilapecudibne

365 3315 560 3369 abesse
582 3314 913 3380 existimant,
946 3314 1151 3385 Deique
1171 3324 1454 3386 propterea
1476 3330 1777 3384 nunquam,
1833 3326 2115 3383 nunquam
2163 3313 2242 3367 rei
2290 3312 2452 3382 paulo
2500 3312 2767 3382 gravioris
2814 3314 3058 3367 notitiam
3104 3324 3457 3384 percepturos
3512 3330 3639 3373 esse

367 3405 725 3474 pronuntiant
767 3424 780 3459 :
824 3407 983 3479 743
1010 3423 1127 3479 age,
1162 3409 1264 3463 hoc
1301 3408 1478 3480 ipsum
1534 3424 1699 3478 quam
1762 3418 1988 3477 pravum
2030 3405 2099 3459 sit
2171 3412 2332 3473 atque
2359 3405 2686 3469 distortum,
2719 3420 2843 3458 vera
2866 3404 3091 3461 luminis
3117 3406 3239 3461 loco
3266 3407 3476 3464 ratione
3504 3424 3637 3479 pro-

370 3498 571 3567 posita,
606 3498 687 3553 sic
714 3508 971 3570 tanquam
1020 3501 1087 3556 ad
1130 3501 1364 3556 libellam
1417 3516 1482 3555 ac
1522 3500 1763 3570 regulam
1817 3495 2122 3566 exigamus.
2179 3493 2296 3548 Erit
2350 3508 2411 3549 ea
2450 3495 2669 3565 quidem
2715 3494 3004 3565 ejusmodi,
3051 3513 3172 3567 quae
3225 3496 3443 3554 Graecos
3476 3502 3626 3555 innu-

369 3588 681 3654 merabiles,
736 3589 1083 3661 infinitasque
1128 3591 1393 3648 barbaros
1448 3592 1760 3661 complexa;
1820 3587 1957 3642 alios
2016 3591 2231 3643 tametsi
2279 3587 2348 3641 ab
2402 3587 2486 3642 itis
2537 3586 2748 3641 artibus
2810 3587 3184 3659 doctrinisque
3233 3599 3490 3659 paratus,
3535 3610 3637 3650 nec

369 3681 540 3737 Deum
582 3698 854 3752 unquam,
914 3700 1011 3738 nec
1056 3685 1296 3740 honestae
1355 3684 1479 3739 vita:
1536 3685 1808 3750 rationes,
1859 3698 1959 3739 nec
2024 3681 2248 3735 omnino
2302 3680 2621 3751 prteclarum
2673 3687 2727 3733 et
2767 3680 2895 3733 utile
2935 3681 3231 3751 quidquam
3289 3683 3637 3753 percepisse;

370 3773 538 3841 alios,
575 3784 633 3830 ut
657 3775 726 3830 ab
755 3775 997 3830 omnium
1044 3777 1453 3848 disciplinarum
1511 3777 1764 3847 praesidio
1822 3774 2065 3831 destituti
2119 3781 2323 3838 essent,
2380 3770 2823 3842 religiosissimos
2852 3780 3031 3826 tamen
3086 3787 3150 3827 ae
3198 3773 3643 3844 sapientissimos

370 3870 646 3926 exstitisse
687 3870 1042 3927 demonstret.
1107 3871 1426 3941 Enimvero,
1476 3889 1727 3944 quaenam
1760 3874 1863 3928 hoc
1920 3873 1972 3927 itt
2035 3887 2234 3942 genere
2272 3870 2514 3926 Socratis
2561 3869 2739 3936 illius,
2776 3869 2869 3937 qui
2908 3870 2978 3925 ab
3020 3869 3141 3926 istis
3168 3873 3425 3928 omnibus
3456 3880 3635 3928 tanto-

373 3979 502 4033 pere
530 3965 858 4030 celebratur,
916 3962 1182 4022 sententia
1216 3968 1399 4035 t’uerit,
1433 3985 1464 4026 e
1494 3964 1855 4041 Xenophonte
1886 3968 2173 4040 intelliges,
2226 3968 2275 4024 si
2307 3968 2468 4023 modo
2523 3966 2573 4022 ei
2628 3967 2744 4022 suis
2801 3967 2855 4019 in
2889 3964 3323 4023 Memorabilibus
3367 3969 3482 4025 hate
3508 3972 3641 4034 scri_

371 4058 523 4113 benti
554 4058 713 4113 [idem
736 4057 1033 4114 adhibebis.

891 4146 1287 4205 ΚΕΦΑΛΑΙΟΝ
1325 4155 1428 4207 IA'.

2674 4144 2903 4201 CAPUT
2928 4145 3019 4200 XI.

373 4243 513 4333 Περί
539 4243 912 4333 γεωμετρίας,
930 4242 1592 4333 καὶάστρονρμίαςικαὶ
1621 4240 1947 4323 ζογισμῶν.

2057 4254 2135 4316 De
2157 4261 2462 4333 geometria,
2488 4261 2817 4333 astronomia
2840 4270 2889 4333 et
2918 4270 3196 4333 computo,
3221 4278 3248 4315 ε
3269 4261 3633 4333 Xenophontis

468 4312 599 4367 Ἀπὸ
644 4313 763 4366 τῶν
806 4315 1407 4385 Ἀπομνημονευμάτων
1440 4312 1842 4383 Ξενοφῶντος.

2057 4312 2091 4316 —
2111 4312 2129 4316 ⁷
2364 4312 2400 4314 Α
2633 4312 3097 4384 Mentorabilibu's.

449 4423 467 4456 ι
520 4404 871 4457 Ἐδίδασκεδὲ
892 4404 1026 4476 (50),
1059 4406 1153 4458 καὶ
1178 4404 1369 4477 μέχρις
1391 4407 1513 4459 ὅτου
1547 4407 1655 4460 δέοι
1691 4406 1949 4478 ἔμπειρον

2132 4441 2152 4475 ι
2188 4421 2443 4487 Docebat,
2482 4417 2656 4490 inquit
2683 4421 2792 4487 ille,
2827 4429 3107 4491 prteterea.
3140 4432 3411 4492 quatenus
3443 4426 3631 4496 cujus-

372 4492 510 4549 εἶναι
544 4495 777 4549 ἑκάστου
818 4497 1142 4569 πράγματος
1178 4498 1270 4551 τὸν
1293 4498 1467 4570 ὀρθῶς
1498 4500 1948 4569 πεπαιδευμένον.

2053 4528 2161 4583 que
2203 4513 2280 4567 rei
2334 4512 2568 4583 peritum
2625 4526 2748 4567 esse
2799 4511 3076 4566 hominem
3131 4512 3268 4569 bene
3318 4492 3630 4571 institutum

374 4588 583 4641 Αὐτίκα
609 4588 949 4658 γεωμετρίαν
975 4587 1135 4659 μέχρι
1187 4588 1284 4659 μὲν
1314 4588 1501 4643 τούτου
1549 4589 1651 4661 ἔφη
1676 4589 1785 4643 δεῖν
1827 4607 1949 4660 μαν-

2053 4609 2347 4673 Oporteret.
2410 4599 2686 4670 Principio
2746 4604 3057 4674 geometriae
3114 4604 3348 4661 dandam
3405 4616 3634 4666 eatenus

376 4679 577 4744 θάνειν,
603 4678 706 4741 ἕως
741 4678 922 4742 ἱκανός
973 4697 1057 4742 τις
1101 4680 1329 4749 γένοιτο,
1365 4680 1563 4735 εἴποτε
1587 4682 1816 4754 δεήσειε,
1847 4684 1951 4754 γῆν

375 4772 560 4845 μέτρῳ
582 4771 757 4843 ὀρθῶς
796 4770 830 4841 ἢ
860 4771 1216 4843 παραλαϐεῖν,
1242 4774 1274 4843 ἢ
1310 4773 1659 4843 παραδοῦναι,
1691 4775 1724 4845 ἢ
1754 4775 1952 4828 διανεί-

375 4882 493 4934 μαι,
520 4864 554 4935 ἢ
583 4863 742 4936 ἔργον
768 4864 1066 4929 ἀποδεῖξαι.
1097 4865 1252 4918 Οὕτω
1283 4865 1340 4918 δὲ
1362 4864 1521 4918 τοῦτο
1557 4865 1736 4937 ῥᾴδιον
1762 4865 1951 4937 μαθεῖν

370 4950 530 5019 εἶναι,
559 4954 700 5007 ὥστε
720 4955 813 5007 τὸν
843 4944 1180 5027 προσέχοντα
1209 4956 1303 5009 τὸν
1362 4956 1486 5010 νοῦν
1546 4959 1611 5028 τῇ
1666 4958 1947 5028 μετρήσει,

371 5041 489 5113 ἅμα
513 5043 613 5114 τήν
639 5061 700 5097 τε
727 5044 832 5114 γῆν
854 5044 1029 5115 ὁπόση
1064 5046 1212 5099 ἐστὶν
1237 5046 1457 5110 εἰδέναι,
1488 5046 1582 5100 καὶ
1633 5047 1709 5111 ὡς
1738 5051 1951 5119 μετρεῖ-

370 5149 460 5188 ται
482 5134 840 5206 ἐπιστάμενον
872 5136 1108 5193 ἀπιέναι.
1132 5133 1204 5190 Τὸ
1222 5138 1279 5191 δὲ
1302 5138 1464 5210 μέχρι
1489 5138 1598 5192 τῶν
1618 5138 1948 5204 δυσξυνέτων

445 5287 915 5363 (ΒΨ-Ἐδίδασκε
939 5291 1025 5347 δέ.
1062 5291 1360 5363 Xenophon
1393 5294 1721 5352 Memorabil.
1750 5297 1844 5351 lib.
1871 5314 1945 5361 tv,

371 5358 494 5429 pag.
527 5358 632 5413 8M
676 5360 737 5412 B.
785 5361 1068 5428 Quatenus
1110 5358 1298 5418 earum
1337 5366 1707 5422 doctrinarum
1754 5358 1947 5424 studiis

370 5430 616 5507 eruditos
659 5446 784 5507 esse
822 5441 1072 5507 oporteat
1114 5434 1322 5507 reipub.
1368 5437 1657 5507 principes,
1702 5439 1947 5507 pluribus

371 5514 403 5552 a
456 5497 679 5554 Platone
729 5497 945 5579 liba'pe
999 5497 1563 5579 rapum-disputatur:
1615 5497 1946 5579 ᾹοῨιστικῆς

371 5584 642 5645 summam
688 5572 1051 5645 cognitionem
1107 5589 1228 5628 esse
1274 5573 1425 5642 jubet
1492 5572 1805 5645 geometria:
1860 5572 1945 5633 se;

371 5640 553 5720 eundo
577 5639 718 5720 .loco
754 5641 871 5720 dari
902 5657 1145 5720 operam,
1174 5639 1445 5720 quatenus
1483 5639 1751 5720 aptata;
1788 5666 1945 5720 στρα-

370 5708 865 5797 τοπεδεύσειςηκαὶ
901 5708 1228 5797 καταλήψεις
1281 5708 1541 5797 ιςωρίωνῇξ
1702 5708 1945 5787 συναῨω-

371 5777 495 5848 γὰς,
522 5779 616 5834 καὶ
642 5781 891 5845 ἐκτάσεις
922 5777 1199 5855 στρατιάς,
1234 5777 1325 5837 διάῖ
1358 5777 1457 5839 ὅσα
1488 5786 1551 5855 δὴ
1574 5787 1705 5843 ἄλλα
1737 5777 1939 5855 crnitu-

2054 4704 2275 4760 operam
2324 4708 2447 4748 esse
2490 4693 2728 4758 dicebat,
2781 4700 2841 4747 ut
2873 4692 2919 4747 si
2956 4693 3178 4763 quando
3217 4711 3306 4750 res
3358 4706 3629 4764 posceret,

2053 4785 2357 4837 dimensam
2395 4786 2496 4839 t'ite
2548 4794 2746 4839 terram
2797 4784 2883 4839 vel
2939 4786 3185 4856 accipere
3216 4786 3285 4841 ab
3343 4789 3491 4852 alio,
3543 4789 3630 4843 vel

2054 4874 2144 4927 alii
2174 4875 2406 4942 tradere,
2439 4876 2521 4929 vel
2551 4890 2669 4930 eam
2704 4875 2966 4942 dividere,
2994 4864 3082 4931 vel
3113 4891 3252 4947 opus
3280 4876 3500 4947 aliquod
3528 4862 3628 4935 de-

2052 4968 2268 5038 signare
2304 4979 2506 5038 posset.
2543 4966 2597 5024 id
2651 4984 2816 5039 porro
2863 4977 2970 5022 tam
3020 4985 3142 5025 esse
3190 4970 3258 5025 ad
3310 4972 3627 5029 discendum

2051 5059 2229 5125 facile,
2262 5066 2321 5114 ut
2355 5062 2448 5130 qtti
2478 5061 2873 5115 dimensionem
2901 5060 3179 5115 attendere
3204 5061 3454 5127 voluerit,
3487 5063 3627 5119 idem

2050 5152 2216 5206 simul
2246 5160 2299 5205 et
2319 5159 2523 5222 quanta
2555 5151 2627 5206 sit
2652 5159 2811 5206 terra!
2837 5150 3157 5221 magnitudo
3180 5154 3398 5223 assequi
3420 5156 3627 5225 possit;

2046 5308 2252 5375 τίζουσι
2294 5308 2363 5361 τὰ
2397 5307 2756 5379 στρατόπεδα,
2787 5305 3039 5379 conferre
3081 5316 3278 5374 potest.
3329 5306 3403 5363 De
3451 5318 3628 5364 astro-

2047 5382 2229 5434 nomia
2270 5381 2399 5448 quid
2442 5377 2666 5443 statuat,
2718 5377 3279 5448 subobscurum_cst,
3330 5381 3436 5433 nisi
3480 5382 3627 5448 quod

2046 5442 2304 5523 ἇντικρυς
2348 5463 2564 5523 parumu
2584 5447 2876 5523 admodum
2924 5446 3054 5523 περὶ
3094 5442 3180 5523 τὰ-
3203 5449 3381 5523 ὲνῂτῷ
3410 5442 3629 5523 οὐρανῷ

2048 5516 2296 5573 curioisos
2328 5516 2448 5573 esse
2479 5516 2629 5581 vult;
2665 5526 2829 5586 atque
2862 5516 2916 5569 in
2947 5516 3054 5571 illis
3079 5516 3383 5573 cmlestiurn
3408 5516 3623 5576 orbium

2046 5605 2111 5643 ac
2140 5589 2376 5642 siderum
2410 5586 2882 5653 conversionibus,
2917 5586 3166 5657 umbram
3209 5589 3389 5657 potius
3419 5600 3514 5644 aut
3545 5593 3623 5645 si-

2046 5657 2407 5712 militudinem
2454 5656 2732 5720 veritatis,
2781 5671 2947 5727 quam
2995 5655 3287 5726 ipsamttict
3342 5662 3621 5717 veritatem

2046 5728 2308 5798 agnoscit.
