4144 6420
448 306 460 373 1
492 306 632 363 1225
1157 301 1941 359 EUSlZBll'CIESARIENSiS
1970 305 2119 360 OPP.
2175 303 2361 358 PARS
2398 305 2463 359 11.
2494 336 2560 345 -
2588 306 3089 362 APOLOGETICA.
3620 309 3760 365 129.4

452 380 459 404 l

488 429 543 473 et
571 434 822 490 quaenam
852 418 975 486 ejus
1014 419 1300 473 metienda:
1334 419 1473 472 ratio
1511 421 1743 474 breviter
1776 422 2064 477 admodum

2173 420 2607 491 διαγραμμάτων
2635 423 2979 493 γεωμετρίαν
3025 422 3309 494 μανθάνειν
3336 421 3759 491 ἀπεδοκίμαζεν⁹

486 513 848 582 expediteque
877 525 1224 582 cognoscere.
1257 513 1328 564 At
1362 512 1606 581 ejusdem
1656 513 1707 566 in
1753 515 2064 583 geometriae

2169 510 2198 563 6
2232 529 2283 564 τι
2321 512 2417 582 μὲν
2447 511 2555 584 γὰρ
2574 512 2807 584 ὠφελοίη
2842 511 3035 569 ταῦτα.
3062 514 3163 565 οὐκ
3201 513 3303 583 ἔφη
3343 514 3495 584 όρᾷψ
3542 512 3637 567 καί
3680 529 3763 566 τοι

488 604 692 669 studio,
727 606 792 659 ad
828 604 950 658 illas
982 618 1156 674 usque
1188 603 1584 673 descriptiones
1616 605 1892 660 intellectu
1925 605 2068 660 dim-

486 695 711 770 ciliores
737 710 1070 769 quemquam
1104 696 1380 765 progredi.
1414 694 1625 751 Socrati
1658 712 1766 751 non
1798 698 2064 768 placebat.

485 787 586 843 Cui
617 790 762 843 enim
815 789 960 843 bono
990 787 1192 842 futurae
1225 788 1329 842 illae
1358 797 1563 853 essent,
1595 788 1777 844 videre
1808 805 1886 853 se,
1930 799 2069 844 tam-

484 882 588 937 etsi
641 897 711 936 ne
760 881 977 935 illarum
1020 878 1239 947 quidem
1290 879 1574 949 imperitus
1609 891 1773 947 esset,
1812 880 2065 952 negabat.

483 971 801 1038 Enimvero,
836 972 903 1025 ad
958 971 1385 1026 exhauriendam
1437 971 1678 1028 hominis
1727 973 1892 1027 vitam
1940 988 2064 1027 cum

485 1069 624 1123 satis
657 1068 779 1122 illas
803 1082 946 1131 esse,
986 1075 1102 1133 tum,
1132 1065 1363 1119 aliarum
1396 1065 1613 1120 interim
1658 1075 1713 1120 et
1743 1066 1981 1136 plurium
2014 1075 2070 1121 et

485 1160 771 1226 utiliorum
823 1159 1202 1213 doctrinarum
1239 1157 1420 1211 studia
1475 1158 1760 1227 impedire.
1801 1158 2068 1215 Astrono-

483 1254 651 1311 miam
679 1252 932 1309 similiter
956 1260 1185 1306 eatenus
1214 1250 1505 1320 complecti
1534 1252 1709 1306 solum
1737 1251 1981 1320 jubebat,
2010 1260 2070 1305 ut

483 1344 686 1409 noctis,
721 1344 934 1425 mensis,
968 1343 1207 1413 annique
1260 1350 1508 1411 tempora
1543 1357 1922 1413 COgnosceres,
1979 1353 2066 1397 at-

479 1451 591 1506 que
621 1435 788 1505 hujus
821 1436 1148 1507 cognitionis
1190 1450 1313 1506 ope,
1341 1436 1406 1491 .si
1449 1435 1670 1506 quando
1699 1435 1781 1489 vel
1832 1435 1953 1502 iter,
1986 1438 2068 1490 vel

482 1527 760 1597 navigatio
789 1528 1139 1598 suscipienda
1160 1537 1327 1591 esset,
1359 1529 1444 1584 vel
1490 1529 1714 1600 agendae
1745 1527 1925 1582 forent
1973 1545 2069 1583 ex-

478 1619 678 1684 cubiae,
714 1618 798 1673 vel
834 1619 887 1673 in
919 1619 1071 1674 aliud
1103 1620 1395 1690 quidlibet,
1423 1619 1581 1690 {quod
1617 1620 1815 1682 noctis,
1862 1620 2067 1675 mensis

479 1708 930 1778 anniquelspatio
961 1709 1077 1762 ﬁeri
1111 1707 1275 1775 solet,
1305 1708 1755 1787 incumbendum,
1795 1710 1965 1781 signis
1996 1710 2061 1764 ad

2169 603 2269 656 οὐκ
2301 602 2526 674 ἄπειρός
2544 620 2608 672 γε
2635 604 2815 658 αὐτῶν
2847 600 2935 675 ἦν.
2969 605 3112 675 Ἔφη
3167 605 3224 656 δὲ
3260 604 3419 658 ἱκανά
3446 604 3587 658 αὑτά
3623 600 3766 659 εἶναι

2168 694 2459 768 ἀνθρώπου
2487 696 2601 767 βίον
2630 696 3003 770 κατατρίϐειν,
3023 700 3116 751 xui.
3142 697 3316 752 ἄλλων
3345 698 3554 752 πολλῶν
3577 715 3637 752 τε
3667 699 3766 754 καὶ

2169 786 2460 859 ὠφελίμων
2494 788 2831 859 μαθημάτων
2867 789 3224 845 ἀποκωλύειν.
3262 790 3513 844 Ἐκέλευε
3565 790 3622 844 δὲ
3668 792 3765 845 καὶ

2171 880 2535 951 ἀστρονομίας
2566 880 2865 953 ἐμπείρους
2897 864 3204 952 γίγνεσθαι,
3223 884 3316 936 xu‘t
3342 882 3548 952 ταύτης
3578 882 3763 954 μέντοι

2173 970 2334 1041 μέχρι
2362 969 2456 1024 τοῦ
2483 972 2677 1037 νυκτός
2706 990 2766 1027 τε
2792 972 2961 1045 ὥραν,
2996 974 3091 1027 καὶ
3128 975 3317 1046 μηνὸς,
3365 975 3462 1028 καὶ
3510 975 3762 1029 ἐνιαυτοῦ

2169 1061 2429 1117 δύνασθαι
2506 1063 2817 1133 γινώσκειν,
2877 1066 3041 1119 ἕνεκα
3096 1065 3212 1130 τοῦ,
3275 1066 3503 1139 πορείας
3543 1085 3604 1120 τε
3669 1068 3764 1122 καὶ

2169 1153 2326 1218 πλοῦ,
2355 1156 2447 1208 κού⁵
2479 1156 2749 1226 φυλακῆς,
2787 1158 2881 1211 καὶ
2905 1159 3004 1211 ὅσα
3041 1158 3177 1212 ἄλλα
3201 1159 3234 1231 ἢ
3261 1159 3474 1223 νυκτὸς,
3505 1159 3539 1230 ἢ
3570 1158 3761 1228 μηνὸς,

2167 1245 2473 1317 ἣὲνιαυτοῦ
2528 1249 2846 1320 πράττεται,
2877 1249 3015 1322 πρὸς
3052 1250 3207 1304 ταῦτ’
3254 1251 3400 1322 ἔχειν
3439 1252 3763 1323 τεκμηρίοις

2169 1339 2423 1411 χρῆσθαι,
2464 1341 2561 1406 τὰς
2594 1342 2744 1413 ὥρας
2797 1343 2905 1396 τῶν
2944 1344 3251 1415 εἰρημένων
3307 1344 3758 1412 διαγινώσκοντα.

2169 1433 2282 1485 Καὶ
2313 1432 2484 1488 ταῦτα
2507 1433 2564 1486 δὲ
2587 1435 2767 1506 ῥᾴδιον
2803 1434 2992 1505 μαθεῖν
3021 1434 3175 1507 παρά
3193 1452 3255 1489 τε
3274 1434 3642 1508 νυκτοθηρῶν,
3665 1436 3764 1493 καὶ

2168 1524 2539 1597 κυϐερνητῶν,
2575 1527 2669 1580 καὶ
2694 1526 2868 1581 ἄλλων
2902 1527 3136 1592 πολλῶν,
3167 1521 3250 1590 οἷς
3299 1528 3559 1597 ἐπιμελὲς
3587 1527 3762 1581 ταῦτα

2168 1616 2385 1672 εἰδέναι.
2423 1618 2497 1671 T6
2527 1618 2582 1671 δὲ
2613 1618 2775 1689 μέχρι
2805 1619 2995 1689 τούτου
3047 1619 3412 1691 ἀστρονομίαν
3439 1618 3758 1690 μανθάνειν,

2172 1709 2333 1781 μέχρι
2360 1708 2456 1763 τοῦ
2489 1709 2581 1763 καὶ
2609 1710 2677 1763 τὰ
2712 1710 2786 1782 μὴ
2818 1711 2875 1764 ἐν
2898 1714 2965 1783 τῇ
2997 1711 3135 1782 αὐτῇ
3161 1710 3437 1782 περιφορᾷ
3480 1708 3628 1772 ὅντα,
3664 1707 3760 1761 καί

476 1816 543 1855 ea
576 1801 758 1855 omnia
801 1801 919 1857 suis
957 1816 1191 1870 quaeque
1248 1802 1587 1871 temporibus
1616 1800 1891 1865 obeunda,
1947 1817 2064 1856 cer-

2168 1802 2294 1864 τοὺς
2327 1801 2603 1872 πλανήτας
2646 1804 2742 1855 καὶ
2806 1802 3188 1875 ἀσταθμήτους
3234 1802 3469 1873 ἀστέρας
3515 1800 3756 1868 γνῶναι,

481 1892 712 1947 tioribus
746 1899 984 1947 uterere.
1004 1892 1170 1961 Atqui
1207 1892 1323 1947 haec
1346 1892 1524 1955 nihilo
1548 1891 1820 1948 dillicilius
1850 1903 1957 1947 tam
1997 1908 2075 1967 ex,

477 1981 763 2037 nocturnis
819 1982 1195 2053 venatoribus,
1240 1997 1403 2052 quam
1460 1998 1547 2047 ex,
1588 1984 1809 2037 navium
1862 1985 2063 2056 guber-

477 2073 808 2138 natoribus,
868 2081 923 2139 et
982 2072 1106 2130 aliis
1157 2074 1578 2145 quamplurimis
1642 2074 1806 2147 744
1871 2076 2073 2147 resciri

482 2179 668 2235 posse,
698 2179 730 2219 a
759 2163 963 2235 quibus
995 2179 1188 2220 eorum
1222 2165 1473 2235 peritiam
1502 2180 1617 2220 sua:
1645 2166 1911 2239 cujusque
1939 2181 2065 2236 par-

476 2265 564 2312 tes
611 2256 958 2328 otﬁciumque
1008 2257 1293 2329 deposcat.
1340 2246 1411 2325 At
1460 2250 1719 2319 eamdem,
1770 2266 1940 2329 artem
1995 2272 2063 2313 eo

477 2362 654 2419 usque
681 2349 960 2419 persequi,
986 2348 1117 2404 dum
1150 2364 1368 2426 eaqute
1399 2364 1510 2404 non
1544 2348 1737 2404 eodem
1770 2356 1921 2404 motu
1949 2349 2061 2404 cir-

476 2440 894 2521 cunferantur,
920 2442 1240 2513 rstellasque
1285 2440 1454 2497 simul
1503 2449 1748 2497 errantes
1796 2449 1849 2496 et
1897 2455 2063 2511 vagas

473 2522 810 2606 distinguere
860 2535 1102 2602 noveris,
1132 2534 1382 2605 adeoque
1434 2535 1486 2588 in
1536 2549 1727 2595 earum
1775 2533 1875 2589 abs
1916 2543 2060 2589 terra

476 2627 803 2694 intervallis,
843 2614 1320 2693 conversionibus,
1357 2625 1650 2696 causisque
1687 2625 1952 2690 rimandis
1989 2640 2061 2680 ze-

478 2726 648 2772 tatem
679 2716 931 2786 viresque
957 2730 1327 2782 consumere;
1354 2714 1409 2770 id
1446 2730 1574 2776 vero
1603 2715 1841 2785 graviter
1872 2715 2061 2785 impri-

475 2807 581 2862 mis
612 2821 677 2861 ac
710 2804 854 2860 serio
890 2805 1239 2876 prohibebat,
1271 2804 1416 2875 quod
1454 2804 1661 2860 nullum
1694 2805 1859 2875 huius
1893 2811 2075 2873 etiam

476 2912 657 2968 opera:
679 2897 913 2967 pretium
942 2897 1169 2961 videret,
1206 2895 1421 2967 tametsi
1451 2913 1519 2952 ne
1571 2897 1626 2951 in
1675 2897 1798 2953 istis
1838 2900 2056 2969 quidem

476 2989 643 3044 rebus
687 2990 888 3067 hospes
934 2990 1056 3061 ipse
1079 3004 1163 3060 ac
1190 2976 1514 3060 peregrinus
1560 2999 1728 3045 esset.
1789 2990 2067 3058 Addebat,

477 3080 829 3136 conﬁciendae
846 3078 1103 3163 hominis
1127 3081 1251 3136 vitae
1274 3081 1396 3157 illas
1416 3097 1639 3153 quoque
1661 3083 1796 3139 satis
1821 3082 2055 3150 futuras,

476 3187 602 3243 qua:
628 3154 853 3249 interim
881 3185 913 3225 a
946 3154 1197 3241 pluribus
1216 3154 1644 3245 'utilioribusque
1689 3176 1884 3231 studiis
1922 3192 2055 3230 avo-

475 3273 684 3339 carent.
726 3261 1011 3320 Postremo
1053 3255 1258 3335 quibus
1290 3267 1533 3323 coelestia
1579 3283 1811 3338 quaeque
1854 3284 2057 3323 numen

475 3353 789 3437 rationibus
834 3351 1195 3418 moderetur,
1246 3356 1561 3426 investigari
1610 3357 1863 3424 nolebat,
1914 3359 2095 3429 quod

475 3460 604 3501 cum
626 3461 691 3501 eo
729 3446 798 3502 ab
829 3446 1148 3501 hominibus
1175 3448 1406 3518 aSpirari
1439 3464 1547 3504 non
1579 3465 1758 3520 posse,
1800 3461 1916 3505 tum
1952 3453 2059 3505 mi-

478 3554 584 3593 nus
612 3553 737 3593 eum
768 3537 873 3593 diis
907 3538 1128 3608 probari
1155 3539 1518 3608 existimaret,
1542 3543 1634 3612 qui
1665 3558 1787 3611 qua:
1810 3553 2058 3613 prompta

479 3638 721 3700 notaque
747 3645 870 3685 esse
902 3631 1229 3698 noluissent,
1263 3631 1583 3702 inquireret.
1613 3632 1722 3688 Nec
1751 3636 1931 3691 minus
1960 3636 2057 3704 illi,

479 3736 645 3792 quem
680 3736 744 3776 ea
778 3721 1159 3779 vehementius
1197 3738 1330 3778 cura
1361 3724 1668 3789 distineret,
1706 3726 1930 3782 insaniae
1966 3743 2061 3798 pe-

478 3812 716 3867 riculum
766 3812 1053 3869 imminere
1102 3815 1337 3884 dicebat,
1375 3831 1539 3886 quam
1572 3808 1929 3890 Anaxagora},
1965 3820 2060 3890 qui

478 3894 783 3975 explicatas
820 3905 917 3963 abs
947 3924 1005 3963 se
1043 3900 1269 3963 deorum
1302 3894 1584 3965 machinas
1617 3919 1899 3981 tantopere
1947 3913 2060 3983 glo-

481 3996 750 4051 riabatur.
798 3984 1229 4068 Quippe,‘dut'n"
1255 3990 1434 4070 ignem
1486 4012 1651 4071 atque
1694 4003 1863 4057 solem
1892 4002 2058 4058 idem

481 4101 606 4142 esse
651 4087 876 4153 diceret,
914 4089 1189 4144 nesciebat
1219 4090 1429 4159 utique,
1465 4089 1642 4160 ignem
1698 4090 1947 4147 homines
1978 4092 2062 4147 vi-

484 4180 615 4234 dere
644 4178 921 4261 perfacile,
967 4180 1136 4235 solem
1171 4170 1349 4235 tamen
1382 4170 1670 4236 adversum
1715 4183 1917 4238 intueri
1949 4199 2060 4261 non

482 4272 647 4342 posSe
676 4270 690 4326 ἐ
727 4254 837 4343 ιιύί
870 4272 925 4327 in
957 4264 1072 4328 sole
1124 4274 1460 4344 apricantur,
1504 4270 1600 4330 eos
1649 4275 1905 4331 colorem’
1936 4254 2062 4332 inde

2166 1895 2258 1947 xui
2288 1894 2385 1957 τὰς
2427 1895 2757 1959 ἀποστάσεις
2788 1894 2967 1949 αὐτῶν
3019 1894 3129 1950 ἀπὸ
3188 1895 3290 1965 τῆς
3344 1894 3469 1965 γῆς,
3514 1892 3610 1946 καὶ
3656 1893 3760 1957 τὰς

2166 1972 2466 2055 περιόδους,
2499 1986 2593 2039 xu‘t
2625 1986 2723 2049 τὰς
2753 1986 2931 2049 αἰτίας
2958 1985 3137 2040 αὐτῶν
3191 1982 3456 2056 ζητοῦντα
3498 1983 3761 2055 κατατρί-

2166 2064 2382 2142 ϐεσθαι,
2416 2078 2654 2150 ἰσχυρῶς
2690 2079 3022 2149 ἀπέτρεπεν.
3090 2076 3369 2147 Ὠφέλειαν
3397 2076 3496 2147 μὲν
3528 2075 3634 2147 γὰρ
3667 2077 3761 2130 σε·

2164 2159 2357 2239 δεμίαν
2385 2169 2492 2223 οὐδ’
2524 2171 2581 2223 ἐν
2604 2169 2814 2234 τούτοις
2861 2170 2967 2241 ἔφη
3000 2170 3154 2241 ὁρᾷν,
3188 2167 3366 2221 καίτοι
3398 2167 3520 2221 οὐδὲ
3552 2171 3758 2221 τούτων

2164 2276 2228 2328 γε
2254 2261 2485 2332 ἀνήκοος
2511 2256 2599 2333 ἦν.
2649 2262 2793 2333 Ἔφη
2828 2262 2884 2316 δὲ
2911 2262 3005 2315 xui.
3028 2262 3202 2315 ταῦτα
3236 2261 3399 2317 ἰκανά
3419 2258 3561 2317 εἶναι
3590 2282 3759 2317 κατα-

2162 2344 2370 2423 τρίϐειν
2426 2352 2717 2426 ἀνθρώπου
2771 2353 2906 2425 βίον,
2942 2354 3037 2406 xui.
3079 2353 3287 2407 πολλῶν
3322 2355 3419 2408 καὶ
3459 2354 3755 2427 ὠφελίμων

2163 2444 2520 2498 ἀποκωλύειν.
2554 2445 2729 2508 Ὅλως
2758 2445 2815 2497 δὲ
2847 2444 2956 2498 τῶν
2990 2446 3257 2517 οὐρανίων
3343 2446 3550 2499 ἕκαστα
3569 2449 3598 2500 6
3622 2447 3756 2508 Θεὸς

2167 2538 2494 2607 μηχανᾶται,
2543 2536 2869 2609 φροντιστὴν
2914 2537 3197 2606 γίγνεσθαι
3256 2538 3590 2610 ἀπέτρεπεν·
3627 2537 3753 2594 οὔτε

2161 2628 2271 2699 γὰρ
2300 2614 2497 2697 εὑρετά
2528 2626 2837 2699 ἀνθρώποις
2861 2628 3000 2682 αὑτά
3036 2628 3284 2698 ἐνόμιζεν
3308 2629 3472 2695 εἶναι,
3501 2628 3627 2684 οὔτε
3652 2651 3751 2703 χα-

2165 2720 2407 2792 ρίζεσθαι
2431 2719 2572 2783 θεοῖς
2603 2718 2669 2773 ἂν
2692 2707 2883 2791 ἡγεῖτο
2900 2720 2994 2776 τὸν
3026 2722 3315 2794 ζητοῦντα,
3358 2725 3396 2781 ἂ
3427 2730 3623 2782 ἐκεῖνοι
3656 2744 3751 2780 σα-

2164 2813 2385 2884 φηνίσαι
2406 2813 2507 2865 οὐκ
2528 2810 2917 2884 ἐϐουλήθησαν.
2952 2815 3313 2871 Κινδυνεῦσαι
3344 2816 3392 2871 δ’
3418 2819 3485 2873 ἂν
3513 2819 3751 2889 ἔφη,καὶ

2163 2905 2583 2977 παραφρονῆσαι
2614 2906 2703 2958 τὸν
2726 2905 2900 2959 ταῦτα
2959 2909 3330 2979 μεριμνῶντα,
3370 2911 3523 2965 οὐδὲν
3555 2907 3747 2983 ἦττον,

2161 2992 2195 3065 ἢ
2245 2993 2611 3065 Ἀναξαγόρας
2638 2996 3069 3067 παρεφρόνησεν,
3124 2999 3154 3051 6
3188 3000 3444 3069 μέγιστον
3473 3004 3750 3075 φρονήσας

2161 3086 2255 3138 ἐπὶ
2287 3085 2364 3157 τῷ
2385 3086 2485 3150 τὰς
2509 3086 2616 3139 τῶν
2644 3085 2783 3142 θεῶν
2824 3090 3077 3160 μηχανὰς
3134 3090 3467 3162 ἐξηγεῖσθαι.
3514 3097 3752 3160 Ἐκεῖνος

2162 3175 2271 3248 γὰρ
2296 3177 2470 3246 λέγων
2505 3178 2603 3248 μὲν
2628 3178 2689 3231 τὸ
2721 3181 2855 3235 αὐτὸ
2875 3177 3015 3235 εἶναι
3037 3181 3149 3255 πῦρ
3178 3201 3237 3238 τε
3265 3187 3359 3240 καὶ
3377 3187 3548 3257 ἥλιον,
3566 3188 3752 3258 ἠγνόει

2160 3268 2242 3321 ὅτι
2270 3267 2332 3321 τὸ
2357 3268 2456 3339 μὲν
2494 3268 2606 3340 πῦρ
2633 3272 2681 3324 οἱ
2704 3271 2980 3343 ἄνθρωποι
3032 3273 3232 3346 ῥᾳδίως
3275 3275 3611 3348 καθορῶσιν,
3670 3281 3751 3343 εἰς

2160 3359 2217 3414 δὲ
2241 3361 2331 3414 τὸν
2359 3362 2508 3443 ἥλιον
2558 3362 2618 3415 οὐ
2644 3362 2897 3419 δύνανται
2931 3365 3297 3422 ἀντιϐλέπειν.
3355 3371 3465 3425 Καὶ
3495 3371 3602 3425 ὑπὸ
3651 3372 3751 3443 μὲν

2159 3449 2255 3504 τοῦ
2285 3450 2435 3522 ἡλίου
2460 3442 2963 3525 καταλαμπόμενοι,
3011 3456 3079 3510 τά
3134 3458 3402 3529 χρώματα
3448 3442 3751 3535 μελάντερα

2162 3541 2398 3617 ἔχουσιν,
2441 3544 2546 3599 ὑπὸ
2578 3545 2635 3599 δὲ
2672 3538 2778 3623 ,τοῦ
3057 3548 3139 3604 οὗ.
3189 3552 3404 3620 Ἠγνόει
3436 3552 3493 3607 δὲ
3524 3555 3619 3608 καὶ
3663 3555 3750 3609 ὅτι

2098 3618 2108 3709 γ’
2160 3635 2271 3689 τῶν
2302 3637 2369 3691 ἐκ
2396 3637 2496 3707 τῆς
2523 3636 2629 3708 γῆς
2672 3618 2984 3711 φυομένων,
3037 3642 3164 3696 ἄνευ
3202 3618 3302 3715 μὲν
3362 3645 3511 3717 ἡλίου
3573 3647 3752 3718 αὐγῆς

2160 3726 2312 3782 οὐδὲν
2357 3728 2580 3782 δύναται
2631 3729 2810 3795 καλῶς
2848 3731 3124 3800 αῦξεσθαι,
3174 3736 3279 3789 ὑπὸ
3320 3736 3376 3790 δὲ
3431 3736 3526 3792 τοῦ
3578 3738 3749 3812 πυρὸς

2163 3817 2565 3891 θερμαινόμενα
2628 3820 2806 3873 πάντα
2877 3822 3195 3880 ἀπόλλυται.
3262 3826 3490 3880 Φάσκων
3548 3828 3604 3882 δὲ
3655 3830 3749 3883 τὸν

2161 3909 2310 3981 ἥλιον
2337 3910 2484 3963 λίθον
2548 3910 2811 3983 διάπυρον
2866 3909 3024 3979 εἶναι,
3078 3916 3172 3971 καὶ
3211 3916 3370 3971 τοῦτο
3422 3918 3627 3989 ἠγνόει,
3663 3920 3749 3973 ὅτι

2120 4002 2124 4007 ’
2162 4000 2310 4065 λίθος
2336 4002 2456 4073 μὲν,
2485 4004 2541 4076 ὲν
2564 4002 2698 4074 πύρὶ
2725 4003 2823 4069 ὢν,
2872 4004 2999 4058 οὔτε
3030 4006 3258 4077 λάμπει,
3283 4007 3408 4062 οὔτε
3437 4010 3601 4065 πολὺν
3621 4012 3749 4085 χρό-

2163 4109 2252 4147 νον
2284 4095 2517 4164 ἀντέχει·
2550 4096 2578 4148 ὁ
2607 4095 2664 4148 δὲ
2695 4096 2846 4165 ἥλιος
2906 4098 3085 4151 πάντα
3129 4098 3221 4153 τὸν
3278 4101 3465 4172 χρόνον
3529 4104 3748 4157 πάντων

2161 4186 2540 4260 λαμπρότατος
2569 4188 2663 4253 ὢν,
2693 4190 2952 4262 διαμένει.
2988 4192 3234 4247 Ἐκέλευε
3261 4194 3317 4247 δὲ
3338 4199 3432 4249 καὶ
3453 4196 3748 4269 λογισμοὺς

2165 4278 2477 4352 μανθάνειν
2510 4283 2605 4335 καὶ
2635 4283 2840 4337 τούτων
2865 4284 2922 4338 δὲ
2968 4285 3169 4356 ὁμοίως
3193 4289 3307 4352 τοῖς
3328 4288 3507 4353 ἄλλοις
3526 4290 3742 4344 ἐκέλευε

483 4357 780 4430 nigriorem
808 4360 1155 4427 contrahere,
1187 4361 1281 4431 qui
1328 4376 1395 4416 ex
1427 4362 1551 4432 igne
1599 4379 1709 4418 non
1760 4375 2057 4435 sequatur:

2164 4373 2522 4443 φυλάττεσθαι
2558 4374 2655 4447 τὴν
2693 4376 2919 4447 μάταιον
2948 4381 3543 4454 πραγματείαν.Μέχρι
3566 4383 3621 4435 δὲ
3648 4383 3744 4439 τοῦ

480 4464 672 4505 eorum
701 4467 825 4522 qua:
847 4465 1146 4510 nascantur
1174 4472 1205 4512 e
1255 4466 1418 4524 terra,
1451 4458 1571 4515 sine
1613 4459 1745 4515 solis
1775 4461 2062 4531 splendore

2166 4464 2439 4536 ὠφελίμου
2468 4467 2644 4521 πάντα
2674 4469 2769 4522 καὶ
2793 4470 2954 4533 αὐτὸς
2984 4473 3326 4537 συνεσκόπει,
3356 4475 3452 4528 καὶ
3510 4474 3746 4543 συνδιεξ-

482 4542 667 4609 augeri
703 4558 1059 4617 crescereque
1086 4548 1243 4613 nihil,
1271 4549 1409 4603 nihil
1436 4558 1627 4605 contra
1658 4567 1767 4605 non
1802 4552 1939 4620 ignis
1970 4569 2064 4633 ar-‘

2162 4555 2246 4627 ῄει
2266 4560 2379 4621 τοῖς
2428 4558 2666 4615 συνοῦσι.
2700 4581 2718 4614 ι
2769 4562 2955 4616 Ταῦτα
3005 4562 3253 4634 Ξενοφῶν
3282 4568 3340 4621 ὲν
3380 4568 3744 4638 Ἀπομνημο-

482 4633 617 4687 dore
662 4635 1035 4706 languescere.
1093 4638 1247 4718 [dem
1290 4650 1544 4712 przeterea
1607 4636 1789 4697 solem'
1832 4642 2064 4727 ignitum

2162 4652 2471 4725 νεύμασιν.
2509 4653 2595 4705 Ἐν
2644 4655 2895 4728 ἐπιστολῇ
2920 4656 2976 4709 δὲ
2996 4660 3024 4710 6
3053 4659 3213 4722 αὐτὸς
3236 4663 3303 4731 τῇ
3330 4633 3467 4733 πρὸς
3486 4633 3746 4734 Αἰσχίνην

479 4725 717 4796 lapidem
746 4744 869 4785 esse
907 4746 1031 4785 cum
1062 4731 1287 4799 diceret,
1323 4751 1431 4788 non
1465 4734 1701 4800 videbat,
1735 4726 1968 4804 lapidem

2162 4743 2289 4813 7:5th
2314 4743 2601 4808 Πλάτωνος
2628 4748 2720 4799 καὶ
2750 4746 2861 4801 τῶν
2921 4749 3233 4818 αὐχούντων
3278 4753 3379 4823 τὴν
3418 4752 3514 4807 τοῦ
3545 4756 3745 4819 παντὸς

480 4820 661 4888 ignem
711 4825 1017 4894 conjectum
1074 4843 1176 4883 nec
1219 4826 1447 4899 fulgere,
1497 4841 1598 4882 nec
1631 4827 1723 4881 diu
1767 4827 2020 4884 resistere
2044 4847 2064 4911 ;.

2162 4832 2506 4905 φυσιολογίαν
2531 4836 2754 4890 τοιαῦτα
2783 4839 3003 4910 γράφει.

479 4914 649 4968 solem
680 4931 745 4970 ex
787 4920 937 4972 omni
969 4935 1082 4975 mvo
1129 4922 1488 4993 suum‘illum
1536 4921 1904 4993 splendorem,
1948 4938 2059 4993 quo
2096 4934 2294 4980 cuncta
2363 4937 2619 4997 superat,
2652 4941 2992 4987 constantem
3041 4948 3445 5005 pcrennemque
3487 4934 3743 4991 retinere.

481 5003 611 5061 Suis
641 5008 803 5063 etiam
836 5019 1028 5065 auctor
1064 5021 1202 5080 erat,
1233 5023 1296 5067 ut
1348 5012 1402 5066 in
1435 5011 1787 5082 computandi
1818 5022 1935 5067 arte
1976 5014 2258 5081 discenda,
2306 5018 2532 5086 perinde
2587 5027 2646 5073 ut
2693 5020 2749 5073 in
2787 5021 2911 5075 aliis
2960 5021 3177 5078 inanem
3204 5040 3268 5078 ac
3284 5003 3743 5095 supervacaneam

477 5110 700 5166 operam
737 5113 1019 5157 caverent.
1050 5102 1104 5157 Id
1155 5102 1303 5174 quod
1361 5104 1415 5158 in
1474 5103 1668 5173 primis
1715 5102 1784 5157 ab
1838 5118 1904 5158 eo
1943 5106 2295 5173 servabatur,
2349 5109 2443 5178 qui
2497 5113 2989 5167 commentationes
3038 5129 3102 5168 ac
3156 5114 3556 5186 disputationes
3613 5133 3745 5172 snas

477 5200 692 5256 omnes,
741 5207 879 5261 quas
923 5210 1050 5249 cum
1105 5195 1390 5265 discipulis
1438 5195 1674 5250 habebat
1728 5196 1867 5264 suis,
1919 5197 2086 5252 unius
2138 5199 2388 5255 utilitatis
2432 5200 2635 5256 ﬁnibus
2668 5202 2999 5258 includebat.
3040 5224 3059 5257 ι
3110 5205 3382 5263 Hactenus
3435 5208 3741 5280 XenOphon

478 5278 535 5334 in
567 5280 1022 5340 Memorabilibus.
1086 5287 1237 5342 Idem
1294 5289 1527 5358 epistola
1567 5288 1806 5359 quadam
1858 5289 1926 5344 ad
1978 5288 2297 5345 Aischinem
2344 5284 2567 5362 scripta,
2604 5294 2671 5350 de
2720 5293 2964 5361 Platone,
3002 5296 3180 5367 deque
3219 5299 3287 5354 iis
3334 5301 3427 5370 qui
3477 5278 3633 5356 suam
3681 5302 3743 5359 in

477 5375 800 5446 explicanda
828 5380 1071 5437 universi
1109 5392 1305 5439 natura
1351 5384 1752 5457 physiologiam
1805 5384 2182 5457 venditabant,
2213 5386 2329 5441 haec
2358 5387 2536 5443 habet.
