4144 6420
410 323 545 379 1225

936 462 1335 519 ΚΕΦΑΛΑΙΟΝ
1370 466 1468 519 ΙΒ¹.

405 555 544 625 Περί
568 552 691 609 τῶν
717 557 1110 625 φυσιολογεῖν
1128 559 1498 626 αὐχούντων.
1552 559 1695 613 Ἀπὸ
1714 549 1820 613 τοῦ
1871 562 1981 615 αὐ-

653 626 759 679 τοῦ
789 627 860 679 ἐν
883 626 1178 695 ἐπιστολῇ
1216 629 1368 696 πρὸς
1413 630 1727 698 Αἰσχίνην.

481 754 501 787 ι
531 735 656 789 Ὀτι
698 738 795 807 μὲν
827 738 935 809 γὰρ
985 738 1095 809 (51)
1133 737 1200 793 τὰ
1249 739 1370 794 θεῖα
1412 740 1551 811 ὑπὲρ
1604 742 1771 811 ἡμᾶς,
1819 745 1984 798 παντὶ

405 824 581 896 δῆλοψ
610 826 823 899 ἀπόχρη
849 828 905 881 δὲ
927 828 1005 899 τῷ
1033 828 1296 899 κρείττονι
1324 830 1422 900 τῆς
1443 829 1723 900 δυνάμεως
1744 831 1853 902 (52)
1886 832 1984 884 αὑ-

403 920 531 981 τοὺς
559 917 759 972 σέϐεινο
810 913 912 971 οἷοι
965 918 1021 971 δέ
1052 922 1211 985 εἰσιν,
1262 918 1385 973 οὔτε
1406 921 1583 992 εὑρεῖν
1624 923 1826 993 ῥᾴδιον,
1857 923 1983 976 οὔτε

405 1009 586 1081 ζητεῖν
610 1011 847 1081 θεμιτόν.
889 1011 1022 1064 Οὐδὲ
1053 1011 1162 1083 γὰρ
1194 1011 1468 1066 δεσποτῶν
1496 1011 1676 1082 φύσιν,
1702 1013 1734 1085 ἢ
1764 1015 1980 1084 πρᾶξιν,

402 1101 609 1166 δούλοις
630 1102 826 1156 εἰδέναι
862 1103 973 1172 (55)
1008 1103 1169 1157 πλέον
1203 1104 1504 1175 ὑπηρεσίας
1540 1105 1828 1175 προσήκει.
1875 1108 1984 1160 Καὶ

402 1193 464 1246 τὸ
491 1194 768 1264 μέγιστον,
799 1194 909 1263 ὅσῳ
938 1194 1044 1265 χρὴ
1069 1193 1304 1262 ἄγασθαι
1330 1194 1676 1267 τάνθρώπινα
1699 1196 1983 1249 διαπονου-

407 1285 603 1356 μένων,
635 1284 832 1356 τοσῷδε
868 1285 977 1357 (5i)
1025 1287 1137 1349 τοῖς
1187 1285 1345 1356 δόξης
1398 1288 1463 1339 ὲκ
1494 1286 1703 1340 πολλῶν
1741 1288 1983 1361 ἀκαίρων

402 1377 497 1430 καὶ
521 1378 693 1430 κενῶν
739 1375 1078 1446 γλιχομένοις
1134 1374 1298 1445 ἄχθος
1365 1376 1539 1447 φέρει.
1585 1376 1721 1430 Πότε
1766 1376 1895 1449 γὰρ,
1938 1373 1984 1432 ὦ

402 1470 627 1540 Αἰσχίνη
648 1510 661 1533 ,
694 1469 1016 1539 Σωκράτους
1054 1468 1258 1540 ἀκήκοε
1290 1486 1374 1532 τις
1427 1470 1691 1541 οὐρανίων
1726 1471 1853 1542 πέρι
1894 1471 1983 1524 λέ-

401 1577 609 1630 γοντος,
647 1560 678 1631 ἢ
725 1560 991 1632 γραμμὰς
1036 1562 1116 1623 εἰς
1170 1560 1541 1632 ἐπανόρθωσιν
1593 1563 1985 1634 παραινοῦντος

406 1653 728 1723 μανθάνειν;
777 1654 1058 1724 Μουσικὴν
1118 1653 1216 1723 μὲν
1249 1652 1357 1724 γὰρ
1416 1651 1575 1719 ῐσμεν
1625 1654 1787 1707 αὑτὸν
1823 1655 1983 1728 μέχρι

402 1742 556 1798 ὢτων
584 1747 849 1799 συνιέντα.
882 1744 1117 1798 Διετέλει
1161 1746 1218 1798 δὲ
1259 1744 1514 1798 ἑκάστοτε
1555 1745 1738 1809 αὑτοῖς
1785 1745 1979 1815 λέγων,

401 1834 455 1887 τί
476 1834 659 1900 καλὸν,
687 1835 779 1888 καὶ
798 1833 851 1887 τί
881 1814 1090 1906 ἀνδρία,
1123 1834 1434 1904 δικαιοσύνη
1463 1851 1523 1887 τε
1551 1834 1644 1887 καὶ
1667 1833 1822 1888 ἄλλαι
1855 1814 1983 1906 ἀρε-

401 1925 507 1979 ταί·
534 1924 850 1997 ἀνθρώπινα
882 1926 991 1998 γὰρ
1044 1927 1181 1979 αὐτὰ
1215 1925 1395 1995 ἀγαθά
1443 1925 1644 1978 ὲκᾶλει’
1673 1926 1740 1979 τὰ
1772 1925 1817 1978 δ’
1846 1926 1982 1981 ἄλλα

399 2020 434 2091 ἢ
471 2019 729 2074 ἀδύνατον
778 2019 1085 2091 ἀνθρώποις
1137 2018 1336 2074 ἁλῶναι
1386 2017 1642 2089 ἔφασκεν,
1704 2018 1737 2090 ἢ
1797 2019 1981 2090 μύθων

400 2107 540 2165 εἶναι
575 2112 834 2182 συγγενῆ,
880 2114 995 2182 μετ’
1023 2110 1223 2183 ὀφρύος
1267 2110 1539 2181 σοφιστῶν
1592 2111 1817 2180 παίγνια
1872 2111 1982 2164 διε-

402 2204 641 2267 ξιόντων.
673 2204 783 2259 Καὶ
814 2205 915 2258 οὐκ
935 2204 1088 2273 ἔλεγε
1121 2205 1218 2275 μὲν
1247 2203 1442 2269 ταῦτα,
1472 2204 1593 2274 οὐχὶ
1639 2204 1696 2258 δὲ
1723 2205 1978 2278 ἔπραττε.

401 2295 639 2366 Γράφειν
690 2296 748 2350 δὲ
804 2297 871 2352 τὰ
902 2296 1214 2370 πραχθέντα
1250 2296 1428 2363 ,εἰδότι
1478 2313 1582 2361 σοι,
1635 2296 1837 2370 καίπερ
1881 2297 1981 2352 οὑκ

401 2378 562 2459 ἀηδὲς
586 2388 864 2460 ἐσόμενον,
920 2390 1109 2462 χρόνον
1154 2389 1288 2459 ἔχει,
1339 2390 1627 2461 ἀνέγραψα
1667 2405 1727 2444 τε
1774 2390 1977 2447 ἄλλοθι.

401 2479 808 2534 Παυσάσθωσαν
831 2475 925 2534 οὖν
957 2480 1323 2551 ἐλεγχόμενοι,
1355 2479 1550 2552 ἢπρὸς
1582 2480 1646 2534 τὸ
1686 2479 1833 2545 εἰκὸς
1858 2480 1982 2534 ἴτω-

402 2589 521 2637 σαν,
552 2567 633 2636 οἷς
658 2573 953 2646 Σωκράτης
981 2573 1080 2627 οὑκ
1118 2574 1335 2645 ἤρεσεν,
1385 2566 1429 2642 ᾧ
1452 2573 1614 2639 ζῶντι
1647 2573 1745 2646 μὲν
1790 2577 1820 2628 ό
1859 2573 1980 2639 θεός

401 2662 593 2730 σοφίαν
615 2660 1014 2735 ἐμαρτύρησεν,
1045 2663 1095 2716 οἱ
1122 2662 1179 2715 δὲ
1206 2665 1515 2728 κτείναντες
1553 2663 1652 2736 τῆς
1696 2665 1981 2735 μετανοίας

399 2751 773 2825 ἀποκάθαρσιν
812 2754 911 2825 οὑχ
931 2745 1107 2825 εὗρον.
1143 2753 1217 2806 Τό
1247 2753 1304 2808 δὲ
1351 2754 1513 2807 καλὸν
1546 2755 1677 2826 ἄρα,
1702 2753 1980 2822 Αἰγύπτου

400 2843 738 2917 ἠράσθησαν,
779 2846 873 2899 καὶ
918 2847 1019 2916 τῆς
1048 2845 1338 2919 Πυθαγόρα
1380 2844 1715 2917 τερατώδους
1767 2845 1979 2915 σοφίας*

399 2930 475 2989 ὧν
511 2938 573 2990 τὸ
612 2935 862 3008 περιττὸν
890 2936 1002 3008 (55)
1029 2937 1122 2990 καὶ
1163 2936 1236 3008 μὴ
1289 2937 1515 3008 μόνιμον
1568 2937 1660 2988 ἐπὶ
1686 2934 1981 3007 Σωκράτην

403 3027 631 3100 ἠλεγξεν
678 3028 818 3100 ἔρως
884 3027 1215 3101 τυραννίδος,
1262 3028 1356 3081 καὶ
1401 3029 1522 3081 ἀντί
1568 3027 1777 3099 διαίτης
1830 3027 1981 3099 λιτῆς

1563 325 1883 382 ΡΒΛΕΡΑΒ.
1926 323 2177 387 ΕνΑΝο.
2218 324 2346 385 LIB.
2387 326 2526 386 XIV.

3517 335 3657 395 {226

2577 450 2738 523 71.5
2766 448 2995 507 CAPUT
3028 451 3142 507 xu.

2083 541 2165 596 De
2186 543 2254 596 iis
2276 543 2570 617 σαίνει-ατη
2592 560 2646 617 se
2669 557 2919 617 natur-(Lm
2962 545 3229 612 explicare
3266 548 3652 617 gloriabantur.

2349 611 2435 667 Ea:
2462 614 2697 683 ejusdem
2726 618 2795 668 ad
2819 611 3126 670 .Eschinem
3146 611 3391 686 epistola.

2161 743 2181 775 ι
2232 724 2487 795 Captum,
2521 726 2719 797 inquit,
2770 738 3018 783 nostrum
3066 745 3096 784 a
3133 731 3296 787 rebus
3321 730 3522 788 divinis
3557 747 3654 788 su-

2083 818 2263 884 perari
2295 832 2455 872 nemo
2494 833 2599 872 non
2631 819 2796 873 videt.
2851 819 2994 874 Satis
3034 830 3213 876 autem
3263 823 3421 878 nobis
3469 822 3654 891 fuerit,

2083 923 2179 964 eas
2229 920 2431 980 quanta
2476 926 2769 982 possumus
2814 914 3053 968 maxima
3114 914 3311 984 pietate
3363 916 3648 971 venerari:

2084 1000 2393 1069 cuiusmodi
2427 1017 2556 1056 vero
2585 1005 2713 1070 sint,
2747 1020 2847 1060 nec
2879 1007 3096 1076 assequi
3126 1006 3284 1060 facile
3312 1016 3415 1075 est,
3448 1024 3544 1065 nec
3570 1008 3654 1066 fas

2084 1092 2429 1164 investigare.
2460 1093 2570 1150 Nec
2601 1097 2745 1151 enim
2783 1099 2957 1153 servis
2986 1099 3111 1153 licet
3150 1099 3406 1155 herorum
3448 1109 3542 1156 aut
3572 1103 3656 1156 ina

2084 1187 2347 1256 genium,
2402 1196 2496 1242 aut
2557 1190 2797 1245 rationes
2842 1198 3045 1257 tenere,
3100 1191 3207 1247 nisi
3261 1203 3529 1262 quatenus
3585 1195 3654 1251 ad

2084 1278 2408 1348 obsequium
2466 1295 2689 1335 necesse
2740 1282 2832 1336 sit.
2897 1281 3160 1352 Quodque
3197 1284 3496 1337 maximum
3548 1293 3652 1352 est,

2083 1384 2194 1439 quo
2222 1372 2484 1441 majorem
2528 1373 2564 1426 ii
2614 1374 2827 1429 laudem
2858 1385 3154 1440 merentur,
3205 1377 3296 1446 qui
3330 1391 3514 1431 rerum
3550 1379 3654 1432 hu-

2084 1478 2370 1517 manarum
2415 1466 2791 1520 tractationem
2849 1466 3172 1536 suscipiunt,
3222 1482 3287 1522 eo
3335 1470 3554 1539 gravius
3599 1469 3655 1525 in

2083 1552 2220 1609 alios
2251 1555 2463 1623 pondus
2498 1556 2782 1620 incumbit,
2816 1558 2911 1627 qui
2950 1573 3015 1612 ex
3048 1559 3237 1613 alienis
3266 1560 3657 1633 inutilibusque
3730 1562 3731 1565 “

2083 1646 2369 1713 permultis
2400 1647 2629 1717 gloriam
2677 1658 3042 1718 aucupantur.
3073 1649 3207 1716 Quis
3240 1655 3409 1715 enim,
3450 1654 3525 1707 mi
3557 1652 3655 1707 ΑΞ-

2086 1737 2328 1803 sehines,
2360 1737 2640 1795 Socratem
2667 1757 2908 1811 unquam
2957 1743 3184 1807 audivit,
3216 1753 3311 1798 aut
3341 1746 3655 1801 coelestibus

2012 1802 2054 1857 Β
2082 1826 2149 1879 de
2194 1827 2360 1882 rebus
2419 1802 2826 1898 disputantem,
2875 1841 2970 1885 aut
3016 1802 3350 1904 corrigendis
3408 1837 3656 1893 moribus

2081 1916 2346 1972 linearum
2372 1917 2575 1990 ﬁguras
2605 1921 2815 1976 discere
2841 1922 3161 1979 suadentem
3187 1925 3211 1979 ἰ
3256 1922 3390 1980 Nam
3430 1930 3655 1984 musica:

2037 2029 2040 2033 ’
2081 2009 2321 2079 quidem,
2347 2011 2561 2065 aurium
2592 2021 2751 2066 tenus
2774 2014 3005 2082 peritum
3036 2014 3187 2070 illum
3219 2014 3390 2072 fuisse
3415 2026 3650 2075 constat.

2079 2100 2151 2154 At
2176 2116 2306 2155 vero
2333 2101 2475 2157 inter
2502 2118 2632 2158 suos
2658 2115 2941 2173 perpetuo,
2963 2105 3029 2161 de
3045 2107 3294 2174 honesto,
3313 2105 3651 2176 fortitudine,

2078 2191 2313 2263 iustitia,
2368 2195 2690 2265 exterisque
2738 2196 3032 2252 virtutibus
3089 2198 3413 2254 disserebat.
3466 2199 3655 2255 Enim.

2080 2298 2214 2338 vero
2260 2284 2399 2338 bona
2437 2284 2555 2339 hate
2605 2285 2826 2354 preprie
2870 2285 3109 2341 humana
3158 2288 3426 2356 vocabat;
3455 2299 3654 2347 caetera

2082 2373 2167 2427 vel
2197 2373 2265 2428 ab
2296 2373 2611 2429 hominibus
2639 2375 2759 2445 capi
2811 2389 2919 2429 non
2951 2390 3130 2446 posse,
3164 2378 3248 2432 vel
3294 2380 3542 2449 proxima
3572 2377 3658 2437 fa-

2081 2467 2226 2521 bulis
2272 2481 2393 2522 esse
2440 2466 2674 2531 dicebat,
2704 2467 3014 2536 cuiusmodi
3056 2482 3087 2523 a
3126 2470 3386 2540 sophistis
3429 2464 3657 2529 ridicula

2081 2557 2342 2627 pleraque
2372 2573 2496 2612 cum
2531 2559 2826 2628 supercilio
2854 2561 3078 2615 tractari
3111 2562 3368 2617 solerent.
3410 2559 3519 2618 Nec
3556 2562 3658 2619 ali-

2083 2657 2167 2705 ter
2195 2650 2425 2705 faciebat
2450 2651 2565 2721 ipse
2589 2666 2753 2722 quam
2784 2652 3124 2723 loquebatur.
3151 2653 3350 2709 Verum
3379 2671 3467 2711 res
3494 2656 3563 2711 ab
3590 2669 3656 2711 eo

2083 2751 2265 2812 gestas
2298 2743 2366 2797 ad
2398 2752 2469 2807 te,
2510 2743 2597 2798 eui
2629 2753 2768 2799 notae
2797 2745 2932 2801 satis
2960 2746 3069 2800 illae
3101 2756 3248 2810 sunt,
3280 2748 3564 2816 perscribi,
3594 2755 3657 2803 ut

2082 2835 2441 2906 injucundum
2486 2835 2582 2890 tibi
2629 2852 2737 2891 non
2787 2844 2952 2902 esset,
2992 2846 3171 2891 tamen
3208 2846 3264 2893 et
3292 2838 3553 2905 longioris
3601 2839 3658 2894 id

2084 2928 2346 2994 temporis
2380 2925 2566 2990 fuerit,
2610 2935 2664 2981 et
2702 2929 2816 2996 jam
2851 2928 2998 2998 ipsas
3041 2929 3171 2983 alibi
3209 2930 3652 2999 perscripsimus.

2081 3016 2327 3074 Convieti
2366 3034 2498 3089 ergo
2543 3019 2634 3073 isti
2668 3020 2753 3075 vel
2789 3020 3139 3089 acquiescant
3182 3021 3420 3090 penitus,
3472 3022 3553 3077 vel
3584 3037 3656 3076 a3-

402 3116 712 3184 Σικελιῶτις
739 3120 974 3191 γαστρὸς
1020 3120 1261 3192 ἀμέτρου
1290 3118 1537 3191 τράπεζα
1567 3118 1698 3191 (56).
1737 3140 1756 3172 ι
1791 3118 1979 3175 Ταῦτα

2083 3109 2309 3180 quitatis
2337 3110 2388 3164 in
2426 3119 2607 3179 partes
2628 3109 2922 3180 aliquando
2970 3110 3290 3177 concedant,
3324 3110 3525 3181 quibus
3554 3109 3658 3166 So-

399 3211 669 3283 Ξενοφῶν,
698 3213 790 3265 τὸν
815 3212 1077 3265 Πλάτωνα
1106 3211 1493 3284 αἰνιττόμενος.
1559 3215 1617 3267 '0
1644 3213 1702 3266 δέ
1747 3230 1811 3282 γε
1832 3212 1979 3267 Πλα-

2086 3216 2263 3260 crates
2296 3204 2385 3259 ille
2431 3220 2539 3259 non
2578 3205 2755 3274 placet
2809 3219 2897 3258 cui
2929 3203 3054 3257 vivo
3081 3201 3364 3273 sapientiae
3408 3203 3657 3258 testimo-

397 3319 507 3357 των
539 3305 597 3357 ὲν
629 3304 927 3372 Πολιτείᾳ,
984 3304 1114 3375 περὶ
1162 3303 1536 3375 γυμναστικῆς
1577 3303 1671 3356 καὶ
1711 3301 1977 3373 μουσικῆς

2082 3296 2236 3350 nium
2271 3298 2407 3352 deus
2438 3297 2553 3366 ipse
2577 3296 2760 3361 dedit,
2791 3295 2947 3365 cujus
2980 3295 3128 3350 necis
3164 3303 3422 3350 auctores
3448 3294 3653 3348 nullam

400 3396 515 3449 τάδ’
552 3398 756 3468 ἱστορεῖ
782 3397 948 3465 φάναι
974 3394 1065 3450 τδν
1099 3396 1417 3467 Σωκράτην.

2080 3388 2397 3459 paenitendo
2426 3388 2650 3443 sceleris
2690 3387 2945 3457 expiandi
2976 3388 3241 3442 rationem
3286 3387 3530 3442 invenire
3559 3400 3657 3456 po-

400 3489 644 3544 luerunt.
676 3490 808 3544 Illud
836 3505 968 3543 vero
995 3490 1338 3553 pmclarum,
1365 3488 1511 3560 quod
1549 3485 1837 3559 Egyptum
1866 3485 1979 3551 isti,
2016 3492 2071 3539 et
2115 3481 2489 3553 prodigiosum
2535 3480 2854 3554 Pythagorae
2899 3480 3222 3549 sapientiam
3284 3478 3608 3535 adamarunt
3637 3493 3652 3534 ι

400 3598 636 3654 quorum
678 3598 812 3637 sane
841 3598 1005 3652 quam
1055 3581 1235 3636 inanis
1278 3590 1333 3636 et
1369 3581 1689 3635 inconstans
1742 3594 1870 3649 erga
1936 3574 2220 3631 Socratem
2250 3575 2507 3629 voluntas
2534 3572 2718 3639 fuerit,
2750 3588 2905 3628 amor
2935 3572 3025 3627 ille
3076 3575 3398 3644 tyrannidis,
3434 3585 3509 3643 et,
3556 3589 3658 3650 pro

400 3678 548 3733 tenui
581 3676 888 3748 frugalique
932 3677 1103 3741 victu,
1157 3673 1339 3731 Sicula
1381 3691 1569 3730 mensa
1622 3672 1982 3730 immoderato
2021 3671 2298 3728 abdomini
2347 3670 2614 3736 serviens,
2667 3667 2957 3725 manifeste
2992 3669 3279 3740 palamque
3317 3672 3653 3729 convincit.)

404 3771 528 3830 Haec
552 3772 880 3843 Xenophon,
912 3770 1195 3827 Platonem
1247 3771 1585 3827 subobscure
1634 3770 1968 3841 signiﬁcans.
2036 3769 2106 3824 At
2154 3770 2383 3838 ipsemet
2424 3764 2578 3820 Plato
2629 3765 2684 3819 in
2730 3763 3017 3835 Republica
3062 3779 3183 3835 quae
3234 3776 3539 3835 sequuntur
3590 3765 3660 3821 de

401 3865 757 3938 gymnastica:
782 3878 848 3917 ac
896 3863 1122 3917 musicae
1169 3862 1381 3917 artibus
1432 3862 1501 3916 ab
1554 3859 1777 3916 Socrate
1830 3859 1977 3917 dicta
2014 3867 2429 3918 commemorat.

915 3954 1306 4009 ΚΕΦΑΛΑΙΟΝ
1365 3954 1465 4012 ῙΓ¹.

401 4049 540 4119 Περί
566 4045 979 4121 γυμναστικῆς
1016 4046 1117 4121 καί
1137 4045 1459 4121 μουσικῆς.
1495 4043 1636 4099 Ἀπὸ
1677 4044 1784 4100 τοῦ
1821 4044 1982 4099 Πλά-

868 4134 1056 4182 τωνος
1092 4117 1162 4169 ἐν
1196 4115 1469 4187 Πολιτείᾳ.

2556 3948 2721 4021 746
2776 3945 3005 4004 CAPUT
3030 3946 3171 4004 Xlll.

2174 4043 2252 4100 De
2283 4042 2628 4115 gymnastico:
2648 4057 2711 4115 ae
2746 4041 3210 4115 musicmortibus.
3237 4038 3325 4096 Ea:
3347 4038 3574 4099 Platone

2686 4112 2741 4163 in
2769 4109 3085 4179 Republica.

478 4255 498 4288 ι
534 4235 600 4288 Τί
636 4234 703 4290 ἂν
734 4230 827 4289 οὖν
856 4233 943 4302 εῐη
975 4229 1107 4303 (57),
1137 4223 1181 4283 ὧ
1211 4228 1490 4293 Γλαύκων,
1524 4228 1772 4299 μάθημα,
1800 4227 1979 4299 ψυχῆς

2160 4247 2179 4280 ι
2226 4226 2447 4297 Ecquod
2480 4226 2720 4289 tandem,
2752 4224 2948 4294 inquit,
2989 4223 3290 4293 disciplina:
3340 4239 3532 4294 genus,
3579 4220 3656 4281 mi

401 4328 557 4385 ὁλκὸν
583 4328 691 4380 ἀπὸ
709 4325 803 4380 τοῦ
824 4323 1148 4394 γιγνομένου
1184 4321 1277 4375 ἐπὶ
1330 4320 1391 4373 τὸ
1433 4318 1523 4385 δνς
1573 4319 1705 4373 Τόδε
1739 4318 1785 4370 δ’
1810 4317 1976 4372 ἐννοῶ

2085 4318 2314 4382 Glauco,
2347 4318 2591 4379 animum
2624 4316 2693 4370 ab
2724 4316 2816 4381 iis,
2863 4329 2986 4386 quae
3027 4315 3166 4370 tiunt
3206 4316 3272 4369 ad
3315 4317 3366 4370 id
3397 4316 3541 4386 quod
3575 4325 3659 4372 est

404 4421 576 4491 λέγων
606 4420 743 4491 ἅμα.
780 4420 894 4473 Οὐκ
946 4415 1183 4487 ἀθλητὰς
1241 4413 1421 4486 μέντοι
1482 4410 1719 4482 πολέμου
1773 4410 1980 4482 ἔφαμεν

2087 4412 2369 4466 traducere
2396 4426 2461 4466 ac
2488 4408 2786 4465 transferre
2818 4409 3037 4479 possit?
3084 4406 3214 4461 Mihi
3248 4407 3469 4477 quidem
3500 4407 3658 4477 illud,

403 4509 623 4574 τούτους
645 4510 940 4577 ἀναγκαῖον
993 4502 1133 4559 εἶναι
1183 4504 1335 4566 νέους
1387 4502 1584 4566 ὃντας;
1631 4531 1699 4542 -—-
1730 4500 1980 4570 ’Ἑφαμεν

2080 4503 2208 4559 dum
2266 4503 2481 4572 loquor,
2527 4501 2581 4555 in
2628 4509 2865 4556 mentem
2926 4499 3095 4556 venit.
3145 4497 3403 4571 Nunquid
3441 4510 3660 4557 nostros

477 4707 592 4778 (54)
619 4706 738 4778 Ὀτι
758 4702 1029 4778 μὲν-γάρ.
1063 4702 1210 4778 lde_m
1235 4698 1560 4778 Xenophon,
1598 4712 1721 4778 pag.
1915 4694 1977 4751 Β.

478 4765 590 4849 (52)
639 4774 723 4842 Τῷ
758 4765 1050 4849 ὂιρείἐτρνι
1093 4772 1207 4849 τῆς
1247 4765 1614 4849 δυνάμεως(
1644 4765 1748 4849 etc.
1796 4765 1981 4847 Xeno-

443 4838 628 4903 holitis
662 4838 926 4914 interpres
978 4847 1091 4898 haec
1126 4838 1217 4914 ita
1261 4849 1484 4914 mutat,‘
1509 4838 1570 4891 τὸ
1611 4839 1855 4914 κρεῖττον
1880 4838 1979 4905 τῆς

434 4918 685 4990 υνάμεως
723 4905 1091 4990 αὑτὰ-σέϐειν.
1125 4912 1313 4990 Metuit
1354 4905 1710 4990 nimirumfh
1743 4905 1981 4990 σολοικοο

406 4976 590 5059 φανός.
622 4976 907 5059 Praecessit
931 4984 1076 5059 enim
1097 4983 1165 5059 τά
1186 4981 1324 5045 θεῖα,
1347 4988 1464 5059 tum
1488 4978 1735 5059 sequitur
1763 4976 1977 5059 αὐτούς,

404 5046 604 5128 Quidni
649 5072 779 5128 ergo
804 5054 1071 5128 rsimiliter
1103 5047 1225 5128 οἶοι,
1255 5051 1399 5128 quod
1440 5046 1982 5128 sequi_t_ur,_muta.bat

405 5118 461 5185 ii.
496 5124 621 5183 uta?
647 5118 768 5181 Μεο
795 5118 1454 5188 judicio,.sollieilandum
1487 5120 1623 5172 nihil
1650 5126 1750 5188 est.
1782 5118 1980 5188 Atticis

405 5201 574 5267 enim,
600 5185 951 5267 XeIIOpiionti
982 5185 1279 5268 praesertim
1320 5200 1373 5245 et
1404 5188 1635 5254 Platoni,
1662 5185 1980 5268 familiaris-

405 5259 629 5335 simum,
655 5259 839 5332 casus,
863 5259 1059 5338 genera
1086 5263 1391 5338 modosque
1425 5269 1657 5319 mutare,
1691 5259 1783 5311 ubi
1812 5259 1981 5338 potis-

407 5332 623 5396 simum'
663 5332 1094 5408 signiﬁcationis
1123 5332 1304 5402 potius
1333 5345 1520 5408 “quam
1563 5342 1759 5382 vocum
1814 5332 1979 5408 ratio:

408 5393 529 5466 nem
562 5393 886 5464 habendam
940 5393 1271 5459 existimant.
1326 5393 1466 5465 Quid
1528 5408 1707 5452 autem
1753 5406 1881 5453 sunt
1912 5393 1982 5466 τά

408 5465 548 5545 θεῖα,
581 5479 688 5535 nisi
734 5475 879 5531 θεοίί
922 5472 1080 5540 Quod
1123 5472 1285 5545 etiam
1327 5468 1404 5545 τῷ
1450 5468 1751 5545 κρείττονι,
1787 5483 1883 5545 seu
1921 5465 1982 5518 τὸ

408 5538 652 5623 κρεῖττον
680 5548 779 5618 τῆς
811 5538 1110 5623 δυνάμεως,
1146 5543 1220 5623 ita
1253 5538 1431 5623 vertit,
1460 5538 1809 5623 niajorempb
1837 5546 1982 5623 pote-

407 5607 619 5685 εἰαιεηι,
652 5607 844 5672 vereor
874 5607 1335 5685 utXenophoutjs
1375 5626 1465 5685 ex_
1485 5607 1665 5662 mente
1697 5608 1768 5685 sit
1796 5623 1828 5685 :_
1843 5607 1981 5685 alio:

407 5694 502 5759 qui
549 5676 797 5751 dixisset,
842 5686 1057 5755 opinor,
1100 5676 1191 5735 επὶ
1235 5679 1314 5751 τῷ
1343 5679 1640 5750 κρείττονι,
1674 5679 1758 5734 vel
1802 5676 1891 5731 διὰ
1921 5676 1983 5729 τὸ

409 5763 674 5832 κρεῖττον.

685 5854 959 5914 Ριτιιοι..
1004 5849 1122 5910 Gn.
1168 5846 1346 5909 XXI.

2152 4702 2267 4773 (55)
2299 4703 2550 4773 Δοῄλοις
2568 4700 2813 4773 ειδέναι,
2838 4713 2942 4757 ete.
2971 4701 3269 4771 Xenopnon
3289 4743 3304 4767 ,
3332 4701 3551 4767 δούλους
3574 4700 3659 4759 δεῖ

2081 4768 2298 4837 εἰδέναι,
2343 4768 2425 4847 οἷς
2469 4773 2622 4847 οὐδὲν
2676 4770 2839 4826 πλέον
2883 4773 2981 4845 τῆς
3024 4768 3324 4845 ὑπηρεσίας
3371 4774 3656 4847 προσήκει,

2081 4859 2207 4923 que
2225 4844 2403 4923 etalio
2428 4842 2642 4923 Plenior
2665 4852 2768 4923 est:

2154 4914 2265 4984 (54)
2297 4910 2555 4984 Τοσῷδε,
2577 4921 2681 4967 etc.
2710 4913 2974 4984 Vitiosum
3015 4916 3101 4969 est
3134 4914 3276 4984 quod
3303 4913 3444 4983 apud
3472 4910 3659 4969 Xeno-

2081 4983 2271 5055 phont.
2291 4984 2362 5055 _in
2391 4983 2632 5055 margine
2660 4983 2965 5055 adnotatur,
2991 4985 3144 5037 τόσον
3171 4983 3288 5055 τόδε
3319 4985 3449 5055 τοῖς.

2156 5054 2268 5125 (55)
2291 5044 2402 5125 ’Ὧν
2433 5044 2747 5125 τὸμῖπεριττ.
2780 5054 2855 5109 Ita
2883 5044 3204 5124 Xenophon.
3235 5051 3373 5109 Male
3401 5044 3459 5107 in
3486 5050 3657 5124 priori

2081 5122 2335 5195 editione.
2371 5123 2447 5186 ὡς
2472 5122 2532 5195 to
2567 5138 2778 5195 περιττ.

2156 5188 2676 5266 (ὄδλΣικι-ξᾼιῶτιςζ
2696 5232 2709 5242 .
2733 5231 2747 5244 .
2775 5190 3045 5266 τράπεζα.
3093 5188 3246 5266 Plato
3275 5190 3409 5266 ipse:
3445 5191 3539 5260 qui
3573 5200 3657 5266 ιιι-

2083 5260 2189 5319 cite
2232 5260 2320 5318 hic
2351 5279 2382 5317 a
2412 5261 2773 5330 Xenophonte
2806 5260 3103 5326 mordetur,
3134 5261 3226 5315 lib.
3274 5275 3334 5315 ιιι
3372 5260 3443 5315 De
3473 5261 3652 5330 repub.

2085 5332 2553 5402 Socratem_habet
2582 5331 2871 5402 Adimanto
2896 5334 2975 5386 sic
3002 5331 3311 5402 loquentem
3338 5345 3354 5382 :
3384 5330 3658 5402 Συρακου-

2085 5405 2206 5458 σίαν
2237 5403 2315 5464 δὲ,
2350 5395 2395 5453 ὣ
2414 5401 2567 5472 φίλε,
2599 5401 2898 5470 τράπεζαν,
2930 5400 3041 5472 καίΔ
3058 5395 3344 5472 Σικελικὴν
3383 5395 3657 5472 ποικιλίαν

2082 5473 2247 5542 ὄψων,
2278 5472 2351 5534 ὡς
2399 5471 2596 5536 ἔοικας,
2628 5468 2728 5523 ὀὐκ
2767 5473 2957 5535 αἰνεῖς,
2989 5468 3144 5542 εἰπερ
3187 5486 3269 5523 σοι
3302 5468 3483 5524 ’ταῦτα
3510 5469 3658 5524 δοκεῖ

2082 5543 2259 5617 ὀρθῷἑ
2280 5542 2441 5617 EE”:

2154 5601 2505 5683 (57)_'j'l_d_vj
2545 5601 2827 5683 _01§r_etn.
2870 5606 3023 5683 Plato
3075 5609 3289 5683 lih_._vt[
3321 5609 3398 5665 De
3448 5608 3654 5681 repub.,

2085 5677 2205 5755 pag.
2237 5677 2343 5736 485
2373 5679 2414 5736 C
2447 5677 2619 5734 Ficini
2670 5677 2890 5734 Serrani
2913 5687 3093 5735 autem
3123 5679 3222 5736 521
3258 5679 3320 5735 ι).

3194 5835 3272 5898 39
