2072 3211
251 154 318 181 1227

565 153 699 182 EL’SEBII
719 153 958 182 CESARIENSIS
977 153 1051 181 OPP.
1073 154 1164 181 ΡΑιιε
1184 153 1213 181 ll.
1234 169 1268 174 —
1287 153 1538 182 APOLOGETICA.

1801 153 1871 181 1228

249 213 311 241 illos
338 213 492 248 reipublicze
507 213 645 246 custodes,
662 213 689 243 in
715 213 810 240 bellica
835 214 1025 240 exercitatione

1083 213 1146 249 γάρ.
1156 215 1244 239 -Δεῖ
1251 214 1304 248 ἄρα
1316 213 1362 239 καὶ
1378 213 1457 239 τοῦτο
1472 213 1528 247 (58)
1544 213 1688 248 προσέχειν
1698 213 1728 238 τὺ
1745 212 1870 248 μάθημα,

246 259 303 293 jam
320 265 406 291 usque
420 257 454 284 ab
470 257 649 284 adolescentia
663 258 818 284 necesmrio
833 262 955 285 versatos
968 265 1030 285 esse

248 304 346 331 debere
361 303 417 337 jam
432 303 572 330 diximus?
587 317 622 323 --
640 302 765 331 Diximus
789 303 893 338 utique.
908 318 944 323 -——
958 302 1029 338 Ergo

248 354 345 384 praeter
361 349 438 381 illud,
463 349 562 376 habeat
584 349 636 377 hoc
651 350 732 376 etiam
755 357 866 376 necesse
889 354 930 377 est
946 349 1029 376 disci‘

247 394 319 430 plina
336 402 417 428 quam
434 393 590 428 quaerimus.
605 408 640 412 —
655 393 724 426 Quid
741 394 847 421 tandem
860 394 871 420 ?
883 408 918 413 —
931 392 975 420 Uti
996 401 1030 421 ne

247 440 382 466 bellicosis
409 439 564 466 hominibus
590 439 693 466 inutilis
721 447 753 467 ea
780 440 825 466 sit.
857 439 972 466 Necesse
1002 439 1028 466 id

246 493 320 518 vero,
335 485 433 520 inquit,
450 485 473 512 si
485 486 565 512 modo
577 484 634 512 lieri
647 489 743 520 potest.
760 485 841 520 Atqui
856 485 1030 520 gymnastiea:

246 539 277 558 ac
295 531 405 557 musica:
420 530 524 557 artibus
539 530 600 557 illos
617 535 679 557 ante
689 530 745 565 jam
760 531 919 558 erudiimus.
936 545 969 550 —
983 529 1029 557 Sic

244 580 295 606 est.
310 575 408 609 inquit.
422 589 456 594 —
469 575 641 610 Gymnastica
656 582 738 609 porro
753 575 825 603 circa
840 576 866 602 id
882 576 954 610 quod
973 576 1028 602 ori-

245 626 289 648 tur
306 621 431 656 quodque
454 620 546 647 interit
564 625 618 647 tota
632 625 764 653 versatur,
792 628 938 655 corporum
954 621 1026 647 cnim

244 669 412 695 incremento
425 674 457 693 ac
469 666 643 693 diminutioni
656 670 763 701 praeest.
780 681 808 685 —
821 666 908 693 Certe.
922 682 954 686 ——
967 666 1026 693 Non

243 718 285 740 est
303 713 384 748 igitur
408 719 438 739 ea
466 711 619 746 disciplina,
644 719 725 745 quam
751 712 908 746 quazrimus.
925 727 961 732 —
980 711 1028 738 Mi-

244 759 317 786 nime
328 765 404 784 vero.
420 772 455 777 —
467 758 508 783 An
525 757 593 784 forte
608 757 710 784 musica
727 757 770 784 illa
786 757 830 790 sit,
845 757 932 791 quade
946 764 1027 792 supe-

244 807 300 832 rius
328 805 409 830 locuti
433 803 549 830 sumus?
572 803 605 829 At.
622 803 678 835 illa,
703 802 800 837 inquit,
827 803 849 830 si
868 803 1025 835 meministi,

244 858 321 876 usum
339 850 418 876 habet
434 849 608 883 gymnasticaa
623 848 649 874 in
665 847 790 875 dissimili
805 855 903 882 genere
920 847 1026 875 similli-

1081 260 1096 285 ὃ
1109 259 1252 294 ζητοῦμεν,
1268 259 1335 294 πρὸς
1347 259 1453 294 ἐκείνῳ.
1470 274 1504 279 -
1517 259 1553 285 Τὸ
1570 260 1660 290 ποῖον;
1680 274 1714 280 -
1727 258 1773 293 Μὴ
1786 258 1870 294 ἀχρη-

1082 313 1144 331 στον
1157 305 1454 340 πολεμικοῖς¹ἀνδράσιν
1469 302 1549 331 εἶναι.
1572 305 1616 330 Δεῖ
1633 304 1734 339 μέντοι,
1752 303 1815 338 ἔφη,
1832 303 1870 330 εί-

1082 359 1134 386 περ
1148 348 1203 377 οἷόν
1219 359 1258 376 τε.
1275 351 1450 385 Γυμναστικῇ
1481 359 1519 385 πη
1542 350 1588 376 καὶ
1608 351 1724 385 μουσικῇ
1737 349 1765 376 ἔν
1779 357 1811 383 γε
1832 348 1871 384 τῷ

1082 396 1200 431 πρόσθεν
1215 396 1389 422 ἐπαιδεύοντο
1404 397 1478 430 ἡμῖν.
1488 393 1585 421 -Ἦν
1601 394 1697 426 ταῦτα,
1714 394 1870 429 ἕφη,-Καὶ

1081 441 1255 475 Γυμναστικὴ
1268 440 1317 475 μέν
1328 449 1379 466 που
1387 440 1452 475 περὶ
1458 439 1616 474 γιγνόμενον
1630 440 1676 465 καὶ
1686 439 1871 473 ἀπολλύμενον

1079 486 1235 512 τετεύτακε·
1259 485 1385 521 σώματος
1400 485 1454 519 γὰρ
1467 484 1550 520 αὔξης
1563 485 1610 511 καὶ
1624 485 1741 519 φθίσεως
1760 486 1871 511 ἐπιστα-

1079 532 1130 557 τεῖ.
1141 546 1176 551 -
1188 531 1324 557 Φαίνεται.
1339 547 1373 551 -
1386 531 1471 557 Τοῦτο
1490 531 1538 565 μὲν
1564 530 1595 565 δὴ
1617 530 1667 556 οὐκ
1682 530 1715 556 ἂν
1734 529 1778 564 εἴη
1794 529 1808 555 ὃ
1821 529 1870 564 ζη-

1079 577 1179 612 τοῦμεν
1196 577 1411 612 patenum—00
1435 576 1499 612 γάρ.
1519 592 1552 596 —-
1571 576 1639 602 Ἀλλ’
1665 574 1719 611 ἆρα
1743 574 1870 610 μουσικὴ,

1078 623 1143 658 ὅσην
1161 622 1192 649 τὸ
1204 621 1335 659 πρότερον
1350 622 1492 657 διήλθομεν
1503 631 1509 654 ;
1530 622 1600 648 Ἀλλ’
1612 620 1646 657 ἦν
1657 622 1747 656 ἐκείνη
1757 620 1868 656 γ’,ἕφη,

1078 669 1254 704 ἀντίστροφος
1274 668 1323 703 τῆς
1351 667 1536 703 γυμναστικῆς
1567 666 1634 702 (59),
1661 667 1685 693 εἰ
1712 666 1869 701 μέμνησαι,

1078 714 1150 740 ἔθεσι
1164 713 1218 749 (60)
1232 713 1395 740 παιδεύουσα
1405 714 1467 744 τοὺς
1485 712 1617 746 φύλακας,
1639 711 1709 738 κατά
1733 719 1762 737 τε
1781 711 1868 746 ἁρμο-

1078 759 1137 786 νίαν
1147 758 1329 794 εὐαρμοστίαν
1343 758 1415 790 τινὰ,
1430 759 1479 784 οὐκ
1498 758 1653 793 ἐπιστήμην
1667 756 1848 791 παραδιδοῦσα
1858 777 1867 789 ,

1077 805 1124 831 κα).
1137 805 1207 831 κατὰ
1223 804 1325 840 ῥυθμὸν
1339 803 1496 839 εὐρυθμίαν,
1513 803 1540 829 ἐν
1566 812 1596 829 τε
1610 804 1666 834 τοῖς
1688 802 1776 836 λόγοις
1786 803 1868 836 ἔτερα

1078 849 1179 875 τούτων
1193 848 1294 883 ἀδελφὰ
1311 848 1358 884 ἔθη
1374 848 1441 874 ἄττα
1468 848 1576 882 ἔχουσα,
1595 848 1640 873 καὶ
1655 847 1711 873 ὅσοι
1737 845 1868 881 μυθώδεις

243 903 315 920 mum
333 904 338 920 :
361 898 452 927 utpote
471 901 531 927 qum
548 892 669 919 moribus
683 897 787 919 tantum
809 892 964 927 reipublicae
979 900 1025 919 eu-

1078 894 1130 921 τῶν
1144 894 1241 928 λόγων,
1258 894 1305 920 καὶ
1316 894 1373 920 ὅσοι
1388 892 1580 928 ἀληθινώτεροι
1596 890 1675 927 ἦσαν.
1701 892 1823 927 Μάθημα
1837 891 1867 919 δὲ

242 941 333 967 moch
359 940 497 970 informet,
524 944 605 973 atque
623 939 694 965 utin
711 945 842 966 concentu
864 939 921 965 ﬁeri
946 939 1025 971 solet,

241 992 330 1021 artam
348 985 494 1020 quamdam
509 984 710 1015 coli-.erentiam,
736 991 767 1011 ac
784 983 948 1018 persimilem
976 992 1027 1011 nu-

242 1033 323 1058 meris
339 1032 561 1065 compositionem
589 1030 763 1065 suppeditet,
781 1038 834 1057 non
857 1038 948 1057 veram
965 1037 1027 1064 pro-

242 1079 382 1112 priamque
398 1077 538 1103 scientiam
554 1085 560 1107 ;
575 1080 655 1110 atque
677 1075 704 1101 in
722 1075 781 1109 ipso
807 1075 913 1102 dicendi
929 1081 1027 1110 genere

240 1123 292 1149 alia
309 1122 429 1156 quantum
447 1122 544 1147 habeat
560 1121 682 1147 moribus
701 1120 754 1146 illis
778 1119 878 1152 aﬂinia,
895 1127 1027 1154 verasque

241 1167 411 1194 narrationes
429 1175 441 1192 a
459 1166 589 1192 fabulosis
613 1164 770 1199 distinguat.
787 1164 919 1191 Caeterum
947 1163 1027 1191 habet

240 1221 270 1239 ra
298 1212 374 1243 nihil.
396 1212 474 1245 cujus
492 1219 541 1237 nos
565 1210 682 1245 cognitio
706 1211 740 1236 ad
767 1210 868 1244 aliquid
896 1210 1026 1244 perducat

239 1257 383 1291 ejusmodi,
397 1257 468 1290 quod
488 1264 559 1282 nunc
584 1255 633 1282 abs
649 1259 675 1282 te
692 1255 832 1289 quaeritur.
849 1269 883 1273 —
894 1254 936 1282 Me
949 1263 1025 1287 vero,

240 1304 360 1337 inquam,
376 1302 520 1328 admodum
534 1306 683 1335 opportune
698 1307 810 1327 mones:
825 1307 937 1335 prorsus
952 1301 1025 1328 enim

240 1349 329 1376 simile
338 1349 402 1374 nihil
415 1347 597 1374 haln-t.—-Sed
621 1347 684 1381 quid
695 1346 786 1381 igitur,
799 1346 900 1381 optime
912 1345 1024 1380 Glauco,

240 1396 291 1421 tale
309 1403 367 1422 esse
383 1395 489 1429 possit?
504 1402 565 1420 nam
583 1399 655 1421 artes
671 1393 779 1428 quidem
797 1400 892 1420 omnes
911 1393 1026 1420 sordidae

240 1441 318 1467 nobis
340 1446 364 1466 et
389 1440 532 1466 illiberalrs
554 1439 618 1466 visa).
641 1443 713 1466 sunt.
731 1453 765 1458 —
780 1439 818 1466 Ac
843 1439 939 1465 merito
962 1438 1024 1473 qui-

239 1487 310 1513 dem.
334 1497 341 1510 ι
362 1486 441 1517 Τυιιι,
459 1486 581 1519 pluribus
604 1485 760 1519 interjectis,
773 1485 808 1511 ita
824 1484 998 1519 prosequitur
1016 1493 1022 1511 :

242 1542 249 1558 ι
263 1533 400 1559 Dabimus
420 1540 539 1566 operam,
559 1531 655 1566 inquit,
672 1539 705 1557 ne
719 1531 765 1565 qui
782 1538 797 1557 a
814 1530 892 1558 nobis
906 1531 1024 1558 educan-

239 1584 293 1610 tur.
310 1579 411 1612 aliquid
429 1578 462 1605 ab
479 1578 512 1605 iis
538 1578 588 1605 hoc
613 1578 639 1604 in
655 1585 752 1612 genere
769 1577 918 1611 perfectum
934 1577 1024 1604 minus

239 1630 431 1659 maturumque
459 1624 626 1655 doceantur;
658 1623 784 1657 quodque
814 1630 868 1649 non
892 1630 925 1649 eo
953 1630 1023 1649 sem-

238 1679 296 1704 per,
310 1678 364 1704 quo
379 1670 487 1696 tendere
499 1677 591 1695 omnes
606 1668 732 1699 debeant,
748 1668 893 1699 referatur,
909 1667 1024 1702 utijam-

236 1716 292 1750 jam
308 1716 346 1742 de.
357 1715 523 1742 astronomia
539 1714 705 1740 dicebamus.
728 1713 837 1748 Ignoras
853 1718 882 1740 tu
897 1721 971 1746 vero,
987 1713 1024 1740 si-

239 1761 302 1787 mile
316 1761 380 1794 quid
398 1760 471 1786 aliud
491 1759 517 1785 in
534 1759 676 1786 harmonia
700 1758 825 1785 homines
840 1759 908 1786 istos
922 1758 1024 1794 agere?

238 1806 340 1840 Quippe
361 1805 424 1831 dum
444 1805 504 1831 illos
529 1811 626 1831 vocum
651 1810 834 1838 sonommque
859 1808 1021 1836 concentus,

238 1852 284 1886 qui
298 1852 410 1878 auribus
424 1851 618 1886 percipiuntur,
633 1850 702 1877 inter
717 1857 777 1877 sese
796 1850 932 1877 metiendo
952 1857 1024 1877 com-

238 1902 352 1931 ponunt,
383 1897 523 1923 inutilibus
557 1896 583 1922 in
612 1895 704 1926 rebus,
732 1895 960 1929 quemadmodum
995 1898 1023 1922 et

237 1943 403 1974 astronomi,
433 1943 551 1969 studium
577 1948 743 1976 operamque
769 1944 884 1975 ponunt.
912 1939 950 1967 Ita
974 1948 1022 1975 per

238 1991 312 2021 deos,
329 1989 416 2023 inquit
432 1998 438 2021 ;
456 1996 486 2015 ac
503 1987 609 2014 ridiculi
631 1988 711 2022 plane
724 1991 799 2019 sunt,
814 1985 877 2013 dum
896 1986 1022 2020 frequen-

238 2040 355 2061 lamenta
383 2035 474 2060 nescio
492 2042 551 2068 que
569 2032 647 2068 747
677 2032 828 2064 nominant,
852 2031 1022 2066 admotisque

238 2080 349 2106 auribus
367 2087 456 2105 roeem
487 2080 561 2113 quasi
584 2077 695 2112 propius
718 2080 905 2111 aucupantes:
933 2076 977 2103 alii
993 2083 1022 2103 se

239 2128 265 2152 in
284 2125 373 2152 medio
391 2132 487 2151 sonum
512 2124 630 2158 aliquem
662 2122 800 2155 exaudire,
821 2129 854 2149 ac
878 2121 1020 2149 minimum

238 2171 315 2202 illud,
330 2170 409 2204 cujus
425 2170 451 2196 in
472 2169 608 2197 metiendo
632 2177 698 2196 usus
724 2176 785 2196 esse
804 2168 910 2199 debeat,
936 2168 1021 2195 inter-

236 2217 337 2244 vallum
351 2224 411 2244 esse
425 2216 548 2243 dictitant
564 2223 571 2247 ;
586 2215 630 2242 alii
644 2222 709 2242 vero
717 2213 935 2248 dubitant,quasi
948 2221 1021 2240 aro—
1037 2230 1059 2257 Β

238 2263 314 2289 ribus
330 2262 447 2296 illisjam
462 2261 558 2289 similis
569 2261 678 2296 quidam
691 2268 775 2287 sonus
789 2260 911 2287 exsistat.
924 2260 952 2286 In
966 2267 1020 2294 quo

238 2307 348 2341 utrique
361 2307 445 2333 tuenti
461 2313 541 2333 aures
559 2309 735 2340 anteponunt.
750 2303 791 2331 Tu
808 2312 882 2336 vero,
898 2304 1019 2338 inquam,

238 2354 307 2380 alios
325 2352 384 2379 illos
404 2352 548 2378 admodum
565 2351 643 2377 utiles
657 2350 798 2377 arbitraris
812 2349 857 2384 qui
875 2349 942 2376 ﬁdes
959 2357 1021 2384 per-

238 2403 321 2432 petuo
348 2401 467 2427 vexant,
490 2396 669 2428 distendunt,
692 2394 886 2429 claviculisque
909 2399 1020 2421 contor-

238 2442 346 2477 quent?
364 2442 461 2469 \‘erum
480 2449 514 2468 ne
527 2442 633 2476 longius
649 2441 706 2468 haec
725 2448 773 2467 nos
789 2440 878 2475 imago
893 2440 1021 2473 detineat,

240 2490 303 2516 dum
318 2488 421 2524 plectro
433 2488 546 2523 pulsatae
561 2487 625 2515 lides
640 2491 687 2513 aut
697 2486 841 2518 amrmant,
857 2490 903 2513 aut
914 2491 1021 2520 negant,

277 2577 330 2612 (58)
346 2576 394 2603 Δεῖ
406 2577 462 2610 ἄρα
475 2576 632 2606 καὶτοῦτο,
650 2579 702 2601 etc.
721 2573 841 2612 _l"icinus,
856 2581 908 2600 non
927 2573 974 2612 ita.
995 2571 1023 2600 ut

241 2608 354 2643 videtur,
371 2608 489 2638 auctoris
505 2619 537 2637 ex
560 2618 641 2637 sensu
662 2610 749 2639 vertit,
768 2613 866 2642 oportet
880 2616 940 2643 ergo
956 2608 1023 2634 hunc

200 2664 203 2666 -
240 2654 365 2681 prmerea
383 2647 511 2679 superiori
532 2645 627 2671 addere
650 2644 833 2681 disciplinam,
857 2651 935 2676 quam
952 2651 1024 2678 qut:-

237 2678 333 2717 i‘imua.
348 2678 504 2716 Προσέχειν,
521 2688 572 2707 :Ion
588 2684 628 2717 es}
643 2678 821 2713 προστιθέναι.
833 2710 845 2717 ⁵

278 2716 331 2750 (59)
359 2712 563 2749 ’τίνι-[ἄτρομος
587 2713 640 2747 τῆς
661 2712 872 2750 γυμναστικῆς.
897 2712 1023 2750 Sarorem

243 2747 327 2777 \ocai'
339 2751 385 2777 lib.
407 2758 435 2776 ιιι
451 2747 486 2776 [ie
503 2747 581 2782 ἱεραί)
597 2769 603 2780 ,
621 2749 663 2775 ubi
681 2750 713 2774 de
733 2748 834 2774 musica
851 2755 883 2773 ex
901 2747 1023 2781 professo

242 2786 360 2819 disputat
375 2794 381 2811 :
394 2783 455 2820 ⁷Δρ¹
471 2782 526 2815 οὖν,
545 2784 642 2820 ιιιίιιιὶιἶ
660 2784 676 2818 ή
698 2782 819 2820 βελτίστη
841 2782 1022 2818 γυμναστικὴ.

242 2817 341 2854 ἀόελφή
353 2828 394 2849 τις
412 2817 444 2846 ἂν
459 2820 500 2854 εἴη
515 2819 563 2854 τῆς
579 2817 829 2853 ἀπλῆςγμουσικῆςς

278 2852 340 2888 (ϐυ)
359 2855 471 2881 Ἐθεσι.
494 2852 628 2887 Quantum
656 2855 741 2880 rati-at
766 2852 867 2880 musica
897 2852 963 2888 πρὸς
988 2852 1022 2879 τὰ

1078 939 1145 974 πρὸς
1158 938 1277 965 τοιοῦτόν
1292 948 1318 965 τι
1333 939 1409 973 ἄγον,
1426 936 1520 965 οἷονσὺ
1534 938 1581 965 νῦν
1597 937 1698 972 ζητεῖς,
1707 938 1782 964 οὐδὲν
1790 935 1823 973 ἦν
1837 938 1867 964 ὲν

1077 985 1154 1020 αὐτῇ.
1165 1000 1199 1004 -
1214 985 1420 1020 Ἀκριῦέστατα,
1432 982 1466 1019 ἦν
1478 984 1500 1010 δ’
1511 983 1576 1017 ἐγὼ,
1585 983 1802 1019 ἀναμιμνήσκεις
1820 992 1864 1019 με.

1077 1029 1122 1064 Τῷ
1136 1030 1189 1065 γὰρ
1206 1030 1262 1056 ὄντι
1274 1030 1393 1056 τοιοῦτον
1404 1029 1479 1056 οὐδὲν
1487 1027 1569 1064 εἶχεν.
1580 1043 1613 1049 —-
1621 1029 1701 1061 Ἀλλ’,
1710 1027 1732 1055 ὦ
1745 1029 1863 1064 δαιμόνιε

1076 1075 1215 1108 Γλαύκων,
1230 1076 1255 1103 τί
1276 1076 1308 1104 ἂν
1323 1076 1365 1111 εἴη
1379 1076 1512 1109 τοιοῦτον;
1529 1076 1558 1103 αῖ
1569 1085 1597 1102 τε
1619 1076 1673 1112 γὰρ
1700 1076 1792 1111 τέχναι
1818 1075 1866 1110 βά-

1076 1123 1170 1149 ναυσοί
1186 1131 1236 1149 που
1251 1123 1354 1149 ἅπασαι
1369 1122 1460 1155 ἔδοξαν
1478 1120 1657 1154 εἷναι-Πῶς
1673 1122 1695 1149 δ’
1714 1121 1759 1154 οὓς
1778 1131 1788 1147 ι
1807 1119 1856 1160 Εζο

1076 1169 1140 1205 ἑξῆς
1156 1169 1257 1205 προῖὼν
1268 1169 1397 1203 ἐπιλέγει·
1413 1179 1421 1194 ι
1435 1169 1540 1205 Μήποτ⁷
1558 1169 1648 1195 αὐτῶν
1663 1168 1789 1200 τιατελὲς
1803 1169 1864 1195 ἑπι-

1076 1215 1202 1251 χειρῶσιν
1220 1215 1285 1250 ἡμῖν
1313 1214 1467 1249 μανθάνειν,
1494 1214 1540 1246 οὓς
1571 1214 1717 1249 θρέψομεν,
1743 1214 1789 1241 καὶ
1814 1215 1864 1241 οὐκ

1076 1259 1173 1295 ἐξῆκον
1187 1260 1275 1285 ἐκεῖσε
1289 1259 1341 1290 ἀεὶ,
1358 1256 1386 1285 οἷ
1401 1259 1504 1291 πάντας
1517 1259 1558 1285 δεῖ
1575 1259 1697 1294 ἀνήκειν,
1724 1256 1780 1285 οἷον
1802 1259 1864 1295 ἄρτι

1076 1305 1205 1340 περὶτῆς
1219 1305 1398 1340 ἀστρονομίας
1424 1304 1561 1340 ἐλέγομεν.
1592 1305 1627 1331 Ἦ
1650 1305 1699 1331 οὐκ
1719 1303 1795 1336 οἶσθ’,
1822 1305 1863 1331 ὅτι

1076 1351 1122 1377 καὶ
1135 1351 1197 1386 περὶ
1209 1350 1342 1386 ἁρμονίας
1352 1351 1444 1386 ἕτερον
1460 1350 1578 1377 τοιοῦτον
1591 1349 1713 1381 mtuum;
1741 1348 1791 1380 τὰς
1809 1348 1865 1385 γὰρ

1076 1396 1244 1431 ἀκουομένας
1268 1394 1300 1423 αὖ
1329 1396 1487 1430 συμφωνίας
1514 1396 1560 1422 καὶ
1592 1395 1726 1429 φθόγγους
1740 1394 1864 1430 ἀλλήλοις

1076 1441 1301 1476 ἀναμετροῦντες,
1324 1441 1441 1476 ἀνήνυτα
1467 1440 1562 1476 ὥσπερ
1576 1442 1600 1467 οἱ
1624 1440 1786 1476 ἀστρονόμοι
1805 1448 1863 1465 ποι-

1075 1488 1144 1514 οῦσι.
1159 1487 1200 1523 Νὴ
1211 1488 1273 1519 τοὺς
1290 1488 1376 1520 θεοὺς,
1391 1487 1453 1523 ἔφη,
1465 1487 1512 1514 καὶ
1522 1487 1634 1522 γελοίως
1652 1496 1682 1522 γε
1703 1486 1863 1521 πυκνώματ’

1075 1534 1142 1561 ἄττα
1158 1534 1213 1569 (61)
1229 1534 1417 1567 ὀνομάζοντες,
1444 1534 1491 1561 καὶ
1517 1533 1737 1569 παραϐάλλοντες
1748 1533 1781 1559 τὰ
1794 1530 1861 1562 ὦτα,

1074 1577 1129 1606 οἷον
1146 1581 1177 1606 ὲκ
1189 1579 1315 1613 γειτόνων
1341 1579 1430 1614 φωνὴν
1446 1579 1632 1615 θηρευόμενοι·
1661 1580 1684 1605 οἰ
1718 1579 1767 1613 μέν
1782 1586 1861 1613 φασιν

1074 1625 1113 1651 ἔτι
1127 1625 1288 1652 κατακούειν
1304 1626 1332 1651 έν
1351 1625 1425 1660 μέσῳ
1441 1625 1500 1651 τινὰ
1514 1626 1593 1659 ἠχὴν,
1611 1625 1658 1651 καὶ
1685 1625 1863 1659 σμικρότατον

1073 1668 1142 1697 εἶναι
1157 1671 1236 1697 τοῦτο
1251 1670 1397 1704 διάστημα,
1423 1666 1445 1703 ᾦ
1468 1670 1626 1705 μετρητέον·
1643 1670 1667 1695 ot
1686 1669 1708 1695 δ’
1722 1667 1862 1704 ἀμφισϐη-

1072 1717 1193 1748 τοῦντες,
1218 1717 1255 1748 ὡς
1276 1717 1367 1751 ὅμοιον
1391 1715 1442 1751 ήδη
1478 1715 1686 1750 φθεγγομένων·
1712 1715 1862 1751 ἀμφότεροι

1072 1759 1130 1789 ὦτα
1141 1763 1188 1789 τοῦ
1201 1762 1246 1789 νοῦ
1263 1762 1490 1798 προστησάμενοι.
1509 1761 1544 1788 Σὺ
1558 1762 1616 1796 μὲν,
1632 1759 1666 1796 ἦν
1676 1761 1698 1788 δ’
1713 1761 1776 1795 ἐγὼ,
1799 1761 1861 1792 τοὺς

1073 1808 1206 1844 χρηστοὺς
1221 1808 1307 1842 λέγεις
1317 1808 1379 1838 τοὺς
1404 1808 1464 1838 ταῖς
1483 1806 1591 1841 χορδαῖς
1613 1806 1761 1841 πράγματα
1788 1814 1860 1842 παρα

1072 1854 1193 1889 ἔχοντας,
1220 1854 1265 1879 κα).
1290 1853 1483 1888 βασανίζοντας
1497 1853 1544 1879 ἐπὶ
1568 1852 1623 1879 τῶν
1637 1852 1785 1885 κολλόπων,
1814 1848 1861 1878 καὶ

1073 1897 1277 1933 στρεϐλοῦντας.
1298 1898 1355 1924 Ἵνα
1371 1897 1399 1923 δὲ
1415 1897 1451 1932 μὴ
1466 1897 1622 1932 μακροτέρα
1645 1898 1661 1932 ή
1675 1896 1756 1923 είκὼν
1770 1896 1861 1932 γίγνη-

1071 1951 1126 1975 ται,
1143 1943 1273 1978 πλήκτρῳ
1297 1951 1326 1968 τε
1344 1942 1454 1976 πληγῶν
1471 1942 1649 1977 γιγνομένων,
1674 1942 1720 1969 καὶ
1741 1950 1861 1976 κατηγο-

1072 1989 1133 2024 ρίας
1148 1989 1222 2024 πέρι,
1236 1989 1282 2015 καὶ
1297 1988 1476 2024 ἐξαρνήσεως,
1499 1989 1546 2015 καὶ
1575 1988 1732 2020 ἀλαζονείας
1745 1987 1858 2023 χορδῶν,

1071 2035 1255 2070 παύομαιτῖκ
1275 2035 1387 2065 εἰκόνος,
1403 2034 1449 2060 καὶ
1478 2033 1508 2060 οὔ
1534 2042 1604 2069 φημι
1626 2033 1736 2065 τούτους
1758 2033 1858 2067 λέγειν,

1071 2079 1128 2106 ἀλλ’
1143 2079 1272 2111 ἐκείνους,
1289 2079 1336 2110 οὓς
1349 2079 1453 2113 ἔφαμεν
1469 2078 1516 2105 νῦν
1538 2079 1569 2114 δὴ
1585 2079 1648 2114 περὶ
1666 2079 1797 2115 ἁρμονίας
1822 2079 1860 2105 εί-

1073 2125 1171 2162 ρῆσθαι
1186 2125 1251 2160 (62),
1266 2125 1369 2152 Ταὺτὺν
1385 2126 1439 2161 γὰρ
1461 2124 1566 2151 ποιοῦσι.
1580 2126 1635 2157 τοῖς
1645 2125 1674 2151 ὲν
1687 2126 1719 2160 τῇ
1731 2126 1859 2160 ἀστρονο-

1073 2173 1132 2208 μίᾳ.
1150 2171 1219 2203 Τοὺς
1242 2171 1296 2206 γὰρ
1326 2171 1355 2197 ὲν
1383 2171 1495 2202 ταύταις
1524 2172 1583 2202 ταῖς
1605 2170 1774 2205 συμφωνίαις
1800 2173 1860 2202 ταῖς

1073 2216 1251 2252 ἀκουομέναις
1274 2216 1406 2251 ἀριθμοὺς
1435 2216 1570 2251 ζητοῦσιν,
1595 2216 1651 2243 ἀλλ’
1666 2216 1716 2242 οὐκ
1739 2217 1779 2247 εἰς
1795 2225 1860 2252 προ-

1075 2262 1199 2297 ϐλήματα
1212 2261 1316 2288 ἀνίασιν
1332 2261 1575 2292 ὲπισκοπεῖν,τίνες
1591 2260 1727 2295 ξύμφωνοι
1738 2260 1858 2295 ἀριθμοὶ,

1074 2306 1199 2337 καὶτίνες
1213 2305 1254 2336 οὒ,
1277 2306 1323 2332 καὶ
1337 2306 1380 2332 διὰ
1404 2306 1430 2331 τί
1447 2306 1580 2341 ἑκάτεροι.
1601 2315 1610 2331 ι
1646 2305 1725 2331 Ἀλλὰ
1738 2305 1791 2340 γὰρ
1813 2305 1861 2332 καὶ

1072 2351 1148 2378 ταῦθ’
1165 2353 1231 2386 ήμῖν
1243 2351 1294 2387 πρὸ
1307 2351 1367 2378 ὁδοῦ
1384 2351 1493 2383 κείσθω,
1507 2351 1733 2386 ἀπολογουμένοις
1762 2351 1802 2377 ὅτι
1822 2351 1859 2387 μὴ

1073 2397 1133 2432 δίχα
1150 2397 1268 2428 διανοίας
1280 2396 1371 2432 ὀρθῆς,
1390 2396 1501 2431 καὶτῆς
1524 2396 1578 2422 τῶν
1597 2396 1705 2422 τοιῶνδε
1726 2396 1860 2431 ἀχρηστο-

1076 2441 1189 2477 μαθείας
1201 2441 1424 2477 ὼλιγωρήσαμεν.
1437 2441 1604 2476 Σκεψώμεθα
1617 2441 1683 2477 δῆτα
1703 2441 1793 2468 λοιπὸν
1808 2441 1858 2476 ήδη

1074 2487 1175 2514 ἄνωθεν
1189 2487 1344 2522 ἀρξάμενοι,
1362 2487 1411 2518 τὰς
1435 2487 1488 2513 τῶν
1504 2487 1654 2522 εἰρημένων
1680 2486 1803 2513 Φυσικῶν
1817 2496 1860 2522 φι-

1074 2575 1138 2610 ἦθη,
1158 2576 1218 2602 eod.
1237 2575 1283 2602 lib.
1301 2583 1330 2601 ιιι
1344 2574 1476 2609 pluribus,
1490 2575 1534 2601 ubi
1549 2574 1744 2610 gymnasticam
1761 2582 1858 2610 corpo-

1076 2609 1126 2642 ris,
1143 2611 1274 2637 musicam
1289 2609 1372 2636 animi
1387 2611 1523 2644 propriam
1537 2609 1596 2636 esse
1610 2610 1697 2636 docet.

1111 2645 1166 2679 (61)
1179 2644 1350 2678 [Ima-dumi
1361 2643 1444 2671 ἅττα.
1456 2644 1555 2671 Gellius
1567 2644 1613 2670 lib.
1627 2643 1751 2678 i.cap.H
1770 2653 1775 2670 :
1788 2643 1857 2675 Quid

1074 2681 1142 2706 enim
1160 2680 1226 2713 foret
1242 2687 1272 2705 ea
1287 2688 1313 2704 re
1329 2679 1463 2713 ineptius?
1479 2679 1502 2705 δί
1513 2698 1520 2710 ,
1542 2684 1570 2705 ut
1585 2678 1718 2713 planipedi
1736 2678 1857 2710 saltanti,

1075 2715 1112 2740 ita
1130 2713 1247 2741 Graccho
1264 2714 1440 2745 contionanti,
1454 2722 1574 2740 numeros
1595 2718 1619 2740 et
1642 2713 1732 2739 modos
1744 2734 1751 2744 ,
1764 2718 1789 2740 et
1805 2714 1858 2747 fre»

1094 2753 1258 2775 nentamenta
1280 2750 1353 2774 varia
1379 2749 1472 2775 tibicen
1495 2748 1639 2774 indueret?
1663 2748 1796 2783 Numeros
1812 2748 1858 2783 ῥυ-

1074 2758 1258 2809 Ζιιεηιαηιεηια
1280 2758 1353 2774 ναι-ια
1379 2758 1472 2775 ιιοιερη
1495 2758 1638 2774 ιιιτιιιενειῖ
1663 2758 1796 2775 numeros
1812 2758 1858 2783 ρυ-

1084 2783 1178 2845 Ιμούς,
1200 2784 1294 2810 modus
1323 2783 1407 2818 μέλη,
1433 2783 1665 2818 frequentamenta
1690 2782 1859 2818 πυκνώματα

1074 2828 1082 2845 ι
1095 2824 1150 2844 ιΧΙΙ.

1074 2824 1150 2846 tliXll.

1111 2853 1165 2889 (62)
1182 2852 1243 2885 Ms,
1258 2851 1427 2888 αἱρήσεσθαι.
