4144 6408
443 321 580 375 1⁵229

1565 309 1889 370 ΡΒᾹΞΡΑΒ.
1934 308 2182 371 EVANG.
2226 314 2354 371 LIB.
2397 312 2535 374 X‘IV.

3560 319 3582 372 1
3598 320 3700 372 €250

438 437 680 506 λοσόφων
712 435 1046 507 δογματικὰς
1077 431 1212 506 πρὸς
1241 431 1501 503 ἀλλήλους
1529 431 1847 496 ἀντιδοξίας.
1879 430 2018 500 Τρά-

2119 439 2214 484 aut
2267 431 2561 500 superbius
2612 433 2989 505 refragantur,
3043 427 3256 489 mittam
3314 445 3434 489 eam
3491 436 3693 488 modo:

441 545 529 596 φει
554 527 618 598 δὴ
639 527 849 598 ἀθρόως
873 527 1146 590 ἁπάντων,
1170 524 1278 578 τῶν
1317 523 1678 577 Πλατωνικῶν
1710 521 1867 592 ὁμοῦ,
1927 522 2023 574 καὶ

439 620 841 690 Πυθαγορείων,
864 619 971 671 τῶν
998 636 1058 670 τε
1104 617 1183 671 ἔτι
1243 616 1628 688 πρεσϐυτέρων
1651 612 1899 666 Φυσικῶν
1929 630 2019 681 φι-

439 709 679 776 λοσόφων
713 707 1175 778 ὲπικεκλημένων,
1210 707 1303 759 καὶ
1327 701 1392 758 αὖ
1426 703 1586 758 πάλιν
1613 702 1720 756 τῶν
1745 701 2020 771 νεωτέρων

442 799 896 872 Περιπατητικῶν
922 817 980 851 τε
1009 799 1100 852 καὶ
1155 796 1426 859 Στωϊκῶν,
1482 796 1578 849 καὶ
1632 792 2020 864 Ἐπικουρείων

438 893 538 956 τὰς
565 893 720 956 δόξας
755 891 1073 960 συναγαγὼν
1098 892 1125 942 ὁ
1153 889 1515 959 Πλούταρχος,
1543 889 1599 940 ὲν
1630 881 1711 948 οἷς
1743 883 2021 954 ἐπέγραψε

440 985 580 1054 Περὶ
617 985 734 1038 τῶν
758 985 1141 1052 ἀρεσκόντων
1180 982 1303 1048 τοῖς
1359 981 1718 1049 φιλοσόφοις
1749 976 2024 1045 φυσικῶν

2122 529 2334 576 tantum
2364 521 2541 577 dicam
2570 539 2679 579 non
2707 525 2818 595 jam
2846 525 3005 588 istos.
3034 525 3128 580 sed
3160 525 3296 578 alios
3330 524 3452 579 illos
3491 526 3695 595 potius,

2122 612 2423 682 de-quibus
2449 615 2614 682 paulo
2642 624 2769 671 ante
2791 616 3185 686 loquebamur,
3236 617 3460 671 musicae
3495 633 3699 687 prace-

2121 710 2304 770 ptores
2348 703 2663 772 deligendos
2690 720 2831 762 esse.
2862 706 2995 761 Nam
3028 707 3115 761 isti
3158 707 3377 777 quidem
3426 709 3476 763 id
3518 709 3696 779 ipsum

2123 792 2268 861 quod
2304 797 2603 849 astronomi
2660 796 2887 862 faciunt,
2941 799 3070 853 dum
3113 799 3185 852 ita
3226 809 3524 855 concentus
3577 801 3698 870 ejus

2124 883 2216 952 qui
2238 899 2368 938 aure
2394 886 2688 956 percipitur
2713 905 2970 946 numeros
2993 891 3298 957 attendunt,
3338 900 3397 946 ut
3418 909 3696 962 nunquam

2125 973 2192 1028 ad
2227 991 2383 1030 veras
2414 977 2535 1032 illas
2581 981 2910 1049 quaestiones
2942 983 3204 1038 veniant:
3243 984 3466 1052 quinam
3521 1000 3550 1039 ρ
3593 1001 3697 1039 nu-

439 1074 765 1144 δογμάτων,
807 1074 895 1140 Ἐξ
917 1068 989 1127 ὧν
1024 1071 1411 1144 παραθήσομαι
1438 1069 1628 1123 ταῦτα.

2125 1068 2290 1123 meris
2323 1069 2462 1123 inter
2493 1085 2552 1125 se
2594 1076 2939 1140 conveniant,
2974 1076 3136 1145 quive
3165 1092 3325 1132 secus
3354 1095 3368 1143 ;
3401 1087 3454 1132 et
3507 1095 3701 1148 quanio

440 1171 627 1223 obrem
661 1170 877 1239 utrique
913 1170 1046 1224 tales
1083 1169 1402 1223 habeantur.
1449 1186 1466 1218 ι
1517 1163 1790 1218 Hactenus
1839 1161 2013 1216 Plato.
2056 1164 2232 1233 Atque
2265 1165 2379 1220 haec
2407 1182 2436 1220 a
2477 1169 2635 1224 nobis
2681 1173 2844 1226 etiam
2888 1173 3168 1242 praemissa
3219 1183 3400 1239 sunto,
3457 1191 3524 1229 ex
3575 1177 3699 1246 qui-

442 1267 543 1321 bus
577 1277 922 1322 accusatores
965 1267 1135 1320 nostri
1171 1264 1491 1333 intelligant,
1533 1276 1642 1314 non
1701 1259 1820 1314 sine
1882 1267 2098 1312 maturo
2137 1261 2366 1314 consilio
2427 1279 2530 1319 nos
2587 1265 2771 1320 inania
2827 1284 3007 1322 rerum
3059 1269 3324 1338 ejusmodi
3375 1271 3550 1326 studia
3608 1289 3698 1328 ne-

441 1363 692 1434 glexisse.
737 1359 856 1416 Jam
906 1378 1034 1416 vero
1083 1359 1378 1431 pugnantia
1431 1357 1518 1410 illa
1563 1353 2010 1426 philosophorum
2050 1369 2190 1422 quos
2216 1353 2475 1426 Physicos
2504 1372 2720 1424 vocant,
2749 1362 2966 1416 decreta
3025 1363 3187 1419 altius
3233 1365 3527 1435 repetendo
3577 1383 3701 1435 spe»

441 1465 668 1509 ctemus.
703 1454 1094 1524 Complectitur
1151 1467 1282 1508 sane
1323 1451 1647 1505 Plutarchus
1701 1447 2152 1517 philosophorum
2217 1449 2380 1503 simul
2424 1451 2667 1506 omnium
2718 1464 2826 1507 tam
2885 1453 3314 1519 Platonicorum,
3370 1472 3534 1526 quam
3595 1457 3700 1530 Py-

442 1545 847 1616 thagoreorum,
897 1561 1108 1602 necnon
1173 1542 1543 1612 antiquiorum
1575 1541 1739 1594 etiam
1809 1538 2050 1602 illorum,
2090 1554 2184 1608 qui
2221 1539 2438 1611 Physici
2487 1543 2617 1598 dicti
2650 1554 2798 1610 sunt,
2851 1562 3069 1616 unaque
3143 1549 3528 1614 recentiorum,
3584 1559 3696 1605 tam

442 1635 946 1706 Peripateticorum,
990 1651 1154 1706 quam
1187 1634 1519 1698 Stoicorum,
1550 1641 1602 1686 et
1633 1630 2025 1701 Epicureorum
2069 1633 2386 1698 sententias,
2420 1649 2486 1689 eo
2518 1636 2657 1691 libro
2697 1653 2856 1708 quem
2887 1638 2964 1692 De
2995 1640 3429 1709 philoaovhorum
3472 1643 3696 1696 decretis

442 1729 510 1781 ad
547 1745 626 1783 res
655 1729 901 1799 physicas
933 1727 1315 1797 pertinentibus
1343 1724 1689 1793 conscripsit.
1735 1721 1848 1793 Ego
1880 1722 1993 1776 haec
2030 1730 2238 1777 tantum
2269 1724 2431 1780 dabo.

973 1813 1370 1868 ΚΕΦΑΛΑΙΟΝ
1411 1809 1506 1866 ΙΔ’.

442 1926 618 1989 Δόξαι
648 1925 996 1995 φιλοσόφων
1034 1925 1166 1991 περὶ
1202 1923 1436 1995 (ἀρχῶν.
1472 1921 1630 1995 ᾼἈπύ
1675 1920 1796 1975 τῶν
1823 1923 2018 1995 Πλου-

511 1991 732 2064 τάρχου
765 1998 835 2049 ἐν
858 1991 938 2060 τῷ
989 1996 1125 2065 Περὶ
1143 1991 1259 2052 τῶν
1282 1991 1625 2066 ἀρεσκόντων
1661 1996 1774 2056 τοῖς
1806 1991 2018 2061 φιλοσό-

513 2084 634 2134 φοις
670 2067 911 2135 φυσικῶν
942 2065 1248 2136 δογμάτων.

517 2198 537 2230 ι
583 2178 761 2248 Θαλῆς
813 2182 840 2232 ὁ
893 2179 1156 2250 Μιλήσιος
1184 2178 1314 2250 (65),
1347 2174 1426 2241 εἷς
1478 2177 1586 2231 τῶν
1635 2174 1776 2230 ἑπτὰ
1810 2171 2016 2243 Σοφῶν,

443 2275 614 2350 ἀρχὴν
643 2274 750 2327 τῶν
779 2273 946 2326 ὄντων
974 2273 1290 2343 ἀπεφήνατο
1315 2269 1454 2324 εἶναι
1485 2270 1544 2323 τὸ
1573 2270 1734 2339 ὕδωρ.
1763 2271 1920 2321 Δοκεῖ
1962 2267 2019 2320 δὲ

443 2372 468 2422 ὁ
503 2369 641 2438 ἀνὴρ
675 2361 824 2427 οὗτος
845 2363 1006 2436 ἄρξαι
1037 2364 1132 2434 τῆς
1159 2363 1496 2433 φιλοσοφίας,
1527 2362 1620 2415 καὶ
1667 2362 1760 2413 ἀπ’
1791 2357 1954 2412 αὑτοῦ
1985 2359 2018 2429 ἡ

453 2457 665 2529 Ἰωνικὴ
695 2457 905 2528 αἵρεσις
927 2454 1365 2526 προσηγορεύθη.
1415 2453 1699 2522 Ἐγένοντο
1741 2449 1848 2521 γὰρ
1872 2450 2020 2502 πλεῖαι-

443 2568 565 2605 σται
595 2549 848 2618 διαδοχαί.
880 2548 1250 2617 Φιλοσοφήσας
1277 2546 1332 2598 δὲ
1374 2547 1432 2598 ὲν
1474 2545 1753 2614 Αἰγύπτῳ,
1783 2541 2021 2611 πρεσϐύ-

441 2660 596 2714 τερος
619 2638 780 2713 ἦλθεν
799 2642 877 2704 εἰς
911 2639 1171 2708 Μίλητον.
1220 2637 1309 2704 Ἐξ
1339 2636 1527 2700 ὕδατος
1579 2635 1636 2688 δέ
1666 2653 1798 2706 φησι
1843 2635 2022 2688 πάντα

442 2731 602 2797 εἶναι,
634 2735 728 2787 καὶ
770 2734 850 2795 εἰς
895 2731 1038 2802 ὕδωρ
1071 2732 1247 2784 πάντα
1293 2729 1637 2783 ἀναλύεσθαι.
1695 2727 2021 2798 Στοχάζεται

441 2827 497 2880 δὲ
511 2828 574 2879 ἐκ
587 2825 772 2878 τούτου
791 2821 1027 2895 πρῶτον,
1046 2823 1127 2875 ὅτι
1150 2823 1364 2876 πάντων
1382 2821 1536 2886 ζώων
1558 2825 1592 2892 ἡ
1613 2822 1743 2891 γονὴ
1765 2821 1905 2892 ἀρχή
1931 2822 2024 2872 ὲσα-

441 2938 546 2983 τιν,
579 2917 721 2990 ὑγρά
752 2911 908 2970 οὖσα⁶
926 2914 1098 2979 οὕτως
1114 2917 1258 2978 εἰκὸς
1278 2915 1460 2968 καὶτὰ
1476 2915 1650 2968 πάντα
1665 2901 1721 2979 ἐξ
1735 2911 1900 2984 ὑγροῦ
1922 2912 2020 2984 τὴν

443 3013 617 3084 ἀρχὴν
644 3010 808 3080 ἔχειν.
841 3007 1121 3078 Δεύτερον,
1149 3009 1230 3061 ὃτι
1261 3007 1435 3060 πάντα
1455 3007 1526 3059 τὰ
1551 3006 1691 3075 φυτὰ
1722 3004 1874 3076 ὑγρῷ
1897 3006 2021 3076 τρέ-

444 3105 600 3175 φεταί
635 3121 692 3158 τε
722 3103 816 3156 καὶ
845 3103 1201 3172 καρποφορεῖ·
1237 3099 1566 3170 ἀμοιροῦντα
1596 3098 1654 3151 δὲ
1683 3097 2012 3168 ξηραίνεται.

442 3193 634 3268 Τρίτον
660 3195 736 3259 δὲ,
767 3195 848 3248 ὅτι
870 3192 965 3246 καὶ
995 3192 1124 3245 αὐτὸ
1149 3191 1208 3245 τὸ
1240 3190 1350 3261 πῦρ
1403 3191 1464 3243 τὸ
1511 3188 1598 3242 τοῦ
1634 3189 1783 3260 ἡλίου
1819 3189 1912 3243 καὶ
1955 3189 2016 3242 τὸ

441 3287 550 3341 τῶν
581 3287 791 3356 ἄστρων
815 3287 936 3348 ταῖς
957 3283 1064 3336 τῶν
1086 3282 1292 3336 ὑδάτων
1322 3280 1713 3352 ἀναθυμιάσεσι
1739 3281 2014 3351 τρέφεται,

441 3382 537 3434 καὶ
569 3381 728 3443 αὐτὸς
759 3382 787 3433 ὁ
814 3377 1030 3449 κόσμος.
1085 3376 1184 3429 Διά
1221 3375 1375 3428 τοῦτο
1420 3375 1514 3427 καὶ
1546 3374 1789 3445 ’Όμηρος
1816 3374 2017 3444 ταύτην

442 3471 540 3542 τὴν
572 3469 784 3540 γένεσιν
815 3469 1126 3524 ὑποτίθεται
1147 3468 1275 3538 περὶ
1295 3467 1386 3520 τοῦ
1420 3465 1629 3528 ὓδατος

456 3738 734 3793 Ὠκεανὸν
795 3736 936 3808 (64),
985 3735 1174 3805 ὅσπερ
1226 3733 1463 3805 γένεσις
1511 3733 1804 3878 πάντεσρνι
1857 3735 2021 3790 τέτυ-

1771 3824 1923 3860 κται.

1771 3824 1902 3860 κται
1911 3847 1923 3859 .

443 3900 629 3954 Ταῦτα
664 3901 760 3971 μὲν
811 3902 839 3953 ὁ
873 3898 1072 3968 Θαλῆς.
1141 3899 1558 3970 Ἀναξίμανδρος
1590 3899 1647 3952 δὲ
1691 3903 1719 3953 ὀ
1758 3899 2020 3971 Μιλήσιός

446 4009 576 4062 φησι
609 3991 716 4046 τῶν
763 3991 933 4044 ὄντων
980 3989 1076 4060 τὴν
1105 3989 1277 4062 ἀρχὴν
1316 3986 1452 4043 εἶναι
1501 3990 1564 4043 τὸ
1615 3988 1860 4060 ἄπειρον.
1926 3991 2021 4042 Ἐκ

445 4084 552 4156 γὰρ
589 4081 778 4136 τούτου
813 4080 990 4134 πάντα
1049 4079 1328 4149 γίνεσθαι,
1371 4079 1466 4133 κα)⁵
1507 4081 1587 4142 εἰς
1627 4079 1784 4132 τοῦτο
1846 4080 2021 4133 πάντα

445 4174 778 4246 φθείρεσθαι.
797 4173 888 4226 Διὸ
921 4174 1012 4226 καὶ
1042 4171 1332 4241 γεννᾶσθαι
1364 4172 1623 4244 ἀπείρους
1650 4165 1908 4245 κόσμους,
1927 4174 2021 4227 καὶ

445 4267 604 4321 πάλιν
639 4265 951 4336 φθείρεσθαι
985 4267 1064 4328 είς
1084 4259 1164 4327 τὸ,
1192 4261 1250 4328 ἐξ
1276 4257 1337 4317 οὗ
1369 4265 1593 4332 γίνεται.
1619 4257 1782 4334 Λέγει
1835 4265 1880 4318 δ’
1905 4261 2016 4331 οὖν,

443 4357 576 4413 διότι
613 4357 674 4410 τὸ
705 4354 930 4430 ἄπειρόν
967 4360 1134 4421 ἐστιν,
1167 4357 1254 4412 ἵνα
1279 4357 1444 4428 μηδὲν
1468 4356 1688 4427 ἐλλείπῃ
1717 4357 1812 4410 καὶ
1869 4359 1900 4426 ή
1930 4357 2021 4427 γέ-

2708 1816 2936 1874 CAPUT
2965 1818 3105 1873 XIV.

2119 1917 2559 2002 Philosophorum
2589 1929 2652 2002 de
2676 1930 2952 2002 principiis
2979 1934 3266 1988 sententiae.
3305 1925 3390 1988 Ex
3423 1935 3700 1990 Plutarchi

2195 1991 2350 2069 libro,
2414 2013 2565 2066 quem
2619 1991 2694 2053 De
2725 1991 3172 2069 philosophorum
3226 2005 3457 2060 decretis
3504 2010 3570 2061 ad
3610 2023 3698 2062 res

2188 2062 2443 2133 physicas
2480 2062 2877 2136 pertinentibus
2905 2062 3237 2142 conscripsit.

2197 2193 2216 2227 ι
2266 2175 2464 2235 Thales
2513 2180 2759 2237 Milesius
2789 2225 2804 2250 ,
2853 2183 3058 2254 inquit,
3117 2194 3322 2255 septem
3378 2187 3698 2257 Sapientum

2118 2283 2283 2332 unus,
2325 2287 2504 2326 rerum
2546 2276 2872 2344 principium
2907 2292 3106 2347 aquam
3136 2294 3258 2334 esse
3297 2282 3696 2350 pronuntiavit.

2120 2359 2170 2414 ls
2200 2370 2253 2415 et
2309 2364 2668 2434 philosophia:
2721 2369 2957 2432 initium,
3006 2380 3060 2424 et
3088 2369 3284 2426 Ionicae
3334 2383 3494 2427 secta:
3537 2373 3702 2444 748

2119 2464 2316 2506 nomen
2343 2453 2555 2508 dedisse
2579 2456 2813 2522 videtur,
2843 2474 2872 2512 a
2905 2474 3016 2528 quo
3062 2461 3244 2530 plures
3276 2464 3532 2532 deinceps
3574 2481 3700 2519 suc-

2120 2544 2398 2600 cessiones
2438 2559 2749 2618 propagatae
2797 2560 2944 2605 sunt.
2998 2550 3144 2607 Idem
3193 2562 3315 2623 post
3354 2566 3604 2608 navatam
3642 2557 3696 2608 in

2121 2635 2356 2709 Egypto
2401 2641 2759 2712 philosophiae
2798 2659 3045 2713 operam,
3093 2645 3336 2700 Miletum
3378 2647 3538 2702 rediit
3582 2648 3697 2716 jam

2123 2731 2325 2784 senior.
2372 2730 2564 2795 Porro,
2602 2742 2661 2786 ut
2687 2749 2756 2787 ex
2801 2750 2941 2804 aqua
2983 2745 3112 2790 nata
3141 2753 3263 2792 esse
3293 2737 3498 2801 omnia,
3545 2749 3599 2793 et
3641 2739 3696 2792 in

2122 2838 2318 2892 aquam
2353 2827 2536 2879 omnia
2566 2827 2788 2881 dissolvi
2817 2838 3039 2897 statuat,
3065 2831 3152 2885 his
3175 2831 3500 2902 coniecturis
3526 2836 3698 2889 addue

2121 2915 2282 2969 citur.
2314 2914 2579 2984 Primum,
2613 2935 2797 2974 semen
2831 2921 3190 2976 animantium
3219 2926 3464 2978 omnium
3494 2927 3697 2996 princia-

2121 3007 2290 3076 pium,
2323 3009 2606 3062 humidum
2631 3020 2714 3064 est
2735 3028 2748 3063 :
2773 3011 3052 3080 probabile
3080 3012 3248 3082 igitur
3275 3024 3358 3068 est
3381 3030 3445 3068 ex
3471 3016 3698 3072 humore

2123 3099 2305 3154 omnia
2337 3100 2664 3170 principium
2697 3103 2916 3157 ducere.
2963 3101 3188 3169 Deinde,
3239 3105 3470 3160 humore
3497 3107 3696 3176 stirpes

2120 3192 2340 3246 aluntur
2382 3207 2614 3247 omnes:
2645 3208 2710 3246 ex
2750 3209 2816 3248 eo
2859 3194 3243 3249 fecunditatem
3277 3196 3578 3263 hauriunt;
3629 3213 3697 3254 eo

2121 3283 2165 3337 si
2195 3292 2435 3343 careant,
2461 3293 2807 3338 exarescunt.
2843 3282 3048 3348 Tertio,
3082 3285 3197 3353 ipse
3223 3300 3442 3355 quoque
3475 3286 3607 3341 solis
3633 3299 3697 3342 ac

2122 3373 2456 3444 reliquorum
2497 3384 2772 3429 astrorum
2799 3376 2961 3445 ignis,
2994 3378 3340 3446 mundusque
3368 3377 3503 3432 adeo
3549 3386 3696 3434 totus

2121 3481 2386 3535 aquarum
2457 3467 2896 3522 exhalationihus
2941 3469 3124 3522 alitur.
3176 3469 3364 3538 Itaque
3426 3469 3697 3528 Homerus

2120 3560 2281 3613 etiam
2315 3561 2415 3615 hos
2445 3577 2624 3614 rerum
2669 3570 2824 3616 ortus
2865 3576 3020 3631 aqua:
3060 3564 3311 3632 proprios
3355 3576 3477 3617 esse
3520 3565 3696 3632 ponit,

2121 3653 2228 3707 hoc
2255 3667 2440 3719 versu,

2200 3740 2469 3797 Oceanum
2494 3743 2695 3797 cunctis
2713 3744 3030 3814 prazbentem
3053 3743 3274 3799 exordia
3297 3745 3472 3800 rebus.

2121 3895 2248 3952 Haec
2287 3895 2505 3952 Thales.
2540 3896 2948 3953 Anaximander
2995 3899 3182 3954 itidem
3217 3898 3481 3965 Milesius,
3514 3915 3699 3956 rerum

2121 3989 2452 4059 principium
2499 4003 2622 4044 esse
2668 3989 2787 4044 vult
2830 3989 3129 4044 inﬁnitum.
3165 3988 3376 4058 Quippe
3408 4005 3530 4044 cum
3573 3991 3700 4045 inde

2121 4081 2273 4136 nasci
2315 4080 2520 4144 omnia,
2549 4089 2660 4134 tum
2688 4081 2877 4134 eodem
2905 4080 3087 4134 omnia
3134 4080 3331 4145 redire,
3363 4080 3489 4134 dum
3525 4080 3698 4135 inter-

2121 4181 2271 4228 eunt.
2333 4171 2516 4238 Quare
2565 4172 2801 4227 mundos
2855 4171 3095 4226 inﬁnitos
3135 4171 3381 4242 generari
3432 4173 3695 4239 vicissim,

2120 4277 2186 4317 ac
2232 4262 2472 4318 vicissim
2517 4261 2574 4315 in
2621 4261 2753 4315 illud
2798 4261 3120 4314 intereundo
3172 4260 3421 4327 dissolvi,
3472 4277 3539 4316 ex
3587 4277 3696 4332 quo

2120 4351 2356 4421 primum
2410 4351 2737 4406 exstiterint.
2772 4351 3065 4405 Enimvero
3094 4350 3366 4406 inﬁnitum
3408 4366 3531 4407 esse
3571 4367 3699 4422 pro;

444 4469 590 4515 νεσις
628 4450 741 4522 (65)
789 4453 822 4521 ἡ
879 4447 1242 4520 ὑφισταμένη.
1291 4449 1615 4518 Ἃμαρτάνει
1638 4448 1695 4501 δὲ
1721 4448 1813 4502 καὶ
1845 4445 2015 4514 οὗτος,

2122 4450 2305 4510 pterea
2335 4440 2516 4505 docet,
2542 4457 2612 4496 ne
2660 4441 2792 4511 quid
2840 4456 3081 4510 unquam
3129 4441 3364 4508 deﬁciat,
3409 4457 3474 4496 ac
3516 4458 3693 4497 rerum

447 4545 520 4618 μὴ
559 4544 749 4614 λέγων,
781 4543 834 4596 τί
863 4545 979 4596 ἐστι
1007 4542 1068 4594 τὸ
1093 4542 1337 4613 ἄπειρον,
1364 4540 1587 4612 πότερον
1625 4542 1734 4612 ἀήρ
1765 4543 1930 4606 ἐστιν,
1981 4541 2013 4612 ἢ

2122 4545 2276 4591 ortus
2319 4535 2524 4606 aliquid
2569 4552 2784 4605 semper
2813 4537 3011 4592 habeat
3037 4550 3146 4606 quo
3167 4535 3391 4591 nitatur.
3441 4534 3544 4590 Sed
3592 4535 3697 4592 hoc

444 4636 612 4708 ὕδωρ,
639 4636 788 4706 ῆγῆ,
825 4635 857 4707 ἢ
890 4635 1028 4689 ἄλλα
1077 4633 1198 4688 τινὰ
1260 4633 1504 4703 σώματα.
1555 4633 1882 4704 Ἀμαρτάνει
1923 4629 2015 4686 οὖν

443 4726 540 4798 τὴν
591 4726 686 4796 μὲν
719 4724 851 4796 ὓλην
913 4725 1366 4794 ἀποφαινόμενος,
1416 4723 1474 4774 τὸ
1497 4723 1554 4775 δὲ
1608 4723 1791 4776 ποιοῦν
1845 4724 2015 4777 αἴτιον

444 4817 701 4890 ἀναιρῶν.
732 4817 806 4869 Τὸ
829 4817 938 4888 γὰρ
964 4817 1189 4887 ἄπειρον
1222 4814 1372 4867 οὐδὲν
1401 4814 1528 4868 ἄλλο
1561 4813 1592 4885 ἥ
1630 4813 1728 4884 ὕλη
1758 4813 1920 4867 ὲστὲνο
1952 4815 2012 4867 οὐ

443 4909 659 4963 δύναται
686 4908 805 4978 δὲή
862 4907 960 4980 ὕλη
1016 4904 1153 4961 εἶναι
1210 4906 1459 4977 ἐνεργείᾳ
1506 4905 1640 4975 (66),
1693 4906 1787 4959 ἐὰν
1842 4906 1915 4978 μὴ
1954 4905 2015 4958 τὸ

444 5001 627 5055 ποιοῦν
649 4999 913 5071 ὑπόθηται
945 4999 1076 5071 (67).
1120 4998 1470 5069 Ἀναξιμένης
1495 4999 1552 5052 δὲ
1579 5001 1606 5050 ὁ
1638 4999 1898 5072 Μιλήσιος
1923 4999 2016 5070 ἀρ-

441 5091 542 5164 χὴν
569 5092 675 5144 τῶν
707 5091 875 5145 ὄντων
899 5091 986 5144 τὸν
1018 5092 1151 5165 ἀέρα
1183 5092 1516 5163 ἀπεφήνατο·
1577 5092 1641 5144 ἐκ
1671 5091 1774 5161 γὰρ
1823 5089 2012 5144 τούτου

513 5245 621 5366 (65)
647 5237 846 5313 Θαλῆς
865 5248 896 5298 ὀ
917 5245 1230 5327 Μιλήσιος.
1261 5245 1535 5302 Plutarch.
1553 5245 1632 5300 De
1656 5246 1866 5315 placitis
1891 5247 1981 5316 plii

513 5333 666 5366 :ont..
703 5332 822 5366 uaa.
855 5316 960 5366 875
987 5316 1050 5366 D.

441 5316 666 5386 losoph.,
703 5332 822 5386 pag.
855 5316 960 5370 875
987 5316 1050 5386 Ι).

511 5384 624 5456 (64)
672 5384 971 5456 Ὠκεανόν.
1001 5385 1218 5440 Homer.
1252 5384 1416 5440 Iliad.
1441 5385 1501 5449 Ξ,
1534 5385 1659 5440 246.
1974 5417 1986 5428 -

535 5399 602 5442 64
674 5399 971 5439 ’.αλιεανον.
1001 5399 1218 5440 Homer.
1252 5399 1416 5440 tttaa.
1441 5399 1501 5449 Ξ,
1534 5399 1659 5440 240'.
1974 5417 1986 5428 -

535 5399 626 5529 65)
665 5456 781 5529 Καὶ
828 5457 866 5523 ἡ
910 5455 1164 5529 γένεσις.
1202 5456 1477 5529 Plutarch».
1513 5474 1619 5529 non
1673 5456 1833 5529 habet
1881 5455 2012 5529 illud

512 5462 626 5579 (65)
671 5462 781 5536 καὶ
828 5462 866 5523 ἡ
910 5462 1164 5536 γένεσις.
1203 5462 1477 5511 Plutarch.
1513 5474 1619 5510 non
1673 5462 1833 5510 habet
1881 5462 2012 5511 illud

440 5545 512 5583 κα
539 5569 554 5591 ,
585 5527 677 5581 sed
721 5536 826 5599 ista
858 5538 1168 5599 coniungit,
1206 5525 1294 5578 ἵνα
1345 5527 1509 5597 μηδὲν
1535 5526 1765 5599 -ὲλλείπῃ
1803 5528 1836 5597 ἡ
1865 5527 2014 5594 γένε-

441 5611 547 5664 σις,
578 5610 680 5652 etc.
730 5595 1087 5667 Melius._.Kal
1120 5607 1299 5667 tamen
1326 5595 1546 5667 retineri
1576 5595 1780 5667 optime
1812 5595 2010 5666 potest,

441 5661 603 5723 modo
649 5675 908 5736 sequatur
934 5661 992 5740 ᾖ,
1021 5681 1121 5737 pro
1151 5661 1215 5736 ή,
1248 5666 1394 5738 quod
1443 5667 1577 5722 mihi
1611 5661 1784 5738 inagis
1812 5661 2015 5740 'probai-

440 5748 609 5794 τειιιτ.

2119 4635 2310 4698 peccat
2340 4627 2454 4693 ille,
2484 4627 2628 4698 quod
2678 4627 2949 4682 inﬁnitum
2998 4629 3125 4698 quid
3178 4629 3249 4683 sit
3289 4643 3397 4682 non
3443 4629 3651 4697 aperiat
3679 4645 3726 4702 ;_

2117 4731 2301 4776 utrum
2337 4737 2450 4786 aer,
2506 4737 2572 4776 an
2625 4735 2788 4791 aqua,
2838 4721 2921 4774 vel
2962 4731 3128 4785 terra,
3182 4721 3267 4774 vel
3307 4720 3411 4774 alia
3445 4719 3695 4790 quaedam

2115 4827 2365 4883 corpora.
2395 4813 2590 4868 Peccat
2619 4825 2903 4884 praeterea,
2930 4814 3059 4868 dum
3087 4813 3371 4867 materiam
3402 4811 3476 4865 ita
3519 4812 3693 4880 ponit,

2115 4913 2176 4958 ut
2200 4919 2424 4961 causam
2450 4907 2604 4960 tollat
2633 4905 2977 4961 efﬁcientem.
3011 4903 3145 4959 Nam
3171 4904 3443 4958 inﬁnitum
3477 4904 3695 4972 quidem

2115 4996 2263 5050 aliud
2295 5000 2431 5054 nihil
2464 5014 2628 5070 quam
2671 4998 2898 5054 materia
2945 5007 3070 5064 est;
3124 4996 3354 5051 materia
3388 5010 3537 5059 vero,
3589 4995 3694 5048 nisi

2114 5112 2281 5154 causa
2313 5095 2550 5150 elﬁciens
2597 5090 2865 5157 adfuerit,
2903 5100 2962 5144 re
3011 5092 3130 5160 ipsa
3161 5099 3215 5143 et
3258 5097 3386 5142 actu
3436 5103 3557 5143 esse
3585 5097 3694 5142 non

2185 5252 2313 5324 (66),
2334 5250 2646 5324 Ἐνεργείᾳ.
2681 5247 2794 5324 Hoc
2825 5247 2981 5324 .malo
3017 5261 3179 5324 quam
3215 5245 3487 5324 ἐνέργεια,
3527 5253 3693 5324 υιρει

2113 5313 2256 5397 apud
2279 5313 2666 5397 Plutarchum,
2704 5319 2791 5397 u.hi
2823 5313 3049 5397 Latinus
3078 5313 3485 5395 interpreshzec
3507 5313 3692 5397 yerha,

2113 5385 2173 5446 οὗ
2194 5393 2415 5447 δύναται
2438 5392 2493 5442 δὲ
2515 5392 2548 5460 ὴ
2572 5387 2671 5457 ὕλη
2699 5385 2838 5460 εἶναι
2866 5387 3115 5460 ἐνέργεια
3142 5388 3304 5439 vertit
3329 5385 3556 5438 materia
3584 5401 3692 5460 rem

2114 5480 2293 5588 greare
2327 5456 2749 5528 nullam'potest.
2777 5456 3050 5510 Plutarchi
3084 5471 3239 5509 mens
3270 5471 3550 5525 nunquam
3589 5456 3690 5510 ista

2141 5535 2235 5588 uit.
3365 5571 3368 5574 .

2187 5603 2297 5728 (67)
2340 5601 2665 5666 Ὑπόθηται.
2702 5596 3002 5678 Plutarch.,
3033 5593 3352 5677 ὑποκέηται.
3384 5591 3688 5665 Utrumque

2114 5673 2181 5729 de
2207 5672 2330 5728 cudi
2361 5681 2566 5743 potest;
2596 5667 2863 5740 ὑπόθηται
2900 5676 3079 5722 tamen
3106 5681 3278 5736 magis
3303 5666 3499 5737 placet.
