4144 6420
458 311 588 366 1251

1089 305 1358 362 EUSEBII
1398 305 1881 361 CASSA'RIENSIS
1917 305 2067 360 OPP.
2111 303 2295 378 PARS
2335 306 2397 359 ll.
2442 337 2510 345 —
2549 306 3049 361 APULOGETICA.

3566 305 3706 360 {9.52

456 439 650 500 potest.
705 428 1070 484 Anaximenes
1113 425 1350 480 indidem
1395 425 1598 490 Mileto,
1651 441 1832 480 aerem
1877 426 2015 495 ejus-

2123 425 2190 476 τὰ
2225 426 2402 479 πάντα
2430 427 2694 494 γίνεσθαι,
2733 428 2824 480 καὶ
2861 427 2941 489 εἰς
2985 425 3145 479 αὐτὸν
3169 426 3328 479 πάλιν
3356 425 3704 480 ἀναλύεσθαι.

457 522 601 577 modi
637 520 963 591 principium
995 533 1116 572 esse
1147 518 1372 572 docuit:
1428 533 1494 570 ex
1526 532 1590 570 eo
1629 517 1772 570 enim
1827 528 2020 571 cuncta

456 615 627 679 nasci,
684 614 735 666 in
783 626 1019 681 eumque
1048 609 1287 666 vicissim
1334 617 1528 664 cuncta
1583 609 1826 664 dissolvi.
1886 606 2023 661 Nam

455 707 694 767 animus,
753 702 948 772 inquit,
1004 709 1210 766 noster,
1247 700 1482 769 exempli
1524 715 1690 754 causa
1715 741 1730 765 ,
1778 714 1871 753 aer
1907 705 2022 762 est,

455 811 664 866 nosque
691 795 832 850 fovet
864 810 928 849 ac
954 803 1132 849 tuetur
1161 811 1174 859 ;
1208 802 1573 862 cunctumque
1594 795 1730 848 adeo
1761 793 2024 849 mundum

455 886 679 952 spiritus
727 898 927 952 aerque
968 881 1364 951 complectitur.
1417 881 1514 934 Est
1561 891 1738 936 autem
1801 881 2026 949 spiritus

453 977 640 1029 eadem
692 975 946 1043 aerisque
995 973 1344 1044 significatio.
1378 975 1447 1027 At
1486 982 1670 1042 peccat
1713 973 1876 1025 etiam
1915 973 2022 1037 hic,

453 1069 580 1121 dum
614 1083 679 1122 ex
711 1067 942 1136 simplici
985 1077 1039 1120 et
1085 1065 1275 1121 formae
1321 1066 1482 1120 unius
1528 1081 1653 1119 aere
1697 1080 1761 1118 ac
1804 1064 2024 1134 spiritu,

453 1161 601 1229 ipsas
652 1160 814 1214 etiam
878 1159 1183 1214 animantes
1236 1169 1490 1212 constare
1536 1160 1669 1213 vult.
1723 1157 1833 1213 Nec
1879 1159 2024 1212 enim

453 1252 568 1306 fieri
613 1261 808 1321 potest,
842 1262 901 1306 ut
931 1251 1159 1305 materia
1193 1267 1300 1305 una
1338 1266 1519 1305 rerum
1545 1249 1870 1318 principium
1920 1249 2023 1314 sit;

452 1342 675 1399 accedat
697 1357 915 1397 necesse
934 1351 1016 1396 est
1039 1357 1202 1397 causa
1235 1341 1494 1396 efficiens.
1522 1342 2028 1411 Argeutum,exem-

453 1435 526 1507 pli
559 1436 751 1504 gratia,
795 1441 856 1488 ut
884 1433 1113 1488 exsistat
1142 1432 1425 1502 poculum,
1457 1432 1592 1486 satis
1630 1447 1724 1501 per
1755 1447 1873 1486 sese
1919 1447 2026 1484 non

452 1535 574 1591 est,
636 1525 738 1580 nisi
792 1523 941 1578 faber
997 1526 1340 1594 argentarius
1397 1524 1620 1578 effector
1680 1523 2022 1578 accesserit:

454 1615 704 1687 idemque
729 1617 795 1682 de
824 1629 949 1679 aere,
977 1614 1159 1684 lignis,
1190 1623 1494 1684 caateraque
1523 1615 1751 1669 materia
1782 1623 2025 1668 statuen-

452 1709 602 1762 dum.
653 1705 959 1761 Heraclitus
993 1719 1048 1762 et
1093 1706 1364 1777 Hippasus
1419 1707 1842 1776 Metapontinus,
1880 1707 2027 1762 hunc

451 1799 560 1870 igni
607 1799 968 1868 principatum
1023 1799 1347 1853 attribuunt.
1399 1795 1535 1851 Nam
1586 1813 1650 1851 ex
1701 1797 1822 1864 igne
1887 1797 2016 1850 oriri

450 1891 666 1956 omnia,
713 1900 768 1945 et
814 1893 866 1945 in
916 1892 1095 1960 ignem
1129 1891 1313 1945 omnia
1363 1891 1614 1946 desinere
1667 1891 2016 1945 confirmant.

453 1979 616 2052 749
630 1982 845 2052 Quippe
873 1982 1001 2037 dum
1025 1984 1416 2053 exstinguitur,
1453 1993 1633 2053 partes
1664 1983 1788 2038 inde
1831 1983 2018 2036 mundi

453 2085 644 2126 omnes
672 2074 957 2126 exsistere.
989 2071 1235 2128 Primum
1265 2074 1410 2128 enim
1444 2075 1590 2143 quod
1622 2075 1674 2128 in
1698 2089 1764 2129 eo
1797 2075 2021 2130 crassis-

451 2161 652 2218 simum
682 2171 786 2229 est,
819 2179 1195 2234 compressum
1237 2175 1290 2220 et
1337 2160 1708 2222 collectum'in
1738 2181 1878 2228 sese,
1912 2175 2021 2220 ter-

450 2267 567 2308 ram
598 2251 716 2309 ﬁeri
743 2270 757 2320 ;
790 2253 986 2309 deinde
1016 2265 1239 2320 terram,
1269 2271 1394 2311 cum
1427 2257 1568 2326 ignis
1597 2259 1651 2311 vi
1683 2257 1932 2325 solvitur,
1965 2258 2018 2313 in

448 2360 648 2418 aquam
701 2346 956 2402 eflluere:
996 2347 1139 2418 quod
1169 2358 1349 2404 autem
1381 2351 1642 2419 exspirat,
1673 2351 1823 2406 abire
1845 2352 1899 2405 la
1931 2367 2021 2406 ae-

450 2453 604 2494 rem:
639 2453 833 2494 rursus
874 2454 1005 2494 vero
1033 2441 1299 2496 mundum
1347 2456 1686 2512 corporaque
1734 2444 1919 2498 omnia
1964 2444 2018 2497 in

447 2530 914 2603 conflagratione,
971 2532 1114 2604 ignis
1171 2534 1366 2589 ardore
1417 2536 1808 2590 consumenda.
1873 2536 2020 2608 Ignis

448 2623 616 2696 igitur
663 2635 717 2680 et
763 2627 1089 2696 principium
1144 2637 1266 2692 est,
1309 2629 1455 2698 quod
1511 2645 1578 2686 ex
1633 2645 1699 2685 eo
1755 2632 2020 2701 prodeant

448 2718 656 2778 omnia,
692 2727 748 2772 et
774 2717 918 2782 finis,
950 2719 1096 2788 quod
1128 2720 1180 2773 in
1210 2721 1462 2776 eumdem
1498 2723 1682 2778 omnia
1713 2723 2018 2779 dissolvan-

448 2814 558 2860 tor.
613 2805 972 2873 Democritus,
1020 2823 1181 2878 quem
1230 2808 1496 2880 Epicurus
1547 2811 1710 2882 longo
1761 2813 2016 2883 deinceps

446 2895 731 2952 intervallo
789 2907 1011 2953 secutus
1055 2907 1168 2963 est,
1206 2915 1388 2956 rerum
1437 2901 1700 2970 principia
1745 2903 2018 2958 statuebat

445 3002 676 3059 corpora
711 2987 959 3058 quaedam
1012 2988 1311 3053 individua,
1340 3008 1462 3062 quae
1495 2993 1704 3048 ratione
1752 3010 2014 3064 caperen-

2125 513 2250 570 Οἶον
2281 521 2312 586 ἡ
2343 518 2510 588 ψυχὴ,
2541 520 2723 588 φησὶν,
2765 521 2796 587 ἡ
2830 517 3091 589 ἡμετέρα,
3136 518 3244 589 ἀήρ
3275 519 3389 570 έστι
3413 518 3545 588 (68)’
3581 534 3704 585 συγ-

2125 611 2317 678 κρατεῖ
2362 610 2467 680 γάρ
2521 611 2689 678 ἡμᾶς’
2723 609 2816 662 καὶ
2867 608 2985 661 ὅλον
3019 608 3076 660 δὲ
3124 609 3216 660 τὸν
3257 608 3457 679 κόσμον
3487 607 3706 678 πνεῦμα

2124 701 2219 752 καὶ
2249 700 2354 770 ἀὴρ
2376 701 2714 770 ἐμπεριέχει.
2747 700 2977 767 Λέγεται
3015 699 3071 753 δὲ
3104 701 3431 771 συνωνύμως
3475 702 3585 772 ἀὴρ
3613 703 3702 754 καὶ

2125 791 2359 858 πνεῦμα.
2413 789 2742 860 Ἀμαρτάνει
2779 790 2835 843 δὲ
2869 792 2962 843 καὶ
2994 783 3168 853 οὗτος,
3205 790 3261 856 ἐξ
3292 791 3462 844 ἀπλοῦ
3487 792 3580 845 καὶ
3607 809 3705 862 μο-

2125 877 2359 941 νοειδοῦς
2382 879 2542 948 ἀέρος
2571 879 2664 932 καὶ
2697 879 3004 949 πνεύματος
3032 880 3202 934 δοκῶν
3262 883 3580 935 συνιστάναι
3637 883 3703 935 ca

2126 969 2260 1032 ζῶα.
2306 970 2588 1022 Ἀδύνατον
2615 971 2721 1041 γὰρ
2743 973 2915 1043 ἀρχὴν
2949 972 3076 1042 μίαν
3107 972 3202 1042 τὴν
3251 973 3382 1045 ὕλην
3406 975 3514 1026 τῶν
3538 975 3704 1026 ὄντων

2127 1061 2422 1129 ὑποστῆναι
2458 1062 2591 1129 (69)’
2621 1062 2755 1115 ἀλλὰ
2787 1063 2881 1115 καὶ
2904 1062 2964 1114 τὸ
2997 1062 3181 1114 ποιοῦν
3215 1064 3384 1116 αἴτιον
3429 1063 3534 1133 χρὴ
3562 1062 3700 1115 τιθέ-

2126 1171 2234 1206 ναι.
2261 1148 2385 1207 υἷον
2407 1154 2505 1206 οὐκ
2541 1153 2780 1224 ἄργυρος
2818 1156 2976 1226 ἀρκεῖ
3022 1153 3156 1225 πρὸς
3183 1154 3242 1206 τὸ
3275 1153 3506 1224 ἔκπωμα
3551 1153 3701 1222 γενέ-

2129 1248 2272 1310 σθαι,
2305 1248 2398 1301 ὲάν
2436 1250 2507 1318 μὴ
2530 1249 2590 1302 τὸ
2626 1249 2810 1303 ποιοῦν
2867 1245 2924 1322 ᾖ,
2970 1248 3112 1301 τοῦτ’
3147 1247 3293 1302 ἔστιν
3325 1249 3353 1300 ὁ
3402 1247 3701 1320 ἀργυροκόο

2128 1357 2247 1402 πος·
2274 1340 2474 1409 ὁμοίως
2508 1340 2600 1393 καὶ
2630 1340 2722 1393 ἐπὶ
2760 1339 2850 1392 τοῦ
2875 1337 3096 1410 χαλκοῦ,
3134 1341 3226 1393 καὶ
3264 1339 3458 1405 ξύλων,
3485 1341 3577 1392 καὶ
3605 1340 3702 1410 τῆς

2127 1434 2293 1503 ἄλλης
2326 1433 2475 1502 ὕλης.
2520 1432 2867 1503 Ἡράκλειτος
2901 1434 3011 1500 (70)
3046 1433 3137 1485 καὶ
3165 1433 3432 1495 Ἵππασος
3464 1432 3492 1482 ὁ
3518 1433 3698 1486 Μετα-

2129 1530 2392 1588 ποντῖνος,
2428 1526 2599 1596 ἀρχὴν
2631 1525 2739 1578 τῶν
2786 1525 2999 1578 πάντων
3020 1525 3078 1578 τὸ
3110 1525 3181 1576 πῦ
3192 1541 3240 1596 ρ.
3287 1523 3382 1577 Ἐκ
3410 1523 3502 1577 τοῦ
3533 1524 3700 1594 πυρὸς

2127 1619 2235 1690 γὰρ
2268 1616 2337 1670 τά
2367 1616 2543 1670 πάντα
2563 1615 2806 1685 γίνεσθαι
2859 1617 2952 1669 καὶ
2977 1617 3055 1680 εἰς
3087 1615 3195 1686 πῦρ
3241 1615 3418 1668 πάντα
3437 1615 3700 1684 ’τελευτᾷν

2128 1710 2364 1778 λέγουσι·
2395 1709 2582 1760 τούτου
2604 1707 2658 1758 δὲ
2697 1707 3220 1778 κατασϐεννυμένου,
3256 1706 3698 1777 κοσμοποιεῖσθαι

2131 1801 2198 1854 τὰ
2223 1800 2414 1852 πάντα.
2444 1800 2665 1867 Πρῶτον
2699 1798 2796 1868 μὲν
2815 1798 2925 1868 γὰρ
2952 1797 3012 1850 τὸ
3036 1799 3515 1868 παχυμερέστατον
3539 1797 3698 1851 αὑτοῦ

2123 1894 2201 1957 εἰς
2224 1892 2354 1946 αὐτὸ
2385 1891 2799 1961 συστελλόμενον
2831 1892 2899 1960 γῆ
2922 1891 3165 1959 γίγνεται
3190 1890 3324 1960 (71)*
3359 1890 3548 1944 ἔπειτα
3575 1892 3696 1943 ἀνα-

2121 1985 2440 2058 χαλωμένην
2477 1983 2573 2055 τὴν
2594 1985 2695 2053 γῆν
2727 1983 2830 2037 ὑπὸ
2865 1981 2956 2035 τοῦ
2983 1982 3152 2052 πυρὸς
3190 1981 3370 2050 φύσει,
3399 1982 3542 2051 ὕδωρ
3571 1983 3696 2036 ἀπο-

2119 2078 2407 2132 τελεῖσθαιο
2440 2075 2882 2146 ἀναθυμιώμενον
2911 2075 2967 2127 δὲ
2997 2074 3133 2145 ἀέρα
3161 2073 3426 2142 γίνεσθαι.
3449 2074 3615 2128 Πάλιν
3643 2074 3697 2126 δὲ

2120 2168 2208 2220 τὸν
2243 2167 2445 2236 κόσμον
2470 2165 2565 2219 καὶ
2601 2165 2776 2218 πάντα
2800 2163 2868 2216 τὰ
2891 2162 3118 2233 σώματα
3144 2163 3249 2215 ὑπὸ
3275 2161 3446 2233 πυρὸς
3477 2161 3696 2216 ἀναλοῦο

2121 2259 2244 2312 σθαι
2271 2258 2380 2329 (72)
2413 2260 2470 2310 ἐν
2504 2259 2567 2327 τῇ
2603 2255 2930 2326 ἐκπυρώσει.
2985 2254 3151 2326 Ἀρχὴ
3201 2250 3294 2308 οὖν
3330 2254 3390 2306 τὸ
3453 2254 3585 2326 πῦρ,
3619 2255 3698 2308 ὅτι

2120 2351 2184 2402 ὲκ
2221 2350 2407 2403 τούτου
2429 2349 2497 2403 τά
2526 2349 2889 2411 πάνταοτέλος
2914 2348 3086 2411 δὲ,ὃτι
3120 2349 3199 2411 εἰς
3223 2346 3380 2400 τοῦτο
3412 2347 3698 2401 ἀναλύεται

2119 2440 2188 2493 τὰ
2216 2441 2412 2494 πάντα.
2449 2441 2785 2514 Δημόκριτος
2811 2441 2943 2510 (73),
2981 2433 3026 2507 ᾧ
3070 2439 3205 2510 μετά
3260 2440 3508 2492 πλεῖστον
3550 2440 3695 2492 Ἐπί-

2120 2550 2314 2604 κουρος
2339 2533 2721 2603 ἠκολούθησεν,
2739 2533 2912 2603 ἀρχὰς
2933 2532 3040 2585 τῶν
3059 2531 3227 2586 ὄντων
3255 2531 3479 2604 σώματα
3500 2531 3697 2604 ἄτομα,

2118 2620 2260 2693 λόγῳ
2287 2622 2343 2674 δὲ
2374 2622 2640 2694 θεωρητὰ,
2696 2623 2938 2692 ἀμέτοχα
2991 2621 3170 2684 κενοῦ,
3198 2622 3489 2692 ἀγέννητα,
3523 2623 3696 2687 αῒδια,

2117 2713 2390 2785 ἄφθαρτα,
2413 2714 2532 2766 οὐδὲ
2555 2713 2885 2786 θραυσθῆναι
2913 2714 3206 2784 δυνάμενα,
3221 2712 3344 2766 οὔτε
3359 2713 3696 2784 διαπλασμὸν

2119 2807 2182 2859 ὲκ
2213 2806 2321 2860 τῶν
2356 2806 2537 2878 μερῶν
2575 2805 2778 2870 λαϐεῖν,
2809 2804 2931 2858 οὒτε
2949 2805 3323 2876 ἀλλοιωθῆναι,
3354 2801 3492 2858 εἶναι
3522 2805 3564 2858 δ’
3595 2805 3693 2858 αύ-

2116 2897 2184 2950 τά
2206 2896 2347 2968 λόγῳ
2380 2897 2644 2967 θεωρητά.
2710 2895 2894 2949 Ταῦτα
2952 2896 3132 2966 μέντοι
3189 2897 3453 2950 κινεῖσθαι
3509 2898 3566 2949 ἐν
3616 2897 3694 2968 τῷ

2118 2989 2280 3060 κενῷ,
2314 2991 2407 3043 xal.
2437 2989 2525 3042 διὰ
2545 2989 2638 3042 τοῦ
2669 2989 2846 3042 κενοῦ·
2876 2985 3014 3043 εἶναι
3035 2990 3092 3043 δὲ
3121 2991 3214 3043 καὶ
3242 2990 3373 3043 αὐτὸ
3429 2989 3490 3042 τὸ
3540 2992 3694 3044 κενὸν

445 3089 554 3146 tur,
582 3081 736 3136 vacui
774 3080 1038 3138 haberent
1081 3081 1238 3147 nihil,
1278 3083 1399 3138 sine
1438 3093 1582 3149 ortu,
1626 3085 1744 3140 sine
1769 3085 2010 3152 interitu,

2117 3082 2360 3152 ἄπειρον,
2397 3082 2488 3135 καὶ
2517 3082 2586 3134 τὰ
2649 3082 2874 3153 σώματα
2906 3083 3127 3154 ἄπειρα.
3164 3082 3576 3154 Συμϐεϐηκέναι
3639 3086 3691 3138 δὲ

442 3173 794 3241 sempiterna,
816 3189 940 3244 qua:
966 3189 1065 3232 nec
1107 3174 1304 3245 frangi,
1356 3191 1456 3231 nee
1485 3178 1675 3234 multis
1704 3193 1734 3233 e
1769 3181 2014 3248 partibus

441 3262 795 3331 conformari,
845 3280 946 3320 nec
977 3266 1204 3322 omnino
1256 3268 1473 3328 mutari.
1525 3269 1620 3324 sed
1671 3280 1850 3325 mente
1899 3272 2012 3327 sola

441 3353 610 3410 videri
673 3362 914 3423 possent.
973 3353 1178 3410 Eadem
1232 3363 1411 3410 tamen
1473 3355 1527 3410 in
1578 3357 1768 3420 inani,
1809 3373 1872 3413 ac
1919 3373 2013 3427 per

440 3442 604 3498 inane
630 3443 779 3509 ferri,
815 3443 962 3516 quod
994 3443 1174 3513 ipsum
1207 3456 1261 3500 et
1291 3445 1562 3501 infinitum
1593 3448 1680 3510 sit,
1718 3457 1773 3501 et
1802 3447 2011 3508 infinita

439 3533 706 3604 ejusmodi
743 3536 1068 3605 corpuscula
1109 3536 1520 3605 complectatur.
1562 3537 1618 3592 ln
1651 3539 1716 3593 iis
1755 3540 1858 3593 tria
1899 3540 2013 3594 haec

440 3624 642 3691 inesse,
675 3625 927 3697 figuram,
968 3629 1420 3698 magnitudinem,
1447 3638 1500 3683 et
1529 3629 1760 3699 pondus,
1789 3647 1854 3685 ex
1885 3632 2010 3700 qui-

441 3720 543 3776 bus
589 3721 770 3790 priora
807 3721 898 3777 illa
931 3723 1060 3790 duo,
1112 3725 1538 3794 magnitudinem
1564 3734 1618 3780 et
1645 3727 1869 3794 figuram
1905 3725 2008 3780 De-

439 3814 700 3869 mocritus
727 3825 984 3884 posuerat
1009 3833 1022 3880 ;
1054 3817 1296 3882 tertium,
1337 3816 1389 3870 id
1419 3825 1502 3871 est
1531 3817 1764 3885 pondus,
1815 3817 2012 3887 Epicu-

438 3917 533 3958 rus
581 3903 796 3974 adjecit.
829 3905 1068 3976 Corpora
1115 3907 1257 3962 enim
1294 3924 1416 3978 quae
1463 3917 1769 3976 moventur,
1811 3910 2006 3980 inquit,

437 4009 596 4050 suum
641 4013 869 4068 quaeque
896 4001 1107 4068 pondus
1137 4001 1378 4070 impellat
1416 4016 1638 4057 necesse
1665 4011 1768 4068 est,
1803 4003 2007 4072 alioqui

434 4103 714 4158 nunquam
774 4102 1140 4148 moverentur.
1199 4094 1520 4150 Atomorum
1578 4111 1741 4165 porro
1803 4095 2006 4166 ﬁguras

433 4189 582 4235 certo
614 4197 842 4236 numero
889 4185 1332 4253 comprehensas,
1386 4202 1494 4240 non
1548 4188 1786 4242 infinitas
1838 4203 2002 4256 esse;

433 4286 535 4327 nec
573 4273 716 4330 enim
748 4284 843 4330 aut
871 4276 1181 4344 hamorum,
1212 4287 1305 4332 aut
1339 4279 1677 4339 tridentium.
1711 4290 1805 4334 aut
1830 4295 2006 4334 annu-

432 4364 608 4420 lorum
645 4366 851 4422 similes
880 4384 1043 4435 esse;
1081 4384 1204 4424 cum
1253 4385 1331 4425 ea:
1381 4371 1565 4439 ﬁgura:
1601 4371 1774 4442 frangi
1825 4371 2000 4436 facile,

431 4458 620 4524 atomi,
644 4474 743 4513 nec
768 4459 966 4531 frangi,
999 4477 1097 4516 nec
1121 4463 1433 4518 detrimenti
1466 4479 1636 4534 genus
1663 4465 1831 4518 ullum
1866 4464 2001 4518 sub-
2037 4438 2080 4493 θ

430 4547 510 4603 ire
538 4552 768 4620 possint.
822 4552 1049 4622 Figuras
1093 4556 1256 4625 igitur
1285 4557 1533 4626 proprias
1575 4557 1808 4623 habere,
1865 4575 2003 4628 quas

428 4641 570 4696 ratio
597 4643 880 4713 percipiat.
905 4643 970 4699 Et
993 4661 1120 4700 vero
1146 4655 1389 4702 atomum
1417 4650 1697 4718 appellari,
1726 4667 1830 4706 non
1856 4654 2002 4723 quod

500 4820 609 4902 _(6_8)
631 4822 780 4902 :Arip
809 4823 961 4902 ἐστι,
989 4833 1089 4902 etc.
1127 4822 1428 4902 Plutarch,
1463 4827 1569 4898 ἀὴρ
1599 4824 1733 4882 οὖσα
1760 4847 2001 4902 συγκρα-

425 4893 720 4974 ινιῖεῖιςιγμέἰηςζ
739 4894 833 4974 καὶ
857 4893 974 4946 ὅλον
999 4894 1092 4974 τον
1129 4895 1291 4974 κόσμ.

501 4964 608 5033 (69)
636 4963 769 5034 Ῑῷν
796 4963 983 5016 ὄντων
1021 4963 1380 5034 ὑποστῆναι.
1421 4964 1696 5022 Plutarch.
1719 5007 1733 5030 ,
1769 4969 1876 5022 τῶν
1913 4969 1999 5022 ὕν-

423 5029 552 5155 τωῖ,
588 5029 658 5098 ἐξ
700 5029 766 5104 ἧς
801 5035 1007 5100 πάντα,
1053 5029 1380 5105 ὑποστῆναι,
1413 5039 1554 5106 quod
1603 5029 1999 5108 significantius

425 5114 654 5155 Vttetur.

425 5118 1320 5250 vuéggjfo'updgclaroc._»Pr;eterit
1368 5175 1666 5250 Eusebius,
1713 5176 1998 5250 Anaxago-

423 5242 925 5308 ram,Archelaum
965 5255 1018 5297 et
1044 5245 1437 5315 Pythagoram;
1464 5248 1590 5315 quid
1620 5242 1860 5309 secutus.
1886 5242 1995 5305 non

421 5312 600 5376 video,
638 5314 742 5368 nisi
781 5315 925 5383 quod
971 5319 1132 5382 paulo
1167 5324 1303 5382 post.
1336 5333 1455 5383 pag.
1507 5317 1630 5380 750,
1658 5319 1995 5383 Anaxagorae

423 5333 600 5376 vroeo,
638 5333 741 5368 lllSl
781 5333 925 5383 quon
971 5333 1132 5382 panto
1167 5333 1303 5382 poSt.
1336 5333 1455 5386 pag.
1515 5333 1630 5380 λου,
1658 5333 1998 5391 Atiaxagorte

423 5387 748 5457 sententiam
779 5385 1025 5457 pluribus
1048 5401 1114 5439 ex
1141 5384 1364 5440 Platone
1401 5389 1700 5445 traditurus
1731 5401 1909 5457 esset;
1941 5401 1998 5447 at

421 5454 488 5507 de
519 5455 784 5525 Archelao
807 5464 860 5509 et
881 5454 1185 5525 Pythagora
1220 5457 1372 5510 nihil.

491 5525 600 5598 (7i)
633 5523 752 5598 1‘1}:
773 5523 1069 5598 γίγνεται(
1098 5527 1292 5581 Facilis
1321 5535 1438 5581 erat
1470 5538 1801 5597 conjectura,
1841 5545 1993 5598 repo-

420 5595 653 5648 nendum
688 5596 791 5665 γῆν
819 5595 1121 5664 κίγνεσθαι,
1154 5613 1316 5666 quam
1350 5595 1633 5654 lectionem
1663 5595 1992 5656 Plutarchus

420 5675 787 5731 repraesentat.

488 5735 602 5803 (72)
638 5734 1038 5790 Ἀναλοῦσθαι.
1067 5734 1208 5801 Quid
1241 5737 1286 5792 si
1318 5737 1678 5793 ἀναλύεσθαιῖ

2114 3177 2224 3238 τοῖς
2250 3173 2465 3245 σώμασι
2498 3175 2624 3246 τρια
2661 3175 2851 3239 ταῦτα,
2891 3178 3163 3247 σχήματα,
3203 3177 3451 3248 μέγεθος,
3507 3178 3692 3251 βάρος·

2114 3267 2227 3321 ἀλλ’
2257 3269 2286 3319 ὁ
2343 3268 2438 3338 μὲν
2503 3268 2839 3338 Δημόκριτος
2895 3269 3047 3337 ἔλεγε
3105 3269 3219 3333 δύο,
3281 3271 3535 3342 μέγεθος,
3599 3273 3692 3328 καὶ

2115 3360 2320 3431 σχῆμαο
2360 3363 2389 3414 ὁ
2434 3360 2490 3412 δὲ
2528 3361 2848 3430 Ἐπίκουρος
2890 3361 3098 3425 τούτοις
3131 3364 3225 3416 καί
3255 3363 3456 3435 τρίτον,
3503 3364 3692 3434 βάρος,

2116 3452 2464 3524 προσέθηκεν.
2487 3452 2720 3522 Ἀνάγκη
2754 3453 2882 3524 γὰρ,
2907 3454 3058 3523 φησὶ,
3086 3454 3436 3510 κινεῖσθαιτά
3467 3455 3686 3525 σώματα

2110 3547 2176 3615 τῇ
2207 3544 2299 3596 τοῦ
2341 3545 2536 3616 βάρους
2569 3543 2768 3616 πληγῇ,
2804 3545 2925 3597 ἐπεὶ
2963 3547 3022 3597 ού
3056 3546 3426 3617 κινηθήσεται.
3458 3545 3611 3600 Εἶναι
3634 3547 3687 3602 δὲ

2110 3637 2180 3691 τὰ
2210 3640 2461 3709 σχήματα
2505 3639 2681 3691 αὐτῶν
2735 3639 2953 3708 ἀτόμων
2987 3639 3292 3710 περιληπτά
3339 3641 3436 3692 οὐκ
3465 3641 3688 3711 ἀπειρα-

2114 3729 2187 3798 μὴ
2211 3729 2316 3800 γὰρ
2349 3725 2486 3782 εἶναι
2517 3731 2652 3800 μήτε
2713 3731 3157 3801 ἀγκιστροειδεῖς,
3217 3731 3355 3801 μήτε
3406 3749 3690 3802 τριαινοει-

2108 3819 2236 3882 δεῖς,
2275 3821 2414 3889 μήτε
2443 3819 2781 3891 κρικοειδεῖς
2831 3821 3002 3873 ταῦτα
3033 3821 3140 3892 γὰρ
3173 3821 3241 3873 τὰ
3272 3823 3524 3893 σχήματὰ
3545 3826 3690 3876 ἐστιν

2109 3910 2435 3982 εὔθραυστα,
2470 3913 2614 3966 αἰδὲ
2666 3914 2858 3982 ἄτομοι
2901 3913 3152 3978 ἀπαθεῖς,
3213 3913 3528 3983 ἄθραυστοι·
3584 3915 3690 3970 ἴδια

2107 4004 2163 4056 δὲ
2188 4004 2329 4075 ἔχειν
2364 4006 2635 4075 σχήματα,
2682 4005 2822 4076 λόγῳ
2843 4005 3113 4076 θεωρητά.
3175 4007 3285 4059 Καὶ
3308 4007 3520 4080 εἴρηται
3565 4008 3688 4062 ἀτο-

2110 4126 2229 4180 μος,
2263 4109 2360 4180 οὐχ
2383 4110 2464 4162 ὅτι
2487 4111 2636 4164 ἐστὶν
2662 4110 2941 4181 ἐλαχίστη,
2963 4110 3077 4163 ἀλλ’
3108 4111 3187 4164 ὅτι
3211 4112 3269 4164 οὐ
3298 4113 3519 4167 δύναται
3547 4131 3687 4185 τμη-

2107 4214 2284 4286 θῆναι,
2321 4216 2534 4288 ἀπαθὴς
2563 4213 2697 4270 οὖσα
2737 4218 2829 4271 καὶ
2871 4217 3134 4289 ἀμέτοχος
3183 4218 3361 4272 κενοῦ·
3394 4219 3534 4273 ὥστε
3593 4219 3688 4273 ὲάν

2106 4319 2236 4391 εἴπῃ
2260 4320 2369 4392 (74)
2404 4322 2622 4391 ἄτομον,
2639 4322 2961 4394 ἄθραυστον,
2984 4323 3131 4392 λέγει
3155 4324 3337 4396 ἀπαθῆ
3364 4326 3498 4398 (75),
3521 4327 3686 4397 ἀμέτ-

2106 4442 2230 4496 οχον
2260 4425 2436 4480 κενοῦ.
2476 4429 2600 4482 ’Ότι
2637 4429 2692 4482 δέ
2725 4431 2873 4485 ἐστιν
2937 4431 3157 4502 ἄτομος,
3188 4432 3380 4501 σαφές·
3428 4436 3524 4488 καὶ
3575 4434 3684 4506 γάρ

2105 4533 2220 4585 ἐστι
2254 4537 2510 4603 στοιχεῖα,
2544 4536 2640 4589 καὶ
2665 4535 2779 4600 ζῶα
2817 4537 2968 4602 κενὰ,
2998 4539 3092 4591 καὶ
3120 4541 3152 4611 ἡ
3197 4541 3382 4609 μονάς.
3427 4543 3684 4613 Ἐμπεδο-

2105 4635 2236 4707 κλῆς
2259 4636 2528 4701 Μέτωνος,
2571 4639 3007 4710 Ἀκραγαντῖνος,
3042 4642 3275 4714 τέτταρα
3301 4646 3398 4716 μὲν
3423 4650 3680 4717 στοιχεῖα,

2175 4839 2288 4917 (7.3)
2339 4842 2715 4917 Δημρξίριζρς.
2773 4842 2928 4917 Apud
2980 4842 3332 4899 Plutarchum
3381 4847 3451 4900 ita
3489 4848 3677 4917 leges:

2115 4909 2434 4987 Ἐ’πίκουρος
2467 4913 2784 4987 Νεοκλέους,
2824 4909 3136 4987 ᾎθηναῖος,
3171 4918 3310 4968 κατά
3341 4909 3680 4987 Δημόκριτον

2102 4979 2484 5058 φιλοσοφῂσας,
2512 4981 2617 5058 ἔφη
2636 4983 2733 5046 τὰς
2757 4983 2926 5056 ἀρχὰς
2942 4979 3057 5036 ’τῶν
3082 4985 3271 5058 ὄντων,
3290 4979 3516 5056 σώματα
3537 4979 3681 5058 λόγῳ

2101 5048 2380 5128 θεωρητά,
2431 5048 2771 5128 (ςῑςςΡοιΊὉΔ
2797 5048 3009 5128 ecrtum
3054 5066 3138 5108 est
3182 5048 3473 5124 Epicurum
3525 5048 3680 5128 longe

2102 5118 2410 5175 Democrito
2440 5121 2712 5197 juniorem
2747 5121 2916 5197 fuisse
2952 5143 2964 5176 :
3001 5136 3133 5193 quot
3164 5118 3343 5179 tamen
3371 5130 3530 5182 annis
3554 5118 3676 5197 post

2098 5205 2222 5242 eum
2253 5201 2412 5245 natus
2452 5191 2634 5266 fuerit,
2678 5209 2743 5246 eo
2789 5191 3052 5266 incertum
3085 5207 3285 5257 manet,
3318 5200 3463 5266 quod
3493 5191 3677 5252 minus

2099 5271 2355 5315 constans
2411 5263 2714 5327 reperiatur
2765 5263 3221 5332 cltronologorum
3267 5263 3672 5322 deFDemocriti

2097 5339 2219 5382 ortu
2254 5332 2582 5400 interituque
2629 5335 2920 5388 sententia.
2960 5335 3061 5387 Adi
3109 5334 3389 5390 Petavium
3425 5348 3673 5392 nostrum

2098 5399 2348 5477 tomohl‘l‘
2389 5399 2748 5477 [gegdoctrina
2799 5412 3088 5473 temporum
3135 5405 3188 5458 in
3218 5406 3670 5477 Paralipomenis,

2096 5483 2220 5539 pag.
2250 5470 2374 5530 869.,
2402 5472 2527 5524 865.
2903 5470 2912 5473 ⁷
3161 5508 3170 5516 ο

2167 5540 2280 5604 (74)
2308 5541 2470 5595 Forte
2501 5542 2623 5596 add.
2653 5560 2755 5606 τις.

2095 5609 2486 5732 ὰπςξῖξωέγει
2527 5613 2751 5682 ἀπαθῆ.
2799 5614 2991 5671 Melius
3032 5614 3344 5682 Plutarch.,
3375 5615 3545 5685 λέγει,
3577 5618 3670 5670 καὶ

2133 5697 2299 5751 παυη.
