4144 6410
444 437 583 493 {233

1564 431 1884 488 PRIEPAR.
1926 429 2177 486 EVANG.
2220 424 2351 482 LIB.
2392 419 2533 478 XIV.

442 558 576 630 πῦρ,
607 557 767 632 ἀέρα,
800 558 967 630 ὕδωρ,
1002 558 1126 629 γῆν,
1154 555 1247 613 δύο
1277 557 1332 611 δὲ
1368 554 1600 629 ἀρχικὰς
1627 556 1907 626 δυνάμεις,
1939 572 2016 624 φι-

2128 551 2415 606 minimum
2447 541 2704 616 quiddam
2735 539 2827 606 sit,
2859 538 2952 595 sed
2982 536 3125 607 quod
3154 534 3349 601 secari,
3386 539 3568 632 utpote
3593 544 3692 632 nee

441 648 563 702 λίαν
583 666 641 702 τε
671 650 766 703 καὶ
796 652 992 713 νεῖκος,
1021 643 1097 703 ὧν
1146 650 1180 719 ἡ
1215 648 1313 720 μέν
1338 649 1485 701 ἐστιν
1540 648 1793 715 ἑνωτικὴ,
1852 646 1913 698 τὸ
1962 644 2020 697 δὲ

439 740 780 812 διαιρετικόν.
799 742 937 812 Φησὶ
969 742 1026 794 δὲ
1054 740 1244 804 οὕτως·

2126 641 2388 714 patibilis,
2417 653 2518 693 nec
2554 636 2666 690 ullo
2704 632 2867 688 modo
2896 645 3088 692 vacua,
3123 642 3230 682 non
3271 625 3459 695 possit.
3492 624 3568 714 Ita
3596 622 3690 714 qui

2129 708 2371 789 atomum
2431 729 2597 789 dicat,
2641 736 2753 780 rem
2807 722 2879 778 ab
2921 736 2989 776 eo
3040 719 3169 785 dici,
3198 732 3321 788 quas
3363 729 3464 770 nec
3517 708 3691 778 frangi

442 808 629 903 queat,
649 849 749 889 nec
769 808 1138 904 perpessionis
1159 834 1456 905 quidquam
1479 842 1574 888 aut
1598 832 1777 887 inanis
1808 830 2009 886 subire.
2047 827 2180 885 Esse
2210 841 2341 882 vero
2380 832 2592 879 atomos
2640 820 2722 874 vel
2773 833 2838 872 ex
2888 832 2956 871 eo
2990 816 3217 884 liquere,
3249 810 3394 882 quod
3425 808 3690 905 elementa

444 902 720 997 perpetua,
751 902 894 1000 quod
944 931 1137 985 inanes
1176 902 1524 990 animantes.
1578 938 1634 984 et
1690 927 1951 982 unitatem
1983 940 2106 980 esse
2143 930 2370 979 constet.
2411 917 2766 988 Empedocles
2821 912 3052 967 Metonis
3098 909 3260 972 illius,
3282 902 3689 978 Agrigentinus,

442 1019 707 1074 elementa
734 1029 989 1090 quatuor,
1023 1013 1221 1093 ignem,
1253 1035 1455 1083 aerem,
1485 1035 1684 1090 aquam
1716 1028 1769 1074 et
1788 1026 2011 1083 terram,
2049 1016 2312 1087 principia
2365 1014 2495 1076 duo,
2536 1010 2829 1066 amicitiam
2890 1015 2948 1061 et
2995 1003 3396 1060 contentionem
3425 999 3688 1069 assignat,

440 1120 493 1166 et
528 1112 822 1166 amicitiam
869 1114 1088 1181 quidem
1130 1111 1372 1174 uniendi,
1418 1111 1817 1166 contentionem
1867 1108 2156 1164 dirimendi
2186 1108 2295 1162 vim
2334 1105 2533 1160 habere
2563 1104 2740 1165 docet,
2773 1099 2859 1154 his
2893 1098 3161 1181 versibus,

448 1199 734 1269 Τέσσαρα,
752 1198 870 1252 τῶν
901 1200 1144 1254 πάντων
1168 1199 1452 1269 ῥιζώματα
1479 1200 1714 1268 πρῶτον
1735 1200 1945 1254 ἄκουεο

442 1269 592 1333 Ζεὺς
619 1268 830 1338 αἰθὴρη
852 1270 1003 1337 ’Ἡρη
1036 1287 1099 1323 τε
1134 1268 1468 1338 φερέσϐιος.
1503 1270 1596 1337 ἠδ’
1642 1269 1967 1335 Ἀϊδωνεὺς.

439 1338 670 1407 Νῆστίς
698 1338 770 1400 θ’,
801 1336 838 1407 ἧ
865 1336 1148 1407 δακρύοις(
1170 1339 1360 1410 τέγγει
1388 1336 1697 1409 κρούνωμα
1720 1341 2018 1408 βρότειον.

444 1493 544 1548 Δία
576 1493 672 1565 μὲν
703 1495 813 1568 γὰρ
852 1496 999 1566 λέγει
1025 1496 1123 1570 τὴν
1152 1497 1300 1564 ζέσιν
1347 1498 1441 1552 καὶ
1491 1497 1582 1551 τὸν
1604 1496 1814 1568 αἰθέρα,
1842 1496 2021 1568 Ἥραν

440 1585 498 1638 δὲ
537 1587 823 1657 φερέσϐιον
852 1588 944 1641 τὸν
999 1588 1155 1661 ἀέρα,
1189 1590 1288 1660 τὴν
1321 1589 1424 1660 γῆν
1455 1589 1546 1642 τὸν
1591 1587 1865 1651 Ἀϊδωνέα,
1904 1587 2018 1658 Νῆ-

444 1693 559 1730 στιν
588 1677 644 1731 δὲ
694 1678 786 1731 καὶ
832 1679 1126 1751 κρούνωμα
1165 1679 1440 1752 βρότειον,
1492 1679 1654 1734 οἱονεὶ
1686 1679 1747 1732 τὸ
1798 1678 2018 1749 σπέρμα

443 1769 540 1821 καὶ
572 1770 631 1823 τὺ
664 1769 828 1843 ὕδωρ.
851 1791 869 1823 ι
909 1768 1162 1841 Τοσαύτη
1187 1773 1283 1842 μὲν
1318 1773 1350 1844 ἡ
1381 1771 1489 1825 τῶν
1522 1770 1752 1843 πρώτων
1766 1768 2015 1823 Φυσικῶν

441 1860 747 1929 φιλοσόφων
801 1861 1085 1931 διαφωνία·
1126 1862 1349 1933 τοιαύτη
1374 1863 1429 1915 δὲ
1463 1862 1639 1915 αὐτῶν
1687 1862 1779 1914 καὶ
1815 1862 1848 1932 ἡ
1888 1860 2015 1933 περὶ

442 1951 625 2021 ἀρχῶν
658 1951 805 2018 δόξα,
849 1954 911 2006 οὐ
961 1953 1115 2016 Θεὸν,
1151 1953 1212 2006 οὒ
1255 1953 1504 2024 ποιητὴν,
1558 1950 1623 2006 οὐ
1666 1951 2015 2024 δημιουργὸν,

440 2042 564 2095 οὐδέ
622 2059 675 2096 τι
736 2043 842 2098 τῶν
898 2044 1034 2100 ὅλων
1090 2045 1283 2107 αἴτιον,
1326 2044 1445 2098 οὐδὲ
1506 2044 1612 2115 μὴν
1666 2041 1841 2110 θεοὺς,
1907 2042 2017 2096 οὐδ’

442 2133 763 2203 ἀσωμάτους
804 2133 1081 2206 δυνάμεις,
1111 2136 1171 2189 οὐ
1232 2135 1423 2206 νοεράς
1466 2133 1676 2205 φύσεις,
1697 2135 1758 2189 οὐ
1797 2133 2019 2205 λογικάς

442 2220 648 2285 οὐσίας,
679 2223 786 2275 οὐδ’
811 2223 947 2287 ὅλως
974 2240 1025 2277 τι
1079 2225 1189 2279 τῶν
1232 2225 1388 2290 ἐκτὸς
1449 2225 1753 2296 αἰσθήσεων
1784 2226 1840 2279 ὲν
1898 2226 2018 2288 ταῖς

443 2312 636 2382 ἀρχαῖς
670 2312 1037 2384 ὑποθεμένων.
1072 2314 1247 2378 Μόνος
1290 2314 1334 2367 δ’
1361 2309 1453 2369 οῦν
1503 2314 1717 2386 πρῶτος
1756 2312 2018 2385 Ἐλλήνων

456 2402 819 2474 Ἀναξαγόρας
851 2405 1242 2475 μνημονεύεται
1262 2406 1320 2459 ὲν
1333 2408 1444 2469 τοῖς
1468 2408 1595 2478 περὶ
1630 2405 1811 2479 ἀρχῶν
1841 2404 2019 2476 λόγοις

442 2490 566 2544 νοῦν
613 2492 721 2546 τῶν
751 2493 967 2546 πάντων
1021 2494 1190 2548 αἴτιον
1228 2496 1627 2567 ἀποφήνασθαι.
1674 2496 1811 2550 Φασὶ
1863 2495 2014 2566 γοῦν,

442 2579 519 2642 ὠς
540 2580 647 2649 ἀρα
671 2574 823 2645 οὗτος
848 2582 1081 2652 μάλιστα
1105 2583 1254 2655 παρά
1274 2586 1400 2648 τοὺς
1428 2586 1533 2657 πρὸ
1556 2585 1718 2639 αὐτοῦ
1742 2585 2017 2659 ἐθαύμασε

444 2672 811 2741 φυσιολογίανο
858 2676 1150 2746 μηλόϐοτόν
1179 2676 1287 2748 (76)
1323 2676 1388 2746 γι
1418 2694 1499 2731 τοι
1536 2678 1635 2749 τὴν
1668 2679 1861 2733 ἑαυτοῦ
1912 2677 2020 2751 χώς

448 2778 547 2832 ραν
578 2763 646 2817 δι’
680 2764 848 2835 αὐτὴν
871 2767 1042 2831 εἴασε,
1066 2768 1158 2821 τόν
1185 2785 1241 2820 τε
1259 2769 1387 2841 περὶ
1406 2769 1588 2840 ἀρχῶν
1619 2769 1776 2839 λόγον
1804 2772 2018 2844 πρῶτος

455 2849 721 2925 Ἑλλήνων
751 2856 1102 2928 διήρθρωσεν.
1140 2861 1213 2912 Οὐ
1246 2861 1353 2931 γὰρ
1394 2862 1552 2932 μόνον
1597 2861 1725 2934 περὶ
1762 2864 1858 2933 τῆς
1886 2862 2019 2917 πάν-

441 2960 550 2997 των
583 2945 769 3009 οὐσίας
798 2947 1132 3019 ἀπεφήνατο,
1164 2950 1238 3014 ὡς
1275 2953 1323 3003 οἱ
1371 2951 1477 3021 πρὸ
1514 2951 1698 3015 αὑτοῦ,
1757 2951 1892 3005 ἀλλά
1924 2952 2018 3006 καὶ

445 3035 698 3107 περὶτοῦ
745 3037 1017 3102 κινοῦντος
1070 3040 1239 3112 αὐτὴν
1290 3041 1479 3095 αἰτίου.
1529 3038 1637 3095 Ἦν
1683 3041 1790 3114 γὰρ
1835 3044 1891 3095 ὲν
1919 3044 2019 3115 ἀρ-

445 3128 513 3196 χῇ
548 3126 679 3197 (77),
714 3130 900 3200 φησιν,
930 3130 1063 3199 όμοῦ
1085 3131 1152 3183 τὰ
1177 3132 1477 3203 πράγματα
1504 3134 1843 3204 πεφυρμένα·
1876 3133 2017 3199 Νοῦς

2192 1198 2386 1251 Rerum
2420 1196 2624 1267 radices
2646 1195 2701 1247 in
2727 1163 2913 1267 primis
2938 1163 3164 1267 quatuor
3184 1184 3362 1267 apdi.”

2193 1267 2403 1336 Jupiter
2427 1265 2695 1336 (ulterius,
2720 1255 2903 1336 pitalis
2926 1255 3089 1318 Iuno,
3113 1255 3362 1336 profupdi

2195 1323 2358 1391 Ρίὶιιο
2383 1345 2551 1401 pater,
2578 1323 2757 1387 Nestis
2784 1331 3047 1401 lacrymas
3068 1323 3379 1381 mortalibus
3403 1324 3544 1379 ultro

2196 1404 2488 1476 Infundens
2517 1404 2791 1458 scatebris.

2123 1500 2287 1572 750
2310 1498 2516 1568 Quippe
2535 1495 2683 1552 Jovis
2708 1493 2926 1549 nomine
2950 1490 3199 1547 ardorem
3224 1497 3385 1559 atque
3410 1486 3689 1551 aetherem,

2122 1592 2352 1648 lunonis
2379 1589 2560 1646 vitalis
2612 1602 2819 1652 aerem,
2855 1581 3107 1649 Plutonis
3137 1591 3356 1646 terram,
3384 1576 3562 1635 Nestis
3598 1574 3690 1634 de-

2124 1684 2289 1753 nique
2317 1680 2687 1751 scatebrmque
2717 1677 2963 1732 mortalis
3014 1688 3199 1730 semen
3229 1679 3284 1727 et
3303 1685 3497 1741 aquam
3524 1669 3691 1739 signi-

2118 1774 2265 1831 iicat.
2313 1795 2332 1828 ι
2376 1768 2451 1829 Ea
2491 1772 2794 1843 primorum
2846 1767 3204 1841 Pbysicorum
3242 1761 3515 1819 dissensio
3564 1758 3690 1821 fuit,

2118 1880 2182 1922 ea
2208 1866 2275 1922 de
2311 1865 2594 1937 principiis
2632 1863 2837 1933 opinio,
2876 1861 2969 1933 qui
3006 1875 3114 1915 non
3159 1857 3326 1913 Deum
3356 1896 3370 1918 ,
3403 1870 3510 1910 non
3560 1851 3690 1909 επο-

2117 1962 2345 2021 ctorem,
2386 1970 2500 2010 non
2556 1953 2865 2009 molitorem
2907 1950 3100 2015 ullum,
3131 1963 3242 2004 non
3290 1946 3523 2016 aliquem
3568 1946 3690 1999 uni-

2116 2047 2393 2103 versitatis
2422 2057 2722 2111 auctorem,
2758 2044 2890 2110 imo,
2925 2057 2996 2097 ne
3039 2041 3171 2097 deos
3202 2039 3441 2110 quidem,
3473 2052 3573 2092 nec
3601 2036 3691 2091 in-

2116 2152 2430 2208 corporeas,
2449 2135 2722 2207 spiritales
2765 2133 3102 2202 rationisque
3126 2129 3418 2201 participes
3443 2136 3689 2193 naturas,

2115 2228 2352 2298 denique
2388 2226 2527 2281 nihil
2558 2225 2783 2281 omnino
2820 2222 2965 2294 quod
3001 2232 3262 2278 sensuum
3287 2218 3423 2275 iines
3447 2226 3689 2287 captum-

2115 2334 2223 2389 que
2252 2325 2492 2387 superet,
2526 2317 2579 2371 in
2616 2314 2900 2386 principiis
2930 2320 3306 2368 numerarunt.
3359 2308 3503 2365 Sane
3540 2306 3689 2365 Grat-

2115 2425 2305 2467 corum
2335 2409 2581 2464 omnium
2620 2405 2918 2477 principem
2949 2404 3351 2473 Anaxagoram,
3380 2399 3436 2454 in
3471 2398 3586 2455 suis
3621 2397 3689 2453 de

2115 2502 2404 2575 principiis
2428 2497 2910 2570 disputationibus,
2946 2504 3180 2552 mentem
3237 2506 3418 2549 rerum
3468 2491 3689 2547 univer-

2117 2605 2302 2646 sarum
2334 2603 2556 2644 causam
2596 2587 2845 2659 posuisse
2878 2585 3081 2642 ierunt.
3116 2584 3184 2640 Et
3211 2599 3340 2639 vero
3382 2581 3690 2652 superiores

2115 2696 2307 2737 omnes
2353 2688 2619 2752 quantum
2669 2682 2715 2736 is
2754 2678 3105 2750 pliysiol0giaa
3159 2674 3340 2732 studio
3397 2674 3689 2744 superarit,

2115 2773 2199 2828 vel
2219 2788 2285 2827 ex
2310 2786 2378 2826 eo
2406 2770 2629 2842 intelligi
2654 2770 2798 2840 quod
2825 2783 2984 2839 agros
3017 2769 3133 2838 ipse
3161 2781 3292 2822 suos
3318 2764 3689 2836 magnitudine

2117 2864 2384 2933 pastionis
2416 2862 2723 2917 uberrimos
2752 2860 2870 2930 ejus
2917 2872 3102 2912 amore
3130 2857 3433 2925 reliquerit,
3466 2855 3688 2911 Graeco-

2116 2967 2347 3021 rumque
2375 2952 2586 3021 primus
2615 2949 2685 3005 de
2727 2948 3008 3019 principiis
3055 2946 3336 3001 enucleate
3372 2945 3685 3016 disputarit.

2115 3040 2226 3096 Nec
2260 3041 2405 3095 enim
2445 3046 2657 3094 tantum
2708 3037 2775 3092 de
2826 3043 3025 3091 natura
3077 3049 3261 3090 rerum
3299 3036 3577 3101 omnium,
3629 3045 3688 3092 ut

2118 3134 2429 3203 superiores
2462 3129 2561 3191 illi,
2593 3128 2688 3184 sed
2717 3128 2882 3183 etiam
2929 3128 2996 3182 de
3025 3141 3192 3183 causa
3231 3140 3354 3197 quae
3395 3126 3541 3181 illam
3573 3141 3682 3181 mn-

443 3214 521 3281 δὲ,
555 3216 830 3280 εἰσελθὼν,
881 3218 1018 3274 αὐτά
1049 3222 1111 3273 ὲκ
1143 3221 1241 3291 τῆς
1295 3219 1523 3286 ἀταξίας
1542 3224 1620 3286 είς
1641 3222 1792 3288 τάξιν
1819 3224 2012 3294 ἤγαγε.

2120 3230 2240 3278 veat
2294 3221 2686 3291 pronuntiavit.
2738 3219 2909 3274 Erant
2955 3219 3124 3284 enim,
3163 3219 3342 3290 inquit
3385 3218 3496 3283 ille,
3534 3220 3687 3275 initio

443 3308 733 3377 Θαυμάσαι
765 3308 809 3362 δ’
841 3309 1005 3374 ἔστιν,
1056 3309 1131 3374 ὡς
1181 3306 1332 3375 οὗτος
1366 3312 1579 3384 πρῶτος
1610 3316 1740 3385 παρ’
1789 3314 2012 3386 Ἕλλησι

443 3397 630 3452 τοῦτον
675 3398 999 3471 θεολογήσας
1056 3401 1147 3455 τὸν
1204 3403 1431 3473 τρόπον,
1487 3401 1644 3468 δόξας
1711 3404 2014 3475 Ἀθηναίοις

442 3490 600 3556 ἄθεος
638 3485 796 3556 εἶναι,
829 3494 910 3546 ὅτι
936 3493 1009 3563 μὴ
1032 3496 1122 3548 τὸν
1149 3495 1299 3566 ἥλιον
1330 3495 1614 3565 ὲθεολόγει,
1658 3497 1748 3551 τὸν
1778 3498 1832 3551 δὲ
1862 3497 2011 3569 ἡλίου

444 3580 692 3651 ποιητὴν,
723 3582 916 3653 μικροῦ
944 3582 1053 3635 δεῖν
1076 3583 1454 3647 καταλευσθεὶς
1480 3582 1653 3639 ἔθανε.
1684 3586 1913 3654 Λέγεται
1954 3586 2013 3640 δὲ

447 3672 579 3745 μηδὲ
611 3667 763 3737 οὗτος
796 3673 933 3728 σῶον
962 3674 1187 3744 φυλάξαι
1232 3675 1293 3728 τὸ
1323 3675 1517 3746 δόγμα.
1561 3677 1880 3748 Ἐπιστῆσαι
1915 3678 2013 3749 μὲν

443 3764 552 3835 γάρ
578 3765 701 3819 νοῦν
748 3768 860 3830 τοῖς
894 3769 1047 3833 πᾶσι,
1094 3766 1274 3820 οὐκέτι
1334 3768 1391 3821 δὲ
1423 3768 1564 3821 κατά
1612 3768 1736 3822 νοῦν
1791 3770 1885 3823 καὶ
1926 3770 2013 3823 λο-

442 3854 637 3925 γισμὸν
657 3853 757 3925 τὴν
790 3857 916 3927 περὶ
944 3856 1050 3909 τῶν
1098 3856 1266 3910 ὄντων
1305 3858 1595 3911 ἀποδοῦναι
1646 3860 2010 3929 φυσιολογίαν.

456 3945 786 3999 Ἐπάκουσον
837 3945 881 3998 δ’
911 3942 1023 4009 οὖν,
1077 3942 1165 3998 οἷα
1216 3947 1244 3999 ό
1301 3946 1595 4017 Σωκράτης
1639 3949 1696 4002 ὲν
1748 3947 1827 4018 τῷ
1869 3948 2014 4003 Πλά-

442 4049 607 4101 τωνος
658 4036 799 4105 Περί
853 4036 1062 4107 ψυχῆς
1108 4039 1346 4091 αἰτιᾶται
1391 4037 1481 4091 τὸν
1538 4036 1707 4110 ἀνδρα
1769 4040 1827 4093 ὲν
1888 4039 2014 4095 τού-

440 4145 574 4193 τοις.

2118 3321 2315 3367 cuncta
2343 3310 2625 3381 permista.
2654 3308 2807 3365 Mens
2835 3317 3042 3375 autem,
3081 3322 3145 3362 ea
3174 3322 3482 3379 permeans,
3513 3309 3567 3364 in
3597 3324 3687 3363 or-

2119 3404 2299 3459 dinem
2345 3418 2413 3459 ex
2459 3402 2551 3457 illa
2596 3401 3004 3473 perturbatione
3033 3400 3274 3472 digessit.
3308 3399 3363 3454 In
3403 3416 3513 3471 quo
3558 3416 3688 3457 sane

2117 3494 2414 3565 permirum
2449 3493 2583 3549 illud
2609 3501 2713 3558 est,
2741 3493 2836 3562 qui
2865 3492 3118 3561 princeps
3146 3493 3287 3563 apud
3318 3492 3539 3549 Graecos
3566 3508 3686 3549 eam

2118 3585 2404 3655 theologia:
2446 3585 2713 3640 rationem
2752 3584 3027 3647 intulerat,
3080 3599 3202 3639 eum
3243 3584 3685 3649 Atheniensibus,

2118 3677 2262 3748 quod
2308 3693 2413 3730 non
2467 3677 2580 3747 jam
2627 3677 2819 3741 solem,
2865 3685 2922 3731 at
2967 3677 3099 3732 solis
3153 3676 3324 3747 ipsius
3377 3676 3683 3733 eil‘eetorem

2116 3769 2288 3826 Deum
2318 3778 2597 3833 statueret,
2631 3768 2851 3823 atheum
2886 3780 3007 3825 esse
3034 3769 3236 3835 visum,
3289 3785 3353 3824 ac
3399 3777 3684 3840 propterea

2114 3874 2305 3929 parum
2353 3857 2596 3914 abfuisse
2638 3865 2773 3928 quin
2819 3856 2889 3911 ab
2938 3857 3004 3912 iis
3064 3858 3333 3929 lapidibus
3376 3870 3681 3914 necaretur.

2114 3950 2501 4007 Verumtamen
2535 3965 2601 4005 ne
2627 3950 2742 4020 ipse
2771 3949 2989 4020 quidem
3014 3965 3206 4007 sanum
3237 3950 3366 4005 illud
3396 3964 3557 4004 suum
3584 3950 3686 4003 do-

2114 4058 2238 4113 gma
2290 4042 2584 4097 retinuisse
2628 4038 2821 4095 fertur.
2879 4036 3112 4096 Mentem
3162 4040 3306 4096 enim
3340 4041 3553 4095 cunctis
3609 4039 3683 4094 ila

2113 4130 2444 4202 praefecisse,
2474 4140 2537 4186 ut
2586 4139 2771 4186 tamen
2811 4130 2879 4186 de
2930 4146 3114 4187 rerum
3144 4139 3342 4186 natura
3372 4146 3440 4185 ex
3486 4133 3685 4187 mentis

443 4222 786 4292 rationisque
835 4220 1020 4291 regula
1072 4219 1298 4273 minime
1343 4218 1667 4288 disputaret.
1726 4218 2018 4279 Enimvero
2074 4224 2304 4292 audisis,
2361 4236 2613 4287 quasnam
2677 4221 2779 4293 ipsi
2841 4220 2949 4276 hoc
3001 4222 3056 4276 in
3097 4234 3313 4291 genere,
3362 4220 3416 4276 in
3470 4220 3684 4292 dialogo

443 4311 684 4369 Platonis
715 4311 790 4368 De
815 4313 1010 4377 animo,
1045 4326 1076 4365 a
1113 4308 1338 4365 Socrate
1368 4311 1501 4365 vitio
1527 4311 1854 4368 tribuantur.

967 4408 1360 4462 ΚΕΦΑΛΔΙΟΝ
1382 4405 1481 4462 iE'.

2696 4398 2923 4456 CAPUT
2954 4399 3073 4456 XV.

441 4521 581 4589 Περὶ
615 4517 728 4588 τῆς
770 4518 1183 4591 Ἀναξαγόρου,
1212 4518 1414 4585 δόξης.
1465 4517 1607 4591 Ἀᾲπό
1643 4517 1761 4591 τῷν
1788 4520 2016 4591 Σωκρά-

2158 4519 2236 4575 De
2261 4516 2503 4591 opinione
2532 4515 2889 4591 Anaxagoran
3034 4512 3267 4591 Socratis
3294 4514 3650 4591 disputatione

665 4587 807 4656 τους
829 4591 899 4643 ἐν
922 4587 1006 4655 τῷ
1055 4587 1373 4654 Πλάτωνος
1406 4589 1542 4660 Περὶ
1568 4588 1768 4660 ψυχῆς.

519 4699 538 4732 ι
590 4679 728 4740 Ἀλλ’
753 4679 990 4744 ἀκούσας
1015 4680 1125 4752 (78)
1162 4680 1260 4751 μὲν
1278 4694 1407 4732 ποτε
1430 4682 1494 4733 ὲκ
1523 4678 1725 4749 βιϐλίου
1754 4680 1914 4747 τινὸς,
1939 4677 2015 4745 ὡς

445 4771 571 4843 ἔφη,
616 4768 995 4843 Ἀναξαγόρου,
1024 4771 1504 4839 ἀναγινώσκοντος,
1532 4770 1627 4825 καὶ
1652 4770 1919 4840 λέγοντος,
1940 4772 2014 4835 ὡς

444 4864 553 4931 ἀρα
590 4860 715 4925 νοῦς
735 4864 881 4915 ἐστιν
924 4863 953 4914 ό
982 4859 1295 4932 διακοσμῶν
1342 4858 1402 4913 τε
1428 4859 1523 4913 καὶ
1568 4860 1782 4915 πάντων
1820 4862 2011 4926 αἴτιος,
2054 4870 2059 4876 ’

444 4951 614 5022 ταύτῃ
652 4951 715 5021 δὴ
742 4953 808 5023 τῇ
852 4950 1002 5021 αἰτίᾳ
1046 4950 1221 5021 ἥσθην
1246 4967 1329 5015 τε,
1376 4950 1470 5004 κα)⁸
1521 4949 1666 5017 ἔδοξέ
1692 4968 1782 5021 μοι
1815 4951 2015 5021 τρόπον

442 5044 565 5099 τινὰ
592 5040 651 5099 εὖ
683 5044 829 5115 ἔχειν
849 5044 930 5109 τὸ,
958 5044 1051 5098 τὸν
1073 5043 1197 5098 νοῦν
1229 5040 1368 5097 εἶναι
1414 5043 1631 5098 πάντων
1673 5043 1867 5110 αἴτιον,
1919 5044 2014 5098 καὶ

515 5196 630 5269 (76)
657 5198 1023 5269 Μηλόόοτονς.
1065 5195 1219 5269 Plato
1262 5197 1317 5251 in
1348 5197 1577 5269 Hippia,
1608 5198 1848 5269 majore:
1881 5200 2015 5254 Τοῦ-

445 5267 658 5321 ναντίον
704 5268 814 5390 γὰρ
856 5266 1190 5338 Ἀναξαγόρᾳ
1238 5268 1369 5337 φασὶ
1418 5266 1721 5340 συμϐῆναι,
1767 5267 1802 5340 ἢ
1852 5270 2010 5341 ὑμῖν·

445 5337 708 5390 καταλειφ
746 5336 912 5389 άντων
938 5337 1053 5390 γὰο
1089 5336 1237 5390 αὑτῶ
1267 5336 1475 5390 πολλῶν
1500 5355 1603 5390 von
1613 5339 1815 5390 μάτων.
1849 5356 2010 5390 κατα-

445 5336 912 5411 καταλειφθὲντων
938 5337 1053 5411 γάρ
1089 5336 1241 5411 αὐτῷ
1254 5336 1475 5411 mxin
1491 5336 1604 5411 ’χρή
1612 5336 1815 5411 μάτων,
1849 5336 2016 5394 κατα-

450 5406 700 5496 μελῆσαι,
736 5408 832 5459 καὶ
867 5406 1129 5460 ἀπολέσαι
1173 5407 1368 5461 πάντα.
1415 5406 1680 5477 Diogenes
1719 5408 2011 5466 Laertius:

448 5481 615 5550 Ουτος
644 5477 911 5550 εὐγενείᾳ,
930 5478 1042 5550 ’καὶ
1087 5476 1299 5550 πλοῦτῳ
1323 5477 1592 5550 διαμφέρων
1624 5474 1725 5550 ἦν,
1753 5479 1887 5533 ἀλλά
1920 5482 2015 5535 καὶ

449 5545 913 5619 μεγαλοφροσύνῃ,
947 5546 1006 5609 ὃς
1044 5563 1106 5616 γε
1147 5546 1215 5600 τὰ
1244 5545 1496 5633 tarpeio."
1516 5545 1877 5632 παρεχώρησε
1902 5552 2016 5616 τοῖς

445 5617 696 5689 οίκείοις·
723 5616 996 5689 Αίτιαθεὶς
1018 5616 1154 5689 ηγάρ
1183 5616 1286 5689 ὑπ’.
1309 5618 1644 5689 absumunt;
1680 5619 1916 5689 ἀμελων·
1948 5618 2013 5673 Τί

443 5681 565 5756 οῦν,
602 5686 734 5756 ἔφη,
770 5686 867 5756 οὐχ
910 5681 1073 5756 ὑμεῖς
1108 5681 1484 5756 ἐπιμελεῖσθες
1530 5681 1810 5743 Urbanum
1859 5690 2009 5755 illud,

445 5755 538 5827 καὶ
571 5755 772 5827 σοφόν-ί
793 5755 895 5827 boc
931 5755 1076 5827 quod
1100 5755 1374 5827 sequitur,
1419 5760 1659 5827 κρεῖττον
1688 5758 1893 5827 ἧκατά
1926 5776 2013 5827 φι-

442 5822 683 5893 λόσοφον.
713 5822 998 5894 Objicienli
1027 5822 1203 5894 enim,
1220 5824 1383 5879 Οὐδέν
1412 5822 1490 5881 σοι
1515 5824 1663 5896 μέλει
1694 5822 1790 5894 τῆς
1822 5822 2010 5894 πατρί-

2349 4587 2489 4657 apud
2522 4585 2794 4640 Platonem
2820 4589 2876 4639 in
2896 4587 3108 4656 dialogo
3137 4585 3211 4640 De
3235 4586 3436 4640 animo.

2192 4699 2211 4732 ι
2244 4680 2315 4736 At
2348 4696 2499 4747 vero,
2528 4679 2708 4750 inquit
2738 4677 2850 4745 ille,
2879 4694 3003 4734 cum
3036 4678 3269 4749 aliquem
3296 4677 3587 4748 aliquando
3616 4692 3682 4732 ex

2114 4772 2254 4828 libro
2281 4773 2545 4843 quodam,
2576 4787 2738 4843 queui
2794 4771 3133 4844 Anaxagorae
3173 4785 3296 4827 esse
3340 4771 3572 4835 dicebat,
3610 4771 3686 4825 le-

2115 4875 2328 4934 gentem
2382 4864 2714 4930 audiissem,
2758 4872 2996 4919 mentem
3057 4862 3304 4919 omnium
3352 4860 3681 4918 eil‘ectricem

2114 4971 2302 5027 regere
2340 4971 2405 5011 ac
2436 4955 2708 5012 moderari
2738 4956 2942 5022 omnia,
2976 4955 3224 5026 equidem
3272 4954 3378 5008 hoc
3412 4954 3465 5007 in
3505 4967 3687 5008 causa:

2114 5063 2312 5120 genere
2347 5063 2564 5103 summa
2612 5062 2738 5103 cum
2792 5046 3069 5116 voluptate
3099 5044 3369 5115 acquievi,
3421 5044 3568 5114 quod
3615 5058 3683 5099 ex

2112 5200 2201 5265 δος
2222 5216 2237 5266 ς
2260 5199 2721 5273 [Εὐφήμεῗτιεφηι
2743 5200 2867 5273 ἀμφὶ
2893 5197 3001 5273 γὰρ
3042 5199 3141 5273 κςξὶ
3173 5195 3373 5268 σφόδρα
3407 5195 3685 5273 omni:

2116 5266 2407 5341 πατρίδος,⁷
2430 5266 2455 5323 ί
2464 5266 2655 5336 ’δείξας
2676 5266 3034 5340 τδνοὺρανόν.
3084 5267 3254 5339 Digna
3302 5266 3419 5322 vox‘
3459 5266 3685 5323 meliore

2115 5340 2572 5409 lingua,_meliore
2600 5355 2784 5395 sensu.

2188 5402 2445 5481 (πγτην
2467 5410 2574 5481 γὰρ
2602 5411 2671 5481 ἐκ
2707 5408 2881 5481 ἀρχῇ.
2912 5406 3236 5481 Plutarclgus
3267 5419 3542 5481 supra,_p.
3580 5402 3684 5481 8_76

2117 5473 2206 5543 Ι),
2243 5473 2357 5549 haec
2395 5473 2561 5549 paulo
2607 5473 3107 5549 οΙίιεὶ-Ἷξᾼρχεεεαι
3127 5475 3194 5549 δὲ
3234 5473 3644 5549 οῦτῲςηίιιίιυίῑ
3661 5494 3678 5549 ι

2127 5543 2289 5633 ξομοῦ
2334 5543 2510 5601 πάντα
2547 5543 2935 5633 χρήματαῆν,⁷
2956 5543 3197 5633 ipsis;
3218 5544 3357 5599 αὺτά
3383 5543 3681 5633 διῇρᾴῗκαί

2114 5615 2458 5739 ῗςέκόσμησε·
2484 5615 2738 5690 χρήματα
2763 5615 2955 5686 λέγων,
2996 5616 3065 5668 τὰ
3093 5615 3415 5687 πράγματα.
3447 5615 3681 5672 Consule

2162 5700 2425 5739 iuuenem.

2162 5700 2425 5745 iuuenem.

2174 5742 2501 5824 'i78).‘A.1_1‘
2537 5755 2823 5821 ἀκούσας.
2867 5755 3104 5811 Platonis
3131 5755 3284 5811 locus
3324 5764 3408 5811 est
3443 5754 3497 5810 in
3527 5753 3675 5809 Plur-

2113 5822 2280 5889 doue,
2298 5838 2419 5892 pag.
2450 5822 2554 5882 393
2581 5826 2620 5881 (Σ
2646 5824 2839 5880 Ficini.

3554 408 3689 463 ωδε
3772 418 3781 427 ‘
