4144 6424
447 405 587 465 1235

1078 415 1349 472 EUSEBII
1389 419 1875 480 CASSARIENSIS
1906 425 2057 482 OPP.
2097 426 2281 483 PARS
2314 428 2377 484 ll.
2417 461 2490 472 —
2530 431 3032 490 APOLOGETICA.

3550 438 3701 498 ’1256

438 542 529 589 eo,
561 526 715 599 751
749 530 794 585 si
822 546 1007 587 verum
1040 535 1202 590 modo
1247 546 1412 604 esset,
1453 537 1698 596 futurum
1738 553 2001 613 putarem,

2115 546 2426 617 ἡγησάμην,
2447 549 2494 601 εἰ
2516 529 2671 602 τοῦτο
2694 547 2867 613 οὕτως
2898 549 3032 620 ἔχει,
3050 550 3139 604 τόν
3158 568 3221 621 γε
3238 550 3361 607 νοῦν
3388 553 3702 624 κοσμοῦντα

441 621 522 675 ιιιί
574 623 906 678 moderatrix
962 625 1052 681 illa
1105 643 1260 685 mens
1310 644 1508 689 cuncta
1559 633 1892 705 disponeret,
1947 653 2010 693 ac

439 722 601 781 prout
630 715 894 784 optimum
928 718 1158 789 singulis
1190 732 1337 778 esset
1363 723 1629 793 futurum,
1649 741 1752 781 suo
1782 743 2011 798 quaeque

439 803 561 859 loco
615 815 671 861 et
728 808 919 863 ordine
971 811 1285 868 collocaret.
1339 813 1631 871 Enimvero
1690 818 1736 873 si
1786 834 2010 873 causam

438 911 604 952 nosse
631 899 756 967 quis
796 901 945 965 velit,
979 904 1335 971 quamobrem
1383 908 1486 961 hoc
1518 923 1652 963 eove
1683 910 1847 964 modo
1896 909 2011 965 sin-

439 989 563 1058 gula
591 990 677 1044 vel
703 1001 1020 1060 nascantur,
1053 996 1137 1050 vel
1165 997 1455 1066 intereant,
1489 1001 1573 1056 vel
1599 1003 1825 1057 omnino
1859 1003 2007 1063 sint:

438 1081 507 1136 de
537 1081 765 1152 singulis
786 1084 948 1139 etiam
981 1086 1057 1140 illi
1088 1089 1440 1146 statuendum
1475 1107 1618 1159 esse,
1648 1109 1759 1163 quo
1781 1109 2010 1165 quaeque

439 1172 602 1227 modo
641 1175 723 1229 vel
763 1175 944 1232 futura
976 1178 1088 1233 sint
1128 1182 1352 1251 optime,
1403 1184 1485 1239 vel
1518 1185 1723 1255 optime
1763 1186 2010 1241 subitura

436 1265 703 1335 quidlibet
725 1276 890 1341 atque
919 1269 1149 1328 factura.
1176 1275 1374 1342 Quare,
1405 1278 1553 1334 aliud
1585 1279 1791 1337 homini
1823 1294 1919 1343 aut
1943 1287 2011 1344 de

437 1372 499 1411 se
540 1357 682 1428 ipso,
714 1370 809 1415 aut
843 1361 909 1418 de
938 1366 1150 1421 caeteris
1178 1369 1434 1435 omnibus
1467 1375 1856 1442 pervidendum
1890 1395 2011 1437 esse

437 1450 599 1514 nihil,
635 1468 799 1522 quam
836 1455 969 1524 quid
1001 1462 1518 1526 praestantissimum
1553 1466 1625 1522 sit
1670 1478 1836 1540 atque
1866 1474 2010 1542 opti-

435 1556 585 1604 mum
621 1559 634 1595 :
663 1542 829 1598 simul
858 1553 1037 1601 tamen
1070 1547 1142 1614 ei,
1187 1551 1331 1620 quod
1385 1553 1738 1610 deterrimum
1792 1575 2011 1629 quoque

435 1632 527 1701 sit,
574 1636 887 1690 necessario
938 1643 1376 1710 cognoscendum
1429 1659 1573 1712 esse,
1626 1650 1773 1717 quod
1819 1652 2007 1708 eadem

435 1724 660 1780 scientia
704 1726 756 1780 in
802 1737 1034 1799 utroque
1074 1743 1339 1789 versetur.
1382 1732 1506 1793 Haec
1536 1753 1748 1794 mecum
1781 1741 1895 1812 ipse
1920 1759 2007 1798 re-

434 1825 653 1901 putans,
688 1834 813 1874 eum
846 1836 933 1874 me
964 1822 1257 1892 aliquando
1291 1837 1701 1899 praeceptorem,
1742 1833 1836 1903 qui
1869 1834 2001 1887 mihi

2116 638 2291 691 πάντα
2323 641 2567 710 κοσμεῖν,
2627 641 2722 694 καὶ
2781 642 3012 697 ἕκαστον
3066 643 3271 698 τιθέναι
3322 644 3435 715 (79)
3476 647 3582 719 ὅπη
3632 647 3699 703 ἂν

2115 727 2365 797 βέλτιστα
2390 730 2507 801 ἔχῃ.
2545 732 2606 784 Εἰ
2640 726 2733 785 οὖν
2760 748 2845 796 τις
2886 731 3126 802 βούλοιτο
3169 733 3266 805 τὴν
3307 736 3486 789 αἰτίαν
3518 736 3699 807 εὑρεῖν

2111 822 2239 893 περὶ
2294 821 2545 887 ἑκάστου,
2596 823 2702 894 ὅπη
2736 823 2769 894 ἢ
2813 823 3043 891 γίνεται,
3074 824 3107 896 ἢ
3141 825 3459 883 ἀπόλλυται.
3491 827 3525 897 ἦ
3559 829 3696 893 ἐστι,

2109 911 2266 964 τοῦτο
2291 911 2400 965 δεῖν
2458 913 2583 981 περὶ
2643 913 2811 967 αὑτοῦ
2845 914 3048 986 εὑρεῖν,
3079 916 3185 987 ὅπη
3240 915 3520 986 βέλτιστόν
3550 918 3698 973 ἐστιν

2110 1006 2271 1063 αὑτὸν
2298 1005 2330 1077 ἢ
2363 1001 2523 1072 εἶναι,
2546 1008 2581 1078 ἢ
2613 1006 2742 1061 ἄλλο
2773 1008 2950 1064 ὁτιοῦν
2979 1010 3230 1081 πάσχειν,
3278 1011 3312 1083 ἢ
3361 1015 3556 1066 ποιεῖν.
3599 1012 3696 1065 Ἐκ

2107 1097 2171 1169 δὴ
2201 1097 2293 1150 τοῦ
2320 1098 2479 1167 λόγου
2507 1098 2700 1152 τούτου
2743 1100 2895 1155 οὐδὲν
2945 1101 3076 1156 ἄλλο
3128 1105 3351 1157 σκοπεῖν
3401 1104 3697 1176 προσήκειν

2108 1186 2204 1241 ἀνθ
2212 1187 2379 1259 ρώπῳ
2404 1190 2496 1242 καὶ
2530 1192 2657 1260 περὶ
2698 1191 2883 1257 αὑτοῦ,
2906 1194 3003 1246 καὶ
3032 1193 3162 1264 περὶ
3209 1193 3315 1247 τῶν
3348 1193 3545 1260 ἄλλων,
3580 1195 3697 1248 ἀλλ’

2108 1278 2141 1356 ἢ
2169 1279 2229 1333 τὸ
2254 1279 2474 1351 ἄριστον
2502 1282 2597 1335 καὶ
2630 1283 2690 1336 τὸ
2723 1283 3018 1355 βέλτιστον.
3072 1286 3395 1354 Ἀναγκαῖον
3446 1286 3511 1359 δὴ
3557 1283 3699 1343 εἶναι

2107 1370 2196 1424 τὸν
2229 1372 2391 1425 αὑτὸν
2418 1373 2605 1427 τοῦτον
2632 1375 2725 1427 καὶ
2773 1376 2835 1429 τὸ
2889 1379 3068 1448 χεῖρον
3121 1378 3335 1431 εἰδέναι·
3382 1379 3480 1450 τὴν
3525 1380 3697 1451 αὐτὴν

2107 1461 2215 1533 γὰρ
2238 1457 2377 1515 εἶναι
2405 1464 2716 1537 ἐπιστήμην
2744 1466 2871 1538 περὶ
2901 1467 3100 1521 αὐτῶν.
3153 1468 3337 1523 Ταῦτα
3382 1469 3447 1542 δὴ
3487 1469 3697 1541 λογιζό-

2112 1568 2291 1623 μενος,
2322 1553 2558 1624 άσμενος
2590 1558 2883 1628 εὑρηκέναι
2923 1557 3080 1629 ᾤμην
3118 1559 3433 1614 διδάσκαλον
3481 1563 3580 1633 τῆς
3613 1565 3697 1617 αἰ-

2106 1644 2227 1708 τίας
2249 1644 2377 1715 πέρι
2398 1645 2507 1699 τῶν
2538 1646 2706 1706 ὀντων
2739 1650 2881 1704 κατὰ
2909 1649 3032 1703 νοῦν
3061 1651 3303 1722 ἐμαυτῷ,
3337 1652 3429 1706 τὸν
3468 1653 3693 1719 ’Δναξα-

2107 1734 2296 1805 γόραν·
2323 1735 2417 1788 καί
2469 1754 2558 1807 μοι
2601 1739 2833 1810 φράσειν
2880 1741 3096 1813 πρῶτον
3153 1744 3250 1813 μὲν
3308 1745 3588 1817 πότερονή
3618 1747 3694 1818 γῆ

2106 1825 2336 1880 πλατεῖά
2380 1828 2548 1893 ἐστιν,
2608 1829 2641 1901 ἢ
2699 1832 3025 1903 στρογγύλη·
3066 1835 3254 1905 ἐπειδὴ
3304 1836 3361 1889 δὲ
3410 1838 3691 1908 φράσειεν,

434 1905 593 1978 plane
618 1898 673 1961 in
698 1925 862 1966 causa
894 1926 1079 1969 rerum
1107 1915 1433 1988 assignanda
1459 1898 1817 1989 Satisfaccret,
1853 1924 2001 1979 Ana-

2107 1920 2595 1991 ἐπικδιηγήσεσθαι
2624 1898 2725 1995 τὴν
2767 1898 2958 1981 ἀἰτίαν
2993 1898 3111 1980 -καὶ
3152 1898 3254 1999 τὴν
3302 1898 3567 2002 ἀνάγκην,
3606 1898 3695 1984 λέέ

434 2013 690 2071 xagoram
728 2012 947 2059 nactum
980 2022 1121 2071 esse,
1148 2008 1547 2079 jucundissime
1572 2016 1900 2087 cogitabam.
1922 2017 1999 2076 Ex

2106 2026 2274 2078 γοντα
2306 2011 2367 2064 τὸ
2398 2013 2639 2084 ἄμεινον,
2666 2015 2761 2068 καὶ
2782 2016 2864 2069 ὃτι
2888 2017 3055 2089 αὐτὴν
3085 2020 3305 2088 ἄμεινον
3341 2016 3410 2092 ἦν
3434 2022 3692 2094 τοιαύτην

435 2104 502 2144 eo
529 2091 729 2161 quippe
769 2094 1166 2153 intellecturum
1206 2117 1294 2156 me
1341 2105 1578 2172 primum
1631 2122 1773 2173 esse,
1819 2112 2001 2165 u‘lrum

2107 2097 2266 2159 εἶναι.
2295 2103 2406 2156 Kal.
2432 2105 2479 2156 εἰ
2499 2104 2556 2156 ἐν
2590 2104 2739 2179 μέσῳ
2768 2106 2897 2179 φαίη
2932 2103 3072 2161 εἶναι
3091 2110 3282 2182 αὑτὴν,
3300 2091 3695 2186 ἐπεκδιηγήσε-

434 2181 596 2251 plana
622 2184 693 2239 sit
726 2201 795 2240 an
822 2189 1054 2244 rotunda
1080 2199 1225 2246 terra
1253 2209 1267 2259 ;
1302 2203 1414 2249 trrm
1443 2197 1547 2252 hoc
1576 2198 1666 2252 ubi
1698 2200 2003 2270 statuisset,

438 2272 703 2339 futurum,
736 2286 794 2332 ut
821 2294 1042 2336 causam
1069 2298 1132 2339 ac
1159 2287 1502 2344 necessitatis
1544 2290 1654 2344 vim
1687 2293 2002 2363 explicaret,

429 2368 685 2438 quodque
717 2370 979 2439 optimum
1027 2384 1171 2430 esset
1202 2376 1431 2434 dicendo
1460 2382 1796 2452 complexus,
1849 2395 2006 2441 terra:

429 2473 669 2529 quoque,
717 2462 842 2518 talis
896 2472 958 2519 ut
1008 2475 1172 2534 esset,
1209 2470 1475 2538 optimum
1526 2490 1647 2531 esse
1675 2479 2002 2535 ostenderet.

430 2548 632 2615 ltaysi
666 2553 884 2622 quidem
930 2571 1048 2613 eam
1098 2560 1152 2613 in
1207 2563 1386 2617 medio
1417 2565 1578 2621 sitam
1629 2583 1751 2626 esse
1778 2571 2001 2641 diceret,

428 2644 786 2711 quamobrem
822 2646 911 2704 hic
940 2649 989 2703 ei
1020 2652 1159 2708 situs
1201 2656 1443 2723 optimus
1471 2672 1634 2728 esset,
1688 2674 2002 2733 exponeret.

427 2729 558 2802 Quae
588 2736 634 2790 si
669 2751 735 2790 ex
768 2737 861 2795 illo
889 2743 1175 2812 perspicue
1199 2745 1487 2814 discerem,
1524 2752 1605 2806 sic
1638 2753 1822 2811 animo
1844 2756 2003 2826 plane

425 2834 777 2894 comparatus
810 2842 983 2899 eram,
1011 2831 1218 2887 nullum
1247 2845 1306 2889 ut
1336 2847 1596 2905 praeterea
1626 2856 1806 2899 causa:
1831 2860 2003 2915 genus

425 2913 571 2977 aliud
598 2930 719 2972 esse
756 2927 1071 2978 statuerem.
1107 2921 1368 2982 Similiter
1388 2943 1455 2983 ex
1479 2931 1669 2987 eodem
1700 2950 1787 2989 me
1815 2913 2001 3004 postea

427 3005 495 3071 de
521 3008 658 3077 sole,
686 3011 835 3074 luna,
861 3016 1180 3085 caeterisquc
1209 3019 1479 3079 sideribus
1500 3026 1857 3094 quaesiturum
1881 3044 2003 3085 esse

428 3100 796 3170 decreveram,
841 3121 949 3177 qua
994 3110 1298 3169 velocitatis
1347 3113 1489 3170 inter
1516 3132 1595 3183 se,
1637 3133 1742 3189 qua
1771 3134 2003 3179 conver-

2108 2189 2253 2257 σθαι,
2284 2191 2359 2256 ὡς
2387 2191 2605 2262 ἄμεινον
2624 2190 2692 2265 ἦν
2716 2197 2885 2268 αὑτὴν
2906 2199 2963 2250 ἐν
2993 2197 3143 2269 μέσῳ
3172 2195 3331 2255 εἶναι.
3366 2202 3476 2254 Kal.
3503 2204 3557 2256 εί
3601 2220 3692 2274 μοι

2104 2280 2279 2335 ταῦτα
2310 2283 2678 2353 ἀποφαίνοιτο,
2698 2289 3161 2359 παρεσκευάσμην
3188 2289 3262 2354 ὡς
3288 2291 3469 2347 οὐκέτι
3496 2292 3694 2365 ὑποθη-

2107 2374 2329 2445 σόμενος
2352 2376 2530 2439 αἰτίας
2580 2376 2709 2430 ἄλλο
2759 2373 2922 2442 εἶδος.
2959 2380 3071 2433 Kal.
3125 2380 3189 2452 δὴ
3236 2382 3331 2435 καὶ
3373 2384 3500 2455 περὶ
3537 2383 3692 2455 ἡλίου

2106 2468 2570 2539 παρεσκευάσμην
2621 2470 2883 2536 ὡσαύτως
2930 2475 3281 2546 πευσόμενος,
3317 2477 3411 2530 καὶ
3437 2477 3689 2551 σελήνης,

2105 2558 2327 2612 καὶτῶν
2363 2558 2536 2613 ἄλλων
2563 2560 2802 2633 ἄστρων,
2833 2564 3030 2635 τάχους
3063 2582 3123 2618 τε
3149 2567 3275 2639 πέρι
3304 2568 3441 2640 πρὸς
3461 2569 3686 2642 ἄλληλα,

2103 2648 2198 2701 καὶ
2234 2648 2472 2720 τροπῶν,
2505 2650 2600 2704 καὶ
2650 2650 2759 2705 τῶν
2804 2651 2978 2706 ἄλλων
3024 2653 3384 2725 παθημάτων,
3435 2658 3511 2728 πῆ
3562 2675 3688 2712 ποτε

2103 2740 2255 2794 ταῦτ’
2279 2741 2500 2814 ἄμεινόν
2526 2746 2674 2798 ἐστιν
2698 2744 2928 2799 ἕκαστον
2954 2746 3048 2799 καὶ
3090 2752 3285 2814 ποιεῖν,
3327 2751 3421 2803 καὶ
3461 2757 3690 2822 πάσχειν

2103 2829 2139 2888 ἂ
2167 2833 2385 2905 πάσχει·
2418 2836 2494 2888 Οὐ
2527 2835 2637 2908 γὰρ
2663 2837 2727 2892 ἄν
2776 2838 2892 2891 ποτ’
2922 2839 3083 2891 αὑτὸν
3115 2837 3292 2910 ᾤμην,
3327 2842 3603 2910 φάσκοντά
3624 2859 3687 2911 γε

2104 2924 2211 2983 ὑπὸ
2255 2924 2349 2980 νοῦ
2380 2925 2521 2979 αὑτὰ
2553 2926 2949 2998 κεκοσμῆσθαι,
2971 2928 3135 3000 ἄλλην
3156 2930 3278 2984 τινὰ
3300 2932 3484 2997 αὑτοῖς
3510 2933 3688 2989 αἰτίαν

2103 3016 2435 3084 ἐπενεγκεῖν,
2462 3017 2496 3089 ἢ
2530 3019 2612 3071 ὅτι
2645 3018 2919 3090 βέλτιστον
2940 3020 3077 3074 αὑτά
3113 3022 3287 3086 οὕτως
3342 3022 3484 3094 ἔχειν
3518 3025 3685 3088 ἐστὶν,

2100 3106 2176 3172 ὡς
2198 3107 2330 3180 ἔχει.
2370 3109 2615 3182 Ἐκάστῳ
2642 3106 2734 3167 οὖν
2784 3113 2962 3166 αὐτῶν
3009 3113 3325 3172 ἀποδιδόντα
3356 3116 3454 3188 τὴν
3486 3116 3684 3181 αἰτίαν,

428 3193 642 3249 sionum
672 3200 1020 3266 proportione
1057 3216 1428 3270 moverentur,
1459 3219 1762 3282 czeteraque
1815 3213 1867 3268 id
1911 3230 2001 3286 ge—

2103 3198 2374 3271 καὶκοινῇ
2407 3201 2541 3253 πᾶσι
2594 3202 2657 3255 τὸ
2706 3202 2919 3273 ἑκάστῳ
2962 3201 3255 3272 βέλτιστον,
3305 3204 3464 3275 ᾤμην
3508 3206 3689 3260 καὶτὸ

427 3296 555 3346 nus,
583 3299 705 3353 quae
746 3288 950 3356 optima
1001 3294 1199 3364 cuique
1245 3297 1327 3351 vel
1374 3298 1638 3356 emciendi
1692 3303 1853 3370 ratio,
1901 3305 1988 3359 vel

426 3374 696 3432 subeundi
724 3390 888 3436 esset.
920 3381 1028 3439 Nec
1055 3387 1202 3441 enim
1248 3404 1486 3460 unquam
1534 3392 1591 3448 in
1623 3395 1865 3450 animum
1906 3397 1995 3452 in-

429 3461 733 3535 duxissent,
777 3487 903 3525 cum
939 3485 1175 3530 mentem
1224 3476 1316 3532 illa
1365 3494 1554 3551 regere
1606 3498 1672 3539 ac
1722 3486 1997 3543 moderari

426 3549 676 3623 dixisset,
716 3559 877 3614 aliam
911 3562 1105 3619 deinde
1151 3580 1373 3623 causam
1418 3549 1824 3642 assignaturum
1870 3594 1995 3634 eum

425 3657 571 3741 esse,
599 3663 764 3717 quam
797 3660 858 3706 ut
879 3669 990 3723 quo
1019 3671 1077 3710 se
1121 3659 1281 3714 modo
1310 3661 1590 3732 baberent,
1630 3682 1695 3721 eo
1719 3683 1780 3723 se
1830 3686 1995 3741 quam

428 3733 632 3802 optime
688 3738 889 3795 habere
937 3744 1307 3804 conﬁrmaret.
1355 3750 1498 3816 Quin
1545 3755 1636 3810 ubi
1680 3764 1737 3812 et
1773 3733 1996 3817 causam

430 3825 660 3894 singulis
704 3832 1001 3902 propriam,
1038 3845 1092 3892 et
1125 3840 1271 3909 quod
1300 3843 1564 3909 optimum
1594 3848 1792 3918 cuique
1835 3850 1997 3919 foret,

428 3919 712 3986 aequaliter
771 3927 1097 3994 statuisset,
1148 3942 1262 3986 tum
1321 3950 1451 3989 vero
1520 3938 1780 4007 quidnam
1834 3943 2000 3999 simul

427 4015 685 4079 omnibus
719 4019 1065 4087 conduceret,
1120 4024 1369 4082 universe
1415 4027 1787 4087 deﬁniturum.
1823 4033 1999 4101 Quam

425 4120 529 4175 ego
560 4122 709 4176 spem
748 4116 809 4169 ut
840 4124 909 4164 ne
951 4114 1191 4171 maximo
1225 4117 1444 4187 quidem
1485 4123 1656 4190 pretio
1694 4136 2002 4195 permutas-

427 4211 567 4261 aem,
620 4198 692 4254 ita
744 4200 914 4259 libros
959 4203 1083 4268 illos
1125 4208 1432 4267 vehementi
1470 4216 1705 4284 quodam
1752 4230 2000 4290 arreptos

428 4291 644 4358 studio,
703 4311 868 4364 quam
920 4298 1202 4356 celerrime
1244 4311 1490 4372 poteram
1559 4311 1895 4379 evolvebam,
1942 4325 2002 4369 ut

427 4383 559 4452 quid
600 4384 863 4454 optimum
911 4399 1091 4456 esset,
1149 4393 1348 4462 quidve
1393 4397 1785 4469 deterrimum,
1833 4420 1997 4474 quam

427 4477 692 4542 citissime
734 4495 1142 4551 cognoscerem.
1178 4484 1291 4545 Hac
1336 4505 1435 4560 ego
1470 4505 1566 4560 spe
1616 4502 1725 4551 tam
1755 4498 1992 4569 egregia,

2105 3292 2282 3349 κοινὸν
2316 3294 2481 3346 πᾶσιν
2538 3294 2991 3365 ἐπιδιηγήσεσθαι
3029 3295 3251 3363 ἀγαθόν.
3311 3296 3424 3350 Kal.
3471 3297 3579 3350 οὐδ’
3616 3298 3684 3352 ἂν

2096 3383 2373 3454 ἀπεδόμην
2409 3384 2603 3439 πολλοῦ
2659 3387 2757 3451 τὰς
2806 3386 3045 3451 ἐλπίδας·
3100 3388 3237 3442 άλλά
3280 3390 3422 3444 πάνυ
3479 3391 3686 3464 σπουδῇ

2094 3475 2274 3530 λαὸὧν
2298 3476 2397 3541 τὰς
2423 3477 2654 3548 βίϐλους,
2676 3478 2752 3542 ὡς
2772 3479 3003 3550 τάχιστα
3018 3475 3129 3544 οἶός
3143 3500 3173 3534 τ
3190 3477 3281 3553 ’ἦν
3301 3481 3684 3551 ἀνεγίνωσκον,

2099 3567 2166 3626 ἵν’
2196 3567 2271 3632 ὼς
2302 3569 2533 3639 τάχιστα
2580 3569 2779 3641 εἰδείην
2842 3570 2904 3623 τὸ
2958 3570 3233 3641 βέλτιστον
3267 3572 3361 3627 καὶ
3391 3573 3452 3627 τὸ
3478 3576 3682 3646 χεῖρον.

2110 3658 2243 3712 Ἀπὸ
2275 3659 2340 3730 δὴ
2387 3660 2725 3733 θαυμαστῆς,
2767 3655 2808 3715 ὧ
2857 3663 3060 3731 ἑταῖρε,
3093 3663 3306 3729 ἐλπίδος
3337 3665 3557 3736 ᾠχόμην
3585 3683 3682 3735 φε-

2102 3750 2349 3823 ρόμενος.
2396 3753 2546 3806 Ἐπεὶ
2589 3753 2647 3815 δὲ
2701 3753 2904 3826 προῖὼν
2948 3755 3081 3828 (80),
3140 3758 3235 3811 καὶ
3274 3756 3681 3826 ἀναγινώσκων,

2096 3842 2209 3912 ὀρῶ
2232 3844 2402 3915 ἄνδρα
2421 3843 2499 3914 τῷ
2548 3844 2645 3916 μὲν
2674 3845 2752 3916 νῷ
2798 3846 2952 3899 οὐδὲν
3000 3845 3303 3921 χρώμενον,
3357 3848 3481 3901 οὑδέ
3534 3866 3686 3913 τινας

2099 3936 2279 4000 αἰτίας
2308 3936 2703 4009 ἐπαιτιώμενον
2723 3941 2804 4003 εἰς
2833 3940 2892 3993 τὸ
2921 3939 3235 4011 διακοσμεῖν
3262 3942 3330 3995 τὰ
3358 3942 3682 4014 πράγματα,

2099 4026 2267 4098 ἀέρας
2299 4026 2377 4093 δὲ,
2422 4028 2517 4082 καὶ
2547 4029 2790 4102 αἰθέρας,
2837 4031 2932 4084 καὶ
2969 4030 3135 4086 ὕδατα
3186 4031 3539 4105 αἰτιώμενον,
3589 4037 3686 4091 κάι

2100 4120 2235 4175 ἀλλα
2269 4121 2440 4175 πολλὰ
2472 4123 2566 4175 καὶ
2612 4123 2805 4178 ἄτοπα.
2862 4126 2973 4177 Καί
3029 4143 3119 4196 μοι
3166 4125 3342 4190 ἔδοξεν
3365 4128 3683 4197 ὁμοιότατον

2100 4213 2446 4276 πεπονθέναι,
2499 4213 2688 4287 ὥσπερ
2720 4215 2784 4270 ἂν
2813 4217 2865 4270 εἰ
2890 4233 2974 4280 τις
3001 4216 3206 4286 λέγων,
3256 4218 3338 4271 ὅτι
3384 4220 3683 4293 Σωκράτης

2100 4303 2278 4357 πάντα
2297 4304 2400 4358 ὅσα
2435 4304 2684 4376 πράττει,
2715 4304 2791 4376 νῷ
2824 4307 3074 4377 πράττει,
3133 4307 3368 4362 κᾶπειτα
3403 4311 3681 4382 ἐπιχειρήο

2103 4412 2200 4460 σας
2229 4397 2406 4466 λέγειν
2454 4396 2553 4461 τὰς
2599 4398 2779 4462 αἰτίας
2823 4398 3067 4452 ἑκάστων
3097 4393 3172 4453 ὧν
3226 4402 3470 4473 πράττω,
3532 4402 3678 4472 λέγοι

2103 4487 2317 4559 πρῶτον
2353 4488 2449 4560 μὲν
2475 4489 2556 4542 ὅτι
2580 4489 2764 4544 ἐνθάδε
2816 4489 2905 4543 διὰ
2936 4490 3110 4545 ταῦτα
3158 4491 3252 4545 νῦν
3282 4492 3548 4566 κάθημαι,
3597 4495 3679 4548 ὅτι

426 4568 504 4622 mi
537 4567 730 4633 Cebes,
761 4572 1019 4628 incitatus
1051 4587 1214 4646 atque
1246 4579 1443 4636 ardens
1467 4580 1697 4639 ferebar.
1739 4586 1808 4641 At
1844 4567 1993 4657 vero,

2103 4577 2383 4646 σύγκειταί
2426 4596 2526 4649 μου
2557 4579 2617 4632 τὸ
2643 4579 2802 4650 σῶμα
2834 4580 2894 4648 ἐξ
2916 4581 3086 4635 ὀστῶν
3116 4583 3207 4636 καὶ
3233 4583 3461 4654 νεύρων·
3492 4586 3586 4639 καὶ
3609 4584 3681 4639 τὰ

427 4660 557 4722 dum
609 4660 836 4732 legendo
888 4667 1238 4735 progredior,
1287 4669 1561 4726 hominem
1609 4674 1766 4730 video
1819 4687 1998 4734 mente

428 4766 699 4821 nusquam
750 4753 875 4821 uti,
934 4766 1271 4829 ornatusque
1325 4778 1507 4817 rerum
1564 4774 1760 4822 causas
1805 4768 2000 4825 aﬂ‘erre

428 4844 628 4910 trullas,
661 4847 754 4902 sed
801 4855 1011 4902 tantum
1045 4851 1111 4904 ad
1139 4853 1386 4921 quaedam
1438 4857 1603 4920 aeris,
1628 4860 1712 4913 vel
1755 4862 1997 4929 aetheris,

426 4937 511 4992 vel
553 4953 820 5008 aquarum
841 4979 857 5003 ,
905 4940 1211 5013 similiaque
1245 4960 1463 5014 genera,
1499 4957 1755 5020 tauquam
1786 4953 1855 5009 ad
1883 4956 1994 5009 ori-

426 5028 607 5100 ginem
651 5030 886 5087 absurde
951 5035 1133 5089 omnia
1182 5051 1457 5096 revocare.
1514 5037 1572 5095 In
1618 5056 1730 5113 quo
1776 5046 2001 5112 perinde

427 5122 563 5177 mihi
588 5121 766 5178 facere
816 5125 968 5179 visus
992 5134 1095 5190 est,
1152 5126 1313 5205 752
1358 5145 1422 5184 ac
1471 5131 1517 5186 si
1551 5134 1675 5203 quis
1717 5133 1996 5193 Socratem

425 5212 693 5296 quidquid
727 5223 871 5291 agat,
904 5228 1085 5280 mente
1113 5231 1272 5287 agere
1299 5234 1421 5273 cum
1447 5220 1671 5287 diceret,
1700 5223 1840 5281 idem
1877 5242 2000 5296 quae

427 5292 649 5377 agerem
677 5321 874 5365 causas
895 5323 1172 5378 exponens
1208 5311 1571 5381 singulorum,
1596 5315 1670 5378 ita
1691 5292 1996 5381 dictitaret:

502 5486 612 5572 (79)
638 5488 890 5571 Irae-Erat.
914 5490 1015 5572 Ita
1037 5491 1204 5546 malui
1235 5506 1301 5547 ex
1347 5488 1602 5559 Platone,
1637 5510 1801 5568 quam
1826 5496 2000 5561 τιθέν-

425 5574 513 5622 τα,
542 5567 603 5611 ut
637 5562 689 5610 in
720 5562 885 5626 priori
912 5562 1042 5614 edit.
1654 5562 1671 5568 ⁷

431 5695 463 5709 η
501 5626 613 5709 (βο)
655 5628 808 5682 Ἐπεὶ
832 5627 1223 5709 ’δὲπροτώνη
1250 5631 1413 5709 Plato
1455 5642 1719 5709 uterque,
1750 5636 1997 5709 ⁸Ἐπειδὴ.

431 5695 534 5764 Sed
570 5708 810 5773 praastat_
828 5699 977 5766 ἐπεί,
1006 5695 1168 5773 ίῳιοιξ
1211 5704 1298 5758 hic
1343 5719 1439 5773 pro
1484 5695 1638 5770 ἀλλά,
1684 5706 1767 5761 vel
1813 5695 2001 5763 ἔπειτα

431 5776 747 5846 usurpatur.
775 5767 1061 5846 Quomodo
1085 5787 1114 5823 a
1140 5767 1426 5846 Plutarcho
1451 5767 1720 5846 praecipue
1742 5780 1995 5839 sumitur,

433 5847 493 5895 ut
519 5836 633 5912 jam
675 5834 984 5916 Stephanus
1025 5841 1077 5901 in
1111 5842 1254 5901 notis
1289 5834 1733 5902 obser’vavithic
1762 5856 1815 5903 et
1860 5834 1999 5923 apud

2102 4670 2201 4741 μὲν
2227 4671 2358 4723 ὀστᾶ
2389 4672 2504 4724 ἐστι
2550 4672 2767 4743 στερεά,
2800 4673 2896 4726 καὶ
2948 4673 3182 4743 διαφυὰς
3226 4674 3338 4746 ἔχει
3381 4677 3550 4748 χωρὶς
3583 4679 3679 4732 ἀπ’

2098 4761 2359 4833 ἀλλήλων·
2386 4763 2455 4816 τὰ
2482 4763 2540 4817 δὲ
2574 4764 2761 4835 νεῦρα,
2781 4759 2868 4818 οἷα
2901 4766 3261 4822 ἐπιτείνεσθαι
3288 4769 3381 4823 καὶ
3412 4770 3678 4834 ἀνίεσθαι,

2100 4853 2545 4924 περιαμπέχοντα
2603 4854 2674 4908 τὰ
2701 4856 2835 4910 ὀστᾶ
2893 4858 3031 4928 μετὰ
3074 4859 3184 4912 τῶν
3239 4861 3457 4933 σαρκῶν
3493 4880 3552 4916 τε
3587 4865 3681 4917 καί⁸

2098 4942 2385 5015 δέρματος,
2440 4943 2468 4997 ὅ
2516 4947 2728 5016 συνέχει
2784 4948 2941 5002 αὑτά.
2993 4950 3385 5023 Αἰωρουμὲνων
3427 4948 3521 5007 οὖν
3570 4955 3680 5009 τῶν

2096 5034 2269 5088 ὀστῶν
2302 5036 2362 5088 ἐν
2392 5037 2511 5099 ταῖς
2564 5037 2741 5091 αὐτῶν
2790 5037 3101 5109 ξυμϐολαῖς,
3157 5040 3406 5110 χαλῶντα
3429 5044 3524 5097 καὶ
3556 5060 3681 5097 συν-

2097 5126 2341 5180 τείνοντα
2383 5126 2453 5180 τά
2515 5127 2704 5200 νεῦρα,
2761 5130 3110 5201 κάμπτεσθαι
3161 5150 3264 5186 που
3300 5136 3445 5188 ποιεῖ
3478 5131 3587 5189 οἷόν
3618 5153 3678 5189 τε

2098 5210 2237 5270 εἶναι
2261 5217 2361 5288 ἐμὲ
2390 5217 2460 5270 τὰ
2490 5217 2586 5274 νῦν
2617 5219 2685 5272 τὰ
2712 5220 2870 5291 μέλη·
2901 5222 2994 5275 καὶ
3034 5222 3121 5276 διὰ
3146 5223 3348 5296 ταύτην
3375 5227 3472 5296 τὴν
3498 5227 3675 5280 αἰτίαν

2102 5309 2479 5380 συγκαμφθεὶς
2501 5309 2687 5363 ἐνθάδε
2727 5311 2995 5384 κάθημαι.
3030 5315 3140 5368 Καὶ
3163 5310 3229 5369 αὖ
3269 5317 3400 5388 περ)⁸
3431 5317 3524 5371 τοῦ
3557 5318 3674 5372 δια-

2098 5496 2357 5571 Herodot.
2392 5499 2429 5553 l.
2463 5516 2519 5565 ιι,
2544 5515 2665 5571 pag.
2696 5502 2799 5556 l4:
2846 5502 2997 5555 Ἐπεὶ
3029 5498 3121 5557 οὖν
3146 5505 3270 5569 τοὺς
3299 5506 3514 5571 νεανίας
3539 5507 3676 5562 ἀπο-

2100 5569 2500 5648 πεμπομένους,
2536 5569 2675 5648 ἰέναι.
2706 5571 2773 5624 τά
2816 5572 3006 5648 πρῷτα
3050 5574 3256 5648 μὲν-διὰ
3288 5576 3388 5648 τῆς
3414 5569 3678 5648 Δοἰκεομέ-

2100 5638 2216 5712 νης.
2239 5638 2300 5691 Id
2319 5649 2421 5704 est,
2445 5638 2576 5712 lude
2597 5641 2678 5693 vel
2704 5654 2814 5712 tum
2844 5638 3006 5711 igitur
3029 5638 3271 5699 dimissos
3298 5638 3671 5712 adolescenies,

2099 5709 2324 5785 primum
2366 5710 2580 5785 quidem_
2629 5711 2825 5785 cultam
2867 5709 3139 5785 regionem
3184 5731 3522 5785 peragrasse,
3579 5709 3670 5773 ubi

2100 5780 2299 5839 oratio,
2351 5780 2808 5849 quemadmodum
2860 5780 3064 5844 et'liic,
3096 5780 3199 5837 nisi
3234 5780 3353 5839 ἐπεί
3395 5801 3462 5842 eo
3507 5788 3673 5844 modo

2102 5858 2427 5920 sumeretur,
2459 5860 2604 5908 esset
2623 5864 2844 5921 prorsus
2871 5851 3214 5918 ἀναπόδοτος.
