  <div class='ocr_page' id='page_1' title='image "/cluster/home/n/w/nwhite01/storage/ocr_20150623/21:no.3/coo.31924054873017/634.png"; bbox 0 0 4144 6406; ppageno 0'>
   <div class='ocr_carea' id='block_1_1' title="bbox 455 391 591 447">
    <p class='ocr_par' dir='ltr' id='par_1_1' title="bbox 455 391 591 447">
     <span class='ocr_line' id='line_1_1' title="bbox 455 391 591 447; baseline 0 -3"><span class='ocrx_word' id='word_1_1' title='bbox 455 391 591 447; x_wconf 67' lang='grc'><strong>1237</strong></span> 
     </span>
    </p>
   </div>
   <div class='ocr_carea' id='block_1_2' title="bbox 1613 385 2564 445">
    <p class='ocr_par' dir='ltr' id='par_1_2' title="bbox 1613 385 2564 445">
     <span class='ocr_line' id='line_1_2' title="bbox 1613 385 2564 445; baseline 0.001 -1"><span class='ocrx_word' id='word_1_2' title='bbox 1613 387 1931 444; x_wconf 71' lang='grc' dir='ltr'><strong>ΡΡυΕΡΑΒ.</strong></span> <span class='ocrx_word' id='word_1_3' title='bbox 1971 386 2218 444; x_wconf 81' lang='lat' dir='ltr'><strong>EVANG.</strong></span> <span class='ocrx_word' id='word_1_4' title='bbox 2260 386 2386 443; x_wconf 80' lang='lat' dir='ltr'><strong>LIB.</strong></span> <span class='ocrx_word' id='word_1_5' title='bbox 2428 385 2564 445; x_wconf 70' lang='lat' dir='ltr'><strong>XIV.</strong></span> 
     </span>
    </p>
   </div>
   <div class='ocr_carea' id='block_1_3' title="bbox 3555 382 3693 438">
    <p class='ocr_par' dir='ltr' id='par_1_3' title="bbox 3555 382 3693 438">
     <span class='ocr_line' id='line_1_3' title="bbox 3555 382 3693 438; baseline 0.014 -2"><span class='ocrx_word' id='word_1_6' title='bbox 3555 382 3693 438; x_wconf 60' lang='grc' dir='ltr'><strong>Β.δὸ</strong></span> 
     </span>
    </p>
   </div>
   <div class='ocr_carea' id='block_1_4' title="bbox 451 499 2015 578">
    <p class='ocr_par' dir='ltr' id='par_1_4' title="bbox 451 504 2015 577">
     <span class='ocr_line' id='line_1_4' title="bbox 451 504 2015 577; baseline 0.003 -21"><span class='ocrx_word' id='word_1_7' title='bbox 451 504 704 572; x_wconf 83' lang='grc' dir='ltr'>λέγεσθαι</span> <span class='ocrx_word' id='word_1_8' title='bbox 732 504 859 576; x_wconf 79' lang='grc' dir='ltr'>ὑμῖν</span> <span class='ocrx_word' id='word_1_9' title='bbox 907 504 1098 575; x_wconf 79' lang='grc' dir='ltr'>ἑτέρας</span> <span class='ocrx_word' id='word_1_10' title='bbox 1155 506 1363 560; x_wconf 84' lang='grc' dir='ltr'>τοιάσδε</span> <span class='ocrx_word' id='word_1_11' title='bbox 1393 506 1572 571; x_wconf 86' lang='grc' dir='ltr'>αίτίας</span> <span class='ocrx_word' id='word_1_12' title='bbox 1626 509 1797 574; x_wconf 83' lang='grc' dir='ltr'>λέγοι,</span> <span class='ocrx_word' id='word_1_13' title='bbox 1845 513 2015 577; x_wconf 80' lang='grc' dir='ltr'>φωνάς</span> 
     </span>
    </p>
   </div>
   <div class='ocr_carea' id='block_1_5' title="bbox 2116 499 3694 578">
    <p class='ocr_par' dir='ltr' id='par_1_5' title="bbox 2129 499 3694 578">
     <span class='ocr_line' id='line_1_5' title="bbox 2129 499 3694 578; baseline -0.004 -18"><span class='ocrx_word' id='word_1_14' title='bbox 2129 509 2361 576; x_wconf 90' lang='lat' dir='ltr'><strong>primum</strong></span> <span class='ocrx_word' id='word_1_15' title='bbox 2398 508 2487 562; x_wconf 84' lang='lat' dir='ltr'><strong>hic</strong></span> <span class='ocrx_word' id='word_1_16' title='bbox 2526 521 2613 562; x_wconf 91' lang='lat' dir='ltr'><strong>me</strong></span> <span class='ocrx_word' id='word_1_17' title='bbox 2645 515 2927 578; x_wconf 75' lang='lat' dir='ltr'><strong>propterea</strong></span> <span class='ocrx_word' id='word_1_18' title='bbox 2963 501 3173 570; x_wconf 87' lang='lat' dir='ltr'><strong>sedere,</strong></span> <span class='ocrx_word' id='word_1_19' title='bbox 3197 502 3339 573; x_wconf 91' lang='lat' dir='ltr'><strong>quod</strong></span> <span class='ocrx_word' id='word_1_20' title='bbox 3371 515 3570 570; x_wconf 84' lang='lat' dir='ltr'><strong>corpus</strong></span> <span class='ocrx_word' id='word_1_21' title='bbox 3598 499 3694 553; x_wconf 89' lang='lat' dir='ltr'><strong>ha-</strong></span> 
     </span>
    </p>
   </div>
   <div class='ocr_carea' id='block_1_6' title="bbox 452 597 2026 671">
    <p class='ocr_par' dir='ltr' id='par_1_6' title="bbox 452 597 2026 671">
     <span class='ocr_line' id='line_1_6' title="bbox 452 597 2026 671; baseline 0.003 -22"><span class='ocrx_word' id='word_1_22' title='bbox 452 615 531 661; x_wconf 87' lang='grc' dir='ltr'><strong>τε,</strong></span> <span class='ocrx_word' id='word_1_23' title='bbox 561 597 655 649; x_wconf 77' lang='grc' dir='ltr'>καὶ</span> <span class='ocrx_word' id='word_1_24' title='bbox 707 597 898 667; x_wconf 84' lang='grc' dir='ltr'>ἀέρας,</span> <span class='ocrx_word' id='word_1_25' title='bbox 951 597 1045 649; x_wconf 75' lang='grc' dir='ltr'><strong>καὶ</strong></span> <span class='ocrx_word' id='word_1_26' title='bbox 1094 597 1281 660; x_wconf 72' lang='grc' dir='ltr'>ἀκοὰς,</span> <span class='ocrx_word' id='word_1_27' title='bbox 1344 599 1434 651; x_wconf 75' lang='grc' dir='ltr'><strong>καὶ</strong></span> <span class='ocrx_word' id='word_1_28' title='bbox 1479 598 1611 652; x_wconf 86' lang='grc' dir='ltr'>ἄλλα</span> <span class='ocrx_word' id='word_1_29' title='bbox 1665 599 1803 652; x_wconf 79' lang='grc' dir='ltr'>ἄττα</span> <span class='ocrx_word' id='word_1_30' title='bbox 1859 599 2026 671; x_wconf 84' lang='grc' dir='ltr'>μυρία</span> 
     </span>
    </p>
   </div>
   <div class='ocr_carea' id='block_1_7' title="bbox 451 687 2026 762">
    <p class='ocr_par' dir='ltr' id='par_1_7' title="bbox 451 687 2026 762">
     <span class='ocr_line' id='line_1_7' title="bbox 451 687 2026 762; baseline 0.003 -22"><span class='ocrx_word' id='word_1_31' title='bbox 451 687 675 742; x_wconf 85' lang='grc' dir='ltr'>τοιαῦτα</span> <span class='ocrx_word' id='word_1_32' title='bbox 693 688 1032 758; x_wconf 74' lang='grc' dir='ltr'>αἰτιώμενος,</span> <span class='ocrx_word' id='word_1_33' title='bbox 1063 690 1338 760; x_wconf 81' lang='grc' dir='ltr'><strong>ἀμελήσας</strong></span> <span class='ocrx_word' id='word_1_34' title='bbox 1375 691 1472 754; x_wconf 78' lang='grc' dir='ltr'>τὰς</span> <span class='ocrx_word' id='word_1_35' title='bbox 1497 691 1571 754; x_wconf 86' lang='grc' dir='ltr'>ὡς</span> <span class='ocrx_word' id='word_1_36' title='bbox 1603 691 1816 762; x_wconf 80' lang='grc' dir='ltr'>ἀληθῶς</span> <span class='ocrx_word' id='word_1_37' title='bbox 1851 692 2026 756; x_wconf 85' lang='grc' dir='ltr'>αίτίας</span> 
     </span>
    </p>
   </div>
   <div class='ocr_carea' id='block_1_8' title="bbox 452 779 2026 853">
    <p class='ocr_par' dir='ltr' id='par_1_8' title="bbox 452 779 2026 853">
     <span class='ocr_line' id='line_1_8' title="bbox 452 779 2026 853; baseline 0.004 -22"><span class='ocrx_word' id='word_1_38' title='bbox 452 779 652 847; x_wconf 84' lang='grc' dir='ltr'>λέγειν·</span> <span class='ocrx_word' id='word_1_39' title='bbox 693 780 795 842; x_wconf 85' lang='grc' dir='ltr'>ὅτι,</span> <span class='ocrx_word' id='word_1_40' title='bbox 855 779 1040 850; x_wconf 76' lang='grc' dir='ltr'>ἐπειδὴ</span> <span class='ocrx_word' id='word_1_41' title='bbox 1078 780 1376 849; x_wconf 82' lang='grc' dir='ltr'>Ἀθηναίοις</span> <span class='ocrx_word' id='word_1_42' title='bbox 1425 782 1590 848; x_wconf 73' lang='grc' dir='ltr'>ἔδοξε,</span> <span class='ocrx_word' id='word_1_43' title='bbox 1631 783 1835 853; x_wconf 88' lang='grc' dir='ltr'>βέλτιον</span> <span class='ocrx_word' id='word_1_44' title='bbox 1887 781 2026 838; x_wconf 76' lang='grc' dir='ltr'>εἶναι</span> 
     </span>
    </p>
   </div>
   <div class='ocr_carea' id='block_1_9' title="bbox 452 869 2025 944">
    <p class='ocr_par' dir='ltr' id='par_1_9' title="bbox 452 869 2025 944">
     <span class='ocr_line' id='line_1_9' title="bbox 452 869 2025 944; baseline 0.006 -24"><span class='ocrx_word' id='word_1_45' title='bbox 452 869 585 938; x_wconf 78' lang='grc' dir='ltr'>ἐμοῦ</span> <span class='ocrx_word' id='word_1_46' title='bbox 611 869 1108 940; x_wconf 74' lang='grc' dir='ltr'>καταψηφίσασθαι,</span> <span class='ocrx_word' id='word_1_47' title='bbox 1138 871 1226 922; x_wconf 77' lang='grc' dir='ltr'><strong>διὰ</strong></span> <span class='ocrx_word' id='word_1_48' title='bbox 1254 870 1426 926; x_wconf 88' lang='grc' dir='ltr'>ταῦτα</span> <span class='ocrx_word' id='word_1_49' title='bbox 1456 873 1519 943; x_wconf 84' lang='grc' dir='ltr'>δὴ</span> <span class='ocrx_word' id='word_1_50' title='bbox 1550 875 1643 927; x_wconf 73' lang='grc' dir='ltr'><strong>καὶ</strong></span> <span class='ocrx_word' id='word_1_51' title='bbox 1669 876 1790 944; x_wconf 72' lang='grc' dir='ltr'>ἐμοὶ</span> <span class='ocrx_word' id='word_1_52' title='bbox 1819 874 2025 944; x_wconf 85' lang='grc' dir='ltr'>βέλτιον</span> 
     </span>
    </p>
   </div>
   <div class='ocr_carea' id='block_1_10' title="bbox 449 954 2024 1038">
    <p class='ocr_par' dir='ltr' id='par_1_10' title="bbox 449 954 2024 1038">
     <span class='ocr_line' id='line_1_10' title="bbox 449 954 2024 1038; baseline 0.006 -27"><span class='ocrx_word' id='word_1_53' title='bbox 449 954 516 1012; x_wconf 82' lang='grc' dir='ltr'>αὖ</span> <span class='ocrx_word' id='word_1_54' title='bbox 549 959 792 1013; x_wconf 82' lang='grc' dir='ltr'>δέδοκται</span> <span class='ocrx_word' id='word_1_55' title='bbox 822 961 1008 1014; x_wconf 83' lang='grc' dir='ltr'>ἐνθάδε</span> <span class='ocrx_word' id='word_1_56' title='bbox 1033 962 1322 1032; x_wconf 83' lang='grc' dir='ltr'>καθῆσθαι,</span> <span class='ocrx_word' id='word_1_57' title='bbox 1368 966 1460 1016; x_wconf 81' lang='grc' dir='ltr'><strong>καὶ</strong></span> <span class='ocrx_word' id='word_1_58' title='bbox 1490 965 1822 1037; x_wconf 87' lang='grc' dir='ltr'>δικαιότερον</span> <span class='ocrx_word' id='word_1_59' title='bbox 1845 985 2024 1038; x_wconf 91' lang='grc' dir='ltr'>παρα-</span> 
     </span>
    </p>
   </div>
   <div class='ocr_carea' id='block_1_11' title="bbox 455 1051 2025 1124">
    <p class='ocr_par' dir='ltr' id='par_1_11' title="bbox 455 1051 2025 1124">
     <span class='ocr_line' id='line_1_11' title="bbox 455 1051 2025 1124; baseline 0.006 -20"><span class='ocrx_word' id='word_1_60' title='bbox 455 1051 682 1120; x_wconf 82' lang='grc' dir='ltr'><strong>μένοντα</strong></span> <span class='ocrx_word' id='word_1_61' title='bbox 705 1052 927 1123; x_wconf 83' lang='grc' dir='ltr'><strong>ὑπέχειν</strong></span> <span class='ocrx_word' id='word_1_62' title='bbox 957 1054 1052 1124; x_wconf 80' lang='grc' dir='ltr'>τὴν</span> <span class='ocrx_word' id='word_1_63' title='bbox 1077 1054 1252 1124; x_wconf 82' lang='grc' dir='ltr'>δίκην,</span> <span class='ocrx_word' id='word_1_64' title='bbox 1282 1055 1348 1121; x_wconf 85' lang='grc' dir='ltr'><strong>ἢν</strong></span> <span class='ocrx_word' id='word_1_65' title='bbox 1393 1055 1458 1108; x_wconf 88' lang='grc' dir='ltr'><strong>ἂν</strong></span> <span class='ocrx_word' id='word_1_66' title='bbox 1484 1056 1834 1111; x_wconf 83' lang='grc' dir='ltr'><strong>κελεύσωσιν.</strong></span> <span class='ocrx_word' id='word_1_67' title='bbox 1874 1060 2025 1113; x_wconf 75' lang='grc' dir='ltr'>Ἐπεὶ</span> 
     </span>
    </p>
   </div>
   <div class='ocr_carea' id='block_1_12' title="bbox 453 1138 2025 1223">
    <p class='ocr_par' dir='ltr' id='par_1_12' title="bbox 453 1138 2025 1223">
     <span class='ocr_line' id='line_1_12' title="bbox 453 1138 2025 1223; baseline 0.006 -29"><span class='ocrx_word' id='word_1_68' title='bbox 453 1141 519 1213; x_wconf 81' lang='grc' dir='ltr'><strong>νὴ</strong></span> <span class='ocrx_word' id='word_1_69' title='bbox 551 1142 644 1194; x_wconf 85' lang='grc' dir='ltr'><strong>τὸν</strong></span> <span class='ocrx_word' id='word_1_70' title='bbox 699 1142 860 1204; x_wconf 84' lang='grc' dir='ltr'>κύνα,</span> <span class='ocrx_word' id='word_1_71' title='bbox 895 1144 966 1206; x_wconf 85' lang='grc' dir='ltr'>ὡς</span> <span class='ocrx_word' id='word_1_72' title='bbox 992 1138 1222 1214; x_wconf 80' lang='grc' dir='ltr'>ἐγῷμαι,</span> <span class='ocrx_word' id='word_1_73' title='bbox 1264 1146 1430 1200; x_wconf 84' lang='grc' dir='ltr'>πάλαι</span> <span class='ocrx_word' id='word_1_74' title='bbox 1460 1146 1526 1199; x_wconf 84' lang='grc' dir='ltr'><strong>ἂν</strong></span> <span class='ocrx_word' id='word_1_75' title='bbox 1551 1147 1722 1201; x_wconf 89' lang='grc' dir='ltr'>ταῦτα</span> <span class='ocrx_word' id='word_1_76' title='bbox 1763 1149 1832 1202; x_wconf 83' lang='grc' dir='ltr'>τὰ</span> <span class='ocrx_word' id='word_1_77' title='bbox 1861 1149 2025 1223; x_wconf 86' lang='grc' dir='ltr'>νεῦρα</span> 
     </span>
    </p>
   </div>
   <div class='ocr_carea' id='block_1_13' title="bbox 451 1233 2025 1321">
    <p class='ocr_par' dir='ltr' id='par_1_13' title="bbox 451 1233 2025 1321">
     <span class='ocr_line' id='line_1_13' title="bbox 451 1233 2025 1321; baseline 0.005 -35"><span class='ocrx_word' id='word_1_78' title='bbox 451 1233 546 1286; x_wconf 76' lang='grc' dir='ltr'>καὶ</span> <span class='ocrx_word' id='word_1_79' title='bbox 575 1234 644 1321; x_wconf 56' lang='grc' dir='ltr'><strong>τέί</strong></span> <span class='ocrx_word' id='word_1_80' title='bbox 663 1235 848 1306; x_wconf 81' lang='grc' dir='ltr'>ὀστᾶῆ</span> <span class='ocrx_word' id='word_1_81' title='bbox 879 1237 1005 1306; x_wconf 59' lang='grc' dir='ltr'><strong>περ)⁷</strong></span> <span class='ocrx_word' id='word_1_82' title='bbox 1027 1236 1256 1306; x_wconf 82' lang='grc' dir='ltr'>Μέγαρα</span> <span class='ocrx_word' id='word_1_83' title='bbox 1289 1237 1322 1307; x_wconf 77' lang='grc' dir='ltr'>ἣ</span> <span class='ocrx_word' id='word_1_84' title='bbox 1354 1237 1479 1308; x_wconf 64' lang='grc' dir='ltr'><strong>περ)¹</strong></span> <span class='ocrx_word' id='word_1_85' title='bbox 1512 1239 1777 1303; x_wconf 82' lang='grc' dir='ltr'>Βοιωτοὺς</span> <span class='ocrx_word' id='word_1_86' title='bbox 1804 1237 1891 1311; x_wconf 84' lang='grc' dir='ltr'><strong>ἦν,</strong></span> <span class='ocrx_word' id='word_1_87' title='bbox 1922 1242 2025 1294; x_wconf 89' lang='grc' dir='ltr'><strong>ὑπὸ</strong></span> 
     </span>
    </p>
   </div>
   <div class='ocr_carea' id='block_1_14' title="bbox 449 1323 2024 1403">
    <p class='ocr_par' dir='ltr' id='par_1_14' title="bbox 449 1323 2024 1403">
     <span class='ocr_line' id='line_1_14' title="bbox 449 1323 2024 1403; baseline 0.007 -28"><span class='ocrx_word' id='word_1_88' title='bbox 449 1323 606 1395; x_wconf 82' lang='grc' dir='ltr'>δόξης</span> <span class='ocrx_word' id='word_1_89' title='bbox 642 1326 914 1394; x_wconf 85' lang='grc' dir='ltr'>φερόμενα</span> <span class='ocrx_word' id='word_1_90' title='bbox 962 1325 1055 1377; x_wconf 91' lang='grc' dir='ltr'><strong>τοῦ</strong></span> <span class='ocrx_word' id='word_1_91' title='bbox 1088 1325 1398 1394; x_wconf 80' lang='grc' dir='ltr'><strong>βελτίστου,</strong></span> <span class='ocrx_word' id='word_1_92' title='bbox 1458 1329 1507 1379; x_wconf 86' lang='grc' dir='ltr'><strong>εί</strong></span> <span class='ocrx_word' id='word_1_93' title='bbox 1567 1328 1642 1400; x_wconf 84' lang='grc' dir='ltr'>μὴ</span> <span class='ocrx_word' id='word_1_94' title='bbox 1692 1330 2024 1403; x_wconf 85' lang='grc' dir='ltr'>δικαιότερον</span> 
     </span>
    </p>
   </div>
   <div class='ocr_carea' id='block_1_15' title="bbox 449 1411 2024 1487">
    <p class='ocr_par' dir='ltr' id='par_1_15' title="bbox 449 1411 2024 1487">
     <span class='ocr_line' id='line_1_15' title="bbox 449 1411 2024 1487; baseline 0.006 -22"><span class='ocrx_word' id='word_1_95' title='bbox 449 1416 606 1485; x_wconf 74' lang='grc' dir='ltr'>ᾤμην</span> <span class='ocrx_word' id='word_1_96' title='bbox 632 1415 726 1468; x_wconf 76' lang='grc' dir='ltr'>καὶ</span> <span class='ocrx_word' id='word_1_97' title='bbox 746 1415 960 1468; x_wconf 85' lang='grc' dir='ltr'>κάλλιον</span> <span class='ocrx_word' id='word_1_98' title='bbox 981 1411 1138 1478; x_wconf 75' lang='grc' dir='ltr'>εἶναι,</span> <span class='ocrx_word' id='word_1_99' title='bbox 1169 1417 1273 1487; x_wconf 78' lang='grc' dir='ltr'><strong>πρὸ</strong></span> <span class='ocrx_word' id='word_1_100' title='bbox 1315 1416 1407 1468; x_wconf 88' lang='grc' dir='ltr'><strong>τοῦ</strong></span> <span class='ocrx_word' id='word_1_101' title='bbox 1435 1418 1654 1486; x_wconf 80' lang='grc' dir='ltr'><strong>φεύγειν</strong></span> <span class='ocrx_word' id='word_1_102' title='bbox 1676 1437 1733 1472; x_wconf 86' lang='grc' dir='ltr'><strong>τε</strong></span> <span class='ocrx_word' id='word_1_103' title='bbox 1765 1421 1857 1472; x_wconf 76' lang='grc' dir='ltr'>καὶ</span> <span class='ocrx_word' id='word_1_104' title='bbox 1893 1423 2024 1476; x_wconf 87' lang='grc' dir='ltr'>ἀπο-</span> 
     </span>
    </p>
   </div>
   <div class='ocr_carea' id='block_1_16' title="bbox 449 1505 2020 1588">
    <p class='ocr_par' dir='ltr' id='par_1_16' title="bbox 449 1505 2020 1588">
     <span class='ocr_line' id='line_1_16' title="bbox 449 1505 2020 1588; baseline 0.008 -31"><span class='ocrx_word' id='word_1_105' title='bbox 449 1505 778 1577; x_wconf 87' lang='grc' dir='ltr'>διδράσκειν,</span> <span class='ocrx_word' id='word_1_106' title='bbox 810 1506 1032 1577; x_wconf 80' lang='grc' dir='ltr'>ὑπέχειν</span> <span class='ocrx_word' id='word_1_107' title='bbox 1063 1511 1130 1579; x_wconf 77' lang='grc' dir='ltr'>τῇ</span> <span class='ocrx_word' id='word_1_108' title='bbox 1154 1509 1303 1561; x_wconf 92' lang='grc' dir='ltr'>πόλει</span> <span class='ocrx_word' id='word_1_109' title='bbox 1329 1508 1483 1578; x_wconf 87' lang='grc' dir='ltr'>δίκην</span> <span class='ocrx_word' id='word_1_110' title='bbox 1506 1511 1572 1581; x_wconf 72' lang='grc' dir='ltr'><strong>ἦν</strong></span> <span class='ocrx_word' id='word_1_111' title='bbox 1593 1514 1692 1564; x_wconf 87' lang='grc' dir='ltr'>τιν’</span> <span class='ocrx_word' id='word_1_112' title='bbox 1727 1512 1792 1566; x_wconf 82' lang='grc' dir='ltr'>ἂν</span> <span class='ocrx_word' id='word_1_113' title='bbox 1831 1516 2020 1588; x_wconf 81' lang='grc' dir='ltr'>τάττῃ.</span> 
     </span>
    </p>
   </div>
   <div class='ocr_carea' id='block_1_17' title="bbox 464 1596 2022 1666">
    <p class='ocr_par' dir='ltr' id='par_1_17' title="bbox 464 1596 2022 1666">
     <span class='ocr_line' id='line_1_17' title="bbox 464 1596 2022 1666; baseline 0.008 -18"><span class='ocrx_word' id='word_1_114' title='bbox 464 1596 599 1649; x_wconf 84' lang='grc' dir='ltr'>Ἀλλ’</span> <span class='ocrx_word' id='word_1_115' title='bbox 625 1597 770 1649; x_wconf 77' lang='grc' dir='ltr'>αἴτια</span> <span class='ocrx_word' id='word_1_116' title='bbox 799 1598 894 1666; x_wconf 87' lang='grc' dir='ltr'><strong>μὲν</strong></span> <span class='ocrx_word' id='word_1_117' title='bbox 920 1597 986 1650; x_wconf 76' lang='grc' dir='ltr'><strong>τὰ</strong></span> <span class='ocrx_word' id='word_1_118' title='bbox 1017 1598 1238 1652; x_wconf 90' lang='grc' dir='ltr'>τοιαῦτα</span> <span class='ocrx_word' id='word_1_119' title='bbox 1261 1600 1444 1653; x_wconf 85' lang='grc' dir='ltr'>καλεῖν</span> <span class='ocrx_word' id='word_1_120' title='bbox 1481 1601 1599 1655; x_wconf 83' lang='grc' dir='ltr'><strong>λίαν</strong></span> <span class='ocrx_word' id='word_1_121' title='bbox 1625 1604 1842 1658; x_wconf 82' lang='grc' dir='ltr'>ἄτοπον.</span> <span class='ocrx_word' id='word_1_122' title='bbox 1873 1608 1934 1660; x_wconf 81' lang='lat' dir='ltr'><strong>Ei</strong></span> <span class='ocrx_word' id='word_1_123' title='bbox 1967 1609 2022 1661; x_wconf 88' lang='grc' dir='ltr'><strong>δέ</strong></span> 
     </span>
    </p>
   </div>
   <div class='ocr_carea' id='block_1_18' title="bbox 447 1687 2018 1763">
    <p class='ocr_par' dir='ltr' id='par_1_18' title="bbox 447 1687 2018 1763">
     <span class='ocr_line' id='line_1_18' title="bbox 447 1687 2018 1763; baseline 0.009 -25"><span class='ocrx_word' id='word_1_124' title='bbox 447 1704 532 1749; x_wconf 84' lang='grc' dir='ltr'><strong>τις</strong></span> <span class='ocrx_word' id='word_1_125' title='bbox 557 1687 726 1755; x_wconf 82' lang='grc' dir='ltr'><strong>λέγοι,</strong></span> <span class='ocrx_word' id='word_1_126' title='bbox 753 1689 834 1740; x_wconf 85' lang='grc' dir='ltr'>ὅτι</span> <span class='ocrx_word' id='word_1_127' title='bbox 883 1687 1009 1740; x_wconf 84' lang='grc' dir='ltr'>ἄνευ</span> <span class='ocrx_word' id='word_1_128' title='bbox 1047 1689 1140 1741; x_wconf 86' lang='grc' dir='ltr'><strong>τοῦ</strong></span> <span class='ocrx_word' id='word_1_129' title='bbox 1195 1689 1263 1742; x_wconf 75' lang='grc' dir='ltr'>τὰ</span> <span class='ocrx_word' id='word_1_130' title='bbox 1295 1688 1518 1746; x_wconf 83' lang='grc' dir='ltr'>τοιαῦτα</span> <span class='ocrx_word' id='word_1_131' title='bbox 1552 1693 1716 1763; x_wconf 80' lang='grc' dir='ltr'>ἔχειν,</span> <span class='ocrx_word' id='word_1_132' title='bbox 1747 1697 1839 1750; x_wconf 72' lang='grc' dir='ltr'>καὶ</span> <span class='ocrx_word' id='word_1_133' title='bbox 1866 1699 2018 1763; x_wconf 81' lang='grc' dir='ltr'>ὀστᾶ,</span> 
     </span>
    </p>
   </div>
   <div class='ocr_carea' id='block_1_19' title="bbox 451 1779 2020 1860">
    <p class='ocr_par' dir='ltr' id='par_1_19' title="bbox 451 1779 2020 1860">
     <span class='ocr_line' id='line_1_19' title="bbox 451 1779 2020 1860; baseline 0.008 -30"><span class='ocrx_word' id='word_1_134' title='bbox 451 1780 542 1830; x_wconf 72' lang='grc' dir='ltr'><strong>καὶ</strong></span> <span class='ocrx_word' id='word_1_135' title='bbox 575 1779 760 1850; x_wconf 82' lang='grc' dir='ltr'>νεῦρα,</span> <span class='ocrx_word' id='word_1_136' title='bbox 819 1780 912 1832; x_wconf 79' lang='grc' dir='ltr'><strong>καὶ</strong></span> <span class='ocrx_word' id='word_1_137' title='bbox 970 1780 1070 1832; x_wconf 79' lang='grc' dir='ltr'><strong>ὅσα</strong></span> <span class='ocrx_word' id='word_1_138' title='bbox 1113 1780 1248 1834; x_wconf 83' lang='grc' dir='ltr'>ἄλλα</span> <span class='ocrx_word' id='word_1_139' title='bbox 1301 1782 1430 1852; x_wconf 74' lang='grc' dir='ltr'>ἔχω,</span> <span class='ocrx_word' id='word_1_140' title='bbox 1477 1785 1576 1837; x_wconf 82' lang='grc' dir='ltr'><strong>οὐκ</strong></span> <span class='ocrx_word' id='word_1_141' title='bbox 1619 1785 1686 1838; x_wconf 83' lang='grc' dir='ltr'>ἂν</span> <span class='ocrx_word' id='word_1_142' title='bbox 1717 1783 1826 1851; x_wconf 73' lang='grc' dir='ltr'>οἷός</span> <span class='ocrx_word' id='word_1_143' title='bbox 1867 1807 1924 1841; x_wconf 90' lang='grc' dir='ltr'><strong>τε</strong></span> <span class='ocrx_word' id='word_1_144' title='bbox 1953 1787 2020 1860; x_wconf 85' lang='grc' dir='ltr'><strong>ἦν</strong></span> 
     </span>
    </p>
   </div>
   <div class='ocr_carea' id='block_1_20' title="bbox 451 1869 2018 1950">
    <p class='ocr_par' dir='ltr' id='par_1_20' title="bbox 451 1869 2018 1950">
     <span class='ocr_line' id='line_1_20' title="bbox 451 1869 2018 1950; baseline 0.01 -30"><span class='ocrx_word' id='word_1_145' title='bbox 451 1872 622 1922; x_wconf 84' lang='grc' dir='ltr'>ποιεῖν</span> <span class='ocrx_word' id='word_1_146' title='bbox 649 1869 719 1922; x_wconf 86' lang='grc' dir='ltr'><strong>τά</strong></span> <span class='ocrx_word' id='word_1_147' title='bbox 757 1869 983 1934; x_wconf 87' lang='grc' dir='ltr'>δόξαντά</span> <span class='ocrx_word' id='word_1_148' title='bbox 1017 1889 1127 1941; x_wconf 85' lang='grc' dir='ltr'>μοι,</span> <span class='ocrx_word' id='word_1_149' title='bbox 1187 1872 1358 1944; x_wconf 81' lang='grc' dir='ltr'><strong>ἀληθῆ</strong></span> <span class='ocrx_word' id='word_1_150' title='bbox 1409 1873 1474 1927; x_wconf 84' lang='grc' dir='ltr'>ἂν</span> <span class='ocrx_word' id='word_1_151' title='bbox 1533 1875 1698 1945; x_wconf 81' lang='grc' dir='ltr'>λέγοι·</span> <span class='ocrx_word' id='word_1_152' title='bbox 1730 1879 1805 1942; x_wconf 84' lang='grc' dir='ltr'>ὡς</span> <span class='ocrx_word' id='word_1_153' title='bbox 1837 1882 2018 1950; x_wconf 87' lang='grc' dir='ltr'>μέντοι</span> 
     </span>
    </p>
   </div>
   <div class='ocr_carea' id='block_1_21' title="bbox 448 1962 2016 2040">
    <p class='ocr_par' dir='ltr' id='par_1_21' title="bbox 448 1962 2016 2040">
     <span class='ocr_line' id='line_1_21' title="bbox 448 1962 2016 2040; baseline 0.007 -25"><span class='ocrx_word' id='word_1_154' title='bbox 448 1962 536 2017; x_wconf 85' lang='grc' dir='ltr'>διὰ</span> <span class='ocrx_word' id='word_1_155' title='bbox 569 1964 740 2017; x_wconf 87' lang='grc' dir='ltr'>ταῦτα</span> <span class='ocrx_word' id='word_1_156' title='bbox 775 1966 912 2018; x_wconf 84' lang='grc' dir='ltr'>ποιῶ</span> <span class='ocrx_word' id='word_1_157' title='bbox 939 1965 975 2020; x_wconf 74' lang='grc' dir='ltr'>ἃ</span> <span class='ocrx_word' id='word_1_158' title='bbox 1029 1966 1188 2032; x_wconf 84' lang='grc' dir='ltr'>ποιῶ,</span> <span class='ocrx_word' id='word_1_159' title='bbox 1218 1968 1312 2021; x_wconf 80' lang='grc' dir='ltr'><strong>καὶ</strong></span> <span class='ocrx_word' id='word_1_160' title='bbox 1375 1968 1526 2021; x_wconf 85' lang='grc' dir='ltr'>ταῦθ’</span> <span class='ocrx_word' id='word_1_161' title='bbox 1557 1968 1594 2023; x_wconf 73' lang='grc' dir='ltr'><strong>ἃ</strong></span> <span class='ocrx_word' id='word_1_162' title='bbox 1645 1970 1720 2040; x_wconf 83' lang='grc' dir='ltr'><strong>νῷ</strong></span> <span class='ocrx_word' id='word_1_163' title='bbox 1772 1972 2016 2039; x_wconf 84' lang='grc' dir='ltr'>πράττω,</span> 
     </span>
    </p>
   </div>
   <div class='ocr_carea' id='block_1_22' title="bbox 447 2054 2021 2134">
    <p class='ocr_par' dir='ltr' id='par_1_22' title="bbox 447 2054 2021 2134">
     <span class='ocr_line' id='line_1_22' title="bbox 447 2054 2021 2134; baseline 0.004 -26"><span class='ocrx_word' id='word_1_164' title='bbox 447 2054 561 2108; x_wconf 84' lang='grc' dir='ltr'>ἀλλ’</span> <span class='ocrx_word' id='word_1_165' title='bbox 597 2057 658 2108; x_wconf 87' lang='grc' dir='ltr'><strong>οὑ</strong></span> <span class='ocrx_word' id='word_1_166' title='bbox 686 2058 752 2127; x_wconf 77' lang='grc' dir='ltr'>τῇ</span> <span class='ocrx_word' id='word_1_167' title='bbox 779 2056 870 2109; x_wconf 89' lang='grc' dir='ltr'><strong>τοῦ</strong></span> <span class='ocrx_word' id='word_1_168' title='bbox 903 2056 1174 2126; x_wconf 80' lang='grc' dir='ltr'>βελτίστου</span> <span class='ocrx_word' id='word_1_169' title='bbox 1207 2059 1436 2130; x_wconf 80' lang='grc' dir='ltr'>αἱρέσει,</span> <span class='ocrx_word' id='word_1_170' title='bbox 1495 2059 1662 2131; x_wconf 83' lang='grc' dir='ltr'>πολλὴ</span> <span class='ocrx_word' id='word_1_171' title='bbox 1700 2060 1765 2113; x_wconf 86' lang='grc' dir='ltr'><strong>ἂν</strong></span> <span class='ocrx_word' id='word_1_172' title='bbox 1794 2063 1886 2114; x_wconf 81' lang='grc' dir='ltr'>καὶ</span> <span class='ocrx_word' id='word_1_173' title='bbox 1920 2081 2021 2134; x_wconf 86' lang='grc' dir='ltr'><strong>μα-</strong></span> 
     </span>
    </p>
   </div>
   <div class='ocr_carea' id='block_1_23' title="bbox 448 2144 2020 2218">
    <p class='ocr_par' dir='ltr' id='par_1_23' title="bbox 448 2144 2020 2218">
     <span class='ocr_line' id='line_1_23' title="bbox 448 2144 2020 2218; baseline 0.006 -23"><span class='ocrx_word' id='word_1_174' title='bbox 448 2144 557 2215; x_wconf 87' lang='grc' dir='ltr'><strong>κρά</strong></span> <span class='ocrx_word' id='word_1_175' title='bbox 588 2145 827 2216; x_wconf 77' lang='grc' dir='ltr'><strong>ῥᾳθυμία</strong></span> <span class='ocrx_word' id='word_1_176' title='bbox 876 2145 959 2216; x_wconf 87' lang='grc' dir='ltr'><strong>είη</strong></span> <span class='ocrx_word' id='word_1_177' title='bbox 1005 2146 1098 2199; x_wconf 92' lang='grc' dir='ltr'><strong>τοῦ</strong></span> <span class='ocrx_word' id='word_1_178' title='bbox 1137 2146 1314 2215; x_wconf 90' lang='grc' dir='ltr'>λόγου.</span> <span class='ocrx_word' id='word_1_179' title='bbox 1349 2167 1366 2199; x_wconf 74' lang='grc' dir='ltr'><strong>ι</strong></span> <span class='ocrx_word' id='word_1_180' title='bbox 1414 2144 1546 2201; x_wconf 78' lang='grc' dir='ltr'>Εἶτα</span> <span class='ocrx_word' id='word_1_181' title='bbox 1579 2150 1836 2218; x_wconf 84' lang='grc' dir='ltr'>ἐπιλέγει·</span> <span class='ocrx_word' id='word_1_182' title='bbox 1877 2170 1895 2202; x_wconf 79' lang='grc' dir='ltr'><strong>ι</strong></span> <span class='ocrx_word' id='word_1_183' title='bbox 1931 2153 2020 2205; x_wconf 87' lang='grc' dir='ltr'><strong>Διὸ</strong></span> 
     </span>
    </p>
   </div>
   <div class='ocr_carea' id='block_1_24' title="bbox 442 2235 2020 2312">
    <p class='ocr_par' dir='ltr' id='par_1_24' title="bbox 442 2235 2020 2312">
     <span class='ocr_line' id='line_1_24' title="bbox 442 2235 2020 2312; baseline 0.006 -24"><span class='ocrx_word' id='word_1_184' title='bbox 442 2235 508 2306; x_wconf 85' lang='grc' dir='ltr'>δὴ</span> <span class='ocrx_word' id='word_1_185' title='bbox 533 2236 622 2288; x_wconf 80' lang='grc' dir='ltr'><strong>καὶ</strong></span> <span class='ocrx_word' id='word_1_186' title='bbox 647 2238 674 2288; x_wconf 98' lang='lat'><strong>6</strong></span> <span class='ocrx_word' id='word_1_187' title='bbox 705 2236 802 2306; x_wconf 83' lang='grc' dir='ltr'>μέν</span> <span class='ocrx_word' id='word_1_188' title='bbox 831 2253 914 2298; x_wconf 87' lang='grc' dir='ltr'><strong>τις</strong></span> <span class='ocrx_word' id='word_1_189' title='bbox 941 2235 1087 2306; x_wconf 81' lang='grc' dir='ltr'><strong>δίνην</strong></span> <span class='ocrx_word' id='word_1_190' title='bbox 1117 2239 1418 2308; x_wconf 82' lang='grc' dir='ltr'>περιτιθεὶς</span> <span class='ocrx_word' id='word_1_191' title='bbox 1447 2240 1557 2311; x_wconf 76' lang='grc'>(81)</span> <span class='ocrx_word' id='word_1_192' title='bbox 1582 2244 1644 2311; x_wconf 85' lang='grc' dir='ltr'>τῇ</span> <span class='ocrx_word' id='word_1_193' title='bbox 1669 2244 1760 2312; x_wconf 81' lang='grc' dir='ltr'><strong>γῇ,</strong></span> <span class='ocrx_word' id='word_1_194' title='bbox 1801 2243 1906 2295; x_wconf 82' lang='grc' dir='ltr'><strong>ὑπὸ</strong></span> <span class='ocrx_word' id='word_1_195' title='bbox 1927 2244 2020 2297; x_wconf 89' lang='grc' dir='ltr'><strong>τοῦ</strong></span> 
     </span>
    </p>
   </div>
   <div class='ocr_carea' id='block_1_25' title="bbox 443 2326 2024 2406">
    <p class='ocr_par' dir='ltr' id='par_1_25' title="bbox 443 2326 2024 2406">
     <span class='ocr_line' id='line_1_25' title="bbox 443 2326 2024 2406; baseline 0.003 -26"><span class='ocrx_word' id='word_1_196' title='bbox 443 2326 670 2399; x_wconf 70' lang='grc' dir='ltr'>οὐρανοῦ</span> <span class='ocrx_word' id='word_1_197' title='bbox 715 2327 897 2398; x_wconf 85' lang='grc' dir='ltr'>μένειν</span> <span class='ocrx_word' id='word_1_198' title='bbox 924 2329 988 2399; x_wconf 86' lang='grc' dir='ltr'><strong>δὴ</strong></span> <span class='ocrx_word' id='word_1_199' title='bbox 1038 2333 1184 2382; x_wconf 82' lang='grc' dir='ltr'>ποιεῖ</span> <span class='ocrx_word' id='word_1_200' title='bbox 1208 2331 1306 2400; x_wconf 84' lang='grc' dir='ltr'>τὴν</span> <span class='ocrx_word' id='word_1_201' title='bbox 1354 2332 1476 2402; x_wconf 83' lang='grc' dir='ltr'>γῆν·</span> <span class='ocrx_word' id='word_1_202' title='bbox 1521 2333 1550 2384; x_wconf 88' lang='lat'><strong>6</strong></span> <span class='ocrx_word' id='word_1_203' title='bbox 1588 2331 1645 2384; x_wconf 83' lang='grc' dir='ltr'>δὲ</span> <span class='ocrx_word' id='word_1_204' title='bbox 1675 2331 1862 2404; x_wconf 79' lang='grc' dir='ltr'>ὥσπερ</span> <span class='ocrx_word' id='word_1_205' title='bbox 1888 2351 2024 2406; x_wconf 83' lang='grc' dir='ltr'>καρ-</span> 
     </span>
    </p>
   </div>
   <div class='ocr_carea' id='block_1_26' title="bbox 441 2419 2022 2498">
    <p class='ocr_par' dir='ltr' id='par_1_26' title="bbox 441 2419 2022 2498">
     <span class='ocr_line' id='line_1_26' title="bbox 441 2419 2022 2498; baseline 0.006 -27"><span class='ocrx_word' id='word_1_206' title='bbox 441 2419 592 2489; x_wconf 87' lang='grc' dir='ltr'>δόπῳ</span> <span class='ocrx_word' id='word_1_207' title='bbox 622 2420 850 2490; x_wconf 79' lang='grc' dir='ltr'>πλατείᾳ</span> <span class='ocrx_word' id='word_1_208' title='bbox 899 2419 1096 2490; x_wconf 83' lang='grc' dir='ltr'>βάθρον</span> <span class='ocrx_word' id='word_1_209' title='bbox 1132 2420 1222 2474; x_wconf 82' lang='grc' dir='ltr'>τὸν</span> <span class='ocrx_word' id='word_1_210' title='bbox 1260 2421 1398 2491; x_wconf 84' lang='grc' dir='ltr'>ἀέρα</span> <span class='ocrx_word' id='word_1_211' title='bbox 1430 2422 1540 2492; x_wconf 73' lang='grc'>(82)</span> <span class='ocrx_word' id='word_1_212' title='bbox 1589 2424 1879 2494; x_wconf 79' lang='grc' dir='ltr'>ὑπερείδει·</span> <span class='ocrx_word' id='word_1_213' title='bbox 1923 2428 2022 2498; x_wconf 83' lang='grc' dir='ltr'><strong>τὴν</strong></span> 
     </span>
    </p>
   </div>
   <div class='ocr_carea' id='block_1_27' title="bbox 441 2505 2014 2586">
    <p class='ocr_par' dir='ltr' id='par_1_27' title="bbox 441 2505 2014 2586">
     <span class='ocr_line' id='line_1_27' title="bbox 441 2505 2014 2586; baseline 0.004 -24"><span class='ocrx_word' id='word_1_214' title='bbox 441 2509 618 2572; x_wconf 76' lang='grc' dir='ltr'>δὲ,τοῦ</span> <span class='ocrx_word' id='word_1_215' title='bbox 651 2510 726 2572; x_wconf 88' lang='grc' dir='ltr'>ὠς</span> <span class='ocrx_word' id='word_1_216' title='bbox 747 2505 855 2562; x_wconf 76' lang='grc' dir='ltr'>οἷόν</span> <span class='ocrx_word' id='word_1_217' title='bbox 907 2527 966 2562; x_wconf 90' lang='grc' dir='ltr'><strong>τε</strong></span> <span class='ocrx_word' id='word_1_218' title='bbox 1016 2510 1264 2579; x_wconf 86' lang='grc' dir='ltr'>βέλτιστα</span> <span class='ocrx_word' id='word_1_219' title='bbox 1323 2512 1462 2564; x_wconf 78' lang='grc' dir='ltr'>αὐτὰ</span> <span class='ocrx_word' id='word_1_220' title='bbox 1493 2512 1714 2584; x_wconf 83' lang='grc' dir='ltr'>τεθῆναι</span> <span class='ocrx_word' id='word_1_221' title='bbox 1769 2515 2014 2586; x_wconf 87' lang='grc' dir='ltr'>δύναμιν,</span> 
     </span>
    </p>
   </div>
   <div class='ocr_carea' id='block_1_28' title="bbox 440 2591 2014 2666">
    <p class='ocr_par' dir='ltr' id='par_1_28' title="bbox 440 2591 2014 2666">
     <span class='ocr_line' id='line_1_28' title="bbox 440 2591 2014 2666; baseline 0.006 -22"><span class='ocrx_word' id='word_1_222' title='bbox 440 2593 582 2644; x_wconf 78' lang='grc' dir='ltr'>οὕτω</span> <span class='ocrx_word' id='word_1_223' title='bbox 613 2591 704 2644; x_wconf 88' lang='grc' dir='ltr'><strong>νῦν</strong></span> <span class='ocrx_word' id='word_1_224' title='bbox 743 2591 974 2657; x_wconf 85' lang='grc' dir='ltr'>κεῖσθαι,</span> <span class='ocrx_word' id='word_1_225' title='bbox 1003 2593 1204 2664; x_wconf 86' lang='grc' dir='ltr'>ταύτην</span> <span class='ocrx_word' id='word_1_226' title='bbox 1251 2593 1374 2647; x_wconf 73' lang='grc' dir='ltr'>οὔτε</span> <span class='ocrx_word' id='word_1_227' title='bbox 1415 2594 1687 2666; x_wconf 81' lang='grc' dir='ltr'>ζητοῦσιν,</span> <span class='ocrx_word' id='word_1_228' title='bbox 1720 2597 1842 2651; x_wconf 73' lang='grc' dir='ltr'>οὔτε</span> <span class='ocrx_word' id='word_1_229' title='bbox 1891 2600 2014 2654; x_wconf 81' lang='grc' dir='ltr'>τινὰ</span> 
     </span>
    </p>
   </div>
   <div class='ocr_carea' id='block_1_29' title="bbox 439 2682 2013 2756">
    <p class='ocr_par' dir='ltr' id='par_1_29' title="bbox 439 2682 2013 2756">
     <span class='ocr_line' id='line_1_29' title="bbox 439 2682 2013 2756; baseline 0.005 -22"><span class='ocrx_word' id='word_1_230' title='bbox 439 2682 641 2736; x_wconf 77' lang='grc' dir='ltr'>οἴονται</span> <span class='ocrx_word' id='word_1_231' title='bbox 661 2682 940 2754; x_wconf 85' lang='grc' dir='ltr'>δαιμονίαν</span> <span class='ocrx_word' id='word_1_232' title='bbox 974 2685 1124 2753; x_wconf 82' lang='grc' dir='ltr'>ἰσχὺν</span> <span class='ocrx_word' id='word_1_233' title='bbox 1149 2683 1312 2754; x_wconf 80' lang='grc' dir='ltr'>ἔχειν·</span> <span class='ocrx_word' id='word_1_234' title='bbox 1355 2684 1491 2738; x_wconf 85' lang='grc' dir='ltr'><strong>ἀλλά</strong></span> <span class='ocrx_word' id='word_1_235' title='bbox 1533 2687 1787 2756; x_wconf 81' lang='grc' dir='ltr'>ἡγοῦνται</span> <span class='ocrx_word' id='word_1_236' title='bbox 1823 2688 2013 2742; x_wconf 84' lang='grc' dir='ltr'>τούτου</span> 
     </span>
    </p>
   </div>
   <div class='ocr_carea' id='block_1_30' title="bbox 441 2773 2012 2848">
    <p class='ocr_par' dir='ltr' id='par_1_30' title="bbox 441 2773 2012 2848">
     <span class='ocr_line' id='line_1_30' title="bbox 441 2773 2012 2848; baseline 0.001 -22"><span class='ocrx_word' id='word_1_237' title='bbox 441 2773 506 2826; x_wconf 84' lang='grc' dir='ltr'><strong>ἄν</strong></span> <span class='ocrx_word' id='word_1_238' title='bbox 533 2789 661 2824; x_wconf 83' lang='grc' dir='ltr'>ποτε</span> <span class='ocrx_word' id='word_1_239' title='bbox 698 2773 967 2827; x_wconf 76' lang='grc' dir='ltr'>Ἄτλαντα</span> <span class='ocrx_word' id='word_1_240' title='bbox 1003 2773 1369 2844; x_wconf 77' lang='grc' dir='ltr'>ἰσχυρότερον,</span> <span class='ocrx_word' id='word_1_241' title='bbox 1429 2774 1523 2828; x_wconf 75' lang='grc' dir='ltr'><strong>καὶ</strong></span> <span class='ocrx_word' id='word_1_242' title='bbox 1583 2774 2012 2848; x_wconf 87' lang='grc' dir='ltr'>ἀθανατώτερον,</span> 
     </span>
    </p>
   </div>
   <div class='ocr_carea' id='block_1_31' title="bbox 441 2863 2015 2936">
    <p class='ocr_par' dir='ltr' id='par_1_31' title="bbox 441 2863 2015 2936">
     <span class='ocr_line' id='line_1_31' title="bbox 441 2863 2015 2936; baseline 0.002 -19"><span class='ocrx_word' id='word_1_243' title='bbox 441 2865 534 2917; x_wconf 69' lang='grc' dir='ltr'><strong>καὶ</strong></span> <span class='ocrx_word' id='word_1_244' title='bbox 584 2863 783 2935; x_wconf 86' lang='grc' dir='ltr'>μᾶλλον</span> <span class='ocrx_word' id='word_1_245' title='bbox 816 2865 1032 2917; x_wconf 78' lang='grc' dir='ltr'>ἅπαντα</span> <span class='ocrx_word' id='word_1_246' title='bbox 1066 2864 1354 2934; x_wconf 82' lang='grc' dir='ltr'>συνέχοντα</span> <span class='ocrx_word' id='word_1_247' title='bbox 1383 2865 1640 2936; x_wconf 81' lang='grc' dir='ltr'>ἐξευρεῖν·</span> <span class='ocrx_word' id='word_1_248' title='bbox 1666 2869 1756 2920; x_wconf 78' lang='grc' dir='ltr'><strong>καὶ</strong></span> <span class='ocrx_word' id='word_1_249' title='bbox 1779 2868 1854 2930; x_wconf 85' lang='grc' dir='ltr'>ὡς</span> <span class='ocrx_word' id='word_1_250' title='bbox 1883 2868 2015 2936; x_wconf 84' lang='grc' dir='ltr'>ἀλη-</span> 
     </span>
    </p>
   </div>
   <div class='ocr_carea' id='block_1_32' title="bbox 439 2955 2016 3031">
    <p class='ocr_par' dir='ltr' id='par_1_32' title="bbox 439 2955 2016 3031">
     <span class='ocr_line' id='line_1_32' title="bbox 439 2955 2016 3031; baseline 0.002 -22"><span class='ocrx_word' id='word_1_251' title='bbox 439 2955 566 3019; x_wconf 84' lang='grc' dir='ltr'>θῶς,</span> <span class='ocrx_word' id='word_1_252' title='bbox 595 2956 656 3008; x_wconf 81' lang='grc' dir='ltr'><strong>τὸ</strong></span> <span class='ocrx_word' id='word_1_253' title='bbox 681 2956 882 3024; x_wconf 76' lang='grc' dir='ltr'>ἀγαθὸν</span> <span class='ocrx_word' id='word_1_254' title='bbox 907 2957 998 3010; x_wconf 71' lang='grc' dir='ltr'>καὶ</span> <span class='ocrx_word' id='word_1_255' title='bbox 1033 2956 1150 3008; x_wconf 85' lang='grc' dir='ltr'>δέον</span> <span class='ocrx_word' id='word_1_256' title='bbox 1185 2955 1391 3022; x_wconf 78' lang='grc' dir='ltr'>ξυνδεῖν</span> <span class='ocrx_word' id='word_1_257' title='bbox 1443 2959 1534 3010; x_wconf 77' lang='grc' dir='ltr'><strong>καὶ</strong></span> <span class='ocrx_word' id='word_1_258' title='bbox 1576 2959 1818 3031; x_wconf 85' lang='grc' dir='ltr'>συνέχειν</span> <span class='ocrx_word' id='word_1_259' title='bbox 1863 2960 2016 3012; x_wconf 81' lang='grc' dir='ltr'>οὐδὲν</span> 
     </span>
    </p>
   </div>
   <div class='ocr_carea' id='block_1_33' title="bbox 437 3047 2014 3122">
    <p class='ocr_par' dir='ltr' id='par_1_33' title="bbox 437 3047 2014 3122">
     <span class='ocr_line' id='line_1_33' title="bbox 437 3047 2014 3122; baseline 0.003 -23"><span class='ocrx_word' id='word_1_260' title='bbox 437 3048 657 3100; x_wconf 75' lang='grc' dir='ltr'>οἴονται.</span> <span class='ocrx_word' id='word_1_261' title='bbox 693 3065 711 3097; x_wconf 72' lang='lat' dir='ltr'><strong>t</strong></span> <span class='ocrx_word' id='word_1_262' title='bbox 742 3047 970 3122; x_wconf 78' lang='grc' dir='ltr'>Τοσαῦτ’</span> <span class='ocrx_word' id='word_1_263' title='bbox 1003 3049 1030 3100; x_wconf 91' lang='lat'><strong>6</strong></span> <span class='ocrx_word' id='word_1_264' title='bbox 1054 3049 1345 3119; x_wconf 83' lang='grc' dir='ltr'>Σωκράτης</span> <span class='ocrx_word' id='word_1_265' title='bbox 1369 3053 1496 3120; x_wconf 76' lang='grc' dir='ltr'>περὶ</span> <span class='ocrx_word' id='word_1_266' title='bbox 1523 3050 1620 3118; x_wconf 85' lang='grc' dir='ltr'>τῆς</span> <span class='ocrx_word' id='word_1_267' title='bbox 1659 3049 2014 3122; x_wconf 76' lang='grc' dir='ltr'>Ἀναξαγόρου</span> 
     </span>
    </p>
   </div>
   <div class='ocr_carea' id='block_1_34' title="bbox 436 3133 2082 3230">
    <p class='ocr_par' dir='ltr' id='par_1_34' title="bbox 436 3133 2082 3230">
     <span class='ocr_line' id='line_1_34' title="bbox 436 3133 2082 3230; baseline 0.001 -39"><span class='ocrx_word' id='word_1_268' title='bbox 436 3138 614 3208; x_wconf 80' lang='grc' dir='ltr'><strong>δόξης.</strong></span> <span class='ocrx_word' id='word_1_269' title='bbox 675 3133 780 3190; x_wconf 87' lang='grc' dir='ltr'><strong>Ἦν</strong></span> <span class='ocrx_word' id='word_1_270' title='bbox 833 3138 890 3190; x_wconf 82' lang='grc' dir='ltr'>δὲ</span> <span class='ocrx_word' id='word_1_271' title='bbox 939 3137 1296 3208; x_wconf 83' lang='grc' dir='ltr'>Ἀναξαγόρου</span> <span class='ocrx_word' id='word_1_272' title='bbox 1353 3139 1451 3209; x_wconf 83' lang='grc' dir='ltr'>μὲν</span> <span class='ocrx_word' id='word_1_273' title='bbox 1506 3140 1765 3212; x_wconf 85' lang='grc' dir='ltr'>διάδοχος,</span> <span class='ocrx_word' id='word_1_274' title='bbox 1811 3143 1909 3213; x_wconf 85' lang='grc' dir='ltr'>τῆς</span> <span class='ocrx_word' id='word_1_275' title='bbox 1953 3158 2012 3194; x_wconf 87' lang='grc' dir='ltr'><strong>τε</strong></span> <span class='ocrx_word' id='word_1_276' title='bbox 2041 3172 2082 3230; x_wconf 77' lang='lat' dir='ltr'><strong><em>C</em></strong></span> 
     </span>
    </p>
   </div>
   <div class='ocr_carea' id='block_1_35' title="bbox 436 3227 2010 3307">
    <p class='ocr_par' dir='ltr' id='par_1_35' title="bbox 436 3227 2010 3307">
     <span class='ocr_line' id='line_1_35' title="bbox 436 3227 2010 3307; baseline 0.004 -25"><span class='ocrx_word' id='word_1_277' title='bbox 436 3228 716 3300; x_wconf 80' lang='grc' dir='ltr'>διατριὸἦς</span> <span class='ocrx_word' id='word_1_278' title='bbox 735 3227 867 3298; x_wconf 83' lang='grc' dir='ltr'>ὁμοῦ</span> <span class='ocrx_word' id='word_1_279' title='bbox 897 3229 990 3281; x_wconf 76' lang='grc' dir='ltr'>καὶ</span> <span class='ocrx_word' id='word_1_280' title='bbox 1024 3229 1123 3299; x_wconf 83' lang='grc' dir='ltr'>τῆς</span> <span class='ocrx_word' id='word_1_281' title='bbox 1154 3230 1328 3301; x_wconf 81' lang='grc' dir='ltr'>δόξης,</span> <span class='ocrx_word' id='word_1_282' title='bbox 1373 3231 1680 3303; x_wconf 84' lang='grc' dir='ltr'>Ἀρχέλαος.</span> <span class='ocrx_word' id='word_1_283' title='bbox 1726 3235 2010 3307; x_wconf 84' lang='grc' dir='ltr'>Ἀρχελάου</span> 
     </span>
    </p>
   </div>
   <div class='ocr_carea' id='block_1_36' title="bbox 434 3321 2011 3398">
    <p class='ocr_par' dir='ltr' id='par_1_36' title="bbox 434 3321 2011 3398">
     <span class='ocr_line' id='line_1_36' title="bbox 434 3321 2011 3398; baseline 0.004 -23"><span class='ocrx_word' id='word_1_284' title='bbox 434 3321 492 3375; x_wconf 85' lang='grc' dir='ltr'>δὲ</span> <span class='ocrx_word' id='word_1_285' title='bbox 544 3321 814 3391; x_wconf 81' lang='grc' dir='ltr'>ἀκουστὴς</span> <span class='ocrx_word' id='word_1_286' title='bbox 855 3321 1134 3389; x_wconf 85' lang='grc' dir='ltr'>γεγονέναι</span> <span class='ocrx_word' id='word_1_287' title='bbox 1205 3322 1420 3390; x_wconf 88' lang='grc' dir='ltr'>λέγεται</span> <span class='ocrx_word' id='word_1_288' title='bbox 1494 3325 1808 3397; x_wconf 84' lang='grc' dir='ltr'>Σωκράτης.</span> <span class='ocrx_word' id='word_1_289' title='bbox 1867 3327 2011 3398; x_wconf 83' lang='grc' dir='ltr'>Πλὴν</span> 
     </span>
    </p>
   </div>
   <div class='ocr_carea' id='block_1_37' title="bbox 436 3414 2012 3490">
    <p class='ocr_par' dir='ltr' id='par_1_37' title="bbox 436 3414 2012 3490">
     <span class='ocr_line' id='line_1_37' title="bbox 436 3414 2012 3490; baseline 0.003 -21"><span class='ocrx_word' id='word_1_290' title='bbox 436 3415 572 3470; x_wconf 83' lang='grc' dir='ltr'>ἀλλὰ</span> <span class='ocrx_word' id='word_1_291' title='bbox 611 3415 835 3467; x_wconf 80' lang='grc' dir='ltr'>Φυσικοὶ</span> <span class='ocrx_word' id='word_1_292' title='bbox 866 3415 960 3468; x_wconf 79' lang='grc' dir='ltr'><strong>καὶ</strong></span> <span class='ocrx_word' id='word_1_293' title='bbox 1009 3414 1178 3478; x_wconf 80' lang='grc' dir='ltr'>ἄλλοι,</span> <span class='ocrx_word' id='word_1_294' title='bbox 1231 3415 1558 3488; x_wconf 81' lang='grc' dir='ltr'>Ξενοφάνης,</span> <span class='ocrx_word' id='word_1_295' title='bbox 1619 3419 1713 3471; x_wconf 84' lang='grc' dir='ltr'>καὶ</span> <span class='ocrx_word' id='word_1_296' title='bbox 1767 3419 2012 3490; x_wconf 87' lang='grc' dir='ltr'>Πυθαγό-</span> 
     </span>
    </p>
   </div>
   <div class='ocr_carea' id='block_1_38' title="bbox 437 3506 2009 3582">
    <p class='ocr_par' dir='ltr' id='par_1_38' title="bbox 437 3506 2009 3582">
     <span class='ocr_line' id='line_1_38' title="bbox 437 3506 2009 3582; baseline 0.002 -21"><span class='ocrx_word' id='word_1_297' title='bbox 437 3525 558 3579; x_wconf 85' lang='grc' dir='ltr'>ρας,</span> <span class='ocrx_word' id='word_1_298' title='bbox 610 3508 1058 3578; x_wconf 77' lang='grc' dir='ltr'>συνακμάσαντες</span> <span class='ocrx_word' id='word_1_299' title='bbox 1125 3506 1480 3578; x_wconf 73' lang='grc' dir='ltr'>Ἀναξαγόρᾳ,</span> <span class='ocrx_word' id='word_1_300' title='bbox 1524 3509 1652 3578; x_wconf 72' lang='grc' dir='ltr'>περ).</span> <span class='ocrx_word' id='word_1_301' title='bbox 1705 3511 2009 3582; x_wconf 75' lang='grc' dir='ltr'>ἀφθαρσίας</span> 
     </span>
    </p>
   </div>
   <div class='ocr_carea' id='block_1_39' title="bbox 433 3598 2007 3669">
    <p class='ocr_par' dir='ltr' id='par_1_39' title="bbox 433 3598 2007 3669">
     <span class='ocr_line' id='line_1_39' title="bbox 433 3598 2007 3669; baseline 0.004 -18"><span class='ocrx_word' id='word_1_302' title='bbox 433 3598 569 3652; x_wconf 83' lang='grc' dir='ltr'>Θεοῦ</span> <span class='ocrx_word' id='word_1_303' title='bbox 599 3600 692 3652; x_wconf 72' lang='grc' dir='ltr'><strong>καὶ</strong></span> <span class='ocrx_word' id='word_1_304' title='bbox 718 3599 894 3669; x_wconf 78' lang='grc' dir='ltr'>ψυχῆς</span> <span class='ocrx_word' id='word_1_305' title='bbox 927 3599 1224 3662; x_wconf 87' lang='grc' dir='ltr'>ἀθανασίας</span> <span class='ocrx_word' id='word_1_306' title='bbox 1269 3598 1684 3669; x_wconf 76' lang='grc' dir='ltr'>ἐφιλοσόφησαν.</span> <span class='ocrx_word' id='word_1_307' title='bbox 1734 3602 1828 3656; x_wconf 82' lang='grc' dir='ltr'><strong>Ἐκ</strong></span> <span class='ocrx_word' id='word_1_308' title='bbox 1883 3605 2007 3657; x_wconf 89' lang='grc' dir='ltr'>τού-</span> 
     </span>
    </p>
   </div>
   <div class='ocr_carea' id='block_1_40' title="bbox 434 3689 2011 3764">
    <p class='ocr_par' dir='ltr' id='par_1_40' title="bbox 434 3689 2011 3764">
     <span class='ocr_line' id='line_1_40' title="bbox 434 3689 2011 3764; baseline 0.003 -20"><span class='ocrx_word' id='word_1_309' title='bbox 434 3709 540 3744; x_wconf 90' lang='grc' dir='ltr'><strong>των</strong></span> <span class='ocrx_word' id='word_1_310' title='bbox 565 3691 622 3744; x_wconf 81' lang='grc' dir='ltr'><strong>δὲ</strong></span> <span class='ocrx_word' id='word_1_311' title='bbox 647 3690 740 3744; x_wconf 78' lang='grc' dir='ltr'>καὶ</span> <span class='ocrx_word' id='word_1_312' title='bbox 767 3689 904 3760; x_wconf 86' lang='grc' dir='ltr'>μετὰ</span> <span class='ocrx_word' id='word_1_313' title='bbox 937 3689 1159 3752; x_wconf 80' lang='grc' dir='ltr'>τούτους</span> <span class='ocrx_word' id='word_1_314' title='bbox 1185 3690 1242 3742; x_wconf 89' lang='grc' dir='ltr'>αί</span> <span class='ocrx_word' id='word_1_315' title='bbox 1281 3689 1379 3760; x_wconf 82' lang='grc' dir='ltr'><strong>τῆς</strong></span> <span class='ocrx_word' id='word_1_316' title='bbox 1402 3689 1668 3760; x_wconf 85' lang='grc' dir='ltr'>Ἑλλήνων</span> <span class='ocrx_word' id='word_1_317' title='bbox 1697 3695 2011 3764; x_wconf 81' lang='grc' dir='ltr'>φιλοσοφίας</span> 
     </span>
    </p>
   </div>
   <div class='ocr_carea' id='block_1_41' title="bbox 434 3777 2011 3852">
    <p class='ocr_par' dir='ltr' id='par_1_41' title="bbox 434 3777 2011 3852">
     <span class='ocr_line' id='line_1_41' title="bbox 434 3777 2011 3852; baseline 0.001 -19"><span class='ocrx_word' id='word_1_318' title='bbox 434 3780 743 3850; x_wconf 83' lang='grc' dir='ltr'>ὑπέστησαν</span> <span class='ocrx_word' id='word_1_319' title='bbox 772 3779 1027 3851; x_wconf 85' lang='grc' dir='ltr'>αἱρέσεις·</span> <span class='ocrx_word' id='word_1_320' title='bbox 1061 3777 1168 3831; x_wconf 77' lang='grc' dir='ltr'>τῶν</span> <span class='ocrx_word' id='word_1_321' title='bbox 1201 3778 1298 3849; x_wconf 81' lang='grc' dir='ltr'><strong>μὲν</strong></span> <span class='ocrx_word' id='word_1_322' title='bbox 1325 3778 1519 3843; x_wconf 79' lang='grc' dir='ltr'>τοῖσδε,</span> <span class='ocrx_word' id='word_1_323' title='bbox 1577 3780 1681 3833; x_wconf 80' lang='grc' dir='ltr'><strong>τῶν</strong></span> <span class='ocrx_word' id='word_1_324' title='bbox 1717 3781 1774 3834; x_wconf 84' lang='grc' dir='ltr'><strong>δὲ</strong></span> <span class='ocrx_word' id='word_1_325' title='bbox 1805 3782 2011 3852; x_wconf 79' lang='grc' dir='ltr'>ἑτέροις</span> 
     </span>
    </p>
   </div>
   <div class='ocr_carea' id='block_1_42' title="bbox 433 3869 2010 3943">
    <p class='ocr_par' dir='ltr' id='par_1_42' title="bbox 433 3869 2010 3943">
     <span class='ocr_line' id='line_1_42' title="bbox 433 3869 2010 3943; baseline -0.001 -18"><span class='ocrx_word' id='word_1_326' title='bbox 433 3870 955 3943; x_wconf 83' lang='grc' dir='ltr'>ὲξηκολουθηκότων,</span> <span class='ocrx_word' id='word_1_327' title='bbox 990 3869 1150 3923; x_wconf 84' lang='grc' dir='ltr'>τινῶν</span> <span class='ocrx_word' id='word_1_328' title='bbox 1207 3869 1264 3921; x_wconf 88' lang='grc' dir='ltr'><strong>δὲ</strong></span> <span class='ocrx_word' id='word_1_329' title='bbox 1322 3869 1415 3921; x_wconf 78' lang='grc' dir='ltr'><strong>καὶ</strong></span> <span class='ocrx_word' id='word_1_330' title='bbox 1457 3869 1590 3933; x_wconf 85' lang='grc' dir='ltr'>ἰδίας</span> <span class='ocrx_word' id='word_1_331' title='bbox 1625 3869 1779 3936; x_wconf 84' lang='grc' dir='ltr'>δόξας</span> <span class='ocrx_word' id='word_1_332' title='bbox 1831 3873 2010 3924; x_wconf 73' lang='grc' dir='ltr'>ἐπινε-</span> 
     </span>
    </p>
   </div>
   <div class='ocr_carea' id='block_1_43' title="bbox 431 3956 2007 4035">
    <p class='ocr_par' dir='ltr' id='par_1_43' title="bbox 431 3956 2007 4035">
     <span class='ocr_line' id='line_1_43' title="bbox 431 3956 2007 4035; baseline 0 -19"><span class='ocrx_word' id='word_1_333' title='bbox 431 3963 721 4034; x_wconf 85' lang='grc' dir='ltr'>νοηκότων.</span> <span class='ocrx_word' id='word_1_334' title='bbox 789 3961 957 4015; x_wconf 85' lang='grc' dir='ltr'>Πάλιν</span> <span class='ocrx_word' id='word_1_335' title='bbox 1009 3960 1053 4013; x_wconf 80' lang='grc' dir='ltr'>δ’</span> <span class='ocrx_word' id='word_1_336' title='bbox 1101 3956 1193 4014; x_wconf 83' lang='grc' dir='ltr'><strong>οῦν</strong></span> <span class='ocrx_word' id='word_1_337' title='bbox 1261 3961 1289 4012; x_wconf 91' lang='lat'><strong>6</strong></span> <span class='ocrx_word' id='word_1_338' title='bbox 1339 3960 1681 4033; x_wconf 86' lang='grc' dir='ltr'>Πλούταρχος</span> <span class='ocrx_word' id='word_1_339' title='bbox 1732 3961 1825 4026; x_wconf 77' lang='grc' dir='ltr'>τὰς</span> <span class='ocrx_word' id='word_1_340' title='bbox 1879 3964 2007 4035; x_wconf 75' lang='grc' dir='ltr'>περὶ</span> 
     </span>
    </p>
   </div>
   <div class='ocr_carea' id='block_1_44' title="bbox 431 4050 2002 4124">
    <p class='ocr_par' dir='ltr' id='par_1_44' title="bbox 431 4050 2002 4124">
     <span class='ocr_line' id='line_1_44' title="bbox 431 4050 2002 4124; baseline 0 -17"><span class='ocrx_word' id='word_1_341' title='bbox 431 4053 569 4107; x_wconf 85' lang='grc' dir='ltr'>θεῶν</span> <span class='ocrx_word' id='word_1_342' title='bbox 614 4051 910 4124; x_wconf 77' lang='grc' dir='ltr'>ὑπολήψεις</span> <span class='ocrx_word' id='word_1_343' title='bbox 969 4050 1075 4104; x_wconf 83' lang='grc' dir='ltr'>τῶν</span> <span class='ocrx_word' id='word_1_344' title='bbox 1148 4050 1327 4104; x_wconf 80' lang='grc' dir='ltr'>αὐτῶν</span> <span class='ocrx_word' id='word_1_345' title='bbox 1390 4051 1571 4105; x_wconf 63' lang='grc' dir='ltr'>τοῦτοκ</span> <span class='ocrx_word' id='word_1_346' title='bbox 1649 4053 1842 4124; x_wconf 82' lang='grc' dir='ltr'>γράφει</span> <span class='ocrx_word' id='word_1_347' title='bbox 1913 4055 2002 4108; x_wconf 83' lang='grc' dir='ltr'><strong>τὸν</strong></span> 
     </span>
    </p>
   </div>
   <div class='ocr_carea' id='block_1_45' title="bbox 430 4145 650 4217">
    <p class='ocr_par' dir='ltr' id='par_1_45' title="bbox 430 4145 650 4217">
     <span class='ocr_line' id='line_1_45' title="bbox 430 4145 650 4217; baseline 0.005 -18"><span class='ocrx_word' id='word_1_348' title='bbox 430 4145 650 4217; x_wconf 84' lang='grc' dir='ltr'>τρόπον.</span> 
     </span>
    </p>
   </div>
   <div class='ocr_carea' id='block_1_46' title="bbox 2128 597 3693 666">
    <p class='ocr_par' dir='ltr' id='par_1_46' title="bbox 2128 597 3693 666">
     <span class='ocr_line' id='line_1_46' title="bbox 2128 597 3693 666; baseline -0.005 -13"><span class='ocrx_word' id='word_1_349' title='bbox 2128 599 2281 653; x_wconf 85' lang='lat' dir='ltr'><strong>beam</strong></span> <span class='ocrx_word' id='word_1_350' title='bbox 2331 615 2397 654; x_wconf 83' lang='lat' dir='ltr'><strong>ex</strong></span> <span class='ocrx_word' id='word_1_351' title='bbox 2449 599 2668 655; x_wconf 86' lang='lat' dir='ltr'><strong>ossibus</strong></span> <span class='ocrx_word' id='word_1_352' title='bbox 2717 597 3004 666; x_wconf 84' lang='lat' dir='ltr'><strong>nervisque</strong></span> <span class='ocrx_word' id='word_1_353' title='bbox 3053 604 3417 661; x_wconf 86' lang='lat' dir='ltr'><strong>compactum,</strong></span> <span class='ocrx_word' id='word_1_354' title='bbox 3469 602 3522 647; x_wconf 92' lang='lat' dir='ltr'><strong>et</strong></span> <span class='ocrx_word' id='word_1_355' title='bbox 3567 607 3693 646; x_wconf 82' lang='lat' dir='ltr'><strong>ossa</strong></span> 
     </span>
    </p>
   </div>
   <div class='ocr_carea' id='block_1_47' title="bbox 2126 683 3696 758">
    <p class='ocr_par' dir='ltr' id='par_1_47' title="bbox 2126 683 3696 758">
     <span class='ocr_line' id='line_1_47' title="bbox 2126 683 3696 758; baseline -0.005 -17"><span class='ocrx_word' id='word_1_356' title='bbox 2126 689 2344 758; x_wconf 86' lang='lat' dir='ltr'><strong>quidem</strong></span> <span class='ocrx_word' id='word_1_357' title='bbox 2382 688 2554 744; x_wconf 89' lang='lat' dir='ltr'><strong>solida</strong></span> <span class='ocrx_word' id='word_1_358' title='bbox 2591 688 2721 752; x_wconf 92' lang='lat' dir='ltr'><strong>sint,</strong></span> <span class='ocrx_word' id='word_1_359' title='bbox 2773 703 2836 742; x_wconf 91' lang='lat' dir='ltr'><strong>ac</strong></span> <span class='ocrx_word' id='word_1_360' title='bbox 2862 687 3026 742; x_wconf 79' lang='lat' dir='ltr'><strong>certis</strong></span> <span class='ocrx_word' id='word_1_361' title='bbox 3075 683 3484 741; x_wconf 66' lang='lat' dir='ltr'><strong>discriminibus</strong></span> <span class='ocrx_word' id='word_1_362' title='bbox 3525 683 3696 736; x_wconf 88' lang='lat' dir='ltr'><strong>inter--</strong></span> 
     </span>
    </p>
   </div>
   <div class='ocr_carea' id='block_1_48' title="bbox 2127 773 3696 850">
    <p class='ocr_par' dir='ltr' id='par_1_48' title="bbox 2127 773 3696 850">
     <span class='ocr_line' id='line_1_48' title="bbox 2127 773 3696 850; baseline -0.004 -18"><span class='ocrx_word' id='word_1_363' title='bbox 2127 781 2391 850; x_wconf 73' lang='lat' dir='ltr'><strong>vallisque</strong></span> <span class='ocrx_word' id='word_1_364' title='bbox 2425 780 2702 845; x_wconf 79' lang='lat' dir='ltr'><strong>distincta,</strong></span> <span class='ocrx_word' id='word_1_365' title='bbox 2737 780 2885 834; x_wconf 82' lang='lat' dir='ltr'><strong>nervi</strong></span> <span class='ocrx_word' id='word_1_366' title='bbox 2919 787 3122 843; x_wconf 88' lang='lat' dir='ltr'><strong>autem,</strong></span> <span class='ocrx_word' id='word_1_367' title='bbox 3153 776 3246 847; x_wconf 91' lang='lat' dir='ltr'><strong>qui</strong></span> <span class='ocrx_word' id='word_1_368' title='bbox 3272 785 3317 830; x_wconf 92' lang='lat' dir='ltr'><strong>et</strong></span> <span class='ocrx_word' id='word_1_369' title='bbox 3357 773 3696 830; x_wconf 86' lang='lat' dir='ltr'><strong>contendan-</strong></span> 
     </span>
    </p>
   </div>
   <div class='ocr_carea' id='block_1_49' title="bbox 2129 865 3697 935">
    <p class='ocr_par' dir='ltr' id='par_1_49' title="bbox 2129 865 3697 935">
     <span class='ocr_line' id='line_1_49' title="bbox 2129 865 3697 935; baseline -0.005 -11"><span class='ocrx_word' id='word_1_370' title='bbox 2129 879 2216 925; x_wconf 92' lang='lat' dir='ltr'><strong>tur</strong></span> <span class='ocrx_word' id='word_1_371' title='bbox 2245 871 2428 935; x_wconf 80' lang='lat' dir='ltr'><strong>facile,</strong></span> <span class='ocrx_word' id='word_1_372' title='bbox 2459 880 2514 926; x_wconf 90' lang='lat' dir='ltr'><strong>et</strong></span> <span class='ocrx_word' id='word_1_373' title='bbox 2562 870 2720 925; x_wconf 91' lang='lat' dir='ltr'><strong>facile</strong></span> <span class='ocrx_word' id='word_1_374' title='bbox 2764 871 3133 930; x_wconf 72' lang='lat' dir='ltr'><strong>remittantur,</strong></span> <span class='ocrx_word' id='word_1_375' title='bbox 3181 883 3304 922; x_wconf 92' lang='lat' dir='ltr'><strong>cum</strong></span> <span class='ocrx_word' id='word_1_376' title='bbox 3355 865 3472 935; x_wconf 91' lang='lat' dir='ltr'><strong>ipsa</strong></span> <span class='ocrx_word' id='word_1_377' title='bbox 3530 879 3697 919; x_wconf 91' lang='lat' dir='ltr'><strong>carne</strong></span> 
     </span>
    </p>
   </div>
   <div class='ocr_carea' id='block_1_50' title="bbox 2126 963 3695 1035">
    <p class='ocr_par' dir='ltr' id='par_1_50' title="bbox 2126 963 3695 1035">
     <span class='ocr_line' id='line_1_50' title="bbox 2126 963 3695 1035; baseline -0.004 -14"><span class='ocrx_word' id='word_1_378' title='bbox 2126 967 2288 1021; x_wconf 86' lang='lat' dir='ltr'><strong>simul</strong></span> <span class='ocrx_word' id='word_1_379' title='bbox 2341 974 2395 1022; x_wconf 89' lang='lat' dir='ltr'><strong>et</strong></span> <span class='ocrx_word' id='word_1_380' title='bbox 2441 975 2598 1033; x_wconf 90' lang='lat' dir='ltr'><strong>cute,</strong></span> <span class='ocrx_word' id='word_1_381' title='bbox 2651 981 2772 1034; x_wconf 59' lang='lat' dir='ltr'><strong>quae.</strong></span> <span class='ocrx_word' id='word_1_382' title='bbox 2822 967 2908 1020; x_wconf 90' lang='lat' dir='ltr'><strong>illa</strong></span> <span class='ocrx_word' id='word_1_383' title='bbox 2945 965 3214 1035; x_wconf 72' lang='lat' dir='ltr'><strong>praecipue</strong></span> <span class='ocrx_word' id='word_1_384' title='bbox 3265 963 3526 1025; x_wconf 88' lang='lat' dir='ltr'><strong>continet,</strong></span> <span class='ocrx_word' id='word_1_385' title='bbox 3567 977 3695 1016; x_wconf 90' lang='lat' dir='ltr'><strong>ossa</strong></span> 
     </span>
    </p>
   </div>
   <div class='ocr_carea' id='block_1_51' title="bbox 2127 1053 3698 1128">
    <p class='ocr_par' dir='ltr' id='par_1_51' title="bbox 2127 1053 3698 1128">
     <span class='ocr_line' id='line_1_51' title="bbox 2127 1053 3698 1128; baseline -0.003 -17"><span class='ocrx_word' id='word_1_386' title='bbox 2127 1058 2367 1127; x_wconf 88' lang='lat' dir='ltr'><strong>undique</strong></span> <span class='ocrx_word' id='word_1_387' title='bbox 2394 1059 2845 1128; x_wconf 84' lang='lat' dir='ltr'><strong>complectantur.</strong></span> <span class='ocrx_word' id='word_1_388' title='bbox 2876 1055 3009 1110; x_wconf 82' lang='lat' dir='ltr'><strong>Nam</strong></span> <span class='ocrx_word' id='word_1_389' title='bbox 3051 1056 3177 1110; x_wconf 91' lang='lat' dir='ltr'><strong>dum</strong></span> <span class='ocrx_word' id='word_1_390' title='bbox 3209 1055 3325 1110; x_wconf 87' lang='lat' dir='ltr'><strong>suis</strong></span> <span class='ocrx_word' id='word_1_391' title='bbox 3351 1054 3405 1106; x_wconf 91' lang='lat' dir='ltr'><strong>in</strong></span> <span class='ocrx_word' id='word_1_392' title='bbox 3437 1053 3698 1108; x_wconf 89' lang='lat' dir='ltr'><strong>commis-</strong></span> 
     </span>
    </p>
   </div>
   <div class='ocr_carea' id='block_1_52' title="bbox 2125 1142 3697 1214">
    <p class='ocr_par' dir='ltr' id='par_1_52' title="bbox 2125 1142 3697 1214">
     <span class='ocr_line' id='line_1_52' title="bbox 2125 1142 3697 1214; baseline -0.005 -13"><span class='ocrx_word' id='word_1_393' title='bbox 2125 1147 2269 1201; x_wconf 84' lang='lat' dir='ltr'><strong>suris</strong></span> <span class='ocrx_word' id='word_1_394' title='bbox 2310 1147 2630 1201; x_wconf 88' lang='lat' dir='ltr'><strong>attolluntur</strong></span> <span class='ocrx_word' id='word_1_395' title='bbox 2690 1161 2838 1213; x_wconf 88' lang='lat' dir='ltr'><strong>ossa,</strong></span> <span class='ocrx_word' id='word_1_396' title='bbox 2897 1144 3073 1208; x_wconf 90' lang='lat' dir='ltr'><strong>nervi,</strong></span> <span class='ocrx_word' id='word_1_397' title='bbox 3129 1159 3365 1214; x_wconf 89' lang='lat' dir='ltr'><strong>quorum</strong></span> <span class='ocrx_word' id='word_1_398' title='bbox 3410 1150 3464 1196; x_wconf 87' lang='lat' dir='ltr'><strong>et</strong></span> <span class='ocrx_word' id='word_1_399' title='bbox 3510 1142 3697 1195; x_wconf 81' lang='lat' dir='ltr'><strong>laxare</strong></span> 
     </span>
    </p>
   </div>
   <div class='ocr_carea' id='block_1_53' title="bbox 2125 1234 3696 1307">
    <p class='ocr_par' dir='ltr' id='par_1_53' title="bbox 2125 1234 3696 1307">
     <span class='ocr_line' id='line_1_53' title="bbox 2125 1234 3696 1307; baseline -0.003 -16"><span class='ocrx_word' id='word_1_400' title='bbox 2125 1238 2403 1307; x_wconf 92' lang='lat' dir='ltr'><strong>proprium</strong></span> <span class='ocrx_word' id='word_1_401' title='bbox 2438 1247 2522 1293; x_wconf 89' lang='lat' dir='ltr'><strong>est</strong></span> <span class='ocrx_word' id='word_1_402' title='bbox 2568 1247 2621 1292; x_wconf 93' lang='lat' dir='ltr'><strong>et</strong></span> <span class='ocrx_word' id='word_1_403' title='bbox 2662 1239 3012 1298; x_wconf 87' lang='lat' dir='ltr'><strong>contendere,</strong></span> <span class='ocrx_word' id='word_1_404' title='bbox 3049 1237 3293 1291; x_wconf 87' lang='lat' dir='ltr'><strong>membra</strong></span> <span class='ocrx_word' id='word_1_405' title='bbox 3325 1244 3386 1290; x_wconf 93' lang='lat' dir='ltr'><strong>ut</strong></span> <span class='ocrx_word' id='word_1_406' title='bbox 3422 1234 3696 1288; x_wconf 83' lang='lat' dir='ltr'><strong>inflectere</strong></span> 
     </span>
    </p>
   </div>
   <div class='ocr_carea' id='block_1_54' title="bbox 2125 1325 3694 1398">
    <p class='ocr_par' dir='ltr' id='par_1_54' title="bbox 2125 1325 3694 1398">
     <span class='ocr_line' id='line_1_54' title="bbox 2125 1325 3694 1398; baseline -0.002 -19"><span class='ocrx_word' id='word_1_407' title='bbox 2125 1342 2271 1381; x_wconf 90' lang='lat' dir='ltr'><strong>nunc</strong></span> <span class='ocrx_word' id='word_1_408' title='bbox 2303 1336 2358 1382; x_wconf 92' lang='lat' dir='ltr'><strong>et</strong></span> <span class='ocrx_word' id='word_1_409' title='bbox 2387 1343 2613 1383; x_wconf 89' lang='lat' dir='ltr'><strong>curvare</strong></span> <span class='ocrx_word' id='word_1_410' title='bbox 2661 1328 2864 1398; x_wconf 89' lang='lat' dir='ltr'><strong>possim</strong></span> <span class='ocrx_word' id='word_1_411' title='bbox 2895 1327 3154 1390; x_wconf 77' lang='lat' dir='ltr'><strong>efﬁciunt,</strong></span> <span class='ocrx_word' id='word_1_412' title='bbox 3207 1340 3378 1394; x_wconf 91' lang='lat' dir='ltr'><strong>eaque</strong></span> <span class='ocrx_word' id='word_1_413' title='bbox 3415 1325 3482 1379; x_wconf 92' lang='lat' dir='ltr'><strong>de</strong></span> <span class='ocrx_word' id='word_1_414' title='bbox 3529 1339 3694 1378; x_wconf 90' lang='lat' dir='ltr'><strong>causa</strong></span> 
     </span>
    </p>
   </div>
   <div class='ocr_carea' id='block_1_55' title="bbox 2125 1412 3694 1484">
    <p class='ocr_par' dir='ltr' id='par_1_55' title="bbox 2125 1412 3694 1484">
     <span class='ocr_line' id='line_1_55' title="bbox 2125 1412 3694 1484; baseline -0.003 -15"><span class='ocrx_word' id='word_1_415' title='bbox 2125 1416 2384 1470; x_wconf 78' lang='lat' dir='ltr'><strong>incurvus</strong></span> <span class='ocrx_word' id='word_1_416' title='bbox 2437 1417 2527 1471; x_wconf 89' lang='lat' dir='ltr'><strong>hic</strong></span> <span class='ocrx_word' id='word_1_417' title='bbox 2577 1417 2763 1471; x_wconf 89' lang='lat' dir='ltr'><strong>sedeo.</strong></span> <span class='ocrx_word' id='word_1_418' title='bbox 2817 1415 2954 1470; x_wconf 90' lang='lat' dir='ltr'><strong>Tum</strong></span> <span class='ocrx_word' id='word_1_419' title='bbox 3006 1416 3148 1484; x_wconf 91' lang='lat' dir='ltr'><strong>quod</strong></span> <span class='ocrx_word' id='word_1_420' title='bbox 3205 1415 3486 1469; x_wconf 87' lang='lat' dir='ltr'><strong>vobiscum</strong></span> <span class='ocrx_word' id='word_1_421' title='bbox 3530 1412 3694 1466; x_wconf 88' lang='lat' dir='ltr'><strong>etiam</strong></span> 
     </span>
    </p>
   </div>
   <div class='ocr_carea' id='block_1_56' title="bbox 2124 1501 3695 1578">
    <p class='ocr_par' dir='ltr' id='par_1_56' title="bbox 2124 1501 3695 1578">
     <span class='ocr_line' id='line_1_56' title="bbox 2124 1501 3695 1578; baseline -0.004 -14"><span class='ocrx_word' id='word_1_422' title='bbox 2124 1509 2424 1578; x_wconf 91' lang='lat' dir='ltr'><strong>colloquar,</strong></span> <span class='ocrx_word' id='word_1_423' title='bbox 2458 1509 2510 1562; x_wconf 92' lang='lat' dir='ltr'><strong>id</strong></span> <span class='ocrx_word' id='word_1_424' title='bbox 2537 1508 2787 1574; x_wconf 83' lang='lat' dir='ltr'><strong>vocibus,</strong></span> <span class='ocrx_word' id='word_1_425' title='bbox 2820 1509 2953 1573; x_wconf 89' lang='lat' dir='ltr'><strong>aeri,</strong></span> <span class='ocrx_word' id='word_1_426' title='bbox 2983 1506 3270 1568; x_wconf 91' lang='lat' dir='ltr'><strong>auditioni,</strong></span> <span class='ocrx_word' id='word_1_427' title='bbox 3303 1521 3366 1560; x_wconf 91' lang='lat' dir='ltr'><strong>ac</strong></span> <span class='ocrx_word' id='word_1_428' title='bbox 3396 1503 3606 1558; x_wconf 65' lang='lat' dir='ltr'><strong>caeteris</strong></span> <span class='ocrx_word' id='word_1_429' title='bbox 3640 1501 3695 1557; x_wconf 87' lang='lat' dir='ltr'><strong>id</strong></span> 
     </span>
    </p>
   </div>
   <div class='ocr_carea' id='block_1_57' title="bbox 2124 1595 3696 1670">
    <p class='ocr_par' dir='ltr' id='par_1_57' title="bbox 2124 1595 3696 1670">
     <span class='ocr_line' id='line_1_57' title="bbox 2124 1595 3696 1670; baseline -0.003 -16"><span class='ocrx_word' id='word_1_430' title='bbox 2124 1616 2295 1668; x_wconf 84' lang='lat' dir='ltr'><strong>genus</strong></span> <span class='ocrx_word' id='word_1_431' title='bbox 2325 1601 2617 1667; x_wconf 84' lang='lat' dir='ltr'><strong>sexcentis,</strong></span> <span class='ocrx_word' id='word_1_432' title='bbox 2647 1601 2804 1670; x_wconf 87' lang='lat' dir='ltr'><strong>quasi</strong></span> <span class='ocrx_word' id='word_1_433' title='bbox 2834 1599 3018 1655; x_wconf 87' lang='lat' dir='ltr'><strong>causis</strong></span> <span class='ocrx_word' id='word_1_434' title='bbox 3062 1598 3340 1656; x_wconf 88' lang='lat' dir='ltr'><strong>attribuat.</strong></span> <span class='ocrx_word' id='word_1_435' title='bbox 3385 1597 3528 1650; x_wconf 87' lang='lat' dir='ltr'><strong>veris</strong></span> <span class='ocrx_word' id='word_1_436' title='bbox 3559 1595 3696 1649; x_wconf 83' lang='lat' dir='ltr'><strong>inte-</strong></span> 
     </span>
    </p>
   </div>
   <div class='ocr_carea' id='block_1_58' title="bbox 2124 1685 3694 1761">
    <p class='ocr_par' dir='ltr' id='par_1_58' title="bbox 2124 1685 3694 1761">
     <span class='ocr_line' id='line_1_58' title="bbox 2124 1685 3694 1761; baseline -0.002 -17"><span class='ocrx_word' id='word_1_437' title='bbox 2124 1693 2225 1745; x_wconf 93' lang='lat' dir='ltr'><strong>rim</strong></span> <span class='ocrx_word' id='word_1_438' title='bbox 2272 1708 2393 1761; x_wconf 72' lang='lat' dir='ltr'><strong>quae</strong></span> <span class='ocrx_word' id='word_1_439' title='bbox 2453 1701 2757 1760; x_wconf 88' lang='lat' dir='ltr'><strong>sequuntur</strong></span> <span class='ocrx_word' id='word_1_440' title='bbox 2803 1691 3063 1746; x_wconf 88' lang='lat' dir='ltr'><strong>omissis:</strong></span> <span class='ocrx_word' id='word_1_441' title='bbox 3122 1689 3422 1752; x_wconf 88' lang='lat' dir='ltr'><strong>nimirum,</strong></span> <span class='ocrx_word' id='word_1_442' title='bbox 3474 1685 3694 1756; x_wconf 89' lang='lat' dir='ltr'><strong>quando</strong></span> 
     </span>
    </p>
   </div>
   <div class='ocr_carea' id='block_1_59' title="bbox 2121 1778 3692 1850">
    <p class='ocr_par' dir='ltr' id='par_1_59' title="bbox 2121 1778 3692 1850">
     <span class='ocr_line' id='line_1_59' title="bbox 2121 1778 3692 1850; baseline -0.003 -15"><span class='ocrx_word' id='word_1_443' title='bbox 2121 1783 2544 1838; x_wconf 85' lang='lat' dir='ltr'><strong>Atheniensibus</strong></span> <span class='ocrx_word' id='word_1_444' title='bbox 2574 1783 2654 1836; x_wconf 90' lang='lat' dir='ltr'><strong>uti</strong></span> <span class='ocrx_word' id='word_1_445' title='bbox 2699 1797 2785 1836; x_wconf 90' lang='lat' dir='ltr'><strong>me</strong></span> <span class='ocrx_word' id='word_1_446' title='bbox 2833 1783 3159 1840; x_wconf 87' lang='lat' dir='ltr'><strong>damnarent</strong></span> <span class='ocrx_word' id='word_1_447' title='bbox 3206 1789 3466 1850; x_wconf 68' lang='lat' dir='ltr'><strong>praestare</strong></span> <span class='ocrx_word' id='word_1_448' title='bbox 3515 1778 3692 1832; x_wconf 90' lang='lat' dir='ltr'><strong>visum</strong></span> 
     </span>
    </p>
   </div>
   <div class='ocr_carea' id='block_1_60' title="bbox 2120 1868 3693 1944">
    <p class='ocr_par' dir='ltr' id='par_1_60' title="bbox 2120 1868 3693 1944">
     <span class='ocr_line' id='line_1_60' title="bbox 2120 1868 3693 1944; baseline -0.004 -16"><span class='ocrx_word' id='word_1_449' title='bbox 2120 1887 2223 1936; x_wconf 87' lang='lat' dir='ltr'><strong>est,</strong></span> <span class='ocrx_word' id='word_1_450' title='bbox 2254 1875 2388 1928; x_wconf 91' lang='lat' dir='ltr'><strong>mihi</strong></span> <span class='ocrx_word' id='word_1_451' title='bbox 2419 1890 2634 1944; x_wconf 90' lang='lat' dir='ltr'><strong>quoque</strong></span> <span class='ocrx_word' id='word_1_452' title='bbox 2667 1876 2758 1931; x_wconf 89' lang='lat' dir='ltr'><strong>hic</strong></span> <span class='ocrx_word' id='word_1_453' title='bbox 2787 1882 2847 1929; x_wconf 92' lang='lat' dir='ltr'><strong>ut</strong></span> <span class='ocrx_word' id='word_1_454' title='bbox 2879 1874 3144 1936; x_wconf 88' lang='lat' dir='ltr'><strong>sederem,</strong></span> <span class='ocrx_word' id='word_1_455' title='bbox 3183 1871 3436 1941; x_wconf 86' lang='lat' dir='ltr'><strong>quodque</strong></span> <span class='ocrx_word' id='word_1_456' title='bbox 3483 1868 3693 1937; x_wconf 88' lang='lat' dir='ltr'><strong>suppli-</strong></span> 
     </span>
    </p>
   </div>
   <div class='ocr_carea' id='block_1_61' title="bbox 2123 1963 3695 2033">
    <p class='ocr_par' dir='ltr' id='par_1_61' title="bbox 2123 1963 3695 2033">
     <span class='ocr_line' id='line_1_61' title="bbox 2123 1963 3695 2033; baseline -0.003 -17"><span class='ocrx_word' id='word_1_457' title='bbox 2123 1965 2268 2017; x_wconf 88' lang='lat' dir='ltr'><strong>cium</strong></span> <span class='ocrx_word' id='word_1_458' title='bbox 2303 1965 2654 2033; x_wconf 88' lang='lat' dir='ltr'><strong>imperarent,</strong></span> <span class='ocrx_word' id='word_1_459' title='bbox 2683 1966 2872 2020; x_wconf 92' lang='lat' dir='ltr'><strong>eodem</strong></span> <span class='ocrx_word' id='word_1_460' title='bbox 2913 1965 3104 2019; x_wconf 88' lang='lat' dir='ltr'><strong>inloco</strong></span> <span class='ocrx_word' id='word_1_461' title='bbox 3139 1963 3401 2024; x_wconf 85' lang='lat' dir='ltr'><strong>subirem,</strong></span> <span class='ocrx_word' id='word_1_462' title='bbox 3437 1970 3695 2030; x_wconf 69' lang='lat' dir='ltr'><strong>praestare</strong></span> 
     </span>
    </p>
   </div>
   <div class='ocr_carea' id='block_1_62' title="bbox 2121 2054 3694 2123">
    <p class='ocr_par' dir='ltr' id='par_1_62' title="bbox 2121 2054 3694 2123">
     <span class='ocr_line' id='line_1_62' title="bbox 2121 2054 3694 2123; baseline -0.003 -14"><span class='ocrx_word' id='word_1_463' title='bbox 2121 2069 2184 2109; x_wconf 93' lang='lat' dir='ltr'><strong>ac</strong></span> <span class='ocrx_word' id='word_1_464' title='bbox 2209 2054 2419 2123; x_wconf 79' lang='lat' dir='ltr'><strong>justius</strong></span> <span class='ocrx_word' id='word_1_465' title='bbox 2465 2070 2605 2118; x_wconf 90' lang='lat' dir='ltr'><strong>esse,</strong></span> <span class='ocrx_word' id='word_1_466' title='bbox 2651 2057 2849 2110; x_wconf 88' lang='lat' dir='ltr'><strong>visum.</strong></span> <span class='ocrx_word' id='word_1_467' title='bbox 2882 2055 3172 2110; x_wconf 84' lang='lat' dir='ltr'><strong>Enimvero</strong></span> <span class='ocrx_word' id='word_1_468' title='bbox 3221 2054 3426 2108; x_wconf 90' lang='lat' dir='ltr'><strong>dudum</strong></span> <span class='ocrx_word' id='word_1_469' title='bbox 3479 2067 3570 2120; x_wconf 90' lang='lat' dir='ltr'><strong>per</strong></span> <span class='ocrx_word' id='word_1_470' title='bbox 3603 2067 3694 2106; x_wconf 88' lang='lat' dir='ltr'><strong>ca-</strong></span> 
     </span>
    </p>
   </div>
   <div class='ocr_carea' id='block_1_63' title="bbox 2119 2142 3690 2218">
    <p class='ocr_par' dir='ltr' id='par_1_63' title="bbox 2119 2142 3690 2218">
     <span class='ocr_line' id='line_1_63' title="bbox 2119 2142 3690 2218; baseline -0.001 -20"><span class='ocrx_word' id='word_1_471' title='bbox 2119 2160 2267 2208; x_wconf 69' lang='lat' dir='ltr'><strong>nem,</strong></span> <span class='ocrx_word' id='word_1_472' title='bbox 2299 2147 2516 2214; x_wconf 90' lang='lat' dir='ltr'><strong>opinor,</strong></span> <span class='ocrx_word' id='word_1_473' title='bbox 2552 2148 2604 2201; x_wconf 95' lang='lat' dir='ltr'><strong>hi</strong></span> <span class='ocrx_word' id='word_1_474' title='bbox 2636 2147 2788 2203; x_wconf 85' lang='lat' dir='ltr'><strong>nervi</strong></span> <span class='ocrx_word' id='word_1_475' title='bbox 2818 2155 2982 2218; x_wconf 91' lang='lat' dir='ltr'><strong>atque</strong></span> <span class='ocrx_word' id='word_1_476' title='bbox 3002 2147 3118 2201; x_wconf 66' lang='lat' dir='ltr'><strong>hinc</strong></span> <span class='ocrx_word' id='word_1_477' title='bbox 3147 2161 3294 2211; x_wconf 91' lang='lat' dir='ltr'><strong>ossa,</strong></span> <span class='ocrx_word' id='word_1_478' title='bbox 3321 2144 3406 2198; x_wconf 87' lang='lat' dir='ltr'><strong>vel</strong></span> <span class='ocrx_word' id='word_1_479' title='bbox 3439 2142 3690 2212; x_wconf 87' lang='lat' dir='ltr'><strong>Megaris,</strong></span> 
     </span>
    </p>
   </div>
   <div class='ocr_carea' id='block_1_64' title="bbox 2121 2231 3691 2307">
    <p class='ocr_par' dir='ltr' id='par_1_64' title="bbox 2121 2231 3691 2307">
     <span class='ocr_line' id='line_1_64' title="bbox 2121 2231 3691 2307; baseline -0.001 -20"><span class='ocrx_word' id='word_1_480' title='bbox 2121 2236 2203 2289; x_wconf 89' lang='lat' dir='ltr'><strong>vel</strong></span> <span class='ocrx_word' id='word_1_481' title='bbox 2240 2236 2294 2290; x_wconf 92' lang='lat' dir='ltr'><strong>in</strong></span> <span class='ocrx_word' id='word_1_482' title='bbox 2334 2237 2562 2300; x_wconf 75' lang='lat' dir='ltr'><strong>Bmotia,</strong></span> <span class='ocrx_word' id='word_1_483' title='bbox 2613 2253 2723 2307; x_wconf 93' lang='lat' dir='ltr'><strong>quo</strong></span> <span class='ocrx_word' id='word_1_484' title='bbox 2776 2239 2864 2292; x_wconf 91' lang='lat' dir='ltr'><strong>illa</strong></span> <span class='ocrx_word' id='word_1_485' title='bbox 2915 2236 3105 2307; x_wconf 82' lang='lat' dir='ltr'><strong>Optimi</strong></span> <span class='ocrx_word' id='word_1_486' title='bbox 3160 2236 3345 2305; x_wconf 78' lang='lat' dir='ltr'><strong>Opinio</strong></span> <span class='ocrx_word' id='word_1_487' title='bbox 3389 2231 3691 2295; x_wconf 87' lang='lat' dir='ltr'><strong>detulisset,</strong></span> 
     </span>
    </p>
   </div>
   <div class='ocr_carea' id='block_1_65' title="bbox 2121 2324 3695 2396">
    <p class='ocr_par' dir='ltr' id='par_1_65' title="bbox 2121 2324 3695 2396">
     <span class='ocr_line' id='line_1_65' title="bbox 2121 2324 3695 2396; baseline -0.003 -18"><span class='ocrx_word' id='word_1_488' title='bbox 2121 2334 2488 2390; x_wconf 84' lang='lat' dir='ltr'><strong>versarentur,</strong></span> <span class='ocrx_word' id='word_1_489' title='bbox 2530 2326 2636 2382; x_wconf 90' lang='lat' dir='ltr'><strong>nisi</strong></span> <span class='ocrx_word' id='word_1_490' title='bbox 2681 2343 2844 2395; x_wconf 91' lang='lat' dir='ltr'><strong>quam</strong></span> <span class='ocrx_word' id='word_1_491' title='bbox 2893 2325 3196 2396; x_wconf 89' lang='lat' dir='ltr'><strong>respublica</strong></span> <span class='ocrx_word' id='word_1_492' title='bbox 3248 2339 3467 2394; x_wconf 67' lang='lat' dir='ltr'><strong>poenam</strong></span> <span class='ocrx_word' id='word_1_493' title='bbox 3519 2324 3695 2390; x_wconf 79' lang='lat' dir='ltr'><strong>impo-</strong></span> 
     </span>
    </p>
   </div>
   <div class='ocr_carea' id='block_1_66' title="bbox 2124 2413 3692 2488">
    <p class='ocr_par' dir='ltr' id='par_1_66' title="bbox 2124 2413 3692 2488">
     <span class='ocr_line' id='line_1_66' title="bbox 2124 2413 3692 2488; baseline -0.002 -18"><span class='ocrx_word' id='word_1_494' title='bbox 2124 2417 2314 2480; x_wconf 90' lang='lat' dir='ltr'><strong>suerit,</strong></span> <span class='ocrx_word' id='word_1_495' title='bbox 2347 2417 2634 2485; x_wconf 90' lang='lat' dir='ltr'><strong>sustinere,</strong></span> <span class='ocrx_word' id='word_1_496' title='bbox 2677 2419 2848 2473; x_wconf 90' lang='lat' dir='ltr'><strong>multo</strong></span> <span class='ocrx_word' id='word_1_497' title='bbox 2882 2434 3046 2488; x_wconf 89' lang='lat' dir='ltr'><strong>quam</strong></span> <span class='ocrx_word' id='word_1_498' title='bbox 3081 2418 3329 2472; x_wconf 88' lang='lat' dir='ltr'><strong>servilem</strong></span> <span class='ocrx_word' id='word_1_499' title='bbox 3380 2415 3434 2469; x_wconf 90' lang='lat' dir='ltr'><strong>in</strong></span> <span class='ocrx_word' id='word_1_500' title='bbox 3471 2413 3692 2469; x_wconf 84' lang='lat' dir='ltr'><strong>modum</strong></span> 
     </span>
    </p>
   </div>
   <div class='ocr_carea' id='block_1_67' title="bbox 2121 2509 3688 2582">
    <p class='ocr_par' dir='ltr' id='par_1_67' title="bbox 2121 2509 3688 2582">
     <span class='ocr_line' id='line_1_67' title="bbox 2121 2509 3688 2582; baseline -0.003 -16"><span class='ocrx_word' id='word_1_501' title='bbox 2121 2511 2401 2580; x_wconf 86' lang='lat' dir='ltr'><strong>aufugere,</strong></span> <span class='ocrx_word' id='word_1_502' title='bbox 2428 2512 2633 2582; x_wconf 89' lang='lat' dir='ltr'><strong>justius</strong></span> <span class='ocrx_word' id='word_1_503' title='bbox 2660 2521 2905 2582; x_wconf 91' lang='lat' dir='ltr'><strong>putarem</strong></span> <span class='ocrx_word' id='word_1_504' title='bbox 2935 2522 3097 2582; x_wconf 88' lang='lat' dir='ltr'><strong>atque</strong></span> <span class='ocrx_word' id='word_1_505' title='bbox 3117 2511 3398 2566; x_wconf 85' lang='lat' dir='ltr'><strong>honestius</strong></span> <span class='ocrx_word' id='word_1_506' title='bbox 3425 2509 3688 2564; x_wconf 84' lang='lat' dir='ltr'><strong>futurum.</strong></span> 
     </span>
    </p>
   </div>
   <div class='ocr_carea' id='block_1_68' title="bbox 2116 2600 3690 2672">
    <p class='ocr_par' dir='ltr' id='par_1_68' title="bbox 2116 2600 3690 2672">
     <span class='ocr_line' id='line_1_68' title="bbox 2116 2600 3690 2672; baseline -0.003 -18"><span class='ocrx_word' id='word_1_507' title='bbox 2116 2601 2405 2657; x_wconf 89' lang='lat' dir='ltr'><strong>Enimvero</strong></span> <span class='ocrx_word' id='word_1_508' title='bbox 2451 2603 2658 2658; x_wconf 90' lang='lat' dir='ltr'><strong>similes</strong></span> <span class='ocrx_word' id='word_1_509' title='bbox 2708 2602 2954 2672; x_wconf 83' lang='lat' dir='ltr'><strong>proferre</strong></span> <span class='ocrx_word' id='word_1_510' title='bbox 2999 2618 3232 2667; x_wconf 90' lang='lat' dir='ltr'><strong>causas,</strong></span> <span class='ocrx_word' id='word_1_511' title='bbox 3293 2600 3690 2671; x_wconf 86' lang='lat' dir='ltr'><strong>perabsurdum</strong></span> 
     </span>
    </p>
   </div>
   <div class='ocr_carea' id='block_1_69' title="bbox 2111 2691 3690 2763">
    <p class='ocr_par' dir='ltr' id='par_1_69' title="bbox 2111 2691 3690 2763">
     <span class='ocr_line' id='line_1_69' title="bbox 2111 2691 3690 2763; baseline -0.003 -15"><span class='ocrx_word' id='word_1_512' title='bbox 2111 2692 2296 2748; x_wconf 85' lang='lat' dir='ltr'><strong>fuerit.</strong></span> <span class='ocrx_word' id='word_1_513' title='bbox 2327 2691 2461 2747; x_wconf 88' lang='lat' dir='ltr'><strong>Nam</strong></span> <span class='ocrx_word' id='word_1_514' title='bbox 2495 2694 2541 2747; x_wconf 91' lang='lat' dir='ltr'><strong>si</strong></span> <span class='ocrx_word' id='word_1_515' title='bbox 2582 2692 2706 2763; x_wconf 90' lang='lat' dir='ltr'><strong>quis</strong></span> <span class='ocrx_word' id='word_1_516' title='bbox 2743 2693 2983 2762; x_wconf 85' lang='lat' dir='ltr'><strong>objiciet,</strong></span> <span class='ocrx_word' id='word_1_517' title='bbox 3036 2692 3142 2748; x_wconf 90' lang='lat' dir='ltr'><strong>nisi</strong></span> <span class='ocrx_word' id='word_1_518' title='bbox 3192 2693 3432 2755; x_wconf 88' lang='lat' dir='ltr'><strong>ossibus,</strong></span> <span class='ocrx_word' id='word_1_519' title='bbox 3488 2691 3690 2752; x_wconf 79' lang='lat' dir='ltr'><strong>nervis.</strong></span> 
     </span>
    </p>
   </div>
   <div class='ocr_carea' id='block_1_70' title="bbox 2115 2783 3693 2854">
    <p class='ocr_par' dir='ltr' id='par_1_70' title="bbox 2115 2783 3693 2854">
     <span class='ocr_line' id='line_1_70' title="bbox 2115 2783 3693 2854; baseline -0.003 -16"><span class='ocrx_word' id='word_1_520' title='bbox 2115 2785 2470 2854; x_wconf 82' lang='lat' dir='ltr'><strong>partibusque</strong></span> <span class='ocrx_word' id='word_1_521' title='bbox 2500 2784 2714 2838; x_wconf 63' lang='lat' dir='ltr'><strong>caeteris</strong></span> <span class='ocrx_word' id='word_1_522' title='bbox 2749 2783 3049 2838; x_wconf 89' lang='lat' dir='ltr'><strong>instructus</strong></span> <span class='ocrx_word' id='word_1_523' title='bbox 3083 2799 3282 2850; x_wconf 86' lang='lat' dir='ltr'><strong>essem,</strong></span> <span class='ocrx_word' id='word_1_524' title='bbox 3328 2783 3444 2836; x_wconf 82' lang='lat' dir='ltr'><strong>ﬁeri</strong></span> <span class='ocrx_word' id='word_1_525' title='bbox 3478 2785 3575 2836; x_wconf 84' lang='lat' dir='ltr'><strong>abs</strong></span> <span class='ocrx_word' id='word_1_526' title='bbox 3607 2797 3693 2834; x_wconf 89' lang='lat' dir='ltr'><strong>me</strong></span> 
     </span>
    </p>
   </div>
   <div class='ocr_carea' id='block_1_71' title="bbox 2115 2871 3686 2944">
    <p class='ocr_par' dir='ltr' id='par_1_71' title="bbox 2115 2871 3686 2944">
     <span class='ocr_line' id='line_1_71' title="bbox 2115 2871 3686 2944; baseline -0.002 -17"><span class='ocrx_word' id='word_1_527' title='bbox 2115 2889 2238 2944; x_wconf 73' lang='lat' dir='ltr'><strong>qua:</strong></span> <span class='ocrx_word' id='word_1_528' title='bbox 2264 2875 2423 2928; x_wconf 91' lang='lat' dir='ltr'><strong>velim</strong></span> <span class='ocrx_word' id='word_1_529' title='bbox 2460 2874 2608 2928; x_wconf 93' lang='lat' dir='ltr'><strong>nullo</strong></span> <span class='ocrx_word' id='word_1_530' title='bbox 2642 2875 2804 2926; x_wconf 84' lang='lat' dir='ltr'><strong>modo</strong></span> <span class='ocrx_word' id='word_1_531' title='bbox 2839 2887 3031 2942; x_wconf 89' lang='lat' dir='ltr'><strong>posse,</strong></span> <span class='ocrx_word' id='word_1_532' title='bbox 3080 2888 3206 2927; x_wconf 90' lang='lat' dir='ltr'><strong>vere</strong></span> <span class='ocrx_word' id='word_1_533' title='bbox 3247 2873 3348 2925; x_wconf 89' lang='lat' dir='ltr'><strong>hoc</strong></span> <span class='ocrx_word' id='word_1_534' title='bbox 3398 2871 3546 2924; x_wconf 86' lang='lat' dir='ltr'><strong>dicat</strong></span> <span class='ocrx_word' id='word_1_535' title='bbox 3595 2871 3686 2924; x_wconf 88' lang='lat' dir='ltr'><strong>ille</strong></span> 
     </span>
    </p>
   </div>
   <div class='ocr_carea' id='block_1_72' title="bbox 2115 2961 3693 3032">
    <p class='ocr_par' dir='ltr' id='par_1_72' title="bbox 2115 2961 3693 3032">
     <span class='ocr_line' id='line_1_72' title="bbox 2115 2961 3693 3032; baseline -0.003 -15"><span class='ocrx_word' id='word_1_536' title='bbox 2115 2964 2356 3032; x_wconf 91' lang='lat' dir='ltr'><strong>quidem,</strong></span> <span class='ocrx_word' id='word_1_537' title='bbox 2390 2963 2532 3017; x_wconf 91' lang='lat' dir='ltr'><strong>idem</strong></span> <span class='ocrx_word' id='word_1_538' title='bbox 2570 2973 2772 3025; x_wconf 89' lang='lat' dir='ltr'><strong>tamen,</strong></span> <span class='ocrx_word' id='word_1_539' title='bbox 2828 2963 2872 3016; x_wconf 92' lang='lat' dir='ltr'><strong>si</strong></span> <span class='ocrx_word' id='word_1_540' title='bbox 2905 2971 3123 3032; x_wconf 78' lang='lat' dir='ltr'><strong>prapter</strong></span> <span class='ocrx_word' id='word_1_541' title='bbox 3157 2962 3248 3015; x_wconf 91' lang='lat' dir='ltr'><strong>illa</strong></span> <span class='ocrx_word' id='word_1_542' title='bbox 3302 2961 3417 3030; x_wconf 90' lang='lat' dir='ltr'><strong>ipsa</strong></span> <span class='ocrx_word' id='word_1_543' title='bbox 3447 2961 3563 3014; x_wconf 86' lang='lat' dir='ltr'><strong>fieri</strong></span> <span class='ocrx_word' id='word_1_544' title='bbox 3596 2975 3693 3013; x_wconf 85' lang='lat' dir='ltr'><strong>vo-</strong></span> 
     </span>
    </p>
   </div>
   <div class='ocr_carea' id='block_1_73' title="bbox 2117 3051 3691 3123">
    <p class='ocr_par' dir='ltr' id='par_1_73' title="bbox 2117 3051 3691 3123">
     <span class='ocr_line' id='line_1_73' title="bbox 2117 3051 3691 3123; baseline -0.001 -17"><span class='ocrx_word' id='word_1_545' title='bbox 2117 3053 2210 3119; x_wconf 90' lang='lat' dir='ltr'><strong>let,</strong></span> <span class='ocrx_word' id='word_1_546' title='bbox 2251 3069 2373 3123; x_wconf 72' lang='lat' dir='ltr'><strong>quae</strong></span> <span class='ocrx_word' id='word_1_547' title='bbox 2401 3053 2498 3108; x_wconf 89' lang='lat' dir='ltr'><strong>abs</strong></span> <span class='ocrx_word' id='word_1_548' title='bbox 2531 3069 2616 3107; x_wconf 91' lang='lat' dir='ltr'><strong>me</strong></span> <span class='ocrx_word' id='word_1_549' title='bbox 2648 3053 2802 3115; x_wconf 85' lang='lat' dir='ltr'><strong>fiunt,</strong></span> <span class='ocrx_word' id='word_1_550' title='bbox 2839 3061 3000 3122; x_wconf 91' lang='lat' dir='ltr'><strong>atque</strong></span> <span class='ocrx_word' id='word_1_551' title='bbox 3030 3052 3103 3106; x_wconf 87' lang='lat' dir='ltr'><strong>ita</strong></span> <span class='ocrx_word' id='word_1_552' title='bbox 3135 3066 3220 3104; x_wconf 91' lang='lat' dir='ltr'><strong>me</strong></span> <span class='ocrx_word' id='word_1_553' title='bbox 3245 3051 3464 3105; x_wconf 89' lang='lat' dir='ltr'><strong>demum</strong></span> <span class='ocrx_word' id='word_1_554' title='bbox 3512 3059 3691 3104; x_wconf 87' lang='lat' dir='ltr'><strong>mente</strong></span> 
     </span>
    </p>
   </div>
   <div class='ocr_carea' id='block_1_74' title="bbox 2117 3139 3690 3214">
    <p class='ocr_par' dir='ltr' id='par_1_74' title="bbox 2117 3139 3690 3214">
     <span class='ocr_line' id='line_1_74' title="bbox 2117 3139 3690 3214; baseline -0.004 -17"><span class='ocrx_word' id='word_1_555' title='bbox 2117 3159 2302 3214; x_wconf 87' lang='lat' dir='ltr'><strong>agere,</strong></span> <span class='ocrx_word' id='word_1_556' title='bbox 2329 3158 2440 3196; x_wconf 89' lang='lat' dir='ltr'><strong>non</strong></span> <span class='ocrx_word' id='word_1_557' title='bbox 2470 3143 2659 3212; x_wconf 89' lang='lat' dir='ltr'><strong>optimi</strong></span> <span class='ocrx_word' id='word_1_558' title='bbox 2690 3142 2900 3197; x_wconf 89' lang='lat' dir='ltr'><strong>delectu</strong></span> <span class='ocrx_word' id='word_1_559' title='bbox 2930 3141 3169 3210; x_wconf 90' lang='lat' dir='ltr'><strong>quodam</strong></span> <span class='ocrx_word' id='word_1_560' title='bbox 3199 3149 3254 3195; x_wconf 90' lang='lat' dir='ltr'><strong>et</strong></span> <span class='ocrx_word' id='word_1_561' title='bbox 3281 3140 3484 3202; x_wconf 81' lang='lat' dir='ltr'><strong>studio,</strong></span> <span class='ocrx_word' id='word_1_562' title='bbox 3515 3139 3690 3208; x_wconf 85' lang='lat' dir='ltr'><strong>negli-</strong></span> 
     </span>
    </p>
   </div>
   <div class='ocr_carea' id='block_1_75' title="bbox 2116 3230 3689 3302">
    <p class='ocr_par' dir='ltr' id='par_1_75' title="bbox 2116 3230 3689 3302">
     <span class='ocr_line' id='line_1_75' title="bbox 2116 3230 3689 3302; baseline -0.002 -16"><span class='ocrx_word' id='word_1_563' title='bbox 2116 3248 2248 3302; x_wconf 85' lang='lat' dir='ltr'><strong>gens</strong></span> <span class='ocrx_word' id='word_1_564' title='bbox 2277 3232 2569 3288; x_wconf 86' lang='lat' dir='ltr'><strong>admodum</strong></span> <span class='ocrx_word' id='word_1_565' title='bbox 2603 3248 2665 3287; x_wconf 84' lang='lat' dir='ltr'><strong>ac</strong></span> <span class='ocrx_word' id='word_1_566' title='bbox 2696 3233 2889 3302; x_wconf 91' lang='lat' dir='ltr'><strong>supina</strong></span> <span class='ocrx_word' id='word_1_567' title='bbox 2927 3231 3108 3286; x_wconf 86' lang='lat' dir='ltr'><strong>futura</strong></span> <span class='ocrx_word' id='word_1_568' title='bbox 3145 3239 3230 3285; x_wconf 93' lang='lat' dir='ltr'><strong>est</strong></span> <span class='ocrx_word' id='word_1_569' title='bbox 3267 3231 3382 3285; x_wconf 68' lang='lat' dir='ltr'><strong>haec</strong></span> <span class='ocrx_word' id='word_1_570' title='bbox 3407 3230 3526 3300; x_wconf 86' lang='lat' dir='ltr'><strong>ejus</strong></span> <span class='ocrx_word' id='word_1_571' title='bbox 3559 3244 3689 3283; x_wconf 85' lang='lat' dir='ltr'><strong>ora.-</strong></span> 
     </span>
    </p>
   </div>
   <div class='ocr_carea' id='block_1_76' title="bbox 2111 3319 3688 3394">
    <p class='ocr_par' dir='ltr' id='par_1_76' title="bbox 2111 3319 3688 3394">
     <span class='ocr_line' id='line_1_76' title="bbox 2111 3319 3688 3394; baseline -0.003 -17"><span class='ocrx_word' id='word_1_572' title='bbox 2111 3322 2207 3377; x_wconf 92' lang='lat' dir='ltr'><strong>tio.</strong></span> <span class='ocrx_word' id='word_1_573' title='bbox 2246 3340 2266 3374; x_wconf 76' lang='grc' dir='ltr'><strong>ι</strong></span> <span class='ocrx_word' id='word_1_574' title='bbox 2306 3324 2371 3377; x_wconf 78' lang='lat' dir='ltr'><strong>Et</strong></span> <span class='ocrx_word' id='word_1_575' title='bbox 2422 3327 2613 3394; x_wconf 88' lang='lat' dir='ltr'><strong>paucis</strong></span> <span class='ocrx_word' id='word_1_576' title='bbox 2644 3323 2983 3392; x_wconf 87' lang='lat' dir='ltr'><strong>interjectis:</strong></span> <span class='ocrx_word' id='word_1_577' title='bbox 3025 3341 3043 3372; x_wconf 74' lang='grc' dir='ltr'><strong>ι</strong></span> <span class='ocrx_word' id='word_1_578' title='bbox 3080 3322 3265 3391; x_wconf 87' lang='lat' dir='ltr'><strong>Itaque</strong></span> <span class='ocrx_word' id='word_1_579' title='bbox 3289 3321 3448 3383; x_wconf 89' lang='lat' dir='ltr'><strong>alius,</strong></span> <span class='ocrx_word' id='word_1_580' title='bbox 3491 3319 3688 3388; x_wconf 86' lang='lat' dir='ltr'><strong>inquit,</strong></span> 
     </span>
    </p>
   </div>
   <div class='ocr_carea' id='block_1_77' title="bbox 2109 3412 3688 3486">
    <p class='ocr_par' dir='ltr' id='par_1_77' title="bbox 2109 3412 3688 3486">
     <span class='ocr_line' id='line_1_77' title="bbox 2109 3412 3688 3486; baseline -0.003 -17"><span class='ocrx_word' id='word_1_581' title='bbox 2109 3423 2310 3470; x_wconf 89' lang='lat' dir='ltr'><strong>terram</strong></span> <span class='ocrx_word' id='word_1_582' title='bbox 2343 3415 2474 3470; x_wconf 90' lang='lat' dir='ltr'><strong>dum</strong></span> <span class='ocrx_word' id='word_1_583' title='bbox 2515 3415 2659 3470; x_wconf 88' lang='lat' dir='ltr'><strong>aeris</strong></span> <span class='ocrx_word' id='word_1_584' title='bbox 2691 3415 2986 3486; x_wconf 79' lang='lat' dir='ltr'><strong>agitatione</strong></span> <span class='ocrx_word' id='word_1_585' title='bbox 3021 3413 3392 3476; x_wconf 84' lang='lat' dir='ltr'><strong>circumfudit,</strong></span> <span class='ocrx_word' id='word_1_586' title='bbox 3421 3412 3476 3466; x_wconf 91' lang='lat' dir='ltr'><strong>vi</strong></span> <span class='ocrx_word' id='word_1_587' title='bbox 3505 3421 3688 3467; x_wconf 88' lang='lat' dir='ltr'><strong>tamen</strong></span> 
     </span>
    </p>
   </div>
   <div class='ocr_carea' id='block_1_78' title="bbox 2110 3500 3688 3572">
    <p class='ocr_par' dir='ltr' id='par_1_78' title="bbox 2110 3500 3688 3572">
     <span class='ocr_line' id='line_1_78' title="bbox 2110 3500 3688 3572; baseline -0.003 -15"><span class='ocrx_word' id='word_1_588' title='bbox 2110 3504 2232 3557; x_wconf 75' lang='lat' dir='ltr'><strong>C(Bll</strong></span> <span class='ocrx_word' id='word_1_589' title='bbox 2281 3507 2494 3557; x_wconf 81' lang='lat' dir='ltr'><strong>firmam</strong></span> <span class='ocrx_word' id='word_1_590' title='bbox 2541 3513 2595 3558; x_wconf 92' lang='lat' dir='ltr'><strong>et</strong></span> <span class='ocrx_word' id='word_1_591' title='bbox 2639 3504 2924 3557; x_wconf 90' lang='lat' dir='ltr'><strong>immotam</strong></span> <span class='ocrx_word' id='word_1_592' title='bbox 2976 3501 3246 3558; x_wconf 78' lang='lat' dir='ltr'><strong>contineri</strong></span> <span class='ocrx_word' id='word_1_593' title='bbox 3306 3510 3502 3572; x_wconf 89' lang='lat' dir='ltr'><strong>putat:</strong></span> <span class='ocrx_word' id='word_1_594' title='bbox 3548 3500 3688 3554; x_wconf 82' lang='lat' dir='ltr'><strong>alius</strong></span> 
     </span>
    </p>
   </div>
   <div class='ocr_carea' id='block_1_79' title="bbox 2111 3594 3689 3668">
    <p class='ocr_par' dir='ltr' id='par_1_79' title="bbox 2111 3594 3689 3668">
     <span class='ocr_line' id='line_1_79' title="bbox 2111 3594 3689 3668; baseline -0.001 -18"><span class='ocrx_word' id='word_1_595' title='bbox 2111 3596 2343 3668; x_wconf 85' lang='lat' dir='ltr'><strong>quadam</strong></span> <span class='ocrx_word' id='word_1_596' title='bbox 2376 3597 2541 3651; x_wconf 91' lang='lat' dir='ltr'><strong>veluti</strong></span> <span class='ocrx_word' id='word_1_597' title='bbox 2583 3597 2772 3651; x_wconf 89' lang='lat' dir='ltr'><strong>latiore</strong></span> <span class='ocrx_word' id='word_1_598' title='bbox 2824 3606 3056 3658; x_wconf 81' lang='lat' dir='ltr'><strong>mactra,</strong></span> <span class='ocrx_word' id='word_1_599' title='bbox 3109 3594 3520 3650; x_wconf 78' lang='lat' dir='ltr'><strong>fundamentum</strong></span> <span class='ocrx_word' id='word_1_600' title='bbox 3567 3595 3689 3660; x_wconf 77' lang='lat' dir='ltr'><strong>ejus</strong></span> 
     </span>
    </p>
   </div>
   <div class='ocr_carea' id='block_1_80' title="bbox 2109 3687 3683 3758">
    <p class='ocr_par' dir='ltr' id='par_1_80' title="bbox 2109 3687 3683 3758">
     <span class='ocr_line' id='line_1_80' title="bbox 2109 3687 3683 3758; baseline -0.003 -16"><span class='ocrx_word' id='word_1_601' title='bbox 2109 3702 2288 3743; x_wconf 89' lang='lat' dir='ltr'><strong>aerem</strong></span> <span class='ocrx_word' id='word_1_602' title='bbox 2342 3688 2537 3744; x_wconf 89' lang='lat' dir='ltr'><strong>fulcire</strong></span> <span class='ocrx_word' id='word_1_603' title='bbox 2595 3687 2820 3743; x_wconf 89' lang='lat' dir='ltr'><strong>mavult.</strong></span> <span class='ocrx_word' id='word_1_604' title='bbox 2872 3688 2941 3741; x_wconf 89' lang='lat' dir='ltr'><strong>At</strong></span> <span class='ocrx_word' id='word_1_605' title='bbox 2989 3704 3118 3743; x_wconf 91' lang='lat' dir='ltr'><strong>vero</strong></span> <span class='ocrx_word' id='word_1_606' title='bbox 3167 3703 3402 3758; x_wconf 90' lang='lat' dir='ltr'><strong>quanam</strong></span> <span class='ocrx_word' id='word_1_607' title='bbox 3455 3687 3559 3741; x_wconf 90' lang='lat' dir='ltr'><strong>ista</strong></span> <span class='ocrx_word' id='word_1_608' title='bbox 3610 3687 3683 3750; x_wconf 90' lang='lat' dir='ltr'><strong>vi,</strong></span> 
     </span>
    </p>
   </div>
   <div class='ocr_carea' id='block_1_81' title="bbox 2110 3779 3688 3850">
    <p class='ocr_par' dir='ltr' id='par_1_81' title="bbox 2110 3779 3688 3850">
     <span class='ocr_line' id='line_1_81' title="bbox 2110 3779 3688 3850; baseline -0.001 -17"><span class='ocrx_word' id='word_1_609' title='bbox 2110 3795 2273 3850; x_wconf 92' lang='lat' dir='ltr'><strong>quam</strong></span> <span class='ocrx_word' id='word_1_610' title='bbox 2307 3780 2512 3850; x_wconf 88' lang='lat' dir='ltr'><strong>optime</strong></span> <span class='ocrx_word' id='word_1_611' title='bbox 2544 3780 2660 3837; x_wconf 86' lang='lat' dir='ltr'><strong>ﬁeri</strong></span> <span class='ocrx_word' id='word_1_612' title='bbox 2691 3789 2889 3850; x_wconf 80' lang='lat' dir='ltr'><strong>potuit,</strong></span> <span class='ocrx_word' id='word_1_613' title='bbox 2921 3795 3042 3836; x_wconf 89' lang='lat' dir='ltr'><strong>sese</strong></span> <span class='ocrx_word' id='word_1_614' title='bbox 3091 3796 3237 3835; x_wconf 90' lang='lat' dir='ltr'><strong>nunc</strong></span> <span class='ocrx_word' id='word_1_615' title='bbox 3280 3779 3535 3840; x_wconf 80' lang='lat' dir='ltr'><strong>habeant,</strong></span> <span class='ocrx_word' id='word_1_616' title='bbox 3586 3792 3688 3832; x_wconf 78' lang='lat' dir='ltr'><strong>suo</strong></span> 
     </span>
    </p>
   </div>
   <div class='ocr_carea' id='block_1_82' title="bbox 2108 3871 3683 3943">
    <p class='ocr_par' dir='ltr' id='par_1_82' title="bbox 2108 3871 3683 3943">
     <span class='ocr_line' id='line_1_82' title="bbox 2108 3871 3683 3943; baseline -0.003 -17"><span class='ocrx_word' id='word_1_617' title='bbox 2108 3886 2338 3941; x_wconf 65' lang='lat' dir='ltr'><strong>quaeque</strong></span> <span class='ocrx_word' id='word_1_618' title='bbox 2383 3872 2506 3927; x_wconf 84' lang='lat' dir='ltr'><strong>loco</strong></span> <span class='ocrx_word' id='word_1_619' title='bbox 2559 3873 2778 3943; x_wconf 90' lang='lat' dir='ltr'><strong>situque</strong></span> <span class='ocrx_word' id='word_1_620' title='bbox 2829 3872 3116 3936; x_wconf 81' lang='lat' dir='ltr'><strong>collocata,</strong></span> <span class='ocrx_word' id='word_1_621' title='bbox 3163 3887 3263 3926; x_wconf 92' lang='lat' dir='ltr'><strong>nec</strong></span> <span class='ocrx_word' id='word_1_622' title='bbox 3297 3871 3373 3925; x_wconf 90' lang='lat' dir='ltr'><strong>illi</strong></span> <span class='ocrx_word' id='word_1_623' title='bbox 3408 3883 3683 3941; x_wconf 64' lang='lat' dir='ltr'><strong>quarunt,</strong></span> 
     </span>
    </p>
   </div>
   <div class='ocr_carea' id='block_1_83' title="bbox 2107 3962 3682 4033">
    <p class='ocr_par' dir='ltr' id='par_1_83' title="bbox 2107 3962 3682 4033">
     <span class='ocr_line' id='line_1_83' title="bbox 2107 3962 3682 4033; baseline -0.003 -16"><span class='ocrx_word' id='word_1_624' title='bbox 2107 3977 2208 4017; x_wconf 87' lang='lat' dir='ltr'><strong>nec</strong></span> <span class='ocrx_word' id='word_1_625' title='bbox 2239 3962 2464 4017; x_wconf 93' lang='lat' dir='ltr'><strong>omnino</strong></span> <span class='ocrx_word' id='word_1_626' title='bbox 2512 3963 2598 4017; x_wconf 91' lang='lat' dir='ltr'><strong>dei</strong></span> <span class='ocrx_word' id='word_1_627' title='bbox 2651 3964 2976 4033; x_wconf 84' lang='lat' dir='ltr'><strong>cujusquam</strong></span> <span class='ocrx_word' id='word_1_628' title='bbox 3032 3977 3094 4017; x_wconf 87' lang='lat' dir='ltr'><strong>ea</strong></span> <span class='ocrx_word' id='word_1_629' title='bbox 3146 3963 3370 4017; x_wconf 89' lang='lat' dir='ltr'><strong>numine</strong></span> <span class='ocrx_word' id='word_1_630' title='bbox 3419 3962 3682 4017; x_wconf 81' lang='lat' dir='ltr'><strong>contineri</strong></span> 
     </span>
    </p>
   </div>
   <div class='ocr_carea' id='block_1_84' title="bbox 2109 4054 3687 4124">
    <p class='ocr_par' dir='ltr' id='par_1_84' title="bbox 2109 4054 3687 4124">
     <span class='ocr_line' id='line_1_84' title="bbox 2109 4054 3687 4124; baseline -0.003 -16"><span class='ocrx_word' id='word_1_631' title='bbox 2109 4054 2484 4108; x_wconf 88' lang='lat' dir='ltr'><strong>arbitrantur:</strong></span> <span class='ocrx_word' id='word_1_632' title='bbox 2516 4055 2610 4108; x_wconf 90' lang='lat' dir='ltr'><strong>sed</strong></span> <span class='ocrx_word' id='word_1_633' title='bbox 2641 4055 2822 4124; x_wconf 89' lang='lat' dir='ltr'><strong>potius</strong></span> <span class='ocrx_word' id='word_1_634' title='bbox 2873 4055 3143 4108; x_wconf 83' lang='lat' dir='ltr'><strong>Atlantem</strong></span> <span class='ocrx_word' id='word_1_635' title='bbox 3188 4054 3374 4108; x_wconf 88' lang='lat' dir='ltr'><strong>nescio</strong></span> <span class='ocrx_word' id='word_1_636' title='bbox 3421 4067 3582 4122; x_wconf 93' lang='lat' dir='ltr'><strong>quem</strong></span> <span class='ocrx_word' id='word_1_637' title='bbox 3631 4060 3687 4105; x_wconf 89' lang='lat' dir='ltr'><strong>et</strong></span> 
     </span>
    </p>
   </div>
   <div class='ocr_carea' id='block_1_85' title="bbox 2109 4145 3680 4212">
    <p class='ocr_par' dir='ltr' id='par_1_85' title="bbox 2109 4145 3680 4212">
     <span class='ocr_line' id='line_1_85' title="bbox 2109 4145 3680 4212; baseline -0.003 -12"><span class='ocrx_word' id='word_1_638' title='bbox 2109 4145 2406 4200; x_wconf 78' lang='lat' dir='ltr'><strong>firmiorem</strong></span> <span class='ocrx_word' id='word_1_639' title='bbox 2456 4145 2686 4211; x_wconf 90' lang='lat' dir='ltr'><strong>viribus,</strong></span> <span class='ocrx_word' id='word_1_640' title='bbox 2725 4155 2780 4199; x_wconf 92' lang='lat' dir='ltr'><strong>et</strong></span> <span class='ocrx_word' id='word_1_641' title='bbox 2831 4145 3238 4199; x_wconf 89' lang='lat' dir='ltr'><strong>immortalitate</strong></span> <span class='ocrx_word' id='word_1_642' title='bbox 3289 4145 3680 4212; x_wconf 88' lang='lat' dir='ltr'><strong>potentiorem,</strong></span> 
     </span>
    </p>
   </div>
   <div class='ocr_carea' id='block_1_86' title="bbox 429 4236 3684 4310">
    <p class='ocr_par' dir='ltr' id='par_1_86' title="bbox 429 4236 3684 4310">
     <span class='ocr_line' id='line_1_86' title="bbox 429 4236 3684 4310; baseline -0 -19"><span class='ocrx_word' id='word_1_643' title='bbox 429 4239 522 4308; x_wconf 92' lang='lat' dir='ltr'><strong>qui</strong></span> <span class='ocrx_word' id='word_1_644' title='bbox 558 4237 806 4292; x_wconf 91' lang='lat' dir='ltr'><strong>tenacius</strong></span> <span class='ocrx_word' id='word_1_645' title='bbox 837 4237 1093 4292; x_wconf 89' lang='lat' dir='ltr'><strong>universa</strong></span> <span class='ocrx_word' id='word_1_646' title='bbox 1134 4236 1428 4300; x_wconf 84' lang='lat' dir='ltr'><strong>devinciat,</strong></span> <span class='ocrx_word' id='word_1_647' title='bbox 1488 4237 1836 4308; x_wconf 75' lang='lat' dir='ltr'><strong>excogitant;</strong></span> <span class='ocrx_word' id='word_1_648' title='bbox 1895 4247 2061 4310; x_wconf 88' lang='lat' dir='ltr'><strong>atque</strong></span> <span class='ocrx_word' id='word_1_649' title='bbox 2101 4241 2175 4294; x_wconf 91' lang='lat' dir='ltr'><strong>ita</strong></span> <span class='ocrx_word' id='word_1_650' title='bbox 2235 4240 2362 4294; x_wconf 89' lang='lat' dir='ltr'><strong>bom</strong></span> <span class='ocrx_word' id='word_1_651' title='bbox 2404 4254 2628 4310; x_wconf 89' lang='lat' dir='ltr'><strong>prorsus</strong></span> <span class='ocrx_word' id='word_1_652' title='bbox 2685 4239 3008 4306; x_wconf 89' lang='lat' dir='ltr'><strong>honestique</strong></span> <span class='ocrx_word' id='word_1_653' title='bbox 3057 4239 3214 4303; x_wconf 89' lang='lat' dir='ltr'><strong>nihil,</strong></span> <span class='ocrx_word' id='word_1_654' title='bbox 3269 4253 3378 4306; x_wconf 92' lang='lat' dir='ltr'><strong>quo</strong></span> <span class='ocrx_word' id='word_1_655' title='bbox 3422 4246 3542 4306; x_wconf 89' lang='lat' dir='ltr'><strong>apta</strong></span> <span class='ocrx_word' id='word_1_656' title='bbox 3595 4237 3684 4290; x_wconf 89' lang='lat' dir='ltr'><strong>illa</strong></span> 
     </span>
    </p>
   </div>
   <div class='ocr_carea' id='block_1_87' title="bbox 429 4330 3684 4407">
    <p class='ocr_par' dir='ltr' id='par_1_87' title="bbox 429 4330 3684 4407">
     <span class='ocr_line' id='line_1_87' title="bbox 429 4330 3684 4407; baseline -0 -22"><span class='ocrx_word' id='word_1_657' title='bbox 429 4345 678 4399; x_wconf 80' lang='lat' dir='ltr'><strong>nexaque</strong></span> <span class='ocrx_word' id='word_1_658' title='bbox 702 4337 1007 4395; x_wconf 91' lang='lat' dir='ltr'><strong>teneantur,</strong></span> <span class='ocrx_word' id='word_1_659' title='bbox 1055 4340 1380 4402; x_wconf 87' lang='lat' dir='ltr'><strong>agnoscunt.</strong></span> <span class='ocrx_word' id='word_1_660' title='bbox 1416 4350 1434 4384; x_wconf 75' lang='grc' dir='ltr'><strong>ο</strong></span> <span class='ocrx_word' id='word_1_661' title='bbox 1477 4330 1602 4387; x_wconf 71' lang='lat' dir='ltr'><strong>llaec</strong></span> <span class='ocrx_word' id='word_1_662' title='bbox 1665 4331 1918 4388; x_wconf 90' lang='lat' dir='ltr'><strong>Socrates</strong></span> <span class='ocrx_word' id='word_1_663' title='bbox 1983 4334 2050 4389; x_wconf 88' lang='lat' dir='ltr'><strong>de</strong></span> <span class='ocrx_word' id='word_1_664' title='bbox 2106 4334 2447 4403; x_wconf 66' lang='lat' dir='ltr'><strong>Anaxagora:</strong></span> <span class='ocrx_word' id='word_1_665' title='bbox 2481 4334 2770 4388; x_wconf 90' lang='lat' dir='ltr'><strong>sententia.</strong></span> <span class='ocrx_word' id='word_1_666' title='bbox 2808 4333 2966 4403; x_wconf 84' lang='lat'><strong>753</strong></span> <span class='ocrx_word' id='word_1_667' title='bbox 2998 4331 3117 4386; x_wconf 89' lang='lat' dir='ltr'><strong>Fuit</strong></span> <span class='ocrx_word' id='word_1_668' title='bbox 3150 4342 3328 4386; x_wconf 88' lang='lat' dir='ltr'><strong>autem</strong></span> <span class='ocrx_word' id='word_1_669' title='bbox 3352 4332 3684 4407; x_wconf 57' lang='lat' dir='ltr'><strong>Anaxagora,</strong></span> 
     </span>
    </p>
   </div>
   <div class='ocr_carea' id='block_1_88' title="bbox 429 4421 3683 4494">
    <p class='ocr_par' dir='ltr' id='par_1_88' title="bbox 429 4421 3683 4494">
     <span class='ocr_line' id='line_1_88' title="bbox 429 4421 3683 4494; baseline 0 -18"><span class='ocrx_word' id='word_1_670' title='bbox 429 4431 538 4476; x_wconf 90' lang='lat' dir='ltr'><strong>tam</strong></span> <span class='ocrx_word' id='word_1_671' title='bbox 573 4421 774 4476; x_wconf 86' lang='lat' dir='ltr'><strong>scholae</strong></span> <span class='ocrx_word' id='word_1_672' title='bbox 822 4437 986 4491; x_wconf 88' lang='lat' dir='ltr'><strong>quam</strong></span> <span class='ocrx_word' id='word_1_673' title='bbox 1038 4423 1310 4491; x_wconf 79' lang='lat' dir='ltr'><strong>opinionis</strong></span> <span class='ocrx_word' id='word_1_674' title='bbox 1362 4438 1650 4478; x_wconf 86' lang='lat' dir='ltr'><strong>successor</strong></span> <span class='ocrx_word' id='word_1_675' title='bbox 1694 4423 2036 4491; x_wconf 87' lang='lat' dir='ltr'><strong>Archelaus,</strong></span> <span class='ocrx_word' id='word_1_676' title='bbox 2077 4441 2237 4494; x_wconf 90' lang='lat' dir='ltr'><strong>quem</strong></span> <span class='ocrx_word' id='word_1_677' title='bbox 2302 4423 2558 4478; x_wconf 80' lang='lat' dir='ltr'><strong>Socrates</strong></span> <span class='ocrx_word' id='word_1_678' title='bbox 2601 4423 2842 4478; x_wconf 85' lang='lat' dir='ltr'><strong>audiisse</strong></span> <span class='ocrx_word' id='word_1_679' title='bbox 2891 4423 3079 4478; x_wconf 80' lang='lat' dir='ltr'><strong>fertur.</strong></span> <span class='ocrx_word' id='word_1_680' title='bbox 3117 4426 3383 4478; x_wconf 64' lang='lat' dir='ltr'><strong>Caeterum</strong></span> <span class='ocrx_word' id='word_1_681' title='bbox 3429 4423 3518 4477; x_wconf 90' lang='lat' dir='ltr'><strong>alii</strong></span> <span class='ocrx_word' id='word_1_682' title='bbox 3549 4440 3683 4493; x_wconf 74' lang='lat' dir='ltr'><strong>quo-</strong></span> 
     </span>
    </p>
   </div>
   <div class='ocr_carea' id='block_1_89' title="bbox 426 4509 3682 4586">
    <p class='ocr_par' dir='ltr' id='par_1_89' title="bbox 426 4509 3682 4586">
     <span class='ocr_line' id='line_1_89' title="bbox 426 4509 3682 4586; baseline 0.002 -20"><span class='ocrx_word' id='word_1_683' title='bbox 426 4527 534 4582; x_wconf 89' lang='lat' dir='ltr'><strong>que</strong></span> <span class='ocrx_word' id='word_1_684' title='bbox 564 4511 800 4582; x_wconf 86' lang='lat' dir='ltr'><strong>Physici,</strong></span> <span class='ocrx_word' id='word_1_685' title='bbox 848 4509 1210 4580; x_wconf 78' lang='lat' dir='ltr'><strong>Xenophanes</strong></span> <span class='ocrx_word' id='word_1_686' title='bbox 1261 4521 1315 4568; x_wconf 92' lang='lat' dir='ltr'><strong>et</strong></span> <span class='ocrx_word' id='word_1_687' title='bbox 1358 4512 1712 4585; x_wconf 77' lang='lat' dir='ltr'><strong>Pythagoras,</strong></span> <span class='ocrx_word' id='word_1_688' title='bbox 1776 4516 1872 4586; x_wconf 91' lang='lat' dir='ltr'><strong>qui</strong></span> <span class='ocrx_word' id='word_1_689' title='bbox 1938 4531 2065 4570; x_wconf 92' lang='lat' dir='ltr'><strong>cum</strong></span> <span class='ocrx_word' id='word_1_690' title='bbox 2103 4517 2432 4586; x_wconf 81' lang='lat' dir='ltr'><strong>Anaxagora</strong></span> <span class='ocrx_word' id='word_1_691' title='bbox 2473 4513 2778 4580; x_wconf 84' lang='lat' dir='ltr'><strong>florebant,</strong></span> <span class='ocrx_word' id='word_1_692' title='bbox 2815 4515 2882 4570; x_wconf 92' lang='lat' dir='ltr'><strong>de</strong></span> <span class='ocrx_word' id='word_1_693' title='bbox 2927 4514 3022 4569; x_wconf 87' lang='lat' dir='ltr'><strong>Dei</strong></span> <span class='ocrx_word' id='word_1_694' title='bbox 3068 4515 3229 4571; x_wconf 88' lang='lat' dir='ltr'><strong>simul</strong></span> <span class='ocrx_word' id='word_1_695' title='bbox 3280 4515 3682 4584; x_wconf 87' lang='lat' dir='ltr'><strong>incorruptione</strong></span> 
     </span>
    </p>
   </div>
   <div class='ocr_carea' id='block_1_90' title="bbox 423 4601 3682 4676">
    <p class='ocr_par' dir='ltr' id='par_1_90' title="bbox 423 4601 3682 4676">
     <span class='ocr_line' id='line_1_90' title="bbox 423 4601 3682 4676; baseline -0.001 -18"><span class='ocrx_word' id='word_1_696' title='bbox 423 4615 478 4658; x_wconf 89' lang='lat' dir='ltr'><strong>et</strong></span> <span class='ocrx_word' id='word_1_697' title='bbox 504 4601 670 4657; x_wconf 87' lang='lat' dir='ltr'><strong>animi</strong></span> <span class='ocrx_word' id='word_1_698' title='bbox 699 4602 1105 4658; x_wconf 90' lang='lat' dir='ltr'><strong>immortalitate</strong></span> <span class='ocrx_word' id='word_1_699' title='bbox 1137 4604 1501 4674; x_wconf 76' lang='lat' dir='ltr'><strong>philosophati</strong></span> <span class='ocrx_word' id='word_1_700' title='bbox 1531 4613 1678 4660; x_wconf 91' lang='lat' dir='ltr'><strong>sunt.</strong></span> <span class='ocrx_word' id='word_1_701' title='bbox 1710 4605 1756 4658; x_wconf 86' lang='lat' dir='ltr'><strong>A</strong></span> <span class='ocrx_word' id='word_1_702' title='bbox 1785 4606 1986 4676; x_wconf 89' lang='lat' dir='ltr'><strong>quibus</strong></span> <span class='ocrx_word' id='word_1_703' title='bbox 2027 4611 2211 4676; x_wconf 90' lang='lat' dir='ltr'><strong>postea</strong></span> <span class='ocrx_word' id='word_1_704' title='bbox 2262 4604 2426 4657; x_wconf 67' lang='lat' dir='ltr'><strong>varia:</strong></span> <span class='ocrx_word' id='word_1_705' title='bbox 2481 4611 2610 4658; x_wconf 91' lang='lat' dir='ltr'><strong>sunt</strong></span> <span class='ocrx_word' id='word_1_706' title='bbox 2648 4603 3101 4672; x_wconf 90' lang='lat' dir='ltr'><strong>philosophorum</strong></span> <span class='ocrx_word' id='word_1_707' title='bbox 3161 4613 3321 4658; x_wconf 82' lang='lat' dir='ltr'><strong>sectae</strong></span> <span class='ocrx_word' id='word_1_708' title='bbox 3367 4602 3682 4672; x_wconf 85' lang='lat' dir='ltr'><strong>Opiniones-</strong></span> 
     </span>
    </p>
   </div>
   <div class='ocr_carea' id='block_1_91' title="bbox 424 4695 3676 4769">
    <p class='ocr_par' dir='ltr' id='par_1_91' title="bbox 424 4695 3676 4769">
     <span class='ocr_line' id='line_1_91' title="bbox 424 4695 3676 4769; baseline 0 -19"><span class='ocrx_word' id='word_1_709' title='bbox 424 4713 530 4766; x_wconf 90' lang='lat' dir='ltr'><strong>que</strong></span> <span class='ocrx_word' id='word_1_710' title='bbox 558 4701 830 4766; x_wconf 61' lang='lat' dir='ltr'><strong>profecta,</strong></span> <span class='ocrx_word' id='word_1_711' title='bbox 859 4713 984 4751; x_wconf 91' lang='lat' dir='ltr'><strong>cum</strong></span> <span class='ocrx_word' id='word_1_712' title='bbox 1032 4697 1167 4753; x_wconf 91' lang='lat' dir='ltr'><strong>alios</strong></span> <span class='ocrx_word' id='word_1_713' title='bbox 1197 4699 1290 4752; x_wconf 88' lang='lat' dir='ltr'><strong>alii</strong></span> <span class='ocrx_word' id='word_1_714' title='bbox 1320 4707 1710 4768; x_wconf 86' lang='lat' dir='ltr'><strong>sequerentur,</strong></span> <span class='ocrx_word' id='word_1_715' title='bbox 1768 4701 2016 4755; x_wconf 88' lang='lat' dir='ltr'><strong>nonnulli</strong></span> <span class='ocrx_word' id='word_1_716' title='bbox 2057 4700 2298 4769; x_wconf 87' lang='lat' dir='ltr'><strong>privatas</strong></span> <span class='ocrx_word' id='word_1_717' title='bbox 2350 4698 2515 4754; x_wconf 89' lang='lat' dir='ltr'><strong>etiam</strong></span> <span class='ocrx_word' id='word_1_718' title='bbox 2559 4698 2932 4769; x_wconf 81' lang='lat' dir='ltr'><strong>excogitarent</strong></span> <span class='ocrx_word' id='word_1_719' title='bbox 2958 4713 3023 4753; x_wconf 88' lang='lat' dir='ltr'><strong>ac</strong></span> <span class='ocrx_word' id='word_1_720' title='bbox 3045 4699 3314 4769; x_wconf 89' lang='lat' dir='ltr'><strong>proprias.</strong></span> <span class='ocrx_word' id='word_1_721' title='bbox 3344 4696 3528 4768; x_wconf 88' lang='lat' dir='ltr'><strong>Itaque</strong></span> <span class='ocrx_word' id='word_1_722' title='bbox 3550 4695 3676 4753; x_wconf 80' lang='lat' dir='ltr'><strong>Plu-</strong></span> 
     </span>
    </p>
   </div>
   <div class='ocr_carea' id='block_1_92' title="bbox 425 4787 2443 4856">
    <p class='ocr_par' dir='ltr' id='par_1_92' title="bbox 425 4787 2443 4856">
     <span class='ocr_line' id='line_1_92' title="bbox 425 4787 2443 4856; baseline 0 -16"><span class='ocrx_word' id='word_1_723' title='bbox 425 4788 648 4842; x_wconf 89' lang='lat' dir='ltr'><strong>tarchus</strong></span> <span class='ocrx_word' id='word_1_724' title='bbox 676 4802 866 4842; x_wconf 89' lang='lat' dir='ltr'><strong>eorum</strong></span> <span class='ocrx_word' id='word_1_725' title='bbox 897 4788 964 4842; x_wconf 92' lang='lat' dir='ltr'><strong>de</strong></span> <span class='ocrx_word' id='word_1_726' title='bbox 993 4787 1099 4842; x_wconf 87' lang='lat' dir='ltr'><strong>diis</strong></span> <span class='ocrx_word' id='word_1_727' title='bbox 1126 4787 1412 4856; x_wconf 80' lang='lat' dir='ltr'><strong>Opiniones</strong></span> <span class='ocrx_word' id='word_1_728' title='bbox 1450 4787 1536 4842; x_wconf 89' lang='lat' dir='ltr'><strong>his</strong></span> <span class='ocrx_word' id='word_1_729' title='bbox 1569 4788 1745 4844; x_wconf 87' lang='lat' dir='ltr'><strong>verbis</strong></span> <span class='ocrx_word' id='word_1_730' title='bbox 1793 4788 1992 4843; x_wconf 85' lang='lat' dir='ltr'><strong>iterum</strong></span> <span class='ocrx_word' id='word_1_731' title='bbox 2029 4795 2443 4843; x_wconf 86' lang='lat' dir='ltr'><strong>commemorat.</strong></span> 
     </span>
    </p>
   </div>
   <div class='ocr_carea' id='block_1_93' title="bbox 914 4879 2076 4946">
    <p class='ocr_par' dir='ltr' id='par_1_93' title="bbox 914 4879 2076 4946">
     <span class='ocr_line' id='line_1_93' title="bbox 914 4879 2076 4946; baseline 0.007 -15"><span class='ocrx_word' id='word_1_732' title='bbox 914 4879 1306 4932; x_wconf 79' lang='grc' dir='ltr'><strong>ΚΕΦΑΛΑΙΟΝ</strong></span> <span class='ocrx_word' id='word_1_733' title='bbox 1348 4881 1443 4946; x_wconf 73' lang='grc' dir='ltr'>ις’</span> <span class='ocrx_word' id='word_1_734' title='bbox 2028 4883 2076 4939; x_wconf 84' lang='grc' dir='ltr'>ι)</span> 
     </span>
    </p>
   </div>
   <div class='ocr_carea' id='block_1_94' title="bbox 424 4978 2045 5058">
    <p class='ocr_par' dir='ltr' id='par_1_94' title="bbox 424 4978 2045 5058">
     <span class='ocr_line' id='line_1_94' title="bbox 424 4978 2045 5058; baseline 0.004 -22"><span class='ocrx_word' id='word_1_735' title='bbox 424 4983 597 5047; x_wconf 77' lang='grc' dir='ltr'>Δόξαι</span> <span class='ocrx_word' id='word_1_736' title='bbox 624 4986 976 5055; x_wconf 68' lang='grc' dir='ltr'>φιλοσόφων</span> <span class='ocrx_word' id='word_1_737' title='bbox 997 4986 1129 5054; x_wconf 78' lang='grc' dir='ltr'>περὶ</span> <span class='ocrx_word' id='word_1_738' title='bbox 1159 4989 1328 5041; x_wconf 79' lang='grc' dir='ltr'>θεῶν.</span> <span class='ocrx_word' id='word_1_739' title='bbox 1373 4989 1512 5042; x_wconf 78' lang='grc' dir='ltr'>Ἀπὸ</span> <span class='ocrx_word' id='word_1_740' title='bbox 1550 4990 1654 5042; x_wconf 87' lang='grc' dir='ltr'><strong>τοῦ</strong></span> <span class='ocrx_word' id='word_1_741' title='bbox 1684 4987 1992 5058; x_wconf 81' lang='grc' dir='ltr'>Πλουτάρ-</span> <span class='ocrx_word' id='word_1_742' title='bbox 2043 4978 2045 4981; x_wconf 47' lang='grc'>’</span> 
     </span>
    </p>
   </div>
   <div class='ocr_carea' id='block_1_95' title="bbox 1143 5077 1273 5126">
    <p class='ocr_par' dir='ltr' id='par_1_95' title="bbox 1143 5077 1273 5126">
     <span class='ocr_line' id='line_1_95' title="bbox 1143 5077 1273 5126; baseline -0.015 -14"><span class='ocrx_word' id='word_1_743' title='bbox 1143 5077 1273 5126; x_wconf 85' lang='grc' dir='ltr'>χου.</span> 
     </span>
    </p>
   </div>
   <div class='ocr_carea' id='block_1_96' title="bbox 498 5144 1992 5222">
    <p class='ocr_par' dir='ltr' id='par_1_96' title="bbox 498 5144 1992 5222">
     <span class='ocr_line' id='line_1_96' title="bbox 498 5144 1992 5222; baseline 0.008 -28"><span class='ocrx_word' id='word_1_744' title='bbox 498 5163 517 5194; x_wconf 77' lang='grc' dir='ltr'><strong>ι</strong></span> <span class='ocrx_word' id='word_1_745' title='bbox 545 5144 717 5198; x_wconf 85' lang='grc' dir='ltr'>Ἔνιοι</span> <span class='ocrx_word' id='word_1_746' title='bbox 746 5145 852 5198; x_wconf 76' lang='grc' dir='ltr'>τῶν</span> <span class='ocrx_word' id='word_1_747' title='bbox 885 5145 1186 5217; x_wconf 82' lang='grc' dir='ltr'>φιλοσόφων</span> <span class='ocrx_word' id='word_1_748' title='bbox 1220 5148 1350 5219; x_wconf 78' lang='lat'><strong>(85),</strong></span> <span class='ocrx_word' id='word_1_749' title='bbox 1381 5148 1631 5221; x_wconf 86' lang='grc' dir='ltr'>καθάπερ</span> <span class='ocrx_word' id='word_1_750' title='bbox 1663 5150 1932 5222; x_wconf 87' lang='grc' dir='ltr'>Διαγόρας</span> <span class='ocrx_word' id='word_1_751' title='bbox 1964 5154 1992 5206; x_wconf 90' lang='lat'><strong>6</strong></span> 
     </span>
    </p>
   </div>
   <div class='ocr_carea' id='block_1_97' title="bbox 423 5234 1992 5312">
    <p class='ocr_par' dir='ltr' id='par_1_97' title="bbox 423 5234 1992 5312">
     <span class='ocr_line' id='line_1_97' title="bbox 423 5234 1992 5312; baseline 0.003 -22"><span class='ocrx_word' id='word_1_752' title='bbox 423 5234 704 5306; x_wconf 84' lang='grc' dir='ltr'>Μιλήσιος,</span> <span class='ocrx_word' id='word_1_753' title='bbox 737 5236 830 5288; x_wconf 76' lang='grc' dir='ltr'><strong>καὶ</strong></span> <span class='ocrx_word' id='word_1_754' title='bbox 858 5236 1130 5308; x_wconf 83' lang='grc' dir='ltr'>Θεόδωρος</span> <span class='ocrx_word' id='word_1_755' title='bbox 1160 5240 1186 5291; x_wconf 89' lang='lat'><strong>6</strong></span> <span class='ocrx_word' id='word_1_756' title='bbox 1221 5239 1547 5310; x_wconf 82' lang='grc' dir='ltr'>Κυρηναῖος,</span> <span class='ocrx_word' id='word_1_757' title='bbox 1582 5240 1675 5292; x_wconf 73' lang='grc' dir='ltr'>καὶ</span> <span class='ocrx_word' id='word_1_758' title='bbox 1708 5242 1992 5312; x_wconf 80' lang='grc' dir='ltr'>Εὐήμερος</span> 
     </span>
    </p>
   </div>
   <div class='ocr_carea' id='block_1_98' title="bbox 2685 4876 3092 4933">
    <p class='ocr_par' dir='ltr' id='par_1_98' title="bbox 2685 4876 3092 4933">
     <span class='ocr_line' id='line_1_98' title="bbox 2685 4876 3092 4933; baseline 0 -1"><span class='ocrx_word' id='word_1_759' title='bbox 2685 4876 2913 4933; x_wconf 87' lang='lat' dir='ltr'><strong>CAPUT</strong></span> <span class='ocrx_word' id='word_1_760' title='bbox 2953 4876 3092 4932; x_wconf 82' lang='lat' dir='ltr'><strong>XVI.</strong></span> 
     </span>
    </p>
   </div>
   <div class='ocr_carea' id='block_1_99' title="bbox 2133 4993 3629 5079">
    <p class='ocr_par' dir='ltr' id='par_1_99' title="bbox 2133 4993 3629 5079">
     <span class='ocr_line' id='line_1_99' title="bbox 2133 4993 3629 5079; baseline -0.001 -18"><span class='ocrx_word' id='word_1_761' title='bbox 2133 5005 2575 5077; x_wconf 77' lang='lat' dir='ltr'><strong>Philosophorum</strong></span> <span class='ocrx_word' id='word_1_762' title='bbox 2601 5007 2667 5063; x_wconf 85' lang='lat' dir='ltr'><strong>de</strong></span> <span class='ocrx_word' id='word_1_763' title='bbox 2705 5009 2810 5064; x_wconf 75' lang='lat' dir='ltr'><strong>diis</strong></span> <span class='ocrx_word' id='word_1_764' title='bbox 2850 4993 3140 5079; x_wconf 49' lang='lat' dir='ltr'><strong>op’int‘ones.</strong></span> <span class='ocrx_word' id='word_1_765' title='bbox 3193 5007 3278 5062; x_wconf 76' lang='lat' dir='ltr'><strong>Ea:</strong></span> <span class='ocrx_word' id='word_1_766' title='bbox 3316 5007 3629 5064; x_wconf 78' lang='lat' dir='ltr'><strong>Plutarcho.</strong></span> 
     </span>
    </p>
   </div>
   <div class='ocr_carea' id='block_1_100' title="bbox 2173 5132 3670 5205">
    <p class='ocr_par' dir='ltr' id='par_1_100' title="bbox 2173 5132 3670 5205">
     <span class='ocr_line' id='line_1_100' title="bbox 2173 5132 3670 5205; baseline 0.004 -21"><span class='ocrx_word' id='word_1_767' title='bbox 2173 5152 2192 5184; x_wconf 74' lang='grc' dir='ltr'><strong>ι</strong></span> <span class='ocrx_word' id='word_1_768' title='bbox 2221 5132 2486 5198; x_wconf 85' lang='lat' dir='ltr'><strong>Fuerunt,</strong></span> <span class='ocrx_word' id='word_1_769' title='bbox 2515 5134 2714 5204; x_wconf 89' lang='lat' dir='ltr'><strong>inquit,</strong></span> <span class='ocrx_word' id='word_1_770' title='bbox 2747 5149 2778 5188; x_wconf 87' lang='lat' dir='ltr'><strong>e</strong></span> <span class='ocrx_word' id='word_1_771' title='bbox 2811 5134 3153 5205; x_wconf 89' lang='lat' dir='ltr'><strong>philosophis</strong></span> <span class='ocrx_word' id='word_1_772' title='bbox 3173 5135 3443 5200; x_wconf 84' lang='lat' dir='ltr'><strong>nonnulli,</strong></span> <span class='ocrx_word' id='word_1_773' title='bbox 3465 5147 3524 5189; x_wconf 93' lang='lat' dir='ltr'><strong>ut</strong></span> <span class='ocrx_word' id='word_1_774' title='bbox 3546 5135 3670 5190; x_wconf 88' lang='lat' dir='ltr'><strong>Dia-</strong></span> 
     </span>
    </p>
   </div>
   <div class='ocr_carea' id='block_1_101' title="bbox 2091 5223 3668 5297">
    <p class='ocr_par' dir='ltr' id='par_1_101' title="bbox 2091 5223 3668 5297">
     <span class='ocr_line' id='line_1_101' title="bbox 2091 5223 3668 5297; baseline 0.003 -19"><span class='ocrx_word' id='word_1_775' title='bbox 2091 5239 2254 5294; x_wconf 90' lang='lat' dir='ltr'><strong>goras</strong></span> <span class='ocrx_word' id='word_1_776' title='bbox 2282 5223 2544 5289; x_wconf 84' lang='lat' dir='ltr'><strong>Milesius,</strong></span> <span class='ocrx_word' id='word_1_777' title='bbox 2586 5223 2908 5281; x_wconf 88' lang='lat' dir='ltr'><strong>Theodorus</strong></span> <span class='ocrx_word' id='word_1_778' title='bbox 2935 5225 3226 5297; x_wconf 64' lang='lat' dir='ltr'><strong>Cyrenaeus</strong></span> <span class='ocrx_word' id='word_1_779' title='bbox 3277 5235 3332 5280; x_wconf 93' lang='lat' dir='ltr'><strong>et</strong></span> <span class='ocrx_word' id='word_1_780' title='bbox 3373 5227 3668 5282; x_wconf 88' lang='lat' dir='ltr'><strong>Evemerus</strong></span> 
     </span>
    </p>
   </div>
   <div class='ocr_carea' id='block_1_102' title="bbox 459 5366 1991 5447">
    <p class='ocr_par' dir='ltr' id='par_1_102' title="bbox 459 5366 1991 5447">
     <span class='ocr_line' id='line_1_102' title="bbox 459 5366 1991 5447; baseline 0.007 -28"><span class='ocrx_word' id='word_1_781' title='bbox 459 5366 608 5447; x_wconf 42' lang='lat' dir='ltr'><strong>.(Sl)</strong></span> <span class='ocrx_word' id='word_1_782' title='bbox 648 5367 830 5434; x_wconf 80' lang='grc' dir='ltr'>Δίνην</span> <span class='ocrx_word' id='word_1_783' title='bbox 871 5369 1212 5447; x_wconf 67' lang='grc' dir='ltr'>περιτιθείς,</span> <span class='ocrx_word' id='word_1_784' title='bbox 1240 5380 1344 5447; x_wconf 83' lang='lat' dir='ltr'><strong>etc.</strong></span> <span class='ocrx_word' id='word_1_785' title='bbox 1387 5371 1640 5447; x_wconf 71' lang='lat' dir='ltr'><strong>Fieinus,</strong></span> <span class='ocrx_word' id='word_1_786' title='bbox 1686 5375 1991 5443; x_wconf 82' lang='lat' dir='ltr'><strong>vertiginem</strong></span> 
     </span>
    </p>
   </div>
   <div class='ocr_carea' id='block_1_103' title="bbox 422 5441 1988 5508">
    <p class='ocr_par' dir='ltr' id='par_1_103' title="bbox 422 5441 1988 5508">
     <span class='ocr_line' id='line_1_103' title="bbox 422 5441 1988 5508; baseline 0.006 -20"><span class='ocrx_word' id='word_1_787' title='bbox 422 5441 866 5508; x_wconf 69' lang='lat' dir='ltr'><strong>circumponentes</strong></span> <span class='ocrx_word' id='word_1_788' title='bbox 918 5451 1071 5492; x_wconf 75' lang='lat' dir='ltr'><strong>terra:</strong></span> <span class='ocrx_word' id='word_1_789' title='bbox 1105 5441 1197 5492; x_wconf 77' lang='lat' dir='ltr'><strong>sub</strong></span> <span class='ocrx_word' id='word_1_790' title='bbox 1235 5441 1381 5494; x_wconf 71' lang='lat' dir='ltr'><strong>caelo.</strong></span> <span class='ocrx_word' id='word_1_791' title='bbox 1444 5444 1712 5499; x_wconf 80' lang='lat' dir='ltr'><strong>Serranus</strong></span> <span class='ocrx_word' id='word_1_792' title='bbox 1772 5441 1988 5508; x_wconf 81' lang='lat' dir='ltr'><strong>autem,</strong></span> 
     </span>
    </p>
   </div>
   <div class='ocr_carea' id='block_1_104' title="bbox 421 5505 1988 5582">
    <p class='ocr_par' dir='ltr' id='par_1_104' title="bbox 421 5505 1988 5582">
     <span class='ocr_line' id='line_1_104' title="bbox 421 5505 1988 5582; baseline 0.008 -25"><span class='ocrx_word' id='word_1_793' title='bbox 421 5505 548 5558; x_wconf 85' lang='lat' dir='ltr'><strong>dum</strong></span> <span class='ocrx_word' id='word_1_794' title='bbox 580 5507 858 5582; x_wconf 69' lang='lat' dir='ltr'><strong>quemdam</strong></span> <span class='ocrx_word' id='word_1_795' title='bbox 901 5525 1161 5582; x_wconf 66' lang='lat' dir='ltr'><strong>agnorunt</strong></span> <span class='ocrx_word' id='word_1_796' title='bbox 1195 5512 1452 5582; x_wconf 77' lang='lat' dir='ltr'><strong>gurgitem</strong></span> <span class='ocrx_word' id='word_1_797' title='bbox 1494 5522 1647 5568; x_wconf 67' lang='lat' dir='ltr'><strong>terrm</strong></span> <span class='ocrx_word' id='word_1_798' title='bbox 1693 5505 1988 5582; x_wconf 56' lang='grc' dir='ltr'>είνειιηιραὲ</span> 
     </span>
    </p>
   </div>
   <div class='ocr_carea' id='block_1_105' title="bbox 423 5577 1988 5654">
    <p class='ocr_par' dir='ltr' id='par_1_105' title="bbox 423 5577 1988 5654">
     <span class='ocr_line' id='line_1_105' title="bbox 423 5577 1988 5654; baseline 0.007 -27"><span class='ocrx_word' id='word_1_799' title='bbox 423 5585 553 5654; x_wconf 64' lang='lat' dir='ltr'><strong>trunt</strong></span> <span class='ocrx_word' id='word_1_800' title='bbox 598 5577 692 5654; x_wconf 83' lang='lat' dir='ltr'><strong>su_b</strong></span> <span class='ocrx_word' id='word_1_801' title='bbox 735 5577 880 5654; x_wconf 49' lang='lat' dir='ltr'><strong>cutio.</strong></span> <span class='ocrx_word' id='word_1_802' title='bbox 932 5577 1259 5654; x_wconf 63' lang='lat' dir='ltr'><strong>Existirnaﬁ~</strong></span> <span class='ocrx_word' id='word_1_803' title='bbox 1284 5577 1594 5654; x_wconf 77' lang='lat' dir='ltr'><strong>perpetuam</strong></span> <span class='ocrx_word' id='word_1_804' title='bbox 1629 5585 1772 5638; x_wconf 86' lang='lat' dir='ltr'><strong>aeris</strong></span> <span class='ocrx_word' id='word_1_805' title='bbox 1815 5577 1988 5654; x_wconf 78' lang='lat' dir='ltr'><strong>agita-</strong></span> 
     </span>
    </p>
   </div>
   <div class='ocr_carea' id='block_1_106' title="bbox 423 5645 1987 5723">
    <p class='ocr_par' dir='ltr' id='par_1_106' title="bbox 423 5645 1987 5723">
     <span class='ocr_line' id='line_1_106' title="bbox 423 5645 1987 5723; baseline 0.008 -27"><span class='ocrx_word' id='word_1_806' title='bbox 423 5645 622 5723; x_wconf 76' lang='lat' dir='ltr'><strong>tionem</strong></span> <span class='ocrx_word' id='word_1_807' title='bbox 660 5647 882 5723; x_wconf 75' lang='lat' dir='ltr'><strong>intelligi</strong></span> <span class='ocrx_word' id='word_1_808' title='bbox 903 5687 918 5710; x_wconf 95' lang='lat'><strong>,</strong></span> <span class='ocrx_word' id='word_1_809' title='bbox 951 5656 1024 5723; x_wconf 86' lang='lat' dir='ltr'><strong>et_</strong></span> <span class='ocrx_word' id='word_1_810' title='bbox 1042 5647 1145 5701; x_wconf 77' lang='grc' dir='ltr'><strong>ὑπὸ</strong></span> <span class='ocrx_word' id='word_1_811' title='bbox 1168 5648 1261 5723; x_wconf 83' lang='grc' dir='ltr'><strong>τοῦ</strong></span> <span class='ocrx_word' id='word_1_812' title='bbox 1286 5645 1519 5723; x_wconf 81' lang='grc' dir='ltr'>ούρανοῦ</span> <span class='ocrx_word' id='word_1_813' title='bbox 1547 5670 1652 5707; x_wconf 92' lang='lat' dir='ltr'><strong>non</strong></span> <span class='ocrx_word' id='word_1_814' title='bbox 1679 5667 1802 5723; x_wconf 82' lang='lat' dir='ltr'><strong>cum</strong></span> <span class='ocrx_word' id='word_1_815' title='bbox 1829 5645 1987 5723; x_wconf 57' lang='lat' dir='ltr'><strong>sirpe—</strong></span> 
     </span>
    </p>
   </div>
   <div class='ocr_carea' id='block_1_107' title="bbox 421 5715 1986 5793">
    <p class='ocr_par' dir='ltr' id='par_1_107' title="bbox 421 5715 1986 5793">
     <span class='ocr_line' id='line_1_107' title="bbox 421 5715 1986 5793; baseline 0.008 -27"><span class='ocrx_word' id='word_1_816' title='bbox 421 5715 862 5793; x_wconf 77' lang='lat' dir='ltr'><strong>riore_membro</strong></span> <span class='ocrx_word' id='word_1_817' title='bbox 905 5715 1372 5793; x_wconf 73' lang='lat' dir='ltr'><strong>conjungendum,</strong></span> <span class='ocrx_word' id='word_1_818' title='bbox 1429 5722 1526 5777; x_wconf 86' lang='lat' dir='ltr'><strong>sed</strong></span> <span class='ocrx_word' id='word_1_819' title='bbox 1569 5721 1697 5778; x_wconf 93' lang='lat' dir='ltr'><strong>novi</strong></span> <span class='ocrx_word' id='word_1_820' title='bbox 1757 5715 1986 5779; x_wconf 82' lang='lat' dir='ltr'><strong>membri</strong></span> 
     </span>
    </p>
   </div>
   <div class='ocr_carea' id='block_1_108' title="bbox 423 5783 1302 5850">
    <p class='ocr_par' dir='ltr' id='par_1_108' title="bbox 423 5783 1302 5850">
     <span class='ocr_line' id='line_1_108' title="bbox 423 5783 1302 5850; baseline 0.007 -14"><span class='ocrx_word' id='word_1_821' title='bbox 423 5783 750 5850; x_wconf 84' lang='lat' dir='ltr'><strong>principium</strong></span> <span class='ocrx_word' id='word_1_822' title='bbox 786 5783 1133 5842; x_wconf 72' lang='lat' dir='ltr'><strong>statuendum</strong></span> <span class='ocrx_word' id='word_1_823' title='bbox 1162 5803 1302 5842; x_wconf 86' lang='lat' dir='ltr'><strong>esse.</strong></span> 
     </span>
    </p>
   </div>
   <div class='ocr_carea' id='block_1_109' title="bbox 2172 5381 3658 5464">
    <p class='ocr_par' dir='ltr' id='par_1_109' title="bbox 2172 5381 3658 5464">
     <span class='ocr_line' id='line_1_109' title="bbox 2172 5381 3658 5464; baseline 0 -28"><span class='ocrx_word' id='word_1_824' title='bbox 2172 5381 2282 5452; x_wconf 71' lang='grc'>(82)</span> <span class='ocrx_word' id='word_1_825' title='bbox 2321 5382 2560 5464; x_wconf 43' lang='grc' dir='ltr'><strong>Βάρρον.</strong></span> <span class='ocrx_word' id='word_1_826' title='bbox 2587 5381 2693 5434; x_wconf 82' lang='grc' dir='ltr'>τὸν</span> <span class='ocrx_word' id='word_1_827' title='bbox 2729 5381 3158 5464; x_wconf 43' lang='grc' dir='ltr'>ἀέραηΡίοἰηοε</span> <span class='ocrx_word' id='word_1_828' title='bbox 3200 5383 3329 5464; x_wconf 71' lang='lat' dir='ltr'><strong>legit</strong></span> <span class='ocrx_word' id='word_1_829' title='bbox 3375 5383 3557 5464; x_wconf 49' lang='grc' dir='ltr'>βαθρῳ</span> <span class='ocrx_word' id='word_1_830' title='bbox 3592 5385 3658 5454; x_wconf 71' lang='grc' dir='ltr'>τῷ</span> 
     </span>
    </p>
   </div>
   <div class='ocr_carea' id='block_1_110' title="bbox 2099 5451 3667 5522">
    <p class='ocr_par' dir='ltr' id='par_1_110' title="bbox 2099 5451 3667 5522">
     <span class='ocr_line' id='line_1_110' title="bbox 2099 5451 3667 5522; baseline 0.003 -18"><span class='ocrx_word' id='word_1_831' title='bbox 2099 5451 2248 5522; x_wconf 81' lang='grc' dir='ltr'>ἀέρι,</span> <span class='ocrx_word' id='word_1_832' title='bbox 2283 5453 2445 5522; x_wconf 73' lang='lat' dir='ltr'><strong>vertit</strong></span> <span class='ocrx_word' id='word_1_833' title='bbox 2473 5451 2654 5518; x_wconf 81' lang='lat' dir='ltr'><strong>enim,</strong></span> <span class='ocrx_word' id='word_1_834' title='bbox 2699 5468 2818 5505; x_wconf 90' lang='lat' dir='ltr'><strong>aere</strong></span> <span class='ocrx_word' id='word_1_835' title='bbox 2848 5451 2982 5506; x_wconf 84' lang='lat' dir='ltr'><strong>velut</strong></span> <span class='ocrx_word' id='word_1_836' title='bbox 3020 5452 3160 5505; x_wconf 80' lang='lat' dir='ltr'><strong>base.</strong></span> <span class='ocrx_word' id='word_1_837' title='bbox 3200 5451 3330 5506; x_wconf 82' lang='lat' dir='ltr'><strong>Mihi</strong></span> <span class='ocrx_word' id='word_1_838' title='bbox 3378 5451 3512 5507; x_wconf 78' lang='lat' dir='ltr'><strong>nihil</strong></span> <span class='ocrx_word' id='word_1_839' title='bbox 3532 5451 3667 5508; x_wconf 78' lang='lat' dir='ltr'><strong>mu-</strong></span> 
     </span>
    </p>
   </div>
   <div class='ocr_carea' id='block_1_111' title="bbox 2096 5520 2582 5576">
    <p class='ocr_par' dir='ltr' id='par_1_111' title="bbox 2096 5520 2582 5576">
     <span class='ocr_line' id='line_1_111' title="bbox 2096 5520 2582 5576; baseline 0 -1"><span class='ocrx_word' id='word_1_840' title='bbox 2096 5520 2323 5576; x_wconf 77' lang='lat' dir='ltr'><strong>tandum</strong></span> <span class='ocrx_word' id='word_1_841' title='bbox 2351 5520 2582 5575; x_wconf 87' lang='lat' dir='ltr'><strong>videtur.</strong></span> 
     </span>
    </p>
   </div>
   <div class='ocr_carea' id='block_1_112' title="bbox 2166 5587 3667 5660">
    <p class='ocr_par' dir='ltr' id='par_1_112' title="bbox 2166 5587 3667 5660">
     <span class='ocr_line' id='line_1_112' title="bbox 2166 5587 3667 5660; baseline 0.001 -18"><span class='ocrx_word' id='word_1_842' title='bbox 2166 5589 2278 5659; x_wconf 77' lang='lat'><strong>(85)</strong></span> <span class='ocrx_word' id='word_1_843' title='bbox 2324 5592 2504 5641; x_wconf 79' lang='grc' dir='ltr'>Ἔνιοι</span> <span class='ocrx_word' id='word_1_844' title='bbox 2530 5587 2666 5660; x_wconf 47' lang='grc' dir='ltr'>τῶν</span> <span class='ocrx_word' id='word_1_845' title='bbox 2692 5587 3126 5660; x_wconf 34' lang='lat' dir='ltr'><strong>godeplutarch.</strong></span> <span class='ocrx_word' id='word_1_846' title='bbox 3169 5590 3243 5644; x_wconf 87' lang='lat' dir='ltr'><strong>De</strong></span> <span class='ocrx_word' id='word_1_847' title='bbox 3270 5591 3456 5660; x_wconf 81' lang='lat' dir='ltr'><strong>plueit.</strong></span> <span class='ocrx_word' id='word_1_848' title='bbox 3535 5592 3667 5646; x_wconf 78' lang='lat' dir='ltr'><strong>hilo-</strong></span> 
     </span>
    </p>
   </div>
   <div class='ocr_carea' id='block_1_113' title="bbox 2095 5659 3666 5730">
    <p class='ocr_par' dir='ltr' id='par_1_113' title="bbox 2095 5659 3666 5730">
     <span class='ocr_line' id='line_1_113' title="bbox 2095 5659 3666 5730; baseline 0.005 -19"><span class='ocrx_word' id='word_1_849' title='bbox 2095 5660 2332 5727; x_wconf 79' lang='lat' dir='ltr'><strong>sophor.,</strong></span> <span class='ocrx_word' id='word_1_850' title='bbox 2375 5673 2492 5726; x_wconf 86' lang='lat' dir='ltr'><strong>cap.</strong></span> <span class='ocrx_word' id='word_1_851' title='bbox 2528 5659 2580 5720; x_wconf 88' lang='lat'><strong>7,</strong></span> <span class='ocrx_word' id='word_1_852' title='bbox 2630 5674 2750 5729; x_wconf 82' lang='lat' dir='ltr'><strong>pag.</strong></span> <span class='ocrx_word' id='word_1_853' title='bbox 2785 5659 2910 5716; x_wconf 89' lang='lat'><strong>880.</strong></span> <span class='ocrx_word' id='word_1_854' title='bbox 2953 5660 3031 5716; x_wconf 80' lang='lat' dir='ltr'><strong>Ex</strong></span> <span class='ocrx_word' id='word_1_855' title='bbox 3061 5676 3169 5730; x_wconf 91' lang='lat' dir='ltr'><strong>quo</strong></span> <span class='ocrx_word' id='word_1_856' title='bbox 3201 5659 3498 5726; x_wconf 78' lang='lat' dir='ltr'><strong>Eusebius,</strong></span> <span class='ocrx_word' id='word_1_857' title='bbox 3550 5662 3666 5721; x_wconf 64' lang='grc' dir='ltr'><strong>κατ’</strong></span> 
     </span>
    </p>
   </div>
   <div class='ocr_carea' id='block_1_114' title="bbox 2093 5731 2377 5797">
    <p class='ocr_par' dir='ltr' id='par_1_114' title="bbox 2093 5731 2377 5797">
     <span class='ocr_line' id='line_1_114' title="bbox 2093 5731 2377 5797; baseline -0.004 -17"><span class='ocrx_word' id='word_1_858' title='bbox 2093 5731 2118 5780; x_wconf 82' lang='grc' dir='ltr'>ὲ</span> <span class='ocrx_word' id='word_1_859' title='bbox 2129 5731 2377 5797; x_wconf 79' lang='grc' dir='ltr'>πιτομήν.</span> 
     </span>
    </p>
   </div>
  </div>
