2072 3225
233 203 302 231 1259

551 203 682 230 EUSEllll
702 204 943 233 C/ESARIENSIS
962 205 1038 232 OPP.
1059 204 1149 232 PARS
1169 205 1200 234 ll.
1221 221 1255 227 ——
1273 205 1525 234 APOLOGETICA.

1797 206 1862 232 σξιο

231 261 372 296 Tegeates,
399 262 446 296 qui
475 261 541 289 deos
568 262 691 289 funditus
719 270 815 291 omnes
838 264 1016 291 sustulerunt.

1070 264 1084 289 ό
1101 264 1250 299 Τεγεάτης,
1277 264 1390 291 καθόλου
1414 264 1480 299 φασὶ
1502 264 1539 299 μὴ
1565 261 1636 290 εἶναι
1660 263 1747 295 θεούς,
1766 263 1817 289 Τὸν
1832 263 1861 290 δὲ

231 306 394 334 Evemerun:
426 314 492 334 sane
517 307 702 335 Callimachus
732 308 878 344 Cyrenaeus
904 309 931 336 in
959 309 1018 337 suis

232 352 333 379 lambis
348 352 518 380 subobscure
539 352 684 388 signiﬁcat.
714 352 846 388 Tragicus
860 359 951 381 autem
967 354 1019 382 Eu-

232 398 344 433 ripides,
372 403 402 425 ut
428 406 539 426 sensum
567 399 646 433 plane
672 406 752 426 suum
779 401 917 435 Areopagi
944 405 1018 428 metu

231 445 338 478 aperire
353 452 407 472 non
432 444 555 477 auderet,
583 444 636 472 hoc
661 446 743 472 modo
769 449 860 472 tamen
877 445 1017 473 indicavit.

232 490 339 525 Quippe
354 490 501 526 Sisyphum
518 490 681 522 introducit,
707 491 845 526 opinionis
858 491 940 525 hujus
956 492 1015 519 vin-

230 536 330 567 dicem,
346 536 391 563 cui
404 535 571 571 suﬁtagatur
584 536 643 569 ipse
655 543 783 571 quoque;
801 540 859 563 tum
874 536 1018 571 Anaxago-

230 590 288 609 ram
304 588 398 609 contra
414 581 517 614 laudat,
526 588 608 616 quem
624 581 747 608 omnium
760 580 880 615 primum
898 585 973 608 recte
983 580 1018 607 de

233 628 288 654 Deo
300 627 421 655 sensisse
434 631 560 659 testatur,
575 627 617 654 his
628 627 737 663 verbis]:
753 637 762 653 ι
773 628 960 662 Anaxagoras,
974 626 1017 653 in-

231 673 300 707 quit,
318 673 452 707 principio
471 678 588 706 corpora
612 672 722 699 stetisse
740 672 830 704 docet,
852 678 912 706 qua
926 670 1017 698 divina

232 725 310 745 meus
336 722 430 753 postea
451 717 606 752 digesserit,
628 725 777 753 rerumque
799 718 922 745 omnium
940 720 1017 745 Ortus

230 763 361 793 eﬂ‘ecerit.
391 763 426 790 At
453 763 532 791 Plato
555 764 645 798 prima
673 763 717 790 illa
741 771 858 798 corpora
882 770 936 790 non
959 763 1017 797 jam

231 811 340 838 stetisse
367 811 434 843 vult,
465 810 512 838 sed
540 810 655 838 confuse
675 810 766 844 potius
793 817 825 837 ac
857 809 1014 845 perturbate

230 856 331 892 agitata
360 855 461 890 fuisse;
488 855 629 890 Deumque
660 860 816 891 propterea,
847 856 894 890 qui
915 856 1017 890 optime

230 906 324 930 nosset
353 910 435 937 quam
456 902 491 930 sit
506 903 573 930 ordo
586 901 747 930 confusione
759 902 940 937 praestantior,
957 902 1014 930 suis

1070 309 1212 345 Εὐήμερον
1228 310 1276 337 καὶ
1292 310 1465 345 Καλλίμαχος
1479 311 1494 336 ὁ
1507 310 1660 344 Κυρηναῖος
1674 309 1820 335 αἰνίττεται
1832 310 1861 335 ὲν

1068 357 1124 388 τοῖς
1143 356 1274 390 Ἰάμϐοις.
1292 357 1348 383 Καὶ
1363 356 1512 391 Εὐριπίδης
1528 356 1542 382 ὁ
1557 355 1778 391 τραγῳδιοποιὸς,
1790 356 1860 382 ἀπο-

1070 403 1240 438 καλύψασθαι
1260 403 1308 438 μὲν
1322 403 1371 429 οὐκ
1384 402 1516 438 ἠθέλησε,
1535 401 1660 432 δεδοικὼς
1681 401 1727 428 τὸν
1751 402 1860 436 Ἀρειον

1070 450 1166 483 πάγον,
1179 449 1292 484 ἐνέφηνε
1306 449 1334 475 δὲ
1344 449 1438 475 τοῦτον
1452 448 1497 474 τὸν
1515 448 1624 483 τρόπον.
1643 448 1694 473 Τὸν
1711 447 1766 481 γὰρ
1779 447 1858 473 Σίσυ-

1070 506 1120 531 φον
1137 496 1267 531 εἰσήγαγε
1283 495 1437 530 προστάτην
1451 494 1552 529 ταύτης
1564 494 1614 528 τῆς
1635 493 1723 528 δόξης.
1740 494 1785 519 καὶ
1798 501 1859 519 συν-

1068 542 1205 578 ηγόρησεν
1214 540 1296 568 αὑτοῦ
1305 542 1336 576 τῇ
1346 540 1452 577 γνώμῃ.
1462 550 1470 565 ι
1481 540 1541 566 Ἑπὶ
1552 539 1654 570 τούτοις
1667 539 1720 573 (84)
1729 539 1858 565 πάλιντδν

1075 586 1258 622 Ἀναξαγόραν
1274 586 1389 619 εἰσάγει,
1406 585 1514 620 πρῶτον
1532 585 1644 619 φάσκων
1667 584 1748 610 αὑτὸν
1771 584 1858 619 ὀρθῶς

1068 632 1201 668 φρονῆσαι
1219 632 1281 667 περὶ
1297 631 1375 657 Θεοῦ.
1394 631 1473 664 Λέγει
1484 631 1511 657 δὲ
1527 630 1623 661 οὕτως’
1644 639 1652 655 ι
1664 630 1693 656 Ὀ
1705 629 1733 656 δὲ
1751 630 1859 662 Ἀναξαν-

1067 679 1162 713 γόρας,
1181 678 1272 713 φησὶν,
1290 678 1328 708 ὡς
1345 678 1467 712 εἱστήκει
1486 677 1545 703 κατ’
1570 676 1655 711 ἀρχὰς
1673 676 1708 702 τὰ
1732 676 1857 710 σώματα,

1067 723 1130 755 νοῦς
1144 723 1172 749 δὲ
1188 722 1257 749 αὐτὰ
1277 723 1441 757 διεκόσμησε
1454 721 1533 753 Θεοῦ,
1547 722 1593 748 καὶ
1604 721 1652 752 τὰς
1663 721 1784 754 γενέσεις
1803 720 1858 747 τῶν

1067 769 1134 796 ὅλων
1149 769 1285 804 ἐποίησεν.
1308 769 1336 795 '0
1349 768 1376 794 δὲ
1391 768 1503 794 Πλάτων
1522 768 1570 802 οὐχ
1592 767 1725 802 ἑστηκότα
1745 767 1859 793 ὑπέθετο

1066 815 1101 842 τὰ
1115 814 1211 850 πρῶτα
1227 813 1350 849 σώματα,
1366 814 1489 844 ἀτάκτως
1502 814 1529 839 δὲ
1541 813 1687 848 κινούμενα
1697 821 1703 827 ·
1715 812 1755 839 διό
1765 820 1857 848 φησιν·

1073 860 1102 887 '0
1116 860 1182 891 Θεὸς
1206 851 1373 894 ὲπιστήσαςί
1388 858 1425 890 ὼς
1441 858 1516 890 τάξις
1530 858 1642 891 ἀταξίας
1659 858 1718 884 ἐστὶ
1735 857 1857 893 βελτίων,

1067 906 1244 941 διεκόσμησεν
1260 905 1340 931 αὐτά.
1352 915 1361 929 ι
1383 903 1430 936 Οἷς
1447 904 1583 937 ἐπιλέγει·
1600 913 1608 929 ι
1622 903 1724 934 Κοινῶς
1740 901 1784 929 οὖν
1803 903 1857 938 (85)

230 954 346 982 quaeque
369 947 436 975 locis
452 955 551 983 magno
572 955 634 975 cum
655 952 752 975 ornatu
771 947 932 975 collocasse.
949 947 1015 980 Qui-

1067 952 1269 987 ἁμαρτάνουσιν
1286 950 1446 986 ἀμφότεροι,
1461 950 1501 976 ὅτι
1517 949 1562 975 τὸν
1573 949 1638 975 Θεὸν
1653 949 1783 983 ἐποίησαν
1800 949 1860 974 ἑπι-

229 992 282 1020 bus
298 993 334 1020 ita
355 993 458 1027 subdit,
478 993 592 1024 Eodem,
614 993 713 1028 inquit,
734 993 815 1020 ambo
831 1001 925 1020 errore
939 994 1016 1020 labo-

228 1041 337 1070 rarunt,
355 1038 428 1074 quod
455 1046 546 1066 rerum
573 1039 755 1066 humanarum
773 1046 868 1066 curam
889 1038 944 1065 Deo
961 1039 1012 1065 tri-

228 1083 354 1116 buerent,
381 1091 532 1118 earumque
557 1091 640 1111 causa
664 1084 796 1111 mundum
814 1084 849 1111 ab
873 1091 906 1111 eo
922 1084 1017 1111 condi—

229 1135 286 1158 tum
298 1136 324 1158 et
337 1135 463 1158 ornatum
480 1138 542 1159 esse
556 1136 718 1159 statuerent.
736 1130 803 1158 Nam
818 1131 928 1159 beatum
948 1132 1015 1159 illud

228 1177 330 1205 animal
356 1176 448 1204 omnis
461 1177 646 1212 corruptionis
664 1185 763 1212 expers
791 1178 865 1204 omni
881 1178 1015 1205 bonorum

229 1230 328 1259 genere
345 1223 467 1258 plenum,
493 1231 543 1251 nec
570 1224 653 1251 ullius
686 1225 798 1251 omnino
822 1225 886 1251 mali
915 1232 1013 1259 capax,

230 1268 360 1304 quodque
377 1273 465 1296 totum
484 1269 510 1296 in
527 1278 576 1297 sua
591 1270 673 1298 unius
699 1270 829 1298 felicitate
846 1275 873 1298 et
900 1271 1015 1298 immor-

229 1314 305 1343 talite
325 1315 513 1342 conservanda
530 1315 686 1350 tuendaque
704 1321 840 1348 versatur,
858 1324 949 1343 rerum
966 1317 1016 1343 hu-

230 1367 375 1388 manarum
391 1360 575 1387 sollicitudine
591 1364 680 1387 vacat.
696 1361 806 1396 Alioqui
821 1363 905 1388 miser
923 1361 1017 1396 utique

231 1405 305 1434 Deus
328 1409 411 1439 esset,
435 1406 483 1440 qui
504 1413 595 1441 operae
621 1406 763 1441 cujusdam
782 1406 907 1442 fabrique
930 1415 1015 1440 more,

229 1452 431 1486 comportandis
454 1452 594 1485 oneribus,
621 1453 736 1487 orbique
756 1453 894 1480 moliendo
920 1453 1017 1480 admo-

229 1498 293 1524 dum
321 1498 472 1525 insudarct.
495 1497 578 1534 754
601 1498 747 1530 Praeterea,
766 1498 838 1526 Deus
866 1499 911 1526 ille
935 1506 1015 1533 quem

228 1548 339 1576 vocant,
354 1543 397 1571 vel
409 1548 466 1572 toto
478 1543 524 1571 illo
538 1544 623 1578 priori
640 1552 708 1578 mvo,
721 1552 783 1572 cum
800 1545 913 1571 immota
925 1549 1017 1571 essent

229 1597 356 1624 corpora,
373 1590 496 1618 nondum
516 1594 595 1618 erat:
618 1591 660 1617 vel
672 1599 734 1618 cum
748 1591 842 1618 eadem
858 1591 1015 1626 perturbate

230 1640 416 1669 moverentur,
447 1640 495 1663 aut
522 1637 676 1664 dormiebat
705 1637 772 1672 ipse,
800 1641 848 1665 aut
873 1627 1048 1672 vigilabat,C

229 1685 277 1711 aut
291 1682 445 1717 negandum
462 1686 619 1717 utrumque.
650 1682 796 1710 Enimvero
819 1690 870 1710 nec
894 1683 1012 1717 primum

227 1726 295 1755 illud
307 1727 415 1761 probari
430 1731 528 1762 potest.
543 1736 606 1754 cum
619 1732 738 1755 aeternus
753 1727 825 1755 Deus
839 1727 872 1755 sit
885 1737 891 1755 :
911 1736 960 1755 nec
974 1735 1016 1756 se-

228 1772 360 1800 cundum.
380 1771 409 1799 Si
437 1773 510 1800 enim
534 1777 636 1801 aeterno
656 1773 729 1801 Deus
749 1781 846 1801 somno
863 1778 1012 1804 teneretur,

230 1822 359 1846 mortuus
374 1824 448 1846 esset
464 1826 577 1846 necesse
594 1823 653 1847 est:
677 1826 792 1846 somnus
808 1818 879 1846 enim
895 1822 1015 1846 aeternus

228 1871 304 1892 mors
316 1867 365 1892 est.
380 1863 536 1891 Atsomnus
549 1864 574 1891 in
593 1864 674 1891 Deum
689 1864 763 1891 nullo
772 1864 943 1891 modocadit:
957 1865 1015 1899 ipsa

227 1908 300 1936 enim
319 1909 363 1935 Dei
377 1910 569 1936 immortalitas
581 1910 615 1936 ab
629 1917 662 1937 co
677 1910 749 1944 quod
763 1909 843 1936 morti
859 1911 1014 1944 proximum

229 1959 270 1982 est
283 1955 444 1990 longissime
460 1956 552 1982 distat.
584 1955 635 1989 Qui
650 1956 673 1983 si
692 1956 783 1991 potius
802 1955 942 1991 vigilabat,
967 1959 1015 1982 aut

228 2008 258 2029 re
274 2001 306 2027 ad
331 2008 409 2027 suam
429 2000 586 2027 felicitatem
603 2001 694 2035 aliqua
713 2001 862 2036 indigebat,
877 2006 924 2027 aut
938 2008 1014 2028 eam-

228 2046 289 2073 dem
308 2046 422 2074 habebat
439 2047 560 2073 numeris
578 2047 706 2074 omnibus
720 2047 885 2074 absolutam.
900 2045 928 2073 Si
940 2047 1016 2081 prius

229 2090 295 2120 illud
318 2092 492 2122 concedetur,
514 2091 609 2119 beatus
630 2100 695 2127 ergo
711 2092 781 2119 Dcus
800 2100 855 2119 non
872 2096 951 2125 erat;
971 2092 1014 2119 cui

1070 997 1251 1033 στρεφόμενον
1267 997 1320 1023 τῶν
1336 996 1523 1032 ἀνθρωπίνων,
1539 995 1586 1021 καὶ
1601 994 1703 1021 τούτων
1720 994 1799 1029 χάριν
1814 994 1858 1020 τὸν

1068 1043 1169 1078 κόσμον
1181 1043 1426 1074 κατασκευάζοντα.
1440 1042 1476 1067 Τὸ
1489 1041 1543 1076 γὰρ
1555 1040 1688 1076 μακάριον
1697 1041 1743 1066 καὶ
1757 1040 1860 1074 ἄφθαρ-

1067 1097 1112 1115 τον
1129 1089 1208 1120 ςὼον,
1224 1088 1494 1124 συμπεπληρωμένον
1510 1096 1539 1113 τε
1553 1087 1620 1112 πᾶσι
1634 1086 1690 1121 (86)
1712 1087 1768 1117 τοῖς
1790 1085 1859 1119 ἁγαρ

1068 1135 1134 1166 θοῐς,
1149 1136 1197 1161 καὶ
1213 1134 1299 1162 κακοῦ
1324 1133 1423 1164 παντὸς
1439 1134 1560 1164 ἄδεκτον,
1589 1132 1648 1159 ὅλον
1676 1132 1705 1158 ὃν
1728 1131 1793 1167 περ)⁸
1808 1130 1858 1166 τὴν

1068 1180 1183 1215 συνοχὴν
1208 1180 1256 1215 τῆς
1276 1179 1343 1211 ἰδίας
1367 1178 1538 1214 εὐδαιμονίας
1564 1186 1593 1203 τε
1621 1177 1668 1204 καὶ
1693 1176 1858 1211 ἀφθαρσίας,

1067 1226 1263 1261 ἀνεπιστρεφές
1273 1225 1331 1250 ἐστι
1345 1224 1399 1250 τῶν
1415 1223 1591 1258 ἀνθρωπίνων
1603 1222 1784 1258 πραγμάτων.
1799 1222 1858 1247 Κα-

1067 1271 1204 1305 κοδαίμων
1228 1270 1250 1296 δ’
1268 1269 1300 1295 ἂν
1328 1268 1390 1304 εἴη,
1408 1268 1523 1303 ἐργάτου
1550 1267 1628 1302 δίκην
1656 1266 1703 1293 καὶ
1733 1266 1858 1296 τέκτονος

1067 1315 1236 1351 ἀχθοφορῶν,
1253 1315 1299 1341 καὶ
1315 1313 1452 1349 μεριμνῶν
1470 1314 1509 1344 εἰς
1520 1314 1567 1348 τὴν
1583 1312 1629 1338 τοῦ
1648 1313 1750 1346 κόσμου
1772 1319 1859 1337 κατα-

1068 1363 1176 1397 σκευήν.
1192 1362 1245 1387 Καὶ
1260 1360 1357 1388 πάλιν
1380 1360 1408 1386 Ὁ
1425 1359 1490 1391 Θεὸς
1513 1359 1542 1385 ὄν
1568 1359 1704 1393 λέγουσιν,
1727 1358 1785 1393 ἢτοι
1813 1356 1859 1383 τὸν

1067 1407 1220 1443 ἔμπροσθεν
1235 1406 1320 1433 αἰῶνα
1334 1406 1383 1432 οὑκ
1398 1403 1442 1441 ἦν,
1452 1407 1496 1432 ὅτε
1512 1403 1546 1440 ἦν
1556 1404 1671 1439 ἀκίνητα
1685 1403 1719 1429 τὰ
1734 1402 1859 1438 σώματα,

1066 1453 1082 1488 ἢ
1097 1453 1139 1478 ὅτε
1152 1452 1276 1482 ἀτάκτως
1291 1452 1405 1478 ἐκινεῖτο
1416 1470 1422 1482 ,
1445 1451 1461 1486 ἢ
1478 1451 1618 1485 ἐκοιμᾶτο,
1635 1450 1651 1485 ἢ
1666 1449 1821 1484 ἐγρηγόρει,
1840 1447 1859 1484 ἢ

1066 1499 1205 1533 οὐδέτερον
1216 1497 1330 1524 τούτων.
1347 1496 1415 1524 Οὔτε
1431 1497 1462 1523 τὸ
1477 1497 1585 1532 πρῶτον
1601 1497 1658 1523 ἐστι
1683 1495 1826 1528 δέξασθαι·
1844 1494 1859 1520 ὁ

1066 1545 1120 1580 γὰρ
1134 1544 1199 1576 Θεὸς
1223 1543 1347 1574 αἰώνιος·
1365 1543 1427 1570 οὔτε
1442 1543 1472 1570 τὸ
1500 1543 1626 1578 δεύτερον
1639 1550 1646 1557 ·
1674 1542 1698 1568 εἰ
1718 1541 1772 1576 γὰρ
1787 1542 1859 1576 ἐκοι-

1068 1593 1136 1627 μᾶτο
1153 1591 1181 1624 ἐξ
1193 1591 1289 1623 αἰῶνος
1305 1592 1318 1618 ὁ
1327 1590 1403 1622 Θεὸς,
1417 1590 1556 1626 ἐτεθνήκει
1568 1598 1574 1604 ·
1588 1588 1696 1620 αἰώνιος
1709 1588 1763 1623 γὰρ
1777 1588 1860 1618 ὕπνος

1066 1637 1178 1669 Θάνατος
1202 1638 1285 1665 ἐστιν.
1308 1637 1388 1664 Ἀλλά
1403 1645 1435 1671 γε
1460 1636 1571 1667 ἄδεκτος
1587 1635 1673 1661 ὕπνου
1689 1635 1703 1661 ὁ
1725 1634 1806 1665 Θεός·
1829 1633 1859 1659 τὺ

1066 1683 1121 1719 γὰρ
1133 1683 1265 1710 ἀθάνατον
1278 1682 1325 1710 τοῦ
1340 1682 1418 1714 Θεοῦ,
1435 1682 1482 1709 καὶ
1496 1682 1525 1708 τὸ
1535 1682 1620 1715 ἐγγὺς
1637 1680 1753 1707 θανάτου
1762 1699 1770 1711 ,
1789 1679 1857 1706 πολὺ

1066 1729 1230 1764 κεχώρισται
1246 1728 1311 1764 (87).
1336 1728 1368 1754 El
1383 1728 1412 1755 δὲ
1424 1726 1458 1763 ἦν
1474 1727 1489 1753 ὸ
1514 1726 1580 1758 Θεδς
1602 1724 1772 1761 ἐγρηγορὼς,
1798 1724 1858 1759 ἦτοι

1066 1774 1188 1803 ἐνέλιπεν
1203 1774 1243 1805 el;
1259 1773 1441 1808 εὐδαιμονίαν,
1456 1772 1472 1808 ἢ
1490 1772 1654 1806 πεπλήρωτο
1677 1771 1705 1796 ὲν
1728 1768 1859 1804 μακαριό-

1065 1827 1127 1855 τητι
1145 1819 1209 1854 (88).
1225 1819 1279 1845 Καὶ
1295 1818 1357 1845 οὔτε
1370 1818 1440 1845 κατὰ
1454 1818 1485 1844 τὸ
1495 1817 1602 1853 πρῶτόν
1620 1819 1676 1843 ἐστι
1694 1816 1827 1852 μακάριος
1844 1815 1858 1840 ὀ

1069 1865 1134 1897 Θεός
1146 1873 1152 1880 ·
1167 1866 1197 1891 τὸ
1212 1865 1268 1899 γὰρ
1282 1865 1404 1891 ἐλλεῖπον
1417 1866 1456 1896 εἰς
1468 1863 1640 1898 εὐδαιμονίαν
1652 1864 1683 1889 οὐ
1704 1863 1837 1898 μακάριον
1849 1870 1855 1876 ·

1068 1910 1129 1937 οὔτε
1146 1909 1215 1937 κατὰ
1229 1910 1258 1936 τὺ
1271 1910 1395 1945 δεύτερον
1406 1919 1412 1925 ·
1428 1910 1509 1946 μηδὲν
1526 1910 1580 1945 γὰρ
1596 1909 1727 1935 ἐλλείπων
1745 1908 1798 1942 (89)
1812 1915 1858 1933 κε-

1068 1958 1126 1988 ναῖς
1155 1956 1265 1991 ἕμελλεν
1290 1957 1440 1991 ἐπιχειρεῖν
1462 1956 1587 1992 πράξεσι.
1618 1955 1680 1986 Πῶς
1693 1955 1731 1986 δὲ,
1750 1954 1827 1990 εἴπερ
1843 1953 1858 1980 6

1068 2002 1134 2034 Θεὸς
1146 2002 1203 2028 ἔστι
1215 2002 1262 2028 κα)⁴
1276 2003 1310 2038 τῇ
1326 2002 1420 2028 τούτου
1441 2001 1559 2038 φροντίδι
1576 2002 1610 2028 τὰ
1633 2001 1703 2027 κατὰ
1718 2000 1858 2035 ἄνθρωπον

1069 2049 1259 2082 οἰκονομεῖται,
1275 2048 1306 2074 τὸ
1324 2048 1372 2082 μὲν
1389 2048 1514 2083 κίϐδηλον
1529 2048 1646 2082 εὐτυχεῖ,
1661 2047 1691 2073 τὸ
1705 2046 1732 2072 δὲ
1753 2046 1858 2073 ἀστεῖον

1069 2092 1190 2119 ἐναντίον
1207 2092 1304 2128 πάσχει
1317 2100 1324 2123 ;
1347 2092 1526 2127 Ἀγαμέμνων
1542 2100 1571 2117 τε
1585 2091 1648 2126 γὰρ,

229 2137 302 2164 enim
316 2137 349 2164 ad
375 2137 531 2164 felicitatem
556 2138 658 2172 aliquid
686 2138 766 2171 desit,
797 2138 906 2166 beatum
937 2137 1058 2173 profecto
1078 2146 1132 2164 non
1161 2143 1219 2165 est:
1251 2138 1389 2172 posterius
1409 2145 1472 2164 vere
1497 2145 1578 2163 nemo
1601 2137 1688 2168 dicat;
1718 2142 1858 2169 nunquam

228 2184 313 2216 enim,
327 2184 349 2212 si
366 2184 440 2211 nulla
455 2185 641 2220 re_iudigeret,
658 2193 791 2213 novarum
818 2186 845 2213 in
867 2193 959 2212 rerum
993 2186 1161 2213 molitionem
1190 2185 1368 2212 incumberet.
1393 2183 1451 2211 lam
1475 2191 1539 2210 vero
1559 2183 1582 2210 si
1607 2181 1678 2209 Deus
1702 2186 1754 2212 est,
1782 2181 1857 2215 ejus-

228 2240 282 2268 que
308 2233 478 2268 providentia
504 2242 548 2261 res
586 2234 713 2262 humanae
745 2234 942 2269 gubernantur,
970 2233 1108 2269 quomodo
1134 2233 1241 2259 tandem
1261 2232 1313 2259 vile
1338 2231 1535 2266 indignumque
1549 2233 1630 2264 caput
1645 2229 1859 2262 secunda,prat-

232 2279 336 2306 clarum
351 2282 380 2306 et
394 2279 501 2314 insigne
518 2279 633 2306 adversa
651 2278 761 2306 fortuna
774 2280 882 2307 utitur?
896 2279 963 2307 Nam
984 2285 1010 2307 et
1025 2280 1212 2314 Agamemnon
1230 2278 1284 2311 ille,

228 2336 286 2365 Rex
300 2335 369 2365 idem
385 2335 527 2368 excellens,
540 2335 659 2371 idemque
672 2337 818 2364 acerrimus
834 2337 930 2369 armis,

231 2427 345 2457 adulteri
364 2434 391 2455 et
418 2427 549 2455 adulterae
570 2427 712 2456 fraudibus
729 2427 857 2455 occubuit
870 2436 876 2454 :
891 2432 918 2454 et
930 2428 1016 2462 ipsius

229 2473 338 2508 gentilis
356 2472 495 2504 Hercules,
512 2477 658 2509 postquam
674 2480 706 2500 ea
723 2481 784 2508 qum
809 2473 893 2500 vitam
923 2473 1014 2500 homi-

229 2525 295 2547 num
319 2517 447 2546 infestam
462 2517 611 2550 habebant,
632 2523 736 2553 partem
753 2518 901 2546 maximam
920 2522 1015 2546 sustu-

266 2595 320 2632 (86)
335 2595 408 2632 Earl
423 2596 549 2630 τούτοις.
573 2595 636 2625 Haec
654 2604 740 2632 usque
757 2597 791 2624 ad
804 2596 878 2632 λέγει
891 2596 920 2624 δὲ
932 2596 1018 2629 οὕτως

230 2630 340 2659 Eusebii
353 2632 433 2658 verba
447 2636 520 2658 sunt.

265 2666 322 2707 (85)
341 2665 454 2707 κοινῶς
476 2665 616 2707 οὔψλίιηο
633 2671 661 2694 ιιι
680 2668 765 2707 solus,
782 2667 937 2698 Plutarche,
953 2674 1018 2702 gua-

228 2701 298 2728 viter
313 2701 470 2736 impiusres,
481 2702 529 2735 qui
543 2701 598 2729 Deo
616 2709 706 2729 rerum
723 2703 905 2729 humanarum
923 2709 1016 2729 curam

229 2736 331 2771 eripias
342 2735 392 2767 {et
410 2735 510 2763 divinat
523 2737 622 2764 mentis
641 2745 672 2765 ac
696 2737 834 2766 felicitatis
849 2736 1016 2771 magnitudi-

230 2778 292 2798 nem
312 2771 446 2798 infinitam
457 2791 465 2804 ,
481 2772 605 2806 angusus
618 2777 645 2801 et
660 2772 763 2808 iniquis
777 2772 879 2807 ingenii
899 2773 937 2799 tui
957 2771 1017 2798 tini-

229 2805 281 2833 bus
295 2805 418 2833 metiare.

352 2814 418 2833 ΙΙΙῈ.

266 2839 322 2881 (Si?)
338 2841 639 2881 ξυμηπληρωμένρν
650 2850 683 2869 τε
696 2840 782 2881 πᾶσι.
794 2840 873 2873 Nota,
890 2850 939 2877 pro
952 2841 1020 2868 πάν-

229 2883 288 2911 των
294 2874 416 2911 άγαθῶν,
430 2874 535 2910 (ιιιωῖιι
544 2874 612 2903 alibi
626 2877 756 2911 reperias.

265 2909 320 2945 (87)
333 2909 557 2946 Gardzbuﬁoxb
570 2919 634 2946 κεχ.
651 2909 749 2940 Vocem
774 2911 868 2944 ὕπνου,
882 2911 942 2947 quae
959 2915 1020 2947 post

1035 2330 1056 2357 ι)
1077 2335 1270 2370 Ἀμφότερον,
1293 2334 1444 2367 ,βασιλεύς
1463 2334 1488 2360 τ’
1516 2331 1626 2368 ἀγαθὸς
1641 2351 1661 2370 ,_
1677 2332 1817 2370 κρατερός
1831 2330 1858 2358 τ’

1653 2366 1820 2402 [αιχιιητὴςς

1071 2426 1123 2452 ὑπὸ
1141 2425 1234 2461 μοιχοῦ
1265 2424 1308 2453 καὶ
1331 2423 1482 2459 μοιχαλίδος
1509 2422 1635 2459 ἡττηθεὶς
1660 2421 1855 2457 ἐδολοφονήθη·

1069 2473 1116 2499 καὶ
1126 2474 1140 2498 ὁ
1152 2472 1246 2499 τούτου
1262 2471 1290 2497 δὲ
1304 2470 1436 2505 συγγενὴς
1458 2469 1603 2505 Ἡρακλῆς,
1622 2468 1706 2495 πολλὰ
1718 2469 1771 2495 τῶν
1784 2469 1858 2501 ,ἑπι-

1068 2517 1273 2553 λυμαινομένων
1298 2516 1344 2542 τὸν
1368 2515 1537 2550 ἀνθρώπινον
1562 2514 1619 2549 βίον
1648 2514 1781 2549 καθάρας,
1806 2513 1859 2541 ὺπδ

1070 2596 1186 2623 θανάτου
1202 2595 1374 2630 sequebatur,
1388 2602 1448 2621 cum
1462 2593 1608 2620 Plutarcho
1619 2599 1790 2630 sustulimus.
1803 2592 1858 2620 Mc-

1069 2639 1130 2658 rum
1147 2629 1281 2664 glossema
1300 2629 1367 2661 fuit,
1393 2637 1448 2664 quo
1470 2630 1561 2656 nescio
1577 2630 1638 2663 quis
1653 2629 1790 2662 explicare
1805 2636 1855 2655 vo-

1070 2667 1121 2693 luit
1138 2663 1168 2693 τὺ
1189 2666 1273 2699 ἐγγὺς
1287 2665 1413 2692 Θανάτου.
1437 2663 1528 2697 Itaque
1549 2665 1677 2699 ascripsit
1691 2663 1774 2695 ὕπνος
1791 2665 1856 2699 (non

1070 2701 1167 2735 ὕπνου)
1181 2701 1227 2734 qui
1243 2708 1305 2727 vere
1323 2700 1402 2726 morti
1417 2699 1582 2726 simillimus.

1105 2733 1162 2771 (88)
1180 2733 1360 2771 Πεπλτψωτο
1374 2734 1617 2771 ὲνμαιιαριᾷτητι.
1641 2733 1761 2771 Rectius,
1773 2740 1855 2767 quam

1071 2775 1101 2798 ut
1112 2769 1188 2805 apud
1204 2770 1389 2802 Plutarchum,
1410 2769 1594 2805 nsnlq9dixati
1605 2769 1802 2805 μακαριότητα.

1108 2801 1164 2840 (89)
1189 2805 1292 2838 Μηδὲν
1316 2805 1370 2839 γὰρ
1394 2801 1552 2831 ἐλλείπων.
1585 2801 1642 2831 lmo
1667 2801 1757 2840 certe,
1782 2801 1854 2840 quod

1073 2838 1175 2876 optime
1191 2840 1267 2867 Plato
1282 2838 1358 2876 vidit,
1379 2840 1403 2866 id
1417 2847 1528 2876 omnino
1544 2846 1658 2876 summa
1670 2839 1730 2876 ejus
1745 2842 1778 2876 et
1794 2838 1855 2876 inti-

1073 2873 1136 2903 nitm
1148 2876 1260 2902 bonitati
1274 2875 1432 2901 debebatur.
1448 2873 1581 2901 Caeterum
1598 2874 1629 2900 in
1639 2874 1723 2908 priori
1736 2873 1856 2901 editione

1072 2919 1212 2947 perperam
1232 2910 1381 2946 legebatur,
1397 2908 1478 2944 μηδὲν
1493 2908 1548 2943 γὰρ
1565 2908 1696 2936 ἐλλεῖπον.
