  <div class='ocr_page' id='page_1' title='image "/cluster/home/n/w/nwhite01/storage/ocr_20150623/21:no.3/coo.31924054873017/636.png"; bbox 0 0 4144 6426; ppageno 0'>
   <div class='ocr_carea' id='block_1_1' title="bbox 411 429 545 484">
    <p class='ocr_par' dir='ltr' id='par_1_1' title="bbox 411 429 545 484">
     <span class='ocr_line' id='line_1_1' title="bbox 411 429 545 484; baseline 0 -1"><span class='ocrx_word' id='word_1_1' title='bbox 411 429 545 484; x_wconf 67' lang='lat' dir='ltr'><strong>HM</strong></span> 
     </span>
    </p>
   </div>
   <div class='ocr_carea' id='block_1_2' title="bbox 1545 427 2508 485">
    <p class='ocr_par' dir='ltr' id='par_1_2' title="bbox 1545 427 2508 485">
     <span class='ocr_line' id='line_1_2' title="bbox 1545 427 2508 485; baseline -0.001 -2"><span class='ocrx_word' id='word_1_2' title='bbox 1545 427 1866 483; x_wconf 66' lang='lat' dir='ltr'><strong>PREPAB.</strong></span> <span class='ocrx_word' id='word_1_3' title='bbox 1909 428 2159 485; x_wconf 80' lang='lat' dir='ltr'><strong>EVANG.</strong></span> <span class='ocrx_word' id='word_1_4' title='bbox 2203 428 2329 483; x_wconf 82' lang='lat' dir='ltr'><strong>LIB.</strong></span> <span class='ocrx_word' id='word_1_5' title='bbox 2370 427 2508 483; x_wconf 75' lang='lat' dir='ltr'><strong>XIV.</strong></span> 
     </span>
    </p>
   </div>
   <div class='ocr_carea' id='block_1_3' title="bbox 3525 422 3663 478">
    <p class='ocr_par' dir='ltr' id='par_1_3' title="bbox 3525 422 3663 478">
     <span class='ocr_line' id='line_1_3' title="bbox 3525 422 3663 478; baseline 0.007 -1"><span class='ocrx_word' id='word_1_6' title='bbox 3525 422 3663 478; x_wconf 65' lang='grc'><strong>1249</strong></span> 
     </span>
    </p>
   </div>
   <div class='ocr_carea' id='block_1_4' title="bbox 410 533 1968 610">
    <p class='ocr_par' dir='ltr' id='par_1_4' title="bbox 410 536 1968 610">
     <span class='ocr_line' id='line_1_4' title="bbox 410 536 1968 610; baseline -0.001 -18"><span class='ocrx_word' id='word_1_7' title='bbox 410 537 732 610; x_wconf 81' lang='grc' dir='ltr'><strong>Δηϊανείρας</strong></span> <span class='ocrx_word' id='word_1_8' title='bbox 765 537 1172 607; x_wconf 78' lang='grc' dir='ltr'><strong>φαρμακευθεὶς</strong></span> <span class='ocrx_word' id='word_1_9' title='bbox 1215 536 1594 608; x_wconf 72' lang='grc' dir='ltr'>ἀδολοφονήθη.</span> <span class='ocrx_word' id='word_1_10' title='bbox 1639 538 1818 609; x_wconf 81' lang='grc' dir='ltr'>Θαλῆς</span> <span class='ocrx_word' id='word_1_11' title='bbox 1868 538 1968 591; x_wconf 64' lang='grc' dir='ltr'>νοῦε</span> 
     </span>
    </p>
   </div>
   <div class='ocr_carea' id='block_1_5' title="bbox 2070 533 3657 610">
    <p class='ocr_par' dir='ltr' id='par_1_5' title="bbox 2094 533 3657 606">
     <span class='ocr_line' id='line_1_5' title="bbox 2094 533 3657 606; baseline -0.002 -14"><span class='ocrx_word' id='word_1_12' title='bbox 2094 539 2269 602; x_wconf 76' lang='grc' dir='ltr'>ιὶεεειι,</span> <span class='ocrx_word' id='word_1_13' title='bbox 2319 537 2587 606; x_wconf 69' lang='lat' dir='ltr'><strong>Dejanira:</strong></span> <span class='ocrx_word' id='word_1_14' title='bbox 2620 536 2880 592; x_wconf 99' lang='lat' dir='ltr'><strong>veneﬁcio</strong></span> <span class='ocrx_word' id='word_1_15' title='bbox 2925 550 2988 590; x_wconf 86' lang='lat' dir='ltr'><strong>ac</strong></span> <span class='ocrx_word' id='word_1_16' title='bbox 3030 533 3222 589; x_wconf 78' lang='lat' dir='ltr'><strong>fraude</strong></span> <span class='ocrx_word' id='word_1_17' title='bbox 3256 533 3507 590; x_wconf 85' lang='lat' dir='ltr'><strong>sublatus</strong></span> <span class='ocrx_word' id='word_1_18' title='bbox 3549 544 3657 590; x_wconf 82' lang='lat' dir='ltr'><strong>est.</strong></span> 
     </span>
    </p>
   </div>
   <div class='ocr_carea' id='block_1_6' title="bbox 410 627 1990 701">
    <p class='ocr_par' dir='ltr' id='par_1_6' title="bbox 410 627 1990 701">
     <span class='ocr_line' id='line_1_6' title="bbox 410 627 1990 701; baseline 0.001 -19"><span class='ocrx_word' id='word_1_19' title='bbox 410 627 505 683; x_wconf 85' lang='grc' dir='ltr'><strong>τοῦ</strong></span> <span class='ocrx_word' id='word_1_20' title='bbox 538 629 743 697; x_wconf 82' lang='grc' dir='ltr'><strong>κόσμου</strong></span> <span class='ocrx_word' id='word_1_21' title='bbox 769 628 900 681; x_wconf 83' lang='grc' dir='ltr'><strong>Θεὸν</strong></span> <span class='ocrx_word' id='word_1_22' title='bbox 918 645 931 657; x_wconf 89' lang='grc'>·</span> <span class='ocrx_word' id='word_1_23' title='bbox 972 627 1387 699; x_wconf 79' lang='grc' dir='ltr'>’Δναξίμανδρος</span> <span class='ocrx_word' id='word_1_24' title='bbox 1408 629 1535 692; x_wconf 78' lang='grc' dir='ltr'>τοὺς</span> <span class='ocrx_word' id='word_1_25' title='bbox 1564 629 1803 699; x_wconf 80' lang='grc' dir='ltr'>ἀστέρας</span> <span class='ocrx_word' id='word_1_26' title='bbox 1832 631 1990 701; x_wconf 82' lang='grc' dir='ltr'>οὐρα-</span> 
     </span>
    </p>
   </div>
   <div class='ocr_carea' id='block_1_7' title="bbox 409 717 1988 793">
    <p class='ocr_par' dir='ltr' id='par_1_7' title="bbox 409 717 1988 793">
     <span class='ocr_line' id='line_1_7' title="bbox 409 717 1988 793; baseline 0.001 -21"><span class='ocrx_word' id='word_1_27' title='bbox 409 720 556 782; x_wconf 88' lang='grc' dir='ltr'>νίους</span> <span class='ocrx_word' id='word_1_28' title='bbox 608 717 798 781; x_wconf 79' lang='grc' dir='ltr'>θεούςο</span> <span class='ocrx_word' id='word_1_29' title='bbox 851 719 1189 792; x_wconf 91' lang='grc' dir='ltr'>Δημόκριτος</span> <span class='ocrx_word' id='word_1_30' title='bbox 1220 719 1353 774; x_wconf 83' lang='grc' dir='ltr'><strong>Θεὸν</strong></span> <span class='ocrx_word' id='word_1_31' title='bbox 1403 723 1461 773; x_wconf 82' lang='grc' dir='ltr'>ὲν</span> <span class='ocrx_word' id='word_1_32' title='bbox 1496 721 1629 791; x_wconf 79' lang='grc' dir='ltr'>πυρὶ</span> <span class='ocrx_word' id='word_1_33' title='bbox 1680 721 1988 793; x_wconf 81' lang='grc' dir='ltr'><strong>σφαιροειδῆ</strong></span> 
     </span>
    </p>
   </div>
   <div class='ocr_carea' id='block_1_8' title="bbox 408 807 1989 881">
    <p class='ocr_par' dir='ltr' id='par_1_8' title="bbox 408 807 1989 881">
     <span class='ocr_line' id='line_1_8' title="bbox 408 807 1989 881; baseline 0.001 -20"><span class='ocrx_word' id='word_1_34' title='bbox 408 807 506 879; x_wconf 76' lang='grc' dir='ltr'>τὴν</span> <span class='ocrx_word' id='word_1_35' title='bbox 536 808 631 861; x_wconf 90' lang='grc' dir='ltr'><strong>τοῦ</strong></span> <span class='ocrx_word' id='word_1_36' title='bbox 660 807 866 878; x_wconf 82' lang='grc' dir='ltr'><strong>κόσμου</strong></span> <span class='ocrx_word' id='word_1_37' title='bbox 892 808 1070 880; x_wconf 81' lang='grc' dir='ltr'>ψυχήν</span> <span class='ocrx_word' id='word_1_38' title='bbox 1089 826 1103 839; x_wconf 75' lang='grc' dir='ltr'><strong>ο</strong></span> <span class='ocrx_word' id='word_1_39' title='bbox 1150 808 1473 881; x_wconf 72' lang='grc' dir='ltr'>Πυθαγόρας</span> <span class='ocrx_word' id='word_1_40' title='bbox 1525 810 1633 864; x_wconf 86' lang='grc' dir='ltr'><strong>τῶν</strong></span> <span class='ocrx_word' id='word_1_41' title='bbox 1684 810 1864 880; x_wconf 82' lang='grc' dir='ltr'>ἀρχῶν</span> <span class='ocrx_word' id='word_1_42' title='bbox 1890 811 1989 880; x_wconf 82' lang='grc' dir='ltr'>τὴν</span> 
     </span>
    </p>
   </div>
   <div class='ocr_carea' id='block_1_9' title="bbox 413 897 1987 970">
    <p class='ocr_par' dir='ltr' id='par_1_9' title="bbox 413 897 1987 970">
     <span class='ocr_line' id='line_1_9' title="bbox 413 897 1987 970; baseline 0.001 -19"><span class='ocrx_word' id='word_1_43' title='bbox 413 900 512 970; x_wconf 78' lang='grc' dir='ltr'>μὲν</span> <span class='ocrx_word' id='word_1_44' title='bbox 544 897 745 969; x_wconf 82' lang='grc' dir='ltr'><strong>μονάδα</strong></span> <span class='ocrx_word' id='word_1_45' title='bbox 777 898 909 952; x_wconf 75' lang='grc' dir='ltr'>Θεόν</span> <span class='ocrx_word' id='word_1_46' title='bbox 931 916 943 928; x_wconf 83' lang='grc'><em>’</em></span> <span class='ocrx_word' id='word_1_47' title='bbox 971 900 1063 951; x_wconf 76' lang='grc' dir='ltr'>καὶ</span> <span class='ocrx_word' id='word_1_48' title='bbox 1096 898 1155 951; x_wconf 85' lang='grc' dir='ltr'>τὸ</span> <span class='ocrx_word' id='word_1_49' title='bbox 1183 897 1405 967; x_wconf 82' lang='grc' dir='ltr'>ἀγαθὸν,</span> <span class='ocrx_word' id='word_1_50' title='bbox 1457 900 1578 968; x_wconf 78' lang='grc' dir='ltr'>ἥτις</span> <span class='ocrx_word' id='word_1_51' title='bbox 1627 899 1775 952; x_wconf 69' lang='grc' dir='ltr'>ἐστὶν</span> <span class='ocrx_word' id='word_1_52' title='bbox 1807 900 1840 970; x_wconf 80' lang='grc' dir='ltr'>ἡ</span> <span class='ocrx_word' id='word_1_53' title='bbox 1892 897 1987 952; x_wconf 90' lang='grc' dir='ltr'><strong>τοῦ</strong></span> 
     </span>
    </p>
   </div>
   <div class='ocr_carea' id='block_1_10' title="bbox 410 989 1989 1061">
    <p class='ocr_par' dir='ltr' id='par_1_10' title="bbox 410 989 1989 1061">
     <span class='ocr_line' id='line_1_10' title="bbox 410 989 1989 1061; baseline 0.001 -18"><span class='ocrx_word' id='word_1_54' title='bbox 410 990 527 1054; x_wconf 78' lang='grc' dir='ltr'>ἑνὸς</span> <span class='ocrx_word' id='word_1_55' title='bbox 554 990 737 1059; x_wconf 84' lang='grc' dir='ltr'>φύσις,</span> <span class='ocrx_word' id='word_1_56' title='bbox 766 990 926 1054; x_wconf 81' lang='grc' dir='ltr'>αὐτὸς</span> <span class='ocrx_word' id='word_1_57' title='bbox 957 992 986 1043; x_wconf 95' lang='lat'><strong>6</strong></span> <span class='ocrx_word' id='word_1_58' title='bbox 1017 989 1166 1053; x_wconf 90' lang='grc' dir='ltr'>νοῦς·</span> <span class='ocrx_word' id='word_1_59' title='bbox 1194 990 1291 1061; x_wconf 84' lang='grc' dir='ltr'>τὴν</span> <span class='ocrx_word' id='word_1_60' title='bbox 1315 990 1358 1043; x_wconf 82' lang='grc' dir='ltr'>δ’</span> <span class='ocrx_word' id='word_1_61' title='bbox 1389 990 1639 1061; x_wconf 86' lang='grc' dir='ltr'>ἀόριστον</span> <span class='ocrx_word' id='word_1_62' title='bbox 1671 990 1860 1054; x_wconf 85' lang='grc' dir='ltr'>δυάδα,</span> <span class='ocrx_word' id='word_1_63' title='bbox 1894 990 1989 1044; x_wconf 77' lang='grc' dir='ltr'>καὶ</span> 
     </span>
    </p>
   </div>
   <div class='ocr_carea' id='block_1_11' title="bbox 407 1079 1988 1151">
    <p class='ocr_par' dir='ltr' id='par_1_11' title="bbox 407 1079 1988 1151">
     <span class='ocr_line' id='line_1_11' title="bbox 407 1079 1988 1151; baseline -0.001 -18"><span class='ocrx_word' id='word_1_64' title='bbox 407 1080 657 1150; x_wconf 86' lang='grc' dir='ltr'>δαίμονα,</span> <span class='ocrx_word' id='word_1_65' title='bbox 693 1082 787 1134; x_wconf 71' lang='grc' dir='ltr'><strong>κα)⁵</strong></span> <span class='ocrx_word' id='word_1_66' title='bbox 814 1082 876 1133; x_wconf 84' lang='grc' dir='ltr'>τὸ</span> <span class='ocrx_word' id='word_1_67' title='bbox 903 1080 1094 1143; x_wconf 84' lang='grc' dir='ltr'>κακὸν,</span> <span class='ocrx_word' id='word_1_68' title='bbox 1126 1082 1253 1151; x_wconf 78' lang='grc' dir='ltr'>περὶ</span> <span class='ocrx_word' id='word_1_69' title='bbox 1277 1082 1343 1150; x_wconf 79' lang='grc' dir='ltr'>ἦν</span> <span class='ocrx_word' id='word_1_70' title='bbox 1373 1082 1487 1133; x_wconf 76' lang='grc' dir='ltr'>ἐστι</span> <span class='ocrx_word' id='word_1_71' title='bbox 1532 1079 1592 1132; x_wconf 79' lang='grc' dir='ltr'>τὸ</span> <span class='ocrx_word' id='word_1_72' title='bbox 1624 1080 1804 1133; x_wconf 79' lang='grc' dir='ltr'>ὑλικὸν</span> <span class='ocrx_word' id='word_1_73' title='bbox 1849 1079 1988 1150; x_wconf 83' lang='grc' dir='ltr'>πλῆ-</span> 
     </span>
    </p>
   </div>
   <div class='ocr_carea' id='block_1_12' title="bbox 408 1170 1983 1242">
    <p class='ocr_par' dir='ltr' id='par_1_12' title="bbox 408 1170 1983 1242">
     <span class='ocr_line' id='line_1_12' title="bbox 408 1170 1983 1242; baseline 0.002 -20"><span class='ocrx_word' id='word_1_74' title='bbox 408 1170 522 1234; x_wconf 89' lang='grc' dir='ltr'>θος,</span> <span class='ocrx_word' id='word_1_75' title='bbox 555 1170 671 1223; x_wconf 75' lang='grc' dir='ltr'>ἐστὶ</span> <span class='ocrx_word' id='word_1_76' title='bbox 698 1172 791 1225; x_wconf 77' lang='grc' dir='ltr'>καὶ</span> <span class='ocrx_word' id='word_1_77' title='bbox 825 1171 1016 1242; x_wconf 77' lang='grc' dir='ltr'>ὁρατὸς</span> <span class='ocrx_word' id='word_1_78' title='bbox 1042 1173 1070 1225; x_wconf 98' lang='lat'><strong>6</strong></span> <span class='ocrx_word' id='word_1_79' title='bbox 1097 1170 1321 1240; x_wconf 84' lang='grc' dir='ltr'>κόσμος.</span> <span class='ocrx_word' id='word_1_80' title='bbox 1338 1191 1355 1221; x_wconf 73' lang='grc' dir='ltr'><strong>ι</strong></span> <span class='ocrx_word' id='word_1_81' title='bbox 1377 1170 1531 1224; x_wconf 86' lang='grc' dir='ltr'>Μετά</span> <span class='ocrx_word' id='word_1_82' title='bbox 1555 1171 1612 1225; x_wconf 85' lang='grc' dir='ltr'>δὲ</span> <span class='ocrx_word' id='word_1_83' title='bbox 1640 1171 1983 1242; x_wconf 83' lang='grc' dir='ltr'>τούτους(90)</span> 
     </span>
    </p>
   </div>
   <div class='ocr_carea' id='block_1_13' title="bbox 406 1260 1984 1333">
    <p class='ocr_par' dir='ltr' id='par_1_13' title="bbox 406 1260 1984 1333">
     <span class='ocr_line' id='line_1_13' title="bbox 406 1260 1984 1333; baseline 0.003 -20"><span class='ocrx_word' id='word_1_84' title='bbox 406 1262 453 1313; x_wconf 80' lang='grc' dir='ltr'>οἱ</span> <span class='ocrx_word' id='word_1_85' title='bbox 470 1260 576 1314; x_wconf 88' lang='grc' dir='ltr'>νέοι</span> <span class='ocrx_word' id='word_1_86' title='bbox 592 1261 669 1330; x_wconf 82' lang='grc' dir='ltr'>τῷ</span> <span class='ocrx_word' id='word_1_87' title='bbox 689 1261 864 1332; x_wconf 85' lang='grc' dir='ltr'>χρόνῳ</span> <span class='ocrx_word' id='word_1_88' title='bbox 888 1261 1001 1327; x_wconf 78' lang='grc' dir='ltr'>πῶς</span> <span class='ocrx_word' id='word_1_89' title='bbox 1031 1262 1299 1329; x_wconf 75' lang='grc' dir='ltr'>ἐδόξαζον,</span> <span class='ocrx_word' id='word_1_90' title='bbox 1326 1262 1510 1316; x_wconf 79' lang='grc' dir='ltr'>ἄκουε.</span> <span class='ocrx_word' id='word_1_91' title='bbox 1541 1262 1864 1333; x_wconf 80' lang='grc' dir='ltr'>ιΣωκράτης</span> <span class='ocrx_word' id='word_1_92' title='bbox 1892 1264 1984 1317; x_wconf 78' lang='grc' dir='ltr'>καὶ</span> 
     </span>
    </p>
   </div>
   <div class='ocr_carea' id='block_1_14' title="bbox 405 1350 1980 1421">
    <p class='ocr_par' dir='ltr' id='par_1_14' title="bbox 405 1350 1980 1421">
     <span class='ocr_line' id='line_1_14' title="bbox 405 1350 1980 1421; baseline 0.002 -18"><span class='ocrx_word' id='word_1_93' title='bbox 405 1350 630 1403; x_wconf 81' lang='grc' dir='ltr'><strong>Πλάτων</strong></span> <span class='ocrx_word' id='word_1_94' title='bbox 655 1351 713 1405; x_wconf 84' lang='grc' dir='ltr'>ἓν</span> <span class='ocrx_word' id='word_1_95' title='bbox 742 1352 801 1405; x_wconf 79' lang='grc' dir='ltr'>τὸ</span> <span class='ocrx_word' id='word_1_96' title='bbox 842 1354 1104 1421; x_wconf 82' lang='grc' dir='ltr'>μονοφυὲς</span> <span class='ocrx_word' id='word_1_97' title='bbox 1134 1354 1227 1405; x_wconf 72' lang='grc' dir='ltr'>καὶ</span> <span class='ocrx_word' id='word_1_98' title='bbox 1258 1352 1546 1421; x_wconf 74' lang='grc' dir='ltr'>αὐτοφυὲς,</span> <span class='ocrx_word' id='word_1_99' title='bbox 1571 1352 1631 1405; x_wconf 77' lang='grc' dir='ltr'>τὸ</span> <span class='ocrx_word' id='word_1_100' title='bbox 1679 1353 1980 1421; x_wconf 81' lang='grc' dir='ltr'>μοναδικὸν,</span> 
     </span>
    </p>
   </div>
   <div class='ocr_carea' id='block_1_15' title="bbox 403 1440 1982 1513">
    <p class='ocr_par' dir='ltr' id='par_1_15' title="bbox 403 1440 1982 1513">
     <span class='ocr_line' id='line_1_15' title="bbox 403 1440 1982 1513; baseline 0.002 -20"><span class='ocrx_word' id='word_1_101' title='bbox 403 1441 463 1494; x_wconf 81' lang='grc' dir='ltr'>τὸ</span> <span class='ocrx_word' id='word_1_102' title='bbox 483 1440 650 1506; x_wconf 76' lang='grc' dir='ltr'>ὅντως</span> <span class='ocrx_word' id='word_1_103' title='bbox 669 1442 726 1495; x_wconf 84' lang='grc' dir='ltr'>ὃν</span> <span class='ocrx_word' id='word_1_104' title='bbox 757 1442 957 1511; x_wconf 86' lang='grc' dir='ltr'>ἀγαθόν</span> <span class='ocrx_word' id='word_1_105' title='bbox 977 1462 991 1475; x_wconf 69' lang='grc' dir='ltr'><strong><em>υ</em></strong></span> <span class='ocrx_word' id='word_1_106' title='bbox 1026 1443 1203 1497; x_wconf 86' lang='grc' dir='ltr'>πάντα</span> <span class='ocrx_word' id='word_1_107' title='bbox 1252 1443 1309 1497; x_wconf 77' lang='grc' dir='ltr'>δὲ</span> <span class='ocrx_word' id='word_1_108' title='bbox 1341 1442 1513 1495; x_wconf 90' lang='grc' dir='ltr'>ταῦτα</span> <span class='ocrx_word' id='word_1_109' title='bbox 1548 1443 1654 1494; x_wconf 83' lang='grc' dir='ltr'>τῶν</span> <span class='ocrx_word' id='word_1_110' title='bbox 1704 1443 1982 1513; x_wconf 81' lang='grc' dir='ltr'><strong>ὀνομάτων</strong></span> 
     </span>
    </p>
   </div>
   <div class='ocr_carea' id='block_1_16' title="bbox 402 1530 1980 1605">
    <p class='ocr_par' dir='ltr' id='par_1_16' title="bbox 402 1530 1980 1605">
     <span class='ocr_line' id='line_1_16' title="bbox 402 1530 1980 1605; baseline 0.001 -18"><span class='ocrx_word' id='word_1_111' title='bbox 402 1534 482 1598; x_wconf 87' lang='grc' dir='ltr'><strong>είς</strong></span> <span class='ocrx_word' id='word_1_112' title='bbox 506 1534 598 1587; x_wconf 82' lang='grc' dir='ltr'>τὸν</span> <span class='ocrx_word' id='word_1_113' title='bbox 622 1534 745 1588; x_wconf 88' lang='grc' dir='ltr'>νοῦν</span> <span class='ocrx_word' id='word_1_114' title='bbox 766 1535 1004 1589; x_wconf 83' lang='grc' dir='ltr'><strong>σπεύδει.</strong></span> <span class='ocrx_word' id='word_1_115' title='bbox 1040 1536 1181 1599; x_wconf 84' lang='grc' dir='ltr'>Νοῦς</span> <span class='ocrx_word' id='word_1_116' title='bbox 1196 1530 1288 1588; x_wconf 88' lang='grc' dir='ltr'><strong>οῦν</strong></span> <span class='ocrx_word' id='word_1_117' title='bbox 1315 1537 1343 1588; x_wconf 93' lang='lat'><strong>6</strong></span> <span class='ocrx_word' id='word_1_118' title='bbox 1371 1533 1501 1596; x_wconf 71' lang='grc' dir='ltr'>θεὸς</span> <span class='ocrx_word' id='word_1_119' title='bbox 1523 1535 1792 1605; x_wconf 83' lang='grc' dir='ltr'>χωριστὸν</span> <span class='ocrx_word' id='word_1_120' title='bbox 1820 1532 1980 1599; x_wconf 83' lang='grc' dir='ltr'>εἶδος,</span> 
     </span>
    </p>
   </div>
   <div class='ocr_carea' id='block_1_17' title="bbox 400 1622 1982 1700">
    <p class='ocr_par' dir='ltr' id='par_1_17' title="bbox 400 1622 1982 1700">
     <span class='ocr_line' id='line_1_17' title="bbox 400 1622 1982 1700; baseline 0.001 -22"><span class='ocrx_word' id='word_1_121' title='bbox 400 1622 545 1679; x_wconf 79' lang='grc' dir='ltr'>τοῦτ’</span> <span class='ocrx_word' id='word_1_122' title='bbox 580 1625 693 1679; x_wconf 75' lang='grc' dir='ltr'>ἔστι</span> <span class='ocrx_word' id='word_1_123' title='bbox 724 1627 785 1679; x_wconf 84' lang='grc' dir='ltr'>τὸ</span> <span class='ocrx_word' id='word_1_124' title='bbox 815 1628 1011 1698; x_wconf 85' lang='grc' dir='ltr'>ἀμιγὲς</span> <span class='ocrx_word' id='word_1_125' title='bbox 1041 1629 1219 1700; x_wconf 87' lang='grc' dir='ltr'>πάσης</span> <span class='ocrx_word' id='word_1_126' title='bbox 1249 1628 1399 1698; x_wconf 75' lang='grc' dir='ltr'>ὕλης,</span> <span class='ocrx_word' id='word_1_127' title='bbox 1418 1629 1512 1681; x_wconf 70' lang='grc' dir='ltr'>καὶ</span> <span class='ocrx_word' id='word_1_128' title='bbox 1538 1628 1727 1698; x_wconf 72' lang='grc' dir='ltr'>μηδενὶ</span> <span class='ocrx_word' id='word_1_129' title='bbox 1755 1627 1982 1699; x_wconf 87' lang='grc' dir='ltr'>παθητῴ</span> 
     </span>
    </p>
   </div>
   <div class='ocr_carea' id='block_1_18' title="bbox 402 1712 1980 1791">
    <p class='ocr_par' dir='ltr' id='par_1_18' title="bbox 402 1712 1980 1791">
     <span class='ocr_line' id='line_1_18' title="bbox 402 1712 1980 1791; baseline 0.002 -22"><span class='ocrx_word' id='word_1_130' title='bbox 402 1717 911 1789; x_wconf 77' lang='grc' dir='ltr'><strong>συμπεπλεγμένον.</strong></span> <span class='ocrx_word' id='word_1_131' title='bbox 982 1719 1358 1791; x_wconf 83' lang='grc' dir='ltr'><strong>Ἀριστοτέλης</strong></span> <span class='ocrx_word' id='word_1_132' title='bbox 1400 1712 1501 1771; x_wconf 80' lang='grc' dir='ltr'>’τὸν</span> <span class='ocrx_word' id='word_1_133' title='bbox 1567 1718 1664 1788; x_wconf 82' lang='grc' dir='ltr'>μὲν</span> <span class='ocrx_word' id='word_1_134' title='bbox 1723 1719 1980 1773; x_wconf 83' lang='grc' dir='ltr'><strong>ἀνωτάτω</strong></span> 
     </span>
    </p>
   </div>
   <div class='ocr_carea' id='block_1_19' title="bbox 399 1803 1977 1883">
    <p class='ocr_par' dir='ltr' id='par_1_19' title="bbox 399 1803 1977 1883">
     <span class='ocr_line' id='line_1_19' title="bbox 399 1803 1977 1883; baseline 0.003 -24"><span class='ocrx_word' id='word_1_135' title='bbox 399 1806 531 1860; x_wconf 78' lang='grc' dir='ltr'>Θεὸν</span> <span class='ocrx_word' id='word_1_136' title='bbox 579 1803 723 1873; x_wconf 79' lang='grc' dir='ltr'>εἶδος</span> <span class='ocrx_word' id='word_1_137' title='bbox 755 1810 1018 1881; x_wconf 79' lang='grc' dir='ltr'>χωριστὸν</span> <span class='ocrx_word' id='word_1_138' title='bbox 1044 1850 1059 1873; x_wconf 88' lang='grc'><strong>,</strong></span> <span class='ocrx_word' id='word_1_139' title='bbox 1102 1811 1468 1882; x_wconf 74' lang='grc' dir='ltr'>ἐπιϐεϐηκότα</span> <span class='ocrx_word' id='word_1_140' title='bbox 1497 1812 1562 1881; x_wconf 83' lang='grc' dir='ltr'><strong>τῇ</strong></span> <span class='ocrx_word' id='word_1_141' title='bbox 1623 1812 1827 1883; x_wconf 80' lang='grc' dir='ltr'>σφαίρᾳ</span> <span class='ocrx_word' id='word_1_142' title='bbox 1883 1812 1977 1864; x_wconf 91' lang='grc' dir='ltr'><strong>τοῦ</strong></span> 
     </span>
    </p>
   </div>
   <div class='ocr_carea' id='block_1_20' title="bbox 400 1900 1975 1974">
    <p class='ocr_par' dir='ltr' id='par_1_20' title="bbox 400 1900 1975 1974">
     <span class='ocr_line' id='line_1_20' title="bbox 400 1900 1975 1974; baseline 0.004 -24"><span class='ocrx_word' id='word_1_143' title='bbox 400 1900 619 1963; x_wconf 84' lang='grc' dir='ltr'>παντὸς,</span> <span class='ocrx_word' id='word_1_144' title='bbox 649 1900 772 1969; x_wconf 75' lang='grc' dir='ltr'>ἥτις</span> <span class='ocrx_word' id='word_1_145' title='bbox 832 1902 980 1954; x_wconf 72' lang='grc' dir='ltr'>ἐστὶν</span> <span class='ocrx_word' id='word_1_146' title='bbox 1013 1901 1251 1973; x_wconf 74' lang='grc' dir='ltr'>αἰθέριον</span> <span class='ocrx_word' id='word_1_147' title='bbox 1300 1901 1457 1973; x_wconf 85' lang='grc' dir='ltr'>σῶμα</span> <span class='ocrx_word' id='word_1_148' title='bbox 1483 1904 1546 1956; x_wconf 80' lang='grc' dir='ltr'>τὸ</span> <span class='ocrx_word' id='word_1_149' title='bbox 1590 1903 1837 1974; x_wconf 84' lang='grc' dir='ltr'>πέμπτον</span> <span class='ocrx_word' id='word_1_150' title='bbox 1884 1904 1975 1956; x_wconf 85' lang='grc' dir='ltr'><strong>ὑπ’</strong></span> 
     </span>
    </p>
   </div>
   <div class='ocr_carea' id='block_1_21' title="bbox 397 1989 1977 2064">
    <p class='ocr_par' dir='ltr' id='par_1_21' title="bbox 397 1989 1977 2064">
     <span class='ocr_line' id='line_1_21' title="bbox 397 1989 1977 2064; baseline 0.004 -23"><span class='ocrx_word' id='word_1_151' title='bbox 397 1989 562 2042; x_wconf 72' lang='grc' dir='ltr'>αὑτοῦ</span> <span class='ocrx_word' id='word_1_152' title='bbox 592 1991 945 2061; x_wconf 81' lang='grc' dir='ltr'>καλούμενον.</span> <span class='ocrx_word' id='word_1_153' title='bbox 996 1994 1333 2063; x_wconf 79' lang='grc' dir='ltr'>Διηρημένου</span> <span class='ocrx_word' id='word_1_154' title='bbox 1358 1994 1414 2046; x_wconf 82' lang='grc' dir='ltr'>δὲ</span> <span class='ocrx_word' id='word_1_155' title='bbox 1436 1996 1626 2048; x_wconf 85' lang='grc' dir='ltr'>τούτου</span> <span class='ocrx_word' id='word_1_156' title='bbox 1656 1995 1796 2048; x_wconf 87' lang='grc' dir='ltr'><strong>κατά</strong></span> <span class='ocrx_word' id='word_1_157' title='bbox 1819 1994 1977 2064; x_wconf 89' lang='grc' dir='ltr'>σφαί-</span> 
     </span>
    </p>
   </div>
   <div class='ocr_carea' id='block_1_22' title="bbox 399 2083 1976 2159">
    <p class='ocr_par' dir='ltr' id='par_1_22' title="bbox 399 2083 1976 2159">
     <span class='ocr_line' id='line_1_22' title="bbox 399 2083 1976 2159; baseline 0.006 -26"><span class='ocrx_word' id='word_1_158' title='bbox 399 2097 522 2152; x_wconf 90' lang='grc' dir='ltr'>ρας,</span> <span class='ocrx_word' id='word_1_159' title='bbox 554 2084 620 2153; x_wconf 84' lang='grc' dir='ltr'><strong>τῇ</strong></span> <span class='ocrx_word' id='word_1_160' title='bbox 659 2083 756 2152; x_wconf 86' lang='grc' dir='ltr'>μὲν</span> <span class='ocrx_word' id='word_1_161' title='bbox 782 2083 941 2152; x_wconf 82' lang='grc' dir='ltr'>φύσει</span> <span class='ocrx_word' id='word_1_162' title='bbox 969 2088 1246 2154; x_wconf 81' lang='grc' dir='ltr'>συναφεῖς,</span> <span class='ocrx_word' id='word_1_163' title='bbox 1273 2084 1349 2155; x_wconf 83' lang='grc' dir='ltr'>τῷ</span> <span class='ocrx_word' id='word_1_164' title='bbox 1373 2086 1516 2156; x_wconf 84' lang='grc' dir='ltr'>λόγῳ</span> <span class='ocrx_word' id='word_1_165' title='bbox 1549 2086 1605 2140; x_wconf 80' lang='grc' dir='ltr'>δὲ</span> <span class='ocrx_word' id='word_1_166' title='bbox 1636 2087 1976 2159; x_wconf 72' lang='grc' dir='ltr'>κεχωρισμέ-</span> 
     </span>
    </p>
   </div>
   <div class='ocr_carea' id='block_1_23' title="bbox 395 2173 1976 2246">
    <p class='ocr_par' dir='ltr' id='par_1_23' title="bbox 395 2173 1976 2246">
     <span class='ocr_line' id='line_1_23' title="bbox 395 2173 1976 2246; baseline 0.007 -24"><span class='ocrx_word' id='word_1_167' title='bbox 395 2188 515 2234; x_wconf 83' lang='grc' dir='ltr'>νας,</span> <span class='ocrx_word' id='word_1_168' title='bbox 549 2173 785 2243; x_wconf 81' lang='grc' dir='ltr'>ἑκάστην</span> <span class='ocrx_word' id='word_1_169' title='bbox 813 2173 983 2227; x_wconf 78' lang='grc' dir='ltr'>οἴεται</span> <span class='ocrx_word' id='word_1_170' title='bbox 1007 2174 1115 2228; x_wconf 82' lang='grc' dir='ltr'>τῶν</span> <span class='ocrx_word' id='word_1_171' title='bbox 1151 2177 1396 2246; x_wconf 77' lang='grc' dir='ltr'>σφαιρῶν</span> <span class='ocrx_word' id='word_1_172' title='bbox 1420 2176 1557 2241; x_wconf 76' lang='grc' dir='ltr'>ζῶον</span> <span class='ocrx_word' id='word_1_173' title='bbox 1590 2173 1748 2243; x_wconf 83' lang='grc' dir='ltr'>εἶναι,</span> <span class='ocrx_word' id='word_1_174' title='bbox 1786 2179 1976 2232; x_wconf 86' lang='grc' dir='ltr'>σύνθε-</span> 
     </span>
    </p>
   </div>
   <div class='ocr_carea' id='block_1_24' title="bbox 393 2262 1976 2342">
    <p class='ocr_par' dir='ltr' id='par_1_24' title="bbox 393 2262 1976 2342">
     <span class='ocr_line' id='line_1_24' title="bbox 393 2262 1976 2342; baseline 0.006 -26"><span class='ocrx_word' id='word_1_175' title='bbox 393 2280 486 2317; x_wconf 87' lang='grc' dir='ltr'><strong>τον</strong></span> <span class='ocrx_word' id='word_1_176' title='bbox 518 2266 583 2317; x_wconf 84' lang='grc' dir='ltr'>ὲκ</span> <span class='ocrx_word' id='word_1_177' title='bbox 637 2264 885 2332; x_wconf 82' lang='grc' dir='ltr'>σώματος</span> <span class='ocrx_word' id='word_1_178' title='bbox 933 2268 1025 2319; x_wconf 80' lang='grc' dir='ltr'>καὶ</span> <span class='ocrx_word' id='word_1_179' title='bbox 1056 2268 1252 2337; x_wconf 80' lang='grc' dir='ltr'>ψυχῆς,</span> <span class='ocrx_word' id='word_1_180' title='bbox 1283 2262 1357 2321; x_wconf 87' lang='grc' dir='ltr'>ὦν</span> <span class='ocrx_word' id='word_1_181' title='bbox 1388 2269 1450 2322; x_wconf 82' lang='grc' dir='ltr'>τὸ</span> <span class='ocrx_word' id='word_1_182' title='bbox 1492 2270 1590 2340; x_wconf 78' lang='grc' dir='ltr'>μὲν</span> <span class='ocrx_word' id='word_1_183' title='bbox 1625 2271 1785 2342; x_wconf 83' lang='grc' dir='ltr'>σῶμά</span> <span class='ocrx_word' id='word_1_184' title='bbox 1827 2273 1976 2326; x_wconf 81' lang='grc' dir='ltr'>ἐστιν</span> 
     </span>
    </p>
   </div>
   <div class='ocr_carea' id='block_1_25' title="bbox 392 2353 2009 2434">
    <p class='ocr_par' dir='ltr' id='par_1_25' title="bbox 392 2353 2009 2434">
     <span class='ocr_line' id='line_1_25' title="bbox 392 2353 2009 2434; baseline 0.004 -24"><span class='ocrx_word' id='word_1_185' title='bbox 392 2353 656 2425; x_wconf 72' lang='grc' dir='ltr'>αἰθέριον,</span> <span class='ocrx_word' id='word_1_186' title='bbox 690 2356 1007 2427; x_wconf 86' lang='grc' dir='ltr'>κινούμενον</span> <span class='ocrx_word' id='word_1_187' title='bbox 1042 2359 1473 2431; x_wconf 79' lang='grc' dir='ltr'>κυκλοφορικῶς,</span> <span class='ocrx_word' id='word_1_188' title='bbox 1506 2363 1539 2431; x_wconf 78' lang='grc' dir='ltr'>ἡ</span> <span class='ocrx_word' id='word_1_189' title='bbox 1570 2361 1715 2434; x_wconf 80' lang='grc' dir='ltr'>ψυχὴ</span> <span class='ocrx_word' id='word_1_190' title='bbox 1733 2362 1790 2415; x_wconf 82' lang='grc' dir='ltr'>δὲ</span> <span class='ocrx_word' id='word_1_191' title='bbox 1818 2362 1975 2432; x_wconf 85' lang='grc' dir='ltr'>λόγος</span> <span class='ocrx_word' id='word_1_192' title='bbox 2002 2372 2009 2381; x_wconf 88' lang='grc'><em>’</em></span> 
     </span>
    </p>
   </div>
   <div class='ocr_carea' id='block_1_26' title="bbox 392 2444 1973 2523">
    <p class='ocr_par' dir='ltr' id='par_1_26' title="bbox 392 2444 1973 2523">
     <span class='ocr_line' id='line_1_26' title="bbox 392 2444 1973 2523; baseline 0.008 -26"><span class='ocrx_word' id='word_1_193' title='bbox 392 2444 670 2514; x_wconf 86' lang='grc' dir='ltr'>ἀκίνητος,</span> <span class='ocrx_word' id='word_1_194' title='bbox 699 2445 873 2510; x_wconf 80' lang='grc' dir='ltr'>αἴτιος</span> <span class='ocrx_word' id='word_1_195' title='bbox 913 2448 1011 2518; x_wconf 87' lang='grc' dir='ltr'>τῆς</span> <span class='ocrx_word' id='word_1_196' title='bbox 1058 2449 1325 2517; x_wconf 85' lang='grc' dir='ltr'>κινήσεως</span> <span class='ocrx_word' id='word_1_197' title='bbox 1386 2451 1505 2504; x_wconf 85' lang='grc' dir='ltr'>κατ’</span> <span class='ocrx_word' id='word_1_198' title='bbox 1559 2454 1855 2523; x_wconf 73' lang='grc' dir='ltr'>ἐνέργειαν.</span> <span class='ocrx_word' id='word_1_199' title='bbox 1910 2456 1973 2509; x_wconf 86' lang='lat' dir='ltr'><strong>Ol</strong></span> 
     </span>
    </p>
   </div>
   <div class='ocr_carea' id='block_1_27' title="bbox 392 2534 1970 2615">
    <p class='ocr_par' dir='ltr' id='par_1_27' title="bbox 392 2534 1970 2615">
     <span class='ocr_line' id='line_1_27' title="bbox 392 2534 1970 2615; baseline 0.006 -25"><span class='ocrx_word' id='word_1_200' title='bbox 392 2534 622 2590; x_wconf 78' lang='grc' dir='ltr'>Στωϊκοὶ</span> <span class='ocrx_word' id='word_1_201' title='bbox 653 2536 960 2609; x_wconf 79' lang='grc' dir='ltr'>κοινότερον</span> <span class='ocrx_word' id='word_1_202' title='bbox 992 2539 1123 2592; x_wconf 83' lang='grc' dir='ltr'><strong>Θεὸν</strong></span> <span class='ocrx_word' id='word_1_203' title='bbox 1144 2541 1536 2608; x_wconf 83' lang='grc' dir='ltr'>ἀποφαίνονται</span> <span class='ocrx_word' id='word_1_204' title='bbox 1572 2542 1683 2615; x_wconf 90' lang='grc' dir='ltr'><strong>πῦρ</strong></span> <span class='ocrx_word' id='word_1_205' title='bbox 1705 2545 1970 2615; x_wconf 72' lang='grc' dir='ltr'>τεχνικὸν,</span> 
     </span>
    </p>
   </div>
   <div class='ocr_carea' id='block_1_28' title="bbox 390 2625 1975 2706">
    <p class='ocr_par' dir='ltr' id='par_1_28' title="bbox 390 2625 1975 2706">
     <span class='ocr_line' id='line_1_28' title="bbox 390 2625 1975 2706; baseline 0.009 -29"><span class='ocrx_word' id='word_1_206' title='bbox 390 2625 495 2695; x_wconf 81' lang='grc' dir='ltr'>6δῷ</span> <span class='ocrx_word' id='word_1_207' title='bbox 520 2625 734 2696; x_wconf 78' lang='grc' dir='ltr'>βαδίζον</span> <span class='ocrx_word' id='word_1_208' title='bbox 759 2629 853 2682; x_wconf 75' lang='grc' dir='ltr'><strong>ἐπὶ</strong></span> <span class='ocrx_word' id='word_1_209' title='bbox 884 2629 1098 2697; x_wconf 70' lang='grc' dir='ltr'>γόνασιν</span> <span class='ocrx_word' id='word_1_210' title='bbox 1124 2632 1331 2702; x_wconf 85' lang='grc' dir='ltr'>κόσμου</span> <span class='ocrx_word' id='word_1_211' title='bbox 1350 2673 1364 2697; x_wconf 91' lang='grc'><strong>,</strong></span> <span class='ocrx_word' id='word_1_212' title='bbox 1394 2635 1805 2706; x_wconf 80' lang='grc' dir='ltr'>περιειληφότος</span> <span class='ocrx_word' id='word_1_213' title='bbox 1840 2637 1975 2691; x_wconf 88' lang='grc' dir='ltr'>πάν-</span> 
     </span>
    </p>
   </div>
   <div class='ocr_carea' id='block_1_29' title="bbox 390 2719 1970 2791">
    <p class='ocr_par' dir='ltr' id='par_1_29' title="bbox 390 2719 1970 2791">
     <span class='ocr_line' id='line_1_29' title="bbox 390 2719 1970 2791; baseline 0.007 -19"><span class='ocrx_word' id='word_1_214' title='bbox 390 2733 487 2780; x_wconf 92' lang='grc' dir='ltr'><strong>τας</strong></span> <span class='ocrx_word' id='word_1_215' title='bbox 517 2719 644 2780; x_wconf 84' lang='grc' dir='ltr'>τοὺς</span> <span class='ocrx_word' id='word_1_216' title='bbox 674 2722 1084 2791; x_wconf 75' lang='grc' dir='ltr'>σπερματικοὺς</span> <span class='ocrx_word' id='word_1_217' title='bbox 1108 2721 1320 2790; x_wconf 87' lang='grc' dir='ltr'>λόγους,</span> <span class='ocrx_word' id='word_1_218' title='bbox 1351 2724 1471 2778; x_wconf 86' lang='grc' dir='ltr'>καθ’</span> <span class='ocrx_word' id='word_1_219' title='bbox 1496 2726 1590 2788; x_wconf 84' lang='grc' dir='ltr'>οὓς</span> <span class='ocrx_word' id='word_1_220' title='bbox 1618 2727 1824 2781; x_wconf 75' lang='grc' dir='ltr'>ἕκαστα</span> <span class='ocrx_word' id='word_1_221' title='bbox 1849 2730 1970 2783; x_wconf 87' lang='grc' dir='ltr'>καθ’</span> 
     </span>
    </p>
   </div>
   <div class='ocr_carea' id='block_1_30' title="bbox 390 2808 1969 2887">
    <p class='ocr_par' dir='ltr' id='par_1_30' title="bbox 390 2808 1969 2887">
     <span class='ocr_line' id='line_1_30' title="bbox 390 2808 1969 2887; baseline 0.009 -28"><span class='ocrx_word' id='word_1_222' title='bbox 390 2808 732 2879; x_wconf 73' lang='grc' dir='ltr'>εἱμαρμένην</span> <span class='ocrx_word' id='word_1_223' title='bbox 759 2810 992 2877; x_wconf 90' lang='grc' dir='ltr'>γίνεται.</span> <span class='ocrx_word' id='word_1_224' title='bbox 1027 2813 1138 2866; x_wconf 79' lang='grc' dir='ltr'><strong>Καὶ</strong></span> <span class='ocrx_word' id='word_1_225' title='bbox 1171 2814 1390 2885; x_wconf 89' lang='grc' dir='ltr'>πνεῦμα</span> <span class='ocrx_word' id='word_1_226' title='bbox 1418 2815 1519 2886; x_wconf 81' lang='grc' dir='ltr'>μὲν</span> <span class='ocrx_word' id='word_1_227' title='bbox 1546 2817 1734 2887; x_wconf 80' lang='grc' dir='ltr'>διῆκον</span> <span class='ocrx_word' id='word_1_228' title='bbox 1757 2818 1824 2871; x_wconf 85' lang='grc' dir='ltr'><strong>δι’</strong></span> <span class='ocrx_word' id='word_1_229' title='bbox 1847 2819 1969 2873; x_wconf 85' lang='grc' dir='ltr'>ὅλου</span> 
     </span>
    </p>
   </div>
   <div class='ocr_carea' id='block_1_31' title="bbox 387 2895 1971 2975">
    <p class='ocr_par' dir='ltr' id='par_1_31' title="bbox 387 2895 1971 2975">
     <span class='ocr_line' id='line_1_31' title="bbox 387 2895 1971 2975; baseline 0.008 -27"><span class='ocrx_word' id='word_1_230' title='bbox 387 2895 483 2948; x_wconf 87' lang='grc' dir='ltr'><strong>τοῦ</strong></span> <span class='ocrx_word' id='word_1_231' title='bbox 510 2896 736 2968; x_wconf 81' lang='grc' dir='ltr'>κόσμου,</span> <span class='ocrx_word' id='word_1_232' title='bbox 765 2899 864 2962; x_wconf 86' lang='grc' dir='ltr'>τὰς</span> <span class='ocrx_word' id='word_1_233' title='bbox 894 2900 968 2953; x_wconf 74' lang='grc' dir='ltr'><strong>’δὲ</strong></span> <span class='ocrx_word' id='word_1_234' title='bbox 1003 2903 1374 2974; x_wconf 87' lang='grc' dir='ltr'>προσηγορίας</span> <span class='ocrx_word' id='word_1_235' title='bbox 1401 2905 1849 2975; x_wconf 82' lang='grc' dir='ltr'>μεταλαμϐάνον,</span> <span class='ocrx_word' id='word_1_236' title='bbox 1881 2907 1971 2961; x_wconf 84' lang='grc' dir='ltr'><strong>διὰ</strong></span> 
     </span>
    </p>
   </div>
   <div class='ocr_carea' id='block_1_32' title="bbox 388 2982 1969 3066">
    <p class='ocr_par' dir='ltr' id='par_1_32' title="bbox 388 2982 1969 3066">
     <span class='ocr_line' id='line_1_32' title="bbox 388 2982 1969 3066; baseline 0.009 -27"><span class='ocrx_word' id='word_1_237' title='bbox 388 2986 489 3050; x_wconf 67' lang='grc' dir='ltr'>τὰς</span> <span class='ocrx_word' id='word_1_238' title='bbox 518 2986 646 3059; x_wconf 82' lang='grc' dir='ltr'>ὕλης</span> <span class='ocrx_word' id='word_1_239' title='bbox 678 2982 811 3061; x_wconf 77' lang='grc'>(91),</span> <span class='ocrx_word' id='word_1_240' title='bbox 841 2990 908 3044; x_wconf 81' lang='grc' dir='ltr'>δι’</span> <span class='ocrx_word' id='word_1_241' title='bbox 935 2987 1004 3063; x_wconf 86' lang='grc' dir='ltr'>ἦς</span> <span class='ocrx_word' id='word_1_242' title='bbox 1038 2991 1322 3066; x_wconf 83' lang='grc' dir='ltr'>κεχώρηκε</span> <span class='ocrx_word' id='word_1_243' title='bbox 1347 3034 1361 3058; x_wconf 91' lang='grc'><strong>,</strong></span> <span class='ocrx_word' id='word_1_244' title='bbox 1410 2996 1793 3064; x_wconf 81' lang='grc' dir='ltr'>παραλλάξεις.</span> <span class='ocrx_word' id='word_1_245' title='bbox 1836 2998 1969 3055; x_wconf 84' lang='grc' dir='ltr'>Θεδν</span> 
     </span>
    </p>
   </div>
   <div class='ocr_carea' id='block_1_33' title="bbox 387 3078 1965 3161">
    <p class='ocr_par' dir='ltr' id='par_1_33' title="bbox 387 3078 1965 3161">
     <span class='ocr_line' id='line_1_33' title="bbox 387 3078 1965 3161; baseline 0.01 -30"><span class='ocrx_word' id='word_1_246' title='bbox 387 3078 446 3131; x_wconf 78' lang='grc' dir='ltr'>δὲ</span> <span class='ocrx_word' id='word_1_247' title='bbox 468 3080 562 3133; x_wconf 81' lang='grc' dir='ltr'>καὶ</span> <span class='ocrx_word' id='word_1_248' title='bbox 590 3080 679 3134; x_wconf 82' lang='grc' dir='ltr'>τὸν</span> <span class='ocrx_word' id='word_1_249' title='bbox 708 3082 934 3153; x_wconf 87' lang='grc' dir='ltr'>κόσμον,</span> <span class='ocrx_word' id='word_1_250' title='bbox 971 3087 1065 3138; x_wconf 74' lang='grc' dir='ltr'>καὶ</span> <span class='ocrx_word' id='word_1_251' title='bbox 1095 3088 1223 3149; x_wconf 82' lang='grc' dir='ltr'>τοὺς</span> <span class='ocrx_word' id='word_1_252' title='bbox 1252 3088 1489 3159; x_wconf 83' lang='grc' dir='ltr'>ἀστέρας</span> <span class='ocrx_word' id='word_1_253' title='bbox 1511 3129 1526 3153; x_wconf 93' lang='grc'><strong>,</strong></span> <span class='ocrx_word' id='word_1_254' title='bbox 1559 3091 1655 3143; x_wconf 67' lang='grc' dir='ltr'><strong>κα)⁵</strong></span> <span class='ocrx_word' id='word_1_255' title='bbox 1697 3090 1795 3161; x_wconf 78' lang='grc' dir='ltr'>τὴν</span> <span class='ocrx_word' id='word_1_256' title='bbox 1839 3091 1965 3161; x_wconf 84' lang='grc' dir='ltr'>γῆν,</span> 
     </span>
    </p>
   </div>
   <div class='ocr_carea' id='block_1_34' title="bbox 2096 622 3661 681">
    <p class='ocr_par' dir='ltr' id='par_1_34' title="bbox 2096 622 3661 681">
     <span class='ocr_line' id='line_1_34' title="bbox 2096 622 3661 681; baseline -0.003 0"><span class='ocrx_word' id='word_1_257' title='bbox 2096 626 2295 681; x_wconf 81' lang='lat' dir='ltr'><strong>Thales</strong></span> <span class='ocrx_word' id='word_1_258' title='bbox 2339 626 2524 681; x_wconf 88' lang='lat' dir='ltr'><strong>mundi</strong></span> <span class='ocrx_word' id='word_1_259' title='bbox 2566 633 2799 679; x_wconf 89' lang='lat' dir='ltr'><strong>mentem</strong></span> <span class='ocrx_word' id='word_1_260' title='bbox 2846 623 3017 678; x_wconf 89' lang='lat' dir='ltr'><strong>Deum</strong></span> <span class='ocrx_word' id='word_1_261' title='bbox 3042 637 3165 678; x_wconf 85' lang='lat' dir='ltr'><strong>esse</strong></span> <span class='ocrx_word' id='word_1_262' title='bbox 3194 622 3397 677; x_wconf 88' lang='lat' dir='ltr'><strong>voluit:</strong></span> <span class='ocrx_word' id='word_1_263' title='bbox 3447 622 3661 678; x_wconf 77' lang='lat' dir='ltr'><strong>Anaxi-</strong></span> 
     </span>
    </p>
   </div>
   <div class='ocr_carea' id='block_1_35' title="bbox 2094 712 3655 772">
    <p class='ocr_par' dir='ltr' id='par_1_35' title="bbox 2094 712 3655 772">
     <span class='ocr_line' id='line_1_35' title="bbox 2094 712 3655 772; baseline -0.002 0"><span class='ocrx_word' id='word_1_264' title='bbox 2094 718 2322 772; x_wconf 76' lang='lat' dir='ltr'><strong>mander</strong></span> <span class='ocrx_word' id='word_1_265' title='bbox 2349 717 2528 771; x_wconf 84' lang='lat' dir='ltr'><strong>sidera</strong></span> <span class='ocrx_word' id='word_1_266' title='bbox 2559 716 2810 771; x_wconf 73' lang='lat' dir='ltr'><strong>caelestes</strong></span> <span class='ocrx_word' id='word_1_267' title='bbox 2855 714 2987 769; x_wconf 88' lang='lat' dir='ltr'><strong>deos</strong></span> <span class='ocrx_word' id='word_1_268' title='bbox 3022 713 3336 769; x_wconf 86' lang='lat' dir='ltr'><strong>constituit:</strong></span> <span class='ocrx_word' id='word_1_269' title='bbox 3369 712 3655 770; x_wconf 83' lang='lat' dir='ltr'><strong>Democri-</strong></span> 
     </span>
    </p>
   </div>
   <div class='ocr_carea' id='block_1_36' title="bbox 2091 805 3657 877">
    <p class='ocr_par' dir='ltr' id='par_1_36' title="bbox 2091 805 3657 877">
     <span class='ocr_line' id='line_1_36' title="bbox 2091 805 3657 877; baseline -0.001 -15"><span class='ocrx_word' id='word_1_270' title='bbox 2091 816 2179 862; x_wconf 87' lang='lat' dir='ltr'><strong>tus</strong></span> <span class='ocrx_word' id='word_1_271' title='bbox 2232 806 2403 861; x_wconf 90' lang='lat' dir='ltr'><strong>Deum</strong></span> <span class='ocrx_word' id='word_1_272' title='bbox 2439 805 2495 859; x_wconf 93' lang='lat' dir='ltr'><strong>in</strong></span> <span class='ocrx_word' id='word_1_273' title='bbox 2546 806 2669 877; x_wconf 89' lang='lat' dir='ltr'><strong>igne</strong></span> <span class='ocrx_word' id='word_1_274' title='bbox 2700 805 2954 867; x_wconf 90' lang='lat' dir='ltr'><strong>collocat,</strong></span> <span class='ocrx_word' id='word_1_275' title='bbox 3004 805 3301 859; x_wconf 90' lang='lat' dir='ltr'><strong>rotundum</strong></span> <span class='ocrx_word' id='word_1_276' title='bbox 3359 806 3657 875; x_wconf 86' lang='lat' dir='ltr'><strong>quemdam</strong></span> 
     </span>
    </p>
   </div>
   <div class='ocr_carea' id='block_1_37' title="bbox 2090 895 3658 966">
    <p class='ocr_par' dir='ltr' id='par_1_37' title="bbox 2090 895 3658 966">
     <span class='ocr_line' id='line_1_37' title="bbox 2090 895 3658 966; baseline 0 -15"><span class='ocrx_word' id='word_1_277' title='bbox 2090 897 2277 952; x_wconf 87' lang='lat' dir='ltr'><strong>mundi</strong></span> <span class='ocrx_word' id='word_1_278' title='bbox 2345 896 2587 950; x_wconf 87' lang='lat' dir='ltr'><strong>animum</strong></span> <span class='ocrx_word' id='word_1_279' title='bbox 2632 913 2646 949; x_wconf 89' lang='lat'>:</span> <span class='ocrx_word' id='word_1_280' title='bbox 2703 895 3034 966; x_wconf 76' lang='lat' dir='ltr'><strong>Pythagoras</strong></span> <span class='ocrx_word' id='word_1_281' title='bbox 3078 910 3144 949; x_wconf 81' lang='lat' dir='ltr'><strong>ex</strong></span> <span class='ocrx_word' id='word_1_282' title='bbox 3213 895 3497 965; x_wconf 78' lang='lat' dir='ltr'><strong>principiis</strong></span> <span class='ocrx_word' id='word_1_283' title='bbox 3544 898 3658 951; x_wconf 84' lang='lat' dir='ltr'><strong>uui-</strong></span> 
     </span>
    </p>
   </div>
   <div class='ocr_carea' id='block_1_38' title="bbox 2089 987 3657 1057">
    <p class='ocr_par' dir='ltr' id='par_1_38' title="bbox 2089 987 3657 1057">
     <span class='ocr_line' id='line_1_38' title="bbox 2089 987 3657 1057; baseline 0 -12"><span class='ocrx_word' id='word_1_284' title='bbox 2089 998 2254 1045; x_wconf 89' lang='lat' dir='ltr'><strong>tatem</strong></span> <span class='ocrx_word' id='word_1_285' title='bbox 2282 987 2453 1042; x_wconf 89' lang='lat' dir='ltr'><strong>Deum</strong></span> <span class='ocrx_word' id='word_1_286' title='bbox 2486 988 2699 1041; x_wconf 77' lang='lat' dir='ltr'><strong>vocavit</strong></span> <span class='ocrx_word' id='word_1_287' title='bbox 2727 996 2783 1042; x_wconf 87' lang='lat' dir='ltr'><strong>et</strong></span> <span class='ocrx_word' id='word_1_288' title='bbox 2808 987 3033 1053; x_wconf 88' lang='lat' dir='ltr'><strong>bonum,</strong></span> <span class='ocrx_word' id='word_1_289' title='bbox 3073 987 3219 1057; x_wconf 92' lang='lat' dir='ltr'><strong>quod</strong></span> <span class='ocrx_word' id='word_1_290' title='bbox 3245 990 3465 1057; x_wconf 89' lang='lat' dir='ltr'><strong>propria</strong></span> <span class='ocrx_word' id='word_1_291' title='bbox 3490 989 3657 1045; x_wconf 84' lang='lat' dir='ltr'><strong>unius</strong></span> 
     </span>
    </p>
   </div>
   <div class='ocr_carea' id='block_1_39' title="bbox 2087 1072 3657 1153">
    <p class='ocr_par' dir='ltr' id='par_1_39' title="bbox 2087 1072 3657 1153">
     <span class='ocr_line' id='line_1_39' title="bbox 2087 1072 3657 1153; baseline -0.003 -13"><span class='ocrx_word' id='word_1_292' title='bbox 2087 1096 2308 1150; x_wconf 88' lang='lat' dir='ltr'><strong>natura,</strong></span> <span class='ocrx_word' id='word_1_293' title='bbox 2341 1084 2566 1153; x_wconf 90' lang='lat' dir='ltr'><strong>ipsaque</strong></span> <span class='ocrx_word' id='word_1_294' title='bbox 2621 1083 2758 1136; x_wconf 90' lang='lat' dir='ltr'><strong>adeo</strong></span> <span class='ocrx_word' id='word_1_295' title='bbox 2787 1096 2944 1136; x_wconf 86' lang='lat' dir='ltr'><strong>mens</strong></span> <span class='ocrx_word' id='word_1_296' title='bbox 2991 1072 3104 1135; x_wconf 74' lang='lat' dir='ltr'><strong>est:</strong></span> <span class='ocrx_word' id='word_1_297' title='bbox 3155 1080 3427 1135; x_wconf 84' lang='lat' dir='ltr'><strong>inﬁnitum</strong></span> <span class='ocrx_word' id='word_1_298' title='bbox 3474 1090 3657 1136; x_wconf 87' lang='lat' dir='ltr'><strong>autem</strong></span> 
     </span>
    </p>
   </div>
   <div class='ocr_carea' id='block_1_40' title="bbox 2086 1173 3656 1243">
    <p class='ocr_par' dir='ltr' id='par_1_40' title="bbox 2086 1173 3656 1243">
     <span class='ocr_line' id='line_1_40' title="bbox 2086 1173 3656 1243; baseline -0.001 -12"><span class='ocrx_word' id='word_1_299' title='bbox 2086 1176 2385 1241; x_wconf 87' lang='lat' dir='ltr'><strong>binarium,</strong></span> <span class='ocrx_word' id='word_1_300' title='bbox 2420 1175 2747 1236; x_wconf 79' lang='lat' dir='ltr'><strong>daemonem,</strong></span> <span class='ocrx_word' id='word_1_301' title='bbox 2775 1174 3091 1242; x_wconf 85' lang='lat' dir='ltr'><strong>malumque</strong></span> <span class='ocrx_word' id='word_1_302' title='bbox 3111 1173 3273 1237; x_wconf 76' lang='lat' dir='ltr'><strong>dixit,</strong></span> <span class='ocrx_word' id='word_1_303' title='bbox 3307 1173 3375 1227; x_wconf 86' lang='lat' dir='ltr'><strong>ad</strong></span> <span class='ocrx_word' id='word_1_304' title='bbox 3408 1189 3571 1243; x_wconf 84' lang='lat' dir='ltr'><strong>quem</strong></span> <span class='ocrx_word' id='word_1_305' title='bbox 3600 1184 3656 1230; x_wconf 86' lang='lat' dir='ltr'><strong>et</strong></span> 
     </span>
    </p>
   </div>
   <div class='ocr_carea' id='block_1_41' title="bbox 2086 1262 3654 1332">
    <p class='ocr_par' dir='ltr' id='par_1_41' title="bbox 2086 1262 3654 1332">
     <span class='ocr_line' id='line_1_41' title="bbox 2086 1262 3654 1332; baseline -0.001 -13"><span class='ocrx_word' id='word_1_306' title='bbox 2086 1264 2328 1319; x_wconf 74' lang='lat' dir='ltr'><strong>materia:</strong></span> <span class='ocrx_word' id='word_1_307' title='bbox 2356 1264 2532 1332; x_wconf 87' lang='lat' dir='ltr'><strong>copia.</strong></span> <span class='ocrx_word' id='word_1_308' title='bbox 2558 1271 2611 1316; x_wconf 91' lang='lat' dir='ltr'><strong>et</strong></span> <span class='ocrx_word' id='word_1_309' title='bbox 2668 1262 2906 1316; x_wconf 90' lang='lat' dir='ltr'><strong>mundus</strong></span> <span class='ocrx_word' id='word_1_310' title='bbox 2952 1262 3041 1317; x_wconf 90' lang='lat' dir='ltr'><strong>hic</strong></span> <span class='ocrx_word' id='word_1_311' title='bbox 3094 1277 3259 1331; x_wconf 87' lang='lat' dir='ltr'><strong>quem</strong></span> <span class='ocrx_word' id='word_1_312' title='bbox 3292 1262 3541 1316; x_wconf 82' lang='lat' dir='ltr'><strong>videmus</strong></span> <span class='ocrx_word' id='word_1_313' title='bbox 3572 1278 3654 1318; x_wconf 84' lang='lat' dir='ltr'><strong>re-</strong></span> 
     </span>
    </p>
   </div>
   <div class='ocr_carea' id='block_1_42' title="bbox 2090 1352 3655 1423">
    <p class='ocr_par' dir='ltr' id='par_1_42' title="bbox 2090 1352 3655 1423">
     <span class='ocr_line' id='line_1_42' title="bbox 2090 1352 3655 1423; baseline 0.001 -14"><span class='ocrx_word' id='word_1_314' title='bbox 2090 1364 2334 1409; x_wconf 81' lang='lat' dir='ltr'><strong>vocetur.</strong></span> <span class='ocrx_word' id='word_1_315' title='bbox 2358 1370 2376 1404; x_wconf 77' lang='grc' dir='ltr'><strong>ι</strong></span> <span class='ocrx_word' id='word_1_316' title='bbox 2411 1352 2543 1407; x_wconf 87' lang='lat' dir='ltr'><strong>Post</strong></span> <span class='ocrx_word' id='word_1_317' title='bbox 2570 1354 2667 1408; x_wconf 86' lang='lat' dir='ltr'><strong>hos</strong></span> <span class='ocrx_word' id='word_1_318' title='bbox 2694 1353 2786 1422; x_wconf 90' lang='lat' dir='ltr'><strong>qui</strong></span> <span class='ocrx_word' id='word_1_319' title='bbox 2832 1354 3002 1408; x_wconf 86' lang='lat' dir='ltr'><strong>secuti</strong></span> <span class='ocrx_word' id='word_1_320' title='bbox 3053 1362 3182 1408; x_wconf 88' lang='lat' dir='ltr'><strong>sunt</strong></span> <span class='ocrx_word' id='word_1_321' title='bbox 3212 1363 3367 1407; x_wconf 82' lang='lat' dir='ltr'><strong>aetate</strong></span> <span class='ocrx_word' id='word_1_322' title='bbox 3407 1354 3655 1423; x_wconf 77' lang='lat' dir='ltr'><strong>juniores</strong></span> 
     </span>
    </p>
   </div>
   <div class='ocr_carea' id='block_1_43' title="bbox 2082 1442 3655 1512">
    <p class='ocr_par' dir='ltr' id='par_1_43' title="bbox 2082 1442 3655 1512">
     <span class='ocr_line' id='line_1_43' title="bbox 2082 1442 3655 1512; baseline 0 -13"><span class='ocrx_word' id='word_1_323' title='bbox 2082 1445 2299 1499; x_wconf 87' lang='lat' dir='ltr'><strong>attende</strong></span> <span class='ocrx_word' id='word_1_324' title='bbox 2344 1442 2473 1512; x_wconf 87' lang='lat' dir='ltr'><strong>quid</strong></span> <span class='ocrx_word' id='word_1_325' title='bbox 2527 1444 2818 1498; x_wconf 80' lang='lat' dir='ltr'><strong>senserint.</strong></span> <span class='ocrx_word' id='word_1_326' title='bbox 2877 1442 3171 1498; x_wconf 65' lang='lat' dir='ltr'><strong>«Socrates</strong></span> <span class='ocrx_word' id='word_1_327' title='bbox 3198 1453 3251 1498; x_wconf 89' lang='lat' dir='ltr'><strong>et</strong></span> <span class='ocrx_word' id='word_1_328' title='bbox 3282 1443 3437 1499; x_wconf 86' lang='lat' dir='ltr'><strong>Plato</strong></span> <span class='ocrx_word' id='word_1_329' title='bbox 3482 1459 3655 1499; x_wconf 84' lang='lat' dir='ltr'><strong>unum</strong></span> 
     </span>
    </p>
   </div>
   <div class='ocr_carea' id='block_1_44' title="bbox 2082 1534 3651 1605">
    <p class='ocr_par' dir='ltr' id='par_1_44' title="bbox 2082 1534 3651 1605">
     <span class='ocr_line' id='line_1_44' title="bbox 2082 1534 3651 1605; baseline 0.001 -15"><span class='ocrx_word' id='word_1_330' title='bbox 2082 1536 2285 1605; x_wconf 88' lang='lat' dir='ltr'><strong>aliquid</strong></span> <span class='ocrx_word' id='word_1_331' title='bbox 2330 1543 2603 1598; x_wconf 89' lang='lat' dir='ltr'><strong>statuunt,</strong></span> <span class='ocrx_word' id='word_1_332' title='bbox 2646 1534 2917 1602; x_wconf 88' lang='lat' dir='ltr'><strong>uniusque</strong></span> <span class='ocrx_word' id='word_1_333' title='bbox 2968 1544 3196 1599; x_wconf 56' lang='lat' dir='ltr'><strong>natura},</strong></span> <span class='ocrx_word' id='word_1_334' title='bbox 3246 1534 3393 1603; x_wconf 86' lang='lat' dir='ltr'><strong>quod</strong></span> <span class='ocrx_word' id='word_1_335' title='bbox 3431 1549 3499 1591; x_wconf 78' lang='lat' dir='ltr'><strong>ex</strong></span> <span class='ocrx_word' id='word_1_336' title='bbox 3529 1550 3651 1591; x_wconf 81' lang='lat' dir='ltr'><strong>sese</strong></span> 
     </span>
    </p>
   </div>
   <div class='ocr_carea' id='block_1_45' title="bbox 2081 1624 3651 1697">
    <p class='ocr_par' dir='ltr' id='par_1_45' title="bbox 2081 1624 3651 1697">
     <span class='ocr_line' id='line_1_45' title="bbox 2081 1624 3651 1697; baseline 0.001 -17"><span class='ocrx_word' id='word_1_337' title='bbox 2081 1636 2262 1680; x_wconf 91' lang='lat' dir='ltr'><strong>ortum</strong></span> <span class='ocrx_word' id='word_1_338' title='bbox 2287 1626 2377 1690; x_wconf 90' lang='lat' dir='ltr'><strong>sit,</strong></span> <span class='ocrx_word' id='word_1_339' title='bbox 2406 1626 2659 1694; x_wconf 87' lang='lat' dir='ltr'><strong>idemque</strong></span> <span class='ocrx_word' id='word_1_340' title='bbox 2681 1626 2975 1696; x_wconf 79' lang='lat' dir='ltr'><strong>singulare,</strong></span> <span class='ocrx_word' id='word_1_341' title='bbox 3010 1640 3075 1679; x_wconf 88' lang='lat' dir='ltr'><strong>ac</strong></span> <span class='ocrx_word' id='word_1_342' title='bbox 3097 1640 3223 1680; x_wconf 86' lang='lat' dir='ltr'><strong>vere</strong></span> <span class='ocrx_word' id='word_1_343' title='bbox 3248 1624 3451 1680; x_wconf 89' lang='lat' dir='ltr'><strong>bonum</strong></span> <span class='ocrx_word' id='word_1_344' title='bbox 3472 1644 3487 1681; x_wconf 90' lang='lat'><strong>:</strong></span> <span class='ocrx_word' id='word_1_345' title='bbox 3528 1642 3651 1697; x_wconf 63' lang='lat' dir='ltr'><strong>quae</strong></span> 
     </span>
    </p>
   </div>
   <div class='ocr_carea' id='block_1_46' title="bbox 2080 1715 3649 1786">
    <p class='ocr_par' dir='ltr' id='par_1_46' title="bbox 2080 1715 3649 1786">
     <span class='ocr_line' id='line_1_46' title="bbox 2080 1715 3649 1786; baseline 0.001 -16"><span class='ocrx_word' id='word_1_346' title='bbox 2080 1716 2260 1770; x_wconf 90' lang='lat' dir='ltr'><strong>omnis</strong></span> <span class='ocrx_word' id='word_1_347' title='bbox 2300 1715 2723 1786; x_wconf 84' lang='lat' dir='ltr'><strong>appellationum</strong></span> <span class='ocrx_word' id='word_1_348' title='bbox 2779 1716 3015 1770; x_wconf 83' lang='lat' dir='ltr'><strong>varietas</strong></span> <span class='ocrx_word' id='word_1_349' title='bbox 3065 1730 3229 1768; x_wconf 91' lang='lat' dir='ltr'><strong>unam</strong></span> <span class='ocrx_word' id='word_1_350' title='bbox 3285 1716 3352 1770; x_wconf 90' lang='lat' dir='ltr'><strong>ad</strong></span> <span class='ocrx_word' id='word_1_351' title='bbox 3408 1729 3649 1772; x_wconf 89' lang='lat' dir='ltr'><strong>mentem</strong></span> 
     </span>
    </p>
   </div>
   <div class='ocr_carea' id='block_1_47' title="bbox 2081 1802 3647 1877">
    <p class='ocr_par' dir='ltr' id='par_1_47' title="bbox 2081 1802 3647 1877">
     <span class='ocr_line' id='line_1_47' title="bbox 2081 1802 3647 1877; baseline 0.001 -15"><span class='ocrx_word' id='word_1_352' title='bbox 2081 1816 2289 1875; x_wconf 85' lang='lat' dir='ltr'><strong>spectat</strong></span> <span class='ocrx_word' id='word_1_353' title='bbox 2321 1822 2385 1861; x_wconf 83' lang='lat' dir='ltr'><strong>ac</strong></span> <span class='ocrx_word' id='word_1_354' title='bbox 2425 1807 2617 1860; x_wconf 88' lang='lat' dir='ltr'><strong>tendit.</strong></span> <span class='ocrx_word' id='word_1_355' title='bbox 2661 1806 2812 1861; x_wconf 77' lang='lat' dir='ltr'><strong>Mens</strong></span> <span class='ocrx_word' id='word_1_356' title='bbox 2870 1806 3036 1877; x_wconf 87' lang='lat' dir='ltr'><strong>igitur</strong></span> <span class='ocrx_word' id='word_1_357' title='bbox 3079 1802 3223 1861; x_wconf 86' lang='lat' dir='ltr'><strong>Deus</strong></span> <span class='ocrx_word' id='word_1_358' title='bbox 3272 1806 3394 1871; x_wconf 86' lang='lat' dir='ltr'><strong>erit,</strong></span> <span class='ocrx_word' id='word_1_359' title='bbox 3442 1819 3647 1863; x_wconf 89' lang='lat' dir='ltr'><strong>semota</strong></span> 
     </span>
    </p>
   </div>
   <div class='ocr_carea' id='block_1_48' title="bbox 2080 1897 3649 1967">
    <p class='ocr_par' dir='ltr' id='par_1_48' title="bbox 2080 1897 3649 1967">
     <span class='ocr_line' id='line_1_48' title="bbox 2080 1897 3649 1967; baseline 0.003 -17"><span class='ocrx_word' id='word_1_360' title='bbox 2080 1897 2325 1967; x_wconf 66' lang='lat' dir='ltr'><strong>qutedam</strong></span> <span class='ocrx_word' id='word_1_361' title='bbox 2366 1897 2565 1962; x_wconf 76' lang='lat' dir='ltr'><strong>forma,</strong></span> <span class='ocrx_word' id='word_1_362' title='bbox 2604 1899 2706 1953; x_wconf 88' lang='lat' dir='ltr'><strong>hoc</strong></span> <span class='ocrx_word' id='word_1_363' title='bbox 2725 1906 2811 1952; x_wconf 89' lang='lat' dir='ltr'><strong>est</strong></span> <span class='ocrx_word' id='word_1_364' title='bbox 2835 1898 2903 1951; x_wconf 88' lang='lat' dir='ltr'><strong>ah</strong></span> <span class='ocrx_word' id='word_1_365' title='bbox 2936 1900 3085 1953; x_wconf 91' lang='lat' dir='ltr'><strong>omni</strong></span> <span class='ocrx_word' id='word_1_366' title='bbox 3116 1908 3222 1955; x_wconf 88' lang='lat' dir='ltr'><strong>tam</strong></span> <span class='ocrx_word' id='word_1_367' title='bbox 3255 1901 3499 1956; x_wconf 71' lang='lat' dir='ltr'><strong>materize</strong></span> <span class='ocrx_word' id='word_1_368' title='bbox 3522 1917 3649 1957; x_wconf 74' lang='lat' dir='ltr'><strong>con-</strong></span> 
     </span>
    </p>
   </div>
   <div class='ocr_carea' id='block_1_49' title="bbox 2079 1989 3647 2063">
    <p class='ocr_par' dir='ltr' id='par_1_49' title="bbox 2079 1989 3647 2063">
     <span class='ocr_line' id='line_1_49' title="bbox 2079 1989 3647 2063; baseline 0.003 -21"><span class='ocrx_word' id='word_1_369' title='bbox 2079 1989 2322 2043; x_wconf 86' lang='lat' dir='ltr'><strong>cretione</strong></span> <span class='ocrx_word' id='word_1_370' title='bbox 2369 2004 2534 2058; x_wconf 87' lang='lat' dir='ltr'><strong>quam</strong></span> <span class='ocrx_word' id='word_1_371' title='bbox 2585 1990 2842 2058; x_wconf 77' lang='lat' dir='ltr'><strong>patientis</strong></span> <span class='ocrx_word' id='word_1_372' title='bbox 2871 1990 3113 2060; x_wconf 87' lang='lat' dir='ltr'><strong>cujusvis</strong></span> <span class='ocrx_word' id='word_1_373' title='bbox 3142 1992 3401 2047; x_wconf 87' lang='lat' dir='ltr'><strong>societate</strong></span> <span class='ocrx_word' id='word_1_374' title='bbox 3438 1994 3647 2063; x_wconf 85' lang='lat' dir='ltr'><strong>disjun-</strong></span> 
     </span>
    </p>
   </div>
   <div class='ocr_carea' id='block_1_50' title="bbox 2078 2080 3641 2153">
    <p class='ocr_par' dir='ltr' id='par_1_50' title="bbox 2078 2080 3641 2153">
     <span class='ocr_line' id='line_1_50' title="bbox 2078 2080 3641 2153; baseline 0.003 -18"><span class='ocrx_word' id='word_1_375' title='bbox 2078 2091 2185 2135; x_wconf 90' lang='lat' dir='ltr'><strong>cta.</strong></span> <span class='ocrx_word' id='word_1_376' title='bbox 2252 2081 2530 2135; x_wconf 84' lang='lat' dir='ltr'><strong>Aristoteli</strong></span> <span class='ocrx_word' id='word_1_377' title='bbox 2593 2080 2804 2149; x_wconf 86' lang='lat' dir='ltr'><strong>placuit</strong></span> <span class='ocrx_word' id='word_1_378' title='bbox 2874 2097 3150 2136; x_wconf 89' lang='lat' dir='ltr'><strong>summum</strong></span> <span class='ocrx_word' id='word_1_379' title='bbox 3214 2084 3433 2153; x_wconf 88' lang='lat' dir='ltr'><strong>quidem</strong></span> <span class='ocrx_word' id='word_1_380' title='bbox 3488 2085 3641 2140; x_wconf 88' lang='lat' dir='ltr'><strong>illum</strong></span> 
     </span>
    </p>
   </div>
   <div class='ocr_carea' id='block_1_51' title="bbox 2078 2172 3644 2245">
    <p class='ocr_par' dir='ltr' id='par_1_51' title="bbox 2078 2172 3644 2245">
     <span class='ocr_line' id='line_1_51' title="bbox 2078 2172 3644 2245; baseline 0.004 -20"><span class='ocrx_word' id='word_1_381' title='bbox 2078 2172 2272 2235; x_wconf 90' lang='lat' dir='ltr'><strong>Deum,</strong></span> <span class='ocrx_word' id='word_1_382' title='bbox 2308 2182 2575 2227; x_wconf 87' lang='lat' dir='ltr'><strong>semotam</strong></span> <span class='ocrx_word' id='word_1_383' title='bbox 2625 2186 2690 2227; x_wconf 89' lang='lat' dir='ltr'><strong>ac</strong></span> <span class='ocrx_word' id='word_1_384' title='bbox 2732 2173 3064 2241; x_wconf 87' lang='lat' dir='ltr'><strong>singularem</strong></span> <span class='ocrx_word' id='word_1_385' title='bbox 3095 2189 3217 2229; x_wconf 86' lang='lat' dir='ltr'><strong>esse</strong></span> <span class='ocrx_word' id='word_1_386' title='bbox 3259 2173 3513 2239; x_wconf 76' lang='lat' dir='ltr'><strong>formam,</strong></span> <span class='ocrx_word' id='word_1_387' title='bbox 3547 2177 3644 2245; x_wconf 88' lang='lat' dir='ltr'><strong>qui</strong></span> 
     </span>
    </p>
   </div>
   <div class='ocr_carea' id='block_1_52' title="bbox 2078 2259 3640 2334">
    <p class='ocr_par' dir='ltr' id='par_1_52' title="bbox 2078 2259 3640 2334">
     <span class='ocr_line' id='line_1_52' title="bbox 2078 2259 3640 2334; baseline 0.004 -22"><span class='ocrx_word' id='word_1_388' title='bbox 2078 2260 2319 2313; x_wconf 79' lang='lat' dir='ltr'><strong>universi</strong></span> <span class='ocrx_word' id='word_1_389' title='bbox 2352 2259 2516 2328; x_wconf 87' lang='lat' dir='ltr'><strong>hujus</strong></span> <span class='ocrx_word' id='word_1_390' title='bbox 2547 2260 2816 2327; x_wconf 73' lang='lat' dir='ltr'><strong>sphaeram</strong></span> <span class='ocrx_word' id='word_1_391' title='bbox 2852 2262 3104 2327; x_wconf 86' lang='lat' dir='ltr'><strong>insideat,</strong></span> <span class='ocrx_word' id='word_1_392' title='bbox 3142 2278 3362 2332; x_wconf 89' lang='lat' dir='ltr'><strong>corpus,</strong></span> <span class='ocrx_word' id='word_1_393' title='bbox 3392 2264 3640 2334; x_wconf 87' lang='lat' dir='ltr'><strong>inquam,</strong></span> 
     </span>
    </p>
   </div>
   <div class='ocr_carea' id='block_1_53' title="bbox 2076 2350 3642 2423">
    <p class='ocr_par' dir='ltr' id='par_1_53' title="bbox 2076 2350 3642 2423">
     <span class='ocr_line' id='line_1_53' title="bbox 2076 2350 3642 2423; baseline 0.004 -20"><span class='ocrx_word' id='word_1_394' title='bbox 2076 2350 2207 2404; x_wconf 91' lang='lat' dir='ltr'><strong>illud</strong></span> <span class='ocrx_word' id='word_1_395' title='bbox 2239 2350 2548 2413; x_wconf 66' lang='lat' dir='ltr'><strong>aetherium,</strong></span> <span class='ocrx_word' id='word_1_396' title='bbox 2581 2352 2726 2420; x_wconf 85' lang='lat' dir='ltr'><strong>quod</strong></span> <span class='ocrx_word' id='word_1_397' title='bbox 2766 2351 2837 2406; x_wconf 90' lang='lat' dir='ltr'><strong>ab</strong></span> <span class='ocrx_word' id='word_1_398' title='bbox 2865 2353 3055 2407; x_wconf 89' lang='lat' dir='ltr'><strong>eodem</strong></span> <span class='ocrx_word' id='word_1_399' title='bbox 3096 2353 3348 2423; x_wconf 90' lang='lat' dir='ltr'><strong>quintum</strong></span> <span class='ocrx_word' id='word_1_400' title='bbox 3393 2365 3642 2411; x_wconf 86' lang='lat' dir='ltr'><strong>vocatur.</strong></span> 
     </span>
    </p>
   </div>
   <div class='ocr_carea' id='block_1_54' title="bbox 2076 2440 3646 2515">
    <p class='ocr_par' dir='ltr' id='par_1_54' title="bbox 2076 2440 3646 2515">
     <span class='ocr_line' id='line_1_54' title="bbox 2076 2440 3646 2515; baseline 0.002 -16"><span class='ocrx_word' id='word_1_401' title='bbox 2076 2441 2238 2512; x_wconf 80' lang='lat'><strong>755</strong></span> <span class='ocrx_word' id='word_1_402' title='bbox 2277 2440 2343 2495; x_wconf 88' lang='lat' dir='ltr'><strong>Et</strong></span> <span class='ocrx_word' id='word_1_403' title='bbox 2384 2441 2604 2511; x_wconf 88' lang='lat' dir='ltr'><strong>quidem</strong></span> <span class='ocrx_word' id='word_1_404' title='bbox 2642 2442 2900 2498; x_wconf 86' lang='lat' dir='ltr'><strong>universo</strong></span> <span class='ocrx_word' id='word_1_405' title='bbox 2949 2444 3134 2512; x_wconf 83' lang='lat' dir='ltr'><strong>plures</strong></span> <span class='ocrx_word' id='word_1_406' title='bbox 3170 2446 3223 2499; x_wconf 93' lang='lat' dir='ltr'><strong>in</strong></span> <span class='ocrx_word' id='word_1_407' title='bbox 3270 2447 3514 2515; x_wconf 60' lang='lat' dir='ltr'><strong>sphaeras</strong></span> <span class='ocrx_word' id='word_1_408' title='bbox 3560 2448 3646 2503; x_wconf 84' lang='lat' dir='ltr'><strong>di-</strong></span> 
     </span>
    </p>
   </div>
   <div class='ocr_carea' id='block_1_55' title="bbox 2075 2532 3645 2602">
    <p class='ocr_par' dir='ltr' id='par_1_55' title="bbox 2075 2532 3645 2602">
     <span class='ocr_line' id='line_1_55' title="bbox 2075 2532 3645 2602; baseline 0.004 -17"><span class='ocrx_word' id='word_1_409' title='bbox 2075 2532 2299 2597; x_wconf 77' lang='lat' dir='ltr'><strong>stincto,</strong></span> <span class='ocrx_word' id='word_1_410' title='bbox 2321 2546 2444 2600; x_wconf 66' lang='lat' dir='ltr'><strong>quae</strong></span> <span class='ocrx_word' id='word_1_411' title='bbox 2470 2541 2663 2601; x_wconf 84' lang='lat' dir='ltr'><strong>suapte</strong></span> <span class='ocrx_word' id='word_1_412' title='bbox 2690 2540 2885 2586; x_wconf 89' lang='lat' dir='ltr'><strong>natura</strong></span> <span class='ocrx_word' id='word_1_413' title='bbox 2912 2536 3204 2602; x_wconf 65' lang='lat' dir='ltr'><strong>contiguae,</strong></span> <span class='ocrx_word' id='word_1_414' title='bbox 3227 2536 3458 2592; x_wconf 87' lang='lat' dir='ltr'><strong>rationis</strong></span> <span class='ocrx_word' id='word_1_415' title='bbox 3480 2537 3645 2591; x_wconf 87' lang='lat' dir='ltr'><strong>unius</strong></span> 
     </span>
    </p>
   </div>
   <div class='ocr_carea' id='block_1_56' title="bbox 2075 2622 3645 2696">
    <p class='ocr_par' dir='ltr' id='par_1_56' title="bbox 2075 2622 3645 2696">
     <span class='ocr_line' id='line_1_56' title="bbox 2075 2622 3645 2696; baseline 0.004 -22"><span class='ocrx_word' id='word_1_416' title='bbox 2075 2622 2127 2676; x_wconf 88' lang='lat' dir='ltr'><strong>vi</strong></span> <span class='ocrx_word' id='word_1_417' title='bbox 2155 2630 2499 2691; x_wconf 84' lang='lat' dir='ltr'><strong>separentur,</strong></span> <span class='ocrx_word' id='word_1_418' title='bbox 2531 2637 2719 2677; x_wconf 85' lang='lat' dir='ltr'><strong>earum</strong></span> <span class='ocrx_word' id='word_1_419' title='bbox 2749 2625 3048 2693; x_wconf 83' lang='lat' dir='ltr'><strong>quamlibet</strong></span> <span class='ocrx_word' id='word_1_420' title='bbox 3082 2626 3284 2681; x_wconf 71' lang='lat' dir='ltr'><strong>animal</strong></span> <span class='ocrx_word' id='word_1_421' title='bbox 3328 2641 3451 2682; x_wconf 87' lang='lat' dir='ltr'><strong>esse</strong></span> <span class='ocrx_word' id='word_1_422' title='bbox 3488 2636 3645 2696; x_wconf 85' lang='lat' dir='ltr'><strong>putat</strong></span> 
     </span>
    </p>
   </div>
   <div class='ocr_carea' id='block_1_57' title="bbox 2072 2714 3644 2786">
    <p class='ocr_par' dir='ltr' id='par_1_57' title="bbox 2072 2714 3644 2786">
     <span class='ocr_line' id='line_1_57' title="bbox 2072 2714 3644 2786; baseline 0.003 -19"><span class='ocrx_word' id='word_1_423' title='bbox 2072 2727 2138 2767; x_wconf 82' lang='lat' dir='ltr'><strong>ex</strong></span> <span class='ocrx_word' id='word_1_424' title='bbox 2168 2728 2399 2782; x_wconf 89' lang='lat' dir='ltr'><strong>corpore</strong></span> <span class='ocrx_word' id='word_1_425' title='bbox 2441 2714 2739 2783; x_wconf 88' lang='lat' dir='ltr'><strong>animoque</strong></span> <span class='ocrx_word' id='word_1_426' title='bbox 2778 2715 3119 2771; x_wconf 81' lang='lat' dir='ltr'><strong>conﬂatum:</strong></span> <span class='ocrx_word' id='word_1_427' title='bbox 3181 2717 3255 2770; x_wconf 91' lang='lat' dir='ltr'><strong>ita</strong></span> <span class='ocrx_word' id='word_1_428' title='bbox 3304 2717 3549 2786; x_wconf 84' lang='lat' dir='ltr'><strong>quidem,</strong></span> <span class='ocrx_word' id='word_1_429' title='bbox 3583 2727 3644 2773; x_wconf 89' lang='lat' dir='ltr'><strong>ut</strong></span> 
     </span>
    </p>
   </div>
   <div class='ocr_carea' id='block_1_58' title="bbox 2071 2804 3641 2875">
    <p class='ocr_par' dir='ltr' id='par_1_58' title="bbox 2071 2804 3641 2875">
     <span class='ocr_line' id='line_1_58' title="bbox 2071 2804 3641 2875; baseline 0.003 -17"><span class='ocrx_word' id='word_1_430' title='bbox 2071 2819 2271 2873; x_wconf 86' lang='lat' dir='ltr'><strong>corpus</strong></span> <span class='ocrx_word' id='word_1_431' title='bbox 2310 2804 2597 2858; x_wconf 62' lang='lat' dir='ltr'><strong>aetherium</strong></span> <span class='ocrx_word' id='word_1_432' title='bbox 2650 2820 2794 2867; x_wconf 82' lang='lat' dir='ltr'><strong>esse,</strong></span> <span class='ocrx_word' id='word_1_433' title='bbox 2843 2814 3009 2875; x_wconf 87' lang='lat' dir='ltr'><strong>atque</strong></span> <span class='ocrx_word' id='word_1_434' title='bbox 3071 2807 3125 2861; x_wconf 88' lang='lat' dir='ltr'><strong>in</strong></span> <span class='ocrx_word' id='word_1_435' title='bbox 3174 2807 3361 2861; x_wconf 87' lang='lat' dir='ltr'><strong>orbem</strong></span> <span class='ocrx_word' id='word_1_436' title='bbox 3410 2810 3641 2873; x_wconf 84' lang='lat' dir='ltr'><strong>moveri,</strong></span> 
     </span>
    </p>
   </div>
   <div class='ocr_carea' id='block_1_59' title="bbox 2070 2895 3640 2967">
    <p class='ocr_par' dir='ltr' id='par_1_59' title="bbox 2070 2895 3640 2967">
     <span class='ocr_line' id='line_1_59' title="bbox 2070 2895 3640 2967; baseline 0.004 -18"><span class='ocrx_word' id='word_1_437' title='bbox 2070 2897 2340 2960; x_wconf 89' lang='lat' dir='ltr'><strong>animum,</strong></span> <span class='ocrx_word' id='word_1_438' title='bbox 2383 2895 2649 2950; x_wconf 87' lang='lat' dir='ltr'><strong>rationem</strong></span> <span class='ocrx_word' id='word_1_439' title='bbox 2703 2896 3058 2961; x_wconf 86' lang='lat' dir='ltr'><strong>immobilem,</strong></span> <span class='ocrx_word' id='word_1_440' title='bbox 3103 2913 3168 2953; x_wconf 90' lang='lat' dir='ltr'><strong>ac</strong></span> <span class='ocrx_word' id='word_1_441' title='bbox 3209 2913 3266 2952; x_wconf 89' lang='lat' dir='ltr'><strong>re</strong></span> <span class='ocrx_word' id='word_1_442' title='bbox 3300 2898 3416 2967; x_wconf 85' lang='lat' dir='ltr'><strong>ipsa</strong></span> <span class='ocrx_word' id='word_1_443' title='bbox 3452 2909 3640 2956; x_wconf 87' lang='lat' dir='ltr'><strong>motus</strong></span> 
     </span>
    </p>
   </div>
   <div class='ocr_carea' id='block_1_60' title="bbox 2069 2988 3640 3058">
    <p class='ocr_par' dir='ltr' id='par_1_60' title="bbox 2069 2988 3640 3058">
     <span class='ocr_line' id='line_1_60' title="bbox 2069 2988 3640 3058; baseline 0.002 -16"><span class='ocrx_word' id='word_1_444' title='bbox 2069 2988 2388 3043; x_wconf 83' lang='lat' dir='ltr'><strong>ellicientem</strong></span> <span class='ocrx_word' id='word_1_445' title='bbox 2445 3002 2570 3043; x_wconf 86' lang='lat' dir='ltr'><strong>esse</strong></span> <span class='ocrx_word' id='word_1_446' title='bbox 2617 2988 2766 3041; x_wconf 89' lang='lat' dir='ltr'><strong>velit.</strong></span> <span class='ocrx_word' id='word_1_447' title='bbox 2832 2988 3001 3042; x_wconf 86' lang='lat' dir='ltr'><strong>Stoici</strong></span> <span class='ocrx_word' id='word_1_448' title='bbox 3050 3000 3260 3058; x_wconf 88' lang='lat' dir='ltr'><strong>partem</strong></span> <span class='ocrx_word' id='word_1_449' title='bbox 3302 2988 3417 3045; x_wconf 81' lang='lat' dir='ltr'><strong>fere</strong></span> <span class='ocrx_word' id='word_1_450' title='bbox 3469 2992 3640 3045; x_wconf 82' lang='lat' dir='ltr'><strong>maxi-</strong></span> 
     </span>
    </p>
   </div>
   <div class='ocr_carea' id='block_1_61' title="bbox 2069 3079 3638 3151">
    <p class='ocr_par' dir='ltr' id='par_1_61' title="bbox 2069 3079 3638 3151">
     <span class='ocr_line' id='line_1_61' title="bbox 2069 3079 3638 3151; baseline 0.002 -16"><span class='ocrx_word' id='word_1_451' title='bbox 2069 3095 2238 3144; x_wconf 88' lang='lat' dir='ltr'><strong>mam,</strong></span> <span class='ocrx_word' id='word_1_452' title='bbox 2268 3079 2624 3137; x_wconf 88' lang='lat' dir='ltr'><strong>artiﬁciosum</strong></span> <span class='ocrx_word' id='word_1_453' title='bbox 2656 3080 2811 3134; x_wconf 92' lang='lat' dir='ltr'><strong>illum</strong></span> <span class='ocrx_word' id='word_1_454' title='bbox 2842 3080 3020 3151; x_wconf 87' lang='lat' dir='ltr'><strong>ignem</strong></span> <span class='ocrx_word' id='word_1_455' title='bbox 3052 3079 3220 3135; x_wconf 91' lang='lat' dir='ltr'><strong>Deum</strong></span> <span class='ocrx_word' id='word_1_456' title='bbox 3247 3097 3370 3138; x_wconf 86' lang='lat' dir='ltr'><strong>esse</strong></span> <span class='ocrx_word' id='word_1_457' title='bbox 3399 3098 3638 3151; x_wconf 87' lang='lat' dir='ltr'><strong>pronun-</strong></span> 
     </span>
    </p>
   </div>
   <div class='ocr_carea' id='block_1_62' title="bbox 388 3168 1968 3265">
    <p class='ocr_par' dir='ltr' id='par_1_62' title="bbox 388 3168 1968 3254">
     <span class='ocr_line' id='line_1_62' title="bbox 388 3168 1968 3254; baseline 0.009 -33"><span class='ocrx_word' id='word_1_458' title='bbox 388 3168 480 3223; x_wconf 86' lang='grc' dir='ltr'><strong>τόν</strong></span> <span class='ocrx_word' id='word_1_459' title='bbox 503 3170 550 3223; x_wconf 81' lang='grc' dir='ltr'>τ’</span> <span class='ocrx_word' id='word_1_460' title='bbox 585 3172 850 3227; x_wconf 82' lang='grc' dir='ltr'>ἀνωτάτω</span> <span class='ocrx_word' id='word_1_461' title='bbox 898 3176 1115 3229; x_wconf 86' lang='grc' dir='ltr'>πάντων</span> <span class='ocrx_word' id='word_1_462' title='bbox 1148 3176 1273 3230; x_wconf 90' lang='grc' dir='ltr'>νοῦν</span> <span class='ocrx_word' id='word_1_463' title='bbox 1314 3180 1372 3233; x_wconf 81' lang='grc' dir='ltr'>ὲν</span> <span class='ocrx_word' id='word_1_464' title='bbox 1414 3180 1610 3252; x_wconf 74' lang='grc' dir='ltr'>αἰθέρι.</span> <span class='ocrx_word' id='word_1_465' title='bbox 1650 3181 1968 3254; x_wconf 85' lang='grc' dir='ltr'>Ἐπίκουρος</span> 
     </span>
    </p>
   </div>
   <div class='ocr_carea' id='block_1_63' title="bbox 2070 3168 3639 3265">
    <p class='ocr_par' dir='ltr' id='par_1_63' title="bbox 2072 3172 3639 3246">
     <span class='ocr_line' id='line_1_63' title="bbox 2072 3172 3639 3246; baseline 0.004 -20"><span class='ocrx_word' id='word_1_466' title='bbox 2072 3172 2229 3237; x_wconf 87' lang='lat' dir='ltr'><strong>tiant,</strong></span> <span class='ocrx_word' id='word_1_467' title='bbox 2263 3174 2356 3242; x_wconf 86' lang='lat' dir='ltr'><strong>qui</strong></span> <span class='ocrx_word' id='word_1_468' title='bbox 2388 3183 2538 3228; x_wconf 88' lang='lat' dir='ltr'><strong>certo</strong></span> <span class='ocrx_word' id='word_1_469' title='bbox 2594 3173 2830 3242; x_wconf 86' lang='lat' dir='ltr'><strong>quodam</strong></span> <span class='ocrx_word' id='word_1_470' title='bbox 2872 3173 3063 3228; x_wconf 90' lang='lat' dir='ltr'><strong>ordine</strong></span> <span class='ocrx_word' id='word_1_471' title='bbox 3117 3175 3184 3229; x_wconf 84' lang='lat' dir='ltr'><strong>ad</strong></span> <span class='ocrx_word' id='word_1_472' title='bbox 3242 3176 3427 3230; x_wconf 89' lang='lat' dir='ltr'><strong>mundi</strong></span> <span class='ocrx_word' id='word_1_473' title='bbox 3475 3176 3639 3246; x_wconf 83' lang='lat' dir='ltr'><strong>hujus</strong></span> 
     </span>
    </p>
   </div>
   <div class='ocr_carea' id='block_1_64' title="bbox 387 3260 1968 3345">
    <p class='ocr_par' dir='ltr' id='par_1_64' title="bbox 387 3260 1968 3345">
     <span class='ocr_line' id='line_1_64' title="bbox 387 3260 1968 3345; baseline 0.009 -32"><span class='ocrx_word' id='word_1_474' title='bbox 387 3260 808 3331; x_wconf 74' lang='grc' dir='ltr'>ἀνθρωποειδεῖς</span> <span class='ocrx_word' id='word_1_475' title='bbox 840 3268 937 3337; x_wconf 88' lang='grc' dir='ltr'>μὲν</span> <span class='ocrx_word' id='word_1_476' title='bbox 972 3270 1179 3332; x_wconf 82' lang='grc' dir='ltr'>πάντας</span> <span class='ocrx_word' id='word_1_477' title='bbox 1204 3272 1332 3334; x_wconf 76' lang='grc' dir='ltr'>τοὺς</span> <span class='ocrx_word' id='word_1_478' title='bbox 1362 3271 1537 3336; x_wconf 84' lang='grc' dir='ltr'>θεοὺς,</span> <span class='ocrx_word' id='word_1_479' title='bbox 1566 3273 1708 3345; x_wconf 86' lang='grc' dir='ltr'>λόγῳ</span> <span class='ocrx_word' id='word_1_480' title='bbox 1736 3273 1792 3326; x_wconf 82' lang='grc' dir='ltr'>δὲ</span> <span class='ocrx_word' id='word_1_481' title='bbox 1835 3275 1968 3329; x_wconf 87' lang='grc' dir='ltr'>πάν-</span> 
     </span>
    </p>
   </div>
   <div class='ocr_carea' id='block_1_65' title="bbox 383 3353 1967 3435">
    <p class='ocr_par' dir='ltr' id='par_1_65' title="bbox 383 3353 1967 3435">
     <span class='ocr_line' id='line_1_65' title="bbox 383 3353 1967 3435; baseline 0.009 -29"><span class='ocrx_word' id='word_1_482' title='bbox 383 3367 487 3416; x_wconf 77' lang='grc' dir='ltr'><strong>τας</strong></span> <span class='ocrx_word' id='word_1_483' title='bbox 506 3353 814 3426; x_wconf 84' lang='grc' dir='ltr'>θεωρητοὺς</span> <span class='ocrx_word' id='word_1_484' title='bbox 839 3358 925 3411; x_wconf 81' lang='grc' dir='ltr'>διὰ</span> <span class='ocrx_word' id='word_1_485' title='bbox 948 3360 1049 3428; x_wconf 74' lang='grc' dir='ltr'>τὴν</span> <span class='ocrx_word' id='word_1_486' title='bbox 1079 3360 1473 3435; x_wconf 82' lang='grc' dir='ltr'>λεπτομέρειαν</span> <span class='ocrx_word' id='word_1_487' title='bbox 1512 3365 1612 3435; x_wconf 80' lang='grc' dir='ltr'>τῆς</span> <span class='ocrx_word' id='word_1_488' title='bbox 1667 3367 1776 3420; x_wconf 86' lang='grc' dir='ltr'>τῶν</span> <span class='ocrx_word' id='word_1_489' title='bbox 1814 3367 1967 3421; x_wconf 77' lang='grc' dir='ltr'>εἰδώ-</span> 
     </span>
    </p>
   </div>
   <div class='ocr_carea' id='block_1_66' title="bbox 385 3443 1962 3528">
    <p class='ocr_par' dir='ltr' id='par_1_66' title="bbox 385 3443 1962 3528">
     <span class='ocr_line' id='line_1_66' title="bbox 385 3443 1962 3528; baseline 0.01 -30"><span class='ocrx_word' id='word_1_490' title='bbox 385 3443 493 3500; x_wconf 86' lang='grc' dir='ltr'><strong>λων</strong></span> <span class='ocrx_word' id='word_1_491' title='bbox 536 3447 770 3515; x_wconf 87' lang='grc' dir='ltr'>φύσεως.</span> <span class='ocrx_word' id='word_1_492' title='bbox 812 3450 869 3503; x_wconf 89' lang='lat'><strong>&#39;0</strong></span> <span class='ocrx_word' id='word_1_493' title='bbox 920 3451 966 3503; x_wconf 83' lang='grc' dir='ltr'>δ’</span> <span class='ocrx_word' id='word_1_494' title='bbox 992 3453 1155 3517; x_wconf 80' lang='grc' dir='ltr'>αὐτὸς</span> <span class='ocrx_word' id='word_1_495' title='bbox 1203 3454 1369 3519; x_wconf 75' lang='grc' dir='ltr'>ἄλλας</span> <span class='ocrx_word' id='word_1_496' title='bbox 1422 3456 1695 3528; x_wconf 81' lang='grc' dir='ltr'>τέσσαρας</span> <span class='ocrx_word' id='word_1_497' title='bbox 1753 3458 1962 3527; x_wconf 82' lang='grc' dir='ltr'>φύσεις,</span> 
     </span>
    </p>
   </div>
   <div class='ocr_carea' id='block_1_67' title="bbox 386 3534 1965 3616">
    <p class='ocr_par' dir='ltr' id='par_1_67' title="bbox 386 3534 1965 3616">
     <span class='ocr_line' id='line_1_67' title="bbox 386 3534 1965 3616; baseline 0.01 -29"><span class='ocrx_word' id='word_1_498' title='bbox 386 3534 528 3589; x_wconf 89' lang='grc' dir='ltr'><strong>κατά</strong></span> <span class='ocrx_word' id='word_1_499' title='bbox 563 3536 709 3605; x_wconf 77' lang='grc' dir='ltr'>γένος</span> <span class='ocrx_word' id='word_1_500' title='bbox 735 3538 1047 3610; x_wconf 83' lang='grc' dir='ltr'>ἀφθάρτους</span> <span class='ocrx_word' id='word_1_501' title='bbox 1074 3544 1255 3609; x_wconf 85' lang='grc' dir='ltr'>τάσδε,</span> <span class='ocrx_word' id='word_1_502' title='bbox 1282 3545 1351 3598; x_wconf 87' lang='grc' dir='ltr'><strong>τά</strong></span> <span class='ocrx_word' id='word_1_503' title='bbox 1381 3545 1585 3616; x_wconf 82' lang='grc' dir='ltr'>ἄτομα,</span> <span class='ocrx_word' id='word_1_504' title='bbox 1617 3548 1678 3601; x_wconf 74' lang='grc' dir='ltr'>τὸ</span> <span class='ocrx_word' id='word_1_505' title='bbox 1707 3549 1878 3613; x_wconf 79' lang='grc' dir='ltr'>κενὸν,</span> <span class='ocrx_word' id='word_1_506' title='bbox 1904 3551 1965 3605; x_wconf 85' lang='grc' dir='ltr'><strong>τὺ</strong></span> 
     </span>
    </p>
   </div>
   <div class='ocr_carea' id='block_1_68' title="bbox 383 3627 1958 3711">
    <p class='ocr_par' dir='ltr' id='par_1_68' title="bbox 383 3627 1958 3711">
     <span class='ocr_line' id='line_1_68' title="bbox 383 3627 1958 3711; baseline 0.01 -31"><span class='ocrx_word' id='word_1_507' title='bbox 383 3627 629 3699; x_wconf 66' lang='grc' dir='ltr'>ἄπειρον,</span> <span class='ocrx_word' id='word_1_508' title='bbox 680 3629 779 3693; x_wconf 78' lang='grc' dir='ltr'><strong>τὰς</strong></span> <span class='ocrx_word' id='word_1_509' title='bbox 805 3633 1188 3705; x_wconf 84' lang='grc' dir='ltr'>ὁμοιομερείας</span> <span class='ocrx_word' id='word_1_510' title='bbox 1239 3637 1349 3707; x_wconf 74' lang='lat'><strong>(92)</strong></span> <span class='ocrx_word' id='word_1_511' title='bbox 1384 3639 1479 3691; x_wconf 74' lang='grc' dir='ltr'>καὶ</span> <span class='ocrx_word' id='word_1_512' title='bbox 1522 3639 1592 3693; x_wconf 84' lang='grc' dir='ltr'>τὰ</span> <span class='ocrx_word' id='word_1_513' title='bbox 1640 3645 1898 3711; x_wconf 85' lang='grc' dir='ltr'>στοιχεῖα.</span> <span class='ocrx_word' id='word_1_514' title='bbox 1939 3661 1958 3695; x_wconf 72' lang='grc' dir='ltr'><strong>ι</strong></span> 
     </span>
    </p>
   </div>
   <div class='ocr_carea' id='block_1_69' title="bbox 383 3718 1965 3805">
    <p class='ocr_par' dir='ltr' id='par_1_69' title="bbox 383 3718 1965 3805">
     <span class='ocr_line' id='line_1_69' title="bbox 383 3718 1965 3805; baseline 0.01 -35"><span class='ocrx_word' id='word_1_515' title='bbox 383 3718 641 3773; x_wconf 87' lang='grc' dir='ltr'>Τοιαῦται</span> <span class='ocrx_word' id='word_1_516' title='bbox 672 3721 771 3792; x_wconf 86' lang='grc' dir='ltr'>μὲν</span> <span class='ocrx_word' id='word_1_517' title='bbox 795 3723 858 3793; x_wconf 81' lang='grc' dir='ltr'>δὴ</span> <span class='ocrx_word' id='word_1_518' title='bbox 894 3725 1003 3779; x_wconf 81' lang='grc' dir='ltr'>τῶν</span> <span class='ocrx_word' id='word_1_519' title='bbox 1029 3727 1277 3781; x_wconf 80' lang='grc' dir='ltr'>Φυσικῶν</span> <span class='ocrx_word' id='word_1_520' title='bbox 1304 3728 1610 3799; x_wconf 88' lang='grc' dir='ltr'>φιλοσόφων</span> <span class='ocrx_word' id='word_1_521' title='bbox 1639 3732 1732 3785; x_wconf 74' lang='grc' dir='ltr'><strong>καὶ</strong></span> <span class='ocrx_word' id='word_1_522' title='bbox 1758 3735 1813 3784; x_wconf 85' lang='grc' dir='ltr'>αἱ</span> <span class='ocrx_word' id='word_1_523' title='bbox 1838 3733 1965 3805; x_wconf 79' lang='grc' dir='ltr'>περὶ</span> 
     </span>
    </p>
   </div>
   <div class='ocr_carea' id='block_1_70' title="bbox 382 3808 1965 3895">
    <p class='ocr_par' dir='ltr' id='par_1_70' title="bbox 382 3808 1965 3895">
     <span class='ocr_line' id='line_1_70' title="bbox 382 3808 1965 3895; baseline 0.012 -34"><span class='ocrx_word' id='word_1_524' title='bbox 382 3808 519 3862; x_wconf 81' lang='grc' dir='ltr'>Θεοῦ</span> <span class='ocrx_word' id='word_1_525' title='bbox 568 3810 877 3878; x_wconf 85' lang='grc' dir='ltr'>διαστάσεις</span> <span class='ocrx_word' id='word_1_526' title='bbox 923 3833 983 3870; x_wconf 78' lang='grc' dir='ltr'><strong>τε</strong></span> <span class='ocrx_word' id='word_1_527' title='bbox 1034 3820 1127 3873; x_wconf 79' lang='grc' dir='ltr'>καὶ</span> <span class='ocrx_word' id='word_1_528' title='bbox 1174 3819 1499 3891; x_wconf 81' lang='grc' dir='ltr'>δυσφημίαι,</span> <span class='ocrx_word' id='word_1_529' title='bbox 1534 3816 1610 3876; x_wconf 84' lang='grc' dir='ltr'>ὧν</span> <span class='ocrx_word' id='word_1_530' title='bbox 1654 3822 1905 3895; x_wconf 73' lang='grc' dir='ltr'>πρώτους</span> <span class='ocrx_word' id='word_1_531' title='bbox 1935 3828 1965 3880; x_wconf 92' lang='lat'><strong>6</strong></span> 
     </span>
    </p>
   </div>
   <div class='ocr_carea' id='block_1_71' title="bbox 381 3900 1964 3986">
    <p class='ocr_par' dir='ltr' id='par_1_71' title="bbox 381 3900 1964 3986">
     <span class='ocr_line' id='line_1_71' title="bbox 381 3900 1964 3986; baseline 0.011 -34"><span class='ocrx_word' id='word_1_532' title='bbox 381 3900 536 3970; x_wconf 88' lang='grc' dir='ltr'>λόγος</span> <span class='ocrx_word' id='word_1_533' title='bbox 564 3905 848 3976; x_wconf 85' lang='grc' dir='ltr'>συνίστησι</span> <span class='ocrx_word' id='word_1_534' title='bbox 884 3909 1011 3971; x_wconf 81' lang='grc' dir='ltr'>τοὺς</span> <span class='ocrx_word' id='word_1_535' title='bbox 1064 3911 1209 3980; x_wconf 80' lang='grc' dir='ltr'>ἀμφὶ</span> <span class='ocrx_word' id='word_1_536' title='bbox 1254 3912 1344 3965; x_wconf 84' lang='grc' dir='ltr'>τὸν</span> <span class='ocrx_word' id='word_1_537' title='bbox 1406 3913 1728 3986; x_wconf 87' lang='grc' dir='ltr'>Πυθαγόραν</span> <span class='ocrx_word' id='word_1_538' title='bbox 1785 3932 1841 3968; x_wconf 85' lang='grc' dir='ltr'><strong>τε</strong></span> <span class='ocrx_word' id='word_1_539' title='bbox 1872 3917 1964 3970; x_wconf 82' lang='grc' dir='ltr'>καὶ</span> 
     </span>
    </p>
   </div>
   <div class='ocr_carea' id='block_1_72' title="bbox 394 3996 1962 4078">
    <p class='ocr_par' dir='ltr' id='par_1_72' title="bbox 394 3996 1962 4078">
     <span class='ocr_line' id='line_1_72' title="bbox 394 3996 1962 4078; baseline 0.01 -30"><span class='ocrx_word' id='word_1_540' title='bbox 394 3996 782 4071; x_wconf 76' lang='grc' dir='ltr'>Ἀναξαγόραν,</span> <span class='ocrx_word' id='word_1_541' title='bbox 829 4001 1094 4057; x_wconf 81' lang='grc' dir='ltr'>Πλάτωνά</span> <span class='ocrx_word' id='word_1_542' title='bbox 1115 4022 1176 4057; x_wconf 86' lang='grc' dir='ltr'><strong>τε</strong></span> <span class='ocrx_word' id='word_1_543' title='bbox 1222 4005 1316 4058; x_wconf 77' lang='grc' dir='ltr'>καὶ</span> <span class='ocrx_word' id='word_1_544' title='bbox 1349 4007 1611 4078; x_wconf 86' lang='grc' dir='ltr'>Σωκράτη</span> <span class='ocrx_word' id='word_1_545' title='bbox 1640 4048 1654 4071; x_wconf 95' lang='grc'><strong>,</strong></span> <span class='ocrx_word' id='word_1_546' title='bbox 1698 4010 1823 4063; x_wconf 82' lang='grc' dir='ltr'>νοῦν</span> <span class='ocrx_word' id='word_1_547' title='bbox 1868 4012 1962 4064; x_wconf 70' lang='grc' dir='ltr'><strong>καὶ⁵</strong></span> 
     </span>
    </p>
   </div>
   <div class='ocr_carea' id='block_1_73' title="bbox 380 4086 1964 4172">
    <p class='ocr_par' dir='ltr' id='par_1_73' title="bbox 380 4086 1964 4172">
     <span class='ocr_line' id='line_1_73' title="bbox 380 4086 1964 4172; baseline 0.01 -33"><span class='ocrx_word' id='word_1_548' title='bbox 380 4086 512 4141; x_wconf 82' lang='grc' dir='ltr'>Θεὸν</span> <span class='ocrx_word' id='word_1_549' title='bbox 535 4090 830 4162; x_wconf 80' lang='grc' dir='ltr'>ἐπιστῆσαι</span> <span class='ocrx_word' id='word_1_550' title='bbox 852 4092 930 4163; x_wconf 84' lang='grc' dir='ltr'>τῷ</span> <span class='ocrx_word' id='word_1_551' title='bbox 976 4094 1185 4166; x_wconf 86' lang='grc' dir='ltr'>κόσμῳ.</span> <span class='ocrx_word' id='word_1_552' title='bbox 1223 4092 1381 4151; x_wconf 79' lang='grc' dir='ltr'>Οὗτοι</span> <span class='ocrx_word' id='word_1_553' title='bbox 1427 4099 1491 4170; x_wconf 81' lang='grc' dir='ltr'><strong>δὴ</strong></span> <span class='ocrx_word' id='word_1_554' title='bbox 1545 4101 1740 4172; x_wconf 74' lang='grc' dir='ltr'>κομιδῇ</span> <span class='ocrx_word' id='word_1_555' title='bbox 1777 4102 1964 4166; x_wconf 79' lang='grc' dir='ltr'>παῖδες</span> 
     </span>
    </p>
   </div>
   <div class='ocr_carea' id='block_1_74' title="bbox 376 4179 1963 4262">
    <p class='ocr_par' dir='ltr' id='par_1_74' title="bbox 376 4179 1963 4262">
     <span class='ocr_line' id='line_1_74' title="bbox 376 4179 1963 4262; baseline 0.011 -34"><span class='ocrx_word' id='word_1_556' title='bbox 376 4180 491 4239; x_wconf 79' lang='grc' dir='ltr'>τοῖς</span> <span class='ocrx_word' id='word_1_557' title='bbox 518 4179 732 4248; x_wconf 88' lang='grc' dir='ltr'>χρόνοις</span> <span class='ocrx_word' id='word_1_558' title='bbox 755 4182 1170 4238; x_wconf 83' lang='grc' dir='ltr'>ἀποδείκνυνται</span> <span class='ocrx_word' id='word_1_559' title='bbox 1212 4188 1516 4257; x_wconf 88' lang='grc' dir='ltr'>γενόμενοι,</span> <span class='ocrx_word' id='word_1_560' title='bbox 1544 4189 1667 4242; x_wconf 84' lang='grc' dir='ltr'>καθ’</span> <span class='ocrx_word' id='word_1_561' title='bbox 1716 4189 1810 4253; x_wconf 79' lang='grc' dir='ltr'>οὓς</span> <span class='ocrx_word' id='word_1_562' title='bbox 1834 4192 1963 4262; x_wconf 90' lang='grc' dir='ltr'>χρό-</span> 
     </span>
    </p>
   </div>
   <div class='ocr_carea' id='block_1_75' title="bbox 378 4271 1956 4353">
    <p class='ocr_par' dir='ltr' id='par_1_75' title="bbox 378 4271 1956 4353">
     <span class='ocr_line' id='line_1_75' title="bbox 378 4271 1956 4353; baseline 0.012 -32"><span class='ocrx_word' id='word_1_563' title='bbox 378 4286 501 4333; x_wconf 88' lang='grc' dir='ltr'>νους</span> <span class='ocrx_word' id='word_1_564' title='bbox 514 4271 684 4325; x_wconf 89' lang='grc' dir='ltr'>ταῦτα</span> <span class='ocrx_word' id='word_1_565' title='bbox 705 4274 1003 4344; x_wconf 75' lang='grc' dir='ltr'>ἱστόρηται.</span> <span class='ocrx_word' id='word_1_566' title='bbox 1027 4277 1126 4346; x_wconf 79' lang='grc' dir='ltr'>τῆς</span> <span class='ocrx_word' id='word_1_567' title='bbox 1143 4279 1405 4350; x_wconf 79' lang='grc' dir='ltr'>Ἐϐραίων</span> <span class='ocrx_word' id='word_1_568' title='bbox 1420 4281 1800 4351; x_wconf 81' lang='grc' dir='ltr'>ἀρχαιολογίας</span> <span class='ocrx_word' id='word_1_569' title='bbox 1824 4283 1956 4353; x_wconf 75' lang='grc'>(95).</span> 
     </span>
    </p>
   </div>
   <div class='ocr_carea' id='block_1_76' title="bbox 378 4353 1957 4445">
    <p class='ocr_par' dir='ltr' id='par_1_76' title="bbox 378 4353 1957 4445">
     <span class='ocr_line' id='line_1_76' title="bbox 378 4353 1957 4445; baseline 0.01 -35"><span class='ocrx_word' id='word_1_570' title='bbox 378 4358 493 4411; x_wconf 82' lang='grc' dir='ltr'>Οὐκ</span> <span class='ocrx_word' id='word_1_571' title='bbox 519 4353 586 4429; x_wconf 80' lang='grc' dir='ltr'>ἦν</span> <span class='ocrx_word' id='word_1_572' title='bbox 604 4358 713 4430; x_wconf 81' lang='grc' dir='ltr'><strong>ἀρα</strong></span> <span class='ocrx_word' id='word_1_573' title='bbox 732 4362 1068 4436; x_wconf 86' lang='grc' dir='ltr'>παλαιοτάτη</span> <span class='ocrx_word' id='word_1_574' title='bbox 1088 4367 1238 4436; x_wconf 88' lang='grc' dir='ltr'><strong>παρά</strong></span> <span class='ocrx_word' id='word_1_575' title='bbox 1259 4370 1424 4423; x_wconf 82' lang='grc' dir='ltr'>πᾶσιν</span> <span class='ocrx_word' id='word_1_576' title='bbox 1444 4370 1671 4442; x_wconf 78' lang='grc' dir='ltr'>Ἕλλησι</span> <span class='ocrx_word' id='word_1_577' title='bbox 1696 4372 1791 4426; x_wconf 73' lang='grc' dir='ltr'>καὶ</span> <span class='ocrx_word' id='word_1_578' title='bbox 1824 4373 1957 4445; x_wconf 71' lang='grc'>(94),</span> 
     </span>
    </p>
   </div>
   <div class='ocr_carea' id='block_1_77' title="bbox 375 4451 1960 4535">
    <p class='ocr_par' dir='ltr' id='par_1_77' title="bbox 375 4451 1960 4535">
     <span class='ocr_line' id='line_1_77' title="bbox 375 4451 1960 4535; baseline 0.012 -35"><span class='ocrx_word' id='word_1_579' title='bbox 375 4451 491 4512; x_wconf 85' lang='grc' dir='ltr'>τοῖς</span> <span class='ocrx_word' id='word_1_580' title='bbox 540 4451 817 4521; x_wconf 81' lang='grc' dir='ltr'>πρόπαλαι</span> <span class='ocrx_word' id='word_1_581' title='bbox 860 4456 958 4527; x_wconf 81' lang='grc' dir='ltr'>τὴν</span> <span class='ocrx_word' id='word_1_582' title='bbox 1015 4457 1277 4513; x_wconf 86' lang='grc' dir='ltr'>πολύθεον</span> <span class='ocrx_word' id='word_1_583' title='bbox 1322 4461 1744 4532; x_wconf 88' lang='grc' dir='ltr'>δεισιδαιμονίαν</span> <span class='ocrx_word' id='word_1_584' title='bbox 1807 4464 1960 4535; x_wconf 85' lang='grc' dir='ltr'>παρά</span> 
     </span>
    </p>
   </div>
   <div class='ocr_carea' id='block_1_78' title="bbox 2067 3264 3637 3335">
    <p class='ocr_par' dir='ltr' id='par_1_78' title="bbox 2067 3264 3637 3335">
     <span class='ocr_line' id='line_1_78' title="bbox 2067 3264 3637 3335; baseline 0.004 -18"><span class='ocrx_word' id='word_1_585' title='bbox 2067 3266 2503 3334; x_wconf 85' lang='lat' dir='ltr'><strong>procreationem</strong></span> <span class='ocrx_word' id='word_1_586' title='bbox 2538 3264 2771 3330; x_wconf 83' lang='lat' dir='ltr'><strong>feratur,</strong></span> <span class='ocrx_word' id='word_1_587' title='bbox 2821 3267 2916 3335; x_wconf 91' lang='lat' dir='ltr'><strong>qui</strong></span> <span class='ocrx_word' id='word_1_588' title='bbox 2969 3281 3070 3321; x_wconf 91' lang='lat' dir='ltr'><strong>suo</strong></span> <span class='ocrx_word' id='word_1_589' title='bbox 3125 3268 3241 3334; x_wconf 88' lang='lat' dir='ltr'><strong>ipse</strong></span> <span class='ocrx_word' id='word_1_590' title='bbox 3272 3269 3482 3335; x_wconf 87' lang='lat' dir='ltr'><strong>gremio</strong></span> <span class='ocrx_word' id='word_1_591' title='bbox 3503 3284 3637 3323; x_wconf 88' lang='lat' dir='ltr'><strong>cun-</strong></span> 
     </span>
    </p>
   </div>
   <div class='ocr_carea' id='block_1_79' title="bbox 2067 3358 3636 3428">
    <p class='ocr_par' dir='ltr' id='par_1_79' title="bbox 2067 3358 3636 3428">
     <span class='ocr_line' id='line_1_79' title="bbox 2067 3358 3636 3428; baseline 0.001 -15"><span class='ocrx_word' id='word_1_592' title='bbox 2067 3367 2153 3413; x_wconf 89' lang='lat' dir='ltr'><strong>cta</strong></span> <span class='ocrx_word' id='word_1_593' title='bbox 2197 3359 2474 3412; x_wconf 81' lang='lat' dir='ltr'><strong>rationum</strong></span> <span class='ocrx_word' id='word_1_594' title='bbox 2504 3373 2718 3425; x_wconf 82' lang='lat' dir='ltr'><strong>earum,</strong></span> <span class='ocrx_word' id='word_1_595' title='bbox 2753 3373 2819 3413; x_wconf 81' lang='lat' dir='ltr'><strong>ex</strong></span> <span class='ocrx_word' id='word_1_596' title='bbox 2870 3358 3073 3427; x_wconf 86' lang='lat' dir='ltr'><strong>quibus</strong></span> <span class='ocrx_word' id='word_1_597' title='bbox 3135 3359 3348 3428; x_wconf 86' lang='lat' dir='ltr'><strong>singula</strong></span> <span class='ocrx_word' id='word_1_598' title='bbox 3402 3358 3511 3414; x_wconf 81' lang='lat' dir='ltr'><strong>fato</strong></span> <span class='ocrx_word' id='word_1_599' title='bbox 3540 3375 3636 3414; x_wconf 65' lang='grc' dir='ltr'>ηας</span> 
     </span>
    </p>
   </div>
   <div class='ocr_carea' id='block_1_80' title="bbox 2067 3449 3636 3521">
    <p class='ocr_par' dir='ltr' id='par_1_80' title="bbox 2067 3449 3636 3521">
     <span class='ocr_line' id='line_1_80' title="bbox 2067 3449 3636 3521; baseline -0.001 -16"><span class='ocrx_word' id='word_1_600' title='bbox 2067 3461 2318 3515; x_wconf 87' lang='lat' dir='ltr'><strong>scuntur,</strong></span> <span class='ocrx_word' id='word_1_601' title='bbox 2374 3450 2586 3506; x_wconf 82' lang='lat' dir='ltr'><strong>semina</strong></span> <span class='ocrx_word' id='word_1_602' title='bbox 2653 3450 3101 3519; x_wconf 77' lang='lat' dir='ltr'><strong>comprehendat.</strong></span> <span class='ocrx_word' id='word_1_603' title='bbox 3141 3449 3464 3521; x_wconf 83' lang='lat' dir='ltr'><strong>Adjungunt</strong></span> <span class='ocrx_word' id='word_1_604' title='bbox 3525 3450 3636 3521; x_wconf 87' lang='lat' dir='ltr'><strong>igni</strong></span> 
     </span>
    </p>
   </div>
   <div class='ocr_carea' id='block_1_81' title="bbox 2066 3541 3709 3612">
    <p class='ocr_par' dir='ltr' id='par_1_81' title="bbox 2066 3541 3709 3612">
     <span class='ocr_line' id='line_1_81' title="bbox 2066 3541 3709 3612; baseline -0.001 -15"><span class='ocrx_word' id='word_1_605' title='bbox 2066 3542 2341 3612; x_wconf 79' lang='lat' dir='ltr'><strong>Spiritum,</strong></span> <span class='ocrx_word' id='word_1_606' title='bbox 2375 3541 2468 3611; x_wconf 88' lang='lat' dir='ltr'><strong>qui</strong></span> <span class='ocrx_word' id='word_1_607' title='bbox 2522 3543 2784 3597; x_wconf 90' lang='lat' dir='ltr'><strong>mundum</strong></span> <span class='ocrx_word' id='word_1_608' title='bbox 2819 3544 3134 3597; x_wconf 78' lang='lat' dir='ltr'><strong>universum</strong></span> <span class='ocrx_word' id='word_1_609' title='bbox 3166 3542 3239 3596; x_wconf 84' lang='lat' dir='ltr'><strong>ita</strong></span> <span class='ocrx_word' id='word_1_610' title='bbox 3282 3553 3542 3612; x_wconf 89' lang='lat' dir='ltr'><strong>permeet,</strong></span> <span class='ocrx_word' id='word_1_611' title='bbox 3578 3550 3633 3597; x_wconf 89' lang='lat' dir='ltr'><strong>ut</strong></span> <span class='ocrx_word' id='word_1_612' title='bbox 3706 3550 3709 3553; x_wconf 85' lang='lat'>&#39;</span> 
     </span>
    </p>
   </div>
   <div class='ocr_carea' id='block_1_82' title="bbox 2065 3635 3635 3705">
    <p class='ocr_par' dir='ltr' id='par_1_82' title="bbox 2065 3635 3635 3705">
     <span class='ocr_line' id='line_1_82' title="bbox 2065 3635 3635 3705; baseline 0.001 -18"><span class='ocrx_word' id='word_1_613' title='bbox 2065 3650 2166 3704; x_wconf 93' lang='lat' dir='ltr'><strong>pro</strong></span> <span class='ocrx_word' id='word_1_614' title='bbox 2209 3635 2496 3704; x_wconf 87' lang='lat' dir='ltr'><strong>multiplici</strong></span> <span class='ocrx_word' id='word_1_615' title='bbox 2526 3637 2768 3690; x_wconf 68' lang='lat' dir='ltr'><strong>materiae</strong></span> <span class='ocrx_word' id='word_1_616' title='bbox 2819 3650 2983 3705; x_wconf 88' lang='lat' dir='ltr'><strong>quam</strong></span> <span class='ocrx_word' id='word_1_617' title='bbox 3038 3636 3284 3705; x_wconf 87' lang='lat' dir='ltr'><strong>pervadit</strong></span> <span class='ocrx_word' id='word_1_618' title='bbox 3311 3636 3635 3699; x_wconf 82' lang='lat' dir='ltr'><strong>mutatione,</strong></span> 
     </span>
    </p>
   </div>
   <div class='ocr_carea' id='block_1_83' title="bbox 2066 3725 3634 3797">
    <p class='ocr_par' dir='ltr' id='par_1_83' title="bbox 2066 3725 3634 3797">
     <span class='ocr_line' id='line_1_83' title="bbox 2066 3725 3634 3797; baseline 0.001 -19"><span class='ocrx_word' id='word_1_619' title='bbox 2066 3725 2419 3795; x_wconf 89' lang='lat' dir='ltr'><strong>multiplicem</strong></span> <span class='ocrx_word' id='word_1_620' title='bbox 2452 3742 2671 3797; x_wconf 91' lang='lat' dir='ltr'><strong>quoque</strong></span> <span class='ocrx_word' id='word_1_621' title='bbox 2723 3727 3007 3781; x_wconf 91' lang='lat' dir='ltr'><strong>nominum</strong></span> <span class='ocrx_word' id='word_1_622' title='bbox 3066 3725 3438 3782; x_wconf 87' lang='lat' dir='ltr'><strong>diversitatem</strong></span> <span class='ocrx_word' id='word_1_623' title='bbox 3497 3727 3634 3780; x_wconf 85' lang='lat' dir='ltr'><strong>acci-</strong></span> 
     </span>
    </p>
   </div>
   <div class='ocr_carea' id='block_1_84' title="bbox 2063 3818 3635 3889">
    <p class='ocr_par' dir='ltr' id='par_1_84' title="bbox 2063 3818 3635 3889">
     <span class='ocr_line' id='line_1_84' title="bbox 2063 3818 3635 3889; baseline 0.002 -17"><span class='ocrx_word' id='word_1_624' title='bbox 2063 3819 2196 3889; x_wconf 87' lang='lat' dir='ltr'><strong>piat.</strong></span> <span class='ocrx_word' id='word_1_625' title='bbox 2238 3818 2549 3883; x_wconf 88' lang='lat' dir='ltr'><strong>Postremo,</strong></span> <span class='ocrx_word' id='word_1_626' title='bbox 2591 3821 2932 3876; x_wconf 87' lang='lat' dir='ltr'><strong>divinitatem</strong></span> <span class='ocrx_word' id='word_1_627' title='bbox 2965 3820 3040 3873; x_wconf 84' lang='lat' dir='ltr'><strong>illi</strong></span> <span class='ocrx_word' id='word_1_628' title='bbox 3077 3821 3306 3882; x_wconf 91' lang='lat' dir='ltr'><strong>mundo,</strong></span> <span class='ocrx_word' id='word_1_629' title='bbox 3358 3819 3635 3875; x_wconf 85' lang='lat' dir='ltr'><strong>sideribus</strong></span> 
     </span>
    </p>
   </div>
   <div class='ocr_carea' id='block_1_85' title="bbox 2063 3909 3633 3978">
    <p class='ocr_par' dir='ltr' id='par_1_85' title="bbox 2063 3909 3633 3978">
     <span class='ocr_line' id='line_1_85' title="bbox 2063 3909 3633 3978; baseline -0.001 -13"><span class='ocrx_word' id='word_1_630' title='bbox 2063 3927 2128 3966; x_wconf 89' lang='lat' dir='ltr'><strong>ac</strong></span> <span class='ocrx_word' id='word_1_631' title='bbox 2151 3919 2306 3967; x_wconf 64' lang='lat' dir='ltr'><strong>terra</strong></span> <span class='ocrx_word' id='word_1_632' title='bbox 2340 3911 2422 3967; x_wconf 91' lang='lat' dir='ltr'><strong>sic</strong></span> <span class='ocrx_word' id='word_1_633' title='bbox 2454 3913 2779 3978; x_wconf 85' lang='lat' dir='ltr'><strong>attribuunt,</strong></span> <span class='ocrx_word' id='word_1_634' title='bbox 2822 3918 2884 3965; x_wconf 87' lang='lat' dir='ltr'><strong>ut</strong></span> <span class='ocrx_word' id='word_1_635' title='bbox 2922 3920 3160 3966; x_wconf 90' lang='lat' dir='ltr'><strong>mentem</strong></span> <span class='ocrx_word' id='word_1_636' title='bbox 3206 3911 3451 3965; x_wconf 87' lang='lat' dir='ltr'><strong>omnium</strong></span> <span class='ocrx_word' id='word_1_637' title='bbox 3480 3909 3633 3964; x_wconf 80' lang='lat' dir='ltr'><strong>altis-</strong></span> 
     </span>
    </p>
   </div>
   <div class='ocr_carea' id='block_1_86' title="bbox 2063 4002 3635 4071">
    <p class='ocr_par' dir='ltr' id='par_1_86' title="bbox 2063 4002 3635 4071">
     <span class='ocr_line' id='line_1_86' title="bbox 2063 4002 3635 4071; baseline -0.002 -12"><span class='ocrx_word' id='word_1_638' title='bbox 2063 4003 2258 4059; x_wconf 88' lang='lat' dir='ltr'><strong>simam</strong></span> <span class='ocrx_word' id='word_1_639' title='bbox 2303 4003 2357 4057; x_wconf 89' lang='lat' dir='ltr'><strong>in</strong></span> <span class='ocrx_word' id='word_1_640' title='bbox 2407 4005 2608 4059; x_wconf 67' lang='lat' dir='ltr'><strong>aethere</strong></span> <span class='ocrx_word' id='word_1_641' title='bbox 2664 4003 3023 4057; x_wconf 87' lang='lat' dir='ltr'><strong>constituant.</strong></span> <span class='ocrx_word' id='word_1_642' title='bbox 3086 4002 3355 4071; x_wconf 82' lang='lat' dir='ltr'><strong>Epicurus</strong></span> <span class='ocrx_word' id='word_1_643' title='bbox 3395 4003 3635 4056; x_wconf 85' lang='lat' dir='ltr'><strong>humana</strong></span> 
     </span>
    </p>
   </div>
   <div class='ocr_carea' id='block_1_87' title="bbox 2062 4093 3632 4167">
    <p class='ocr_par' dir='ltr' id='par_1_87' title="bbox 2062 4093 3632 4167">
     <span class='ocr_line' id='line_1_87' title="bbox 2062 4093 3632 4167; baseline -0.002 -17"><span class='ocrx_word' id='word_1_644' title='bbox 2062 4096 2282 4167; x_wconf 88' lang='lat' dir='ltr'><strong>quidem</strong></span> <span class='ocrx_word' id='word_1_645' title='bbox 2314 4096 2495 4165; x_wconf 88' lang='lat' dir='ltr'><strong>specie</strong></span> <span class='ocrx_word' id='word_1_646' title='bbox 2540 4097 2673 4151; x_wconf 90' lang='lat' dir='ltr'><strong>deos</strong></span> <span class='ocrx_word' id='word_1_647' title='bbox 2726 4095 2995 4165; x_wconf 83' lang='lat' dir='ltr'><strong>ﬁgurabat</strong></span> <span class='ocrx_word' id='word_1_648' title='bbox 3027 4104 3240 4157; x_wconf 88' lang='lat' dir='ltr'><strong>omnes,</strong></span> <span class='ocrx_word' id='word_1_649' title='bbox 3290 4093 3511 4148; x_wconf 89' lang='lat' dir='ltr'><strong>eosdem</strong></span> <span class='ocrx_word' id='word_1_650' title='bbox 3546 4103 3632 4148; x_wconf 90' lang='lat' dir='ltr'><strong>ta-</strong></span> 
     </span>
    </p>
   </div>
   <div class='ocr_carea' id='block_1_88' title="bbox 2062 4182 3632 4254">
    <p class='ocr_par' dir='ltr' id='par_1_88' title="bbox 2062 4182 3632 4254">
     <span class='ocr_line' id='line_1_88' title="bbox 2062 4182 3632 4254; baseline -0.002 -14"><span class='ocrx_word' id='word_1_651' title='bbox 2062 4200 2210 4248; x_wconf 88' lang='lat' dir='ltr'><strong>men,</strong></span> <span class='ocrx_word' id='word_1_652' title='bbox 2246 4185 2393 4254; x_wconf 87' lang='lat' dir='ltr'><strong>quod</strong></span> <span class='ocrx_word' id='word_1_653' title='bbox 2417 4191 2610 4254; x_wconf 91' lang='lat' dir='ltr'><strong>suapte</strong></span> <span class='ocrx_word' id='word_1_654' title='bbox 2648 4192 2845 4238; x_wconf 87' lang='lat' dir='ltr'><strong>natura</strong></span> <span class='ocrx_word' id='word_1_655' title='bbox 2886 4185 3307 4239; x_wconf 86' lang='lat' dir='ltr'><strong>simulacrorum</strong></span> <span class='ocrx_word' id='word_1_656' title='bbox 3363 4182 3632 4239; x_wconf 84' lang='lat' dir='ltr'><strong>haberent</strong></span> 
     </span>
    </p>
   </div>
   <div class='ocr_carea' id='block_1_89' title="bbox 2060 4272 3633 4345">
    <p class='ocr_par' dir='ltr' id='par_1_89' title="bbox 2060 4272 3633 4345">
     <span class='ocr_line' id='line_1_89' title="bbox 2060 4272 3633 4345; baseline 0 -15"><span class='ocrx_word' id='word_1_657' title='bbox 2060 4276 2230 4330; x_wconf 78' lang='lat' dir='ltr'><strong>exiles</strong></span> <span class='ocrx_word' id='word_1_658' title='bbox 2283 4274 2512 4330; x_wconf 89' lang='lat' dir='ltr'><strong>nimium</strong></span> <span class='ocrx_word' id='word_1_659' title='bbox 2568 4285 2870 4345; x_wconf 89' lang='lat' dir='ltr'><strong>tenuesque</strong></span> <span class='ocrx_word' id='word_1_660' title='bbox 2921 4284 3124 4345; x_wconf 90' lang='lat' dir='ltr'><strong>partes,</strong></span> <span class='ocrx_word' id='word_1_661' title='bbox 3173 4272 3401 4328; x_wconf 85' lang='lat' dir='ltr'><strong>rationis</strong></span> <span class='ocrx_word' id='word_1_662' title='bbox 3463 4274 3633 4330; x_wconf 88' lang='lat' dir='ltr'><strong>unius</strong></span> 
     </span>
    </p>
   </div>
   <div class='ocr_carea' id='block_1_90' title="bbox 2059 4365 3629 4436">
    <p class='ocr_par' dir='ltr' id='par_1_90' title="bbox 2059 4365 3629 4436">
     <span class='ocr_line' id='line_1_90' title="bbox 2059 4365 3629 4436; baseline -0.003 -13"><span class='ocrx_word' id='word_1_663' title='bbox 2059 4367 2237 4424; x_wconf 90' lang='lat' dir='ltr'><strong>oculis</strong></span> <span class='ocrx_word' id='word_1_664' title='bbox 2269 4365 2417 4421; x_wconf 86' lang='lat' dir='ltr'><strong>cerni</strong></span> <span class='ocrx_word' id='word_1_665' title='bbox 2470 4380 2631 4436; x_wconf 85' lang='lat' dir='ltr'><strong>posse</strong></span> <span class='ocrx_word' id='word_1_666' title='bbox 2691 4367 2936 4435; x_wconf 88' lang='lat' dir='ltr'><strong>putabat.</strong></span> <span class='ocrx_word' id='word_1_667' title='bbox 2979 4365 3131 4419; x_wconf 83' lang='lat' dir='ltr'><strong>Alias</strong></span> <span class='ocrx_word' id='word_1_668' title='bbox 3179 4377 3440 4435; x_wconf 64' lang='lat' dir='ltr'><strong>praeterea</strong></span> <span class='ocrx_word' id='word_1_669' title='bbox 3491 4380 3629 4434; x_wconf 88' lang='lat' dir='ltr'><strong>qua-</strong></span> 
     </span>
    </p>
   </div>
   <div class='ocr_carea' id='block_1_91' title="bbox 2059 4458 3628 4527">
    <p class='ocr_par' dir='ltr' id='par_1_91' title="bbox 2059 4458 3628 4527">
     <span class='ocr_line' id='line_1_91' title="bbox 2059 4458 3628 4527; baseline -0.002 -13"><span class='ocrx_word' id='word_1_670' title='bbox 2059 4468 2184 4514; x_wconf 90' lang='lat' dir='ltr'><strong>tuor</strong></span> <span class='ocrx_word' id='word_1_671' title='bbox 2215 4468 2443 4513; x_wconf 85' lang='lat' dir='ltr'><strong>naturas</strong></span> <span class='ocrx_word' id='word_1_672' title='bbox 2471 4458 2724 4521; x_wconf 85' lang='lat' dir='ltr'><strong>addebat,</strong></span> <span class='ocrx_word' id='word_1_673' title='bbox 2768 4474 3001 4527; x_wconf 85' lang='lat' dir='ltr'><strong>quarum</strong></span> <span class='ocrx_word' id='word_1_674' title='bbox 3036 4474 3209 4526; x_wconf 83' lang='lat' dir='ltr'><strong>genus</strong></span> <span class='ocrx_word' id='word_1_675' title='bbox 3240 4458 3469 4511; x_wconf 89' lang='lat' dir='ltr'><strong>interire</strong></span> <span class='ocrx_word' id='word_1_676' title='bbox 3514 4472 3628 4511; x_wconf 92' lang='lat' dir='ltr'><strong>non</strong></span> 
     </span>
    </p>
   </div>
   <div class='ocr_carea' id='block_1_92' title="bbox 373 4541 1968 4625">
    <p class='ocr_par' dir='ltr' id='par_1_92' title="bbox 373 4541 1957 4625">
     <span class='ocr_line' id='line_1_92' title="bbox 373 4541 1957 4625; baseline 0.011 -32"><span class='ocrx_word' id='word_1_677' title='bbox 373 4555 434 4594; x_wconf 87' lang='grc' dir='ltr'><strong>τε</strong></span> <span class='ocrx_word' id='word_1_678' title='bbox 463 4541 662 4611; x_wconf 59' lang='grc' dir='ltr'>φοίνιξι</span> <span class='ocrx_word' id='word_1_679' title='bbox 687 4545 778 4599; x_wconf 76' lang='grc' dir='ltr'>καὶ</span> <span class='ocrx_word' id='word_1_680' title='bbox 822 4548 1139 4616; x_wconf 78' lang='grc' dir='ltr'>Αἰγυπτίοις</span> <span class='ocrx_word' id='word_1_681' title='bbox 1158 4552 1612 4622; x_wconf 84' lang='grc' dir='ltr'>είσηγησαμένοις</span> <span class='ocrx_word' id='word_1_682' title='bbox 1649 4556 1681 4625; x_wconf 83' lang='grc' dir='ltr'>ὴ</span> <span class='ocrx_word' id='word_1_683' title='bbox 1721 4554 1815 4608; x_wconf 91' lang='grc' dir='ltr'><strong>τοῦ</strong></span> <span class='ocrx_word' id='word_1_684' title='bbox 1848 4556 1957 4610; x_wconf 82' lang='grc' dir='ltr'><strong>τῶν</strong></span> 
     </span>
    </p>
   </div>
   <div class='ocr_carea' id='block_1_93' title="bbox 2070 4541 3627 4625">
    <p class='ocr_par' dir='ltr' id='par_1_93' title="bbox 2070 4549 3627 4621">
     <span class='ocr_line' id='line_1_93' title="bbox 2070 4549 3627 4621; baseline -0.001 -16"><span class='ocrx_word' id='word_1_685' title='bbox 2070 4560 2265 4621; x_wconf 87' lang='lat' dir='ltr'><strong>posset,</strong></span> <span class='ocrx_word' id='word_1_686' title='bbox 2303 4559 2540 4613; x_wconf 82' lang='lat' dir='ltr'><strong>atomos,</strong></span> <span class='ocrx_word' id='word_1_687' title='bbox 2575 4565 2834 4613; x_wconf 90' lang='lat' dir='ltr'><strong>vacuum,</strong></span> <span class='ocrx_word' id='word_1_688' title='bbox 2873 4549 3168 4612; x_wconf 88' lang='lat' dir='ltr'><strong>inlluitum,</strong></span> <span class='ocrx_word' id='word_1_689' title='bbox 3202 4557 3258 4603; x_wconf 90' lang='lat' dir='ltr'><strong>et</strong></span> <span class='ocrx_word' id='word_1_690' title='bbox 3283 4549 3517 4617; x_wconf 87' lang='lat' dir='ltr'><strong>partium</strong></span> <span class='ocrx_word' id='word_1_691' title='bbox 3551 4549 3627 4603; x_wconf 86' lang='lat' dir='ltr'><strong>si-</strong></span> 
     </span>
    </p>
   </div>
   <div class='ocr_carea' id='block_1_94' title="bbox 373 4630 1949 4717">
    <p class='ocr_par' dir='ltr' id='par_1_94' title="bbox 373 4630 1949 4717">
     <span class='ocr_line' id='line_1_94' title="bbox 373 4630 1949 4717; baseline 0.014 -35"><span class='ocrx_word' id='word_1_692' title='bbox 373 4630 508 4683; x_wconf 83' lang='grc' dir='ltr'>ὅλων</span> <span class='ocrx_word' id='word_1_693' title='bbox 529 4631 663 4685; x_wconf 82' lang='grc' dir='ltr'>Θεοῦ</span> <span class='ocrx_word' id='word_1_694' title='bbox 680 4634 901 4702; x_wconf 85' lang='grc' dir='ltr'>γνῶσις,</span> <span class='ocrx_word' id='word_1_695' title='bbox 930 4640 996 4710; x_wconf 74' lang='grc' dir='ltr'>ἢν</span> <span class='ocrx_word' id='word_1_696' title='bbox 1024 4640 1237 4711; x_wconf 84' lang='grc' dir='ltr'>πρῶτος</span> <span class='ocrx_word' id='word_1_697' title='bbox 1270 4644 1535 4716; x_wconf 79' lang='grc' dir='ltr'>Ἑλλήνων</span> <span class='ocrx_word' id='word_1_698' title='bbox 1565 4645 1949 4717; x_wconf 75' lang='grc' dir='ltr'>Ἀναξαγόρας,</span> 
     </span>
    </p>
   </div>
   <div class='ocr_carea' id='block_1_95' title="bbox 375 4721 1952 4807">
    <p class='ocr_par' dir='ltr' id='par_1_95' title="bbox 375 4721 1952 4807">
     <span class='ocr_line' id='line_1_95' title="bbox 375 4721 1952 4807; baseline 0.012 -34"><span class='ocrx_word' id='word_1_699' title='bbox 375 4721 469 4773; x_wconf 79' lang='grc' dir='ltr'>καὶ</span> <span class='ocrx_word' id='word_1_700' title='bbox 489 4724 537 4776; x_wconf 90' lang='grc' dir='ltr'><strong>οί</strong></span> <span class='ocrx_word' id='word_1_701' title='bbox 563 4724 701 4793; x_wconf 84' lang='grc' dir='ltr'>ἀμφ’</span> <span class='ocrx_word' id='word_1_702' title='bbox 733 4727 896 4781; x_wconf 78' lang='grc' dir='ltr'>αὑτὸν</span> <span class='ocrx_word' id='word_1_703' title='bbox 933 4730 1255 4801; x_wconf 75' lang='grc' dir='ltr'>ἐξήνεγκαν.</span> <span class='ocrx_word' id='word_1_704' title='bbox 1284 4736 1393 4788; x_wconf 76' lang='grc' dir='ltr'><strong>Καὶ</strong></span> <span class='ocrx_word' id='word_1_705' title='bbox 1424 4735 1528 4807; x_wconf 82' lang='grc' dir='ltr'>μὴν</span> <span class='ocrx_word' id='word_1_706' title='bbox 1553 4736 1620 4790; x_wconf 73' lang='grc' dir='ltr'><strong>τὰ</strong></span> <span class='ocrx_word' id='word_1_707' title='bbox 1650 4737 1749 4806; x_wconf 76' lang='grc' dir='ltr'>τῆς</span> <span class='ocrx_word' id='word_1_708' title='bbox 1790 4738 1952 4791; x_wconf 83' lang='grc' dir='ltr'>πολυ-</span> 
     </span>
    </p>
   </div>
   <div class='ocr_carea' id='block_1_96' title="bbox 373 4812 1948 4899">
    <p class='ocr_par' dir='ltr' id='par_1_96' title="bbox 373 4812 1948 4899">
     <span class='ocr_line' id='line_1_96' title="bbox 373 4812 1948 4899; baseline 0.011 -35"><span class='ocrx_word' id='word_1_709' title='bbox 373 4812 496 4866; x_wconf 87' lang='grc' dir='ltr'>θέου</span> <span class='ocrx_word' id='word_1_710' title='bbox 527 4816 951 4889; x_wconf 89' lang='grc' dir='ltr'>δεισιδαιμονίας</span> <span class='ocrx_word' id='word_1_711' title='bbox 982 4822 1198 4877; x_wconf 82' lang='grc' dir='ltr'>πάντων</span> <span class='ocrx_word' id='word_1_712' title='bbox 1230 4824 1397 4879; x_wconf 80' lang='grc' dir='ltr'>ἐθνῶν</span> <span class='ocrx_word' id='word_1_713' title='bbox 1428 4828 1647 4897; x_wconf 75' lang='grc' dir='ltr'>ἐκράτει</span> <span class='ocrx_word' id='word_1_714' title='bbox 1674 4848 1686 4859; x_wconf 89' lang='grc'><strong>·</strong></span> <span class='ocrx_word' id='word_1_715' title='bbox 1719 4829 1832 4883; x_wconf 82' lang='grc' dir='ltr'>ἀλλ’</span> <span class='ocrx_word' id='word_1_716' title='bbox 1858 4824 1948 4899; x_wconf 80' lang='grc' dir='ltr'>ἦν,</span> 
     </span>
    </p>
   </div>
   <div class='ocr_carea' id='block_1_97' title="bbox 370 4903 1947 4988">
    <p class='ocr_par' dir='ltr' id='par_1_97' title="bbox 370 4903 1947 4988">
     <span class='ocr_line' id='line_1_97' title="bbox 370 4903 1947 4988; baseline 0.013 -32"><span class='ocrx_word' id='word_1_717' title='bbox 370 4904 448 4966; x_wconf 84' lang='grc' dir='ltr'>ὡς</span> <span class='ocrx_word' id='word_1_718' title='bbox 478 4903 671 4971; x_wconf 78' lang='grc' dir='ltr'>ἔοικεν,</span> <span class='ocrx_word' id='word_1_719' title='bbox 711 4909 771 4962; x_wconf 84' lang='grc' dir='ltr'>οὐ</span> <span class='ocrx_word' id='word_1_720' title='bbox 802 4910 898 4981; x_wconf 82' lang='grc' dir='ltr'>τὴν</span> <span class='ocrx_word' id='word_1_721' title='bbox 930 4912 1102 4985; x_wconf 85' lang='grc' dir='ltr'>ἀληθῆ</span> <span class='ocrx_word' id='word_1_722' title='bbox 1138 4917 1460 4987; x_wconf 88' lang='grc' dir='ltr'>περιέχοντα</span> <span class='ocrx_word' id='word_1_723' title='bbox 1489 4919 1799 4988; x_wconf 88' lang='grc' dir='ltr'>θεολογίαν,</span> <span class='ocrx_word' id='word_1_724' title='bbox 1835 4922 1947 4976; x_wconf 84' lang='grc' dir='ltr'>ἀλλ’</span> 
     </span>
    </p>
   </div>
   <div class='ocr_carea' id='block_1_98' title="bbox 370 4994 1949 5084">
    <p class='ocr_par' dir='ltr' id='par_1_98' title="bbox 370 4994 1949 5084">
     <span class='ocr_line' id='line_1_98' title="bbox 370 4994 1949 5084; baseline 0.015 -39"><span class='ocrx_word' id='word_1_725' title='bbox 370 4994 437 5064; x_wconf 72' lang='grc' dir='ltr'>ἦν</span> <span class='ocrx_word' id='word_1_726' title='bbox 462 4995 750 5065; x_wconf 75' lang='grc' dir='ltr'>Αἰγύπτιοι</span> <span class='ocrx_word' id='word_1_727' title='bbox 772 5003 866 5054; x_wconf 79' lang='grc' dir='ltr'>καὶ</span> <span class='ocrx_word' id='word_1_728' title='bbox 893 5004 1138 5070; x_wconf 83' lang='grc' dir='ltr'>Φοίνικες</span> <span class='ocrx_word' id='word_1_729' title='bbox 1170 5008 1379 5078; x_wconf 84' lang='grc' dir='ltr'>πρῶτοι</span> <span class='ocrx_word' id='word_1_730' title='bbox 1423 5011 1640 5066; x_wconf 89' lang='grc' dir='ltr'>πάντων</span> <span class='ocrx_word' id='word_1_731' title='bbox 1680 5015 1949 5084; x_wconf 86' lang='grc' dir='ltr'>συστήσα-</span> 
     </span>
    </p>
   </div>
   <div class='ocr_carea' id='block_1_99' title="bbox 371 5085 1945 5175">
    <p class='ocr_par' dir='ltr' id='par_1_99' title="bbox 371 5085 1945 5175">
     <span class='ocr_line' id='line_1_99' title="bbox 371 5085 1945 5175; baseline 0.013 -37"><span class='ocrx_word' id='word_1_732' title='bbox 371 5085 495 5140; x_wconf 90' lang='grc' dir='ltr'>σθαι</span> <span class='ocrx_word' id='word_1_733' title='bbox 518 5089 994 5165; x_wconf 76' lang='grc' dir='ltr'>ἐμαρτυρήθησαν.</span> <span class='ocrx_word' id='word_1_734' title='bbox 1025 5096 1173 5168; x_wconf 76' lang='grc' dir='ltr'>Αὕτη</span> <span class='ocrx_word' id='word_1_735' title='bbox 1199 5099 1254 5152; x_wconf 82' lang='grc' dir='ltr'>δὲ</span> <span class='ocrx_word' id='word_1_736' title='bbox 1283 5096 1350 5171; x_wconf 83' lang='grc' dir='ltr'>ἦν</span> <span class='ocrx_word' id='word_1_737' title='bbox 1373 5101 1527 5165; x_wconf 77' lang='grc' dir='ltr'>θεοὺς</span> <span class='ocrx_word' id='word_1_738' title='bbox 1550 5104 1646 5173; x_wconf 84' lang='grc' dir='ltr'>μὲν</span> <span class='ocrx_word' id='word_1_739' title='bbox 1675 5104 1945 5175; x_wconf 78' lang='grc' dir='ltr'>οὐδαμῶς,</span> 
     </span>
    </p>
   </div>
   <div class='ocr_carea' id='block_1_100' title="bbox 368 5176 1946 5265">
    <p class='ocr_par' dir='ltr' id='par_1_100' title="bbox 368 5176 1946 5265">
     <span class='ocr_line' id='line_1_100' title="bbox 368 5176 1946 5265; baseline 0.015 -36"><span class='ocrx_word' id='word_1_740' title='bbox 368 5176 490 5231; x_wconf 80' lang='grc' dir='ltr'>οὐδέ</span> <span class='ocrx_word' id='word_1_741' title='bbox 514 5196 668 5246; x_wconf 86' lang='grc' dir='ltr'>τινας</span> <span class='ocrx_word' id='word_1_742' title='bbox 699 5184 849 5248; x_wconf 77' lang='grc' dir='ltr'>θείας</span> <span class='ocrx_word' id='word_1_743' title='bbox 874 5187 1151 5259; x_wconf 87' lang='grc' dir='ltr'>δυνάμεις,</span> <span class='ocrx_word' id='word_1_744' title='bbox 1184 5191 1385 5263; x_wconf 77' lang='grc' dir='ltr'>ἄνδρας</span> <span class='ocrx_word' id='word_1_745' title='bbox 1411 5192 1467 5246; x_wconf 78' lang='grc' dir='ltr'>δὲ</span> <span class='ocrx_word' id='word_1_746' title='bbox 1521 5195 1621 5265; x_wconf 74' lang='grc' dir='ltr'>ήδη</span> <span class='ocrx_word' id='word_1_747' title='bbox 1670 5197 1836 5250; x_wconf 89' lang='grc' dir='ltr'>πάλαι</span> <span class='ocrx_word' id='word_1_748' title='bbox 1887 5200 1946 5252; x_wconf 84' lang='grc' dir='ltr'>ἐν</span> 
     </span>
    </p>
   </div>
   <div class='ocr_carea' id='block_1_101' title="bbox 369 5274 1946 5361">
    <p class='ocr_par' dir='ltr' id='par_1_101' title="bbox 369 5274 1946 5361">
     <span class='ocr_line' id='line_1_101' title="bbox 369 5274 1946 5361; baseline 0.013 -40"><span class='ocrx_word' id='word_1_749' title='bbox 369 5274 583 5341; x_wconf 81' lang='grc' dir='ltr'>νεκροῖς</span> <span class='ocrx_word' id='word_1_750' title='bbox 632 5276 914 5346; x_wconf 83' lang='grc' dir='ltr'>κειμένους</span> <span class='ocrx_word' id='word_1_751' title='bbox 943 5279 1291 5361; x_wconf 78' lang='grc' dir='ltr'>θεολογοῦσα,</span> <span class='ocrx_word' id='word_1_752' title='bbox 1343 5284 1419 5347; x_wconf 82' lang='grc' dir='ltr'><strong>ὡς</strong></span> <span class='ocrx_word' id='word_1_753' title='bbox 1451 5287 1480 5338; x_wconf 88' lang='grc' dir='ltr'>ὁ</span> <span class='ocrx_word' id='word_1_754' title='bbox 1532 5286 1633 5356; x_wconf 79' lang='grc' dir='ltr'>τῆς</span> <span class='ocrx_word' id='word_1_755' title='bbox 1689 5288 1946 5359; x_wconf 87' lang='grc' dir='ltr'>ἀληθείας</span> 
     </span>
    </p>
   </div>
   <div class='ocr_carea' id='block_1_102' title="bbox 368 5425 1944 5552">
    <p class='ocr_par' dir='ltr' id='par_1_102' title="bbox 368 5425 1944 5552">
     <span class='ocr_line' id='line_1_102' title="bbox 368 5425 1944 5552; baseline 0.01 -64"><span class='ocrx_word' id='word_1_756' title='bbox 368 5425 749 5552; x_wconf 44' lang='grc' dir='ltr'><strong>,ἀίὲἳζιὲετὰ</strong></span> <span class='ocrx_word' id='word_1_757' title='bbox 777 5434 845 5488; x_wconf 78' lang='grc' dir='ltr'>δὲ</span> <span class='ocrx_word' id='word_1_758' title='bbox 870 5438 1138 5505; x_wconf 85' lang='grc' dir='ltr'>τούτους.</span> <span class='ocrx_word' id='word_1_759' title='bbox 1180 5438 1447 5498; x_wconf 85' lang='lat' dir='ltr'><strong>Eusebius</strong></span> <span class='ocrx_word' id='word_1_760' title='bbox 1489 5443 1729 5515; x_wconf 88' lang='lat' dir='ltr'><strong>loquitur</strong></span> <span class='ocrx_word' id='word_1_761' title='bbox 1770 5462 1944 5518; x_wconf 89' lang='lat' dir='ltr'><strong>usque</strong></span> 
     </span>
    </p>
   </div>
   <div class='ocr_carea' id='block_1_103' title="bbox 575 5517 654 5555">
    <p class='ocr_par' dir='ltr' id='par_1_103' title="bbox 575 5517 654 5555">
     <span class='ocr_line' id='line_1_103' title="bbox 575 5517 654 5555; baseline 0.038 -3"><span class='ocrx_word' id='word_1_762' title='bbox 575 5517 654 5555; x_wconf 87' lang='grc' dir='ltr'><strong>υε.</strong></span> 
     </span>
    </p>
   </div>
   <div class='ocr_carea' id='block_1_104' title="bbox 439 5568 1944 5651">
    <p class='ocr_par' dir='ltr' id='par_1_104' title="bbox 439 5568 1944 5651">
     <span class='ocr_line' id='line_1_104' title="bbox 439 5568 1944 5651; baseline 0.015 -30"><span class='ocrx_word' id='word_1_763' title='bbox 439 5568 551 5651; x_wconf 57' lang='lat' dir='ltr'><strong>(ill)</strong></span> <span class='ocrx_word' id='word_1_764' title='bbox 719 5574 825 5651; x_wconf 64' lang='grc' dir='ltr'>τᾲς</span> <span class='ocrx_word' id='word_1_765' title='bbox 851 5574 1025 5643; x_wconf 72' lang='grc' dir='ltr'>ὕλης,</span> <span class='ocrx_word' id='word_1_766' title='bbox 1063 5587 1168 5651; x_wconf 82' lang='lat' dir='ltr'><strong>etc.</strong></span> <span class='ocrx_word' id='word_1_767' title='bbox 1202 5576 1341 5634; x_wconf 84' lang='lat' dir='ltr'><strong>Hinc</strong></span> <span class='ocrx_word' id='word_1_768' title='bbox 1372 5580 1722 5640; x_wconf 80' lang='lat' dir='ltr'><strong>Plutarchum</strong></span> <span class='ocrx_word' id='word_1_769' title='bbox 1755 5603 1944 5642; x_wconf 82' lang='lat' dir='ltr'><strong>emen-</strong></span> 
     </span>
    </p>
   </div>
   <div class='ocr_carea' id='block_1_105' title="bbox 365 5638 1935 5724">
    <p class='ocr_par' dir='ltr' id='par_1_105' title="bbox 365 5638 1935 5724">
     <span class='ocr_line' id='line_1_105' title="bbox 365 5638 1935 5724; baseline 0.011 -31"><span class='ocrx_word' id='word_1_770' title='bbox 365 5638 630 5724; x_wconf 61' lang='lat' dir='ltr'><strong>desJieet,</strong></span> <span class='ocrx_word' id='word_1_771' title='bbox 653 5638 809 5724; x_wconf 76' lang='lat' dir='ltr'><strong>apud</strong></span> <span class='ocrx_word' id='word_1_772' title='bbox 828 5638 996 5713; x_wconf 75' lang='lat' dir='ltr'><strong>quem</strong></span> <span class='ocrx_word' id='word_1_773' title='bbox 1013 5648 1200 5724; x_wconf 60' lang='lat' dir='ltr'><strong>minus</strong></span> <span class='ocrx_word' id='word_1_774' title='bbox 1218 5662 1383 5715; x_wconf 84' lang='lat' dir='ltr'><strong>recte,</strong></span> <span class='ocrx_word' id='word_1_775' title='bbox 1415 5652 1482 5705; x_wconf 91' lang='grc' dir='ltr'><strong>δι’</strong></span> <span class='ocrx_word' id='word_1_776' title='bbox 1508 5638 1935 5724; x_wconf 18' lang='grc' dir='ltr'>ὄληςίτῆςήῦλης,</span> 
     </span>
    </p>
   </div>
   <div class='ocr_carea' id='block_1_106' title="bbox 364 5702 1883 5787">
    <p class='ocr_par' dir='ltr' id='par_1_106' title="bbox 364 5702 1883 5787">
     <span class='ocr_line' id='line_1_106' title="bbox 364 5702 1883 5787; baseline -0.057 12"><span class='ocrx_word' id='word_1_777' title='bbox 364 5703 540 5787; x_wconf 34' lang='grc' dir='ltr'>διἰᾖξ.</span> <span class='ocrx_word' id='word_1_778' title='bbox 568 5702 894 5787; x_wconf 53' lang='grc' dir='ltr'>’ξξχώρήκέε</span> <span class='ocrx_word' id='word_1_779' title='bbox 921 5702 1383 5787; x_wconf 52' lang='grc' dir='ltr'>παραλλάξαις“”</span> <span class='ocrx_word' id='word_1_780' title='bbox 1423 5702 1463 5705; x_wconf 79' lang='lat'><strong>&quot;</strong></span> <span class='ocrx_word' id='word_1_781' title='bbox 1514 5702 1633 5723; x_wconf 69' lang='lat' dir='ltr'><strong>&quot;&quot;n</strong></span> <span class='ocrx_word' id='word_1_782' title='bbox 1668 5702 1755 5727; x_wconf 70' lang='grc' dir='ltr'><strong>’Ἰν</strong></span> <span class='ocrx_word' id='word_1_783' title='bbox 1788 5702 1883 5730; x_wconf 63' lang='grc' dir='ltr'><strong>πη,</strong></span> 
     </span>
    </p>
   </div>
   <div class='ocr_carea' id='block_1_107' title="bbox 437 5778 1933 5864">
    <p class='ocr_par' dir='ltr' id='par_1_107' title="bbox 437 5778 1933 5864">
     <span class='ocr_line' id='line_1_107' title="bbox 437 5778 1933 5864; baseline 0.013 -33"><span class='ocrx_word' id='word_1_784' title='bbox 437 5778 549 5864; x_wconf 51' lang='grc' dir='ltr'>(θῇ)</span> <span class='ocrx_word' id='word_1_785' title='bbox 584 5778 1037 5864; x_wconf 51' lang='grc' dir='ltr'><strong>Ὁμοὶοξιμξοιείῥξἰ</strong></span> <span class='ocrx_word' id='word_1_786' title='bbox 1067 5778 1242 5864; x_wconf 78' lang='lat' dir='ltr'><strong>_Verbo</strong></span> <span class='ocrx_word' id='word_1_787' title='bbox 1269 5790 1428 5864; x_wconf 80' lang='lat' dir='ltr'><strong>dixit,</strong></span> <span class='ocrx_word' id='word_1_788' title='bbox 1459 5793 1604 5864; x_wconf 83' lang='lat' dir='ltr'><strong>quod</strong></span> <span class='ocrx_word' id='word_1_789' title='bbox 1634 5793 1933 5864; x_wconf 65' lang='lat' dir='ltr'><strong>Plutarch,</strong></span> 
     </span>
    </p>
   </div>
   <div class='ocr_carea' id='block_1_108' title="bbox 362 5846 1687 5933">
    <p class='ocr_par' dir='ltr' id='par_1_108' title="bbox 362 5846 1687 5933">
     <span class='ocr_line' id='line_1_108' title="bbox 362 5846 1687 5933; baseline 0.014 -33"><span class='ocrx_word' id='word_1_790' title='bbox 362 5846 713 5921; x_wconf 82' lang='grc' dir='ltr'>ὁμοιότητας·</span> <span class='ocrx_word' id='word_1_791' title='bbox 750 5846 906 5909; x_wconf 68' lang='grc' dir='ltr'>αὗται</span> <span class='ocrx_word' id='word_1_792' title='bbox 940 5846 1002 5909; x_wconf 65' lang='grc' dir='ltr'><strong>δέ</strong></span> <span class='ocrx_word' id='word_1_793' title='bbox 1022 5855 1266 5925; x_wconf 82' lang='grc' dir='ltr'>λέγονται</span> <span class='ocrx_word' id='word_1_794' title='bbox 1299 5846 1687 5933; x_wconf 71' lang='grc' dir='ltr'>ὁμοιομέρειαι.</span> 
     </span>
    </p>
   </div>
   <div class='ocr_carea' id='block_1_109' title="bbox 2060 4638 3622 4710">
    <p class='ocr_par' dir='ltr' id='par_1_109' title="bbox 2060 4638 3622 4710">
     <span class='ocr_line' id='line_1_109' title="bbox 2060 4638 3622 4710; baseline -0.002 -14"><span class='ocrx_word' id='word_1_795' title='bbox 2060 4642 2413 4704; x_wconf 74' lang='grc' dir='ltr'>ηιίιὶιιιᾱὶηεε,</span> <span class='ocrx_word' id='word_1_796' title='bbox 2478 4657 2618 4710; x_wconf 88' lang='lat' dir='ltr'><strong>quas</strong></span> <span class='ocrx_word' id='word_1_797' title='bbox 2666 4642 2828 4696; x_wconf 90' lang='lat' dir='ltr'><strong>etiam</strong></span> <span class='ocrx_word' id='word_1_798' title='bbox 2879 4638 3146 4696; x_wconf 84' lang='lat' dir='ltr'><strong>elementa</strong></span> <span class='ocrx_word' id='word_1_799' title='bbox 3220 4641 3622 4710; x_wconf 59' lang='lat' dir='ltr'><strong>nuncupabat.»</strong></span> 
     </span>
    </p>
   </div>
   <div class='ocr_carea' id='block_1_110' title="bbox 2057 4729 3627 4803">
    <p class='ocr_par' dir='ltr' id='par_1_110' title="bbox 2057 4729 3627 4803">
     <span class='ocr_line' id='line_1_110' title="bbox 2057 4729 3627 4803; baseline -0.001 -16"><span class='ocrx_word' id='word_1_800' title='bbox 2057 4732 2151 4787; x_wconf 71' lang='lat' dir='ltr'><strong>llas</strong></span> <span class='ocrx_word' id='word_1_801' title='bbox 2181 4734 2399 4793; x_wconf 82' lang='lat' dir='ltr'><strong>suntde</strong></span> <span class='ocrx_word' id='word_1_802' title='bbox 2436 4731 2544 4787; x_wconf 91' lang='lat' dir='ltr'><strong>Deo</strong></span> <span class='ocrx_word' id='word_1_803' title='bbox 2576 4733 3024 4803; x_wconf 83' lang='lat' dir='ltr'><strong>philosophorum</strong></span> <span class='ocrx_word' id='word_1_804' title='bbox 3058 4733 3297 4795; x_wconf 88' lang='lat' dir='ltr'><strong>illorum,</strong></span> <span class='ocrx_word' id='word_1_805' title='bbox 3329 4748 3468 4802; x_wconf 90' lang='lat' dir='ltr'><strong>quos</strong></span> <span class='ocrx_word' id='word_1_806' title='bbox 3491 4729 3627 4803; x_wconf 85' lang='lat' dir='ltr'><strong>Phy-</strong></span> 
     </span>
    </p>
   </div>
   <div class='ocr_carea' id='block_1_111' title="bbox 2065 4823 3625 4894">
    <p class='ocr_par' dir='ltr' id='par_1_111' title="bbox 2065 4823 3625 4894">
     <span class='ocr_line' id='line_1_111' title="bbox 2065 4823 3625 4894; baseline -0.003 -16"><span class='ocrx_word' id='word_1_807' title='bbox 2065 4823 2212 4878; x_wconf 83' lang='lat' dir='ltr'><strong>sicos</strong></span> <span class='ocrx_word' id='word_1_808' title='bbox 2236 4823 2526 4885; x_wconf 88' lang='lat' dir='ltr'><strong>vocabant,</strong></span> <span class='ocrx_word' id='word_1_809' title='bbox 2560 4833 2669 4879; x_wconf 89' lang='lat' dir='ltr'><strong>tam</strong></span> <span class='ocrx_word' id='word_1_810' title='bbox 2695 4824 2897 4892; x_wconf 67' lang='lat' dir='ltr'><strong>impiae,</strong></span> <span class='ocrx_word' id='word_1_811' title='bbox 2932 4839 3099 4894; x_wconf 87' lang='lat' dir='ltr'><strong>quam</strong></span> <span class='ocrx_word' id='word_1_812' title='bbox 3124 4824 3354 4879; x_wconf 76' lang='lat' dir='ltr'><strong>diversa:</strong></span> <span class='ocrx_word' id='word_1_813' title='bbox 3377 4836 3625 4893; x_wconf 83' lang='lat' dir='ltr'><strong>pugnan-</strong></span> 
     </span>
    </p>
   </div>
   <div class='ocr_carea' id='block_1_112' title="bbox 2056 4912 3624 4984">
    <p class='ocr_par' dir='ltr' id='par_1_112' title="bbox 2056 4912 3624 4984">
     <span class='ocr_line' id='line_1_112' title="bbox 2056 4912 3624 4984; baseline -0.001 -17"><span class='ocrx_word' id='word_1_814' title='bbox 2056 4922 2250 4983; x_wconf 85' lang='lat' dir='ltr'><strong>tcsque</strong></span> <span class='ocrx_word' id='word_1_815' title='bbox 2276 4915 2578 4969; x_wconf 60' lang='lat' dir='ltr'><strong>sententia.</strong></span> <span class='ocrx_word' id='word_1_816' title='bbox 2621 4913 2869 4981; x_wconf 82' lang='lat' dir='ltr'><strong>Quorum</strong></span> <span class='ocrx_word' id='word_1_817' title='bbox 2903 4917 3150 4971; x_wconf 87' lang='lat' dir='ltr'><strong>omnium</strong></span> <span class='ocrx_word' id='word_1_818' title='bbox 3176 4913 3473 4984; x_wconf 88' lang='lat' dir='ltr'><strong>principes,</strong></span> <span class='ocrx_word' id='word_1_819' title='bbox 3514 4912 3624 4983; x_wconf 83' lang='lat' dir='ltr'><strong>Py-</strong></span> 
     </span>
    </p>
   </div>
   <div class='ocr_carea' id='block_1_113' title="bbox 2056 5004 3614 5075">
    <p class='ocr_par' dir='ltr' id='par_1_113' title="bbox 2056 5004 3614 5075">
     <span class='ocr_line' id='line_1_113' title="bbox 2056 5004 3614 5075; baseline 0.001 -19"><span class='ocrx_word' id='word_1_820' title='bbox 2056 5006 2363 5072; x_wconf 80' lang='lat' dir='ltr'><strong>thagoram,</strong></span> <span class='ocrx_word' id='word_1_821' title='bbox 2395 5006 2798 5075; x_wconf 80' lang='lat' dir='ltr'><strong>Anaxagoram,</strong></span> <span class='ocrx_word' id='word_1_822' title='bbox 2827 5005 3109 5061; x_wconf 88' lang='lat' dir='ltr'><strong>Platonem</strong></span> <span class='ocrx_word' id='word_1_823' title='bbox 3154 5014 3209 5060; x_wconf 90' lang='lat' dir='ltr'><strong>et</strong></span> <span class='ocrx_word' id='word_1_824' title='bbox 3243 5004 3525 5059; x_wconf 87' lang='lat' dir='ltr'><strong>Socratem</strong></span> <span class='ocrx_word' id='word_1_825' title='bbox 3548 5019 3614 5058; x_wconf 79' lang='lat' dir='ltr'><strong>ex</strong></span> 
     </span>
    </p>
   </div>
   <div class='ocr_carea' id='block_1_114' title="bbox 2056 5097 3624 5168">
    <p class='ocr_par' dir='ltr' id='par_1_114' title="bbox 2056 5097 3624 5168">
     <span class='ocr_line' id='line_1_114' title="bbox 2056 5097 3624 5168; baseline 0.002 -18"><span class='ocrx_word' id='word_1_826' title='bbox 2056 5097 2144 5151; x_wconf 92' lang='lat' dir='ltr'><strong>illo</strong></span> <span class='ocrx_word' id='word_1_827' title='bbox 2196 5097 2472 5153; x_wconf 89' lang='lat' dir='ltr'><strong>Plutarchi</strong></span> <span class='ocrx_word' id='word_1_828' title='bbox 2517 5101 2832 5155; x_wconf 89' lang='lat' dir='ltr'><strong>testimonio</strong></span> <span class='ocrx_word' id='word_1_829' title='bbox 2879 5110 3116 5167; x_wconf 86' lang='lat' dir='ltr'><strong>constat,</strong></span> <span class='ocrx_word' id='word_1_830' title='bbox 3166 5107 3404 5154; x_wconf 89' lang='lat' dir='ltr'><strong>mentem</strong></span> <span class='ocrx_word' id='word_1_831' title='bbox 3458 5108 3624 5168; x_wconf 87' lang='lat' dir='ltr'><strong>atque</strong></span> 
     </span>
    </p>
   </div>
   <div class='ocr_carea' id='block_1_115' title="bbox 2052 5189 3623 5262">
    <p class='ocr_par' dir='ltr' id='par_1_115' title="bbox 2052 5189 3623 5262">
     <span class='ocr_line' id='line_1_115' title="bbox 2052 5189 3623 5262; baseline 0.003 -20"><span class='ocrx_word' id='word_1_832' title='bbox 2052 5189 2225 5244; x_wconf 81' lang='lat' dir='ltr'><strong>Deum</strong></span> <span class='ocrx_word' id='word_1_833' title='bbox 2254 5190 2458 5245; x_wconf 88' lang='lat' dir='ltr'><strong>mundo</strong></span> <span class='ocrx_word' id='word_1_834' title='bbox 2490 5190 2820 5260; x_wconf 73' lang='lat' dir='ltr'><strong>praefecisse.</strong></span> <span class='ocrx_word' id='word_1_835' title='bbox 2863 5192 3027 5262; x_wconf 83' lang='lat' dir='ltr'><strong>Atqui</strong></span> <span class='ocrx_word' id='word_1_836' title='bbox 3076 5193 3175 5246; x_wconf 86' lang='lat' dir='ltr'><strong>hos</strong></span> <span class='ocrx_word' id='word_1_837' title='bbox 3202 5206 3393 5245; x_wconf 87' lang='lat' dir='ltr'><strong>omnes</strong></span> <span class='ocrx_word' id='word_1_838' title='bbox 3421 5206 3623 5260; x_wconf 80' lang='lat' dir='ltr'><strong>pueros</strong></span> 
     </span>
    </p>
   </div>
   <div class='ocr_carea' id='block_1_116' title="bbox 2051 5278 3621 5351">
    <p class='ocr_par' dir='ltr' id='par_1_116' title="bbox 2051 5278 3621 5351">
     <span class='ocr_line' id='line_1_116' title="bbox 2051 5278 3621 5351; baseline 0.001 -19"><span class='ocrx_word' id='word_1_839' title='bbox 2051 5279 2349 5334; x_wconf 86' lang='lat' dir='ltr'><strong>admodum</strong></span> <span class='ocrx_word' id='word_1_840' title='bbox 2378 5278 2551 5336; x_wconf 78' lang='lat' dir='ltr'><strong>fuisse</strong></span> <span class='ocrx_word' id='word_1_841' title='bbox 2574 5281 2935 5351; x_wconf 87' lang='lat' dir='ltr'><strong>reperiemus,</strong></span> <span class='ocrx_word' id='word_1_842' title='bbox 2966 5282 3013 5337; x_wconf 87' lang='lat' dir='ltr'><strong>si</strong></span> <span class='ocrx_word' id='word_1_843' title='bbox 3038 5298 3227 5337; x_wconf 88' lang='lat' dir='ltr'><strong>eorum</strong></span> <span class='ocrx_word' id='word_1_844' title='bbox 3250 5290 3465 5337; x_wconf 68' lang='lat' dir='ltr'><strong>aetatem</strong></span> <span class='ocrx_word' id='word_1_845' title='bbox 3493 5296 3621 5335; x_wconf 87' lang='lat' dir='ltr'><strong>cum</strong></span> 
     </span>
    </p>
   </div>
   <div class='ocr_carea' id='block_1_117' title="bbox 2122 5449 3616 5526">
    <p class='ocr_par' dir='ltr' id='par_1_117' title="bbox 2122 5449 3616 5526">
     <span class='ocr_line' id='line_1_117' title="bbox 2122 5449 3616 5526; baseline 0.002 -19"><span class='ocrx_word' id='word_1_846' title='bbox 2122 5451 2231 5522; x_wconf 80' lang='lat'><strong>(93)</strong></span> <span class='ocrx_word' id='word_1_847' title='bbox 2253 5449 2364 5526; x_wconf 64' lang='lat' dir='ltr'><strong>Tﬁc</strong></span> <span class='ocrx_word' id='word_1_848' title='bbox 2404 5451 2676 5526; x_wconf 78' lang='grc' dir='ltr'>Ἐϐραίων</span> <span class='ocrx_word' id='word_1_849' title='bbox 2718 5455 3159 5526; x_wconf 73' lang='grc' dir='ltr'>ἀρχαιολογίας.</span> <span class='ocrx_word' id='word_1_850' title='bbox 3210 5455 3411 5525; x_wconf 89' lang='lat' dir='ltr'><strong>Supple</strong></span> <span class='ocrx_word' id='word_1_851' title='bbox 3434 5455 3616 5510; x_wconf 71' lang='grc' dir='ltr'>ἕνεκα.</span> 
     </span>
    </p>
   </div>
   <div class='ocr_carea' id='block_1_118' title="bbox 2050 5519 3369 5610">
    <p class='ocr_par' dir='ltr' id='par_1_118' title="bbox 2050 5519 3369 5610">
     <span class='ocr_line' id='line_1_118' title="bbox 2050 5519 3369 5610; baseline 0.005 -35"><span class='ocrx_word' id='word_1_852' title='bbox 2050 5519 2103 5575; x_wconf 90' lang='lat' dir='ltr'><strong>Id</strong></span> <span class='ocrx_word' id='word_1_853' title='bbox 2122 5519 2236 5610; x_wconf 38' lang='lat' dir='ltr'><strong>Itis},</strong></span> <span class='ocrx_word' id='word_1_854' title='bbox 2269 5523 2375 5610; x_wconf 51' lang='lat' dir='ltr'><strong>gga.</strong></span> <span class='ocrx_word' id='word_1_855' title='bbox 2396 5539 2467 5610; x_wconf 53' lang='grc' dir='ltr'><strong>γε</strong></span> <span class='ocrx_word' id='word_1_856' title='bbox 2658 5519 2768 5610; x_wconf 62' lang='grc' dir='ltr'><strong>τὴν⁷</strong></span> <span class='ocrx_word' id='word_1_857' title='bbox 2789 5519 2954 5610; x_wconf 39' lang='grc' dir='ltr'><strong>ἱΕϐρίι</strong></span> <span class='ocrx_word' id='word_1_858' title='bbox 2972 5519 3369 5610; x_wconf 67' lang='grc' dir='ltr'>ἀρχαιολογίαν.</span> 
     </span>
    </p>
   </div>
   <div class='ocr_carea' id='block_1_119' title="bbox 2120 5592 3616 5663">
    <p class='ocr_par' dir='ltr' id='par_1_119' title="bbox 2120 5592 3616 5663">
     <span class='ocr_line' id='line_1_119' title="bbox 2120 5592 3616 5663; baseline 0.003 -18"><span class='ocrx_word' id='word_1_859' title='bbox 2120 5592 2231 5663; x_wconf 57' lang='grc'>(94)</span> <span class='ocrx_word' id='word_1_860' title='bbox 2269 5592 2556 5659; x_wconf 74' lang='grc' dir='ltr'>Ἕλλησι,</span> <span class='ocrx_word' id='word_1_861' title='bbox 2588 5592 2721 5657; x_wconf 66' lang='grc' dir='ltr'>καί,</span> <span class='ocrx_word' id='word_1_862' title='bbox 2761 5592 3187 5651; x_wconf 66' lang='grc' dir='ltr'>ειο.’Μαιὶί’ί²εειο</span> <span class='ocrx_word' id='word_1_863' title='bbox 3239 5592 3327 5651; x_wconf 88' lang='lat' dir='ltr'><strong>hic</strong></span> <span class='ocrx_word' id='word_1_864' title='bbox 3370 5593 3616 5663; x_wconf 86' lang='lat' dir='ltr'><strong>trajectio</strong></span> 
     </span>
    </p>
   </div>
   <div class='ocr_carea' id='block_1_120' title="bbox 2044 5660 3615 5753">
    <p class='ocr_par' dir='ltr' id='par_1_120' title="bbox 2044 5660 3615 5753">
     <span class='ocr_line' id='line_1_120' title="bbox 2044 5660 3615 5753; baseline 0.001 -39"><span class='ocrx_word' id='word_1_865' title='bbox 2044 5670 2147 5753; x_wconf 53' lang='lat' dir='ltr'><strong>est;</strong></span> <span class='ocrx_word' id='word_1_866' title='bbox 2181 5660 2320 5730; x_wconf 85' lang='lat' dir='ltr'><strong>Lege</strong></span> <span class='ocrx_word' id='word_1_867' title='bbox 2348 5678 2495 5753; x_wconf 56' lang='lat' dir='ltr'><strong>ergo:</strong></span> <span class='ocrx_word' id='word_1_868' title='bbox 2524 5663 2768 5753; x_wconf 67' lang='grc' dir='ltr'>Ἕλλησι,</span> <span class='ocrx_word' id='word_1_869' title='bbox 2807 5667 2959 5753; x_wconf 85' lang='grc' dir='ltr'>παρά</span> <span class='ocrx_word' id='word_1_870' title='bbox 2987 5668 3293 5753; x_wconf 29' lang='grc' dir='ltr'>τεὶφιοίνέξι,</span> <span class='ocrx_word' id='word_1_871' title='bbox 3321 5666 3414 5752; x_wconf 64' lang='grc' dir='ltr'>καὶ</span> <span class='ocrx_word' id='word_1_872' title='bbox 3443 5660 3615 5753; x_wconf 65' lang='grc' dir='ltr'>Αἰγυ-</span> 
     </span>
    </p>
   </div>
   <div class='ocr_carea' id='block_1_121' title="bbox 2044 5730 3615 5879">
    <p class='ocr_par' dir='ltr' id='par_1_121' title="bbox 2044 5730 3615 5879">
     <span class='ocr_line' id='line_1_121' title="bbox 2046 5730 3615 5805; baseline 0.003 -24"><span class='ocrx_word' id='word_1_873' title='bbox 2046 5731 2219 5791; x_wconf 89' lang='grc' dir='ltr'>πτίοις</span> <span class='ocrx_word' id='word_1_874' title='bbox 2238 5770 2251 5791; x_wconf 89' lang='grc'><strong>,</strong></span> <span class='ocrx_word' id='word_1_875' title='bbox 2284 5730 2378 5784; x_wconf 73' lang='grc' dir='ltr'>καὶ</span> <span class='ocrx_word' id='word_1_876' title='bbox 2406 5734 2516 5794; x_wconf 85' lang='grc' dir='ltr'>τοῖς</span> <span class='ocrx_word' id='word_1_877' title='bbox 2545 5734 2819 5800; x_wconf 86' lang='grc' dir='ltr'>πρόπαλαι</span> <span class='ocrx_word' id='word_1_878' title='bbox 2850 5730 2947 5805; x_wconf 77' lang='grc' dir='ltr'>τὴν</span> <span class='ocrx_word' id='word_1_879' title='bbox 2975 5737 3156 5790; x_wconf 86' lang='grc' dir='ltr'>πολυθ.</span> <span class='ocrx_word' id='word_1_880' title='bbox 3185 5730 3469 5804; x_wconf 80' lang='grc' dir='ltr'>δείσιδαιμ.</span> <span class='ocrx_word' id='word_1_881' title='bbox 3505 5730 3615 5786; x_wconf 80' lang='grc' dir='ltr'>εἰσ-</span> 
     </span>
     <span class='ocr_line' id='line_1_122' title="bbox 2044 5800 3609 5879; baseline -0.005 -16"><span class='ocrx_word' id='word_1_882' title='bbox 2044 5800 2445 5879; x_wconf 40' lang='lat' dir='ltr'><strong>armatiita“.</strong></span> <span class='ocrx_word' id='word_1_883' title='bbox 2477 5803 2515 5879; x_wconf 62' lang='lat' dir='ltr'><strong>ﬁ</strong></span> <span class='ocrx_word' id='word_1_884' title='bbox 2548 5802 2641 5854; x_wconf 85' lang='grc' dir='ltr'>τόῦ</span> <span class='ocrx_word' id='word_1_885' title='bbox 2664 5843 2677 5863; x_wconf 89' lang='grc'><strong>.</strong></span> <span class='ocrx_word' id='word_1_886' title='bbox 2714 5814 2817 5879; x_wconf 78' lang='lat' dir='ltr'><strong>etc.</strong></span> <span class='ocrx_word' id='word_1_887' title='bbox 2852 5804 2964 5861; x_wconf 88' lang='lat' dir='ltr'><strong>Imo</strong></span> <span class='ocrx_word' id='word_1_888' title='bbox 2997 5819 3121 5863; x_wconf 86' lang='lat' dir='ltr'><strong>ante</strong></span> <span class='ocrx_word' id='word_1_889' title='bbox 3146 5807 3246 5877; x_wconf 82' lang='grc' dir='ltr'>τῆς</span> <span class='ocrx_word' id='word_1_890' title='bbox 3291 5804 3609 5877; x_wconf 81' lang='grc' dir='ltr'>πρόπαλαι,</span> 
     </span>
    </p>
   </div>
   <div class='ocr_carea' id='block_1_122' title="bbox 2045 5869 2890 5941">
    <p class='ocr_par' dir='ltr' id='par_1_122' title="bbox 2045 5869 2890 5941">
     <span class='ocr_line' id='line_1_123' title="bbox 2045 5869 2890 5941; baseline 0.007 -19"><span class='ocrx_word' id='word_1_891' title='bbox 2045 5869 2273 5924; x_wconf 83' lang='lat' dir='ltr'><strong>libenter</strong></span> <span class='ocrx_word' id='word_1_892' title='bbox 2302 5870 2363 5923; x_wconf 84' lang='grc' dir='ltr'>τὸ</span> <span class='ocrx_word' id='word_1_893' title='bbox 2397 5871 2487 5924; x_wconf 81' lang='grc' dir='ltr'><strong>καί</strong></span> <span class='ocrx_word' id='word_1_894' title='bbox 2508 5869 2890 5941; x_wconf 74' lang='lat' dir='ltr'><strong>expunxerim.</strong></span> 
     </span>
    </p>
   </div>
  </div>
