4144 6472
457 427 600 480 124⁸5
1100 426 1191 483 EU
1200 425 1374 481 SE81!
1410 426 1893 486 CESARIENSIS
1928 430 2051 487 OPP

2157 435 2303 492 ’ARS
2341 435 2404 493 ΙΙ.
2442 467 2512 481 -—
2547 438 3057 497 APOLOGETICA.
3571 447 3713 508 12M

455 541 547 597 illa
593 539 943 597 Hebraeorum
981 545 1308 615 antiquitate
1360 547 1733 605 conferamus.
1788 552 1865 605 lta
1917 568 2023 606 non

2157 553 2299 609 τάλαι
2329 555 2580 623 ἀπέδειξε
2621 558 2797 629 λόγος.
2829 560 2955 631 Φέρ⁸
2995 556 3088 615 οὖν
3109 601 3124 626 ,
3158 562 3319 616 πάλιν
3356 563 3717 638 ἀναλάϐωμεν

459 637 554 693 Dei
585 654 715 694 sane
762 638 864 693 fuit
892 642 978 693 vel
1025 642 1167 711 apud
1206 641 1427 699 Graecos
1478 659 1693 708 omnes,
1744 646 1827 700 vel
1885 647 2032 717 apud

2157 646 2218 699 ‘bv
2252 646 2430 715 λόγον.
2470 650 2687 722 Ἐπειδὴ
2723 650 2833 704 τῶν
2877 652 3127 706 Φυσικῶν
3166 653 3468 725 φιλοσόφων
3510 659 3557 710 οἰ
3618 637 3719 728 μὲν

459 727 749 785 Phoenices
781 740 834 784 et
868 729 1173 801 Egyptios,
1210 741 1305 786 aut
1337 733 1383 788 si
1407 736 1500 803 qui
1543 736 1634 789 alii
1674 737 1908 804 priscam
1962 737 2031 791 il-

2130 738 2310 792 πάντα
2337 741 2666 795 κατέϐαλλον
2716 743 2807 796 ἐπὶ
2850 744 2951 809 τὰς
2976 745 3281 817 αἰσθήσεις,
3309 748 3358 801 οἰ
3387 748 3433 802 δ’
3462 744 3529 804 αὖ
3556 749 3719 807 πάλιν

462 822 569 876 lam
625 822 692 876 de
743 823 1029 877 numinum
1080 824 1427 879 multitudine
1455 827 1898 895 superstitionem
1949 829 2035 882 in-

2128 830 2340 895 τούτοις
2396 833 2695 902 ἀνθεῖλκον,
2754 836 2832 899 ὡς
2886 839 2934 890 οἰ
2971 839 3102 911 περὶ
3154 839 3246 894 τὸν
3277 839 3584 916 Ξενοφάνην
3625 842 3721 898 τὸν

459 921 749 975 vexerunt,
816 923 1126 983 pervetusta
1197 916 1455 985 cognitio,
1512 932 1678 987 quam
1745 933 1777 972 e
1828 917 2032 975 Graecis

2157 921 2500 991 ςολοφὼνιον,
2527 925 2622 979 καὶ
2648 926 2994 1000 Παρμενίδην
3021 930 3113 982 τὸν
3147 930 3424 1002 Ἐλεάτην,
3456 932 3505 986 οἳ
3533 932 3596 1005 δὴ
3617 932 3722 998 τὰς

459 1002 622 1072 primi
655 1003 1004 1072 Anaxagoras
1046 1011 1100 1079 et
1138 1003 1478 1075 Anaxagora:
1520 1021 1787 1077 suppares
1828 1006 2029 1063 intule-

2157 1013 2419 1085 ιίσθήσεις
2451 1016 2687 1087 ἀνῄρουν
2709 1057 2723 1081 ,
2767 1019 2934 1091 μηδὲν
2977 1016 3115 1076 εἷναι
3152 1023 3452 1091 φάσκοντες
3483 1002 3720 1097 καταλη-

460 1102 609 1148 runt.
653 1093 946 1148 Enimvero
973 1104 1159 1166 gentes
1185 1097 1406 1167 quidem
1444 1113 1636 1154 omnes
1685 1100 2035 1169 superstitio-

2157 1103 2273 1159 ττὸν
2299 1104 2409 1158 τῶν
2431 1108 2489 1159 ὲν
2533 1107 2806 1179 αἰσθήσει,
2837 1109 2918 1164 διὸ
2969 1113 3116 1183 μόνῳ
3148 1113 3259 1167 δεῖν
3313 1115 3604 1183 πιστεύειν,
3639 1093 3717 1191 τῷ

464 1201 562 1241 sus
595 1186 685 1241 ille
707 1187 772 1239 de
795 1187 1050 1256 pluribus
1077 1188 1182 1243 diis
1212 1203 1368 1242 error
1394 1188 1699 1244 invaserat:
1762 1192 2033 1259 ejusmodi

2157 1194 2283 1266 ιόγῳ
2301 1213 2315 1227 ’
2347 1195 2418 1250 τὰ
2448 1197 2586 1269 πρὸς
2604 1200 2802 1264 αὐτοὺς
2825 1202 3190 1275 ἀντειρημένα
3226 1204 3668 1279 διασκεψώμεθα.

461 1289 645 1336 tamen
673 1297 902 1351 prorsus
929 1282 975 1336 is
999 1291 1133 1344 erat,
1173 1283 1268 1352 qui
1292 1299 1401 1337 non
1426 1299 1609 1337 veram
1639 1300 1703 1338 ac
1730 1287 2037 1356 propriam,
2078 1288 2171 1342 sed
2225 1304 2346 1343 eam
2398 1293 2583 1356 modo,
2627 1309 2792 1363 quam
2850 1296 3087 1365 primum
3132 1298 3203 1353 ab
3250 1299 3521 1371 Egyptiis
3553 1311 3720 1373 atque

463 1370 814 1429 thnicihus
853 1372 1141 1428 conflatam
1183 1391 1306 1430 esse
1341 1382 1421 1429 tot
1471 1391 1635 1445 supra
1688 1379 2020 1433 testimoniis
2076 1381 2463 1450 ostendimus,
2540 1385 2867 1457 theologiam
2904 1392 3231 1446 contineret.
3292 1392 3365 1446 Ea
3398 1370 3573 1463 porro
3620 1370 3722 1452 nec

462 1467 606 1523 ullos
633 1468 859 1522 omnino
887 1466 1052 1533 deos,
1117 1484 1218 1524 nec
1255 1469 1470 1523 divinas
1517 1471 1747 1526 virtutes
1791 1472 1951 1536 ullas,
2009 1473 2104 1526 sed
2161 1474 2411 1531 homines
2454 1484 2665 1532 tantum
2718 1479 2930 1549 pridem
2982 1484 3332 1552 consepultos
3371 1485 3717 1556 loquebatur,

462 1568 527 1615 ut
567 1561 684 1629 ipsa
743 1560 984 1613 veritatis
1044 1561 1265 1615 oracula
1311 1569 1462 1616 tanto
1524 1569 1650 1616 ante
1705 1564 2081 1630 prodiderunt.
2121 1565 2238 1633 Age
2268 1581 2416 1636 ergo,
2449 1577 2616 1623 totam
2667 1570 2808 1626 hanc
2849 1572 3273 1642 disputationem
3325 1577 3507 1632 denuo
3564 1594 3721 1649 repe-

466 1655 669 1706 tamus.
722 1652 788 1707 Et
829 1650 1087 1720 quoniam
1125 1667 1155 1705 e
1191 1649 1441 1723 Pbysicis
1501 1651 1610 1706 illis
1671 1653 2033 1722 philosophis,
2104 1655 2268 1726 756
2332 1659 2398 1714 ad
2443 1675 2639 1718 sensus
2697 1663 2796 1718 alii
2839 1674 3035 1720 cuncta
3086 1669 3470 1725 revocabant:
3518 1670 3610 1724 alii
3663 1685 3726 1730 ut

461 1741 828 1813 Xenophanes
866 1743 1256 1813 Colaphonius,
1308 1753 1361 1798 et
1398 1743 1749 1801 Parmenides
1799 1745 2034 1811 Eleates,
2095 1751 2201 1805 alia
2255 1752 2608 1812 defendentes
2659 1758 2868 1825 omnia,
2918 1774 3115 1815 sensus
3171 1761 3454 1828 tollebant,
3503 1780 3725 1821 eorum-

464 1855 572 1910 que
600 1839 649 1893 vi
685 1838 1070 1909 comprehendi
1098 1837 1254 1903 nihil,
1298 1848 1465 1909 atque
1497 1839 1590 1895 uni
1629 1849 1911 1911 propterea
1958 1841 2159 1898 rationi
2198 1844 2360 1901 ﬁdem
2416 1848 2722 1905 habendam
2769 1865 2893 1908 esse
2944 1853 3197 1909 dicebant
3232 1874 3247 1911 :
3305 1858 3536 1914 istorum
3578 1877 3726 1917 nunc

465 1932 954 2003 reprehensionem
984 1930 1289 1984 videamus.

1036 2023 1268 2080 CAPUT
1313 2024 1479 2080 XVII.
2073 2036 2119 2093 Β

467 2159 729 2214 Adversus
772 2155 1148 2229 Xenophanem
1200 2168 1265 2229 et,
1295 2155 1689 2229 Parmenidem,
1735 2160 1827 2229 qui
1859 2175 2042 2214 sensus

468 2230 748 2294 tao'lerent;
771 2243 835 2282 ea;
863 2227 1002 2281 libro
1025 2236 1207 2280 octavo
1237 2227 1521 2282 Aristoclis
1561 2228 1639 2284 De
1666 2227 2040 2301 philosophia.

547 2383 566 2415 ι
604 2363 788 2434 Longe
818 2362 947 2427 alia,
974 2361 1175 2431 inquit,
1206 2361 1438 2417 aliorum
1474 2377 1579 2417 vox
1625 2371 1682 2417 et
1732 2363 1909 2417 oratio
1936 2371 2042 2418 est.

472 2457 683 2513 Sensus
719 2456 864 2511 enim
898 2455 1128 2523 visaque
1166 2454 1353 2508 omnia
1384 2452 1634 2509 funditus
1682 2455 2041 2523 repudianda,

470 2551 667 2609 rationi
704 2550 792 2604 imi
823 2549 983 2605 tidem
1007 2548 1311 2604 habendam
1338 2548 1655 2618 opinantur.
1704 2549 1782 2601 Ac
1807 2548 2044 2618 primum

471 2643 688 2715 quidem
718 2641 1105 2712 Xenophanes,
1137 2640 1527 2707 Parmenides,
1573 2638 1721 2694 Zeno
1773 2648 1828 2695 et
1866 2640 2049 2696 Melis-

473 2749 591 2800 sus,
622 2734 676 2787 iu
707 2747 771 2788 ea
798 2739 928 2787 sunt
967 2731 1217 2786 doctrina
1253 2729 1478 2793 versati,
1512 2745 1675 2798 quam
1717 2729 1895 2800 Stilpo
1951 2731 2048 2785 de-

472 2826 601 2882 inde
621 2842 685 2882 ac
720 2825 1066 2895 Megarenses
1093 2823 1404 2893 philosophi
1437 2821 1747 2878 defendere.
1801 2820 1868 2876 Hi
1895 2822 2051 2893 quid-

473 2919 603 2990 quid
630 2927 795 2983 esset,
820 2934 987 2972 unum
1022 2918 1287 2972 duntaxat
1311 2930 1473 2983 esse;
1502 2915 1646 2985 quod
1670 2916 1739 2971 ab
1770 2930 1837 2971 eo
1868 2916 2051 2972 diver-

474 3026 597 3066 sum
622 3019 791 3076 esset,
818 3010 870 3064 id
905 3026 1016 3065 non
1048 3025 1205 3066 esse:
1255 3009 1505 3079 generari
1540 3008 1707 3062 nihil:
1750 3008 1886 3062 nihil
1922 3023 2050 3063 eor-

474 3100 678 3170 rumpi,
712 3100 919 3156 moveri
958 3102 1185 3155 omnino
1226 3098 1360 3153 nihil
1393 3098 1730 3154 statuebant.
1771 3099 2050 3157 Adversus

476 3192 612 3250 istos
644 3192 788 3248 alius
812 3192 918 3248 erit
946 3192 1194 3261 pluribus
1220 3189 1644 3261 philosophandi
1674 3190 1834 3246 locus
1859 3209 1872 3246 :
1906 3206 2055 3247 nunc

477 3289 685 3346 tamen,
716 3280 896 3337 locum
937 3279 1084 3335 hunc
1113 3280 1259 3350 quod
1284 3282 1499 3345 attinet,
1525 3280 1599 3335 ita
1627 3281 2044 3337 ratiocinamur.

2660 2035 3058 2092 ΚΕΦΑΛΑΙΟΝ
3104 2040 3202 2094 ΙΖ’.

2142 2122 2301 2208 Πρὸς
2329 2122 2471 2208 391');-
2499 2125 2633 2208 περὶ
2658 2124 3013 2208 Ξενοφάνην
3032 2132 3159 2208 jeal-
3189 2135 3589 2208 Παρμενίδην,
3620 2135 3729 2208 τᾲς

2212 2194 2529 2274 glutinosae
2567 2194 2983 2274 ἀεςαφοῦὶθταςί.
3032 2201 3166 2274 Ἀπὸ
3209 2194 3328 2257 τοῖῖ
3350 2194 3584 2274 ότδόὸύ
3605 2194 3725 2261 td»;

2214 2265 2348 2335 Περί
2390 2264 2711 2336 φιλοσοφίας
2755 2264 3227 2339 Ἀριστοκλέους.

2219 2372 2239 2405 ι
2273 2354 2454 2408 Ἀλλοι
2488 2355 2532 2409 δ’
2578 2359 2824 2427 ἐγένοντο
2852 2362 3064 2427 τούτοις
3117 2364 3216 2436 τὴν
3245 2367 3495 2421 ἐναντίαν
3544 2370 3729 2441 φωνὴν

2148 2444 2422 2515 ἀφιέντες·
2459 2447 2661 2502 οῐονται
2689 2451 2798 2524 γάρ
2823 2452 2951 2519 δεῖν,
2968 2455 3067 2518 τὰς
3087 2456 3185 2525 μὲν
3208 2457 3488 2530 αἰσθήσεις
3512 2460 3730 2526 καὶτὰς

2150 2539 2450 2607 φαντασίας
2480 2540 2857 2607 καταῦάλλειν,
2894 2543 3042 2615 αύτῷ
3067 2545 3125 2597 δὲ
3160 2546 3319 2617 μόνον
3350 2549 3430 2619 τῷ
3455 2549 3599 2620 λόγῳ
3638 2568 3734 2605 πι-

2149 2627 2379 2682 στεύειν.
2416 2628 2654 2685 Τοιαῦτα
2676 2632 2784 2704 γάρ
2811 2651 2932 2688 τινα
2966 2635 3231 2707 πρότερον
3265 2637 3364 2707 μὲν
3397 2639 3727 2714 Ξενοφάνης,

2150 2720 2244 2774 καὶ
2273 2720 2637 2792 Παρμενίδης,
2676 2725 2770 2777 καὶ
2800 2726 3007 2794 Ζήνων,
3055 2728 3150 2781 καὶ
3192 2729 3462 2793 Μέλισσος
3501 2730 3684 2799 ἔλεγον
3713 2773 3728 2799 ,

2154 2809 2381 2882 ὕστερον
2409 2814 2454 2864 δ’
2482 2815 2530 2866 οἰ
2560 2815 2690 2885 περὶ
2722 2815 3005 2870 Στίλπωνα
3043 2819 3141 2871 καὶ
3187 2820 3314 2883 τοὺς
3356 2822 3727 2893 Μεγαρικούς.

2154 2901 2317 2956 Ὅθεν
2349 2903 2532 2973 ἠξίουν
2563 2900 2711 2961 οὗτοί
2742 2924 2807 2977 γε
2838 2906 2898 2960 τὺ
2928 2907 2986 2963 δν
3013 2908 3071 2963 ἓν
3097 2905 3257 2975 εἶναι,
3309 2913 3404 2966 καὶ
3451 2915 3513 2966 τὸ
3546 2913 3622 2985 μὴ
3671 2914 3732 2969 δν

2153 2994 2339 3066 ἕτερον
2367 2991 2505 3049 εἶναι
2551 2997 2686 3066 (95),
2719 2999 2853 3071 μηδὲ
2900 3001 3192 3070 γεννᾶσθαί
3222 3020 3296 3067 τι,
3354 3006 3490 3076 μηδὲ
3518 3006 3735 3080 φθείρε-

2159 3089 2303 3156 σθαι,
2328 3090 2461 3162 μηδὲ
2487 3092 2754 3148 κινεῖσθαι
2780 3094 2843 3148 τὸ
2870 3097 3153 3167 παράπαν.
3189 3097 3292 3151 Τὸν
3321 3098 3421 3169 μὲν
3449 3094 3542 3154 οὖν
3563 3098 3734 3153 πλείω

2158 3182 2294 3254 πρὸς
2343 3182 2568 3248 τούτους
2619 3185 2777 3255 λόγον
2831 3187 3070 3259 ἐσόμεθα
3112 3188 3529 3260 φιλοσοφοῦντες
3552 3208 3565 3221 ·
3618 3191 3737 3244 νυνὶ

2160 3271 2341 3343 μέντοι
2368 3272 2504 3343 πρὸς
2532 3274 2692 3329 τοῦτο
2739 3274 2977 3330 λεκτέον.
3022 3276 3286 3349 Εἴποιμεν
3316 3278 3425 3349 γὰρ
3462 3277 3529 3331 ἂν
3551 3317 3566 3342 ,
3599 3278 3677 3341 ὡς
3708 3277 3737 3329 ὁ

476 3367 694 3425 Partem
720 3371 892 3426 nostri
933 3370 1332 3425 divinissimam
1366 3385 1489 3427 esse
1514 3371 1784 3427 rationem
1817 3372 2051 3427 fatemur

2159 3359 2258 3430 μὲν
2289 3362 2443 3430 λόγος
2471 3364 2628 3435 ήμῶν
2666 3364 2753 3435 εἴη
2784 3365 2846 3419 τὸ
2878 3365 3183 3420 θειότατον·
3226 3368 3287 3424 οὺ
3330 3368 3437 3440 μὴν
3481 3368 3618 3423 ἀλλά
3658 3369 3742 3422 δετ

479 3462 584 3532 ipsi
618 3476 869 3532 quoque:
903 3460 998 3516 sed
1052 3469 1233 3515 tamen
1281 3476 1446 3516 sensu
1477 3471 1762 3532 praeterea,
1794 3463 2054 3533 quemad-

404 3544 412 3557 ”
478 3554 701 3607 modum
742 3562 796 3607 et
838 3568 1090 3623 corpore,
1138 3552 1465 3622 indigemus.
1529 3555 1594 3608 Et
1644 3570 1777 3609 vero
1822 3569 2047 3611 sensum

479 3644 646 3699 etiam
677 3645 744 3699 ad
780 3644 1139 3714 promendum
1166 3659 1354 3699 verum
1380 3655 1574 3715 suapte
1602 3655 1799 3700 natura
1832 3660 2057 3715 compa-

481 3743 663 3788 ratum
704 3749 846 3798 esse,
880 3733 987 3787 hoc
1035 3744 1358 3801 argumento
1406 3734 1695 3790 manifeste
1741 3735 2049 3790 conficitur.

483 3825 587 3892 Qui
618 3827 803 3892 sentit,
850 3826 991 3881 idem
1043 3827 1177 3897 quin
1225 3828 1431 3897 aliquid
1462 3828 1718 3898 patiatur,
1751 3827 1868 3882 fieri
1904 3827 2058 3882 nullo

484 3918 651 3974 modo
690 3927 891 3989 potest.
934 3920 1121 3991 Atqui
1152 3922 1391 3993 patitur,
1422 3922 1530 3976 hoc
1565 3922 1743 3990 ipsum
1775 3920 1922 3991 quod
1964 3935 2056 3990 pa-

484 4008 637 4074 titur,
663 4018 955 4080 cognoscat
997 4026 1218 4067 necesse
1245 4022 1349 4067 est.
1393 4011 1599 4066 Sensus
1625 4011 1791 4083 igitur
1817 4013 2058 4083 cognitio

485 4097 733 4169 quaedam
776 4109 879 4154 est.
933 4099 1053 4155 Jam
1099 4102 1146 4157 si
1187 4103 1391 4158 sentire
1442 4103 1553 4173 pati
1588 4103 1796 4172 aliquid
1848 4110 1955 4168 est,
2007 4112 2061 4158 et

487 4189 752 4260 quidquid
798 4191 1022 4261 patitur,
1079 4194 1147 4247 ab
1201 4194 1386 4262 aliquo
1427 4194 1669 4263 patitur,
1718 4209 2061 4264 consequens

487 4280 717 4335 cmnino
745 4289 846 4345 est,
892 4282 1036 4351 quod
1067 4282 1246 4341 eﬂicil.
1300 4284 1369 4338 ab
1401 4298 1468 4338 eo
1494 4284 1641 4354 quod
1692 4284 1895 4354 patitur
1945 4299 2064 4339 esse

489 4372 785 4427 diversum.
847 4371 1122 4431 Habemus
1153 4390 1285 4446 ergo
1335 4375 1574 4446 primum
1629 4374 1684 4430 id
1732 4391 1875 4439 esse,
1917 4377 2062 4446 quod

2162 3469 2227 3523 γε
2253 3454 2345 3508 καὶ
2371 3453 2472 3525 τῆς
2497 3455 2824 3527 αἰσθήσεως,
2878 3455 3068 3529 ὥσπερ
3098 3475 3161 3527 γε
3208 3458 3273 3529 δὴ
3323 3459 3417 3512 καὶ
3466 3456 3734 3528 σώματος.

2164 3544 2287 3598 Ὀτι
2306 3545 2364 3599 δὲ
2388 3547 2482 3600 καὶ
2510 3549 2543 3617 ή
2589 3547 2841 3618 αἴσθησις
2870 3547 3156 3619 ἀληθεύειν
3179 3550 3412 3618 πέφυκε,
3439 3551 3621 3621 δῆλον.
3661 3550 3740 3606 Οὐ

2163 3633 2271 3706 γὰρ
2294 3629 2405 3690 οἶόν
2432 3653 2493 3690 τε
2534 3637 2626 3691 τὸν
2658 3637 3048 3709 αἰσθανόμενον
3093 3642 3168 3713 μὴ
3207 3642 3328 3713 οὐχὶ
3375 3644 3608 3714 πάσχειν
3653 3661 3736 3699 τι·

2165 3728 2387 3798 πάσχων
2416 3728 2474 3781 δὲ
2500 3728 2561 3782 τὸ
2589 3729 2760 3794 πάθος
2793 3731 2860 3786 ἂν
2889 3732 3078 3803 εἰδείη.
3114 3731 3321 3796 Γνῶσις
3364 3729 3458 3788 οὖν
3499 3735 3586 3798 τίς
3624 3737 3743 3789 ἐστι

2165 3818 2259 3871 καὶ
2285 3820 2319 3889 ή
2343 3818 2614 3889 αἴσθησις.
2658 3820 2817 3875 Ἀλλά
2846 3820 2952 3893 μὴν
2969 3822 3017 3874 εἰ
3049 3820 3111 3874 τὸ
3130 3821 3484 3875 αἰσθάνεσθαι
3514 3822 3744 3895 πάσχειν

2164 3910 2218 3963 τί
2241 3911 2410 3975 ἐστιν,
2440 3909 2585 3964 άπαν
2608 3910 2667 3964 δὲ
2702 3911 2765 3964 τὸ
2787 3913 2994 3982 πάσχον
3018 3912 3123 3965 ύπό
3149 3929 3243 3965 του
3277 3913 3496 3983 πάσχει,
3525 3913 3745 3978 πάντως

2167 4001 2233 4057 ἂν
2265 4001 2451 4073 ἕτερον
2478 4003 2565 4074 εἴη
2592 4003 2654 4057 τὸ
2680 4003 2869 4058 ποιοῦν
2898 4005 2991 4059 καὶ
3016 4005 3077 4058 τὸ
3098 4004 3326 4075 πάσχον.
3345 4006 3507 4059 ’Ὥστε
3530 4006 3746 4077 πρῶτον

2167 4092 2253 4164 εἴη
2278 4093 2344 4147 ἂν
2401 4093 2462 4147 τὸ
2492 4093 2787 4166 λεγόμενον
2833 4096 3053 4167 ἓτερονο
3079 4092 3191 4151 οἷον
3236 4097 3298 4150 τὸ
3354 4097 3549 4169 χρῶμα
3593 4097 3686 4151 καὶ
3717 4100 3747 4151 ὁ

2167 4184 2356 4256 ψόφος·
2384 4185 2573 4240 ἔπειτα
2588 4186 2646 4241 δὲ
2668 4186 2727 4241 ἓν
2750 4187 2812 4241 τδ
2831 4187 2890 4241 ὃν
2915 4188 3017 4242 οὐκ
3043 4187 3196 4243 ἔσται
3212 4208 3225 4218 ·
3248 4188 3465 4260 καὶμὴν
3490 4188 3609 4242 οὐδὲ
3635 4190 3749 4243 ἀκί-

2168 4295 2328 4348 νητον
2350 4293 2364 4309 °
2398 4281 2432 4350 ή
2460 4277 2569 4352 γὰρ
2600 4278 2853 4350 αἴσθησίς
2877 4281 2994 4333 ἐστι
3027 4280 3258 4351 κίνησις.
3284 4280 3468 4353 Ταύτῃ
3500 4280 3747 4351 βούλεται

2170 4372 2279 4434 πᾶς
2304 4388 2386 4434 τις
2413 4371 2555 4425 κατά
2584 4370 2745 4441 φύσιν
2769 4371 2915 4443 ἔχειν
2934 4371 3032 4436 τὰς
3057 4371 3364 4443 αἰσθήσεις,
3408 4372 3505 4427 ἆτε
3541 4372 3605 4444 δὴ
3658 4390 3750 4427 πι-

485 4462 767 4536 Δίνετειῃη
801 4472 1048 4527 vocatur,
1082 4464 1391 4534 cujusmodi
1429 4475 1558 4520 sunt
1592 4463 1746 4518 color
1775 4471 1939 4533 atque
1969 4477 2051 4517 so-

2173 4462 2401 4528 στεύων,
2429 4461 2604 4535 οἶμαι,
2632 4467 2749 4528 ταῖς
2781 4464 3153 4533 ὑγιαινούσαις
3187 4464 3386 4535 μᾶλλον
3426 4464 3460 4536 ἢ
3508 4467 3627 4528 ταῖς
3662 4481 3750 4519 νο-

491 4567 636 4620 nus;
675 4529 869 4608 d‘einde
917 4529 1179 4625 quidquid
1235 4563 1344 4619 est,
1379 4570 1487 4609 non
1533 4569 1655 4610 esse
1693 4555 1823 4625 quid
1850 4529 2051 4610 -unum.

2174 4556 2410 4620 σούσαις.
2436 4529 2676 4622 Εἰκότως
2696 4557 2803 4629 ἄρα
2827 4529 2924 4612 καὶ
2950 4556 3123 4621 δεινός
3140 4529 3224 4622 τις
3246 4557 3386 4629 ἔρως
3411 4529 3590 4611 αύτῶν
3616 4558 3750 4627 ἡμῖν

480 4644 645 4701 Adde
683 4662 752 4701 ne
798 4646 1079 4703 immobile
1132 4648 1349 4719 quidem
1413 4647 1543 4701 illud
1594 4663 1736 4712 esse,
1776 4663 1902 4703 cum
1940 4648 2051 4718 ipsa

2173 4650 2480 4721 ἐντέτηκεν.
2516 4651 2705 4714 Οὐδείς
2735 4650 2799 4718 γέ
2837 4667 2919 4703 τοι
2955 4650 3029 4720 μὴ
3058 4649 3317 4721 μεμηνὼς
3336 4649 3495 4703 ἕλοιτ’
3528 4650 3593 4704 ἄν
3622 4666 3752 4703 ποτε

495 4734 763 4791 sentiendi
787 4736 927 4791 ratio
971 4746 1150 4792 motus
1180 4737 1402 4807 quidam
1431 4736 1522 4791 sit.
1559 4735 1740 4802 Quare
1770 4752 1932 4793 nemo
1958 4746 2051 4792 est.

2173 4742 2300 4813 μίαν
2336 4741 2936 4811 αἴσθησινάποϐαλεῖν,
2969 4741 3120 4805 ὅπως
3137 4741 3285 4813 αὐτῷ
3328 4742 3504 4796 πάντα
3523 4742 3592 4795 τά
3618 4741 3754 4796 ἄλλα

493 4828 591 4895 qui
618 4843 724 4883 non
756 4843 973 4894 sensus,
998 4844 1108 4898 quo
1129 4831 1295 4884 modo
1327 4836 1522 4883 natura
1557 4828 1816 4898 postulat,
1867 4829 2051 4884 haberi

2175 4831 2355 4900 ἁγαθά
2378 4830 2608 4901 γένοιτο.
2657 4830 2796 4894 Τοὺς
2829 4830 2887 4883 δὲ
2928 4829 3314 4894 διαϐάλλοντας
3346 4831 3513 4894 αὐτὰς
3562 4830 3753 4901 ὲχρῆν,

493 4920 661 4976 velit:
697 4921 861 4976 credo
904 4922 1048 4991 quod
1091 4935 1282 4975 omnes
1312 4918 1464 4975 sanis
1496 4918 1702 4989 potius,
1756 4933 1921 4987 quam
1958 4920 2051 4976 ullt

2177 4924 2575 4996 πεπεισμένους
2604 4941 2689 4993 γε,
2719 4925 2801 4977 ὅτι
2826 4924 3000 4994 μάτην
3041 4922 3213 4993 ἔχοιεν
3241 4923 3410 4987 αὑτὰς
3432 4963 3447 4987 ,
3502 4923 3757 4986 εἰπόντας

495 5010 630 5065 vitio
675 5010 1056 5067 laborantibus
1103 5010 1262 5066 ﬁdem
1305 5010 1561 5066 habeant.
1603 5009 1672 5064 Et
1710 5011 1907 5065 merito
1939 5026 2051 5066 sam

2177 5015 2319 5088 άπερ
2350 5018 2378 5069 ὁ
2400 5015 2680 5087 Πάνδαρος
2706 5013 2855 5084 λέγει
2900 5014 3051 5087 παρά
3099 5013 3177 5085 τῷ
3211 5014 3434 5087 Ὁμήρῳ
3479 5014 3608 5087 περὶ
3648 5013 3759 5068 τῶν

495 5102 790 5158 vehemens
821 5103 1039 5173 quidam
1090 5103 1305 5158 illorum
1355 5117 1512 5157 amor
1543 5101 1704 5157 nobis
1737 5101 1902 5157 altius
1932 5102 2051 5156 insi-

2176 5105 2373 5160 ἑαυτοῦ
2405 5105 2576 5171 τόξων
2590 5121 2603 5134 ·

496 5194 615 5249 det:
644 5212 745 5251 nec
770 5204 882 5250 tam
916 5197 1145 5252 insanus
1174 5198 1469 5267 quisquam
1505 5196 1834 5266 reperiatur,
1884 5196 1979 5266 qui
2013 5206 2074 5252 ut
2117 5199 2280 5256 bonis
2322 5201 2582 5256 omnibus
2625 5199 2749 5254 aliis
2792 5196 3029 5263 fruatur,
3065 5214 3262 5255 sensus
3305 5200 3389 5255 vel
3444 5199 3611 5255 unius
3670 5199 3754 5269 ja-

497 5299 707 5345 cturam
755 5288 933 5345 facere
983 5292 1129 5346 velit.
1168 5291 1327 5362 757
1376 5290 1480 5357 Qui
1516 5298 1699 5345 autem
1733 5305 1830 5345 eos
1866 5291 2255 5357 criminantur,
2327 5295 2452 5349 illos
2507 5295 2696 5364 utique
2739 5293 2884 5349 hanc
2948 5294 3120 5351 semel
3169 5293 3226 5349 in
3276 5294 3591 5363 opinionem
3651 5293 3755 5347 ad-

499 5389 716 5456 ductos,
760 5404 865 5459 qua
914 5404 1108 5444 sensus
1160 5389 1382 5444 inutiles
1423 5388 1763 5455 existimant,
1813 5387 1866 5443 id
1895 5387 2071 5459 ipsum
2114 5390 2180 5445 de
2213 5392 2489 5458 sensibus,
2524 5390 2672 5461 quod
2695 5390 2839 5461 apud
2872 5388 3170 5447 Homerum
3195 5388 3478 5445 Pandarus
3533 5391 3600 5445 de
3629 5403 3761 5445 arcu

502 5496 605 5541 suo
634 5480 869 5545 dicebat,
904 5495 1170 5550 usurpare
1194 5489 1491 5552 oporteret,

503 5572 753 5643 lvzfensus
780 5571 908 5643 mihi
934 5575 1183 5627 continuo
1214 5584 1370 5643 caput
1405 5574 1617 5642 auferat
1636 5573 1825 5635 hostis,

506 5640 585 5697 Νἱ
608 5644 836 5713 fractam
890 5642 1021 5697 hanc
1073 5640 1317 5701 manist
1349 5640 1679 5715 pharetram,
1718 5642 1931 5713 quando
1971 5640 2070 5695 illa

1757 5729 1814 5766 81⁵
1842 5729 2019 5767 armos

1757 5730 1814 5766 er
1842 5730 1893 5766 ai

509 5779 725 5838 Pondus
760 5785 897 5840 iners
924 5785 1134 5856 pendet,
1161 5785 1345 5838 mediis
1373 5785 1600 5853 injecero
1629 5730 1895 5852 ﬂavam“:

580 5874 692 5943 (95)
734 5876 839 5928 Καὶ
888 5875 951 5927 τὸ
993 5875 1078 5943 μὴ
1126 5874 1201 5927 ὃν
1240 5874 1454 5944 ἕτεροις
1486 5872 1659 5929 εἶναι.
1703 5873 1923 5944 Repone
1958 5889 2083 5927 cum

515 5941 687 6001 altero
714 5960 841 6011 ms.,
874 5946 965 5997 καὶ
991 5941 1050 5997 τὸ
1082 5944 1268 6012 ἕτερον
1298 5941 1373 6014 μὴ
1406 5941 1564 5998 εἶναι.

2172 5570 2379 5628 Αὐτίθί
2411 5569 2593 5625 ἔπειτ’
2623 5568 2735 5641 (96)
2764 5568 2866 5624 ἀπ’
2887 5569 3049 5640 ἐμεῖο
3070 5567 3226 5638 κάρη
3252 5567 3422 5638 τάμοι
3445 5567 3765 5653 ἀνμότρως

2177 5713 2247 5765 Εἰ
2272 5710 2358 5781 μὴ
2387 5709 2503 5781 ἐγὼ
2527 5709 2667 5764 τάδε
2689 5709 2836 5774 τόξα
2865 5709 3088 5781 φαεινῷ
3113 5708 3347 5781 ἐν’-πυρὶ
3378 5636 3690 5781 adﬁgi?“

2177 5775 2359 5850 Χερσί
2380 5775 2781 5847 διακλάσσας,
2811 5775 3112 5849 άῶεμώλια
3137 5779 3247 5850 γάρ
3269 5775 3371 5847 μοι
3392 5775 3619 5844 ὀπηδεῖν

2264 5871 2377 5945 (96)
2416 5872 2617 5928 Aittix‘
2645 5872 2848 5925 ἔπειτ’.
2882 5869 3050 5925 Iliad.
3084 5870 3146 5930 Ε.
3178 5886 3227 5923 v.
3258 5868 3382 5923 ειι.
