  <div class='ocr_page' id='page_1' title='image "/cluster/home/n/w/nwhite01/storage/ocr_20150623/21:no.3/coo.31924054873017/638.png"; bbox 0 0 4144 6416; ppageno 0'>
   <div class='ocr_carea' id='block_1_1' title="bbox 385 424 528 480">
    <p class='ocr_par' dir='ltr' id='par_1_1' title="bbox 385 424 528 480">
     <span class='ocr_line' id='line_1_1' title="bbox 385 424 528 480; baseline -0.007 0"><span class='ocrx_word' id='word_1_1' title='bbox 385 424 528 480; x_wconf 65' lang='lat'><strong>19.15</strong></span> 
     </span>
    </p>
   </div>
   <div class='ocr_carea' id='block_1_2' title="bbox 1494 427 2463 486">
    <p class='ocr_par' dir='ltr' id='par_1_2' title="bbox 1494 427 2463 486">
     <span class='ocr_line' id='line_1_2' title="bbox 1494 427 2463 486; baseline 0.001 -5"><span class='ocrx_word' id='word_1_2' title='bbox 1494 427 1814 482; x_wconf 66' lang='lat' dir='ltr'><strong>PRIEPAR.</strong></span> <span class='ocrx_word' id='word_1_3' title='bbox 1859 427 2111 486; x_wconf 85' lang='lat' dir='ltr'><strong>EVANG.</strong></span> <span class='ocrx_word' id='word_1_4' title='bbox 2153 427 2281 484; x_wconf 85' lang='lat' dir='ltr'><strong>LIB.</strong></span> <span class='ocrx_word' id='word_1_5' title='bbox 2325 427 2463 483; x_wconf 78' lang='lat' dir='ltr'><strong>XIV.</strong></span> 
     </span>
    </p>
   </div>
   <div class='ocr_carea' id='block_1_3' title="bbox 3496 426 3635 481">
    <p class='ocr_par' dir='ltr' id='par_1_3' title="bbox 3496 426 3635 481">
     <span class='ocr_line' id='line_1_3' title="bbox 3496 426 3635 481; baseline -0.007 0"><span class='ocrx_word' id='word_1_6' title='bbox 3496 426 3635 481; x_wconf 71' lang='lat' dir='ltr'><strong>I2i6</strong></span> 
     </span>
    </p>
   </div>
   <div class='ocr_carea' id='block_1_4' title="bbox 385 538 1973 618">
    <p class='ocr_par' dir='ltr' id='par_1_4' title="bbox 385 538 1965 618">
     <span class='ocr_line' id='line_1_4' title="bbox 385 538 1965 618; baseline 0.005 -26"><span class='ocrx_word' id='word_1_7' title='bbox 385 539 443 593; x_wconf 83' lang='grc' dir='ltr'><strong>τὸ</strong></span> <span class='ocrx_word' id='word_1_8' title='bbox 469 539 605 609; x_wconf 82' lang='grc' dir='ltr'>μετὰ</span> <span class='ocrx_word' id='word_1_9' title='bbox 632 538 790 593; x_wconf 78' lang='grc' dir='ltr'>τοῦτο</span> <span class='ocrx_word' id='word_1_10' title='bbox 834 541 1266 612; x_wconf 81' lang='grc' dir='ltr'>διαλυμήνασθαι</span> <span class='ocrx_word' id='word_1_11' title='bbox 1315 544 1494 608; x_wconf 86' lang='grc' dir='ltr'>πάσας</span> <span class='ocrx_word' id='word_1_12' title='bbox 1545 547 1645 609; x_wconf 76' lang='grc' dir='ltr'><strong>τὰς</strong></span> <span class='ocrx_word' id='word_1_13' title='bbox 1684 546 1965 618; x_wconf 73' lang='grc' dir='ltr'><strong>αἰσθήσεις</strong></span> 
     </span>
    </p>
   </div>
   <div class='ocr_carea' id='block_1_5' title="bbox 2078 538 3638 618">
    <p class='ocr_par' dir='ltr' id='par_1_5' title="bbox 2078 545 3638 617">
     <span class='ocr_line' id='line_1_5' title="bbox 2078 545 3638 617; baseline -0.004 -15"><span class='ocrx_word' id='word_1_14' title='bbox 2078 548 2343 617; x_wconf 74' lang='lat' dir='ltr'><strong>simulque</strong></span> <span class='ocrx_word' id='word_1_15' title='bbox 2401 562 2596 602; x_wconf 86' lang='lat' dir='ltr'><strong>sensus</strong></span> <span class='ocrx_word' id='word_1_16' title='bbox 2652 561 2844 600; x_wconf 87' lang='lat' dir='ltr'><strong>omnes</strong></span> <span class='ocrx_word' id='word_1_17' title='bbox 2895 561 3026 600; x_wconf 87' lang='lat' dir='ltr'><strong>suos</strong></span> <span class='ocrx_word' id='word_1_18' title='bbox 3084 545 3462 614; x_wconf 77' lang='lat' dir='ltr'><strong>exstinguere:</strong></span> <span class='ocrx_word' id='word_1_19' title='bbox 3527 553 3638 596; x_wconf 91' lang='lat' dir='ltr'><strong>tum</strong></span> 
     </span>
    </p>
   </div>
   <div class='ocr_carea' id='block_1_6' title="bbox 384 628 1962 708">
    <p class='ocr_par' dir='ltr' id='par_1_6' title="bbox 384 628 1962 708">
     <span class='ocr_line' id='line_1_6' title="bbox 384 628 1962 708; baseline 0.004 -25"><span class='ocrx_word' id='word_1_20' title='bbox 384 629 611 684; x_wconf 73' lang='grc' dir='ltr'>ἑαυτῶν.</span> <span class='ocrx_word' id='word_1_21' title='bbox 642 628 798 682; x_wconf 77' lang='grc' dir='ltr'>Οὕτω</span> <span class='ocrx_word' id='word_1_22' title='bbox 819 631 929 702; x_wconf 80' lang='grc' dir='ltr'>γὰρ</span> <span class='ocrx_word' id='word_1_23' title='bbox 956 634 1020 686; x_wconf 77' lang='grc' dir='ltr'>ἄν</span> <span class='ocrx_word' id='word_1_24' title='bbox 1053 650 1136 696; x_wconf 87' lang='grc' dir='ltr'><strong>τις</strong></span> <span class='ocrx_word' id='word_1_25' title='bbox 1167 636 1451 688; x_wconf 84' lang='grc' dir='ltr'>ἐπίστευεν</span> <span class='ocrx_word' id='word_1_26' title='bbox 1487 637 1668 700; x_wconf 81' lang='grc' dir='ltr'>αὐτοῖς</span> <span class='ocrx_word' id='word_1_27' title='bbox 1705 637 1849 708; x_wconf 79' lang='grc' dir='ltr'>ἔργῳ</span> <span class='ocrx_word' id='word_1_28' title='bbox 1879 638 1962 690; x_wconf 88' lang='grc' dir='ltr'>δι-</span> 
     </span>
    </p>
   </div>
   <div class='ocr_carea' id='block_1_7' title="bbox 383 721 1966 786">
    <p class='ocr_par' dir='ltr' id='par_1_7' title="bbox 383 721 1966 786">
     <span class='ocr_line' id='line_1_7' title="bbox 383 721 1966 786; baseline 0.006 -13"><span class='ocrx_word' id='word_1_29' title='bbox 383 721 694 784; x_wconf 85' lang='grc' dir='ltr'>δάσκουσιν,</span> <span class='ocrx_word' id='word_1_30' title='bbox 721 722 796 785; x_wconf 86' lang='grc' dir='ltr'>ὡς</span> <span class='ocrx_word' id='word_1_31' title='bbox 817 725 895 786; x_wconf 87' lang='grc' dir='ltr'><strong>είς</strong></span> <span class='ocrx_word' id='word_1_32' title='bbox 924 725 1075 776; x_wconf 78' lang='grc' dir='ltr'>οὐδὲν</span> <span class='ocrx_word' id='word_1_33' title='bbox 1101 727 1277 780; x_wconf 81' lang='grc' dir='ltr'>αὐτῶν</span> <span class='ocrx_word' id='word_1_34' title='bbox 1307 727 1529 782; x_wconf 88' lang='grc' dir='ltr'>δέοιντο.</span> <span class='ocrx_word' id='word_1_35' title='bbox 1559 729 1694 782; x_wconf 82' lang='grc' dir='ltr'>Νυνὶ</span> <span class='ocrx_word' id='word_1_36' title='bbox 1720 730 1775 782; x_wconf 90' lang='grc' dir='ltr'><strong>δέ</strong></span> <span class='ocrx_word' id='word_1_37' title='bbox 1809 729 1966 783; x_wconf 81' lang='grc' dir='ltr'>τοῦτο</span> 
     </span>
    </p>
   </div>
   <div class='ocr_carea' id='block_1_8' title="bbox 383 810 1965 889">
    <p class='ocr_par' dir='ltr' id='par_1_8' title="bbox 383 810 1965 889">
     <span class='ocr_line' id='line_1_8' title="bbox 383 810 1965 889; baseline 0.007 -25"><span class='ocrx_word' id='word_1_38' title='bbox 383 810 733 864; x_wconf 84' lang='grc' dir='ltr'>ἀτοπώτατόν</span> <span class='ocrx_word' id='word_1_39' title='bbox 763 815 898 868; x_wconf 89' lang='grc' dir='ltr'>ἐστι.</span> <span class='ocrx_word' id='word_1_40' title='bbox 941 817 1269 888; x_wconf 83' lang='grc' dir='ltr'>Ἀχρὴστους</span> <span class='ocrx_word' id='word_1_41' title='bbox 1292 818 1399 889; x_wconf 73' lang='grc' dir='ltr'><strong>γὰρ</strong></span> <span class='ocrx_word' id='word_1_42' title='bbox 1433 820 1823 888; x_wconf 78' lang='grc' dir='ltr'>ἀποφαίνοντες</span> <span class='ocrx_word' id='word_1_43' title='bbox 1868 824 1965 875; x_wconf 83' lang='grc' dir='ltr'>αύ-</span> 
     </span>
    </p>
   </div>
   <div class='ocr_carea' id='block_1_9' title="bbox 384 902 1968 982">
    <p class='ocr_par' dir='ltr' id='par_1_9' title="bbox 384 902 1968 982">
     <span class='ocr_line' id='line_1_9' title="bbox 384 902 1968 982; baseline 0.008 -29"><span class='ocrx_word' id='word_1_44' title='bbox 384 902 484 966; x_wconf 78' lang='grc' dir='ltr'>τὰς</span> <span class='ocrx_word' id='word_1_45' title='bbox 507 903 586 973; x_wconf 81' lang='grc' dir='ltr'>τῷ</span> <span class='ocrx_word' id='word_1_46' title='bbox 624 904 787 974; x_wconf 85' lang='grc' dir='ltr'>λόγῳ,</span> <span class='ocrx_word' id='word_1_47' title='bbox 809 909 920 969; x_wconf 84' lang='grc' dir='ltr'>τοῖς</span> <span class='ocrx_word' id='word_1_48' title='bbox 948 908 1130 978; x_wconf 82' lang='grc' dir='ltr'><strong>ἔργοις</strong></span> <span class='ocrx_word' id='word_1_49' title='bbox 1158 910 1222 962; x_wconf 81' lang='grc' dir='ltr'>τὰ</span> <span class='ocrx_word' id='word_1_50' title='bbox 1247 910 1479 980; x_wconf 83' lang='grc' dir='ltr'>μάλιστα</span> <span class='ocrx_word' id='word_1_51' title='bbox 1501 911 1770 982; x_wconf 81' lang='grc' dir='ltr'>χρώμενοι</span> <span class='ocrx_word' id='word_1_52' title='bbox 1791 913 1968 966; x_wconf 84' lang='grc' dir='ltr'>διατε-</span> 
     </span>
    </p>
   </div>
   <div class='ocr_carea' id='block_1_10' title="bbox 385 995 1967 1065">
    <p class='ocr_par' dir='ltr' id='par_1_10' title="bbox 385 995 1967 1065">
     <span class='ocr_line' id='line_1_10' title="bbox 385 995 1967 1065; baseline 0.005 -16"><span class='ocrx_word' id='word_1_53' title='bbox 385 995 568 1050; x_wconf 77' lang='grc' dir='ltr'>λοῦσιν</span> <span class='ocrx_word' id='word_1_54' title='bbox 595 995 803 1059; x_wconf 82' lang='grc' dir='ltr'>αὑταῖς.</span> <span class='ocrx_word' id='word_1_55' title='bbox 850 997 914 1050; x_wconf 90' lang='lat'>&#39;0</span> <span class='ocrx_word' id='word_1_56' title='bbox 944 999 1006 1065; x_wconf 89' lang='grc' dir='ltr'><strong>γέ</strong></span> <span class='ocrx_word' id='word_1_57' title='bbox 1029 1017 1109 1052; x_wconf 87' lang='grc' dir='ltr'><strong>τοι</strong></span> <span class='ocrx_word' id='word_1_58' title='bbox 1139 1001 1406 1065; x_wconf 80' lang='grc' dir='ltr'>Μέλισσος</span> <span class='ocrx_word' id='word_1_59' title='bbox 1435 1002 1632 1055; x_wconf 80' lang='grc' dir='ltr'>ἐθέλων</span> <span class='ocrx_word' id='word_1_60' title='bbox 1663 1003 1967 1057; x_wconf 88' lang='grc' dir='ltr'>ἐπιδεικνύ-</span> 
     </span>
    </p>
   </div>
   <div class='ocr_carea' id='block_1_11' title="bbox 385 1088 1968 1163">
    <p class='ocr_par' dir='ltr' id='par_1_11' title="bbox 385 1088 1968 1163">
     <span class='ocr_line' id='line_1_11' title="bbox 385 1088 1968 1163; baseline 0.005 -21"><span class='ocrx_word' id='word_1_61' title='bbox 385 1107 496 1150; x_wconf 85' lang='grc' dir='ltr'>ναι,</span> <span class='ocrx_word' id='word_1_62' title='bbox 523 1090 604 1141; x_wconf 84' lang='grc' dir='ltr'>ὅτι</span> <span class='ocrx_word' id='word_1_63' title='bbox 635 1088 744 1141; x_wconf 86' lang='grc' dir='ltr'><strong>τῶν</strong></span> <span class='ocrx_word' id='word_1_64' title='bbox 771 1091 1109 1160; x_wconf 79' lang='grc' dir='ltr'>φαινομένων</span> <span class='ocrx_word' id='word_1_65' title='bbox 1143 1095 1234 1145; x_wconf 75' lang='grc' dir='ltr'><strong>καὶ</strong></span> <span class='ocrx_word' id='word_1_66' title='bbox 1271 1096 1327 1146; x_wconf 88' lang='grc' dir='ltr'><strong>ἐν</strong></span> <span class='ocrx_word' id='word_1_67' title='bbox 1373 1095 1514 1163; x_wconf 67' lang='grc' dir='ltr'>ὄψει,</span> <span class='ocrx_word' id='word_1_68' title='bbox 1564 1096 1770 1149; x_wconf 90' lang='grc' dir='ltr'>τούτων</span> <span class='ocrx_word' id='word_1_69' title='bbox 1818 1097 1968 1152; x_wconf 82' lang='grc' dir='ltr'>οὐδὲν</span> 
     </span>
    </p>
   </div>
   <div class='ocr_carea' id='block_1_12' title="bbox 387 1181 1968 1262">
    <p class='ocr_par' dir='ltr' id='par_1_12' title="bbox 387 1181 1968 1262">
     <span class='ocr_line' id='line_1_12' title="bbox 387 1181 1968 1262; baseline 0.005 -28"><span class='ocrx_word' id='word_1_70' title='bbox 387 1181 469 1250; x_wconf 75' lang='grc' dir='ltr'><strong>εἴη</strong></span> <span class='ocrx_word' id='word_1_71' title='bbox 493 1181 572 1250; x_wconf 79' lang='grc' dir='ltr'><strong>τῷ</strong></span> <span class='ocrx_word' id='word_1_72' title='bbox 615 1181 749 1243; x_wconf 78' lang='grc' dir='ltr'>ὄντι,</span> <span class='ocrx_word' id='word_1_73' title='bbox 784 1181 872 1234; x_wconf 85' lang='grc' dir='ltr'>διὰ</span> <span class='ocrx_word' id='word_1_74' title='bbox 899 1182 1005 1235; x_wconf 90' lang='grc' dir='ltr'><strong>τῶν</strong></span> <span class='ocrx_word' id='word_1_75' title='bbox 1047 1186 1390 1254; x_wconf 80' lang='grc' dir='ltr'>φαινομένων</span> <span class='ocrx_word' id='word_1_76' title='bbox 1433 1187 1804 1241; x_wconf 80' lang='grc' dir='ltr'>ἀποδεικνύειν</span> <span class='ocrx_word' id='word_1_77' title='bbox 1858 1189 1968 1262; x_wconf 89' lang='lat'><strong>(97)</strong></span> 
     </span>
    </p>
   </div>
   <div class='ocr_carea' id='block_1_13' title="bbox 388 1273 1970 1350">
    <p class='ocr_par' dir='ltr' id='par_1_13' title="bbox 388 1273 1970 1350">
     <span class='ocr_line' id='line_1_13' title="bbox 388 1273 1970 1350; baseline 0.004 -24"><span class='ocrx_word' id='word_1_78' title='bbox 388 1273 586 1326; x_wconf 81' lang='grc' dir='ltr'>αὐτῶν.</span> <span class='ocrx_word' id='word_1_79' title='bbox 622 1274 760 1342; x_wconf 79' lang='grc' dir='ltr'>Φησὶ</span> <span class='ocrx_word' id='word_1_80' title='bbox 790 1273 922 1341; x_wconf 82' lang='grc' dir='ltr'>γοῦν</span> <span class='ocrx_word' id='word_1_81' title='bbox 943 1293 956 1305; x_wconf 75' lang='grc' dir='ltr'><strong>ο</strong></span> <span class='ocrx_word' id='word_1_82' title='bbox 986 1275 1047 1328; x_wconf 75' lang='grc' dir='ltr'><strong>Εἰ</strong></span> <span class='ocrx_word' id='word_1_83' title='bbox 1079 1277 1186 1345; x_wconf 82' lang='grc' dir='ltr'>γάρ</span> <span class='ocrx_word' id='word_1_84' title='bbox 1214 1279 1328 1329; x_wconf 84' lang='grc' dir='ltr'>ἐστι</span> <span class='ocrx_word' id='word_1_85' title='bbox 1380 1278 1474 1347; x_wconf 85' lang='grc' dir='ltr'>γῆ,</span> <span class='ocrx_word' id='word_1_86' title='bbox 1529 1281 1623 1332; x_wconf 69' lang='grc' dir='ltr'><strong>καλ⁵</strong></span> <span class='ocrx_word' id='word_1_87' title='bbox 1661 1279 1804 1350; x_wconf 76' lang='grc' dir='ltr'>ὕδωρ</span> <span class='ocrx_word' id='word_1_88' title='bbox 1829 1320 1842 1343; x_wconf 93' lang='grc'><strong>,</strong></span> <span class='ocrx_word' id='word_1_89' title='bbox 1875 1281 1970 1334; x_wconf 73' lang='grc' dir='ltr'><strong>καὶ</strong></span> 
     </span>
    </p>
   </div>
   <div class='ocr_carea' id='block_1_14' title="bbox 386 1362 1970 1442">
    <p class='ocr_par' dir='ltr' id='par_1_14' title="bbox 386 1362 1970 1442">
     <span class='ocr_line' id='line_1_14' title="bbox 386 1362 1970 1442; baseline 0.007 -27"><span class='ocrx_word' id='word_1_90' title='bbox 386 1362 517 1434; x_wconf 81' lang='grc' dir='ltr'>ἀὴρ,</span> <span class='ocrx_word' id='word_1_91' title='bbox 546 1363 800 1435; x_wconf 76' lang='grc' dir='ltr'>καὶπῦρ,</span> <span class='ocrx_word' id='word_1_92' title='bbox 827 1366 921 1419; x_wconf 77' lang='grc' dir='ltr'><strong>καὶ</strong></span> <span class='ocrx_word' id='word_1_93' title='bbox 949 1366 1186 1436; x_wconf 84' lang='grc' dir='ltr'>σίδηρος,</span> <span class='ocrx_word' id='word_1_94' title='bbox 1220 1370 1314 1420; x_wconf 76' lang='grc' dir='ltr'><strong>καὶ</strong></span> <span class='ocrx_word' id='word_1_95' title='bbox 1354 1368 1555 1439; x_wconf 84' lang='grc' dir='ltr'>χρυσός</span> <span class='ocrx_word' id='word_1_96' title='bbox 1576 1387 1588 1399; x_wconf 87' lang='grc'>·</span> <span class='ocrx_word' id='word_1_97' title='bbox 1624 1371 1717 1423; x_wconf 76' lang='grc' dir='ltr'>καὶ</span> <span class='ocrx_word' id='word_1_98' title='bbox 1768 1371 1830 1424; x_wconf 84' lang='grc' dir='ltr'><strong>τὸ</strong></span> <span class='ocrx_word' id='word_1_99' title='bbox 1873 1375 1970 1442; x_wconf 86' lang='grc' dir='ltr'><strong>μὲν</strong></span> 
     </span>
    </p>
   </div>
   <div class='ocr_carea' id='block_1_15' title="bbox 388 1453 1972 1528">
    <p class='ocr_par' dir='ltr' id='par_1_15' title="bbox 388 1453 1972 1528">
     <span class='ocr_line' id='line_1_15' title="bbox 388 1453 1972 1528; baseline 0.007 -23"><span class='ocrx_word' id='word_1_100' title='bbox 388 1453 518 1518; x_wconf 84' lang='grc' dir='ltr'>ζῶν,</span> <span class='ocrx_word' id='word_1_101' title='bbox 550 1455 612 1507; x_wconf 74' lang='grc' dir='ltr'><strong>τὸ</strong></span> <span class='ocrx_word' id='word_1_102' title='bbox 637 1454 692 1508; x_wconf 82' lang='grc' dir='ltr'><strong>δὲ</strong></span> <span class='ocrx_word' id='word_1_103' title='bbox 725 1456 1008 1527; x_wconf 80' lang='grc' dir='ltr'>τεθνηκὸς,</span> <span class='ocrx_word' id='word_1_104' title='bbox 1048 1458 1140 1509; x_wconf 85' lang='grc' dir='ltr'><strong>καὶ</strong></span> <span class='ocrx_word' id='word_1_105' title='bbox 1173 1459 1362 1528; x_wconf 80' lang='grc' dir='ltr'>μέλαν,</span> <span class='ocrx_word' id='word_1_106' title='bbox 1397 1459 1492 1512; x_wconf 62' lang='grc' dir='ltr'><strong>καὶ¹</strong></span> <span class='ocrx_word' id='word_1_107' title='bbox 1525 1461 1740 1526; x_wconf 78' lang='grc' dir='ltr'>λευκὸν,</span> <span class='ocrx_word' id='word_1_108' title='bbox 1788 1463 1972 1517; x_wconf 76' lang='grc' dir='ltr'>καὶτὰ</span> 
     </span>
    </p>
   </div>
   <div class='ocr_carea' id='block_1_16' title="bbox 387 1543 1973 1623">
    <p class='ocr_par' dir='ltr' id='par_1_16' title="bbox 387 1543 1973 1623">
     <span class='ocr_line' id='line_1_16' title="bbox 387 1543 1973 1623; baseline 0.006 -25"><span class='ocrx_word' id='word_1_109' title='bbox 387 1543 523 1598; x_wconf 74' lang='grc' dir='ltr'>ἄλλα</span> <span class='ocrx_word' id='word_1_110' title='bbox 557 1546 726 1600; x_wconf 83' lang='grc' dir='ltr'>πάντα</span> <span class='ocrx_word' id='word_1_111' title='bbox 754 1547 855 1600; x_wconf 84' lang='grc' dir='ltr'>ὅσα</span> <span class='ocrx_word' id='word_1_112' title='bbox 885 1548 1048 1616; x_wconf 76' lang='grc' dir='ltr'>φασὶν</span> <span class='ocrx_word' id='word_1_113' title='bbox 1071 1545 1209 1602; x_wconf 75' lang='grc' dir='ltr'>εἶναι</span> <span class='ocrx_word' id='word_1_114' title='bbox 1234 1550 1510 1622; x_wconf 83' lang='grc' dir='ltr'>ἄνθρωποι</span> <span class='ocrx_word' id='word_1_115' title='bbox 1544 1552 1787 1622; x_wconf 80' lang='grc' dir='ltr'>ἀληθῶς,</span> <span class='ocrx_word' id='word_1_116' title='bbox 1810 1554 1846 1623; x_wconf 73' lang='grc' dir='ltr'>ἦ</span> <span class='ocrx_word' id='word_1_117' title='bbox 1879 1555 1973 1607; x_wconf 73' lang='grc' dir='ltr'>καὶ</span> 
     </span>
    </p>
   </div>
   <div class='ocr_carea' id='block_1_17' title="bbox 388 1634 1974 1718">
    <p class='ocr_par' dir='ltr' id='par_1_17' title="bbox 388 1634 1974 1718">
     <span class='ocr_line' id='line_1_17' title="bbox 388 1634 1974 1718; baseline 0.01 -33"><span class='ocrx_word' id='word_1_118' title='bbox 388 1634 550 1704; x_wconf 76' lang='grc' dir='ltr'>ἡμεῖς</span> <span class='ocrx_word' id='word_1_119' title='bbox 586 1635 763 1706; x_wconf 82' lang='grc' dir='ltr'>ὀρθῶς</span> <span class='ocrx_word' id='word_1_120' title='bbox 794 1638 1010 1708; x_wconf 84' lang='grc' dir='ltr'>ὁρῶμεν</span> <span class='ocrx_word' id='word_1_121' title='bbox 1042 1641 1134 1692; x_wconf 61' lang='grc' dir='ltr'><strong>καλ⁵</strong></span> <span class='ocrx_word' id='word_1_122' title='bbox 1155 1641 1426 1712; x_wconf 77' lang='grc' dir='ltr'>ἀκούομεν</span> <span class='ocrx_word' id='word_1_123' title='bbox 1447 1663 1460 1676; x_wconf 70' lang='grc' dir='ltr'><strong>ι</strong></span> <span class='ocrx_word' id='word_1_124' title='bbox 1497 1641 1637 1698; x_wconf 77' lang='grc' dir='ltr'>εἶναι</span> <span class='ocrx_word' id='word_1_125' title='bbox 1671 1648 1836 1718; x_wconf 84' lang='grc' dir='ltr'>ἐχρῆν</span> <span class='ocrx_word' id='word_1_126' title='bbox 1882 1649 1974 1701; x_wconf 68' lang='grc' dir='ltr'>καὶ</span> 
     </span>
    </p>
   </div>
   <div class='ocr_carea' id='block_1_18' title="bbox 387 1722 1974 1806">
    <p class='ocr_par' dir='ltr' id='par_1_18' title="bbox 387 1722 1974 1806">
     <span class='ocr_line' id='line_1_18' title="bbox 387 1722 1974 1806; baseline 0.008 -30"><span class='ocrx_word' id='word_1_127' title='bbox 387 1724 449 1776; x_wconf 82' lang='grc' dir='ltr'><strong>τὸ</strong></span> <span class='ocrx_word' id='word_1_128' title='bbox 471 1724 531 1778; x_wconf 78' lang='grc' dir='ltr'>ὃν</span> <span class='ocrx_word' id='word_1_129' title='bbox 555 1725 817 1793; x_wconf 76' lang='grc' dir='ltr'>τοιοῦτον,</span> <span class='ocrx_word' id='word_1_130' title='bbox 840 1722 951 1781; x_wconf 70' lang='grc' dir='ltr'>οἷον</span> <span class='ocrx_word' id='word_1_131' title='bbox 975 1728 1191 1799; x_wconf 88' lang='grc' dir='ltr'>πρῶτον</span> <span class='ocrx_word' id='word_1_132' title='bbox 1220 1730 1396 1794; x_wconf 75' lang='grc' dir='ltr'>ἔδοξεν</span> <span class='ocrx_word' id='word_1_133' title='bbox 1417 1735 1547 1802; x_wconf 79' lang='grc' dir='ltr'>ἡμῖν</span> <span class='ocrx_word' id='word_1_134' title='bbox 1571 1731 1730 1798; x_wconf 80' lang='grc' dir='ltr'>εἶναι,</span> <span class='ocrx_word' id='word_1_135' title='bbox 1781 1737 1874 1788; x_wconf 80' lang='grc' dir='ltr'><strong>καὶ</strong></span> <span class='ocrx_word' id='word_1_136' title='bbox 1900 1734 1974 1806; x_wconf 79' lang='grc' dir='ltr'>μὴ</span> 
     </span>
    </p>
   </div>
   <div class='ocr_carea' id='block_1_19' title="bbox 391 1818 1970 1898">
    <p class='ocr_par' dir='ltr' id='par_1_19' title="bbox 391 1818 1970 1898">
     <span class='ocr_line' id='line_1_19' title="bbox 391 1818 1970 1898; baseline 0.009 -30"><span class='ocrx_word' id='word_1_137' title='bbox 391 1818 774 1887; x_wconf 84' lang='grc' dir='ltr'>μεταπίπτειν,</span> <span class='ocrx_word' id='word_1_138' title='bbox 803 1820 937 1890; x_wconf 81' lang='grc' dir='ltr'>μηδὲ</span> <span class='ocrx_word' id='word_1_139' title='bbox 957 1821 1200 1889; x_wconf 90' lang='grc' dir='ltr'>γίνεσθαι</span> <span class='ocrx_word' id='word_1_140' title='bbox 1223 1824 1428 1894; x_wconf 77' lang='grc' dir='ltr'>ἕτερον,</span> <span class='ocrx_word' id='word_1_141' title='bbox 1453 1825 1568 1878; x_wconf 79' lang='grc' dir='ltr'>ἀλλ’</span> <span class='ocrx_word' id='word_1_142' title='bbox 1599 1823 1738 1880; x_wconf 80' lang='grc' dir='ltr'>εἶναι</span> <span class='ocrx_word' id='word_1_143' title='bbox 1766 1829 1970 1898; x_wconf 82' lang='grc' dir='ltr'>ὅμοιον,</span> 
     </span>
    </p>
   </div>
   <div class='ocr_carea' id='block_1_20' title="bbox 2067 633 3640 707">
    <p class='ocr_par' dir='ltr' id='par_1_20' title="bbox 2067 633 3640 707">
     <span class='ocr_line' id='line_1_20' title="bbox 2067 633 3640 707; baseline -0.005 -14"><span class='ocrx_word' id='word_1_144' title='bbox 2067 641 2214 694; x_wconf 92' lang='lat' dir='ltr'><strong>enim</strong></span> <span class='ocrx_word' id='word_1_145' title='bbox 2259 638 2477 692; x_wconf 91' lang='lat' dir='ltr'><strong>demum</strong></span> <span class='ocrx_word' id='word_1_146' title='bbox 2528 637 2661 693; x_wconf 78' lang='lat' dir='ltr'><strong>fides</strong></span> <span class='ocrx_word' id='word_1_147' title='bbox 2712 639 2845 707; x_wconf 89' lang='lat' dir='ltr'>ipsis</span> <span class='ocrx_word' id='word_1_148' title='bbox 2911 637 3223 699; x_wconf 76' lang='lat' dir='ltr'><strong>haberetur,</strong></span> <span class='ocrx_word' id='word_1_149' title='bbox 3258 650 3382 688; x_wconf 92' lang='lat' dir='ltr'><strong>cum</strong></span> <span class='ocrx_word' id='word_1_150' title='bbox 3419 634 3486 688; x_wconf 92' lang='lat' dir='ltr'><strong>iis</strong></span> <span class='ocrx_word' id='word_1_151' title='bbox 3536 633 3640 688; x_wconf 85' lang='lat' dir='ltr'><strong>sibi</strong></span> 
     </span>
    </p>
   </div>
   <div class='ocr_carea' id='block_1_21' title="bbox 2070 723 3637 798">
    <p class='ocr_par' dir='ltr' id='par_1_21' title="bbox 2070 723 3637 798">
     <span class='ocr_line' id='line_1_21' title="bbox 2070 723 3637 798; baseline -0.004 -15"><span class='ocrx_word' id='word_1_152' title='bbox 2070 730 2205 783; x_wconf 84' lang='lat' dir='ltr'><strong>nihil</strong></span> <span class='ocrx_word' id='word_1_153' title='bbox 2257 745 2397 798; x_wconf 91' lang='lat' dir='ltr'><strong>opus</strong></span> <span class='ocrx_word' id='word_1_154' title='bbox 2426 745 2547 784; x_wconf 88' lang='lat' dir='ltr'><strong>esse</strong></span> <span class='ocrx_word' id='word_1_155' title='bbox 2579 744 2637 782; x_wconf 92' lang='lat' dir='ltr'><strong>re</strong></span> <span class='ocrx_word' id='word_1_156' title='bbox 2668 730 2785 797; x_wconf 87' lang='lat' dir='ltr'><strong>ipsa</strong></span> <span class='ocrx_word' id='word_1_157' title='bbox 2817 727 3252 796; x_wconf 76' lang='lat' dir='ltr'><strong>comprobarent.</strong></span> <span class='ocrx_word' id='word_1_158' title='bbox 3294 723 3451 778; x_wconf 86' lang='lat' dir='ltr'><strong>Nunc</strong></span> <span class='ocrx_word' id='word_1_159' title='bbox 3503 737 3637 776; x_wconf 91' lang='lat' dir='ltr'><strong>vero</strong></span> 
     </span>
    </p>
   </div>
   <div class='ocr_carea' id='block_1_22' title="bbox 2069 816 3640 888">
    <p class='ocr_par' dir='ltr' id='par_1_22' title="bbox 2069 816 3640 888">
     <span class='ocr_line' id='line_1_22' title="bbox 2069 816 3640 888; baseline -0.005 -12"><span class='ocrx_word' id='word_1_160' title='bbox 2069 821 2465 876; x_wconf 88' lang='lat' dir='ltr'><strong>absurdissime</strong></span> <span class='ocrx_word' id='word_1_161' title='bbox 2503 820 2732 882; x_wconf 81' lang='lat' dir='ltr'><strong>faciunt,</strong></span> <span class='ocrx_word' id='word_1_162' title='bbox 2765 819 2860 888; x_wconf 88' lang='lat' dir='ltr'><strong>qui</strong></span> <span class='ocrx_word' id='word_1_163' title='bbox 2893 833 3016 873; x_wconf 88' lang='lat' dir='ltr'><strong>cum</strong></span> <span class='ocrx_word' id='word_1_164' title='bbox 3061 834 3157 872; x_wconf 91' lang='lat' dir='ltr'><strong>eos</strong></span> <span class='ocrx_word' id='word_1_165' title='bbox 3189 816 3407 870; x_wconf 89' lang='lat' dir='ltr'><strong>inutiles</strong></span> <span class='ocrx_word' id='word_1_166' title='bbox 3457 824 3640 868; x_wconf 91' lang='lat' dir='ltr'><strong>orete-</strong></span> 
     </span>
    </p>
   </div>
   <div class='ocr_carea' id='block_1_23' title="bbox 2070 910 3642 978">
    <p class='ocr_par' dir='ltr' id='par_1_23' title="bbox 2070 910 3642 978">
     <span class='ocr_line' id='line_1_23' title="bbox 2070 910 3642 978; baseline -0.005 -11"><span class='ocrx_word' id='word_1_167' title='bbox 2070 929 2174 967; x_wconf 90' lang='lat' dir='ltr'><strong>nus</strong></span> <span class='ocrx_word' id='word_1_168' title='bbox 2210 928 2330 967; x_wconf 88' lang='lat' dir='ltr'><strong>esse</strong></span> <span class='ocrx_word' id='word_1_169' title='bbox 2363 912 2632 978; x_wconf 87' lang='lat' dir='ltr'><strong>dictitent,</strong></span> <span class='ocrx_word' id='word_1_170' title='bbox 2678 911 2868 965; x_wconf 88' lang='lat' dir='ltr'><strong>iisdem</strong></span> <span class='ocrx_word' id='word_1_171' title='bbox 2914 921 3092 964; x_wconf 90' lang='lat' dir='ltr'><strong>tamen</strong></span> <span class='ocrx_word' id='word_1_172' title='bbox 3135 910 3315 978; x_wconf 88' lang='lat' dir='ltr'><strong>reipsa</strong></span> <span class='ocrx_word' id='word_1_173' title='bbox 3382 915 3642 961; x_wconf 89' lang='lat' dir='ltr'><strong>constan-</strong></span> 
     </span>
    </p>
   </div>
   <div class='ocr_carea' id='block_1_24' title="bbox 2069 998 3646 1065">
    <p class='ocr_par' dir='ltr' id='par_1_24' title="bbox 2069 998 3646 1065">
     <span class='ocr_line' id='line_1_24' title="bbox 2069 998 3646 1065; baseline -0.004 -9"><span class='ocrx_word' id='word_1_174' title='bbox 2069 1002 2280 1056; x_wconf 82' lang='lat' dir='ltr'><strong>tissime</strong></span> <span class='ocrx_word' id='word_1_175' title='bbox 2316 1002 2632 1055; x_wconf 78' lang='lat' dir='ltr'><strong>abutantur.</strong></span> <span class='ocrx_word' id='word_1_176' title='bbox 2672 998 2966 1053; x_wconf 86' lang='lat' dir='ltr'><strong>Enimvero</strong></span> <span class='ocrx_word' id='word_1_177' title='bbox 3000 999 3273 1061; x_wconf 86' lang='lat' dir='ltr'><strong>Melissus,</strong></span> <span class='ocrx_word' id='word_1_178' title='bbox 3307 1012 3494 1050; x_wconf 91' lang='lat' dir='ltr'><strong>eorum</strong></span> <span class='ocrx_word' id='word_1_179' title='bbox 3523 1011 3646 1065; x_wconf 66' lang='lat' dir='ltr'><strong>qua:</strong></span> 
     </span>
    </p>
   </div>
   <div class='ocr_carea' id='block_1_25' title="bbox 2070 1087 3645 1160">
    <p class='ocr_par' dir='ltr' id='par_1_25' title="bbox 2070 1087 3645 1160">
     <span class='ocr_line' id='line_1_25' title="bbox 2070 1087 3645 1160; baseline -0.002 -16"><span class='ocrx_word' id='word_1_180' title='bbox 2070 1099 2350 1160; x_wconf 78' lang='lat' dir='ltr'><strong>apparent,</strong></span> <span class='ocrx_word' id='word_1_181' title='bbox 2383 1106 2612 1160; x_wconf 64' lang='lat' dir='ltr'><strong>quiaque</strong></span> <span class='ocrx_word' id='word_1_182' title='bbox 2647 1092 2716 1144; x_wconf 89' lang='lat' dir='ltr'><strong>oh</strong></span> <span class='ocrx_word' id='word_1_183' title='bbox 2750 1091 2941 1145; x_wconf 91' lang='lat' dir='ltr'><strong>oculos</strong></span> <span class='ocrx_word' id='word_1_184' title='bbox 2987 1091 3167 1160; x_wconf 85' lang='lat' dir='ltr'><strong>posita</strong></span> <span class='ocrx_word' id='word_1_185' title='bbox 3225 1097 3373 1153; x_wconf 90' lang='lat' dir='ltr'><strong>sunt,</strong></span> <span class='ocrx_word' id='word_1_186' title='bbox 3416 1087 3554 1140; x_wconf 83' lang='lat' dir='ltr'><strong>nihil</strong></span> <span class='ocrx_word' id='word_1_187' title='bbox 3588 1102 3645 1141; x_wconf 88' lang='lat' dir='ltr'><strong>re</strong></span> 
     </span>
    </p>
   </div>
   <div class='ocr_carea' id='block_1_26' title="bbox 2070 1179 3650 1250">
    <p class='ocr_par' dir='ltr' id='par_1_26' title="bbox 2070 1179 3650 1250">
     <span class='ocr_line' id='line_1_26' title="bbox 2070 1179 3650 1250; baseline -0.003 -15"><span class='ocrx_word' id='word_1_188' title='bbox 2070 1198 2196 1236; x_wconf 89' lang='lat' dir='ltr'><strong>vera</strong></span> <span class='ocrx_word' id='word_1_189' title='bbox 2221 1197 2342 1236; x_wconf 85' lang='lat' dir='ltr'><strong>esse</strong></span> <span class='ocrx_word' id='word_1_190' title='bbox 2372 1181 2602 1250; x_wconf 90' lang='lat' dir='ltr'><strong>probare</strong></span> <span class='ocrx_word' id='word_1_191' title='bbox 2631 1181 2762 1234; x_wconf 91' lang='lat' dir='ltr'><strong>dum</strong></span> <span class='ocrx_word' id='word_1_192' title='bbox 2797 1181 2932 1245; x_wconf 79' lang='lat' dir='ltr'><strong>vult,</strong></span> <span class='ocrx_word' id='word_1_193' title='bbox 2971 1197 3036 1235; x_wconf 81' lang='lat' dir='ltr'><strong>ex</strong></span> <span class='ocrx_word' id='word_1_194' title='bbox 3085 1181 3194 1234; x_wconf 84' lang='lat' dir='ltr'><strong>illis</strong></span> <span class='ocrx_word' id='word_1_195' title='bbox 3229 1179 3362 1249; x_wconf 90' lang='lat' dir='ltr'><strong>ipsis</strong></span> <span class='ocrx_word' id='word_1_196' title='bbox 3402 1194 3524 1248; x_wconf 73' lang='lat' dir='ltr'><strong>qua:</strong></span> <span class='ocrx_word' id='word_1_197' title='bbox 3559 1193 3650 1246; x_wconf 90' lang='lat' dir='ltr'><strong>ap-</strong></span> 
     </span>
    </p>
   </div>
   <div class='ocr_carea' id='block_1_27' title="bbox 2072 1269 3647 1345">
    <p class='ocr_par' dir='ltr' id='par_1_27' title="bbox 2072 1269 3647 1345">
     <span class='ocr_line' id='line_1_27' title="bbox 2072 1269 3647 1345; baseline -0.004 -17"><span class='ocrx_word' id='word_1_198' title='bbox 2072 1282 2604 1345; x_wconf 81' lang='lat' dir='ltr'><strong>parentargumenta</strong></span> <span class='ocrx_word' id='word_1_199' title='bbox 2629 1274 2797 1328; x_wconf 86' lang='lat' dir='ltr'><strong>ducit.</strong></span> <span class='ocrx_word' id='word_1_200' title='bbox 2831 1271 3060 1342; x_wconf 87' lang='lat' dir='ltr'><strong>Quippe,</strong></span> <span class='ocrx_word' id='word_1_201' title='bbox 3100 1273 3142 1326; x_wconf 87' lang='lat' dir='ltr'><strong>si</strong></span> <span class='ocrx_word' id='word_1_202' title='bbox 3176 1272 3320 1325; x_wconf 91' lang='lat' dir='ltr'><strong>enim</strong></span> <span class='ocrx_word' id='word_1_203' title='bbox 3366 1279 3526 1334; x_wconf 89' lang='lat' dir='ltr'><strong>terra,</strong></span> <span class='ocrx_word' id='word_1_204' title='bbox 3565 1269 3647 1322; x_wconf 90' lang='lat' dir='ltr'><strong>in—</strong></span> 
     </span>
    </p>
   </div>
   <div class='ocr_carea' id='block_1_28' title="bbox 2073 1363 3646 1436">
    <p class='ocr_par' dir='ltr' id='par_1_28' title="bbox 2073 1363 3646 1436">
     <span class='ocr_line' id='line_1_28' title="bbox 2073 1363 3646 1436; baseline -0.003 -17"><span class='ocrx_word' id='word_1_205' title='bbox 2073 1367 2214 1436; x_wconf 90' lang='lat' dir='ltr'><strong>quit,</strong></span> <span class='ocrx_word' id='word_1_206' title='bbox 2249 1366 2295 1420; x_wconf 92' lang='lat' dir='ltr'><strong>si</strong></span> <span class='ocrx_word' id='word_1_207' title='bbox 2331 1381 2472 1434; x_wconf 87' lang='lat' dir='ltr'><strong>aqua</strong></span> <span class='ocrx_word' id='word_1_208' title='bbox 2497 1377 2550 1420; x_wconf 91' lang='lat' dir='ltr'><strong>et</strong></span> <span class='ocrx_word' id='word_1_209' title='bbox 2598 1381 2714 1431; x_wconf 88' lang='lat' dir='ltr'><strong>aer,</strong></span> <span class='ocrx_word' id='word_1_210' title='bbox 2765 1366 2810 1420; x_wconf 91' lang='lat' dir='ltr'><strong>si</strong></span> <span class='ocrx_word' id='word_1_211' title='bbox 2860 1367 3022 1434; x_wconf 82' lang='lat' dir='ltr'><strong>ignis,</strong></span> <span class='ocrx_word' id='word_1_212' title='bbox 3049 1364 3276 1429; x_wconf 80' lang='lat' dir='ltr'><strong>ferrum,</strong></span> <span class='ocrx_word' id='word_1_213' title='bbox 3332 1379 3562 1427; x_wconf 88' lang='lat' dir='ltr'><strong>aurum;</strong></span> <span class='ocrx_word' id='word_1_214' title='bbox 3601 1363 3646 1417; x_wconf 90' lang='lat' dir='ltr'><strong>si</strong></span> 
     </span>
    </p>
   </div>
   <div class='ocr_carea' id='block_1_29' title="bbox 2075 1454 3649 1524">
    <p class='ocr_par' dir='ltr' id='par_1_29' title="bbox 2075 1454 3649 1524">
     <span class='ocr_line' id='line_1_29' title="bbox 2075 1454 3649 1524; baseline -0.002 -15"><span class='ocrx_word' id='word_1_215' title='bbox 2075 1458 2265 1511; x_wconf 86' lang='lat' dir='ltr'><strong>vivens</strong></span> <span class='ocrx_word' id='word_1_216' title='bbox 2298 1455 2523 1524; x_wconf 88' lang='lat' dir='ltr'><strong>aliquid,</strong></span> <span class='ocrx_word' id='word_1_217' title='bbox 2573 1455 2718 1509; x_wconf 85' lang='lat' dir='ltr'><strong>aliud</strong></span> <span class='ocrx_word' id='word_1_218' title='bbox 2769 1464 3072 1516; x_wconf 89' lang='lat' dir='ltr'><strong>mortuum,</strong></span> <span class='ocrx_word' id='word_1_219' title='bbox 3124 1454 3172 1506; x_wconf 91' lang='lat' dir='ltr'><strong>si</strong></span> <span class='ocrx_word' id='word_1_220' title='bbox 3223 1455 3438 1522; x_wconf 86' lang='lat' dir='ltr'><strong>nigrum</strong></span> <span class='ocrx_word' id='word_1_221' title='bbox 3485 1463 3649 1521; x_wconf 85' lang='lat' dir='ltr'><strong>atque</strong></span> 
     </span>
    </p>
   </div>
   <div class='ocr_carea' id='block_1_30' title="bbox 2075 1543 3648 1612">
    <p class='ocr_par' dir='ltr' id='par_1_30' title="bbox 2075 1543 3648 1612">
     <span class='ocr_line' id='line_1_30' title="bbox 2075 1543 3648 1612; baseline -0.003 -11"><span class='ocrx_word' id='word_1_222' title='bbox 2075 1546 2281 1608; x_wconf 87' lang='lat' dir='ltr'><strong>album,</strong></span> <span class='ocrx_word' id='word_1_223' title='bbox 2334 1545 2378 1600; x_wconf 91' lang='lat' dir='ltr'><strong>si</strong></span> <span class='ocrx_word' id='word_1_224' title='bbox 2428 1545 2534 1599; x_wconf 86' lang='lat' dir='ltr'><strong>alia</strong></span> <span class='ocrx_word' id='word_1_225' title='bbox 2574 1554 2702 1600; x_wconf 93' lang='lat' dir='ltr'><strong>sunt</strong></span> <span class='ocrx_word' id='word_1_226' title='bbox 2759 1545 2966 1607; x_wconf 89' lang='lat' dir='ltr'><strong>omnia,</strong></span> <span class='ocrx_word' id='word_1_227' title='bbox 3029 1559 3148 1612; x_wconf 56' lang='lat' dir='ltr'><strong>qua</strong></span> <span class='ocrx_word' id='word_1_228' title='bbox 3204 1543 3275 1596; x_wconf 82' lang='lat' dir='ltr'><strong>ah</strong></span> <span class='ocrx_word' id='word_1_229' title='bbox 3333 1543 3648 1597; x_wconf 88' lang='lat' dir='ltr'><strong>hominibus</strong></span> 
     </span>
    </p>
   </div>
   <div class='ocr_carea' id='block_1_31' title="bbox 2076 1635 3648 1706">
    <p class='ocr_par' dir='ltr' id='par_1_31' title="bbox 2076 1635 3648 1706">
     <span class='ocr_line' id='line_1_31' title="bbox 2076 1635 3648 1706; baseline -0.001 -17"><span class='ocrx_word' id='word_1_230' title='bbox 2076 1653 2202 1690; x_wconf 86' lang='lat' dir='ltr'><strong>vere</strong></span> <span class='ocrx_word' id='word_1_231' title='bbox 2230 1652 2353 1691; x_wconf 88' lang='lat' dir='ltr'><strong>esse</strong></span> <span class='ocrx_word' id='word_1_232' title='bbox 2387 1637 2680 1691; x_wconf 92' lang='lat' dir='ltr'><strong>dicuntur:</strong></span> <span class='ocrx_word' id='word_1_233' title='bbox 2721 1645 2998 1706; x_wconf 88' lang='lat' dir='ltr'><strong>postremo</strong></span> <span class='ocrx_word' id='word_1_234' title='bbox 3027 1637 3071 1690; x_wconf 85' lang='lat' dir='ltr'><strong>si</strong></span> <span class='ocrx_word' id='word_1_235' title='bbox 3123 1635 3372 1690; x_wconf 89' lang='lat' dir='ltr'><strong>videmus</strong></span> <span class='ocrx_word' id='word_1_236' title='bbox 3417 1636 3517 1705; x_wconf 89' lang='lat' dir='ltr'><strong>ipsi</strong></span> <span class='ocrx_word' id='word_1_237' title='bbox 3550 1651 3648 1688; x_wconf 86' lang='lat' dir='ltr'><strong>au-</strong></span> 
     </span>
    </p>
   </div>
   <div class='ocr_carea' id='block_1_32' title="bbox 2076 1721 3650 1794">
    <p class='ocr_par' dir='ltr' id='par_1_32' title="bbox 2076 1721 3650 1794">
     <span class='ocr_line' id='line_1_32' title="bbox 2076 1721 3650 1794; baseline -0.004 -14"><span class='ocrx_word' id='word_1_238' title='bbox 2076 1727 2366 1794; x_wconf 88' lang='lat' dir='ltr'><strong>dimusque</strong></span> <span class='ocrx_word' id='word_1_239' title='bbox 2397 1735 2576 1791; x_wconf 83' lang='lat' dir='ltr'><strong>recte;</strong></span> <span class='ocrx_word' id='word_1_240' title='bbox 2602 1725 2732 1779; x_wconf 89' lang='lat' dir='ltr'><strong>illud</strong></span> <span class='ocrx_word' id='word_1_241' title='bbox 2764 1726 2928 1778; x_wconf 88' lang='lat' dir='ltr'><strong>etiam</strong></span> <span class='ocrx_word' id='word_1_242' title='bbox 2953 1723 3196 1793; x_wconf 82' lang='lat' dir='ltr'><strong>profecto</strong></span> <span class='ocrx_word' id='word_1_243' title='bbox 3228 1722 3374 1791; x_wconf 93' lang='lat' dir='ltr'><strong>quod</strong></span> <span class='ocrx_word' id='word_1_244' title='bbox 3425 1732 3508 1776; x_wconf 91' lang='lat' dir='ltr'><strong>est</strong></span> <span class='ocrx_word' id='word_1_245' title='bbox 3543 1721 3650 1774; x_wconf 87' lang='lat' dir='ltr'><strong>tale</strong></span> 
     </span>
    </p>
   </div>
   <div class='ocr_carea' id='block_1_33' title="bbox 2078 1813 3647 1887">
    <p class='ocr_par' dir='ltr' id='par_1_33' title="bbox 2078 1813 3647 1887">
     <span class='ocr_line' id='line_1_33' title="bbox 2078 1813 3647 1887; baseline -0.004 -15"><span class='ocrx_word' id='word_1_246' title='bbox 2078 1833 2293 1887; x_wconf 87' lang='lat' dir='ltr'><strong>semper</strong></span> <span class='ocrx_word' id='word_1_247' title='bbox 2323 1833 2545 1872; x_wconf 83' lang='lat' dir='ltr'><strong>manere</strong></span> <span class='ocrx_word' id='word_1_248' title='bbox 2572 1817 2788 1882; x_wconf 88' lang='lat' dir='ltr'><strong>debeat,</strong></span> <span class='ocrx_word' id='word_1_249' title='bbox 2831 1816 2992 1886; x_wconf 87' lang='lat' dir='ltr'><strong>quale</strong></span> <span class='ocrx_word' id='word_1_250' title='bbox 3025 1816 3206 1886; x_wconf 91' lang='lat' dir='ltr'><strong>primo</strong></span> <span class='ocrx_word' id='word_1_251' title='bbox 3239 1815 3401 1869; x_wconf 91' lang='lat' dir='ltr'><strong>nobis</strong></span> <span class='ocrx_word' id='word_1_252' title='bbox 3428 1823 3512 1868; x_wconf 89' lang='lat' dir='ltr'><strong>est</strong></span> <span class='ocrx_word' id='word_1_253' title='bbox 3562 1813 3647 1866; x_wconf 91' lang='lat' dir='ltr'><strong>vi-</strong></span> 
     </span>
    </p>
   </div>
   <div class='ocr_carea' id='block_1_34' title="bbox 387 1900 1973 1992">
    <p class='ocr_par' dir='ltr' id='par_1_34' title="bbox 387 1906 1968 1992">
     <span class='ocr_line' id='line_1_34' title="bbox 387 1906 1968 1992; baseline 0.009 -31"><span class='ocrx_word' id='word_1_254' title='bbox 387 1906 498 1962; x_wconf 76' lang='grc' dir='ltr'>οἶόν</span> <span class='ocrx_word' id='word_1_255' title='bbox 529 1910 637 1982; x_wconf 85' lang='grc' dir='ltr'><strong>πέρ</strong></span> <span class='ocrx_word' id='word_1_256' title='bbox 671 1912 816 1964; x_wconf 91' lang='grc' dir='ltr'>ἐστιν</span> <span class='ocrx_word' id='word_1_257' title='bbox 841 1912 1089 1966; x_wconf 71' lang='grc' dir='ltr'>ἕκαστον.</span> <span class='ocrx_word' id='word_1_258' title='bbox 1132 1914 1244 1966; x_wconf 77' lang='grc' dir='ltr'>Νῦν</span> <span class='ocrx_word' id='word_1_259' title='bbox 1270 1915 1325 1968; x_wconf 85' lang='grc' dir='ltr'>δὲ</span> <span class='ocrx_word' id='word_1_260' title='bbox 1358 1915 1565 1987; x_wconf 76' lang='grc' dir='ltr'>ἔφαμεν</span> <span class='ocrx_word' id='word_1_261' title='bbox 1598 1917 1774 1989; x_wconf 80' lang='grc' dir='ltr'>ὀρθῶς</span> <span class='ocrx_word' id='word_1_262' title='bbox 1815 1922 1968 1992; x_wconf 81' lang='grc' dir='ltr'>ὀρᾷν,</span> 
     </span>
    </p>
   </div>
   <div class='ocr_carea' id='block_1_35' title="bbox 2078 1900 3647 1992">
    <p class='ocr_par' dir='ltr' id='par_1_35' title="bbox 2080 1902 3647 1976">
     <span class='ocr_line' id='line_1_35' title="bbox 2080 1902 3647 1976; baseline -0.004 -14"><span class='ocrx_word' id='word_1_263' title='bbox 2080 1924 2223 1969; x_wconf 89' lang='lat' dir='ltr'><strong>sum,</strong></span> <span class='ocrx_word' id='word_1_264' title='bbox 2254 1923 2354 1962; x_wconf 91' lang='lat' dir='ltr'><strong>nec</strong></span> <span class='ocrx_word' id='word_1_265' title='bbox 2385 1907 2587 1961; x_wconf 89' lang='lat' dir='ltr'><strong>mutari</strong></span> <span class='ocrx_word' id='word_1_266' title='bbox 2624 1907 2858 1961; x_wconf 88' lang='lat' dir='ltr'><strong>subinde</strong></span> <span class='ocrx_word' id='word_1_267' title='bbox 2911 1916 3074 1976; x_wconf 89' lang='lat' dir='ltr'><strong>atque</strong></span> <span class='ocrx_word' id='word_1_268' title='bbox 3102 1906 3332 1959; x_wconf 91' lang='lat' dir='ltr'><strong>alterum</strong></span> <span class='ocrx_word' id='word_1_269' title='bbox 3385 1903 3522 1967; x_wconf 81' lang='lat' dir='ltr'><strong>ﬁeri,</strong></span> <span class='ocrx_word' id='word_1_270' title='bbox 3552 1902 3647 1956; x_wconf 87' lang='lat' dir='ltr'><strong>sed</strong></span> 
     </span>
    </p>
   </div>
   <div class='ocr_carea' id='block_1_36' title="bbox 389 2000 1970 2083">
    <p class='ocr_par' dir='ltr' id='par_1_36' title="bbox 389 2000 1970 2083">
     <span class='ocr_line' id='line_1_36' title="bbox 389 2000 1970 2083; baseline 0.008 -30"><span class='ocrx_word' id='word_1_271' title='bbox 389 2000 482 2053; x_wconf 77' lang='grc' dir='ltr'><strong>καὶ</strong></span> <span class='ocrx_word' id='word_1_272' title='bbox 512 2000 751 2064; x_wconf 77' lang='grc' dir='ltr'>ἀκούειν,</span> <span class='ocrx_word' id='word_1_273' title='bbox 784 2004 879 2055; x_wconf 82' lang='grc' dir='ltr'><strong>καὶ</strong></span> <span class='ocrx_word' id='word_1_274' title='bbox 913 2003 1179 2056; x_wconf 76' lang='grc' dir='ltr'>συνιέναιο</span> <span class='ocrx_word' id='word_1_275' title='bbox 1233 2006 1382 2058; x_wconf 71' lang='grc' dir='ltr'>δοκεῖ</span> <span class='ocrx_word' id='word_1_276' title='bbox 1410 2007 1466 2060; x_wconf 84' lang='grc' dir='ltr'><strong>δέ</strong></span> <span class='ocrx_word' id='word_1_277' title='bbox 1503 2011 1632 2079; x_wconf 75' lang='grc' dir='ltr'>ἡμῖν</span> <span class='ocrx_word' id='word_1_278' title='bbox 1661 2011 1721 2063; x_wconf 87' lang='grc' dir='ltr'><strong>τὸ</strong></span> <span class='ocrx_word' id='word_1_279' title='bbox 1770 2010 1970 2083; x_wconf 86' lang='grc' dir='ltr'>θερμὸν</span> 
     </span>
    </p>
   </div>
   <div class='ocr_carea' id='block_1_37' title="bbox 389 2090 1972 2170">
    <p class='ocr_par' dir='ltr' id='par_1_37' title="bbox 389 2090 1972 2170">
     <span class='ocr_line' id='line_1_37' title="bbox 389 2090 1972 2170; baseline 0.008 -27"><span class='ocrx_word' id='word_1_280' title='bbox 389 2091 484 2144; x_wconf 78' lang='grc' dir='ltr'>καὶ</span> <span class='ocrx_word' id='word_1_281' title='bbox 504 2090 710 2162; x_wconf 82' lang='grc' dir='ltr'>ψυχρὸν</span> <span class='ocrx_word' id='word_1_282' title='bbox 741 2093 1002 2161; x_wconf 88' lang='grc' dir='ltr'>γίνεσθαι,</span> <span class='ocrx_word' id='word_1_283' title='bbox 1027 2096 1118 2148; x_wconf 73' lang='grc' dir='ltr'><strong>καὶ</strong></span> <span class='ocrx_word' id='word_1_284' title='bbox 1157 2097 1216 2148; x_wconf 87' lang='grc' dir='ltr'><strong>τὸ</strong></span> <span class='ocrx_word' id='word_1_285' title='bbox 1240 2096 1446 2168; x_wconf 71' lang='grc' dir='ltr'>ψυχρὸν</span> <span class='ocrx_word' id='word_1_286' title='bbox 1489 2099 1688 2170; x_wconf 80' lang='grc' dir='ltr'>θερμὸν</span> <span class='ocrx_word' id='word_1_287' title='bbox 1717 2140 1730 2162; x_wconf 91' lang='grc'><strong>,</strong></span> <span class='ocrx_word' id='word_1_288' title='bbox 1760 2103 1854 2154; x_wconf 80' lang='grc' dir='ltr'><strong>καὶ</strong></span> <span class='ocrx_word' id='word_1_289' title='bbox 1911 2103 1972 2156; x_wconf 78' lang='grc' dir='ltr'>τὸ</span> 
     </span>
    </p>
   </div>
   <div class='ocr_carea' id='block_1_38' title="bbox 390 2180 1970 2263">
    <p class='ocr_par' dir='ltr' id='par_1_38' title="bbox 390 2180 1970 2263">
     <span class='ocr_line' id='line_1_38' title="bbox 390 2180 1970 2263; baseline 0.008 -30"><span class='ocrx_word' id='word_1_290' title='bbox 390 2180 625 2252; x_wconf 84' lang='grc' dir='ltr'>σκληρὸν</span> <span class='ocrx_word' id='word_1_291' title='bbox 655 2183 917 2253; x_wconf 84' lang='grc' dir='ltr'>μαλακὸν,</span> <span class='ocrx_word' id='word_1_292' title='bbox 945 2185 1040 2238; x_wconf 78' lang='grc' dir='ltr'><strong>καὶ</strong></span> <span class='ocrx_word' id='word_1_293' title='bbox 1066 2186 1126 2238; x_wconf 83' lang='grc' dir='ltr'><strong>τὸ</strong></span> <span class='ocrx_word' id='word_1_294' title='bbox 1157 2187 1396 2255; x_wconf 84' lang='grc' dir='ltr'>μαλακὸν</span> <span class='ocrx_word' id='word_1_295' title='bbox 1420 2190 1674 2263; x_wconf 81' lang='grc' dir='ltr'>σκληρόν.</span> <span class='ocrx_word' id='word_1_296' title='bbox 1704 2192 1892 2246; x_wconf 81' lang='grc' dir='ltr'>Ταῦτα</span> <span class='ocrx_word' id='word_1_297' title='bbox 1913 2194 1970 2246; x_wconf 81' lang='grc' dir='ltr'>δὲ</span> 
     </span>
    </p>
   </div>
   <div class='ocr_carea' id='block_1_39' title="bbox 390 2271 1972 2355">
    <p class='ocr_par' dir='ltr' id='par_1_39' title="bbox 390 2271 1972 2355">
     <span class='ocr_line' id='line_1_39' title="bbox 390 2271 1972 2355; baseline 0.008 -29"><span class='ocrx_word' id='word_1_298' title='bbox 390 2271 484 2326; x_wconf 77' lang='grc' dir='ltr'>καὶ</span> <span class='ocrx_word' id='word_1_299' title='bbox 514 2272 648 2326; x_wconf 80' lang='grc' dir='ltr'>ἄλλα</span> <span class='ocrx_word' id='word_1_300' title='bbox 705 2273 874 2327; x_wconf 84' lang='grc' dir='ltr'>πολλὰ</span> <span class='ocrx_word' id='word_1_301' title='bbox 903 2276 1127 2330; x_wconf 76' lang='grc' dir='ltr'>τοιαῦτα</span> <span class='ocrx_word' id='word_1_302' title='bbox 1180 2279 1430 2346; x_wconf 83' lang='grc' dir='ltr'>λέγοντος</span> <span class='ocrx_word' id='word_1_303' title='bbox 1460 2282 1624 2336; x_wconf 77' lang='grc' dir='ltr'>αὑτοῦ</span> <span class='ocrx_word' id='word_1_304' title='bbox 1647 2324 1661 2347; x_wconf 92' lang='grc'><strong>,</strong></span> <span class='ocrx_word' id='word_1_305' title='bbox 1691 2284 1786 2336; x_wconf 69' lang='grc' dir='ltr'><strong>καὶ</strong></span> <span class='ocrx_word' id='word_1_306' title='bbox 1828 2286 1972 2355; x_wconf 82' lang='grc' dir='ltr'>μάλα</span> 
     </span>
    </p>
   </div>
   <div class='ocr_carea' id='block_1_40' title="bbox 390 2364 1972 2448">
    <p class='ocr_par' dir='ltr' id='par_1_40' title="bbox 390 2364 1972 2448">
     <span class='ocr_line' id='line_1_40' title="bbox 390 2364 1972 2448; baseline 0.009 -31"><span class='ocrx_word' id='word_1_307' title='bbox 390 2364 615 2428; x_wconf 76' lang='grc' dir='ltr'>εἰκότως</span> <span class='ocrx_word' id='word_1_308' title='bbox 664 2366 896 2419; x_wconf 81' lang='grc' dir='ltr'>ἐπύθετό</span> <span class='ocrx_word' id='word_1_309' title='bbox 932 2386 1018 2432; x_wconf 89' lang='grc' dir='ltr'><strong>τις</strong></span> <span class='ocrx_word' id='word_1_310' title='bbox 1064 2369 1165 2435; x_wconf 83' lang='grc' dir='ltr'><strong>ἂν,</strong></span> <span class='ocrx_word' id='word_1_311' title='bbox 1197 2368 1432 2443; x_wconf 75' lang='grc' dir='ltr'>Ἀρόὖν</span> <span class='ocrx_word' id='word_1_312' title='bbox 1466 2375 1547 2428; x_wconf 81' lang='grc' dir='ltr'>ὅτι</span> <span class='ocrx_word' id='word_1_313' title='bbox 1573 2375 1601 2428; x_wconf 84' lang='grc' dir='ltr'>ὃ</span> <span class='ocrx_word' id='word_1_314' title='bbox 1646 2375 1740 2429; x_wconf 80' lang='grc' dir='ltr'><strong>νύν</strong></span> <span class='ocrx_word' id='word_1_315' title='bbox 1771 2377 1972 2448; x_wconf 83' lang='grc' dir='ltr'>θερμόν</span> 
     </span>
    </p>
   </div>
   <div class='ocr_carea' id='block_1_41' title="bbox 389 2457 1968 2540">
    <p class='ocr_par' dir='ltr' id='par_1_41' title="bbox 389 2457 1968 2540">
     <span class='ocr_line' id='line_1_41' title="bbox 389 2457 1968 2540; baseline 0.008 -29"><span class='ocrx_word' id='word_1_316' title='bbox 389 2458 526 2520; x_wconf 72' lang='grc' dir='ltr'>ἐστι,</span> <span class='ocrx_word' id='word_1_317' title='bbox 572 2457 808 2512; x_wconf 73' lang='grc' dir='ltr'>κᾶπειτα</span> <span class='ocrx_word' id='word_1_318' title='bbox 839 2459 998 2514; x_wconf 82' lang='grc' dir='ltr'>τοῦτο</span> <span class='ocrx_word' id='word_1_319' title='bbox 1037 2463 1245 2530; x_wconf 90' lang='grc' dir='ltr'>γίνεται</span> <span class='ocrx_word' id='word_1_320' title='bbox 1268 2465 1496 2536; x_wconf 71' lang='grc' dir='ltr'>ψυχρὸν,</span> <span class='ocrx_word' id='word_1_321' title='bbox 1531 2469 1631 2521; x_wconf 84' lang='grc' dir='ltr'><strong>ούκ</strong></span> <span class='ocrx_word' id='word_1_322' title='bbox 1652 2467 1968 2540; x_wconf 80' lang='grc' dir='ltr'>αἰσθόμενος</span> 
     </span>
    </p>
   </div>
   <div class='ocr_carea' id='block_1_42' title="bbox 390 2547 1973 2632">
    <p class='ocr_par' dir='ltr' id='par_1_42' title="bbox 390 2547 1973 2632">
     <span class='ocr_line' id='line_1_42' title="bbox 390 2547 1973 2632; baseline 0.009 -33"><span class='ocrx_word' id='word_1_323' title='bbox 390 2547 594 2614; x_wconf 71' lang='grc' dir='ltr'>ἐγνωςς</span> <span class='ocrx_word' id='word_1_324' title='bbox 631 2549 864 2620; x_wconf 84' lang='grc' dir='ltr'>Ὁμοίως</span> <span class='ocrx_word' id='word_1_325' title='bbox 899 2552 956 2604; x_wconf 81' lang='grc' dir='ltr'><strong>δὲ</strong></span> <span class='ocrx_word' id='word_1_326' title='bbox 1007 2554 1102 2606; x_wconf 68' lang='grc' dir='ltr'><strong>καὶ</strong></span> <span class='ocrx_word' id='word_1_327' title='bbox 1131 2556 1259 2626; x_wconf 70' lang='grc' dir='ltr'>περ).</span> <span class='ocrx_word' id='word_1_328' title='bbox 1288 2557 1397 2608; x_wconf 86' lang='grc' dir='ltr'><strong>τῶν</strong></span> <span class='ocrx_word' id='word_1_329' title='bbox 1427 2557 1620 2612; x_wconf 79' lang='grc' dir='ltr'>ἄλλων.</span> <span class='ocrx_word' id='word_1_330' title='bbox 1656 2559 1833 2630; x_wconf 89' lang='grc' dir='ltr'>Ὅπερ</span> <span class='ocrx_word' id='word_1_331' title='bbox 1864 2563 1973 2632; x_wconf 77' lang='grc' dir='ltr'>γὰρ</span> 
     </span>
    </p>
   </div>
   <div class='ocr_carea' id='block_1_43' title="bbox 389 2637 1971 2720">
    <p class='ocr_par' dir='ltr' id='par_1_43' title="bbox 389 2637 1971 2720">
     <span class='ocr_line' id='line_1_43' title="bbox 389 2637 1971 2720; baseline 0.008 -29"><span class='ocrx_word' id='word_1_332' title='bbox 389 2637 547 2707; x_wconf 73' lang='grc' dir='ltr'>ἔφην,</span> <span class='ocrx_word' id='word_1_333' title='bbox 581 2639 833 2710; x_wconf 82' lang='grc' dir='ltr'>εὑρεθείη</span> <span class='ocrx_word' id='word_1_334' title='bbox 863 2642 929 2695; x_wconf 84' lang='grc' dir='ltr'>ἂν</span> <span class='ocrx_word' id='word_1_335' title='bbox 952 2641 1124 2705; x_wconf 80' lang='grc' dir='ltr'>οὐδὲν,</span> <span class='ocrx_word' id='word_1_336' title='bbox 1155 2643 1269 2696; x_wconf 83' lang='grc' dir='ltr'>ἀλλ’</span> <span class='ocrx_word' id='word_1_337' title='bbox 1296 2645 1328 2716; x_wconf 79' lang='grc' dir='ltr'>ἢ</span> <span class='ocrx_word' id='word_1_338' title='bbox 1357 2646 1454 2710; x_wconf 76' lang='grc' dir='ltr'>τὰς</span> <span class='ocrx_word' id='word_1_339' title='bbox 1491 2647 1773 2720; x_wconf 74' lang='grc' dir='ltr'>αἰσθήσεις</span> <span class='ocrx_word' id='word_1_340' title='bbox 1818 2650 1971 2703; x_wconf 88' lang='grc' dir='ltr'>ἀναι-</span> 
     </span>
    </p>
   </div>
   <div class='ocr_carea' id='block_1_44' title="bbox 392 2727 1970 2805">
    <p class='ocr_par' dir='ltr' id='par_1_44' title="bbox 392 2727 1970 2805">
     <span class='ocr_line' id='line_1_44' title="bbox 392 2727 1970 2805; baseline 0.009 -26"><span class='ocrx_word' id='word_1_341' title='bbox 392 2727 502 2799; x_wconf 85' lang='grc' dir='ltr'><strong>ρῶν</strong></span> <span class='ocrx_word' id='word_1_342' title='bbox 522 2729 616 2781; x_wconf 60' lang='grc' dir='ltr'><strong>καὶ¹</strong></span> <span class='ocrx_word' id='word_1_343' title='bbox 644 2729 881 2801; x_wconf 80' lang='grc' dir='ltr'>ἐλέγχων</span> <span class='ocrx_word' id='word_1_344' title='bbox 901 2773 916 2795; x_wconf 94' lang='grc'><strong>,</strong></span> <span class='ocrx_word' id='word_1_345' title='bbox 947 2732 1036 2786; x_wconf 84' lang='grc' dir='ltr'>διὰ</span> <span class='ocrx_word' id='word_1_346' title='bbox 1065 2734 1128 2786; x_wconf 76' lang='grc' dir='ltr'>τὸ</span> <span class='ocrx_word' id='word_1_347' title='bbox 1165 2735 1401 2805; x_wconf 80' lang='grc' dir='ltr'>μάλιστα</span> <span class='ocrx_word' id='word_1_348' title='bbox 1432 2737 1708 2791; x_wconf 74' lang='grc' dir='ltr'>πιστεύειν</span> <span class='ocrx_word' id='word_1_349' title='bbox 1757 2741 1970 2805; x_wconf 84' lang='grc' dir='ltr'>αὐταῖς.</span> 
     </span>
    </p>
   </div>
   <div class='ocr_carea' id='block_1_45' title="bbox 402 2821 1972 2904">
    <p class='ocr_par' dir='ltr' id='par_1_45' title="bbox 402 2821 1972 2904">
     <span class='ocr_line' id='line_1_45' title="bbox 402 2821 1972 2904; baseline 0.008 -30"><span class='ocrx_word' id='word_1_350' title='bbox 402 2821 561 2875; x_wconf 83' lang='grc' dir='ltr'>Ἀλλὰ</span> <span class='ocrx_word' id='word_1_351' title='bbox 584 2823 693 2894; x_wconf 84' lang='grc' dir='ltr'>γὰρ</span> <span class='ocrx_word' id='word_1_352' title='bbox 720 2825 769 2876; x_wconf 76' lang='grc' dir='ltr'>οἱ</span> <span class='ocrx_word' id='word_1_353' title='bbox 817 2825 914 2894; x_wconf 83' lang='grc' dir='ltr'>μὲν</span> <span class='ocrx_word' id='word_1_354' title='bbox 957 2827 1190 2880; x_wconf 83' lang='grc' dir='ltr'>τοιοῦτοι</span> <span class='ocrx_word' id='word_1_355' title='bbox 1230 2827 1375 2898; x_wconf 83' lang='grc' dir='ltr'>λόγοι</span> <span class='ocrx_word' id='word_1_356' title='bbox 1412 2830 1595 2900; x_wconf 85' lang='grc' dir='ltr'>σχεδὸν</span> <span class='ocrx_word' id='word_1_357' title='bbox 1640 2832 1830 2897; x_wconf 77' lang='grc' dir='ltr'>ἱκανὰς</span> <span class='ocrx_word' id='word_1_358' title='bbox 1869 2835 1972 2904; x_wconf 68' lang='grc' dir='ltr'>ἤδη</span> 
     </span>
    </p>
   </div>
   <div class='ocr_carea' id='block_1_46' title="bbox 389 2910 1974 2990">
    <p class='ocr_par' dir='ltr' id='par_1_46' title="bbox 389 2910 1974 2990">
     <span class='ocr_line' id='line_1_46' title="bbox 389 2910 1974 2990; baseline 0.006 -24"><span class='ocrx_word' id='word_1_359' title='bbox 389 2910 688 2966; x_wconf 82' lang='grc' dir='ltr'>δεδώκασιν</span> <span class='ocrx_word' id='word_1_360' title='bbox 725 2913 958 2978; x_wconf 80' lang='grc' dir='ltr'>εὐθύνας</span> <span class='ocrx_word' id='word_1_361' title='bbox 977 2934 990 2946; x_wconf 91' lang='grc'><strong>·</strong></span> <span class='ocrx_word' id='word_1_362' title='bbox 1017 2916 1250 2990; x_wconf 79' lang='grc' dir='ltr'>ἐξίτηλοί</span> <span class='ocrx_word' id='word_1_363' title='bbox 1283 2919 1346 2986; x_wconf 87' lang='grc' dir='ltr'><strong>γέ</strong></span> <span class='ocrx_word' id='word_1_364' title='bbox 1373 2936 1455 2972; x_wconf 91' lang='grc' dir='ltr'><strong>τοι</strong></span> <span class='ocrx_word' id='word_1_365' title='bbox 1483 2920 1790 2988; x_wconf 90' lang='grc' dir='ltr'>γεγόνασιν,</span> <span class='ocrx_word' id='word_1_366' title='bbox 1815 2922 1891 2987; x_wconf 86' lang='grc' dir='ltr'>ὡς</span> <span class='ocrx_word' id='word_1_367' title='bbox 1925 2926 1974 2978; x_wconf 82' lang='grc' dir='ltr'><strong>εί</strong></span> 
     </span>
    </p>
   </div>
   <div class='ocr_carea' id='block_1_47' title="bbox 395 3004 1973 3086">
    <p class='ocr_par' dir='ltr' id='par_1_47' title="bbox 395 3004 1973 3086">
     <span class='ocr_line' id='line_1_47' title="bbox 395 3004 1973 3086; baseline 0.007 -30"><span class='ocrx_word' id='word_1_368' title='bbox 395 3004 531 3075; x_wconf 88' lang='grc' dir='ltr'><strong>μηδέ</strong></span> <span class='ocrx_word' id='word_1_369' title='bbox 569 3005 874 3075; x_wconf 77' lang='grc' dir='ltr'>ἠλέχθησαν</span> <span class='ocrx_word' id='word_1_370' title='bbox 898 3006 1009 3076; x_wconf 88' lang='grc'><strong>(98)</strong></span> <span class='ocrx_word' id='word_1_371' title='bbox 1040 3007 1100 3060; x_wconf 83' lang='grc' dir='ltr'><strong>τὸ</strong></span> <span class='ocrx_word' id='word_1_372' title='bbox 1139 3009 1418 3079; x_wconf 77' lang='grc' dir='ltr'>παράπαν.</span> <span class='ocrx_word' id='word_1_373' title='bbox 1452 3011 1588 3082; x_wconf 86' lang='grc' dir='ltr'><strong>Ἤδη</strong></span> <span class='ocrx_word' id='word_1_374' title='bbox 1618 3011 1800 3082; x_wconf 87' lang='grc' dir='ltr'>μέντοι</span> <span class='ocrx_word' id='word_1_375' title='bbox 1839 3013 1973 3086; x_wconf 79' lang='grc' dir='ltr'>θαρ-</span> 
     </span>
    </p>
   </div>
   <div class='ocr_carea' id='block_1_48' title="bbox 395 3096 1974 3169">
    <p class='ocr_par' dir='ltr' id='par_1_48' title="bbox 395 3096 1974 3169">
     <span class='ocr_line' id='line_1_48' title="bbox 395 3096 1974 3169; baseline 0.006 -21"><span class='ocrx_word' id='word_1_376' title='bbox 395 3096 634 3166; x_wconf 71' lang='grc' dir='ltr'>ροῦντες,</span> <span class='ocrx_word' id='word_1_377' title='bbox 657 3097 918 3168; x_wconf 83' lang='grc' dir='ltr'>λέγωμεν</span> <span class='ocrx_word' id='word_1_378' title='bbox 939 3097 1115 3169; x_wconf 84' lang='grc' dir='ltr'>ὀρθῶς</span> <span class='ocrx_word' id='word_1_379' title='bbox 1138 3099 1446 3168; x_wconf 78' lang='grc' dir='ltr'>φιλοσοφεῖν</span> <span class='ocrx_word' id='word_1_380' title='bbox 1483 3103 1609 3166; x_wconf 84' lang='grc' dir='ltr'>τοὺς</span> <span class='ocrx_word' id='word_1_381' title='bbox 1638 3103 1732 3156; x_wconf 74' lang='grc' dir='ltr'><strong>καὶ</strong></span> <span class='ocrx_word' id='word_1_382' title='bbox 1766 3104 1864 3167; x_wconf 79' lang='grc' dir='ltr'>τὰς</span> <span class='ocrx_word' id='word_1_383' title='bbox 1886 3106 1974 3157; x_wconf 82' lang='lat' dir='ltr'><strong>al-</strong></span> 
     </span>
    </p>
   </div>
   <div class='ocr_carea' id='block_1_49' title="bbox 394 3185 1976 3266">
    <p class='ocr_par' dir='ltr' id='par_1_49' title="bbox 394 3185 1976 3266">
     <span class='ocr_line' id='line_1_49' title="bbox 394 3185 1976 3266; baseline 0.005 -26"><span class='ocrx_word' id='word_1_384' title='bbox 394 3185 614 3257; x_wconf 86' lang='grc' dir='ltr'>σθήσεις</span> <span class='ocrx_word' id='word_1_385' title='bbox 636 3189 731 3246; x_wconf 81' lang='grc' dir='ltr'><strong>καὶ</strong></span> <span class='ocrx_word' id='word_1_386' title='bbox 764 3188 855 3241; x_wconf 82' lang='grc' dir='ltr'><strong>τὸν</strong></span> <span class='ocrx_word' id='word_1_387' title='bbox 881 3187 1036 3256; x_wconf 90' lang='grc' dir='ltr'>λόγον</span> <span class='ocrx_word' id='word_1_388' title='bbox 1075 3189 1165 3242; x_wconf 79' lang='grc' dir='ltr'><strong>ἐπὶ</strong></span> <span class='ocrx_word' id='word_1_389' title='bbox 1194 3191 1292 3260; x_wconf 80' lang='grc' dir='ltr'><strong>τὴν</strong></span> <span class='ocrx_word' id='word_1_390' title='bbox 1319 3190 1520 3258; x_wconf 89' lang='grc' dir='ltr'>γνῶσιν</span> <span class='ocrx_word' id='word_1_391' title='bbox 1566 3191 1664 3263; x_wconf 84' lang='grc' dir='ltr'>τὴν</span> <span class='ocrx_word' id='word_1_392' title='bbox 1695 3193 1804 3246; x_wconf 88' lang='grc' dir='ltr'><strong>τῶν</strong></span> <span class='ocrx_word' id='word_1_393' title='bbox 1841 3210 1976 3266; x_wconf 83' lang='grc' dir='ltr'>πρα-</span> 
     </span>
    </p>
   </div>
   <div class='ocr_carea' id='block_1_50' title="bbox 391 3279 1976 3356">
    <p class='ocr_par' dir='ltr' id='par_1_50' title="bbox 391 3279 1976 3356">
     <span class='ocr_line' id='line_1_50' title="bbox 391 3279 1976 3356; baseline 0.006 -26"><span class='ocrx_word' id='word_1_394' title='bbox 391 3279 619 3347; x_wconf 87' lang='grc' dir='ltr'>γμάτων</span> <span class='ocrx_word' id='word_1_395' title='bbox 644 3280 1193 3350; x_wconf 81' lang='grc' dir='ltr'>παραλαμϐάνοντας.</span> <span class='ocrx_word' id='word_1_396' title='bbox 1222 3300 1238 3332; x_wconf 73' lang='grc' dir='ltr'><strong>ι</strong></span> <span class='ocrx_word' id='word_1_397' title='bbox 1272 3279 1475 3335; x_wconf 87' lang='grc' dir='ltr'>Τοιοίδε</span> <span class='ocrx_word' id='word_1_398' title='bbox 1517 3284 1614 3354; x_wconf 83' lang='grc' dir='ltr'>μὲν</span> <span class='ocrx_word' id='word_1_399' title='bbox 1633 3279 1724 3338; x_wconf 74' lang='grc' dir='ltr'><strong>οὖν</strong></span> <span class='ocrx_word' id='word_1_400' title='bbox 1755 3287 1801 3338; x_wconf 85' lang='grc' dir='ltr'>οἱ</span> <span class='ocrx_word' id='word_1_401' title='bbox 1832 3287 1976 3356; x_wconf 71' lang='grc' dir='ltr'>ἀμφὶ</span> 
     </span>
    </p>
   </div>
   <div class='ocr_carea' id='block_1_51' title="bbox 391 3368 1976 3445">
    <p class='ocr_par' dir='ltr' id='par_1_51' title="bbox 391 3368 1976 3445">
     <span class='ocr_line' id='line_1_51' title="bbox 391 3368 1976 3445; baseline 0.005 -26"><span class='ocrx_word' id='word_1_402' title='bbox 391 3369 480 3428; x_wconf 82' lang='grc' dir='ltr'><strong>τὸν</strong></span> <span class='ocrx_word' id='word_1_403' title='bbox 501 3368 828 3440; x_wconf 66' lang='grc' dir='ltr'>Ξενοφάνην,</span> <span class='ocrx_word' id='word_1_404' title='bbox 863 3370 922 3433; x_wconf 87' lang='grc' dir='ltr'>ὃς</span> <span class='ocrx_word' id='word_1_405' title='bbox 944 3371 1006 3442; x_wconf 81' lang='grc' dir='ltr'>δὴ</span> <span class='ocrx_word' id='word_1_406' title='bbox 1037 3371 1253 3439; x_wconf 88' lang='grc' dir='ltr'>λέγεται</span> <span class='ocrx_word' id='word_1_407' title='bbox 1283 3373 1632 3443; x_wconf 78' lang='grc' dir='ltr'>συνακμάσαι</span> <span class='ocrx_word' id='word_1_408' title='bbox 1683 3377 1796 3437; x_wconf 82' lang='grc' dir='ltr'>τοῖς</span> <span class='ocrx_word' id='word_1_409' title='bbox 1833 3375 1976 3445; x_wconf 75' lang='grc' dir='ltr'>ἀμφὶ</span> 
     </span>
    </p>
   </div>
   <div class='ocr_carea' id='block_1_52' title="bbox 395 3459 1976 3532">
    <p class='ocr_par' dir='ltr' id='par_1_52' title="bbox 395 3459 1976 3532">
     <span class='ocr_line' id='line_1_52' title="bbox 395 3459 1976 3532; baseline 0.005 -21"><span class='ocrx_word' id='word_1_410' title='bbox 395 3459 720 3531; x_wconf 83' lang='grc' dir='ltr'>Πυθαγόραν</span> <span class='ocrx_word' id='word_1_411' title='bbox 765 3463 858 3514; x_wconf 74' lang='grc' dir='ltr'><strong>καὶ</strong></span> <span class='ocrx_word' id='word_1_412' title='bbox 904 3463 1290 3532; x_wconf 73' lang='grc' dir='ltr'>Ἀναξαγόραν.</span> <span class='ocrx_word' id='word_1_413' title='bbox 1318 3461 1652 3532; x_wconf 79' lang='grc' dir='ltr'>Ξενοφάνους</span> <span class='ocrx_word' id='word_1_414' title='bbox 1701 3466 1758 3518; x_wconf 84' lang='grc' dir='ltr'>δὲ</span> <span class='ocrx_word' id='word_1_415' title='bbox 1813 3468 1976 3520; x_wconf 84' lang='grc' dir='ltr'>ἀκου-</span> 
     </span>
    </p>
   </div>
   <div class='ocr_carea' id='block_1_53' title="bbox 396 3549 1974 3630">
    <p class='ocr_par' dir='ltr' id='par_1_53' title="bbox 396 3549 1974 3630">
     <span class='ocr_line' id='line_1_53' title="bbox 396 3549 1974 3630; baseline 0.007 -28"><span class='ocrx_word' id='word_1_416' title='bbox 396 3549 529 3619; x_wconf 81' lang='grc' dir='ltr'>στὴς</span> <span class='ocrx_word' id='word_1_417' title='bbox 565 3553 756 3620; x_wconf 89' lang='grc' dir='ltr'>γέγονε</span> <span class='ocrx_word' id='word_1_418' title='bbox 781 3553 1126 3624; x_wconf 82' lang='grc' dir='ltr'>Παρμενίδης</span> <span class='ocrx_word' id='word_1_419' title='bbox 1152 3571 1166 3588; x_wconf 74' lang='grc' dir='ltr'><strong><em>ο</em></strong></span> <span class='ocrx_word' id='word_1_420' title='bbox 1208 3554 1397 3611; x_wconf 86' lang='grc' dir='ltr'>τούτου</span> <span class='ocrx_word' id='word_1_421' title='bbox 1437 3556 1706 3620; x_wconf 82' lang='grc' dir='ltr'>Μέλισσος</span> <span class='ocrx_word' id='word_1_422' title='bbox 1731 3598 1744 3620; x_wconf 95' lang='grc'><strong>,</strong></span> <span class='ocrx_word' id='word_1_423' title='bbox 1775 3553 1835 3611; x_wconf 72' lang='grc' dir='ltr'>οὗ</span> <span class='ocrx_word' id='word_1_424' title='bbox 1869 3560 1974 3630; x_wconf 85' lang='grc' dir='ltr'><strong>Ζή-</strong></span> 
     </span>
    </p>
   </div>
   <div class='ocr_carea' id='block_1_54' title="bbox 393 3636 1973 3721">
    <p class='ocr_par' dir='ltr' id='par_1_54' title="bbox 393 3636 1973 3721">
     <span class='ocr_line' id='line_1_54' title="bbox 393 3636 1973 3721; baseline 0.004 -25"><span class='ocrx_word' id='word_1_425' title='bbox 393 3660 522 3704; x_wconf 85' lang='grc' dir='ltr'>νων,</span> <span class='ocrx_word' id='word_1_426' title='bbox 554 3636 616 3696; x_wconf 59' lang='lat' dir='ltr'><strong>ob</strong></span> <span class='ocrx_word' id='word_1_427' title='bbox 639 3643 972 3708; x_wconf 86' lang='grc' dir='ltr'>Λεύκιππος,</span> <span class='ocrx_word' id='word_1_428' title='bbox 1015 3641 1075 3700; x_wconf 77' lang='grc' dir='ltr'><strong>οὗ</strong></span> <span class='ocrx_word' id='word_1_429' title='bbox 1104 3647 1461 3716; x_wconf 83' lang='grc' dir='ltr'>Δημόκριτος,</span> <span class='ocrx_word' id='word_1_430' title='bbox 1489 3643 1550 3702; x_wconf 77' lang='grc' dir='ltr'>οὗ</span> <span class='ocrx_word' id='word_1_431' title='bbox 1583 3649 1973 3721; x_wconf 83' lang='grc' dir='ltr'>Πρωταγόρας,</span> 
     </span>
    </p>
   </div>
   <div class='ocr_carea' id='block_1_55' title="bbox 395 3735 1984 3811">
    <p class='ocr_par' dir='ltr' id='par_1_55' title="bbox 395 3735 1984 3811">
     <span class='ocr_line' id='line_1_55' title="bbox 395 3735 1984 3811; baseline 0.001 -21"><span class='ocrx_word' id='word_1_432' title='bbox 395 3738 492 3790; x_wconf 79' lang='grc' dir='ltr'>καὶ</span> <span class='ocrx_word' id='word_1_433' title='bbox 522 3736 766 3798; x_wconf 83' lang='grc' dir='ltr'>Νεσσᾶς·</span> <span class='ocrx_word' id='word_1_434' title='bbox 816 3735 909 3788; x_wconf 75' lang='grc' dir='ltr'>τοῦ</span> <span class='ocrx_word' id='word_1_435' title='bbox 943 3736 996 3790; x_wconf 81' lang='grc' dir='ltr'>δὲ</span> <span class='ocrx_word' id='word_1_436' title='bbox 1041 3738 1226 3790; x_wconf 80' lang='grc' dir='ltr'>Νεσσᾶ</span> <span class='ocrx_word' id='word_1_437' title='bbox 1264 3738 1663 3811; x_wconf 83' lang='grc' dir='ltr'>Μητρόδωρος,</span> <span class='ocrx_word' id='word_1_438' title='bbox 1699 3736 1759 3796; x_wconf 75' lang='grc' dir='ltr'><strong>οὗ</strong></span> <span class='ocrx_word' id='word_1_439' title='bbox 1798 3741 1984 3806; x_wconf 83' lang='grc' dir='ltr'>Διογέ-</span> 
     </span>
    </p>
   </div>
   <div class='ocr_carea' id='block_1_56' title="bbox 395 3820 1984 3902">
    <p class='ocr_par' dir='ltr' id='par_1_56' title="bbox 395 3820 1984 3902">
     <span class='ocr_line' id='line_1_56' title="bbox 395 3820 1984 3902; baseline 0.009 -29"><span class='ocrx_word' id='word_1_440' title='bbox 395 3843 518 3895; x_wconf 84' lang='grc' dir='ltr'>νης,</span> <span class='ocrx_word' id='word_1_441' title='bbox 547 3820 608 3880; x_wconf 78' lang='grc' dir='ltr'>οὗ</span> <span class='ocrx_word' id='word_1_442' title='bbox 654 3827 1002 3898; x_wconf 78' lang='grc' dir='ltr'>Ἀνάξαρχος.</span> <span class='ocrx_word' id='word_1_443' title='bbox 1045 3829 1372 3899; x_wconf 80' lang='grc' dir='ltr'>Ἀναξάρχου</span> <span class='ocrx_word' id='word_1_444' title='bbox 1409 3830 1466 3882; x_wconf 87' lang='grc' dir='ltr'>δὲ</span> <span class='ocrx_word' id='word_1_445' title='bbox 1489 3831 1760 3902; x_wconf 81' lang='grc' dir='ltr'>γνώριμος</span> <span class='ocrx_word' id='word_1_446' title='bbox 1795 3833 1984 3900; x_wconf 89' lang='grc' dir='ltr'>γέγονε</span> 
     </span>
    </p>
   </div>
   <div class='ocr_carea' id='block_1_57' title="bbox 397 3915 1983 3992">
    <p class='ocr_par' dir='ltr' id='par_1_57' title="bbox 397 3915 1983 3992">
     <span class='ocr_line' id='line_1_57' title="bbox 397 3915 1983 3992; baseline 0.005 -22"><span class='ocrx_word' id='word_1_447' title='bbox 397 3917 652 3988; x_wconf 79' lang='grc' dir='ltr'>Πύρρων,</span> <span class='ocrx_word' id='word_1_448' title='bbox 687 3919 780 3988; x_wconf 79' lang='grc' dir='ltr'><strong>ἀφ’</strong></span> <span class='ocrx_word' id='word_1_449' title='bbox 813 3915 873 3973; x_wconf 73' lang='grc' dir='ltr'>οὗ</span> <span class='ocrx_word' id='word_1_450' title='bbox 897 3921 931 3990; x_wconf 84' lang='grc' dir='ltr'><strong>ἡ</strong></span> <span class='ocrx_word' id='word_1_451' title='bbox 961 3919 1068 3973; x_wconf 88' lang='grc' dir='ltr'><strong>τῶν</strong></span> <span class='ocrx_word' id='word_1_452' title='bbox 1087 3921 1404 3974; x_wconf 83' lang='grc' dir='ltr'>Σκεπτικῶν</span> <span class='ocrx_word' id='word_1_453' title='bbox 1440 3922 1842 3992; x_wconf 77' lang='grc' dir='ltr'>ἐπικληθέντων</span> <span class='ocrx_word' id='word_1_454' title='bbox 1867 3924 1983 3978; x_wconf 88' lang='grc' dir='ltr'>δια-</span> 
     </span>
    </p>
   </div>
   <div class='ocr_carea' id='block_1_58' title="bbox 396 4006 1990 4086">
    <p class='ocr_par' dir='ltr' id='par_1_58' title="bbox 396 4006 1990 4086">
     <span class='ocr_line' id='line_1_58' title="bbox 396 4006 1990 4086; baseline 0.004 -26"><span class='ocrx_word' id='word_1_455' title='bbox 396 4006 558 4077; x_wconf 81' lang='grc' dir='ltr'>τριόὴ</span> <span class='ocrx_word' id='word_1_456' title='bbox 591 4007 822 4078; x_wconf 88' lang='grc' dir='ltr'>συνέστη</span> <span class='ocrx_word' id='word_1_457' title='bbox 885 4007 980 4072; x_wconf 83' lang='grc' dir='ltr'><strong>οὒς</strong></span> <span class='ocrx_word' id='word_1_458' title='bbox 1020 4011 1114 4063; x_wconf 75' lang='grc' dir='ltr'><strong>καὶ</strong></span> <span class='ocrx_word' id='word_1_459' title='bbox 1144 4011 1340 4074; x_wconf 77' lang='grc' dir='ltr'>αὐτοὺς</span> <span class='ocrx_word' id='word_1_460' title='bbox 1373 4012 1537 4083; x_wconf 77' lang='grc' dir='ltr'>μηδὲν</span> <span class='ocrx_word' id='word_1_461' title='bbox 1567 4009 1704 4065; x_wconf 82' lang='grc' dir='ltr'>εἶναι</span> <span class='ocrx_word' id='word_1_462' title='bbox 1739 4014 1800 4069; x_wconf 85' lang='grc' dir='ltr'><strong>τὸ</strong></span> <span class='ocrx_word' id='word_1_463' title='bbox 1854 4032 1990 4086; x_wconf 89' lang='grc' dir='ltr'>παρ-</span> 
     </span>
    </p>
   </div>
   <div class='ocr_carea' id='block_1_59' title="bbox 401 4096 1980 4176">
    <p class='ocr_par' dir='ltr' id='par_1_59' title="bbox 401 4096 1980 4176">
     <span class='ocr_line' id='line_1_59' title="bbox 401 4096 1980 4176; baseline 0.007 -27"><span class='ocrx_word' id='word_1_464' title='bbox 401 4096 569 4161; x_wconf 85' lang='grc' dir='ltr'>άπαν,</span> <span class='ocrx_word' id='word_1_465' title='bbox 613 4101 749 4169; x_wconf 85' lang='grc' dir='ltr'>μήτε</span> <span class='ocrx_word' id='word_1_466' title='bbox 777 4099 828 4168; x_wconf 85' lang='grc' dir='ltr'>γ’</span> <span class='ocrx_word' id='word_1_467' title='bbox 860 4100 918 4153; x_wconf 80' lang='grc' dir='ltr'><strong>ἐν</strong></span> <span class='ocrx_word' id='word_1_468' title='bbox 941 4101 1194 4172; x_wconf 80' lang='grc' dir='ltr'>αἰσθήσει</span> <span class='ocrx_word' id='word_1_469' title='bbox 1229 4103 1352 4172; x_wconf 78' lang='grc' dir='ltr'>μήτ’</span> <span class='ocrx_word' id='word_1_470' title='bbox 1382 4104 1438 4154; x_wconf 85' lang='grc' dir='ltr'><strong>ἐν</strong></span> <span class='ocrx_word' id='word_1_471' title='bbox 1459 4104 1602 4174; x_wconf 82' lang='grc' dir='ltr'>λόγῳ</span> <span class='ocrx_word' id='word_1_472' title='bbox 1634 4105 1980 4176; x_wconf 82' lang='grc' dir='ltr'>καταληπτὸν</span> 
     </span>
    </p>
   </div>
   <div class='ocr_carea' id='block_1_60' title="bbox 396 4187 1979 4268">
    <p class='ocr_par' dir='ltr' id='par_1_60' title="bbox 396 4187 1979 4268">
     <span class='ocr_line' id='line_1_60' title="bbox 396 4187 1979 4268; baseline 0.004 -24"><span class='ocrx_word' id='word_1_473' title='bbox 396 4187 767 4260; x_wconf 78' lang='grc' dir='ltr'>ὁριζομένους,</span> <span class='ocrx_word' id='word_1_474' title='bbox 798 4193 1091 4262; x_wconf 77' lang='grc' dir='ltr'>ἐπέχοντας</span> <span class='ocrx_word' id='word_1_475' title='bbox 1120 4192 1163 4245; x_wconf 91' lang='grc' dir='ltr'>δ’</span> <span class='ocrx_word' id='word_1_476' title='bbox 1199 4195 1258 4246; x_wconf 81' lang='grc' dir='ltr'><strong>ὲν</strong></span> <span class='ocrx_word' id='word_1_477' title='bbox 1276 4195 1459 4259; x_wconf 78' lang='grc' dir='ltr'>πᾶσιν,</span> <span class='ocrx_word' id='word_1_478' title='bbox 1493 4198 1642 4259; x_wconf 84' lang='grc' dir='ltr'>ὅπως</span> <span class='ocrx_word' id='word_1_479' title='bbox 1673 4197 1979 4268; x_wconf 80' lang='grc' dir='ltr'>ἀπήλεγχον</span> 
     </span>
    </p>
   </div>
   <div class='ocr_carea' id='block_1_61' title="bbox 396 4278 1981 4358">
    <p class='ocr_par' dir='ltr' id='par_1_61' title="bbox 396 4278 1981 4358">
     <span class='ocr_line' id='line_1_61' title="bbox 396 4278 1981 4358; baseline 0.007 -28"><span class='ocrx_word' id='word_1_480' title='bbox 396 4278 449 4338; x_wconf 70' lang='grc' dir='ltr'><strong>οἱ</strong></span> <span class='ocrx_word' id='word_1_481' title='bbox 476 4279 928 4347; x_wconf 74' lang='grc' dir='ltr'>ἁντιδοξάζοντες,</span> <span class='ocrx_word' id='word_1_482' title='bbox 970 4281 1160 4351; x_wconf 83' lang='grc' dir='ltr'>μαθεῖν</span> <span class='ocrx_word' id='word_1_483' title='bbox 1216 4283 1482 4354; x_wconf 84' lang='grc' dir='ltr'>πάρεστιν</span> <span class='ocrx_word' id='word_1_484' title='bbox 1514 4285 1621 4338; x_wconf 86' lang='grc' dir='ltr'>ἀπὸ</span> <span class='ocrx_word' id='word_1_485' title='bbox 1671 4286 1762 4340; x_wconf 81' lang='grc' dir='ltr'>τοῦ</span> <span class='ocrx_word' id='word_1_486' title='bbox 1809 4285 1981 4358; x_wconf 87' lang='grc' dir='ltr'>δηλω-</span> 
     </span>
    </p>
   </div>
   <div class='ocr_carea' id='block_1_62' title="bbox 399 4370 1915 4449">
    <p class='ocr_par' dir='ltr' id='par_1_62' title="bbox 399 4370 1915 4449">
     <span class='ocr_line' id='line_1_62' title="bbox 399 4370 1915 4449; baseline 0.005 -24"><span class='ocrx_word' id='word_1_487' title='bbox 399 4373 587 4436; x_wconf 89' lang='grc' dir='ltr'>θέντος</span> <span class='ocrx_word' id='word_1_488' title='bbox 612 4376 1060 4446; x_wconf 82' lang='grc' dir='ltr'>συγγράμματος,</span> <span class='ocrx_word' id='word_1_489' title='bbox 1093 4370 1196 4430; x_wconf 84' lang='grc' dir='ltr'>ὧδέ</span> <span class='ocrx_word' id='word_1_490' title='bbox 1230 4393 1304 4447; x_wconf 86' lang='grc' dir='ltr'><strong>πη</strong></span> <span class='ocrx_word' id='word_1_491' title='bbox 1346 4377 1482 4448; x_wconf 86' lang='grc' dir='ltr'>πρὸς</span> <span class='ocrx_word' id='word_1_492' title='bbox 1513 4377 1659 4442; x_wconf 81' lang='grc' dir='ltr'>λέξιν</span> <span class='ocrx_word' id='word_1_493' title='bbox 1681 4378 1915 4449; x_wconf 80' lang='grc' dir='ltr'>ἔχοντος.</span> 
     </span>
    </p>
   </div>
   <div class='ocr_carea' id='block_1_63' title="bbox 2075 1996 3641 2072">
    <p class='ocr_par' dir='ltr' id='par_1_63' title="bbox 2075 1996 3641 2072">
     <span class='ocr_line' id='line_1_63' title="bbox 2075 1996 3641 2072; baseline -0.005 -16"><span class='ocrx_word' id='word_1_494' title='bbox 2075 2003 2254 2072; x_wconf 88' lang='lat' dir='ltr'><strong>potius</strong></span> <span class='ocrx_word' id='word_1_495' title='bbox 2290 1999 2432 2054; x_wconf 89' lang='lat' dir='ltr'><strong>idem</strong></span> <span class='ocrx_word' id='word_1_496' title='bbox 2479 2006 2797 2054; x_wconf 86' lang='lat' dir='ltr'><strong>constanter</strong></span> <span class='ocrx_word' id='word_1_497' title='bbox 2829 2013 2950 2054; x_wconf 89' lang='lat' dir='ltr'><strong>esse</strong></span> <span class='ocrx_word' id='word_1_498' title='bbox 2997 1998 3262 2068; x_wconf 89' lang='lat' dir='ltr'><strong>quidlibet</strong></span> <span class='ocrx_word' id='word_1_499' title='bbox 3294 1997 3439 2066; x_wconf 90' lang='lat' dir='ltr'><strong>quod</strong></span> <span class='ocrx_word' id='word_1_500' title='bbox 3472 1996 3641 2052; x_wconf 90' lang='lat' dir='ltr'><strong>semel</strong></span> 
     </span>
    </p>
   </div>
   <div class='ocr_carea' id='block_1_64' title="bbox 2072 2089 3644 2162">
    <p class='ocr_par' dir='ltr' id='par_1_64' title="bbox 2072 2089 3644 2162">
     <span class='ocr_line' id='line_1_64' title="bbox 2072 2089 3644 2162; baseline -0.003 -16"><span class='ocrx_word' id='word_1_501' title='bbox 2072 2105 2176 2149; x_wconf 90' lang='lat' dir='ltr'><strong>est.</strong></span> <span class='ocrx_word' id='word_1_502' title='bbox 2239 2092 2401 2162; x_wconf 83' lang='lat' dir='ltr'><strong>Atqui</strong></span> <span class='ocrx_word' id='word_1_503' title='bbox 2425 2101 2568 2146; x_wconf 88' lang='lat' dir='ltr'><strong>recte</strong></span> <span class='ocrx_word' id='word_1_504' title='bbox 2598 2107 2723 2146; x_wconf 91' lang='lat' dir='ltr'><strong>cum</strong></span> <span class='ocrx_word' id='word_1_505' title='bbox 2750 2091 2932 2146; x_wconf 87' lang='lat' dir='ltr'><strong>videre</strong></span> <span class='ocrx_word' id='word_1_506' title='bbox 2954 2107 3074 2156; x_wconf 90' lang='lat' dir='ltr'><strong>nos,</strong></span> <span class='ocrx_word' id='word_1_507' title='bbox 3111 2100 3223 2144; x_wconf 90' lang='lat' dir='ltr'><strong>tum</strong></span> <span class='ocrx_word' id='word_1_508' title='bbox 3259 2091 3446 2143; x_wconf 90' lang='lat' dir='ltr'><strong>audire</strong></span> <span class='ocrx_word' id='word_1_509' title='bbox 3477 2089 3644 2142; x_wconf 90' lang='lat' dir='ltr'><strong>etiam</strong></span> 
     </span>
    </p>
   </div>
   <div class='ocr_carea' id='block_1_65' title="bbox 2072 2179 3652 2252">
    <p class='ocr_par' dir='ltr' id='par_1_65' title="bbox 2072 2179 3652 2252">
     <span class='ocr_line' id='line_1_65' title="bbox 2072 2179 3652 2252; baseline -0.004 -14"><span class='ocrx_word' id='word_1_510' title='bbox 2072 2195 2126 2238; x_wconf 92' lang='lat' dir='ltr'><strong>et</strong></span> <span class='ocrx_word' id='word_1_511' title='bbox 2160 2184 2458 2252; x_wconf 88' lang='lat' dir='ltr'><strong>intelligere</strong></span> <span class='ocrx_word' id='word_1_512' title='bbox 2493 2183 2759 2247; x_wconf 88' lang='lat' dir='ltr'><strong>dicimus;</strong></span> <span class='ocrx_word' id='word_1_513' title='bbox 2795 2188 2849 2235; x_wconf 90' lang='lat' dir='ltr'><strong>et</strong></span> <span class='ocrx_word' id='word_1_514' title='bbox 2883 2191 3063 2235; x_wconf 90' lang='lat' dir='ltr'><strong>tamen</strong></span> <span class='ocrx_word' id='word_1_515' title='bbox 3107 2180 3362 2250; x_wconf 81' lang='lat' dir='ltr'><strong>frigidum</strong></span> <span class='ocrx_word' id='word_1_516' title='bbox 3399 2180 3450 2233; x_wconf 88' lang='lat' dir='ltr'><strong>id</strong></span> <span class='ocrx_word' id='word_1_517' title='bbox 3491 2179 3652 2232; x_wconf 89' lang='lat' dir='ltr'><strong>nobis</strong></span> 
     </span>
    </p>
   </div>
   <div class='ocr_carea' id='block_1_66' title="bbox 2073 2265 3655 2344">
    <p class='ocr_par' dir='ltr' id='par_1_66' title="bbox 2073 2265 3655 2344">
     <span class='ocr_line' id='line_1_66' title="bbox 2073 2265 3655 2344; baseline -0.003 -16"><span class='ocrx_word' id='word_1_518' title='bbox 2073 2275 2219 2344; x_wconf 89' lang='lat' dir='ltr'><strong>quod</strong></span> <span class='ocrx_word' id='word_1_519' title='bbox 2252 2274 2490 2328; x_wconf 89' lang='lat' dir='ltr'><strong>calidum</strong></span> <span class='ocrx_word' id='word_1_520' title='bbox 2521 2282 2638 2326; x_wconf 88' lang='lat' dir='ltr'><strong>erat</strong></span> <span class='ocrx_word' id='word_1_521' title='bbox 2678 2273 2795 2326; x_wconf 88' lang='lat' dir='ltr'><strong>lieri</strong></span> <span class='ocrx_word' id='word_1_522' title='bbox 2843 2265 3078 2334; x_wconf 85' lang='lat' dir='ltr'><strong>videtur,</strong></span> <span class='ocrx_word' id='word_1_523' title='bbox 3111 2272 3458 2341; x_wconf 86' lang='lat' dir='ltr'><strong>calidumque</strong></span> <span class='ocrx_word' id='word_1_524' title='bbox 3489 2271 3655 2325; x_wconf 87' lang='lat' dir='ltr'><strong>vicis-</strong></span> 
     </span>
    </p>
   </div>
   <div class='ocr_carea' id='block_1_67' title="bbox 2074 2363 3652 2436">
    <p class='ocr_par' dir='ltr' id='par_1_67' title="bbox 2074 2363 3652 2436">
     <span class='ocr_line' id='line_1_67' title="bbox 2074 2363 3652 2436; baseline -0.004 -15"><span class='ocrx_word' id='word_1_525' title='bbox 2074 2368 2176 2422; x_wconf 90' lang='lat' dir='ltr'><strong>sim</strong></span> <span class='ocrx_word' id='word_1_526' title='bbox 2230 2365 2377 2436; x_wconf 85' lang='lat' dir='ltr'><strong>quod</strong></span> <span class='ocrx_word' id='word_1_527' title='bbox 2434 2375 2554 2419; x_wconf 88' lang='lat' dir='ltr'><strong>erat</strong></span> <span class='ocrx_word' id='word_1_528' title='bbox 2604 2363 2884 2435; x_wconf 81' lang='lat' dir='ltr'><strong>frigidum,</strong></span> <span class='ocrx_word' id='word_1_529' title='bbox 2924 2365 3287 2434; x_wconf 84' lang='lat' dir='ltr'><strong>similiterque</strong></span> <span class='ocrx_word' id='word_1_530' title='bbox 3342 2364 3542 2418; x_wconf 90' lang='lat' dir='ltr'><strong>durum</strong></span> <span class='ocrx_word' id='word_1_531' title='bbox 3598 2363 3652 2414; x_wconf 92' lang='lat' dir='ltr'><strong>in</strong></span> 
     </span>
    </p>
   </div>
   <div class='ocr_carea' id='block_1_68' title="bbox 2073 2454 3656 2526">
    <p class='ocr_par' dir='ltr' id='par_1_68' title="bbox 2073 2454 3656 2526">
     <span class='ocr_line' id='line_1_68' title="bbox 2073 2454 3656 2526; baseline -0.003 -14"><span class='ocrx_word' id='word_1_532' title='bbox 2073 2457 2256 2521; x_wconf 90' lang='lat' dir='ltr'><strong>molle,</strong></span> <span class='ocrx_word' id='word_1_533' title='bbox 2289 2465 2343 2512; x_wconf 89' lang='lat' dir='ltr'><strong>et</strong></span> <span class='ocrx_word' id='word_1_534' title='bbox 2372 2456 2535 2510; x_wconf 92' lang='lat' dir='ltr'><strong>molle</strong></span> <span class='ocrx_word' id='word_1_535' title='bbox 2571 2472 2762 2511; x_wconf 89' lang='lat' dir='ltr'><strong>rursus</strong></span> <span class='ocrx_word' id='word_1_536' title='bbox 2792 2455 2847 2509; x_wconf 91' lang='lat' dir='ltr'><strong>in</strong></span> <span class='ocrx_word' id='word_1_537' title='bbox 2879 2456 3077 2510; x_wconf 89' lang='lat' dir='ltr'><strong>durum</strong></span> <span class='ocrx_word' id='word_1_538' title='bbox 3118 2456 3342 2510; x_wconf 87' lang='lat' dir='ltr'><strong>mutari.</strong></span> <span class='ocrx_word' id='word_1_539' title='bbox 3381 2454 3508 2509; x_wconf 66' lang='lat' dir='ltr'><strong>Haec</strong></span> <span class='ocrx_word' id='word_1_540' title='bbox 3558 2454 3656 2526; x_wconf 87' lang='lat' dir='ltr'><strong>igi-</strong></span> 
     </span>
    </p>
   </div>
   <div class='ocr_carea' id='block_1_69' title="bbox 2076 2549 3651 2622">
    <p class='ocr_par' dir='ltr' id='par_1_69' title="bbox 2076 2549 3651 2622">
     <span class='ocr_line' id='line_1_69' title="bbox 2076 2549 3651 2622; baseline -0.003 -16"><span class='ocrx_word' id='word_1_541' title='bbox 2076 2561 2164 2607; x_wconf 87' lang='lat' dir='ltr'><strong>tur</strong></span> <span class='ocrx_word' id='word_1_542' title='bbox 2190 2553 2406 2622; x_wconf 90' lang='lat' dir='ltr'><strong>aliaque</strong></span> <span class='ocrx_word' id='word_1_543' title='bbox 2441 2551 2492 2605; x_wconf 87' lang='lat' dir='ltr'><strong>id</strong></span> <span class='ocrx_word' id='word_1_544' title='bbox 2517 2567 2689 2619; x_wconf 80' lang='lat' dir='ltr'><strong>genus</strong></span> <span class='ocrx_word' id='word_1_545' title='bbox 2741 2551 3144 2620; x_wconf 87' lang='lat' dir='ltr'><strong>quamplurima</strong></span> <span class='ocrx_word' id='word_1_546' title='bbox 3197 2565 3321 2604; x_wconf 89' lang='lat' dir='ltr'><strong>cum</strong></span> <span class='ocrx_word' id='word_1_547' title='bbox 3365 2565 3395 2603; x_wconf 93' lang='lat' dir='ltr'><strong>a</strong></span> <span class='ocrx_word' id='word_1_548' title='bbox 3423 2549 3651 2602; x_wconf 86' lang='lat' dir='ltr'><strong>Melisso</strong></span> 
     </span>
    </p>
   </div>
   <div class='ocr_carea' id='block_1_70' title="bbox 2072 2639 3646 2710">
    <p class='ocr_par' dir='ltr' id='par_1_70' title="bbox 2072 2639 3646 2710">
     <span class='ocr_line' id='line_1_70' title="bbox 2072 2639 3646 2710; baseline -0.003 -15"><span class='ocrx_word' id='word_1_549' title='bbox 2072 2641 2346 2704; x_wconf 78' lang='lat' dir='ltr'><strong>dicantur,</strong></span> <span class='ocrx_word' id='word_1_550' title='bbox 2387 2640 2505 2710; x_wconf 78' lang='lat' dir='ltr'><strong>iure</strong></span> <span class='ocrx_word' id='word_1_551' title='bbox 2531 2639 2775 2709; x_wconf 84' lang='lat' dir='ltr'><strong>profecto</strong></span> <span class='ocrx_word' id='word_1_552' title='bbox 2820 2641 3098 2709; x_wconf 66' lang='lat' dir='ltr'><strong>quazsicrit</strong></span> <span class='ocrx_word' id='word_1_553' title='bbox 3132 2655 3199 2693; x_wconf 80' lang='lat' dir='ltr'><strong>ex</strong></span> <span class='ocrx_word' id='word_1_554' title='bbox 3249 2655 3315 2693; x_wconf 92' lang='lat' dir='ltr'><strong>eo</strong></span> <span class='ocrx_word' id='word_1_555' title='bbox 3342 2639 3646 2707; x_wconf 87' lang='lat' dir='ltr'><strong>quispiam,</strong></span> 
     </span>
    </p>
   </div>
   <div class='ocr_carea' id='block_1_71' title="bbox 2074 2729 3651 2801">
    <p class='ocr_par' dir='ltr' id='par_1_71' title="bbox 2074 2729 3651 2801">
     <span class='ocr_line' id='line_1_71' title="bbox 2074 2729 3651 2801; baseline -0.003 -15"><span class='ocrx_word' id='word_1_556' title='bbox 2074 2749 2204 2788; x_wconf 88' lang='lat' dir='ltr'><strong>num</strong></span> <span class='ocrx_word' id='word_1_557' title='bbox 2233 2733 2338 2786; x_wconf 89' lang='lat' dir='ltr'><strong>hoc</strong></span> <span class='ocrx_word' id='word_1_558' title='bbox 2372 2731 2572 2801; x_wconf 90' lang='lat' dir='ltr'><strong>ipsum,</strong></span> <span class='ocrx_word' id='word_1_559' title='bbox 2611 2731 2757 2801; x_wconf 92' lang='lat' dir='ltr'><strong>quod</strong></span> <span class='ocrx_word' id='word_1_560' title='bbox 2797 2732 2960 2785; x_wconf 89' lang='lat' dir='ltr'><strong>modo</strong></span> <span class='ocrx_word' id='word_1_561' title='bbox 2991 2731 3230 2785; x_wconf 90' lang='lat' dir='ltr'><strong>calidum</strong></span> <span class='ocrx_word' id='word_1_562' title='bbox 3252 2739 3355 2795; x_wconf 90' lang='lat' dir='ltr'><strong>est,</strong></span> <span class='ocrx_word' id='word_1_563' title='bbox 3392 2729 3651 2798; x_wconf 80' lang='lat' dir='ltr'><strong>frigidum</strong></span> 
     </span>
    </p>
   </div>
   <div class='ocr_carea' id='block_1_72' title="bbox 2076 2818 3657 2894">
    <p class='ocr_par' dir='ltr' id='par_1_72' title="bbox 2076 2818 3657 2894">
     <span class='ocr_line' id='line_1_72' title="bbox 2076 2818 3657 2894; baseline -0.004 -16"><span class='ocrx_word' id='word_1_564' title='bbox 2076 2824 2129 2879; x_wconf 90' lang='lat' dir='ltr'><strong>id</strong></span> <span class='ocrx_word' id='word_1_565' title='bbox 2186 2831 2308 2894; x_wconf 89' lang='lat' dir='ltr'><strong>post</strong></span> <span class='ocrx_word' id='word_1_566' title='bbox 2361 2823 2584 2878; x_wconf 93' lang='lat' dir='ltr'><strong>modum</strong></span> <span class='ocrx_word' id='word_1_567' title='bbox 2635 2822 2774 2887; x_wconf 83' lang='lat' dir='ltr'><strong>ﬁeri,</strong></span> <span class='ocrx_word' id='word_1_568' title='bbox 2819 2822 3104 2876; x_wconf 91' lang='lat' dir='ltr'><strong>sentiendo</strong></span> <span class='ocrx_word' id='word_1_569' title='bbox 3141 2821 3477 2892; x_wconf 75' lang='lat' dir='ltr'><strong>cognoverit.</strong></span> <span class='ocrx_word' id='word_1_570' title='bbox 3523 2818 3657 2873; x_wconf 87' lang='lat' dir='ltr'><strong>Nam</strong></span> 
     </span>
    </p>
   </div>
   <div class='ocr_carea' id='block_1_73' title="bbox 2075 2910 3652 2982">
    <p class='ocr_par' dir='ltr' id='par_1_73' title="bbox 2075 2910 3652 2982">
     <span class='ocr_line' id='line_1_73' title="bbox 2075 2910 3652 2982; baseline -0.003 -14"><span class='ocrx_word' id='word_1_571' title='bbox 2075 2923 2404 2969; x_wconf 71' lang='lat' dir='ltr'><strong>caztemrum</strong></span> <span class='ocrx_word' id='word_1_572' title='bbox 2463 2914 2704 2968; x_wconf 87' lang='lat' dir='ltr'><strong>onmium</strong></span> <span class='ocrx_word' id='word_1_573' title='bbox 2745 2914 2932 2967; x_wconf 88' lang='lat' dir='ltr'><strong>eadem</strong></span> <span class='ocrx_word' id='word_1_574' title='bbox 2993 2913 3150 2982; x_wconf 85' lang='lat' dir='ltr'><strong>plane</strong></span> <span class='ocrx_word' id='word_1_575' title='bbox 3197 2913 3340 2966; x_wconf 87' lang='lat' dir='ltr'><strong>ratio</strong></span> <span class='ocrx_word' id='word_1_576' title='bbox 3395 2922 3496 2967; x_wconf 89' lang='lat' dir='ltr'><strong>est.</strong></span> <span class='ocrx_word' id='word_1_577' title='bbox 3573 2910 3652 2964; x_wconf 81' lang='lat' dir='ltr'><strong>Ita</strong></span> 
     </span>
    </p>
   </div>
   <div class='ocr_carea' id='block_1_74' title="bbox 2076 3003 3656 3075">
    <p class='ocr_par' dir='ltr' id='par_1_74' title="bbox 2076 3003 3656 3075">
     <span class='ocr_line' id='line_1_74' title="bbox 2076 3003 3656 3075; baseline -0.002 -16"><span class='ocrx_word' id='word_1_578' title='bbox 2076 3006 2348 3060; x_wconf 85' lang='lat' dir='ltr'><strong>constabit</strong></span> <span class='ocrx_word' id='word_1_579' title='bbox 2376 3006 2602 3060; x_wconf 89' lang='lat' dir='ltr'><strong>omnino</strong></span> <span class='ocrx_word' id='word_1_580' title='bbox 2638 3021 2804 3075; x_wconf 89' lang='lat' dir='ltr'><strong>quam</strong></span> <span class='ocrx_word' id='word_1_581' title='bbox 2832 3021 2957 3059; x_wconf 89' lang='lat' dir='ltr'><strong>vere</strong></span> <span class='ocrx_word' id='word_1_582' title='bbox 2977 3005 3183 3058; x_wconf 90' lang='lat' dir='ltr'><strong>dictum</strong></span> <span class='ocrx_word' id='word_1_583' title='bbox 3220 3004 3318 3059; x_wconf 89' lang='lat' dir='ltr'><strong>abs</strong></span> <span class='ocrx_word' id='word_1_584' title='bbox 3346 3019 3434 3058; x_wconf 91' lang='lat' dir='ltr'><strong>me</strong></span> <span class='ocrx_word' id='word_1_585' title='bbox 3467 3003 3656 3069; x_wconf 78' lang='lat' dir='ltr'><strong>fuerit,</strong></span> 
     </span>
    </p>
   </div>
   <div class='ocr_carea' id='block_1_75' title="bbox 2075 3097 3651 3166">
    <p class='ocr_par' dir='ltr' id='par_1_75' title="bbox 2075 3097 3651 3166">
     <span class='ocr_line' id='line_1_75' title="bbox 2075 3097 3651 3166; baseline -0.001 -14"><span class='ocrx_word' id='word_1_586' title='bbox 2075 3114 2140 3153; x_wconf 89' lang='lat' dir='ltr'><strong>eo</strong></span> <span class='ocrx_word' id='word_1_587' title='bbox 2166 3107 2376 3153; x_wconf 89' lang='lat' dir='ltr'><strong>tantum</strong></span> <span class='ocrx_word' id='word_1_588' title='bbox 2411 3114 2438 3152; x_wconf 94' lang='lat' dir='ltr'><strong>a</strong></span> <span class='ocrx_word' id='word_1_589' title='bbox 2479 3098 2698 3153; x_wconf 83' lang='lat' dir='ltr'><strong>Melisse</strong></span> <span class='ocrx_word' id='word_1_590' title='bbox 2741 3097 2855 3152; x_wconf 92' lang='lat' dir='ltr'><strong>tolli</strong></span> <span class='ocrx_word' id='word_1_591' title='bbox 2902 3097 3164 3166; x_wconf 87' lang='lat' dir='ltr'><strong>carpique</strong></span> <span class='ocrx_word' id='word_1_592' title='bbox 3222 3111 3440 3160; x_wconf 90' lang='lat' dir='ltr'><strong>sensus,</strong></span> <span class='ocrx_word' id='word_1_593' title='bbox 3501 3098 3651 3166; x_wconf 89' lang='lat' dir='ltr'><strong>quod</strong></span> 
     </span>
    </p>
   </div>
   <div class='ocr_carea' id='block_1_76' title="bbox 2081 3175 3656 3244">
    <p class='ocr_par' dir='ltr' id='par_1_76' title="bbox 2081 3175 3656 3244">
     <span class='ocr_line' id='line_1_76' title="bbox 2081 3175 3656 3244; baseline -0.001 -2"><span class='ocrx_word' id='word_1_594' title='bbox 2081 3188 2241 3244; x_wconf 78' lang='lat' dir='ltr'><strong>fidem</strong></span> <span class='ocrx_word' id='word_1_595' title='bbox 2269 3187 2520 3244; x_wconf 89' lang='lat' dir='ltr'><strong>sensibus</strong></span> <span class='ocrx_word' id='word_1_596' title='bbox 2557 3175 2850 3241; x_wconf 80' lang='lat' dir='ltr'><strong>maximam</strong></span> <span class='ocrx_word' id='word_1_597' title='bbox 2886 3186 3100 3240; x_wconf 85' lang='lat' dir='ltr'><strong>habeat.</strong></span> <span class='ocrx_word' id='word_1_598' title='bbox 3131 3184 3238 3240; x_wconf 91' lang='lat' dir='ltr'><strong>Sed</strong></span> <span class='ocrx_word' id='word_1_599' title='bbox 3261 3187 3406 3239; x_wconf 92' lang='lat' dir='ltr'><strong>enim</strong></span> <span class='ocrx_word' id='word_1_600' title='bbox 3437 3185 3656 3240; x_wconf 80' lang='lat' dir='ltr'><strong>abunde</strong></span> 
     </span>
    </p>
   </div>
   <div class='ocr_carea' id='block_1_77' title="bbox 2083 3277 3664 3350">
    <p class='ocr_par' dir='ltr' id='par_1_77' title="bbox 2083 3277 3664 3350">
     <span class='ocr_line' id='line_1_77' title="bbox 2083 3277 3664 3350; baseline -0.001 -15"><span class='ocrx_word' id='word_1_601' title='bbox 2083 3283 2280 3350; x_wconf 88' lang='lat' dir='ltr'><strong>opinor</strong></span> <span class='ocrx_word' id='word_1_602' title='bbox 2307 3280 2629 3349; x_wconf 87' lang='lat' dir='ltr'><strong>castigatum</strong></span> <span class='ocrx_word' id='word_1_603' title='bbox 2680 3295 2711 3334; x_wconf 90' lang='lat' dir='ltr'><strong>a</strong></span> <span class='ocrx_word' id='word_1_604' title='bbox 2756 3279 2915 3332; x_wconf 89' lang='lat' dir='ltr'><strong>nobis</strong></span> <span class='ocrx_word' id='word_1_605' title='bbox 2958 3288 3040 3333; x_wconf 90' lang='lat' dir='ltr'><strong>cst</strong></span> <span class='ocrx_word' id='word_1_606' title='bbox 3075 3287 3248 3332; x_wconf 90' lang='lat' dir='ltr'><strong>totum</strong></span> <span class='ocrx_word' id='word_1_607' title='bbox 3288 3277 3394 3332; x_wconf 88' lang='lat' dir='ltr'><strong>hoc</strong></span> <span class='ocrx_word' id='word_1_608' title='bbox 3439 3277 3664 3333; x_wconf 85' lang='lat' dir='ltr'><strong>ratioci-</strong></span> 
     </span>
    </p>
   </div>
   <div class='ocr_carea' id='block_1_78' title="bbox 2083 3369 3656 3439">
    <p class='ocr_par' dir='ltr' id='par_1_78' title="bbox 2083 3369 3656 3439">
     <span class='ocr_line' id='line_1_78' title="bbox 2083 3369 3656 3439; baseline -0.002 -14"><span class='ocrx_word' id='word_1_609' title='bbox 2083 3371 2247 3426; x_wconf 84' lang='lat' dir='ltr'><strong>nandi</strong></span> <span class='ocrx_word' id='word_1_610' title='bbox 2277 3386 2470 3438; x_wconf 80' lang='lat' dir='ltr'><strong>genus,</strong></span> <span class='ocrx_word' id='word_1_611' title='bbox 2498 3371 2608 3423; x_wconf 88' lang='lat' dir='ltr'><strong>imo</strong></span> <span class='ocrx_word' id='word_1_612' title='bbox 2639 3371 2863 3439; x_wconf 88' lang='lat' dir='ltr'><strong>perinde</strong></span> <span class='ocrx_word' id='word_1_613' title='bbox 2906 3369 3018 3439; x_wconf 91' lang='lat' dir='ltr'><strong>jam</strong></span> <span class='ocrx_word' id='word_1_614' title='bbox 3053 3369 3311 3433; x_wconf 74' lang='lat' dir='ltr'><strong>exolevit,</strong></span> <span class='ocrx_word' id='word_1_615' title='bbox 3348 3384 3412 3423; x_wconf 89' lang='lat' dir='ltr'><strong>ac</strong></span> <span class='ocrx_word' id='word_1_616' title='bbox 3438 3369 3485 3423; x_wconf 91' lang='lat' dir='ltr'><strong>si</strong></span> <span class='ocrx_word' id='word_1_617' title='bbox 3511 3385 3656 3423; x_wconf 88' lang='lat' dir='ltr'><strong>nuu-</strong></span> 
     </span>
    </p>
   </div>
   <div class='ocr_carea' id='block_1_79' title="bbox 2083 3463 3662 3536">
    <p class='ocr_par' dir='ltr' id='par_1_79' title="bbox 2083 3463 3662 3536">
     <span class='ocr_line' id='line_1_79' title="bbox 2083 3463 3662 3536; baseline -0.001 -15"><span class='ocrx_word' id='word_1_618' title='bbox 2083 3482 2247 3536; x_wconf 90' lang='lat' dir='ltr'><strong>quam</strong></span> <span class='ocrx_word' id='word_1_619' title='bbox 2280 3467 2502 3536; x_wconf 89' lang='lat' dir='ltr'><strong>penitus</strong></span> <span class='ocrx_word' id='word_1_620' title='bbox 2548 3477 2874 3536; x_wconf 88' lang='lat' dir='ltr'><strong>usurpatum</strong></span> <span class='ocrx_word' id='word_1_621' title='bbox 2926 3464 3145 3520; x_wconf 84' lang='lat' dir='ltr'><strong>fuisset.</strong></span> <span class='ocrx_word' id='word_1_622' title='bbox 3193 3463 3308 3519; x_wconf 88' lang='lat' dir='ltr'><strong>Hoc</strong></span> <span class='ocrx_word' id='word_1_623' title='bbox 3345 3480 3477 3536; x_wconf 86' lang='lat' dir='ltr'><strong>ergo</strong></span> <span class='ocrx_word' id='word_1_624' title='bbox 3511 3479 3662 3520; x_wconf 84' lang='lat' dir='ltr'><strong>nunc</strong></span> 
     </span>
    </p>
   </div>
   <div class='ocr_carea' id='block_1_80' title="bbox 2084 3558 3662 3630">
    <p class='ocr_par' dir='ltr' id='par_1_80' title="bbox 2084 3558 3662 3630">
     <span class='ocr_line' id='line_1_80' title="bbox 2084 3558 3662 3630; baseline 0.001 -18"><span class='ocrx_word' id='word_1_625' title='bbox 2084 3573 2276 3612; x_wconf 83' lang='lat' dir='ltr'><strong>secure</strong></span> <span class='ocrx_word' id='word_1_626' title='bbox 2305 3559 2575 3624; x_wconf 92' lang='lat' dir='ltr'><strong>dicamus,</strong></span> <span class='ocrx_word' id='word_1_627' title='bbox 2605 3567 2749 3612; x_wconf 81' lang='lat' dir='ltr'><strong>recte</strong></span> <span class='ocrx_word' id='word_1_628' title='bbox 2773 3558 2892 3612; x_wconf 91' lang='lat' dir='ltr'><strong>illos</strong></span> <span class='ocrx_word' id='word_1_629' title='bbox 2925 3559 3324 3628; x_wconf 90' lang='lat' dir='ltr'><strong>philosophari,</strong></span> <span class='ocrx_word' id='word_1_630' title='bbox 3357 3559 3451 3630; x_wconf 90' lang='lat' dir='ltr'><strong>qui</strong></span> <span class='ocrx_word' id='word_1_631' title='bbox 3476 3576 3662 3614; x_wconf 91' lang='lat' dir='ltr'><strong>rerum</strong></span> 
     </span>
    </p>
   </div>
   <div class='ocr_carea' id='block_1_81' title="bbox 2087 3647 3663 3718">
    <p class='ocr_par' dir='ltr' id='par_1_81' title="bbox 2087 3647 3663 3718">
     <span class='ocr_line' id='line_1_81' title="bbox 2087 3647 3663 3718; baseline 0.003 -17"><span class='ocrx_word' id='word_1_632' title='bbox 2087 3649 2140 3701; x_wconf 91' lang='lat' dir='ltr'><strong>in</strong></span> <span class='ocrx_word' id='word_1_633' title='bbox 2168 3649 2480 3718; x_wconf 84' lang='lat' dir='ltr'><strong>cognitione</strong></span> <span class='ocrx_word' id='word_1_634' title='bbox 2517 3647 2838 3713; x_wconf 88' lang='lat' dir='ltr'><strong>haurienda,</strong></span> <span class='ocrx_word' id='word_1_635' title='bbox 2879 3666 3074 3705; x_wconf 90' lang='lat' dir='ltr'><strong>sensus</strong></span> <span class='ocrx_word' id='word_1_636' title='bbox 3098 3651 3260 3703; x_wconf 89' lang='lat' dir='ltr'><strong>etiam</strong></span> <span class='ocrx_word' id='word_1_637' title='bbox 3293 3667 3417 3704; x_wconf 86' lang='lat' dir='ltr'><strong>cum</strong></span> <span class='ocrx_word' id='word_1_638' title='bbox 3449 3652 3663 3705; x_wconf 88' lang='lat' dir='ltr'><strong>ratione</strong></span> 
     </span>
    </p>
   </div>
   <div class='ocr_carea' id='block_1_82' title="bbox 2087 3738 3664 3814">
    <p class='ocr_par' dir='ltr' id='par_1_82' title="bbox 2087 3738 3664 3814">
     <span class='ocr_line' id='line_1_82' title="bbox 2087 3738 3664 3814; baseline 0.002 -18"><span class='ocrx_word' id='word_1_639' title='bbox 2087 3741 2482 3810; x_wconf 72' lang='lat' dir='ltr'><strong>Conjungunl.)</strong></span> <span class='ocrx_word' id='word_1_640' title='bbox 2524 3738 2797 3796; x_wconf 87' lang='lat' dir='ltr'><strong>Hactenus</strong></span> <span class='ocrx_word' id='word_1_641' title='bbox 2832 3743 2938 3796; x_wconf 89' lang='lat' dir='ltr'><strong>ille.</strong></span> <span class='ocrx_word' id='word_1_642' title='bbox 2986 3741 3148 3799; x_wconf 86' lang='lat' dir='ltr'><strong>Tales</strong></span> <span class='ocrx_word' id='word_1_643' title='bbox 3173 3744 3338 3813; x_wconf 90' lang='lat' dir='ltr'><strong>igitur</strong></span> <span class='ocrx_word' id='word_1_644' title='bbox 3371 3743 3664 3814; x_wconf 77' lang='lat' dir='ltr'><strong>Xenopha~</strong></span> 
     </span>
    </p>
   </div>
   <div class='ocr_carea' id='block_1_83' title="bbox 2090 3828 3664 3902">
    <p class='ocr_par' dir='ltr' id='par_1_83' title="bbox 2090 3828 3664 3902">
     <span class='ocr_line' id='line_1_83' title="bbox 2090 3828 3664 3902; baseline 0.002 -18"><span class='ocrx_word' id='word_1_645' title='bbox 2090 3831 2176 3885; x_wconf 92' lang='lat' dir='ltr'><strong>nis</strong></span> <span class='ocrx_word' id='word_1_646' title='bbox 2209 3839 2512 3884; x_wconf 87' lang='lat' dir='ltr'><strong>sectatores</strong></span> <span class='ocrx_word' id='word_1_647' title='bbox 2554 3828 2725 3893; x_wconf 82' lang='lat' dir='ltr'><strong>fuere,</strong></span> <span class='ocrx_word' id='word_1_648' title='bbox 2780 3846 2941 3900; x_wconf 82' lang='lat' dir='ltr'><strong>quem</strong></span> <span class='ocrx_word' id='word_1_649' title='bbox 2987 3829 3308 3902; x_wconf 69' lang='lat' dir='ltr'><strong>Pythagorae</strong></span> <span class='ocrx_word' id='word_1_650' title='bbox 3355 3841 3410 3887; x_wconf 90' lang='lat' dir='ltr'><strong>et</strong></span> <span class='ocrx_word' id='word_1_651' title='bbox 3440 3836 3664 3888; x_wconf 82' lang='lat' dir='ltr'><strong>Anaxa-</strong></span> 
     </span>
    </p>
   </div>
   <div class='ocr_carea' id='block_1_84' title="bbox 2088 3921 3667 3994">
    <p class='ocr_par' dir='ltr' id='par_1_84' title="bbox 2088 3921 3667 3994">
     <span class='ocr_line' id='line_1_84' title="bbox 2088 3921 3667 3994; baseline 0.001 -17"><span class='ocrx_word' id='word_1_652' title='bbox 2088 3937 2234 3994; x_wconf 64' lang='lat' dir='ltr'><strong>gorae</strong></span> <span class='ocrx_word' id='word_1_653' title='bbox 2285 3921 2625 3992; x_wconf 90' lang='lat' dir='ltr'><strong>temporibus</strong></span> <span class='ocrx_word' id='word_1_654' title='bbox 2679 3921 2930 3978; x_wconf 84' lang='lat' dir='ltr'><strong>ﬂoruisse</strong></span> <span class='ocrx_word' id='word_1_655' title='bbox 2980 3925 3152 3978; x_wconf 91' lang='lat' dir='ltr'><strong>aiunt.</strong></span> <span class='ocrx_word' id='word_1_656' title='bbox 3196 3924 3360 3994; x_wconf 79' lang='lat'><strong>758</strong></span> <span class='ocrx_word' id='word_1_657' title='bbox 3389 3923 3524 3979; x_wconf 90' lang='lat' dir='ltr'><strong>Nam</strong></span> <span class='ocrx_word' id='word_1_658' title='bbox 3559 3923 3667 3979; x_wconf 80' lang='lat' dir='ltr'><strong>Xe-</strong></span> 
     </span>
    </p>
   </div>
   <div class='ocr_carea' id='block_1_85' title="bbox 2088 4013 3667 4085">
    <p class='ocr_par' dir='ltr' id='par_1_85' title="bbox 2088 4013 3667 4085">
     <span class='ocr_line' id='line_1_85' title="bbox 2088 4013 3667 4085; baseline 0.001 -14"><span class='ocrx_word' id='word_1_659' title='bbox 2088 4015 2360 4085; x_wconf 91' lang='lat' dir='ltr'><strong>nophanis</strong></span> <span class='ocrx_word' id='word_1_660' title='bbox 2413 4014 2633 4084; x_wconf 88' lang='lat' dir='ltr'><strong>quidem</strong></span> <span class='ocrx_word' id='word_1_661' title='bbox 2684 4015 2900 4068; x_wconf 90' lang='lat' dir='ltr'><strong>auditor</strong></span> <span class='ocrx_word' id='word_1_662' title='bbox 2928 4013 3032 4068; x_wconf 82' lang='lat' dir='ltr'><strong>fuit</strong></span> <span class='ocrx_word' id='word_1_663' title='bbox 3066 4014 3458 4071; x_wconf 87' lang='lat' dir='ltr'><strong>Parmenides:</strong></span> <span class='ocrx_word' id='word_1_664' title='bbox 3516 4017 3667 4072; x_wconf 85' lang='lat' dir='ltr'><strong>hunc</strong></span> 
     </span>
    </p>
   </div>
   <div class='ocr_carea' id='block_1_86' title="bbox 2088 4105 3667 4176">
    <p class='ocr_par' dir='ltr' id='par_1_86' title="bbox 2088 4105 3667 4176">
     <span class='ocr_line' id='line_1_86' title="bbox 2088 4105 3667 4176; baseline 0 -12"><span class='ocrx_word' id='word_1_665' title='bbox 2088 4125 2220 4164; x_wconf 85' lang='lat' dir='ltr'><strong>vero</strong></span> <span class='ocrx_word' id='word_1_666' title='bbox 2256 4108 2506 4163; x_wconf 84' lang='lat' dir='ltr'><strong>Melissus</strong></span> <span class='ocrx_word' id='word_1_667' title='bbox 2539 4106 2769 4169; x_wconf 89' lang='lat' dir='ltr'><strong>audivit,</strong></span> <span class='ocrx_word' id='word_1_668' title='bbox 2798 4105 3190 4176; x_wconf 83' lang='lat' dir='ltr'><strong>Melissumque</strong></span> <span class='ocrx_word' id='word_1_669' title='bbox 3243 4106 3421 4161; x_wconf 88' lang='lat' dir='ltr'><strong>Zeno:</strong></span> <span class='ocrx_word' id='word_1_670' title='bbox 3457 4107 3667 4164; x_wconf 82' lang='lat' dir='ltr'><strong>Zenoni</strong></span> 
     </span>
    </p>
   </div>
   <div class='ocr_carea' id='block_1_87' title="bbox 2090 4197 3664 4269">
    <p class='ocr_par' dir='ltr' id='par_1_87' title="bbox 2090 4197 3664 4269">
     <span class='ocr_line' id='line_1_87' title="bbox 2090 4197 3664 4269; baseline 0.001 -16"><span class='ocrx_word' id='word_1_671' title='bbox 2090 4199 2415 4269; x_wconf 87' lang='lat' dir='ltr'><strong>Leucippus,</strong></span> <span class='ocrx_word' id='word_1_672' title='bbox 2452 4197 2730 4266; x_wconf 89' lang='lat' dir='ltr'><strong>Leucippo</strong></span> <span class='ocrx_word' id='word_1_673' title='bbox 2782 4197 3146 4262; x_wconf 91' lang='lat' dir='ltr'><strong>Democritus,</strong></span> <span class='ocrx_word' id='word_1_674' title='bbox 3192 4197 3502 4252; x_wconf 89' lang='lat' dir='ltr'><strong>Democrito</strong></span> <span class='ocrx_word' id='word_1_675' title='bbox 3531 4199 3664 4254; x_wconf 86' lang='lat' dir='ltr'><strong>Pro--</strong></span> 
     </span>
    </p>
   </div>
   <div class='ocr_carea' id='block_1_88' title="bbox 2088 4288 3664 4362">
    <p class='ocr_par' dir='ltr' id='par_1_88' title="bbox 2088 4288 3664 4362">
     <span class='ocr_line' id='line_1_88' title="bbox 2088 4288 3664 4362; baseline -0.001 -17"><span class='ocrx_word' id='word_1_676' title='bbox 2088 4302 2303 4362; x_wconf 87' lang='lat' dir='ltr'><strong>tagoras</strong></span> <span class='ocrx_word' id='word_1_677' title='bbox 2337 4299 2499 4358; x_wconf 91' lang='lat' dir='ltr'><strong>atque</strong></span> <span class='ocrx_word' id='word_1_678' title='bbox 2534 4288 2735 4344; x_wconf 82' lang='lat' dir='ltr'><strong>Nessas</strong></span> <span class='ocrx_word' id='word_1_679' title='bbox 2768 4304 2990 4357; x_wconf 91' lang='lat' dir='ltr'><strong>operam</strong></span> <span class='ocrx_word' id='word_1_680' title='bbox 3024 4289 3243 4345; x_wconf 88' lang='lat' dir='ltr'><strong>dedere.</strong></span> <span class='ocrx_word' id='word_1_681' title='bbox 3303 4289 3421 4344; x_wconf 76' lang='lat' dir='ltr'><strong>Iam</strong></span> <span class='ocrx_word' id='word_1_682' title='bbox 3468 4290 3664 4344; x_wconf 81' lang='lat' dir='ltr'><strong>Metro-</strong></span> 
     </span>
    </p>
   </div>
   <div class='ocr_carea' id='block_1_89' title="bbox 2086 4376 3663 4446">
    <p class='ocr_par' dir='ltr' id='par_1_89' title="bbox 2086 4376 3663 4446">
     <span class='ocr_line' id='line_1_89' title="bbox 2086 4376 3663 4446; baseline 0 -12"><span class='ocrx_word' id='word_1_683' title='bbox 2086 4381 2283 4435; x_wconf 88' lang='lat' dir='ltr'><strong>dorum</strong></span> <span class='ocrx_word' id='word_1_684' title='bbox 2317 4376 2541 4443; x_wconf 83' lang='lat' dir='ltr'><strong>Nessas,</strong></span> <span class='ocrx_word' id='word_1_685' title='bbox 2572 4378 2862 4446; x_wconf 80' lang='lat' dir='ltr'><strong>Diogenem</strong></span> <span class='ocrx_word' id='word_1_686' title='bbox 2889 4377 3249 4442; x_wconf 81' lang='lat' dir='ltr'><strong>Metrodorus,</strong></span> <span class='ocrx_word' id='word_1_687' title='bbox 3275 4377 3663 4434; x_wconf 83' lang='lat' dir='ltr'><strong>Anaxarchum</strong></span> 
     </span>
    </p>
   </div>
   <div class='ocr_carea' id='block_1_90' title="bbox 401 4461 3665 4544">
    <p class='ocr_par' dir='ltr' id='par_1_90' title="bbox 401 4461 3665 4544">
     <span class='ocr_line' id='line_1_90' title="bbox 401 4461 3665 4544; baseline 0.004 -27"><span class='ocrx_word' id='word_1_688' title='bbox 401 4461 689 4533; x_wconf 80' lang='lat' dir='ltr'><strong>Diogenes,</strong></span> <span class='ocrx_word' id='word_1_689' title='bbox 739 4467 1075 4539; x_wconf 85' lang='lat' dir='ltr'><strong>Pyrrhonem</strong></span> <span class='ocrx_word' id='word_1_690' title='bbox 1134 4469 1494 4526; x_wconf 84' lang='lat' dir='ltr'><strong>Anaxarchus</strong></span> <span class='ocrx_word' id='word_1_691' title='bbox 1557 4473 1886 4542; x_wconf 84' lang='lat' dir='ltr'><strong>discipulum</strong></span> <span class='ocrx_word' id='word_1_692' title='bbox 1957 4475 2166 4530; x_wconf 88' lang='lat' dir='ltr'><strong>habuit.</strong></span> <span class='ocrx_word' id='word_1_693' title='bbox 2243 4471 2620 4541; x_wconf 87' lang='lat' dir='ltr'><strong>Scepticorum</strong></span> <span class='ocrx_word' id='word_1_694' title='bbox 2689 4471 2902 4544; x_wconf 82' lang='lat' dir='ltr'><strong>Pyrrho</strong></span> <span class='ocrx_word' id='word_1_695' title='bbox 2947 4482 3150 4527; x_wconf 88' lang='lat' dir='ltr'><strong>sectam</strong></span> <span class='ocrx_word' id='word_1_696' title='bbox 3202 4473 3470 4537; x_wconf 88' lang='lat' dir='ltr'><strong>instituit;</strong></span> <span class='ocrx_word' id='word_1_697' title='bbox 3528 4475 3665 4543; x_wconf 87' lang='lat' dir='ltr'><strong>quos</strong></span> 
     </span>
    </p>
   </div>
   <div class='ocr_carea' id='block_1_91' title="bbox 402 4557 3666 4634">
    <p class='ocr_par' dir='ltr' id='par_1_91' title="bbox 402 4557 3666 4634">
     <span class='ocr_line' id='line_1_91' title="bbox 402 4557 3666 4634; baseline 0.002 -24"><span class='ocrx_word' id='word_1_698' title='bbox 402 4557 611 4623; x_wconf 89' lang='lat' dir='ltr'><strong>itidem,</strong></span> <span class='ocrx_word' id='word_1_699' title='bbox 661 4562 804 4630; x_wconf 91' lang='lat' dir='ltr'><strong>quod</strong></span> <span class='ocrx_word' id='word_1_700' title='bbox 861 4563 1000 4616; x_wconf 89' lang='lat' dir='ltr'><strong>nihil</strong></span> <span class='ocrx_word' id='word_1_701' title='bbox 1040 4563 1266 4617; x_wconf 91' lang='lat' dir='ltr'><strong>omnino</strong></span> <span class='ocrx_word' id='word_1_702' title='bbox 1296 4564 1382 4618; x_wconf 90' lang='lat' dir='ltr'><strong>vel</strong></span> <span class='ocrx_word' id='word_1_703' title='bbox 1436 4580 1624 4631; x_wconf 89' lang='lat' dir='ltr'><strong>sensu,</strong></span> <span class='ocrx_word' id='word_1_704' title='bbox 1691 4565 1774 4619; x_wconf 90' lang='lat' dir='ltr'><strong>vel</strong></span> <span class='ocrx_word' id='word_1_705' title='bbox 1814 4566 2028 4622; x_wconf 89' lang='lat' dir='ltr'><strong>ratione</strong></span> <span class='ocrx_word' id='word_1_706' title='bbox 2088 4563 2481 4632; x_wconf 90' lang='lat' dir='ltr'><strong>comprehendi</strong></span> <span class='ocrx_word' id='word_1_707' title='bbox 2561 4578 2723 4634; x_wconf 89' lang='lat' dir='ltr'><strong>posse</strong></span> <span class='ocrx_word' id='word_1_708' title='bbox 2793 4569 3116 4627; x_wconf 89' lang='lat' dir='ltr'><strong>statuerent,</strong></span> <span class='ocrx_word' id='word_1_709' title='bbox 3184 4563 3666 4632; x_wconf 76' lang='lat' dir='ltr'><strong>assensionemque</strong></span> 
     </span>
    </p>
   </div>
   <div class='ocr_carea' id='block_1_92' title="bbox 400 4657 3664 4733">
    <p class='ocr_par' dir='ltr' id='par_1_92' title="bbox 400 4657 3664 4733">
     <span class='ocr_line' id='line_1_92' title="bbox 400 4657 3664 4733; baseline -0 -21"><span class='ocrx_word' id='word_1_710' title='bbox 400 4667 686 4728; x_wconf 89' lang='lat' dir='ltr'><strong>pr0pterea</strong></span> <span class='ocrx_word' id='word_1_711' title='bbox 721 4658 884 4714; x_wconf 87' lang='lat' dir='ltr'><strong>rebus</strong></span> <span class='ocrx_word' id='word_1_712' title='bbox 921 4659 974 4712; x_wconf 88' lang='lat' dir='ltr'><strong>in</strong></span> <span class='ocrx_word' id='word_1_713' title='bbox 1026 4660 1282 4714; x_wconf 82' lang='lat' dir='ltr'><strong>omnibus</strong></span> <span class='ocrx_word' id='word_1_714' title='bbox 1333 4661 1657 4726; x_wconf 88' lang='lat' dir='ltr'><strong>inhiberent,</strong></span> <span class='ocrx_word' id='word_1_715' title='bbox 1693 4661 2157 4733; x_wconf 78' lang='lat' dir='ltr'><strong>quemadmodum</strong></span> <span class='ocrx_word' id='word_1_716' title='bbox 2228 4659 2522 4714; x_wconf 79' lang='lat' dir='ltr'><strong>contrariae</strong></span> <span class='ocrx_word' id='word_1_717' title='bbox 2591 4658 2878 4713; x_wconf 65' lang='lat' dir='ltr'><strong>sententiae</strong></span> <span class='ocrx_word' id='word_1_718' title='bbox 2957 4657 3202 4714; x_wconf 84' lang='lat' dir='ltr'><strong>vindices</strong></span> <span class='ocrx_word' id='word_1_719' title='bbox 3269 4658 3568 4728; x_wconf 75' lang='lat' dir='ltr'><strong>arguerint,</strong></span> <span class='ocrx_word' id='word_1_720' title='bbox 3599 4673 3664 4711; x_wconf 74' lang='lat' dir='ltr'><strong>ex</strong></span> 
     </span>
    </p>
   </div>
   <div class='ocr_carea' id='block_1_93' title="bbox 399 4750 2882 4824">
    <p class='ocr_par' dir='ltr' id='par_1_93' title="bbox 399 4750 2882 4824">
     <span class='ocr_line' id='line_1_93' title="bbox 399 4750 2882 4824; baseline -0.001 -16"><span class='ocrx_word' id='word_1_721' title='bbox 399 4752 590 4808; x_wconf 84' lang='lat' dir='ltr'><strong>eodem</strong></span> <span class='ocrx_word' id='word_1_722' title='bbox 618 4751 900 4807; x_wconf 83' lang='lat' dir='ltr'><strong>Aristoclis</strong></span> <span class='ocrx_word' id='word_1_723' title='bbox 926 4767 1090 4822; x_wconf 91' lang='lat' dir='ltr'><strong>opere</strong></span> <span class='ocrx_word' id='word_1_724' title='bbox 1117 4753 1373 4822; x_wconf 85' lang='lat' dir='ltr'><strong>cognosci</strong></span> <span class='ocrx_word' id='word_1_725' title='bbox 1402 4762 1600 4824; x_wconf 89' lang='lat' dir='ltr'><strong>potest.</strong></span> <span class='ocrx_word' id='word_1_726' title='bbox 1630 4754 1722 4808; x_wconf 83' lang='lat' dir='ltr'><strong>Sic</strong></span> <span class='ocrx_word' id='word_1_727' title='bbox 1759 4755 1906 4810; x_wconf 91' lang='lat' dir='ltr'><strong>enim</strong></span> <span class='ocrx_word' id='word_1_728' title='bbox 1945 4755 2012 4809; x_wconf 85' lang='lat' dir='ltr'><strong>ad</strong></span> <span class='ocrx_word' id='word_1_729' title='bbox 2041 4753 2268 4808; x_wconf 88' lang='lat' dir='ltr'><strong>verbum</strong></span> <span class='ocrx_word' id='word_1_730' title='bbox 2305 4753 2421 4823; x_wconf 89' lang='lat' dir='ltr'><strong>ipse</strong></span> <span class='ocrx_word' id='word_1_731' title='bbox 2453 4752 2699 4822; x_wconf 87' lang='lat' dir='ltr'><strong>loquitur</strong></span> <span class='ocrx_word' id='word_1_732' title='bbox 2719 4750 2882 4823; x_wconf 80' lang='lat'><strong>(98&#39;).</strong></span> 
     </span>
    </p>
   </div>
   <div class='ocr_carea' id='block_1_94' title="bbox 920 4869 1466 4923">
    <p class='ocr_par' dir='ltr' id='par_1_94' title="bbox 920 4869 1466 4923">
     <span class='ocr_line' id='line_1_94' title="bbox 920 4869 1466 4923; baseline 0.005 -3"><span class='ocrx_word' id='word_1_733' title='bbox 920 4869 1320 4922; x_wconf 78' lang='grc' dir='ltr'><strong>ΚΕΦΑΛΑΙΟΝ</strong></span> <span class='ocrx_word' id='word_1_734' title='bbox 1361 4871 1466 4923; x_wconf 82' lang='lat' dir='ltr'><strong>IH&#39;.</strong></span> 
     </span>
    </p>
   </div>
   <div class='ocr_carea' id='block_1_95' title="bbox 396 5025 1980 5098">
    <p class='ocr_par' dir='ltr' id='par_1_95' title="bbox 396 5025 1980 5098">
     <span class='ocr_line' id='line_1_95' title="bbox 396 5025 1980 5098; baseline 0 -18"><span class='ocrx_word' id='word_1_735' title='bbox 396 5025 556 5096; x_wconf 70' lang='grc' dir='ltr'>Πρὸς</span> <span class='ocrx_word' id='word_1_736' title='bbox 582 5025 722 5098; x_wconf 85' lang='grc' dir='ltr'>τοὺς</span> <span class='ocrx_word' id='word_1_737' title='bbox 748 5025 905 5098; x_wconf 68' lang='grc' dir='ltr'>κατὰ</span> <span class='ocrx_word' id='word_1_738' title='bbox 927 5026 1212 5098; x_wconf 68' lang='grc' dir='ltr'>Πύρῤωνα</span> <span class='ocrx_word' id='word_1_739' title='bbox 1243 5026 1608 5098; x_wconf 66' lang='grc' dir='ltr'>Σκεπτικοὺς</span> <span class='ocrx_word' id='word_1_740' title='bbox 1624 5068 1638 5090; x_wconf 93' lang='grc'><strong>,</strong></span> <span class='ocrx_word' id='word_1_741' title='bbox 1690 5026 1821 5096; x_wconf 77' lang='grc' dir='ltr'>ἦτοι</span> <span class='ocrx_word' id='word_1_742' title='bbox 1845 5029 1980 5098; x_wconf 53' lang='grc' dir='ltr'><strong>ἑφε-</strong></span> 
     </span>
    </p>
   </div>
   <div class='ocr_carea' id='block_1_96' title="bbox 472 5095 1980 5167">
    <p class='ocr_par' dir='ltr' id='par_1_96' title="bbox 472 5095 1980 5167">
     <span class='ocr_line' id='line_1_96' title="bbox 472 5095 1980 5167; baseline 0.003 -18"><span class='ocrx_word' id='word_1_743' title='bbox 472 5097 714 5162; x_wconf 83' lang='grc' dir='ltr'>κτικοὺς</span> <span class='ocrx_word' id='word_1_744' title='bbox 733 5095 1186 5167; x_wconf 57' lang='grc' dir='ltr'>ἐπικληθέντας,</span> <span class='ocrx_word' id='word_1_745' title='bbox 1202 5096 1398 5165; x_wconf 79' lang='grc' dir='ltr'>μηδὲν</span> <span class='ocrx_word' id='word_1_746' title='bbox 1421 5095 1807 5167; x_wconf 70' lang='grc' dir='ltr'>καταληπτὸν</span> <span class='ocrx_word' id='word_1_747' title='bbox 1826 5095 1980 5155; x_wconf 52' lang='grc' dir='ltr'>εἶναι</span> 
     </span>
    </p>
   </div>
   <div class='ocr_carea' id='block_1_97' title="bbox 473 5164 1553 5236">
    <p class='ocr_par' dir='ltr' id='par_1_97' title="bbox 473 5164 1553 5236">
     <span class='ocr_line' id='line_1_97' title="bbox 473 5164 1553 5236; baseline 0 -16"><span class='ocrx_word' id='word_1_748' title='bbox 473 5164 1006 5236; x_wconf 73' lang='grc' dir='ltr'>ἀποφηναμένους.</span> <span class='ocrx_word' id='word_1_749' title='bbox 1036 5167 1168 5220; x_wconf 76' lang='grc' dir='ltr'><strong>Ἀπὸ</strong></span> <span class='ocrx_word' id='word_1_750' title='bbox 1206 5164 1313 5220; x_wconf 74' lang='grc' dir='ltr'>τοῦ</span> <span class='ocrx_word' id='word_1_751' title='bbox 1349 5166 1553 5222; x_wconf 83' lang='grc' dir='ltr'>αὑτοῦ.</span> 
     </span>
    </p>
   </div>
   <div class='ocr_carea' id='block_1_98' title="bbox 477 5297 1980 5372">
    <p class='ocr_par' dir='ltr' id='par_1_98' title="bbox 477 5297 1980 5372">
     <span class='ocr_line' id='line_1_98' title="bbox 477 5297 1980 5372; baseline 0.004 -23"><span class='ocrx_word' id='word_1_752' title='bbox 477 5317 496 5348; x_wconf 70' lang='grc' dir='ltr'><strong>ι</strong></span> <span class='ocrx_word' id='word_1_753' title='bbox 539 5297 876 5366; x_wconf 85' lang='grc' dir='ltr'>Ἀναγκαίως</span> <span class='ocrx_word' id='word_1_754' title='bbox 899 5297 1006 5368; x_wconf 87' lang='lat'><strong>(99)</strong></span> <span class='ocrx_word' id='word_1_755' title='bbox 1023 5298 1067 5350; x_wconf 83' lang='grc' dir='ltr'>δ’</span> <span class='ocrx_word' id='word_1_756' title='bbox 1090 5297 1201 5368; x_wconf 77' lang='grc' dir='ltr'>ἔχει</span> <span class='ocrx_word' id='word_1_757' title='bbox 1228 5301 1334 5371; x_wconf 80' lang='grc' dir='ltr'>πρὸ</span> <span class='ocrx_word' id='word_1_758' title='bbox 1362 5302 1562 5365; x_wconf 80' lang='grc' dir='ltr'>παντὸς</span> <span class='ocrx_word' id='word_1_759' title='bbox 1586 5303 1980 5372; x_wconf 75' lang='grc' dir='ltr'>διασκέψασθαι</span> 
     </span>
    </p>
   </div>
   <div class='ocr_carea' id='block_1_99' title="bbox 399 5389 1980 5466">
    <p class='ocr_par' dir='ltr' id='par_1_99' title="bbox 399 5389 1980 5466">
     <span class='ocr_line' id='line_1_99' title="bbox 399 5389 1980 5466; baseline 0.003 -21"><span class='ocrx_word' id='word_1_760' title='bbox 399 5391 531 5460; x_wconf 80' lang='grc' dir='ltr'>περὶ</span> <span class='ocrx_word' id='word_1_761' title='bbox 568 5390 668 5460; x_wconf 75' lang='grc' dir='ltr'>τῆς</span> <span class='ocrx_word' id='word_1_762' title='bbox 714 5391 870 5461; x_wconf 84' lang='grc' dir='ltr'>ἡμῶν</span> <span class='ocrx_word' id='word_1_763' title='bbox 926 5389 1106 5444; x_wconf 75' lang='grc' dir='ltr'>αὐτῶν</span> <span class='ocrx_word' id='word_1_764' title='bbox 1152 5391 1425 5459; x_wconf 82' lang='grc' dir='ltr'>γνώσεως.</span> <span class='ocrx_word' id='word_1_765' title='bbox 1459 5397 1521 5447; x_wconf 78' lang='lat' dir='ltr'><strong>Ei</strong></span> <span class='ocrx_word' id='word_1_766' title='bbox 1570 5395 1678 5466; x_wconf 78' lang='grc' dir='ltr'>γὰρ</span> <span class='ocrx_word' id='word_1_767' title='bbox 1712 5392 1778 5448; x_wconf 77' lang='grc' dir='ltr'>αὖ</span> <span class='ocrx_word' id='word_1_768' title='bbox 1815 5396 1980 5466; x_wconf 84' lang='grc' dir='ltr'>μηδὲν</span> 
     </span>
    </p>
   </div>
   <div class='ocr_carea' id='block_1_100' title="bbox 397 5480 1978 5557">
    <p class='ocr_par' dir='ltr' id='par_1_100' title="bbox 397 5480 1978 5557">
     <span class='ocr_line' id='line_1_100' title="bbox 397 5480 1978 5557; baseline 0.001 -20"><span class='ocrx_word' id='word_1_769' title='bbox 397 5480 726 5552; x_wconf 83' lang='grc' dir='ltr'>πεφύκαμεν</span> <span class='ocrx_word' id='word_1_770' title='bbox 751 5480 1060 5548; x_wconf 77' lang='grc' dir='ltr'>γνωρίζειν,</span> <span class='ocrx_word' id='word_1_771' title='bbox 1109 5483 1259 5536; x_wconf 83' lang='grc' dir='ltr'>οὐδὲν</span> <span class='ocrx_word' id='word_1_772' title='bbox 1290 5484 1371 5537; x_wconf 78' lang='grc' dir='ltr'>ἔτι</span> <span class='ocrx_word' id='word_1_773' title='bbox 1401 5485 1480 5538; x_wconf 82' lang='grc' dir='ltr'>δεῖ</span> <span class='ocrx_word' id='word_1_774' title='bbox 1514 5488 1642 5557; x_wconf 83' lang='grc' dir='ltr'>περὶ</span> <span class='ocrx_word' id='word_1_775' title='bbox 1671 5487 1781 5539; x_wconf 91' lang='grc' dir='ltr'><strong>τῶν</strong></span> <span class='ocrx_word' id='word_1_776' title='bbox 1804 5487 1978 5541; x_wconf 79' lang='grc' dir='ltr'>ἄλλων</span> 
     </span>
    </p>
   </div>
   <div class='ocr_carea' id='block_1_101' title="bbox 396 5571 1982 5643">
    <p class='ocr_par' dir='ltr' id='par_1_101' title="bbox 396 5571 1982 5643">
     <span class='ocr_line' id='line_1_101' title="bbox 396 5571 1982 5643; baseline 0.001 -14"><span class='ocrx_word' id='word_1_777' title='bbox 396 5577 646 5629; x_wconf 81' lang='grc' dir='ltr'>σκοπεῖν.</span> <span class='ocrx_word' id='word_1_778' title='bbox 686 5573 963 5641; x_wconf 84' lang='grc' dir='ltr'>Ἐγένοντο</span> <span class='ocrx_word' id='word_1_779' title='bbox 1004 5575 1101 5641; x_wconf 82' lang='grc' dir='ltr'><strong>μὲν</strong></span> <span class='ocrx_word' id='word_1_780' title='bbox 1131 5571 1224 5627; x_wconf 85' lang='grc' dir='ltr'><strong>οὖν</strong></span> <span class='ocrx_word' id='word_1_781' title='bbox 1262 5579 1352 5628; x_wconf 79' lang='grc' dir='ltr'><strong>καὶ</strong></span> <span class='ocrx_word' id='word_1_782' title='bbox 1394 5577 1501 5629; x_wconf 89' lang='grc' dir='ltr'><strong>τῶν</strong></span> <span class='ocrx_word' id='word_1_783' title='bbox 1532 5579 1698 5632; x_wconf 80' lang='grc' dir='ltr'>πάλαι</span> <span class='ocrx_word' id='word_1_784' title='bbox 1733 5579 1893 5643; x_wconf 84' lang='grc' dir='ltr'>τινὲς,</span> <span class='ocrx_word' id='word_1_785' title='bbox 1931 5580 1982 5632; x_wconf 86' lang='grc' dir='ltr'>οἱ</span> 
     </span>
    </p>
   </div>
   <div class='ocr_carea' id='block_1_102' title="bbox 471 5726 1186 5801">
    <p class='ocr_par' dir='ltr' id='par_1_102' title="bbox 471 5726 1186 5801">
     <span class='ocr_line' id='line_1_102' title="bbox 471 5726 1186 5801; baseline -0.01 -16"><span class='ocrx_word' id='word_1_786' title='bbox 471 5729 586 5801; x_wconf 63' lang='lat'><strong>(97)</strong></span> <span class='ocrx_word' id='word_1_787' title='bbox 625 5729 787 5801; x_wconf 64' lang='lat' dir='ltr'><strong>[orte</strong></span> <span class='ocrx_word' id='word_1_788' title='bbox 825 5726 1186 5801; x_wconf 76' lang='grc' dir='ltr'>ᾁποδεικνύει.</span> 
     </span>
    </p>
   </div>
   <div class='ocr_carea' id='block_1_103' title="bbox 475 5795 1127 5870">
    <p class='ocr_par' dir='ltr' id='par_1_103' title="bbox 475 5795 1127 5870">
     <span class='ocr_line' id='line_1_103' title="bbox 475 5795 1127 5870; baseline -0.006 -16"><span class='ocrx_word' id='word_1_789' title='bbox 475 5795 586 5870; x_wconf 68' lang='grc'>(98)</span> <span class='ocrx_word' id='word_1_790' title='bbox 626 5799 785 5870; x_wconf 40' lang='lat' dir='ltr'><strong>[forte</strong></span> <span class='ocrx_word' id='word_1_791' title='bbox 809 5795 1127 5870; x_wconf 65' lang='grc' dir='ltr'>ἐλέχθησαν.</span> 
     </span>
    </p>
   </div>
   <div class='ocr_carea' id='block_1_104' title="bbox 477 5868 1570 5946">
    <p class='ocr_par' dir='ltr' id='par_1_104' title="bbox 477 5868 1570 5946">
     <span class='ocr_line' id='line_1_104' title="bbox 477 5868 1570 5946; baseline 0 -20"><span class='ocrx_word' id='word_1_792' title='bbox 477 5868 612 5942; x_wconf 83' lang='lat'><strong>(98&#39;)</strong></span> <span class='ocrx_word' id='word_1_793' title='bbox 638 5869 736 5927; x_wconf 84' lang='lat' dir='ltr'><strong>Hic</strong></span> <span class='ocrx_word' id='word_1_794' title='bbox 767 5870 969 5926; x_wconf 87' lang='lat' dir='ltr'><strong>desinit</strong></span> <span class='ocrx_word' id='word_1_795' title='bbox 1000 5868 1347 5946; x_wconf 84' lang='lat' dir='ltr'><strong>Trapezuntii</strong></span> <span class='ocrx_word' id='word_1_796' title='bbox 1374 5870 1570 5926; x_wconf 76' lang='lat' dir='ltr'><strong>versio.</strong></span> 
     </span>
    </p>
   </div>
   <div class='ocr_carea' id='block_1_105' title="bbox 2637 4867 3096 4923">
    <p class='ocr_par' dir='ltr' id='par_1_105' title="bbox 2637 4867 3096 4923">
     <span class='ocr_line' id='line_1_105' title="bbox 2637 4867 3096 4923; baseline 0 0"><span class='ocrx_word' id='word_1_797' title='bbox 2637 4867 2868 4923; x_wconf 88' lang='lat' dir='ltr'><strong>CAPUT</strong></span> <span class='ocrx_word' id='word_1_798' title='bbox 2915 4867 3096 4923; x_wconf 69' lang='lat' dir='ltr'><strong>XVIII.</strong></span> 
     </span>
    </p>
   </div>
   <div class='ocr_carea' id='block_1_106' title="bbox 2091 4981 3663 5051">
    <p class='ocr_par' dir='ltr' id='par_1_106' title="bbox 2091 4981 3663 5051">
     <span class='ocr_line' id='line_1_106' title="bbox 2091 4981 3663 5051; baseline -0.004 -11"><span class='ocrx_word' id='word_1_799' title='bbox 2091 4984 2354 5040; x_wconf 84' lang='lat' dir='ltr'><strong>Adversus</strong></span> <span class='ocrx_word' id='word_1_800' title='bbox 2408 5000 2590 5038; x_wconf 86' lang='lat' dir='ltr'><strong>eorum</strong></span> <span class='ocrx_word' id='word_1_801' title='bbox 2640 4983 3075 5051; x_wconf 78' lang='lat' dir='ltr'><strong>philosophorum</strong></span> <span class='ocrx_word' id='word_1_802' title='bbox 3125 4990 3361 5045; x_wconf 79' lang='lat' dir='ltr'><strong>sectam,</strong></span> <span class='ocrx_word' id='word_1_803' title='bbox 3415 4981 3663 5050; x_wconf 81' lang='lat' dir='ltr'><strong>quiquod</strong></span> 
     </span>
    </p>
   </div>
   <div class='ocr_carea' id='block_1_107' title="bbox 2161 5051 3664 5134">
    <p class='ocr_par' dir='ltr' id='par_1_107' title="bbox 2161 5051 3664 5134">
     <span class='ocr_line' id='line_1_107' title="bbox 2161 5051 3664 5134; baseline -0.003 -26"><span class='ocrx_word' id='word_1_804' title='bbox 2161 5055 2686 5134; x_wconf 56' lang='lat' dir='ltr'><strong>Pyrrlzgnenrsecuti</strong></span> <span class='ocrx_word' id='word_1_805' title='bbox 2715 5053 2848 5106; x_wconf 83' lang='lat' dir='ltr'><strong>nihil</strong></span> <span class='ocrx_word' id='word_1_806' title='bbox 2873 5051 3239 5134; x_wconf 62' lang='lat' dir='ltr'><strong>comprehendi</strong></span> <span class='ocrx_word' id='word_1_807' title='bbox 3279 5067 3430 5119; x_wconf 85' lang='lat' dir='ltr'><strong>posse</strong></span> <span class='ocrx_word' id='word_1_808' title='bbox 3457 5063 3664 5132; x_wconf 72' lang='lat' dir='ltr'><strong>stame-</strong></span> 
     </span>
    </p>
   </div>
   <div class='ocr_carea' id='block_1_108' title="bbox 2161 5123 3662 5193">
    <p class='ocr_par' dir='ltr' id='par_1_108' title="bbox 2161 5123 3662 5193">
     <span class='ocr_line' id='line_1_108' title="bbox 2161 5123 3662 5193; baseline -0.001 -17"><span class='ocrx_word' id='word_1_809' title='bbox 2161 5123 2293 5188; x_wconf 78' lang='lat' dir='ltr'><strong>rint,</strong></span> <span class='ocrx_word' id='word_1_810' title='bbox 2329 5123 2577 5193; x_wconf 82' lang='lat' dir='ltr'><strong>Sceptici,</strong></span> <span class='ocrx_word' id='word_1_811' title='bbox 2607 5137 2652 5176; x_wconf 83' lang='lat' dir='ltr'><strong>et</strong></span> <span class='ocrx_word' id='word_1_812' title='bbox 2685 5139 2957 5176; x_wconf 82' lang='lat' dir='ltr'><strong>assensum</strong></span> <span class='ocrx_word' id='word_1_813' title='bbox 2987 5123 3273 5175; x_wconf 76' lang='lat' dir='ltr'><strong>inhibentes</strong></span> <span class='ocrx_word' id='word_1_814' title='bbox 3311 5123 3482 5174; x_wconf 84' lang='lat' dir='ltr'><strong>vocati</strong></span> <span class='ocrx_word' id='word_1_815' title='bbox 3519 5131 3662 5174; x_wconf 84' lang='lat' dir='ltr'><strong>sunt.</strong></span> 
     </span>
    </p>
   </div>
   <div class='ocr_carea' id='block_1_109' title="bbox 2163 5193 2768 5248">
    <p class='ocr_par' dir='ltr' id='par_1_109' title="bbox 2163 5193 2768 5248">
     <span class='ocr_line' id='line_1_109' title="bbox 2163 5193 2768 5248; baseline -0.003 0"><span class='ocrx_word' id='word_1_816' title='bbox 2163 5194 2248 5248; x_wconf 70' lang='lat' dir='ltr'><strong>Ex</strong></span> <span class='ocrx_word' id='word_1_817' title='bbox 2276 5195 2457 5248; x_wconf 83' lang='lat' dir='ltr'><strong>eodem</strong></span> <span class='ocrx_word' id='word_1_818' title='bbox 2488 5193 2768 5248; x_wconf 79' lang='lat' dir='ltr'><strong>Aristocle.</strong></span> 
     </span>
    </p>
   </div>
   <div class='ocr_carea' id='block_1_110' title="bbox 2167 5305 3661 5376">
    <p class='ocr_par' dir='ltr' id='par_1_110' title="bbox 2167 5305 3661 5376">
     <span class='ocr_line' id='line_1_110' title="bbox 2167 5305 3661 5376; baseline -0.001 -18"><span class='ocrx_word' id='word_1_819' title='bbox 2167 5326 2184 5358; x_wconf 76' lang='grc' dir='ltr'><strong>ι</strong></span> <span class='ocrx_word' id='word_1_820' title='bbox 2215 5306 2450 5363; x_wconf 87' lang='lat' dir='ltr'><strong>Necesse</strong></span> <span class='ocrx_word' id='word_1_821' title='bbox 2472 5315 2576 5372; x_wconf 79' lang='lat' dir='ltr'><strong>est,</strong></span> <span class='ocrx_word' id='word_1_822' title='bbox 2612 5306 2789 5376; x_wconf 88' lang='lat' dir='ltr'><strong>inquit</strong></span> <span class='ocrx_word' id='word_1_823' title='bbox 2844 5306 2955 5371; x_wconf 91' lang='lat' dir='ltr'><strong>ille,</strong></span> <span class='ocrx_word' id='word_1_824' title='bbox 2987 5305 3316 5375; x_wconf 85' lang='lat' dir='ltr'><strong>cognitionis</strong></span> <span class='ocrx_word' id='word_1_825' title='bbox 3350 5313 3547 5359; x_wconf 72' lang='lat' dir='ltr'><strong>nostra:</strong></span> <span class='ocrx_word' id='word_1_826' title='bbox 3578 5320 3661 5358; x_wconf 78' lang='lat' dir='ltr'><strong>ra-</strong></span> 
     </span>
    </p>
   </div>
   <div class='ocr_carea' id='block_1_111' title="bbox 2089 5395 3661 5467">
    <p class='ocr_par' dir='ltr' id='par_1_111' title="bbox 2089 5395 3661 5467">
     <span class='ocr_line' id='line_1_111' title="bbox 2089 5395 3661 5467; baseline -0.003 -13"><span class='ocrx_word' id='word_1_827' title='bbox 2089 5401 2292 5455; x_wconf 91' lang='lat' dir='ltr'><strong>tionem</strong></span> <span class='ocrx_word' id='word_1_828' title='bbox 2320 5409 2448 5454; x_wconf 86' lang='lat' dir='ltr'><strong>ante</strong></span> <span class='ocrx_word' id='word_1_829' title='bbox 2476 5399 2662 5452; x_wconf 90' lang='lat' dir='ltr'><strong>omnia</strong></span> <span class='ocrx_word' id='word_1_830' title='bbox 2701 5398 3004 5451; x_wconf 88' lang='lat' dir='ltr'><strong>videamus.</strong></span> <span class='ocrx_word' id='word_1_831' title='bbox 3049 5395 3182 5450; x_wconf 84' lang='lat' dir='ltr'><strong>Nam</strong></span> <span class='ocrx_word' id='word_1_832' title='bbox 3223 5396 3267 5452; x_wconf 90' lang='lat' dir='ltr'><strong>si</strong></span> <span class='ocrx_word' id='word_1_833' title='bbox 3304 5396 3661 5467; x_wconf 80' lang='lat' dir='ltr'><strong>cognoscendi</strong></span> 
     </span>
    </p>
   </div>
   <div class='ocr_carea' id='block_1_112' title="bbox 2087 5489 3660 5557">
    <p class='ocr_par' dir='ltr' id='par_1_112' title="bbox 2087 5489 3660 5557">
     <span class='ocr_line' id='line_1_112' title="bbox 2087 5489 3660 5557; baseline 0.002 -16"><span class='ocrx_word' id='word_1_834' title='bbox 2087 5493 2194 5545; x_wconf 87' lang='lat' dir='ltr'><strong>vim</strong></span> <span class='ocrx_word' id='word_1_835' title='bbox 2219 5507 2250 5546; x_wconf 87' lang='lat' dir='ltr'><strong>a</strong></span> <span class='ocrx_word' id='word_1_836' title='bbox 2275 5501 2467 5544; x_wconf 89' lang='lat' dir='ltr'><strong>natura</strong></span> <span class='ocrx_word' id='word_1_837' title='bbox 2502 5491 2706 5543; x_wconf 90' lang='lat' dir='ltr'><strong>nullam</strong></span> <span class='ocrx_word' id='word_1_838' title='bbox 2732 5490 3045 5557; x_wconf 91' lang='lat' dir='ltr'><strong>accepimus</strong></span> <span class='ocrx_word' id='word_1_839' title='bbox 3065 5529 3079 5553; x_wconf 96' lang='lat'><strong>,</strong></span> <span class='ocrx_word' id='word_1_840' title='bbox 3108 5489 3426 5543; x_wconf 92' lang='lat' dir='ltr'><strong>omittamus</strong></span> <span class='ocrx_word' id='word_1_841' title='bbox 3451 5489 3574 5542; x_wconf 85' lang='lat' dir='ltr'><strong>licet</strong></span> <span class='ocrx_word' id='word_1_842' title='bbox 3597 5490 3660 5544; x_wconf 82' lang='lat' dir='ltr'><strong>dc</strong></span> 
     </span>
    </p>
   </div>
   <div class='ocr_carea' id='block_1_113' title="bbox 2088 5579 3658 5654">
    <p class='ocr_par' dir='ltr' id='par_1_113' title="bbox 2088 5579 3658 5654">
     <span class='ocr_line' id='line_1_113' title="bbox 2088 5579 3658 5654; baseline -0.002 -16"><span class='ocrx_word' id='word_1_843' title='bbox 2088 5584 2211 5638; x_wconf 87' lang='lat' dir='ltr'><strong>aliis</strong></span> <span class='ocrx_word' id='word_1_844' title='bbox 2261 5597 2526 5654; x_wconf 73' lang='lat' dir='ltr'><strong>quterere.</strong></span> <span class='ocrx_word' id='word_1_845' title='bbox 2563 5580 2960 5635; x_wconf 87' lang='lat' dir='ltr'><strong>Nonnullorum</strong></span> <span class='ocrx_word' id='word_1_846' title='bbox 2989 5589 3136 5634; x_wconf 80' lang='lat' dir='ltr'><strong>certe</strong></span> <span class='ocrx_word' id='word_1_847' title='bbox 3163 5581 3290 5635; x_wconf 90' lang='lat' dir='ltr'><strong>olim</strong></span> <span class='ocrx_word' id='word_1_848' title='bbox 3318 5597 3423 5636; x_wconf 75' lang='lat' dir='ltr'><strong>vox</strong></span> <span class='ocrx_word' id='word_1_849' title='bbox 3447 5597 3508 5636; x_wconf 89' lang='lat' dir='ltr'><strong>ea</strong></span> <span class='ocrx_word' id='word_1_850' title='bbox 3538 5579 3658 5646; x_wconf 82' lang='lat' dir='ltr'><strong>fuit,</strong></span> 
     </span>
    </p>
   </div>
   <div class='ocr_carea' id='block_1_114' title="bbox 2155 5733 3658 5803">
    <p class='ocr_par' dir='ltr' id='par_1_114' title="bbox 2155 5733 3658 5803">
     <span class='ocr_line' id='line_1_114' title="bbox 2155 5733 3658 5803; baseline -0.002 -13"><span class='ocrx_word' id='word_1_851' title='bbox 2155 5736 2264 5802; x_wconf 84' lang='lat'><strong>(99)</strong></span> <span class='ocrx_word' id='word_1_852' title='bbox 2317 5734 2697 5803; x_wconf 77' lang='grc' dir='ltr'>Ἀναγκαίως,</span> <span class='ocrx_word' id='word_1_853' title='bbox 2736 5733 2964 5788; x_wconf 90' lang='lat' dir='ltr'><strong>Subtilis</strong></span> <span class='ocrx_word' id='word_1_854' title='bbox 2991 5750 3055 5788; x_wconf 91' lang='lat' dir='ltr'><strong>ac</strong></span> <span class='ocrx_word' id='word_1_855' title='bbox 3087 5735 3260 5789; x_wconf 82' lang='lat' dir='ltr'><strong>solida</strong></span> <span class='ocrx_word' id='word_1_856' title='bbox 3287 5743 3368 5788; x_wconf 90' lang='lat' dir='ltr'><strong>est</strong></span> <span class='ocrx_word' id='word_1_857' title='bbox 3401 5743 3512 5788; x_wconf 83' lang='lat' dir='ltr'><strong>tota</strong></span> <span class='ocrx_word' id='word_1_858' title='bbox 3546 5736 3658 5788; x_wconf 62' lang='lat' dir='ltr'><strong>haec</strong></span> 
     </span>
    </p>
   </div>
   <div class='ocr_carea' id='block_1_115' title="bbox 2082 5804 3600 5877">
    <p class='ocr_par' dir='ltr' id='par_1_115' title="bbox 2082 5804 3600 5877">
     <span class='ocr_line' id='line_1_115' title="bbox 2082 5804 3600 5877; baseline -0.003 -15"><span class='ocrx_word' id='word_1_859' title='bbox 2082 5807 2152 5862; x_wconf 89' lang='lat' dir='ltr'><strong>ab</strong></span> <span class='ocrx_word' id='word_1_860' title='bbox 2179 5805 2446 5862; x_wconf 78' lang='lat' dir='ltr'><strong>Aristocle</strong></span> <span class='ocrx_word' id='word_1_861' title='bbox 2472 5815 2664 5860; x_wconf 88' lang='lat' dir='ltr'><strong>contra</strong></span> <span class='ocrx_word' id='word_1_862' title='bbox 2694 5804 2970 5876; x_wconf 86' lang='lat' dir='ltr'><strong>Scepticos</strong></span> <span class='ocrx_word' id='word_1_863' title='bbox 3004 5817 3254 5875; x_wconf 86' lang='lat' dir='ltr'><strong>suscepta</strong></span> <span class='ocrx_word' id='word_1_864' title='bbox 3285 5806 3600 5877; x_wconf 87' lang='lat' dir='ltr'><strong>disputatio.</strong></span> 
     </span>
    </p>
   </div>
  </div>
