4144 6440
504 433 642 489 ιειτ

1168 432 1438 489 EUSEBII
1478 431 1961 489 CAESARIENSIS
1993 430 2141 486 OPP.
2183 430 2369 487 PARS
2404 430 2466 486 ll.
2508 462 2579 472 —
2618 432 3111 492 APOLOGETICA.

3611 438 3751 492 £248

500 568 643 622 quos
669 551 869 608 refellit
920 552 1260 609 Aristoteles.
1292 556 1359 610 Et
1398 554 1608 626 Pyrrho
1657 553 1877 622 quidem
1911 552 2073 607 Eleus

2188 552 2399 620 ὶφέντες
2427 554 2585 625 τήνδε
2622 553 2720 625 τὴν
2746 554 2948 626 φωνὴν,
2971 550 3052 619 οἷς
3085 554 3406 626 ἀντείρηκεν
3434 557 3462 609 δ
3505 554 3750 626 Ἀριστο·

500 645 776 713 opinionis
801 644 967 713 hujus
996 645 1251 700 defensor
1280 654 1397 700 erat
1437 660 1560 700 acer
1586 645 1637 697 iu
1676 644 1864 712 primis
1895 659 1960 697 ac
1981 659 2074 696 ve-

505 738 754 800 hemens,
803 736 940 791 nihil
984 746 1166 792 tamen
1203 738 1466 807 scriptum
1500 736 1743 806 reliquit.
1794 736 1865 789 At
1892 735 2073 799 Timo,

506 829 626 895 ejus
655 828 979 896 discipulus,
1008 829 1111 883 tria
1143 828 1192 882 ei
1228 828 1523 897 spectanda
1558 827 1749 891 docet,
1777 826 1870 895 qui
1905 826 1972 888 ad
1999 823 2078 879 fe-

506 916 767 971 licitatem
797 919 1003 987 aspirat
1033 936 1046 972 :
1092 920 1328 987 primum
1352 958 1366 983 ,
1417 916 1727 987 cujusmodi
1761 931 1943 971 rerum
1975 930 2075 969 na-

504 1018 629 1063 tura
661 1011 733 1064 sit
761 1030 773 1064 :
807 1011 1022 1076 deinde,
1051 1026 1211 1080 quem
1248 1011 1303 1064 in
1334 1011 1403 1066 iis
1431 1011 1652 1064 modum
1673 1017 1854 1063 tenere
1882 1008 2078 1063 debea-

506 1115 631 1155 mus
664 1119 678 1154 :
708 1110 1007 1169 postremo,
1040 1102 1170 1172 quid
1224 1102 1294 1156 iis
1346 1111 1671 1156 eventurum
1707 1100 1798 1164 sit,
1831 1100 1925 1169 qui
1974 1099 2078 1153 hoc

509 1191 757 1247 fecerint.
818 1191 924 1247 Res
945 1209 1076 1263 ergo
1121 1193 1267 1262 quod
1315 1193 1552 1256 attinet,
1608 1193 1949 1262 promiscuas
1976 1190 2078 1259 ipsi

505 1282 752 1337 omnium
786 1283 1066 1339 habendas
1098 1299 1221 1340 esse
1250 1285 1431 1351 tradit,
1457 1300 1522 1339 ac
1562 1293 1820 1339 nutantes
1855 1284 2080 1338 dubias-

504 1387 614 1442 que
646 1374 887 1427 rationes
924 1392 937 1426 :
975 1374 1201 1443 proinde
1234 1390 1336 1428 nec
1365 1375 1418 1427 in
1446 1375 1719 1439 sensibus,
1756 1389 1856 1429 nec
1878 1374 1933 1427 in
1967 1373 2083 1443 opi-

507 1464 766 1518 nionibus
792 1480 981 1519 verum
1023 1474 1117 1519 aut
1151 1465 1349 1519 falsum
1382 1466 1563 1520 inesse
1603 1481 1762 1534 posse
1794 1483 1808 1519 :
1846 1481 1915 1521 ex
1967 1480 2079 1534 quo

506 1555 728 1610 demum
765 1556 817 1611 id
843 1566 1126 1625 sequatur,
1160 1556 1319 1611 fidem
1347 1557 1416 1611 iis
1453 1556 1642 1611 haberi
1679 1557 1885 1610 nullam
1915 1570 2080 1625 opor-

505 1656 644 1712 tere,
677 1649 1060 1717 agendumque
1087 1648 1247 1703 nobis
1282 1657 1592 1719 propterea,
1631 1648 1766 1701 nihil
1799 1656 1851 1700 ut
1885 1648 2079 1716 opine-

505 1752 655 1804 mur,
706 1739 912 1793 nullam
974 1738 1299 1794 inclinemus
1353 1740 1406 1792 in
1463 1748 1692 1808 partem,
1766 1736 2081 1792 inconcussi

507 1826 743 1896 denique
783 1843 996 1896 semper
1023 1828 1345 1898 immotique
1374 1843 1693 1882 maneamus
1732 1846 1745 1881 :
1776 1836 1940 1896 atque
1981 1828 2076 1892 ita,

2173 646 2350 716 τέλης.
2387 647 2604 716 Ἴσχυσε
2646 648 2828 717 μέντοι
2870 648 3096 701 τοιαῦτα
3126 647 3304 716 λέγων
3334 647 3428 701 καὶ
3455 645 3687 720 Πύρῤων
3723 650 3752 702 δ

2186 737 2413 801 Ἠλεῖος·
2439 737 2555 791 ἀλλ’
2583 738 2745 802 αὐτὸς
2768 739 2865 808 μὲν
2890 739 3042 792 οὐδὲν
3060 739 3121 793 ἐν
3137 741 3323 811 γραφῇ
3346 739 3748 794 καταλέλοιπεν.

2183 829 2243 881 '0
2263 827 2318 881 δέ
2334 844 2398 891 γε
2427 828 2674 900 μαθητὴς
2694 830 2858 883 αὑτοῦ
2878 831 3065 901 Τίμων
3086 831 3239 901 φησι,
3257 831 3366 883 δεῖν
3380 830 3472 883 τὸν
3493 829 3752 901 μέλλοντα

2173 920 2586 991 εὐδαιμονήσειν
2616 925 2697 985 εις
2730 923 2854 993 τρία
2896 922 3067 975 ταῦτα
3108 922 3344 993 βλέπειν*
3379 923 3592 995 πρῶτον
3631 922 3749 993 μὲν,

2173 1013 2334 1065 ὁποῖα
2351 1010 2561 1081 πέφυκε
2581 1010 2648 1064 τὰ
2670 1013 2988 1082 πράγματα·
3007 1011 3255 1085 δεύτερον
3272 1012 3350 1076 δὲ,
3373 1012 3494 1066 τίνα
3512 1013 3616 1084 χρὴ
3637 1012 3745 1085 τρό-

2175 1119 2274 1155 πον
2293 1103 2439 1172 ἠμᾶς
2466 1102 2602 1173 πρὸς
2623 1102 2762 1157 αύτά
2778 1102 3095 1156 διακεῖσθαι·
3128 1103 3435 1157 τελευταῖον
3466 1103 3544 1164 δὲ.
3574 1104 3628 1156 τί
3655 1120 3749 1156 πε-

2180 1193 2388 1265 ριέσται
2410 1197 2522 1257 τοῖς
2541 1192 2713 1258 οὕτως
2733 1193 3021 1262 έχουσι.Τά
3041 1193 3137 1264 μὲν
3151 1188 3243 1247 οὖν
3261 1193 3563 1265 πράγματά
3585 1208 3749 1263 φησιν

2176 1284 2341 1336 αὑτὸν
2371 1283 2692 1352 ἀποφαίνειν
2723 1283 2917 1353 ἐπίσης
2953 1283 3238 1356 ἀδιάφορα,
3276 1284 3370 1338 καλ⁵
3406 1283 3748 1354 ἀστάθμητα,

2176 1376 2268 1428 καί
2291 1376 2602 1446 ἀνέγκριτασ
2624 1375 2712 1431 διὰ
2733 1374 2889 1428 τοῦτο
2911 1376 3045 1446 μήτε
3058 1374 3155 1438 τάς
3172 1374 3450 1445 αἰσθήσεις
3469 1374 3624 1445 ἡμῶν
3648 1375 3752 1445 μή·

2175 1482 2234 1518 τε
2250 1466 2346 1529 τάς
2363 1467 2518 1531 δόξας
2536 1466 2867 1537 ἀληθεύεινῆ
2884 1465 3194 1535 ψεύδεσθαι.
3210 1465 3307 1518 Διά
3325 1464 3483 1519 τοῦτο
3502 1459 3593 1518 οὖν
3619 1465 3752 1535 μηδὲ

2177 1557 2451 1610 πιστεύειν
2483 1558 2672 1621 αὐταῖς
2702 1557 2832 1621 δεῖν,
2862 1556 2978 1610 ἀλλ’
3004 1556 3345 1622 άδοξάστους,
3373 1557 3467 1610 καὶ
3491 1555 3750 1619 ἀκλινεῖς,

2177 1650 2271 1702 καὶ
2303 1648 2670 1719 ἀκραδάντους
2701 1644 2858 1704 εἶναι.
2886 1650 3016 1719 περὶ
3059 1649 3176 1712 eve;
3210 1648 3439 1702 ἑκάστου
3473 1646 3751 1716 λέγοντας,

2176 1738 2338 1793 ὅτιού
2369 1739 2565 1809 μᾶλλόν
2600 1741 2768 1803 ἐστιν,
2797 1738 2830 1810 ἦ
2860 1740 2961 1792 οὐκ
2988 1738 3155 1803 ἐστιν,
3185 1739 3218 1810 ἦ
3253 1741 3345 1793 καὶ
3368 1739 3504 1803 ἔστι,
3530 1740 3624 1793 καὶ
3652 1741 3752 1793 οὐκ

2180 1830 2345 1895 ἐστιν,
2380 1830 2490 1883 οὔτ’
2516 1831 2616 1883 οὐκ
2647 1830 2812 1884 ἔστιν.
2845 1831 2972 1894 Τοῖς
3006 1831 3187 1900 μέντοι
3214 1830 3578 1903 διακειμένοις
3609 1830 3752 1885 οὕτω

507 1919 776 1989 quidquid
820 1921 1162 1989 propositum
1204 1921 1365 1975 nobis
1415 1919 1602 1985 fuerit,
1648 1919 1699 1973 id
1736 1935 1844 1973 non
1896 1919 2079 1988 potius

2188 1920 2533 1993 περιέσεσθαι
2560 1920 2745 1991 Τίμων
2767 1920 3131 1992 φησιπρῶτον
3163 1921 3260 1990 μὲν
3285 1922 3541 1990 ἀφασίαν,
3565 1921 3754 1975 ἔπειτα

506 2025 651 2075 esse,
688 2026 850 2079 quam
881 2026 988 2065 non
1021 2026 1163 2075 esse,
1204 2020 1300 2066 aut
1323 2027 1444 2067 esse
1471 2012 1613 2066 idem
1640 2024 1694 2067 et
1714 2027 1827 2066 non
1858 2026 1979 2066 esse
2001 2010 2081 2064 di-

508 2115 722 2162 camus,
769 2100 881 2155 imo
932 2117 1001 2155 ne
1057 2117 1167 2155 non
1217 2116 1343 2156 esse
1388 2101 1628 2171 quidem.
1689 2102 1954 2156 Caeterum
1986 2099 2077 2169 qui

508 2190 657 2245 hunc
693 2192 746 2244 in
772 2191 992 2246 modum
1020 2192 1320 2261 comparati
1350 2191 1572 2258 fuerint,
1613 2194 1662 2247 id
1686 2200 2079 2257 consecuturos

507 2282 634 2338 illos
660 2298 783 2338 esse
832 2283 1167 2347 confirmat;
1186 2286 1423 2353 primum
1478 2296 1536 2339 ut
1578 2296 1891 2340 asseverent
1925 2285 2079 2351 nihil,

508 2374 706 2429 deinde
737 2375 885 2429 nulla
910 2384 971 2429 ut
1016 2391 1255 2444 unquam
1290 2378 1702 2447 perturbatione
1736 2388 2077 2441 moveantur,

508 2466 600 2522 cui
619 2469 835 2536 utrique
861 2471 1194 2537 voluptatem
1225 2466 1889 2539 [Enesidemusadjungih
1921 2467 2083 2538 759

508 2558 680 2613 Haece
699 2557 931 2612 Timone
964 2563 1302 2613 summatim.
1333 2557 1633 2615 Videamus
1661 2576 1729 2614 an
1756 2568 1899 2615 recte
1914 2559 2077 2614 dicta.

508 2652 647 2706 Cum
684 2651 849 2720 igitur
886 2650 975 2705 isti
1002 2651 1344 2720 promiscuas
1363 2644 1822 2706 rerumomnium
1843 2650 2081 2705 rationes

507 2758 631 2799 esse
676 2744 868 2808 velint,
906 2743 1246 2813 proindeque
1299 2752 1395 2797 aut
1450 2743 1544 2797 ulli
1604 2742 1954 2807 inurendum,
1989 2749 2084 2795 aut

508 2836 849 2912 opinandum
904 2834 1206 2904 quidquam
1242 2850 1365 2889 esse
1413 2843 1610 2903 negent
1647 2851 1660 2886 :
1696 2847 1761 2886 ex
1792 2831 1861 2886 iis
1894 2831 2083 2900 utique

508 2928 709 2984 merito
742 2935 951 2997 qnazrat
979 2924 1201 2996 aliquis,
1225 2934 1480 2979 errentne
1511 2922 1602 2992 qui
1629 2921 1960 2977 discriminis
1983 2920 2082 2974 ali-

508 3021 641 3092 quid
668 3021 809 3075 inter
838 3034 932 3075 eas
965 3018 1324 3080 constituant,
1352 3031 1421 3070 an
1452 3014 1598 3070 non?
1621 3012 1678 3067 Si
1707 3013 1854 3068 enim
1875 3018 2080 3076 errant,

509 3114 701 3182 utique
728 3127 835 3166 non
856 3119 1001 3165 recte
1035 3111 1296 3165 sentiunt.
1323 3108 1400 3161 Ita
1435 3104 1732 3160 nonnullos
1752 3118 1873 3158 esse
1899 3101 2085 3156 dicant

511 3205 616 3276 ipsi
647 3217 870 3272 quoque
897 3214 1121 3255 necesse
1148 3207 1251 3264 est,
1288 3198 1380 3267 qui
1410 3196 1550 3251 falso
1578 3197 1643 3249 de
1680 3194 1841 3249 rebus
1858 3192 2083 3262 opinen-

514 3302 623 3359 tur,
659 3308 718 3347 se
746 3306 911 3361 porro
940 3304 1082 3344 unos
1105 3303 1246 3354 esse,
1270 3285 1364 3356 qui
1400 3300 1525 3339 vere
1576 3284 1930 3353 pronuntient
1962 3299 1976 3336 :
2015 3296 2081 3336 ex
2111 3257 2154 3315 θ’

513 3399 624 3454 quo
658 3381 904 3452 profecto
948 3380 1199 3450 sequitur
1228 3377 1342 3431 veri
1385 3374 1592 3445 aliquid
1642 3373 1877 3443 falsique
1927 3385 2084 3442 repe-

519 3475 643 3528 riri.
676 3472 833 3539 Quod
886 3471 933 3526 si
967 3486 1077 3523 non
1118 3482 1399 3528 erramus,
1437 3472 1708 3534 quotquot
1745 3478 1835 3525 res
1865 3461 1934 3517 ab
1966 3460 2087 3515 aliis

515 3566 653 3621 alias
686 3565 847 3634 vulgo
884 3561 1293 3631 distinguimus,
1329 3571 1577 3626 quaenam
1611 3556 1730 3610 illos
1753 3551 2088 3623 intemperiae

517 3665 722 3723 tenent,
768 3654 860 3725 qui
903 3669 1005 3708 nos
1049 3663 1162 3706 tam
1219 3650 1561 3704 vehementer
1612 3646 1919 3707 incessunt.
1961 3658 2085 3697 cum

515 3748 734 3803 eosdem
769 3762 953 3801 errare
981 3758 1203 3799 necesse
1236 3743 1325 3807 sit,
1368 3741 1495 3795 dum
1534 3739 1743 3793 nullum
1774 3738 1844 3792 ah
1879 3736 1947 3791 iis
1977 3750 2085 3790 non

515 3841 809 3897 discrimen
861 3837 1200 3895 excludunt?
1238 3834 1436 3889 Verum
1472 3843 1612 3899 esto,
1664 3832 1857 3887 demus
1904 3839 2087 3885 tamen

516 3933 624 3988 illis
656 3932 805 3986 nulla
834 3946 923 3986 res
957 3945 1187 3999 prorsus
1238 3942 1430 3983 omnes
1472 3924 1788 3980 diversitate
1825 3921 2036 3977 secerni
2072 3936 2085 3973 :

515 4024 586 4079 ab
620 4024 907 4079 hominum
933 4021 1097 4092 vulgo
1130 4020 1266 4074 nihil
1286 4034 1414 4089 ergo
1442 4016 1703 4072 diﬂ‘erunt
1726 4016 1832 4085 ipsi
1851 4026 2086 4083 quoque.

520 4115 853 4187 Sapientiam
905 4115 1071 4185 igitur
1107 4113 1194 4168 isti
1228 4128 1393 4182 quam
1442 4111 1601 4166 nobis
1637 4109 1855 4163 tandem
1906 4114 2092 4160 osten-

519 4210 694 4263 dunt?
719 4216 814 4261 aut
845 4222 943 4262 cur
990 4220 1181 4260 omnes
1215 4202 1464 4258 Timonis
1501 4217 1599 4258 ore
1645 4197 2087 4270 proscinduntur,

524 4298 736 4370 Pyrrho
765 4297 1075 4352 celebratur
1106 4312 1246 4349 unus
1264 4294 1286 4347 ?
1303 4293 1592 4359 Praeterea,
1615 4292 1660 4345 si
1686 4289 1823 4344 nihil
1848 4288 1903 4341 in
1929 4286 2091 4340 rebus

519 4390 855 4446 discriminis
888 4395 989 4449 est,
1022 4402 1090 4441 ne
1126 4385 1345 4441 differre
1379 4385 1600 4455 quidem
1635 4391 1728 4436 aut
1768 4394 1877 4435 non
1904 4375 2085 4432 differ-

522 4498 604 4548 re,
637 4480 845 4549 opinari
873 4488 969 4533 aut
1019 4494 1125 4533 non
1163 4477 1378 4547 opinari
1419 4470 1759 4529 discriminis
1789 4468 2091 4539 quidquam

2183 2012 2227 2066 δ’
2261 2013 2577 2083 ἀταραξίαν,
2613 2017 2973 2087 Αἰνησίδημος
2999 2016 3054 2069 δὲ
3076 2017 3287 2088 ἡδονήν.
3317 2013 3400 2067 Τὰ
3433 2015 3530 2084 μὲν
3551 2010 3642 2068 οὖν
3670 2029 3753 2065 κε-

2184 2104 2388 2173 φάλαια
2419 2104 2528 2157 τῶν
2565 2106 2871 2176 λεγομένων
2895 2107 3012 2162 ἐστὶ
3042 2106 3233 2160 ταῦτα.
3264 2104 3598 2174 Σκεψώμεθα
3634 2104 3678 2157 δ’
3703 2105 3753 2156 εί

2183 2196 2359 2267 ὀρθῶς
2391 2196 2653 2265 λέγουσιν.
2694 2198 2845 2251 Ἐπεὶ
2875 2198 3051 2251 τοίνυν
3072 2197 3264 2267 ἐπίσης
3286 2196 3552 2268 ἀδιάφορα
3580 2194 3754 2249 πάντα
3782 2228 3786 2232 -

2187 2287 2347 2354 φασὶν
2369 2283 2530 2350 εἶναι,
2557 2289 2652 2341 καὶ
2682 2288 2769 2341 διὰ
2794 2290 2951 2343 τοῦτο
2988 2289 3264 2343 κελεύουσι
3317 2287 3506 2358 μηδενὶ
3531 2284 3753 2358 προστί-

2187 2377 2393 2444 θεσθαι,
2426 2380 2558 2451 μηδὲ
2589 2379 2850 2445 δοξάζειν,
2879 2382 3101 2446 εἰκότως
3124 2381 3210 2445 ἂν,
3233 2376 3404 2450 οἶμαι,
3433 2377 3652 2432 πύθοιτό
3671 2392 3755 2441 τις

2188 2471 2368 2525 αὐτῶν
2391 2490 2404 2503 ·
2440 2468 2587 2542 τΑρά
2622 2491 2685 2543 γε
2725 2473 3180 2545 διαμαρτάνουσιν
3225 2475 3274 2526 οἱ
3311 2471 3587 2541 διαφέρειν
3619 2468 3755 2524 αὐτὰ

2187 2562 2518 2633 νομίζοντες,
2548 2564 2579 2635 ἢ
2612 2564 2673 2618 οὗ
2698 2582 2713 2631 ;
2742 2566 2963 2628 Πάντως
2983 2563 3110 2635 γὰρ,
3134 2565 3183 2617 εί
3217 2564 3314 2635 μὲν
3333 2563 3752 2633 ἁμαρτάνουσιν,

2187 2652 2285 2704 οὐκ
2320 2651 2497 2721 ὀρθῶς
2532 2652 2962 2724 ὑπολαμϐάνοιεν
2996 2651 3082 2706 άν.
3126 2652 3289 2704 Ὥστε
3335 2650 3548 2719 ἀνάγκη
3577 2649 3754 2717 λέγειν

2186 2744 2368 2807 αὐτοῖς
2396 2740 2535 2799 εἷναί
2561 2762 2711 2808 τινας
2731 2746 2856 2808 τοὺς
2890 2743 2961 2797 τά
2984 2742 3153 2814 ψευδῆ
3182 2741 3443 2813 περὶτῶν
3471 2740 3638 2793 ὄντων
3671 2738 3755 2791 δο-

2187 2833 2475 2901 ξάζονταςο
2523 2836 2674 2889 αὐτοὶ
2717 2836 2895 2889 τοίνυν
2931 2833 3039 2888 εἷεν
3064 2835 3132 2889 ἂν
3161 2837 3210 2888 οἱ
3234 2831 3443 2902 τάληθῆ
3470 2831 3749 2899 λέγοντες·

2187 2926 2329 2980 οὕτω
2352 2925 2409 2978 δὲ
2433 2924 2518 2996 εἴη
2550 2924 2615 2979 ἂν
2640 2926 2835 2998 ἀληθές
2860 2946 2912 2981 τι
2945 2928 3039 2981 και
3065 2926 3277 2997 ψεῦδος.
3305 2925 3365 2979 Εἰ
3401 2925 3444 2977 δ’
3472 2924 3571 2994 οὐχ
3584 2924 3756 2994 άμαρ-

2187 3020 2420 3089 τάνομεν
2455 3018 2504 3070 οί
2565 3019 2769 3082 πολλοὶ,
2806 3021 2875 3075 τὰ
2907 3020 3034 3073 ὄντα
3067 3018 3342 3090 διαφέρειν
3394 3017 3651 3087 οἰόμενοι,
3700 3012 3755 3066 τί

2190 3110 2448 3173 παθόντες
2483 3110 2900 3182 ὲπιπλήττουσιν
2954 3112 3085 3182 ἡμῖν
3113 3128 3127 3176 ;
3163 3111 3317 3164 αὐτοὶ
3346 3109 3456 3181 γὰρ
3491 3105 3757 3179 ἁμαρτά-

2193 3221 2333 3257 νοιεν
2368 3203 2454 3270 ἂν,
2487 3201 2764 3269 ἀξιοῦντες
2794 3204 2868 3275 μὴ
2914 3202 3189 3275 διαφέρειν
3221 3201 3379 3256 αὐτά.
3431 3200 3541 3254 Καὶ
3578 3199 3681 3270 μὴν
3707 3199 3756 3251 εί

2188 3295 2283 3349 καὶ
2340 3295 2555 3367 δῲημεν
2601 3296 2783 3359 αὐτοῖς
2832 3294 3029 3365 έπίσης
3057 3294 3323 3365 ἀδιάφορα
3377 3291 3554 3345 πάντα
3592 3286 3751 3354 εἶναι,

2186 3386 2362 3457 δῆλον,
2410 3387 2486 3451 ὡς
2516 3388 2614 3440 οὐκ
2645 3385 2711 3440 ἂν
2733 3384 3036 3456 διαφέροιεν
3072 3384 3180 3438 οὐδ’
3212 3383 3365 3437 αὐτοὶ
3385 3381 3493 3434 τῶν
3520 3378 3748 3434 πολλῶν.

2188 3478 2285 3541 Τίς
2316 3473 2409 3531 οὖν
2440 3478 2524 3549 εἴη
2548 3477 2613 3531 ἂν
2642 3476 2822 3530 αὐτῶν
2850 3476 2883 3545 ἡ
2914 3475 3109 3543 σοφία;
3137 3473 3232 3526 καὶ
3255 3472 3342 3525 διὰ
3369 3470 3421 3524 τί
3441 3471 3625 3540 Τίμων
3644 3471 3754 3530 τοῖς

2190 3571 2287 3640 μὲν
2317 3569 2496 3632 ἄλλοις
2527 3569 2843 3638 λοιδορεῖται
2872 3567 3004 3619 πᾶσι
3025 3603 3041 3627 ,
3074 3564 3344 3635 Πύρρωνα
3383 3562 3428 3613 δ’
3465 3560 3624 3629 ὑμνεῖ
3669 3558 3757 3628 μό-

2187 3677 2310 3726 νον;
2346 3662 2466 3713 Ἔτι
2499 3676 2563 3729 γε
2604 3661 2732 3730 μὴν,
2772 3661 2820 3711 εί
2853 3657 3048 3725 ἐπίσης
3085 3657 3234 3708 ἐστιν
3264 3653 3531 3722 ἀδιάφορα
3560 3650 3754 3710 πάντα,

2186 3752 2281 3804 καὶ
2307 3751 2393 3804 διὰ
2423 3751 2577 3804 τοῦτο
2605 3750 2710 3820 χρὴ
2740 3748 2903 3819 μηδὲν
2927 3746 3188 3813 δοξάζειν,
3220 3746 3320 3798 οὐκ
3345 3743 3412 3797 ἂν
3443 3741 3561 3794 οὐδὲ
3585 3738 3757 3793 ταῦτα

2186 3842 2430 3913 διαφέροι
2453 3858 2467 3871 ·
2493 3840 2635 3909 λέγω
2665 3840 2724 3893 δὲ
2755 3839 2815 3893 τὸ
2838 3837 3135 3909 διαφέρειν,
3164 3835 3198 3907 ἢ
3230 3835 3303 3906 μὴ
3324 3832 3621 3903 διαφέρειν,
3664 3830 3757 3883 καὶ

2188 3933 2248 3986 τδ
2294 3932 2556 3995 δοξάζειν,
2588 3930 2622 4001 ἢ
2676 3929 2750 4003 μὴ
2777 3929 3039 3995 δοξάζειν.
3096 3926 3163 3980 Τί
3193 3925 3300 3995 γάρ
3356 3921 3551 3994 μᾶλλον
3587 3918 3758 3973 ταῦτά

2188 4026 2355 4088 ἐστιν,
2377 4024 2410 4093 ἢ
2436 4024 2535 4076 οὐκ
2560 4020 2704 4075 ἐστιν
2730 4038 2744 4085 ;
2772 4022 2830 4091 ἢ,
2857 4019 2933 4083 ὦς
2965 4035 3099 4089 φησι
3120 4018 3327 4087 Τίμων,
3352 4015 3435 4069 διὰ
3468 4013 3518 4067 τί
3540 4012 3646 4069 ναὶ.
3667 4012 3760 4065 καὶ

2187 4116 2275 4170 διὰ
2298 4115 2351 4168 τί
2383 4113 2477 4179 ob;
2511 4113 2604 4168 καὶ
2632 4112 2765 4166 αὐτὸ
2797 4112 2857 4167 τὸ
2876 4112 2963 4166 διὰ
2986 4111 3073 4178 τίς
3110 4108 3340 4181 φανερὸν
3367 4100 3483 4170 οὖν,
3516 4105 3591 4168 ὡς
3610 4105 3761 4158 ἀναι-

2192 4211 2365 4278 ρεῖται
2391 4207 2453 4261 τὸ
2501 4204 2703 4278 ζητεῖν.
2743 4207 2904 4259 Ὥστε
2954 4201 3350 4257 παυσάσθωσαν
3399 4195 3757 4269 ἐνοχλοῦντες.

2203 4298 2356 4352 Ἐπεὶ
2393 4298 2487 4352 νῦν
2517 4315 2581 4367 γε
2609 4298 2902 4369 μεμήνασι,
2930 4295 3118 4366 πόρρω
3138 4292 3330 4363 τέχνης
3358 4291 3474 4359 ἆμα
3503 4287 3601 4359 μὲν
3631 4289 3761 4358 ἡμῖν

2191 4388 2623 4456 διακελευόμενοι
2655 4388 2728 4458 μὴ
2753 4386 3015 4450 δοξάζειν,
3053 4383 3168 4454 ἅμα
3194 4382 3252 4435 δὲ
3277 4379 3588 4440 κελεύοντες
3631 4375 3761 4429 αὐτὸ

2192 4477 2348 4531 τοῦτο
2376 4479 2547 4530 ποιεῖν
2566 4492 2579 4507 ·
2616 4476 2710 4528 καὶ
2733 4475 3000 4543 λέγοντες,
3032 4472 3109 4540 ὼς
3133 4471 3259 4542 περὶ
3293 4468 3502 4532 οὐδενὸς
3527 4463 3760 4534 ἀποφαί-

521 4574 802 4629 subibunt.
842 4572 953 4625 Cur
986 4570 1132 4624 enim
1162 4570 1273 4624 sint
1300 4569 1483 4639 potius
1519 4566 1624 4620 ista
1653 4576 1893 4632 quoque,
1925 4573 2086 4629 quam

2194 4570 2381 4625 νεσθαι
2400 4570 2528 4631 δέοι,
2560 4568 2795 4622 κᾶπειτα
2819 4563 3259 4636 ἀποφαινόμενοι.
3282 4560 3393 4614 Καὶ
3421 4554 3629 4624 ἀξιοῦσι
3664 4555 3762 4626 μὲν

516 4683 629 4723 non
664 4665 810 4721 sint?
840 4666 954 4731 vel,
981 4673 1037 4718 ut
1067 4662 1261 4718 Timon
1315 4661 1432 4731 ipse
1463 4657 1614 4730 loqui
1666 4655 1825 4717 solet,
1856 4668 1955 4708 cur
1984 4651 2093 4705 ita?

519 4777 619 4816 cur
666 4759 975 4822 non‘Hmo,
1023 4769 1287 4826 quorsum
1328 4752 1543 4807 tandem
1593 4749 1676 4805 vel
1720 4748 1897 4818 ipsum
1958 4744 2095 4798 cur?

519 4867 739 4908 omnem
785 4852 930 4907 enim
964 4848 1325 4920 quaestionem
1358 4842 1605 4899 funditus
1643 4840 1870 4912 proinde
1900 4839 2095 4891 tollen-

520 4945 645 4998 dam
675 4957 797 4997 esse
821 4949 1057 4996 constat.
1088 4936 1351 4992 Desinant
1381 4934 1547 5003 igitur
1592 4932 1899 4986 molestiam
1936 4927 2094 4982 nobis

521 5039 662 5090 ultra
692 5033 982 5089 facessere.
1033 5029 1167 5085 Nam
1215 5027 1499 5083 insaniunt
1552 5026 1628 5079 illi
1667 5022 1934 5095 proiecto,
1962 5021 2094 5074 dum

522 5142 635 5182 suae
667 5127 911 5197 ipsorum
944 5123 1079 5177 artis
1108 5120 1283 5185 obliti,
1319 5134 1418 5173 nos
1442 5117 1654 5186 opinari
1681 5114 1982 5184 quidquam
2005 5111 2096 5180 ju-

521 5217 646 5272 bent
677 5215 839 5270 simul
866 5224 1028 5283 atque
1058 5217 1262 5275 velant,
1306 5209 1578 5277 iidemque
1609 5205 1966 5276 pronuntiant
1995 5203 2098 5256 ali-

521 5308 651 5377 quid
688 5307 754 5361 de
784 5306 971 5367 rebus,
996 5302 1089 5372 qui
1116 5310 1293 5355 tamen
1326 5300 1463 5353 nihil
1483 5295 1950 5367 pronuntiandum
1975 5306 2098 5346 esse

524 5407 794 5454 statuunt.
819 5396 1022 5451 Nolunt
1047 5388 1398 5448 te'nimirum
1429 5392 1632 5446 sentire
1663 5404 1783 5444 cum
1831 5387 1964 5450 ullo,
1991 5383 2096 5438 sibi

527 5501 710 5547 tamen
763 5505 953 5544 omnes
1007 5488 1164 5543 fidem
1212 5486 1412 5541 habere
1465 5484 1704 5539 volunt:
1748 5480 1992 5546 dumque
2040 5489 2099 5528 se

527 5583 660 5638 nihil
697 5582 838 5637 scire
867 5580 1211 5650 proﬁtentur,
1248 5591 1441 5632 omnes
1470 5584 1675 5635 tamen,
1711 5568 1868 5640 quasi
1896 5581 1984 5621 res
2010 5579 2101 5633 ap-

528 5672 702 5742 prime
746 5672 964 5736 norint,
1029 5670 1234 5739 passim
1285 5666 1711 5736 reprehendunt.
1772 5661 1841 5714 At
1890 5659 2097 5714 incerta

527 5762 714 5820 niiinia
741 5776 864 5816 esse
891 5762 984 5830 qui
1013 5762 1219 5825 dicant,
1252 5762 1353 5815 hos
1378 5775 1409 5814 e
1446 5758 1661 5813 duobus
1702 5759 1957 5815 alterum,
2003 5758 2099 5803 aut

532 5855 694 5910 silere
754 5865 974 5906 necesse
1026 5861 1141 5916 est,
1200 5860 1293 5905 aut
1344 5849 1548 5918 aliquid
1602 5850 1974 5918 pronuntiare.
2038 5850 2096 5905 Si

2200 4662 2388 4733 μηδενὶ
2421 4657 2931 4728 συγκατατίθεσθαι,
2982 4654 3262 4708 πείθεσθαι
3289 4652 3334 4705 δ’
3364 4652 3545 4713 αὐτοῖς
3577 4646 3763 4701 κελεύ-

2193 4768 2371 4804 ουσιν·
2402 4745 2522 4802 εἶτα
2554 4749 2805 4816 λέγοντες
2840 4746 3003 4816 μηδὲν
3026 4743 3242 4802 ειδέναι.
3273 4741 3482 4803 πάντας
3516 4737 3763 4806 ἐλέγχου-

2197 4860 2300 4907 σιν,
2327 4842 2401 4905 ὡς
2434 4837 2492 4895 εὖ
2529 4840 2749 4903 εἰδότες.
2799 4838 3036 4907 Ἀνάγκη
3065 4853 3124 4888 τε
3162 4851 3288 4898 τους
3322 4833 3647 4900 φάσκοντας,
3688 4826 3763 4891 ὡς

2195 4934 2362 5006 ἄδηλα
2390 4932 2568 4985 πάντα
2600 4932 2706 5002 εἴη,
2754 4930 2899 4984 δυεῖν
2941 4927 3185 4998 θάτερον,
3227 4925 3259 4997 ἢ
3306 4921 3596 4993 σιωπᾷν,ἣ
3630 4921 3765 4973 ἀπο-

2196 5024 2477 5096 φαίνεσθαί
2513 5042 2568 5078 τι
2592 5024 2684 5078 καὶ
2702 5022 2902 5090 λέγειν.
2933 5022 2996 5074 Εἰ
3029 5020 3127 5090 μὲν
3146 5014 3237 5072 οὖν
3281 5015 3509 5087 ἡσυχίαν
3559 5012 3763 5081 ἄγοιεν,

2195 5120 2373 5190 δῆλον,
2404 5119 2487 5171 ὅτι
2518 5116 2654 5187 πρός
2682 5131 2747 5183 γε
2778 5115 2904 5177 τοὺς
2931 5111 3205 5173 τοιούτους
3246 5109 3420 5171 οὐδεὶς
3449 5107 3515 5159 ἂν
3563 5105 3648 5174 εἴη
3680 5102 3766 5155 λό-

2196 5227 2322 5279 γος·
2358 5212 2406 5263 εἰ
2454 5209 2499 5262 δ’
2533 5205 2935 5275 ἀποφαίνοιντο,
2983 5203 3159 5271 πάντη
3199 5215 3258 5253 τε
3312 5197 3404 5252 καὶ
3465 5194 3680 5258 πάντως
3730 5193 3764 5263 ἦ

2198 5297 2336 5355 εἷναί
2364 5318 2413 5353 τι
2449 5302 2601 5367 φαῖεν
2635 5297 2723 5358 ἂν,
2754 5295 2786 5366 ἢ
2814 5294 2891 5365 μὴ
2923 5289 3090 5355 εἶναι,
3120 5291 3373 5361 καθάπερ
3417 5288 3608 5360 ἀμέλει
3653 5285 3767 5339 νυνί

2198 5405 2382 5458 φασιν,
2406 5387 2481 5449 ὡς
2507 5385 2591 5455 εἴη
2613 5384 2789 5436 πάντα
2813 5381 3064 5450 ἄγνωστα
3089 5380 3182 5432 κοιλ⁸
3203 5376 3429 5449 νομιστά
3451 5376 3608 5439 πᾶσι,
3635 5390 3769 5444 γνω-

2200 5481 2326 5534 στὸν
2346 5479 2391 5532 δ’
2415 5478 2563 5532 οὐδέν
2584 5494 2706 5530 που.
2743 5475 2800 5527 '0
2820 5474 2997 5527 τοίνυν
3024 5471 3239 5542 ἀξιῶνῆ
3261 5487 3314 5523 τι
3341 5467 3492 5540 δηλοῖ
3515 5467 3766 5537 πρᾶγμα,

2200 5571 2292 5626 καὶ
2324 5570 2528 5623 ἔνεστιν
2573 5566 2705 5621 αὐτὸ
2738 5568 2972 5620 συνεῖναι
2994 5564 3283 5634 λεγόμενον
3303 5601 3317 5625 ,
3353 5559 3387 5630 ἢ
3416 5558 3517 5611 οὐκ
3542 5556 3780 5609 ἔνεστιν..

2212 5663 2348 5715 Ἀλλ’
2372 5663 2420 5714 εἰ
2454 5661 2552 5732 μὲν
2577 5660 2637 5713 ού
2669 5659 2837 5726 δηλοῖ,
2862 5654 3114 5721 καθάπαξ
3137 5653 3309 5716 οὐδεὶς
3331 5650 3438 5705 οὐδ’
3460 5648 3604 5702 οὕτω
3634 5644 3770 5716 πρὸς

2203 5755 2296 5809 τὸν
2330 5753 2568 5808 τοιοῦτον
2598 5752 2663 5806 ἂν
2694 5751 2780 5823 εἱή
2809 5751 2997 5817 λόγος·
3045 5747 3093 5799 εἰ
3126 5745 3181 5798 δὲ
3221 5742 3506 5814 σημαίνοι,
3550 5738 3768 5800 πάντως

2203 5848 2233 5914 ἢ
2292 5846 2491 5913 ἄπειρα
2540 5844 2685 5911 λέγοι
2718 5843 2782 5896 ἂν
2813 5882 2825 5906 ,
2874 5835 3351 5909 ἢπεπερασμένα.
3409 5832 3519 5888 Καὶ
3570 5832 3618 5884 εἰ
3670 5829 3769 5899 μὲν
