4144 6412
372 309 508 366 1249

1539 295 1860 352 I‘RAEPAR.
1907 291 2154 348 EVANG.
2194 290 2323 346 LIB.
2367 287 2507 345 XIV.

3479 280 3620 338 1250

368 426 589 496 ἄπειρα,
616 423 723 477 οὐδ’
760 422 897 488 ὅλως
926 423 993 477 ἂν
1024 421 1110 493 εἴη
1138 419 1293 488 λόγος
1318 419 1452 490 πρὸς
1480 419 1671 471 αυτύψ
1710 415 1941 484 ἀπείρου

2059 418 2346 479 ιιιιεεεειη,
2372 408 2516 463 nulla
2550 420 2674 461 cum
2708 405 2774 461 iis
2823 402 3007 457 futura
3045 400 3347 470 disputatio
3374 408 3458 453 est
3488 416 3504 452 :
3533 398 3620 452 sin

370 517 480 589 γὰρ
510 516 710 585 γνῶσις
741 517 841 570 οὐκ
877 515 991 569 ἔστι
1015 532 1029 545 ’
1075 512 1506 585 πεπερασμένων
1533 510 1590 562 δὲ
1632 508 1801 562 όντων
1836 505 1945 558 τῶν

369 608 732 680 δηλουμένων,
761 609 794 678 ἢ
818 608 935 670 ἐνὸς
955 606 1196 668 ὁτουοῦν,
1220 607 1248 658 ὁ
1272 603 1430 656 τοῦτο
1461 601 1659 669 λέγων,
1696 599 1866 670 ὁρίζει
1893 616 1947 651 τι

373 701 467 755 καὶ
495 699 689 771 κρίνει.
722 699 845 762 Πῶς
880 694 974 751 οὖν
1004 698 1257 766 ἄγνωστα
1284 697 1378 749 καὶ
1404 693 1732 764 ἀνεπίκριτα
1770 691 1949 744 πάντα

374 790 460 861 εἴη
491 789 590 855 άν;
646 790 710 842 Εἰ
736 789 793 842 δὲ
821 789 954 860 φαίη
983 788 1154 843 ταῦτα
1200 787 1294 840 καὶ
1339 781 1480 839 εἶναι
1535 786 1631 837 καὶ
1679 783 1753 854 μὴ
1785 778 1944 847 εἶναι,

378 880 591 953 πρῶτον
635 880 735 950 μὲν
785 880 938 934 ἐσται
986 879 1150 933 ταῦτὸ
1183 879 1276 932 καὶ
1325 876 1524 946 ἀληθὲς
1568 877 1662 929 καὶ
1718 873 1947 944 ψεῦδοςσ

375 972 565 1025 ἔπειτα
602 970 658 1024 δέ
680 973 796 1044 ἐρεῖ
826 989 876 1025 τι
914 973 1007 1025 καὶ
1039 972 1138 1024 οὐκ
1178 973 1311 1043 ἐρεῖ,
1340 970 1435 1023 καὶ
1472 968 1533 1021 λό
1545 985 1616 1039 τῳ
1646 966 1945 1038 χρώμενος,

375 1065 663 1136 ἀναιρήσει
704 1064 879 1132 λόγον.
935 1065 1056 1117 Ἔτι
1107 1062 1164 1115 δὲ
1195 1061 1471 1132 ὁμολογῶν
1497 1059 1814 1130 ψεύδεσθαι,
1855 1076 1947 1111 πι·

378 1154 587 1209 στεύειν
617 1155 792 1226 ἐαυτῷ
814 1172 946 1225 φησι
982 1156 1112 1210 δεῖν.
1148 1154 1330 1220 ’Ἄξιον
1363 1154 1419 1206 δέ
1481 1153 1732 1224 ζητῆσαι,
1787 1149 1950 1205 πόθεν

376 1248 470 1303 καὶ
500 1247 780 1319 μαθόντες,
813 1247 982 1319 ἄδηλα
1012 1248 1187 1300 πάντα
1214 1248 1374 1316 φασὶν
1404 1242 1562 1299 εἶναι.
1605 1246 1695 1296 Δεῖ
1727 1244 1835 1314 γάρ
1867 1244 1950 1295 εί·-

376 1339 522 1394 δέναι
551 1340 812 1410 πρότερον
828 1339 1045 1403 αὐτοὺς,
1075 1338 1126 1390 τί
1154 1338 1340 1408 δήποτ’
1367 1336 1483 1390 ἐστὶ⁸
1504 1336 1565 1390 τὸ
1590 1336 1747 1406 δῆλον
1767 1350 1781 1364 ⁸
1808 1334 1951 1388 οὕτω

378 1430 510 1499 γοῦν
543 1430 606 1484 ἂν
628 1430 799 1501 εχοιεν
824 1430 1022 1498 λέγειν,
1052 1429 1123 1493 ὥς
1154 1431 1253 1481 οὐκ
1290 1429 1375 1498 εἴη
1408 1426 1477 1481 τά
1506 1427 1805 1497 πράγματα
1841 1443 1953 1478 τοι-

378 1521 536 1576 αῦτα.
572 1521 793 1593 Πρῶτον
824 1522 933 1594 γάρ
964 1520 1161 1575 ειδέναι
1194 1521 1298 1592 χρὴ
1323 1520 1419 1591 τὴν
1458 1519 1767 1588 κατάφασιν
1794 1557 1805 1579 ,
1835 1512 1953 1570 εἶτα

378 1615 477 1685 τὴν
498 1615 789 1685 ἀπόφασιν.
835 1617 898 1668 El
931 1615 989 1668 δὲ
1016 1614 1299 1683 ἀγνοοῦσιν
1330 1612 1509 1667 ὁποῖόν
1538 1614 1654 1665 ἐστι
1686 1598 1746 1664 τί)
1773 1610 1950 1681 δῆλον.

378 1717 480 1770 οὐκ
509 1717 575 1770 ἂν
622 1716 811 1769 εἰδεῖεν
864 1716 985 1769 οὐδὲ
1017 1718 1071 1768 τί
1121 1715 1183 1768 τὸ
1214 1714 1427 1787 ἄδηλον.
1473 1712 1708 1767 Ὀπόταν
1732 1728 1795 1780 γε
1848 1711 1955 1781 μὴν

381 1806 744 1878 Μνησίδημος
771 1809 828 1860 ἐν
854 1809 918 1878 τῇ
941 1804 1285 1860 ὑποτυπώσει
1305 1806 1429 1868 τοὺς
1455 1802 1611 1856 ἐννέα
1632 1801 1802 1874 διεξίῃ
1830 1800 1954 1871 τρό-
1982 1806 2024 1861 Β

382 1915 517 1962 πους
548 1897 726 1969 (κατά
775 1898 1064 1962 τοσούτους
1117 1897 1227 1970 γὰρ
1284 1895 1606 1965 ἀποφαίνειν
1658 1893 1827 1966 ἄδηλα
1883 1892 1952 1947 τὰ

382 1992 678 2063 πράγματα
712 1990 1065 2063 πεπείραται)
1087 2006 1101 2019 ⁸
1130 1990 1356 2061 πότερον
1380 1986 1539 2042 αὐτὸν
1563 1986 1750 2057 φῶμεν
1776 1984 1954 2039 είδότα

381 2094 559 2164 λέγειν
587 2094 801 2157 αὐτοὺς,
836 2094 873 2165 ἢ
904 2092 1234 2162 ἀγνοοῦντα;
1284 2091 1423 2161 Φησὶ
1456 2091 1583 2162 γὰρ,
1632 2090 1712 2143 ὅτι
1741 2090 1811 2142 τὰ
1838 2086 1954 2152 ζῶα

381 2187 647 2259 διαφέρει,
670 2188 764 2241 καὶ
794 2188 955 2259 ἡμεῖς
981 2186 1156 2249 αὐτοὶ,
1175 2186 1268 2238 καὶ
1301 2186 1357 2238 αί
1380 2183 1582 2247 πόλεις,
1617 2184 1713 2237 καὶ
1750 2184 1799 2236 οἱ
1827 2183 1951 2253 βίοι,

383 2281 478 2334 καὶ
509 2278 579 2333 τὰ
608 2279 725 2350 ἔθη,
760 2280 853 2332 καὶ
883 2278 932 2331 οί
971 2278 1144 2347 νόμοι.
1183 2278 1292 2330 Καὶ
1320 2276 1419 2341 τὰς
1439 2275 1719 2348 αἰσθήσεις
1760 2275 1818 2329 δέ
1854 2293 1956 2347 φη-

384 2387 470 2425 σιν
501 2373 532 2441 ἡ
543 2370 656 2441 μῶν
688 2370 932 2433 ἀσθενεῖς
959 2366 1130 2433 εἶναι,
1171 2368 1266 2422 καὶ
1296 2367 1466 2422 πολλά
1504 2367 1577 2421 τά
1633 2367 1831 2433 ἔξωθεν
1860 2367 1956 2419 λυ-

386 2463 685 2534 μαινόμενα
742 2462 841 2533 τὴν
878 2460 1099 2530 γνῶσιν,
1159 2461 1544 2531 ἀποστήματα,
1604 2459 1697 2512 καὶ
1726 2457 1953 2529 μεγέθη,

384 2553 480 2606 καὶ
508 2556 778 2625 κινήσεις⁸
817 2552 898 2606 ἔτι
930 2553 986 2606 δὲ
1013 2553 1074 2605 τὸ
1110 2553 1185 2622 μὴ
1214 2552 1415 2623 ὁμοίως
1451 2550 1753 2605 διακεῖσθαι
1804 2549 1957 2613 νέους

384 2645 481 2699 καὶ
518 2644 937 2717 πρεσϐυτέρους,
979 2645 1073 2698 καὶ
1103 2644 1470 2716 ἐγρηγορότας
1528 2643 1623 2697 καὶ
1675 2641 1957 2713 κοιμωμέ-

384 2754 529 2801 νους,
589 2737 683 2791 καὶ
744 2738 1081 2807 ὑγιαίνοντας
1139 2737 1233 2791 καὶ
1285 2736 1574 2801 νοσοῦντας
1597 2753 1610 2766 ·
1656 2735 1868 2799 οὐδενός
1900 2752 1958 2788 τε

386 2830 533 2899 ἡμᾶς
559 2828 730 2884 άπλοῦ
762 2829 856 2884 καὶ
883 2828 1214 2901 ἀκραιφνοῦς
1244 2826 1959 2898 ἀντίλαμσάνεσθαι.Πάντα

385 2925 495 2990 γὰρ
525 2915 666 2974 εἶναι
689 2920 1088 2991 συγκεχυμένα,
1114 2920 1208 2973 καί¹
1240 2920 1376 2992 πρός
1389 2936 1441 2971 τι
1469 2918 1757 2989 λεγόμενα.
1776 2916 1960 2970 Ταῦτα

384 3013 464 3075 δὲ,
525 3014 687 3085 φημὶ,
745 3013 947 3067 καὶτὰ
997 3012 1220 3067 τοιαῦτα
1287 3011 1725 3082 κομψολογοῦντα
1776 3010 1956 3074 αὑτὸν,

388 3102 558 3173 ἡδέως
585 3103 650 3157 ἀν
673 3120 757 3166 τις
786 3102 962 3174 εἴρετο
982 3119 995 3133 ⁸
1037 3102 1271 3174 Πότερον
1300 3098 1357 3155 εὖ
1408 3100 1564 3164 εἰδὼς
1608 3100 1756 3169 λέγοι
1783 3138 1798 3165 ,
1825 3099 1957 3152 διότι

387 3194 456 3247 τὰ
493 3194 792 3264 πράγματα
829 3193 1015 3247 τοῦτον
1068 3192 1178 3262 ἔχει
1232 3192 1322 3245 τὸν
1368 3191 1588 3263 τρόπον,
1647 3190 1956 3262 ἢάγνοῶνς

388 3286 454 3338 Ei
485 3286 583 3355 μὲν
608 3285 716 3355 γὰρ
746 3286 850 3338 οὐκ
880 3284 1016 3356 ᾔδει,
1053 3283 1169 3347 πῶς
1201 3282 1266 3336 ἂν
1295 3285 1455 3353 ἡμεῖς
1502 3279 1648 3352 αὐτῷ
1684 3279 1958 3335 πιστεύοι-

392 3394 493 3447 μεν
515 3394 531 3441 ;
554 3379 603 3430 εί
630 3377 674 3430 δ’
707 3377 970 3445 ἐγίνωσκε
998 3376 1099 3445 (1),
1125 3374 1319 3446 κομιδῇ
1357 3391 1441 3437 τις
1475 3368 1546 3445 ἦν
1578 3372 1802 3442 ἠλίθιος,
1843 3372 1963 3442 ἅμα

394 3471 494 3541 μὲν
517 3469 688 3541 ἄδηλα
717 3471 894 3524 πάντα
937 3468 1398 3538 ἀποφαινόμενος,
1440 3466 1556 3538 ἅμα
1612 3466 1668 3519 δὲ
1724 3464 1963 3518 τοσαῦτα

390 3575 562 3643 λέγων
610 3575 824 3629 ειδέναι.
866 3574 977 3628 Καὶ
1032 3573 1137 3645 μὴν
1167 3572 1329 3626 όπότε
1360 3589 1423 3640 γε
1472 3572 1541 3625 τὰ
1580 3570 1804 3624 τοιαῦτα
1856 3570 1964 3622 διε-

393 3667 575 3731 ξίοιεν,
597 3667 747 3720 οὐδὲν
773 3666 885 3720 ἀλλ’
910 3666 943 3737 ἢ
976 3668 1269 3738 ἐπαγωγὴν
1300 3682 1423 3719 τινα
1455 3664 1692 3732 λέγουσι,
1722 3662 1965 3716 δεικνύν-

392 3775 485 3822 τες
515 3760 653 3812 όποῖ*
680 3758 818 3812 ἄττα
844 3759 930 3828 είη
958 3758 1026 3811 τὰ
1061 3759 1358 3829 φαινόμενα
1383 3758 1478 3810 καὶ
1494 3757 1560 3810 τὰ
1590 3754 1710 3809 καθ’
1734 3753 1961 3807 ἰκαστα.

393 3850 469 3902 Τὸ
505 3849 562 3903 δέ
592 3850 800 3903 τοιοῦτο
832 3849 927 3904 καὶ
957 3848 1072 3901 ἔστι
1104 3851 1199 3902 καὶ
1244 3849 1460 3917 λέγεται
1516 3847 1717 3910 πίστις.
1751 3846 1814 3899 Εἰ
1866 3846 1966 3915 μὲν

394 3936 491 3993 οὖν
523 3942 661 4012 αὐτῇ
701 3938 1205 4008 συγκατατίθενται,
1264 3936 1424 4007 δῆλον
1473 3937 1556 3993 ὅτι
1615 3934 1923 4002 δοξάζουσιν
1945 3950 1963 3966 ο

395 4036 444 4086 εί
467 4033 513 4086 δ’
540 4034 603 4086 οὐ
632 4032 1001 4094 πιστεύουσιν,
1038 4030 1147 4083 οὐδ’
1169 4029 1236 4084 ἂν
1274 4031 1434 4101 ἡμεῖς
1460 4030 1821 4101 προσέχοιμεν
1842 4021 1846 4026 ’
1865 4027 1966 4081 αὑ-

395 4129 526 4189 τοῖς.
565 4127 633 4179 Ἦ
658 4142 722 4193 γε
753 4124 859 4195 μὴν
896 4124 1082 4194 Τίμων
1109 4125 1166 4176 ἐν
1198 4121 1276 4193 τῷ
1306 4123 1539 4176 Πύθωνι
1565 4122 1831 4193 διηγεῖται
1864 4138 1971 4191 μα-

397 4218 533 4288 κρόν
557 4233 678 4270 τινα
703 4217 1026 4279 κατατείνας
1049 4215 1225 4283 λόγον,
1262 4214 1338 4278 ὡς
1369 4214 1578 4285 ἐντύχοι
1606 4215 1682 4284 τῷ
1713 4214 1968 4286 Πύρρωνι

400 4319 667 4391 βαδίζοντι
722 4318 966 4382 Πυθοῖδε,
1000 4316 1150 4389 παρὰ
1182 4316 1243 4370 τὸ
1281 4316 1422 4387 ἱερὸν
1449 4316 1544 4369 τοῦ
1602 4316 1965 4387 Ἀμφιαράου,

2045 502 2226 557 dicent
2281 499 2486 569 aliquid
2528 517 2542 553 :
2578 498 2659 552 vel
2708 510 2830 551 esse
2857 493 3140 563 quiddam,
3198 492 3279 547 vel
3333 504 3442 544 non
3495 503 3620 544 esse

2046 594 2272 647 omnino
2310 591 2509 646 dicturi
2563 597 2737 645 sunt:
2788 585 3250 656 quemadmodum
3300 582 3492 650 utique
3520 580 3621 635 cbo

2047 698 2206 739 scura
2228 698 2349 738 esse
2378 681 2592 737 cunctis
2632 680 2888 734 universa
2920 692 3069 732 nunc
3105 676 3317 733 dicunt.
3360 681 3525 741 atque
3562 671 3619 727 in

2047 775 2163 829 sola
2195 773 2456 840 opinione
2499 771 2697 840 posita,
2732 777 2921 824 notum
2974 781 3096 821 esse
3136 766 3292 821 nihil.
3322 763 3494 818 Porro
3522 760 3622 832 qui

2048 863 2217 918 sumit
2245 861 2486 931 aliquid,
2511 869 2607 915 aut
2640 875 2756 914 rem
2790 857 2934 912 illam
2959 857 3041 912 sic
3069 856 3266 925 aperit,
3297 864 3354 910 ut
3391 853 3621 925 intelligi

2047 956 2175 1010 dum
2197 954 2500 1022 explicatur
2524 967 2585 1006 ea
2627 951 2834 1021 possit,
2867 958 2962 1004 aut
3015 949 3303 1003 obscuram
3336 947 3520 1016 potius
3565 955 3622 1003 et

2048 1045 2287 1113 ignotam
2319 1041 2602 1109 relinquit.
2636 1040 2693 1094 Si
2728 1054 2835 1095 nou
2877 1039 3106 1108 aperiet,
3143 1052 3213 1091 ne
3248 1046 3363 1091 tum
3392 1036 3619 1105 quidem

2050 1135 2159 1189 ulla
2199 1148 2322 1187 cum
2350 1148 2416 1187 eo
2445 1132 2630 1186 futura
2653 1132 2952 1201 disputatio
2998 1138 3102 1184 est.
3137 1128 3301 1199 760
3324 1127 3420 1182 Sin
3443 1128 3623 1197 expli-

2049 1224 2196 1279 cabit
2242 1222 2470 1291 aliquid,
2517 1236 2743 1291 prorsus
2790 1230 2885 1275 aut
2927 1219 3138 1273 inﬁnita
3186 1217 3350 1282 dicet,
3382 1225 3478 1272 aut
3506 1217 3623 1273 suis

2049 1313 2379 1384 quibusdam
2410 1313 2612 1367 ﬁnibus
2633 1311 3075 1379 circumscripta.
3108 1308 3266 1374 Quod
3301 1310 3349 1364 si
3386 1308 3622 1370 inﬁnita.

2050 1421 2245 1461 rursus
2294 1419 2513 1458 omnem
2569 1419 2753 1458 secum
2810 1402 3002 1473 agendi
3055 1400 3368 1455 facultatem
3408 1399 3623 1469 eripiet,

2051 1498 2195 1567 quod
2224 1498 2418 1552 inﬁniti
2454 1498 2694 1567 cognitio
2735 1497 2885 1551 nulla
2923 1510 3049 1551 esse
3077 1496 3271 1565 possit.
3299 1495 3369 1549 At
3394 1494 3443 1550 si
3472 1494 3627 1549 ﬁnita

2052 1587 2327 1659 quaedam,
2367 1588 2650 1643 autetiam
2686 1602 2856 1643 unum
2883 1585 3090 1656 aliquid
3119 1586 3359 1655 aperiet;
3391 1586 3483 1654 qui
3518 1584 3623 1640 hoc

2054 1673 2243 1745 faciat,
2271 1676 2495 1733 deﬁniat
2523 1676 2667 1733 idem
2687 1676 2914 1747 aliquid,
2926 1676 3242 1744 judicetque
3269 1688 3496 1730 necesse
3516 1683 3624 1729 est.

2056 1765 2292 1834 Quinam
2334 1768 2499 1838 igitur
2547 1767 2782 1823 obscura
2833 1766 3019 1825 omnia
3070 1774 3126 1821 et
3161 1764 3472 1835 promiscua
3505 1779 3629 1820 esse

2052 1859 2300 1930 possint?
2327 1857 2446 1913 Jam
2482 1873 2634 1925 vero,
2664 1859 2709 1915 si
2738 1859 2926 1913 eadem
2953 1873 3075 1913 esse
3099 1856 3265 1911 simul
3286 1871 3352 1911 ac
3371 1870 3479 1911 non
3507 1869 3629 1911 esse

2052 1949 2197 2005 dicet
2229 1971 2242 2005 :
2264 1951 2499 2019 primum
2516 1950 2745 2019 quidem
2773 1964 2959 2004 verum
2982 1948 3147 2003 simul
3170 1947 3311 2002 idem
3337 1962 3401 2002 ac
3425 1945 3625 2001 falsum

2052 2040 2156 2095 erit
2184 2059 2197 2092 :
2227 2038 2422 2094 deinde
2461 2038 2666 2110 aliquid
2699 2038 2815 2108 ipse
2848 2038 3013 2104 dicet,
3065 2037 3316 2105 dicetque
3346 2036 3503 2099 nihil,
3543 2045 3626 2089 at-

2053 2146 2159 2200 que
2189 2130 2265 2184 ita
2296 2129 2887 2191 orationem.oratione
2914 2128 3043 2182 dum
3069 2133 3273 2194 utetur,
3294 2127 3628 2198 exstinguct,

2054 2219 2347 2285 Praeterea,
2377 2236 2473 2290 qui
2499 2234 2558 2274 se
2597 2217 2795 2274 falsum
2821 2218 3004 2274 dicere
3047 2215 3285 2272 fateatur
3304 2260 3320 2283 ,
3350 2217 3493 2272 idem
3524 2219 3627 2273 sibi

2054 2313 2216 2368 ﬁdem
2266 2311 2457 2366 haberi
2489 2311 2623 2366 vult.
2653 2308 2772 2365 Jam
2822 2324 2973 2374 vero,
3030 2308 3202 2380 quaeri
3237 2310 3399 2364 etiam
3425 2324 3491 2364 ex
3523 2310 3632 2367 illis

2056 2403 2274 2475 poterit,
2307 2403 2450 2457 unde
2486 2402 2703 2459 tandem
2747 2402 2953 2456 incerta
2988 2416 3111 2456 esse
3142 2401 3396 2456 universa
3424 2400 3632 2458 didice-

2055 2494 2206 2549 rint?
2235 2492 2398 2550 Prius
2418 2494 2564 2548 enim
2608 2493 2741 2563 quid
2787 2492 2920 2547 illud
2953 2493 3025 2548 sit
3049 2508 3198 2564 quoa
3229 2502 3441 2548 certum
3471 2510 3633 2549 voca-

2060 2596 2169 2651 tur,
2203 2599 2364 2641 nosse
2392 2584 2625 2651 debent;
2654 2595 2879 2654 tumque
2908 2583 3129 2637 demum
3154 2626 3172 2650 ,
3219 2583 3432 2653 ejusmo
3451 2584 3491 2643 li
3521 2600 3633 2641 non

2057 2693 2180 2733 esse
2205 2677 2387 2733 omnia
2415 2684 2656 2732 statuere
2689 2684 2945 2746 poterunt
2975 2692 2990 2729 :
3020 2675 3398 2730 aﬁirmationis
3429 2676 3637 2746 quippe

2060 2768 2253 2824 notitia
2305 2768 2609 2839 negationis
2651 2767 3021 2837 cognitionem
3080 2768 3370 2822 antecedit.
3426 2766 3530 2835 Qui
3586 2768 3634 2823 si

2060 2860 2239 2915 minus
2269 2858 2401 2930 quid
2433 2866 2642 2914 certum
2677 2858 2748 2911 sit
2790 2857 3063 2922 noverint,
3100 2872 3170 2911 ne
3199 2857 3468 2912 incertum
3518 2858 3636 2929 qui-

2060 2953 2181 3007 dem
2212 2952 2288 3006 illi
2333 2951 2464 3020 quid
2515 2950 2589 3004 sit
2623 2963 2784 3004 nosse
2827 2958 3101 3018 poterunt.
3145 2947 3441 3004 Enimvero
3489 2964 3620 3005 cum

2062 3042 2455 3100 Enesidemus
2484 3042 2537 3095 in
2572 3056 2671 3095 sua
2696 3041 2809 3106 illa,
2843 3056 3006 3110 quam
3037 3038 3369 3097 inl'ormabat
3404 3042 3635 3114 hypoty-

1985 3144 2037 3208 ο
2062 3134 2205 3204 posi,
2224 3147 2420 3186 novem
2447 3131 2672 3187 omnino
2695 3129 2887 3185 modos
2911 3141 3207 3202 exponeret
3231 3131 3473 3202 (totidem
3490 3134 3635 3186 enim

2060 3239 2226 3295 quam
2275 3225 2478 3279 incerta
2528 3223 2638 3278 sint
2681 3223 2866 3287 omnia
2925 3223 3207 3280 declarare
3269 3224 3635 3294 conabatur),

2062 3325 2244 3369 utrum
2266 3315 2489 3370 eosdem
2543 3321 2704 3368 norat
2737 3313 2854 3383 ipse
2884 3313 2978 3382 qui
3027 3314 3253 3380 diceret,
3301 3330 3369 3369 an
3413 3316 3626 3384 ignora-

2060 3407 2192 3462 bat?
2217 3405 2352 3461 Nam
2398 3406 2448 3461 is
2481 3407 2703 3477 quidem
2734 3407 2787 3461 in
2835 3407 3229 3475 animantibus,
3260 3408 3369 3462 imo
3391 3407 3553 3462 etiam
3584 3417 3640 3463 et

2061 3500 2116 3554 in
2146 3500 2303 3555 nobis
2335 3499 2489 3569 ipsis,
2519 3499 2766 3567 urbibus,
2801 3499 3087 3567 institutis,
3120 3500 3369 3554 moribus
3406 3516 3471 3555 ac
3505 3500 3640 3571 legi-

2062 3593 2165 3648 bus
2205 3593 2500 3647 discrimen
2546 3594 2794 3662 agnoscit
2824 3612 2837 3648 :
2875 3593 3019 3648 idem
3051 3609 3180 3650 vero
3205 3606 3258 3649 et
3291 3595 3538 3651 inﬁrmos
3563 3596 3642 3650 ait

2067 3699 2266 3741 sensus
2298 3699 2419 3739 esse
2446 3694 2685 3745 nostros.
2721 3696 2774 3740 et
2804 3685 3038 3751 plurima
3074 3702 3199 3757 qua:
3223 3689 3520 3757 cognitioni
3551 3706 3641 3745 ex-

2063 3777 2336 3832 trinsecus
2356 3776 2595 3832 oﬁiciant
2618 3778 3003 3847 impedimenta
3027 3789 3445 3849 commemorat,
3473 3783 3636 3838 inter-

2071 3874 2235 3936 valla,
2259 3873 2683 3940 magnitudines,
2718 3884 2921 3942 motus,
2951 3875 3213 3943 juvenum
3240 3888 3402 3947 atque
3422 3893 3639 3944 senum,

2065 3966 2403 4035 vigilantium
2436 3974 2491 4019 et
2515 3966 2925 4033 dormientium,
2966 3968 3261 4023 valentium
3292 3981 3346 4024 et
3365 3983 3636 4040 aegrotan-

2064 4056 2198 4112 tium
2224 4056 2520 4111 dissimiles
2558 4057 2805 4125 aliosque
2856 4073 3092 4126 sensus;
3140 4076 3323 4114 rerum
3368 4061 3498 4116 dum
3544 4078 3641 4117 eas

2065 4149 2417 4220 percipimus,
2443 4147 2585 4217 quod
2621 4149 2897 4218 permisla:
2922 4149 3033 4203 sint
3054 4165 3268 4215 omnes,
3304 4159 3359 4204 et
3385 4167 3511 4205 cum
3534 4153 3639 4207 ali-

2066 4257 2177 4312 quo
2206 4256 2417 4311 semper
2445 4239 2509 4293 ad
2557 4239 2702 4294 aliud
2739 4241 2867 4310 quid
2901 4241 3093 4294 ordine
3124 4240 3497 4310 proferantur,
3528 4247 3642 4298 sin-

2068 4347 2253 4389 cerum
2314 4345 2591 4399 nunquam
2643 4330 3057 4400 simplicemque
3096 4330 3327 4387 vultum.
3371 4330 3520 4399 llaec,
3554 4334 3640 4387 in-

399 4430 497 4482 καὶ
523 4427 644 4480 τίνα
672 4425 997 4497 διαλεχθεῖεν
1022 4424 1287 4497 ἀλλήλοις.
1322 4419 1448 4496 Ἆρ’
1483 4424 1583 4476 οὐκ
1620 4422 1857 4491 εὐλόγως
1903 4421 1962 4476 ἄν

2069 4437 2255 4491 quam,
2288 4417 2375 4474 ille
2402 4428 2706 4489 cmteraque
2740 4420 2793 4474 id
2839 4435 3009 4491 genus
3064 4420 3192 4475 dum
3241 4426 3527 4495 magniﬁce
3557 4425 3638 4479 lo-

400 4538 485 4583 τις
510 4518 657 4590 αύτῷ
680 4519 850 4573 ταῦτα
880 4518 1245 4589 συγγράφοντι
1270 4515 1550 4588 παραστὰς
1580 4514 1721 4569 είποι
1741 4555 1756 4580 ,
1786 4515 1872 4579 Τί,
1925 4509 1962 4570 ὦ

2074 4515 2277 4584 quitur,
2312 4520 2518 4582 quaerat
2548 4527 2613 4566 ex
2645 4526 2710 4566 eo
2747 4512 2871 4582 jure
2894 4511 3191 4583 quispiam,
3222 4515 3364 4570 sitne
3408 4517 3523 4572 haec
3549 4518 3643 4573 bo-

402 4609 626 4681 πονηρὲ,
668 4607 901 4679 ἐνοχλεῖς
938 4606 1147 4678 σεαυτῷ
1189 4605 1362 4661 ταῦτα
1407 4606 1736 4678 συγγράφων
1761 4643 1776 4668 ,
1810 4605 1903 4659 καὶ
1936 4604 1972 4658 ἀ

406 4700 483 4772 μὴ
505 4696 661 4753 οἶσθα
686 4698 1073 4770 διηγούμενος;
1099 4696 1166 4749 Τί
1195 4697 1303 4768 γὰρ
1329 4696 1526 4767 μᾶλλον
1542 4695 1791 4764 ἐνέτυχες
1822 4692 1975 4763 αὐτῷ

403 4794 498 4847 καὶ
527 4791 845 4863 διηλέχθης,
880 4790 914 4862 ἢ
965 4791 1025 4843 οὐ
1055 4789 1375 4861 διηλέχθης;
1413 4787 1583 4852 Αὐτός
1614 4805 1674 4842 τε
1710 4789 1912 4849 ἐκεῖνος
1942 4787 1973 4840 ό

403 4884 714 4956 θαυμαστὸς
738 4885 990 4955 Πύρρων,
1041 4878 1153 4953 ἆρά
1181 4899 1244 4951 γε
1282 4881 1399 4952 ⁴ᾔδει
1437 4880 1499 4933 τὸ
1548 4879 1637 4933 διὰ
1663 4880 1716 4932 τί
1769 4878 1974 4950 βαδίζοι

404 4975 585 5031 Πύθια
604 4976 965 5046 θεασόμενος;
1000 4973 1033 5043 ἢ
1061 4972 1311 5042 καθάπερ
1349 4970 1399 5023 οί
1436 4969 1737 5041 μεμηνότες
1761 5008 1775 5030 ,
1810 4967 1976 5021 ἐπλαν-

403 5071 536 5123 νᾶτο
555 5067 698 5123 κατά
718 5068 817 5139 τὴν
837 5067 986 5131 ὁδόν;
1014 5063 1206 5118 Ἠνίκα
1221 5065 1278 5118 δὴ
1299 5063 1500 5135 ἤρξατο
1522 5065 1844 5134 κατηγορεῖν
1867 5060 1977 5114 τῶν

405 5162 708 5235 ἀνθρώπων
733 5162 826 5216 καὶ
846 5161 947 5231 τῆς
972 5159 1193 5229 ἀγνοίας
1215 5157 1412 5221 αὐτῶν,
1450 5153 1559 5229 ἆρά
1580 5172 1642 5225 γε
1670 5155 1856 5226 φῶμεν
1880 5155 1978 5208 αὑ-

404 5256 500 5310 τὸν
524 5254 696 5327 ἀληθῆ
751 5253 951 5320 λέγειν,
1003 5250 1037 5321 ἢ
1074 5250 1147 5321 μή
1172 5265 1186 5315 ;
1216 5243 1364 5320 ’Δρὰ
1423 5264 1479 5315 γε
1511 5247 1605 5299 καὶ
1636 5244 1725 5299 τὸν
1757 5243 1979 5314 Τίμωνα

409 5345 600 5399 παθεῖν
631 5362 706 5408 τι,
755 5345 848 5397 καὶ
897 5337 1333 5409 συγκαταθέσθαι
1387 5340 1500 5400 τοῖς
1555 5336 1753 5405 λόγοις,
1810 5333 1844 5405 ἢ
1902 5332 1976 5403 μὴ

409 5435 729 5509 προσέχεινς
756 5436 819 5488 Et
853 5434 951 5505 μὲν
986 5431 1092 5505 γάρ
1130 5430 1229 5483 οὐκ
1262 5427 1523 5498 ἐπείσθη,
1559 5426 1678 5488 πῶς
1719 5424 1843 5478 ἀντὶ
1896 5440 1980 5494 χο-

414 5534 603 5605 ρευτοῦ
630 5529 917 5601 φιλόσοφος
946 5527 1022 5599 (2)
1057 5526 1291 5594 ἐγένετο,
1331 5523 1423 5579 καὶ
1451 5522 1544 5576 τὸν
1573 5522 1841 5594 Πύρρωνα
1874 5518 1981 5572 διε-

433 5625 452 5648 ,
481 5645 560 5717 (ί)
599 5648 671 5700 El
702 5643 754 5698 δ’
789 5643 1100 5717 ἐγίνωονιε.
1138 5638 1199 5693 Β.
1246 5636 1581 5717 Anugustinus
1626 5635 1719 5717 lib.
1751 5633 1827 5686 De
1847 5631 1980 5717 reli-

412 5704 591 5787 gioné,
622 5704 883 5787 qureren'ti
911 5711 1217 5787 veritatem,
1268 5704 1500 5787 Sailent,
1530 5705 1741 5787 inquit,
1783 5704 1894 5787 scis.
1932 5710 1981 5756 te

412 5777 657 5841 dictitari
678 5800 747 5839 an
768 5784 837 5838 sit
867 5781 1070 5849 aliquid
1100 5782 1206 5836 veri
1226 5820 1241 5848 ,
1265 5789 1316 5835 et
1342 5777 1639 5845 hoc'ipsum
1661 5784 1739 5830 est
1764 5777 1979 5829 veritas.

2073 4608 2238 4663 minis
2267 4607 2445 4663 varias
2478 4607 2601 4661 illas
2648 4622 2831 4662 rerum
2864 4607 3209 4664 conditiones
3256 4609 3423 4680 probe
3461 4613 3644 4667 scien-

2075 4701 2166 4766 tis,
2198 4714 2269 4753 an
2297 4698 2476 4768 potius
2507 4697 2811 4770 ignorantis
2836 4700 3051 4754 oratio?
3088 4699 3145 4755 Si
3178 4702 3321 4756 enim
3346 4702 3468 4757 illas
3490 4702 3643 4775 igno-

2073 4800 2178 4857 rat,
2202 4792 2296 4860 qui
2321 4789 2537 4844 tandem
2562 4792 2662 4860 ipsi
2686 4790 2844 4845 ﬁdem
2861 4791 3185 4847 habebimus
3205 4792 3336 4848 ?Sin
3361 4809 3454 4849 eas
3476 4796 3646 4865 probe

2075 4882 2240 4948 norit,
2269 4896 2352 4935 nec
2388 4880 2618 4935 stolidus
2663 4881 2955 4935 admodum
2993 4891 3096 4947 est,
3123 4883 3218 4952 qui
3244 4898 3366 4938 cum
3411 4884 3644 4939 obscura

2074 4986 2197 5026 esse
2226 4971 2409 5024 omnia
2438 4979 2661 5035 statuat,
2705 4979 2814 5024 tam
2843 4971 3009 5025 multa
3048 4987 3107 5027 se
3140 4983 3318 5029 tamen
3348 4976 3489 5030 scire
3511 4990 3645 5030 con-

2076 5061 2273 5117 ﬁrmet.
2310 5060 2507 5132 Utique
2549 5063 2680 5115 dum
2748 5063 2875 5116 talia
2902 5064 3151 5118 oratione
3185 5076 3527 5135 percensent,
3555 5067 3646 5121 in-

2076 5154 2385 5208 ductionem
2437 5154 2677 5223 aliquam
2737 5153 2898 5209 modo
2956 5162 3185 5222 texunt,
3231 5165 3288 5211 et
3337 5157 3645 5227 cuiusmodi

2076 5260 2309 5315 quaeque
2343 5244 2454 5299 sint
2478 5260 2600 5316 quae
2628 5252 2944 5314 appareant,
2992 5246 3268 5315 sigillatim
3302 5248 3598 5304 ostendunt
3630 5269 3645 5306 :

2078 5335 2227 5404 quod
2266 5334 2487 5402 quidem
2520 5336 2786 5392 orationis
2811 5354 2983 5407 genus
3009 5346 3096 5393 est
3114 5347 3449 5409 vocaturque
3490 5339 3647 5399 ﬁdes.

2079 5413 2233 5480 Hanc
2254 5425 2423 5496 igitur
2449 5425 2526 5479 illi
2553 5427 2599 5480 si
2638 5437 2963 5498 sequuntur,
3001 5430 3221 5484 eosdem
3259 5428 3488 5499 proinde
3520 5432 3648 5501 opi-

2079 5517 2199 5570 nari
2243 5532 2403 5570 nemo
2431 5531 2541 5572 non
2579 5517 2763 5572 videt:
2794 5520 2839 5573 si
2872 5535 3000 5575 vero
3033 5537 3142 5576 non
3171 5522 3419 5587 credunt,
3454 5539 3521 5578 ne
3544 5524 3648 5595 ipsi

2150 5627 2426 5705 (2)___‘Arzi
2460 5630 2745 5705 χορξυτοῦ
2777 5632 3129 5705 φιλόσοφος.
3173 5632 3439 5705 Diogenes
3463 5633 3652 5705 _Laer-

2079 5697 2188 5754 tius
2232 5698 2328 5771 lib.
2362 5697 2790 5771 [texuSimone—
2811 5697 3044 5769 quodam
3078 5697 3396 5771 Apollonide
3418 5745 3431 5767 ,
3461 5703 3652 5758 Timo-

2080 5783 2207 5824 nem
2232 5767 2379 5826 bunc
2400 5767 2668 5840 signiﬁcat
2685 5811 2699 5840 ,
2731 5786 2761 5826 a
2789 5767 3077 5828 saltatione
3098 5767 3211 5842 jam
3240 5774 3516 5832 abstinere
3541 5787 3654 5830 crn-
