4144 6412
507 298 641 356 1251

1163 296 1428 352 EUSEBII
1466 295 1946 353 CESARIENSIS
1980 296 2127 353 OPP.
2170 296 2350 351 PARS
2386 296 2450 353 ll.
2491 326 2560 340 —-
2593 296 3087 357 APOLOGETICA.

3605 304 3751 362 me

506 418 725 487 quidem
773 418 896 473 illos
935 417 1241 472 audiemus.
1294 418 1450 488 761
1482 418 1602 473 Jam
1653 434 1784 474 vero
1813 420 1959 490 quod
2009 420 2056 474 in

2166 420 2349 474 τέλεσε
2374 420 2670 493 θαυμάζων
2693 439 2708 488 ;
2730 422 2776 475 εί
2799 423 2857 477 δὲ
2884 423 3250 492 συγκατέθετο
3267 425 3381 488 τοῖς
3407 424 3740 496 λεγομένοις,

506 508 748 578 Pythone
794 510 1009 579 longam
1061 509 1196 564 adeo
1264 510 1460 565 Timon
1520 512 1638 581 ipse
1697 511 2065 565 narrationem

507 598 760 662 instituit,
787 597 1246 666 quemadmodum
1291 599 1347 653 in
1379 598 1716 670 Pyrrhonem
1750 600 1899 655 circa
1929 609 2062 655 tem-

504 688 655 756 plum
683 685 1019 756 Amphiarai,
1055 685 1186 740 dum
1235 686 1484 758 Pythiam
1511 694 1739 757 peteret,
1791 686 2065 752 inciderit,

502 787 557 833 et
580 793 850 849 quosnam
888 794 1011 833 cum
1040 794 1108 833 eo
1137 795 1417 836 sermones
1446 781 1726 836 miscuerit
1750 799 1764 834 :
1810 780 1934 850 quis
1957 795 2067 835 non

502 884 563 924 ea
599 871 923 926 scribentem
952 871 1039 925 his
1074 871 1257 927 verbis
1277 872 1402 942 jure
1423 873 1743 928 conveniat?
1775 872 1915 939 Quid
1951 874 2068 943 ipse

502 961 620 1027 tibi,
645 961 808 1017 homo
830 977 1091 1032 nequam,
1132 964 1393 1019 molestus
1426 979 1507 1028 es,
1539 965 1665 1019 dum
1708 965 1812 1020 ista
1848 965 2063 1029 scribis,

501 1065 673 1120 eaque
720 1066 1143 1129 commemoras,
1169 1068 1293 1122 qua!
1331 1061 1387 1107 tu
1432 1055 1648 1109 nescis?
1673 1053 1785 1109 Cur
1815 1060 1959 1108 enim
2007 1055 2063 1109 iu

501 1158 626 1197 eum
652 1144 913 1211 incidisti,
944 1154 1032 1199 aut
1084 1161 1185 1201 cur
1228 1160 1509 1202 sermones
1552 1162 1676 1201 cum
1710 1161 1778 1201 eo
1801 1148 2062 1203 miscuisti

502 1237 705 1307 potius,
725 1252 889 1307 quam
916 1253 1024 1292 non
1058 1237 1588 1311 miscuisti?Pyrrho
1618 1247 1798 1294 autem
1828 1240 1916 1294 ille
1939 1247 2065 1295 tuus

505 1336 616 1382 tam
649 1329 936 1396 excellens,
964 1340 1187 1402 tamque
1218 1331 1457 1393 divinus,
1483 1331 1690 1386 satisne
1710 1346 1972 1400 quorsum
1996 1330 2064 1385 ad

501 1416 695 1490 Pythia
741 1420 1033 1488 spectanda
1079 1429 1330 1491 pergeret
1387 1420 1503 1490 ipse
1553 1420 1754 1474 norat?
1786 1435 1854 1474 an
1897 1435 2060 1485 vero,

501 1511 647 1579 quod
680 1510 869 1566 furiosi
905 1512 1099 1578 solent,
1132 1512 1188 1566 in
1215 1512 1299 1566 via
1329 1520 1533 1566 temere
1553 1511 1891 1582 vagabatur?
1918 1512 2062 1566 Idem

499 1615 631 1655 vero
661 1615 787 1656 cum
817 1611 872 1655 et
900 1603 1152 1658 homines
1178 1611 1232 1657 et
1262 1602 1545 1658 hominum
1585 1602 1943 1671 ignorantiam
1974 1615 2063 1656 ac-

499 1708 691 1748 cusare
709 1694 895 1763 coepit,
921 1710 1050 1748 num
1082 1693 1172 1749 ille
1196 1693 1354 1748 nobis
1378 1708 1565 1748 verum
1591 1693 1773 1749 dicere
1791 1692 2058 1759 videatur,

2172 511 2372 576 ἄτοποι,⁸
2404 512 2470 569 ἂν
2503 513 2590 584 εἴη
2621 531 2724 579 τις,
2761 516 2921 579 αὐτὸς
2963 515 3062 586 μὲν
3108 515 3430 585 φιλοσοφῶν,
3488 518 3637 588 ἡμᾶς
3683 517 3743 571 δὲ

2171 601 2412 655 κωλύων.
2431 602 2642 668 Ἀπλῶς
2659 604 2736 670 δὲ,
2772 605 3049 676 θαυμάσαι
3075 623 3160 669 τις
3183 606 3271 670 ἂν,
3297 609 3347 659 οἱ
3364 606 3609 678 Τίμωνος
3631 608 3744 661 σίλισ

2170 694 2251 747 λοι
2284 693 2403 765 (2‘),
2426 696 2519 749 καὶ
2549 698 2604 749 αἱ
2638 697 2779 751 κατὰ
2804 699 3018 754 πάντων
3046 697 3348 771 ἀνθρώπων
3378 699 3739 770 βλασφημίαι,

2171 786 2263 838 καὶ¹
2290 787 2344 838 αἱ
2388 787 2557 839 κακαὶ
2601 786 2962 857 στοιχειώσεις
3005 787 3372 859 Αἰνησιδήμου
3397 826 3412 851 ,
3438 787 3533 840 καὶ
3564 789 3672 850 πᾶς
3710 788 3742 840 6

2170 874 2406 939 τοιοῦτος
2433 876 2587 946 ὄχλος
2612 877 2721 929 τῶν
2750 877 2921 946 λόγων
2945 878 2999 931 τί
3029 878 3229 949 δήποτε
3257 878 3503 949 βούλεται
3537 878 3733 942 αὐτοῖς.

2170 967 2234 1020 Ei
2271 967 2368 1038 μὲν
2403 967 2512 1039 γὰρ
2550 970 2784 1039 οἰόμενοι
2823 971 3103 1041 κρείττους
3134 973 3283 1042 ἡμᾶς
3309 971 3737 1043 ἀπεργάσεσθαι,

2170 1058 2342 1112 ταῦτα
2372 1061 2699 1131 γεγράφασι,
2734 1062 2828 1115 καὶ
2858 1061 2946 1115 διὰ
2968 1061 3124 1115 τοῦτο
3149 1063 3357 1127 πάντας
3398 1064 3598 1115 οἴονται
3628 1061 3739 1115 δεῖν

2170 1148 2432 1219 ἐλέγχειν,
2459 1151 2607 1214 ὅπως
2641 1152 2977 1224 παυσώμεθα
3022 1154 3410 1227 φλυαροῦντες,
3460 1153 3735 1222 βούλονται

2168 1241 2405 1312 δηλονότι
2428 1242 2527 1313 τὴν
2565 1242 2821 1311 ἀλήθειαν
2858 1248 3002 1317 ἡμᾶς
3037 1246 3263 1311 εἰδέναι,
3307 1247 3401 1301 καὶ
3427 1245 3733 1311 ὑπολαϐεῖν,

2168 1335 2250 1389 ὃτι
2279 1333 2505 1389 τοιαῦτα
2557 1335 2645 1405 εἴη
2674 1336 2743 1389 τὰ
2777 1339 3094 1408 πράγματα,
3124 1339 3373 1411 καθάπερ
3417 1338 3556 1402 ἀξιοῖ
3587 1339 3733 1410 Πύρ-ι

2170 1428 2297 1497 ρων.
2330 1427 2489 1480 Ὥστε
2513 1429 2561 1480 εί
2588 1429 2938 1498 πεισθείημεν
2963 1432 3166 1495 αὐτοῖς,
3218 1432 3282 1484 ὲκ
3309 1430 3566 1503 χειρόνων
3614 1429 3735 1500 βελ-

2167 1516 2312 1579 τίους
2339 1516 2405 1570 ἂν
2436 1517 2743 1588 γενοίμεθα,
2773 1519 3056 1589 κρίναντες
3081 1518 3148 1572 τὰ
3191 1518 3603 1590 συμφορώτερα,
3644 1520 3738 1572 καὶ

2166 1606 2293 1669 τοὺς
2324 1605 2540 1677 ἄμεινον
2562 1607 2816 1675 λέγοντας
2837 1608 3248 1680 ἀποδεξάμενοι.
3269 1608 3395 1673 Πῶς
3423 1606 3516 1663 οὖν
3543 1608 3738 1680 ἐπίσης

2169 1695 2436 1768 ἀδιάφορα
2466 1696 2534 1750 τὰ
2568 1684 2886 1769 πράγματα,
2934 1699 3382 1771 καὶνὰνεπίκριτα
3431 1698 3632 1752 δύναιτ’
3671 1697 3736 1752 ἂν

499 1799 568 1839 an
621 1785 767 1841 non?
797 1785 936 1852 Quid
971 1780 1307 1841 Timon?'an
1349 1786 1470 1856 ejus
1505 1794 1590 1841 est
1629 1786 1876 1841 oratione
1915 1799 2056 1839 com-

2163 1782 2336 1852 εἶναι;
2390 1787 2486 1839 καὶ
2512 1786 2629 1850 πῶς
2659 1788 3088 1857 άσυγκατάθετοι
3116 1789 3211 1842 καὶ
3237 1786 3517 1853 ἀδόξαστοι
3564 1786 3738 1855 γενοί-

496 1876 714 1930 motus?
744 1875 903 1932 ﬁdem
960 1876 1034 1930 illi
1087 1874 1295 1940 habuit,
1329 1891 1398 1930 an
1442 1876 1701 1944 negavit?
1732 1874 1791 1931 Si
1823 1876 2056 1947 negavit,

499 1967 593 2036 qui
627 1967 846 2023 tandem
879 1969 1052 2024 evasit
1074 1983 1105 2023 e
1137 1969 1397 2025 saltatore
1427 1968 1788 2040 philosophus
1808 1968 1942 2021 ?aut
1962 1983 2061 2023 cur

2170 1879 2288 1949 μεθ’
2312 1878 2406 1943 άν;
2434 1879 2498 1931 Ei
2520 1880 2563 1932 δ’
2599 1880 2752 1933 οὐδὲν
2795 1881 2985 1949 ὄφελός
3014 1882 3132 1934 ἐστι
3163 1881 3271 1934 τῶν
3295 1879 3493 1950 λόγων,
3526 1879 3580 1933 τί
3605 1880 3737 1950 ἡμῖν

2165 1970 2499 2040 ὲνοχλοῦσιν;
2533 1972 2566 2043 ἢ
2592 1971 2678 2026 διὰ
2709 1973 2762 2026 τί
2795 1973 2981 2044 Τίμων
3009 1972 3172 2044 φησιν
3195 1990 3209 2004 ’

498 2062 832 2135 Pyrrhonem
866 2072 974 2117 tam
1024 2063 1378 2119 vehementer
1417 2074 1603 2133 postea
1640 2071 2063 2132 constanterque
2098 2065 2385 2133 suspexit?
2439 2063 2543 2133 Qui
2596 2067 2642 2122 si
2686 2067 2806 2136 ejus
2856 2068 3037 2124 verbis
3078 2067 3240 2123 ﬁdem
3286 2064 3495 2130 habuit,
3554 2062 3736 2132 inepte

498 2151 917 2225 profectofacit,
949 2153 1195 2221 quinos,
1246 2153 1377 2209 dum
1432 2152 1871 2224 philosophatur,
1929 2154 2305 2225 philosophari
2363 2165 2524 2214 vetet.
2582 2159 2780 2228 Atque,
2845 2168 2902 2213 ut
2946 2159 3202 2214 universe
3250 2157 3561 2227 loquamur,
3603 2147 3735 2225 quid

495 2258 683 2301 sannae
714 2244 820 2299 illae
846 2244 1095 2298 Timonis
1122 2259 1332 2312 omnes,
1370 2253 1424 2299 et
1466 2245 1718 2316 irrogatte
1747 2246 1932 2316 generi
1968 2246 2251 2302 hominum
2300 2249 2562 2305 universo
2600 2251 2945 2306 contumeliae
2992 2250 3165 2321 :quid
3216 2248 3523 2319 perniciosa
3570 2245 3737 2300 Aine"

498 2336 695 2392 sidemi
752 2336 1089 2401 rudimenta,
1141 2335 1272 2406 quid
1306 2335 1599 2392 verborum
1652 2345 1764 2391 tota
1813 2336 1903 2390 illa
1954 2339 2240 2409 congeries
2293 2339 2397 2395 sibi
2455 2341 2605 2408 velit,
2660 2342 2862 2397 mirum
2907 2343 3034 2412 jure
3064 2340 3317 2410 -cuipiam
3356 2338 3625 2393 videatur.
3673 2335 3733 2391 Si

497 2428 640 2486 enim
666 2429 720 2484 id
765 2428 873 2482 hoc
902 2427 956 2481 in
984 2426 1261 2483 scribendi
1308 2443 1505 2498 genere
1553 2429 1953 2499 sequebantur,
1980 2430 2060 2483 uti
2098 2444 2203 2486 nos
2234 2432 2489 2489 meliores
2518 2433 2821 2499 edicerent,
2855 2449 3029 2505 eoque
3087 2433 3192 2488 sibi
3247 2431 3554 2502 carpendos
3607 2445 3732 2486 om-

497 2538 596 2579 nes
649 2530 705 2577 et
751 2522 1100 2577 incessendos
1151 2530 1453 2592 putarunt,
1503 2531 1563 2577 ut
1623 2537 1794 2592 nugas
1847 2522 2061 2577 tandem
2100 2538 2259 2593 agere
2281 2524 2628 2595 desinamus;
2668 2526 2721 2581 id
2745 2535 2931 2598 agunt,
2976 2526 3227 2581 videlicet
3271 2533 3332 2579 ut
3392 2529 3731 2593 perspectam

497 2615 799 2670 habeamus
834 2614 1144 2672 veritatem.
1178 2622 1341 2684 atque
1376 2614 1450 2669 ita
1488 2630 1607 2670 sese
1642 2630 1749 2677 res,
1790 2613 2065 2684 quomodo
2105 2617 2376 2673 statuebat
2402 2616 2632 2691 Pyrrho,
2706 2620 2908 2675 habere
2948 2619 3261 2675 credamus.
3318 2616 3506 2686 Itaque
3549 2614 3597 2669 si
3636 2628 3732 2670 et»

394 2732 405 2741 ο
492 2721 615 2760 rum
644 2706 697 2759 in
723 2704 1048 2761 sententiam
1079 2704 1444 2769 adducemur,
1484 2704 1615 2759 dum
1658 2714 1714 2758 et
1759 2704 1955 2760 melius
1992 2705 2059 2760 de
2095 2706 2260 2762 rebus
2290 2706 2391 2776 ipsi
2415 2707 2803 2778 judicabimus,
2849 2717 2903 2763 et
2941 2707 3158 2763 saniora
3196 2707 3483 2776 loquentes
3542 2703 3732 2758 audie-

493 2813 639 2863 mus,
667 2812 735 2853 ex
764 2797 1128 2853 deterioribus
1162 2794 1408 2865 profecto
1455 2796 1711 2852 meliores
1740 2795 2055 2852 eﬂiciemur.
2092 2796 2246 2865 Quod
2275 2801 2322 2854 si
2346 2800 2423 2855 ita
2453 2810 2556 2866 est,
2585 2801 2676 2869 qui
2716 2800 2934 2856 tandem
2969 2798 3299 2869 promiscuae
3350 2797 3488 2852 adeo
3545 2809 3730 2850 rerum

492 2889 739 2944 omnium
767 2903 889 2945 esse
918 2897 1122 2958 queant
1150 2887 1534 2958 implicitosque
1558 2888 1934 2953 rationes,aut
1958 2890 2059 2960 ipsi
2100 2905 2202 2946 nos
2241 2893 2447 2949 haerere
2475 2893 2716 2958 nemini,
2753 2909 2817 2948 ac
2873 2892 3011 2947 nihil
3056 2891 3374 2947 existimare
3421 2886 3517 2958 qui
3558 2885 3731 2958 possie

489 2983 740 3038 musiAt
771 2998 896 3038 vero
918 2983 966 3038 si
1001 2981 1390 3052 disputationis
1446 2997 1558 3038 suae
1613 2981 1826 3038 fructus
1884 2992 1969 3039 est
2031 2984 2237 3054 nullus,
2281 2987 2410 3059 quid
2466 2987 2684 3043 molesti
2718 3000 2882 3059 porro
2941 2985 3100 3041 nobis
3152 2998 3274 3040 esse
3324 2980 3593 3054 pergunt?
3634 2985 3728 3034 aut

495 3088 763 3145 quorsum
795 3086 992 3128 versus
1014 3071 1117 3126 iste
1152 3069 1423 3139 Timonis,

492 3188 625 3245 Cum
659 3188 935 3260 Pyrrhone
956 3185 1224 3241 hominum
1261 3186 1427 3256 possit
1462 3187 1771 3242 contendere
1803 3189 2002 3244 nemo?

2202 3187 2324 3239 Οὐκ
2354 3183 2431 3239 ἂν
2456 3182 2533 3252 δὴ
2553 3184 2827 3252 Πύρῤωνί
2859 3182 2911 3250 γ’
2938 3181 3197 3250 ἐρίσειεν
3226 3180 3451 3249 ,βροτὸς
3468 3180 3689 3245 (lucc;

495 3299 608 3356 Nec
653 3299 798 3355 enim
853 3312 1035 3353 causa:
1084 3295 1384 3366 quidquam
1445 3293 1643 3359 fuerit,
1697 3297 2053 3366 quamobrem

438 3432 445 3445 ,
489 3392 829 3463 Pyrrhonem
869 3405 1028 3446 suum
1062 3389 1323 3443 miremur
1366 3388 1568 3459 potius,
1605 3404 1769 3459 quam
1821 3398 1914 3443 aut
1949 3388 2054 3444 Co-

488 3487 685 3558 rybum
727 3484 879 3537 illum
910 3490 1006 3536 aut
1060 3479 1389 3543 Melitidem,
1444 3479 1539 3551 qui
1584 3489 1764 3535 tamen
1814 3480 2056 3535 stultitiae

488 3577 764 3650 principes
789 3574 974 3629 haberi
994 3569 1325 3627 solent.Jam
1361 3586 1427 3626 ne
1441 3572 1878 3641 praetereundum
1914 3571 2045 3625 illud

487 3667 708 3739 quidem
760 3663 948 3719 leviter
1000 3661 1258 3731 estquod
1316 3665 1583 3731 sequitur.
1642 3661 1814 3727 Quem
1869 3661 2051 3725 enim,

488 3761 740 3822 obsecro,
772 3766 868 3812 aut
910 3756 1083 3810 civem
1127 3754 1301 3820 illum,
1332 3762 1428 3808 aut
1457 3754 1719 3824 judicem,
1747 3751 2053 3822 cuiusmodi

487 3853 573 3907 vel
618 3848 1010 3912 consiliarium,
1043 3846 1128 3900 vel
1166 3846 1425 3908 amicum,
1461 3844 1546 3899 vel
1597 3841 1833 3912 denique
1872 3842 2042 3897 homi-

488 3958 613 3999 nem
647 3937 889 3995 habituri
924 3936 1152 3992 sumus?
1177 3946 1273 3991 aut
1301 3934 1431 4004 quid
1473 3932 1561 3987 ille
1589 3930 1777 4002 ﬂagitii
1813 3946 1921 3985 non
1955 3946 2053 3984 au-

486 4034 655 4098 debit,
680 4032 769 4102 qui
798 4030 1085 4085 honestum
1105 4041 1231 4083 vere
1260 4025 1393 4080 nihil
1417 4032 1513 4079 aut
1535 4033 1712 4093 turpe,
1729 4022 1825 4091 qui
1846 4022 2054 4092 justum

485 4133 609 4173 esse
632 4115 768 4169 nihil
825 4121 921 4168 aut
953 4112 1217 4182 iniustum
1254 4107 1602 4179 opinabitur?
1639 4106 1824 4176 Apage
1869 4106 2049 4172 enim,

486 4209 880 4282 quiautlegum
910 4205 1235 4261 sententiam
1263 4216 1433 4274 genus
1465 4201 1569 4255 hoc
1593 4200 1875 4256 hominum
1901 4201 2054 4255 dixe-

484 4304 578 4369 rit,
605 4309 700 4356 aut
743 4312 1029 4369 poenarum
1071 4294 1416 4351 acerbitatem
1459 4291 1851 4348 extimescere?
1896 4289 2045 4358 Quo.

2156 3300 2230 3353 Οὐ
2261 3297 2370 3369 γὰρ
2405 3294 2601 3369 μᾶλλον
2630 3295 2899 3368 Πύρρωνα
2929 3294 3204 3365 θαυμάσαι
3223 3310 3307 3355 τις
3336 3292 3403 3346 ἂν
3430 3293 3463 3365 ἢ
3497 3293 3587 3346 τὸν
3615 3293 3727 3347 Κό-

2158 3388 2318 3461 ρυδον
2348 3389 2575 3452 ἐκεῖνον,
2601 3386 2635 3456 ἢ
2656 3385 2746 3440 τὸν
2771 3384 3083 3453 Μελιτίδην,
3116 3383 3163 3436 οἳ
3192 3382 3256 3453 δὴ
3279 3381 3496 3435 δοκοῦσι
3546 3382 3727 3453 μωρίᾳ.

2154 3479 2470 3547 διενεγκεῖν.
2537 3475 2915 3546 Ἑνθυμεῖσθαι
2968 3474 3150 3543 μέντοι
3209 3472 3314 3542 χρὴ
3380 3472 3475 3524 καὶ
3529 3470 3719 3524 ταῦτα.

2167 3569 2378 3630 Ὁποίος
2403 3565 2510 3637 γάρ
2537 3565 2604 3619 ἂν
2636 3565 2843 3633 γένοιτο
2871 3562 3112 3631 πολίτης,
3142 3561 3175 3632 ἦ
3205 3561 3485 3630 δικαστὴς,
3514 3561 3546 3631 ἢ
3586 3559 3724 3630 σύμ-

2156 3660 2361 3724 ϐουλος,
2389 3660 2422 3730 ἢ
2448 3659 2618 3729 φίλος,
2645 3658 2679 3729 ἢ
2711 3655 2894 3719 ἁπλῶς
2918 3656 3090 3707 εἰπεῖν
3119 3651 3423 3725 ἄνθρωπος,
3452 3653 3481 3705 ὃ
3510 3669 3572 3722 γε
3614 3669 3725 3706 τοια

2154 3752 2338 3816 οὓτος;
2367 3752 2400 3821 ἢ
2428 3751 2482 3803 τί
2504 3749 2610 3804 τῶν
2641 3748 2825 3803 κακῶν
2843 3748 2903 3801 οὐ
2935 3745 3256 3816 τολμήσειεν
3284 3745 3372 3809 ἂν,
3397 3746 3426 3798 ὁ
3462 3745 3627 3816 μηδὲν
3647 3744 3724 3807 ὡς

2154 3839 2369 3911 άληθῶς
2398 3839 2639 3910 οἰόμενος
2674 3833 2810 3891 εἶναι
2834 3835 3000 3890 κακὸν
3027 3874 3042 3900 ,
3070 3836 3103 3907 ἢ
3140 3834 3361 3906 αἰσχρὸν
3380 3874 3395 3898 ,
3420 3834 3453 3905 ἢ
3491 3834 3721 3899 δίκαιον,

2158 3931 2193 4003 ἢ
2220 3930 2436 3996 ἄδικον;
2466 3929 2601 3983 Οὐδὲ
2628 3928 2735 4000 γὰρ
2761 3930 2937 3983 ὲκεῖνο
2962 3927 3092 3999 φαίη
3125 3944 3209 3991 τις
3228 3926 3316 3989 ἂν,
3357 3926 3442 3980 ὅτι
3477 3926 3604 3989 τοὺς
3632 3926 3722 3980 νόα

2162 4038 2294 4092 μους
2320 4020 2583 4075 δεδοίκασι
2611 4020 2821 4090 κριτὰς,
2860 4020 2955 4073 καὶ
2972 4020 3070 4083 τὰς
3093 4017 3362 4090 τιμωρίας
3398 4018 3447 4071 οἱ
3470 4017 3721 4073 τοιοῦτοι.

2156 4111 2283 4177 Πῶς
2309 4112 2419 4184 γὰρ
2450 4113 2503 4166 οἴ
2517 4129 2581 4182 γε
2604 4112 2834 4176 ὰπαθεῖς
2859 4111 2952 4165 καὶ
2978 4111 3263 4183 ἀτάραχοι,
3285 4107 3537 4180 καθάπερ
3568 4106 3723 4162 αὐτοί

2157 4222 2341 4275 φασιν,
2362 4205 2514 4270 ὄντες
2541 4222 2557 4271 ;
2599 4206 2656 4260 Ὀ
2682 4204 2748 4275 γέ
2770 4221 2852 4259 τοι
2886 4204 3072 4274 Τίμων
3101 4202 3272 4256 ταῦτα
3296 4200 3390 4254 καὶ
3418 4199 3567 4269 λέγει
3595 4198 3724 4271 περὶ

2153 4295 2246 4349 τοῦ
2278 4295 2567 4369 Πύρρωνος
2591 4334 2608 4362 ,

490 4393 653 4448 modo
674 4391 816 4445 enim
853 4389 908 4442 in
935 4402 1031 4443 eos
1063 4393 1238 4439 metus
1263 4387 1365 4439 iste
1386 4383 1564 4447 cadat,
1586 4382 1679 4453 qui
1709 4382 1776 4437 ab
1806 4382 1956 4437 omni
1983 4397 2042 4438 se
2077 4387 2492 4454 perturbatione
2521 4400 2722 4442 vacuos
2778 4381 3114 4455 praedicant?
3178 4379 3313 4436 Nam
3344 4379 3412 4437 de
3439 4379 3724 4454 Pyrrhone

489 4486 704 4558 quidem
733 4482 880 4538 canit
906 4481 1010 4535 ista
1042 4475 1261 4542 Timon,

491 4579 665 4635 Unum
699 4574 849 4627 illum
888 4572 1007 4625 novi
1027 4586 1179 4641 quem
1217 4566 1635 4641 nuliagsuperbia
1663 4566 1834 4633 tollat,

487 4649 649 4721 762
690 4643 813 4698 Non
870 4636 1049 4712 funda'
1091 4652 1247 4710 atque
1299 4636 1523 4709 infanda
1571 4638 1810 4721 dement,
1859 4636 2046 4721 quibus

1648 4704 1839 4776 [omnis
1864 4704 2049 4776 ubique

487 4784 789 4843 Succumbit
818 4779 1062 4850 populus,
1090 4779 1235 4832 vario
1266 4777 1391 4829 dum
1423 4774 1662 4850 turoidus
1684 4785 1837 4839 testu,

487 4861 654 4927 Atque
672 4845 847 4927 animi
885 4845 1099 4927 dubius,
1131 4862 1370 4916 cwcaque
1408 4845 1650 4915 cupidine
1679 4860 1907 4914 prwceps

490 4922 608 4982 Huc
641 4925 768 4978 illuc
794 4922 1021 4991 rapitur.

486 5080 676 5151 pisse,
716 5082 1003 5151 antequam
1042 5070 1103 5151 in,
1133 5066 1823 5151 Pyrrhoneinmincidisset.
1874 5065 2055 5151 Σίμων

499 5133 908 5214 5Αέττολλωνίδηῖς,
937 5140 1131 5214 inquit,
1164 5133 1297 5214 (ῥησ).
1327 5139 1417 5214 τδν
1444 5138 1671 5214 Τίμωνα.
1691 5133 2057 5214 εἷναι-πατρὸς

561 5236 590 5271 ν
620 5202 1297 5286 Τιμάρχόυηφλιάσιονδὲ
1328 5205 1389 5260 τὸ
1418 5202 1591 5286 γένος.
1628 5202 1764 5286 Νέον
1802 5206 1858 5286 δὲ
1887 5202 2058 5286 κατα-

487 5219 590 5343 ἲέν
620 5219 898 5286 Τιμάρχου
917 5252 930 5275 ,
968 5219 1215 5284 Φλιάσιον
1241 5219 1297 5261 δὲ
1328 5219 1389 5260 το
1418 5219 1591 5277 γενος.
1628 5219 1764 5261 Νέον
1802 5219 1858 5258 οε
1887 5224 2057 5286 κατα-

555 5286 771 5357 ιφθέντα
800 5282 1070 5357 χορειῇεινΔ
1099 5280 1285 5357 ξπειτα
1310 5277 1676 5357 καταγνῇζτα,
1696 5276 2057 5357 ,άποδημησαι

491 5360 571 5420 εἰς
586 5343 835 5426 ’Μέγαρᾶ
860 5343 1012 5426 έτρδς.
1034 5350 1361 5426 ﬁumen
1380 5343 1489 5426 ,⁸.ιᾴ
1528 5343 1664 5426 Et“.
1689 5343 1897 5426 “9.5555
1921 5343 2054 5426 9⁸η·

490 5411 679 5483 tractis
703 5411 813 5494 'jain
846 5411 1081 5494 nuptiis)
1107 5411 1300 5494 .-πρὸς
1316 5416 1585 5494 Πρρρωνα
1610 5411 1704 5494 ξιξ
1724 5411 1884 5468 Ἦλιν
1909 5416 2050 5494 (ἕτερ-

488 5485 747 5569 δημῆσαὶ
762 5491 897 5569 μετὰ
925 5485 1213 5569 γυναικός,
1248 5497 1351 5569 etc.
1385 5485 1517 5569 V_ide
1545 5486 1714 5550 inl‘ra,
1758 5501 1879 5569 μηδὲ
1918 5485 2043 5569 lbi).

564 5552 663 5635 ἦν)
698 5552 949 5635 Σάι-λοι.⁷
970 5558 1101 5614 Vide
1131 5565 1386 5635 ειιιησθιῃ
1398 5559 1591 5635 locum
1622 5552 2047 5635 pag:—76'3.__l_)io-

490 5624 657 5707 genes'
696 5633 790 5707 lib.
839 5646 892 5685 ιι
944 5638 1134 5707 auctor
1157 5636 1301 5707 _est,
1353 5624 2043 5707 Simone‘mAe’tiammillum

491 5693 865 5774 uApollonidem
885 5739 898 5764 ,
942 5697 1034 5768 qui
1065 5698 1131 5753 de
1157 5695 1386 5751 Timone
1413 5697 1752 5767 loquebatur,
1787 5693 2041 5751 Sillorum

2078 4573 2124 4628 Ι)
2165 4558 2430 4624 Ἄλλοῖον
2463 4566 2571 4621 τὸν
2598 4564 2830 4635 ἄτυφον
2854 4561 2969 4634 ἐγὼ
3001 4562 3133 4616 ἴδον
3164 4562 3203 4631 ἣ
3232 4560 3581 4632 ἁδάμαστον

2154 4682 2347 4739 Πᾶσιν
2373 4680 2543 4746 ὅσοις
2564 4677 2875 4750 δαμνᾶται,
2901 4677 2998 4747 ἅμ’
3020 4674 3298 4745 ἁρῥήτοις
3319 4692 3382 4728 τε
3403 4673 3613 4744 φατοῖς
3633 4689 3718 4738 τε,

2156 4795 2332 4851 Δαῶν
2362 4794 2538 4848 ἔθνεα
2569 4790 2786 4859 κοῦφα,
2808 4785 3177 4856 βαρυνόμεν⁹
3218 4784 3364 4840 ἔνθα
3383 4782 3483 4837 καί
3514 4782 3681 4847 ἔνθα,

2167 4907 2263 4959 Ἐκ
2300 4902 2554 4968 παθέων,
2581 4900 2767 4969 δόξης
2786 4914 2872 4963 τε,
2910 4898 3008 4952 καὶ
3031 4896 3260 4964 εὶκαίης
3288 4892 3649 4963 νομοθήκης.

2151 5077 2293 5139 opus
2317 5060 2602 5139 scripsisse
2620 5100 2642 5139 ,Ι
2664 5057 2809 5128 quod
2853 5054 3071 5139 Tiberio
3097 5049 3719 5139 Gaesarinlledicaritguin

2192 5118 2296 5199 ituri
2334 5118 2744 5199 Dio-genesip'se
2796 5125 3222 5199 commentarios
3254 5121 3528 5199 edidisset.
3584 5118 3717 5199 Turn

2189 5219 2219 5256 e
2247 5188 2493 5254 Timonis
2521 5188 2797 5258 operibus,
2824 5198 2943 5249 Τῶν
2976 5194 3031 5247 δὲ
3066 5194 3319 5253 Σίλλων,
3355 5189 3551 5258 inquit,
3575 5188 3720 5258 ,τρία

2154 5272 2301 5324 ἐστὶν
2327 5269 2538 5340 (βιϐλία
2557 5257 2574 5338 δ
2594 5311 2609 5333 ,
2647 5269 2703 5340 εν
2728 5261 2808 5340 οἷς
2827 5304 2842 5329 ,
2871 5265 3017 5340 ὼσᾲν
3048 5261 3345 5340 Σκεπτικὸς
3366 5257 3719 5340 ιῶνηπάντας

2154 5329 2410 5411 λοιδορεῖ,
2459 5329 2568 5391 καί
2597 5329 2851 5390 σιλλαίνει
2900 5334 3025 5397 τοὺς
3054 5329 3460 5401 Δογματικοὺς,
3491 5330 3549 5380 ὲν
3580 5343 3720 5397 παρ-

2154 5410 2315 5448 "sit"
2348 5409 2497 5448 :chL
2528 5403 2627 5448 τ’ου
2673 5407 2733 5448 τὸ
2768 5407 2866 5448 ηὶιυ
2914 5404 3148 5448 ποῶτον-
3188 5399 3575 5448 αὐτοδιήγητον
3607 5396 3718 5448 ἐγει

2153 5399 2315 5482 ῳδίας
2347 5399 2498 5462 εῐδει.
2528 5403 2627 5460 Ὧν
2673 5407 2733 5460 τὸ
2759 5407 2866 5529 ἓν
2914 5404 3148 5489 πρῶτον,
3168 5399 3575 5468 ἀὐτοδιήγητον
3607 5399 3718 5466 ἔχει

2151 5481 2249 5552 τὴν
2282 5477 2609 5552 ἑρμηνείαν,
2642 5476 2716 5552 5t»
2783 5548 2793 5552 _
2849 5468 3466 5552 gemment-19iva
3513 5465 3718 5552 δια-

2152 5537 2604 5618 λόγουσχῆματιζ
2634 5544 2828 5618 Operis
2857 5537 3067 5618 iiiitiuin
3100 5541 3204 5618 hoc
3234 5537 3405 5618 fuisse
3427 5537 3612 5618 tradit,

2224 5606 2482 5675 ῖἝσσίὲὲὲ
2502 5606 2618 5673 νῦν
2645 5606 2741 5673 μοι
2769 5615 2903 5670 ὅσοι
2925 5606 3717 5747 πολυπράγμονέῖ-φέἒοσξὲισοα
