4144 6422
421 274 446 326 1
456 274 560 327 ἓὸὗ

1513 279 1834 335 ΡΒᾸΞΡΑΒ.
1863 281 2113 337 EVANG.
2155 283 2282 338 LIB.
2326 285 2464 339 XIV.

3527 286 3662 339 1254

427 393 659 448 Ὀπόταν
691 397 869 465 μέντοι
887 397 1035 465 ,φῶσι
1063 398 1124 450 τὸ
1157 399 1313 467 σοφὸν
1339 399 1401 470 δὴ
1421 400 1598 464 τοῦτο,
1641 404 1721 455 ὅτι
1749 403 1856 454 δέοι
1891 420 1978 455 κα-

2089 403 2352 460 Prarterea
2391 407 2518 460 dum
2567 409 2845 478 egregium
2895 409 3026 463 illud
3079 405 3408 478 sapiensque
3453 404 3661 458 dictum

415 485 844 541 τακολουθοῦντα
864 487 1020 554 φύσει
1045 489 1138 541 καὶ
1168 493 1279 552 τοῖς
1307 489 1450 543 ἔθεσι
1476 492 1595 561 ζῇν,
1637 493 1825 562 μηδενὶ
1859 494 1986 563 μέν·

411 594 494 630 τοι
552 576 1054 643 συγκατατίθεσθαι,
1095 579 1238 631 πάνυ
1291 581 1433 644 τινές
1477 583 1612 633 εἰσιν
1651 582 1882 652 εὐήθεις.
1928 584 1989 634 Εί

415 669 525 740 γὰρ
561 670 749 740 μηδενὶ
782 670 944 740 ἄλλῳ,
969 671 1143 742 τούτῳ
1181 672 1311 741 γοῦν
1339 673 1488 744 αὐτῷ
1531 674 1640 726 δέοι
1674 672 1738 727 ἂν
1789 691 1991 742 συγκα-

414 759 694 823 ταθέσθαι,
748 762 842 814 καὶ
892 762 1180 816 ὑπολαϐεῖν
1226 764 1398 828 οῦτως
1441 765 1585 834 ἐχειν
1616 767 1766 819 αὑτό.
1816 767 1880 819 Τί
1931 768 1988 820 δέ

417 851 616 920 μᾶλλον
643 854 709 922 τῇ
738 853 896 920 φύσει
925 854 1147 915 καὶτοῖς
1181 854 1324 907 ἔθεσι
1364 857 1445 908 δεῖ
1480 856 1913 919 κατακολουθεῖν,
1953 858 1986 928 ἢ

413 941 476 994 οὺ
504 942 602 1005 δεῖ,
637 941 712 1012 μὴ
742 943 948 1005 εἰδότας
981 960 1043 1010 γε
1070 943 1132 1014 δὴ
1164 944 1348 1016 μηδὲν,
1389 945 1520 1016 μηδέ
1555 946 1776 1016 ἔχοντάς
1803 965 1853 1000 τι
1882 949 1988 1019 ὅτῳ

414 1031 746 1102 κρινοῦμεν;
795 1034 998 1086 Ἐκεῖνο
1036 1035 1132 1104 μὲν
1167 1034 1275 1105 γὰρ
1327 1037 1422 1088 καὶ
1453 1038 1796 1091 παντάπασίν
1841 1039 1987 1092 ἐστιν

413 1123 639 1193 ⁴ἠλίθιον,
670 1124 884 1178 ἐπειδὰν
907 1125 1155 1194 λέγωσιν,
1187 1127 1269 1180 ὅτι
1298 1127 1550 1198 καθάπερ
1579 1128 1650 1182 τὰ
1679 1129 1986 1202 καθαρτικὰ

415 1216 679 1286 φάρμακα
710 1216 1043 1288 συνεκκρίνει
1091 1218 1227 1288 μετὰ
1255 1218 1361 1270 τῶν
1394 1221 1833 1291 περιπτωμάτων
1894 1225 1987 1277 καὶ

414 1306 598 1369 ἑαυτὰ,
623 1307 712 1360 τὸν
741 1307 904 1362 αὑτὸν
931 1310 1131 1380 τρόπον
1158 1312 1252 1365 καὶ
1280 1312 1309 1363 6
1337 1312 1516 1366 πάντα
1538 1313 1704 1378 ἀξιῶν
1728 1309 1864 1366 εἶναι
1900 1314 1986 1366 λό-

412 1414 506 1464 γος
538 1397 706 1468 ἀδηλα
741 1399 878 1469 μετά
920 1401 1030 1454 τῶν
1062 1401 1235 1455 ἀλλων
1269 1403 1482 1474 ἀναιρεῖ
1519 1406 1612 1458 καὶ
1643 1407 1854 1459 ἑαυτόν.
1922 1408 1984 1459 El

411 1488 521 1558 γὰρ
546 1489 704 1552 αὐτὸς
734 1490 894 1543 αὑτὸν
915 1490 1145 1561 ἐλέγχοι,
1174 1492 1386 1563 ληροῖεν
1410 1495 1474 1548 ἂν
1500 1497 1549 1548 οἱ
1578 1495 1845 1567 χρώμενοι
1865 1498 1986 1551 τού-

411 1597 508 1652 τῳ,
547 1580 749 1650 βέλτιον
788 1578 880 1635 οῦν
916 1585 1145 1653 ἡσυχίαν
1183 1585 1337 1652 ἄγειν
1375 1587 1593 1652 αὐτοὺς,
1626 1590 1718 1642 καὶ
1754 1591 1890 1661 μηδέ
1923 1591 1984 1644 τὸ

413 1673 587 1742 στόμα
619 1672 862 1744 διαίρειν.
907 1674 1065 1728 Ἀλλὰ
1092 1677 1198 1748 μὴν
1219 1677 1326 1729 οὐδ’
1358 1680 1542 1750 ὅμοιον
1579 1680 1690 1751 ἔχει
1721 1698 1773 1734 τι
1796 1682 1858 1734 τὸ
1893 1700 1985 1736 κα-

413 1763 663 1836 θαρτικὸν
703 1766 1009 1837 φάρμακον,
1039 1769 1134 1821 καὶ
1163 1771 1191 1822 6
1220 1770 1422 1824 τούτων
1456 1771 1630 1840 λόγρς.
1655 1775 1727 1826 Τὸ
1755 1775 1853 1844 μὲν
1874 1775 1984 1847 γὰρ

411 1857 700 1928 φάρμακον
733 1858 1058 1930 ἐκκρίνεται.
1095 1863 1198 1914 κάν
1217 1865 1330 1926 τοῖς
1365 1862 1610 1934 σώμασιν
1647 1865 1744 1934 οὐχ
1779 1867 1985 1936 ὑπομέ-

411 1966 511 2002 νει·
546 1949 636 2002 τὺν
674 1949 857 2020 μέντοι
885 1950 1040 2019 λόγον
1064 1953 1122 2006 ἐν
1143 1956 1264 2016 ταῖς
1289 1953 1488 2024 ψυχαῖς
1512 1955 1776 2026 ὑπάρχειν
1795 1958 1875 2010 δεῖ
1893 1959 1986 2011 τὸν

409 2041 572 2094 αὑτὸν
593 2041 741 2103 ὄντα,
770 2043 864 2094 καὶ
895 2044 1281 2114 πιστευόμενον
1317 2046 1442 2100 αἰεί.
1489 2048 1663 2110 Μόνος
1690 2048 1799 2119 γὰρ
1831 2043 1984 2114 οὗτος

408 2133 492 2203 εἴη
519 2132 606 2197 ἂν,
639 2135 667 2186 6
695 2133 861 2186 ποιῶν
893 2133 1390 2202 ἀσυγκαταθέτους.
1426 2138 1548 2190 Ὅτι
1591 2139 1636 2191 δ’
1662 2141 1761 2192 οὐκ
1785 2142 1982 2194 οῐονται

407 2225 498 2277 τὸν
532 2224 813 2296 ἄνθρωπον
833 2225 1122 2292 ἀδόξαστον
1143 2223 1303 2291 εῖναι,
1336 2230 1428 2282 καὶ
1449 2229 1546 2283 ὡδὶ
1567 2233 1874 2303 καταμάθοι
1898 2251 1983 2297 τις

406 2315 491 2372 ἄν.
542 2317 824 2372 Ἀδύνατον
860 2317 968 2389 γάρ
1028 2318 1118 2371 τὸν
1154 2319 1541 2392 αἰσθανόμενον
1599 2324 1672 2394 μὴ
1726 2325 1982 2378 αἰσθάνε-

409 2406 554 2460 οθαι.
577 2408 650 2461 Τὸ
671 2408 712 2460 δ’
747 2408 1112 2472 αἰσθάνεσθαι,
1135 2409 1421 2482 γνωρίζειν
1453 2430 1506 2465 τι
1536 2409 1625 2484 ἦν.
1656 2415 1776 2468 Ὀτι
1806 2416 1861 2469 δέ
1889 2417 1982 2470 καὶ

405 2497 651 2551 πιστεύει
685 2501 750 2569 τῇ
791 2499 1058 2570 αἰσθήσει,
1089 2502 1223 2554 πᾶσι
1266 2502 1517 2571 φανερόν.
1568 2505 1981 2577 Ἀκριόἐστερω

405 2588 514 2661 γὰρ
544 2589 710 2642 θέλων
741 2590 884 2654 ἰδεῖν,
913 2591 1162 2663 ἀπέφησε
1196 2591 1274 2645 τὼ
1306 2592 1588 2665 ὀφθαλμὼ,
1611 2596 1706 2649 καὶ
1742 2598 1980 2669 προσῆλ-

406 2676 496 2730 θεν
526 2678 838 2751 ἐγγύτερον,
867 2681 958 2732 καὶ
984 2680 1314 2736 ἐπιλλίσατο.
1352 2685 1460 2736 Καὶ
1494 2683 1600 2754 μὴν
1631 2685 1878 2756 ήδόμενοί
1916 2705 1979 2756 γε

405 2768 499 2821 καὶ
527 2769 816 2832 πονοῦντες
860 2769 1036 2841 ἴσμεν.
1079 2771 1214 2824 Οὐδὲ
1250 2770 1358 2843 γὰρ
1396 2767 1505 2825 οἷόν
1531 2790 1591 2826 τε
1627 2774 1716 2827 τὸν
1751 2777 1977 2847 καιόμε-

405 2876 493 2912 νον
526 2858 559 2930 ἢ
591 2859 916 2930 τεμνόμενον
965 2861 1195 2930 ἀγνοεῖν.
1251 2863 1361 2925 Τάς
1411 2863 1467 2915 δὲ
1517 2862 1580 2935 δὴ
1625 2867 1847 2936 μνήμας
1884 2867 1978 2920 καὶ

403 2953 734 3024 ἀναμνήσεις
764 2952 844 3014 τίς
872 2953 971 3005 οὐκ
995 2951 1059 3006 ἂν
1095 2953 1228 3023 φαίη
1274 2954 1391 3024 μεθ’
1434 2955 1754 3026 ὑπολήψεως
1792 2958 1976 3026 γίγνε-

406 3044 562 3110 σθαι;
589 3045 722 3114 Περὶ
753 3046 850 3116 μὲν
882 3046 990 3117 γάρ
1017 3045 1124 3098 τῶν
1173 3046 1366 3099 κοινῶν
1396 3047 1634 3113 ἐννοιῶν,
1667 3050 1746 3102 ὅτι
1784 3051 1844 3102 τὸ
1872 3068 1974 3104 τοι·
1999 3084 2041 3141 C

402 3136 556 3188 οῦτον
611 3136 891 3206 ἄνθρωπός
922 3138 1089 3199 ἐστιν,
1125 3135 1203 3189 ἔτι
1232 3136 1288 3188 δὲ
1341 3138 1468 3207 περὶ
1497 3138 1603 3191 τῶν
1655 3140 1972 3211 ἐπιστημῶν

404 3229 496 3280 καί
529 3229 749 3298 τεχνῶν,
809 3229 861 3282 τί
900 3229 1045 3297 λέγοι
1075 3247 1157 3292 τις
1188 3230 1278 3294 iv;
1307 3231 1458 3284 οὐδὲν
1490 3231 1598 3302 γὰρ
1630 3227 1698 3303 ἦν
1745 3233 1969 3298 τούτων,

403 3319 452 3370 εί
505 3318 579 3387 μὴ
637 3318 972 3388 πεφύκειμεν
1023 3318 1444 3387 ὑπολαμϐάνειν.
1493 3319 1632 3372 Ἀλλ’
1684 3320 1857 3390 ἔγωγε
1899 3324 1973 3376 ἐῶ

402 3408 587 3462 τᾶλλα.
629 3411 753 3473 Τοῖς
785 3411 964 3482 μέντοι
994 3411 1303 3482 λεγομένοις
1327 3412 1430 3465 ὑπὸ
1454 3412 1655 3465 τούτων
1686 3414 1777 3466 ἐάν
1800 3433 1857 3468 τε
1886 3433 1973 3468 πι-

405 3499 703 3570 στεύωμεν,
735 3500 828 3554 ἐάν
853 3518 912 3553 τε
946 3501 1284 3572 ἀπιστῶμεν,
1318 3502 1630 3572 ἀναγκαίως
1670 3503 1780 3574 ἔχει
1819 3505 1972 3569 δοξά-

403 3590 516 3654 ζειν
546 3593 722 3662 πάντη
765 3609 823 3646 τε
854 3595 946 3646 καὶ
976 3593 1206 3657 πάντως.
1263 3595 1384 3648 Ὅτι
1444 3595 1542 3665 μὲν
1573 3591 1666 3648 οὖν
1699 3597 1974 3668 ἀμήχανόν

403 3685 519 3736 ἐστι
549 3683 854 3752 φιλοσοφεῖν
884 3683 974 3736 τὸν
1002 3683 1203 3755 τρόπον
1232 3684 1417 3738 τοῦτον
1440 3725 1454 3749 ,
1491 3685 1749 3757 φανερόν·
1795 3689 1875 3740 ὅτι
1916 3687 1972 3740 δὲ

402 3775 496 3826 καὶ
528 3773 676 3844 παρὰ
703 3773 885 3842 φύσιν,
913 3775 1008 3826 καὶ
1037 3774 1186 3846 παρά
1216 3776 1342 3838 τοὺς
1363 3776 1576 3846 νόμους,
1617 3777 1712 3830 ὡδὶ
1739 3779 1973 3831 κατίδοι-

406 3880 505 3933 μεν
542 3864 626 3918 ἀν.
659 3865 722 3916 Εί
753 3864 850 3934 μὲν
882 3864 990 3935 γὰρ
1041 3865 1113 3935 τῷ
1145 3865 1257 3918 ὄντι
1309 3865 1377 3918 τὰ
1408 3868 1708 3937 πράγματα
1753 3869 1974 3922 τοιαῦτα

401 3955 509 4026 εἴη,
529 3955 580 4007 τί
611 3954 796 4007 λοιπὸν
821 3953 933 4007 ἀλλ’
966 3955 999 4026 ἥ
1029 3956 1278 4027 καθάπερ
1300 3957 1357 4009 ἐν
1383 3956 1534 4027 ῦπνῳ
1559 3955 1657 4028 ζῇν
1682 3960 1827 4028 ἡμᾶς
1852 3959 1972 4029 εἰκῆ

402 4045 496 4098 καὶ
525 4045 893 4117 ἐμπλήκτως;
929 4044 1068 4098 ὥστε
1117 4047 1400 4118 φλυαροῖεν
1449 4047 1514 4101 ἂν
1573 4049 1620 4101 οἱ
1664 4049 1971 4119 νομοθέται,

403 4137 496 4189 καὶ
517 4137 832 4209 στρατηγοὶ,
863 4138 956 4190 καὶ
981 4139 1028 4189 οἱ
1065 4137 1428 4201 παιδεύοντες.
1481 4139 1620 4191 Ἀλλ’
1663 4139 1848 4210 ἔμοιγε
1889 4141 1975 4193 δο-

403 4228 589 4283 κοῦσιν
607 4232 655 4282 οἱ
689 4230 786 4300 μὲν
815 4229 962 4283 ἄλλοι
988 4231 1185 4292 πάντες
1209 4229 1484 4300 ἄνθρωποι
1501 4231 1600 4302 ζῇν
1625 4231 1764 4284 κατά
1793 4232 1970 4300 φύσιν,

405 4321 554 4390 μόνοι
584 4321 764 4391 μέντοι
791 4321 1166 4392 τετυφῶσθαι,
1202 4322 1398 4392 μᾶλλον
1437 4323 1493 4375 δὲ
1529 4324 1826 4394 μεμηνέναι
1874 4343 1975 4395 μα-

2091 498 2465 565 pronuntiant,
2517 498 2570 552 in
2605 501 2712 553 vita
2760 499 3093 554 instituenda
3115 508 3321 552 naturae
3365 505 3661 551 consuetu-

2089 589 2340 658 dinisque
2390 591 2611 644 ductum
2667 591 2820 660 sequi
2869 599 3157 660 oportere,
3199 589 3472 659 simulque
3507 588 3660 642 nulla

2088 683 2304 753 penitus
2335 683 2398 735 ~in
2424 698 2483 736 re
2512 683 2824 737 haerendum
2866 698 2986 737 esse
3017 683 3246 744 docent,
3288 681 3499 735 faciunt
3541 680 3660 734 ine-

2089 776 2354 845 ptissime.
2379 774 2512 828 Nam
2542 785 2602 830 ut
2636 777 2766 830 fides
2799 775 3010 828 caeteris
3035 774 3292 829 omnibus
3313 773 3652 837 detrahatur,

2089 865 2217 921 huic
2245 868 2436 922 saltem
2479 867 2724 921 habenda
2757 867 3067 921 necessario
3093 867 3182 931 sit,
3219 867 3488 935 planeque
3539 875 3656 920 sta-

2089 954 2353 1010 tuendum
2407 956 2478 1009 ita
2514 973 2626 1009 rem
2681 957 2901 1010 habere.
2952 955 3057 1010 Sed
3105 956 3250 1010 enim
3297 970 3392 1010 cur
3445 963 3655 1008 natura:

2087 1047 2604 1116 consuetudinisque
2621 1052 2843 1101 ductum
2869 1047 3022 1116 sequi
3050 1046 3230 1116 potius
3255 1060 3358 1100 nos
3382 1053 3649 1114 oporteat,

2085 1153 2247 1208 quam
2283 1138 2352 1191 ah
2385 1153 2452 1192 eo
2500 1138 2798 1202 discedere,
2849 1138 2941 1207 qui
2999 1152 3097 1194 nec
3139 1137 3380 1192 sciamus
3425 1135 3653 1189 omnino

2085 1231 2403 1300 quidquam,
2443 1245 2540 1284 nec
2563 1231 2720 1296 cujus
2754 1231 2804 1283 vi
2829 1229 3097 1298 judicium
3133 1229 3260 1283 ferri
3295 1227 3469 1297 possit
3499 1227 3652 1297 quid-

2084 1331 2247 1384 quam
2285 1315 2619 1368 habeamus?
2641 1314 2795 1380 Quod
2830 1316 2973 1368 enim
3000 1315 3225 1376 addunt,
3262 1322 3523 1366 extrema:
3555 1327 3653 1366 cu-

2079 1407 2298 1478 jusdam
2332 1407 2577 1462 stultitia:
2602 1416 2686 1460 est
2716 1425 2728 1460 :
2760 1406 3218 1476 quemadmodum
3253 1405 3569 1474 pharmaca,
3593 1401 3649 1456 in

2083 1496 2283 1565 quibus
2337 1496 2601 1566 purgandi
2662 1496 2745 1550 vis
2800 1504 2917 1560 est,
2969 1511 3088 1550 sese
3135 1510 3256 1549 cum
3290 1491 3650 1549 excrementis

2088 1586 2224 1654 ipsis
2247 1586 2452 1656 pariter
2491 1602 2555 1642 ac
2589 1586 3102 1652 srmulexcer-nuut;
3135 1585 3205 1638 ita
3233 1600 3354 1653 quae
3393 1583 3532 1638 ratio
3564 1583 3650 1636 in-

2083 1687 2232 1731 certa
2269 1692 2389 1732 esse
2420 1677 2603 1732 omnia
2634 1678 2910 1739 conficiat.
2935 1693 3056 1732 eam
3085 1693 3143 1731 se
3170 1691 3388 1746 quoque
3419 1675 3647 1744 perinde

2012 1746 2055 1801 Β
2085 1777 2145 1823 ut
2165 1769 2372 1839 reliqua
2397 1769 2644 1824 funditus
2687 1770 3013 1824 convellere.
3046 1767 3181 1822 Nam
3215 1768 3260 1822 si
3301 1765 3500 1821 refutat
3525 1766 3645 1836 ipsa

2085 1876 2224 1925 sese,
2256 1863 2462 1916 insulse
2494 1861 2659 1917 faciat
2681 1878 2744 1916 ea
2777 1863 2868 1932 qui
2904 1870 3105 1917 utetur.
3153 1860 3453 1927 Quiescant
3482 1860 3646 1930 igitur

2085 1950 2193 2015 isti,
2230 1966 2293 2006 ac
2324 1969 2392 2007 ne
2425 1953 2640 2007 hiscant
2669 1953 2907 2022 quidem.
2943 1951 3181 2007 Tametsi
3218 1965 3320 2006 nec
3347 1951 3647 2021 pharmaco

2084 2039 2160 2094 illi
2189 2056 2296 2110 quo
2323 2057 2620 2110 purgamur
2672 2042 2902 2097 istorum
2953 2042 3092 2096 ratio
3136 2041 3314 2096 simile
3344 2041 3646 2110 quidquam

2084 2129 2264 2185 habet.
2296 2128 2429 2184 Nam
2456 2131 2529 2185 ita
2574 2131 2928 2200 pharmacum
2969 2133 3305 2197 excernitur,
3334 2141 3394 2185 ut
3428 2135 3482 2184 in
3524 2145 3648 2184 cor-

2083 2237 2214 2292 pore
2241 2223 2464 2277 minime
2494 2224 2731 2277 resideat
2767 2242 2778 2277 :
2811 2224 2924 2278 hate
2966 2223 3106 2276 ratio
3147 2231 3200 2277 et
3225 2223 3414 2278 eadem
3440 2222 3647 2276 haereat

2083 2313 2136 2366 in
2168 2323 2346 2368 mente
2379 2329 2613 2384 semper,
2645 2324 2699 2369 et
2730 2315 2886 2368 fidem
2923 2329 2953 2369 a
2986 2314 3145 2369 nobis
3183 2323 3500 2384 perpetuam
3538 2314 3644 2367 im-

2081 2411 2274 2472 petret,
2304 2418 2527 2460 necesse
2554 2413 2658 2470 est,
2705 2405 2848 2472 quod
2876 2421 2937 2460 ea
2989 2419 3090 2460 nos
3137 2405 3253 2460 sola
3287 2420 3356 2460 ne
3385 2406 3642 2474 cuiquam

2081 2494 2442 2549 assentiamur
2463 2493 2679 2550 cﬂiciat.
2722 2493 2894 2550 Porro
2944 2509 3108 2565 quam
3165 2510 3234 2550 ne
3284 2495 3372 2551 isti
3419 2495 3642 2565 quidem

2081 2582 2336 2652 opinandi
2365 2583 2472 2638 vim
2498 2583 2704 2638 homini
2737 2586 2988 2654 eripiant,
3022 2585 3102 2638 vel
3137 2601 3202 2640 ex
3247 2600 3313 2640 eo
3348 2585 3639 2655 intelligas.

2079 2671 2182 2738 Qui
2209 2671 2392 2735 sentit,
2419 2671 2562 2726 idem
2593 2684 2652 2726 ut
2691 2688 2758 2726 ne
2784 2674 2982 2727 sentiat
3011 2674 3124 2726 fieri
3169 2673 3318 2728 nullo
3345 2675 3508 2729 modo
3553 2689 3643 2742 po-

2078 2771 2220 2817 test:
2253 2765 2452 2818 sentire
2478 2771 2658 2816 autem
2698 2777 3024 2833 cognoscere
3067 2773 3172 2819 est.
3212 2765 3283 2818 At
3319 2780 3416 2819 eos
3455 2764 3638 2819 sensui

2076 2853 2236 2909 ﬁdem
2271 2853 2470 2908 habere
2496 2869 2657 2907 nemo
2692 2869 2798 2907 non
2831 2855 2994 2908 videt.
3037 2852 3172 2907 Nam
3222 2863 3282 2908 ut
3311 2855 3515 2909 certius
3542 2855 3644 2908 ali-

2075 2945 2204 3015 quid
2243 2944 2441 2998 intueri
2493 2944 2740 3013 possint,
2795 2960 2918 2998 cum
2960 2959 3193 3014 purgare
3239 2945 3468 3009 oculos,
3522 2953 3640 3000 tum

2074 3038 2236 3091 etiam
2269 3038 2526 3090 accedere
2554 3036 2796 3104 propius,
2815 3051 2880 3090 ac
2899 3036 3128 3089 subinde
3156 3035 3411 3090 nictando
3442 3035 3641 3090 intueri

2075 3128 2269 3183 solent.
2301 3127 2442 3194 Quid
2470 3128 2612 3197 quod
2665 3136 2911 3181 nostrum
2946 3127 3048 3196 ipsi
3084 3137 3191 3180 tam
3236 3126 3436 3181 laetitia:
3474 3143 3640 3197 quam

2074 3220 2280 3276 doloris
2310 3235 2534 3275 sensum
2574 3220 2866 3274 novimus?
2894 3217 3004 3273 Nec
3027 3219 3170 3273 enim
3207 3219 3322 3273 fieri
3353 3221 3544 3288 possit,
3580 3230 3640 3275 ut

2075 3331 2192 3370 sese
2216 3315 2299 3368 uri
2325 3314 2449 3384 quis
2475 3321 2570 3367 aut
2591 3313 2764 3366 secari
2798 3312 3025 3366 nesciat.
3053 3311 3367 3366 Memoriam
3390 3312 3640 3366 similiter

2075 3423 2139 3462 ac
2183 3408 2614 3463 recordationem
2669 3407 2794 3474 quis
2837 3421 2945 3458 non
2971 3405 3375 3460 existimatione
3407 3407 3638 3474 conjun-

2075 3505 2216 3552 ctam
2269 3511 2390 3550 esse
2442 3495 2685 3550 dixerit?
2724 3494 2864 3560 Quid
2926 3495 2994 3550 de
3049 3495 3328 3550 communi
3394 3496 3640 3550 omnium

2075 3603 2262 3651 sensu,
2296 3586 2390 3656 qui
2429 3585 2698 3656 ejusmodi
2759 3585 3031 3641 hominem
3067 3601 3190 3641 esse
3231 3587 3461 3651 clamat;
3509 3587 3643 3658 quid

2074 3680 2141 3733 de
2193 3679 2406 3732 artibus
2456 3678 2833 3747 doctrinisque
2876 3678 3122 3732 dicetur?
3167 3677 3398 3732 Istorum
3443 3681 3646 3748 quippe

2075 3770 2213 3823 nihil
2268 3770 2618 3832 haberemus,
2670 3770 2775 3824 nisi
2826 3785 2857 3824 a
2907 3781 3103 3824 natura
3151 3770 3498 3826 existimandi
3532 3773 3642 3826 vim

2075 3860 2421 3915 haberemus.
2453 3861 2524 3914 At
2557 3861 2713 3914 mitto
2747 3870 2960 3919 caetera.
2995 3861 3122 3915 dum
3155 3863 3260 3915 hoc
3311 3877 3478 3916 unum
3527 3879 3644 3916 ma-

2075 3960 2220 4016 neat,
2254 3951 2412 4006 fidem
2444 3962 2505 4005 ut
2554 3953 2622 4005 iis
2663 3951 2776 4012 sive
2829 3953 3146 4013 habeamus,
3194 3953 3307 4007 sive
3359 3969 3640 4024 negemus,

2075 4043 2335 4110 Opinandi
2382 4041 2694 4097 facultatem
2744 4045 3058 4097 necessario
3109 4044 3266 4099 nobis
3316 4059 3435 4099 esse
3474 4045 3641 4098 relin-

2075 4134 2371 4202 quendam.
2407 4132 2679 4188 Hactenus
2716 4134 2880 4202 igitur
2931 4135 3131 4187 nnilam
3161 4135 3429 4203 ejusmodi
3464 4135 3644 4204 philo-

2075 4225 2337 4293 sophandi
2367 4228 2632 4278 rationem
2680 4239 2800 4278 esse
2853 4239 3011 4292 posse
3057 4226 3418 4279 ostendimus.
3467 4225 3640 4290 Quam

2074 4316 2263 4371 eadem
2298 4315 2497 4368 rationi
2539 4331 2602 4369 ac
2634 4315 2843 4385 legibus
2885 4315 3224 4380 adversetur,
3260 4317 3386 4372 hinc
3431 4317 3637 4386 accipe.

402 4413 521 4468 νίαν
538 4413 854 4484 ἐρρωμένην
876 4415 922 4465 οἱ
946 4413 1116 4466 ταῦτα
1135 4411 1444 4483 ληροῦντες.
1475 4414 1586 4485 Οὐχ
1615 4416 1813 4484 ἥκιστα
1845 4416 1973 4486 μέν-

2078 4407 2212 4460 Nam
2255 4408 2299 4461 si
2325 4422 2450 4460 vere
2476 4407 2545 4459 ita
2575 4423 2662 4460 res
2697 4407 2956 4469 habeant,
2995 4407 3122 4476 quid
3166 4408 3313 4461 aliud
3368 4417 3638 4477 superest,

399 4519 481 4556 τοι
510 4503 666 4555 τοῦτο
689 4501 992 4572 καταμάθοι
1017 4519 1101 4564 τις
1126 4501 1190 4554 ἂν
1219 4502 1491 4555 κάκεῖθεν.
1539 4503 1836 4570 Ἀντίγονος
1862 4506 1970 4574 γὰρ

400 4597 430 4648 6
463 4594 768 4666 Καρύστιος
806 4594 942 4647 κατά
995 4595 1119 4656 τοὺς
1151 4595 1343 4656 αὐτοὺς
1387 4593 1674 4662 γενόμενος
1724 4595 1966 4664 χρόνους,

401 4685 495 4738 καὶ
529 4683 846 4755 ἀναγράψας
881 4683 1058 4736 αὐτῶν
1103 4683 1192 4736 τὸν
1222 4683 1334 4752 βίον
1355 4723 1370 4746 ,
1400 4684 1534 4754 φησι
1565 4683 1656 4736 τὸν
1701 4685 1968 4756 Πύρρωνα

399 4775 725 4845 διωκόμενον
776 4775 881 4827 ὑπὸ
934 4774 1116 4838 κυνὸς,
1150 4775 1446 4844 ἀναφυγεῖν
1488 4774 1580 4826 ἐπί
1633 4793 1684 4828 τι
1717 4776 1964 4849 δένδρον·

403 4869 782 4938 σκωπτόμενον
816 4867 860 4918 δ’
895 4866 998 4919 ὑπὸ
1028 4866 1136 4919 τῶν
1170 4866 1451 4935 παρόντων
1472 4907 1486 4930 ,
1523 4869 1693 4920 εἰπεῖν
1717 4909 1730 4932 ,
1765 4868 1840 4932 ὼς
1872 4887 1971 4940 χα-

401 4958 564 5011 λεπὸν
613 4960 698 5029 εἴη
749 4959 839 5011 τὸν
889 4957 1176 5028 ἄνθρωπον
1205 4957 1440 5011 ἐκδῦναι.
1472 4959 1724 5030 Φιλίστης
1766 4960 1822 5012 δὲ
1872 4961 1970 5031 τῆς

400 5047 632 5119 ἀδελφῆς
661 5047 820 5102 αὑτοῦ
851 5048 1101 5118 θυούσης,
1125 5049 1314 5101 ἔπειτα
1333 5047 1441 5102 τῶν
1467 5050 1636 5117 φίλων
1662 5050 1805 5114 τινὸς
1837 5051 1970 5102 ὑπο-

403 5140 668 5209 σχομένου
691 5140 758 5192 τὰ
790 5140 922 5210 πρὸς
949 5139 1048 5210 τὴν
1081 5139 1290 5203 θυσίαν,
1317 5140 1410 5192 καὶ
1435 5141 1508 5211 μὴ
1532 5141 1966 5211 παρασχομένου.

401 5227 508 5280 Τοῦ
549 5229 728 5298 μέντοι
758 5229 1048 5300 Πύρρωνος
1085 5228 1384 5300 πριαμένου
1405 5269 1420 5292 ,
1469 5230 1562 5282 καὶ
1597 5229 1969 5298 ἀγανακτοῦν-

399 5336 512 5384 τος,
537 5321 834 5391 ἐπειδήπερ
857 5321 884 5372 ό
911 5319 1060 5389 φίλος
1087 5319 1290 5388 ἔλεγεν,
1321 5321 1395 5382 ὡς
1426 5321 1486 5372 o6
1525 5323 1808 5391 ποιήσαιτο
1837 5321 1972 5392 σύμ-

399 5425 555 5479 φωνα
604 5412 715 5471 τοῖς
766 5408 963 5476 λόγοις,
995 5408 1100 5461 οὐδ’
1150 5407 1274 5474 ἀξια
1319 5409 1417 5478 τῆς
1450 5407 1749 5470 ἀπαθείας·
1799 5410 1970 5460 εἰπεῖν

396 5502 561 5556 αὐτόν
585 5518 596 5530 ·
643 5501 729 5554 Ἐν
754 5499 884 5568 γοῦν
909 5499 1126 5568 γυναικὶ
1159 5501 1220 5552 o6
1249 5499 1329 5574 δεῖ
1365 5498 1462 5569 τὴν
1495 5497 1764 5563 ἀπόδειξιν
1800 5499 1970 5569 αὐτῆς

397 5591 691 5648 ποιεῖσθαι.
726 5593 916 5646 Καίτοι
943 5593 1166 5656 δικαίως
1201 5592 1266 5645 ἂν
1295 5587 1446 5644 εἶπεν
1469 5594 1496 5645 6
1526 5593 1676 5661 φίλος
1699 5633 1714 5658 ,
1760 5596 1840 5647 ὅτι
1869 5611 1972 5664 μα-

398 5688 526 5742 ταία
558 5690 650 5742 καὶ
682 5689 740 5741 ἐν
765 5689 1001 5755 γυναικὶ,
1033 5687 1125 5741 καὶ
1158 5686 1298 5748 κυνὶ,
1324 5685 1417 5738 καὶ
1449 5687 1630 5740 πᾶσιν.
1665 5687 1728 5740 El
1775 5685 1837 5757 δή
1887 5702 1968 5740 σοι

2078 4498 2181 4551 nisi
2212 4505 2271 4550 ut
2303 4499 2404 4560 sic,
2433 4505 2692 4566 tanquam
2725 4497 2778 4549 in
2829 4512 3046 4560 somno,
3088 4507 3292 4552 temere
3338 4499 3642 4568 stolideque

2078 4587 2358 4641 vivamus?
2407 4585 2688 4655 Nugentur
2727 4587 3006 4640 enimvero
3055 4587 3432 4658 legislatures;
3473 4590 3639 4644 duces

2076 4687 2544 4748 prwceptoresquc
2569 4689 2857 4749 nugentur.
2893 4679 3154 4747 Equidem
3183 4681 3320 4734 alios
3349 4695 3540 4736 omnes
3573 4697 3639 4733 ex

2077 4780 2282 4826 natura:
2317 4774 2632 4841 praescripto
2671 4773 2837 4827 vitam
2887 4775 3170 4830 instituere
3208 4777 3424 4842 sentio;
3471 4777 3640 4830 ratio-

2075 4878 2199 4916 nem
2251 4863 2385 4917 hanc
2428 4863 2869 4933 philosophorum
2901 4882 3063 4919 unam
3093 4882 3214 4936 quae
3245 4876 3354 4921 tam
3403 4868 3640 4922 absurda

2075 4953 2352 5022 loquatur,
2402 4955 2655 5018 delirare,
2702 4966 2796 5011 aut
2845 4957 3028 5026 potius
3064 4957 3409 5011 vehementer
3458 4957 3641 5011 furere

2076 5054 2276 5099 statuo.
2306 5045 2462 5111 Quod
2521 5047 2696 5116 ipsum
2731 5064 2798 5101 ex
2851 5048 3098 5117 sequenti
3145 5047 3443 5117 Pyrrhonis
3503 5047 3642 5104 facto

2076 5138 2312 5192 maxime
2343 5139 2954 5209 intelliges.Antigouus
2971 5139 3129 5210 763
3160 5141 3301 5193 enim
3334 5141 3638 5211 Carystius,

2076 5229 2168 5297 qui
2199 5228 2302 5282 sub
2325 5229 2511 5282 eadem
2543 5229 2755 5282 vivebat
2783 5239 3047 5298 tempora,
3077 5229 3282 5298 quique
3313 5231 3528 5286 illorum
3557 5233 3640 5284 vi-

2078 5330 2188 5372 tam
2215 5319 2562 5387 conscripsit,
2607 5316 2944 5388 Pyrrhonem
2978 5329 3404 5386 commemorat,
3435 5332 3494 5375 ut
3519 5337 3642 5377 sese

2078 5408 2384 5477 insequenti
2434 5408 2555 5461 cani
2609 5409 2875 5476 eriperet,
2927 5411 3220 5477 quamdam
3271 5409 3337 5463 ad
3389 5411 3640 5466 arborem

2077 5497 2394 5568 confugisse
2424 5516 2440 5552 :
2474 5513 2581 5568 qua
2609 5498 2676 5552 de
2711 5513 2875 5552 causa
2909 5514 3032 5552 cum
3073 5500 3142 5553 ab
3173 5500 3236 5554 iis
3267 5501 3361 5570 qui
3384 5502 3638 5569 aderant,

2076 5591 2364 5654 rideretur,
2403 5605 2546 5659 aegre
2584 5591 2876 5644 admodum
2924 5590 3197 5645 hominem
3238 5593 3365 5646 exui
3415 5609 3638 5662 respon-

2076 5682 2238 5740 disse.
2262 5680 2550 5748 Praeterea,
2579 5697 2701 5738 cum
2730 5680 2955 5738 Philista
2980 5681 3099 5752 ejus
3128 5699 3282 5740 soror
3312 5685 3639 5741 sacrificium
