4144 6422
513 294 656 349 1255

1154 259 1429 348 Ευεεοιι
1466 287 1950 345 οΑιεΑῐιιΕΝειε
1988 286 2074 341 0r

2184 288 2366 343 PARS
2403 288 2465 343 ll.
2512 318 2578 329 —
2623 287 3129 345 APOLOGETICA.

3638 295 3778 352 1256

511 411 822 475 adornaret,
852 408 1141 478 quemdam
1175 424 1240 461 ex
1264 406 1478 472 amicis,
1507 407 1601 476 qui
1628 422 1715 461 res
1736 407 1802 460 ad
1832 406 1961 459 illud
1986 421 2078 460 ne-

2184 406 2295 460 τῶν
2340 407 2513 475 λόγων
2555 406 2761 460 τούτων
2795 407 2947 461 ἐστὶν
2976 406 3188 476 ὄφελος,
3238 408 3415 479 ὀρθῶς
3446 409 3498 478 γ’
3526 409 3638 479 ἔχει
3677 427 3778 482 μα-

510 500 779 554 ressarias
804 498 1075 567 pollicitus
1094 495 1273 552 fuerat
1296 536 1311 559 ,
1363 495 1656 566 promissis
1689 511 1797 549 non
1844 495 2081 550 stetisse.

508 589 843 663 Pyrrhonem
872 590 1035 659 igitur
1060 604 1166 644 eos
1189 597 1441 658 sumptus
1462 586 1640 642 facere
1666 596 1938 653 coactum,
1959 601 2087 656 gra-

507 684 648 737 viter
696 683 749 736 id
789 682 1092 751 acerbeque
1136 696 1262 735 cum
1299 680 1486 746 ferret,
1522 694 1590 732 ex
1639 693 1739 733 suo
1774 678 1867 731 illo
1906 677 2086 732 amico

507 773 769 839 audiisse,
799 787 993 841 parum
1022 787 1081 826 se
1114 772 1336 827 omnino
1382 785 1606 826 suorum
1633 785 1701 824 ex
1741 770 2084 824 decretorum

505 865 827 935 praescripto
858 864 1059 930 facere,
1093 873 1258 932 atque
1282 864 1350 918 ab
1374 864 1523 916 omni
1555 862 1966 932 perturbatione
1997 877 2087 915 va-

505 971 669 1011 cuum
702 957 1009 1011 ostendere.
1040 954 1177 1010 Tum
1207 955 1486 1010 enimvero
1520 954 1853 1027 Pyrrhonem
1876 953 2084 1007 homini

504 1049 838 1118 reposuisse,
867 1049 1030 1119 hujus
1059 1048 1139 1103 rei
1168 1049 1326 1103 iidem
1348 1047 1401 1102 in
1429 1046 1763 1101 mulierculae
1775 1061 1943 1099 causa
1968 1044 2084 1099 ﬁeri

506 1155 616 1195 non
642 1140 860 1196 debere.
887 1138 989 1194 Cui
1023 1154 1156 1194 sane
1198 1141 1409 1193 amicus
1437 1138 1527 1193 ille
1567 1153 1701 1193 suus
1731 1137 1928 1192 merito
1963 1152 2083 1190 res-

450 1240 455 1245 ‘
505 1229 790 1298 ponderet,
816 1230 869 1283 in
899 1230 1160 1292 muliere,
1194 1228 1248 1282 in
1285 1243 1440 1295 caue,
1468 1229 1523 1281 in
1558 1227 1784 1296 reliquis
1829 1226 2084 1281 omnibus

505 1321 670 1377 inane
703 1330 877 1377 totum
928 1324 1030 1376 hoc
1072 1320 1385 1391 disputandi
1415 1334 1586 1388 genus
1634 1317 1898 1373 futurum.
1925 1315 2081 1383 Quod

504 1413 549 1467 si
582 1413 902 1467 nonnullum
949 1412 1046 1466 tibi
1085 1426 1264 1481 opera:
1301 1409 1537 1480 pretium
1585 1424 1649 1463 ex
1691 1408 1796 1463 hac
1831 1408 2083 1463 oratione

504 1501 749 1559 futurum
780 1505 1015 1570 videtur,
1050 1505 1194 1559 haud
1221 1505 1319 1559 abs
1358 1518 1419 1557 re
1449 1501 1637 1568 fuerit,
1666 1509 1780 1555 tum
1803 1514 1944 1570 quos
1979 1499 2081 1552 ha-

503 1594 684 1650 buerit
717 1596 821 1651 iste
846 1605 1166 1659 sectatores,
1202 1604 1316 1649 tum
1343 1609 1481 1664 quos
1513 1592 1804 1648 aemulatus
1824 1591 1941 1659 ipse
1966 1588 2085 1643 fue-

2192 496 2332 559 θεῖν,
2376 498 2470 550 καὶ
2514 499 2661 563 τίνες
2698 498 2746 550 οί
2782 496 3127 567 ζηλώσαντες
3159 498 3319 550 αὐτὸν
3361 498 3644 567 ἐγένοντο,
3686 501 3778 553 καὶ

2189 587 2343 650 τίνας
2369 587 2639 659 ἐζήλωσεν
2663 588 2827 651 αὐτός
2886 589 2945 641 '0
2977 586 3078 659 μὲν
3110 585 3205 641 οὗν
3232 589 3465 661 Πύρρων
3511 591 3776 665 ’Δναξάρ-

2191 694 2286 747 χου
2307 678 2453 742 τινὸς
2480 679 2697 746 ἐγένετο
2738 679 3005 750 μαθητὴς,
3036 679 3095 742 ὃς
3117 680 3176 733 τὸ
3209 681 3306 750 μὲν
3338 681 3554 752 πρῶτον
3580 679 3649 754 ἦν
3681 685 3780 749 ζω-
3836 748 3841 753 θ

2188 768 2434 840 γράφος,
2466 770 2575 822 οὐδ’
2614 769 2789 833 οὓτως
2824 771 3084 840 εὐτυχὴς,
3122 771 3315 825 ἔπειτα
3347 775 3459 836 τοῖς
3500 774 3777 847 Δημοκρί-

2186 875 2281 912 του
2336 858 2562 929 βιϐλίοις
2590 859 2847 930 ἐντυχὼν,
2876 861 3113 933 χρηστὸν
3136 862 3236 932 μὲν
3250 863 3402 917 οὐδὲν
3435 862 3560 917 οὔτε
3593 860 3773 937 εὗρεν,

2186 949 2310 1003 οὔτε
2339 950 2542 1023 ἔγραψε
2565 992 2580 1015 ,
2630 952 2815 1015 κακῶς
2851 953 2909 1005 δὲ
2946 954 3154 1017 πάντας
3182 951 3305 1008 εἷπε
3346 958 3441 1010 καὶ
3490 956 3647 1021 θεοὺς
3681 955 3777 1013 καὶ⁹

2187 1038 2526 1110 ἀνθρώπους.
2554 1041 2728 1105 Αὐτὸς
2754 1042 2797 1094 δ’
2829 1039 3057 1114 ὕστερον
3088 1044 3278 1099 τοῦτον
3299 1045 3390 1100 τὸν
3419 1046 3590 1116 τῦφον
3621 1064 3775 1119 περι-

2188 1131 2535 1201 ϐαλλόμενος,
2563 1134 2654 1185 καί
2673 1132 2855 1187 καλῶν
2884 1134 3085 1205 ἄτυφον
3105 1136 3314 1203 ἑαυτὸν,
3335 1137 3485 1190 οὐδὲν
3501 1140 3559 1192 ὲν
3585 1140 3771 1211 γραφῇ

2187 1222 2502 1277 κατέλιπεν.
2548 1223 2796 1292 Ἐγένετο
2827 1224 2883 1277 δὲ
2912 1226 3159 1297 μαθητὴς
3180 1227 3345 1282 αὑτοῦ
3385 1229 3572 1299 Τίμων
3612 1228 3774 1285 Φλιά-

2189 1332 2321 1378 σιος,
2346 1314 2404 1379 ὃς
2433 1314 2495 1367 τὸ
2524 1315 2626 1384 μὲν
2670 1315 2886 1387 πρῶτον
2922 1318 3173 1389 ἐχόρευεν
3211 1321 3270 1372 ὲν
3319 1322 3430 1383 τοῖς
3478 1318 3728 1391 θεάτροις
3751 1334 3769 1351 ο

2186 1405 2377 1459 ἔπειτα
2396 1406 2441 1459 δ’
2477 1405 2715 1476 ἐντυχὼν
2742 1408 2891 1478 αὐτῷ
2912 1448 2927 1473 ,
2974 1408 3308 1478 συνέγραψεν
3355 1409 3629 1481 ἀργαλέας
3664 1426 3772 1464 πα-

2191 1497 2387 1568 ρῳδίας
2411 1498 2507 1550 καὶ
2538 1495 2900 1569 βωμολόχους,
2927 1501 2984 1552 ἐν
3007 1495 3094 1564 αἷς
3121 1500 3546 1573 βεσλασφήμηκε
3564 1503 3771 1565 πάντας

2187 1590 2315 1652 τοὺς
2346 1588 2566 1642 πώποτε
2617 1590 3107 1662 φιλοσοφήσαντας.
3142 1588 3309 1659 Οὗτος
3354 1595 3463 1666 γὰρ
3491 1591 3561 1666 ἦν
3583 1598 3612 1649 ὁ
3645 1596 3772 1659 τοὺς

500 1687 605 1755 rit,
672 1702 1020 1758 cognoscere.
1094 1685 1221 1740 Fuit
1294 1685 1460 1758 igitur
1510 1683 1722 1755 Pyrrho
1792 1681 2078 1751 cujusdam

2186 1680 2449 1746 Σίλλους
2474 1680 2713 1753 γράψας,
2744 1685 2841 1736 καὶ
2860 1682 3036 1754 λέγων
3055 1701 3068 1716 ·

500 1781 812 1835 Anaxarchi
848 1779 1151 1848 discipulus
1183 1796 1199 1833 :
1230 1792 1294 1833 ac
1328 1777 1563 1847 primum
1600 1774 1819 1845 quidem
1852 1773 2083 1843 picturae
2118 1785 2339 1840 operam
2365 1769 2533 1835 dedit,
2577 1782 2641 1832 at
2681 1787 2939 1828 successu
2988 1789 3181 1843 parum
3236 1773 3361 1829 laeto
3382 1791 3397 1827 :
3422 1776 3768 1845 postmodum

501 1890 631 1931 vero
660 1875 715 1928 in
745 1873 1035 1930 Democriti
1058 1873 1225 1928 libros
1250 1885 1376 1926 cum
1402 1868 1704 1933 incidisset,
1743 1864 1881 1921 nihil
1909 1872 2003 1919 aut
2029 1863 2085 1917 in
2124 1864 2191 1918 iis
2225 1863 2352 1917 boui
2387 1862 2611 1933 reperit,
2641 1873 2737 1918 aut
2766 1864 2880 1933 ipse
2910 1866 3258 1935 conscripsit,
3317 1866 3413 1921 sed
3466 1869 3598 1922 deos
3657 1875 3771 1921 tam

502 1981 615 2024 tum
671 1968 1034 2038 hominesque
1093 1979 1287 2020 omnes
1336 1961 1689 2018 contumeliis
1738 1973 1805 2014 ac
1863 1956 2080 2027 probris
2114 1954 2378 2009 oneravit.
2411 1954 2557 2009 idem
2589 1965 2778 2024 postea
2831 1971 2958 2010 cum
3026 1957 3131 2011 hoc
3167 1956 3342 2012 fastus
3374 1972 3570 2029 genere
3614 1957 3767 2014 labo-

501 2066 672 2123 raret,
704 2073 767 2113 ac
788 2072 910 2113 sese
938 2066 1120 2111 tamen
1144 2055 1214 2109 ab
1245 2054 1396 2108 omni
1429 2050 1574 2107 fastu
1605 2065 1836 2107 vacuum
1859 2048 2082 2110 diceret,
2123 2045 2328 2115 scripto
2350 2046 2572 2117 reliquit
2591 2046 2748 2100 nihil.
2777 2045 2826 2101 ls
2868 2047 3197 2117 discipulum
3236 2048 3425 2103 habuit
3478 2047 3765 2106 Timonem

499 2151 826 2215 Phliasium,
857 2150 1106 2220 quicum
1163 2158 1320 2202 antea
1374 2146 1690 2201 saltatorem
1741 2150 1929 2213 ageret
1950 2141 2005 2195 in
2065 2139 2271 2207 scenis,
2314 2140 2406 2195 ubi
2451 2141 2648 2195 deinde
2702 2140 2981 2195 hominem
3027 2141 3324 2208 audiisset,
3365 2145 3653 2199 mordaces
3710 2151 3768 2199 et

499 2242 778 2299 aculeatos
809 2253 1004 2295 versus
1052 2237 1241 2301 edidit,
1284 2235 1487 2306 quibus
1515 2242 1684 2290 totam
1731 2232 2078 2301 superiorum
2150 2231 2608 2301 philosophorum
2655 2234 2933 2288 nationem
2972 2233 3383 2303 ‘proscindebat.
3452 2234 3579 2291 Fuit
3617 2236 3764 2293 enim

500 2338 549 2393 is
576 2332 839 2390 Silloruut
872 2337 1085 2395 auctor,
1112 2342 1349 2399 quorum
1389 2342 1421 2382 e
1448 2339 1680 2381 numero
1724 2336 1856 2382 sunt
1885 2325 1981 2396 qui
2022 2334 2350 2395 sequuntur,

510 2450 612 2507 Vas
647 2465 808 2522 genus
833 2446 1044 2519 infelix,
1078 2453 1372 2514 nostraeque
1404 2441 1631 2512 infamia
1657 2442 1803 2506 vitat,

503 2584 618 2640 Nec
639 2583 745 2639 nisi
774 2589 952 2638 uenter
976 2580 1141 2646 iners,
1164 2584 1323 2633 dubio
1346 2594 1412 2633 ea:
1432 2591 1720 2631 certamine
1745 2574 1880 2632 ﬁcti.

500 2677 589 2742 Et,

572 2770 775 2841 Quippe
793 2767 888 2823 isti
911 2766 1078 2821 sensi:
1104 2763 1247 2834 pleni
1284 2763 1623 2819 mendacibus
1656 2774 1821 2818 utres.

496 2862 568 2918 At
595 2876 723 2918 eum
745 2861 860 2930 jam
896 2859 984 2913 isti
1016 2857 1242 2927 perinde
1276 2857 1345 2910 ab
1375 2855 1637 2911 omnibus
1665 2853 1895 2925 neglecti
1922 2852 2074 2923 jace-

498 2964 642 3021 rent,
668 2964 728 3010 ut
757 2955 804 3010 si
833 2952 1067 3007 fuissent
1112 2951 1214 3019 ipsi
1243 2963 1525 3018 nunquam
1551 2989 1569 3016 ,
1610 2947 1819 3003 exstitit
1850 2944 2077 3001 nudius-

498 3048 693 3105 tertius
721 3043 1067 3098 Alexandriae
1123 3039 1345 3111 Egypti
1394 3038 1787 3095 Enesidemus
1827 3039 2072 3110 quidam,

496 3142 591 3210 qui
620 3139 906 3209 antiquum
939 3135 1073 3190 illud
1115 3150 1380 3206 nugarum
1410 3148 1584 3204 genus
1618 3147 1876 3187 revocare
1907 3144 2076 3186 cona-

496 3241 668 3286 retur.
687 3230 866 3298 Atque
887 3228 945 3282 hi
980 3225 1093 3280 fere
1120 3234 1251 3281 sunt
1280 3225 1562 3281 communi
1591 3224 1848 3294 opinione
1872 3221 2076 3292 princi-

2195 2439 2470 2510 Σχέτλιω
2536 2438 2833 2508 ἅνθρωποι
2857 2479 2874 2504 ,
2946 2439 3078 2495 κάκ’
3118 2440 3407 2511 ἐλέγχεα,
3463 2440 3767 2511 *γαστέρες

2187 2582 2369 2638 Τοίων
2391 2581 2462 2636 ἐκ
2490 2579 2540 2636 τ’
2559 2579 2792 2650 ἐρίδων,
2814 2580 2885 2636 ἐκ
2904 2596 2966 2634 τε
2986 2579 3303 2650 στοναχῶν
3322 2510 3408 2652 (.ill
3422 2506 3762 2638 ganges.

2183 2674 2296 2730 Kal.

2262 2711 2594 2832 'Arﬂpwuoc
2618 2760 2835 2832 xersﬁc
2857 2762 3092 2831 οὶήσιος
3113 2760 3360 2831 ἔμπλεοι
3397 2767 3598 2818 laxat.

2181 2874 2427 2946 Μηδενὸς
2471 2874 2516 2926 δ’
2548 2872 2975 2944 ἐπιστραφέντος
3023 2870 3223 2936 αὐτῶν,
3279 2872 3354 2937 ὼς
3382 2875 3432 2925 εἰ
3470 2872 3603 2944 μηδὲ
3637 2870 3762 2942 ἐγέ-

2177 2987 2329 3026 νοντο
2355 2969 2416 3024 τὸ
2446 2969 2729 3041 παράπαν,
2761 2967 2917 3039 ἐχθὲς
2945 2969 3040 3023 καὶ
3069 2967 3261 3042 πρώην
3287 2971 3345 3021 ὲν
3390 2966 3763 3043 Ἀλεξανδρείᾳ
3842 2996 3849 3004 ·

2179 3065 2246 3135 τῇ
2282 3063 2400 3117 κατ’
2434 3062 2709 3131 Αἴγυπτον
2734 3061 3096 3134 Αίνησίδημός
3132 3079 3217 3127 τις
3251 3060 3634 3134 ἀναζωπυρεῖν
3663 3063 3763 3135 ἡρ-

2183 3155 2309 3222 ξατο
2332 3154 2423 3209 τὸν
2450 3155 2610 3209 ὕθλον
2641 3154 2850 3209 τοῦτον.
2890 3155 3001 3209 Καὶ
3029 3155 3214 3227 σχεδὸν
3247 3158 3298 3209 οἱ
3339 3155 3438 3226 μὲν
3482 3156 3761 3225 κράτισν..

2178 3246 2462 3310 δοκοῦντες
2509 3241 2650 3301 εἶναι
2705 3245 2815 3299 τῶν
2844 3246 2943 3318 τὴν
2977 3246 3095 3300 ὁδὸν
3144 3245 3504 3317 βεὸαδικότων
3556 3230 3761 3318 ταύτην

495 3338 614 3392 pes.
640 3323 736 3392 qui
767 3322 907 3375 hanc
937 3319 1356 3390 philosophandi
1389 3318 1531 3372 viam
1558 3318 1825 3373 institere.
1857 3314 1926 3370 Et
1951 3315 2072 3385 qui-

2184 3340 2317 3393 sicer
2345 3330 2509 3392 οὗτοι.
2544 3338 2662 3391 Ὀτι
2699 3338 2797 3408 μὲν
2824 3314 2917 3390 οὖν
2938 3336 3037 3407 τὴν
3078 3314 3333 3408 τοιαύτην
3359 3337 3413 3390 εἴ
3433 3354 3492 3390 τε
3526 3314 3758 3408 αῖρεσῖν,

496 3418 620 3471 dem
654 3415 818 3485 hujus
842 3414 926 3467 vel
952 3423 1135 3478 secta,
1171 3413 1252 3467 vel
1285 3411 1606 3480 disciplinae,
1637 3426 1722 3465 ve.
1749 3422 2075 3480 quocunque

2181 3432 2309 3484 εἴτε
2338 3430 2562 3500 ἀγωγὴν
2594 3430 2788 3496 λόγων,
2830 3427 2884 3481 ετ
2907 3445 2966 3481 τε
3003 3429 3109 3499 ὅπη
3151 3428 3244 3480 καὶ
3287 3429 3437 3491 ὅπως
3472 3428 3633 3502 ἐθέλῃ
3675 3447 3761 3495 τις

496 3509 605 3563 alio
633 3507 856 3561 nomine
874 3505 1012 3560 hanc
1039 3505 1313 3574 appellare
1342 3505 1532 3569 libeat,
1560 3504 1651 3572 qui
1683 3501 1932 3556 laudator
1951 3514 2074 3554 esse

2184 3524 2366 3576 καλεῖν
2392 3521 2581 3592 αὐτὴν,
2611 3520 2785 3583 οὐδεὶς
2813 3518 2879 3572 ἂν
2903 3515 2963 3572 εὖ
2992 3518 3205 3590 φρονῶν
3239 3517 3405 3589 ὀρθὴν
3433 3513 3570 3571 εἶναι
3601 3501 3760 3591 φαίη,

496 3601 646 3664 velit,
681 3598 953 3652 neminem
986 3595 1231 3651 futurum
1274 3599 1407 3652 satis
1437 3606 1674 3652 constat.
1702 3594 1814 3665 Ego
1838 3606 2077 3657 vero,ue

2184 3614 2358 3684 δῆλον.
2404 3611 2545 3681 Ἐγὼ
2581 3611 2679 3682 μὲν
2710 3610 2832 3662 οὐδὲ
2863 3608 3178 3678 φιλοσοφίαν
3201 3610 3383 3680 οἴομαι
3411 3610 3519 3662 δεῖν
3562 3609 3762 3681 ὀνομάι

497 3693 897 3764 philosophiam
928 3690 1148 3761 quidem
1178 3705 1298 3756 eam
1331 3695 1595 3757 vocarim,
1627 3706 1752 3747 cum
1802 3691 1917 3761 ipsa
1946 3688 2073 3759 phi-

2184 3707 2295 3772 ζειν
2317 3704 2505 3776 αὐτὴν,
2525 3701 2855 3773 άναιροῦσάν
2888 3719 2951 3770 γε
2974 3701 3038 3773 δὴ
3069 3702 3169 3766 τὰς
3189 3701 3282 3755 τοῦ
3316 3703 3625 3772 φιλοσοφεῖν
3654 3703 3756 3775 ἀρ-

498 3784 821 3855 losopbandi
858 3785 1122 3854 principia
1154 3786 1401 3841 tunditus
1439 3787 1732 3841 convellat.
1767 3803 1786 3837 ι
1820 3783 1943 3840 Haec
1968 3783 2071 3854 igi-

2184 3796 2301 3866 χάς.
2339 3813 2356 3844 ι
2392 3791 2576 3846 Ταῦτα
2614 3794 2715 3863 μὲν
2746 3787 2839 3846 οὖν
2866 3792 3001 3864 πρὸς
3023 3794 3149 3855 τοὺς
3197 3792 3339 3846 κατὰ
3376 3793 3646 3864 Πύρρωνα
3678 3811 3761 3864 φι-

497 3889 587 3933 tur
616 3878 879 3933 adversus
901 3877 1259 3947 philosophos
1281 3876 1582 3949 Pyrrhonis
1610 3886 1905 3932 sectatores
1927 3877 2071 3931 dicta

2184 3887 2431 3957 λοσοφεῖν
2454 3884 2859 3956 νομιζομένους.
2895 3886 3135 3955 Συγγενῆ
3163 3885 3206 3937 0"
3234 3885 3418 3949 αὐτοῖς
3441 3886 3525 3956 εἴη
3559 3886 3626 3941 ἂν
3665 3886 3761 3940 καὶ

497 3983 682 4030 sunto.
698 3972 907 4038 Quibus
921 3971 1097 4025 aiiinia
1118 3986 1249 4025 sane
1263 3986 1325 4026 ac
1337 3971 1552 4041 gemina
1568 3986 1689 4025 esse
1705 3969 1933 4038 possint,
1952 3969 2074 4039 qui—

2184 3979 2248 4033 τὰ
2293 3978 2686 4049 άντιλεγόμενα
2718 3976 2855 4048 πρὸς
2888 3978 3015 4040 τοὺς
3069 3976 3209 4030 κατὰ
3256 3977 3610 4050 Ἀρίστιππον
3668 3977 3760 4033 τὸν

498 4065 601 4119 bus
631 4064 668 4118 ii
694 4062 1111 4133 redarguantur,
1149 4062 1243 4131 qui
1282 4077 1349 4116 ex
1377 4061 1636 4130 Aristippi
1669 4060 1913 4130 Cyrenaai
1956 4076 2075 4115 sen-

2184 4069 2512 4140 Κυρηναῖον,
2549 4067 2686 4138 μόνα
2730 4066 2988 4136 λέγοντας
3041 4062 3179 4121 εἶναι
3222 4069 3293 4121 τὰ
3339 4070 3486 4141 πάθη
3523 4069 3761 4141 καταλη-

498 4157 692 4217 tentia,
722 4164 917 4223 praeter
944 4153 996 4207 id
1028 4153 1169 4222 quod
1202 4153 1455 4221 patiendo
1498 4154 1790 4214 subeatur,
1824 4166 2073 4222 compre-

2184 4159 2309 4211 πτά.
2344 4159 2668 4229 Σωκράτους
2698 4157 2742 4211 δ’
2783 4159 3000 4228 ἑταῖρος
3025 4159 3054 4210 ό
3104 4158 3456 4229 Ἀρίστιππος
3486 4155 3575 4229 ἦν,
3606 4162 3635 4213 ὁ
3659 4160 3758 4231 τὴν

497 4246 661 4301 bendi
683 4245 818 4299 nihil
845 4258 1009 4314 posse
1036 4244 1363 4297 docuerunt.
1417 4239 1660 4297 Socratis
1700 4249 1880 4295 autem
1918 4242 2073 4295 soda-

2184 4250 2520 4322 καλουμένην
2546 4251 2898 4322 Κυρηναῖκὴν
2931 4252 3339 4321 συστησάμενος
3378 4252 3587 4323 αἵρεσιν
3610 4291 3624 4316 ,
3662 4253 3757 4321 ἀφ’

497 4337 565 4392 iis
600 4335 910 4405 Aristippus
927 4332 1047 4393 fuit,
1072 4332 1167 4401 qui
1193 4331 1547 4401 Cyrenaicam
1578 4340 1783 4387 sectam
1811 4331 2069 4393 instituit,

2184 4337 2248 4414 ἧς
2284 4345 2384 4406 τὰς
2431 4343 2685 4415 ἀφορμὰς
2730 4342 3051 4414 Ἐπίκουρος
3106 4343 3240 4415 πρὸς
3281 4343 3380 4413 τὴν
3428 4342 3523 4395 τοῦ
3568 4344 3756 4408 τέλους

496 4446 563 4485 ex
588 4445 696 4499 qua
729 4427 950 4499 quidem
980 4424 1252 4494 Epicurus
1274 4423 1398 4479 ﬁnis
1424 4424 1569 4477 illius
1591 4425 1677 4479 sui
1704 4423 2070 4479 constituendi

2184 4435 2397 4488 ἔκθεσιν
2438 4435 2679 4505 εἴληφεν.
2704 4430 2816 4487 ’Ἦν
2849 4434 2894 4487 δ’
2924 4435 2953 4486 ὁ
2988 4433 3342 4506 Ἀρίστιππος
3393 4433 3557 4504 ὑγρὸς
3613 4435 3754 4488 πάνυ

499 4520 663 4593 764
691 4534 880 4574 ansam
907 4516 1160 4584 arripuit.
1190 4513 1320 4568 Erat
1347 4515 1492 4568 enim
1541 4517 1850 4585 Aristippus
1892 4515 2072 4571 mollis

2184 4524 2270 4580 τὸν
2303 4527 2417 4598 βίον
2451 4527 2547 4580 καὶ
2576 4527 2884 4598 φιλήδονος·
2922 4525 3033 4578 ἀλλ’
3066 4525 3217 4577 οὐδὲν
3255 4526 3350 4596 μὲν
3375 4517 3528 4589 οὗτος
3575 4529 3633 4579 ἐν
3676 4526 3757 4597 τῷ

499 4610 793 4665 admodum
835 4623 899 4662 ac
924 4605 1221 4673 voluptatis
1274 4617 1465 4661 amans
1493 4643 1507 4669 ,
1538 4606 1633 4675 qui
1683 4608 1899 4662 tametsi
1936 4609 2073 4662 nihil

2184 4618 2399 4690 φανερῷ
2426 4618 2555 4689 περὶ
2578 4617 2763 4680 τέλους
2790 4615 3077 4681 διελέξατο’
3112 4615 3337 4685 δυνάμει
3368 4616 3425 4668 δὲ
3457 4615 3557 4686 τῆς
3582 4617 3757 4671 εὐδαι-

499 4716 743 4772 unquam
783 4700 900 4769 ipse
950 4696 1128 4766 palam
1167 4695 1235 4750 de
1274 4696 1382 4750 line
1419 4696 1698 4760 disseruit,
1739 4699 1939 4752 virtute
1994 4709 2076 4752 ta—

2184 4712 2372 4784 μονίας
2391 4712 2490 4780 τὴν
2521 4710 2816 4763 ὑπόστασιν
2846 4708 3028 4777 ἔλεγεν
3055 4709 3111 4760 ὲν
3141 4706 3352 4778 ἡδοναῖς
3374 4708 3608 4762 κεῖσθαι.
3645 4710 3755 4763 Ἀεὶ

500 4810 645 4859 men,
684 4801 744 4847 ut
784 4793 1106 4861 loquuntur,
1158 4788 1512 4844 beatitudinis
1553 4790 1971 4844 fundamentum
2017 4790 2073 4843 in

2184 4803 2291 4873 γάρ
2327 4801 2520 4870 λόγους
2573 4800 2701 4870 περὶ
2740 4799 2933 4870 ἡδονῆς
2984 4798 3330 4868 ποιούμενος,
3383 4802 3465 4863 εἰς
3518 4800 3754 4870 ὑποψίαν

499 4886 872 4956 voluptatibus
901 4884 1139 4954 positum
1169 4897 1291 4937 esse
1315 4882 1523 4937 docuit.
1552 4880 1686 4936 Nam
1721 4897 1846 4937 cum
1871 4881 1939 4936 de
1974 4896 2074 4935 vo-

499 4979 709 5047 luptate
741 4984 1001 5046 perpetuo
1042 4974 1379 5043 loqueretur,
1411 4974 1551 5027 hanc
1588 4973 1706 5029 suis
1732 4974 2075 5027 auditoribus

501 5068 871 5139 suspicionem
901 5066 1090 5130 movit,
1133 5075 1192 5119 ut
1232 5064 1286 5118 in
1322 5065 1446 5119 vita:
1494 5064 1707 5119 deliciis
1746 5064 2074 5117 collocatum

501 5164 571 5216 ab
602 5176 668 5216 eo
714 5161 875 5215 tinem
907 5169 1177 5231 putarent.
1204 5158 1256 5214 is
1287 5157 1568 5229 Synallum
1601 5157 1894 5226 quemdam
1925 5157 2075 5226 ejus-

500 5268 609 5323 que
636 5253 825 5319 ﬂliam,
859 5251 1057 5306 Areten
1108 5251 1349 5316 nomine,
1400 5248 1699 5319 discipulos
1752 5247 1962 5301 habuit.
1998 5245 2071 5299 Ea

482 5346 675 5401 tilium
706 5344 944 5413 suscepit
973 5344 1332 5413 Aristippum,
1363 5342 1457 5411 qui
1484 5342 1554 5396 ab
1582 5340 1770 5395 eadem
1799 5340 1866 5394 ad
1901 5339 2070 5410 philo-

504 5436 709 5506 sophiae
752 5434 929 5489 studia
983 5434 1280 5503 pellectus,
1337 5431 1527 5485 matris
1567 5429 1869 5499 discipulus
1908 5430 2070 5499 vulgo

504 5529 802 5583 dicebatur.
844 5521 946 5577 Hic
979 5531 1165 5593 aperte
1210 5522 1416 5590 docuit,
1451 5522 1612 5576 linem
1641 5536 1763 5577 esse
1809 5537 1936 5577 cum
1973 5536 2071 5576 vo-

576 5662 650 5733 (3)
690 5658 853 5714 Forte
874 5674 1003 5711 ειεν.
1041 5689 1101 5733 -—_
1126 5658 1265 5733 Quid
1296 5658 1343 5713 si
1374 5658 1588 5729 legatur
1614 5654 1724 5712 οἷον
1743 5699 1758 5725 ,
1787 5666 1846 5714 ιιι
1877 5673 2074 5716 sensus

507 5727 600 5799 sit,
624 5727 824 5786 ucntres
848 5738 1053 5783 tantum
1077 5729 1102 5782 1'
1129 5727 1284 5781 Eutr.

2179 4890 2283 4966 ἦγε
2320 4892 2446 4956 τοὺς
2481 4895 2802 4965 προσιόντας
2828 4890 2975 4962 αὐτῷ
3011 4890 3104 4944 τοῦ
3129 4891 3304 4960 λέγειν
3331 4892 3478 4956 τέλος
3525 4888 3665 4948 εἶναι
3694 4895 3756 4947 τὸ

2179 4985 2349 5057 ἡδέως
2376 4984 2495 5056 ζῇν.
2521 4983 2721 5036 Τούτου
2745 4982 2967 5050 γέγονεν
2992 4981 3260 5050 ἀκουστὴς
3290 4980 3569 5045 Σύναλλυς,
3598 4981 3691 5035 καὶ
3720 4984 3754 5053 ἡ

2181 5075 2429 5145 θυγάτηρ
2472 5073 2635 5128 αὐτοῦ
2690 5074 2912 5144 Ἀρήτη.
2960 5072 3154 5135 ’Ἦτις,
3194 5074 3501 5143 γεννήσασα
3566 5073 3751 5135 παῖδα,

2180 5166 2462 5236 ὠνόμασεν
2502 5163 2872 5233 Ἀρίστιππον,
2912 5161 2990 5224 ὃς,
3023 5160 3284 5229 ὑπαχθεὶς
3323 5160 3413 5213 ὑπ’
3457 5161 3625 5231 αὐτῆς
3674 5162 3755 5222 είς

2178 5256 2367 5325 λόγους
2403 5253 2716 5323 φιλοσοφίας
2742 5293 2756 5317 ,
2797 5250 3217 5323 μητροδίδακτος
3270 5250 3473 5322 ἐκλήθη
3496 5267 3510 5281 ·
3556 5250 3616 5314 ὃς
3659 5252 3754 5305 καὶ

2180 5346 2368 5417 σαφῶς
2390 5346 2628 5416 ὡρίσατο
2652 5344 2805 5406 τέλος
2838 5339 2976 5397 εἶναι
3008 5344 3070 5396 τὸ
3086 5342 3257 5414 ἡδέως
3285 5343 3404 5415 ζῇν,
3436 5343 3631 5414 ἡδονὴν
3668 5345 3756 5396 ὲν-

2176 5438 2385 5490 τάττων
2415 5436 2513 5507 τὴν
2564 5433 2705 5488 κατὰ
2754 5435 2985 5506 κίνησιν.
3027 5435 3187 5504 Τρεῖς
3213 5435 3320 5507 γὰρ
3346 5435 3448 5508 ἔφη
3484 5435 3757 5492 καταστά-

2179 5546 2290 5592 σεις
2318 5522 2455 5580 εἶναι
2481 5526 2609 5597 περὶ
2628 5526 2726 5597 τὴν
2756 5527 3030 5599 ἡμετέραν
3061 5527 3361 5601 σύγκρασιν
3380 5544 3394 5560 ·
3452 5529 3581 5600 μίαν
3628 5528 3751 5600 μὲν,

2248 5661 2322 5734 (ό)
2363 5660 2522 5717 Forte
2550 5661 2887 5731 στοχασμῶν.
