4144 6410
395 333 535 387 1257

1559 329 1880 383 rumpas.
1924 328 2176 385 EVANG.
2218 319 2346 384 LIB.
2390 314 2527 384 xw.

3528 315 3671 390 i238

394 442 517 497 καθ’
564 440 633 513 ἢν
665 439 959 513 ἁλγοῦμεν,
1001 443 1239 495 ἐοικυῖαν
1284 440 1359 513 τῷ
1392 441 1532 495 κατὰ
1563 440 1837 495 θάλασσαν
1870 458 1973 511 χει-

2085 443 2289 512 luptate
2319 445 2517 511 vivere,
2559 446 2888 515 voluptatem
2922 464 3043 504 eam
3072 433 3404 520 intelligens,
3435 463 3560 519 quae
3605 451 3664 505 in

398 531 540 603 μῶνι
565 549 580 565 ο
611 531 803 602 ἑτέραν
833 531 907 596 δὲ,
934 531 1056 585 καθ’
1089 532 1157 603 ἢν
1184 531 1455 603 ἡδόμεθα,
1484 530 1562 602 τῷ
1603 530 1731 602 λείῳ
1776 531 1981 601 κύματι

393 620 817 692 ἁφομοιούμενοι
839 638 855 653 '
891 618 1171 694 εἶναιγὰρ
1200 623 1351 676 λείαν
1381 623 1595 695 κίνησιν
1632 623 1732 694 τὴν
1764 622 1977 693 ἡδονὴν.

393 712 563 783 οὐρίῳ
610 712 1096 785 παραδαλλομὲνην
1130 715 1337 785 ἀνέμῳ,
1377 714 1475 785 τὴν
1501 714 1557 767 δὲ
1586 714 1775 785 τρίτην
1808 714 1978 783 μέσην

394 800 536 859 εἶναι
559 805 913 870 κατάστασιν,
948 804 1071 859 καθ’
1099 808 1165 877 ῆν
1197 804 1319 859 οὒτε
1349 805 1625 876 άλγοῦμεν
1653 846 1667 871 ,
1707 804 1829 859 οὔτε
1857 804 1979 876 ἡδό-

395 894 557 965 μεθα,
599 894 806 968 γαλήνῃ
839 897 1227 969 παραπλησίαν
1270 893 1459 951 οὖσαν.
1507 896 1726 949 Τούτων
1777 895 1842 967 δὴ
1885 896 1979 948 καὶ

391 986 597 1058 ἔφασκε
629 988 738 1041 τῶν
772 988 961 1042 παθῶν
994 989 1168 1059 μόνων
1201 991 1350 1061 ἡμᾶς
1382 989 1479 1061 τὴν
1513 988 1767 1061 αἴσθησιν
1812 990 1977 1058 ἔχειν.

390 1078 540 1152 Πρὸς
578 1079 673 1144 οὒς
701 1081 1069 1135 ἀντιλέλεκται
1092 1081 1284 1135 ταῦτα.

2089 535 2268 605 aliqua
2298 540 2668 594 commotione
2698 549 2964 596 versetur.
3002 538 3130 595 Tria
3173 540 3375 612 quippe
3397 548 3668 612 tempera-

2087 626 2253 681 tionis
2278 637 2478 682 nostrae
2511 646 2706 700 genera
2737 633 3005 686 statuebat
3045 650 3060 687 :
3106 647 3277 687 unum
3327 646 3438 702 quo
3477 630 3673 710 dolea-r

2088 735 2230 783 mus,
2250 723 2297 775 ei
2323 738 2445 791 quae
2476 723 2530 777 in
2559 726 2698 780 mari
2720 727 2990 781 excitatur
3018 724 3324 795 tempestati
3349 723 3665 795 persimile;

2085 808 2313 864 alterum
2358 829 2467 881 quo
2501 814 2768 881 laetemur,
2796 824 2850 870 et
2878 824 3093 885 aequato
3134 814 3320 870 ﬂuctui
3352 813 3560 869 similes
3594 812 3666 867 si-

2084 916 2247 957 mus:
2281 913 2552 972 aequatam
2596 907 2740 961 enim
2785 909 3205 962 commotionem
3249 920 3372 961 esse
3424 904 3667 974 volupta-

2085 999 2215 1050 tem.
2244 996 2471 1050 secundi
2521 998 2665 1051 venti
2722 999 3081 1053 simillimam.
3134 996 3381 1052 Tertium
3430 993 3669 1065 denique

2087 1084 2323 1139 medium
2356 1104 2551 1157 genus,
2592 1104 2702 1159 quo
2751 1105 2851 1144 nec
2889 1091 3175 1146 doleamus
3226 1088 3352 1160 ipsi,
3384 1103 3488 1144 nec
3523 1087 3668 1142 laate-

392 1189 538 1236 mur,
568 1173 814 1229 malacia:
842 1189 905 1229 ac
934 1174 1316 1244 tranquillitati
1354 1175 1601 1247 propius.
1637 1173 1843 1229 Horum
1891 1173 1981 1226 ille
2020 1171 2287 1232 duntaxat
2316 1188 2560 1236 nmtuum
2603 1182 2842 1263 aliquem
2900 1198 2931 1237 a
3000 1182 3157 1237 nobis
3197 1196 3419 1236 sensum
3470 1176 3662 1233 haberi

393 1268 597 1325 docuit.
624 1267 694 1321 At
730 1269 1086 1339 sequentibus
1119 1268 1293 1324 refelli
1326 1271 1522 1340 possit.

919 1384 1317 1438 ΚΕΦΑΛΑΙΟΝ
1345 1385 1445 1438 1Θ¹.

388 1488 548 1563 Πρὸς
578 1493 722 1561 τοὺς
755 1498 884 1550 κατ’
941 1498 1322 1585 Ἀρίστιππον
1368 1499 1782 1567 φιλοσόφους,
1819 1500 1977 1568 μόνα

459 1565 752 1624 λέγοντας
801 1566 873 1620 τὰ
916 1572 1075 1624 παθη
1125 1564 1282 1621 εἶναι
1341 1570 1695 1624 καταληπτά
1721 1610 1736 1624 .
1784 1571 1856 1624 τὰ
1909 1570 1977 1622 δὲ

459 1583 752 1634 λεγοντας
801 1583 873 1620 τα
916 1583 1075 1635 παθη
1125 1583 1282 1621 ειναι
1341 1583 1695 1635 καταληπτά
1721 1610 1736 1634 ,
1784 1583 1856 1624 τα
1909 1583 1978 1622 οε

457 1637 642 1689 λοιπὰ
664 1636 1075 1705 ἀκατάληπτα.
1119 1637 1263 1691 Ἀπὸ
1301 1638 1407 1692 τοῦ
1428 1637 1635 1692 αὐτοῦ.

465 1744 485 1776 σ
536 1725 693 1798 Ἐξῆς
708 1727 752 1780 δ’
781 1727 847 1781 ἂν
870 1724 980 1781 εἷεν
1017 1731 1065 1782 οἱ
1097 1728 1346 1800 λέγοντες
1379 1731 1516 1803 μόνα
1548 1731 1781 1803 τὰπάθη
1808 1748 1975 1785 κατα-

387 1814 585 1888 ληπτά.
634 1817 806 1871 Τοῦτο
835 1819 882 1872 δ’
923 1814 1076 1873 εἶπον
1112 1820 1241 1874 ἔνιοι
1288 1820 1397 1874 τῶν
1445 1814 1523 1875 si
1560 1822 1662 1893 τῆς
1693 1823 1968 1894 Κυρήνης.

389 1900 546 1962 Οὗτοι
572 1907 616 1961 δ’
643 1906 851 1979 ήξίουν,
882 1908 1072 1981 ὥσπερ
1103 1909 1210 1963 ὑπὸ
1234 1910 1406 1982 κάρου
1448 1909 1760 1982 πιεζόμενοι
1807 1927 1971 1973 τινες,

386 1998 538 2053 οὐδὲν
566 1994 703 2053 εῖναι
733 1999 795 2052 τὸ
830 2000 1115 2072 παράπαν,
1155 2003 1204 2054 εί
1238 2003 1312 2073 μή
1350 2020 1433 2066 τις
1464 2001 1753 2073 παραστὰς
1778 2002 1974 2066 αὐτοὺς

387 2089 537 2143 παίοι
570 2092 665 2144 καὶ
687 2093 917 2164 κεντῴη.
960 2093 1254 2165 Καιόμενοι
1282 2095 1391 2166 γὰρ
1415 2094 1600 2163 ἔλεγον
1635 2096 1731 2149 καὶ
1778 2097 1973 2166 τεμνό-

389 2199 537 2253 μενοι
570 2182 876 2254 γνωρίζειν,
906 2184 985 2237 ὅτι
1011 2185 1269 2256 πάσχοιέν
1286 2205 1337 2240 τι
1361 2227 1376 2245 .
1407 2187 1635 2259 πότερον
1660 2187 1718 2241 δὲ
1738 2187 1799 2239 τὸ
1820 2190 1974 2241 καῖον

383 2275 471 2347 είη
507 2275 639 2348 πῦρ,
672 2276 705 2349 ἢ
736 2277 797 2331 τὸ
827 2279 1022 2349 τέμνον
1054 2281 1292 2352 σίδηρος,
1314 2280 1415 2333 οὐκ
1448 2280 1593 2351 ἔχειν
1623 2283 1817 2335 εἰπεῖν.
1837 2282 1975 2346 Τοὺς

381 2366 440 2420 δὲ
472 2367 645 2422 ταῦτα
677 2369 932 2438 λέγοντας
963 2370 1123 2435 εὐθὺς
1157 2372 1332 2443 ἔροιτό
1371 2390 1454 2437 τις
1486 2372 1551 2426 ἂν
1573 2411 1587 2436 ,
1629 2373 1676 2424 εί
1720 2371 1783 2442 δὴ
1817 2370 1975 2424 τοῦτο

383 2457 518 2527 γοῦν
555 2458 734 2513 ίσασιν
773 2462 946 2524 αὐτοὶ,
982 2462 1062 2515 διό
1094 2479 1146 2515 τι
1177 2464 1447 2534 πάσχουσί
1480 2482 1532 2517 τι
1556 2455 1652 2517 καὶ
1691 2462 1976 2517 αἰσθάνον-

384 2565 497 2603 ται.
536 2548 630 2620 Μὴ
670 2550 870 2615 εἰδότες
902 2551 1000 2621 μὲν
1028 2550 1160 2623 γὰρ,
1214 2552 1320 2605 οὐδ’
1354 2553 1529 2604 εἰπεῖν
1560 2548 1836 2621 δυνηθεῖεν
1883 2549 1971 2613 ἂν,

386 2640 468 2694 ὅτι
503 2641 661 2713 μόνον
696 2643 844 2695 ἴσασι
863 2642 924 2696 τὸ
953 2642 1123 2707 πάθος
1144 2659 1160 2672 ·
1190 2645 1239 2696 εί
1261 2642 1304 2696 δ’
1336 2638 1402 2696 αὖ
1442 2642 1829 2713 γνωρίζουσιν,
1872 2640 1973 2694 οὐκ

388 2731 456 2786 ἂν
486 2733 570 2805 εἴη
609 2733 745 2804 μόνα
801 2733 871 2788 τὰ
920 2734 1067 2806 πάθη
1122 2734 1463 2806 καταληπτά.
1520 2734 1594 2787 Τὸ
1647 2734 1780 2804 γὰρ,
1826 2732 1974 2805 Ἐγὼ

386 2823 646 2894 καίομαι,
680 2824 838 2896 λόγος
870 2821 958 2898 ἦν,
994 2827 1089 2887 καὶ
1110 2827 1172 2880 οὐ
1202 2828 1391 2891 πάθος.
1439 2825 1599 2879 Ἀλλὰ
1631 2825 1736 2897 μὴν
1758 2825 1971 2896 ἀνάγκη

387 2930 454 2987 γε
483 2918 611 2991 τρία
641 2916 814 2972 ταῦτα
838 2920 1287 2989 συνυφίστασθαι,
1321 2920 1381 2974 τό
1407 2936 1466 2972 τε
1496 2917 1669 2981 πάθος
1702 2917 1854 2983 αὐτὸ,
1878 2918 1973 2971 καὶ

389 3008 452 3064 τδ
482 3010 691 3076 ποιοῦν,
724 3012 818 3065 καὶ
849 3011 911 3065 τὸ
942 3011 1168 3083 πάσχον.
1218 3013 1275 3066 '0
1304 3011 1483 3065 τοίνυν
1511 3008 1974 3081 ἀντιλαμϐανόμε-

389 3117 479 3165 νος
501 3100 597 3152 τοῢ
624 3099 829 3164 πάθους
861 3100 1079 3164 πάντως
1105 3098 1501 3155 αίσθάνοιτ’άν.
1530 3100 1605 3153 Ού
1633 3098 1741 3171 γὰρ
1775 3097 1860 3169 δὴ,
1888 3098 1971 3151 ὅτι

394 3191 514 3261 μὲν,
548 3191 596 3245 εί
623 3191 796 3263 τύχοι,
833 3191 1184 3263 θερμαίνεται
1205 3192 1445 3262 γνωριεῖ,
1482 3189 1712 3261 πότερον
1739 3187 1784 3241 δ’
1808 3187 1971 3252 αὐτὸς

389 3280 424 3353 ἢ
453 3282 482 3336 ὁ
506 3282 724 3351 γείτων,
759 3283 1016 3354 ἀγνοήσει
1040 3299 1054 3312 ’
1082 3283 1178 3336 καὶ
1206 3281 1301 3335 νῦν
1331 3282 1364 3353 ἢ
1398 3281 1599 3353 πέρυσι
1620 3297 1634 3311 ο
1674 3280 1770 3334 καὶ
1811 3278 1973 3350 Ἀθή-

389 3390 546 3446 νῃσιν
569 3374 604 3446 ἢ
635 3365 693 3428 ἐν
730 3374 991 3444 Αἰγύπτῳ
1011 3391 1024 3405 ο
1053 3374 1146 3428 καὶ
1183 3372 1291 3440 ζῶν
1316 3374 1350 3446 ἢ
1379 3371 1612 3438 τεθνεώς
1632 3390 1645 3403 ·
1692 3372 1770 3425 ἔτι
1799 3371 1856 3425 δὲ
1887 3370 1973 3425 άν-

391 3464 606 3537 θρωπος
632 3465 708 3519 ὢν
740 3466 772 3537 ἢ
799 3465 965 3530 λίθος.
1002 3464 1211 3519 Οὐκοῦν
1243 3463 1451 3519 εἴσεται
1490 3465 1585 3518 καὶ
1618 3464 1709 3533 ὑφ’
1746 3457 1807 3518 οὗ
1862 3462 1969 3517 πά-

391 3574 528 3631 σχει.
565 3560 678 3615 Καὶ
704 3561 811 3634 γὰρ
835 3560 1097 3631 ἀλλήλους
1117 3559 1468 3631 γνωρίζουσι,
1505 3560 1601 3613 καὶ
1648 3558 1829 3622 ὀδοὺς,
1876 3559 1972 3612 καὶ

389 3654 595 3720 πόλεις,
625 3655 717 3709 καὶ
743 3654 842 3727 τὴν
874 3654 1099 3725 τροφήν.
1131 3654 1193 3705 Οί
1223 3653 1268 3707 δ’
1302 3648 1370 3708 αὖ
1399 3655 1637 3723 τεχνῖται
1682 3650 1752 3704 τὰ
1802 3652 1971 3723 ἐργα-

387 3739 509 3801 λεῖα
534 3745 605 3801 τά
653 3747 831 3800 αὐτῶν
858 3746 1052 3800 οἴδασι.
1086 3746 1197 3800 Καὶ
1228 3746 1279 3799 οἱ
1339 3745 1516 3818 ἰατροὶ
1574 3738 1668 3799 καὶ
1727 3747 1972 3799 ναυτικοὶ

391 3838 743 3911 σημειοῦνται
774 3839 844 3892 τὰ
868 3838 1147 3910 μέλλοντα.
1189 3839 1302 3891 Ka‘t
1333 3838 1443 3892 τῶν
1479 3837 1684 3910 θηρίων
1724 3839 1772 3890 οἱ
1809 3837 1970 3902 κύνες

385 3925 703 4002 εὑρίσκουσι
754 3932 882 3995 τοὺς
918 3930 1153 3995 στίϐους.
1195 3930 1318 3983 Ἔτι
1352 3948 1416 3998 γε
1465 3931 1572 4002 μὴν
1612 3930 1642 3982 ὁ
1668 3929 1894 4001 πάσχων
1918 3947 1970 3983 τι

387 4022 606 4087 πάντως
637 4022 770 4095 ἢὼς
790 4021 992 4077 οίκείου
1024 4023 1168 4088 τινὸς
1193 4063 1208 4087 ,
1239 4022 1274 4095 ἢ
1313 4023 1389 4087 ὡς
1434 4022 1716 4094 ἀλλοτρίου
1763 4021 1970 4087 πάθους

386 4114 867 4186 ἀντιλαμϐάνεται.
895 4115 1069 4169 Πόθεν
1091 4111 1184 4169 οὖν
1214 4116 1325 4181 ἕξει
1346 4115 1546 4185 λέγειν,
1576 4116 1659 4169 ὅτι
1682 4114 1841 4168 τοῦτο
1872 4104 1971 4185 μέν

387 4207 538 4261 ἐστιν
564 4206 745 4280 ἡδονὴ,
761 4208 919 4262 τοῦτο
937 4208 995 4262 δὲ
1019 4208 1178 4272 πόνος
1200 4224 1214 4274 ;
1237 4208 1270 4280 ἢ
1303 4208 1385 4262 ὅτι
1405 4202 1718 4279 γευόμενος,
1741 4206 1775 4279 ἦ
1803 4206 1968 4279 ὁρῶν,

384 4298 423 4371 ἢ
451 4290 686 4367 ἀκούων,
713 4299 913 4371 πάσχοι
946 4316 1032 4366 τις
1060 4299 1156 4354 καὶ
1180 4301 1247 4372 τῇ
1274 4298 1373 4371 μὲν
1401 4298 1620 4371 γλώσσῃ
1652 4297 1968 4369 γευόμενος,

385 4393 500 4456 τοῖς
530 4392 575 4446 δ⁴
599 4391 841 4463 ὄμμασιν
864 4390 1030 4464 ὁρῶν,
1077 4393 1190 4455 τοῖς
1220 4391 1264 4444 δ’
1296 4389 1433 4444 ὠσὶν
1462 4390 1713 4458 ἀκούων;
1749 4391 1819 4443 Ἦ
1852 4388 1971 4453 πῶς

2662 1380 2889 1436 CAPUT
2927 1380 3071 1435 XIX.

2077 1494 2340 1549 Adversus
2366 1497 2625 1564 Aristippi
2655 1505 2964 1559 sectatores,
2998 1496 3090 1564 qui
3117 1512 3179 1547 ea
3212 1495 3366 1549 modo
3404 1510 3527 1565 quae
3562 1509 3661 1564 pa-

2149 1566 2758 1636 limur,_rompreliendi
2816 1583 2967 1636 posse
3022 1575 3354 1632 statuerunt,
3405 1570 3663 1635 praeterea'

2151 1635 2302 1687 nihil.
2335 1632 2421 1689 Ex
2444 1632 2645 1690 eodem.

2157 1722 2497 1798 (Deinceps,
2546 1728 2746 1798 inquit,
2778 1742 2874 1784 eos
2917 1726 3222 1795 videamus,
3267 1727 3361 1796 qui
3399 1740 3462 1782 ea
3494 1725 3664 1782 modo'

2078 1836 2200 1890 quae
2232 1816 2491 1891 patimur,
2524 1821 2911 1893 comprehendi
2956 1837 3123 1892 posse
3152 1819 3471 1877 defendunt.
3506 1819 3582 1876 Ea
3602 1820 3657 1876 in

2079 1912 2270 1969 hmresi
2305 1912 2458 1969 fuere
2505 1913 2749 1987 Cyrenaei
2795 1914 3040 1986 quidam.
3072 1912 3114 1969 Ii
3140 1915 3220 1970 sic
3263 1924 3522 1985 tauquam
3548 1912 3664 1969 alto‘

2077 2004 2312 2072 quodam
2350 2020 2546 2076 sopore
2583 2007 2870 2079 depressi,
2922 1990 3058 2062 nihil
3106 2008 3326 2077 penitus
3358 2021 3481 2062 esse
3508 2003 3660 2060 dice-

2078 2092 2231 2155 bant,
2273 2092 2379 2147 nisi
2415 2093 2459 2149 si
2493 2094 2620 2163 quis
2651 2096 2879 2166 propius
2921 2094 3149 2149 subiens
3183 2093 3308 2149 illos
3346 2087 3663 2148 verberaret

2078 2196 2142 2238 ac
2168 2182 2398 2237 foderet.
2440 2183 2676 2256 Quippe,
2709 2186 2840 2240 dum
2893 2195 3186 2241 urerentur
3225 2200 3289 2239 ac
3318 2192 3657 2247 secareutur,

2076 2275 2186 2346 pati
2219 2291 2277 2331 se
2308 2277 2537 2346 aliquid,
2563 2278 2666 2333 hoc
2699 2294 2830 2334 vero
2862 2291 2921 2334 se
2949 2294 3153 2345 nosse;
3190 2286 3374 2332 utrum
3403 2276 3546 2348 ignis
3570 2289 3663 2333 θεέ

2077 2372 2161 2418 set
2193 2365 2338 2434 quod
2370 2372 2574 2431 ureret,
2598 2372 2694 2419 aut
2719 2363 2923 2419 ferrum
2952 2365 3098 2435 quod
3141 2374 3373 2431 secaret,
3409 2362 3513 2418 sibi
3548 2375 3660 2417 non

2076 2455 2301 2526 liquere.
2332 2455 2410 2510 Ex
2453 2458 2557 2511 hoc
2585 2457 2868 2512 hominum
2905 2472 3102 2529 genere
3120 2470 3431 2528 quaeramus
3456 2455 3511 2510 in
3542 2454 3655 2526 pris

2077 2545 2203 2609 mis,
2228 2561 2360 2599 num
2392 2545 2445 2600 id
2478 2547 2670 2601 saltem
2702 2548 2870 2617 probe
2898 2548 3104 2614 norint,
3136 2547 3245 2617 pati
3284 2561 3342 2602 se
3372 2560 3439 2602 ac
3458 2545 3665 2600 sentire

2076 2636 2306 2703 aliquid.
2345 2635 2460 2693 Hoc
2505 2639 2581 2692 illi
2613 2639 2660 2694 si
2690 2640 2967 2706 nesciunt,
3016 2651 3301 2708 perperam
3344 2636 3533 2707 utique
3575 2635 3660 2691 di-

2075 2737 2227 2794 cunt,
2270 2730 2416 2799 quod
2447 2733 2729 2800 patiantur
2780 2731 2882 2786 sibi
2917 2739 3108 2785 notum
3145 2742 3288 2786 esse.
3335 2728 3432 2783 Sin
3470 2732 3659 2783 autem

2077 2821 2181 2877 hoc
2212 2822 2543 2893 intelligunt,
2580 2838 2693 2877 non
2733 2838 2798 2877 ea
2849 2822 3012 2876 modo
3061 2837 3183 2893 quae
3217 2822 3455 2892 patimur
3502 2826 3658 2876 com:

2075 2916 2334 2984 prehendi
2352 2923 2605 2985 possunt.
2624 2912 2759 2969 Nam
2784 2914 2964 2969 istbuc
2983 2913 3226 2983 quidem,
3256 2910 3414 2979 Uror,
3428 2913 3657 2983 loquen—

2075 3006 2146 3060 tis
2172 3014 2274 3068 est,
2302 3019 2411 3059 non
2444 3006 2722 3075 patientis.
2768 3003 3036 3059 Praeterea
3084 3003 3247 3059 simul
3277 3003 3395 3059 hac
3423 3004 3526 3058 tria
3553 3012 3656 3074 po:-

2076 3106 2279 3152 nantur
2302 3110 2527 3152 necesse
2552 3105 2657 3164 est,
2678 3096 2881 3151 malum
2912 3094 3060 3165 quod
3092 3095 3220 3165 quis
3255 3097 3483 3165 patitur,
3505 3088 3657 3168 quod

2078 3190 2208 3245 illud
2248 3189 2426 3256 aﬂ'ert,
2470 3189 2618 3261 quod
2671 3188 2805 3244 illud
2860 3188 3040 3258 ipsum
3087 3187 3311 3259 patitur.
3361 3186 3658 3244 Enimvero

2075 3283 2171 3352 qui
2228 3281 2431 3337 malum
2475 3282 2693 3347 subeat,
2745 3281 2792 3336 is
2824 3279 2985 3351 plane
3017 3280 3218 3335 sentiat
3266 3290 3502 3352 oportet.
3541 3279 3657 3338 Nec

2077 3374 2224 3429 enim
2259 3373 2528 3444 profecto,
2566 3373 2653 3428 uri
2708 3388 2766 3428 se
2789 3412 2805 3438 ,
2857 3372 2902 3428 si
2937 3370 3077 3427 forte
3125 3381 3316 3427 uretur
3345 3372 3654 3445 intelliget;

2076 3468 2221 3524 idem
2250 3477 2456 3534 tamen,
2495 3467 2683 3538 ipsene
2715 3482 2786 3520 an
2816 3465 3031 3522 vicinus
3084 3473 3298 3532 uratur,
3330 3464 3607 3537 ignorabit
3635 3484 3653 3522 :

2075 3562 2322 3633 adeoque
2367 3575 2537 3626 nunc,
2582 3575 2650 3613 an
2698 3557 2982 3629 superiore
3023 3572 3206 3625 anno;
3242 3558 3474 3615 Athenis
3500 3573 3569 3615 an
3596 3558 3657 3614 in‘

2076 3653 2633 3725 Egypto;vivensne
2682 3665 2751 3705 an
2785 3658 3076 3715 mortuus;
3109 3650 3346 3706 bomone
3390 3666 3459 3705 an
3493 3650 3654 3722 lapis.

2073 3749 2254 3814 Quare
2301 3746 2466 3801 simul
2519 3745 2683 3800 etiam
2739 3744 2971 3804 noverit.
3021 3758 3053 3797 a
3105 3757 3217 3814 quo
3266 3742 3531 3814 patiatur.
3573 3742 3659 3799 llli

2074 3840 2358 3893 enimvero
2384 3852 2510 3893 cum
2552 3852 2672 3892 sese
2719 3846 2936 3903 mutuo,
2965 3843 3079 3890 tum
3124 3835 3244 3890 vias
3275 3836 3462 3901 etiam,
3490 3836 3659 3891 urbes

2075 3931 2340 3999 cibosque
2374 3937 2598 3983 norunt.
2637 3927 2748 3981 Sua
2793 3940 3013 3997 quoque
3046 3924 3242 3979 artiﬁci
3291 3935 3422 3981 nota
3452 3926 3658 3982 instru-

2075 4028 2260 4072 menta
2295 4026 2445 4072 sunt.
2490 4014 2684 4071 Medici
2736 4030 2801 4070 ac
2858 4014 2941 4069 rei
2994 4014 3232 4070 nauticae
3277 4015 3437 4086 periti
3469 4013 3659 4071 futura'

2074 4108 2451 4179 praesentiunt.
2498 4105 2660 4179 765
2690 4108 2826 4171 lmo,
2854 4123 2885 4162 e
2917 4106 3108 4163 bestiis
3140 4107 3306 4162 etiam
3334 4148 3350 4174 ,
3381 4107 3502 4163 vias
3534 4123 3665 4169 cer-,

2072 4200 2144 4255 tis
2193 4212 2411 4270 pressas
2467 4199 2712 4269 vestigiis
2759 4212 2926 4253 canes
2963 4200 3262 4268 reperiunt.
3314 4198 3508 4268 Porro,
3559 4201 3658 4272 qui

2074 4291 2280 4361 aliquid
2306 4291 2531 4360 patitur,
2567 4290 2614 4344 is
2647 4287 2805 4357 quasi
2836 4289 3120 4361 proprium
3154 4289 3383 4361 aliquid,
3419 4302 3514 4346 aut
3535 4300 3657 4347 tan-

2074 4399 2238 4453 quam
2267 4384 2503 4438 alienum
2537 4384 2590 4439 id
2625 4381 2819 4440 subeat
2849 4399 3075 4440 necesse
3117 4392 3223 4440 est.
3258 4380 3492 4451 Quinam
3523 4394 3659 4456 ergo"

389 4476 589 4546 ῐσασιν,
613 4479 695 4533 ὃτι
719 4479 830 4533 τοδὶ
854 4480 952 4552 μὲν
982 4479 1258 4551 αἱρεῖσθαι
1288 4479 1450 4552 χρῆν,
1487 4480 1601 4533 τοδὶ
1624 4479 1681 4533 δὲ
1707 4478 1966 4549 φεύγεινς

2078 4474 2293 4541 dixerit,
2325 4475 2654 4545 voluptatem
2683 4477 2932 4542 alteram,
2956 4477 3188 4531 alterum
3214 4476 3461 4533 laborem
3488 4492 3613 4534 esse
3632 4468 3665 4533 ἵ

386 4570 453 4625 El
474 4570 532 4625 δὲ
566 4570 732 4644 μηδὲν
762 4566 966 4626 τούτων
993 4575 1191 4639 γνοῖεν,
1225 4573 1324 4645 οὐχ
1353 4571 1565 4639 ἕξουσιν
1608 4571 1785 4644 ὁρμὴν
1808 4611 1824 4635 ,
1860 4562 1969 4624 ούδδ

386 4662 569 4736 δρεξιν
591 4682 605 4695 ·
643 4663 786 4719 οὕτω
814 4664 859 4718 δ’
889 4656 997 4720 οὐδ’
1022 4664 1087 4719 ἂν
1113 4665 1228 4731 ζῶα
1260 4662 1390 4720 εἷεν.
1437 4664 1640 4719 Γελοῖοι
1671 4663 1781 4736 γάρ
1808 4665 1967 4728 εἰσιν,

387 4750 551 4808 ὁπότε
575 4754 806 4825 λέγοιεν,
845 4757 928 4810 ὅτι
950 4755 1122 4811 ταῦτα
1155 4757 1252 4829 μὲν
1285 4757 1468 4821 αὐτοῖς
1512 4746 1876 4827 πμὸἐὸηκεν,
1907 4754 1969 4807 οὺ

395 4846 503 4919 μὴν
542 4845 687 4899 ἴσασί
732 4861 798 4913 γε
830 4845 949 4910 πῶς
980 4847 1076 4900 καὶ
1100 4845 1224 4900 τίνα
1254 4846 1475 4918 τρόπον.
1508 4840 1668 4901 Οὗτοι
1723 4847 1831 4919 γὰρ
1859 4846 1970 4900 οὐδ’

391 4937 440 4989 εί
465 4935 740 5009 ἄνθρωποι
771 4930 1099 5006 πεφύκασιν,
1141 4936 1249 4991 οὐδ’
1271 4938 1320 4991 εί
1360 4937 1547 5003 ζῶσιν,
1575 4937 1749 5009 ἔχοιεν
1777 4936 1843 4991 ἂν
1896 4937 1973 4989 εί-

393 5031 548 5083 πεῖν⁶
601 5027 795 5083 οὐκοῦν
824 5030 932 5083 οὐδ’
964 5031 1013 5083 εί
1066 5020 1282 5099 λέγουσί
1304 5046 1379 5094 τι,
1412 5031 1505 5084 καὶ
1553 5029 1970 5099 ἀποφαίνονται.

393 5120 541 5191 Πρὸς
571 5119 634 5192 δὴ
654 5121 781 5184 τοὺς
808 5118 1081 5185 τοιούτους
1108 5122 1194 5184 τίς
1237 5120 1303 5175 ἂν
1335 5122 1420 5191 εῐη
1460 5120 1617 5189 λόγος
1641 5136 1656 5186 ;
1692 5118 1974 5191 θαυμάσαι

397 5211 498 5284 μέν
519 5230 602 5278 τις
627 5210 714 5280 ἂν,
749 5213 799 5266 εί
820 5213 1075 5283 ἀγνοοῦσι
1107 5204 1336 5286 πότερον
1356 5213 1451 5266 ἐπὶ
1482 5213 1583 5283 τῆς
1613 5206 1717 5283 γῆς
1740 5213 1900 5275 εἰσιν,
1937 5210 1973 5281 ἦ

392 5305 456 5357 ἐν
485 5303 564 5375 τῷ
583 5304 838 5377 οὐρανῷ’
886 5304 1068 5376 πολλῷ
1107 5305 1166 5359 δὲ
1216 5303 1705 5377 θαυμασιώτερον,
1771 5305 1820 5357 εί
1874 5303 1977 5356 οὐκ

390 5395 591 5461 οῑδασι,
623 5398 719 5451 καὶ
757 5394 949 5462 ταῦτα,
977 5396 1279 5467 φάσκοντες
1308 5397 1637 5467 φιλοσοφεῖν,
1675 5391 1785 5467 ἆρά
1812 5411 1878 5464 γε
1907 5394 1976 5448 τὰ

393 5486 631 5561 τέτταρα
661 5489 884 5543 πλείονά
908 5490 1055 5544 ἐστιν
1079 5484 1114 5562 ἦ
1139 5487 1209 5543 τὰ
1237 5488 1395 5560 τρία·
1426 5489 1522 5543 καὶ
1566 5487 1627 5541 τὸ
1671 5486 1730 5542 ἓν
1780 5486 1877 5542 καὶ
1906 5484 1982 5538 τὰ·

388 5577 492 5632 δύο
517 5580 662 5636 πόσα
705 5580 872 5636 ἐστίν.
901 5582 1037 5636 Οὐδὲ
1068 5581 1179 5654 γὰρ
1209 5579 1439 5646 ὁπόσους
1487 5579 1705 5651 ἔχουσιν
1727 5578 1822 5633 ἐπὶ
1868 5578 1976 5632 τῶν

393 5672 599 5743 χειρῶν
627 5673 922 5739 δακτύλους
942 5665 1087 5729 οὗτοί
1114 5690 1179 5743 γε
1206 5673 1459 5729 δύνανται
1488 5674 1684 5737 εἰπεῖν,
1717 5671 1841 5726 οὐδὲ
1871 5672 1972 5724 πόα

391 5773 555 5836 τερον
579 5765 810 5832 ἕκαστος
827 5765 1023 5821 ,αὐτῶν
1055 5761 1136 5830 εἷς
1157 5769 1306 5821 ἐστιν
1336 5765 1370 5835 ἥ
1402 5764 1635 5828 πλείους.
1666 5762 1827 5818 Ὥστε
1853 5763 1974 5818 οὐδὲ

682 5881 953 5946 Pana!"
992 5880 1110 5944 Gn.
1142 5878 1289 5943 XXI
1304 5916 1326 5945 ι

2077 4567 2303 4636 quinam
2334 4575 2428 4621 aut
2457 4576 2643 4637 gustu,
2671 4577 2767 4623 aut
2786 4569 2929 4633 visu,
2965 4576 3062 4623 aut
3094 4568 3285 4623 auditu
3307 4568 3515 4639 aliquid
3533 4580 3657 4625 sese

2078 4657 2230 4728 pati?
2254 4660 2479 4728 quinam
2508 4668 2731 4729 gustare
2756 4675 2815 4716 se
2846 4660 3056 4731 lingua,
3096 4660 3283 4716 videre
3309 4660 3483 4717 oculis
3503 4702 3519 4728 ,
3556 4675 3659 4716 au-

2078 4748 2231 4804 ribus
2259 4749 2557 4805 exaudire?
2579 4751 2706 4819 Aut,
2720 4752 2815 4822 qui
2832 4752 3051 4807 tandem
3072 4751 3370 4820 optandum
3399 4751 3659 4818 alterum,

2078 4841 2306 4895 alterum
2331 4840 2647 4913 fugiendum
2670 4856 2793 4900 esse
2806 4844 3177 4914 cognoscunt?
3191 4842 3436 4911 Quorum
3459 4843 3505 4898 si
3521 4842 3659 4898 nihil

2079 4932 2185 5004 ipsi
2214 4942 2450 5002 norunt,
2482 4951 2551 4990 ne
2575 4935 2837 5006 impetum
2866 4937 3084 5005 quidem
3115 4935 3287 4991 ullum
3328 4943 3424 4990 aut
3446 4935 3657 5006 appeti—

2078 5034 2194 5081 tum
2227 5027 2450 5092 habent,
2484 5041 2548 5082 ac
2577 5029 2807 5098 proinde
2839 5036 2942 5082 nec
2991 5028 3295 5082 animantia
3333 5036 3482 5083 sunt.
3516 5026 3654 5083 Nam

2078 5117 2307 5173 ridicule
2335 5118 2582 5189 profecto
2609 5119 2931 5189 loquuntur,
2959 5118 3089 5174 dum
3134 5120 3310 5183 aiunt,
3337 5134 3401 5174 ea
3433 5119 3659 5190 quidem

2082 5209 2191 5265 sibi
2207 5211 2447 5277 evenire,
2470 5211 2562 5280 qui
2585 5219 2766 5266 tamen
2789 5218 2881 5265 aut
2901 5210 3363 5281 quemadmodum
3382 5211 3663 5278 eveniant,-

2083 5313 2144 5353 se
2184 5300 2415 5355 nescire.
2449 5298 2553 5366 Qui
2592 5300 2739 5355 enim
2768 5300 3038 5369 ejusmodi
3081 5308 3243 5367 sunt,
3272 5300 3311 5354 ii
3336 5315 3438 5356 nec
3472 5310 3663 5358 utrum

2082 5391 2334 5447 homines
2364 5393 2495 5458 sint,
2524 5406 2626 5447 nec
2654 5400 2839 5448 utrum
2873 5393 3083 5460 vivant,
3113 5393 3384 5450 allirmare
3419 5394 3664 5464 possint;

2083 5485 2331 5555 adeoque
2362 5498 2465 5539 nec
2498 5491 2686 5539 utrum
2729 5484 2935 5555 aliquid
2974 5484 3270 5555 loquantur
3293 5499 3359 5539 ac
3389 5493 3655 5541 statuant.

2084 5572 2222 5633 Cum
2254 5577 2358 5632 hoc
2387 5575 2553 5646 igitur
2587 5576 2873 5641 hominum
2922 5591 3138 5647 genere,
3166 5577 3481 5633 commercii
3526 5576 3665 5649 quid

2084 5669 2309 5725 omnino
2340 5682 2464 5724 esse
2488 5667 2665 5738 possit
2684 5668 2717 5721 'I‘
2756 5667 2821 5722 Et
2845 5666 3067 5737 quidem
3109 5668 3312 5723 mirum
3337 5667 3463 5738 jure
3482 5667 3662 5723 videat-

2088 5771 2198 5829 tur,
2233 5775 2329 5817 eos
2364 5759 2672 5828 in-caalone,
2700 5775 2770 5817 an
2793 5759 2849 5815 in
2869 5767 3018 5817 terra
3035 5769 3345 5829 versentur,
3367 5761 3617 5831 ignorare
3638 5761 3665 5813 ἐ

3260 5875 3408 5935 νίοθ
