4144 6422
454 363 591 420 1259
1092 359 1367 417 EUSEBll
1398 358 1878 415 CESARIENSIS
1912 359 2061 415 OPP.
2100 359 2285 414 PARS
2318 358 2381 413 ll.
2522 358 3025 441 APOLOG‘ETlCA.
3580 360 3718 416 126.)

449 491 507 537 at
527 482 685 553 longe
709 478 1015 535 mirabilius
1037 486 1140 545 est,
1179 493 1303 533 cum
1336 477 1712 547 philosophari
1744 493 1802 532 se
1838 476 2027 532 defeno

2143 475 2364 547 εοῦνομα
2394 478 2453 530 τὸ
2477 477 2605 531 ἴδιον
2638 478 2797 531 εἱδεῐν
2823 478 2910 542 ἂν,
2939 478 3060 531 οὐδὲ
3087 478 3187 549 τὴν
3222 479 3477 551 πατρίδα,
3505 480 3602 532 καὶ
3628 479 3722 534 τὸν

448 576 601 641 dant,
634 590 743 630 non
778 572 1077 642 intelligere
1124 578 1331 636 tamen,
1372 572 1554 627 sintne
1583 580 1821 642 quatuor
1870 571 2028 640 plura

2149 569 2521 639 Ἀρίστιππον.
2554 569 2762 623 Οὐκοῦν
2783 570 2903 623 οὐδὲ
2931 570 3083 633 τίνας
3098 569 3345 637 φιλοῦσιν
3373 571 3407 641 ἢ
3447 570 3717 641 μισοῦσιν,

447 683 615 739 quam
649 667 754 721 tria
787 682 801 719 :
834 679 1007 720 unum
1035 671 1200 734 atque
1243 663 1354 719 duo
1384 672 1521 732 quot
1555 663 1683 718 sint.
1715 662 1849 716 Nam
1899 672 2033 733 quot

2143 659 2253 712 οὐδὲ
2288 660 2446 714 τίνων
2479 660 2835 732 ἐπιθυμοῦσιν
2859 678 2871 690 ·
2906 661 3015 714 οὐδ’
3049 664 3096 714 εί
3127 662 3416 730 γελάσαιεν
3454 663 3488 735 ἢ
3522 663 3724 735 δακρύ-

448 762 506 817 in
533 759 789 815 manibus
834 757 1033 829 digitos
1072 755 1330 821 habeant,
1362 765 1457 811 aut
1488 755 1627 809 sitne
1655 755 1853 809 horum
1904 754 2032 823 qui-

2143 769 2307 815 σαιεν,
2344 752 2557 817 ἕξουσιν
2589 755 2794 817 εἰπεῖν,
2829 754 2938 808 οὐδ’
2969 755 3051 807 ὃτι
3076 755 3139 807 τὸ
3165 756 3262 826 μὲν
3290 755 3375 829 εἴη
3405 757 3633 826 γελοῖον,
3661 755 3723 810 τὸ

433 851 578 907 'libet
625 864 770 905 unus
827 865 896 904 an
943 849 1150 919 plures,
1198 847 1427 902 delinire
1460 855 1608 902 certe
1631 861 1743 901 non
1777 855 2029 915 possunt.

2143 846 2190 898 δὲ
2216 846 2477 918 λυπηρόν.
2507 847 2673 918 Δῆλον
2693 842 2785 901 οὖν
2807 846 2882 909 ὡς
2909 838 3028 900 οὐδὲ
3057 847 3110 900 τί
3130 847 3250 901 νυνῖ¹
3278 848 3510 920 λέγομεν
3537 851 3721 920 ἡμεῖς,

447 942 527 1000 ita
554 958 624 1000 ne
654 956 855 998 nomen
886 940 1105 1011 quidem
1139 940 1245 1010 ipsi
1278 954 1441 996 suum
1473 939 1759 1004 noverint,
1794 953 1896 993 nec
1938 953 2034 1007 pa-

2143 937 2401 991 συνίασιν.
2435 938 2600 991 Οὐδὲν
2635 935 2728 993 οὖν
2754 940 2808 991 οἵ
2826 955 2890 1006 γε
2922 938 3155 992 τοιοῦτοι
3189 940 3496 1011 διαφέροιεν
3525 941 3592 995 ἂν
3620 941 3721 1011 ἑμ-

448 1035 634 1101 triam,
688 1048 792 1089 nec
845 1032 1184 1103 Aristippum
1232 1050 1245 1086 :
1285 1046 1389 1086 nec
1444 1031 1660 1087 ullosne
1712 1038 1930 1093 ament,
1963 1045 2033 1084 an

448 1124 688 1191 oderint,
743 1138 816 1179 an
866 1122 1308 1193 concupiscant:
1356 1122 1591 1187 rideant,
1628 1137 1697 1177 an
1732 1122 2034 1192 lacrymen-

445 1223 574 1282 tur;
603 1213 850 1284 adeoque
872 1213 1015 1269 sitne
1034 1210 1342 1283 jucundum
1383 1212 1518 1280 hoc,
1550 1212 1843 1269 molestum
1876 1205 2031 1279 illud,

445 1304 809 1376 pronuntiare
871 1319 984 1359 non
1036 1304 1269 1375 possint.
1322 1303 1554 1361 Constat
1615 1305 1783 1375 igitur
1844 1305 2032 1375 ipsos,

446 1410 636 1457 utrum
668 1399 832 1458 etiam
871 1398 1079 1470 aliquid
1124 1398 1230 1454 hoc
1256 1405 1500 1469 tempore
1527 1398 1840 1468 loquamur,
1872 1399 2033 1467 igno-

445 1506 578 1547 rare
611 1509 626 1547 :
662 1500 827 1562 atque
854 1491 931 1547 ita
960 1491 1064 1547 bos
1090 1491 1233 1547 inter
1279 1498 1335 1545 et
1365 1490 1568 1545 culices
1596 1497 1761 1559 atque
1788 1504 2031 1555 muscas,

446 1584 675 1641 interest
703 1584 930 1640 omnino
976 1583 1141 1648 nihil,
1193 1583 1416 1639 tametsi
1443 1598 1566 1653 quae
1602 1590 1812 1638 naturae
1841 1582 2032 1637 saltem

448 1676 781 1733 conveniant
805 1692 956 1741 sum,
991 1676 1197 1732 culices
1241 1690 1557 1746 muscaeque
1610 1682 1831 1729 norunt.
1869 1692 1889 1726 ι
1924 1673 2035 1729 Ve-

447 1785 574 1831 rum
600 1769 740 1838 haec,
768 1784 835 1825 ex
862 1768 1094 1824 inﬁnitis
1121 1783 1244 1839 quae
1272 1769 1455 1840 urgeri
1500 1767 1735 1839 possint,
1769 1767 2035 1823 adversus

447 1862 588 1919 istos
628 1862 776 1918 dicta
827 1860 1119 1918 sulliciant.
1179 1859 1465 1930 Sequitur,
1513 1868 1575 1915 ut
1604 1875 1799 1915 eorum
1845 1859 2032 1923 etiam.

448 1953 545 2023 qui
574 1952 908 2007 contrariam
944 1951 1207 2008 insistunt
1236 1951 1381 2006 viam
1404 1990 1419 2016 ,
1467 1956 1634 2021 atque
1679 1950 1735 2005 in
1778 1951 2035 2006 omnibus

447 2044 611 2099 tidem
647 2043 904 2099 sensibus
937 2043 1245 2099 habendam
1280 2058 1403 2099 esse
1460 2041 1786 2107 defendunt,
1818 2052 2038 2097 sentcn-

451 2136 583 2194 tiam
614 2137 986 2207 exploremus.
1018 2134 1226 2191 Horum
1259 2150 1290 2191 e
1313 2150 1544 2191 numero
1586 2144 1717 2191 sunt
1763 2135 2037 2191 Metrodo-

448 2244 547 2284 rus
573 2228 747 2284 Chius
769 2271 784 2295 ,
821 2238 876 2284 et
920 2228 1250 2299 Protagoras
1280 2226 1563 2283 Abderita.
1600 2227 1667 2283 Et
1693 2227 2037 2284 Metrodorus

449 2320 693 2390 quidem,
726 2327 789 2376 ut
817 2319 991 2384 aiunt,
1029 2318 1323 2373 Democriti
1380 2319 1597 2374 auditor
1640 2317 1763 2382 fuit,
1790 2333 1855 2373 ac
1886 2320 2037 2389 prin-

450 2412 598 2481 cipia
627 2410 759 2478 duo,
787 2409 1012 2480 plenum
1049 2418 1103 2463 et
1140 2424 1375 2464 vacuum
1410 2408 1596 2479 posuit
1630 2426 1643 2462 :
1671 2423 1702 2463 e
1728 2408 1928 2478 quibus
1957 2408 2037 2465 al-

450 2515 628 2560 terum
662 2503 797 2559 illud
825 2517 969 2568 esse,
1018 2502 1252 2558 alterum
1298 2517 1408 2558 non
1454 2515 1578 2557 esse
1609 2498 1846 2557 dicebat.
1878 2501 1931 2558 is
1969 2501 2037 2557 de

449 2608 647 2655 natura
674 2596 985 2667 scripturus
1008 2610 1136 2652 cum
1162 2602 1331 2664 esset,
1363 2595 1469 2650 hoc
1496 2593 1765 2650 orationis
1788 2601 1874 2651 est
1902 2610 2037 2650 usus

450 2689 734 2760 ingressu:
775 2706 793 2739 ι
816 2685 988 2742 Nemo
1018 2701 1269 2742 nosrrum
1305 2686 1603 2756 quidquam
1635 2684 1786 2740 novit
1806 2700 1821 2751 ;
1841 2700 1909 2740 ne
1931 2684 2037 2740 hoc

448 2782 631 2852 ipsum
662 2781 884 2852 quidem
928 2791 1114 2836 utrum
1144 2779 1352 2849 aliquid
1385 2778 1727 2844 noverimus,
1785 2793 1977 2833 necne.
2010 2798 2030 2832 ι

446 2873 569 2940 Quo
595 2889 662 2928 ex
693 2873 813 2945 ejus
838 2873 1086 2944 ingressu
1110 2872 1407 2941 pessimam
1427 2868 1623 2924 deinde
1656 2868 1928 2925 recentior
1947 2869 2038 2925 ille

449 2965 663 3039 Pyrrho
692 2965 975 3022 dubitandi
1008 2979 1199 3019 ansam
1222 2961 1475 3033 arripuit.
1497 2961 1662 3032 766
1689 2960 1758 3015 At
1786 2975 2035 3032 progres-

448 3074 545 3116 sus
582 3059 721 3113 idem
740 3056 990 3125 ulterius,
1014 3056 1067 3111 id
1092 3070 1215 3110 esse
1242 3055 1429 3109 omnia
1461 3052 1673 3117 statuit,
1706 3053 1853 3122 quod
1879 3052 2037 3123 quis-

450 3166 559 3221 que
590 3150 877 3222 intelligat.
904 3148 1265 3219 Protagoram
1293 3146 1442 3216 quod
1474 3145 1690 3211 attinet,
1717 3147 1939 3201 atheum
1968 3146 2036 3201 il-

2136 1030 2368 1102 πίδωνῆ
2408 1032 2607 1101 μυιῶν·
2655 1032 2832 1086 καίτοι
2880 1032 3109 1085 κάκεῖνα
3141 1031 3398 1105 γνωρίζει
3457 1032 3530 1086 τὰ
3581 1032 3726 1086 κατὰ

2137 1122 2348 1189 φύσιν.)
2371 1122 2591 1194 Πρὸςδὴ
2615 1124 2742 1187 τοὺς
2769 1122 2911 1178 οὕτω
2934 1126 3327 1197 διακειμένους,
3353 1127 3400 1179 εί
3429 1127 3522 1179 καὶ
3555 1125 3724 1199 μυρία

2137 1213 2313 1282 λέγειν
2346 1213 2575 1280 ἔνεστιν,
2621 1214 2735 1268 ἀλλ’
2769 1216 2931 1288 ἀρκεῖ
2985 1235 3049 1286 γε
3097 1220 3193 1271 καὶ
3240 1218 3434 1271 ταῦτα.
3491 1218 3720 1270 ’Έπεται

2135 1305 2345 1370 τούτοις
2371 1302 2487 1368 οὖν,
2521 1307 2874 1373 συνεξετάσαι
2905 1309 2999 1361 καὶ
3028 1310 3156 1373 τοὺς
3177 1310 3275 1379 τὴν
3297 1309 3543 1363 ἐναντίαν
3578 1307 3723 1379 βαδί-

2137 1398 2349 1463 ζοντας,
2384 1398 2476 1451 καὶ
2508 1399 2687 1451 πάντα
2716 1400 2909 1471 χρῆναι
2944 1399 3220 1454 πιστεύειν
3249 1403 3371 1463 ταῖς
3397 1399 3493 1453 τοῦ
3530 1400 3720 1471 σώμα-

2136 1507 2229 1553 τος
2250 1488 2568 1560 αἰσθήσεσιν
2611 1491 3008 1561 ὁρισαμένους,
3050 1484 3126 1545 ὧν
3161 1487 3301 1545 εἶναι
3359 1491 3724 1563 Μητρόδωρον

2136 1582 2226 1635 τὸν
2260 1583 2411 1647 Χῖον,
2446 1581 2540 1636 καὶ
2568 1583 2939 1654 Πρωταγόραν
2973 1583 3064 1637 τὸν
3113 1583 3457 1656 Ἀϐδηρίτην.
3493 1583 3598 1637 Τὸν
3626 1581 3725 1654 μὲν

2138 1672 2230 1729 οὖν
2254 1676 2619 1746 Μητρόδωρον
2652 1675 2996 1747 Δημοκρίτου
3022 1674 3231 1745 ἔφασαν
3260 1675 3556 1747 ἀκηκοέναι
3579 1693 3592 1706 ο
3628 1674 3727 1746 ἀρ-

2138 1767 2239 1839 χὰς
2262 1767 2318 1820 δὲ
2350 1766 2732 1837 ἀποφήνασθαι
2756 1767 2817 1820 τὸ
2852 1766 3060 1838 πλῆρες
3088 1768 3182 1820 καὶ
3217 1767 3278 1820 τὸ
3320 1767 3477 1821 κενόν
3500 1784 3513 1797 °
3562 1759 3637 1820 ὧν
3664 1766 3727 1819 τὸ
3772 1832 3779 1836 .

2147 1857 2245 1927 μὲν
2278 1855 2358 1922 ὃν,
2388 1856 2449 1908 τὸ
2486 1856 2542 1908 δὲ
2585 1856 2659 1929 μὴ
2685 1856 2743 1910 ὃν
2771 1852 2932 1911 εἶναι.
2970 1858 3201 1929 Γράφων
3235 1857 3297 1926 γε
3342 1875 3426 1910 τοι
3467 1858 3596 1929 περὶ
3625 1855 3733 1926 φύσ-

2146 1965 2303 2012 σεως.
2340 1947 2556 2019 εἰσϐολῇ
2591 1949 2864 2020 ἐχρήσατο
2898 1949 3120 2023 τοιαύτῃ
3140 1966 3154 1979 ο
3189 1969 3206 1999 ε
3237 1949 3424 2013 Οὐδεὶς
3453 1948 3608 2021 ἡμῶν
3632 1948 3727 2003 ού-

2142 2040 2230 2093 δὲν
2263 2036 2422 2108 οἶδεν,
2449 2041 2557 2093 οὐδ’
2593 2041 2725 2095 αὐτὸ
2757 2040 2917 2095 τοῦτο
2970 2042 3198 2111 πότερον
3252 2042 3473 2113 οἴδαμεν
3497 2083 3513 2105 ,
3545 2042 3578 2114 ἦ
3626 2039 3728 2095 οὐκ

2143 2134 2380 2204 οἴδαμεν.
2420 2154 2438 2185 ›
2474 2134 2632 2198 Ἤτις
2657 2126 2876 2206 εἰσϐολὴ
2905 2133 3083 2197 κακὰς
3126 2133 3326 2188 ἔδωκεν
3362 2133 3616 2205 ἀφορμὰς
3646 2132 3729 2205 τῷ

2147 2226 2287 2295 μετὰ
2342 2225 2514 2279 ταῦτα
2572 2226 2851 2297 γενομένῳ
2876 2227 3148 2298 Πύρρωνι.
3200 2226 3418 2299 Προϐὰς
3448 2226 3506 2279 δέ
3538 2243 3723 2297 φησιν,

2142 2317 2224 2370 ὅτι
2253 2318 2432 2373 πάντα
2457 2319 2626 2384 ἐστὶν,
2653 2319 2682 2371 ὃ
2705 2320 2770 2373 ἄν
2800 2336 2882 2383 τις
2908 2321 3119 2391 νοήσαι.
3146 2319 3249 2371 Τὸν
3274 2319 3330 2372 δὲ
3356 2319 3727 2389 Πρωταγόραν

2143 2408 2300 2478 λόγος
2332 2410 2443 2481 ἔχει
2473 2411 2770 2482 κεκλῆσθαι
2790 2412 2968 2467 ἄθεον.
3003 2412 3234 2482 Γράφων
3254 2412 3318 2480 γέ
3339 2429 3421 2465 τοι
3450 2411 3545 2464 καὶ
3565 2409 3728 2474 αὐτὸς

2143 2502 2285 2571 Περὶ
2316 2501 2489 2567 θεῶν,
2512 2503 2728 2574 εἰσϐολῇ
2760 2501 2939 2575 τοιᾷδε
2969 2504 3259 2576 ἐχρήσατο·
3297 2523 3315 2554 ι
3344 2503 3481 2575 Περὶ
3511 2503 3610 2574 μὲν
3633 2497 3729 2557 οὖν

2145 2593 2282 2648 θεῶν
2308 2597 2409 2649 οὐκ
2439 2590 2577 2661 οἶδα,
2606 2595 2720 2648 οὗθ’
2756 2594 2831 2658 ὥς
2854 2597 3012 2660 εἰσιν,
3042 2595 3153 2649 οὐθ’
3184 2594 3356 2649 ὁποῖοί
3378 2611 3523 2658 τινες
3558 2593 3724 2648 ἰδέαν.

2145 2689 2323 2744 Πολλὰ
2350 2691 2458 2762 γάρ
2485 2692 2601 2744 ἐστι
2629 2691 2697 2745 τὰ
2724 2691 3000 2746 κωλύοντά
3035 2707 3101 2761 με
3139 2684 3390 2743 ἕκαστον
3417 2689 3623 2742 τούτων
3652 2689 3732 2741 el-

2143 2782 2312 2836 δέναι.
2372 2802 2391 2834 ι
2428 2784 2629 2837 Τοῦτον
2676 2784 2947 2854 Ἀθηναῖοι
3001 2785 3143 2854 φυγῇ
3191 2777 3588 2852 ζημιώσαντες,
3626 2780 3729 2845 τὰς

2147 2872 2363 2943 βίϐλους
2400 2874 2564 2927 αὑτοῦ
2610 2875 2846 2946 δημοσίᾳ
2874 2876 2933 2928 ὲν
2964 2876 3105 2948 μέσῃ
3139 2877 3205 2946 τῇ
3240 2874 3417 2945 ἀγορᾷ
3456 2871 3731 2927 κατέκαυ-

2148 2982 2265 3019 σαν.
2316 2967 2470 3019 Ἐπεὶ
2503 2962 2595 3020 οὖν
2622 2967 2734 3023 ,οἵδε
2765 2967 2954 3038 μόναις
2985 2967 3097 3020 δεῖν
3128 2967 3336 3036 ἔφασαν
3366 2966 3487 3029 ταῖς
3538 2962 3730 3034 αἰσθή-

2147 3075 2265 3111 σεσι
2306 3058 2602 3125 πιστεύειν,
2628 3059 2727 3123 τὰς
2761 3058 2897 3131 πρὸς
2922 3060 3118 3123 αὐτοὺς
3148 3059 3493 3130 ἀντιρρήσεις
3525 3054 3732 3110 θεασώ-

2148 3148 2310 3219 μεθα.

447 3246 564 3303 lum
591 3248 800 3303 dictum
829 3260 954 3303 esse
986 3244 1227 3301 tradunt.
1259 3241 1406 3295 Sane
1440 3240 1527 3295 his
1585 3241 1679 3297 ille
1736 3242 1920 3298 verbis
1963 3257 2117 3297 suam
2158 3244 2237 3299 De
2293 3246 2399 3300 diis
2456 3247 2881 3318 disputationem
2929 3247 3286 3317 auspicatur,
3349 3263 3368 3295 ι
3403 3243 3597 3299 Sintne
3630 3240 3732 3308 dii,

450 3358 645 3408 necne,
677 3350 774 3396 aut
794 3353 960 3411 quam
994 3337 1032 3392 ii
1065 3334 1302 3405 speciem
1325 3332 1585 3399 habeant,
1615 3335 1840 3401 nescio;
1867 3334 2036 3389 multa
2078 3344 2207 3390 sunt
2231 3337 2400 3404 enim,
2427 3354 2550 3409 quae
2580 3354 2689 3403 me,
2742 3338 3039 3409 quominus
3098 3337 3264 3390 trium
3321 3333 3514 3389 horum
3568 3328 3733 3403 q’uid-

447 3434 585 3492 libet
634 3429 920 3495 noverim,
976 3423 1298 3494 impediant.
1387 3439 1407 3473 ι
1471 3418 1647 3490 Hujus
1727 3422 2087 3481 Athenienses
2127 3426 2321 3481 exsilio
2346 3427 2458 3497 jam
2512 3428 2757 3483 damnati
2806 3428 2978 3483 libros
3026 3427 3239 3496 publice
3304 3425 3484 3479 medio
3514 3424 3570 3477 in
3610 3424 3734 3481 foro

451 3526 900 3585 cembusserunt.
961 3518 1068 3573 Sed
1121 3515 1381 3587 quoniam
1436 3515 1572 3571 solis
1624 3514 1716 3570 isti
1769 3518 2025 3574 sensibus
2085 3519 2442 3594 credendum,
2484 3535 2606 3577 esse
2671 3521 2951 3583 dixerunt,
2985 3519 3187 3589 quibus
3218 3515 3536 3571 refellantur
3566 3531 3729 3585 argu-

451 3618 655 3676 mentis
686 3615 991 3672 videamus.

1034 3703 1264 3761 CAPUT
1302 3702 1424 3758 XX.

451 3827 719 3884 Adversus
762 3820 1151 3888 Metrodorum,
1209 3827 1259 3873 et
1313 3817 1693 3888 Protagoram,
1754 3819 1846 3888 qui
1906 3819 2035 3874 solis

526 3896 767 3954 sensibus
808 3886 1261 3948 credendumesse
1296 3886 1567 3943 dicebam.
1612 3886 1699 3941 Ea:
1724 3886 1924 3945 eodem.

528 4093 548 4128 ‹
581 4072 776 4139 Fuere,
809 4069 1009 4143 inquit,
1034 4067 1285 4143 nonnulli
1314 4074 1597 4137 praeterea,
1647 4065 1742 4137 qui
1782 4066 2037 4122 sensibus

450 4177 669 4224 tantum
700 4173 865 4236 atque
919 4162 1056 4217 visis
1092 4160 1252 4215 tidem
1302 4159 1669 4214 adhibendam
1724 4174 1846 4215 esse
1890 4158 2037 4213 dice-

450 4269 596 4315 rent.
640 4255 751 4313 Nec
785 4258 1007 4321 desunt,
1032 4254 1131 4327 qui
1177 4252 1356 4309 simile
1410 4252 1543 4323 quid
1577 4251 1647 4307 ab
1677 4249 1921 4306 Homero
1954 4252 2039 4304 in-

450 4353 734 4408 sinuatum
785 4363 908 4405 esse
961 4348 1151 4413 velint,
1188 4362 1313 4402 cum
1348 4344 1628 4401 Oceanum
1677 4360 1862 4400 rerum
1920 4359 2041 4399 om-

450 4445 607 4500 nium
666 4441 996 4514 principium
1043 4441 1282 4507 vocavit,
1339 4437 1486 4509 quod
1528 4455 1616 4495 res
1660 4438 1716 4493 in
1775 4446 2040 4510 perpetuo

451 4537 695 4607 quodam
752 4533 901 4588 ﬂuxu
931 4540 1241 4589 versentur.
1310 4529 1428 4586 Hoc
1480 4530 1661 4601 ipsum
1699 4529 2041 4586 Metrodorus

451 4624 625 4683 Chius
655 4633 978 4694 asseverat;
1026 4623 1299 4694 planeque
1346 4637 1412 4677 ac
1462 4622 1667 4678 diserte
1713 4623 2042 4693 Protagoras

451 4717 735 4774 Abderita.
797 4713 1093 4770 Hominem
1129 4714 1276 4768 enim
1308 4729 1494 4769 rerum
1535 4713 1781 4769 omnium
1814 4730 2041 4775 mensu-

452 4826 573 4868 ram
607 4825 730 4866 esse
761 4809 913 4873 vult;
941 4816 1000 4861 ut
1019 4821 1211 4861 earum
1235 4820 1357 4874 quae
1387 4813 1543 4870 sunt,
1573 4803 2041 4874 quemadmodum

454 4904 563 4959 illa:
583 4904 713 4968 sint,
747 4901 822 4956 ita
846 4915 1037 4956 earum
1072 4912 1196 4969 qua:
1224 4913 1339 4952 non
1386 4904 1537 4963 sunt,
1571 4896 2043 4966 quemadmodum

456 5001 593 5070 ipsae
621 5013 731 5052 non
766 4996 895 5051 sint.
939 4990 1262 5063 Cuiusmodi
1295 4991 1443 5045 enim
1471 4988 1735 5059 quidiibet
1762 4997 2039 5058 appareat,

2677 3694 3076 3749 ΚΕΦΑΛΑΙΟΝ
3117 3694 3205 3746 K'.

2140 3817 2298 3887 Πρὸς
2324 3813 2477 3887 τοὺς
2492 3811 2629 3880 περὶ
2658 3807 3057 3887 Μητρόδωρον
3083 3802 3597 3887 καξῌρωταηόραν
3619 3802 3732 3887 μό-

2209 3871 2344 3952 νάις
2382 3871 2511 3938 δέῖν
2536 3871 2847 3935 ᾰιστεύεὶν
2888 3871 3020 3944 ταῖς
3051 3873 3378 3941 αἰσθήσεσι
3416 3871 3728 3941 λέγοντας.

2225 3955 2359 4011 Ἀπὸ
2391 3955 2497 4009 τοῦ
2532 3951 2742 4007 αὑτοῦ.

2282 3968 2359 4009 πο
2391 3972 2497 4009 του
2532 3968 2742 4007 αυτου.

2216 4095 2233 4125 ι
2270 4072 2531 4141 Γεγόνασι
2568 4067 2625 4122 δέ
2658 4083 2823 4130 τινες,
2857 4067 2906 4118 οἱ
2942 4060 3219 4127 ἀξιοῦντες
3246 4060 3312 4129 τῇ
3353 4054 3603 4126 αἰσθήσει
3636 4052 3732 4107 καὶ

2140 4171 2257 4230 ταῖς
2283 4164 2608 4236 φαντασίαις
2632 4161 2822 4232 μόναις
2846 4159 2959 4212 δεῖν
2986 4153 3281 4209 πιστεύειν.
3312 4150 3484 4203 Ἔνιοι
3511 4146 3569 4200 δέ
3600 4163 3731 4216 φασι

2140 4261 2237 4313 καὶ
2264 4259 2354 4313 τὸν
2380 4257 2627 4327 ’Όμηρον
2651 4249 2984 4306 αἰνίττεσθαι
3009 4248 3070 4301 τὸ
3094 4244 3323 4305 τοιοῦτο,
3348 4240 3567 4293 πάντων
3598 4239 3734 4291 ἀπο-

2143 4354 2401 4423 φαίνοντα
2418 4350 2508 4402 τδν
2543 4344 2793 4400 Ὠκεανὸν
2815 4341 3011 4414 ἀρχὴν,
3043 4338 3119 4401 ὡς
3142 4339 3199 4389 ὲν
3232 4333 3383 4405 ῥύσει
3426 4330 3535 4384 τῶν
3587 4345 3733 4423 πραξ

2145 4420 2372 4518 γμάτων
2414 4443 2607 4496 ὄντων.
2642 4438 2755 4493 Καὶ
2783 4435 2888 4508 μὴν
2921 4432 3015 4487 καὶ
3059 4426 3425 4500 Μητρόδωρος
3456 4424 3639 4518 όΧῖος
3672 4420 3733 4518 τὸ

2142 4513 2274 4593 uino
2298 4536 2456 4590 τοῦτο
2480 4533 2648 4602 λέγει.
2674 4530 2748 4583 Οὐ
2777 4527 2883 4599 μὴν
2914 4525 3027 4578 ἀλλ’
3054 4518 3312 4591 ἄντικρύς
3337 4535 3401 4587 γε
3434 4513 3733 4587 Πρωταγό-

2146 4648 2243 4705 ρας
2277 4631 2305 4682 6
2348 4624 2693 4697 Ἀϐδηρίτης.
2727 4611 2896 4679 Οὗτος
2928 4613 3037 4687 γὰρ
3064 4610 3391 4705 ἔφηαμέτρον
3414 4602 3566 4705 *εἶναι
3599 4602 3737 4705 πᾶνα

2142 4695 2251 4775 των
2284 4695 2584 4791 χρημάτων
2626 4712 2716 4766 τὸν
2765 4708 3082 4779 ἄνθρωπον
3128 4702 3236 4756 τῶν
3281 4701 3380 4771 μὲν
3412 4699 3602 4762 ὄντων,
3659 4695 3737 4791 ᾡς

2145 4817 2292 4869 ἐστι’
2333 4810 2442 4864 τῶν
2471 4809 2514 4861 δ’
2555 4807 2656 4860 οὐκ
2690 4803 2881 4861 ὄντων,
2918 4799 2993 4861 ὡς
3033 4797 3134 4850 οὐκ
3166 4795 3336 4847 ἔστιν.
3402 4792 3595 4845 Ὀποῖα
3626 4787 3736 4859 γὰρ

2146 4905 2360 4973 ἑκάστῳ
2388 4899 2641 4970 φαίνεται
2677 4892 2747 4947 τὰ
2792 4890 3114 4963 πράγματα,
3153 4885 3379 4939 τοιαῦτα
3431 4882 3526 4935 καὶ
3571 4876 3734 4932 εἶναι.

2146 4998 2282 5067 Περὶ
2388 4991 2497 5045 τῶν
2522 4988 2696 5045 ἄλλων
2730 4984 2897 5056 μηδὲν
2928 4981 3075 5051 ἡμᾶς
3104 4976 3364 5031 δύνασθαι
3393 4971 3735 5067 διισχυρίσα-

457 5061 732 5162 ejusmodi
762 5089 925 5144 etiam
958 5061 1091 5140 illud
1143 5099 1284 5140 esse.
1340 5081 1415 5135 De
1448 5080 1682 5143 caeteris,
1713 5078 1972 5134 allii-mari
2012 5094 2037 5132 a

2153 5061 2296 5143 σθαι.
2344 5083 2491 5156 Πρὸς
2529 5080 2587 5134 δὲ
2624 5076 2846 5139 τούτους
2893 5074 3036 5127 εἴποι
3070 5088 3154 5135 τις
3176 5070 3262 5133 ἂν,
3290 5068 3361 5162 ’ἃμ
3377 5066 3475 5162 καὶ
3511 5067 3538 5117 6
3589 5061 3734 5159 Πλα-

458 5184 616 5239 nobis
647 5189 796 5237 certo
822 5179 956 5235 nihil
989 5193 1176 5249 posse.
1219 5174 1432 5242 Quibus
1485 5173 1683 5228 merito
1724 5173 1911 5227 eadem
1946 5171 2046 5226 ob-

530 5328 629 5411 (5):
662 5339 716 5411 ’ρ
754 5334 1023 5411 Πλάτων.
1058 5334 1238 5388 Locus
1266 5341 1445 5411 cgslat
1475 5331 1529 5386 in
1562 5330 1846 5411 Theaeteto,
1867 5328 2043 5397 ι).118

459 5401 659 5475 Fieit'ti,
682 5407 755 5471 D,
792 5408 885 5461 ubi
912 5415 1199 5474 postquam
1232 5420 1262 5457 a
1304 5403 1600 5475 Protagora
1644 5401 1919 5475 hominem
1959 5415 2044 5452 re-

461 5497 583 5535 rum
627 5472 870 5534 Omnium
907 5472 1218 5535 mensuram
1242 5474 1510 5535 constitui
1542 5472 1759 5536 docuit,
1808 5472 1891 5540 ita,
1916 5486 2043 5540 pro-

464 5550 754 5619 sequitur»:
793 5545 1001 5619 Οὐκοῦν
1034 5545 1175 5619 ούτω
1201 5562 1317 5619 raw;
1350 5544 1496 5611 λέγει
1531 5539 1928 5619 (Protagoras),
1955 5540 2043 5601 Ὣς

465 5611 557 5675 οἷαί
592 5620 708 5691 μὲν.
731 5619 937 5691 ἕκαστα
982 5616 1120 5691 ἐμοὶ
1151 5615 1432 5690 φαίνεται,
1456 5611 1703 5691 ,τοιαῦτα
1754 5611 1851 5691 μέν
1897 5611 2044 5691 ἐστιν

465 5679 622 5759 ἐμοί’
653 5685 741 5742 οἷα
763 5688 820 5741 δέ
848 5704 950 5759 σοι,
973 5679 1195 5759 τοιαῦτα
1223 5682 1433 5759 αὗσοιι-
1455 5679 1779 5759 ’Ἄνθρωπος
1794 5681 1850 5732 δὲ
1874 5679 2040 5759 eriles,

464 5750 640 5829 κδαγώ.
676 5756 1160 5829 ΤιιιιινὶιθηιὶιιεειηΔ
1189 5757 1264 5829 ita
1290 5750 1693 5829 't'cl‘cll_it,_'§t§p’
1728 5750 2042 5829 οὑκ-ἐνίοτε

464 5818 717 5889 πνέοντος
748 5828 950 5883 ἀνέμου
986 5823 1078 5877 τοῦ
1105 5824 1268 5877 αὐτοῦ
1290 5862 1303 5879 .
1353 5828 1379 5877 6
1414 5824 1508 5880 μὲν
1535 5818 1690 5878 ᾗαῶν
1727 5822 1898 5874 ὀινοῖ.
1932 5820 1961 5871 6
1988 5818 2041 5870 δὲ

2152 5192 2260 5228 των
2295 5172 2369 5241 (5)
2399 5146 2458 5222 ἓν
2500 5164 2810 5228 Θεαιτήτῳ.
2845 5158 3066 5231 Πρῶτον
3103 5156 3220 5227 μὲν,
3249 5154 3301 5206 τί
3334 5151 3535 5223 δήποτε
3561 5146 3736 5202 τοιού-

2152 5329 2249 5391 of);
2282 5324 2381 5392 xui.
2408 5326 2437 5376 6
2471 5322 2589 5392 μὲν,
2618 5314 2982 5392 ἠρξμῄαηόδὲ,
3017 5307 3403 5392 σφόδραςβαὶ
3435 5304 3605 5392 μά).αέ
3637 5300 3741 5392 ΙΙόέ-

2149 5371 2309 5469 τερον
2332 5390 2426 5448 οὖν
2452 5371 3411 5469 {mentitoécp“éaUtt§)'-Tb;1tvequ?1,
3436 5371 3666 5469 ψυχρόν,
3702 5371 3735 5443 ἢ

2469 5503 2483 5527 ,
2523 5446 2815 5537 Δφήσρμενξ
2847 5456 2879 5525 ἢ
2918 5446 3219 5537 πεισόμεθα
3361 5446 3733 5537 Πρωταγόρῇ

2153 5515 2233 5591 δτι
2253 5515 2483 5605 Ϊτιῇδδμὲν
2510 5515 2751 5605 ῥὶῇοὖύτι
2784 5515 2990 5605 Quipng
3011 5565 3024 5589 ,
3067 5515 3144 5592 τῷ
3168 5521 3225 5575 δὲ
3263 5515 3367 5605 μὴ.
3396 5515 3491 5582 0‘6;
3522 5515 3739 5605 etc.“

2154 5585 2751 5675 pluviriliusintbrjectis,
2784 5585 3151 5652 iiaﬂt'niserum
3202 5585 3475 5653 σκώᾶττει,
3511 5595 3568 5639 ut
3603 5585 3735 5640 illud

2153 5672 2219 5733 de
2250 5692 2308 5732 se
2342 5676 2584 5745 COgitare
2615 5672 2882 5725 videatur.

2226 5791 2366 5859 Quid
2390 5789 2586 5861 facium
2605 5788 2628 5842 ?
2650 5786 2740 5842 sed
2764 5800 2879 5839 sum
2901 5778 3162 5855 petulanti
3191 5777 3369 5846 splene
3400 5770 3674 5825 cachinno.
