4144 6448
464 416 604 472 1265

1170 418 1441 475 EUSEBll
1477 417 1958 474 CJESARIENSIS
1995 416 2148 473 OPP.
2180 417 2362 474 PARS
2385 417 2450 474 ll.
2493 450 2564 462 —
2602 419 3103 478 APOLOGETICA.

3608 427 3753 484 1264

461 543 626 596 etiam
689 540 870 595 omnis
923 538 1129 594 futura.
1190 541 1457 596 Similiter
1500 543 1595 612 qui
1648 542 1829 613 aliqua
1880 542 1947 596 de
1990 557 2039 596 re

2149 540 2274 593 νοῦν
2300 543 2394 595 καὶ
2419 541 2595 611 λόγον.
2636 561 2653 593 ι
2678 537 2794 595 Εἶθ’
2815 541 2939 612 ἑξῆς
2969 542 3212 610 ἐπιλέγει
3237 559 3250 574 ο
3278 563 3294 594 ι
3332 543 3543 596 Ἐπε“ιδ’
3561 543 3750 600 ἔτινῦν

463 642 557 687 aut
584 632 904 698 deliberant,
935 641 1032 687 aut
1068 633 1286 703 judices
1327 634 1542 699 sedent,
1572 635 1721 704 quod
1749 641 1914 705 agant
1941 633 2042 688 ba-

460 721 665 777 bebuut
690 722 845 776 nihil.
892 721 1160 794 Quodque
1204 723 1364 794 longe
1403 725 1792 796 gravissimum
1831 734 1936 789 est,
1978 725 2045 778 ii-

459 813 583 866 dem
621 811 778 881 probi
833 812 1000 867 simul
1057 822 1220 868 erunt
1270 823 1325 868 et
1369 814 1627 884 improbi,
1663 814 1811 870 idem
1852 814 2046 868 vitium

461 919 526 958 ac
576 904 752 959 virtus
797 904 922 959 erit.
988 904 1311 974 Cujusmodi
1359 906 1620 976 pleraque
1663 906 1769 961 alia
1811 904 2048 976 proferri

461 1005 706 1064 queant:
754 996 848 1050 sed
898 996 1150 1066 pluribus
1201 997 1494 1052 adversum
1539 998 1676 1053 istos
1730 997 2046 1052 rationibus

462 1092 544 1146 uti
577 1106 1046 1163 supervacaneum
1081 1091 1174 1159 sit,
1203 1093 1298 1163 qui
1325 1108 1385 1148 se
1434 1109 1537 1149 nec
1582 1092 1788 1148 mentis
1816 1107 1919 1148 nec
1955 1107 2047 1146 ra-

463 1185 626 1240 tionis
662 1184 962 1256 quidquam
982 1185 1182 1241 habere
1206 1185 1559 1241 arbitrantur.
1593 1202 1611 1236 »
1643 1184 1770 1241 Haec
1795 1183 1904 1254 ille,
1931 1185 2049 1256 qui-

457 1279 563 1333 bus
575 1278 831 1348 deinceps
846 1293 968 1348 quae
984 1287 1308 1349 sequuntur,
1330 1278 1608 1349 adjuugit:
1637 1297 1654 1330 ι
1677 1277 1743 1333 Et
1761 1280 2043 1348 quoniam,

462 1371 662 1438 inquit,
696 1370 948 1425 nonnulli
1002 1378 1130 1426 sunt
1178 1369 1508 1435 etiamnum,
1541 1371 1632 1441 qui
1660 1385 1879 1427 omnem
1914 1386 2044 1427 sen-

463 1479 585 1517 sum
617 1477 681 1516 ac
723 1462 902 1518 visum
942 1476 1104 1517 omne
1153 1477 1342 1516 verum
1404 1476 1530 1516 esse
1574 1463 1785 1529 velint;
1842 1461 1910 1518 de
1961 1462 2046 1518 his

459 1557 624 1610 etiam
660 1569 834 1624 pauca
883 1554 1154 1610 dicamus.
1218 1553 1404 1608 Vereri
1445 1555 1592 1608 enim
1645 1555 1918 1620 videntur,
1978 1569 2047 1610 ne

460 1646 619 1713 forte,
651 1647 694 1700 si
726 1661 948 1701 sensum
985 1645 1222 1715 aliquem
1252 1643 1448 1700 falsum
1483 1660 1604 1700 esse
1639 1645 1900 1709 dixerint,
1927 1660 2047 1700 cer-

460 1749 570 1794 tam
605 1739 834 1809 proinde
865 1739 1074 1793 nullam
1119 1753 1184 1792 ac
1231 1737 1335 1793 ﬁde
1381 1738 1606 1810 dignam
1645 1738 1700 1792 in
1743 1737 2046 1807 judicando

2151 631 2256 684 εἰσι
2295 649 2440 696 τινες
2463 673 2478 697 ,
2517 634 2566 686 οἱ
2609 634 2791 687 πᾶσαν
2822 633 3076 705 αἴσθησιν
3101 634 3195 686 καὶ
3227 635 3410 688 πᾶσαν
3447 636 3748 704 φαντασίαν

2151 723 2326 796 ἀληθῆ
2353 724 2603 794 λέγοντες
2623 721 2785 792 εἶναι,
2817 726 2987 798 μικρά
3010 727 3105 780 καὶ
3145 726 3274 798 περὶ
3330 726 3536 780 τούτων
3583 727 3747 781 εἴπω-

2153 833 2270 885 μεν.
2331 816 2581 870 Ἐοίκασι
2635 817 2745 889 γὰρ
2775 809 2921 870 οὗτοί
2969 833 3034 886 γε
3063 816 3357 871 δεδοικέναι
3379 858 3393 880 ,
3427 820 3661 890 μήποτε,
3697 820 3745 872 εἰ

2147 907 2363 977 ψευδεῖς
2393 908 2599 962 εἴποιεν
2625 908 2912 980 αἰσθήσεις
2940 905 3078 963 εἷναί
3109 927 3284 975 τινας,
3337 911 3438 964 ούκ
3472 910 3538 964 ἂν
3569 913 3747 982 σχοῖεν

2145 1002 2208 1054 τὸ
2237 1002 2519 1074 κριτήριον
2543 1003 2636 1055 καὶ
2661 1001 2753 1054 τὸν
2783 1002 2986 1056 κανόνα
3017 1001 3236 1072 βέϐαιον
3258 1042 3273 1066 ,
3317 1001 3426 1055 οὐδ’
3462 1003 3742 1074 ἐχέγγυον.

2149 1093 2262 1162 Οὐχ
2287 1085 2454 1164 ὁρῶσι
2483 1091 2561 1158 δὲ,
2586 1092 2662 1157 ὼς
2691 1093 2792 1146 οὐκ
2817 1092 2883 1146 ἂν
2913 1092 3169 1162 φθάνοιεν
3201 1091 3344 1146 οὕτω
3387 1110 3472 1162 γε,
3528 1095 3624 1147 καὶ
3645 1095 3746 1159 τὰς

2147 1183 2305 1249 δόξας
2330 1186 2549 1250 ἁπάσας
2594 1186 2818 1258 ἀληθεῖς
2843 1187 3237 1256 ἀποφαίνοντες
3257 1203 3270 1216 ·
3299 1185 3469 1240 πολλὰ
3520 1187 3629 1258 γὰρ
3679 1187 3742 1260 δὴ

2148 1279 2241 1331 καὶ
2297 1279 2525 1344 ταύταις
2567 1279 2896 1351 πεφύκαμεν
2948 1280 3194 1352 κρίνειν·
3231 1280 3326 1332 καὶ
3374 1278 3529 1332 οὐδὲν
3580 1276 3742 1350 ἦττον

2147 1371 2387 1439 ἀξιοῦσιν
2416 1373 2596 1426 αὐτῶν
2616 1373 2717 1438 τὰς
2749 1373 2846 1444 μὲν
2867 1371 3086 1444 ἀληθεῖς
3115 1366 3277 1438 εἶναι,
3305 1372 3401 1434 τὰς
3425 1372 3480 1424 δὲ
3504 1371 3737 1442 ψευδεῖς·

2151 1465 2382 1518 Ἔπειτα
2411 1464 2469 1517 δὲ
2503 1463 2722 1518 σκοπῶν
2759 1464 2861 1518 ἴδοι
2889 1481 2972 1528 τις
3003 1464 3090 1527 ἂν,
3117 1462 3242 1516 οὐδὲ
3284 1463 3391 1515 τῶν
3425 1462 3598 1517 ἄλλων
3625 1479 3744 1534 κρι-

2147 1554 2351 1626 τηρίων
2380 1555 2492 1608 ais“.-
2514 1555 2608 1609 καὶ
2639 1554 2728 1608 διὰ
2751 1555 2951 1618 παντὸς
2982 1553 3214 1624 ἀψευδὲς
3245 1552 3400 1606 οὐδέν
3421 1570 3434 1582 ·
3467 1547 3577 1606 οἷον
3601 1553 3744 1620 λέγω

2148 1649 2333 1717 ζυγὸν,
2371 1651 2403 1720 ἦ
2451 1649 2661 1722 τόρνον,
2699 1650 2734 1720 ἦ
2788 1667 2838 1702 τι
2881 1649 2991 1701 τῶν
3020 1647 3313 1701 τοιούτων’
3363 1646 3478 1700 ἀλλ’
3511 1647 3742 1700 ἕκαστον

2148 1738 2346 1802 αὐτῶν,
2382 1739 2480 1792 ὡδὶ
2515 1740 2616 1811 μὲν
2651 1739 2794 1809 ἕχον,
2830 1739 2978 1806 ὑγιές
3016 1739 3186 1806 ἐστιν,
3218 1738 3316 1792 ὡδὶ
3339 1738 3417 1803 δὲ,
3449 1738 3741 1809 μοχθηρόν

457 1831 703 1904 regulam
727 1829 966 1885 habituri
999 1829 1140 1884 sint:
1174 1843 1275 1884 nec
1297 1828 1506 1883 interea
1529 1828 1737 1889 vident,
1763 1827 1867 1883 hoc
1888 1827 2039 1898 plane

2150 1831 2246 1884 καὶ
2297 1831 2506 1884 τουτονὶ
2573 1831 2672 1900 μὲν
2701 1829 3002 1901 χρωμένων
3053 1828 3144 1882 τὸν
3177 1828 3379 1900 τρόπον
3413 1869 3428 1893 ,
3466 1827 3741 1897 ἀληθεύει,

460 1926 638 1994 sequi,
692 1932 753 1978 ut
802 1922 1090 1993 opiniones
1120 1935 1313 1976 omnes
1359 1936 1518 1977 veras
1567 1936 1688 1976 esse
1726 1919 2039 1984 defendant,

2149 1925 2360 1978 τουτονὶ
2392 1923 2470 1986 δὲ,
2522 1922 2796 1991 ψεύδεται.
2831 1922 2941 1976 Καὶ
2973 1921 3078 1992 μὴν
3109 1923 3163 1975 εῐ
3185 1939 3250 1990 γε
3285 1922 3438 1974 πᾶσα
3489 1919 3741 1992 αἴσθησις

460 2031 583 2069 cum
619 2029 806 2069 earum
839 2014 893 2067 in
925 2013 1200 2084 plerisque
1239 2011 1510 2082 judicium
1541 2012 1695 2082 sequi
1727 2013 2040 2068 sol‘eamus:

457 2126 636 2181 neque
669 2117 852 2164 tamen
903 2123 1064 2164 veras
1099 2107 1256 2174 alias,
1307 2107 1446 2163 alias
1494 2115 1687 2161 contra
1719 2104 1885 2162 falsas
1913 2121 2044 2176 pro-

458 2201 712 2255 nuntiare
769 2199 1047 2255 desinunt.
1099 2196 1305 2253 Deinde
1346 2196 1439 2266 qui
1493 2196 1754 2251 attentius
1803 2197 2047 2268 cogitare

459 2293 621 2357 volet,
675 2292 720 2346 is
753 2290 902 2346 aliud
936 2306 1002 2346 ex
1033 2290 1100 2347 iis
1127 2289 1283 2356 nihil,
1325 2290 1526 2361 quibus
1556 2299 1818 2362 tanquam
1852 2290 2044 2362 judicii

457 2384 660 2454 regulis
690 2383 918 2448 utimur,
975 2398 1138 2438 omne
1195 2383 1423 2438 omnino
1480 2383 1682 2439 falsum
1718 2397 1784 2439 ac
1828 2398 2044 2455 semper

454 2475 743 2530 excludere
779 2473 1109 2545 comperiet:
1146 2473 1295 2529 verbi
1325 2489 1492 2530 causa
1524 2475 1759 2539 lancem,
1796 2483 2040 2543 tornum,

457 2575 762 2636 caeteraque
795 2566 849 2621 id
893 2581 1085 2636 genus.
1133 2563 1428 2632 Quodlibet
1454 2567 1598 2621 enim
1633 2567 1764 2621 dum
1807 2575 1957 2623 certo
1981 2583 2044 2622 se

455 2659 619 2714 modo
648 2659 831 2720 habet,
866 2673 1063 2715 sanum
1089 2667 1172 2712 est
1197 2677 1211 2712 :
1249 2659 1382 2713 dum
1421 2674 1584 2715 secus
1610 2699 1624 2725 ,
1671 2675 1903 2730 pravum
1933 2678 1945 2715 :
1975 2675 2042 2716 eo

454 2753 584 2806 dum
627 2751 709 2806 sic
736 2750 928 2818 uteris,
963 2766 1154 2805 verum
1207 2760 1325 2818 est;
1387 2750 1520 2807 dum
1581 2751 1762 2816 aliter,
1817 2751 2038 2810 falsum.

452 2841 611 2910 Quod
646 2843 690 2897 si
743 2858 941 2898 sensus
972 2843 1153 2898 omnis
1200 2858 1363 2898 verus
1422 2853 1591 2910 esset,
1637 2853 1852 2901 tantum
1900 2846 2043 2902 inter

453 2950 548 2990 eos
574 2935 911 2989 discriminis
955 2949 1078 2990 esse
1128 2949 1238 2989 non
1271 2935 1514 2990 deberet.
1562 2937 1728 3006 Atqui
1786 2937 2040 2994 cominus

452 3035 598 3082 certe
629 3026 720 3080 alii
747 3035 896 3091 sunt,
929 3025 1148 3080 eminus
1173 3025 1305 3080 alii:
1339 3027 1724 3096 aegrotantium
1761 3043 1826 3083 ac
1855 3029 2040 3084 valen-

453 3117 613 3179 tium,
646 3119 945 3187 peritorum
981 3125 1036 3171 et
1073 3117 1477 3185 imperitorum,
1512 3119 1866 3188 prudentium
1902 3120 2038 3176 stul-

453 3218 744 3278 torumque
782 3207 1099 3264 dissimiles.
1157 3205 1296 3262 Nam
1347 3206 1685 3264 furiosorum
1736 3222 1884 3265 certe
1910 3211 2038 3281 qui-
2068 3235 2114 3299 ρ

452 3299 598 3363 dem,
635 3309 730 3354 aut
759 3313 951 3355 eorum
991 3300 1087 3370 qui
1138 3315 1424 3370 perperam
1467 3300 1676 3370 aliquid
1706 3301 1891 3359 vident
1935 3319 2034 3359 au-

451 3393 677 3448 diuntve
721 3408 938 3459 sensus,
977 3407 1140 3448 veros
1195 3393 1496 3463 appellare,
1537 3393 1699 3467 longe
1755 3395 2035 3468 ineptissi-

451 3501 603 3540 mum
640 3485 821 3541 fuerit.
878 3485 1044 3556 768
1075 3483 1293 3556 Quippe
1325 3485 1563 3556 simplex
1598 3489 1828 3544 nimium
1867 3490 1914 3545 is
1944 3504 2036 3545 es-

452 3587 557 3643 set,
591 3577 684 3647 qui
719 3592 880 3633 secus
900 3578 1175 3632 videntem
1206 3587 1301 3633 aut
1327 3578 1514 3634 videre
1538 3580 1763 3648 diceret,
1807 3589 1903 3637 aut
1927 3596 2033 3637 non

450 3670 656 3724 videre.
716 3669 905 3735 Quiris
928 3668 1075 3724 enim
1113 3669 1466 3739 respondeat,
1503 3671 1690 3728 videre
1725 3672 1879 3726 illum
1905 3673 2034 3743 qui-

449 3761 594 3824 dem,
621 3769 676 3815 at
710 3775 1013 3830 perperam.
1078 3759 1216 3815 Dum
1253 3770 1435 3816 autem
1466 3762 1678 3818 addunt
1737 3780 1960 3820 sensum
2003 3781 2033 3818 a

452 3852 663 3905 ratione
712 3851 1066 3905 dissidentem
1118 3851 1252 3904 nihil
1303 3852 1526 3918 addere,
1603 3851 1822 3909 auferre
1869 3853 2030 3918 nihil,

449 3959 572 4014 quze
605 3943 843 3998 maxime
885 3943 1046 3998 obvia
1081 3953 1229 4008 sunt,
1271 3959 1335 3998 ea
1378 3960 1436 4000 se
1501 3961 1608 4000 non
1643 3946 1827 4004 videre
1851 3945 2032 4015 palam

449 4036 762 4091 ostendunt.
803 4032 941 4089 Nam
970 4035 1024 4089 in
1056 4050 1230 4096 remo.
1268 4051 1433 4105 quem
1462 4037 1517 4091 iu
1550 4053 1692 4108 aqua
1727 4039 2028 4102 cernimus,

449 4129 504 4182 in
537 4127 787 4196 picturis,
814 4127 1044 4196 aliisque
1078 4130 1376 4194 sexcentis,
1409 4144 1611 4184 sensus
1639 4129 1756 4199 ipse
1798 4144 1903 4186 nos
1930 4129 2032 4184 fal-

450 4218 532 4272 lit.
586 4219 773 4288 ltaque
801 4218 906 4273 hoc
930 4233 1113 4274 rerum
1152 4219 1206 4274 in
1255 4235 1473 4292 genere,
1500 4237 1608 4276 non
1645 4229 1904 4290 mentem,
1939 4223 2031 4278 sed

449 4313 627 4369 visum
660 4314 762 4383 ipsi
797 4324 1048 4371 nostrum
1081 4328 1310 4386 arguere
1353 4317 1766 4372 consuevimus.
1807 4315 1876 4372 Et
1905 4333 2033 4374 vero

448 4423 571 4478 quae
607 4409 993 4480 cogitationem
1041 4426 1261 4466 omnem
1295 4426 1482 4467 veram
1516 4426 1640 4466 esse
1689 4412 2030 4482 pronuntiat,

447 4516 512 4556 ea
544 4517 730 4556 secum
761 4503 876 4572 ipsa
904 4513 1112 4574 pugnat
1149 4507 1351 4560 oratio.
1396 4503 1654 4560 Nostram
1692 4505 1839 4559 enim
1887 4515 2034 4561 certe

2149 2013 2356 2086 ἀληθὴς
2382 2009 2471 2086 ῆν,
2496 2014 2595 2067 ούκ
2621 2013 2729 2066 ἔδει
2758 2013 3012 2066 τοσοῦτον
3028 2012 3308 2084 διαφέρειν
3333 2013 3522 2077 αὑτάς.
3554 2013 3744 2066 Ἀλλαι

2148 2107 2256 2178 γάρ
2283 2109 2420 2160 εἰσιν
2453 2105 2682 2176 ἐγγύθεν
2715 2107 2808 2158 καὶ
2843 2104 3149 2178 πόρρωθεν,
3181 2105 3274 2158 καὶ
3309 2104 3608 2160 νοσούντων
3652 2105 3744 2158 καὶ

2148 2199 2495 2270 ἐρρωμένων,
2523 2198 2620 2253 καὶ
2643 2197 2904 2268 τεχνιτῶν
2924 2198 3018 2251 καὶ
3041 2197 3302 2268 ἀτέχνων,
3327 2196 3423 2250 καὶ
3463 2196 3744 2268 φρονίμων

2148 2290 2242 2342 καὶ
2269 2291 2541 2360 ἀφρόνων.
2577 2289 2689 2354 Τάς
2726 2289 2784 2342 δὲ
2816 2289 2888 2359 δὴ¹
2907 2289 3015 2342 τῶν
3047 2289 3370 2361 μεμηνότων
3393 2289 3741 2343 παντάπασιν

2146 2381 2212 2435 ἂν
2239 2383 2321 2454 εἴη
2352 2382 2552 2436 ἀτοπον
2579 2381 2758 2450 λέγειν
2789 2380 3008 2452 ἀληθεῖς
3024 2377 3185 2444 εἶναι,
3214 2381 3309 2434 καὶ
3334 2379 3436 2444 τὰς
3467 2380 3576 2434 τῶν
3595 2396 3770 2451 παρ-.

2149 2473 2400 2547 ορώντων
2440 2474 2532 2526 καὶ
2577 2473 3016 2545 παρακουόντων.
3065 2471 3272 2543 Εῦηθες
3323 2471 3430 2543 γὰρ
3478 2471 3545 2526 ἂν
3569 2467 3638 2544 ἦν
3685 2472 3744 2524 τὸ

2144 2566 2457 2637 λεγόμενον,
2489 2567 2564 2628 ὡς
2593 2566 2622 2617 ὁ
2649 2563 2908 2636 παρορῶν
2937 2566 3054 2636 ἦτοι
3093 2565 3196 2636 ὁρᾷ
3224 2563 3258 2635 ἦ
3290 2566 3388 2635 οὐχ
3439 2566 3567 2636 ὁρᾷ.
3600 2565 3736 2635 Φαίη

2144 2658 2253 2730 γὰρ
2280 2659 2344 2712 ἄν
2369 2675 2453 2720 τις
2477 2697 2490 2718 ,
2539 2657 2622 2709 ὅτι
2654 2657 2757 2728 ὁρᾷ
2794 2655 2914 2726 μὲν,
2967 2655 3080 2708 ἀλλ’
3112 2657 3214 2709 οὐκ
3260 2655 3456 2726 ὀρθῶς.
3503 2656 3738 2710 Ὁπόταν

2149 2751 2330 2823 μέντοι
2365 2749 2558 2819 φῶσιν,
2592 2749 2668 2812 ὡς
2705 2751 2737 2820 ἡ
2778 2747 2878 2819 μὲν
2912 2747 3195 2818 αἴσθησις,
3223 2743 3358 2801 οὖσα
3394 2748 3586 2815 ἄλογος
3607 2787 3620 2809 ,
3651 2748 3740 2800 ού-

2143 2843 2232 2897 δὲν
2259 2841 2636 2914 προστίθησιν,
2665 2841 2773 2894 οὐδ’
2806 2841 3071 2911 ἀφαιρεῖ,
3114 2840 3396 2910 φαίνονται
3443 2838 3739 2910 τάμποδὼν

2143 2938 2239 3009 οὐχ
2271 2935 2525 3008 ὁρῶντες.
2562 2933 2687 2988 Ἐπὶ
2714 2934 2822 3006 γὰρ
2853 2933 2950 2987 τοῦ
2984 2933 3217 3005 ὲρετμοῦ
3255 2933 3349 2986 τοῦ
3373 2935 3429 2987 ὲν
3456 2932 3536 3004 τῷ
3560 2932 3736 2995 ὕδατι,

2142 3029 2283 3084 κάπὶ
2329 3028 2438 3082 τῶν
2473 3026 2724 3100 γραφῶν,
2760 3026 2856 3080 καὶ
2905 3026 3115 3098 μυρίων
3163 3025 3360 3090 ἄλλων,
3417 3027 3451 3097 ἠ
3481 3024 3740 3097 αἴσθησίς

2142 3123 2289 3175 ἐστιν
2322 3123 2356 3192 ἡ
2376 3119 2663 3174 ἀπατῶσα.
2689 3121 2782 3172 Διὸ
2799 3118 2896 3174 καὶ
2919 3118 3250 3190 μεμφόμεθα
3279 3119 3482 3182 πάντες
3511 3117 3605 3171 ἐπὶ
3627 3116 3739 3172 τῶν

2145 3213 2403 3268 τοιούτων
2445 3213 2506 3267 οὐ
2551 3212 2645 3265 τὸν
2675 3211 2800 3265 νοῦν
2852 3212 3042 3283 ἡμῶν,
3079 3211 3214 3266 ἀλλὰ
3251 3211 3350 3284 τὴν
3411 3211 3734 3280 φαντασίαν.

2153 3307 2394 3378 Ἐλέγχει
2441 3307 2552 3378 γὰρ
2581 3309 2609 3360 6
2659 3305 2819 3374 λόγος
2853 3305 3014 3368 αὐτὸς
3063 3305 3288 3370 ἑαυτὸν,
3318 3304 3486 3369 ἀξιῶν
3519 3305 3742 3358 ἅπασίν

2139 3401 2318 3473 ἀληθῆ
2346 3399 2647 3470 φαντασίαν
2679 3392 2838 3452 εἶναι.
2865 3397 2976 3468 Τὴν
3005 3397 3113 3469 γὰρ
3134 3397 3426 3468 ἡμετέραν,
3449 3397 3515 3451 δι’
3541 3400 3608 3469 ἣν
3627 3395 3739 3452 οὐκ

2137 3493 2362 3564 οἰόμεθα
2407 3492 2589 3544 πᾶσαν
2628 3483 2766 3541 εἶναι
2800 3487 3079 3556 τοιαύτην,
3127 3486 3292 3557 ψευδῆ
3330 3488 3550 3550 πάντως
3591 3490 3733 3541 ἀπο-

2138 3584 2337 3653 φαίνει.
2374 3579 2667 3652 Συμϐαίνει
2716 3577 2896 3630 τοίνυν
2950 3577 3132 3640 αὐτοῖς
3171 3576 3390 3629 ἃπασαν
3430 3579 3736 3646 φαντασίαν

2137 3673 2310 3746 ἀληθῆ
2351 3672 2447 3726 καὶ
2475 3670 2646 3740 ψευδῆ
2674 3667 2854 3734 λέγειν
2887 3665 3046 3721 εἶναι.
3095 3665 3338 3719 Καθόλου
3384 3667 3440 3720 δὲ
3483 3669 3734 3740 ἁμαρτά-

2135 3784 2336 3831 νουσιν,
2371 3763 2667 3829 ἀξιοῦντες,
2698 3763 2859 3814 ὁποῖα
2888 3760 2954 3814 ἂν
2981 3762 3112 3830 ἡμῖν
3158 3760 3414 3829 φαίνηται
3463 3761 3532 3814 τά
3595 3763 3735 3834 πρά-

2151 3873 2354 3927 γματα,
2381 3852 2606 3907 τοιαῦτα
2640 3853 2733 3906 καὶ
2765 3847 2922 3905 εἷναι.
2953 3850 3272 3904 Τούναντίον
3298 3850 3428 3922 γὰρ,
3453 3855 3610 3904 ὁποῖα
3633 3852 3734 3904 πέ-

2137 3965 2297 4018 φυκε,
2323 3944 2548 3999 τοιαῦτα
2573 3944 2844 4014 φαίνεται,
2873 3942 2966 3997 καὶ
2982 3942 3081 4012 οὐχ
3109 3943 3270 4012 ἡμεῖς
3299 3942 3441 3996 αύτά
3469 3942 3734 4015 ποιοῦμεν

2135 4040 2309 4105 οὕτως
2330 4039 2496 4110 ἔχειν,
2524 4037 2638 4092 ἀλλ’
2671 4039 2764 4091 ὑπ’
2793 4037 3022 4092 ἐκείνων
3045 4035 3199 4089 αὐτοὶ
3219 4035 3573 4108 διατιθέμεθά
3595 4055 3733 4102 πως.

2149 4133 2303 4186 Ἐπεὶ
2346 4131 2440 4186 και
2472 4131 2679 4200 γελοῖον
2714 4129 2798 4202 ειη
2833 4129 2939 4192 ἂν,
2976 4129 3026 4182 εἰ
3079 4127 3496 4199 διανοηθείημεν
3545 4130 3733 4200 ἡμεῖς»

2136 4225 2325 4298 ῶσπερ
2350 4225 2400 4276 οἱ
2430 4223 2711 4294 ζωγράφοι
2752 4222 2847 4275 καὶ
2873 4220 3130 4284 πλάσται,
3153 4218 3427 4282 σκύλακας
3461 4217 3495 4290 ἢ
3546 4221 3737 4292 χιμαί-

2139 4335 2258 4390 ρας,
2289 4315 2475 4384 ἀξιοῦν
2505 4315 2668 4379 εύθὺς
2703 4310 2841 4368 εἶναι
2865 4312 3060 4378 ταῦτα,
3085 4313 3178 4366 καὶ
3215 4311 3305 4364 διὰ
3337 4313 3495 4366 τοῦτο
3528 4314 3735 4382 φαντά-

2137 4410 2347 4475 ζεσθαι,
2382 4407 2638 4479 καθάπερ
2662 4407 2900 4478 εὐτρεπῆ
2942 4403 3234 4476 παρέσται.
3283 4423 3303 4456 ›
3334 4405 3480 4458 Διότι
3517 4405 3615 4476 μὲν
3639 4401 3734 4460 οὖν

2136 4501 2238 4554 οὐκ
2265 4500 2441 4573 ὀρθῶς
2472 4499 2722 4568 λέγουσιν
2750 4497 2801 4549 οἱ
2829 4497 3131 4565 φάσκοντες
3159 4490 3299 4548 εἶναι
3333 4497 3510 4549 πᾶσαν
3540 4496 3734 4568 αἴσθη-

445 4595 695 4664 quidem.
728 4611 853 4665 qure
877 4612 984 4651 non
1015 4596 1287 4667 ejusmodi
1322 4595 1623 4666 quamlibet
1645 4611 1768 4652 esse
1793 4596 2033 4652 arbitra-

2143 4611 2245 4656 σιν,
2305 4594 2401 4647 καὶ
2433 4593 2614 4646 πᾶσαν
2651 4588 2950 4661 φαντασίαν
2978 4585 3175 4658 ἀληθῆ,
3201 4586 3361 4655 δῆλον
3392 4588 3457 4642 ἐκ
3502 4589 3728 4643 τούτων.

445 4694 555 4752 tur,
583 4685 778 4743 falsam
813 4688 1030 4756 penitus
1051 4703 1172 4743 esse
1195 4689 1491 4743 concludit.
1529 4687 1790 4758 Sequitur
1822 4689 2030 4759 itaque,

444 4787 506 4832 ut
541 4779 718 4834 visum
751 4794 914 4833 omne
941 4795 1130 4834 verum
1161 4780 1326 4836 simul
1369 4796 1434 4835 ac
1456 4779 1661 4835 falsum
1689 4795 1814 4836 esse
1839 4781 2031 4836 defen-

443 4871 596 4927 dant.
632 4871 906 4926 Caaterum
942 4873 1090 4942 quod
1119 4873 1391 4944 ejusmodi
1434 4889 1524 4929 res
1556 4887 1682 4928 esse
1713 4872 1902 4939 velint,
1934 4889 2033 4928 cu-

439 4966 680 5034 jusmodi
718 4966 874 5022 nobis
899 4967 1178 5032 videntur,
1220 4975 1334 5022 toto
1371 4965 1511 5020 ccelo
1559 4973 1785 5030 errant;
1839 4972 2030 5020 contra

441 5058 610 5122 enim,
643 5058 951 5126 cujusmodi
980 5066 1173 5128 suapte
1224 5066 1422 5114 natura
1452 5063 1603 5122 sunt,
1636 5055 1910 5124 ejusmodi
1945 5056 2028 5110 vi-

440 5149 556 5202 deri
597 5149 804 5205 Solent:
847 5167 950 5206 nec
1002 5152 1056 5205 in
1096 5165 1266 5206 causa
1300 5164 1494 5205 sumus
1532 5148 1893 5220 quamobrem
1952 5150 2025 5204 ita

441 5257 502 5298 se
525 5243 784 5307 habeant,
827 5245 923 5300 sed
954 5243 1024 5298 ab
1054 5243 1124 5298 iis
1153 5243 1336 5314 potius
1389 5249 1545 5296 certo
1579 5239 1822 5310 quodam
1860 5241 2030 5296 modo

440 5331 729 5388 alﬁcimur.
777 5333 1016 5388 Ridiculi
1059 5333 1342 5388 enimvero
1397 5331 1594 5393 simus,
1643 5329 1690 5384 si
1745 5329 1898 5393 dum,
1950 5329 2030 5384 uti

441 5428 682 5495 pictores
742 5425 1072 5495 lictoresque
1101 5425 1303 5490 solent,
1341 5423 1558 5479 catulos
1599 5429 1696 5475 aut
1739 5421 2028 5477 chimaras

441 5516 770 5585 cogi-tamus,
819 5532 886 5572 ea
942 5517 1175 5572 velimus
1221 5529 1344 5571 esse
1390 5513 1674 5579 continuo,
1731 5513 2028 5584 animoque

2152 4684 2313 4738 Ἀλλά
2349 4683 2462 4756 γὰρ
2491 4682 2585 4736 καὶ
2612 4679 2817 4734 τούτων
2852 4677 3024 4742 οὕτως
3049 4676 3305 4748 ἐχόντων,
3333 4673 3491 4743 αὖθις
3517 4681 3567 4732 οἱ
3603 4683 3732 4752 περὶ

2137 4780 2229 4833 τὸν
2270 4778 2611 4849 Ἐπίκουρον,
2638 4775 2704 4828 ὲκ
2727 4773 2825 4843 τῆς
2881 4771 3244 4842 Ἀριστίππου
3273 4771 3521 4843 διαδοχῆς
3550 4773 3732 4843 ὁρμών-

2143 4886 2313 4941 μενοι,
2346 4869 2524 4922 πάντα
2573 4863 2768 4938 ἡδονῆς
2798 4862 3030 4934 ὲξῆπτον
3075 4862 3169 4914 καὶ
3219 4861 3550 4933 αἰσθήσεως,
3594 4864 3729 4934 μόνα

2138 4961 2208 5015 τὰ
2240 4961 2388 5031 πάθη
2420 4956 2766 5028 καταληπτά,
2817 4955 2911 5007 καὶ
2937 4953 3089 5017 τέλος
3135 4952 3357 5022 ἀγαθῶν
3404 4953 3502 5026 τὴν
3535 4955 3727 5027 ἡδονὴν

2139 5050 2277 5108 εἶναι
2323 5052 2650 5125 ὁριζόμενοι.
2704 5049 2937 5116 Λέγεται
2975 5046 3080 5100 δὲὸ
3118 5046 3440 5119 Ἐπίκουρος
3483 5047 3589 5099 ὑπὸ
3631 5047 3728 5117 μέν

2141 5164 2303 5201 τινων
2347 5143 2573 5217 μηδενὸς
2624 5139 2943 5212 ἀκηκοέναι,
2977 5140 3220 5209 ἐντυχεῖν
3252 5138 3310 5192 δὲ
3340 5141 3454 5202 τοῖς
3481 5138 3592 5192 τῶν
3626 5156 3728 5191 πα-

2136 5237 2302 5293 λαιῶν
2351 5234 2799 5307 συγγράμμασιν,
2830 5232 2935 5286 ὑπό
2967 5249 3130 5286 τινων
3165 5231 3210 5284 δ’
3241 5233 3325 5286 ὅτι
3360 5233 3527 5303 ηκουε
3563 5232 3696 5286 Ξενο

2135 5332 2390 5402 κράτους,
2415 5326 2639 5398 ὕστερον
2664 5325 2721 5377 δὲ
2749 5325 2844 5377 καὶ
2879 5323 3264 5392 Ναυσιφάνους
3309 5323 3404 5376 τοῦ
3433 5322 3726 5396 Πύρρωνος

2133 5424 2426 5496 γενομένου
2454 5419 2752 5491 γνωρίμου.
2783 5419 2916 5473 Τίνα
2942 5419 3008 5489 δὴ
3043 5414 3136 5472 οὖν
3177 5417 3273 5472 καὶ
3299 5417 3367 5470 τὰ
3399 5417 3536 5488 πρὸς
3561 5417 3725 5470 αὐτὸν

2134 5511 2505 5584 ἀντειρημένα
2528 5511 2787 5580 τυγχάνει
2811 5508 3157 5579 θεασώμεθα.

439 5606 670 5674 proinde
696 5607 963 5662 rationem
993 5606 1378 5671 informemus,
1410 5621 1520 5676 qua
1575 5604 1765 5660 eadem
1821 5605 1940 5662 suis
1995 5608 2249 5666 absoluta
2292 5602 2537 5658 numeris
2570 5602 2927 5656 habeamus.»
2999 5602 3176 5670 Atque
3230 5615 3294 5655 ex
3358 5599 3442 5656 his
3495 5601 3724 5655 omnino

439 5707 674 5759 constat,
726 5711 892 5766 quam
959 5697 1102 5751 male
1149 5695 1628 5766 philosophentur,
1681 5694 1778 5764 qui
1834 5710 2052 5752 omnem
2097 5709 2323 5753 sensum
2383 5708 2447 5747 ac
2513 5692 2692 5745 visum
2742 5705 2912 5754 omne
2940 5705 3132 5744 verum
3188 5704 3310 5744 esse
3342 5689 3558 5745 docent.
3611 5688 3722 5748 Nec

438 5788 603 5840 desiit
664 5796 845 5840 tamen
920 5786 1210 5856 Epicurus,
1260 5802 1328 5841 ex
1380 5785 1644 5856 Aristippi
1685 5786 1938 5841 doctrina
2007 5791 2355 5844 occasionem
2404 5783 2696 5854 arripiens,
2742 5798 2808 5837 ex
2867 5782 3144 5851 voluptate
3200 5780 3384 5834 omnia
3445 5793 3720 5851 sensuque

439 5880 792 5951 suspendere,
840 5880 972 5935 dum
1035 5888 1089 5935 et
1156 5893 1219 5933 ea
1270 5878 1432 5934 modo
1489 5895 1611 5949 quze
1675 5879 1936 5949 patimur,
1987 5878 2372 5952 comprehendi
2435 5891 2618 5948 posse,
2647 5885 2701 5932 et
2734 5874 3193 5936 fiuemdionorum
3233 5873 3564 5942 voluptatem
3597 5887 3720 5929 esse
