4144 6406
425 335 567 391 1265

1601 332 1922 390 ΡΒᾹΖΡΑΒ.
1967 330 2220 388 EVANG.
2262 331 2390 388 LIB.
2429 331 2568 388 XIV.

3557 333 3696 390 {266

417 464 699 512 statueret.
740 454 895 512 Hunc
935 455 1183 510 nonnulli
1237 457 1428 511 volunt
1478 466 1864 528 praeceptorem
1905 455 2165 512 habuisse
2236 435 2533 520 neminem.
2571 455 2665 512 sed
2715 456 2767 509 in
2816 449 3171 528 antiquorum
3230 458 3561 530 scriptorum
3622 459 3700 514 le-

416 550 600 604 ctione
645 557 920 604 versatum
979 563 1123 604 esse.
1189 548 1308 602 Alii.
1328 547 1657 606 Xenocratis
1716 551 1974 619 primum,
2017 549 2142 604 inde
2172 547 2566 620 Nausiphanis,
2627 549 2720 618 q‘li
2779 547 3081 622 Pyrrhonis
3124 548 3428 622 discipulus
3493 551 3696 615 fuerat,

419 641 723 698 auditorem
779 641 952 696 fuisse
984 641 1223 696 tradunt.
1273 638 1432 696 Nune
1474 656 1605 712 ergo
1647 642 1848 712 quibus
1881 641 1983 696 iste
2019 655 2241 710 quoque
2271 640 2578 697 rationibus
2609 649 2866 712 urgeatur
2894 639 3262 698 attendamus.

910 756 1310 809 ΚΕΦΑΛΑΙΟΝ
1367 757 1499 810 KA'.

416 845 571 914 Πρὸς
592 845 734 912 τοὺς
762 848 888 920 κατ’
927 848 1307 920 Ἐπίκουρον,
1342 849 1580 920 ﬁde-rip"
1611 851 1786 917 τέλος
1825 851 2007 920 ὁριζο-

791 917 1038 986 μένους.
1077 919 1220 974 Ἀπὸ
1262 919 1367 974 τοῦ
1403 923 1612 974 αὑτοῦ.

489 1026 510 1060 ι
543 1008 758 1080 Ἐπειδή
789 1010 904 1062 ἐστι
925 1008 1126 1078 γνῶσις
1153 1011 1328 1083 διττὴ,
1356 1013 1389 1082 ή
1425 1012 1524 1082 μὲν
1550 1013 1662 1066 τῶν
1715 1013 1819 1080 ἔξω
1864 1031 2006 1085 πρα-

415 1101 664 1171 γμάτων,
697 1103 730 1172 ἡ
774 1101 832 1154 δὲ
856 1102 964 1154 τῶν
997 1105 1128 1174 ἡμῖν
1158 1105 1390 1175 αἱρετῶν
1427 1106 1521 1158 καὶ
1561 1105 1841 1174 φευκτῶν·
1875 1107 2007 1160 ἕνιοί

415 1209 546 1260 φασι
565 1194 664 1264 τῆς
687 1193 954 1265 αἱρέσεως
990 1196 1084 1249 καὶ
1125 1198 1303 1268 φυγῆς
1341 1198 1517 1270 ἀρχὴν
1566 1200 1660 1252 καὶ
1723 1200 2007 1272 κριτήριον

414 1287 558 1359 ἔχειν
589 1289 736 1358 ἡμᾶς
756 1288 854 1358 τὴν
887 1287 1078 1361 ἡδονὴν
1101 1290 1195 1343 καὶ
1219 1290 1312 1343 τὸν
1342 1290 1521 1344 πόνον.
1554 1292 1675 1344 Ἔτι
1699 1291 1763 1360 γέ
1791 1309 1873 1346 τοι
1906 1295 1997 1347 καὶ

416 1379 510 1433 νῦν
541 1378 766 1432 τοιαῦτα
792 1379 1042 1450 λέγουσιν
1073 1383 1121 1434 οἱ
1145 1383 1273 1452 περὶ
1295 1383 1386 1437 τὸν
1433 1384 1777 1456 Ἐπίκουρον.
1814 1386 2005 1453 Ἀναγ-

416 1472 584 1537 καίως
603 1469 694 1527 οὖν
723 1474 836 1546 ἔχει
864 1475 957 1528 καὶ
982 1477 1110 1546 περὶ
1141 1474 1333 1528 τούτου
1366 1476 1691 1546 σκέψασθαι.
1737 1478 2004 1531 Τοσούτου

415 1565 594 1619 τοίνυν
628 1565 803 1636 ἔγωγε
827 1567 934 1621 δέω
953 1566 1155 1636 λέγειν,
1189 1569 1366 1639 ἀρχὴν
1389 1563 1645 1622 εἶναικαὶ
1675 1570 1871 1622 κανόνα
1900 1570 2005 1623 τῶν

415 1657 637 1725 ἀγαθῶν
668 1658 898 1712 καὶτῶν
935 1659 1120 1713 κακῶν
1177 1659 1238 1712 τὸ
1288 1659 1480 1725 πάθος,
1541 1659 1680 1714 ὥστε
1734 1679 1824 1731 μοι
1861 1662 2008 1716 δοκεῖ

414 1749 571 1804 τοῦτό
597 1766 661 1818 γε
688 1751 818 1804 αὐτὸ
841 1751 1128 1824 κριτηρίου
1155 1751 1383 1806 δεῖσθαι.
1408 1753 1552 1805 Διότι
1579 1753 1677 1823 μὲν
1703 1755 1812 1826 γάρ
1835 1757 2003 1819 ἐστιν,

413 1843 578 1898 ἑαυτὸ
604 1844 876 1898 δείκνυσιν
896 1862 908 1874 ·
946 1847 1129 1897 ὁποῖον
1163 1844 1208 1897 δ’
1243 1845 1414 1908 ἐστὶν,
1437 1845 1627 1916 ἐτέρου
1662 1845 1744 1898 δεῖ
1766 1846 1859 1900 τοῦ
1887 1847 2007 1919 κρίο

415 1951 616 2000 νοντος.
646 1936 709 1989 Εἰ
751 1936 850 2007 μὲν
887 1935 996 2007 γὰρ
1028 1937 1227 1989 οἰκεῖον
1257 1935 1290 2006 ἢ
1331 1935 1647 2008 ἀλλότριον,
1679 1940 1711 2007 ἡ
1751 1938 2006 2010 αἴσθησις

413 2028 594 2097 λέγει’
629 2029 858 2102 πότερον
883 2028 927 2082 δ’
951 2029 1169 2101 αἱρετὸν
1202 2030 1234 2102 ἢ
1265 2032 1523 2101 φευκτὸν,
1577 2034 1606 2086 ό
1636 2032 1812 2102 λόγος.
1842 2033 2004 2087 Αύτοί

2037 759 2084 814 Α

2690 757 2921 816 CAPUT
2962 757 3100 813 XXI.

2109 849 2378 905 Adversus
2418 849 2728 921 Epicureos,
2771 851 3206 922 quiivoluptalem
3235 851 3394 921 finem
3433 865 3544 904 esse
3584 849 3693 903 vel-

2675 921 2805 984 ιωιι.
2833 921 2917 974 Ex
2948 921 3148 975 eodem.

2186 1031 2204 1063 ι
2232 1010 2525 1078 Quoniam,
2556 1013 2734 1082 inquit
2761 1013 2870 1079 ille,
2919 1013 3118 1084 duplex
3147 1013 3480 1080 cognitionis
3518 1029 3692 1084 genus

2107 1112 2210 1169 est,
2237 1103 2469 1158 alterum
2499 1117 2610 1174 quo
2632 1104 2908 1159 exteriora
2939 1104 3294 1174 percipimus,
3326 1104 3556 1158 alterum
3583 1120 3694 1173 quo

2107 1196 2408 1268 expetenda
2465 1198 2624 1254 nobis
2675 1214 2739 1254 ae
2788 1197 3048 1270 fugienda
3100 1199 3403 1264 sentimus,
3439 1199 3697 1261 exstitere

2109 1289 2356 1344 nonnulli
2387 1289 2479 1360 qui
2529 1290 2695 1362 769
2734 1290 3026 1347 electionis
3065 1290 3316 1362 fugaeque
3363 1290 3695 1360 principium

2109 1397 2174 1436 ac
2210 1383 2454 1453 regulam
2488 1382 2542 1436 in
2575 1383 2762 1451 nobis,
2795 1383 3130 1453 voluptatem
3169 1398 3291 1438 esse
3337 1383 3697 1454 laboremque

2108 1481 2429 1528 statuerent.
2479 1471 2637 1539 Quod
2683 1475 2864 1545 ipsum
2892 1457 3150 1544 Epicurei
3179 1473 3452 1544 hodieque
3472 1473 3691 1530 docent.

2108 1563 2290 1630 Quare
2348 1567 2721 1622 necessarium
2757 1565 2944 1634 fuerit,
2982 1567 3086 1622 bac
3115 1568 3281 1621 etiam
3313 1581 3414 1620 nos
3462 1568 3516 1619 in
3543 1582 3693 1636 qua:-

2109 1657 2288 1712 stione
2329 1658 2556 1713 versari.
2611 1657 2900 1728 Equidem,
2936 1666 3150 1713 tantum
3201 1659 3377 1722 abest,
3419 1667 3480 1712 ut
3519 1658 3694 1714 bono-

2108 1767 2226 1806 rum
2279 1751 2625 1806 malorumve
2687 1752 3019 1822 principium
3073 1767 3138 1806 ac
3175 1752 3418 1822 regulam
3453 1751 3694 1807 affectio-

2109 1860 2234 1897 nem
2265 1858 2386 1898 esse
2409 1841 2612 1909 dicam,
2644 1853 2702 1898 ut
2735 1845 2885 1897 illam
2915 1843 3088 1914 ipsam
3125 1844 3296 1899 altera
3323 1843 3560 1914 quadam
3599 1843 3694 1913 ju-

2107 1935 2236 1990 dicii
2279 1936 2465 2006 regula
2501 1935 2744 2006 indigere
2778 1936 3109 1992 existimem.
3141 1934 3276 1990 Nam
3309 1936 3456 2006 quod
3499 1951 3565 1990 ea
3596 1935 3690 2001 sit,

2109 2030 2350 2084 ostendit
2385 2029 2501 2098 ipsa
2537 2045 2633 2100 per
2659 2044 2808 2085 sese:
2840 2029 3149 2100 cujusmodi
3191 2031 3281 2093 sit,
3348 2030 3443 2100 qui
3489 2029 3698 2099 iudicet

413 2125 477 2190 γέ
503 2123 586 2175 τοί
620 2139 785 2192 φασιν
807 2123 867 2174 οὺ
899 2123 1079 2174 πᾶσαν
1101 2121 1292 2193 ἡδονὴν
1317 2121 1682 2188 ἀσπάζεσθαι,
1711 2124 1805 2176 καὶ
1828 2123 2000 2176 πάντα

2109 2121 2274 2174 alium
2311 2121 2561 2191 requirit.
2623 2119 2919 2175 Enimvero
2950 2120 3325 2177 domesticane
3369 2121 3460 2175 illa
3499 2122 3592 2189 sit,
3625 2137 3698 2175 an

413 2216 575 2270 πόνον
613 2213 997 2287 ἐκτρέπεσθαι.
1034 2213 1206 2269 Τοῦτο
1227 2214 1282 2268 δὲ
1327 2215 1645 2288 συμϐέϐηκε
1697 2217 1792 2268 καὶ
1860 2217 2003 2286 μάλα

411 2306 657 2369 είκότως,
692 2305 772 2359 Τὰ
798 2308 896 2376 μὲν
931 2306 1040 2378 γὰρ
1087 2304 1348 2378 κριτήρια
1397 2309 1490 2361 καὶ
1540 2308 1707 2360 ἑαυτὰ
1741 2307 2000 2370 δείκνυσι,

411 2401 508 2452 καὶ
539 2400 608 2452 τά
630 2401 926 2470 κρινόμενα
950 2418 963 2431 ·
984 2401 1046 2453 τὸ
1072 2399 1256 2470 μέντοι
1280 2398 1452 2464 πάθος
1479 2400 1640 2453 ἑαυτὸ
1669 2401 1853 2472 μόνον.
1881 2401 2003 2452 ’Ὀτι

408 2489 453 2542 δ’
512 2489 686 2554 οῦτως
746 2489 860 2560 ἔχει
939 2491 1310 2563 μαρτυροῦσιν
1379 2491 1555 2546 αύτοί.
1611 2492 1830 2563 Καίπερ
1897 2492 2006 2564 γάρ

409 2577 688 2645 ἀξιοῦντες
725 2578 946 2632 ἅπασαν
985 2579 1177 2651 ἡδονὴν
1225 2578 1426 2649 ἀγαθὸν
1466 2575 1628 2645 εἶναι,
1665 2579 1759 2633 καὶ
1823 2581 2005 2633 πᾶσαν

409 2673 678 2744 ἀλγηδόνα
707 2672 873 2726 κακὸν
892 2713 906 2737 ,
938 2673 1089 2744 ὅμως
1127 2672 1226 2725 ούκ
1256 2671 1342 2726 ἀεί
1369 2688 1500 2741 φασι
1529 2671 1639 2725 δεῖν
1670 2671 1766 2743 τὴν
1796 2671 1893 2742 μὲν
1931 2672 2008 2724 al-

411 2766 658 2838 ρεῖσθαι,
698 2766 798 2838 τὴν
849 2765 907 2819 δὲ
951 2764 1197 2834 φεύγειν·
1236 2764 1554 2836 μετρεῖσθαι
1593 2765 1702 2835 γὰρ
1759 2763 1901 2816 αὐτὰ
1929 2763 2007 2834 τῷ

411 2858 583 2930 ποσῷ,
608 2861 656 2912 εί
689 2858 781 2912 καὶ
811 2859 870 2911 ού
910 2857 988 2928 τῷ
1022 2856 1179 2928 ποιῷ.
1211 2857 1378 2928 Δῆλον
1407 2851 1520 2920 οὖν,
1551 2855 1626 2920 ὡς
1654 2856 1716 2909 τό
1751 2873 1812 2924 γε
1842 2855 2008 2909 ποσὸν

409 2953 564 3008 οὐδὲν
587 2952 757 3023 ἀλλ’ἢ
791 2954 819 3006 ό
845 2951 1004 3020 λόγος
1037 2952 1234 3023 κρίνει.
1273 2951 1346 3004 Τὸ
1379 2952 1488 3022 γάρ
1515 2990 1530 3013 ,
1571 2949 1829 3021 Ἀμεινόν
1860 2952 2007 3004 ἐστιν

409 3048 699 3118 ὑπομεῖναι
728 3045 916 3099 τούσδε
940 3045 1094 3109 τινὰς
1117 3047 1244 3108 τοὺς
1274 3045 1495 3108 πόνους,
1521 3045 1674 3101 ὅπως
1697 3042 2002 3115 ἡσθείημεν

407 3137 602 3206 ἡδονὰς
633 3133 852 3207 μείζους
872 3153 886 3167 ο
929 3138 1023 3190 καὶ
1052 3136 1134 3201 τὸ,
1170 3136 1448 3208 Συμερέρει
1481 3134 1650 3187 τῶνδέ
1675 3151 1836 3188 τινων
1867 3134 2006 3187 ἀπέ-

406 3230 600 3300 χεσθαι
625 3229 731 3284 τῶν
765 3229 987 3301 ἡδονῶν,
1015 3230 1104 3284 ἴνα
1129 3231 1204 3302 μὴ
1229 3231 1484 3302 ἀλγῶμεν
1516 3229 1814 3302 ἀλγηδόνας
1849 3230 2008 3300 χαλε-

409 3323 684 3395 πωτέρας,
742 3324 838 3377 καὶ
892 3322 1073 3378 πάντα
1105 3322 1174 3376 τὰ
1209 3323 1470 3389 τοιαῦτα,
1534 3323 1692 3392 λόγος
1721 3323 1750 3375 6
1805 3322 2006 3396 κρίνων

405 3414 574 3468 ἐστίν.
616 3416 689 3468 Τὸ
725 3415 771 3468 δ’
806 3415 928 3470 ὅλον
956 3456 971 3480 ,
1018 3417 1073 3468 al
1117 3415 1216 3485 μὲν
1253 3415 1537 3484 αἰσθήσεις
1580 3416 1672 3469 καὶ
1710 3416 1768 3468 αἱ
1799 3433 2001 3486 φαντα-

408 3505 523 3557 σίαι
564 3505 866 3577 καθαπερεὶ
913 3505 1196 3576 κάτοπτρα
1244 3504 1338 3558 καὶ
1370 3504 1578 3568 εἰκόνες
1625 3505 1832 3558 ἐοίκασι
1889 3505 1996 3558 τῶν

408 3598 752 3668 πραγμάτων
787 3591 961 3650 εἶναι·
994 3596 1064 3650 τά
1088 3597 1272 3668 μέντοι
1301 3595 1447 3667 πάθη
1475 3636 1488 3659 ,
1527 3597 1621 3650 καὶ
1659 3598 1714 3650 αί
1771 3597 1956 3668 ἡδοναὶ
1979 3638 1992 3662 ,

407 3691 503 3742 καὶ
548 3690 597 3742 οἱ
637 3691 830 3754 πόνοι,
883 3689 1084 3762 τροπαὶ
1117 3691 1211 3743 καὶ
1239 3688 1554 3752 ἀλλοιώσεις
1584 3688 1743 3760 ἡμῶν
1791 3689 1992 3742 αὐτῶν.

406 3781 594 3855 Ταύτῃ
640 3782 696 3835 δὲ
726 3823 741 3846 ,
793 3782 1172 3854 αἰσθανόμενοι
1225 3783 1324 3853 μὲν
1380 3783 1475 3836 καὶ
1520 3783 1993 3854 φαντασιούμενοι,

409 3872 546 3943 πρὸς
573 3871 638 3926 τὰ
675 3872 780 3938 ἔξω
815 3873 1117 3945 βλέπομεν·
1153 3873 1408 3944 ἡδόμενοι
1455 3875 1512 3927 δὲ
1554 3875 1646 3926 καὶ
1679 3873 1992 3942 ἀλγοῦντες,

406 3965 809 4038 ὲπιστρέφομεν
835 3967 928 4020 ἐπὶ
963 3966 1156 4037 μόνους
1192 3965 1436 4028 ἑαυτούς.
1472 3967 1580 4029 Τὰς
1608 3966 1706 4036 μὲν
1753 3965 1860 4039 γὰρ
1913 3969 1995 4020 al.-

409 4057 629 4128 σθήσεις
659 4055 820 4128 ἡμῶν
847 4057 915 4110 τὰ
942 4055 1045 4120 ἔξω
1077 4059 1251 4109 ποιεῖ·
1285 4055 1378 4109 καὶ
1417 4057 1577 4108 ὁποῖα
1605 4053 1672 4108 ἂν
1788 4057 1990 4117 ἐκεῖνα,

405 4146 660 4210 τοιαύτας
724 4145 1098 4217 ἀπεργάζεται
1152 4146 1244 4198 καὶ
1308 4145 1408 4207 τὰς
1488 4145 1819 4212 φαντασίας·
1885 4163 1994 4198 τοι·

401 4239 546 4293 αὕτα
581 4239 692 4309 (10)
721 4238 778 4292 δὲ
831 4238 978 4309 πάθη
1010 4238 1139 4290 ποιά
1166 4236 1303 4290 ἄττα
1333 4236 1540 4305 γίνεται
1577 4235 1642 4289 δι’
1674 4238 1844 4306 ἡμᾶς,
1899 4237 1993 4290 καὶ

401 4332 479 4393 ὡς
499 4329 564 4385 ἀν
594 4332 757 4402 ἡμεῖς
787 4330 1019 4402 ἔχωμεν.
1051 4329 1150 4383 Διά
1179 4329 1293 4399 (11)
1317 4328 1510 4392 ταῦτα,
1546 4328 1674 4382 ποτὲ
1709 4330 1805 4400 μὲν
1838 4330 1988 4401 ἡδέα,

405 4425 536 4479 ποτὲ
557 4424 600 4476 δ’
625 4423 768 4495 ἀηδῆ
799 4423 1066 4493 φαίνεται,
1101 4422 1197 4476 καὶ
1227 4421 1338 4475 ἐσθ’
1364 4422 1452 4475 ὅτε
1489 4422 1586 4493 μὲν
1623 4420 1844 4492 μᾶλλον,
1877 4421 1989 4475 ἐσθ’

400 4517 492 4570 ὅτε
517 4516 574 4570 δὲ
601 4510 787 4588 ἦττον.
811 4509 914 4568 Ὧν
941 4513 1115 4579 οὕτως
1140 4516 1392 4586 ἐχόντων,
1434 4514 1766 4586 εὑρήσομεν,
1803 4515 1850 4566 εἰ
1877 4513 1992 4567 ἐθέ-

400 4605 586 4676 λοιμεν
615 4609 857 4671 σκοπεῖν,
891 4605 1090 4678 ἄριστα
1115 4605 1216 4668 τὰς
1240 4604 1338 4676 τῆς
1366 4601 1622 4672 γνώσεως
1657 4602 1832 4675 ἀρχὰς
1860 4603 1992 4656 ύποο

399 4695 738 4769 τιθεμένους,
788 4697 979 4750 ὁπόσοι
1036 4695 1130 4749 καλ⁹
1161 4695 1260 4760 τὰς
1292 4695 1574 4765 αίσθήσεις
1620 4696 1713 4749 καὶ
1742 4696 1834 4748 τὸν
1866 4695 1989 4751 νοῦν

400 4789 943 4863 παραλαμϐάνουσιν.
976 4789 1160 4842 Ἔοικε
1183 4788 1226 4840 δ’
1261 4790 1293 4859 ἡ
1332 4788 1430 4859 μὲν
1460 4787 1711 4859 αἴσθησις
1740 4791 1859 4852 ταῖς
1889 4787 1988 4860 ἄρ·
2024 4814 2071 4872 D

399 4902 525 4938 κυσι
561 4884 656 4938 καὶ
687 4887 802 4948 τοῖς
831 4882 1092 4948 δικτύοις,
1123 4883 1216 4937 καὶ
1248 4885 1360 4946 τοῖς
1391 4881 1569 4946 ἄλλοις
1589 4885 1700 4946 τοῖς
1733 4882 1994 4946 τοιούτοις

398 4977 694 5048 θηράτροις
714 4994 728 5007 ο
761 4977 790 5029 ό
824 4975 881 5030 δὲ
910 4974 1035 5039 νοῦς
1082 4976 1177 5029 καὶ
1208 4975 1236 5027 ό
1268 4973 1424 5042 λόγος
1451 4976 1563 5037 τοῖς
1591 4973 1718 5027 κυσὶ
1746 4977 1856 5036 τοῖς
1877 4991 1992 5027 στι-

397 5067 617 5122 ϐεύουσι
646 5069 742 5123 καὶ
772 5067 1144 5139 μεταθέουσιν.
1176 5066 1366 5120 Αὐτῶν
1398 5067 1497 5138 μὲν
1529 5066 1808 5131 τοιούτων,
1834 5065 1992 5138 ἀμει-

395 5179 486 5214 νον
517 5160 827 5230 φιλοσοφεῖν
855 5158 1064 5214 οἴεσθαι
1095 5159 1200 5231 χρὴ
1231 5160 1356 5222 τοὺς
1393 5159 1532 5230 μήτε
1569 5161 1691 5222 ταῖς
1728 5157 1988 5230 αἰσθήσε-

397 5270 505 5316 σιν,
537 5233 613 5316 di;
641 5252 822 5323 ἔτυχε,
875 5251 1212 5324 χρωμένους,
1245 5250 1381 5321 μήτε
1415 5249 1484 5303 τὰ
1525 5248 1671 5318 πάθη
1698 5249 1988 5321 παραλαμ-

395 5344 660 5408 ϐάνοντας
692 5345 787 5397 ἐπὶ
818 5345 918 5416 τὴν
944 5342 1216 5414 τάληθοῦς
1263 5343 1572 5412 διάγνωσιν.
1623 5344 1696 5396 Ἢ
1736 5342 1908 5397 δεινόν
1933 5343 1986 5412 γ’

395 5435 464 5488 ἂν
493 5437 598 5507 εἴη,
635 5437 950 5507 πεφυκότας
994 5435 1336 5509 ἀνθρώπους,
1401 5435 1620 5507 ἡδοναῖς
1665 5437 1758 5491 καὶ
1803 5437 1986 5502 πόνοις

396 5528 616 5596 ἀλόγοις
671 5533 743 5584 ἐπ
764 5531 988 5601 τρέπειν
1019 5530 1264 5592 ἑαυτοὺς,
1322 5530 1558 5598 ἀφέντας
1592 5528 1682 5582 τὸν
1713 5529 1986 5585 θειότατον

397 5619 594 5689 κριτὴν
619 5620 761 5674 νοῦν.
801 5641 819 5672 ι
855 5621 1042 5676 Ταῦτα
1065 5621 1172 5676 ἀπὸ
1201 5619 1307 5675 τῶν
1349 5619 1778 5692 Ἀριστοκλέους.

1063 5789 1090 5816 ρ

474 5800 598 5885 (ιο)ι
621 5800 785 5859 Forte
817 5803 902 5860 τά.

2106 2212 2303 2276 aliena,
2341 2227 2539 2266 sensus
2569 2211 2925 2281 pronuntiat;
2951 2219 3134 2266 utrum
3165 2212 3464 2280 expetenda
3492 2212 3586 2279 sit,
3619 2227 3688 2264 an

2108 2299 2386 2371 fugienda,
2441 2303 2581 2356 ratio
2654 2303 2864 2357 statuit.
2948 2302 3092 2358 Sane
3155 2303 3374 2372 quidem
3427 2304 3537 2368 isti,
3596 2319 3698 2358 nec

2108 2409 2332 2448 omnem
2405 2409 2464 2448 se
2527 2394 2814 2462 complecti
2873 2394 3232 2464 voluptatem,
3293 2409 3394 2450 nec
3451 2396 3695 2451 laborem

2107 2501 2324 2540 omnem
2356 2486 2544 2556 fugere
2575 2487 2848 2543 dictitant.
2903 2488 3088 2559 Neque
3122 2489 3174 2542 id
3213 2488 3334 2544 sine
3377 2505 3574 2559 magna
3603 2507 3694 2545 ru-

2109 2579 2254 2631 tione
2283 2577 2397 2631 fieri
2431 2579 2588 2634 solet.
2631 2577 2920 2636 Iudicandi
2953 2581 3098 2634 enim
3146 2579 3534 2644 instrumenta,
3569 2599 3698 2636 cum

2107 2668 2400 2723 ostendunt
2435 2672 2553 2740 ipsa
2589 2686 2730 2737 sese,
2755 2680 2870 2725 tum
2905 2686 2970 2726 ea
3004 2672 3169 2726 simul
3197 2673 3265 2728 de
3304 2673 3508 2744 quibus
3537 2674 3695 2744 judi-

2109 2768 2288 2823 catur,
2349 2761 2636 2830 aperiunt:
2692 2760 2904 2817 aﬂ‘ectio
2963 2777 3023 2816 se
3075 2763 3248 2817 solam
3298 2763 3525 2818 indicat.
3591 2764 3696 2818 Cui

2107 2852 2321 2907 veritati
2379 2853 2462 2906 vel
2528 2852 2617 2907 isti
2670 2869 2888 2924 quoque
2961 2853 3355 2924 suffragantur.
3421 2853 3559 2908 Nam
3637 2865 3697 2910 ut

2109 2961 2326 3000 omnem
2357 2946 2687 3016 voluptatem
2730 2947 2958 3009 bonum,
2999 2947 3243 3002 dolorem
3291 2963 3509 3002 omnem
3573 2965 3695 3002 ma-

2107 3039 2219 3092 lum
2272 3053 2394 3094 esse
2430 3039 2630 3106 velint;
2681 3039 2905 3094 alteram
2965 3049 3144 3093 tamen
3181 3055 3395 3110 semper
3433 3049 3696 3110 expeten-

2107 3129 2256 3196 dam,
2287 3129 2606 3200 fugiendum
2639 3147 2857 3201 semper
2893 3133 3123 3187 alterum
3153 3147 3271 3186 esse
3298 3141 3518 3201 negant.
3560 3133 3691 3187 dum

2109 3231 2419 3294 utrumque,
2439 3225 2483 3278 si
2510 3223 2694 3280 minus
2716 3225 2998 3294 qualitate,
3021 3226 3323 3294 quantitate
3342 3226 3560 3295 quidem
3579 3242 3695 3282 me-

2106 3315 2351 3370 tiendum
2376 3316 2711 3372 existimant.
2741 3316 2918 3388 Hujus
2941 3335 3069 3374 vero
3095 3320 3419 3390 quantitatis
3449 3320 3691 3388 judicent

2106 3409 2272 3462 alium
2317 3419 2532 3464 constat
2554 3428 2676 3466 esse
2701 3427 2806 3466 non
2829 3427 3006 3482 posse,
3035 3423 3225 3482 praeter
3246 3414 3533 3467 rationem.
3567 3412 3692 3468 lizec

2104 3502 2272 3569 enim,
2309 3520 2429 3572 qua:
2451 3506 2519 3558 ab
2547 3505 2652 3558 illis
2685 3507 2846 3577 vulgo
2880 3507 3181 3576 jactantur,
3218 3507 3486 3563 Prtestare
3509 3518 3689 3563 certos

2104 3595 2370 3664 quosdam
2402 3596 2624 3650 eosdem
2671 3599 2888 3654 labores
2939 3600 3211 3655 interdum
3263 3601 3470 3667 subire,
3519 3612 3577 3655 ut
3631 3617 3691 3654 a-

2104 3684 2308 3741 criores
2352 3685 2475 3740 inde
2520 3687 2822 3757 voluptates
2855 3689 3155 3746 sentiamus
3185 3709 3196 3745 :
3223 3690 3400 3747 Certis
3438 3707 3694 3746 nonnun-

2103 3791 2268 3846 quam
2323 3777 2693 3848 voluptatibus
2758 3781 3163 3849 abstinendum,
3225 3800 3292 3838 ne
3349 3785 3692 3854 gravioribus

2104 3882 2291 3937 postea
2333 3869 2614 3926 doloribus
2670 3888 2993 3942 urgeamur,
3049 3883 3352 3944 caateraque
3409 3876 3461 3930 id
3519 3893 3692 3947 genus

2104 3958 2311 4022 omnia,
2352 3960 2582 4016 rationis
2631 3962 2795 4016 unius
2818 3962 3030 4031 judicio
3055 3963 3446 4019 decernuntur.
3483 3964 3685 4034 Atque,

2104 4059 2164 4104 ut
2195 4049 2449 4107 universe
2481 4051 2794 4122 loquamur,
2838 4069 3037 4109 sensus
3065 4063 3229 4124 atque
3264 4055 3383 4110 visa
3436 4057 3687 4124 quaedam

2102 4145 2258 4214 quasi
2307 4161 2487 4200 rerum
2535 4146 2756 4216 specula
2807 4155 2861 4201 et
2899 4147 3167 4217 imagines
3209 4148 3462 4203 videntur
3507 4167 3519 4202 :
3559 4148 3690 4202 affe-

2101 4237 2278 4292 tiones
2351 4246 2556 4301 autem,
2613 4237 2923 4307 voluptates
2993 4246 3048 4293 et
3142 4239 3381 4303 labores,
3437 4248 3686 4294 nostrum

2101 4328 2342 4397 ipsorum
2386 4329 2740 4384 mutationes.
2777 4331 2989 4401 Itaque,
3015 4330 3144 4384 dum
3171 4345 3334 4386 sensu
3367 4331 3688 4401 aliquidaut

2099 4419 2432 4490 cogitatione
2459 4420 2842 4486 informamus,
2870 4422 3138 4478 exteriora
3165 4422 3488 4492 respicimus
3511 4441 3523 4478 :
3553 4422 3686 4478 dum

2101 4511 2428 4580 voluptatem
2492 4513 2824 4582 percipimus
2881 4523 2980 4567 aut
3029 4513 3296 4580 dolorem,
3339 4514 3393 4568 in
3436 4530 3536 4570 nos
3565 4524 3687 4569 tan-

2100 4611 2214 4656 tum
2246 4603 2413 4672 .ipsos
2452 4605 2842 4661 convertimur.
2889 4604 2997 4659 Res
3027 4608 3171 4661 enim
3207 4607 3550 4663 extrinsecus
3581 4607 3683 4660 ob-

2099 4693 2221 4748 latae
2260 4693 2378 4749 visa
2427 4704 2613 4750 nostra
2654 4695 2916 4764 efficiunt,
2949 4713 3182 4768 quarum
3217 4698 3307 4754 illa
3341 4707 3469 4754 sunt
3497 4699 3686 4769 proin-

2097 4785 2163 4838 de
2194 4785 2415 4840 similia.
2475 4787 2540 4841 At
2600 4803 2728 4842 vero
2764 4787 3081 4845 affectiones
3130 4790 3340 4845 vultum
3388 4807 3454 4845 ex
3513 4790 3672 4845 nobis

2097 4879 2445 4950 speciemque
2492 4890 2764 4937 sumunt:
2807 4899 2918 4954 quo
2966 4885 3025 4938 lit
3073 4892 3134 4938 ut
3177 4883 3434 4955 iucundae
3494 4884 3679 4949 modo,

2098 4969 2260 5024 modo
2298 4970 2633 5040 injucunda},
2670 4973 2835 5044 idque
2862 4975 3037 5043 magis
3088 4974 3341 5029 minusve
3371 4974 3676 5029 videantur.

2096 5059 2254 5127 Quod
2283 5078 2406 5116 cum
2443 5063 2521 5118 ita
2544 5065 2635 5127 sit,
2670 5079 2766 5120 eos
2812 5076 3022 5135 utique,
3077 5065 3124 5120 si
3157 5065 3287 5121 boni
3319 5066 3682 5121 ratiocinato-

2094 5168 2184 5208 res
2235 5168 2358 5209 esse
2390 5155 2669 5219 volumus,
2729 5158 2934 5227 optime
2971 5159 3039 5214 de
3070 5158 3437 5229 cognoscendi
3478 5159 3684 5228 princi—

2093 5247 2199 5317 piis
2247 5256 2488 5303 statuere
2535 5250 2892 5319 reperiemus,
2930 5252 3023 5322 qui
3068 5252 3269 5309 mentis
3302 5268 3368 5307 ac
3418 5267 3681 5308 sensuum

2093 5339 2204 5394 vim
2228 5354 2560 5412 Operamque
2590 5341 2948 5413 coniungunt.
2983 5343 3048 5398 Et
3069 5344 3293 5414 quidem
3317 5360 3518 5412 sensus
3558 5345 3678 5413 pla-

2093 5435 2177 5504 gis
2219 5444 2272 5488 et
2310 5434 2539 5499 retibus,
2585 5449 2650 5488 ac
2689 5434 2904 5491 caeteris
2933 5435 2988 5491 id
3035 5452 3212 5506 genus
3242 5446 3566 5492 venatorum
3603 5437 3684 5490 in-

2094 5525 2419 5580 strumentis
2444 5566 2460 5592 ,
2514 5541 2670 5580 mens
2709 5535 2892 5582 autem
2931 5537 2988 5584 et
3014 5529 3158 5584 ratio
3193 5529 3582 5600 indagantibus
3627 5537 3685 5584 et

2097 5617 2517 5688 insequentibus
2545 5616 2773 5674 canibus
2821 5618 3028 5677 similes
3073 5627 3221 5678 sunt.
3267 5620 3434 5692 77o
3465 5619 3685 5674 Maneat

2166 5796 2279 5871 (ll)
2317 5795 2478 5853 Forte
2508 5794 2607 5850 διό.
