4144 6476
405 380 541 444 1271
1044 371 1316 430 EUSEBII
1352 368 1836 428 CASSARIENSIS
1873 368 2025 425 OPP.
2066 367 2254 425 PARS
2289 366 2355 422 Il.
2396 396 2469 409 -
2506 354 3014 424 APOLOGE'I‘I'CA.
3536 361 3679 417 1312

404 495 593 562 cribus
612 509 871 566 augures,
916 492 1047 550 dum
1094 491 1321 558 habent,
1370 488 1680 559 voluptates
1722 488 1884 545 nobis
1915 488 1985 544 ad

2104 485 2229 541 ιατά
2258 485 2495 557 Χριστὸν
2520 483 2841 555 φιλοσοφίας
2865 480 3168 536 ἐπισκόπου
3197 477 3413 548 ἀνδρὸς,
3441 476 3550 528 ἀπὸ
3575 475 3685 531 τῶν

405 586 545 642 bene
567 584 859 640 vivendum
909 582 1230 654 potissimas
1276 595 1400 637 esse
1431 580 1812 649 pronuntiant,
1836 578 1987 649 ejus-

2104 579 2232 648 Περὶ
2255 581 2498 649 φύσεως
2525 578 2736 650 βραχέα
2759 577 2869 630 τῶν
2895 577 3035 647 πρὸς
3081 573 3404 641 Ἐπίκουρον
3427 569 3652 641 άντειρη
3682 598 3687 608 ι

403 690 513 744 que
562 675 641 731 rei
680 674 944 732 certiores
1006 686 1130 728 esse
1191 679 1362 726 testes
1419 670 1664 727 ferarum
1718 670 1985 740 ipsarum,

2104 671 2275 742 μένων
2300 670 2712 743 παραθήσομαι.
2746 670 2820 723 Σὺ
2848 667 2909 722 δὲ
2946 664 3130 720 λαϐὼν
3154 661 3430 733 ἀνάγνωθι
3458 660 3558 726 τὰς
3589 659 3674 714 οὗ-

401 783 571 838 quam
601 782 793 823 eorum
821 781 944 839 qua
966 766 1172 838 passim
1202 763 1421 820 erudita
1455 777 1616 819 musa
1643 760 1827 817 fundit
1855 776 1987 817 ora-

2104 780 2206 828 τως
2233 762 2467 835 ἐχούσας
2489 761 2656 817 αὑτοῦ
2688 761 2892 833 φωνάς.
3560 766 3577 781 ‘

402 863 651 920 culorum
680 877 899 919 amores
943 861 1259 931 opinantur.
1290 888 1363 899 ——
1400 855 1512 914 Nos
1549 872 1679 913 vero
1702 856 1980 923 Socrates,
2022 859 2137 912 haec
2162 858 2261 913 abs
2291 866 2345 912 te
2371 857 2557 913 omnia
2579 858 2866 913 verissime
2897 856 3042 911 dicta
3097 869 3220 910 esse
3272 851 3508 907 fatemur
3567 848 3690 903 uni-

400 958 601 1018 versi.»
649 954 926 1013 Hactenus
948 953 1125 1010 Plato.
1172 951 1330 1008 Nunc
1394 951 1551 1021 juvat
1609 950 1777 1005 etiam
1833 964 1902 1005 ex
1961 949 2209 1022 Dionysii
2277 951 2542 1022 episcOpi,
2591 949 2832 1006 hominis
2886 947 3241 1003 christianam
3286 943 3689 1017 philosophiam

401 1051 639 1126 professi
677 1066 845 1123 opere
875 1049 1024 1121 quod
1062 1047 1142 1102 De
1171 1059 1369 1101 natura
1415 1044 1767 1113 conscripsit,
1803 1059 1980 1116 pauca
2016 1045 2267 1114 quzedam
2297 1059 2329 1100 e
2352 1045 2563 1109 multis,
2588 1059 2711 1115 qua:
2767 1042 3033 1098 adversus
3079 1039 3377 1112 Epicurum
3426 1038 3688 1107 disputat,

402 1146 754 1218 subiungere.
808 1141 889 1197 Tu
936 1141 1101 1197 verba
1128 1139 1249 1208 eius
1274 1135 1553 1207 ipsissima
1590 1137 1828 1208 perlege.

987 1227 1220 1285 CAPUT
1267 1227 1460 1284 XXIII.

405 1350 682 1419 Aduersus
705 1344 996 1419 Epicureos
1023 1343 1160 1419 ,_qui
1188 1340 1870 1419 Providentiamtollebant
1896 1348 1996 1419 ,ξι

474 1410 772 1474 individuis
834 1410 1141 1484 corporibus
1197 1412 1460 1484 universe
1513 1410 1838 1484 triguebant.
1912 1410 1997 1464 Ea:

478 1487 727 1559 Dionysii
758 1479 1110 1541 Alexandrini
1139 1483 1369 1552 episcopi
1399 1482 1552 1537 libris
1583 1479 1660 1537 De
1700 1491 1916 1536 natura.

483 1685 504 1719 ι
537 1664 776 1729 Utrum,
815 1662 1027 1733 inquit,
1057 1676 1230 1715 unum
1282 1668 1402 1725 est,
1460 1668 1624 1730 atque
1690 1669 1875 1730 aptum
1929 1674 1994 1713 ex

407 1773 532 1815 sese
563 1757 885 1813 universum
913 1795 930 1820 ,
974 1754 1053 1808 uti
1089 1752 1250 1808 nobis
1305 1750 1737 1822 Graecorumque
1775 1752 1995 1821 sapien-

406 1849 640 1918 tissimis
670 1846 888 1903 Platoni
909 1854 965 1902 et
986 1844 1342 1918 Pythagorae,
1376 1841 1575 1899 Stoicis
1597 1883 1613 1910 ,
1635 1851 1692 1899 et
1720 1841 1997 1899 Heraclito

2615 1223 3015 1282 ΚΕΦΔΛΔΙΟΝ
3052 1223 3181 1278 Kl".

2101 1338 2256 1407 Πρὸς
2288 1338 2432 1403 τοὺς
2458 1337 2585 1391 κατ’
2624 1338 2982 1408 Ἐπίκουρον
3019 1338 3315 1405 Πρόνοιαν
3339 1336 3458 1408 μὲν
3481 1338 3694 1406 ἀρνου-

2167 1409 2417 1478 μένους,
2477 1408 2720 1476 ἀτόμοις
2768 1407 2839 1461 δὲ
2886 1407 3166 1477 σώμασιν
3189 1406 3577 1475 ἀνατιθέντας
3622 1408 3693 1463 τὸ

2174 1477 2316 1552 πᾶν.
2362 1478 2496 1552 Ἀπὸ
2519 1477 2638 1552 τῷν
2670 1478 3053 1552 Περὶᾴφύσεως
3081 1480 3402 1534 Διονυσίου
3445 1478 3555 1551 (20)
3584 1478 3694 1535 τοῦ

2175 1550 2516 1603 ἐπισκόπου
2558 1548 3026 1618 Ἀλεξανδρείας.

2182 1680 2200 1712 ι
2240 1660 2475 1733 Πότερον
2500 1660 2559 1714 ἓν
2581 1660 2699 1713 ὲστι
2735 1660 2973 1729 συναφὲς
2998 1659 3059 1713 τὸ
3085 1661 3213 1725 πᾶν,
3244 1663 3321 1725 ὡς
3354 1662 3486 1733 ἡμῖν
3517 1679 3577 1716 τε
3597 1661 3696 1718 καὶ

2102 1751 2217 1814 τοῖς
2269 1749 2603 1818 σοφωτάτοις
2655 1748 2925 1822 Ἑλλήνων
2952 1749 3202 1805 Πλάτωνι
3239 1751 3336 1805 καὶ
3372 1750 3692 1824 Πυθαγόρᾳ,

2104 1842 2198 1895 καὶ
2223 1844 2339 1906 τοῖς
2370 1842 2480 1896 ἀπὸ
2505 1843 2605 1913 τῆς
2626 1843 2799 1907 Στοᾶς
2823 1844 2919 1897 καὶ
2956 1843 3294 1916 Ἡρακλείτῳ
3333 1845 3615 1914 φαίνεται,
3655 1844 3692 1916 ἦ

407 1943 626 1999 videtnr
664 1959 676 1995 :
712 1956 782 1995 an
807 1938 954 2003 duo,
982 1937 1448 2010 quemadmodum
1492 1934 1635 1990 forte
1680 1950 1791 1990 non
1840 1949 1999 1990 nemo

2104 1934 2217 1999 δύο,
2253 1935 2330 1999 ὡς
2356 1934 2488 2000 ἴσως
2514 1952 2599 2000 τις
2633 1934 2923 2001 ὑπέλαϐεν,
2947 1936 2981 2008 ἢ
3014 1938 3110 1991 καὶ
3133 1936 3303 1991 πολλὰ
3329 1937 3424 1990 καὶ
3448 1936 3652 2007 ἄπειρα
3676 1953 3693 2003 ;

410 2032 666 2106 cogitarit
698 2050 713 2086 :
744 2048 812 2086 an
837 2032 1011 2089 multa
1030 2030 1215 2100 potius
1244 2029 1493 2099 adeoque
1520 2026 1774 2095 infinita?
1799 2025 1999 2082 utaliis

414 2124 746 2197 quibusdam
778 2123 984 2193 placuit
1004 2163 1019 2186 ,
1050 2122 1145 2193 qui
1176 2121 1429 2192 pluribus
1459 2118 1662 2175 mentis
1690 2117 1996 2184 erroribus,

409 2229 479 2279 ac
501 2213 674 2270 variis
705 2211 1133 2283 appellationum
1178 2209 1406 2277 formis,
1455 2209 1699 2265 universi
1744 2216 1999 2263 naturam

411 2304 720 2364 distrahere
745 2318 811 2358 ac
835 2306 1080 2357 lacerare
1099 2300 1279 2357 conati
1301 2340 1317 2366 ,
1352 2298 1627 2354 inﬁnitum
1664 2297 1799 2353 illud
1841 2312 1996 2362 esse,

411 2404 539 2457 ortu
572 2411 761 2453 carere
782 2439 797 2463 ,
826 2410 929 2450 nec
956 2394 1073 2449 ullo
1091 2391 1449 2465 providentia:
1475 2390 1709 2447 consilio
1744 2390 1860 2459 regi
1898 2404 1998 2444 vo-

410 2492 653 2547 luerunt.
690 2486 855 2560 773
886 2486 952 2541 Hi
982 2487 1126 2541 enim
1186 2493 1433 2547 atomos,
1484 2484 1801 2552 incorrupta
1846 2496 2000 2552 quae-

411 2582 539 2640 dam
607 2579 915 2651 exiguaque
972 2577 1347 2649 corpuscula,
1404 2589 1749 2643 numeroque
1787 2573 1999 2630 inﬁnita

412 2673 793 2739 nominantes,
821 2685 1040 2744 unaque
1069 2670 1310 2741 spatium
1346 2667 1571 2737 aliquod
1597 2680 1832 2721 vacuum
1853 2705 1870 2731 ,
1900 2681 2002 2723 nec

414 2766 543 2823 ullis
573 2765 776 2823 finibus
835 2763 1315 2835 circumscriptum
1384 2763 1741 2829 invehentes,
1786 2770 2000 2817 atomos

412 2858 536 2915 illas
558 2859 845 2921 dictitant,
878 2859 983 2914 hoc
1002 2857 1060 2912 in
1085 2870 1263 2911 vacuo
1292 2865 1503 2912 temere
1546 2854 1681 2910 dum
1709 2853 1964 2910 feruntur
1982 2894 1999 2919 ,

412 2949 545 3007 dum
573 2966 730 3014 casu,
756 2957 982 3021 prepter
1034 2949 1275 3019 impetus
1326 2947 1829 3018 perturbationem,
1881 2947 2002 3002 alia:

413 3057 539 3098 cum
571 3041 695 3098 aliis
722 3049 1099 3104 concurrunt,
1139 3055 1205 3096 ac
1249 3052 1472 3111 propter
1520 3039 1876 3110 multiplicem
1936 3039 2000 3094 ﬁ-

412 3148 607 3206 guram
634 3132 778 3190 inter
807 3146 930 3187 sese
991 3131 1457 3199 commiscentur,
1511 3145 1639 3186 cum
1698 3130 2001 3201 apprehen-

410 3226 539 3289 dere
559 3233 752 3281 mutuo
778 3239 900 3280 sese
916 3264 933 3292 ,
962 3231 1078 3279 tum
1119 3223 1268 3279 hunc
1293 3237 1513 3293 quoque
1535 3221 1824 3288 mundum,
1845 3236 1998 3292 quae~

2100 2027 2177 2091 ὥς
2205 2042 2350 2081 τισιν
2375 2026 2561 2091 ἄλλοις
2582 2026 2784 2093 ἔδοξεν,
2806 2028 2856 2082 οἳ
2884 2027 3108 2092 πολλαῖς
3130 2028 3231 2099 τῆς
3253 2028 3495 2092 διανοίας
3520 2045 3697 2101 παρα-

2100 2123 2316 2191 φοραϊς,
2350 2120 2446 2175 καὶ
2472 2120 2748 2185 ποικίλαις
2782 2123 3086 2195 προφοραῖς
3113 2121 3393 2191 ὀνομάτων
3446 2120 3546 2193 τὴν
3583 2120 3692 2176 τῶν

2099 2210 2237 2263 ὅλων
2269 2210 2635 2283 ἐπεχείρησαν
2672 2211 3173 2283 κατακερματίζειν
3195 2211 3386 2265 οὐσίαν
3409 2252 3425 2275 ,
3467 2212 3695 2283 ἄπειρόν

2099 2318 2180 2366 τε,
2226 2302 2319 2354 καὶ
2357 2301 2675 2374 ἀγέννητον,
2722 2304 2819 2358 καὶ¹
2847 2302 3185 2377 ἀπρονόητον
3236 2304 3599 2360 ὑποτίθενται.
3629 2308 3693 2359 Oi

2104 2393 2202 2463 μὲν
2235 2392 2368 2465 γὰρ,
2395 2394 2633 2466 ἀτόμους
2676 2395 3073 2467 προσειπόντες
3114 2395 3370 2469 ἄφθαρτά
3428 2413 3551 2451 τινα
3597 2397 3696 2451 καὶ⁵

2102 2485 2443 2559 σμικρότατα
2477 2484 2730 2556 σώματα,
2765 2486 2972 2559 πλῆθος
2993 2487 3274 2559 ἀνάριθμα
3296 2527 3312 2551 ,
3360 2487 3453 2540 καί
3488 2504 3542 2542 τι
3586 2506 3696 2559 χω-

2104 2577 2218 2648 ρίον
2248 2578 2427 2642 κενὸν,
2452 2578 2682 2649 μέγεθος
2710 2579 3096 2651 ἀπεριόριστον
3125 2578 3542 2651 προϐαλόμενοι,
3562 2580 3695 2634 ταύ-

2100 2686 2201 2732 τας
2230 2668 2294 2739 δή
2336 2685 2470 2739 φασι
2492 2669 2593 2733 τὰς
2619 2670 2876 2740 ἀτόμους,
2909 2670 2987 2734 ὡς
3012 2670 3200 2741 ἔτυχεν
3222 2672 3279 2725 ὲν
3310 2670 3391 2741 τῷ
3425 2670 3568 2742 κενῷ
3598 2688 3695 2741 φε-

2105 2760 2360 2832 ρομένας,
2389 2763 2712 2835 αὐτομάτως
2736 2780 2794 2816 τε
2840 2765 3262 2836 συμπιπτούσας
3297 2765 3557 2837 ἀλλήλαις
3604 2764 3695 2820 διὰ

2105 2854 2283 2928 ῥύμην
2313 2856 2568 2921 ἄτακτον,
2599 2857 2694 2910 καὶ
2722 2857 3179 2931 συμπλεκομένας
3204 2858 3293 2914 διὰ
3320 2859 3381 2913 τὸ
3413 2857 3693 2931 πολύσχη-

2105 2963 2226 3017 μον,
2257 2946 2506 3018 ἀλλήλων
2538 2946 3029 3020 ἐπιλαμϐάνεσθαι,
3067 2952 3161 3005 καὶ
3191 2950 3333 3005 οὕτω
3363 2950 3455 3005 τόν
3496 2967 3558 3004 τε
3596 2950 3694 3005 κό-

2104 3054 2238 3109 σμον
2263 3040 2359 3092 καὶ
2392 3037 2461 3092 τὰ
2495 3042 2554 3094 ὲν
2584 3038 2754 3111 αὐτῷ,
2790 3040 2990 3110 μᾶλλον
3036 3040 3095 3105 δὲ
3147 3042 3391 3115 κόσμους
3432 3041 3696 3114 ἀπείρους

2102 3130 2404 3186 ἀποτελεῖν.
2428 3132 2645 3205 Ταύτης
2673 3133 2730 3187 δὲ
2750 3133 2852 3204 τῆς
2883 3133 3043 3203 δόξης
3086 3135 3410 3207 Ἐπίκουρος
3437 3135 3695 3205 γεγόνασι

2104 3223 2199 3277 καὶ
2251 3224 2611 3297 Δημόκριτος.
2683 3227 2950 3281 Τοσοῦτον
3007 3228 3064 3283 δὲ
3095 3229 3458 3303 διεφώνησαν,
3512 3233 3635 3287 ὅσον
3664 3234 3696 3287 ὸ

410 3333 519 3390 qne
584 3318 704 3388 ipso
740 3317 1096 3373 continentur
1135 3316 1361 3383 omnia;
1430 3316 1543 3370 imo
1580 3330 1716 3371 vero
1759 3313 1998 3368 mundos

2104 3317 2201 3388 μὲν
2231 3317 2523 3390 ἐλαχίστας
2558 3320 2761 3386 πάσας,
2796 3323 2892 3375 καὶ
2925 3320 3013 3375 διὰ
3035 3323 3196 3376 τοῦτο
3240 3322 3694 3396 ἀνεπαισθήτους,

409 3411 574 3467 etiam
608 3409 856 3467 inlinitos
884 3408 1115 3466 elﬁcere.
1149 3407 1264 3465 Hac
1295 3410 1355 3464 in
1412 3408 1682 3465 sententia
1725 3406 1998 3477 Epicurus

410 3500 871 3572 Democritusque
892 3500 1094 3557 versati
1122 3507 1253 3556 sunt
1279 3518 1292 3555 :
1323 3498 1431 3555 hoc
1472 3512 1586 3555 uno
1638 3497 1993 3559 discrimine,

413 3596 562 3670 quod
589 3593 861 3665 Epicurus
900 3593 1159 3649 minimas
1193 3606 1387 3647 omnes
1438 3598 1687 3656 atomos,
1747 3602 1998 3659 quasque

412 3666 706 3761 propterea
732 3700 930 3741 sensus
964 3700 1075 3740 non
1110 3682 1435 3754 attingeret,
1475 3679 1822 3735 Democritus
1853 3693 1994 3733 non-

413 3781 595 3844 nullas
624 3778 816 3835 saltem
844 3776 1114 3835 maximas
1137 3790 1260 3831 esse
1287 3773 1468 3830 vellet.
1491 3772 1762 3829 (laterum
1790 3772 1994 3828 indivi-

413 3872 553 3935 duas
582 3871 706 3933 illas
734 3878 790 3924 et
808 3869 917 3925 dici
969 3877 1025 3927 et
1073 3882 1231 3935 esse,
1286 3873 1512 3937 propter
1561 3864 1997 3920 indissolubilem

411 3977 605 4018 earum
631 3961 949 4016 ﬁrmitatem
971 3998 986 4023 ,
1025 3966 1256 4028 uterque
1282 3954 1464 4011 docet.
1502 3951 1643 4009 Sunt
1678 3963 1881 4021 tamen,
1900 3950 1998 4022 qui

412 4064 722 4116 amatorum
774 4051 999 4107 nomine
1054 4063 1287 4119 corpora
1353 4045 1605 4118 quadam
1655 4044 2031 4114 intelligunt,,

412 4161 538 4217 quas
569 4145 819 4217 partibus
852 4150 1076 4200 careant
1097 4141 1200 4211 ipsi
1225 4139 1448 4211 quidem
1472 4178 1489 4203 ,
1517 4137 1629 4195 sint
1661 4144 1847 4191 tamen
1870 4133 1995 4189 uni-

411 4238 556 4295 versi
592 4246 811 4310 partes,
842 4252 909 4293 ex
943 4235 1147 4307 quibus
1171 4276 1188 4303 ,
1220 4232 1518 4290 individua.-
1547 4246 1674 4287 cum
1711 4231 1843 4298 sint,
1864 4244 1999 4285 con-

411 4331 537 4388 lata
574 4332 816 4402 primum
841 4330 1027 4386 omnia
1053 4370 1070 4392 ,
1098 4328 1155 4383 in
1180 4326 1402 4383 easdem
1435 4339 1660 4397 quoque
1689 4324 2003 4380 dissolvan-

2101 3411 2131 3462 ό
2153 3408 2211 3463 δὲ
2276 3412 2617 3485 Δημόκριτος
2646 3414 2740 3467 καὶ
2774 3414 3039 3484 μεγίστας
3066 3409 3206 3468 εἶναί
3264 3432 3420 3479 τινας
3457 3416 3696 3487 ἀτόμους

2104 3502 2394 3557 ὑπέλαϐεν.
2443 3504 2707 3575 Ἀτόμους
2728 3504 2786 3558 δὲ
2814 3500 2955 3558 εἷναί
3005 3520 3171 3573 φασιν
3205 3505 3506 3576 ἀμφότεροι
3530 3545 3546 3570 ,
3601 3506 3696 3558 καῖ⁵

2101 3594 2359 3665 λέγεσθαι
2388 3596 2479 3650 διὰ
2501 3597 2602 3669 τὴν
2626 3597 2819 3651 ἄλυτον
2859 3596 3211 3669 στερρότητα.
3239 3597 3302 3650 Οἱ
3334 3596 3411 3660 δὲ,
3441 3595 3542 3658 τὰς
3566 3596 3691 3649 ἀτό-

2105 3703 2240 3758 μους
2267 3689 2365 3758 pay
2392 3689 2778 3761 ὀνομάσαντες,
2813 3688 2995 3761 ἀμερῆ
3041 3704 3206 3757 φασιν
3258 3684 3397 3742 εἶναι
3435 3686 3686 3758 σώματα,

2100 3778 2196 3832 τοῦ
2228 3781 2431 3844 παντὸς
2459 3780 2623 3853 μέρη,
2649 3780 2707 3846 ὲξ
2737 3772 2814 3834 ὧν
2838 3779 3159 3852 ἀδιαιρέτων
3183 3780 3353 3834 ὄντων
3384 3778 3690 3833 συντίθεται

2100 3868 2170 3924 τὰ
2198 3872 2401 3936 πάντα,
2430 3872 2526 3925 καὶ
2553 3873 2635 3935 εἰς
2659 3871 2696 3927 ἃ
2724 3870 3024 3926 διαλύεται.
3050 3874 3162 3926 Καὶ
3191 3874 3400 3927 τούτων
3429 3872 3563 3942 φασὶ
3583 3871 3693 3925 τῶν

2101 3963 2323 4035 ἀμερῶν
2344 3965 2734 4037 όνοματοποιὺν
2759 3966 3024 4036 Διόδωρον
3046 3967 3330 4036 γεγονέναι
3353 3984 3369 4001 ο
3415 3967 3587 4039 ὄνομα
3611 3966 3690 4028 δὲ,

2102 4055 2288 4123 φασιν,
2320 4058 2507 4122 αὐτοῖς
2535 4057 2664 4112 ἄλλο
2709 4058 3068 4131 Ἡρακλείδης
3115 4059 3341 4131 θέμενος
3366 4066 3393 4127 ,’
3432 4058 3693 4114 ἐκάλεσεν

2102 4145 2339 4216 ὄγκους,
2375 4152 2508 4222 παρ’
2530 4144 2592 4207 οὗ
2615 4153 2710 4206 καὶ
2747 4152 3149 4226 Ἀσκληπιάδης
3193 4156 3222 4207 ὁ
3251 4152 3434 4224 ἰατρὸς
3468 4151 3693 4222 ἐκληρο-

2107 4237 2313 4309 νόμησε
2347 4241 2407 4294 τὸ
2428 4242 2622 4316 ὄνομα.
2679 4264 2697 4297 ι
2731 4245 2897 4300 Ταῦτ’
2934 4245 3103 4300 εἰπὼν
3129 4285 3144 4309 ,
3176 4244 3303 4316 ἑξῆς
3339 4243 3698 4308 ἀνασκευάζει

2107 4328 2171 4382 τὸ
2200 4330 2380 4403 δόγμα
2400 4334 2488 4388 διὰ
2518 4336 2751 4405 πολλῶν,
2787 4337 2929 4410 ἀτὰρ
2964 4338 3056 4392 καὶ
3088 4336 3176 4390 διὰ
3204 4335 3431 4390 τούτων.

413 4434 521 4481 tur.
564 4424 802 4493 Harum,
838 4433 1002 4496 prout
1041 4423 1288 4493 partibus
1318 4428 1540 4486 carent,
1568 4418 1809 4475 nominis
1860 4428 2145 4476 auctorem
2211 4423 2425 4483 faciunt
2484 4430 2781 4486 Diodorum
2818 4450 2831 4486 :
2870 4448 2963 4486 eas
3023 4431 3169 4485 enim
3211 4427 3434 4498 ὄγκους,
3484 4427 3590 4482 hoc
3610 4434 3698 4482 est

412 4519 597 4585 moles,
631 4535 729 4576 seu
755 4519 996 4591 pondera
1030 4515 1347 4572 Heraclides
1377 4515 1641 4579 vocabat,
1675 4513 1821 4569 unde
1834 4513 1999 4575 etiam

2104 4520 2397 4591 sclepiades
2453 4526 2700 4582 medicus
2759 4541 2958 4581 nomen
3020 4524 3244 4580 invenit.
3282 4542 3300 4576 ι
3337 4522 3465 4579 Haec
3500 4520 3698 4594 praefa-

415 4626 505 4681 tus
538 4616 727 4672 multis
761 4615 1021 4683 deinceps
1047 4612 1156 4668 hoc
1195 4613 1391 4681 dogma
1421 4609 1713 4676 confutat,
1758 4610 2010 4681 interque
2048 4623 2277 4684 caetera,
2312 4621 2497 4677 verbis
2525 4639 2647 4693 quae
2675 4630 3003 4692 sequuntur.

976 4702 1209 4763 CAPUT
1243 4702 1435 4757 XXIV.

411 4821 609 4877 Rerum
649 4822 789 4876 inter
809 4818 1045 4874 homines
1085 4815 1384 4886 uulgarium
1423 4813 1704 4886 exemplis,
1742 4811 2000 4883 Epicureo

690 4907 844 4945 orum
871 4894 1065 4961 dogma
1098 4882 1382 4956 refellitur.
1410 4882 1494 4938 Ex
1522 4882 1724 4939 eodem.

488 5005 508 5040 ο
532 4986 638 5054 Qui
668 4984 889 5041 tandem
919 4981 1176 5039 homines
1194 4980 1332 5036 istos
1362 4978 1607 5034 feramus
1626 5015 1642 5044 ,
1666 4977 1807 5046 Ldum
1835 4993 2002 5048 opera

412 5075 694 5147 sapientia:
737 5074 935 5144 plena,
977 5084 1158 5142 eoque
1185 5068 1305 5140 ipso
1331 5068 1511 5132 bona,
1546 5082 1679 5123 casu
1707 5065 1854 5122 facta
1878 5082 2003 5122 esse

410 5167 642 5223 dicunt?
662 5180 784 5237 qum
812 5173 870 5223 et
903 5164 1119 5235 singula
1146 5162 1406 5228 seorsim,
1438 5169 1493 5216 et
1523 5159 1691 5217 simul
1716 5159 1998 5223 universa,

411 5263 461 5316 ei
492 5260 653 5331 cujus
672 5259 858 5315 omnia
911 5258 1072 5329 jussu
1106 5257 1465 5321 exstiterant,
1498 5255 1642 5310 bona
1690 5254 1802 5309 sint
1852 5252 1995 5307 visa.

418 5352 820 5415 rViditenim,
848 5353 1059 5422 inquit,
1100 5351 1241 5407 Deus
1261 5360 1460 5407 cuncta
1498 5363 1622 5419 qua:
1670 5345 1871 5402 fecerat
1906 5364 1919 5400 :
1949 5353 2018 5399 et-

411 5459 540 5501 ccce
561 5443 707 5499 bona
732 5442 891 5498 valde
926 5442 966 5496 ί.
1015 5461 1036 5495 ι
1062 5441 1391 5511 Quanquam
1431 5453 1501 5494 ne
1538 5435 1735 5508 pusilla
1776 5434 1998 5505 quidem

484 5557 501 5589 ⁸
533 5553 670 5611 Gen.
702 5571 753 5622 ι,
784 5554 876 5611 3|.

486 5670 598 5742 (20)
652 5672 995 5726 Διονυσίου.
1054 5668 1492 5742 Pulcherrimum
1550 5666 1659 5742 hoc
1703 5663 1764 5719 S.
1824 5662 2002 5742 Patris

415 5732 804 5813 fragmentum,
831 5742 980 5813 quod
1011 5741 1251 5813 adglibri
1276 5741 1441 5813 hujus
1472 5753 1572 5813 xiv
1598 5738 1761 5791 tinem
1802 5732 2001 5803 perdu-

417 5807 581 5881 eitur,
641 5807 965 5867 Eusebianm
1009 5811 1303 5874 diligentia
1349 5807 1670 5874 beneﬁcium
1722 5814 1838 5869 est,
1890 5817 2001 5877 quo

2616 4713 3018 4770 ΚΕΦΑΛΑῙΟΝ
3057 4712 3186 4767 KA'.

2122 4831 2256 4886 Ἀπὸ
2295 4830 2412 4886 τῶν
2439 4832 2512 4886 ἐν
2538 4831 2881 4955 ἀνθρώποιὲ
2908 4826 3382 4911 ὑποδειγμάτων.
3421 4828 3563 4883 Ἀπὸ
3592 4827 3701 4881 τοῦ

2802 4917 2842 4954 a
2884 4916 3013 4954 του.

2802 4916 2992 4954 αυτου
3000 4940 3013 4953 .

2188 5011 2206 5042 ι
2238 4991 2363 5057 Πῶς
2396 4989 2576 5046 αὐτῶν
2601 4989 2990 5062 ἀνασχώμεθα,
3029 4990 3241 5062 τυχηρά
3263 4989 3534 5060 λεγόντων
3563 4986 3701 5044 εἶναι

2111 5080 2496 5154 συμπτώματα
2547 5080 2618 5135 τὰ
2651 5080 2812 5151 σοφὰ,
2843 5081 2937 5135 καῖ¹
2974 5080 3064 5134 διὰ
3105 5080 3265 5135 τοῦτο
3302 5082 3373 5135 τὰ
3419 5080 3562 5135 καλὰ
3607 5081 3704 5151 δη-

2111 5175 2537 5245 μιουργήματα;
2566 5167 2642 5228 ὧν
2674 5173 2908 5227 ἕκαστόν
2940 5190 2999 5226 τε
3030 5173 3151 5227 καθ’
3182 5172 3341 5227 ἑαυτὸ
3384 5172 3698 5242 γενόμενον,

2107 5264 2261 5339 ὤφθη
2292 5267 2371 5338 τῷ
2393 5264 2758 5338 προστάξαντι
2776 5263 3034 5335 γενέσθαι
3062 5265 3248 5326 καλὸν,
3271 5264 3366 5318 καὶ
3400 5262 3701 5336 συλλήϐδην

2105 5361 2309 5430 ὁμοίως
2370 5360 2607 5414 ἅπαντα.
2657 5380 2675 5411 ι
2740 5355 2862 5415 Εἷδε
2890 5359 3022 5431 γὰρ,
3082 5360 3268 5432 φησὶν,
3339 5358 3368 5410 ὁ
3415 5356 3577 5421 Θεὸς,
3631 5354 3702 5409 τὰ

2108 5452 2286 5508 πάντα
2317 5454 2419 5507 ὅσα
2453 5453 2709 5526 ἐποίησε·
2742 5454 2839 5509 καὶ
2867 5454 2981 5508 ίδοὺ
3010 5451 3153 5507 καλὰ
3179 5451 3320 5506 λίαν.
3347 5470 3368 5504 ι
3411 5448 3550 5503 Ἀλλ’
3577 5446 3700 5503 οὐδὲ

2111 5655 2337 5739 alioqui,
2369 5662 2567 5725 praeter
2596 5655 2701 5709 alia
2733 5654 2998 5727 pleraque
3025 5650 3419 5725 sapientissimi
3451 5649 3557 5706 viri
3578 5662 3700 5706 m0-

2112 5735 2379 5795 nimenta,
2418 5740 2756 5783 careremus.
