4144 6412
493 301 628 360 1275
1131 315 1402 374 EUSEBII
1441 321 1921 384 CAESARIENSIS
1959 331 2107 387 OPP.
2150 334 2331 391 PARS
2371 336 2433 393 ll.
2475 368 2544 377 —-
2587 338 3088 399 APOLOGETICA.
3635 354 3767 410 1276

491 421 896 494 elegantissima
922 472 938 497 ,
972 447 1097 503 quae
1133 438 1250 494 suis
1283 456 1351 494 ex
1404 446 1605 501 atomis
1648 458 1903 505 contexta
1955 466 2077 508 esse
2138 455 2363 522 dicunt,
2406 460 2536 513 dum
2563 461 2631 515 ab
2667 462 2858 517 iisdem
2898 464 3016 521 sine
3047 465 3282 521 consilio
3338 468 3420 523 ac‘
3450 470 3570 527 sine
3601 474 3779 531 sensu'

491 517 730 588 perfecta
755 539 878 580 esse
907 526 1151 595 addunt,
1180 533 1305 602 quis
1336 538 1555 593 tandem
1583 555 1680 597 eos
1713 540 1884 611 ferat,
1943 546 2241 619 indigestas
2310 567 2376 605 ac
2438 553 2603 608 rudes
2655 559 2885 626 atomos]
2919 558 3306 627 obtrudentes,
3349 580 3766 636 quos'araneus

489 614 757 684 sapientia
815 620 975 693 longe
1033 634 1290 695 superet,
1318 643 1445 683 cum
1495 646 1657 688 suum
1706 635 1838 693 illud
1869 653 2009 710 opus
2038 614 2086 696 av
2107 654 2300 714 suapte
2341 645 2605 701 industria
2637 649 2924 703 conficiat?
2965 670 2984 703 ι

1055 735 1288 792 CAPUT
1335 739 1509 797 XXV.

490 815 642 873 Idem
699 837 766 876 ea:
800 826 1033 882 universi
1077 830 1353 887 molitione
1413 835 1714 904 conﬁcitur.
1750 838 1836 895 Ex
1872 841 2073 898 eodem.

565 995 586 1030 ι
616 977 751 1045 Quis
799 982 973 1052 aequis
1032 1000 1199 1056 porro
1258 989 1487 1047 auribus
1516 993 1745 1060 audiat,
1804 997 2077 1068 ingentem

491 1069 635 1126 banc
660 1071 883 1128 domum
906 1113 922 1137 ,
971 1090 1038 1130 ex
1073 1079 1219 1133 coelo
1263 1089 1522 1153 terraque
1556 1097 1937 1161 constantem,
1982 1096 2077 1165 qui

490 1170 711 1232 propter
752 1167 1050 1223 maximam
1075 1169 1224 1225 illam
1258 1181 1314 1228 et
1343 1176 1699 1248 multiplicem
1729 1223 1744 1244 ,
1786 1199 1908 1254 quas
1948 1186 2078 1243 huic

490 1254 726 1321 insidet,
755 1258 1036 1327 sapientiae
1080 1263 1190 1319 vim
1213 1305 1229 1330 ,
1276 1269 1515 1325 mundus
1552 1282 1816 1341 vocatur,
1853 1278 1923 1332 ab
1967 1288 2080 1336 ato-

489 1346 596 1402 mis
622 1365 744 1418 quae
766 1352 918 1407 nullo
954 1354 1116 1425 775
1155 1355 1407 1415 ferantur
1432 1363 1659 1432 ordine,
1690 1369 1941 1425 ordinem
1990 1381 2077 1427 at-

488 1453 596 1506 que
619 1450 870 1495 ornatum
898 1459 1117 1501 omnem
1143 1451 1421 1520 accepisse
1443 1494 1458 1520 ,
1518 1470 1583 1511 ac
1611 1459 2074 1526 perturbationem

490 1527 665 1595 ipsam
689 1531 743 1585 in
780 1533 1043 1589 mundum
1074 1551 1197 1593 esse
1223 1544 1532 1597 mutatam?
1570 1544 1710 1611 Quis
1756 1557 1928 1605 statos
1955 1552 2077 1608 illos

488 1629 674 1676 motus
699 1631 865 1692 atque
895 1629 1288 1687 conversiones
1312 1673 1328 1693 ,
1365 1649 1433 1688 ex
1472 1636 1807 1695 inconstanti
1839 1643 2075 1711 quodam

488 1711 694 1783 impetu
738 1716 1056 1786 prolicisci?
1105 1720 1240 1788 Quis
1290 1726 1600 1784 absolutam
1656 1746 1841 1787 rerum
1884 1735 2079 1791 caeles-

488 1802 625 1857 tium
650 1804 994 1864 harmoniam
1016 1852 1031 1878 ,
1056 1826 1123 1866 ex
1156 1813 1451 1874 inconditis
1490 1828 1545 1873 et
1574 1820 1926 1879 inconcinnis
1966 1828 2076 1882 ins-

488 1897 781 1955 trumentis
808 1903 1149 1971 temperari?
1200 1905 1491 1973 Quomodo
1534 1922 1715 1970 autem
1740 1955 1756 1981 ,
1806 1933 1916 1972 una
1950 1935 2076 1974 cum

486 1989 735 2045 omnium
761 1996 999 2050 essentia
1022 1997 1095 2053 sit
1116 1999 1664 2076 iucorruptibilisque
1687 2018 1905 2074 natura,
1937 2013 2076 2079 solo,

489 2090 550 2135 ut
580 2082 776 2148 aiunt,
816 2089 1253 2159 magnitudinum
1297 2093 1708 2168 ﬁgurarumque
1756 2102 2073 2158 discrimine
2105 2092 2147 2146 Β

486 2188 781 2244 corporum
811 2183 1027 2248 tamen,
1082 2183 1189 2238 alia
1238 2188 1528 2254 quaedam,
1585 2199 1644 2244 ut
1698 2192 1800 2263 ipsi
1843 2208 2073 2263 vocant,

486 2265 671 2322 divina
728 2279 890 2337 sunt,
928 2271 1056 2329 fatis
1088 2278 1375 2345 superiora
1401 2322 1416 2345 ,
1468 2290 1523 2335 et
1558 2285 1892 2354 sempiterna
1919 2329 1934 2354 ,
1994 2292 2076 2345 vel

488 2359 587 2413 aevi
617 2360 811 2416 saltem
832 2403 848 2430 ,
879 2374 938 2419 ut
962 2381 1238 2424 nonnemo
1273 2371 1423 2441 loqui
1474 2375 1663 2430 maluit
1693 2419 1708 2441 ,
1761 2378 2026 2451 longioris
2058 2403 2071 2437 :

486 2466 662 2521 eaque
694 2457 893 2523 partim
965 2459 1085 2514 visu
1156 2462 1570 2534 percipiuntur,
1627 2477 1687 2522 ut
1746 2471 1857 2536 sol,
1909 2472 2072 2538 luna,

487 2545 688 2612 stellae,
725 2555 868 2603 terra
902 2558 957 2605 et
992 2566 1132 2623 aqua
1167 2570 1182 2619 ;
1237 2557 1434 2625 partim
1471 2573 1694 2614 sensum
1743 2561 1989 2634 fugiunt,
2017 2575 2077 2622 ut

486 2637 601 2705 dii,
654 2640 933 2698 daemones
972 2652 1028 2700 et
1057 2646 1270 2702 animi?
1315 2648 1440 2705 Haec
1475 2653 1619 2706 enim
1649 2668 1804 2723 esse,
1854 2668 1913 2712 ut
1955 2674 2074 2713 ma-

487 2730 631 2788 xime
668 2734 872 2801 velint,
929 2753 1130 2811 negare
1178 2756 1288 2796 non
1327 2753 1581 2813 possunt.
1620 2746 1741 2802 Alia
1802 2748 2075 2807 diuturnae

485 2823 782 2881 admodum
820 2828 977 2899 vitae,
1005 2831 1121 2887 sive
1164 2834 1526 2894 animantium
1554 2879 1570 2905 ,
1614 2839 1729 2895 sive
1760 2842 2071 2911 plantarum

483 2930 553 2973 ex
580 2926 807 2990 genere;
841 2924 1242 2993 animantium,
1278 2938 1339 2984 ut
1380 2946 1510 2987 aves
1570 2932 1735 3000 inter,
1772 2935 1918 3005 quod
1967 2935 2073 3005 ipsi

484 3008 775 3078 dictitant,
807 3016 1036 3085 aquila,
1070 3018 1221 3073 corvi
1279 3028 1445 3091 atque
1488 3022 1768 3092 phoenices
1826 3045 1839 3079 :
1885 3040 1917 3081 e
1966 3036 2074 3080 ter-

478 3104 757 3160 restribus
811 3101 995 3172 cervi,
1033 3110 1350 3182 elephantes
1404 3131 1468 3170 ac
1519 3115 1821 3184 dracones;
1850 3134 1881 3173 e
1909 3119 2075 3189 pisci-

486 3190 622 3260 bus,
658 3210 782 3265 quae
815 3207 933 3253 cete
961 3200 1222 3256 dicuntur
1264 3221 1278 3257 :
1312 3205 1626 3274 plantarum
1656 3224 1809 3275 vero,
1841 3219 1903 3265 ut
1956 3212 2074 3282 pal-

486 3296 624 3349 mae,
661 3301 898 3354 quercus
936 3298 992 3344 et
1041 3306 1266 3361 perseae.
1296 3294 1542 3360 Quarum
1591 3299 1755 3355 etiam
1798 3304 2073 3359 nonnullae

488 3385 808 3445 perpetuam
864 3381 1101 3438 retinent
1147 3385 1518 3456 viriditatem,
1569 3391 1880 3461 cujusmodi
1935 3411 2073 3465 qua-

487 3467 796 3523 tuortlecim
826 3485 860 3525 a
886 3474 1147 3543 quopiam
1184 3491 1548 3536 numerantur
1578 3500 1593 3537 :
1628 3483 1750 3539 alia:
1793 3495 1945 3541 certo
1973 3486 2074 3542 ilo-

488 3568 611 3617 rent
631 3568 894 3632 tempore,
913 3575 1062 3622 certo
1085 3584 1307 3641 quoque
1326 3571 1614 3631 frondibus
1636 3587 1934 3634 exuuntur.
1951 3580 2073 3638 Alia

486 3652 759 3724 denique,
788 3672 854 3712 ac
901 3660 1076 3714 multo
1109 3676 1245 3718 sane
1298 3665 1535 3734 plurima
1558 3706 1574 3733 ,
1611 3669 1726 3724 sive
1772 3682 2074 3728 nascantur

482 3758 522 3798 e
552 3752 729 3812 terra,
763 3747 878 3803 sive
905 3749 1230 3819 gignantur,
1284 3755 1647 3826 iniquissimis
1691 3759 1790 3817 fati
1841 3763 2075 3835 vitaque

488 3835 825 3893 brevissimae
846 3842 1134 3913 angustiis.
1160 3845 1520 3905 includuntur
1551 3872 1563 3907 :
1592 3868 1624 3909 e
1662 3855 1866 3925 quibus
1904 3858 2072 3914 homo

484 3935 653 3991 etiam
679 3936 795 4008 ipse
813 3950 930 4005 est,
965 3949 1026 3996 ut
1081 3944 1282 4001 alicubi
1331 3947 1515 4004 divina
1546 3951 1614 4007 de
1651 3953 1744 4008 illo
1790 3952 2072 4026 Scriptura

487 4026 772 4097 loquitur,
821 4030 951 4086 dum
1010 4033 1126 4101 ait,
1165 4055 1184 4087 ι
1236 4036 1480 4095 Mortalis
1529 4051 1748 4113 autem,
1784 4054 1950 4103 natus
2006 4050 2073 4104 de

488 4120 750 4187 muliere,
787 4122 939 4179 brevi
966 4128 1156 4183 vivens
1188 4138 1433 4201 tempore
1472 4134 1514 4189 ί.
1558 4154 1578 4187 ι
1618 4135 1908 4207 Diversus,
1955 4142 2072 4211 opi-

488 4225 626 4276 nor,
656 4220 966 4270 atomorum
994 4232 1202 4286 nexus,
1231 4229 1395 4276 tanta!
1423 4224 1588 4295 hujus
1621 4226 1675 4282 in
1727 4228 2072 4298 persistendo

484 4302 805 4362 differentiae
857 4322 1054 4365 causas
1104 4328 1231 4368 esse
1277 4319 1708 4387 respondebunt.
1743 4322 1868 4377 Alia
1922 4323 2068 4379 enim

487 4387 772 4459 videlicet,
831 4395 1078 4464 pressius
1130 4399 1200 4454 ab
1254 4400 1323 4457 iis
1374 4404 1691 4475 arctiusque
1738 4407 2067 4479 'constringi,

483 4494 607 4549 quae
645 4482 876 4551 proinde
903 4485 981 4539 uti
1004 4486 1283 4555 densiora,
1306 4491 1388 4546 sic
1419 4493 1487 4548 ad
1505 4495 1917 4552 dissolvendum
1948 4499 2072 4553 lon-

484 4587 549 4643 ge
573 4572 887 4631 diliicillima
927 4577 1039 4632 sint
1068 4596 1083 4634 :
1112 4580 1217 4635 alia
1246 4598 1410 4651 vero,
1461 4588 1608 4655 quod
1644 4588 1839 4645 laxiori
1865 4606 1931 4647 ac
1974 4607 2069 4648 so-

481 4662 667 4718 lutiori
692 4672 1002 4721 atomorum
1037 4670 1384 4741 colligatione
1433 4674 1686 4732 devincta
1727 4679 1869 4746 sint,
1905 4689 2070 4753 atque

2105 739 2154 795 A

2685 759 3079 815 ΚΕΦΛΛΑῙΟΝ
3117 763 3244 816 KE’.

2226 846 2369 900 Ἀπὸ
2421 845 2530 914 τῆς
2579 847 2687 902 τοῦ
2727 853 2955 941 παντὸς
3008 854 3388 934 συστάσεως.
3443 858 3588 913 Ἀπὸ
3622 878 3730 918 του

2868 939 3090 978 αυτουω

2256 1022 2275 1055 ι
2309 1006 2379 1057 Ἢ
2402 1004 2494 1059 τὸν
2525 1007 2699 1077 μέγαν
2743 1009 2856 1081 (25)
2887 1009 3074 1066 τοῦτον
3109 1008 3257 1068 οἷκον
3294 1015 3387 1071 τὸν
3430 1016 3489 1085 ἐξ
3531 1020 3763 1091 οὐρανοῦ

2179 1096 2273 1150 καὶ
2305 1096 2409 1167 γῆς
2433 1100 2761 1165 συνεστῶτα,
2792 1102 2888 1156 καὶ
2919 1103 3007 1159 διὰ
3034 1104 3096 1157 τὸ
3147 1107 3373 1178 μέγεθος
3424 1110 3519 1163 καὶ
3559 1112 3765 1183 πλῆθος

2178 1186 2280 1256 τῆς
2313 1189 2715 1261 ἐπιφερομένης
2744 1192 2894 1262 αὐτῷ
2932 1194 3123 1263 σοφίας
3170 1196 3501 1269 καλούμενον
3534 1201 3759 1272 κόσμον,

2182 1274 2286 1327 ὑπὸ
2305 1275 2417 1328 τῶν
2450 1277 2547 1330 σὺν
2578 1279 2755 1333 οὐδενὶ
2788 1280 2978 1353 κόσμῳ
3007 1285 3322 1356 φερομένων
3354 1288 3570 1360 ἀτόμων
3597 1308 3760 1346 κεκο-

2184 1367 2443 1438 σμῆσθαι,
2485 1370 2579 1423 καὶ
2618 1372 2898 1440 γεγονέναι
2929 1374 3130 1445 κόσμον
3182 1377 3478 1449 ἀκοσμίαν;
3528 1382 3651 1448 Πῶς
3705 1384 3764 1439 δὲ

2181 1461 2424 1531 κινήσεις
2446 1462 2540 1514 καί¹
2563 1463 2716 1527 ὁδοὺς
2749 1466 3047 1530 εὐτάκτους
3096 1468 3156 1535 ἐξ
3206 1470 3442 1525 ἀτάκτου
3495 1475 3764 1545 προσάγε-

2182 1549 2305 1603 σθαι
2338 1553 2548 1622 φορᾶςς
2590 1553 2717 1618 Πῶς
2741 1554 2798 1608 δὲ
2821 1557 2920 1628 τὴν
2952 1560 3319 1630 παναρμόνιον
3345 1562 3452 1617 τῶν
3497 1566 3765 1637 οὐρανίων

2180 1644 2399 1714 χορείαν
2427 1642 2487 1708 ἐξ
2515 1645 2770 1716 ἀμούσων
2793 1650 2887 1702 καὶ
2915 1651 3273 1723 ἀναρμόστων
3317 1657 3566 1729 συνᾴδειν
3598 1660 3766 1731 ὀργά-

2179 1753 2322 1797 νωνς
2353 1737 2485 1790 Τίνα
2515 1738 2572 1791 δὲ
2598 1738 2819 1810 τρόπον,
2873 1744 3000 1813 μιᾶς
3053 1742 3222 1817 οὔσης
3283 1748 3378 1801 καὶ
3441 1750 3540 1821 τῆς
3596 1753 3766 1824 αὐτῆς

2181 1826 2411 1880 ἁπασῶν
2440 1829 2650 1897 οὐσίας,
2707 1832 2803 1886 καὶ
2849 1834 2948 1905 τῆς
2976 1835 3147 1905 αὐτῆς
3204 1838 3486 1912 ἀφθάρτου
3526 1842 3762 1911 φύσεως,

2182 1919 2320 1989 πλὴν
2352 1920 2461 1973 τῶν
2494 1920 2765 1992 μεγέθων,
2799 1924 2875 1988 ὥς
2903 1936 3058 1995 φασι,
3086 1930 3180 1982 καὶ
3211 1929 3320 1983 τῶν
3347 1932 3663 2003 σχημάτων,
3697 1934 3767 1988 τὰ

2187 2011 2284 2082 μέν
2315 2013 2433 2066 ἐστι
2468 2014 2610 2076 θεῖα,
2653 2016 2745 2068 καὶ
2795 2016 3083 2088 ἀκήρατα,
3132 2020 3228 2073 καὶ
3250 2022 3463 2087 αἰώνια,
3508 2024 3582 2088 ὡς
3616 2024 3768 2081 αὐτοὶ

2178 2104 2409 2174 φήσαιεν
2435 2102 2521 2169 ἂν,
2565 2104 2812 2176 σώματα,
2849 2108 2881 2179 ἢ
2921 2111 3247 2183 μακραίωνά
3276 2131 3340 2181 γε
3375 2115 3517 2169 κατὰ
3551 2116 3643 2169 τὸν
3674 2116 3767 2169 οὖ-

2178 2210 2286 2256 τως
2319 2194 2682 2266 ὀνομάσαντα,
2716 2199 3021 2270 φαινόμενά
3057 2218 3117 2254 τε
3154 2204 3248 2256 καὶ
3304 2205 3488 2276 ἀφανῆ
3509 2223 3522 2236 α
3578 2208 3767 2275 φαινό-

2182 2302 2319 2355 μενα
2375 2287 2495 2357 μὲν,
2553 2288 2726 2359 ἥλιος,
2757 2291 2852 2343 καὶ
2885 2290 3107 2364 σελήνη,
3166 2295 3260 2347 καὶ
3298 2295 3544 2366 ἀστέρες,
3581 2297 3654 2367 γῆ
3682 2315 3764 2365 τε,

2178 2379 2271 2430 καὶ
2294 2376 2439 2451 ὕδωρ
2457 2397 2471 2410 ·
2496 2381 2682 2451 ἀφανῆ
2716 2381 2774 2434 δὲ
2802 2381 2914 2435 θεοί
2941 2401 3001 2437 τε
3036 2385 3130 2438 καὶ
3151 2386 3424 2457 δαίμονες,
3455 2390 3546 2443 καὶ
3576 2389 3763 2461 ψυχαί;

2179 2470 2363 2524 Ταῦτα
2392 2472 2502 2544 γὰρ
2534 2473 2655 2526 οὐδὲ
2690 2473 2938 2539 θέλοντες
2979 2477 3247 2549 ὑπάρχειν
3292 2481 3634 2552 ἀρνήσασθαι
3675 2483 3767 2536 δύ·-

2177 2578 2385 2615 νανται.
2415 2563 2495 2617 Τά
2522 2564 2580 2618 δὲ
2613 2565 3036 2638 μακροϐιώτατα
3069 2569 3185 2634 ζῶά
3213 2589 3273 2625 τε
3304 2573 3397 2626 καί
3422 2574 3594 2643 φυτά·
3650 2574 3766 2640 ζῶα

2181 2649 2278 2718 μὲν
2309 2647 2366 2702 ἐν
2402 2668 2458 2703 τε
2493 2650 2721 2722 ὄρνισιν,
2764 2653 2839 2718 ὥς
2867 2672 3054 2724 φασιν,
3084 2658 3255 2725 ἀετοὶ,
3300 2661 3537 2733 κόρακές
3565 2682 3624 2717 τε
3672 2667 3766 2720 καὶ

2178 2739 2449 2808 φοίνικες’
2485 2742 2541 2797 έν
2572 2761 2631 2797 τε
2661 2747 2939 2816 χερσαίοις
2968 2749 3158 2819 ὲλαφοί
3182 2768 3262 2816 τε,
3322 2755 3413 2807 καὶ
3453 2754 3761 2825 ἐλεφάντες,

2176 2831 2272 2883 καὶ
2294 2830 2588 2903 δράκοντες
2610 2851 2625 2866 ο
2657 2838 2715 2890 ὲν
2747 2836 2805 2890 δὲ
2830 2842 2944 2904 τοῖς
2976 2840 3220 2913 ὲνύδροις
3244 2843 3314 2897 τὰ
3352 2846 3516 2919 κήτη.
3562 2848 3781 2920 Δένδρα

2175 2922 2231 2976 δὲ
2256 2924 2516 2994 φοίνικες,
2548 2928 2644 3003 καὶ
2671 2927 2851 3000 δρύες,
2880 2932 2974 2986 καὶ
3006 2934 3235 3006 περσέαι
3253 2952 3267 2966 ·
3298 2936 3395 2989 καὶ
3419 2937 3529 2992 τῶν
3557 2955 3622 3009 γε
3645 2941 3762 2994 δέν-

2174 3015 2316 3087 δρων
2340 3016 2409 3069 τά
2440 3018 2538 3088 μέν
2574 3021 2721 3074 ἐστιν
2747 3022 2992 3094 ἀειθαλῆ,
3017 3023 3053 3078 ἀ
3088 3026 3183 3079 καὶ
3206 3029 3630 3101 καταριθμήσας
3679 3049 3768 3097 τις

2174 3104 2329 3161 εἶπεν
2356 3105 2496 3163 εἷναι
2513 3114 2985 3184 τεσσαρακαίδεκα
3002 3132 3015 3145 ’
3034 3116 3104 3170 τὰ
3130 3117 3186 3172 δὲ
3205 3121 3343 3192 πρὸς
3371 3122 3562 3194 καιρὸν
3591 3125 3763 3192 ἀνθεῖ,

2174 3199 2269 3251 ml.
2306 3200 2655 3274 φυλλορροεῖο
2697 3206 2766 3258 τά
2791 3206 2848 3258 δὲ
2881 3207 3107 3263 πλεῖστα
3133 3210 3244 3264 τῶν
3266 3229 3326 3265 τε
3357 3216 3642 3286 φυομένων
3670 3220 3766 3273 καὶ

2172 3294 2528 3365 γεννωμένων
2546 3297 2692 3351 ἐστὶν
2713 3297 2979 3372 ὠκύμορα
2994 3303 3087 3356 καὶ
3107 3290 3435 3377 βραχυτελῆ,
3448 3300 3522 3361 ὧν
3538 3310 3653 3365 ἐστι
3671 3312 3767 3365 καὶ

2175 3387 2203 3437 ό
2236 3385 2545 3457 ἄνθρωπος,
2573 3387 2649 3454 ὡς
2697 3385 2821 3443 εἶπέ
2853 3408 2939 3456 τις
2971 3392 3102 3460 ἀγία
3157 3395 3288 3466 περὶ
3342 3397 3509 3453 αὐτοῦ
3543 3405 3761 3475 γραφή·

2184 3495 2202 3527 ι
2228 3478 2426 3550 Βροτρς
2447 3480 2506 3533 δὲ
2532 3483 2791 3553 γεννητὸς
2804 3484 3083 3551 γυναικὸς,
3112 3485 3432 3555 ὀλιγόὸιος.›
3456 3491 3616 3546 Ἀλλά
3640 3497 3765 3560 τοὺς

2178 3570 2507 3642 συνδέσμους
2537 3573 2765 3643 φήσουσι
2803 3573 2914 3627 τῶν
2946 3575 3165 3646 ἀτόμων
3196 3577 3609 3648 διαλλάττοντας
3628 3624 3643 3649 ,
3679 3589 3765 3639 ai-

2173 3659 2321 3725 τίους
2347 3662 2591 3731 γίνεσθαι
2612 3663 2713 3733 τῆς
2740 3666 2869 3735 περὶ
2897 3666 2997 3738 τὴν
3016 3666 3275 3742 διαμονὴν
3300 3670 3598 3744 διαφθορᾶς
3626 3678 3761 3749 (26).

2174 3752 2257 3805 Τά
2288 3753 2388 3824 μὲν
2418 3752 2527 3826 γὰρ
2553 3755 2643 3808 ὑπ’
2672 3756 2854 3809 αὐτῶν
2883 3760 3276 3816 πεπυκνῶσθαι
3318 3765 3427 3842 καὶ.
3457 3772 3759 3840 κατεσφίγ-

2175 3843 2300 3914 χθαι
2324 3844 2564 3915 λέγεται,
2594 3846 2671 3911 ὡς
2700 3840 2873 3903 ταῦτα
2903 3851 3184 3918 παντελῶς
3225 3840 3645 3913 δυσαπάλλακτα
3670 3877 3765 3929 γε-

2174 3935 2387 4003 γονέναι
2423 3937 2708 4012 πιλήματα
2732 3957 2749 3974 ⁸
2784 3941 2855 3996 τά
2907 3943 2965 3997 δὲ
3008 3947 3330 4022 μανωτέραν
3380 3951 3474 4005 καὶ
3512 3951 3765 4023 χαλῶσαν

2175 4029 2272 4099 τὴν
2303 4030 2600 4101 συνάφειαν
2625 4033 2735 4087 τῶν
2761 4034 2980 4108 ἀτόμων
3007 4039 3095 4091 ἐπ’
3115 4038 3333 4095 ἔλαττον
3355 4042 3568 4115 ἢπλέον
3600 4047 3764 4117 ἐσχη-

2174 4123 2348 4186 κέναι,
2376 4124 2451 4188 ὡς
2484 4125 2518 4196 ἢ
2555 4124 2746 4181 θᾶττον
2774 4128 2807 4199 ἢ
2843 4129 2981 4201 μετά
3007 4132 3141 4185 πολὺ
3176 4137 3274 4206 τῆς
3299 4138 3627 4209 κοσμήσεως
3661 4139 3763 4192 αὐ-

2172 4214 2280 4268 τῶν
2309 4216 2662 4287 ἀφίστασθαι.
2689 4221 2797 4274 Καὶ
2826 4221 2894 4275 τὰ
2924 4224 3025 4295 μὲν
3047 4226 3113 4278 ὲκ
3144 4225 3368 4280 τοιῶνδε
3398 4223 3617 4283 καϊῶδέ
3645 4248 3763 4295 πως

2173 4306 2306 4379 ἔσχ-η
2317 4311 2684 4380 ματισμένων,
2706 4313 2781 4366 τὰ
2801 4314 2860 4368 δὲ
2894 4314 2952 4382 ἐξ
2977 4316 3179 4386 ἐτέρων
3202 4320 3457 4391 ὲτεροίως
3486 4321 3762 4395 διακειμέ-

2171 4417 2277 4454 νων
2302 4404 2701 4476 συμμεμίχοαι.
2734 4407 2831 4470 Τίς
2857 4403 2949 4461 οὖν
2979 4410 3008 4461 ό
3046 4409 3381 4482 φιλοκρίνων.
3422 4413 3534 4485 (27)
3557 4454 3571 4479 ,
3637 4434 3762 4470 συν-

2171 4490 2408 4563 αγείρων
2434 4510 2514 4559 τε,
2544 4497 2638 4548 καὶ
2655 4496 2920 4566 άναχέων,
2938 4498 3031 4552 καὶ
3052 4500 3216 4554 τάσδε
3245 4503 3343 4572 μὲν
3362 4503 3504 4559 οὕτω
3536 4508 3762 4562 συντάτ-

2171 4598 2278 4634 των
2308 4584 2387 4645 εἱς
2424 4583 2597 4653 ἥλιον,
2617 4584 2715 4647 τὰς
2744 4585 2800 4637 δὲ
2833 4585 2930 4638 ὡδὶ
2952 4625 2968 4650 ,
2989 4586 3075 4639 ἵνα
3107 4588 3140 4658 ἡ
3167 4586 3360 4661 σελήνη
3383 4591 3628 4663 γένηται,
3665 4596 3760 4649 καὶ

2171 4670 2377 4726 ἕκαστα
2405 4674 2700 4746 συμφέρων
2731 4674 2871 4727 κατά
2895 4675 2993 4745 τὴν
3021 4676 3329 4750 οἰκειότητα
3356 4681 3493 4750 πρὸς
3525 4683 3758 4737 ἑκάστου

482 4755 539 4812 id
570 4758 735 4813 etiam
762 4774 888 4815 cum
915 4761 1100 4831 aliquo
1128 4762 1443 4821 discrimine
1461 4809 1475 4833 ,
1508 4769 1742 4826 celerius
1774 4784 2062 4843 propterea

2176 4762 2332 4832 φύσιν
2359 4763 2623 4833 ἀστέρος;
2650 4762 2772 4818 οὔτε
2798 4764 2905 4836 γὰρ
2934 4768 2989 4818 αἱ
3020 4766 3244 4837 ἡλιακαὶ
3280 4770 3373 4823 καὶ
3399 4771 3633 4838 τοσαίδε,
3664 4775 3757 4828 καὶ

481 4851 568 4906 vel
596 4853 809 4908 tardius
831 4854 901 4910 ab
917 4869 1110 4910 earum
1137 4866 1337 4913 ornatu
1357 4862 1756 4934 complexuque
1770 4870 2060 4925 removeri.

2169 4854 2390 4918 τοιαίδε,
2427 4857 2521 4908 καὶ
2551 4849 2654 4909 ὧδέ
2689 4874 2807 4919 πως
2838 4856 3145 4923 ἑνωθεῖσαι,
3176 4859 3316 4930 πρὸς
3364 4861 3630 4931 ἐργασίαν
3671 4882 3760 4918 σε-

481 4942 768 5000 Postremo
802 4961 869 5001 ex
900 4949 1064 5005 certis
1097 4950 1426 5018 quibusdam
1461 4954 1590 5019 alia,
1624 4966 1885 5029 certoque
1901 4963 2065 5017 modo

2176 4951 2336 5022 λήνης
2360 4950 2425 5004 ἂν
2451 4949 2922 5019 καταϐεϐήκεσαν,
2957 4949 3068 5003 οὔτ’
3114 4951 3181 5006 ἂν
3225 4955 3281 5008 αἱ
3335 4955 3446 5009 τῶν
3504 4957 3757 5030 σεληνια-

482 5037 764 5108 ﬁguratis,
798 5040 904 5095 alia
938 5057 1006 5095 ex
1040 5043 1165 5097 aliis
1199 5059 1263 5098 ac
1290 5059 1413 5100 sese
1436 5045 1595 5102 aliter
1619 5048 1950 5107 habentibus
1985 5067 2069 5110 es—

2169 5041 2280 5095 κῶν
2310 5041 2529 5112 ἀτόμων
2564 5042 2862 5097 πλεκτάναι
2897 5044 3194 5113 γεγόνεσάν
3234 5065 3365 5101 ποτε
3412 5049 3592 5120 ἥλιος·
3639 5051 3756 5105 ἀλλ’

480 5146 542 5186 se
569 5133 885 5191 commista.
919 5132 1024 5191 Sed
1042 5178 1057 5203 ,
1087 5137 1212 5206 quis
1237 5138 1328 5194 ille
1353 5154 1518 5209 porro
1538 5139 1879 5199 diversarum
1906 5144 2066 5214 quasi

2176 5133 2287 5187 οὐδὲ
2328 5133 2672 5206 Ἀρκτοῦρος,
2701 5136 2751 5187 εἰ
2784 5136 2879 5188 καὶ
2915 5135 3170 5210 λαμπρός
3199 5138 3338 5203 ἐστι,
3396 5140 3494 5204 τὰς
3540 5142 3754 5212 ἑωσφό-

480 5223 721 5281 tribuum
747 5225 915 5296 judex
935 5269 952 5296 ,
983 5228 1121 5284 alias
1146 5231 1327 5301 cogit,
1354 5230 1584 5302 dissipat
1607 5233 1784 5289 alias?
1806 5234 1933 5305 quis
1965 5251 2061 5292 eas

444 5315 820 5380 ,sicinterse
870 5322 1200 5387 committit,
1244 5334 1303 5377 ut
1355 5324 1482 5379 inde
1524 5324 1690 5380 modo
1735 5326 1849 5391 sol,
1899 5327 2063 5383 modo

482 5401 610 5456 luna
637 5405 1036 5477 oriatur?quis
1090 5408 1328 5479 denique
1384 5410 1726 5480 singularum
1780 5411 2063 5467 stellarum

480 5495 723 5561 naturis,
745 5511 877 5567 quae.
891 5499 1202 5571 quibusque
1227 5502 1450 5573 propria
1476 5512 1607 5559 sunt
1627 5504 1922 5577 nativaque
1938 5520 2066 5563 con-

558 5601 573 5632 ¹
599 5599 701 5657 Job
724 5619 838 5669 xw,
869 5606 921 5659 1.

554 5715 666 5796 (ῼὸ)
700 5719 776 5796 ’Ἡ
810 5718 918 5774 τὸν
936 5719 1147 5791 μέγαν.
1180 5720 1302 5778 llam
1341 5739 1464 5780 cum
1509 5726 1886 5796 superioribus
1927 5743 2060 5786 con-

481 5788 591 5845 texi
627 5786 845 5843 debent.

2171 5242 2265 5297 ρου
2322 5224 2857 5297 μεγαλοφρονήσαιτό
2898 5245 3027 5281 ποτε
3051 5227 3117 5282 ἂν
3153 5229 3391 5301 ἀτόμους
3418 5231 3585 5303 ἔχειν,
3632 5234 3757 5288 οὐδὲ

2169 5318 2268 5381 τὰς
2311 5318 2564 5390 Ὠρίωνος
2589 5320 2645 5373 αἱ
2678 5319 2954 5385 Πλειάδες.
2984 5323 3181 5386 Καλῶς
3204 5322 3313 5394 γὰρ
3344 5326 3372 5377 ὁ
3423 5324 3637 5391 Παῦλος
3665 5327 3749 5380 δι-

2172 5413 2430 5478 ἑστειλεν,
2454 5411 2624 5466 εἰπών
2644 5429 2657 5443 ·
2695 5432 2715 5464 ε
2754 5413 2922 5486 ’Δλσλη
2955 5413 3085 5481 δόξα
3119 5414 3294 5488 ἡλίου,
3337 5416 3433 5471 καὶ
3463 5417 3597 5489 άλλη
3629 5418 3755 5484 δόξα

2175 5502 2426 5577 σελήνης,
2454 5506 2546 5558 καὶ
2565 5503 2697 5575 ἄλλη
2731 5504 2860 5573 δόξα
2883 5506 3150 5578 ἀστέρων.
3205 5508 3404 5581 Ἀστὴρ
3457 5509 3566 5583 γὰρ
3596 5510 3758 5566 ἀπτέι

2240 5726 2350 5791 (26)
2394 5723 2553 5797 Eorlc
2591 5724 2871 5797 διαφορᾶς.

2241 5797 2352 5868 (τῇ)
2395 5794 2556 5853 Forte
2595 5794 2953 5867 φυλοκρίνων.
