4144 6420
415 324 551 377 1277

1574 338 1895 394 ΡΒᾸΞΡΑΒ.
1940 340 2187 397 EVA‘NG.
2232 344 2360 401 LIB.
2401 346 2539 405 XIV.

3534 354 3670 408 1278

416 442 796 539 ρος-διαφέρει
822 449 905 539 ,ἑν
938 450 1085 522 δόξῃ.
1125 472 1144 503 ι
1195 455 1304 508 Καὶ
1349 457 1398 509 εί
1448 458 1545 527 μὲν
1596 458 1985 530 ἀνεπαίσθητος

2097 464 2467 522 lribuiUNec
2521 469 2666 524 enim
2728 467 3004 539 profecto,
3056 476 3151 522 aut
3198 469 3407 525 solares
3456 469 3559 525 illae
3592 480 3672 526 tot

414 533 593 587 αὐτῶν
616 534 694 600 ὡς
724 537 948 610 ἀψύχων
979 544 1012 614 ὴ
1046 543 1324 616 σύμπηξις
1352 548 1588 615 ἐγένετο,
1630 550 1992 620 ἐπιστήμονος

412 625 605 689 αὐταῖς
635 626 742 682 ἔδει
767 630 1103 705 δημιουργοῦ
1125 654 1137 666 ο
1167 638 1216 690 εί
1243 637 1300 691 δὲ
1346 640 1707 712 ἀπροαίρετος
1740 643 1833 695 καὶ
1872 644 1991 696 κατ’

412 714 681 788 ἀνάγκην,
708 718 784 784 ὡς
814 721 1059 792 ἀλόγων,
1094 729 1127 798 ή
1177 727 1460 800 σύνερξις,
1497 731 1658 800 σοφός
1695 749 1780 795 τις
1824 733 1994 799 αύτάς

410 808 723 882 ἀγελάρχης
759 815 1100 872 συνελαύνων
1132 822 1535 892 ἑπεστάτησεν·
1567 825 1616 875 εὶ
1645 823 1703 877 δὲ
1731 825 1994 891 ἑκουσίως

409 898 804 973 ἑθελουργῆσαι
830 908 1279 977 συγκέκλεινται,
1336 913 1639 985 Θαυμάσιός
1688 933 1772 979 τις
1813 917 1992 970 αὐτῶν

407 992 745 1064 ἀρχιτέκτων
773 1002 1071 1071 ἑργοδοτῶν
1096 1007 1451 1076 προηγήσατο
1474 1024 1487 1038 ·
1528 1008 1561 1079 ἢ
1607 1009 1858 1081 καθάπερ
1905 1009 1992 1064 εὕ-

408 1099 606 1150 τακτος
641 1092 942 1161 στρατηγὸς
963 1095 1024 1147 οὐ
1054 1098 1555 1169 συγκεχωρημένην
1582 1100 1693 1169 (28)
1720 1100 1870 1154 εἴασε
1894 1102 1993 1172 τὴν

414 1181 692 1252 στρατιὰν,
727 1187 818 1240 καὶ
847 1188 1025 1243 πάντα
1057 1190 1280 1261 ἀναμὶξ,
1321 1192 1436 1245 ἀλλ’
1483 1196 1541 1246 ἑν
1577 1194 1734 1266 μέρει
1763 1194 1862 1266 μὲν
1894 1196 1993 1267 τὴν

413 1270 599 1337 ἵππον,
638 1275 745 1348 ἰδίᾳ
766 1279 824 1331 δὲ
854 1280 979 1343 τοὺς
1004 1280 1257 1346 ὁπλίτας,
1289 1283 1416 1347 τούς
1447 1302 1506 1338 τε
1521 1286 1842 1350 ἀκοντιστὰς
1869 1286 1991 1340 καθ’

410 1366 656 1433 ἑαυτοὺς,
692 1372 785 1424 καὶ
808 1375 977 1445 χωρὶς
1001 1376 1128 1439 τοὺς
1159 1376 1399 1441 τοξότας,
1433 1380 1527 1432 καὶ
1557 1380 1683 1442 τοὺς
1716 1381 1991 1449 σφενδονί-

408 1474 528 1523 τας,
558 1459 686 1515 ἔνθα
713 1463 883 1535 ἑχρῆν
912 1465 1213 1533 διετάξατο,
1239 1468 1327 1522 ἴνα
1350 1469 1600 1541 ἀλλήλοις
1627 1472 1676 1524 oi
1700 1472 1990 1542 ὁμόσκευοι

411 1558 766 1624 συμμαχοῖεν.
788 1558 917 1611 Eme
930 1558 1090 1612 τοῦτο
1112 1560 1309 1631 χλεύην
1326 1563 1527 1617 οἴονται
1556 1564 1616 1617 τὸ
1640 1565 1991 1636 παράδειγμα

408 1639 495 1694 διὰ
511 1641 570 1694 τὸ
586 1644 837 1713 μεγάλων
853 1649 1118 1719 σωμάτων
1135 1667 1202 1720 με
1216 1650 1352 1721 πρὸς
1368 1652 1435 1706 τά
1448 1653 1707 1724 ἐλάχιστα
1723 1656 1991 1709 ποιεῖσθαι

412 1732 721 1806 σύγκρισιν,
753 1739 847 1792 ἐπὶ
868 1739 936 1793 τά
974 1742 1313 1814 σμικρότατα
1351 1746 1793 1817 μεταϐησόμεθα.
1818 1767 1837 1797 ι
1859 1744 1992 1802 Εἶτα

2094 568 2256 625 atque
2281 558 2447 624 tales,
2475 575 2651 630 eoque
2679 562 2986 631 conjunctae
3009 560 3174 615 modo
3198 600 3213 624 ,
3261 562 3326 614 ad
3371 561 3515 614 lunai
3545 576 3672 631 pro-

2093 652 2426 707 creationem
2450 664 2871 718 concurrerent,
2906 663 3001 709 aut
3032 654 3306 708 lunarium
3363 665 3670 709 atomorum

2097 758 2271 797 nexus
2302 743 2471 799 solem
2498 761 2739 815 unquam
2772 745 3066 801 edicerent.
3107 745 3273 816 776
3309 744 3386 800 Ita
3421 761 3523 801 nec
3568 745 3674 799 Ar-

2093 844 2287 889 cturus
2313 876 2328 901 ,
2355 836 2571 891 tametsi
2598 836 2955 906 perillustris,
2998 851 3074 890 ex
3104 850 3316 891 aurorae
3335 877 3349 901 ,
3380 851 3481 891 nec
3510 836 3670 890 Orio-

2097 925 2183 980 nis
2213 940 2280 981 ex
2313 929 2513 982 atomis
2548 928 2813 984 conﬂatas
2868 944 2927 983 se
2968 928 3216 985 Pleiades
3264 943 3508 999 unquam
3557 928 3674 997 glo—

2097 1018 2327 1072 rientur.
2360 1017 2626 1073 Praeclare
2653 1020 2799 1074 enim
2829 1018 3032 1075 Paulus
3066 1022 3142 1076 ita
3169 1021 3438 1087 distinxit,
3468 1039 3488 1072 ι
3528 1020 3672 1085 Alia,

2096 1110 2309 1179 inquit,
2345 1110 2567 1165 claritas
2593 1111 2761 1177 solis,
2785 1119 2838 1165 et
2864 1112 2969 1166 alia
3001 1112 3225 1168 claritas
3261 1114 3437 1174 lunae,
3475 1120 3530 1166 et
3567 1111 3675 1165 alia

2092 1199 2315 1254 claritas
2349 1200 2671 1265 stellarum;
2731 1200 2887 1255 stella
2926 1202 3070 1255 enim
3106 1217 3137 1255 a
3172 1202 3327 1256 stella
3382 1199 3565 1255 diﬂert
3619 1200 3675 1255 in

2094 1290 2268 1358 gloria
2302 1290 2342 1343 ‘-.
2384 1309 2402 1341 ι
2441 1288 2724 1356 Profecto,
2749 1292 2795 1346 si
2821 1306 3009 1347 earum
3037 1304 3298 1363 tanquam
3340 1293 3671 1348 inanimata-

2095 1398 2218 1437 rum
2250 1384 2651 1453 coagmentatio
2685 1399 2849 1439 sensu
2884 1385 3033 1439 omni
3064 1386 3278 1452 caruit,
3315 1384 3588 1440 industrio
3610 1398 3678 1439 ac

2093 1476 2270 1546 perito
2296 1478 2504 1532 artilice
2531 1491 2673 1547 opus
2728 1480 2965 1535 habuere
2997 1498 3012 1533 :
3045 1481 3091 1534 si
3143 1489 3404 1549 tanquam
3448 1476 3677 1533 rationis

2094 1566 2400 1637 expertium
2423 1608 2438 1635 ,
2480 1582 2651 1623 vacua
2674 1570 2927 1634 consilii,
2962 1571 3343 1624 nedessitatem
3374 1577 3458 1624 est
3488 1576 3677 1624 secuta

2094 1657 2442 1726 conjunctio,
2472 1658 2734 1728 sapientis
2762 1660 2989 1713 omnino
3029 1660 3266 1729 pastoris
3293 1672 3459 1712 manu
3490 1657 3674 1712 locum

2096 1749 2149 1801 in
2176 1763 2344 1802 unum
2361 1748 2613 1819 compelli
2636 1749 2873 1804 debuere
2901 1769 2915 1804 :
2944 1751 2990 1805 si
3014 1750 3250 1820 denique
3278 1757 3471 1819 suapte
3483 1757 3676 1817 sponte

408 1824 618 1891 τούτοις
634 1828 760 1901 ἑξῆς
776 1831 1034 1901 ἐπιλέγει.
1062 1853 1080 1886 ι
1102 1836 1165 1887 Ei
1184 1835 1240 1889 δὲ
1259 1838 1394 1908 μήτε
1414 1837 1582 1904 λέξις,
1617 1841 1751 1911 μήτε
1768 1840 1985 1912 ἐκλογὴν

2095 1840 2468 1894 voluntarium
2491 1841 2558 1895 ad
2581 1856 2720 1907 opus
2749 1856 3056 1897 convenere
3075 1883 3090 1908 ,
3133 1840 3474 1896 admirabilis
3516 1843 3676 1909 plane

411 1919 549 1989 μήτε
564 1920 714 1987 τάξις
729 1923 918 1986 αὐταῖς
933 1925 1189 1997 ἄρχοντος
1207 1929 1499 1995 ἑπικέοιτο,
1518 1930 1676 1983 αὐταὶ
1694 1931 1752 1985 δὲ
1768 1934 1849 2001 ἐφ’
1867 1933 1962 1985 ἑαυ
1973 1958 1993 1972 -

406 2010 517 2067 τῶν
533 2013 702 2078 αύτάς
725 2016 788 2069 ἑκ
812 2017 911 2088 τῆς
925 2018 1127 2090 πολλῆς
1143 2020 1282 2075 κατά
1298 2021 1453 2092 ῥύσιν
1466 2022 1672 2095 τύρϐης
1690 2023 1992 2077 διευθύνου-

408 2120 520 2167 σαι,
553 2108 648 2160 καὶ
688 2107 779 2162 τὸν
837 2111 1005 2166 πολὺν
1055 2112 1165 2165 τῶν
1197 2113 1572 2183 συμπτώσεων
1622 2115 1989 2187 διεκπερῶσαι

408 2196 663 2269 κυδοιμὸν
692 2241 706 2265 ,
740 2203 796 2255 ai
830 2204 1013 2274 ὅμοιαι
1048 2206 1185 2278 πρὸς
1214 2206 1315 2272 τὰς
1362 2209 1553 2279 ὁμοίας
1589 2208 1689 2278 οὐχ
1745 2208 1850 2261 ὑπὸ
1896 2207 1989 2261 τοῦ

402 2289 562 2354 Θεοῦ,
595 2293 734 2348 κατὰ
762 2297 854 2351 τὸν
888 2298 1136 2371 ποιητὴν,
1169 2302 1406 2370 ἄγοιντο,
1438 2302 1784 2374 συντρέχοιεν
1803 2302 1861 2355 δὲ
1897 2303 1991 2355 καὶ

407 2391 872 2458 συναγελάζοιντο,
904 2397 1265 2466 γνωρίζουσαι
1287 2398 1388 2461 τὰς
1421 2402 1701 2467 συγγενεῖς
1726 2416 1741 2429 ·
1773 2397 1989 2469 θαυμα-

404 2483 505 2552 στή
537 2499 600 2551 γε
625 2484 733 2536 τῶν
766 2486 985 2556 ἀτόμων
1012 2491 1044 2558 ἡ
1086 2489 1430 2560 δημοκρατία
1454 2532 1470 2557 ,
1520 2490 1879 2562 δεξιουμένων
1929 2510 1988 2545 τε

402 2574 636 2648 ἀλλήλας
662 2574 771 2629 τῶν
798 2578 966 2646 φίλων
1000 2581 1092 2632 καὶ
1126 2582 1625 2653 περιπλεκομένων,
1662 2586 1742 2647 είς
1775 2586 1902 2655 μίαν
1928 2604 1989 2639 τε

404 2668 781 2738 κατασκηνοῦν
832 2671 1107 2724 συνοικίαν
1149 2674 1558 2744 ἐπειγομένωνο
1603 2677 1837 2731 καὶτῶν
1888 2679 1987 2749 μὲν

401 2761 945 2833 ἀποτετορνευμένων
992 2766 1314 2836 αὐτομάτως
1374 2769 1455 2831 είς
1516 2768 1666 2840 ἥλιον
1724 2771 1988 2842 φωστῆρα

405 2853 599 2925 μέγαν,
625 2855 710 2909 ἵνα
743 2858 1009 2927 ποιήσωσι
1036 2858 1136 2930 τὴν
1162 2860 1374 2931 ἡμέραν
1400 2863 1431 2889 ·“
1448 2860 1558 2913 τῶν
1585 2862 1640 2914 δὲ
1672 2864 1751 2927 εἰς
1786 2863 1987 2927 πολλὰς

402 2945 534 3011 ἴσως
561 2948 870 3019 πυραμίδας
906 2948 1151 3022 ἀστέρων
1183 2952 1717 3023 ἀναπεφλεγμένων,
1750 2955 1839 3007 ἴνα
1894 2957 1986 3009 καὶ

400 3039 523 3094 ὅλον
569 3040 960 3111 στεφανώσωσι
994 3042 1084 3097 τὸν
1112 3043 1372 3115 οὐρανόν·
1414 3045 1520 3098 τῶν
1568 3045 1624 3097 δὲ
1645 3085 1659 3108 ,
1696 3064 1985 3118 περιτετα-

2090 1934 2424 1990 architectus
2450 1974 2465 2000 ,
2501 1950 2839 2006 operumque
2872 1952 3095 2005 praeses,
3136 1951 3299 1991 suum
3331 1935 3532 2004 cuique
3547 1949 3671 1987 mu-

2091 2040 2196 2079 nus
2226 2041 2566 2095 pensnmque
2591 2028 2883 2097 descripsit
2918 2047 2930 2082 :
2966 2038 3062 2083 aut
3103 2027 3565 2097 quemadmodum
3593 2040 3675 2078 or-

2091 2114 2237 2169 diuis
2289 2130 2483 2171 amans
2512 2117 2841 2187 imperator,
2897 2134 3006 2171 non
3041 2118 3421 2187 perturbatum
3458 2115 3680 2185 reliquit

2091 2206 2429 2272 exercitum,
2485 2224 2592 2264 non
2629 2210 2948 2279 permisceri
2990 2211 3175 2264 omnia
3224 2225 3423 2279 passus
3473 2218 3587 2275 est,
3623 2217 3681 2263 at

2092 2301 2212 2353 loco
2240 2315 2341 2355 suo
2364 2302 2603 2371 equitem
2629 2341 2644 2368 ,
2672 2304 3020 2374 peditemque
3050 2319 3152 2359 suo
3177 2304 3485 2375 disposuit,
3526 2304 3680 2375 jacu-

2091 2393 2293 2447 latores
2323 2392 2451 2448 item
2483 2395 2738 2456 seorsim,
2760 2396 3104 2466 seorsimque
3130 2395 3477 2466 sagittarios,
3511 2404 3678 2466 atque

2093 2482 2183 2535 ubi
2214 2496 2311 2551 par
2339 2490 2458 2537 erat
2484 2481 2890 2540 fundibularios
2919 2486 3242 2551 collocavit,
3274 2492 3334 2538 ut
3360 2484 3559 2539 similis
3590 2500 3677 2538 ar-

2092 2582 2322 2629 maturae
2351 2575 2554 2631 milites
2584 2576 2750 2630 simul
2779 2577 2947 2632 etiam
2977 2592 3170 2632 omnes
3201 2578 3548 2632 dimicarent.
3569 2576 3676 2642 Qui

2090 2666 2135 2720 si
2166 2666 2457 2721 ridiculum
2488 2667 2593 2720 hoc
2618 2668 2852 2737 exempli
2890 2682 3063 2737 genus
3099 2683 3226 2723 esse
3257 2668 3476 2731 dicent,
3528 2668 3676 2736 quod

2091 2773 2417 2829 magnorum
2468 2771 2760 2827 corporum
2792 2774 2918 2814 cum
2974 2759 3215 2814 minimis
3268 2759 3674 2814 contentionem

2092 2852 2371 2908 instituam
2394 2892 2410 2917 ,
2442 2852 2509 2906 ad
2535 2853 2761 2906 minima
2791 2852 3092 2908 veniemus.
3125 2871 3142 2902 ι
3169 2849 3295 2905 llaec
3320 2851 3433 2907 ille.
3461 2849 3676 2916 Quibus

2088 2945 2284 3000 deinde
2310 2959 2433 3015 quae
2488 2949 2795 3012 sequuntur
2827 2942 3074 3012 adjungit
3105 2961 3118 2996 :
3168 2960 3187 2991 σ
3216 2941 3374 3007 Quod
3405 2944 3451 2995 si
3480 2939 3674 3006 ducis,

2090 3037 2306 3108 inquit,
2330 3051 2506 3106 neque
2531 3050 2731 3090 nomen
2752 3074 2768 3099 ,
2802 3049 2983 3106 neque
3005 3034 3251 3089 delectus
3270 3074 3286 3097 ,
3327 3048 3506 3104 neque
3553 3033 3668 3090 col-

398 3134 618 3204 γμένων
641 3134 727 3187 ἵνα
758 3134 921 3187 αὐτὸν
948 3137 1068 3207 εἰκῇ
1115 3134 1456 3206 στερεὼσωσι
1486 3139 1579 3191 καὶ
1613 3138 1983 3208 καμαρώσωσι

2091 3128 2292 3184 locatio
2316 3128 2371 3182 in
2416 3142 2608 3181 earum
2660 3142 2783 3182 sese
2844 3126 3275 3181 moderationem
3316 3124 3584 3195 ingessit:
3617 3134 3676 3179 at

396 3225 490 3279 τὸν
514 3225 707 3298 αἰθέρα
735 3227 814 3289 είς
833 3226 930 3298 τὴν
952 3226 1060 3281 τῶν
1094 3228 1396 3299 φωστήρων
1428 3228 1730 3301 ἐπιϐάθραν
1750 3271 1764 3295 ,
1801 3231 1981 3284 ἐπιλέ-

398 3319 597 3385 ξωνταί
621 3337 680 3373 τε
710 3322 932 3385 ἑαυταῖς
963 3323 1019 3374 αἱ
1051 3323 1425 3392 συνομολογίαι
1464 3323 1572 3377 τῶν
1598 3325 1832 3395 χυδαίων
1856 3326 1981 3378 ἀτό-

402 3429 519 3483 μων
546 3413 733 3483 μονάς,
770 3414 865 3467 καὶ
888 3413 1369 3486 διακληρώσωνται
1396 3416 1488 3469 τὸν
1524 3417 1751 3488 οὐρανὸν
1794 3420 1874 3481 εἰς
1906 3419 1982 3471 οῖ-

398 3521 528 3568 κους
560 3506 775 3569 ἑαυταῖς
803 3507 899 3559 καὶ
923 3506 1222 3577 σταθμούς.
1259 3526 1277 3557 ι
1300 3507 1433 3562 Εἶτα
1460 3509 1577 3579 μεθ’
1601 3509 1764 3581 ἕτερά
1795 3525 1978 3580 φησιν·

402 3616 423 3647 ι
467 3598 606 3652 Ἀλλ’
633 3598 754 3652 οὐδὲ
786 3598 853 3651 τά
884 3598 1095 3670 φανερά
1122 3600 1320 3671 ὁρῶσιν
1347 3600 1502 3653 αὐτοὶ
1542 3602 1593 3653 οἱ
1632 3602 1980 3673 ἀπρονόητοι,

396 3688 595 3742 πολλοῦ
630 3706 694 3759 γε
722 3689 900 3743 δέουσι
945 3692 1174 3762 συνορᾷν
1220 3691 1312 3744 xal.
1365 3690 1435 3744 τά
1494 3691 1695 3766 ἀφανῆ.
1741 3692 1983 3745 Ἐοίκασι

397 3780 507 3853 γάρ
536 3781 668 3853 μηδὲ
698 3782 962 3845 ἀνατολὰς
995 3781 1323 3835 ὑποπτεύειν
1355 3782 1728 3853 τεταγμένας,
1762 3775 1856 3835 καὶ
1892 3781 1983 3835 δύ-

399 3891 535 3941 σεις,
597 3874 735 3947 μήτε
787 3873 896 3927 τῶν
943 3873 1142 3937 ἄλλων,
1183 3875 1318 3945 μήτε
1373 3873 1472 3937 τάς
1530 3874 1983 3945 ἑκπρεπεστάτας

398 3966 586 4038 ἡλίου·
634 3965 769 4037 μηδὲ
811 3964 1046 4037 χρῆσθαι
1094 3968 1213 4029 ταῖς
1246 3965 1311 4017 δι’
1349 3964 1531 4019 αὐτῶν
1578 3965 1984 4037 δεδωρημέναις

396 4057 705 4129 ἀνθρώποις
721 4058 1087 4129 ἐπικουρίαις,
1112 4057 1461 4130 ἀναπτομένῃ
1490 4058 1589 4128 μὲν
1612 4060 1693 4121 είς
1716 4060 1981 4130 ἐργασίαν

395 4152 600 4224 ἡμέρα,
652 4150 1073 4224 ἑπηλυγαζούσῃ
1130 4152 1188 4205 δὲ
1245 4153 1403 4205 νυκτὶ
1454 4152 1590 4223 πρὸς
1637 4153 1977 4208 ἀνάπαυλαν.

403 4263 423 4297 ι
471 4245 840 4312 Ἐξελεύσεται
878 4244 986 4315 γάρ
1016 4243 1321 4314 ἄνθρωπος,
1377 4246 1560 4313 φησὶν,
1619 4244 1712 4297 ἐπὶ
1779 4244 1840 4297 τὸ
1893 4244 1984 4317 ἔρ-

366 4374 371 4377 -
396 4355 493 4408 γον
512 4338 699 4399 αὑτοῦ,
714 4338 807 4391 καὶ
826 4338 919 4390 ἐπὶ
942 4336 1040 4408 τὴν
1056 4337 1317 4409 ἐργασίαν
1343 4335 1507 4389 αὑτοῦ
1554 4336 1660 4399 ἕως
1684 4336 1942 4408 ἑσπέρας.
1958 4356 1977 4388 ι

408 4430 548 4485 Ἀλλ’
576 4430 695 4483 οὐδὲ
722 4430 821 4501 τὴν
850 4430 1041 4501 ἑτέραν
1065 4428 1456 4483 ἐπισκοποῦσιν
1478 4427 1848 4500 ἀνακύκλησιν
1880 4430 1980 4483 αύ-

2093 3222 2340 3292 ipsaamet
2384 3228 2581 3291 suopte
2608 3220 2839 3275 arbitrio
2862 3259 2878 3284 ,
2916 3219 3207 3275 ex'multa
3258 3233 3380 3274 sese
3424 3218 3673 3273 continui

2085 3312 2268 3367 ﬂuxus
2326 3310 2487 3366 turba
2570 3310 2888 3380 colligentes
2926 3352 2943 3377 ,
3026 3322 3336 3380 magnoque
3392 3308 3674 3364 variarum

2086 3404 2537 3459 commissionum
2569 3404 2805 3459 tumultu
2832 3402 3135 3467 declinato,
3193 3401 3403 3457 similes
3429 3416 3554 3457 eum
3596 3402 3674 3455 si-

2087 3493 2309 3549 milibus
2336 3492 2412 3548 ita
2445 3493 2848 3559 convenerint,
2885 3502 2947 3547 ut
2977 3504 3159 3547 tamen
3191 3507 3303 3547 non
3346 3492 3517 3547 divini
3559 3489 3677 3546 Nu-

2087 3586 2251 3639 minis
2287 3585 2513 3640 ductum
2536 3625 2551 3651 ,
2590 3584 3055 3655 quemadmodum
3082 3592 3240 3654 poeta
3275 3582 3461 3654 tingit,
3508 3598 3673 3638 secu-

2086 3685 2154 3732 ta:
2182 3679 2293 3732 sint
2322 3694 2338 3744 ;
2374 3676 2471 3731 sed
2523 3678 2741 3746 potius,
2777 3691 2904 3730 cum
2953 3683 3074 3731 sese
3122 3674 3308 3730 afﬁnes
3356 3684 3549 3729 mutuo
3577 3689 3674 3729 co-

2085 3778 2373 3840 gnatasque
2405 3778 2662 3835 nossent,
2696 3768 2753 3823 in
2779 3783 2948 3822 unum
2980 3767 3141 3837 quasi
3199 3782 3416 3837 gregem
3466 3765 3675 3822 conﬂu-

2086 3863 2266 3917 xerint
2301 3880 2315 3916 :
2359 3876 2444 3916 nae
2475 3861 2820 3916 admirabilis
2844 3859 2962 3915 haec
2988 3870 3299 3914 atomorum
3334 3857 3673 3913 democratia

2084 3967 2202 4025 est;
2232 3956 2323 4012 ubi
2357 3956 2548 4011 amicae
2606 3957 2815 4010 amicas
2875 3953 3179 4023 excipiant,
3230 3960 3394 4021 atque
3431 3951 3674 4019 comple-

2084 4057 2330 4111 ctantur,
2368 4048 2552 4117 itaque
2583 4062 2753 4101 unum
2790 4047 2843 4099 in
2874 4044 3213 4099 domicilium
3235 4040 3524 4097 convolent
3545 4042 3672 4095 uni-

2084 4156 2275 4196 versae.
2311 4138 2452 4193 Tum
2473 4148 2636 4193 certae
2663 4137 2909 4205 quaedam
2939 4136 3107 4200 ultro,
3126 4135 3180 4187 in
3198 4133 3671 4203 solem,magnum

2087 4232 2219 4287 illud
2249 4232 2432 4298 sidus,
2464 4231 2702 4301 quodam
2739 4229 2899 4299 quasi
2945 4237 3108 4283 torno
3160 4226 3562 4291 rotundentur,
3610 4234 3671 4279 ut

2084 4322 2228 4376 diem
2252 4318 2488 4376 eiliciant
2535 4336 2549 4373 :
2602 4319 2761 4381 aliae,
2800 4333 2912 4387 quo
2948 4316 3149 4371 malum
3198 4315 3470 4385 integrum
3510 4328 3670 4371 coro-

2087 4420 2239 4477 nent,
2264 4412 2320 4465 in
2345 4410 2611 4480 plurimas
2639 4408 2891 4464 fortassis
2924 4407 3233 4463 ardentium
3258 4406 3540 4462 stellarum
3569 4422 3669 4476 py-

396 4522 493 4577 τοῦ
518 4565 533 4590 ,
568 4523 689 4576 καθ’
724 4523 789 4593 ἣν
821 4521 1134 4593 ὡρισμένας
1185 4520 1354 4592 ὥρας,
1401 4522 1497 4574 καὶ
1541 4522 1767 4593 καιροὺς
1797 4521 1981 4574 εὐκαί-

2088 4502 2323 4557 ramides
2356 4501 2658 4573 ﬁgurentur
2695 4517 2710 4554 :
2741 4499 2884 4563 alite,
2920 4498 2976 4554 in
3006 4499 3195 4554 orbem
3226 4497 3470 4569 digestae,
3500 4497 3669 4552 firmi—

398 4631 547 4687 ρους,
581 4616 675 4668 καὶ
708 4614 914 4685 τροπὰς
948 4614 1403 4687 ἀπαρατρέπτους
1424 4613 1697 4677 ἀποτελεῖ,
1734 4613 1841 4666 ὑπὸ
1870 4613 1982 4667 τῶν

366 4704 456 4773 ,ἑξ
484 4699 558 4759 ὧν
593 4708 742 4759 ἐστιν
766 4708 986 4776 ἀτόμων
1010 4705 1371 4776 ὁδηγούμενος
1440 4704 1598 4759 ’Λλλά
1626 4704 1730 4759 κᾶν
1785 4704 1860 4776 μὴ
1895 4704 1983 4758 θέ-

394 4797 562 4851 λωσιν
594 4800 645 4851 οἱ
691 4798 937 4860 δείλαιοι,
967 4796 1043 4861 ὡς
1069 4798 1112 4851 δ’
1140 4793 1233 4850 οὖν
1263 4797 1610 4851 πιστεύουσιν
1661 4799 1712 4850 οἱ
1763 4797 1978 4859 δίκαιοι,

370 4889 573 4963 ¹μέγας
596 4890 801 4961 Κύριος
832 4889 861 4941 ὁ
902 4891 1133 4961 ποιήσας
1154 4888 1340 4955 αὑτὸν,
1375 4889 1471 4942 καὶ
1500 4890 1557 4941 ὲν
1600 4888 1780 4957 λόγοις
1814 4887 1980 4943 αὑτοῦ

393 4982 733 5037 κατέσπευσε
769 4982 1019 5054 πορείαν.
1050 4983 1276 5053 ’Δτομοι
1299 4982 1405 5054 γὰρ
1436 4982 1564 5051 ὑμῖν
1600 4980 1848 5051 χειμῶνα
1879 4979 1978 5050 φέ-

396 5093 598 5148 ρουσιν,
626 5069 672 5130 ὦ
700 5074 910 5144 τυφλοὶ,
946 5076 1037 5128 καὶ
1062 5074 1272 5137 ὑετοὺς,
1303 5074 1391 5128 ἴνα
1415 5077 1448 5145 ἡ
1490 5073 1559 5145 γῆ
1602 5071 1806 5144 τροφὰς
1852 5072 1980 5143 ὑμῖν

389 5183 452 5219 τε
483 5166 578 5221 καὶ
604 5167 738 5220 πᾶσι
770 5169 883 5228 τοῖς
903 5165 990 5219 ἐπ’
1020 5165 1202 5228 αὐτοῖς
1242 5162 1402 5228 ζώοις
1430 5165 1530 5233 ἁνῇ
1555 5180 1565 5190 ·
1594 5162 1752 5234 θέρος
1793 5179 1852 5215 τε
1883 5163 1981 5215 ἐπ-

391 5259 637 5328 άγουσιν,
666 5259 754 5312 ἵνα
781 5259 1016 5321 καὶτοὺς
1039 5257 1148 5310 ἀπὸ
1164 5257 1393 5327 δένδρων
1409 5258 1489 5320 εἰς
1505 5256 1712 5327 τρυφὴν
1731 5255 1978 5326 καρποὺς

390 5350 612 5421 λάϐητε.
648 5351 759 5404 Καὶ
789 5350 879 5404 διὰ
912 5350 964 5404 τί
991 5349 1066 5421 μὴ
1092 5351 1213 5413 ταῖς
1250 5349 1474 5420 ἀτόμοις
1499 5350 1857 5421 προσκυνεῖτε
1884 5346 1979 5400 καὶ

394 5442 553 5497 θύετε
583 5445 706 5506 ταῖς
739 5443 1111 5513 ἑπικάρποις;
1159 5441 1470 5513 Ἀχάριστοί
1493 5457 1556 5509 γε
1578 5481 1592 5505 ,
1632 5439 1766 5511 μηδὲ
1807 5440 1981 5511 ἀπαρ-

394 5535 497 5607 χάς
530 5536 723 5598 αὐταῖς
748 5533 935 5603 ὀλίγας
966 5532 1077 5587 τῶν
1101 5532 1311 5587 πολλῶν
1342 5531 1588 5603 δωρεῶνξ
1622 5531 1689 5597 ἀς
1720 5531 1850 5600 παρ’
1877 5532 1977 5585 αὑ-

390 5626 503 5681 τῶν
527 5626 700 5696 ἔχετε,
737 5624 1109 5695 ἀφιεροῦντες.
1145 5644 1163 5676 ι
1204 5625 1314 5679 Καὶ
1356 5623 1493 5696 μετά
1526 5622 1733 5695 βραχέα
1773 5621 1937 5695 φησιν
1960 5639 1971 5653 ’

471 5717 486 5747 ι
524 5713 696 5769 lCor.
727 5730 833 5776 xv,
872 5715 962 5768 4|.

467 5804 580 5873 (‘28)
620 5803 778 5861 Forte
817 5805 1245 5870 συγκεχυμένην.

2087 4593 2212 4648 tatis
2244 4592 2448 4662 aliquid
2490 4590 2681 4646 :rtlieri
2730 4590 3002 4653 all‘crant,
3054 4604 3231 4660 eoque
3266 4588 3558 4644 testudinis
3613 4588 3668 4642 in

2084 4700 2291 4740 morem
2320 4693 2705 4740 concamerato
2724 4725 2738 4749 ,
2763 4683 3129 4737 subeuntibus
3160 4681 3283 4738 cadi
3331 4681 3667 4746 luminibus,

2083 4778 2351 4849 quosdam
2379 4778 2535 4847 quasi
2592 4777 2792 4848 gradus
2843 4784 3213 4845 praestruant:
3260 4774 3505 4845 adeoque
3552 4775 3668 4827 vul-

2084 4870 2295 4943 garium
2310 4877 2622 4925 atomorum
2643 4867 2910 4923 factiones
2932 4865 3215 4921 domicilia
3230 4865 3331 4920 sibi
3347 4865 3586 4935 deligant
3602 4879 3667 4917 ac

2083 4965 2284 5020 coelum
2302 4965 2483 5035 ipsum
2505 4963 2755 5033 proprias
2774 4962 2828 5016 in
2844 4960 3041 5016 domos
3055 4969 3218 5028 atque.
3248 4958 3510 5012 stationes
3523 4956 3667 5010 inter

2081 5071 2203 5112 sese
2219 5057 2547 5127 partiantur.
2562 5073 2580 5106 ›
2607 5052 2843 5116 Rursus,
2861 5052 2984 5106 aliis
2999 5049 3325 5120 quibusdam
3346 5046 3666 5117 interjectis,

2042 5196 2049 5201 .
2084 5149 2246 5220 777
2270 5167 2288 5201 ι
2312 5146 2450 5212 lmo,
2468 5145 2666 5215 inquit,
2686 5159 2755 5198 ne
2777 5143 2936 5198 obvia
2960 5142 3178 5212 quidem
3204 5138 3389 5193 vident
3419 5138 3665 5193 homines

2084 5240 2396 5311 improvidi,
2422 5246 2633 5293 tantum
2666 5236 2820 5291 abest
2839 5244 2899 5290 ut
2922 5232 3137 5288 occulta
3166 5231 3505 5302 provideant.
3546 5226 3664 5283 Uti-

2084 5350 2192 5403 que
2227 5341 2376 5387 ratos
2411 5331 2534 5387 illos
2589 5338 2753 5400 atque
2800 5333 3118 5383 constantes
3173 5333 3330 5379 crtus
3369 5322 3663 5391 obitusque

2082 5428 2346 5493 siderum,
2388 5439 2497 5479 non
2527 5429 2851 5479 caaterorum
2884 5408 3075 5482 modo,
3110 5429 3303 5472 verum
3334 5415 3498 5469 etiam
3527 5412 3663 5467 solis

2082 5517 2326 5576 omnium
2362 5513 2756 5579 nobilissimos,
2784 5524 2854 5565 ne
2880 5507 3211 5579 suspicando
3230 5506 3449 5578 quidem
3479 5504 3660 5558 viden-

2083 5620 2169 5665 tur
2200 5608 2463 5678 attingrre
2498 5624 2510 5661 :
2544 5620 2645 5662 nec
2672 5604 2743 5660 iis
2770 5602 2847 5659 uti
2871 5598 3373 5664 commoditatibus,
3401 5610 3540 5667 quas
3557 5595 3660 5648 ho-
