4144 6446
466 382 608 442 1279

1145 374 1421 434 EUSEBI‘I
1455 371 1944 430 CESARIENSIS
1981 369 2133 426 OPP.
2176 369 2360 425 PARS
2390 368 2454 425 ll.
2495 400 2565 412 -—
2596 364 3104 427 APOLOGETICA.

3606 377 3628 431 i
3639 375 3742 432 380

471 502 686 557 minum
709 497 895 570 generi
918 496 1286 568 suppeditant,
1314 506 1409 551 aut
1434 494 1737 551 collucente
1759 492 1827 548 ad
1849 462 2077 548 obeun?

2181 509 2194 542 I
2235 492 2294 544 '0
2312 490 2371 543 δὲ
2398 489 2699 561 πολυεθνὴς
2723 490 2819 544 καὶ
2842 490 3153 561 πολυμιγὴς
3175 489 3349 562 δῆμος
3363 490 3472 545 τῶν
3496 492 3741 567 ἀστέρων

466 592 598 647 dum
631 605 770 661 opus
808 589 926 651 die,
968 596 1065 644 aut
1112 596 1274 643 nocte
1321 586 1525 656 quietis
1568 584 1850 653 capiendae
1885 598 2054 639 causa

2181 581 2253 647 μῦς
2307 583 2365 635 αἰ
2416 581 2781 645 πολυπλανεῖς
2829 582 2924 636 καὶ
2963 582 3050 634 ἀεὶ
3088 582 3576 655 διαρῤιπτούμεναι
3620 602 3745 638 συν-

473 696 652 741 terras
698 690 984 754 opacante.
1017 701 1037 735 ι
1074 680 1256 736 Exibit
1307 680 1451 736 enim
1504 677 1693 744 homo,
1736 678 1933 748 inquit,
1989 676 2056 731 ad

2181 678 2397 749 ἱστησαν
2422 677 2635 747 ἄτομοι,
2670 675 2854 748 χώρας
2883 677 3097 741 ἑαυτοῖς
3141 676 3283 732 κατά
3332 678 3603 751 συνθήκας
3641 679 3746 733 ἀπ-

469 792 609 847 opus
643 791 830 839 suum,
866 783 920 830 et
950 775 1328 844 operationem
1363 788 1523 829 suam
1563 788 1742 844 usque
1770 772 1838 827 ad
1862 786 2057 841 vespe-

2181 769 2443 836 ιδάσαντο,
2500 768 2693 839 ὥσπερ
2737 767 2996 823 ἀποικίαν
3034 769 3068 840 ἢ
3107 769 3381 825 συνοικίαν
3409 770 3743 843 ἀνελόμενοι,

472 885 592 924 rum
625 869 664 923 ³.
708 888 727 921 ι
765 866 877 923 Nec
909 881 1042 922 vero
1066 867 1294 922 alteram
1325 865 1447 937 ejus
1468 866 1848 921 circuitionem
1880 871 2057 919 atten-

471 963 630 1028 dunt,
660 976 767 1031 qua
791 960 1081 1015 distinctas
1105 967 1460 1030 tempestates
1476 967 1897 1030 opportunaque
1926 965 2061 1012 tem-

471 1070 626 1126 pora,
660 1067 762 1109 nec
783 1067 1019 1124 usquam
1044 1052 1289 1108 detortas
1307 1050 1706 1108 conversiones
1728 1049 1944 1114 elIiciat,
1965 1065 2062 1104 ea-

474 1160 600 1202 rum
628 1144 904 1210 videlicet,
936 1158 1004 1199 ex
1038 1142 1242 1214 quibus
1270 1143 1391 1215 ipse
1442 1141 1715 1210 consistit,
1752 1151 2060 1197 atomorum

473 1238 700 1295 ductum
732 1245 974 1294 secutus.
1011 1236 1084 1290 At
1115 1235 1422 1301 enimvero,
1450 1235 1624 1291 velint
1671 1234 1848 1289 nolint
1882 1233 2063 1289 homi-

476 1345 576 1387 nes
602 1344 793 1400 reapse
827 1327 1333 1398 miseri,qnomodo
1358 1334 1541 1382 tamen
1600 1326 1704 1382 sibi
1736 1327 2067 1397 persuadent

476 1418 813 1491 aequissimi:
844 1433 1079 1489 magnus
1102 1417 1193 1473 ille
1212 1416 1501 1478 Dominus.
1526 1416 1619 1486 qui
1649 1416 1821 1472 solem
1837 1415 2063 1481 creavit,

477 1512 773 1566 verborum
829 1525 1051 1580 quoque
1083 1524 1311 1565 suorum
1344 1509 1395 1562 vi
1433 1509 1681 1575 ejusdem
1728 1522 1953 1564 cursum
1982 1507 2065 1561 in~

477 1600 688 1658 citavit.
718 1599 903 1654 Atonii
957 1601 1179 1671 quippe,
1219 1597 1457 1653 hiemem
1497 1598 1656 1654 vobis
1680 1639 1696 1664 ,
1748 1613 1783 1653 o
1818 1597 1971 1665 caci,
2003 1611 2069 1652 ac

478 1693 694 1766 pluvias
724 1692 987 1759 aﬁerunt,
1016 1702 1076 1748 ut
1107 1693 1371 1748 alimenta
1401 1690 1560 1747 vobis
1610 1705 1676 1746 ac
1704 1689 1919 1747 caeteris
1949 1688 2070 1743 ani-

480 1782 760 1840 mantibus
795 1791 940 1839 terra
976 1781 1265 1853 producat.
1298 1781 1632 1837 Earumdem
1663 1787 1828 1835 aestas
1862 1777 2069 1835 beneﬁ—

2165 857 2393 931 μηδενὸς
2440 856 2683 912 οἰκιστοῦ
2729 856 2863 929 μηδὲ
2888 858 3271 913 οἰκοδεσπότου
3307 860 3741 933 προεστηκότος·

2163 950 2390 1014 καὶτὰς
2422 952 2561 1022 πρὸς
2606 952 2735 1014 τοὺς
2770 948 3180 1023 πλησιοχώρους
3222 952 3584 1022 γειτνιάσεις,
3617 954 3747 1007 ὲνω-

2168 1043 2349 1114 μότως
2379 1043 2475 1096 καὶ
2499 1044 2614 1114 μετ’
2643 1044 2869 1115 εἰρήνης
2907 1045 3267 1114 φυλάττουσιν
3292 1086 3308 1112 ,
3349 1046 3448 1116 οὐχ
3481 1045 3745 1118 ὑπερϐαί-

2165 1154 2348 1201 νοντες
2372 1136 2465 1201 οὒς
2495 1137 2591 1191 καὶ
2617 1136 2903 1209 εἰλήφασιν
2933 1136 2993 1204 ἐξ
3023 1139 3199 1209 ἀρχῆς
3217 1138 3398 1209 ὄρους,
3424 1138 3613 1211 ὥσπερ
3641 1139 3749 1193 ὑπὸ

2165 1228 2276 1282 τῶν
2331 1227 2624 1299 βασιλίδων
2675 1229 2895 1300 ἀτόμων
2938 1227 3404 1299 νομοθετούμενοι.
3474 1228 3614 1283 Ἀλλ’
3645 1231 3747 1284 οὐκ

2166 1319 2425 1391 ἄρχουσιν
2473 1322 2718 1375 ἐκεῖναιο
2772 1319 2890 1385 πῶς
2940 1320 3049 1393 γὰρ
3090 1324 3146 1376 αἰ
3183 1322 3306 1395 μηδ’
3336 1320 3531 1389 οῦσαι;
3588 1324 3750 1379 Ἀλλὰ

2168 1411 2329 1467 θείων
2356 1412 2555 1481 λογίων
2582 1413 2960 1467 ὲπακούσατε·
2995 1434 3014 1467 ι
3066 1417 3155 1470 Ἐν
3198 1417 3377 1488 κρίσει
3423 1418 3627 1489 Κυρίου
3680 1418 3752 1472 τὰ

2169 1504 2306 1576 ἔργα
2352 1504 2539 1559 αὐτοῦ.
2593 1507 2712 1558 Ἀπ’
2761 1507 2940 1580 ἀρχῆς
2982 1509 3075 1562 καὶ
3100 1509 3210 1563 ἀπὸ
3240 1510 3509 1581 ποιήσεως
3547 1510 3749 1573 αὐτῶν,

2168 1595 2428 1651 διέστειλε
2464 1596 2688 1671 μερίδας
2725 1598 2927 1664 αὐτῶν,
2982 1600 3288 1673 ἐκόσμησεν
3340 1603 3419 1667 εἰς
3466 1601 3637 1655 αἰῶνα
3685 1602 3755 1657 τὰ

2172 1687 2311 1760 εργα
2332 1688 2520 1755 αὑτοῦ,
2551 1690 2647 1744 καί¹
2670 1690 2770 1756 τάς
2792 1692 2969 1765 ἀρχὰς
2993 1693 3173 1750 αὐτῶν
3189 1689 3269 1760 εἰς
3287 1694 3483 1764 γενεὰς
3517 1695 3715 1750 αὐτῶν.
3731 1718 3749 1749 ι

2174 1781 2454 1853 Καὶμετά
2490 1782 2698 1855 βραχέα
2731 1785 2928 1856 φησίν·
2961 1804 2980 1838 ι
3024 1786 3095 1840 Ἣ
3135 1785 3219 1851 τίς
3252 1785 3426 1851 οὕτως
3481 1787 3757 1851 εὐτάκτως

479 1875 627 1931 cium
650 1882 758 1940 est,
783 1882 845 1929 ut
877 1841 1137 1929 arborum
1165 1873 1332 1929 etiam
1360 1873 1429 1927 ad
1457 1870 1682 1928 delicias
1711 1869 1924 1926 fructus
1955 1869 2073 1926 col-

2181 1841 2402 1929 πεδιάδα
2563 1841 2816 1929 sileasch
2851 1876 3082 1947 φάλαγξ,
3129 1841 3216 1932 ού.
3240 1841 3564 1951 προθέοντος
3588 1841 3755 1932 οὐδε.-ἶ

480 1962 683 2036 ligatis.
718 1957 929 2030 Quidni
949 1977 1116 2034 porro
1144 1962 1357 2019 atomis.
1375 1962 1594 2033 frugum
1622 1959 1948 2030 praesidibus
1976 1974 2042 2015 so
2060 1989 2073 2000 -

481 2055 649 2112 lemni
679 2055 829 2112 cultu
860 2050 1021 2111 s'acra
1059 2047 1292 2111 facitis'?
1319 2052 1581 2110 Homines
1606 2052 1830 2124 ingrati,
1876 2052 1971 2123 qui
1994 2058 2076 2107 tot

481 2146 777 2211 donorum,
798 2156 923 2218 qua:
949 2146 1019 2202 ab
1043 2146 1113 2203 iis
1142 2146 1417 2218 accipitis,
1452 2160 1523 2201 ne
1556 2144 1833 2216 primitias
1853 2144 2075 2215 quidem

484 2240 748 2310 pauculas
770 2239 1125 2295 consecretis.
1142 2258 1162 2291 ι
1186 2239 1502 2308 lterumque
1525 2245 1651 2308 post
1671 2252 1844 2307 pauca
1864 2249 1884 2289 :
1905 2235 2076 2292 «Mul-

486 2332 654 2402 tiplex
682 2340 889 2395 autem,
925 2331 1133 2401 inquit,
1159 2331 1252 2385 illa
1282 2328 1565 2385 stellarum
1591 2330 1766 2396 natio,
1800 2344 1966 2399 quam
1988 2343 2078 2383 er-

486 2426 675 2480 raticas
708 2438 774 2479 ac
811 2438 1029 2493 semper
1058 2423 1168 2478 huc
1197 2423 1436 2492 illucque
1472 2419 1713 2491 disjecta:
1745 2419 1914 2475 atomi
1947 2433 2080 2475 con-

485 2519 777 2583 ﬁaverunt,
809 2517 967 2573 sedes
989 2516 1106 2586 ipsa
1133 2515 1260 2580 sibi,
1292 2513 1521 2571 coloniae
1545 2511 1832 2582 cujusdam
1858 2520 1956 2566 aut
1983 2524 2077 2567 so-

488 2610 732 2666 dalitatis
753 2624 926 2673 more,
946 2608 1227 2664 communi
1251 2623 1317 2663 ex
1337 2614 1518 2688 pactq,
1539 2604 1838 2670 distribuit,
1873 2604 2080 2659 nullius

491 2712 590 2759 aut
631 2700 957 2767 conditoris,
1016 2709 1115 2757 aut
1145 2698 1368 2757 familiae
1411 2697 1663 2770 praesidis
1694 2696 2080 2753 auctoritatem

490 2806 700 2852 secuta.
741 2794 920 2865 Atque
960 2796 1036 2850 ita
1060 2793 1344 2864 deinceps,
1381 2800 1574 2847 mutua
1627 2805 1755 2847 cum
1789 2789 2040 2844 ﬁnitimis
2064 2829 2080 2851 ,

490 2888 746 2960 religiose
777 2887 1000 2958 altaque
1051 2901 1178 2942 cum
1214 2900 1348 2956 pace
1373 2924 1389 2949 ,
1445 2898 1640 2938 omnes
1703 2881 1918 2936 viciniae
1954 2881 2080 2952 jura

490 2977 832 3047 custodiunt,
867 2992 970 3034 nec
1019 2992 1117 3034 eos
1170 2991 1416 3048 unquam
1445 2975 1607 3039 ﬁnes,
1633 2990 1776 3045 quos
1806 2974 1878 3029 ab
1925 2973 2084 3027 initio

493 3088 781 3144 accepere,
819 3070 1159 3138 transiliunt,
1194 3085 1425 3141 prorsus
1446 3084 1512 3125 ac
1551 3069 1595 3124 si
1622 3067 1898 3138 regiarum
1946 3081 2084 3137 qua-

2177 1966 2286 2030 νὸς,
2320 1968 2421 2021 ούκ
2450 1969 2877 2041 ἐκτρεπομένου,
2928 1972 3030 2025 οὐκ
3073 1970 3593 2056 ἐμποδιστατοῦντος
3623 1971 3756 2043 (29},

2176 2060 2278 2112 οὐκ
2330 2059 2762 2133 ἀπολειπομένου
2818 2061 2930 2116 τῶν
2989 2064 3630 2137 συμπαρατεταγμένωνο
3652 2070 3660 2078 ⁴
3684 2066 3761 2131 ὼς

2182 2147 2471 2221 ἰσόστοιχοι
2496 2150 2590 2203 καὶ
2625 2151 3077 2217 συνασπιδοῦντες
3105 2154 3192 2207 ἀεὶ
3237 2156 3523 2228 προΐασιν,
3563 2159 3593 2210 ὁ
3638 2174 3762 2210 συν-

2180 2243 2313 2312 εχής
2336 2259 2396 2295 τε
2427 2243 2521 2297 καὶ
2549 2243 2891 2309 ἀδιάστατος,
2938 2246 3201 2317 ἀόχλητός
3234 2265 3294 2301 τε
3329 2248 3423 2302 καὶ
3469 2250 3762 2320 ἀνεμπόδισ-

2182 2351 2308 2397 στος
2333 2332 2443 2388 τῶν
2470 2334 2685 2407 ἄστρων
2714 2337 2944 2409 στρατός
2971 2354 2985 2402 ;
3033 2338 3173 2391 Ἀλλ’
3204 2339 3483 2409 ἐγκλίσεσι
3515 2341 3609 2394 καὶ
3646 2344 3763 2405 ταῖς

2181 2429 2261 2490 εἰς
2295 2426 2523 2495 πλάγιον
2545 2428 2780 2493 νεύσεσι,
2807 2429 3046 2498 γίνονταί
3070 2448 3215 2496 τινες
3232 2431 3412 2485 αὐτῶν
3435 2432 3619 2505 ἄδηλοι
3650 2452 3767 2507 τρο-

2183 2519 2299 2571 παί.
2334 2520 2447 2572 Καὶ
2500 2518 2606 2590 μὴν
2656 2520 2741 2572 ἀεὶ
2796 2519 3264 2591 καιροφυλακοῦσι
3296 2523 3390 2575 καὶ
3423 2523 3764 2595 προορῶνται

2180 2608 2281 2672 τὰς
2323 2607 2538 2681 χώρας,
2575 2608 2696 2663 ὅθεν
2731 2609 2962 2673 ἕκαστος
3003 2610 3237 2681 ἀνίησιν,
3270 2614 3320 2665 οἰ
3352 2612 3565 2678 τούτοις
3599 2632 3767 2687 προσ-

2183 2700 2500 2770 εσχηκότες.
2521 2701 2844 2755 Εἰπάτωσαν
2867 2697 2959 2754 οὖν
2977 2704 3109 2773 ἡμῖν
3132 2705 3179 2757 οἰ
3194 2703 3303 2757 τῶν
3325 2704 3544 2777 ἀτόμων
3558 2709 3765 2777 τομεῖς,

2184 2794 2280 2846 καὶ
2311 2793 2421 2847 τῶν
2455 2794 2677 2866 ἀμερῶν
2715 2797 2987 2867 μερισταί,
3026 2795 3120 2850 καὶ
3149 2796 3256 2851 τῶν
3302 2798 3612 2854 ἀσυνθέτων
3646 2818 3770 2855 σνν-

2184 2891 2441 2957 αγωγείς,
2478 2889 2573 2941 καὶ
2605 2888 2673 2941 τά
2705 2889 2910 2961 ἄπειρα
2952 2889 3329 2961 περινοοῦντες
3352 2930 3367 2955 ,
3400 2891 3564 2945 πόθεν
3600 2895 3634 2964 ή
3671 2911 3769 2947 κυ-

2186 2971 2484 3051 κλοφορικὴ
2520 2978 2626 3031 τῶν
2678 2980 2947 3050 οὐρανίων
3005 2979 3221 3034 συνοδία
3251 2982 3345 3034 καὶ
3375 2982 3641 3055 περιοδία,
3673 2982 3770 3054 ούχ

2187 3068 2305 3133 ἑνὸς
2356 3069 2681 3141 παραλόγως
2727 3070 2946 3142 ἀτόμων
3000 3073 3293 3145 πήγματος
3321 3071 3463 3128 οὕτω
3497 3076 3770 3145 σφενδονι-
3870 3138 3877 3145 ,

494 3165 754 3221 rumdam
788 3173 1101 3220 atomorum
1142 3163 1353 3233 legibus
1374 3169 1712 3233 regerentur.
1740 3161 1812 3216 At
1840 3177 1948 3214 non
1977 3160 2077 3214 im-

2193 3160 2431 3225 σθέντος,
2461 3161 2597 3215 ἀλλά
2628 3163 2883 3217 τοσούτου
2912 3165 3174 3220 κυκλικοῦ
3194 3166 3357 3238 χοροῦ
3398 3167 3541 3221 κατά
3570 3170 3774 3242 ῥυθμὸν

496 3267 694 3329 perant
718 3256 827 3313 illae
854 3255 1136 3327 profecto.‘
1161 3254 1268 3323 Qui
1299 3253 1449 3311 enim
1479 3255 1771 3325 imperent,
1799 3267 1923 3323 quae
1954 3251 2082 3306 nul-

495 3352 562 3408 la:
593 3349 761 3409 sunt?
779 3350 976 3408 Audite
996 3346 1130 3406 Vero
1152 3348 1467 3404 divinorum
1483 3347 1835 3403 oraculorum
1853 3359 2042 3401 vocem
2066 3363 2079 3399 :

502 3464 522 3497 ι
561 3443 621 3499 ln
650 3443 856 3515 judicio
886 3441 1109 3498 Domini
1144 3456 1310 3511 opera
1349 3441 1491 3511 ejus.
1549 3439 1634 3495 Ab
1686 3438 1844 3494 initio
1881 3480 1897 3503 ,
1945 3444 2002 3492 et
2052 3453 2083 3492 a

495 3538 775 3603 creatione
797 3538 1068 3607 ipsorum,
1097 3534 1350 3591 distinxit
1374 3540 1561 3605 partes
1588 3532 1831 3600 illorum.
1855 3529 2087 3586 Ornavit

499 3628 557 3684 in
585 3635 850 3683 aternum
879 3642 1043 3696 opera
1067 3641 1190 3691 sua,
1221 3634 1279 3680 et
1305 3625 1572 3694 principia
1598 3639 1789 3680 eorum
1832 3623 1886 3678 in
1916 3637 2084 3694 gene-

500 3721 745 3777 rationes
791 3735 985 3775 eorum
1038 3719 1081 3774 ².
1130 3737 1149 3770 ι
1190 3717 1462 3788 Additque
1502 3718 1667 3788 paulo
1715 3727 1876 3788 post:
1918 3735 1938 3769 ι
1978 3717 2088 3773 Aut

501 3826 627 3884 qum
659 3826 900 3882 unquam
932 3812 1100 3875 acies,
1139 3809 1338 3880 inquit,
1368 3819 1480 3864 tam
1526 3809 1832 3879 composito
1871 3809 2091 3880 agmine

502 3921 760 3975 campum
810 3904 1138 3969 transmisit,
1175 3910 1548 3972 praecurrente
1587 3903 1823 3966 nemine,
1870 3903 2091 3958 nemine

500 3996 809 4061 deerrante,
838 3993 1058 4049 nemine
1085 4002 1180 4048 aut
1213 3991 1665 4063 impedimentum
1695 3990 1959 4049 oﬁ‘erente
1986 4007 2092 4048 cae-

500 4088 657 4156 teris,
691 4096 786 4142 aut
814 4096 1043 4142 caeteros
1066 4086 1252 4142 minus
1271 4094 1646 4156 consequente
1672 4104 1686 4141 :
1712 4100 1878 4157 quam
1907 4101 2095 4157 sequa-

503 4180 577 4235 tis
636 4193 852 4250 semper
900 4178 1211 4246 ordinibus,
1263 4187 1317 4235 et
1346 4177 1580 4249 'pressis
1617 4178 1785 4232 veluti
1839 4178 2044 4250 clypeis
2074 4219 2091 4244 ,

501 4280 800 4341 perpetuus
833 4271 944 4341 ille,
970 4285 1074 4327 nec
1091 4285 1323 4340 usquam
1351 4279 1447 4326 aut
1467 4270 1830 4341 interruptus,
1854 4277 2093 4342 autper-

2195 3253 2287 3310 ίσα
2316 3253 2590 3325 βαίνοντος
2610 3257 2705 3309 καὶ
2757 3256 3146 3334 συμπεριδινου
3155 3258 3336 3329 μένου·
3370 3258 3533 3313 πόθεν
3556 3261 3777 3316 ἀδιάτα-

2192 3363 2330 3411 κτοι,
2383 3347 2477 3400 καὶ
2510 3347 2884 3420 ἀπροαίρετοι,
2914 3349 3010 3403 καὶ
3033 3347 3274 3417 ἀγνῶτες
3306 3348 3552 3421 ἀλλήλων
3577 3353 3704 3405 συνέ
3713 3371 3778 3423 μ-

2194 3456 2349 3508 ποροι
2394 3438 2745 3511 παμπληθεῖς
2788 3439 3329 3512 συνανεστράφησαν.
3389 3441 3586 3506 Καλῶς
3638 3460 3697 3496 τε
3749 3445 3781 3497 ό

2193 3532 2480 3604 προφήτης
2505 3533 2563 3584 ὲν
2594 3534 2706 3595 τοῖς
2736 3531 3021 3595 ἀδυνάτοις
3055 3532 3151 3586 καὶ
3182 3531 3540 3596 ἀνενδείκτοις
3577 3532 3733 3599 ἔταξε
3761 3573 3775 3596 ,

2194 3622 2380 3691 ξένους
2396 3623 2497 3678 κᾶν
2524 3623 2618 3677 δύο
2645 3623 2971 3694 συνδραμεῖν
2992 3639 3005 3654 ο
3062 3642 3080 3674 ι
3105 3622 3586 3694 Εἰσπορεύσονται,
3620 3625 3774 3695 φησι,

2194 3714 2291 3769 δύο
2347 3716 2440 3767 ἐπὶ
2465 3713 2525 3767 τὸ
2573 3713 2705 3767 αὐτὸ
2728 3712 3040 3783 κατάλυμα,
3069 3714 3165 3769 ἐὰν
3192 3716 3265 3786 μὴ
3291 3714 3632 3786 γνωρίσωσιν
3655 3717 3779 3768 έαυ-

2198 3807 2326 3872 τούς
2351 3826 2365 3874 ;
2410 3828 2428 3860 ι
2463 3805 2629 3860 Ταῦτ’
2660 3804 2854 3869 εἰπὼν,
2887 3807 3058 3877 μυρία
3082 3824 3139 3860 τε
3168 3805 3305 3862 ἄλλα
3331 3807 3540 3872 τούτοις
3570 3809 3781 3877 ἐπαγα-

2193 3896 2328 3968 γὼν,
2363 3895 2491 3967 ἑξῆς
2520 3893 2924 3960 κατασκευάζει
2959 3896 3050 3952 διὰ
3084 3897 3346 3953 πλειόνων
3368 3899 3431 3953 τὸ
3466 3899 3780 3972 πρόϐλημα,

2194 3988 2305 4044 ἀπό
2334 4006 2394 4042 τε
2421 3987 2529 4042 τῶν
2551 3987 2695 4043 κατὰ
2723 3989 2887 4061 μέρος
2916 3990 3196 4062 στοιχείων
3224 3991 3319 4048 τοῦ
3348 3991 3569 4055 παντὸς,
3592 3990 3701 4046 ἀπό
3721 4009 3784 4044 τε

2194 4082 2304 4137 τῶν
2325 4084 2382 4136 ὲν
2406 4081 2615 4145 τούτοις
2643 4082 3003 4137 παντοδαπῶν
3026 4082 3202 4151 ζώων,
3233 4084 3327 4138 καὶ
3352 4083 3415 4157 δὴ
3445 4083 3540 4138 καὶ
3558 4083 3668 4137 ἀπὸ
3683 4082 3786 4152 τῆς

2197 4173 2521 4248 τάνθρώπου
2545 4173 2780 4244 φύσεως.
2824 4175 2915 4244 Ἐξ
2948 4170 3022 4232 ὧν
3062 4175 3141 4231 ἔτι
3177 4177 3382 4251 βραχέα
3411 4179 3525 4242 τοῖς
3564 4176 3787 4251 εἰρημέ-

2198 4286 2310 4333 νοις
2336 4266 2614 4340 προσθεὶς,
2644 4267 2983 4323 καταπαύσω
3014 4269 3105 4323 τὸν
3137 4269 3384 4342 παρόντα
3411 4268 3588 4339 λόγον.

504 4365 780 4430 turbatus,
809 4373 905 4420 aut
941 4364 1098 4420 obice
1156 4363 1269 4419 ullo
1302 4363 1614 4418 retardatus
1663 4370 1936 4417 astrorum
1976 4363 2252 4418 exeicitns
2324 4359 2703 4431 progreditur?
2752 4359 2918 4431 778
2961 4359 3127 4430 Atqui
3178 4359 3503 4415 transversis
3566 4361 3788 4431 quibus-

499 4459 628 4518 dam
683 4460 1132 4516 inclinationibus
1174 4475 1241 4515 ac
1290 4460 1537 4527 nutibus,
1584 4459 1833 4515 obscura:
1896 4474 2293 4531 nonnunquam
2368 4472 2562 4513 eorum
2625 4457 2957 4512 mutationes
3010 4456 3168 4511 ﬁunt.
3213 4454 3366 4512 Esto.
3415 4456 3645 4527 Semper
3703 4467 3786 4513 ta-

498 4567 627 4610 men
653 4562 707 4608 et
729 4553 940 4623 justum
968 4552 1265 4608 observant
1289 4560 1528 4623 tempus,
1551 4561 1607 4607 et
1637 4552 1756 4607 loca
1792 4552 1903 4621 illa,
1937 4554 2083 4610 unde
2120 4552 2334 4625 singula
2399 4551 2675 4619 oriuntur,
2743 4550 3104 4620 prospiciunt,
3144 4550 3238 4620 qui
3285 4550 3390 4606 hoc
3416 4566 3471 4604 in
3495 4551 3662 4606 studii
3691 4568 3787 4622 ge-

505 4661 637 4703 nere
657 4655 1018 4715 occupantur.
1044 4643 1244 4700 Dicant
1264 4658 1396 4715 ergo
1413 4643 1575 4699 nobis
1590 4651 1903 4700 atomorum
1921 4654 2165 4702 sectores
2233 4643 2463 4715 egregii,
2495 4642 2590 4712 qui
2614 4653 2673 4697 et
2692 4639 2945 4696 dividunt
2987 4639 3289 4710 individua,
3345 4650 3400 4696 et
3467 4641 3661 4697 dissita
3709 4656 3788 4696 se-

497 4754 806 4828 iunctaque
838 4740 1181 4808 consociant,
1206 4748 1266 4817 et
1309 4739 1522 4794 inlinita
1561 4745 1744 4793 mente
1784 4738 2102 4807 deﬁniunt;
2141 4738 2288 4794 unde
2318 4737 2539 4792 tandem
2574 4735 2862 4792 circularis
2904 4735 2995 4792 ille
3056 4750 3243 4791 rerum
3303 4736 3614 4792 caelestium
3659 4751 3792 4790 con-

496 4827 837 4905 junctusque
856 4845 1054 4886 cursus
1082 4840 1246 4901 atque
1277 4828 1617 4886 conversio:
1670 4843 1797 4884 cum
1826 4845 1935 4885 non
1979 4846 2086 4886 una
2135 4828 2388 4902 quaedam
2430 4837 2742 4885 atomorum
2799 4837 2981 4887 strues
3041 4827 3124 4884 sic
3170 4836 3433 4900 tanquam
3503 4827 3674 4885 funda
3722 4839 3792 4897 ιο⁴

502 4941 653 4985 niere
685 4925 1139 4992 circumrotetur;
1171 4923 1266 4981 sed
1301 4923 1507 4979 chorus
1564 4922 1654 4977 ille
1686 4930 1872 4978 tantus
1914 4916 2228 4996 composito
2294 4923 2605 4996 aequalique
2643 4939 2835 4995 gressu
2890 4926 3189 4996 procedat,
3252 4935 3308 4982 et
3351 4927 3405 4981 in
3456 4927 3643 4983 orbem
3686 4943 3794 4983 una

500 5022 750 5077 volvatur
781 5039 795 5076 :
828 5030 923 5076 aut
945 5034 1058 5091 quo
1079 5028 1240 5091 pacto
1270 5018 1387 5087 ﬁat,
1412 5026 1473 5073 ut
1501 5025 1613 5072 tam
1642 5016 1804 5073 multi
1833 5018 2078 5090 ejusdem
2120 5021 2222 5076 viae
2254 5019 2415 5085 socii,
2446 5034 2478 5074 a
2509 5020 2729 5076 nemine
2776 5019 3035 5085 ordinati,
3073 5021 3226 5076 nullo
3267 5019 3479 5092 praediti
3533 5020 3787 5084 consilio,

500 5114 716 5186 sibique
742 5122 932 5169 mutuo
957 5113 1127 5186 ignoti
1153 5127 1368 5178 omnes,
1394 5120 1545 5167 tanta
1594 5111 1760 5167 simul
1821 5114 2113 5169 concordia
2177 5120 2496 5183 susceptum
2537 5114 2643 5169 iter
2703 5114 3044 5171 conﬁciant?
3095 5113 3292 5171 Merito
3317 5115 3460 5170 enim
3485 5115 3747 5186 propheta
3776 5160 3794 5187 ,

498 5207 610 5264 hoc
640 5218 900 5279 tanquam
929 5222 999 5262 ex
1031 5206 1100 5263 iis
1129 5222 1298 5262 unum
1322 5219 1445 5276 qua:
1479 5219 1582 5261 nec
1635 5205 1757 5262 ﬁeri
1798 5220 1902 5261 nec
1932 5205 2147 5262 ostendi
2183 5212 2408 5277 queant,
2444 5205 2674 5276 protulit
2712 5216 2774 5262 ut
2794 5206 2906 5264 duo
2945 5208 3108 5263 simul
3132 5208 3403 5279 peregrini
3431 5218 3786 5274 concurrant,

501 5305 633 5360 dum
678 5302 777 5370 ait,
821 5321 841 5355 ι
871 5302 1281 5360 Convenientne
1311 5303 1422 5358 duo
1451 5301 1507 5357 in
1542 5301 1687 5357 idem
1729 5300 2119 5367 diversorium,
2162 5302 2211 5358 si
2276 5318 2387 5357 non
2413 5318 2473 5359 se
2508 5310 2704 5359 mutuo
2742 5304 3033 5359 noverint?
3067 5323 3088 5358 ι
3110 5302 3238 5360 Haec
3265 5304 3373 5359 ille.
3399 5300 3504 5370 Qui
3538 5285 3797 5359 sexcenta

503 5401 614 5461 alia
646 5410 992 5471 persecutus,
1047 5408 1365 5471 susceptum
1414 5397 1674 5470 deinceps
1731 5407 2119 5470 argumentum
2158 5398 2411 5470 pluribus
2466 5398 2777 5466 conﬁrmat,
2811 5400 3012 5470 partim
3063 5415 3132 5456 ex
3156 5399 3389 5471 singulis
3426 5398 3670 5456 universi
3692 5398 3800 5453 ele-

505 5494 731 5562 mentis,
756 5496 956 5567 partim
980 5511 1048 5551 ex
1073 5496 1257 5552 omnis
1295 5495 1514 5568 generis
1562 5495 1948 5563 animantium,
1998 5509 2123 5566 quae
2174 5493 2636 5565 complectuntur,
2692 5494 3088 5551 multitudine:
3151 5493 3350 5566 partim
3410 5507 3480 5550 ex
3510 5492 3627 5564 ipsa
3654 5507 3794 5563 quo-

503 5605 615 5663 que
653 5590 892 5645 hominis
913 5602 1107 5645 natura
1138 5588 1492 5660 depromptis.
1521 5588 1562 5643 E
1597 5589 1798 5660 quibus
1854 5588 1945 5644 ubi
1998 5602 2172 5659 pauca
2212 5586 2462 5658 quadam
2496 5588 2871 5660 superioribus
2920 5586 3204 5658 addidero,
3238 5596 3354 5645 tum
3417 5587 3637 5644 demum
3672 5583 3803 5642 huic

498 5688 647 5755 libro
677 5687 840 5742 ﬁnem
864 5686 1165 5756 imponam.

577 5786 592 5816 '
626 5781 769 5839 Psal.
806 5799 926 5848 cm,
957 5782 1048 5839 25.
1130 5785 1148 5814 ¹
1185 5780 1352 5838 Eccli.
1391 5797 1501 5845 xw,
1532 5781 1621 5836 ‘26.

576 5879 689 5953 (29)
735 5878 895 5935 Forte
938 5876 1484 5946 ὲμποδεστατοῦντος.
