4144 6416
405 342 534 399 1281

903 464 1299 518 ΚΕΦΑᾹΑῙΟΝ
1340 462 1485 530 Κ(ῖῖ

453 550 593 604 Ἀπὸ
631 548 738 618 τῆς
771 551 1086 618 ἀνθρώπου
1118 554 1383 621 φύσεως.
1421 553 1566 606 Ἀπὸ
1601 553 1709 607 τοῦ
1741 551 1951 607 αὑτοῦ.

483 661 500 692 ι
545 643 655 694 Καὶ
692 642 815 696 οὔτε
849 645 1078 708 ἑαυτοὺς
1103 645 1225 696 οὕτε
1259 644 1327 697 τά
1363 645 1492 716 περὶ
1517 645 1743 708 ἑαυτοὺς
1766 645 1986 716 ὁρῶσιν.

406 735 471 789 Et
494 734 602 806 γάρ
632 752 718 799 τις
741 736 850 788 τῶν
880 737 1201 807 ἀρχηγετῶν
1224 737 1318 790 τοῦ
1354 739 1452 809 τῆς
1500 738 1754 801 ἀσεϐείας
1785 737 1992 809 ταύτης

407 826 696 897 δόγματος,
751 827 941 882 ἑαυτὸν
972 829 1123 893 ὅστις
1175 830 1294 882 ἐστὶ
1322 831 1418 884 καὶ
1450 830 1593 895 ὅθεν,
1623 830 1988 899 ἀνελογίζετο,

410 918 706 989 ἐφρόνησεν
724 918 790 972 ἂν
813 918 1002 992 ὥσπερ
1034 921 1441 995 συνῃσθημένος
1471 922 1686 990 ἑαυτοῦ,
1718 925 1813 976 καὶ
1840 919 1992 977 εἶπεν

409 1010 468 1062 ού
502 1010 638 1079 πρὸς
688 1010 787 1075 τὰς
835 1012 1091 1083 ἀτόμους,
1129 1014 1269 1067 ἀλλά
1323 1014 1458 1087 πρὸς
1493 1015 1582 1068 τὸν
1626 1016 1847 1090 Πατέρα
1901 1018 1994 1071 καὶ

413 1101 646 1172 Ποιητὴν
680 1102 907 1156 ἑαυτοῦ
951 1122 969 1155 ι
1005 1105 1070 1158 Αἱ
1105 1106 1286 1177 χεῖρές
1337 1125 1430 1161 σου
1481 1107 1720 1162 ἔπλασάν
1761 1125 1849 1179 με,
1900 1110 1994 1162 καὶ

411 1192 674 1264 ἐποίησάν
733 1210 822 1264 με.
867 1213 885 1244 ι
923 1194 1033 1249 Καὶ
1070 1195 1618 1270 προσεπεξεργάσατο
1667 1197 1734 1251 ἂν
1787 1199 1993 1262 ἐκεῖνος

408 1287 499 1339 τὸν
527 1285 830 1358 Θαυμάσιον
861 1287 958 1358 τῆς
984 1289 1253 1359 ποιήσεως
1279 1289 1471 1343 ἑαυτοῦ
1497 1291 1696 1362 τρόπον
1721 1305 1733 1318 ·
1771 1287 1875 1343 «Ἦ
1899 1291 1996 1361 οὐχ

407 1377 596 1448 ὥσπερ
636 1378 777 1446 γάλα
815 1394 881 1446 με
923 1378 1184 1449 ἧμελξας,
1237 1379 1518 1452 ὲτύρωσας
1569 1380 1628 1434 δέ
1668 1398 1734 1452 με
1767 1382 1856 1434 ῖσα
1908 1398 1998 1434 τυ-

412 1471 524 1542 ρῴς
562 1470 747 1543 Δέρμα
804 1472 899 1524 καὶ
946 1472 1113 1544 κρέας
1150 1491 1217 1544 με
1272 1475 1548 1541 ὲνέδυσας,
1583 1475 1790 1539 ὀστέοις
1816 1476 1870 1529 δὲ
1904 1477 1997 1530 καὶ

411 1563 628 1634 νεύροις
664 1565 732 1634 μὲ
792 1564 1028 1636 ἑνειρας.
1076 1567 1230 1638 Ζωὴν
1286 1567 1342 1620 δὲ
1373 1567 1466 1620 καὶ
1513 1567 1659 1631 ἕλεος
1688 1568 1810 1621 ἔθου
1867 1569 1996 1640 παρ’

412 1654 554 1723 ἐμοὶ,
587 1654 703 1724 ἠδὲ
742 1655 1017 1727 ὲπισκοπή
1066 1672 1161 1709 σου
1195 1655 1429 1724 ὲφύλαξέ
1463 1675 1563 1728 μου
1600 1659 1661 1710 τὸ
1696 1658 1934 1730 πνεῦμα.
1976 1680 1993 1711 ι

412 1745 592 1808 Πόσας
622 1747 733 1816 γὰρ
762 1746 1000 1817 ἀτόμους
1030 1749 1058 1800 ό
1103 1747 1427 1819 Ἐπικούρου
1459 1750 1663 1821 πατὴρ,
1694 1751 1790 1804 καὶ
1832 1769 1999 1804 ποτα-

412 1837 520 1894 πάς
549 1837 608 1901 ἐξ
631 1837 824 1891 ἑαυτοῦ
852 1838 1132 1910 προέχεεν,
1159 1839 1234 1892 ὅτ’
1262 1819 1708 1913 ἀπεσπέρμαινεν
1752 1844 1996 1897 Ἐπίκου-
2030 1819 2068 1873 Β

414 1942 505 1997 ρον
529 1943 544 1992 ;
573 1929 679 1981 Καὶ
704 1929 818 1992 πῶς
852 1931 932 1992 είς
961 1929 1059 2000 τὴν
1082 1930 1342 2002 μητρῴαν
1373 1932 1536 1985 αὑτοῦ
1583 1934 1995 1989 κατακλεισθεῖ-

413 2035 502 2069 σαι
529 2019 791 2091 γαστέρα,
824 2021 1233 2092 συνεπάγησαν,
1275 2024 1780 2094 ὲσχηματίσθησαν,
1829 2029 1998 2100 ἐμορ-

411 2109 700 2180 φώθησαν,
743 2111 1107 2184 ἐκινήθησαν,
1150 2113 1534 2187 ηύξύνθησανς
1579 2119 1690 2172 Καὶ
1739 2118 1997 2192 πολλὰςή

413 2202 640 2274 βραχεῖα
681 2205 832 2274 ῥανὶς
859 2203 960 2268 τὰς
1000 2205 1321 2279 Ἐπικούρου
1351 2208 1589 2279 ἀτόμους
1624 2211 2000 2281 προσκαλεσα-

415 2297 574 2365 μένη,
609 2295 709 2358 τὰς
737 2296 834 2366 μὲν
868 2297 1208 2368 ὲπημφίεσεν
1241 2297 1421 2352 αὐτῶν
1469 2299 1643 2370 δέρμα
1687 2301 1780 2354 καὶ
1822 2301 2000 2374 σάρκα

411 2387 732 2457 γενομένας,
764 2391 884 2452 ταῖς
913 2389 970 2442 δὲ
999 2390 1350 2454 ὀστωθείσαις
1375 2390 1694 2462 ἠνώρθωται
1719 2433 1735 2458 ,
1778 2397 1896 2458 ταῖς
1943 2395 2000 2448 δὲ

414 2477 668 2549 συνεδέθη
695 2481 1236 2552 νευρορραφουμένη;
1266 2482 1333 2536 τά
1364 2499 1422 2535 τε
1457 2482 1592 2537 ἀλλα
1621 2484 1791 2538 πολλὰ
1839 2487 1997 2559 μέλη,

412 2568 506 2620 καὶ
537 2567 844 2639 σπλάγχνα,
875 2570 968 2622 καὶ
991 2569 1218 2638 ἔγκατα,
1250 2572 1344 2625 καὶ
1379 2571 1730 2644 αἰσθητήρια,
1782 2575 1850 2628 τὰ
1903 2577 2001 2646 μὲν

415 2658 644 2724 ἔνδοθεν,
676 2659 744 2713 τὰ
767 2660 824 2713 δὲ
844 2659 1077 2732 θύραθεν
1103 2662 1408 2733 ἐφήρμοσε,
1452 2663 1518 2716 δι’
1551 2657 1626 2717 ὧν
1654 2665 1997 2739 ὲζωογονήθη

415 2751 476 2802 τὸ
510 2750 700 2820 σῶμα;
730 2743 804 2803 ὧν
831 2751 984 2804 οὐδὲν
1019 2751 1188 2823 ἀργὸν
1236 2753 1357 2806 οὐδὲ
1397 2754 1614 2826 ἀχρεῖον
1656 2757 1958 2830 προσετέθη
1983 2776 1996 2789 ·

414 2843 538 2895 ἐπεὶ
574 2843 707 2914 μηδὲ
735 2842 804 2897 τά
835 2844 1164 2912 φαυλότατα,
1199 2847 1336 2916 μήτε
1362 2847 1565 2918 τρίχες,
1605 2850 1743 2919 μήτε
1773 2849 1964 2921 όνυχες
1984 2867 1997 2881 ·

416 2935 595 2988 πάντα
615 2935 692 2998 δὲ,
717 2933 784 2988 τὰ
815 2936 913 3006 μὲν
943 2935 1077 3008 πρὸς
1111 2937 1172 2989 τὸ
1194 2937 1294 3008 τῆς
1324 2939 1636 3002 συστάσεως
1669 2939 1881 3007 ὄφελος,
1933 2941 2002 2994 τὰ

413 3025 468 3078 δὲ
498 3027 630 3097 πρὸς
653 3025 713 3078 τὸ
736 3025 931 3091 κάλλος
968 3028 1064 3098 τῆς
1091 3026 1267 3096 ὅψεως
1301 3029 1564 3084 συντελεῖ.
1619 3032 1692 3084 Οὐ
1751 3032 1860 3104 γὰρ
1903 3035 2000 3104 τῆς

413 3117 601 3187 Χρείας
626 3116 815 3188 μόνης.
862 3116 997 3170 ἀλλὰ
1044 3119 1136 3170 καὶ
1165 3119 1263 3189 τῆς
1289 3117 1438 3190 ὥρας
1487 3118 1756 3189 ἐπιμελὴς
1791 3122 1823 3191 ὴ
1859 3121 2001 3192 Πρό.

413 3227 551 3263 νοια.
593 3211 812 3282 Ἔρυμα
849 3211 946 3281 μὲν
973 3209 1080 3282 γὰρ
1108 3211 1202 3264 καὶ
1231 3211 1530 3283 σκέπασμα
1560 3212 1740 3282 πάσης
1773 3214 1871 3286 τῆς
1906 3231 2000 3267 κε-

415 3301 590 3372 φαλῆς
618 3305 650 3373 ἡ
686 3301 830 3374 κόμη
849 3319 862 3332 ο
892 3302 1196 3373 εὐπρέπεια
1221 3303 1278 3356 δὲ
1313 3307 1340 3358 ό
1366 3303 1563 3374 πώγων
1591 3304 1670 3373 τῷ
1704 3305 1994 3378 φιλοσόφῳ.

415 3396 525 3466 Τήν
558 3412 616 3448 τε
672 3393 766 3448 τοῦ
796 3393 919 3447 ὅλου
951 3393 1204 3465 σώματος
1247 3394 1340 3449 τοῦ
1373 3395 1711 3467 ἀνθρωπείου
1741 3396 1902 3467 φύσιν
1936 3399 2000 3450 ἐκ

415 3484 521 3537 τῶν
550 3484 733 3556 μερῶν
766 3485 1076 3554 ἀναγκαίων
1110 3485 1327 3539 πάντων
1361 3487 1595 3558 ἥρμοσε,
1633 3488 1726 3541 καὶ
1758 3491 1870 3551 τοῖς
1904 3490 2000 3560 μέ-

415 3575 531 3630 λεσι
557 3579 688 3630 πᾶσι
724 3578 820 3649 τήν
853 3595 911 3630 τε
943 3577 1079 3648 πρὸς
1105 3577 1310 3650 ἀλλήλα
1357 3579 1643 3632 κοινωνίαν
1688 3579 1998 3652 περιέϐαλε,

416 3669 511 3721 καὶ
551 3669 650 3740 τὴν
697 3667 850 3740 παρὰ
879 3667 972 3720 τοῦ
1017 3669 1140 3721 ὅλου
1173 3669 1438 3740 χορηγίαν
1471 3669 1867 3742 ἐπεμέτρησεν.
1901 3664 2002 3725 Ὧν

413 3761 482 3812 ei
517 3761 614 3830 μὲν
642 3761 925 3832 ὁλοσχερῆ,
963 3761 1057 3813 καὶ
1088 3763 1198 3823 τοῖς
1248 3758 1481 3824 ἰδιώταις
1509 3762 1575 3814 ὲκ
1625 3762 1726 3832 τῆς
1782 3762 2001 3834 πείρας,

416 3854 481 3922 ἣν
513 3851 623 3923 ἔχει
653 3851 911 3923 δύναμιν,
949 3851 1220 3925 πρόδηλω
1269 3852 1512 3925 κεφαλῆς
1555 3854 1820 3924 ἡγεμονία
1845 3895 1861 3918 ,
1909 3855 2004 3909 καὶ

417 3946 548 4015 περὶ
597 3944 687 3998 τὸν
739 3944 1064 4014 ἐγκέφαλον,
1100 3943 1290 4014 ῶσπερ
1337 3947 1573 4018 ἄρχοντα
1607 3949 1664 3999 ὲν
1713 3948 2005 4018 ἀκροπόλει

415 4037 524 4090 τῶν
573 4037 878 4109 αἰσθήσεων
932 4039 966 4108 ἡ
998 4037 1324 4110 δορυφορία·
1391 4038 1714 4111 προσιοῦσαι
1761 4041 1872 4111 (50)
1907 4042 2004 4112 μὲν

413 4129 587 4199 ἕψεις,
615 4129 1042 4198 ἀναγγέλλουσαι
1075 4129 1130 4182 δὲ
1166 4131 1346 4195 ἀκοαὶ,
1384 4131 1550 4202 ἐδωδὴ
1603 4130 1791 4207 ὥσπερ
1841 4149 2004 4205 φορο-

416 4221 674 4291 λογοῦσα,
703 4221 972 4293 ὄσφρησις
1001 4221 1255 4294 καθάπερ
1290 4221 1648 4294 ἀνιχνεύουσα
1674 4225 1768 4277 καὶ
1791 4225 2004 4296 διερευ-

415 4315 659 4385 νωμένη,
686 4317 781 4368 καὶ
817 4315 930 4385 ἁφὴ
962 4315 1068 4368 πᾶν
1100 4315 1457 4369 διατάττουσα
1490 4315 1552 4368 τὸ
1578 4315 1837 4386 ὑπήκοον.
1875 4315 2008 4386 (Κε-

418 4405 739 4476 φαλαιωδῶς
760 4405 868 4477 γὰρ
889 4404 986 4458 νῦν
1008 4404 1162 4474 ὀλίγα
1182 4404 1290 4457 τῶν
1311 4404 1410 4476 τῆς
1432 4405 1710 4474 πανσόφου
1743 4405 2023 4477 Προνοίας

1606 347 1927 404 ΡΒΕΡΑΒ.
1968 345 2222 402 EVANG.
2267 344 2393 400 LIB.
2437 346 2576 402 XIV.

3546 351 3684 404 {9.82

2658 461 2890 520 CAPUT
2921 461 3114 517 XXVI.

2162 550 2311 605 Idem
2338 567 2402 606 ex
2431 537 2658 607 hominis
2690 564 2887 608 natura
2918 554 3276 608 concluditur.
3306 552 3388 608 Ea:
3413 553 3615 609 eodem.

2175 662 2193 695 ι
2229 645 2308 700 Ac
2340 659 2408 698 ne
2435 660 2496 701 se
2529 644 2748 716 quidem
2790 646 2960 716 ipsos,
3004 645 3208 716 inquit,
3239 659 3340 700 nec
3368 660 3493 715 quae
3513 653 3685 700 natu-

2098 748 2172 788 ra:
2197 749 2311 788 sua:
2339 733 2559 804 prOpria
2589 743 2738 801 sunt,
2789 735 2878 790 isti
2907 735 3115 790 vident.
3153 732 3211 789 Si
3259 734 3384 804 quis
3415 733 3562 787 enim
3615 749 3685 787 ex

2099 826 2205 882 illis
2231 826 2411 898 impia:
2440 829 2706 884 doctrina:
2764 827 3127 900 principibus,
3182 827 3277 899 qui
3310 828 3552 889 tandem,
3589 837 3686 881 aut

2100 922 2242 977 unde
2275 921 2368 988 sit,
2396 937 2523 978 cum
2549 922 2736 977 animo
2765 929 3044 993 reputaret
3070 935 3194 987 suo,
3221 921 3268 976 is
3301 918 3544 990 profecto
3567 923 3684 972 vel-

2099 1023 2159 1069 ut
2201 1014 2255 1068 in
2291 1013 2494 1070 suimet
2513 1029 2738 1070 sensum
2757 1014 3053 1080 adductus,
3078 1021 3296 1085 saperet
3321 1013 3490 1078 illico,
3523 1019 3688 1081 atque

2099 1106 2204 1161 hac
2235 1121 2390 1173 voce,
2417 1122 2528 1161 non
2555 1107 2669 1178 jam
2720 1116 2956 1174 atomos,
2981 1107 3074 1163 sed
3115 1106 3332 1161 Patrem
3369 1106 3486 1174 ipse
3514 1103 3685 1156 Crea-

2099 1206 2384 1268 toremque
2417 1215 2578 1254 suum
2606 1200 2921 1270 appellaret,
2973 1218 2993 1250 ι
3026 1199 3222 1254 Manus
3259 1208 3365 1252 tua:
3417 1197 3688 1251 formave-

2099 1297 2229 1343 runt
2262 1304 2368 1356 me,
2406 1298 2460 1344 et
2488 1288 2740 1344 fecerunt
2775 1306 2864 1345 me
2893 1291 2933 1342 ‘.
2973 1309 2991 1341 ι
3029 1289 3095 1343 Ει
3118 1287 3577 1360 quemadmodum
3611 1285 3689 1339 al-

2101 1388 2183 1435 ter
2216 1380 2326 1446 ille,
2357 1381 2736 1436 admirabilem
2764 1383 3068 1439 molitionis
3102 1398 3213 1436 suae
3261 1381 3528 1436 rationem
3562 1394 3688 1450 per-

2103 1482 2328 1539 texeret,
2359 1493 2377 1526 ι
2408 1473 2603 1529 Nonne
2655 1475 2800 1530 sicut
2849 1474 2935 1529 lac
2980 1472 3217 1528 mulsisti
3272 1489 3381 1536 me,
3435 1481 3490 1526 et
3543 1471 3689 1525 sicut

2102 1573 2324 1618 caseum
2352 1579 2440 1619 me
2473 1564 2824 1635 coagulasti?
2853 1563 2998 1620 Pelle
3026 1572 3081 1617 et
3109 1578 3276 1618 carne
3309 1561 3525 1618 vestisti
3577 1577 3685 1628 me,

2103 1658 2322 1713 ossibus
2349 1666 2405 1712 et
2439 1658 2622 1713 nervis
2646 1658 2971 1729 compegisti
3033 1672 3139 1711 me.
3179 1655 3358 1710 Vitam
3383 1663 3438 1709 et
3466 1654 3689 1708 miseri-

2104 1749 2346 1803 cordiam
2398 1748 2636 1803 tribuisti
2693 1748 2848 1812 mihi,
2881 1758 2935 1802 et
2989 1749 3231 1802 visitatio
3261 1756 3357 1802 tua
3388 1745 3690 1801 custodivit

2099 1839 2351 1909 spiritum
2402 1855 2585 1894 meum
2616 1840 2656 1894 '.
2725 1859 2744 1892 ι
2787 1838 2931 1906 Quot
2955 1840 3124 1904 enim,
3157 1839 3376 1905 amabo,
3427 1837 3692 1906 ctcujus-

2101 1933 2247 1987 modi
2275 1939 2490 1987 atomos
2511 1930 2726 2002 Epicuri
2747 1942 2899 2001 pater
2929 1947 2996 1985 ex
3028 1946 3087 1986 se
3111 1929 3376 2000 profudit,
3405 1945 3530 1984 cum
3561 1927 3691 1996 Epi-

2099 2032 2291 2078 curum
2333 2023 2762 2092 proseminaret?
2823 2022 2989 2093 779
3037 2020 3330 2089 Quomodo
3389 2021 3446 2074 in
3497 2020 3690 2076 matris

2100 2116 2221 2183 ejus
2243 2115 2424 2169 alvum
2462 2116 2688 2170 inclusa:
2719 2116 3066 2180 coaluerunt,
3091 2114 3323 2184 ﬁguram
3355 2128 3421 2168 ac
3450 2111 3688 2167 formam

2101 2216 2455 2276 acceperunt,
2487 2217 2778 2262 commota:
2818 2216 2966 2271 sunt,
2996 2216 3170 2261 auctae
3197 2206 3368 2260 sunt?
3402 2202 3692 2272 Quomodo

2103 2314 2194 2354 ros
2230 2299 2320 2354 ille
2356 2300 2708 2369 perexiguus,
2744 2299 3011 2368 plurimas
3055 2299 3272 2368 Epicuri
3316 2307 3530 2354 atomos
3565 2313 3690 2354 cum

2101 2391 2445 2454 advocasset,
2473 2392 2611 2446 alias
2639 2391 2692 2444 in
2718 2401 2899 2445 cutem
2932 2405 3268 2460 carnemque
3289 2397 3532 2445 mutatas
3562 2405 3691 2445 con-

2102 2481 2340 2546 vestivit,
2377 2480 2578 2534 aliisin
2615 2495 2741 2535 ossa
2771 2479 3056 2534 conversis
3090 2479 3328 2534 erectior
3366 2493 3433 2533 ac
3465 2478 3693 2535 solidior

2103 2572 2372 2636 constitit,
2412 2572 2536 2628 aliis
2584 2586 2880 2625 nervorum
2929 2569 3219 2638 complexu
3285 2569 3528 2640 illigatus
3557 2568 3692 2625 est!

2103 2664 2224 2732 Quo
2242 2665 2477 2734 denique
2498 2663 2662 2718 modo
2684 2664 2792 2717 vim
2814 2672 3022 2718 tantam
3045 2663 3414 2716 membrorum
3432 2662 3690 2727 aliorum,

2102 2757 2401 2818 viscerum,
2431 2754 2840 2815 intestinorum,
2889 2767 3089 2807 sensus
3146 2752 3641 2806 instrumentorum
3674 2790 3691 2815 ,

2104 2848 2440 2902 intrinsecus
2487 2845 2898 2900 extrinsecusve
2943 2844 3222 2907 conflavit,
3261 2859 3385 2914 quae
3412 2844 3597 2897 vivum
3628 2859 3695 2898 ac

2104 2940 2320 3010 spirans
2341 2952 2543 3007 corpus
2571 2935 2850 2991 efﬁceret?
2880 2933 3017 2990 Nam
3035 2951 3102 2990 ex
3125 2936 3237 2991 illis
3271 2935 3492 3006 quidem
3513 2936 3693 2991 omni-

2105 3032 2209 3085 bus
2247 3030 2486 3085 otiosum
2537 3028 2676 3083 nihil
2706 3037 2809 3094 est,
2843 3028 2979 3082 nihil
3015 3027 3227 3090 inutile,
3268 3042 3376 3081 non
3429 3027 3548 3096 pili,
3579 3043 3692 3081 non

2104 3134 2337 3190 ungues,
2368 3135 2476 3174 non
2497 3128 2693 3174 caetera
2716 3133 2839 3188 qua:
2856 3117 3227 3189 abjectissima
3249 3117 3420 3172 videri
3447 3119 3691 3188 possint:

2105 3213 2291 3268 omnia
2324 3215 2408 3267 vel
2434 3213 2501 3267 ad
2525 3212 2967 3267 constituendam
2996 3211 3120 3281 ejus
3167 3211 3560 3282 integritatem,
3605 3211 3694 3266 vel

2103 3307 2172 3362 ad
2201 3307 2437 3376 speciem
2471 3305 2905 3378 dignitatemque
2963 3303 3304 3359 conducunt.
3375 3301 3487 3358 Nec
3545 3304 3693 3358 enim

2103 3399 2519 3454 usuiduntaxat
2544 3397 2634 3452 uni
2689 3393 3067 3461 Providentia,
3112 3395 3207 3450 sed
3241 3395 3407 3450 etiam
3447 3395 3694 3465 pulchri-

2109 3490 2282 3546 tudini
2317 3505 2381 3544 ac
2405 3489 2592 3545 forma:
2611 3487 2892 3558 prospicit.
2919 3486 3110 3557 Itaque
3132 3487 3304 3543 totius
3335 3487 3533 3558 capitis
3563 3501 3694 3558 pro-

2104 3581 2474 3654 pugnaculum
2507 3580 2784 3651 quoddam
2831 3594 2896 3633 ac
2941 3586 3319 3649 tegumentum
3375 3593 3534 3634 coma
3565 3586 3692 3634 est:

2102 3676 2270 3732 barba
2292 3674 2604 3746 pliilOSOphi
2633 3673 2802 3728 decus
2848 3680 2905 3728 et
2932 3680 3347 3728 ornamentum.
3399 3671 3494 3726 Illa
3532 3672 3696 3742 igitur

2105 3769 2298 3840 integri
2334 3768 2584 3838 corporis
2635 3764 2863 3820 humani
2919 3771 3177 3819 naturam
3220 3778 3287 3819 ex
3320 3763 3569 3834 partibus
3596 3779 3693 3820 nc-

2104 3859 2362 3914 cessariis
2386 3857 2646 3913 omnibus
2665 3855 3086 3928 coagmentavit,
3112 3854 3487 3925 membrisque
3517 3856 3698 3912 omni-

2104 3951 2209 4007 bus
2236 3966 2364 4007 cum
2403 3959 2650 4004 mutuam
2678 3948 2820 4003 inter
2845 3962 2904 4003 se
2949 3947 3398 4002 communionem
3453 3947 3650 4004 indidit
3673 3990 3692 4015 ,

2104 4053 2220 4099 tum
2253 4060 2322 4099 ex
2361 4043 2530 4099 totius
2554 4041 2718 4097 etiam
2746 4040 2944 4111 opibus
2966 4040 3178 4110 prolixe
3204 4039 3502 4095 admodum
3535 4055 3600 4096 ac
3629 4041 3697 4096 li-

2104 4136 2363 4192 beraliter
2385 4135 2646 4190 admensa
2669 4141 2774 4188 est.
2801 4131 2868 4187 Et
2882 4131 3129 4186 membra
3144 4129 3367 4202 quidem
3390 4131 3684 4200 potissima

2105 4243 2271 4298 quam
2298 4225 2408 4279 vim
2435 4233 2489 4279 et
2507 4223 2822 4278 facultatem
2850 4223 3109 4286 habeant,
3140 4235 3245 4276 usu
3278 4229 3334 4274 et
3359 4221 3696 4292 experientia

2106 4317 2209 4388 ipsi
2242 4316 2409 4371 etiam
2440 4314 2621 4370 idiotae
2643 4320 2850 4367 norunt
2878 4329 2890 4365 :
2917 4310 3114 4381 capitis
3140 4309 3501 4381 principatus.
3546 4313 3694 4369 circa

2107 4407 2389 4462 cerebrum
2417 4413 2678 4472 tanquam
2703 4401 3119 4472 imperatorem,
3150 4415 3412 4456 sensuum
3444 4401 3501 4456 in
3537 4417 3696 4458 acro-

418 4495 596 4568 ἐργων
626 4492 1094 4566 ἐπιδραμούμεθα,
1129 4494 1246 4564 μετ’
1271 4490 1448 4561 ὀλίγον
1467 4489 1876 4564 ἀκριϐέστερον,
1908 4489 2001 4543 τοῦ

2112 4501 2220 4572 poli
2255 4497 2501 4554 excubiae
2527 4505 2693 4566 atque
2723 4493 3000 4566 praesidia,
3046 4492 3460 4566 progredientes
3494 4496 3636 4551 oculi
3669 4537 3686 4563 ,

415 4586 553 4640 Θεοῦ
588 4586 838 4649 διδόντος,
871 4583 1396 4656 ὲπεξεργασόμενοι,
1443 4583 1572 4636 ὅταν
1605 4582 1742 4655 πρὸς
1774 4581 1864 4635 τὸν
1919 4583 2003 4635 δο-

418 4676 621 4734 κοῦντα
643 4676 966 4748 λογιώτερον
991 4673 1431 4746 ἀποτεινώμεθα.
1453 4674 1470 4746 )
1494 4673 1706 4746 Χειρῶν
1734 4672 2002 4734 διακονία,

416 4772 484 4825 δι’
507 4766 581 4824 ὧν
609 4770 861 4842 ἐργασίαι
888 4786 946 4822 τε
982 4770 1255 4832 παντοῖαι,
1286 4766 1381 4820 καὶ
1402 4766 1776 4836 πολυμήχανοι
1797 4763 2007 4818 τελοῦν-

417 4880 508 4917 ται
529 4862 736 4933 τέχναι,
752 4863 872 4923 ταῖς
895 4859 1038 4914 κατὰ
1063 4858 1226 4930 μέρος
1253 4856 1546 4927 δυνάμεσιν
1567 4858 1647 4918 είς
1669 4856 1795 4926 μίαν
1823 4871 2006 4924 συνερ-

419 4957 545 5026 γίαν
571 4953 1013 5027 διηρθρωμένων,
1044 4951 1214 5024 ὤμων
1237 4968 1296 5005 τε
1326 4949 1671 5022 ἀχθοφορίαι,
1710 4948 1805 5000 καὶ
1845 4963 2006 5000 κατοκ

419 5050 515 5120 χαὶ
542 5044 840 5108 δακτύλων,
872 5042 1137 5113 ἀγκώνων
1155 5059 1214 5096 τε
1243 5042 1485 5112 καμπαὶ,
1512 5039 1649 5110 πρός
1677 5055 1736 5091 τε
1761 5037 1822 5090 τὸ
1847 5037 2008 5108 σῶμα

417 5139 552 5192 εἴσω
583 5135 970 5208 στρεφόμεναι,
999 5134 1094 5188 καὶ
1135 5133 1273 5206 πρὸς
1312 5131 1374 5186 τὸ
1419 5131 1578 5194 ἐκτὸς
1618 5129 2004 5192 ἀπονεύουσαι,

417 5235 508 5288 ῐνα
531 5230 854 5301 ἐφέλκεσθαι
886 5246 946 5282 τε
973 5229 1068 5282 καὶ
1114 5226 1450 5282 ἀπωθεῖσθαι
1486 5225 1783 5278 δύνωνται·
1829 5221 2008 5276 ποδῶν

419 5325 716 5398 ὑπηρεσία,
769 5323 838 5377 δι’
866 5315 942 5376 ὧν
971 5323 1119 5375 πᾶσα
1151 5323 1282 5393 ἡμῖν
1313 5319 1708 5373 ὑποπέπτωκεν
1759 5316 1794 5386 ἠ
1851 5314 2007 5386 περί-

419 5435 569 5488 γειος
598 5416 795 5480 κτίσις,
825 5415 1056 5487 βάσιμος
1091 5415 1124 5485 ἡ
1157 5413 1251 5484 γῆ,
1277 5411 1463 5481 πλωτὴ
1493 5412 1527 5482 ἡ
1553 5408 1820 5472 θάλασσα,
1847 5407 2011 5477 περά-

421 5527 574 5580 σιμοι
605 5509 657 5562 οἱ
689 5506 945 5578 ποταμοὶ,
979 5505 1077 5559 καὶ⁵
1101 5504 1323 5558 πάντων
1346 5502 1486 5574 πρὸς
1519 5501 1700 5555 πάντα
1730 5496 2004 5568 ἐπιμιξία.

420 5599 640 5672 Γαστὴρ
683 5601 911 5670 ταμεῖον
959 5595 1178 5669 τροφῶν
1217 5596 1354 5650 πᾶσι
1396 5597 1510 5658 τοῖς
1551 5589 2010 5662 συντεταγμένοις

499 5713 513 5742 ⁸
537 5710 680 5766 Psal.
709 5725 900 5774 cum,
929 5709 1018 5765 75.
1098 5711 1120 5740 ²
1147 5705 1250 5764 Job
1271 5723 1328 5774 ι,
1360 5703 1548 5762 10-12.

495 5823 608 5894 ($0)
648 5823 814 5880 Forte
851 5826 1036 5894 προῖσ.

2112 4606 2274 4647 aures
2302 4588 2532 4644 nuntios
2564 4586 2920 4656 perferentes,
2958 4594 3212 4658 gustatus
3239 4585 3389 4641 velut
3417 4601 3698 4660 commea-

2110 4691 2223 4734 tum
2254 4692 2639 4748 annonamque
2654 4677 2990 4743 convellens,
3009 4675 3245 4732 olfactus
3273 4676 3540 4748 indagans
3566 4695 3698 4749 quo-

2108 4765 2399 4821 dammodo
2419 4775 2582 4835 atque
2598 4765 2894 4834 vestigans,
2918 4772 3096 4819 tactus
3113 4764 3331 4818 subdita
3344 4765 3526 4819 omnia
3545 4765 3695 4836 dige-

2109 4875 2236 4914 rens
2255 4869 2309 4912 et
2329 4854 2798 4928 ordinans.(Nunc
2822 4856 2968 4912 enim
2993 4871 3058 4911 ex
3077 4855 3700 4925 sapientissimaaProvi-

2109 4949 2306 5005 dentiae
2331 4949 2588 5020 operibus
2617 4949 2933 5005 summatim
2961 4962 3130 5018 pauca
3146 4955 3355 5002 tantum
3374 4948 3553 5018 aliqua
3569 4963 3697 5018 per-

2109 5043 2406 5108 currimus,
2436 5043 2600 5097 iidem
2649 5042 2814 5113 paulo
2835 5048 2980 5112 post,
3016 5055 3141 5095 cum
3174 5039 3442 5096 adversus
3497 5041 3653 5096 illum
3679 5082 3695 5107 ,

2110 5133 2268 5204 cujus
2295 5133 2473 5204 major
2521 5143 2604 5188 est
2651 5130 2976 5186 eruditionis
2997 5129 3206 5200 opinio,
3243 5128 3649 5198 disputabimus
3681 5169 3696 5194 ,

2110 5226 2357 5291 uberius,
2383 5224 2496 5281 Deo
2515 5225 2675 5291 duce,
2710 5239 2776 5280 ac
2799 5223 3017 5294 plenius
3041 5221 3226 5277 omnia
3253 5224 3696 5292 persequemur.)

2109 5320 2370 5377 Mannum
2392 5335 2524 5394 ergo
2543 5319 2804 5391 deinceps
2835 5317 3228 5385 ministerium,
3246 5331 3370 5389 quae
3394 5317 3576 5373 omnis
3605 5333 3700 5390 go.

2109 5412 2260 5469 neris
2281 5409 2592 5466 functiones
2623 5409 2848 5472 obeunt.
2883 5416 3137 5478 artesque
3168 5406 3472 5461 moliuntur
3503 5407 3696 5478 singu-

2109 5503 2244 5559 laris
2291 5501 2514 5573 ingenii,
2565 5499 2804 5572 propriis
2852 5499 3163 5569 quibusque
3219 5495 3578 5554 facultatibus
3626 5497 3697 5552 ad

2109 5611 2275 5652 unam
2344 5592 2688 5651 functionum
2734 5592 3052 5650 societatem
3100 5590 3424 5648 instructa:
3479 5589 3699 5648 humeri
