4144 6462
430 380 573 437 ιὲὃῗ)

1072 373 1344 430 EUSEBII
1380 370 1864 429 CAESARIENSIS
1903 370 2055 425 OPP.
2098 368 2277 424 PARS
2314 365 2378 422 11.
2416 400 2483 408 -—
2527 364 3028 424 APOLOGETICA.

3571 357 3717 415 1284-

429 495 711 565 gestandis
737 494 1000 549 oneribus
1034 494 1236 560 idonei,
1264 493 1560 564 digitorum
1591 493 2012 564 prebensiones,

2139 490 2340 543 ιέλεσιν
2374 487 2434 554 ἐξ
2484 488 2682 559 ἑαυτῆς
2739 490 2796 542 ὲν
2848 487 3033 559 μέτρῳ
3080 484 3142 537 τὸ
3191 483 3498 556 σιτηρέσιον
3535 479 3708 534 διανέ-

428 589 692 644 ﬂexiones
716 587 1048 653 cubitorum,
1080 602 1204 657 qum
1232 587 1312 641 uti
1349 601 1435 643 res
1463 587 1549 643 vel
1585 586 1861 640 attrahere
1884 600 2017 656 pos-

430 678 546 732 sint
570 677 657 730 vel
697 675 988 746 depellere,
1042 677 1374 731 intrinsecus
1419 677 1872 746 extrinsecusque
1897 691 2018 730 ver-

431 772 625 818 santur
656 783 668 818 :
706 763 912 833 pedum
937 764 1288 835 obsequium,
1317 780 1413 834 per
1461 781 1603 836 quos
1629 774 1812 821 creata
1868 766 2015 822 circa

433 863 635 910 terram
663 855 846 910 omnia
876 856 1038 912 nobis
1067 856 1466 922 obsecundant,
1498 858 1664 929 780
1686 858 1889 929 quibus
1910 866 2021 913 ter-

430 961 509 1001 ra:
530 954 914 1017 peragrantur,
949 948 1278 1018 navigantur
1309 950 1484 1003 maria
1503 991 1519 1017 ,
1549 950 1702 1004 ﬂuvii
1730 949 2019 1021 trajiciun-

432 1048 546 1103 tur,
573 1040 822 1094 omnium
865 1041 1198 1096 commercia
1257 1056 1384 1097 cum
1435 1043 1693 1098 omnibus
1735 1043 2017 1099 ineuntur.

435 1127 640 1185 Venter
684 1131 958 1186 ciborum‘
983 1133 1240 1188 aerarium
1263 1173 1279 1198 ,
1334 1135 1599 1191 membris
1634 1135 1893 1191 omnibus
1921 1151 2022 1191 suo

435 1223 750 1292 quibusque
782 1222 903 1278 loco
933 1234 987 1278 et
1001 1223 1195 1279 ordine
1224 1226 1748 1296 collocatis,justam
1777 1241 1875 1297 per
1901 1243 2023 1283 sese

436 1328 712 1369 annonam
743 1313 1101 1380 distribuens,
1138 1324 1192 1370 et
1210 1315 1476 1387 quidquid
1505 1317 1843 1387 superﬂuum
1893 1325 1977 1371 est
2003 1357 2019 1382 ,

436 1404 684 1473 ejiciens.
710 1405 790 1460 Ac
826 1413 1041 1468 caetera,
1072 1420 1310 1475 quorum
1354 1407 1405 1461 vi
1441 1407 1696 1463 humana:
1749 1408 2023 1463 ﬁrmitatis

437 1502 493 1548 et
525 1496 962 1550 conservationis
1009 1496 1150 1550 ratio
1179 1498 1514 1551 continetur.
1567 1498 1768 1553 Horum
1799 1514 1933 1553 usus
1970 1498 2022 1551 in

439 1587 623 1641 stultis
648 1602 803 1656 asque
835 1588 1286 1657 sapientibusque
1302 1589 1500 1643 similis
1518 1598 1623 1657 est,
1642 1589 1882 1660 cognitio
1908 1589 2024 1645 dis-

2120 599 2314 653 μουσα,
2350 582 2446 635 καὶ
2492 582 2552 634 τὸ
2585 580 2902 652 περιττεῦον
2934 577 3279 648 ἐκτιθεμένη.
3329 574 3441 629 Καὶ
3471 574 3543 627 τὰ
3572 572 3707 628 ἄλλα

2114 675 2182 729 δι’
2214 677 2355 729 ὅσων
2378 674 2638 744 ἐμφανῶς
2664 676 2697 745 ή
2733 674 2998 744 διοίκησις
3023 671 3118 742 τῆς
3151 668 3491 741 ἀνθρωπείου
3531 683 3709 738 μεμη-

2117 767 2346 838 χάνηται
2413 765 2676 836 διανομῆς
2738 764 2871 835 (51).
2927 757 3028 815 ’Ὧν
3057 762 3261 832 ὁμοίως
3311 763 3425 825 τοῖς
3476 759 3707 832 ἄφροσιν

2117 860 2333 930 ἔχοντες
2363 861 2412 912 οί
2444 861 2599 926 σοφοὶ
2637 857 2735 929 τὴν
2787 858 2969 929 κρίσιν
3005 856 3141 927 (52),
3193 855 3294 909 οὐκ
3347 854 3557 925 ἴσχουσι
3608 850 3707 924 τὴν

2117 950 2338 1020 γνῶσιν.
2370 952 2432 1003 Οἱ
2467 953 2565 1021 μὲν
2592 950 2702 1021 γὰρ
2729 952 2809 1012 είς
2830 950 2896 1020 ἦν
2919 949 2986 1003 ἃν
3003 947 3260 1018 οἱηθῶσιν
3285 946 3550 1017 ἀθεότητα
3569 944 3703 1015 (33),

2117 1044 2218 1113 τὴν
2258 1042 2840 1114 ἐπιστημονικωτάτην
2872 1040 3001 1112 περὶ
3032 1039 3269 1102 πάντων,
3323 1037 3419 1092 καὶ
3469 1037 3569 1108 τὴν
3623 1038 3704 1099 είς

2122 1136 2350 1198 ἑαυτοὺς
2398 1134 2901 1206 εὐεργετικωτάτην
2954 1132 3318 1203 ἀναφέρουσιν
3370 1126 3703 1199 οἰκονομίαν,

2122 1227 2428 1299 κρείττονος
2458 1227 2553 1280 καὶ
2580 1225 2730 1289 θείας
2763 1224 2931 1288 ὅντως
2966 1223 3280 1296 φρονήσεώς
3307 1240 3365 1275 τε
3395 1222 3493 1275 καὶ
3538 1220 3703 1274 δυνά-

2126 1338 2269 1391 μεως
2293 1319 2457 1391 ἔργον
2489 1319 2658 1389 αὐτὴν
2689 1314 2827 1371 εἶναι
2863 1316 3210 1388 πιστούμενοι
3232 1332 3244 1345 ⁸
3278 1318 3326 1368 οἰ
3352 1314 3408 1368 δὲ
3447 1311 3706 1384 συντυχίᾳ

2123 1411 2219 1464 καὶ
2253 1409 2572 1481 συμπτώσει
2595 1410 2702 1462 τῶν
2727 1410 2945 1480 ἀτόμων
2969 1408 3224 1472 ἀσκόπως
3256 1406 3355 1478 τὴν
3385 1406 3703 1477 θαυμασιω-

2122 1500 2293 1573 τάτην
2326 1500 2676 1572 καλλιεργίαν
2704 1499 3038 1553 ἀνατιθέασι.
3069 1498 3181 1570 Τὴν
3227 1499 3283 1551 δὲ
3317 1496 3708 1568 ἐνεργεστέραν

2126 1592 2208 1647 ἔτι
2229 1592 2436 1646 τούτων
2463 1591 2771 1662 ἐπίσκεψιν,
2813 1592 2906 1644 καὶ
2932 1591 3030 1663 τὴν
3058 1590 3166 1645 τῶν
3215 1588 3500 1645 ὲνδσσθίων
3533 1586 3711 1641 διάθε-

440 1680 659 1734 similis.
690 1679 795 1732 Alii
824 1679 1026 1749 quippe
1054 1694 1221 1748 quant
1267 1681 1455 1735 animo
1478 1680 1816 1736 divinitatem
1852 1679 2028 1736 infor—

2139 1702 2235 1750 σιν,
2267 1685 2441 1755 ἰατροὶ
2469 1684 2588 1754 μὲν,
2614 1684 2860 1755 ἀκριϐῶς
2888 1682 3368 1755 διερευνησάμενοι
3402 1681 3496 1734 καὶ
3543 1695 3713 1734 κατα-

440 1773 665 1840 marint,
694 1773 760 1828 ad
783 1787 925 1836 eam,
961 1780 1023 1825 ut
1047 1788 1170 1844 quae
1189 1788 1370 1827 rerum
1394 1761 1641 1828 omnium
1661 1773 2025 1829 scientissima

2139 1775 2449 1843 πλαγέντες,
2482 1774 2793 1842 ἐξεθείασαν
2824 1773 2922 1845 τὴν
2949 1768 3138 1843 φύσιν
3165 1775 3325 1843 ἡμεῖς
3356 1771 3414 1825 δὲ
3465 1770 3711 1842 ὕστερον,

441 1864 534 1928 sit,
564 1873 730 1933 atque
767 1862 823 1917 in
849 1877 908 1917 se
931 1862 1082 1931 ipsos
1116 1861 1639 1923 beneticentissima,
1673 1870 1846 1917 totam
1887 1861 2027 1916 refe-

2139 1869 2206 1932 ὼς
2232 1867 2298 1921 ἀν
2323 1862 2506 1922 οἷοίτε
2533 1866 2821 1938 γενώμεθα
2841 1907 2854 1929 ,
2891 1867 2995 1921 κᾶν
3018 1865 3279 1936 ἐπιπολῆς
3303 1864 3436 1936 (54).
3467 1863 3713 1918 ἀναθεω-

443 1966 574 2012 runt
604 1956 770 2027 hujus
794 1954 1115 2012 oeconomia:
1141 1956 1430 2021 rationem,
1459 1956 1607 2026 quod
1632 1949 1751 2009 eam
1777 1955 2029 2025 superio-

443 2049 524 2105 ris
545 2048 832 2117 cujusdam
861 2062 1196 2118 prorsusque
1228 2047 1426 2102 divinae
1444 2062 1568 2103 cum
1603 2048 1884 2117 sapientia:
1913 2056 2028 2101 tum

444 2140 729 2210 potestatis
761 2154 901 2208 opus
933 2139 1287 2194 existiment:
1322 2137 1414 2191 alii
1454 2145 1669 2202 contra,
1689 2133 1899 2191 insulse
1930 2136 2029 2189 ad-

446 2231 692 2296 modum,
720 2229 952 2285 fortunae
984 2240 1038 2286 et
1058 2231 1213 2286 casui
1245 2231 1780 2287 administrationem
1814 2245 2032 2287 summa

451 2323 837 2395 dignissimam
878 2323 1246 2378 admiratione
1297 2321 1617 2378 defendunt.
1658 2322 1728 2377 At
1753 2336 1884 2377 vero
1915 2321 2032 2376 επὶ..

446 2415 720 2471 caciorem
752 2414 934 2470 adhuc
961 2430 1143 2469 rerum
1174 2414 1409 2469 istarum
1443 2413 2037 2477 considerationem,et

446 2508 686 2580 partium
710 2506 1033 2562 interiorum
1069 2508 1364 2572 rationem,
1395 2506 1594 2561 medici
1627 2507 2037 2577 quidemaltius

448 2600 876 2673 diligentiusque
901 2600 1107 2663 rimati,
1140 2613 1206 2654 ac
1229 2598 1612 2654 vehementius
1635 2599 1915 2664 admirati,
1944 2599 1999 2653 di
2020 2588 2036 2641 ἐ

447 2692 732 2746 vinitatem
766 2700 976 2745 natura:
1017 2690 1329 2745 tribuerunt
1359 2705 1372 2742 :
1421 2704 1525 2745 nos
1557 2704 1677 2743 eam
1713 2700 1923 2759 postea,
1950 2690 2035 2760 je-

444 2786 584 2854 juno
630 2782 887 2839 fortassis
927 2793 981 2836 et
1027 2783 1265 2849 exiliter,
1298 2790 1354 2836 at
1392 2796 1490 2852 pro
1538 2779 1801 2837 facultate
1848 2791 2036 2837 nostra

448 2889 863 2945 persequemur.
891 2872 1049 2928 Nunc
1073 2882 1133 2929 ut
1160 2873 1414 2928 universe
1448 2872 1554 2929 hoc
1599 2874 2033 2944 summatimque

450 2966 722 3031 dicamus,
753 2962 979 3034 Ecquis,
1008 2964 1258 3021 obsecro.
1301 2973 1470 3018 totum
1493 2965 1597 3019 hoc
1625 2963 2039 3020 tabernaculum

450 3055 752 3112 fabricatus
779 3067 883 3124 est,
913 3056 1170 3120 sublime,
1227 3056 1434 3121 altum,
1471 3065 1717 3111 erectum
1745 3097 1761 3122 ,
1793 3058 2038 3127 elegans,

453 3151 521 3207 ad
552 3166 801 3217 sensum,
854 3158 1106 3217 motum,
1159 3151 1452 3214 actionem,
1506 3158 1561 3203 et
1613 3164 1778 3203 omne
1817 3149 2037 3219 quidem

453 3243 690 3299 actionis
722 3257 899 3313 genus
929 3251 1038 3297 tam
1068 3241 1285 3313 egregie
1310 3240 1732 3311 comparatum?
1760 3217 1868 3296 ista
1889 3240 2040 3295 vide-
2068 3217 2110 3275 ο

453 3336 580 3392 licet
608 3342 920 3392 atomorum
953 3337 1251 3391 multitudo
1281 3335 1515 3391 rationis
1537 3350 1755 3405 expers.
1788 3334 1862 3389 At
1889 3335 1995 3390 illae
2021 3376 2037 3399 ,

455 3440 520 3484 ut
550 3430 791 3485 maxime
809 3429 1159 3492 conveniant,
1180 3444 1249 3482 ne
1279 3427 1477 3482 luteam
1504 3428 1727 3499 quidem
1746 3428 2038 3500 imaginem

457 3521 720 3587 formare,
752 3533 851 3576 aut
877 3521 1154 3591 lapideum
1185 3519 1544 3574 simulacrum
1586 3520 1890 3590 perpolire,
1948 3527 2045 3575 aut

457 3625 780 3683 argenteum
836 3612 923 3666 vel
974 3626 1204 3666 aureum
1267 3609 1477 3665 idolum
1509 3609 1752 3666 conﬂare
1785 3611 2042 3682 possint:

457 3719 697 3775 quorum
731 3704 979 3758 omnium
1007 3704 1258 3774 proprias
1289 3718 1551 3758 tnanuum
1582 3712 1750 3769 artes,
1777 3704 2046 3775 ﬁngendis

459 3807 618 3868 aptas
666 3796 1012 3866 corporibus,
1073 3794 1360 3850 hominum
1384 3795 1715 3866 exc0gitavit
1747 3795 2042 3851 industria.

461 3889 710 3956 Quorum
749 3889 914 3958 igitur
947 3887 1067 3943 sine
1121 3887 1388 3957 sapientia
1425 3887 1510 3941 vel
1543 3887 1861 3943 adumbrari
1914 3902 2043 3958 spe-

461 3984 574 4040 cies
626 3980 1021 4051 infortnarique
1063 3994 1174 4034 non
1231 3980 1426 4050 possit,
1477 3979 1673 4034 horum
1741 3995 1871 4035 vera
1924 3980 2042 4050 ipsa

461 4073 821 4144 exemplaria,
857 4073 952 4141 qui
991 4072 1211 4127 tandem
1243 4071 1512 4127 exsistere
1540 4086 1640 4141 per
1665 4085 1788 4126 sese
1816 4080 2048 4126 temere-

2134 1961 2395 2032 ρήσομεν.
2433 1959 2681 2013 Καθόλου
2716 1959 2772 2013 δὲ
2824 1960 2919 2013 καὶ
2972 1957 3273 2030 συλλήϐδην
3301 1958 3421 2011 ὅλον
3458 1956 3618 2011 τοῦτο
3654 1955 3714 2010 τὸ

2134 2054 2332 2123 σκῆνος
2353 2052 2435 2116 τίς
2460 2052 2701 2107 τοιοῦτον
2727 2051 3178 2123 ἐσκηνοποίησεν,
3224 2049 3427 2121 ὑψηλὸν
3450 2092 3465 2117 ,
3511 2048 3714 2121 ὄρθιον,

2133 2142 2423 2217 εὐρυθμον,
2456 2143 2802 2215 εὐαίσθητον,
2831 2144 3135 2216 εὐκίνητον,
3165 2143 3409 2214 εὐεργὸν,
3446 2159 3717 2215 παντουρ-

2134 2235 2267 2303 γόν;
2302 2236 2366 2287 Ἦ
2387 2235 2496 2290 τῶν
2523 2236 2740 2308 ἀτόμων
2763 2235 2974 2305 ἄλογος,
2991 2236 3144 2305 φασὶ,
3173 2235 3402 2307 πληθύς.
3447 2233 3585 2288 Ἀλλ’
3607 2234 3717 2288 οὐδ’

2137 2326 2203 2380 ἂν
2231 2326 2437 2391 είκόνα,
2458 2327 2688 2398 πηλίνην
2718 2329 2921 2380 ἐκεῖναι
2952 2325 3301 2380 συνελθοῦσαι
3324 2326 3588 2380 πλάσαιεν
3608 2326 3719 2380 οὐδ’

2137 2418 2428 2490 ἀνδριάντα
2460 2417 2658 2472 λίθινον
2692 2417 2924 2483 ξέσαιεν,
2954 2418 3063 2472 οὐδ’
3089 2418 3155 2473 ἂν
3202 2418 3417 2473 εἴδωλον
3447 2416 3721 2491 ἀργυροῦν

2137 2509 2170 2580 ἢ
2206 2507 2438 2581 χρυσοῦν
2465 2507 2808 2579 χωνεύσασαι
2848 2510 3268 2579 προσαγάγοιεν.
3329 2508 3488 2562 Ἀλλά
3534 2509 3723 2580 τέχναι

2140 2604 2235 2656 καὶ
2268 2601 2606 2671 χειρουργίαι
2639 2599 2843 2652 τούτων
2875 2600 2968 2653 ύπ⁸
2996 2599 3299 2671 ἀνθρώπων
3328 2599 3588 2673 εῦρηνται
3612 2618 3723 2653 σω-

2144 2692 2488 2766 ματουργῶν.
2519 2686 2618 2745 Ὧν
2652 2691 2709 2745 δὲ
2737 2692 3059 2745 ἀπεικασίαι
3091 2692 3186 2746 καὶ
3218 2692 3576 2765 σκιαγραφίαι
3599 2691 3723 2763 δίχα

2141 2790 2332 2860 σοφίας
2354 2790 2453 2843 οὐκ
2477 2788 2542 2842 ἀν
2565 2788 2825 2858 γένοιντο,
2848 2785 2965 2850 πῶς
2992 2786 3061 2841 τά
3077 2787 3251 2857 ἀληθῆ
3273 2788 3366 2839 καὶ
3393 2785 3725 2858 πρωτότυπα

2139 2882 2344 2936 τούτων
2377 2880 2699 2951 αὐτομάτως
2729 2878 3043 2950 συμϐέϐηκε
3072 2895 3087 2944 ;
3125 2877 3288 2949 Ψυχὴ
3322 2878 3400 2944 δὲ,
3451 2877 3545 2931 καὶ
3600 2876 3729 2941 νοῦς

2142 2971 2237 3025 καὶ
2262 2970 2439 3039 λόγος,
2465 2970 2631 3022 πόθεν
2680 2967 2937 3037 ἐγγέγονε
2984 2967 3063 3039 τῷ
3112 2967 3418 3038 φιλοσόφως
3472 2969 3542 3020 "Il
3576 2964 3728 3038 παρὰ

2141 3065 2250 3120 τῶν
2274 3065 2496 3135 ἀψύχων
2520 3063 2613 3117 καὶ
2638 3063 2880 3133 ἀνοήτων
2902 3062 2996 3115 καὶ
3018 3059 3318 3131 ἀλογίστων
3337 3060 3556 3130 ἀτόμων
3576 3058 3728 3113 ταῦτ’

2143 3156 2461 3230 ἡρανίσατο,
2524 3155 2795 3210 κάκείνων
2847 3153 2998 3225 αὐτῷ
3059 3171 3115 3207 τι
3150 3154 3355 3225 ἐκάστη
3406 3153 3585 3224 νόημα
3633 3152 3731 3206 καὶ

2143 3249 2320 3320 δόγμα
2350 3248 2673 3302 ἐνέπνευσεν
2698 3261 2711 3309 ;
2737 3246 2832 3298 καὶ
2855 3243 3046 3317 ὥσπερ
3080 3245 3109 3297 ὁ
3151 3242 3393 3296 Ἡσιόδου
3437 3242 3604 3314 μῦθος
3634 3240 3732 3313 τὴν

2144 3340 2444 3413 Πανδώραν
2474 3340 2639 3410 φησὶν
2666 3337 2774 3391 ὑπὸ
2800 3338 2909 3391 τῶν
2940 3337 3096 3400 θεῶν,
3127 3334 3300 3400 οὕτως
3331 3337 3364 3406 ή
3416 3334 3577 3404 σοφία
3605 3336 3734 3389 τάν-

2144 3433 2271 3506 δρὸς
2305 3433 2410 3486 ὑπὸ
2442 3431 2551 3485 τῶν
2594 3431 2814 3502 ἀτόμων
2845 3426 3236 3497 συνετελέσθη;
3278 3426 3389 3480 Καὶ
3427 3425 3644 3496 ποίησιν
3674 3424 3734 3478 δὲ

2148 3528 2352 3589 πᾶσαν,
2384 3525 2480 3577 καὶ
2512 3526 2693 3578 πᾶσαν
2733 3519 3031 3593 μουσικὴν,
3085 3517 3447 3588 ἀστρονομίαν
3499 3533 3581 3581 τε,
3639 3516 3734 3572 καὶ

2147 3614 2514 3687 γεωμετρίαν,
2538 3615 2634 3667 καὶ
2663 3612 2763 3675 τὰς
2801 3611 2968 3674 ἄλλας
2991 3610 3326 3680 ἐπιστήμας,
3374 3604 3558 3661 οὐκέτι
3595 3606 3735 3661 θεῶν

2152 3707 2442 3777 εὑρήματα
2466 3704 2561 3756 καὶ
2588 3702 2933 3772 παιδεύματα
2964 3701 3224 3772 φήσουσιν
3266 3697 3527 3768 ’Έλληνες
3559 3692 3739 3751 εἶναι’

2155 3795 2390 3868 μόναιδέ
2422 3793 2707 3862 γεγόνασιν
2735 3789 3060 3863 ἐμπειρικαὶ
3097 3790 3192 3842 καὶ
3220 3788 3382 3858 σοφαὶ
3426 3788 3644 3842 πάντων
3680 3787 3738 3841 αἱ

2150 3888 2343 3957 ἄτομοι
2374 3885 2609 3940 Μοῦσαι.
2652 3882 2717 3936 'H
2759 3880 2869 3952 γὰρ
2906 3884 2971 3935 ἐκ
3013 3880 3124 3933 τῶν
3154 3879 3374 3950 ἀτόμων
3410 3877 3736 3950 Ἐπικούρου

2151 3977 2428 4048 Θεογονία,
2455 3976 2563 4031 τῶν
2589 3976 2686 4048 μὲν
2717 3975 2962 4048 ἀπείρων
2989 3974 3212 4044 κόσμων
3244 3970 3430 4043 ἔξορός
3457 3972 3627 4035 ἐστιν,
3658 3971 3739 4033 είς

2149 4072 2206 4125 δὲ
2239 4072 2337 4142 τὴν
2370 4070 2600 4142 ἄπειρον
2627 4069 2902 4140 ἀκοσμίαν
2933 4065 3361 4137 πεφυγάδευται.

465 4180 573 4237 que
606 4165 940 4236 potuerunt?
972 4162 1094 4219 Jam
1121 4168 1366 4219 aniimum
1412 4164 1631 4234 ipsum,
1700 4172 1965 4228 mentem,
2025 4173 2191 4235 atque
2264 4166 2532 4219 tationem
2599 4164 2962 4234 philosophus
3007 4162 3151 4217 unde
3215 4158 3418 4215 liabet?
3472 4157 3623 4213 Eane
3673 4156 3742 4212 ab

465 4257 748 4325 inanimis,
779 4263 834 4312 et
880 4257 1082 4312 mentis
1122 4272 1188 4327 ac
1231 4257 1461 4312 rationis
1505 4257 1825 4327 expertibus
1871 4257 2076 4313 atomis
2136 4257 2518 4321 cmendicavit,
2577 4274 2700 4328 quae
2756 4257 2861 4313 sibi
2908 4257 3151 4327 aliquam
3204 4253 3433 4324 singulae
3461 4253 3739 4307 notionem

465 4355 776 4426 dogmaque
811 4353 1097 4424 proprium
1152 4351 1503 4408 infuderint?
1556 4361 1611 4408 et
1651 4354 2116 4422 quemadmodum
2158 4352 2465 4409 Pandoram
2501 4369 2531 4407 a
2562 4353 2670 4409 diis
2708 4352 2978 4408 Hesiodus
3016 4351 3314 4414 fabulatur,
3341 4348 3420 4404 sic
3448 4349 3517 4403 ab
3542 4349 3739 4404 atomis

466 4451 719 4508 absoluta
754 4450 994 4505 hominis
1043 4449 1312 4519 sapientia
1367 4448 1577 4504 fuerit?
1643 4448 1719 4503 Ita
1752 4447 1942 4519 poesin
1994 4449 2255 4520 deinceps
2313 4465 2553 4513 onmem,
2604 4461 2932 4519 omnemque
2972 4446 3260 4508 musicam,
3301 4444 3696 4500 astronomiam
3725 4483 3742 4508 ,

466 4546 842 4621 geometriam,
890 4554 1224 4614 exterasque
1274 4545 1573 4608 doctrinas,
1626 4545 1855 4599 deorum
1904 4546 2124 4601 inventa
2165 4546 2336 4602 Graeci
2361 4546 3005 4616 atqueinstitutavoeare
3028 4539 3311 4595 desinant:
3347 4538 3476 4593 solae
3496 4538 3741 4592 omnium

467 4638 656 4712 peritae
693 4652 758 4693 ac
787 4636 1060 4708 sapientes
1082 4636 1251 4692 atomi
1303 4634 1465 4707 781
1516 4650 1689 4691 musae
1741 4636 2106 4694 celebrentur.
2165 4637 2300 4693 Nam
2331 4639 2421 4692 illa
2456 4638 2676 4709 quidem
2724 4652 2790 4691 ex
2836 4631 3037 4688 atomis
3064 4631 3282 4701 Epicuri
3311 4629 3625 4699 theogonia,
3677 4643 3742 4683 ex

467 4732 700 4792 inﬁnitis
727 4732 890 4788 etiam
921 4731 1145 4787 mundis
1184 4731 1479 4799 exsulavit,
1517 4731 1575 4785 in
1645 4731 1913 4787 inﬁnitam
1974 4734 2407 4804 perturbationis
2439 4735 2747 4788 vastitatem
2779 4730 2972 4799 ejecta.
3019 4747 3037 4779 ι

1021 4824 1250 4883 CAPUT
1287 4825 1502 4883 XXVII.

541 4941 774 5014 Operum
794 4957 1011 5014 suorum
1035 4939 1359 4995 molitionem
1402 4941 1513 5014 l_)_eo
1546 4939 1867 5014 laboriosam
1919 4958 1982 4995 ac

791 5013 1069 5067 molestam
1102 5029 1208 5066 non
1236 5028 1367 5066 esse.
1416 5010 1501 5065 Ea:
1527 5011 1728 5065 eodem.

545 5127 565 5161 ι
607 5106 785 5164 Moliri
832 5105 1060 5176 aliquid,
1100 5104 1507 5170 administrare,
1541 5102 1886 5171 benefacere,
1918 5118 2054 5175 pro-

468 5201 678 5267 videre,
709 5199 927 5269 aliaque
954 5197 1176 5263 similia,
1208 5195 1477 5251 inertibus
1508 5196 1728 5266 quidem
1758 5211 1824 5251 ac
1849 5193 2052 5259 stultis,

469 5293 743 5349 debilibus
776 5305 842 5346 ac
886 5306 1124 5362 nequam
1172 5289 1404 5345 molesta
1466 5287 1607 5344 forte
1646 5289 1779 5355 sint,
1817 5304 2052 5360 quorum

471 5401 532 5442 se
558 5399 811 5453 numero,
840 5383 970 5439 dum
1000 5384 1131 5439 t'alia
1170 5383 1238 5439 de
1262 5382 1369 5439 diis
1400 5383 1586 5451 sentit,
1638 5381 1911 5454 Epicurus
1957 5382 2055 5437 ad—

697 5496 824 5581 dis"
866 5495 1147 5581 διαμονῆς.

518 5558 657 5639 ,(32)
698 5558 824 5639 Ms,
864 5558 1081 5639 χρῆσιν.

543 5641 656 5781 (3'5;
698 5638 861 5693 Forte
897 5638 1149 5719 θεότητα.

544 5711 635 5781 (54
709 5710 1056 5781 Ἐπιπολαῖς,
1088 5709 1147 5781 AE

544 5706 656 5782 (54)
709 5706 1057 5782 Ἑτῃπολῆςξ
1086 5709 1241 5782 ΔΕιιῐιι
1283 5707 1676 5782 mihisensum
1718 5706 2060 5782 expressisse

473 5778 685 5846 videor,
725 5780 818 5850 qui
847 5795 914 5834 ex
948 5779 1268 5850 verbisillis
1297 5779 1527 5850 exprimi
1558 5786 1805 5850 poterat;
1844 5778 1939 5833 sed
1969 5784 2053 5830 ta—

477 5867 600 5906 men
630 5844 719 5905 illa
744 5844 874 5915 duo,
912 5849 965 5904 id
990 5858 1093 5914 est,
1124 5849 1199 5913 ὼς
1223 5848 1289 5903 ἂν
1318 5844 1421 5904 οἷοί
1453 5865 1512 5902 τε
1536 5844 1847 5920 γενώμεθα,
1869 5858 1924 5903 et
1947 5850 2062 5902 ἐπι-

2672 4820 3067 4880 ΚΕΦΑΛΛῘΟΝ
3103 4822 3228 4874 ΚΖ’.

2164 4947 2293 4998 "Ott
2324 4944 2437 4996 οὐκ
2477 4941 2774 4993 ἐπίπονον
2812 4934 2893 5017 τῷ
2921 4932 3043 5021 Θεῷ
3083 4932 3151 5014 Et)
3180 4928 3549 5003 ἐργάζεσθαι.
3600 4929 3747 4985 Ἀπὸ

2781 5024 2888 5061 του
2924 5022 3132 5059 αυτου.

2239 5132 2257 5163 ι
2295 5106 2653 5184 Ἐργάζεσθαι
2685 5102 2742 5156 δέ
2772 5118 2859 5171 γε,
2886 5099 2984 5154 καὶ
3008 5098 3254 5162 διοικεῖν,
3288 5096 3383 5149 καὶ
3435 5095 3747 5167 εὐεργετεῖν

2163 5222 2243 5268 τε,
2266 5204 2361 5256 καὶ
2385 5194 2777 5272 προκήδεσθαι,
2802 5189 2986 5247 καὶτὰ
3003 5188 3245 5253 τοιαῦτα,
3275 5191 3389 5252 τοῖς
3412 5188 3508 5258 μὲν
3534 5189 3745 5259 ἀργοῖς,

2165 5296 2261 5350 καὶ⁷
2272 5296 2492 5365 ἄφροσι,
2515 5289 2609 5343 καὶ
2627 5284 2898 5348 ἀσθενέσι,
2916 5285 3010 5337 καὶ
3026 5281 3357 5353 κακούργοις
3370 5278 3500 5343 ἴσως
3511 5278 3745 5350 ἐπαχθῆ,

2160 5383 2243 5451 οἷς
2272 5381 2623 5455 ἐγκατέλεξεν
2654 5380 2846 5434 ἐαυτὸν
2887 5376 3234 5448 Ἐπίκουρος,
3281 5373 3507 5427 τοιαῦτα
3547 5376 3750 5444 φρονή-

2164 5502 2354 5572 πολῆς,
2375 5500 2562 5572 minus
2582 5496 2883 5572 conjuncta
2915 5508 3038 5572 esse
3065 5505 3226 5557 posse
3249 5488 3505 5572 arbitror.
3531 5485 3747 5572 M'allem

2162 5556 2450 5643 igitur'etr‘t
2481 5556 2715 5643 πολλοῖς,
2741 5580 2901 5635 supp.
2943 5556 3182 5643 ῥήμασι,
3214 5576 3310 5641 seu
3340 5558 3534 5643 λόγοις.
3572 5556 3751 5611 Parti-

2165 5632 2287 5698 cuia
2327 5640 2428 5694 κᾶν
2462 5639 2545 5694 vel
2591 5639 2783 5693 abesse
2811 5632 3031 5705 potest,
3079 5632 3166 5705 vel
3202 5632 3247 5686 si
3296 5632 3582 5705 retinetur,
3632 5642 3750 5682 em-

2163 5711 2579 5838 pltasinrhabet
2620 5725 2746 5766 cum
2803 5699 3210 5764 asseveratione
3262 5699 3651 5771 conjunctam,
3690 5705 3751 5752 ut

2168 5799 2311 5838 smne
2344 5798 2375 5838 a
2401 5798 2501 5838 tas.

2168 5799 2311 5855 saepe
2344 5798 2501 5838 anas.
