4144 6416
364 322 518 397 19.85"

1539 334 1862 390 PREPAR.
1906 332 2161 388 EVANG.
2199 331 2328 387 LIB.
2364 331 2501 386 XIV.

3506 328 3644 385 1285

360 477 459 522 σας
488 458 617 527 περὶ
643 458 749 511 τῶν
778 458 915 511 θεῶν
940 476 951 488 ’
977 461 1088 522 τοῖς
1112 458 1167 511 δὲ
1193 455 1527 520 σπουδαίοις,
1555 458 1650 510 καὶ
1679 456 1946 520 δυνατοῖς,

2060 454 2252 524 iungit.
2285 454 2353 506 At
2388 468 2515 507 vero
2538 453 2826 517 studiosis,
2861 450 3191 517 valentibus,
3222 446 3532 515 industriis,
3561 457 3645 502 at-

358 553 452 607 καὶ
480 553 740 613 σιενετοῖς,
771 551 867 604 καὶ
906 550 1200 622 σώφροσιν,
1239 550 1386 613 οἵους
1414 544 1551 601 εἷναι
1576 549 1681 620 χρὴ
1716 550 1837 610 τοὺς
1865 566 1954 617 φι-

359 643 639 711 λοσόφους,
672 642 863 712 (πόσῳ
894 659 957 711 γε
992 642 1191 713 μᾶλλον
1239 641 1367 703 τοὺς
1397 638 1622 710 θεοὺςς)
1662 640 1759 709 οὑχ
1802 641 1951 701 ὅπως

359 733 496 804 ἀηδῆ
531 732 702 785 ταῦτα
731 734 825 786 καὶ
851 734 1152 803 προσάντη,
1184 730 1318 784 ἀλλὰ
1341 731 1436 785 καὶ
1461 731 1823 802 τερπνότατα,
1856 731 1953 783 καὶ

361 826 582 879 πάντων
606 825 806 896 μᾶλλον
834 825 1223 878 ἀσπαστότατα
1242 842 1257 855 ·
1284 820 1368 887 οἷς
1403 824 1463 877 τὸ
1488 823 1709 894 ἀμελὲς,
1747 824 1841 877 καὶ
1890 823 1952 876 τὸ

366 917 579 989 μέλλειν
605 934 660 970 τι
686 917 945 989 πράττειν
968 915 1078 968 τῶν
1111 915 1386 986 χρηστῶν,
1421 914 1622 978 ὄνειδος
1645 955 1659 979 ,
1702 914 1777 978 ώς
1804 914 1950 967 ἑκεί-

363 1028 487 1076 νους
516 1027 578 1064 τε
604 1009 833 1081 ποιητὴς
861 1007 1104 1061 νουθετεῖ
1145 1005 1548 1078 συμῢουλεύων,

467 1181 617 1251 Μηό’
652 1182 1100 1238 ἀναϐάλλεσθαι
1134 1183 1245 1254 (55)
1271 1185 1357 1249 εἰς
1393 1183 1633 1252 αὔριον.

366 1298 474 1351 Καὶ
499 1296 971 1369 προσεπαπειλῶν,

472 1412 598 1465 Alei.
630 1410 682 1463 δ’
711 1411 1103 1480 ὰμόολιεργὸς
1134 1409 1291 1479 ἀνὴρ
1323 1410 1504 1480 ἄτῃσι
1532 1410 1774 1464 παλαίει
1793 1425 1805 1438 ·

374 1525 551 1599 Ἠμᾶς
570 1545 628 1581 τε
658 1526 984 1597 σεμνότερον
1016 1525 1261 1579 παιδεύει
1296 1528 1586 1597 προφήτης
1609 1566 1624 1591 ,
1673 1524 1953 1596 θεοπρεπῆ

367 1621 465 1691 μὲν
487 1619 655 1682 ὅντως
683 1617 820 1689 ἔργα
846 1616 916 1671 τὰ
943 1619 1063 1671 κατ’
1096 1618 1296 1689 ἀρετὴν
1323 1618 1593 1690 ὑπάρχειν
1640 1617 1835 1687 λέγων,
1863 1617 1954 1669 τὸν

361 1714 418 1765 δὲ
449 1711 817 1782 ὀλιγωροῦντα
863 1710 1068 1763 τούτων
1117 1708 1420 1780 ἐξάγιστον.
1480 1730 1496 1762 t
1525 1711 1954 1782 Ἐπικατάρατος

360 1804 471 1876 γὰρ
508 1806 537 1857 ὁ
567 1804 738 1858 ποιῶν
767 1802 838 1856 τὰ
869 1803 1008 1873 ἔργα
1030 1803 1235 1874 Κυρίου
1269 1802 1539 1875 ἀμελῶς.»
1568 1800 1701 1857 Εἶτα
1730 1804 1956 1866 καὶτοῖς
1989 1846 2029 1899 Β

365 1898 464 1968 μὲν
513 1897 783 1971 ἀμαθέσιν
839 1892 1154 1967 ἡστινοσοῦν
1187 1898 1381 1968 τέχνης
1434 1898 1528 1951 καὶ
1560 1897 1950 1970 ἁτελεστέροις,

359 1988 450 2042 διὰ
474 1988 536 2041 τὸ
567 1989 666 2059 τῆς
697 1988 894 2059 πείρας
928 1988 1125 2060 ἀληθὲς
1152 1991 1246 2043 κοιί
1271 1989 1333 2042 τὸ
1366 1991 1475 2043 τῶν
1507 1990 1683 2062 ἔργων
1709 1990 1949 2061 ἁτριδὲς,

359 2080 609 2150 κάματος
645 2078 922 2148 ἐγγίνεται
946 2082 1066 2142 ταῖς
1096 2081 1503 2152 ἐπιχειρήσεων
1528 2099 1541 2111 ·
1570 2083 1620 2133 οἱ
1653 2081 1708 2134 δὲ
1749 2081 1952 2153 προκό-

358 2189 608 2234 πτοντες,
640 2173 734 2224 καὶ
763 2170 962 2242 μᾶλλον
989 2171 1070 2224 ἔτι
1097 2173 1147 2225 οἱ
1172 2172 1390 2236 τέλειοι,
1429 2173 1629 2245 ῥαδίως
1672 2173 1707 2228 ἃ
1738 2174 1954 2244 μετίασι

357 2263 755 2337 κατορθοῦντες
787 2263 1102 2333 γάννυνται,
1131 2265 1455 2336 καὶμᾶλλον
1508 2263 1575 2319 ἂν
1628 2265 1835 2318 ἕλοιντο
1884 2264 1953 2317 τὰ

358 2355 591 2408 εἰωθότα
610 2353 940 2425 πράττοντες
962 2354 1144 2409 ἀνύειν
1161 2354 1255 2408 καὶ
1280 2354 1696 2426 τελεσιουργεῖν,
1722 2355 1753 2425 ἧ
1779 2355 1955 2409 πάντα.

360 2447 546 2516 σφίσιν
578 2445 816 2517 ὑπάρξαι
837 2447 906 2498 τὰ
932 2447 990 2498 ὲν
1017 2445 1327 2517 ἀνθρώποις
1357 2445 1556 2515 ἀγαθά.
1614 2447 1954 2519 Δημόκριτος

357 2535 491 2606 γοῦν
522 2536 705 2599 αὑτὸς,
740 2535 816 2599 ὥς
846 2554 1037 2605 φασιν,
1066 2536 1219 2605 ἔλεγε
1257 2534 1542 2606 βούλεσθαι
1601 2538 1799 2609 μᾶλλον
1826 2540 1953 2611 μίαν

364 2636 542 2708 εὑρεῖν
570 2636 918 2706 αἰτιολογίαν,
956 2638 989 2706 ἢ
1017 2637 1115 2710 τὴν
1150 2638 1377 2710 Περσῶν
1406 2641 1453 2693 οἰ
1481 2637 1756 2709 βασιλείαν
1798 2639 1954 2709 γενέ-

364 2728 516 2783 σθαι·
548 2729 861 2794 καὶταῦτα,
896 2730 1073 2803 μάτην
1098 2732 1191 2785 καὶ
1215 2732 1470 2797 ἀναιτίως
1503 2732 1842 2800 αἰτιολογῶν,
1878 2731 1953 2796 ώς

363 2820 430 2875 ἂν
462 2821 569 2875 ἀπὸ
591 2824 755 2894 κενῆς
782 2822 979 2894 ἀρχῆς,
1010 2824 1104 2877 καὶ
1130 2824 1441 2889 ὑποθέσεως
1474 2823 1834 2895 πλανωμένης
1859 2826 1953 2895 ὁρ-

366 2913 637 2986 μώμενος,
660 2917 757 2970 καὶ
785 2918 884 2988 τὴν
915 2917 1090 2989 ῥίζαν,
1124 2918 1217 2972 καὶ⁸
1246 2919 1343 2989 τὴν
1372 2920 1559 2990 κοινὴν
1586 2918 1834 2989 ἀνάγκην
1856 2916 1956 2987 τῆς

362 3005 473 3059 τῶν
504 3005 673 3060 ὅντων
720 3006 936 3075 φύσεως
967 3010 1064 3079 οὑχ
1127 3010 1288 3081 ὁρῶν,
1340 3011 1531 3078 σοφίαν
1584 3011 1640 3064 δὲ
1693 3010 1957 3081 μεγίστην

362 3096 668 3171 ἡγούμενος
696 3098 795 3171 τὴν
818 3098 926 3154 τῶν
952 3100 1168 3169 ἀσόφως
1193 3101 1286 3155 καὶ
1303 3100 1526 3170 ἠλιθίως
1550 3101 1957 3171 συμϐαινόντων

2055 560 2162 615 que
2185 544 2503 613 solertihus,
2536 545 2848 615 cujusmodi
2874 542 3233 615 philosophos
3263 542 3494 613 (quanto
3527 556 3647 596 ma-

2054 637 2138 708 gis
2164 636 2363 709 deos?)
2391 652 2511 693 esse
2535 647 2807 708 oporteat,
2847 652 2959 693 non
3001 638 3168 693 modo
3200 650 3310 691 non
3340 636 3641 706 injucunda

2053 730 2171 786 inec
2221 740 2388 802 atque
2450 746 2684 802 aspera,
2742 748 2939 787 verum
3012 730 3178 786 etiam
3236 730 3644 801 iucundissima

2054 832 2203 891 sunt,
2232 825 2591 891 onmiumque
2624 824 2952 880 suavissima
2990 842 3004 878 :
3058 823 3261 894 quibus
3314 823 3645 895 negligentia

2057 930 2349 985 rerumque
2383 917 2652 970 bonarum
2685 916 3114 986 procrastinatio
3163 916 3419 972 dedecori
3476 916 3655 971 γρηὶ-η

2057 1022 2184 1073 tur;
2217 1009 2286 1063 ad
2323 1023 2465 1079 quos
2490 1009 2625 1065 illud
2677 1010 3082 1065 commonentis
3134 1018 3308 1079 poetae
3348 1008 3645 1065 consilium

2056 1098 2285 1167 pertinet
2315 1114 2331 1153 :

2059 1233 2073 1247 .
2086 1231 2122 1248 ..
2167 1191 2362 1247 Crasne
2386 1204 2707 1264 exspectata.

2055 1305 2154 1359 (Zui
2190 1320 2318 1359 mox
2350 1307 2834 1361 commiimtionem
2866 1308 3005 1361 hanc
3032 1306 3299 1377 adjungit,
3380 1328 3387 1335 η

2125 1416 2419 1473 Cunctator
2447 1419 2656 1474 damnis
2679 1437 2880 1490 semper
2908 1421 3146 1474 luctatur
3174 1420 3398 1476 acerbis.

2125 1530 2197 1584 At
2237 1546 2338 1587 nos
2383 1532 2605 1604 gravius
2654 1533 2893 1588 instituit
2947 1535 3231 1605 propheta,
3277 1535 3407 1590 dum
3450 1546 3507 1592 et
3543 1550 3644 1592 ac-

2060 1623 2237 1679 tiones
2268 1639 2391 1679 cum
2422 1625 2625 1680 virtute
2649 1626 2973 1696 eonjunctas
3004 1627 3113 1684 Deo
3147 1643 3273 1683 vere
3299 1627 3495 1699 dignas
3517 1642 3645 1684 esse

2063 1718 2404 1786 pronuntiat,
2460 1725 2515 1772 et
2570 1717 2843 1774 nefarium
2905 1720 3084 1785 illum,
3118 1736 3149 1775 a
3184 1736 3294 1791 quo
3346 1722 3630 1792 negligan-

2058 1816 2166 1873 tur,
2216 1809 2472 1880 appellat,
2526 1828 2546 1863 ι
2602 1810 2920 1868 Maledictus
2950 1798 3139 1878 “enim,
3175 1813 3269 1884 qui
3314 1812 3447 1869 facit
3476 1827 3645 1884 opera

2056 1898 2276 1955 Domini
2345 1901 2701 1972 negligenter.
2760 1921 2780 1955 ι
2835 1903 3041 1959 Deinde
3082 1913 3143 1958 ut
3186 1904 3242 1958 in
3293 1903 3486 1974 quavis
3528 1913 3646 1959 arte

2056 1994 2221 2049 rudes
2246 2002 2302 2049 et
2333 1994 2599 2061 inchoati,
2654 2003 2875 2065 propter
2926 1994 3277 2065 experientia:
3324 1995 3647 2059 novitatem,

2056 2093 2223 2155 atque
2265 2100 2500 2156 operum
2556 2086 2931 2154 insolentiam,
2978 2088 3109 2143 dum
3144 2087 3210 2142 ad
3239 2101 3353 2142 rem
3381 2101 3503 2142 sese
3534 2086 3648 2156 pri-

2056 2192 2209 2231 mum
2237 2178 2550 2249 accingunt,
2574 2178 2883 2234 molestiam
2917 2180 3199 2249 patiuntur
3246 2195 3260 2232 :
3312 2179 3387 2233 ita
3418 2177 3513 2247 qui
3548 2175 3649 2231 ali-

2056 2268 2194 2339 quid
2242 2268 2547 2339 profecere,
2592 2270 2879 2340 multoque
2912 2272 3093 2340 magis
3140 2270 3237 2340 qui
3269 2267 3498 2341 perfecti
3527 2268 3643 2340 jam

2057 2370 2209 2427 sunt,
2265 2361 2302 2415 ii
2364 2376 2487 2432 qua:
2536 2362 2878 2431 susceperint
2926 2364 3054 2417 dum
3101 2361 3261 2417 facile
3312 2360 3650 2433 feliciterque

2058 2453 2379 2522 conﬁciunt,
2414 2455 2694 2511 exsultant
2726 2456 2947 2524 animis,
2966 2471 3033 2512 ac
3057 2456 3388 2512 solemnium
3419 2471 3647 2528 operum

2058 2544 2482 2611 absolutionem,
2502 2546 2662 2602 bonis
2682 2546 2970 2602 hominum
2996 2547 3256 2603 omnibus
3286 2554 3646 2617 anteponunt.

2058 2634 2126 2690 Et
2159 2651 2290 2691 vero
2320 2635 2668 2695 Democritus
2715 2638 2855 2708 ipse,
2900 2653 3127 2694 causam
3182 2654 3348 2693 unam
3379 2638 3646 2709 aliquam,

2059 2736 2116 2782 ut
2145 2728 2349 2796 ferunt,
2384 2729 2653 2797 invenire,
2712 2746 2877 2801 quam
2904 2730 3006 2785 sibi
3040 2729 3332 2785 Persarum
3357 2729 3649 2800 imperium

2059 2818 2322 2874 obvenire
2370 2818 2696 2874 maluisset:
2755 2828 2919 2888 atque
2974 2820 3030 2875 id
3088 2820 3254 2874 homo
3293 2819 3389 2888 qui
3446 2835 3649 2877 causas

2058 2909 2265 2965 frustra
2311 2912 2602 2982 causisque
2653 2911 2885 2967 sublatis
2929 2912 3248 2982 inquireret,
3305 2930 3432 2970 cum
3482 2914 3649 2971 inane

2059 3004 2414 3074 principium,
2446 3020 2512 3061 ac
2542 3004 2756 3075 plenam
2795 3006 3002 3061 erroris
3034 3006 3364 3077 hypothesiu
3398 3018 3646 3075 secutus,

2060 3105 2224 3166 atque
2247 3096 2301 3149 in
2343 3096 2529 3152 radice
2567 3098 2959 3168 communique
2993 3106 3205 3153 naturae
3237 3114 3424 3154 rerum
3463 3116 3653 3157 neces-

363 3189 712 3262 κατανόησιν,
745 3191 841 3244 καὶ
864 3191 961 3263 τὴν
989 3191 1181 3264 τύχην,
1209 3192 1315 3245 τῶν
1344 3193 1443 3263 μὲν
1466 3192 1693 3248 καθόλου
1729 3193 1955 3246 καὶτῶν

2060 3188 2220 3243 sitate
2241 3187 2560 3256 caecutiens,
2584 3204 2776 3245 eorum
2831 3204 2956 3260 quae
3004 3190 3381 3261 imprudenter
3416 3193 3647 3250 stolide-

364 3280 527 3335 θείων
580 3282 867 3335 δέσποιναν
901 3282 1127 3351 ἐφιστὰς
1184 3283 1279 3335 καὶ
1313 3280 1587 3351 βασιλίδα,
1638 3282 1732 3334 καὶ
1779 3281 1959 3335 πάντα.

363 3373 620 3442 γενέσθαι
654 3375 776 3427 κατ’
804 3374 973 3445 αὐτὴν
1001 3374 1461 3444 ἀποφαινόμενος,
1496 3373 1592 3427 τοῦ
1641 3373 1699 3426 δὲ
1730 3372 1837 3427 τῶν
1869 3374 1960 3426 ἀν-

365 3465 602 3537 θρώπων
632 3466 801 3537 αὐτὴν
825 3466 1223 3537 ἀποκηρύττων
1247 3466 1387 3538 βίου,
1415 3467 1511 3520 καὶ
1534 3465 1662 3529 τοὺς
1693 3464 1960 3537 πρεσϐεύ-

362 3575 525 3622 οντας
555 3558 725 3630 αὑτὴν
756 3558 995 3629 ἐλέγχων
1027 3557 1367 3629 ἀγνώμονας.
1424 3558 1545 3612 Τῶν
1593 3556 1723 3626 γοῦν
1757 3556 1958 3629 ὑποθη-

363 3648 480 3703 κῶν
538 3648 839 3719 ἀρχόμενος
901 3647 1077 3717 λέγει’
1118 3667 1138 3700 ι
1185 3648 1500 3717 ’Ἄνθρωποι
1537 3646 1709 3718 τύχης
1743 3645 1959 3700 εἴδωλον

361 3742 688 3807 ἐπλάσαντο,
725 3741 997 3813 πρόφασιν
1039 3741 1176 3811 ἰδίης
1221 3741 1409 3813 ἀνοίης
1458 3740 1640 3812 (φύσει
1677 3738 1787 3811 γὰρ
1819 3738 1959 3808 γνώ-

367 3851 445 3905 μη
484 3832 595 3903 (36)
625 3833 764 3906 τύχῃ
794 3832 1072 3904 μάχεται),
1106 3834 1200 3886 καὶ
1224 3832 1320 3904 τὴν
1346 3831 1604 3903 ἐχθίστην
1644 3835 1712 3903 τῇ
1755 3832 1961 3902 φρονή-

366 3942 451 3979 σει
482 3925 686 3997 ταύτην
736 3925 908 3996 αὑτὴν
962 3924 1172 3995 ἔφασαν
1202 3927 1457 3997 κρατεῖν
1517 3924 1719 3995 μᾶλλον
1775 3923 1834 3977 δὲ
1864 3925 1961 3978 καὶ

362 4017 571 4089 ταύτην
604 4018 773 4089 ἄρδην
804 4017 1157 4089 ἀναιροῦντες
1202 4017 1297 4070 καὶ
1331 4017 1715 4086 ἀφανίζοντες,
1744 4015 1960 4087 ἐκείνην

364 4111 807 4165 ἀντικαθιστᾶσιν
836 4111 1007 4181 αὑτῆς
1030 4128 1045 4143 ο
1073 4111 1135 4163 οὑ
1168 4108 1277 4181 γὰρ
1303 4109 1504 4181 εὐτυχῆ
1550 4109 1648 4181 τὴν
1674 4108 1958 4181 φρόνησιν,

366 4203 941 4275 ἁλλ’ὲμφρονεστάτην
971 4202 1201 4275 ὑμνοῦσι
1227 4196 1325 4274 τὴν
1354 4201 1523 4273 τύχην
1550 4201 1704 4273 (515⁸).
1739 4220 1758 4251 ι
1781 4202 1843 4254 Οἱ
1862 4201 1961 4272 μὲν

366 4291 462 4349 οὖν
476 4295 584 4349 τῶν
602 4294 881 4367 βιωφελῶν
907 4296 1085 4367 ἔργων
1117 4296 1405 4349 ἐπιστάται
1423 4296 1542 4358 ταῖς
1574 4295 1712 4367 πρὸς
1739 4294 1800 4347 τὸ
1832 4294 1962 4365 ὁμό-

368 4387 537 4457 φυλον
577 4386 923 4460 ἐπικουρίαις
952 4386 1302 4456 ἀγάλλονται,
1344 4386 1565 4440 ἐπαίνου
1592 4403 1651 4439 τε
1680 4386 1961 4459 ὀρέγονται

366 4479 466 4531 καὶ
487 4475 676 4540 κλέους
705 4477 789 4545 ἐφ’
814 4471 897 4540 οἷς
929 4475 1108 4531 αὑτῶν
1138 4478 1572 4548 προκάμνουσιν,
1600 4477 1650 4529 οἱ
1698 4476 1798 4547 μὲν
1831 4476 1957 4545 τρέ-

2061 3293 2168 3348 que
2212 3278 2592 3350 contingerent
2645 3281 2918 3345 notitiam,
2971 3297 3204 3338 summae
3244 3284 3524 3354 sapientia:
3553 3302 3648 3357 ge,-

2062 3385 2167 3427 nus
2199 3379 2438 3441 putaret,
2484 3373 2647 3443 782
2696 3372 3089 3447 fortunamque
3131 3392 3316 3432 rerum
3360 3378 3649 3434 universa-

2061 3463 2196 3518 lium
2231 3472 2399 3535 atque
2429 3465 2738 3521 divinarum
2782 3464 3061 3524 dominam
3102 3472 3459 3541 reginamque
3512 3487 3649 3529 con-

2063 3557 2317 3623 stituens,
2353 3564 2660 3628 ca:teraque
2703 3560 2885 3615 omnia
2942 3562 3073 3632 ejus.
3091 3563 3322 3619 arbitrio
3368 3563 3487 3619 fieri
3516 3580 3649 3635 pro-

2062 3648 2342 3716 nuntians,
2372 3649 2627 3706 eamdem
2650 3656 2834 3707 tamen
2865 3652 2932 3708 ab
2954 3653 3209 3711 humana:
3230 3656 3354 3713 vitae
3378 3671 3652 3715 commer-

2062 3738 2151 3792 cio
2181 3739 2376 3809 procul
2407 3741 2704 3812 ablegaret,
2733 3745 2937 3815 quique
2963 3746 3113 3802 illam
3167 3748 3433 3815 colerent,
3475 3752 3652 3808 insul-

2062 3844 2158 3886 sos
2192 3846 2312 3888 esse
2341 3826 2711 3891 convinceret.
2748 3836 2893 3893 Sane
2919 3840 3139 3909 quidem
3166 3841 3400 3911 ipsemet
3426 3844 3651 3901 institu-

2060 3926 2273 3981 tionum
2308 3943 2535 3984 suarum
2565 3932 2810 3998 exordio,
2849 3931 2927 3987 sic
2964 3932 3211 4003 loquitur
3248 3952 3264 3989 :
3317 3953 3337 3986 ι
3367 3933 3650 4003 Homines,

2062 4020 2262 4090 inquit,
2286 4022 2417 4078 dum
2454 4023 2702 4079 stultitia:
2726 4040 2840 4080 suae
2862 4025 3043 4080 velum
3081 4037 3409 4096 quaererent,
3443 4044 3647 4085 vanum

2062 4110 2321 4169 Fortuna:
2402 4115 2760 4171 simulacrum
2841 4115 3120 4172 ﬁnxerunt
3180 4119 3427 4191 (pugnat
3498 4123 3646 4178 enim

2063 4216 2257 4277 suapte
2290 4215 2486 4263 natura
2513 4222 2639 4263 cum
2671 4208 2895 4264 fortuna
2924 4212 3219 4279 consilium
3244 4213 3263 4284 )
3286 4255 3300 4280 ,
3329 4213 3649 4273 inimicissi-

2063 4314 2319 4370 mamqne
2379 4299 2683 4369 prudentia:
2703 4300 2976 4356 dominari
3034 4304 3369 4373 voluerunt;
3430 4311 3648 4371 tametsi

2062 4390 2244 4459 potius
2305 4389 2410 4445 hac
2473 4390 2637 4445 etiam
2705 4393 3068 4448 exterminata
3132 4393 3492 4469 funditusque
3517 4403 3650 4458 sub-

2066 4481 2196 4545 lata,
2237 4480 2358 4551 ejus
2384 4481 2436 4535 in
2493 4481 2676 4537 locum
2722 4483 2948 4539 alteram
2983 4485 3131 4541 illam
3187 4488 3510 4559 sulliciunt;
3547 4510 3649 4551 nec

368 4585 581 4638 φοντες,
617 4568 666 4621 οἰ
693 4567 750 4621 δὲ
783 4565 1178 4639 κυϐερνῶντες,
1210 4570 1260 4622 οἰ
1289 4568 1335 4621 δ’
1365 4567 1606 4640 ἰώμενοι,
1642 4570 1691 4622 οἰ
1721 4567 1779 4621 δὲ
1806 4567 1958 4621 πολι-

2062 4572 2208 4625 cnim
2242 4571 2603 4659 ‘fortunatam
2664 4572 2756 4629 isti
2815 4576 3183 4645 prudentiam.
3211 4578 3306 4634 sed
3336 4581 3651 4650 prudentis-

366 4662 650 4734 τευόμενοι
675 4679 689 4693 ’
719 4663 768 4716 οἰ
800 4661 857 4715 δέ
899 4678 964 4732 γε
998 4662 1277 4732 φιλόσοφοι
1314 4663 1407 4716 καὶ
1448 4661 1652 4733 σφόδρα
1680 4660 1961 4715 παιδεύειν

366 4753 774 4825 ἐπιχειροῦντες
806 4753 1128 4825 ἀνθρώπους
1152 4755 1533 4826 φρυάττονται.
1560 4749 1637 4807 Ἦ
1658 4754 1963 4824 τολμήσου-

371 4861 460 4898 σιν
495 4844 817 4917 Ἐπίκουρος
848 4844 882 4916 ἢ
908 4845 1248 4917 Δημόκριτος
1281 4847 1476 4910 εἰπεῖν,
1507 4844 1584 4907 ὡς
1630 4843 1965 4914 ἀσχάλλουσι

370 4935 823 5007 φιλοσοφοῦντεςς
871 4937 1011 4991 Ἀλλ’
1037 4937 1159 4993 οὐδὲ
1182 4937 1449 5010 θυμηδίαν
1482 4937 1689 5009 ταύτης
1743 4937 1810 4992 ἂν
1853 4938 1964 4992 ἑτέ-

374 5040 477 5101 ραν
506 5028 794 5100 προθεῖντο
817 5043 832 5058 ⁶
869 5030 964 5082 καὶ
995 5028 1105 5101 γὰρ
1142 5031 1191 5082 εἰ
1236 5029 1297 5084 τὸ
1333 5029 1534 5099 ἀγαθὸν
1575 5028 1770 5102 ἡδονὴν
1823 5025 1963 5084 εἰναι

367 5121 683 5193 φρονοῦσιν,
741 5122 855 5175 ἀλλ’
913 5120 1322 5194 αἰδεσθήσονταί
1377 5139 1442 5192 γε
1498 5122 1575 5193 μὴ
1630 5121 1812 5192 λέγειν
1863 5123 1962 5195 ἡδὺ

365 5213 435 5266 ὂν
466 5212 576 5284 (57)
617 5214 803 5279 αὐτοῖς
852 5210 990 5268 εἶναι
1040 5214 1103 5269 τὸ
1137 5214 1484 5285 φιλοσοφεῖν·
1527 5217 1654 5280 τοὺς
1699 5216 1757 5269 δὲ
1782 5215 1960 5279 θεοὺς,

366 5306 504 5376 περὶ
534 5298 609 5361 ὧν
635 5309 684 5360 οἱ
713 5306 811 5378 μὲν
842 5308 1062 5377 ποιηταὶ
1092 5309 1222 5380 παρ’
1256 5309 1438 5371 αὐτοῖς
1472 5307 1656 5380 ᾄδουσι
1683 5327 1701 5360 ι
1733 5308 1964 5380 δοτῆρας

448 5482 562 5553 (55)
601 5483 750 5551 Μηδ’
778 5483 1243 5540 ἀναϐάλλεσθαι.
1275 5484 1495 5542 Hesiodi
1528 5487 1694 5543 verba
1729 5496 1881 5553 sunt,
1906 5487 1963 5542 in

367 5553 568 5623 Ἔργα,
593 5569 647 5609 v.
680 5553 786 5609 408
816 5573 829 5608 :

448 5666 604 5734 Mm?
634 5666 1085 5723 ἀναϐάλλεσθαι
1107 5673 1196 5736 εὶς
1223 5670 1452 5739 αὔριον,
1483 5670 1574 5738 εἶς
1602 5674 1649 5725 τ’
1676 5671 1935 5742 ἒννηφιν

361 5759 780 5834 Quisequitur,
807 5761 927 5834 Alei.
947 5761 992 5815 δ’
1026 5762 1410 5834 ἁμϐολιεργός,
1440 5773 1546 5818 etc.
1580 5765 1710 5818 ihid.
1742 5765 1869 5818 4H.

453 5828 568 5900 (56)
594 5828 806 5885 ’Φύσει
861 5833 973 5899 γὰρ
1018 5828 1554 5899 ττλώιιη.Ῥι·ωοιιιι·θ
1601 5834 1810 5891 Tullius
1866 5852 1960 5892 vro

2063 4662 2259 4717 simam
2294 4673 2499 4720 canunt
2523 4665 2911 4737 celebrantque
2960 4667 3261 4726 fortunam.
3287 4689 3307 4722 ι
3343 4672 3518 4730 Porro
3546 4675 3650 4731 uti-

2063 4754 2198 4809 lium
2246 4756 2373 4811 vitae
2423 4771 2654 4828 operum
2708 4760 3085 4818 moderatores
3147 4778 3359 4831 omnes,
3396 4768 3649 4825 navanda

2065 4849 2181 4902 suis
2215 4861 2381 4918 opera
2408 4850 2648 4906 maxime
2687 4850 3051 4921 delectantur,
3108 4854 3438 4928 laudemque
3485 4860 3650 4917 simul

2064 4950 2120 4996 et
2148 4942 2380 5012 gloriam
2410 4958 2539 4998 cum
2558 4944 2845 5002 laboribus
2870 4945 2990 5002 suis
3033 4961 3135 5017 pro
3162 4951 3443 5005 communi
3475 4952 3651 5007 salute

2066 5035 2338 5105 susceptis
2376 5037 2729 5107 compensari
2771 5037 3007 5092 volunt:
3055 5037 3148 5092 alii
3177 5038 3400 5109 quidem
3431 5043 3649 5105 alenda,

2065 5126 2304 5197 regendo
2330 5127 2445 5191 alii,
2500 5127 2596 5182 alii
2645 5128 2938 5193 medendo,
2991 5128 3082 5183 alii
3123 5130 3517 5201 rempublicam
3557 5150 3649 5203 ge-

2066 5221 2279 5276 rendo:
2315 5220 2527 5291 ipsique
2552 5219 2689 5275 adeo
2710 5219 3023 5290 philosophi
3072 5234 3174 5277 suo
3218 5212 3317 5277 illo
3357 5222 3649 5279 instituen-

2065 5313 2261 5368 dorum
2295 5314 2581 5369 hominum
2615 5320 2814 5367 conatu
2844 5327 2909 5368 ac
2939 5313 3123 5369 studio
3149 5314 3411 5385 majorem
3443 5316 3498 5370 in
3534 5333 3668 5397 me:

2068 5491 2348 5565 Marcello,
2373 5500 2503 5547 sect.
2531 5491 2563 5545 7
2590 5507 2602 5543 :
2634 5489 2924 5565 Nunquam
2948 5493 3213 5548 temeritas
3244 5511 3363 5548 cum
3385 5497 3648 5565 sapientia

2067 5564 2455 5626 commiscetur,
2480 5578 2572 5615 nec
2593 5562 2662 5615 ad
2689 5562 2971 5615 consilium
3002 5580 3156 5619 casus
3179 5562 3505 5620 admittitur.

2142 5632 2273 5703 (56')
2336 5632 2458 5699 Τὴν
2503 5633 2718 5753 τύόῃν.
2766 5630 3043 5714 llactenus
3092 5634 3262 5702 verba
3318 5635 3646 5697 Democrili'

2145 5719 2188 5753 ’Β
2213 5712 2537 5753 senunntur.
2618 5716 2814 5753 IOIIVSII
2850 5712 2998 5753 SUDL

2066 5719 2188 5774 quae
2213 5712 2542 5774 sequuntur,
2572 5712 2814 5774 Dionysii
2850 5712 2998 5759 sunt.

2139 5774 2251 5846 (ετ)
2288 5772 2453 5832 Forte
2480 5772 2659 5846 ἥδιον.
