2072 3207
244 163 314 191 1287

572 162 707 190 EUSEBII
725 140 967 189 CAESARIE‘NSIS
987 159 1063 188 OPP.
1085 159 1175 186 PARS
1193 159 1224 186 ll.
1246 175 1280 179 —
1300 158 1555 187 APOLOGETICA.

1814 160 1885 188 1288

243 224 309 251 dum
324 223 482 251 eﬂ‘eruntur.
499 223 678 250 Audebuntne
695 230 760 249 vero
785 222 919 256 Epicurus
936 227 962 248 et
983 221 1036 248 De-

1092 221 1159 247 ὲάων
1172 221 1228 254 (58)
1240 229 1248 234 ·
1270 230 1279 246 ι
1294 217 1366 247 οὗτοι
1379 220 1408 246 δὲ
1422 220 1446 246 οἱ
1463 218 1603 254 φιλόσοφοι
1621 218 1690 253 μετά
1708 217 1824 250 τωθείας
1839 219 1883 244 εὑ-

243 270 376 297 mocritns
388 270 487 301 dicere,
508 269 652 296 molestum
669 270 719 297 sibi
734 274 816 304 atque
837 269 955 296 invisum
972 276 1035 296 esse

242 316 451 350 philosophandi
479 324 581 343 munus
606 316 618 342 ?
645 315 702 343 lmo
727 323 782 342 non
810 315 890 342 aliam
914 315 1036 350 profecto

243 361 307 388 huic
331 362 415 388 animi
443 362 607 396 voluptatem
631 366 807 397 anteponant.
830 361 888 388 Etsi
901 362 972 388 enim
988 361 1037 388 bo-

243 414 309 433 num
325 406 488 440 voluptatem
504 415 612 434 omnem
628 414 689 434 esse
704 411 839 438 slatuunt,
868 406 922 433 hoc
945 410 1034 433 tamen

243 451 333 479 dicere
354 452 531 484 verebuntur.
547 452 731 487 philosophari
748 452 801 479 sibi
821 459 876 478 non
899 459 961 479 esse
978 451 1037 478 vul-

243 498 301 533 gari
317 498 455 533 voluptate
469 499 631 534 jucundius.
658 498 729 526 Deos
754 506 849 533 porro,
861 505 932 533 quos
950 502 1036 532 poeta!

243 543 356 577 quidem
368 552 378 569 ‹
395 543 530 571 bonorum
543 548 669 571 auctores
682 553 691 569 ι
707 544 867 577 praedicant,
880 543 1036 578 philosophi

243 596 310 616 vero
335 589 392 620 isti.
415 589 518 616 nullius
540 590 652 616 omnino
678 590 743 617 boni
759 589 802 616 vel
818 594 945 617 auctores
963 596 1036 621 esse,

243 635 286 662 vel
302 635 449 670 participes
466 635 577 662 ridemlo
590 635 715 670 jactant;
733 636 809 669 deos,
823 635 947 670 inquam,
963 635 1035 666 illos,

244 681 346 716 quibus
367 681 475 708 tandem
492 681 645 708 rationibus
669 685 698 708 ut
721 681 787 708 deos
804 688 867 708 esse
881 685 975 715 putent
989 680 1038 707 ad-

244 728 401 761 ducuntur;
418 735 488 763 quos
505 735 555 754 nec
571 732 719 762 praesentes
734 727 854 758 videant,
871 734 922 753 nec
946 734 1035 753 rerum

245 773 394 807 quidquam
412 772 556 799 molientes
572 772 653 806 (quos
682 772 767 798 secuti
783 772 880 799 saltem
896 771 1035 804 videntur,

244 818 292 853 qui
307 819 403 851 solem,
430 818 523 845 lunam
543 825 575 845 ac
599 818 694 845 stellas
723 818 861 850 admirati,
880 817 964 848 Θεοὺς
985 817 1037 845 hoc

244 870 288 893 est
313 865 386 897 deos,
401 864 445 891 διὰ
461 864 492 891 τὸ
506 864 588 897 θέειν,
610 864 636 891 id
662 868 713 896 est,
740 871 754 890 a
776 864 911 891 currendo
926 868 1036 902 vocatos

1091 267 1222 302 φημοῦσι,
1235 266 1291 293 Θεοί
1303 267 1411 293 πάντων
1419 264 1530 299 ἀγαθῶν
1543 264 1679 300 ἀδώρητοι
1689 264 1744 300 (39)
1755 265 1803 291 καὶ
1813 264 1883 300 ἀμέ-

1089 316 1178 348 τύχοι·
1199 313 1246 339 καὶ
1269 312 1321 339 τίνι
1345 311 1439 347 τρόπῳ
1464 311 1677 346 τεκμηριοῠνται
1706 310 1783 341 θεοὺς
1805 308 1883 341 εἶναι,

1092 360 1162 395 μήτε
1176 359 1314 394 παρόντας
1333 358 1380 385 καὶ
1400 357 1571 392 πράττοντας
1585 366 1611 383 τι
1637 356 1754 392 ὁρῶντες
1770 376 1778 388 ,
1796 357 1833 388 ὼς
1847 357 1883 388 οἳ,

1090 406 1135 432 τὸν
1151 404 1226 440 ἥλιον
1240 404 1287 432 καὶ
1303 404 1353 439 τὴν
1367 403 1481 439 σελήνην
1493 404 1541 429 καὶ
1553 403 1617 434 τοὺς
1637 402 1756 439 ἀστέρας
1777 402 1884 438 θαυμά-

1091 459 1195 482 σαντες,
1209 451 1253 477 διὰ
1267 450 1297 477 τὸ
1314 450 1385 476 θέειν
1401 450 1504 484 ἔφασαν
1532 449 1682 484 κεκλῆσθαι
1700 448 1778 481 θεούς
1788 457 1795 464 ·
1815 449 1883 484 μήτε

1090 497 1151 523 τινὰ
1166 496 1344 532 δημιουργίαν
1358 496 1450 527 αὐτοῖς
1460 495 1477 530 ἢ
1489 494 1661 530 κατασκευὴν
1672 494 1882 530 προσνέμοντες,

1091 542 1124 569 ἵν’
1141 543 1173 568 ὲκ
1183 542 1230 568 τοῦ
1246 541 1343 573 θεῖναι,
1360 540 1433 567 τοῦτ’
1453 540 1510 566 ἔστι
1530 540 1661 575 ποιῆσαι,
1685 539 1883 574 θεοπιήσωσιν

1091 587 1207 618 αὐτούς·
1229 586 1344 621 (τούτου
1370 585 1424 621 γὰρ
1440 585 1521 611 ἓνεκα
1543 585 1611 621 πρὸς
1633 585 1763 620 ἀλήθειαν
1787 586 1802 611 ὁ
1829 585 1882 610 τῶν

1090 632 1218 659 ἁπάντων
1235 632 1348 668 ποιητὴς
1366 632 1413 658 καὶ
1427 631 1592 667 δημιουργὸς
1614 631 1693 666 μόνος
1706 631 1763 657 ἐστὶ
1779 631 1881 665 Θεός·)

1093 679 1160 714 μήτε
1181 677 1352 713 διοίκησιν,ἥ
1370 677 1470 713 κρίσιν,
1497 677 1513 712 ἢ
1532 677 1611 712 χάριν
1626 676 1715 704 αὐτῶν
1731 685 1793 703 τινα
1814 676 1882 712 πρὸς

1091 723 1251 759 ἀνθρώπους
1267 723 1446 759 ἐκτιθέμενοι,
1465 722 1508 749 ἵνα
1522 722 1604 756 φόϐον
1617 723 1634 758 ἢ
1650 723 1733 758 τιμὴν
1749 722 1883 757 ὀφλήσαν-

1090 779 1136 802 τες
1148 771 1380 805 προσκυνήσωμεν
1395 770 1504 801 αὺτοῖς;
1527 770 1563 795 Ἢ
1583 768 1631 795 τοῦ
1653 769 1756 803 κόσμου
1779 767 1884 803 προκύ-

1090 815 1144 851 ψας
1167 816 1338 851 Ἐπίκουρος,
1356 816 1403 842 καὶ
1417 815 1463 842 τὸν
1480 815 1605 850 οὐράνιον
1628 814 1750 849 ὑπερὸὰς
1775 813 1884 849 περίϐο-

1091 862 1147 893 λον,
1163 862 1179 898 ἢ
1196 862 1240 889 διά
1251 871 1330 888 τινων
1357 862 1490 897 κρυφίων,
1517 860 1551 893 ἃς
1570 861 1650 896 μόνος
1673 858 1752 892 εἶδεν,
1769 859 1884 891 ἐξελθὼν

244 920 306 940 esse
333 912 484 943 dixerunt),
510 918 560 937 nec
583 909 638 936 ullo
659 916 770 944 prorsus
800 909 826 935 in
853 916 967 943 operum
992 914 1039 935 aut

1092 907 1192 939 πυλῶν,
1206 906 1253 938 οὒς
1269 906 1323 942 (40)
1342 906 1370 932 ἐν
1386 905 1425 940 τῷ
1439 905 1510 940 κενῷ
1525 905 1632 931 κατεῖδε
1660 904 1748 936 θεοὺς,
1764 905 1811 931 καὶ
1835 903 1884 939 τὴν

245 956 419 985 functionum
440 963 540 990 genere
564 954 666 982 versati
693 954 817 986 credant,
839 960 868 981 ut
881 961 929 981 eos
943 954 975 980 ἐκ
990 953 1037 980 τοῦ

245 1004 342 1035 θεῖναι,
371 1004 422 1029 hoc
445 1006 486 1029 est
511 1002 546 1028 ab
570 1000 712 1028 eﬂiciendo
743 1000 950 1035 θεοποιήσωσιν,
973 1000 1039 1027 deos

244 1049 364 1077 etliciunt
390 1049 545 1083 (propterea
576 1047 677 1082 quippe
690 1046 812 1073 omnium
829 1046 940 1077 eﬂ‘ecmr
957 1050 1039 1080 atque

244 1095 354 1123 molitor
369 1102 440 1121 unus
459 1100 523 1120 vere
539 1092 609 1120 Deus
620 1094 684 1126 est),
699 1092 774 1119 nullo
788 1092 906 1126 denique
921 1092 964 1118 vel
985 1099 1038 1127 gu-

245 1139 427 1170 bernatiOnis,
454 1139 495 1166 vel
518 1138 625 1171 iudicii,
641 1137 683 1164 vel
701 1137 824 1164 beneﬁcii
847 1137 959 1164 v'inculo
976 1144 1038 1164 cum

247 1186 406 1214 hominibus
425 1185 510 1213 teneri
526 1185 620 1217 vilint,
636 1189 665 1211 ut
678 1184 781 1211 cultum
804 1183 838 1210 iis
862 1184 981 1218 aliquem
997 1183 1039 1211 vel

247 1235 333 1262 metu,
350 1231 391 1258 vel
407 1229 521 1257 h0noris
533 1236 617 1256 causa
630 1228 801 1255 debeamus?
818 1226 889 1254 Num
907 1227 1040 1261 Epicurus

247 1278 328 1309 forte,
357 1284 429 1304 eum.
450 1276 520 1302 ultra
551 1274 683 1301 mundum
708 1275 779 1301 hunc
805 1273 984 1308 prospiciens,
1007 1280 1040 1299 ac

247 1324 386 1352 cmlcstem
412 1322 490 1349 illum
520 1320 653 1347 ambitum
680 1325 899 1354 praetergressus,
924 1322 971 1345 aut
992 1325 1040 1352 per

248 1368 387 1396 occultum
416 1366 553 1401 quoddam
579 1365 728 1399 posticum,
755 1364 861 1398 sibique
876 1363 928 1390 soli
956 1362 1037 1397 783

248 1420 344 1442 notum
368 1420 507 1448 egressus.
531 1412 597 1438 tleOs
614 1411 640 1437 in
655 1418 742 1437 vacuo
768 1410 897 1443 degentes
913 1408 992 1441 vidit,
1008 1416 1040 1434 ac

248 1467 385 1488 summam
397 1466 492 1486 eorum
516 1459 599 1485 tantis
615 1457 641 1483 in
655 1455 761 1483 deliciis
781 1455 939 1482 felicitatem
956 1455 1040 1481 admi-

248 1512 337 1537 ratus,
368 1506 535 1540 volupiatem
567 1503 633 1530 inde
654 1502 835 1536 concupiscit,
856 1506 939 1536 atque
964 1501 1037 1527 illum

247 1561 309 1589 quas
327 1554 354 1580 in
367 1559 453 1579 vacuo
473 1551 583 1578 ducitur
599 1550 682 1576 vitam
693 1548 849 1580 aemulatus,
864 1554 959 1574 omnes
973 1554 1039 1573 con-

251 1600 329 1627 tinuo
353 1603 488 1632 tanquam
515 1597 629 1623 deorum
658 1593 767 1620 illorum
790 1592 895 1620 similes
921 1591 1039 1623 futuros,

248 1646 310 1682 ejus
325 1646 358 1672 ad
377 1643 515 1671 felicitatis
532 1640 753 1669 communionem
773 1647 805 1666 ac
819 1638 979 1666 societatem
999 1637 1041 1663 in—

248 1695 326 1720 vitat.
343 1691 448 1724 Quibus
474 1690 519 1716 ille
533 1688 717 1719 cmnaculum,
734 1694 788 1713 non
804 1685 862 1720 jam
876 1684 975 1711 cmlum
995 1688 1043 1710 aut

248 1738 404 1773 Olympum,
415 1741 444 1762 ut
453 1738 549 1769 poetae,
561 1733 607 1760 sed
621 1740 738 1760 vacuum
754 1731 873 1762 instruit,
890 1728 1041 1756 confectam

248 1793 283 1811 ex
297 1783 396 1810 atomis
414 1788 552 1816 apponens
569 1778 746 1811 ambrosiam,
769 1776 945 1810 indidemque
971 1776 1041 1802 hau-

255 1833 327 1858 stum
346 1832 439 1855 nectar
455 1827 612 1861 propinans.
631 1824 764 1851 (laterum
782 1823 816 1850 iis
830 1822 864 1849 de
878 1822 969 1854 rebus,
982 1829 1042 1856 quae

251 1875 321 1903 nihil
336 1874 369 1901 ad
383 1881 433 1900 nos
451 1874 615 1907 pertineant,
631 1870 704 1896 mille
717 1869 873 1903 juranienta
895 1874 1043 1902 sacrasque

250 1920 449 1949 obtestationes
468 1919 527 1944 suis
541 1916 643 1951 passim
662 1915 740 1943 libris
753 1914 908 1945 inferciens,
927 1921 975 1948 per
996 1912 1043 1939 Jo-

249 1976 310 1995 vem
325 1966 435 1993 assidue
446 1965 488 1992 vel
500 1967 579 1998 negat
591 1962 693 1997 aliquid
709 1962 751 1989 vel
768 1960 894 1993 aﬂirmat,
910 1960 1042 1987 lectores-

250 2021 303 2048 que
338 2019 416 2042 suos,
432 2015 459 2038 et
474 2017 521 2037 eos
537 2009 701 2044 quibuscum
713 2009 769 2043 ipse
783 2008 915 2042 disputat,
927 2007 1041 2034 deorum

250 2059 397 2094 obstringit
411 2058 553 2092 religione,
569 2064 622 2083 non
643 2056 716 2090 quod
744 2054 805 2081 illos
822 2054 880 2088 ipse
906 2057 1041 2086 vereatur,

251 2111 299 2133 aut
313 2104 464 2140 periurium
483 2103 538 2130 ullo
561 2102 643 2130 modo
665 2100 845 2132 reformidet;
871 2100 917 2127 sed
933 2100 1041 2127 inanem

252 2153 323 2180 hanc
338 2156 420 2185 atque
437 2150 607 2181 mendacem,
620 2155 775 2182 vanamque
790 2154 822 2174 ae
838 2147 905 2173 nihil
928 2145 1042 2173 omnino

251 2200 450 2235 signiﬁcantem
476 2197 692 2232 disputationum
721 2203 833 2224 suarum
864 2194 1041 2230 appendicem

1090 953 1190 988 πολλὴν
1202 953 1291 979 αὐτῶν
1306 952 1459 987 ἐμακάρισε
1471 952 1593 986 τρυφήν;
1608 951 1735 977 κάκεῖθεν
1749 949 1883 985 ἐπιθυμη-

1089 998 1138 1033 τὴς
1150 997 1296 1032 γενόμενος
1309 997 1358 1032 τῆς
1371 997 1476 1032 ἡδονῆς,
1491 996 1538 1023 καὶ
1550 996 1600 1030 τῆς
1613 996 1642 1021 ὲν
1657 995 1696 1030 τῷ
1708 994 1778 1030 κενῷ
1797 994 1883 1029 ζηλω-

1090 1043 1138 1078 τὴς
1153 1042 1268 1077 διαίτης,
1279 1041 1351 1068 οὕτω
1365 1042 1468 1073 πάντας
1477 1041 1523 1068 ἐπὶ
1533 1041 1580 1067 τοῦ
1598 1040 1774 1076 μακαρισμοῦ
1787 1040 1883 1066 τούτου

1092 1088 1248 1124 μετουσίαν,
1272 1087 1558 1123 ὲξομοιωθησομένους
1582 1086 1697 1117 ἐκείνοις
1722 1087 1778 1117 τοῖς
1800 1085 1882 1117 θεοῖς,

1090 1135 1260 1171 παρακαλεῖ·
1280 1135 1429 1170 συμπόσιον
1444 1134 1535 1165 αὐτοῖς
1547 1132 1692 1169 μακάριον,
1710 1133 1759 1167 οὐχ
1774 1132 1842 1167 ὅπερ
1858 1132 1884 1158 οἱ

1091 1181 1211 1216 ποιηταὶ,
1227 1181 1272 1207 τὸν
1287 1180 1402 1216 οὐρανὸν
1418 1180 1435 1212 ἢ
1455 1179 1499 1206 τὸν
1517 1179 1669 1214 Ὄλυμπον,
1683 1178 1751 1205 ἀλλά
1763 1178 1794 1204 τὸ
1807 1178 1883 1204 κενδν

1091 1228 1260 1265 συγκροτῶν,
1277 1228 1309 1254 ἐκ
1325 1236 1354 1253 τε
1369 1226 1423 1253 τῶν
1437 1225 1546 1260 ἀτόμων
1559 1225 1608 1260 τὴν
1621 1224 1774 1260 ἀμϐροσίαν
1792 1223 1884 1254 αὐτοῖς

1091 1274 1250 1310 παρατιθεὶς
1261 1294 1267 1305 ,
1295 1274 1342 1300 καὶ
1362 1271 1503 1308 προπίνων
1520 1270 1612 1301 αὐτοῖς
1626 1270 1655 1303 ἐξ
1668 1269 1780 1296 ἐκείνων
1795 1268 1825 1295 τὸ
1841 1267 1883 1294 νέ-

1090 1330 1161 1357 κταρ
1177 1324 1183 1330 '
1200 1321 1247 1347 καὶ
1263 1319 1295 1355 δὴ
1320 1319 1379 1345 κατ’
1393 1318 1504 1344 ἐκείνων
1527 1316 1582 1343 τῶν
1600 1316 1682 1351 μηδὲν
1707 1315 1776 1351 πρὸς
1798 1314 1887 1349 ἡμᾶς,

1090 1368 1187 1403 ὅρκους
1203 1375 1231 1393 τε
1241 1367 1288 1393 καὶ
1303 1365 1452 1401 ὁρκισμοὺς
1465 1363 1578 1399 μυρίους
1589 1363 1645 1394 τοῖς
1660 1360 1756 1388 ἑαυτοῦ
1772 1360 1883 1396 βιϐλίοις

1090 1413 1240 1448 ἐγγράφει,
1266 1411 1350 1447 ὀμνὺς
1373 1419 1403 1437 τε
1431 1409 1551 1444 συνεχῶς
1575 1407 1613 1444 μὰ
1629 1408 1679 1433 Δία
1704 1407 1751 1433 καὶ
1774 1405 1807 1441 νὴ
1824 1406 1883 1436 Δία,

1090 1459 1209 1495 ἐξαρκῶν
1221 1466 1252 1485 τε
1265 1458 1328 1488 τοὺς
1342 1455 1556 1491 ἐντυγχάνοντας
1572 1454 1619 1481 καὶ
1637 1453 1705 1489 πρὸς
1726 1452 1773 1495 οὓς
1797 1451 1885 1478 διαλέ-

1089 1493 1174 1538 γοιτο,
1187 1503 1255 1539 πρὸς
1269 1502 1324 1529 τῶν
1334 1502 1413 1533 θεῶν,
1428 1500 1459 1528 οὗ
1476 1501 1502 1527 τί
1514 1509 1564 1527 που
1580 1498 1673 1531 δεδιὼς
1687 1493 1769 1530 αὐτος
1785 1497 1852 1533 (Al),
1867 1496 1884 1533 ἢ

1091 1550 1273 1585 δεδιττόμενος
1291 1549 1393 1580 ἐκεῖνος
1412 1548 1462 1584 τὴν
1479 1546 1634 1582 ἐπιορκίαν,
1654 1542 1732 1572 κενδν
1748 1543 1777 1570 δὲ
1796 1543 1886 1574 τοῦτο,

1093 1597 1140 1623 καὶ
1156 1595 1263 1629 ψευδὲς,
1278 1595 1325 1622 καὶ
1339 1595 1422 1631 ἀργὸν
1435 1613 1442 1625 ,
1461 1594 1507 1620 καὶ
1530 1593 1637 1628 ἄσημον
1655 1590 1886 1626 ἐπιφθεγγόμενος

1093 1642 1148 1672 τοῖς
1161 1640 1250 1674 λόγοις
1265 1640 1348 1666 αὐτοῦ
1362 1639 1488 1674 παράρτη
1493 1647 1541 1673 μα,
1556 1635 1611 1663 οῖον
1623 1636 1648 1662 εί
1664 1636 1711 1662 καὶ
1720 1635 1887 1671 χρέμπτοιτο

1094 1687 1141 1713 καὶ
1156 1685 1246 1718 πτύοι,
1265 1685 1296 1711 τό
1311 1693 1341 1711 τε
1355 1685 1500 1720 πρόσωπον
1515 1683 1642 1717 στρέφοι,
1667 1681 1717 1708 καὶ
1734 1680 1784 1715 τὴν
1810 1682 1887 1715 χεῖρα

1094 1732 1192 1768 κινοίη.
1209 1731 1328 1766 Τοιαύτη
1343 1731 1397 1765 γὰρ
1413 1730 1570 1763 ἁδιανόητος
1583 1725 1617 1763 ἧν
1632 1728 1648 1761 ἡ
1674 1727 1738 1762 παρ’
1752 1725 1827 1761 αὒτῷ
1841 1726 1888 1752 καὶ

1096 1778 1197 1814 ματαία
1210 1777 1365 1812 ὑπόκρισις,
1375 1777 1391 1810 ἡ
1401 1774 1454 1801 τῶν
1470 1774 1538 1800 θεῶν
1555 1772 1697 1807 ὀνομασία.
1714 1770 1794 1797 Ἀλλὰ
1807 1770 1887 1797 τοῦτο

1096 1826 1144 1861 μὲν
1161 1823 1304 1860 πρόδηλον,
1317 1822 1368 1853 ὅτι,
1384 1820 1453 1856 μετὰ
1468 1819 1516 1845 τὸν
1529 1818 1691 1854 Σωκράτους
1704 1816 1818 1843 θάνατον
1835 1825 1886 1843 κα-

1093 1859 1236 1906 cemitur;
1255 1867 1424 1903 Ἀθηναίους,
1442 1865 1480 1897 ὡς
1497 1866 1533 1900 μὴ
1545 1864 1636 1899 δοκοίη
1654 1863 1727 1889 τοῦθ’
1750 1863 1819 1898 ὅπερ
1841 1859 1885 1898 ἦν,

1093 1915 1171 1947 ἄθεος
1187 1912 1267 1946 εἴναι,
1285 1911 1366 1943 κενὰς
1386 1911 1478 1941 αὐτοῖς
1503 1909 1695 1935 ἀνυποστάτων
1716 1907 1785 1933 θεῶν
1803 1914 1886 1942 τερα-

1093 1960 1258 1995 τευσάμενος
1278 1956 1459 1992 ὲζωγράφησε
1474 1955 1562 1986 σκιάς.
1584 1953 1653 1979 Οὔτε
1672 1952 1726 1987 γὰρ
1748 1953 1787 1984 είς
1804 1952 1887 1987 οὐρα-

1093 2006 1138 2033 νὸν
1157 2004 1288 2038 ἀνέΰλεψε
1302 2003 1404 2038 νοεροῐς
1422 2000 1589 2035 ὀφθαλμοῖς,
1615 1999 1659 2025 ἵνα
1680 1997 1729 2031 τῆς
1756 1996 1887 2032 ἐναργοῦς

1093 2052 1196 2080 ἄνωθεν
1213 2051 1304 2085 φωνῆς
1318 2048 1432 2083 ἀκούσῃ,
1445 2046 1478 2082 ἦς
1492 2048 1504 2073 ὁ
1517 2045 1696 2081 προπεκτικδς
1711 2042 1809 2078 Θεατὴς
1819 2051 1887 2068 κατ-

1094 2099 1214 2130 ακούσας
1245 2096 1447 2132 ἐμαρτύρησεν,
1462 2095 1502 2121 ὃτι
1524 2103 1533 2118 ι
1552 2094 1581 2119 Οἱ
1602 2091 1711 2126 οὐρανοὶ
1731 2089 1888 2125 διηγοῦνται

1093 2145 1172 2178 δόξαν
1187 2143 1267 2175 Θεοῦ,
1280 2143 1389 2178 ποίησιν
1403 2141 1431 2167 δὲ
1448 2139 1547 2175 χειρῶν
1568 2137 1650 2164 αὑτοῦ
1671 2135 1832 2170 ἀναγγέλλει
1856 2134 1888 2160 τὺ

1096 2191 1240 2227 στερέωμα
1250 2198 1256 2204 ·
1279 2199 1289 2215 r
1304 2188 1366 2215 οὕτε
1381 2189 1415 2222 τῇ
1430 2186 1533 2220 διανοίᾳ
1552 2183 1671 2210 κατεῖδεν
1690 2183 1728 2213 εἱς
1743 2180 1886 2219 τοῦδαφος.

252 2245 388 2277 elfutiens,
416 2252 468 2271 non
500 2244 579 2270 aliter
607 2251 639 2270 ac
663 2243 686 2270 si
711 2246 820 2269 excreet
837 2245 885 2268 aut
902 2243 1039 2274 exspnlat,

1096 2237 1202 2273 Ἔμαθε
1212 2236 1267 2271 γὰρ
1283 2235 1327 2266 ἂν,
1344 2236 1385 2261 ὅτι
1404 2243 1413 2259 ι
1437 2231 1490 2258 Τοῦ
1515 2230 1605 2260 ἐλέους
1622 2227 1724 2263 Κυρίου
1749 2227 1855 2262 πλήρης
1869 2226 1888 2262 ἠ

253 2297 301 2320 aut
326 2294 468 2319 convertat
492 2290 610 2320 vultum.
636 2294 683 2316 aut
717 2296 826 2315 manum
859 2291 1040 2314 commovent.

252 2338 394 2374 Ejusmodi
408 2337 508 2372 quippe
519 2336 608 2363 omnis
624 2336 676 2363 ista
690 2335 804 2362 deormn
822 2333 968 2368 appellatio
991 2336 1042 2364 est,

253 2384 391 2419 superﬂua
407 2383 530 2418 quaedam
547 2382 604 2409 haec
616 2389 713 2409 sensus
728 2388 825 2415 expers
849 2379 987 2413 studiique
1007 2378 1044 2405 si<

253 2431 376 2458 mulatio.
391 2430 426 2456 At
442 2429 509 2456 illud
530 2428 639 2462 quidem
660 2428 741 2461 longe
761 2425 956 2457 certissimum,
981 2432 1042 2451 cum

253 2478 433 2505 Athenienses
446 2483 462 2501 a
476 2473 597 2501 Socratis
616 2473 726 2500 interitu
746 2477 888 2503 metueret,
905 2479 939 2498 ne
952 2469 1044 2505 qualis

253 2529 312 2551 erat
326 2523 424 2550 atheos
440 2528 501 2548 esse
524 2520 671 2551 videretur.
692 2526 796 2546 vacuas
816 2518 850 2546 iis
863 2516 1043 2545 leviculorum

253 2570 367 2596 deorum
391 2566 501 2593 umbras
518 2573 620 2593 novum
648 2564 840 2592 circulatorem
867 2562 1042 2590 informasse.

251 2613 309 2642 Nec
324 2613 399 2641 enim
418 2612 541 2648 profecto
555 2615 604 2639 aut
618 2610 790 2646 spiritalibus
805 2616 927 2644 unquam
955 2608 1043 2636 oculis

293 2716 347 2751 138)
367 2715 500 2750 Δοτῆρας
516 2713 601 2751 ἐάων,
624 2713 759 2751 Homerus
771 2710 872 2751 _0dy_ss.
885 2710 917 2751 Θ,
933 2718 961 2751 v.
973 2708 1042 2736 325:

293 2744 405 2795 τάξειε
414 2744 450 2777 ιςΓ
456 2744 496 2777 ei
506 2750 675 2784 προθύροις,
689 2747 751 2776 θεάι
766 2744 896 2780 δωίῐιρες
906 2744 993 2772 ἐάων.

439 2820 505 2853 Διὸς
519 2819 576 2852 υἱὲ,
591 2819 737 2852 διάκτορε,
753 2816 848 2851 δῶτορ
863 2815 950 2843 ἐάων.

258 2856 542 2926 Εἱέθῗᾎδώρητοι.
563 2889 592 2918 Id
609 2894 659 2920 est.
674 2888 807 2915 nullorum
824 2890 944 2914 auctores
963 2885 1045 2912 dono-

239 2939 255 2950 ,-

1094 2283 1141 2318 γῆ,
1159 2283 1205 2310 καὶ
1220 2283 1261 2308 ὅτι
1275 2281 1320 2308 τοῦ
1334 2280 1436 2316 Κυρίου
1453 2279 1469 2313 ἡ
1485 2277 1532 2311 γῆ,
1549 2276 1597 2302 καὶ
1621 2275 1652 2301 τὸ
1677 2274 1815 2309 πλήρωμα
1839 2272 1889 2299 αὑ-

1095 2330 1155 2364 τῆς.
1178 2339 1187 2354 ι
1204 2329 1268 2358 Καὶ,
1286 2337 1295 2352 ‹
1309 2326 1386 2354 Μετά
1397 2325 1482 2351 ταῦτα
1497 2323 1562 2358 γὰρ,
1582 2332 1590 2346 ι
1607 2320 1684 2355 φησὶ,
1699 2329 1709 2345 ι
1727 2319 1830 2355 Κύριος
1848 2319 1889 2350 είς

1095 2363 1145 2411 τήν
1159 2375 1210 2410 γῆν
1227 2373 1370 2407 misisse,
1387 2370 1434 2397 καὶ
1450 2369 1596 2403 ἐνέπλησεν
1610 2366 1694 2402 αὐτὴν
1707 2365 1762 2391 τῶν
1777 2363 1889 2398 ἀγαθῶν

1096 2420 1189 2448 αὑτοῦ.
1201 2420 1297 2455 Ψυχὴν
1310 2419 1364 2453 (42)
1374 2416 1473 2447 παντὸς
1485 2414 1554 2447 ζώου
1566 2412 1685 2447 ἐκάλυψε
1697 2411 1728 2438 τὸ
1743 2411 1888 2446 πρόσωπον

1097 2467 1192 2502 αὐτῆς.
1213 2475 1222 2491 ›
1239 2465 1271 2492 Et
1286 2465 1314 2491 δὲ
1329 2464 1366 2499 μὴ
1385 2462 1486 2497 σφόδρα
1499 2460 1700 2494 τυφλώττουσιν
1712 2476 1719 2489 ,
1739 2455 1888 2491 ἐπισκεψά-

1099 2500 1204 2541 σθωσαν
1214 2511 1263 2547 τὴν
1276 2509 1460 2546 παμποίκιλον
1471 2507 1525 2533 τῶν
1541 2505 1618 2538 ζώων
1629 2502 1839 2538 πολυπλήθειαν,
1855 2500 1889 2528 τὰ

1096 2560 1224 2596 χερσαῖα,
1235 2558 1271 2585 τὰ
1284 2556 1385 2592 πτηνὰ,
1399 2555 1433 2582 τὰ
1448 2554 1557 2590 ἔνυδρα,
1573 2552 1620 2580 καὶ
1632 2550 1889 2586 κατανοησάτωσαν,

1097 2595 1136 2638 ὡς
1150 2604 1253 2640 ἀληθὴς
1269 2603 1315 2631 ἐπὶ
1330 2603 1363 2637 τῇ
1377 2601 1486 2629 πάντων
1497 2599 1587 2635 κρίσει
1596 2597 1651 2635 (45)
1664 2596 1775 2631 γέγονεν
1786 2595 1803 2629 ὴ
1819 2601 1890 2629 μαρ-

1100 2714 1176 2736 rum;
1206 2706 1259 2732 hoc
1282 2702 1392 2738 quidem
1413 2700 1491 2734 loco,
1518 2700 1562 2727 ubi
1582 2696 1703 2732 δωτῆρες
1716 2698 1743 2723 et
1757 2692 1891 2729 ἀδώρητοι

1100 2745 1284 2776 opponuntur.

1137 2772 1191 2839 $40)
1214 2775 1293 2800 Forte
1311 2772 1385 2804 τούς.

1147 2812 1190 2839 41)
1213 2809 1293 2836 Forte
1312 2809 1385 2834 αὐτοι

1147 2812 1190 2844 41)
1213 2809 1293 2836 Forte
1312 2807 1422 2844 αὐτούς,

1137 2847 1193 2881 (42)
1212 2844 1294 2881 forte

1135 2878 1191 2908 αδδ
1212 2880 1292 2906 Forte
1311 2878 1409 2905 κτίσει.
