4144 6438
424 385 564 447 ηθδ

949 503 1342 559 ΚΕΦΑΛΑΙΟΝ
1381 505 1459 556 A'.

552 594 870 664 Προοίμιον
905 595 1040 664 περὶ
1076 594 1318 662 ἀπάσης
1356 595 1468 664 τῆς
1503 593 1869 662 ὑποθέσεως.

489 686 600 759 Τὴν
624 687 884 741 πολύθεΟν
919 686 1030 759 (45)
1057 687 1164 743 τῶν
1198 687 1367 742 ἐθνῶν
1397 687 1652 742 ἁπάντων
1684 687 1890 758 πλάνην
1941 689 1997 740 ἐν

419 779 615 852 ἀρχαῖς
646 779 745 850 τῆς
776 764 1188 848 Εὐαγγέλικῆς
1219 779 1729 850 Προπαρασκευῆς
1767 779 2000 848 ἀπελέγ-

422 869 509 936 ξαι
537 871 644 942 πρό
671 870 864 924 πολλοῦ
896 870 1121 941 θέμενος
1168 871 1262 925 ἐπὶ
1293 871 1550 925 συστάσει
1598 872 1691 925 καὶ
1736 869 2000 942 ἀπολογίᾳ

422 962 520 1034 τῆς
547 961 607 1026 ἐξ
633 963 810 1016 αὐτῶν
841 963 1258 1036 ἀναχωρήσεως,
1288 963 1352 1034 ἣν
1381 963 1496 1034 μετ’
1519 962 1738 1030 εὐλόγου
1766 962 1998 1031 κρίσεως

423 1054 792 1125 πεποιήμεθα,
820 1055 881 1108 οὑ
917 1056 1074 1126 μόνον
1106 1056 1232 1119 τοὺς
1267 1055 1486 1126 μύθους,
1515 1053 1609 1118 οὓς
1638 1055 1703 1126 δὴ
1732 1053 1859 1126 περὶ
1891 1054 1998 1107 τῶν

421 1147 636 1202 οἰκείων
665 1147 803 1202 θεῶν
838 1149 1024 1212 παῖδες
1068 1149 1177 1203 τῶν
1225 1150 1352 1220 παρ’
1410 1149 1591 1213 αὐτοῖς
1641 1147 1906 1216 θεολόγων
1937 1163 1998 1200 τε

422 1237 516 1290 καὶ
543 1238 781 1308 ποιητῶν
807 1240 1297 1310 κεκωμῳδήκασιν,
1347 1239 1482 1293 ἀλλὰ
1511 1240 1606 1292 καὶ
1647 1239 1850 1293 τούτων
1900 1238 1999 1302 τὰς

424 1332 826 1401 σεμνοπρεπεῖς
863 1331 927 1402 δὴ
962 1331 1056 1384 καὶ
1089 1332 1434 1404 ἀπορρήτους
1477 1330 1839 1400 φυσιολογίας,
1887 1329 2000 1384 ἅνω

423 1437 526 1473 που
561 1421 641 1484 είς
671 1421 896 1493 οὐρανὸν
922 1422 1018 1475 καὶ
1050 1421 1120 1475 τὰ
1163 1423 1366 1493 κόσμου
1411 1421 1551 1494 μέρη
1581 1421 1716 1493 πρὸς
1751 1422 1851 1492 τῆς
1874 1438 1999 1490 γεν-

422 1509 577 1572 ναίας
607 1509 920 1580 φιλοσοφίας
949 1513 1434 1584 μετενηνεγμένας,
1470 1511 1748 1586 πρώτιστα
1783 1513 1999 1566 πάντων

421 1601 480 1653 ἐν
518 1601 664 1672 τρισὶ
694 1604 806 1665 τοῖς
834 1600 1071 1674 πρώτοις
1097 1605 1490 1674 συγγράμμασι
1524 1603 1994 1676 διηρευνησάμην·

421 1691 596 1746 καίτοι
635 1693 797 1764 μηδὲν
825 1694 886 1746 τὸ
908 1694 1166 1766 παράπαν
1201 1697 1258 1748 ἐν
1289 1695 1497 1760 τούτοις
1519 1698 1715 1767 χρῆναι
1744 1698 1999 1768 σεμνολο-

420 1787 537 1853 γείν
561 1784 669 1838 τῶν
702 1784 964 1853 θεολόγων
1005 1786 1186 1840 αὐτῶν
1221 1787 1677 1858 ἀποφηναμένων.
1727 1789 2000 1861 Τηρητέον

421 1877 570 1946 γοῦν,
606 1877 682 1940 ὡς
712 1877 794 1930 ὅτι
838 1877 1070 1948 μάλιστα
1094 1881 1142 1932 οἱ
1171 1879 1532 1950 πρεσϐύτατοι
1583 1878 1692 1932 τῶν
1739 1883 1870 1952 παρ’
1904 1883 2004 1934 αύ-

420 1972 532 2032 τοῖς
576 1968 840 2038 θεολόγων
869 1969 1020 2023 οὐδέν
1051 1988 1106 2023 τι
1156 1970 1316 2024 πλέον
1360 1975 1459 2043 τῆς
1495 1972 1736 2044 ἱστορίας
1778 1971 1998 2036 εἰδότες,

426 2061 606 2132 μόνοις
630 2062 687 2115 δὲ
715 2065 826 2126 τοῖς
858 2062 1046 2134 μύθοις
1069 2065 1495 2136 προσανέχοντες
1515 2066 1996 2137 ἐμαρτυρήθησαν.

425 2153 588 2208 Ὅθεν
616 2154 842 2219 εἰκότως
863 2157 919 2208 ἐν
949 2155 1150 2219 πάσαις
1179 2156 1364 2208 πόλεσι
1386 2173 1446 2208 τε
1477 2156 1569 2209 καὶ
1596 2156 1830 2228 κώμαις,
1860 2157 2002 2210 κατὰ

421 2247 520 2311 τὰς
548 2246 656 2300 τῶν
690 2246 934 2300 παλαιῶν
965 2247 1247 2318 διηγήσεις
1269 2287 1285 2312 ,
1332 2248 1468 2302 θεῶν
1509 2247 1722 2302 τελεταὶ
1766 2250 1860 2303 κα)⁸
1899 2267 2002 2321 μυά

423 2338 621 2409 στήρια
655 2336 919 2408 σύμφωνα
946 2339 1060 2400 τοῖς
1089 2336 1198 2391 τῶν
1234 2338 1514 2408 προτέρων
1540 2338 1787 2409 μυθικοῖς
1806 2340 2000 2412 διηγή-

425 2444 557 2500 μασι
587 2429 946 2500 παραδέδοται
970 2442 984 2459 ⁶
1016 2428 1091 2493 ὼς
1119 2429 1286 2482 εἰσέτι
1309 2429 1403 2482 καὶ
1443 2428 1538 2482 νῦν
1583 2430 1689 2483 τῶν
1737 2429 1875 2484 θεῶν
1903 2433 2002 2501 γά-

423 2536 559 2590 μους
584 2520 679 2573 καὶ
707 2519 1063 2584 παιδοποιίας,
1099 2521 1328 2592 θρήνους
1351 2538 1410 2573 τε
1437 2522 1531 2574 καὶ
1557 2521 1745 2592 μέθας,
1767 2523 1860 2576 καὶ
1891 2523 2000 2576 τῶν

425 2612 524 2684 μὲν
551 2611 777 2677 πλάνας,
832 2612 941 2665 τῶν
969 2613 1013 2666 δ’
1065 2613 1295 2685 ἔρωτας,
1324 2613 1433 2666 τῶν
1465 2614 1522 2667 δὲ
1558 2613 1761 2686 ὀργὰς,
1809 2614 1917 2671 τῶν
1943 2615 2000 2670 δὲ

423 2704 615 2776 ἐτέρας
646 2705 907 2769 παντοίας
937 2702 1220 2779 συμφοράς
1255 2723 1312 2758 τε
1336 2707 1430 2759 καὶ
1459 2707 1824 2778 περιστάσεις,
1866 2709 1999 2762 ἁκοη

421 2794 627 2860 λούθως
653 2799 765 2861 τοῖς
790 2797 895 2851 ὑπὸ
921 2797 1028 2850 τῶν
1067 2797 1440 2852 παλαιοτάτων
1487 2816 1590 2870 μνη
1600 2799 1998 2871 μονευομένοις,

424 2889 567 2942 κατά
597 2905 657 2942 τε
684 2888 785 2952 τὰς
811 2889 1052 2955 τελετὰς,
1075 2889 1132 2943 ἐν
1160 2907 1219 2943 τε
1239 2893 1352 2955 τοῖς
1379 2890 1587 2961 ὕμνοις,
1615 2891 1710 2945 καὶ
1750 2894 1870 2955 ταῖς
1918 2893 2000 2955 εἰς

423 2980 551 3043 τοὺς
577 2979 732 3043 θεοὺς
770 2981 966 3044 αὐτοὺς
1008 2980 1406 3051 πεποιημέναις
1432 2980 1596 3051 ᾠδαῖς
1638 2982 1999 3054 παραλαμϐά-

425 3087 557 3126 νειν.
583 3072 727 3143 Πλὴν
750 3073 898 3144 ὅμως
919 3074 983 3127 ἐκ
1014 3073 1328 3144 περιουσίας
1353 3075 1446 3126 καὶ
1478 3072 1681 3128 τούτων
1703 3074 1882 3129 αὐτῶν
1899 3075 2000 3140 τὰς

1585 384 1906 441 ΡΒΑΞΡΛΒ.
1945 385 2194 443 EVANG.
2238 386 2367 442 LIB.
2415 385 2529 442 XV.

2021 509 2071 568 Α

3538 379 3561 437 1
3573 380 3678 440 294

2586 501 2754 572 733
2786 496 3015 556 CAPUT
3050 497 3090 552 l.

2253 594 2594 662 Prooemium,
2620 611 2722 665 quo
2752 595 2912 647 totius
2943 593 3114 662 operis
3152 601 3518 662 argumentum

2717 665 3035 732 explicatur.

2165 778 2302 833 Cum
2329 793 2522 850 ingens
2543 793 2720 849 operte
2739 777 2972 848 pretium
2999 792 3085 832 me
3101 771 3370 831 facturum
3398 785 3671 846 putarem,

2098 871 2145 927 si
2181 887 2343 941 quam
2399 873 2626 926 deorum
2669 871 3071 926 multitudinem
3117 870 3427 925 communis
3452 869 3542 924 ille
3572 885 3706 947 prio,

2097 963 2349 1033 pulorum
2391 964 2635 1017 omnium
2663 977 2818 1018 error
2852 962 3155 1026 invexerat,
3189 963 3245 1016 in
3280 961 3399 1032 ipso
3432 960 3674 1030 Evange-

2097 1053 2214 1107 lica:
2240 1051 2664 1122 Praparationis
2691 1053 2877 1107 limine
2901 1067 3252 1123 coarguerem
3276 1070 3288 1105 :
3319 1065 3430 1121 quo
3457 1049 3674 1107 facilius

2098 1153 2284 1215 postea
2315 1145 2589 1200 discessus
2618 1145 2686 1199 ab
2719 1144 2825 1199 illis
2851 1144 3023 1199 nostri
3055 1144 3272 1214 plenum
3304 1144 3574 1214 aequitatis
3609 1157 3674 1199 ac

2099 1236 2380 1307 sapientia:
2421 1237 2708 1292 consilium
2743 1236 3084 1306 probaretur,
3111 1250 3220 1290 non
3249 1250 3342 1290 eas
3389 1235 3552 1290 modo
3593 1235 3676 1289 fa-

2099 1329 2277 1397 bulas,
2301 1345 2440 1400 quas
2463 1329 2683 1400 ipsimet
2717 1344 2906 1384 eorum
2945 1329 3182 1400 t‘heologi
3229 1345 3293 1384 ac
3325 1337 3519 1400 poetae,
3557 1329 3674 1383 suis

2099 1422 2166 1476 de
2214 1422 2554 1485 numinibus,
2587 1421 2799 1476 comico
2851 1437 3076 1491 prorsus
3129 1437 3282 1476 more
3329 1423 3674 1491 docuerunt;

2100 1525 2287 1565 verum
2312 1510 2474 1564 etiam
2500 1511 2841 1565 honestiores
2885 1511 3005 1566 illas
3044 1510 3310 1582 planeque
3344 1511 3674 1577 reconditas,

2100 1615 2222 1670 qua:
2249 1615 2316 1654 ex
2345 1609 2539 1655 natura
2574 1601 2866 1667 ducuntur,
2903 1601 3205 1670 explicandi
3235 1601 3475 1658 rationes
3503 1618 3678 1672 quas-

2101 1709 2208 1764 que
2256 1710 2475 1749 sursum
2527 1694 2580 1748 in
2634 1695 2853 1759 malum,
2887 1709 2952 1749 ac
3001 1704 3226 1750 caeteras
3271 1696 3458 1750 mundi
3490 1705 3676 1765 partes

2101 1785 2334 1857 egregiae
2378 1785 2739 1856 philosophiae
2786 1787 2866 1840 vis
2895 1782 3235 1856 facultasque
3267 1787 3521 1851 traducit,
3551 1800 3677 1842 ante

2103 1878 2288 1931 omnia
2309 1878 2500 1947 primis
2523 1878 2698 1932 tribus
2723 1877 2878 1931 libris
2903 1877 3191 1947 diligenter
3212 1880 3452 1934 excussi.
3491 1877 3679 1944 Quan-

2103 1986 2269 2040 quam
2299 1971 2354 2024 in
2384 1970 2453 2024 iis
2485 1970 2794 2040 speciosum
2831 1970 2934 2024 hoc
2957 1979 3130 2024 totum
3150 1971 3677 2042 philosopliandige-

2103 2079 2207 2118 nus
2231 2062 2626 2131 repudiandum
2650 2077 2792 2126 esse,
2816 2063 2900 2117 vel
2930 2062 3035 2131 ipsi
3067 2077 3257 2117 eorum
3284 2063 3522 2133 theologi
3547 2078 3680 2118 con-

2102 2153 2344 2207 ﬁtentur.
2390 2153 2568 2223 Atque
2612 2152 2662 2206 id
2698 2167 2830 2205 sane
2856 2150 3142 2220 diligenter
3181 2151 3235 2206 in
3262 2151 3454 2222 primis
3490 2153 3681 2208 obser-

2102 2243 2360 2309 vandum,
2387 2258 2526 2313 quos
2553 2242 2628 2296 illi
2668 2241 3072 2298 vetustissimos
3115 2244 3361 2297 omnium
3394 2244 3680 2316 theologos

2100 2335 2430 2401 habuerunt,
2445 2349 2540 2390 eos
2553 2343 2748 2405 praater
2771 2334 2973 2388 nudam
2997 2350 3180 2390 rerum
3203 2335 3487 2391 historiam
3511 2352 3680 2407 agno-

2101 2428 2246 2482 visse
2270 2427 2428 2492 nihil,
2452 2429 2586 2483 solis
2602 2428 2887 2484 inhmsisse
2908 2428 3126 2495 fabulis,
3153 2428 3402 2498 pluribus
3429 2431 3680 2485 testimo-

2103 2521 2210 2578 niis
2239 2523 2570 2580 constitisse.
2603 2524 2724 2590 Quo
2760 2523 2965 2579 factum
2996 2525 3223 2595 proinde
3257 2525 3350 2590 sit,
3380 2533 3441 2577 ut
3470 2524 3524 2577 in
3560 2538 3681 2577 om-

2101 2615 2265 2673 nibus
2294 2615 2500 2686 passim
2536 2617 2768 2672 urbibus
2810 2626 2973 2688 atque
3011 2617 3188 2686 pagis,
3226 2615 3306 2670 uti
3339 2630 3370 2669 a
3403 2615 3682 2670 veteribus

2101 2720 2364 2780 concepta
2403 2708 2624 2764 fuerant
2673 2710 2878 2776 omnia,
2905 2709 3134 2763 deorum
3177 2707 3468 2777 religiones
3515 2716 3681 2777 atque

2101 2801 2382 2872 mysteria,
2409 2799 2628 2870 iactatis
2650 2799 2858 2869 pridem
2889 2798 3088 2854 fabu'lis
3105 2805 3470 2853 consentanea
3501 2801 3684 2854 trade-

2099 2902 2314 2950 rentur.
2347 2893 2464 2948 lmo
2493 2893 2792 2948 etiamnum
2825 2892 3050 2946 deorum
3077 2891 3240 2962 vulgo
3285 2892 3507 2960 nuptiae,
3539 2891 3680 2947 libe—

2101 2985 2763 3055 rorum'tprocreationes,
2813 2983 3026 3049 luctus,
3074 2983 3384 3038 temulenta:
3419 2993 3679 3054 perpota-

2101 3079 2300 3145 tiones,
2320 3077 2549 3133 aliorum
2575 3092 2810 3140 errores,
2838 3090 3054 3131 amores
3085 3076 3340 3140 aliorum,
3364 3076 3459 3131 ira:
3483 3092 3548 3132 ac
3570 3092 3678 3132 caa-

424 3161 909 3232 τετραγῳδημένας
930 3163 986 3216 ἐν
1021 3165 1275 3231 φυσικαῖς
1297 3161 1584 3216 άποδόσεσι
1609 3165 1872 3235 κομπίας,
1897 3167 1997 3230 τάς

2101 3183 2229 3228 terat
2260 3171 2442 3227 omnis
2481 3169 2697 3242 generis
2729 3168 3066 3225 calamitates
3103 3177 3156 3223 et
3201 3185 3386 3235 casus,
3411 3181 3574 3240 prout
3611 3171 3680 3225 ab

424 3270 484 3306 τε
515 3252 625 3309 τῶν
646 3253 916 3323 σοφιστῶν
945 3255 1035 3308 καὶ
1060 3254 1364 3325 φιλοσόφων
1391 3255 1768 3326 εὑρεσιλογιας
1784 3258 1865 3321 εἰς
1894 3275 2000 3328 φα-

426 3345 580 3417 νερὸν
607 3346 830 3417 ήγαγον.
865 3347 940 3399 Οὐ
973 3347 1076 3418 μὴν
1103 3347 1237 3401 ἀλλὰ
1268 3351 1362 3402 καὶ
1390 3349 1482 3402 τὸν
1506 3349 1760 3420 περὶτῶν
1787 3349 1998 3420 βοωμέ-

425 3459 532 3495 νων
556 3442 905 3514 χρηστηρίων
934 3443 1124 3512 λόγων,
1143 3446 1242 3516 τήν
1267 3461 1327 3498 τε
1351 3445 1499 3518 παρὰ
1519 3450 1632 3510 τοῖς
1655 3446 1866 3512 πολλοῖς
1887 3448 2001 3502 δια-

424 3533 863 3608 τεθρυλλημὲνην
892 3537 1020 3609 περὶ⁹
1049 3537 1388 3609 εἱμαρμένης
1415 3537 1584 3609 ψευδῆ
1610 3537 1766 3605 δόξαν
1795 3541 1852 3592 ἐν
1886 3539 2001 3594 ἐτέ-

428 3643 540 3697 ροις
584 3627 733 3699 τρισὶ
776 3630 889 3689 τοῖς
931 3627 1059 3699 ἑξῆς
1089 3627 1227 3699 μετὰ
1255 3628 1324 3682 τὰ
1361 3629 1553 3702 πρῶτα
1583 3631 1997 3702 συγγράμμασι,

425 3713 638 3780 λευκοῖς
668 3719 781 3780 τοῖς
831 3717 1070 3788 ἐλέγχοις
1115 3719 1506 3790 ἀπεγύμνωσα,
1563 3722 1625 3774 οὺ
1677 3722 1857 3792 μόνοις
1889 3725 2000 3786 τοῖς

425 3806 632 3862 οἴκοθεν
659 3809 1103 3883 ἐπιχειρήμασιν,
1131 3811 1267 3865 ἀλλὰ
1294 3813 1388 3866 καὶ
1410 3816 1532 3877 ταῖς
1552 3814 1732 3867 αὐτῶν
1767 3814 2000 3885 μάλιστα

425 3897 532 3952 τῶν
565 3901 694 3972 παρ’
722 3901 946 3972 Ἕλλησι
969 3901 1270 3973 φιλοσόφων
1298 3907 1500 3972 φωναῖς
1525 3907 1606 3970 είς
1629 3906 1721 3959 τὸν
1756 3908 1876 3960 κατ’
1904 3908 2002 3960 αὐ-

424 3989 533 4045 τῶν
562 3991 781 4064 ἔλεγχον
816 3995 1273 4066 συγκεχρημένος.
1301 3997 1560 4061 Μεταϐὰς
1582 3999 1640 4052 δὲ
1661 3999 1868 4053 ἐκεῖθεν
1906 4001 2000 4055 ἐπὶ

424 4082 510 4136 τὰ-
531 4082 797 4157 Ἐϐραίων
824 4084 1000 4154 λόγια,
1025 4086 1135 4139 τίσι
1172 4088 1301 4140 ποτὲ
1334 4088 1614 4160 λογισμοῖς
1646 4090 1743 4162 τὴν
1776 4093 1834 4145 ἐν
1879 4091 2002 4145 τού-

424 4190 537 4240 τοις
553 4178 948 4250 περιεχομένην
971 4179 1303 4252 δογματικήν
1331 4181 1626 4251 θεολογίαν,
1657 4185 1756 4248 τήν
1774 4201 1834 4238 τε
1860 4185 2000 4239 κατὰ

425 4267 612 4322 τούσδε
657 4270 895 4341 ἱστορίαν
933 4270 1168 4337 ἃπασαν,
1204 4274 1298 4326 καὶ
1337 4273 1474 4346 πρὸς
1508 4275 1687 4328 αὐτῶν
1734 4276 2000 4348 Ἑλλήνων

429 4363 928 4436 μεμαρτυρημένην
955 4363 1089 4435 (46),
1125 4366 1182 4418 ἐν
1209 4365 1515 4436 ἰσαρίθμοις
1546 4362 1612 4420 αὖ
1643 4367 1803 4422 πάλιν
1827 4369 1999 4438 λόγων

429 4453 711 4521 συντάξεσι
733 4456 1184 4528 παρεστησάμην.
1231 4452 1344 4510 Εἶθ’
1392 4458 1518 4528 ἑξῆς
1553 4457 1646 4511 τὸν
1709 4458 2000 4529 Ελληνικὺν

2101 3263 2503 3334 antiquissimis
2536 3262 2641 3317 illis
2674 3262 2933 3316 traditum
2961 3270 3125 3329 atque
3160 3262 3538 3330 praescriptum
3571 3273 3679 3330 est,

2101 3367 2214 3410 tam
2241 3355 2297 3410 in
2330 3354 2506 3411 sacris
2555 3369 2720 3424 quam
2760 3354 2814 3407 in
2849 3352 3090 3424 hymnis,
3137 3367 3202 3407 ac
3231 3355 3454 3408 deorum
3497 3355 3550 3409 in
3579 3357 3683 3409 ho-

2101 3462 2293 3502 norem
2337 3446 2501 3502 editis
2529 3445 2886 3512 carminibus,
2910 3445 3140 3499 solemni
3174 3444 3281 3499 ritu
3310 3446 3677 3502 celebrantur.

2104 3538 2211 3594 Sed
2238 3546 2422 3594 tamen
2461 3537 2740 3592 liberalius
2769 3550 2931 3606 agere
2970 3534 3196 3605 placuit,
3231 3550 3296 3590 ac
3324 3545 3495 3592 totam
3529 3537 3680 3591 illam

2102 3617 2433 3686 naturalium
2451 3629 2616 3684 etiam
2630 3625 3194 3684 accommodationum
3208 3643 3462 3699 pompam
3485 3645 3550 3686 ac
3565 3646 3686 3700 Spe-

2103 3722 2240 3776 ciem
2274 3729 2421 3775 tanta
2445 3721 2735 3775 verborum
2760 3719 3056 3774 ambitione
3074 3719 3338 3788 jactatam
3356 3729 3408 3775 ct
3433 3720 3682 3776 inventas

2103 3830 2134 3869 a
2169 3814 2433 3883 sophistis
2461 3821 2626 3884 atque
2664 3811 3007 3882 philosophis
3039 3813 3416 3870 enarrationes
3446 3814 3519 3869 ob
3549 3830 3682 3870 acu--

2103 3907 2187 3961 los
2212 3920 2434 3976 ponere.
2468 3903 2675 3960 Deinde
2706 3919 2830 3974 quae
2859 3905 2925 3960 ad
2955 3904 3240 3960 decantata
3277 3906 3521 3976 ipsorum
3552 3921 3682 3960 ora~

2102 3999 2225 4054 cula
2269 3997 2635 4068 pertinebant,
2669 3997 2943 4068 simulque
2994 3999 3323 4054 celebratam
3361 4014 3390 4052 a
3425 3998 3678 4068 plurimis

2102 4088 2252 4142 illam
2301 4086 2561 4157 quidem,
2605 4085 2698 4140 sed
2735 4095 2916 4141 tamen
2957 4103 3154 4142 vanam
3194 4087 3290 4142 fati
3341 4088 3676 4157 opinionem,

2099 4177 2404 4248 perspicuis
2419 4177 2652 4230 aliorum
2673 4175 2833 4230 trium
2851 4175 3115 4231 librorum
3135 4179 3469 4248 argumentis
3486 4178 3681 4234 confu-

2103 4278 2267 4324 tatam
2283 4267 2481 4322 nudavi
2497 4286 2510 4320 :
2526 4265 2692 4336 789
2706 4280 2812 4320 non
2832 4264 3150 4320 domesticis
3165 4267 3330 4322 modo
3348 4267 3676 4335 rationibus,

2103 4362 2199 4418 sed
2227 4363 2389 4418 etiam
2417 4359 2706 4430 ipsissimis
2727 4357 3042 4413 Graecorum
3065 4358 3304 4413 maxime
3326 4359 3681 4428 philosopho-

2102 4469 2223 4509 rum
2279 4450 2608 4508 testimoniis
2649 4466 2774 4506 eum
2814 4450 2868 4504 in
2913 4449 3076 4503 ﬁnem
3121 4464 3274 4504 usus.
3306 4447 3445 4505 Tum
3473 4449 3540 4505 ad
3575 4449 3677 4506 He-

429 4543 732 4614 ἀπελέγξας
774 4547 992 4618 τρόπον,
1022 4549 1169 4612 ὅπως
1204 4562 1265 4600 τε
1299 4547 1478 4602 πάντα
1523 4547 1674 4620 παρὰ
1708 4549 1998 4622 βαρϐάρων

2102 4546 2372 4601 brazorum
2419 4543 2544 4598 inde
2581 4543 2792 4597 litteras
2829 4557 2896 4596 ac
2943 4539 3280 4595 monimenta
3328 4556 3676 4612 progressus,

427 4637 721 4708 ὠφέληντο,
778 4640 870 4692 καὶ
899 4640 974 4703 ὡς
1008 4640 1158 4694 οὐδὲν
1202 4639 1411 4694 οἴκοθεν
1451 4639 1645 4711 σεμνὸν
1699 4642 1996 4710 ἐπάγονται

431 4724 676 4796 μάθημα,
706 4727 800 4780 καὶ
830 4729 928 4800 τήν
953 4745 1016 4796 γε
1042 4728 1150 4781 τῶν
1175 4729 1381 4800 χρόνων
1409 4729 1848 4802 ἀντιπαράθεσιν,
1877 4731 1997 4785 καθ’

424 4813 517 4878 οὓς
560 4814 828 4888 Ἑλλήνων
856 4834 916 4870 τε
951 4819 995 4870 οἱ
1023 4817 1306 4889 βοώμενοι,
1345 4817 1610 4890 Ἐϐραίων
1638 4837 1697 4873 τε
1719 4822 1768 4873 οἱ
1791 4823 2000 4893 προφῆ-

422 4923 510 4961 ται
534 4907 838 4978 γεγόνασιν,
876 4911 954 4973 είς
978 4910 1093 4978 φῶς
1124 4909 1345 4980 ἀγαγών
1371 4929 1381 4939 '
1416 4907 1571 4975 αὖθις
1595 4911 1685 4965 διὰ
1713 4913 1823 4967 τῶν
1861 4913 2000 4985 μετὰ

424 4998 596 5052 ταῦτα
617 4999 805 5070 τριῶν,
831 5001 930 5071 τὴν
954 5000 1062 5054 τῶν
1086 5003 1212 5075 παρ’
1236 5000 1491 5072 Ἕλλησιν
1512 5002 1813 5074 εὐδοκίμων
1844 5005 1996 5074 φιλο-

426 5091 604 5161 σόφων
635 5093 770 5163 πρὸς
802 5092 900 5157 τὰς
936 5093 1197 5165 Ἐϐραίων
1217 5093 1374 5160 δόξας
1397 5095 1699 5168 συνδρομὴν
1727 5095 1995 5161 ἐπέδειξα,

424 5184 593 5248 αὑτὰς
619 5185 781 5239 πάλιν
812 5186 910 5250 τὰς
930 5186 1134 5250 οἰκείας
1152 5186 1260 5240 τῶν
1280 5189 1488 5262 ἀνδρῶν
1511 5188 1692 5258 φωνὰς
1717 5189 1998 5261 μάρτυρας

425 5277 804 5347 ποιησάμενος.
862 5279 936 5332 Ού
965 5277 1068 5350 μὴν
1099 5279 1233 5332 ἀλλὰ
1258 5281 1352 5333 καὶ
1397 5279 1524 5343 τοὺς
1557 5279 1998 5352 ἐτεροδοξοῦντας

427 5367 554 5438 ἡμῖν
585 5368 694 5421 τῶν
720 5372 851 5441 παρ’
871 5370 1096 5440 Ἕλλησι
1129 5371 1452 5441 φιλοσόφων,
1476 5371 1538 5424 οὐ
1571 5370 1706 5441 πρὸς
1728 5373 1878 5442 ἡμᾶς
1910 5372 1999 5443 μό-

431 5473 569 5523 νους,
605 5459 740 5514 ἀλλὰ
773 5461 867 5514 καὶ
897 5461 1033 5533 πρὸς
1064 5461 1191 5526 τούς
1217 5478 1366 5533 σφων
1405 5462 1636 5526 οἰκείους
1682 5462 1994 5529 διεστῶτας,

501 5619 613 5691 (45)
654 5620 772 5689 Τὴν
814 5621 1127 5678 πολύθεον.
1172 5619 1271 5676 Hic
1303 5619 1492 5690 incipit
1525 5617 1760 5690 Ilopperi
1793 5634 1994 5691 versuo,

430 5688 863 5760 Trapezuntiana
911 5692 1118 5747 ﬁdelior
1168 5692 1260 5746 illa
1300 5688 1554 5760 quidem;
1601 5688 1871 5758 ejusmodi
1913 5699 1998 5744 ta-

428 5759 573 5825 men,
605 5773 912 5832 postquam
940 5803 954 5825 ,
988 5763 1258 5817 neminem
1292 5759 1536 5815 futurum
1558 5774 1746 5832 spero,
1777 5760 1868 5829 qui
1910 5775 2000 5832 su-

427 5828 821 5899 pervacaneum
869 5833 966 5888 abs
1024 5848 1110 5888 me
1171 5840 1480 5898 susceptum
1555 5828 1802 5886 laborem
1850 5828 1996 5884 arbi-

2104 4651 2213 4707 quo
2244 4635 2460 4690 tandem
2497 4635 2730 4690 consilio
2777 4643 2830 4689 et
2869 4634 3320 4704 comprehensam
3377 4634 3514 4703 ipsis
3581 4635 3679 4689 do-

2101 4728 2391 4800 gmaticam
2441 4743 2630 4782 eorum
2676 4727 3033 4798 theologiam,
3084 4734 3139 4781 et
3185 4742 3308 4796 quas
3363 4726 3676 4783 Graecorum

2100 4821 2267 4877 etiam
2330 4821 2612 4875 hominum
2667 4820 2894 4875 vocibus
2948 4820 3304 4874 confirmatur
3365 4819 3675 4876 universam

2101 4913 2276 4986 gentis
2314 4911 2622 4975 historiam,
2651 4909 2920 4980 complexi
2967 4907 3252 4974 fuerimus,
3281 4908 3505 4964 totidem
3537 4925 3680 4979 quo-

2099 5021 2207 5077 que
2233 5007 2385 5062 libris
2418 5006 2625 5076 aperui.
2652 5003 2936 5073 Deinceps,
2974 5018 3099 5058 cum
3133 5000 3415 5071 patefactis
3453 5001 3676 5057 Graeco-

2099 5113 2222 5152 rum
2271 5097 2552 5165 moribus,
2606 5111 2700 5151 eos
2743 5111 2775 5150 a
2827 5094 3076 5150 barbaris
3125 5093 3440 5149 hominibus
3491 5095 3680 5148 omnia

2099 5195 2376 5242 mutuatos
2415 5202 2558 5253 esse,
2613 5185 2931 5253 nullumque
2977 5183 3137 5237 domo
3176 5197 3426 5251 promere
3463 5183 3684 5254 gravio-

2100 5279 2177 5334 ris
2207 5278 2510 5348 disciplina:
2538 5291 2728 5348 genus,
2751 5275 2962 5330 collatis
2984 5274 3147 5328 etiam
3171 5282 3334 5343 atque
3363 5275 3678 5332 commissis

2098 5383 2312 5432 eorum,
2351 5382 2490 5436 quos
2524 5365 2760 5419 maxime
2795 5362 2965 5417 Graeci
3007 5363 3301 5432 prredicare
3340 5361 3535 5428 solent,
3566 5362 3676 5418 He-

2099 5461 2480 5529 braeorumque
2496 5457 2882 5528 prophetarum
2902 5454 3260 5526 temporibus,
3279 5454 3673 5512 ostendissem:

2101 5627 2290 5755 "(attigi
2313 5686 2879 5754 Μεμαρτυρημένην.
2917 5684 3079 5741 Deest.
3104 5685 3252 5742 verb.
3277 5679 3674 5755 ὴσπασάμεθα,

2097 5758 2183 5814 vel
2210 5758 2353 5813 aliud
2384 5757 2579 5812 simile.
3259 5762 3264 5766 '
