2072 3209
244 195 313 223 1295

575 192 707 221 EUSEBII
724 189 963 218 CAESARIENSIS
981 187 1056 216 OPP.
1074 187 1165 215 PARS
1185 187 1216 215 ll.
1237 203 1271 208 ——
1291 187 1540 216 APOLOGETICA.

1806 190 1876 218 1296

243 255 331 282 tribus
350 254 500 282 indelibris
519 253 706 287 sequentibus,
725 251 889 278 Graecanica:
909 250 1017 284 philoso

1082 248 1134 274 ὑπό
1147 257 1176 274 τε
1191 249 1245 274 τῶν
1264 248 1409 283 γνωρίμων
1427 249 1684 283 ἀνατετραμμένους
1696 269 1703 281 ,
1722 249 1750 275 ἐν
1765 249 1805 284 τῷ
1821 251 1874 285 πρὸ

244 300 315 335 phiae
331 300 482 334 principum
498 307 559 325 cum
576 298 752 326 Hebraeorum
773 296 896 323 doctrina
912 302 1031 322 consen-

1081 293 1175 320 τούτου
1191 294 1387 329 συγγράμματι
1401 294 1594 329 κατεφώρασα.
1606 294 1655 321 Διὰ
1670 294 1773 322 τούτων
1788 296 1875 322 ἀπάν-

243 345 359 378 sionem,
376 345 490 371 testibus
502 344 627 371 similiter
638 343 777 378 gentilium
792 349 904 368 suorum
919 340 1015 368 vocibu

1081 348 1135 366 των
1154 340 1201 375 τῆς
1221 340 1359 375 ἡμετέρας
1380 339 1492 376 γνώμης
1511 340 1542 367 τὺ
1562 342 1702 377 κριτήριον
1726 341 1874 368 ἀδέκαστον

241 390 424 425 eomprobavi.
437 390 507 423 Quin
518 390 599 417 etiam
613 393 744 424 quotquot
760 388 830 423 apud
844 387 953 415 Grzecos
969 386 1030 421 phi-

240 437 346 472 losopbi
364 437 500 464 diversam
523 444 539 463 a
563 441 657 463 nostra
679 436 834 470 opinionem
860 433 945 461 secuti
964 433 1028 464 sint,

239 490 286 509 eos
298 489 362 509 vero
374 489 428 509 non
440 490 455 508 a
468 482 546 510 nobis
560 486 675 514 tantum,
694 481 741 508 sed
753 481 835 508 etiam
847 488 862 506 a
881 479 938 506 suis
950 478 1030 505 dissi-

238 528 311 559 dere,
326 534 358 553 ac
375 527 573 561 discipulorum
589 533 699 561 quoque
713 532 825 552 suorum
838 523 1030 559 disputationi-

239 574 289 600 bus
302 572 398 605 refelli,
417 572 558 607 superiore
578 573 648 599 libro
666 572 816 599 clarissime
832 569 1026 597 demonstravi.

238 619 343 652 Quibus
355 626 386 646 ex
401 618 528 646 omnibus
538 618 744 645 mcntisnostrae
752 616 936 644 sinceritatem
947 620 1028 650 atque

237 664 419 699 integritatem
430 664 545 692 lectores
562 663 725 699 intelligant,
740 671 771 690 ac
785 670 876 690 rerum
893 662 1025 696 ipsarum.

236 715 266 736 ut
280 710 316 737 ita
328 710 434 744 loquar,
446 710 589 745 perspicua
607 714 734 744 certaque
747 709 798 736 ﬁde
810 712 925 739 constet,
944 714 1025 742 quam

236 763 291 783 non
307 755 516 788 inconsiderate,
530 755 577 783 sed
595 755 719 790 prudenti
735 759 898 788 matureque
911 753 1024 787 judicio,

236 800 411 828 Hebraeorum
420 801 536 836 priscam
547 801 627 829 simul
636 809 726 828 veram
736 800 937 836 philosophiam
945 803 1026 834 atque

235 847 362 881 pietatem
388 846 552 874 Graecanica:
569 847 778 880 praetulerimus.
807 845 885 878 Quod
905 844 994 879 ipsum
1009 852 1025 872 a

1081 386 1233 417 ἐπιδεικνὺς
1253 388 1309 418 τοῖς
1331 387 1552 421 ἐντυγχάνουσιν,
1570 387 1661 422 ἔργοις
1680 397 1709 414 τε
1724 408 1731 419 ,
1748 388 1787 420 ὡς
1808 389 1872 420 ἔπος

1081 433 1177 464 εἰπεῖν,
1195 432 1242 458 καὶ
1256 433 1348 463 αὐτοῖς
1362 433 1505 468 πράγμασι
1528 433 1578 465 τὰς
1601 433 1754 466 ἀποδείξεις
1771 434 1818 461 τοῦ
1837 435 1873 470 μὴ

1081 477 1209 508 ἀσκόπως
1221 477 1306 512 ἡμᾶς,
1320 477 1475 512 κεκριμένῳ
1491 476 1519 503 δὲ
1532 478 1579 504 καὶ
1598 477 1717 514 σώφρονι
1738 479 1871 514 λογισμῷ,
1905 494 1911 499 μ

1081 522 1133 558 πρὸ
1145 524 1194 557 τῆς
1218 522 1350 557 Ἐλλήνων
1361 523 1411 558 τὴν
1434 523 1568 558 Ἐϐραίων
1589 523 1657 558 ὸμοῦ
1684 524 1804 553 παλαιὰν
1824 526 1872 552 καὶ

1079 568 1166 603 ἀληθῆ
1182 568 1341 602 φιλοσοφίαν
1354 577 1384 595 τε
1400 569 1446 595 καὶ
1457 569 1598 596 εὐσέϐειαν
1612 570 1810 606 ἐπανῃρῆσθαι,
1824 580 1873 599 πα-

1080 614 1256 649 ρασχόμενος.
1274 615 1306 640 Ὃ
1322 614 1369 640 καὶ
1381 614 1495 649 συνέστη
1509 614 1553 641 διὰ
1567 616 1616 650 τῆς
1638 615 1690 643 τῶν
1709 616 1872 652 Ἑλληνικῶν

1079 660 1175 694 φωνῶν
1192 659 1379 695 παραθέσεως.
1394 657 1448 692 Ἦς
1472 660 1555 687 εἰσέτι
1579 661 1659 696 δεῦρο
1689 661 1732 688 τὸν
1756 661 1870 689 ὕστατον

1078 706 1220 740 ἐπέχοντες
1232 705 1321 740 λόγον,
1337 706 1579 733 πεντεκαιδέκατον
1596 707 1659 734 ὅντα
1675 707 1725 742 τῆς
1748 708 1777 734 ἐν
1791 709 1871 744 χερσὶ

1078 751 1277 786 πραγματείας,
1290 751 1320 778 το
1340 751 1432 778 λεῖπον
1451 753 1507 783 τοῖς
1526 752 1744 788 διεξωδευμένοις
1760 755 1868 782 ἀποδώ-

1078 805 1170 831 σομεν,
1185 796 1219 822 τὰ
1233 796 1320 831 σεμνὰ
1333 796 1381 831 τῆς
1398 796 1524 830 γενναίας
1537 796 1591 822 τῶν
1613 796 1746 832 Ἐλλήνων
1761 797 1869 832 φιλοσο-

1076 841 1139 874 φίας
1150 840 1190 867 ἔτι
1205 840 1252 867 καὶ
1266 840 1313 867 νῦν
1326 841 1365 872 εἰς
1382 840 1439 875 φῶς
1455 840 1588 873 ἕλκοντες,
1605 841 1657 876 πρὸ
1670 842 1817 877 ὀφθαλμῶν
1836 851 1867 869 τε

234 893 315 920 nobis
334 900 464 928 expressa
478 892 635 920 Graecorum
657 892 879 920 testimoniorum
905 890 1018 918 auctori-

1074 888 1131 918 τοῖς
1146 887 1213 913 πᾶσι
1224 886 1272 922 τὴν
1283 887 1312 914 ἐν
1324 887 1415 918 αὺτοῖς
1428 886 1666 922 ἀχρηστομάθειαν
1677 887 1867 923 ἀπογυμνοῦν-

234 941 289 964 tate
306 937 458 964 confectum
474 942 526 965 est.
542 936 629 972 Hujus
646 945 728 972 porro
745 943 900 971 supremam
922 939 1024 963 tracta-

234 982 346 1015 tionem,
364 982 411 1018 qui
431 982 555 1010 decimus
572 983 684 1017 quintus
704 982 824 1017 suscepti
845 981 937 1016 operis
956 981 1024 1008 liber

233 1033 285 1060 cst,
318 1029 375 1056 huc
404 1036 491 1063 usque
505 1028 672 1060 distulimus,
687 1028 714 1055 in
728 1035 783 1063 quo
800 1027 840 1055 sic
855 1035 886 1054 ea
902 1034 962 1062 qua:
978 1035 1024 1054 su-

232 1073 387 1109 perioribus
398 1081 431 1101 ex
445 1073 675 1109 disputationibus
691 1074 795 1108 reliqua
810 1077 885 1105 sunt,
899 1077 1024 1108 pertexe-

232 1128 304 1154 mus,
326 1124 355 1147 ut
372 1120 493 1155 speciosa
519 1120 564 1147 illa
586 1121 700 1155 egregia:
725 1120 881 1147 Graecorum
903 1119 1024 1154 philoso-

232 1166 304 1201 phiae
327 1166 455 1201 mysteria
484 1166 511 1193 in
541 1166 630 1193 lucem
661 1166 811 1193 etiamnum
839 1165 1022 1200 proferamus,

231 1220 370 1247 quamque
384 1212 450 1239 nihil
471 1212 564 1239 solida:
579 1219 704 1246 veraeque
719 1211 881 1238 eruditionis
891 1211 1021 1243 habeant,

231 1259 353 1285 omnium
367 1258 393 1284 in
407 1257 494 1285 oculis
506 1257 666 1293 deligamus.
678 1257 738 1290 Quo
749 1257 775 1284 in
792 1265 889 1292 genere
903 1258 1022 1293 primum

231 1312 264 1331 ae
280 1304 446 1339 praecipuum
464 1303 517 1331 hoc
533 1303 656 1330 futurum
676 1307 729 1335 est,
745 1308 774 1330 ut
789 1303 879 1338 quivis
893 1308 1024 1338 agnoscat

231 1357 285 1376 non
301 1349 353 1376 ulla
376 1357 466 1376 rerum
488 1356 556 1383 quas
571 1353 712 1383 tantopere
726 1348 895 1376 demirantur
912 1349 1023 1383 ignora-

230 1394 315 1427 tione,
329 1394 377 1421 sed
396 1394 484 1421 inanis
505 1401 599 1421 earum
624 1394 708 1421 studii
723 1398 892 1429 contemptu,
912 1401 1022 1421 onmem

229 1448 315 1475 prope
331 1448 381 1468 nos
393 1440 499 1467 illarum
512 1448 607 1467 curam
622 1440 741 1472 exuisse,
754 1440 854 1468 animis
871 1440 905 1467 ad
924 1440 1023 1467 melio~

230 1494 290 1513 rum
303 1494 383 1514 usum
402 1486 680 1520 exercitationemque
699 1486 842 1514 traductis.
856 1485 926 1514 lluic
939 1486 1023 1521 igitur

229 1532 274 1559 ubi
299 1531 354 1559 Deo
369 1532 438 1559 duce
458 1532 622 1567 impressum
639 1531 721 1560 fuerit
736 1532 860 1559 veritatis
887 1532 1020 1567 sigillum,

228 1583 377 1606 extremam
394 1578 590 1613 Prwparationi
607 1583 707 1606 nostrae
721 1579 881 1606 coronidem
897 1578 1021 1613 impone—

228 1633 299 1653 mus.
318 1624 396 1652 Unde
424 1625 457 1652 ad
481 1625 631 1659 perfectius
653 1625 820 1661 Evangelica:
846 1625 1019 1652 Demonstra-

228 1672 307 1700 u'om'a
321 1675 511 1707 argumentum
521 1672 670 1707 progressi,
678 1672 759 1707 790
769 1675 928 1706 posterioris
938 1674 1019 1707 hujus

226 1718 422 1753 disputationis
441 1718 560 1750 initium,
576 1719 648 1752 quod
672 1719 707 1745 ab
727 1718 813 1745 altero
835 1719 1019 1746 accusationis

227 1769 328 1792 nostrae
344 1764 433 1798 capite
455 1764 579 1796 ducetur,
595 1772 656 1791 cum
684 1764 783 1798 prioris
800 1764 873 1792 illius
890 1764 942 1792 fine
957 1772 1019 1791 con-

225 1815 327 1836 texam.
344 1808 427 1836 Nobis
444 1813 533 1836 autem
548 1809 656 1836 crimini
670 1809 798 1843 dabatur,
807 1810 879 1844 quod
897 1817 959 1837 cum
970 1818 1019 1844 pa-

226 1855 286 1882 triis
303 1854 408 1890 legibus
426 1854 602 1882 Hebraeorum
616 1854 726 1881 oracula
739 1855 948 1889 prmtulerimus,
966 1856 1017 1882 mi-

226 1899 300 1926 nime
308 1904 397 1927 tamen
411 1899 512 1926 Iudaeis
527 1899 616 1927 simile
632 1899 692 1926 vitae
703 1907 790 1934 genus
805 1900 1017 1935 institutumque

226 1951 377 1972 teneamus.
394 1945 444 1972 Cui
460 1952 510 1980 ego
530 1945 727 1978 criminationi,
744 1944 852 1981 favente
874 1945 940 1980 Deo,
955 1951 1017 1981 post

225 1990 350 2020 ex’aetu’n‘t
358 1991 546 2020 hunelihrum
562 1992 727 2027 respondere
740 1984 870 2021 conabor.
886 1992 931 2022 Sic
942 1994 1014 2021 enim

225 2039 334 2066 demum
355 2038 479 2066 futurum
498 2038 635 2071 existimo,
653 2042 683 2065 ut
695 2039 845 2074 posteriora
861 2048 923 2067 cum
940 2041 1015 2075 prio-

224 2084 300 2111 ribus
314 2091 369 2111 uno
382 2084 462 2119 quasi
477 2083 617 2118 complexa
637 2091 717 2118 nexu,
735 2092 818 2112 unam
830 2086 958 2117 universe
972 2091 1014 2113 to-

222 2129 277 2157 tius
292 2130 383 2165 operis
401 2129 564 2157 sententiam
582 2130 710 2157 efﬁciant.
729 2129 789 2158 Jam
807 2136 837 2158 ut
851 2132 879 2159 in
894 2139 927 2159 eo
939 2133 1012 2167 quod

222 2175 340 2210 agimus,
353 2175 521 2207 baereamus;
536 2176 756 2211 quandoquidem
775 2177 963 2212 superioribus
980 2178 1013 2205 li-

222 2221 279 2248 bris
297 2221 437 2248 evidenter
462 2221 642 2254 ostendimus,
659 2220 780 2250 Platonis
799 2222 1010 2258 philosophiam,

1040 922 1061 949 Β

1034 1601 1054 1629 C

1075 942 1129 965 τες,
1148 934 1195 960 καὶ⁴
1216 933 1325 960 πάντων
1338 941 1370 967 γε
1396 933 1527 969 πρότερον
1552 933 1748 969 παριστῶντες,
1761 935 1801 961 ὅτι
1827 935 1864 971 μὴ

1075 979 1171 1014 ἀγνοίᾳ.
1186 979 1241 1006 τῶν
1258 980 1322 1015 παρ’
1340 980 1430 1011 αὐτοῖς
1451 978 1676 1015 θαυμαζομένων,
1692 980 1822 1016 ὀλιγωρίᾳ
1836 981 1866 1008 δὲ

1074 1026 1123 1060 τῆς
1136 1026 1165 1052 ὲν
1178 1026 1269 1057 αὐτοῖς
1281 1025 1435 1060 ἀνωφελοῦς
1452 1025 1563 1061 σχολῆς,
1593 1027 1693 1061 ἥκιστα
1710 1027 1798 1054 αὐτῶν
1814 1036 1864 1054 πε-

1075 1072 1268 1107 φροντίκαμεν,
1279 1073 1312 1107 τῇ
1324 1072 1378 1098 τῶν
1393 1072 1555 1106 κρειττόνων
1567 1073 1681 1107 ἀσκήσει
1697 1072 1746 1104 τὰς
1760 1073 1864 1101 ἑαυτῶν

1074 1117 1219 1149 ἀναθέντες
1235 1118 1333 1153 ψυχάς.
1355 1118 1457 1144 Τούτου
1473 1117 1505 1153 δὴ
1530 1115 1576 1145 οὖν
1597 1119 1645 1145 σὺν
1665 1117 1725 1153 Θεῷ
1749 1118 1793 1145 διὰ
1815 1119 1864 1154 τῆς

1074 1164 1202 1199 ἀληθείας
1214 1165 1279 1200 ἡμῖν
1294 1164 1564 1200 ὲπισφραγισθέντος,
1578 1164 1612 1191 τὰ
1627 1164 1675 1199 μὲν
1687 1164 1736 1199 τῆς
1752 1167 1866 1199 Προπα-

1069 1211 1228 1246 ,ριισκευῆς
1243 1211 1360 1238 ἐνταῦθά
1377 1219 1420 1246 μοι
1435 1211 1679 1246 περιγραφήσεται.
1697 1210 1826 1242 Μεταὸὰς
1837 1211 1864 1237 δὲ

1074 1258 1120 1284 ἐπὶ
1137 1258 1187 1294 τὴν
1216 1257 1406 1293 ἐντελεστέραν
1429 1257 1556 1284 ὑπόθεσιν
1585 1257 1634 1291 τῆς
1657 1256 1863 1292 Εὐαγτιελικῆς

1081 1303 1279 1336 Ἀποδείξεως,
1293 1302 1400 1330 ἀπὸτοῦ
1414 1303 1551 1334 λείποντος
1561 1303 1611 1338 τῆς
1622 1302 1681 1328 καθ’
1698 1303 1776 1338 ήμῶν
1794 1311 1861 1329 κατ-

1074 1351 1187 1386 ηγορίας
1209 1350 1366 1385 σκέμματος
1388 1349 1436 1384 τὴν
1456 1348 1595 1384 καταρχὴν
1605 1349 1654 1384 τῆς
1665 1349 1792 1384 δευτέρας
1807 1350 1863 1375 ἐπι-

1075 1396 1186 1430 συνάψω
1202 1396 1403 1432 πραγματείας.
1419 1392 1473 1421 Ἦν
1492 1395 1519 1421 δὲ
1537 1395 1615 1421 τοῦτο
1640 1395 1861 1430 ὲπιμεμφόμενον

1074 1443 1149 1478 ἡμῖν,
1163 1443 1204 1469 ὅτι
1218 1442 1261 1478 δὴ,
1277 1442 1312 1468 τὰ
1332 1441 1465 1477 Ἐϐραίων
1479 1441 1557 1476 λόγια
1564 1441 1617 1467 τῶν
1630 1441 1751 1476 πατρίων
1768 1449 1861 1476 προτι-

1075 1490 1219 1525 μήσαντες,
1233 1489 1263 1515 οὐ
1277 1488 1323 1514 τὸν
1339 1489 1430 1523 ὅμοιον
1444 1487 1482 1524 τῷ
1499 1488 1634 1514 Ἰουδαίων
1650 1487 1705 1522 βίον
1719 1487 1860 1522 ζηλοῦντες

1073 1534 1255 1570 προεθέμεθα.
1272 1534 1344 1568 Πρὸς
1369 1533 1383 1560 ὂ
1398 1533 1467 1568 μετὰ
1481 1533 1531 1568 τὴν
1552 1533 1600 1559 τοῦ
1623 1533 1757 1569 παρόντος
1781 1533 1860 1567 λόγου

1073 1580 1279 1615 συμπλήρωσιν,
1292 1579 1359 1605 Θεοῦ
1376 1579 1578 1614 συνεργοῦντος,
1595 1580 1750 1615 ἀπαντῆσαι
1767 1579 1862 1615 πειρά-

1073 1633 1163 1659 σομαι.
1179 1624 1269 1659 Ταύτῃ
1286 1623 1341 1660 γὰρ
1353 1623 1472 1659 ἡγοῦμαι
1484 1625 1541 1655 τοῖς
1557 1624 1675 1659 πρώτοις
1691 1624 1725 1651 τὰ
1737 1624 1859 1660 δεύτερα,

1070 1671 1165 1706 ὥσπερ
1178 1671 1223 1705 ὑφ’
1241 1671 1281 1697 ένὶ
1296 1669 1387 1705 δεσμῷ
1405 1669 1609 1704 συμπλακέντα,
1627 1670 1691 1705 μίαν
1712 1671 1762 1707 τὴν
1779 1670 1860 1698 καθό-

1070 1717 1115 1743 λου
1143 1717 1260 1744 διάνοιαν
1277 1716 1324 1742 τοῦ
1352 1716 1453 1746 παντὸς
1475 1716 1650 1742 ἀποτελέσειν
1668 1716 1758 1750 λόγου.
1777 1717 1813 1743 Τό
1827 1725 1859 1751 γε

1071 1764 1124 1799 μὴν
1140 1763 1236 1799 παρὸν,
1249 1762 1340 1797 ἐπειδὴ
1355 1762 1474 1797 πέφηνεν
1492 1763 1520 1788 ὲν
1536 1763 1591 1793 τοῖς
1607 1762 1659 1797 πρὸ
1680 1761 1774 1788 τούτου
1793 1771 1858 1796 συγ-

1068 1810 1229 1845 γράμμασιν
1242 1810 1258 1844 ἠ
1275 1808 1346 1835 κατὰ
1356 1809 1487 1835 Πλάτωνα
1501 1808 1652 1842 φιλοσοφία,
1666 1808 1727 1834 τοτὲ
1740 1808 1789 1843 μὲν
1802 1810 1857 1840 τοῖς

1076 1855 1209 1891 Ἑϐραίων
1224 1854 1407 1890 συμφωνοῦσα
1422 1854 1519 1888 λόγοις,
1535 1854 1595 1881 τοτὲ
1619 1854 1647 1880 δὲ
1670 1854 1737 1889 πρὸς
1758 1854 1857 1885 αὐτοὺς

1068 1901 1210 1933 διεστῶσα,
1223 1902 1251 1928 έν
1267 1898 1308 1932 οἷς
1320 1900 1480 1936 ὲλήλεγκται
1493 1900 1540 1927 καὶ
1554 1901 1622 1936 πρὸς
1645 1900 1678 1927 τὰ
1701 1900 1768 1935 αὐτῇ
1790 1900 1854 1935 ἀρέ-

1068 1955 1167 1973 σκοντα
1180 1946 1350 1981 διαφωνοῦσα
1362 1955 1369 1962 ·
1386 1946 1420 1973 τὰ
1437 1946 1464 1973 δὲ
1478 1946 1547 1973 κατὰ
1558 1947 1621 1978 τοὺς
1635 1946 1730 1978 ἄλλους
1746 1947 1808 1977 τοὺς
1822 1946 1854 1981 δὴ

1067 1992 1197 2026 φυσικοὺς
1215 1991 1411 2027 ὲπικληθέντας
1420 1991 1592 2027 φιλοσόφους,
1609 1992 1659 2024 τάς
1675 2000 1702 2018 τε
1723 1991 1772 2026 τῆς
1784 1991 1855 2018 Πλά-

1066 2047 1148 2069 τωνος
1163 2037 1296 2073 διαδοχῆς,
1314 2038 1360 2064 καὶ
1375 2037 1409 2064 τὰ
1420 2038 1488 2065 κατὰ
1504 2038 1657 2073 Ξενοφάνην
1668 2046 1697 2064 τε
1724 2038 1770 2065 καὶ
1785 2038 1856 2073 Παρ-

1067 2083 1176 2118 μενίδην
1190 2103 1197 2114 ,
1225 2085 1272 2110 καὶ
1295 2084 1332 2110 ἔτι
1359 2083 1503 2119 Πύρρωνα,
1534 2085 1581 2110 καὶ
1600 2086 1661 2115 τοὺς
1681 2084 1728 2119 τὴν
1752 2083 1854 2119 ἐποχὴν

1065 2128 1311 2164 εἰσηγησαμένους,
1332 2130 1394 2161 τούς
1412 2139 1440 2155 τε
1457 2130 1551 2160 ἄλλους
1569 2129 1631 2162 ἑξῆς
1660 2129 1800 2160 ἅπαντας,
1817 2125 1853 2154 ὦν

1050 2174 1112 2206 ’τὰς
1128 2174 1206 2207 δόξας
1219 2176 1232 2202 ὁ
1249 2176 1390 2210 προλαϐὼν
1401 2176 1536 2211 ἀπήλεγξε
1548 2175 1634 2209 λόγος,
1646 2176 1701 2205 τοῖς
1720 2175 1852 2210 Ἐϐραίων

1063 2220 1130 2256 ὁμοῦ
1147 2221 1194 2248 καὶ
1209 2224 1264 2252 τοῖς
1280 2222 1421 2253 Πλάτωνος
1436 2222 1567 2256 δόγμασιν
1578 2241 1585 2251 .
1600 2221 1667 2255 αὐτῇ
1695 2230 1721 2247 τε
1740 2221 1852 2256 ἀληθεία

222 2267 304 2294 modo
322 2275 383 2295 eum
400 2267 575 2295 Hebraeorum
594 2267 718 2294 doctrina
744 2269 911 2302 consentire,
929 2270 1011 2297 modo

1069 2266 1092 2299 ἐξ
1109 2266 1232 2299 ἐναντίας
1251 2268 1393 2302 ἱστάμενα,
1406 2268 1437 2294 οὐ
1452 2267 1504 2302 μὴν
1519 2266 1586 2293 ἀλλὰ
1608 2267 1655 2293 καὶ
1676 2267 1722 2293 τὸν
1743 2266 1852 2302 ἔλεγχον

222 2314 355 2341 dissidere
369 2313 403 2340 ab
418 2313 529 2345 eadem;
545 2312 744 2340 imointerdum
757 2313 838 2340 etiam
848 2322 896 2341 sua
908 2315 1011 2349 ipsam-

221 2365 276 2387 met
291 2360 401 2387 decreta
416 2358 538 2386 refellere
551 2368 557 2385 :
570 2363 731 2386 caeterorum
744 2364 874 2394 praeterea
890 2361 1011 2395 philoso-

219 2406 347 2441 phorum,
359 2412 430 2440 quos
442 2404 522 2439 vulgo
532 2403 662 2439 Physicos
678 2405 830 2436 nominant,
845 2409 901 2433 tum
914 2413 1009 2433 eorum

220 2451 266 2486 qui
281 2450 388 2478 Platoni
403 2457 569 2480 successere,
583 2453 640 2476 tum
655 2449 737 2477 etiam
747 2449 933 2485 Xenophanis,
944 2451 1010 2479 Par-

219 2496 348 2529 menidis,
363 2494 524 2531 Pyrrhonis,
537 2499 565 2522 et
580 2502 676 2522 eorum
700 2495 746 2530 qui
772 2503 903 2524 assensus
920 2501 1009 2525 reten-

219 2542 319 2569 tionem
332 2541 468 2572 invexere,
483 2546 539 2568 tum
550 2540 666 2567 aliorum
676 2541 803 2576 deinceps
813 2541 935 2569 omnium
947 2550 1009 2570 sen-

220 2588 319 2615 tentias
336 2587 500 2622 pmcedenti
520 2587 590 2614 libro
605 2587 733 2619 vidimus,
751 2594 813 2614 cum
833 2586 1007 2615 Hebraeorum

220 2633 301 2660 simul
320 2632 496 2667 Platonisque
515 2632 653 2663 doctrina,
669 2633 792 2667 adeoque
809 2640 872 2660 cum
890 2634 949 2668 ipsa
962 2641 1008 2660 ve-

219 2677 300 2704 ritate
313 2676 403 2711 palam
423 2682 552 2711 rectaque
567 2684 698 2711 pugnare,
715 2685 748 2704 ac
761 2685 821 2704 sese
837 2682 934 2705 mutuo
950 2678 1008 2706 suis

220 2720 298 2754 quasi
313 2720 372 2747 telis
394 2720 549 2747 confodere.
562 2720 633 2752 Jam,
655 2721 778 2755 inquam,
792 2726 898 2755 tempus
911 2727 962 2755 est,
977 2726 1008 2749 ut

220 2766 304 2792 alium
319 2765 396 2792 illum
413 2765 568 2793 Aristotelis
586 2766 797 2801 Stoicorumque
813 2766 914 2794 fastum
929 2775 943 2794 e
958 2776 1005 2794 su-

219 2811 326 2846 periore
341 2811 413 2845 loco,
426 2812 465 2839 sic
482 2817 611 2846 tanquam
639 2819 654 2838 e
677 2819 759 2839 scena
778 2814 1005 2847 contemplemur,

188 2889 192 2894 η
219 2866 325 2893 unaque
333 2859 463 2893 reliquam
473 2858 712 2892 superciliosorum
721 2857 861 2885 hominum
873 2860 1007 2895 physiolo-

218 2905 289 2940 giam
313 2904 464 2937 videamus,
482 2911 537 2939 quo
550 2903 631 2930 simul
658 2911 690 2930 ac
712 2904 794 2931 semel
810 2911 872 2931 cum
888 2912 929 2938 ea,
944 2913 1004 2939 qua:

1062 2314 1118 2344 τοῖς
1129 2313 1203 2347 σφῶν
1217 2313 1306 2340 αὐτῶν
1317 2313 1420 2349 βέλεσιν
1434 2313 1650 2349 ἁπενηνεγμένα.
1666 2313 1736 2349 Ὦρα
1747 2313 1794 2340 καὶ
1806 2313 1852 2340 τὸν

1061 2357 1140 2384 ἄλλον
1153 2357 1237 2392 τῦφον
1251 2358 1305 2385 τῶν
1318 2359 1364 2386 ἀπ’
1388 2358 1598 2394 Ἀριστοτέλους,
1614 2358 1667 2384 τῶν
1679 2367 1707 2385 τε
1724 2358 1851 2386 Στωϊκῶν

1062 2405 1224 2440 φιλοσόφων,
1239 2406 1341 2432 ἄνωθεν
1355 2406 1392 2437 ὡς
1405 2405 1459 2432 ἀπὸ
1476 2405 1578 2440 σκηνῆς
1591 2405 1787 2437 κατοπτεῦσαι,
1803 2406 1851 2432 καὶ

1061 2451 1109 2486 τὴν
1122 2451 1217 2486 λοιπὴν
1232 2451 1260 2478 δὲ
1275 2452 1365 2478 πᾶσαν
1380 2451 1552 2485 φυσιολογίαν
1565 2450 1618 2477 τῶν
1630 2450 1679 2482 τὰς
1686 2451 1771 2487 ὀφρῦς
1785 2452 1851 2479 ἀνα-

1059 2496 1222 2531 τεινομένων
1240 2496 1369 2523 συνιδεῖν”
1394 2496 1431 2527 ὡς
1454 2495 1486 2522 ἂν
1509 2495 1640 2531 μάθοιμεν
1665 2496 1712 2522 καὶ
1724 2496 1759 2523 τὰ
1774 2497 1850 2532 παρὰ

1060 2541 1147 2567 τοῖσδε
1161 2541 1404 2576 σεμνολογούμενα,
1423 2541 1457 2568 τά
1473 2550 1502 2567 τε
1517 2541 1584 2577 πρὸς
1599 2542 1698 2573 αὐτοὺς
1711 2539 1744 2569 αὖ
1768 2542 1848 2569 πάλιν

1059 2586 1111 2612 ὑπὸ
1134 2586 1187 2613 τῶν
1207 2586 1313 2613 οἰκείων
1327 2586 1548 2621 ἁντιλελεγμένα.
1567 2585 1644 2613 Οὖτω
1659 2586 1713 2622 γὰρ
1727 2588 1774 2614 καὶ
1800 2588 1849 2622 τῆς

1058 2631 1160 2658 τούτων
1173 2632 1370 2667 ἀναχωρήσεως
1381 2633 1411 2659 τὸ
1428 2633 1492 2668 παρ’
1509 2634 1574 2668 ἡμῖν
1595 2633 1756 2668 κεκριμένον
1772 2634 1848 2660 εὐλό-

1058 2686 1106 2711 γου
1137 2678 1225 2713 πάσης
1251 2678 1387 2705 ἀπολύοιτ¹
1413 2679 1447 2706 ἂν
1470 2679 1654 2714 κατηγορίας·
1686 2679 1727 2706 ὅτι
1752 2679 1783 2715 δὴ
1809 2680 1846 2715 μὴ

1058 2724 1153 2759 ἀγνοίᾳ
1167 2724 1221 2750 τῶν
1236 2725 1300 2760 παρ’
1317 2725 1408 2757 αὐτοῖς
1432 2725 1555 2761 σεμνῶν,
1571 2724 1743 2761 ἐξητασμένη
1753 2725 1781 2751 δὲ
1799 2725 1846 2751 ’καὶ

1059 2768 1274 2805 βεϐασανισμένῃ
1296 2770 1395 2805 κρίσει,
1418 2770 1468 2806 τὴν
1484 2770 1558 2806 παρὰ
1571 2772 1627 2802 τοῖς
1642 2771 1847 2805 νενομισμένοις

1058 2815 1205 2852 βαρϐάροις
1220 2817 1347 2852 ἀλήθειάν
1357 2826 1387 2844 τε
1399 2818 1445 2844 καὶ
1457 2816 1596 2843 εὐσέϐειαν
1613 2816 1666 2843 τῶν
1684 2816 1845 2852 Ἑλληνικῶν

1058 2863 1182 2889 ἁπάντων
1198 2862 1586 2898 προτετιμήκαμν.“ᾼρξομαι
1601 2862 1629 2889 δὲ
1640 2862 1694 2888 ἀπὸ
1704 2862 1756 2888 τῶν
1774 2862 1845 2897 ’Δρι-

1058 2907 1206 2939 στοτέλους.
1225 2907 1316 2934 ’Ἄλλοι
1335 2907 1384 2942 μὲν
1398 2905 1444 2934 οὖν
1459 2908 1506 2933 καὶ
1517 2907 1563 2934 τὸν
1578 2907 1634 2942 βίον
1655 2906 1766 2943 τάνδρὸς
1786 2906 1844 2933 δια-
