4144 6428
460 348 586 400 I297
1622 349 1940 405 ΡΒΑΞΡΑΒ.
1979 349 2044 404 E‘

2146 349 2233 406 ιϐ.
2275 349 2403 404 LIB.
2446 349 2561 403 XV.
3567 344 3705 399 1298

454 458 771 531 Εεϐλήκασι,
799 462 1075 532 φιλόσοφοι
1108 465 1163 517 δὲ
1187 466 1280 518 καὶ
1302 465 1477 529 ἄλλως
1505 467 1606 519 οὐκ
1635 468 1859 535 ἀφανεῖς
1890 485 2034 531 τινες

2146 477 2246 522 Lam
2288 469 2535 538 speciose
2578 470 2922 539 graviterque
2965 468 3196 537 jactant,
3225 476 3338 520 tum
3382 465 3546 518 etiam
3591 465 3702 531 illa,

449 547 586 620 ἦσαν
621 553 715 605 καὶ
742 549 905 610 οὗτοι.
955 556 1107 627 Ἐμοὶ
1138 556 1182 610 δ’
1208 558 1267 610 ού
1306 557 1457 627 φίλον
1486 557 1655 628 ἄνδρα
1693 558 1803 610 οὐδ’
1837 560 2026 623 αὑταῖς

2146 561 2329 631 {uibus
2347 576 2379 617 a
2395 562 2513 617 suis
2543 576 2609 616 ac
2632 561 2947 616 domesticis
2964 560 3315 625 refelluntur,
3333 559 3525 615 eadem
3541 576 3703 629 opera

450 643 643 707 ἀκοαῖς
666 643 953 715 ἀνέχεσθαι
980 646 1165 711 κακῶς
1197 649 1333 721 πρὸς
1368 649 1475 702 τῶν
1522 648 1736 702 οἰκείων
1769 651 2028 722 ἀγορευό-

2146 668 2549 724 :ognoscamus.
2585 652 2676 710 Sic
2692 654 2835 709 enim
2857 653 3099 708 futurum
3124 654 3288 707 etiam
3308 662 3413 718 est,
3433 652 3701 707 utdisces-

453 748 633 802 μενον.
650 735 848 808 Διόπερ
870 737 967 802 τὰς
981 738 1119 810 ὑπὲρ
1143 740 1307 793 αὐτοῦ
1342 740 1539 810 μᾶλλον
1568 740 1870 812 ἐκθήσομαι
1893 741 2028 801 απο-

2146 760 2226 801 sus
2246 746 2315 800 ab
2344 746 2453 802 illis
2472 747 2645 802 nostri
2662 746 2974 809 consilium,
2995 761 3211 800 omnem
3227 745 3388 814 justa:
3405 745 3708 800 accusatio-

450 822 639 893 λογίας
688 825 801 881 ἀπὸ
842 827 952 883 τῶν
994 831 1401 901 Ἀριστοκλέους
1428 832 1522 885 τοῦ
1549 832 1990 903 Περιπατητικοῦ
2010 876 2025 900 ,

2146 836 2216 890 iis
2229 837 2545 905 petitionem
2564 837 2786 909 etl'ugiat
2811 856 2825 892 :
2851 838 2996 908 quod
3015 852 3121 893 non
3140 838 3451 907 graviorum
3472 836 3614 907 apud
3639 835 3704 889 il-

450 914 510 979 ὂς
530 916 589 969 ἐν
609 918 687 988 τῷ
715 918 925 993 ἑϐδόμῳ
954 923 1095 991 Περὶ
1132 924 1498 993 φιλοσοφίας
1530 924 1653 977 τάδε
1694 927 1822 996 περὶ
1863 925 2029 979 αὐτοῦ

2152 942 2214 982 os
2239 928 2555 999 dogmatum
2577 928 2905 1000 ignorantia,
2926 929 3017 983 sed
3039 927 3387 982 considerato
3412 926 3705 981 admodum

452 1008 672 1078 γράφει.
2127 1019 2518 1091 exploratoque
2546 1019 2956 1091 judicio,quam
2988 1020 3129 1090 apud
3155 1034 3250 1075 eos
3267 1019 3360 1089 qui
3393 1018 3708 1073 barbaridi-

452 1112 670 1173 cuntur,
686 1109 966 1165 veritatem
988 1125 1051 1165 ac
1075 1111 1326 1180 pietatem
1350 1112 1667 1183 reperimus,
1681 1113 2010 1170 Graecanicis
2025 1115 2282 1170 omnibus
2294 1116 2559 1184 potiorem
2579 1116 2950 1171 habuerimus.
2970 1116 3145 1185 Atque
3164 1122 3222 1168 ut
3238 1114 3305 1168 ab
3318 1112 3605 1168 Aristotele
3618 1127 3710 1167 or-

452 1195 588 1264 diar,
604 1197 753 1255 fuere
767 1201 983 1270 quidem
1003 1204 1270 1269 nonnulli,
1290 1218 1391 1260 nec
1406 1206 1627 1261 obscuri
1645 1207 1887 1276 alioquin
1914 1207 2245 1278 philosophi,
2264 1224 2295 1262 a
2312 1208 2513 1279 quibus
2532 1208 2649 1279 ipsa
2661 1224 2879 1279 quoque
2894 1209 3135 1264 hominis
3153 1207 3260 1262 vita
3278 1206 3568 1262 calumniis
3580 1220 3679 1276 pro
3691 1235 3711 1246 -

453 1292 624 1356 scissa
637 1300 737 1347 est.
756 1290 825 1347 At
841 1307 942 1363 ego
958 1309 1025 1348 ne
1047 1295 1326 1351 auditione
1339 1298 1555 1366 quidem
1575 1314 1800 1354 suorum
1821 1299 1875 1353 in
1892 1315 2017 1354 eum
2032 1301 2317 1355 maledicta
2338 1301 2609 1357 sustinere
2625 1303 2851 1372 possim.
2870 1301 3235 1369 Quamobrem
3248 1300 3423 1354 editas
3437 1300 3618 1369 potius
3640 1299 3709 1353 ab

454 1383 1106 1453 AristotelePeripatetieo
1117 1386 1447 1443 defensionis
1463 1389 1582 1455 ejus
1597 1390 1837 1445 rationes
1853 1392 2381 1462 exponam791qui
2397 1392 2535 1448 libro
2552 1393 2626 1448 De
2638 1394 2971 1462 philosophia
2984 1395 3211 1464 septimo
3224 1394 3295 1449 ita
3308 1395 3375 1451 de
3392 1395 3483 1451 illo
3499 1391 3708 1450 scribit.

982 1500 1377 1555 ΚΕΦΑΛΑΙΟΝ
1417 1501 1491 1554 B'.

467 1588 776 1664 14:56;th
849 1591 1299 1664 Ἀριστοκλέους
1363 1594 1470 1664 τοῦ
1538 1595 2027 1664 Περιπατητικοῦ,

525 1660 659 1729 περὶ
694 1662 1162 1732 Ἀριστοτέλους,
1195 1665 1293 1715 καὶ
1326 1662 1445 1716 τῶν
1467 1660 1829 1732 περὶαύτοῦ
1866 1669 2029 1719 ἱστο-

517 1730 845 1801 ρουμένων.
880 1731 1010 1787 Ἀπὸ
1034 1731 1139 1786 τοῦ
1172 1733 1306 1803 Περὶ
1336 1730 1653 1804 φιλοσοῴίας
1684 1736 1959 1804 ἑϐδόμου.

532 1863 551 1895 ι
598 1842 723 1908 Πῶς
751 1843 859 1914 γὰρ
888 1838 999 1898 οἷόν
1041 1863 1101 1898 τε
1128 1885 1143 1910 ,
1186 1847 1431 1919 καθάπερ
1485 1850 1650 1919 φησιν
1712 1849 2030 1921 Ἐπίκουρος

457 1937 516 1988 ἐν
542 1938 609 2006 τῇ
640 1936 768 2008 περὶ
797 1936 905 1989 τῶν
949 1936 1393 2009 ἐπιτηδευμάτων
1440 1940 1697 2011 ἐπιστολῇ
1717 1979 1732 2005 ,
1780 1940 1900 1994 νέον
1933 1940 2031 2011 μὲν

458 2026 585 2080 ὂντα
612 2031 947 2096 καταφαγεῖν
975 2029 1136 2082 αὑτὸν
1166 2030 1265 2102 τὴν
1297 2029 1557 2103 πατρῴαν
1585 2032 1771 2085 οὐσίαν
1795 2072 1810 2095 ,
1842 2032 2033 2085 ἔπειτα

458 2118 514 2170 δὲ
547 2119 639 2172 ἐπὶ
666 2119 728 2172 τὺ
752 2120 1142 2189 στρατεύεσθαι
1170 2121 1504 2189 συνεῶσθαι;
1530 2124 1717 2188 κακῶς
1747 2124 1805 2177 δέ
1855 2125 2031 2195 πράτ-

460 2226 619 2263 τοντα
664 2211 722 2264 ἐν
772 2211 998 2277 τούτοις,
1054 2214 1148 2267 ἐπὶ
1210 2214 1271 2268 τὸ
1327 2216 1789 2287 φαρμακοπωλεῖν
1817 2217 1991 2271 ἐλθεῖν
2015 2235 2029 2249 ⁸

460 2301 646 2356 ἔπειτα
701 2303 1155 2376 ἀναπεπταμένου
1210 2306 1305 2360 τοῦ
1374 2307 1659 2372 Πλάτωνος
1720 2310 2032 2378 Περιπάτου

462 2393 615 2455 πᾶσι,
646 2392 982 2464 παραλαϐεῖν
1009 2395 1169 2448 αὐτόν
1195 2412 1210 2461 ;
1233 2396 1305 2449 Ἦ
1331 2396 1448 2461 πῶς
1486 2397 1551 2451 ἄν
1598 2415 1681 2460 τις
1711 2397 2035 2464 ἀποδέξαιτο

460 2482 690 2553 Τιμαίου
710 2483 803 2537 τοῦ
821 2484 1242 2557 Ταυρομενίτου,
1263 2487 1513 2556 λέγοντος
1534 2490 1591 2541 ἐν
1604 2491 1725 2552 ταῖς
1751 2490 2034 2558 ἱστορίαις,

461 2573 644 2638 ἀδόξου
677 2574 847 2647 θύρας
891 2578 1054 2630 αὐτὸν
1090 2579 1324 2647 ίατρείου
1358 2579 1453 2633 καὶ
1484 2579 1583 2644 τὰς
1631 2579 1897 2650 τυχούσας
1939 2581 2035 2651 ὀψὲ

462 2666 559 2735 τῆς
589 2665 801 2736 ἡλικίας
850 2667 1096 2735 κλεῖσαι;
1138 2671 1232 2734 Τίς
1279 2671 1322 2723 δ’
1377 2670 1443 2724 ἂν
1475 2672 1721 2744 πεισθείη
1778 2676 1889 2737 τοῖς
1944 2674 2035 2727 ὑπ’

474 2757 840 2829 Ἀριστοξένου
866 2759 960 2814 τοῦ
988 2762 1244 2831 μουσικοῦ
1277 2762 1587 2835 λεγομένοις
1625 2767 1682 2819 ἐν
1715 2768 1795 2839 τῷ
1820 2768 1920 2839 βίῳ
1944 2766 2035 2825 τοῦ

465 2852 799 2918 Πλάτσοινοςς.
830 2855 919 2909 Ἑν
948 2855 1055 2929 γὰρ
1075 2858 1139 2930 τῇ
1172 2857 1350 2931 πλάνῃ
1382 2859 1476 2911 καὶ
1507 2861 1573 2929 τῇ
1625 2858 1904 2932 ἀποδημίᾳ
1937 2877 2038 2931 φη-

467 2947 549 2997 σὶν
575 2947 966 3002 ἐπανίστασθαι
995 2951 1088 3003 καὶ
1117 2951 1518 3021 άντοικοδομεῖν
1560 2950 1709 3023 αὑτῷ
1758 2967 1911 3013 τινας
1935 2952 2039 3004 Πε-

467 3034 689 3105 ρίπατον
716 3037 898 3104 ξένους
920 3038 1099 3103 ὄντας.
1125 3038 1339 3093 οἴονται
1378 3036 1471 3093 οὖν
1519 3041 1653 3094 ἔνιοι
1686 3042 1859 3094 ταῦτα
1908 3042 2036 3114 περὶ

2757 1504 2985 1560 CAPUT
3019 1505 3082 1560 ll.

2135 1596 2214 1651 De
2241 1598 2541 1657 Aristotele.
2578 1615 2640 1652 ac
2670 1598 2734 1652 de
2769 1599 2835 1651 iis
2864 1615 2982 1668 quia
3003 1600 3064 1651 de
3093 1596 3184 1668 illo
3216 1596 3426 1665 prodita
3456 1603 3598 1649 sunt.
3625 1588 3711 1646 Ex

2209 1669 2489 1751 Aristoclis
2530 1667 2882 1751 Peripatetici
2923 1668 3058 1722 libro
3098 1667 3172 1721 De
3206 1667 3554 1737 philosophia
3594 1678 3711 1716 seo-

2210 1743 2358 1791 timo.

2207 1874 2224 1905 ι
2250 1852 2353 1918 Qui
2384 1851 2598 1908 tandem
2632 1850 2747 1906 ﬁeri
2768 1850 2963 1920 potuit,
2991 1851 3166 1922 inquit
3186 1850 3294 1913 ille,
3328 1857 3388 1903 ut
3414 1849 3559 1919 quod
3600 1846 3712 1917 epi—
3744 1892 3747 1895 .

2133 1947 2274 2000 stola
2304 1945 2372 1999 de
2392 1945 2512 1999 vita:
2543 1944 2808 1999 institutis
2836 1942 3103 2013 Epicurus
3129 1943 3336 2006 scribit,
3359 1940 3715 2004 Aristoteles,

2129 2036 2346 2107 juvenis
2369 2036 2549 2091 adhuc
2587 2050 2711 2091 cum
2742 2043 2908 2100 esset,
2940 2035 3330 2105 patrimonium
3370 2032 3708 2093 exhauserit,

2135 2129 2363 2197 indeque
2384 2127 2701 2196 compulsus
2733 2128 2801 2182 ad
2825 2127 3075 2181 militiam
3105 2124 3304 2180 fuerit?
3328 2124 3419 2178 ubi
3451 2124 3594 2194 quod
3622 2137 3711 2177 res

2133 2219 2381 2276 eiminus
2402 2219 2691 2275 commode
2719 2220 2951 2286 cederet,
2979 2219 3151 2289 egerit
3170 2218 3426 2285 deinceps
3458 2216 3714 2285 pharma—

2134 2310 2415 2379 copolam;
2445 2309 2621 2365 donec
2657 2309 2874 2365 tandem
2915 2324 3039 2364 cum
3071 2316 3281 2379 pateret
3301 2308 3558 2363 omnibus
3588 2305 3715 2362 Pla-

2137 2401 2279 2456 tonis
2325 2401 2641 2468 ambulatio,
2683 2416 2800 2456 eam
2848 2400 2952 2455 sibi
2994 2400 3138 2455 ultro
3187 2399 3536 2469 deposceret?
3576 2397 3713 2465 Quis

2136 2491 2401 2547 Timaeum
2436 2492 2959 2547 Tauromenitanum
2990 2491 3197 2555 audiat,
3219 2492 3349 2546 dum
3380 2489 3493 2545 suis
3534 2490 3588 2543 in
3633 2489 3715 2543 hi-

2138 2585 2322 2639 storiis
2351 2584 2500 2637 illum
2535 2586 2629 2648 ait,
2650 2584 2839 2638 aﬂ‘ecta
2865 2585 2974 2654 jam
3001 2591 3176 2649 aetate,
3202 2582 3460 2653 neglectis
3492 2580 3713 2636 obscuri

2136 2675 2420 2744 cujusdam
2464 2676 2658 2730 medici
2699 2675 2925 2730 olﬁcina:
2964 2670 3284 2728 claudéndis
3320 2672 3532 2727 foribus
3572 2686 3712 2741 prae-

2140 2767 2341 2823 fuisse?
2374 2766 2507 2833 Quis
2540 2768 2607 2822 de
2628 2768 2721 2821 illo
2747 2776 3030 2836 propterea
3059 2780 3217 2822 secus
3242 2765 3535 2829 existimet,
3563 2763 3712 2833 quod

2138 2856 2496 2911 Aristoxenus
2522 2856 2769 2911 musicus
2810 2856 2863 2909 in
2907 2854 3153 2910 Platonis
3183 2855 3292 2909 vita
3326 2854 3546 2921 referat,
3579 2855 3717 2909 dum.

2138 2947 2610 3015 peregrinaretur,
2656 2947 2981 3016 abessetque
3027 2947 3275 3016 longius,
3317 2960 3479 3017 quem
3518 2956 3715 3002 Vocant

2139 3037 2472 3108 Peripatum,
2507 3037 2770 3094 adversus
2808 3052 2931 3092 eum
2979 3036 3297 3106 peregrinos
3346 3035 3596 3092 homines
3618 3053 3715 3091 ex-

478 3128 878 3199 Ἀριστοτέλους
900 3130 1077 3199 λέγειν
1112 3130 1294 3197 αὐτὸν,
1332 3131 1699 3203 Ἀριστοξένου
1728 3133 1815 3187 διὰ
1840 3135 2034 3198 παντὸς

2146 3131 2369 3188 ritasse?
2394 3129 2518 3185 llaec
2563 3131 2707 3186 enim
2741 3130 2902 3185 verba
2926 3128 3171 3183 nonnulli
3214 3128 3282 3183 de
3303 3128 3596 3183 Aristotele
3620 3144 3714 3182 ac-

466 3218 835 3289 εὗφημοῦντος
874 3221 1267 3293 Ἀριστοτέλην.
1321 3222 1708 3293 Καταγέλαστα
1740 3224 1784 3277 δ’
1816 3224 2037 3289 εἰκότως

467 3306 604 3363 εἶναι
634 3310 764 3381 φαίη
786 3328 869 3375 τις
895 3311 960 3366 διν
993 3313 1086 3365 καὶ
1111 3312 1179 3366 τά
1205 3315 1743 3386 ἀπομνημονεύματα
1790 3315 1858 3369 τὰ
1895 3316 2039 3369 Ἀλε-

468 3400 611 3465 ξίνου
656 3402 751 3455 τοῦ
792 3403 1095 3476 Ἐριστικοῦ
1145 3404 1279 3476 (47).
1332 3406 1483 3458 Ποιεῖ
1528 3407 1637 3478 γὰρ
1696 3407 2038 3479 Ἀλέξανδρον

469 3496 634 3549 παῖδα
662 3496 1042 3566 διαλεγόμενον
1086 3497 1162 3569 τῷ
1191 3501 1353 3569 πατρὶ
1384 3498 1653 3570 Φιλίππῳ,
1682 3501 1777 3554 καὶ
1818 3500 2041 3554 διαπτύ-

468 3604 597 3641 οντα
628 3589 727 3659 μὲν
746 3592 874 3653 τοὺς
896 3590 988 3643 τοῦ
1035 3591 1435 3661 Ἀριστοτέλους
1463 3593 1674 3661 λόγους,
1709 3593 2040 3663 ἀποδεχόμε-

470 3698 558 3734 νον
581 3681 637 3734 δέ
661 3681 993 3753 Νικαγόραν,
1028 3682 1117 3735 τὸν
1151 3683 1355 3755 Ἑρμῆν
1389 3683 1767 3756 ἐπικληθέντα.
1792 3686 1900 3739 Καὶ
1934 3687 2039 3739 Εὑ-

472 3772 719 3843 δουλίδης
754 3771 865 3844 (48)
898 3773 956 3825 δὲ
988 3773 1268 3845 προδήλως
1298 3776 1356 3828 ἐν
1385 3775 1463 3846 τῷ
1493 3779 1612 3829 κατ’
1652 3777 1817 3830 αὑτοῦ
1853 3778 2042 3849 βιϐλίῳ

471 3866 741 3935 ψεύδεται,
772 3866 988 3939 πρῶτον
1023 3866 1122 3937 μὲν
1152 3868 1429 3937 ποιήματα
1453 3866 1638 3939 ψυχρὰ
1668 3869 2044 3941 προσφερόμε-

474 3973 583 4019 νος,
619 3957 696 4019 ὡς
726 3957 1079 4027 γεγραφότων
1100 3957 1272 4011 ἄλλων
1299 3957 1425 4029 περὶ
1454 3959 1549 4011 τοῦ
1583 3960 1781 4029 γάμου,
1823 3961 1916 4014 καὶ
1945 3961 2043 4032 τῆς

475 4042 613 4114 πρὸς
653 4043 910 4115 Ἑρμείαν
940 4045 1266 4113 οἰκειότητος
1297 4044 1445 4117 αὑτῷ
1481 4048 1767 4115 γεγονυίας
1789 4066 1802 4079 ·
1853 4049 2043 4104 ἔπειτα

475 4132 726 4206 Φιλίππῳ
754 4136 977 4205 φάσκων
1001 4135 1163 4189 αὐτὸν
1197 4138 1493 4208 προσκόψαι
1517 4178 1532 4202 ,
1581 4139 1674 4192 καὶ
1722 4140 2043 4195 τελευτῶντι

479 4224 724 4280 Πλάτωνι
757 4228 831 4298 μὴ
864 4227 1288 4299 παραγενέσθαι,
1327 4231 1396 4283 τά
1422 4246 1481 4282 τε
1513 4229 1692 4301 βιὸλία
1726 4231 1890 4284 αὐτοῦ
1930 4233 2046 4288 διοι-

481 4316 716 4388 φθεῖραι.
748 4317 860 4391 Τὴν
909 4319 1005 4389 μὲν
1032 4319 1139 4392 γάρ
1169 4321 1520 4391 Δημοχάρους
1559 4320 1668 4391 (49)
1714 4324 2044 4396 κατηγορίαν

479 4409 623 4465 κατὰ
654 4410 764 4462 τῶν
788 4410 1093 4481 φιλοσόφων
1112 4411 1164 4464 τί
1192 4411 1298 4483 χρὴ
1320 4411 1532 4479 λέγειν;
1562 4412 1623 4466 οὐ
1650 4412 1760 4484 γὰρ
1805 4402 2047 4485 Ἀριστοὲ

479 4501 643 4575 τέλην
692 4503 872 4573 μόνον,
908 4503 1043 4557 ἀλλὰ
1073 4504 1166 4557 καὶ
1197 4506 1323 4568 τοὺς
1363 4504 1554 4567 ἄλλους
1588 4503 1775 4569 κακῶς
1803 4504 2043 4578 εἴρηκεν.
2080 4485 2122 4539 D

487 4594 610 4648 Ἔτι
635 4611 699 4664 γε
726 4594 832 4666 μὴν
864 4594 1035 4657 αὑτὰς
1064 4593 1162 4658 τὰς
1187 4593 1435 4658 διαϐολάς
1476 4593 1692 4647 σκοπῶν
1725 4594 1789 4647 ἄν
1817 4611 1921 4659 τις,
1954 4594 2049 4665 λη-

557 4726 669 4800 (47)
720 4729 1027 4795 Ἀλεξίνου
1075 4730 1181 4800 τοῦ
1231 4728 1584 4800 Ἐρισζτικοῦ.
1632 4726 1804 4783 Notus
1850 4730 1937 4784 hic
1985 4746 2052 4784 ex

490 4799 723 4868 Diogene
770 4800 865 4853 lib.
912 4815 952 4853 tt
994 4800 1049 4853 in
1092 4799 1334 4862 Euclide,
1384 4799 1737 4854 Eristicorum
1787 4800 2049 4868 principe.

494 4863 615 4940 Τῆς
630 4868 951 4940 Εὐϐουλίδου
988 4869 1267 4940 διαδοχῆς,
1302 4870 1496 4940 inquit,
1535 4863 1803 4940 Ἀλεξῖνος
1820 4863 2052 4937 ἐγένετο,

501 4938 895 5011 ᾝλεῖοςμάνὴρ,
925 4937 1477 5011 φιλονεικότατος-,διδ
1504 4937 1903 5011 καὶὲᾼλεξῖνος
1932 4941 2056 5011 ἐπε-

489 5007 683 5081 κλήθη.
712 5007 857 5081 Lege
885 5023 1009 5064 cum
1043 5008 1312 5081 Hesychio
1348 5009 1573 5075 Milesio,
1613 5007 1908 5077 Ἐλεγξῖνος
1933 5010 2058 5063 ἐπε·-

491 5077 590 5132 κλή
596 5077 661 5132 θη
672 5121 684 5132 .

559 5078 1083 5219 1ἓξὲξΔί’ῠόὀυλιδης.
1104 5149 1390 5217 Diogenes,
1408 5148 1561 5213 ibid.,
1585 5144 2056 5219 Euclidissucces-

494 5215 674 5271 sorem
723 5218 936 5272 Alexini
989 5215 1308 5289 magistrum
1343 5219 1751 5289 finissertradit.
1801 5215 2056 5289 Deique,

536 5294 689 5340 rzeter
716 5289 826 5351 illa,
858 5305 979 5357 quae
1007 5288 1167 5358 supra
1193 5302 1314 5357 pag.
1341 5288 1444 5343 755
1466 5288 1640 5342 obiter
1661 5288 2058 5358 adnotavimus,

536 5371 613 5409 aee
642 5358 806 5411 etiam
848 5359 1029 5422 habet,
1066 5357 1189 5412 eam
1222 5358 1488 5412 Aristocle
1516 5357 1842 5412 cohaerentia
1871 5373 1884 5409 :
1933 5357 1991 5410 '0
2015 5357 2059 5410 δ’

495 5426 839 5500 Εὐβουλίδης,
866 5429 1064 5500 inquit,
1086 5427 1336 5500 ab???“
1370 5428 1740 5500 Ἀριστοτέλην
1766 5425 2059 5496 διεφέρετο,

496 5497 794 5578 καῖλορλλὰ
821 5497 977 5578 αὐτδν
1000 5498 1338 5578 διαϐέβληκε.

572 5565 682 5635 (49)
709 5566 1107 5636 Δημοχάρους.
1131 5568 1212 5621 An
1235 5565 1324 5621 ille
1348 5567 1730 5630 Demochares,
1754 5565 2065 5621 Demosthe-

501 5634 588 5688 nis
621 5634 684 5707 οἱ
726 5634 910 5707 sorore
940 5634 1159 5707 nepos,
1190 5639 1257 5695 de
1298 5653 1407 5705 quo
1433 5637 1760 5707 Plutarchus
1794 5637 1847 5690 in
1878 5638 2064 5707 Decem

492 5705 827 5779 orationibus
845 5705 1086 5779 suam,
1126 5707 1302 5779 inquit
1321 5746 1335 5769 ,
1361 5706 1624 5779 καὶκατὰ
1658 5707 1890 5779 πόλεμον
1919 5706 2065 5779 ,ἁγα-

502 5772 617 5840 θὸς,
644 5776 735 5829 καὶ
767 5775 904 5831 κατὰ
938 5772 1059 5842 τούς
1083 5772 1388 5842 πολιτικοὺς
1408 5777 1595 5846 λόγους
1617 5772 1824 5839 οὐδενὸς
1847 5775 2058 5846 χείρων.

2139 3224 2378 3294 cipiunt,
2425 3223 2584 3291 cujus
2620 3230 2800 3276 tamen
2858 3235 3140 3289 nunquam
3191 3219 3553 3274 Aristoxenus
3603 3219 3713 3274 nisi

2139 3316 2534 3386 perbonorilice
2578 3313 2849 3368 meminit.
2893 3311 3035 3379 Quin
3068 3311 3231 3365 etiam
3292 3308 3556 3364 ridiculos
3589 3309 3716 3379 jure

2138 3406 2415 3475 putaveris
2459 3402 2674 3459 Alexini
2723 3401 2941 3457 Eristici
2990 3401 3435 3457 commentarios.
3474 3399 3714 3454 Alexan-

2139 3499 2298 3552 drum
2340 3499 2486 3551 enim
2537 3496 2768 3561 inducit,
2808 3510 2943 3566 puer
3000 3491 3181 3547 adhuc
3221 3506 3347 3546 cum
3396 3499 3560 3558 esset,
3587 3506 3713 3547 cum

2140 3590 2387 3660 Philippo
2427 3597 2580 3660 patre
2626 3589 3060 3657 colloquentem,
3108 3586 3201 3656 qui
3238 3584 3548 3639 Aristotelis
3614 3583 3714 3639 do-

2141 3686 2372 3740 ctrinam
2416 3684 2724 3754 despueret,
2750 3680 3069 3753 Nieagoram
3110 3686 3471 3751 cognomento
3504 3675 3717 3733 Mercu-

2142 3779 2284 3832 rium
2311 3776 2661 3831 vehementer
2689 3776 2964 3845 probaret.
2993 3772 3208 3828 Nudum
3254 3772 3383 3828 item
3413 3785 3477 3825 ac
3510 3769 3719 3840 perspi-

2141 3883 2304 3922 ettum
2353 3866 2634 3921 Eubulidis
2667 3866 2722 3919 in
2768 3881 2869 3922 suo
2901 3865 3163 3919 adversus
3185 3862 3535 3918 Aristotelem
3575 3860 3716 3914 libro

2142 3960 2486 4014 mendacium
2506 3966 2610 4026 est,
2629 3957 2682 4010 in
2700 3957 2913 4027 primis,
2946 3955 3075 4009 dum
3096 3954 3292 4025 frigida
3318 3953 3564 4024 quaedam
3588 3966 3719 4021 poe-

2142 4060 2286 4106 mata
2314 4050 2584 4120 producit,
2620 4064 2743 4119 quae
2783 4048 2875 4102 alii
2906 4047 2973 4101 de
3001 4046 3175 4116 ipsius
3201 4045 3455 4115 conjugio
3496 4054 3550 4098 et
3589 4059 3715 4099 cum

2146 4140 2360 4197 llermia
2383 4139 2775 4196 consuetudine
2798 4137 3145 4208 scripserint:
3170 4137 3385 4204 deinde,
3416 4154 3540 4193 cum
3562 4152 3717 4192 eum-

2144 4246 2266 4287 oem
2291 4231 2367 4285 ait
2395 4230 2449 4284 in
2481 4228 2716 4299 Philippi
2745 4228 3101 4286 oﬂ‘ensiouem
3134 4228 3456 4294 incurrisse,
3487 4243 3589 4284 nec
3615 4228 3714 4283 atl-

2147 4324 2317 4379 l‘uisse
2355 4321 2609 4376 morienti
2637 4320 2872 4387 Platoni,
2898 4320 3127 4392 ejusque
3163 4320 3331 4375 libros
3368 4320 3715 4389 depravasse.

2148 4411 2283 4467 Nam
2306 4410 2659 4467 Democharis
2685 4409 2902 4480 quidem
2932 4408 3196 4464 adversus
3217 4408 3569 4479 philosophos
3607 4409 3717 4464 cri-

2153 4502 2506 4557 minationem
2532 4500 2664 4571 quid
2687 4514 2983 4567 moremur,
3014 4499 3107 4569 qui
3142 4513 3250 4554 non
3279 4505 3488 4554 tantum
3518 4498 3574 4552 in
3600 4498 3719 4553 Ari-

2152 4594 2421 4661 stotelem,
2459 4594 2554 4648 sed
2582 4595 2746 4649 etiam
2780 4592 2834 4647 in
2863 4591 3001 4648 alios
3031 4607 3188 4648 suam
3217 4591 3360 4646 hanc
3391 4590 3720 4646 maledictio.-

2153 4732 2221 4785 At
2256 4729 2330 4784 ibi
2359 4728 2495 4783 nihil
2522 4728 2593 4784 de
2633 4728 3045 4784 contumeliosis
3076 4728 3316 4783 hominis
3345 4726 3622 4796 operibus,
3651 4727 3719 4782 de

2154 4801 2280 4854 odio
2310 4799 2365 4853 in
2390 4799 2763 4862 Aristotelem,
2797 4799 2951 4853 nihil.
2982 4797 3089 4852 Nec
3114 4796 3308 4853 Suidas
3332 4798 3627 4866 quidquam
3654 4813 3718 4852 ea

2154 4871 2220 4924 de
2252 4884 2312 4923 re
2346 4869 2604 4940 suggerit.
2634 4867 2844 4940 Tullius
2892 4870 2945 4922 in
2991 4869 3187 4940 Bruto,
3225 4868 3539 4940 historicum
3566 4882 3718 4940 _eum

2157 4939 2326 4994 fuisse
2355 4936 2545 4994 seri—bit
2575 4956 2589 4993 :
2622 4939 2985 5003 Demochares,
3021 4939 3215 5007 inquit,
3246 4936 3602 4991 Demosthenis
3628 4953 3720 4990 ne-

2156 5026 2283 5081 pos,
2315 5010 2593 5081 historiam
2638 5025 2821 5063 earum
2872 5023 3199 5081 ret-amante
3240 5015 3389 5059 erant
3424 5016 3582 5081 gesta;
3621 5023 3725 5061 sua

2158 5078 2310 5135 letale
2333 5080 2574 5143 Athenis,
2600 5096 2702 5132 non
2739 5090 2846 5132 tam
2883 5078 3132 5131 historico
3165 5091 3324 5146 quant
3350 5078 3605 5130 orationis
3634 5093 3723 5143 ge-

2159 5164 2279 5203 nere
2322 5150 2646 5218 perscripsit.
2693 5144 3333 5218 ΜοιιιᾼΠαρῤησιαστής
3358 5146 3425 5218 ob
3453 5161 3717 5218 φορτικω-

2158 5214 2569 5290 τάτηνίνιὶηειιῴ
2618 5215 3342 5290 παρρησίανρμοορμιοιιιυηιο
3366 5214 3590 5290 dictus;
3626 5214 3722 5269 Se-

2160 5284 2293 5342 neca
2323 5289 2416 5342 lib.
2443 5284 2481 5342 ᾗ
2513 5287 2588 5341 De
2617 5284 2879 5355 ἐγάμεον,
2914 5286 3003 5348 25,
3034 5285 3125 5340 ubi
3170 5286 3236 5339 de
3279 5284 3511 5354 Philippi
3541 5285 3721 5339 Mace-

2161 5360 2361 5412 donum
2387 5358 2526 5427 regis
2554 5354 3218 5427 patientia{Demea/mres,
3254 5355 3448 5427 inquit,
3479 5355 3548 5409 ad
3569 5355 3723 5408 illum

2164 5424 2607 5488 (Parrhesiastes,
2634 5431 2695 5479 ob
2722 5425 2941 5478 nimiam
2979 5434 3027 5476 et
3057 5440 3326 5494 procacem
3368 5424 3604 5494 linguam
3629 5441 3725 5493 ap-

2162 5497 2410 5567 pellatus)
2454 5498 2590 5549 inter
2625 5497 2756 5567 alios
2780 5495 3196 5567 Atheniensium
3248 5493 3462 5567 legatos,
3492 5505 3720 5567 venerat.

2164 5563 2362 5620 Audita
2391 5563 2602 5635 benigne
2633 5564 2888 5633 legatione
2914 5563 3210 5635 Philippus,
3250 5582 3267 5615 ι
3306 5563 3497 5635 Dicite,
3526 5565 3722 5633 inquit.

2166 5637 2293 5688 mihi
2320 5635 2490 5703 facere
2510 5632 2642 5704 'un
2672 5632 2888 5704 possunt
2916 5633 3052 5702 quod
3080 5637 3147 5704 sit
3176 5632 3574 5687 Atheniensibus
3600 5632 3724 5704 gra-

2166 5718 2277 5759 tum
2294 5702 2365 5755 3”»
2403 5702 2615 5773 Excepit
2660 5702 3025 5765 Demochares,
3058 5722 3075 5754 ι
3110 5703 3198 5768 Te,
3228 5704 3420 5773 inquit,
3445 5702 3726 5772 suspende-

2168 5792 2240 5829 re.
2282 5794 2299 5825 ι
2335 5773 2519 5831 Potuit
2544 5773 2818 5831 Arismteli
2852 5773 2965 5829 haec
2998 5774 3176 5846 lingua
3206 5789 3310 5831 non
3341 5789 3581 5845 parcere.
