4144 6408
424 367 557 424 ιωι

1586 371 1907 427 ΡΒΑΞΡΑΠ.
1950 372 2203 429 EVANG.
2250 373 2375 429 LIB.
2422 376 2534 431 XV.

3529 380 3664 437 im

424 507 740 581 Pythiadem
786 511 1016 567 Hermia:
1062 519 1258 565 natura
1306 524 1567 565 sororem.
1626 511 1792 567 ﬁliam
1838 514 2151 584 adeptione,
2224 532 2452 573 uxorem
2494 518 2743 586 duxerit,
2797 521 3033 577 hominis
3081 524 3307 593 gratiam
3364 523 3465 578 hoc
3519 520 3665 579 facto

423 600 757 659 eblandiens.
786 602 978 659 Exstat
1007 602 1224 673 quidem
1252 601 1382 657 illud
1419 600 1691 658 Theocriti
1720 606 1837 659 Chii
1872 607 2234 677 epigramma:

434 738 698 808 Ἑρμείου
737 743 1032 812 εὐνούχου
1063 759 1127 797 τε
1180 743 1280 797 καὶ
1322 744 1632 835 Εὐϐούλου
1662 746 1989 835 ’,τάδε’-δού-

2100 747 2336 804 Eunuchi
2375 748 2628 818 Hermiae,
2666 749 2859 806 Euboli
2890 753 2981 823 qui
3012 770 3212 820 servus,
3254 756 3464 808 inanem

1812 817 1838 844 PI
1843 819 1871 844 ’ζ

1812 817 1871 844 πνε-

485 879 705 954 Μνῇμα
740 893 916 954 κενον
952 883 1258 954 κενόφρων
1281 884 1465 954 θῆκεν
1497 814 1941 951 Ἀριῐοῖξνέἲόυῖἦέιό

429 950 533 1016 ’ος
570 949 669 1005 διὰ
702 952 815 1021 τὴν
849 952 1077 1022 ἀκρατῆ
1097 949 1375 1022 ’γαστρός
1405 949 1593 1024 φύσιν
1632 949 1991 1077 $213232?!-

1693 1041 1784 1076 ειν
1811 1041 1877 1078 ίῦλ

1410 1023 1415 1024 ν
1836 1025 1863 1053 ε.

506 1089 658 1143 ‘Art’
707 1091 1116 1162 Ἀκαδημείας,
1150 1096 1445 1163 Βορϐόρου
1471 1094 1539 1147 ἐν
1562 1023 1922 1162 πρόέόέῖὲῗί)

423 1198 650 1272 Ἕτερον
685 1201 764 1267 δὲ,
795 1203 874 1256 ὄτι
898 1205 1233 1276 ἡχαρίστησε
1255 1208 1524 1261 Πλάτωνι.
1567 1209 1702 1279 Περὶ
1761 1210 1859 1279 μὲν
1901 1205 1993 1263 οὖν

434 1292 708 1364 Ἑρμείου,
737 1296 831 1348 καὶ⁸
866 1297 966 1365 τῆς
996 1298 1401 1369 Ἀριστοτέλους
1432 1300 1570 1371 πρὸς
1626 1301 1785 1353 αὐτὸν
1814 1301 1994 1369 φιλίας

423 1382 570 1438 ἄλλοι
605 1403 663 1439 τε
697 1387 881 1442 πολλοὶ
904 1392 1351 1461 συγγεγράφασι,
1385 1394 1480 1445 καὶ
1515 1392 1578 1463 δὴ
1618 1394 1712 1446 καὶ⁹
1753 1394 1995 1447 Ἀπελλί-

423 1493 535 1529 κων
567 1477 701 1549 (55),
750 1475 810 1534 οὗ
860 1484 973 1545 τοῖς
1025 1480 1248 1552 βιϐλίοις
1286 1486 1315 1536 ὁ
1366 1483 1602 1555 ἐντυχὼν
1655 1484 1993 1538 πεπαύσεται

425 1566 755 1641 βλασφημῶν
785 1572 999 1637 αὐτούς.
1033 1575 1167 1645 Περὶ
1195 1575 1251 1628 δὲ
1288 1576 1380 1629 τοῦ
1406 1576 1585 1647 γάμου
1612 1575 1706 1629 τοῦ
1733 1576 1995 1639 Πυθιάδος

422 1660 785 1732 ἀποχρώντως
811 1666 971 1729 αὐτὸς
1004 1666 1061 1718 ἐν
1088 1670 1204 1730 ταῖς
1232 1668 1367 1739 πρὸς
1397 1668 1749 1740 Ἀντίπατρον
1776 1670 1993 1721 ἐπιστο-

422 1755 541 1819 λαῖς
576 1757 985 1831 άπολελόγηται.
1019 1761 1322 1826 Τεθνεῶτος
1344 1762 1451 1833 γὰρ
1484 1764 1758 1834 Ἑρμείου,
1782 1762 1869 1816 διὰ
1899 1764 1996 1834 τὴν

423 1849 559 1920 πρὸς
596 1850 801 1905 ἐκεῖνον
830 1851 1041 1907 εὔνοιαν
1070 1853 1274 1925 ἔγημεν
1308 1855 1507 1927 αὐτὴν,
1546 1856 1722 1920 άλλως
1758 1857 1855 1927 μὲν
1890 1854 1996 1909 σώ-

422 1957 595 2011 φρονα
626 1944 721 1998 καὶ
752 1944 960 2017 ἀγαθὴν
980 1940 1165 2010 οὖσαν,
1206 1946 1508 2017 ἀτυχοῦσαν
1554 1947 1734 2018 μέντοι
1775 1945 1863 1999 διά
1898 1946 1996 2010 τὰς

423 2033 833 2101 καταλαϐούσας
876 2037 1161 2109 συμφορὰς
1202 2039 1292 2091 τὸν
1344 2038 1572 2109 ἀδελφὸν
1612 2039 1802 2110 αὐτῆς.
1833 2058 1853 2090 ›
1882 2036 1995 2092 Εἶθ’

423 2124 551 2195 ἑξῆς
572 2143 704 2198 φησι
727 2144 741 2158 ·
780 2092 980 2183 (ῠΜετά
996 2092 1178 2201 eam}
1202 2130 1463 2193 Πυθιάδος
1485 2092 1597 2200 ,τῆς
1638 2092 1889 2201 Ἑρμείου
1909 2146 1995 2181 τε·
2028 2092 2068 2147 Β

421 2214 617 2288 λευτὴν
654 2218 1028 2291 Ἀριστοτέλης
1058 2220 1265 2292 ἔγημεν
1303 2221 1591 2276 Ἐπυλλίδα
1632 2223 1992 2292 Σταγειρῖτιν,

422 2309 481 2376 ἐξ
511 2302 580 2381 ἧς
612 2310 724 2373 υίὸς
742 2311 889 2382 αὐτῷ
909 2313 1222 2386 Νικόμαχος
1255 2312 1485 2382 ἐγένετο.
1517 2312 1716 2367 Τοῦτον
1740 2313 1800 2366 δέ
1833 2330 1994 2382 φασιν

421 2399 655 2469 ὀρφανὸν
688 2402 962 2473 τραφέντα
990 2405 1139 2476 παρὰ
1168 2405 1517 2477 Θεοφράστῳ,
1542 2405 1633 2459 καὶ
1657 2406 1723 2478 δὴ
1748 2406 1996 2477 μειρακί-

424 2507 552 2544 σκον
574 2490 702 2546 ὄντα
725 2493 1012 2549 ἀποθανεῖν
1050 2498 1107 2549 έν
1129 2496 1371 2568 πολέμῳ.
1417 2515 1437 2548 ι
1478 2497 1651 2551 ,Ἃλλά
1680 2497 1849 2553 ταῦτα
1898 2498 1995 2568 μὲν

423 2583 487 2635 ἐκ
508 2583 608 2653 τῆς
630 2583 963 2659 δηλωθείσης
999 2587 1406 2658 Ἀριστοκλέους
1440 2589 1709 2657 ὲγκείσθω
1750 2589 1989 2662 γραφῆς.

426 2672 563 2745 Ἤδη
590 2674 645 2727 δὲ
685 2676 778 2728 καὶ
803 2677 899 2748 τὴν
945 2676 1279 2751 δογματικὴν
1334 2681 1735 2753 Ἀριστοτέλους
1780 2682 1994 2752 φιλοσο-

424 2762 552 2832 φίαν
577 2763 853 2837 θεωρῆσαι
886 2768 1096 2840 καιρός.

949 3016 1346 3071 ΚΕΦΑΛΑΙΟΝ
1384 3017 1457 3071 I".

426 3127 563 3203 Περί
590 3126 719 3191 Ζῶν
744 3129 933 3203 and,
954 3130 1373 3203 Ἀριστοτέλην
1401 3131 1730 3203 δογμάτων,
1774 3131 1998 3201 διενεχ-

495 3199 674 3254 θέντα
741 3199 1026 3270 Ἑϐραίοις·
1084 3202 1185 3255 καὶ
1244 3199 1522 3257 Πλάτωνί
1543 3245 1557 3271 ,
1596 3206 1729 3272 περὶ
1784 3199 1998 3271 τέλους

492 3272 738 3340 ἀγαθοῦ.

494 3383 772 3449 Μωῦσέως
801 3384 1012 3438 καὶτῶν
1044 3384 1473 3456 παρἰΈὸραίοις
1504 3387 1820 3459 προφητῶν,
1847 3386 1999 3450 τέλος
2026 3424 2068 3482 c

424 3470 565 3528 εῖναι
590 3474 683 3527 τοῦ
719 3476 1007 3547 μακαρίως
1028 3475 1126 3547 ζῇν
1153 3475 1252 3547 τὴν
1278 3476 1371 3530 τοῦ
1398 3477 1506 3531 τῶν
1537 3479 1674 3531 ὅλων
1702 3478 1836 3532 Θεοῦ
1867 3479 1999 3547 γνῶ-

426 3564 513 3617 σίν
543 3581 603 3617 τε
637 3566 731 3618 καὶ
753 3564 953 3634 φιλίαν,
982 3566 1050 3619 δι’
1076 3566 1355 3631 εὐσεϐείας
1380 3568 1837 3639 συντελουμένην,
1870 3571 2001 3623 ὐπο-

428 3657 690 3729 Θεμένων,
716 3658 998 3712 εὐσέϐειάν
1034 3677 1093 3713 τε
1120 3655 1259 3713 εἶναι
1309 3661 1487 3732 ἀληθῆ
1528 3660 1855 3727 διδαξάντων
1904 3662 2000 3733 τὴν

426 3748 515 3803 διὰ
538 3748 718 3819 πάσης
750 3750 947 3821 ἀρετῆς
977 3750 1056 3821 τῷ
1080 3750 1200 3821 Θεῷ
1226 3752 1582 3823 εὐαρέστησιν
1607 3766 1621 3781 ⁰
1655 3753 1857 3825 ταύτην
1894 3754 1999 3826 γὰρ

428 3836 564 3894 εἶναι
594 3840 701 3895 τῶν
723 3841 941 3910 ἀγαθῶν
971 3843 1179 3896 αἰτίαν·
1215 3843 1307 3896 ἐπὶ
1340 3844 1486 3914 μόνῳ
1528 3844 1637 3916 γὰρ
1674 3845 1752 3914 τῷ
1792 3846 1911 3916 Θεῴ
1934 3847 2002 3899 τά

430 3933 608 3988 πάντα
623 3933 857 3997 κεῖσθαι,
881 3935 976 3988 καὶ
1008 3937 1139 4005 παρ’
1173 3935 1337 3989 αὐτοῦ
1368 3936 1435 3989 τά
1471 3937 1648 3990 πάντα
1681 3940 1793 4001 τοῖς
1828 3937 2002 4006 θεοφι-

427 4024 546 4078 λέσι
568 4023 952 4097 χορηγεῖσθαν
982 4025 1075 4079 τοῦ
1101 4042 1159 4079 τε
1196 4027 1481 4090 Πλάτωνος
1514 4028 1583 4080 τά
1636 4028 1846 4099 συνῳδὰ
1881 4030 2002 4082 τού-

428 4132 544 4180 τοις
561 4115 876 4188 ὁριζομένου
901 4157 915 4183 ,
959 4118 1054 4171 καὶ
1096 4117 1246 4181 τέλος
1297 4118 1645 4188 εὐδαιμονίας
1670 4120 1768 4191 τὴν
1803 4122 2002 4193 ἀρετὴν

431 4208 861 4278 ἀποφαινομένου
887 4226 900 4239 ·
923 4209 1020 4280 τὴν
1051 4208 1241 4281 ἑτέραν
1281 4208 1504 4273 ὁδεύσας
1537 4211 1565 4263 ό
1603 4210 2000 4284 Ἀριστοτέλης,

428 4300 531 4353 οὐκ
559 4299 729 4364 ἄλλως
756 4299 1049 4370 εὐδαίμονά
1080 4300 1205 4354 τινά
1227 4318 1389 4372 φησιν
1428 4301 1670 4369 ἔσεσθαι,
1702 4303 1735 4375 ἢ
1771 4305 1866 4358 καὶ
1915 4304 2004 4357 διὰ

432 4394 532 4465 τῆς
562 4392 655 4446 τοῦ
691 4393 939 4463 σώματος
967 4393 1281 4458 εὐπαθείας,
1310 4394 1402 4448 καὶ
1449 4394 1548 4464 τῆς
1579 4394 1687 4447 τῶν
1714 4396 1870 4460 ἐκτὸς
1906 4413 2002 4451 πε-

433 4486 694 4556 ριουσίας,
724 4480 798 4539 ὧν
818 4485 947 4540 ἄνευ
974 4486 1108 4557 μηδὲ
1133 4487 1232 4558 τὴν
1253 4486 1453 4558 ἀρετὴν
1480 4486 1729 4555 ὠφελεῖν.
1772 4488 1915 4559 Πρὸς
1947 4488 2005 4540 δν

430 4577 579 4639 ὅπως
623 4575 913 4648 ἐνέστησαν
932 4616 947 4641 ,
979 4575 1375 4648 διεψευσμένην
1404 4576 1566 4631 αὑτοῦ
1609 4577 1708 4648 τὴν
1737 4578 2004 4649 ὑπόληψιν

433 4666 824 4739 ἀπελέγχοντες
852 4670 900 4722 οί
932 4667 1218 4733 Πλάτωνος
1239 4668 1526 4741 γνώριμοι,
1554 4669 1783 4739 πάρεστι
1814 4671 2005 4741 μαθεῖν

431 4756 520 4813 διὰ
548 4759 771 4814 τούτων.

505 4934 615 5004 (55)
656 4936 969 4990 Εὐϐούλου
1013 4934 1257 4990 δούλου.
1314 4933 1560 4990 Eubulus
1610 4935 1711 4990 iste
1766 4933 2000 4990 Hermia:

432 5004 691 5075 dominus
738 5004 915 5075 fuerat
940 5044 955 5068 ,
985 5012 1046 5059 ut
1086 5021 1156 5059 ex
1206 5004 1442 5075 DiOgene
1491 5005 1694 5075 didici,
1727 5006 1820 5059 lib.
1856 5022 1912 5063 ν.
1945 5005 1999 5059 in

434 5073 760 5146 Aristoteles
783 5074 859 5138 ὥς
878 5090 1052 5146 eaet,
1079 5073 1387 5146 Δημήτρίος
1426 5076 1456 5146 ὁ
1495 5074 1755 5146 Μάγνης,
1772 5076 2001 5146 inquit.

431 5143 492 5215 ὃς
522 5145 615 5198 καὶ
656 5144 840 5199 δοῦλον
869 5143 1309 5215 Εὐϐούλουφησι
1327 5143 1576 5215 γενέσθαι
1601 5143 1699 5197 τὸν.
1727 5143 2001 5215 Ἑρμείαν,

471 5214 580 5269 ἐνει
630 5215 852 5268 Βιθυνὸν
900 5214 1062 5279 ὅντα,
1112 5213 1207 5269 καὶ
1231 5213 1238 5214 ί
1265 5214 1358 5267 τὸν
1411 5213 1676 5284 δεσπότην
1724 5213 2000 5271 ἀνελόντα.

479 5285 748 5355 οιτονιονὶ
785 5285 1083 5355 mutatione
1125 5284 1523 5355 \jersumhune
1551 5283 1693 5355 idem
1736 5284 2002 5355 Diogenes

434 5356 507 5436 ita
532 5354 658 5436 legit
682 5370 695 5406 :
722 5354 976 5436 Ἑρμείου
1007 5353 1280 5435 εὐνοῷχου,
1307 5353 1708 5436 ἡδέ-Εὐϐούλου,
1742 5353 1858 5436 ἅμα
1882 5354 2003 5436 6mi-

582 5425 755 5490 Quem
785 5421 1053 5494 interpres
1080 5421 1262 5478 minus
1281 5421 1349 5478 ex
1375 5421 1649 5480 Theocriti
1678 5421 1859 5478 mente
1884 5424 2005 5478 red-

531 5503 570 5547 ιι
600 5510 615 5546 :
1082 5506 1091 5515 '

475 5494 570 5547 idit
600 5510 615 5546 :
1082 5506 1091 5515 '

507 5561 743 5633 Hermia
763 5563 1009 5627 eunuchi,
1032 5562 1192 5617 simul
1220 5560 1515 5633 Eubulique
1546 5562 1863 5632 sepulcrum.

508 5632 619 5702 ’54)
648 5634 858 5687 Εἵλετο
882 5634 1097 5697 ναίειν,
1127 5641 1232 5687 etc.
1264 5631 1607 5702 Plutarchus
1632 5634 1895 5702 opusculo
1932 5632 2005 5687 De

434 5702 643 5770 milia,
670 5718 792 5771 pag.
820 5702 924 5759 603
950 5721 962 5757 :
1003 5701 1396 5770 Ἀριστοτέλην,
1439 5701 1634 5770 inquit,
1666 5701 2004 5769 λελοιδόρηκε

2157 905 2313 959 Hunc
2345 907 2603 960 tumulum
2633 909 2807 976 posuit
2839 895 3012 962 vanus.
3033 909 3342 964 Aristoteles
3368 924 3386 963 :

2094 976 2265 1040 Quem
2289 992 2385 1045 pro
2410 978 2719 1044 Academia,
2756 981 2919 1032 uoluit
2950 996 3054 1050 qua
3093 979 3367 1055 Barbarus
3390 980 3580 1048 undas,

2157 1108 2323 1162 Dirus
2364 1126 2515 1164 amor
2538 1112 2731 1167 ventris
2744 1114 2911 1183 jussit
2935 1114 3124 1169 habere
3157 1114 3344 1170 larem.

2096 1215 2375 1277 Alterum,
2408 1217 2553 1285 quod
2596 1217 2843 1288 ingratus
2909 1204 2962 1271 in
3008 1216 3289 1272 Platonem
3374 1216 3556 1272 fuerit.
3594 1218 3662 1271 At

2094 1303 2369 1359 Hermiam
2422 1305 2569 1374 quod
2625 1307 2851 1373 attinet,
2889 1316 3051 1378 atque
3100 1307 3409 1362 Aristotelis
3438 1322 3563 1362 cum
3597 1322 3663 1363 eo

2095 1396 2567 1463 consuetudinem,
2610 1414 2733 1453 cum
2760 1399 2852 1453 alii
2884 1399 2988 1455 hac
3014 1400 3081 1455 de
3103 1415 3162 1455 re
3182 1400 3338 1455 multi
3369 1401 3663 1470 scripsere,

2094 1495 2209 1541 tum
2233 1487 2473 1557 Apellico
2509 1489 2875 1559 potissimum,
2907 1491 3063 1562 cujus
3092 1507 3224 1547 sane
3273 1493 3441 1547 libros
3462 1494 3555 1563 qui
3582 1492 3661 1547 le-

2094 1579 2269 1648 gerit.
2302 1594 2396 1636 eos
2438 1581 2700 1637 continuo
2748 1583 3072 1638 calumniari
3100 1584 3348 1645 desinet.
3396 1584 3473 1639 De
3528 1585 3663 1639 inito

2095 1682 2217 1722 cum
2242 1668 2505 1739 Pythiade
2541 1672 2925 1737 matrimonio,
2975 1674 3203 1744 ipsemet
3226 1676 3279 1729 in
3313 1675 3401 1741 iis,
3433 1690 3570 1745 quas
3596 1677 3663 1730 ad

2094 1757 2439 1828 Antipatrum
2472 1762 2665 1817 scribit
2687 1762 3180 1832 epistolis,abunde
3204 1774 3416 1836 purgat.
3445 1763 3663 1821 Hermia

2096 1849 2293 1919 quippe
2326 1849 2443 1920 jam
2470 1852 2579 1906 vita
2607 1852 2816 1921 functo,
2851 1868 2947 1923 pro
2971 1869 3071 1910 sua
3104 1854 3158 1908 in
3186 1870 3311 1910 eum
3344 1856 3664 1912 benevolen-

2096 1943 2194 2010 tia,
2228 1958 2455 1998 uxorem
2502 1944 2649 1998 illam
2680 1946 2909 2016 accepit,
2946 1945 3248 2001 modestam
3278 1962 3409 2002 sane
3434 1961 3500 2003 ac
3540 1961 3663 2018 pro-

2096 2034 2221 2089 bam
2251 2034 2455 2106 alioqui
2510 2034 2769 2091 feminam
2795 2077 2810 2102 ,
2855 2037 2948 2092 sed
2972 2053 3095 2108 qua:
3125 2038 3380 2107 iniquiori
3407 2047 3521 2094 tum
3554 2039 3663 2094 for-

2099 2134 2226 2181 tuna
2256 2136 2475 2198 propter
2500 2126 2731 2183 ini'estos
2759 2125 2947 2184 fratris
2997 2129 3085 2185 sui
3122 2144 3284 2186 casus
3339 2139 3598 2186 uteretur.
3638 2150 3660 2184 ›

2096 2215 2222 2271 Haec
2247 2215 2565 2284 Aristocles,
2589 2217 2790 2286 quibus
2819 2219 2923 2273 ista
2951 2218 3135 2274 subdit
3164 2237 3197 2277 :.
3220 2238 3239 2271 ι
3268 2218 3401 2276 Post
3425 2222 3666 2290 ejusdem

2096 2302 2377 2375 Pythiadis
2407 2303 2641 2362 Hermia:
2669 2306 2793 2361 [ilice
2820 2306 3052 2375 obitum,
3070 2305 3433 2379 Herpyllidem
3458 2310 3666 2365 Aristo-

2099 2395 2234 2451 teles
2275 2396 2454 2464 duxit,
2484 2398 2655 2466 patria
2714 2396 3105 2468 Stagiritidem,
3149 2415 3216 2454 ex
3243 2415 3348 2470 qua
3374 2399 3666 2459 Nichoma-

2101 2487 2263 2542 chum
2294 2487 2466 2543 [ilium
2490 2489 2751 2560 suscepit.
2785 2482 3105 2559 Orphanum'
3126 2490 3273 2547 hunc
3292 2506 3326 2549 a
3354 2490 3669 2563 Theophra-

2098 2587 2186 2635 sto
2240 2579 2531 2636 educatum
2569 2580 2763 2645 aiunt,
2809 2590 2971 2652 atque
3018 2580 3310 2638 admodum
3359 2584 3667 2645 adolescere

2097 2679 2208 2729 tem
2257 2672 2314 2727 in
2362 2673 2505 2728 bello
2557 2673 2807 2744 periisse.
2866 2692 2887 2728 ι
2938 2672 3135 2729 Verum
3196 2689 3262 2731 ex
3316 2676 3408 2730 illo
3461 2676 3667 2732 Aristo.-

2098 2765 2199 2821 clis
2230 2780 2391 2835 opere
2435 2764 2721 2819 hactenus.
2770 2761 2891 2820 Iam
2923 2780 3054 2820 vero
3082 2773 3297 2836 tempus
3333 2775 3447 2832 est,
3494 2774 3555 2821 ut
3600 2768 3670 2827 ad

2099 2856 2389 2926 ipsammet
2414 2855 2774 2912 Aristotelicas
2824 2856 3179 2930 philosophia:
3229 2859 3445 2919 decreta
3485 2861 3671 2925 venia:

2099 2962 2245 3003 Ilus.

2698 3018 2930 3076 CAPUT
2978 3018 3070 3075 Ill.

2100 3132 2403 3206 Aristotelis
2438 3133 2829 3206 dogmalaqua:
2871 3134 3087 3205 fuerint.
3127 3134 3205 3188 Ac
3244 3135 3473 3206 primum
3506 3120 3667 3206 lquam

2169 3203 2238 3258 ab
2273 3202 2521 3258 Hebraeis
2553 3214 2604 3258 et
2643 3202 2889 3271 Platone,
2919 3206 2976 3259 in
3015 3202 3380 3260 constituendo
3411 3202 3533 3259 boni
3567 3207 3667 3275 fine

2173 3275 2474 3329 dissentiat.

2176 3385 2395 3459 Moyses
2430 3386 2752 3460 Hebraeique
2782 3388 3062 3459 prophetae
3086 3387 3243 3445 beate
3267 3387 3483 3445 vivendi
3514 3388 3669 3444 linem

2102 3478 2158 3533 in
2193 3479 2542 3549 praepotentis
2566 3479 2662 3535 Dei
2685 3480 2995 3552 cognitione
3018 3479 3359 3547 et“amicitia,
3395 3495 3558 3550 quam
3588 3495 3669 3534 re-

2099 3571 2230 3641 ligio
2256 3571 2524 3641 perficiat,
2551 3573 2920 3641 constituunt;
2945 3586 3128 3627 veram
3159 3586 3322 3642 porro
3353 3572 3670 3643 religionem

2101 3662 2248 3717 illam
2275 3677 2398 3719 esse
2422 3664 2637 3732 docent,
2665 3681 2773 3735 qua
2818 3664 2929 3721 Deo
2955 3666 3216 3719 virtutum
3244 3663 3489 3719 omnium
3521 3678 3670 3719 com-

2102 3755 2355 3824 plexione
2401 3757 2758 3826 placeamus:
2789 3757 2933 3812 hanc
2979 3748 3422 3811 enim‘bonorum
3450 3769 3671 3810 causam

2102 3861 2244 3914 esse,
2281 3862 2404 3901 cum
2440 3856 2496 3902 et
2523 3847 2688 3903 unius
2730 3848 2783 3902 in
2820 3847 2915 3902 Dei
2942 3856 3208 3917 potestate
3242 3855 3528 3903 versentur
3556 3861 3671 3901 om-

2103 3937 2215 4001 nia,
2244 3945 2297 3991 et
2330 3937 2397 3991 ab
2425 3953 2491 3992 eo
2522 3939 2638 3994 suis
2664 3938 3004 3994 amatoribus
3023 3938 3209 3992 omnia
3238 3938 3672 4007 suppeditentur.

2106 4027 2200 4083 llis
2232 4028 2446 4099 gemina
2502 4028 2656 4083 Plato
2690 4037 2973 4096 statuens,
3024 4028 3375 4084 beatitudinis
3419 4029 3579 4083 tinem
3619 4029 3672 4081 in

2103 4120 2303 4174 virtute
2318 4120 2489 4189 ponit.
2511 4119 2674 4192 795
2694 4120 2762 4175 At
2778 4120 3095 4176 Aristoteles
3108 4120 3268 4174 aliam
3287 4119 3490 4175 insistit
3506 4120 3671 4186 viam,

2105 4224 2203 4264 nec
2232 4209 2389 4264 aliter
2416 4209 2632 4265 beatum
2684 4224 3012 4279 quemquam
3043 4208 3287 4264 futurum
3319 4225 3440 4265 esse
3488 4209 3671 4265 defel-

2104 4297 2201 4364 dit,
2235 4314 2399 4370 quam
2432 4300 2477 4354 si
2498 4311 2551 4354 et
2583 4300 2724 4355 bona
2763 4300 3011 4370 corporis
3040 4309 3225 4355 utatur
3258 4302 3586 4367 valetudine,
3620 4313 3671 4359 et

2104 4392 2343 4447 externis
2390 4392 2585 4462 opibus
2633 4391 2931 4447 abundabit
2972 4392 3172 4463 quibus
3225 4393 3339 4463 ipsa
3403 4394 3447 4449 si
3501 4395 3671 4451 virtus

2105 4491 2327 4548 careat,
2380 4481 2532 4551 juvet
2584 4482 2737 4537 nihil.
2789 4481 2928 4537 Eum
2969 4499 3100 4540 vero
3132 4502 3296 4556 quam
3346 4486 3543 4542 acriter
3582 4503 3669 4557 pe-

2104 4584 2258 4643 tant,
2309 4573 2767 4657 quemadmodum
2813 4574 2955 4631 hanc
3008 4575 3128 4647 ejus
3189 4576 3497 4647 opinionem
3552 4575 3671 4633 falsi

2108 4676 2409 4739 coarguant
2453 4666 2697 4723 Platonis
2725 4664 3016 4737 discipuli,
3044 4684 3111 4724 ex
3138 4669 3492 4739 sequentibus
3515 4668 3667 4724 intel-

2034 4754 2080 4810 D
2109 4760 2261 4831 liges.

2104 4936 2391 5011 geduptro;
2428 4941 2456 4992 ὁ
2487 4941 2617 5004 Χῖος
2638 4981 2653 5006 ,
2693 4940 2775 4994 ὅτι
2806 4939 2905 5011 τὴν
2933 4940 3080 5011 παρᾶ
3111 4936 3361 5007 Φιλίππῳ
3393 4936 3491 4991 καὶ
3527 4933 3671 4988 Ἀλι-

2104 5007 2314 5079 ξᾴνδρῳ
2334 5008 2543 5064 δίαιταν
2574 5012 2760 5082 ἀγαπή
2769 5007 2872 5075 σαέ
2886 5026 2898 5038 .

2286 5120 2296 5132 .
2341 5118 2358 5135 .
2401 5120 2415 5135 .
2460 5121 2474 5137 .
2519 5120 2534 5135 .
2570 5079 2778 5133 Εἵλετο
2806 5079 2995 5134 ναίειν

2189 5149 2351 5219 Ἀντί
2373 5148 2771 5219 Ἀκαδημείας,
2800 5150 3095 5217 Βορϐόρου
3121 5146 3190 5219 έν
3212 5144 3516 5219 προχοαῖς.

2109 5221 2264 5290 Ἔστι
2298 5218 2407 5290 γὰρ
2439 5213 2685 5290 ποταμὸς
2713 5213 2841 5290 περὶ
2866 5213 3095 5287 Πέλλην,
3127 5216 3186 5269 ὃν
3216 5213 3520 5278 Μακεδόνες
3543 5213 3671 5288 869-

2106 5289 2594 5367 δοθειικελοῦεξιςις
3090 5356 3103 5367 .
3487 5351 3580 5367 ....

2181 5351 2293 5444 <55.)
2324 5360 2706 5444 μεμίαν-
2729 5355 3352 5444 Νοξίεείιετίιιεέρβψερξι
3374 5351 3675 5444 Neleius;

2110 5424 2204 5499 qui
2243 5424 2551 5486 Aristotelis
2585 5429 2879 5499 librosabs
2927 5427 3070 5499 Nelei
3108 5424 3339 5495 posteris
3366 5424 3584 5499 coemit,
3618 5425 3674 5479 in

2111 5494 2311 5570 quibus
2346 5500 2514 5553 multa
2545 5499 2706 5570 longo
2736 5498 2843 5552 situ
2867 5494 3364 5570 carieque‘corrosa
3396 5494 3524 5570 dum
3555 5509 3678 5563 sup-

2152 5571 2259 5624 lere
2292 5570 2531 5639 gestiret,
2562 5564 2719 5639 plane
2748 5565 2961 5639 corrupi
2974 5574 3012 5618 t.
3034 5564 3140 5620 *Adi
3166 5564 3486 5639 Strabonem
3500 5565 3547 5639 _l.
3575 5579 3676 5635 ιιι,

2153 5585 2259 5624 tere
2292 5585 2531 5639 gestiret,
2562 5585 2719 5637 plane
2748 5585 2961 5635 corrupt
2974 5585 3012 5618 ι.
3042 5585 3140 5620 At]!
3166 5585 3486 5618 atrauuncm
3513 5585 3547 5617 ι.

2111 5585 2459 5696 Plutarchum
2488 5638 2544 5693 in
2577 5637 2749 5707 Sylla,
2781 5637 3096 5692 Athenaeum
3135 5635 3299 5691 variis
3327 5634 3379 5688 in
3410 5633 3567 5689 locis.
