4144 6418
461 349 601 408 1305

1059 456 1289 514 CAPUT
1318 455 1411 512 1V.

455 552 625 609 Attici
659 548 928 604 Platonici
974 547 1268 616 disputatio
1295 587 1310 610 ,
1367 547 1627 601 adversus“
1675 546 2036 608 Aristotelem,

533 639 566 675 a
604 620 786 689 Moyse
823 627 871 673 et
902 616 1127 671 Platone
1160 619 1216 670 in
1249 617 1622 672 constituenda
1666 619 1792 688 finis
1833 617 2042 671 ratione

531 690 899 746 dissidentem.

534 801 554 835 ι
592 780 731 838 Cum
764 780 1237 851 philosophorum,
1270 780 1470 850 inquit,
1498 779 1744 834 omnium
1759 780 2038 836 communi

461 889 648 938 sensu,
671 873 971 929 humanam
998 873 1391 929 beatitudinem
1424 872 1769 943 philosophia
1786 872 2042 942 pollicea-

459 977 551 1023 tur
584 965 871 1032 universa,
925 966 1227 1037 eademque
1258 963 1524 1020 trifariam
1579 980 1681 1036 pro
1731 965 1823 1020 illa
1856 979 2041 1020 rerum

460 1059 707 1113 omnium
743 1057 1014 1114 eil‘ectrice
1044 1057 1434 1115 distributione
1476 1057 1753 1112 dividatur
1787 1065 2042 1111 :tantum

459 1148 635 1215 abest,
661 1155 722 1203 ut
754 1148 857 1203 hoc
900 1148 957 1201 in
1005 1163 1186 1201 rerum
1232 1161 1431 1217 genere
1458 1144 1803 1200 Platonicum
1837 1142 2043 1213 aliquid

458 1236 852 1309 Peripateticus
881 1238 985 1294 iste
1012 1238 1224 1304 doceat,
1254 1243 1315 1291 ut
1338 1251 1406 1292 ex
1457 1236 1708 1307 pluribus
1733 1235 1828 1307 qui
1863 1250 1893 1290 a
1917 1234 2043 1289 Pla-

457 1340 584 1388 tone
612 1331 957 1398 dissentiunt,
990 1331 1207 1402 longius
1228 1330 1303 1385 ab
1348 1329 1541 1385 eodem
1588 1343 1751 1384 nemo
1772 1329 2041 1384 discesse-

456 1425 549 1480 rit.
584 1422 861 1494 Principio
884 1463 900 1486 ,
934 1422 1086 1493 quod
1136 1422 1385 1478 omnium
1419 1420 1498 1475 uti
1526 1417 2044 1474 communissimum

456 1522 562 1580 est,
600 1515 675 1569 ita
708 1513 1007 1569 maximum
1038 1514 1205 1580 idem,
1241 1522 1406 1583 atque
1434 1511 1712 1582 princeps,
1743 1509 1800 1563 in
1819 1523 1887 1566 eo
1914 1507 2043 1563 Pla-

456 1615 641 1662 tonem
684 1605 942 1678 reliquit,
1001 1619 1066 1659 ac
1102 1603 1455 1659 beatitudinis
1512 1601 1650 1657 ﬁnes
1706 1600 2045 1670 modumque

456 1709 906 1770 praetergressus,
934 1696 1067 1751 satis
1100 1696 1167 1751 ad
1197 1710 1317 1751 eam
1349 1709 1445 1765 per
1466 1707 1588 1749 sese
1612 1692 1866 1747 virtutem
1892 1689 2046 1747 futu-

456 1804 575 1843 ram
612 1788 847 1859 negavit.
905 1785 1066 1856 Fugit
1118 1799 1243 1840 eum
1301 1784 1504 1854 quippe
1552 1783 1636 1838 vis
1688 1789 2041 1852 potestasque
2071 1819 2116 1878 Β

455 1879 696 1944 virtutis,
744 1892 975 1948 eamque
1010 1875 1242 1932 fortuna:
1288 1876 1565 1931 bonorum
1600 1889 1764 1945 opera
1795 1873 2039 1941 indigere

456 1970 527 2026 ad
566 1969 883 2027 felicitatem
920 1969 1362 2040 consequendam
1407 1966 1662 2038 putavit:
1696 1981 1805 2037 qua
1830 1980 1944 2021 una
1990 1965 2041 2021 si

456 2063 584 2134 quis
613 2070 880 2128 uteretur,
918 2060 1039 2132 eius
1070 2075 1353 2131 nunquam
1402 2058 1616 2113 viribus
1643 2057 1711 2112 ad
1746 2055 1893 2112 illius
1919 2071 2043 2127 pos-

457 2158 760 2215 sessionem
785 2154 1070 2225 pervenire
1103 2161 1309 2224 posset.
1335 2151 1405 2207 At
1437 2151 1680 2206 hominis
1705 2150 1893 2221 opinio
1912 2164 2040 2205 cum

456 2246 564 2301 hoc
590 2245 649 2299 in
678 2257 896 2316 genere,
932 2251 1047 2297 tum
1074 2242 1131 2296 in
1158 2241 1305 2309 aliis,
1338 2256 1504 2312 quam
1536 2241 1735 2311 ignava
1770 2240 1863 2308 sit,
1886 2254 2041 2296 erro-

456 2336 645 2407 risque
672 2335 853 2405 plena,
885 2335 988 2389 etsi
1033 2332 1199 2402 huius
1227 2332 1337 2388 loci
1367 2332 1747 2389 demonstrare
1771 2347 1878 2388 non
1913 2339 2039 2399 est;

456 2428 564 2483 hoc
598 2425 819 2497 quidem
854 2433 1000 2481 certe
1019 2424 1371 2496 perspicuum
1400 2426 1679 2493 existimo,
1704 2440 1828 2481 cum
1851 2424 1907 2479 in
1932 2425 2041 2479 line

456 2529 510 2575 et
540 2518 796 2575 felicitate
824 2518 1230 2585 constituenda,
1257 2516 1502 2573 Platonis
1526 2527 1580 2573 et
1598 2518 1911 2573 Aristotelis
1932 2531 2041 2572 non

456 2626 566 2667 una
600 2610 676 2667 sit
708 2608 1009 2679 eademque
1037 2609 1213 2678 ratio;
1246 2606 1343 2663 sed
1372 2606 1463 2663 ille
1493 2605 1872 2662 felicissimum
1889 2620 2037 2673 eum,

456 2702 553 2774 qui
584 2700 930 2773 iustissimus
958 2698 1147 2765 fuerit,
1181 2697 1480 2769 praedicare
1502 2695 1712 2767 passim
1765 2703 1823 2751 ct
1874 2710 2043 2751 usur-

457 2810 588 2868 pare
618 2796 822 2861 soleat;
846 2793 937 2850 hic
982 2802 1176 2848 contra
1203 2791 1392 2847 virtuti
1418 2789 1735 2846 felicitatem
1784 2788 2042 2845 comitari

457 2903 568 2943 non
606 2888 772 2955 sinat,
802 2886 911 2943 nisi
933 2885 1001 2941 ad
1029 2899 1152 2941 eam
1184 2883 1400 2956 generis
1432 2883 1599 2939 etiam
1626 2882 1929 2953 formaeque
1958 2881 2044 2936 di-

459 2979 681 3051 gnitas,
735 2995 799 3035 ac
848 2988 1172 3035 cancrorum
1224 2977 1480 3035 cumulus
1509 2975 1843 3033 accesserit:

1100 341 1208 398 ‘EU
1222 339 1395 396 SEBll
1433 337 1917 395 CAESARIENSIS
1948 336 2101 395 OPP.
2142 336 2327 394 PARS
2353 337 2417 393 II.
2458 365 2528 380 —
2562 334 3064 393 APOLOGETICA.

2063 463 2111 518 Α

3591 338 3731 399 1504

2672 452 3071 507 ΚΕΦΑΛΔΙΟΝ
3111 455 3184 507 Δ’.

2155 543 2427 632 Ἀττικοῦ
2466 543 3050 632 Πλατωνικοῦὶεξρρς
3098 546 3580 632 Ἀρισςτοτέβηνη
3609 548 3729 632 διεΞ

2213 615 2505 685 νεχθέντα
2544 615 2775 685 Μωῢσῇ
2792 616 2891 669 καὶ
2914 615 3205 685 Πλάτωνι,
3244 617 3315 671 ἐν
3341 615 3421 684 τῷ
3453 615 3585 688 περὶ
3622 622 3730 677 τοῦ

2213 686 2431 753 τέλους
2465 687 2647 756 λόγῳ.

2218 799 2238 832 ι
2293 778 2407 849 Τῆς
2456 778 2567 851 γὰρ
2609 778 2906 851 συμπάσης
2953 778 3294 849 φιλοσοφίας,
3340 782 3494 853 κοινῇ
3534 781 3731 858 γνώμῃ

2141 871 2254 925 τῶν
2281 870 2769 943 φιλοσοφησάντων
2811 870 2912 942 τὴν
2970 870 3319 945 ἀνθρωπίνην
3383 873 3731 946 εὐδαιμονίαν

2145 962 2603 1035 ὐπιοχνουμένης,
2628 962 2791 1035 τριχῆ
2813 963 2871 1017 δὲ
2889 963 3293 1037 διαιρουμένης,
3328 966 3469 1022 κατά
3499 968 3599 1039 τὴν
3621 968 3730 1023 τῶν

2143 1056 2282 1110 ὅλων
2306 1055 2595 1127 ποιητικὴν
2615 1055 2955 1127 διανέμησιν,
2984 1056 3238 1112 τοσοῦτον
3260 1057 3503 1114 ἀποδέων
3525 1061 3583 1115 ὲν
3605 1060 3732 1115 τού-

2142 1164 2255 1211 τοις
2274 1146 2384 1201 ·τοῦ
2426 1146 2700 1201 διδάσκειν
2733 1163 2786 1201 τι
2815 1146 2925 1201 τῶν
2969 1148 3258 1214 Πλάτωνος
3290 1151 3320 1204 ὁ
3360 1151 3730 1225 Περιπατητι-

2143 1236 2238 1300 κὸς
2267 1234 2378 1307 (56)
2410 1234 2728 1307 ὀφθήσεται,
2761 1234 2924 1302 ὥστε,
2950 1237 3211 1292 πλειόνων
3242 1238 3412 1295 ὄντων
3458 1241 3508 1294 οἶ
3548 1242 3729 1312 διαφέ-

2146 1343 2332 1398 ρονται
2377 1325 2663 1392 Πλάτωνι,
2712 1327 2947 1399 μάλιστα
2988 1328 3398 1402 ἐναντιούμενος
3431 1331 3593 1399 αὐτδς
3625 1350 3729 1403 φα-

2143 1421 2335 1474 νεῖται.
2359 1417 2473 1472 Καὶ
2501 1418 2721 1490 πρῶτόν
2758 1438 2823 1490 γε
2866 1420 2974 1475 ἀπὸ
2994 1420 3089 1476 τοῦ
3123 1422 3303 1477 κοινοῦ
3347 1424 3443 1478 καὶ
3472 1425 3729 1497 μεγίστου

2145 1509 2241 1562 καὶ
2293 1509 2633 1582 κυριωτάτου
2691 1510 2790 1583 τὴν
2864 1511 3002 1583 πρὸς
3054 1512 3319 1568 Πλάτωνα
3376 1513 3730 1589 παραλλαγὴν

2144 1600 2462 1672 ἐποιήσατο,
2499 1600 2575 1681 μὴ
2598 1604 2846 1674 τηρήσας
2874 1603 2935 1657 τὸ
2986 1603 3185 1676 μέτρον
3235 1605 3331 1676 τῆς
3366 1605 3726 1679 εὐδαιμονίας,

2148 1695 2282 1767 μηδὲ
2309 1696 2411 1768 τὴν
2436 1693 2636 1768 ἀρετὴν
2662 1696 2913 1769 αὐτάρκη
2946 1696 3084 1769 πρὸς
3122 1695 3280 1751 τοῦτο
3332 1700 3726 1772 συγχωρήσας·

2144 1787 2259 1841 ἀλλ’
2289 1786 2599 1842 ἀπολισθὼν
2626 1788 2727 1859 τῆς
2752 1788 3035 1859 δυνάμεως
3057 1787 3157 1859 τῆς
3193 1789 3335 1845 κατά
3372 1789 3470 1862 τὴν
3504 1790 3725 1864 ἀρετὴν,

2142 1879 2238 1932 καὶ
2285 1880 2634 1951 ἡγησάμενος
2674 1881 2810 1954 αὐτῇ
2847 1883 3099 1953 προσδεῖν
3129 1880 3238 1935 τῶν
3288 1882 3354 1935 ὲκ
3390 1881 3491 1954 τῆς
3538 1882 3725 1956 τύχης,

2139 1972 2229 2025 ἵνα
2267 1973 2404 2044 μετά
2429 1972 2635 2029 τούτων
2671 1973 2770 2048 ἕλῃ
2801 1975 2905 2047 τὴν
2933 1974 3280 2046 εὐδαιμονίαν
3300 1991 3314 2005 ’
3348 1977 3397 2029 εί
3424 1976 3469 2029 δ’
3500 1978 3583 2045 ἐφ’
3607 1979 3732 2030 ἑαυ-

2140 2066 2242 2138 τῆς
2270 2066 2524 2139 ληφθείη,
2560 2067 2638 2132 ὡς
2663 2067 2926 2122 ἀδύνατον
2951 2069 3046 2122 καὶ
3060 2068 3159 2121 οὐκ
3192 2068 3412 2138 ἐφικτὸν
3436 2068 3533 2140 τῆς
3556 2070 3732 2125 εὐδαι-

2148 2159 2358 2231 μονίας,
2386 2160 2761 2233 μεμψάμενος.
2784 2160 2858 2214 Τὸ
2886 2161 2984 2233 μὲν
3012 2157 3106 2216 οὖν
3127 2159 3352 2229 ἀγεννὲς
3380 2161 3475 2215 καὶ
3499 2160 3732 2233 διημαρ-

2142 2269 2208 2325 τη
2220 2253 2380 2324 μένον
2402 2252 2503 2324 τῆς
2527 2250 2754 2327 γνώμης
2791 2257 2849 2308 ὲν
2866 2254 3042 2327 τούτῳ
3067 2271 3126 2308 τε
3169 2256 3273 2310 κάν
3308 2254 3633 2320 τοῖς’ἀλλοις
3670 2256 3730 2308 οὐ

2142 2342 2238 2396 τοῦ
2264 2343 2533 2417 παρόντος
2568 2344 2844 2399 δεικνύναι
2882 2344 3076 2419 καιροῦ
3094 2363 3108 2377 ι
3148 2346 3322 2400 ἐκεῖνο
3343 2344 3400 2398 δὲ
3428 2339 3583 2415 οἶμαι
3610 2343 3734 2416 πρό-

2142 2433 2322 2507 δηλον,
2354 2436 2435 2489 ὅτι
2460 2435 2555 2491 τοῦ
2592 2435 2795 2491 σκοποῦ
2823 2438 2919 2492 καὶ
2950 2436 3293 2509 εὐδαιμονίας
3319 2437 3418 2491 οὐκ
3466 2436 3597 2492 ῐσων
3641 2436 3730 2489 ὅν-

2141 2542 2272 2592 των,
2307 2527 2429 2581 οὐδὲ
2461 2529 2570 2583 τῶν
2597 2528 2780 2584 αὐτῶν
2813 2530 2954 2584 κατὰ
2991 2530 3258 2587 Πλάτωνα
3284 2527 3542 2583 καὶκατὰ
3582 2529 3729 2599 Ἀρι-

2149 2617 2425 2689 στοτέλην,
2482 2618 2620 2674 ἀλλὰ
2674 2618 2771 2673 τοῦ
2823 2620 2921 2692 μὲν
2942 2661 2958 2687 ,
3010 2619 3243 2691 βοῶντος
3289 2618 3568 2684 ἑκάστοτε,
3634 2619 3730 2672 καὶ

2147 2706 2531 2779 κηρύττοντος,
2565 2710 2648 2763 ὄτι
2676 2710 3159 2782 εὐδαιμονέστατος
3184 2713 3214 2765 ὁ
3249 2710 3605 2773 δικαιότατος,
3633 2708 3727 2762 τοῦ

2148 2796 2205 2850 δὲ
2232 2797 2306 2870 μὴ
2342 2800 2700 2871 ἐκτρέποντος
2731 2802 2958 2857 ἔπεσθαι
2979 2806 3044 2874 τῇ
3067 2804 3232 2875 ἀρετῇ
3253 2803 3350 2875 τὴν
3366 2801 3726 2873 εὐδαιμονίαν,

2147 2884 2214 2941 ἂν
2252 2888 2327 2960 μὴ
2356 2892 2451 2945 καὶ
2472 2892 2629 2961 γένος
2665 2893 2961 2966 εὐτυχήσῃ,
2988 2894 3085 2949 καὶ
3107 2893 3322 2961 κάλλος,
3355 2896 3451 2949 καὶ
3499 2892 3659 2957 ἀλλα,

459 3095 623 3169 795
670 3092 909 3169 (Scilicet
941 3092 1009 3149 ad
1056 3093 1248 3153 bellum
1296 3109 1405 3157 sese
1442 3094 1600 3164 quasi
1653 3093 1799 3162 virgo
1848 3089 2045 3160 ferebat

2150 3092 2259 3146 Καὶ
2305 3091 2417 3164 γὰρ
2476 3097 2716 3165 χρυσὸν
2765 3097 2925 3168 ἔχων
2985 3098 3254 3168 πόλεμόν
3301 3095 3354 3150 δ’
3411 3095 3531 3169 ξεν,
3585 3095 3733 3164 ἠΰτε

582 3167 738 3222 arcus
754 3167 796 3238 :)

458 3295 626 3352 quam
679 3280 932 3336 diversus
991 3279 1282 3349 utriusque
1334 3278 1461 3333 ﬁnis
1519 3288 1647 3343 est,
1701 3285 1813 3331 tam
1858 3275 2044 3331 diver-

459 3387 582 3429 sum
634 3381 930 3443 utrumque
984 3371 1335 3437 necessario,
1384 3385 1507 3438 qua:
1540 3384 1701 3425 suum
1764 3367 1832 3425 ad
1878 3368 2041 3423 linem

461 3463 764 3532 perducat,
815 3462 1180 3534 philosophiae
1224 3477 1397 3532 genus
1445 3460 1705 3531 profiteri.
1753 3457 1892 3515 Nam
1949 3458 2045 3529 qui

459 3556 606 3610 viam
646 3569 811 3608 unam
863 3553 1196 3622 quamdam,
1252 3567 1380 3623 qua:
1417 3552 1485 3607 ad
1537 3550 1801 3621 pusillum
1831 3549 2043 3619 aliquid

461 3644 778 3714 humileque
830 3642 1047 3707 tendat,
1084 3656 1297 3712 semper
1339 3641 1580 3707 insistit,
1630 3640 1680 3695 is
1727 3639 1797 3695 ad
1827 3638 2044 3709 maiora

462 3738 715 3812 profecto
738 3746 793 3795 et
817 3736 1011 3794 altiora
1036 3751 1319 3806 nunquam
1347 3736 1577 3806 aspiret.

542 3851 726 3908 Viden’
755 3864 814 3907 ut
844 3853 930 3907 hic
956 3852 1068 3906 alto
1102 3851 1251 3906 collis
1284 3860 1536 3922 assurgat
1545 3851 1677 3922 jugo
1702 3852 1727 3904 ?

547 3923 882 3989 Salebrosus,
915 3939 1087 3992 asper,
1107 3922 1256 3992 cujus
1278 3922 1334 3977 in
1368 3937 1573 3975 summa
1601 3922 1785 3977 sedens

533 3995 746 4050 Pennas
775 3993 1001 4049 volucris
1031 3994 1243 4048 allevat.

461 4106 545 4162 Ad
574 4106 853 4164 excelsum
886 4107 1039 4163 illum
1076 4114 1320 4167 montem
1355 4106 1588 4164 evadere
1627 4106 1772 4163 acris
1821 4106 1940 4164 [nec
1990 4117 2047 4163 et

461 4198 770 4271 versipellis
805 4199 979 4257 bestia
1015 4200 1168 4257 nullo
1200 4200 1362 4283 modo
1381 4208 1559 4270 potest
1589 4217 1604 4255 :
1636 4209 1695 4255 ut
1720 4199 1869 4257 enim
1899 4214 2047 4256 eum-

460 4293 585 4349 dem
617 4293 675 4349 in
707 4294 889 4351 locum
938 4294 1136 4365 aquila:
1184 4294 1319 4365 pulli
1348 4294 1652 4365 vulpesque
1679 4294 2044 4363 conveniant;

3411 3165 3433 3239 l
3451 3169 3636 3236 κούρη

2146 3276 2361 3351 ἀνάγκη
2387 3279 2531 3333 κατά
2551 3279 2650 3350 τὴν
2678 3281 2941 3353 διαφορὰν
2973 3279 3070 3333 τοῦ
3097 3279 3307 3343 τέλους,
3353 3279 3449 3333 καὶ
3494 3278 3595 3351 τὴν
3641 3277 3732 3331 ἐπὶ

2144 3368 2303 3422 τοῦτο
2330 3370 2569 3438 ἄγουσαν
2600 3372 2918 3441 φιλοσοφίαν
2945 3368 3203 3443 διάφορον
3248 3365 3413 3425 εἷναι.
3467 3369 3585 3439 Μιᾷ
3620 3366 3731 3440 γὰρ

2145 3458 2251 3531 ὁδῷ
2289 3460 2591 3531 βαδίζοντα,
2617 3463 2740 3534 ἥτις
2766 3463 2918 3533 ἄγειν
2951 3463 3197 3533 πέφυκεν
3234 3463 3329 3516 ἐπὶ
3368 3465 3436 3535 τῇ
3473 3462 3586 3533 (57)
3619 3460 3729 3514 τῶν

2148 3553 2363 3626 μικρῶν
2391 3555 2486 3609 καὶ
2510 3555 2805 3621 ταπεινῶν,
2833 3557 2936 3611 οὐκ
2961 3554 3109 3611 ἔστιν
3136 3555 3310 3610 ἐλθεῖν
3330 3556 3424 3609 ἐπὶ
3463 3554 3532 3609 τὰ
3558 3552 3729 3625 μείζω

2146 3646 2242 3700 καὶ
2265 3649 2324 3701 ἐν
2346 3646 2468 3717 ὕψει
2501 3648 2748 3719 κείμενα.

2230 3865 2410 3942 έρρᾷς-
2429 3867 2507 3921 ἵν’
2537 3867 2677 3942 50t‘_
2694 3868 2928 3942 ἐκεῖνος
2964 3870 3212 3939 ὑψηλὸς
3235 3869 3446 3942 {niqu

2223 3937 2452 4010 Τραχύς
2490 3954 2555 3991 τε
2585 3939 2682 4010 κοί
2718 3934 3111 4009 gallinaceo,
3131 3934 3202 3996 ἐνί
3230 3934 3280 4009 ᾧ
3316 3934 3587 4010 κάθὴται.

2233 4007 2287 4059 Ὁ
2304 4007 2707 4078 ἐνελαςρρίζὼν
2735 4007 2955 4066 ἑαυτὸν
2980 4011 3182 4081 δρνις;

2148 4121 2273 4176 Ἐπὶ
2309 4120 2499 4176 τοῦτον
2527 4123 2616 4177 τὸν
2649 4122 2851 4195 ὑψηλὸν
2887 4124 3061 4194 πάγον
3083 4125 3145 4178 τὸ
3171 4123 3335 4198 δριμύ
3374 4124 3467 4177 καὶ
3497 4120 3735 4195 πανοῦρ-

2147 4230 2244 4283 γον
2272 4215 2449 4269 ὲκεῖνο
2477 4214 2664 4289 θηρίον
2695 4217 2941 4272 ἀνελθεῖν
2970 4218 3260 4273 ἀδύνατον⁹
3298 4219 3384 4271 ἵνα
3411 4218 3469 4271 δὲ
3493 4221 3574 4283 είς
3602 4218 3734 4271 ταύ-

2146 4304 2239 4360 τὸν
2290 4305 2422 4378 ἔλθῃ
2479 4309 2594 4371 τοῖς
2626 4308 2787 4363 ἀετοῦ
2834 4311 3172 4382 γεννήμασιν
3218 4307 3486 4380 ἀλώπηξ,
3530 4309 3735 4382 ἢτύχῃ

462 4395 558 4443 aut
583 4386 662 4443 illi
693 4386 923 4457 disiecto
954 4403 1020 4444 ac
1047 4386 1312 4458 dissipato
1339 4371 1488 4456 nido,
1518 4387 1575 4442 in
1596 4397 1799 4444 terram
1824 4387 2043 4445 funesta

2146 4399 2256 4453 τινὶ¹
2283 4371 2509 4471 (58)"651
2532 4371 2914 4473 χρησαμένους
2953 4371 3197 4465 ἐκείνους
3240 4371 3455 4474 πονηρᾷ
3476 4371 3735 4455 καταπεῖ

463 4478 703 4549 quadam
748 4487 900 4536 sorte
949 4480 1204 4536 decidant
1232 4521 1251 4549 ,
1295 4496 1520 4538 necesse
1563 4490 1684 4546 est;
1728 4489 1825 4541 aut
1857 4481 2045 4553 vulpes

2150 4493 2264 4545 σεῖν
2292 4466 2385 4555 ὲιξ
2402 4466 2672 4563 γῆν,”τιῖλν
2704 4466 2923 4548 οἰκείων
2941 4494 3127 4556 αὐτοῖς
3149 4466 3467 4565 φθαρέντων
3491 4509 3504 4524 ·
3544 4493 3577 4565 ἢ
3635 4492 3735 4565 τὴν

462 4573 604 4641 ipsa,
628 4586 767 4643 quas
792 4571 1127 4642 profundere
1156 4581 1348 4643 suapte
1372 4582 1568 4628 natura
1590 4587 1702 4627 non
1728 4573 2045 4651 sol_et,pr:e-

462 4663 678 4733 petibus
703 4677 826 4719 sese
866 4662 969 4718 alis
993 4661 1207 4730 induat,
1238 4664 1439 4734 quibus
1465 4680 1530 4719 ea
1558 4664 1778 4721 demum
1834 4666 2049 4723 sublata

461 4770 742 4810 summum
789 4754 858 4810 ad
891 4755 1087 4825 iugum
1120 4756 1340 4812 evolare
1385 4757 1580 4827 possit.
1606 4756 1862 4823 Quandiu
1901 4767 2047 4814 certe

464 4858 760 4919 utrumque
802 4863 975 4920 genus
1014 4863 1116 4904 suo
1157 4848 1213 4903 in
1275 4849 1397 4905 loco
1448 4850 1730 4921 graduque
1761 4852 2046 4920 consistet,

464 4940 677 4995 nullum
720 4940 1075 4997 terrestribus
1130 4940 1503 4998 animantibus
1560 4957 1686 4996 cum
1734 4941 2049 4999 emlestibus

462 5031 572 5087 illis
603 5033 997 5087 commercium
1016 5046 1140 5088 esse
1163 5031 1383 5102 poterit.
1422 5051 1442 5084 ι
1468 5030 1595 5087 Haec
1619 5032 1729 5087 ille.
1758 5032 1896 5087 Tum
1926 5033 2048 5089 aliis

463 5120 790 5190 quibusdam
827 5122 1151 5194 interiectis,
1169 5124 1245 5177 ita
1275 5124 1629 5195 prosequitur
1659 5142 1674 5179 :
1708 5142 1727 5177 ι
1757 5123 1893 5193 Qua:
1919 5141 2046 5182 cum

464 5212 539 5266 ita
570 5213 698 5280 sint,
732 5229 969 5287 cumque
989 5214 1144 5281 Plato
1163 5216 1425 5287 iuvenum
1460 5217 1677 5275 animos
1702 5218 1950 5275 divinum
1978 5220 2047 5275 ad

466 5301 679 5361 Numen
717 5309 934 5365 trahere
958 5316 1207 5374 conetur,
1250 5308 1434 5380 itaque
1480 5310 1645 5365 simul
1693 5310 1760 5365 ad
1788 5311 2046 5367 virtutem

467 5401 520 5449 et
551 5394 893 5453 honestatem
932 5397 1231 5470 adiungere
1254 5440 1270 5464 ,
1309 5409 1370 5454 ut
1420 5408 1744 5457 caeterorum
1782 5402 1892 5460 illis
1927 5420 2049 5459 om-

537 5529 648 5621 ίξθ)
683 5533 752 5621 "0
781 5538 1287 5621 "Hepmamtmdg.
1344 5545 1417 5597 lta
1462 5559 1589 5612 ms.,
1636 5546 1796 5617 longe
1845 5549 2044 5607 melius

468 5613 641 5679 quam
668 5605 745 5679 ιξιζς
779 5605 1041 5679 Περιπατ.

537 5670 648 5741 (57)
683 5670 973 5730 Forte'éni
1003 5696 1074 5735 τι.

538 5742 648 5813 {58)
678 5742 747 5799 Ἢ
778 5746 930 5816 τύχῃ
965 5750 1101 5804 τινί.
1155 5749 1280 5807 [lare
1318 5753 1479 5809 lectio
1513 5754 1737 5812 debetur
1773 5760 1863 5815 uni
1909 5775 2037 5824 ms.;

2146 4583 2399 4653 φύσασαν
2428 4585 2619 4657 αὐτὴν,
2642 4585 2678 4640 ἃ
2713 4585 2789 4658 μὴ
2817 4585 3030 4656 πέφυκε
3052 4584 3230 4656 φύειν,
3250 4585 3495 4656 λαιψηρά
3525 4584 3736 4640 κυκλῶ-

2148 4691 2237 4729 σαι
2297 4676 2474 4749 πτερά
2508 4675 2685 4750 ταύτῃ
2713 4676 2849 4748 (59),
2909 4677 3003 4729 καὶ
3030 4676 3206 4741 οὕτως
3234 4676 3494 4748 ἀρθεῖσαν
3538 4679 3604 4731 ἐκ
3633 4677 3736 4749 γῆς

2147 4766 2476 4821 ἀνίπτασθαι
2505 4769 2642 4838 πρὸς
2667 4769 2756 4823 τὸν
2787 4768 2991 4841 ὑψηλὸν
3020 4768 3217 4838 πάγον.
3243 4769 3388 4833 Ἕως
3408 4768 3453 4821 δ’
3474 4770 3735 4842 ἑκάτερον

2146 4857 2241 4912 ἐπὶ
2259 4857 2360 4929 τῆς
2387 4860 2597 4924 οίκείας
2632 4860 2770 4934 μένῃ
2799 4859 3027 4927 τάξεως,
3066 4860 3168 4914 οὐκ
3213 4859 3293 4915 ἔνι
3326 4860 3581 4914 κοινωνία
3624 4864 3736 4925 τοῖς

2146 4952 2251 5022 γῆς
2278 4951 2416 5024 πρὸς
2445 4952 2515 5007 τὰ
2540 4953 2771 5026 οὐρανοῦ
2822 4952 3138 5027 θρέμματα.
3189 4974 3208 5007 ι
3257 4954 3369 5008 Καὶ
3412 4955 3532 5026 μεθ’
3573 4955 3738 5028 ἕτερα

2147 5043 2392 5114 ἐπιλέγει
2416 5059 2429 5073 ·
2462 5064 2480 5098 ι
2522 5045 2742 5101 Τούτων
2766 5046 2948 5101 τοίνυν
2971 5045 3146 5111 οὕτως
3177 5046 3414 5118 ἐχόντων
3437 5087 3453 5112 ,
3490 5048 3586 5103 καὶ
3619 5063 3738 5101 πει-

2150 5138 2396 5208 ρωμένου
2425 5139 2519 5193 τοῦ
2552 5138 2840 5203 Πλάτωνος
2862 5139 3043 5193 ἕλκειν
3074 5139 3174 5204 τὰς
3220 5139 3329 5194 τῶν
3371 5139 3509 5194 νέων
3557 5139 3737 5211 ψυχὰς

2146 5230 2260 5284 ἀνω
2290 5236 2392 5284 που
2423 5232 2561 5305 πρὸς
2593 5233 2653 5287 τὸ
2673 5233 2848 5299 Θεῖον,
2879 5235 2975 5288 καὶ
3001 5234 3191 5288 τοῦτον
3220 5234 3313 5287 τὸν
3338 5234 3541 5306 τρόπον
3568 5251 3738 5307 προσ-

2146 5321 2475 5387 οικειοῦντος
2507 5324 2606 5395 μὲν
2638 5326 2704 5396 τῇ
2730 5325 2898 5398 ἀρετῇ
2918 5326 3013 5380 καὶ
3037 5324 3116 5397 τῷ
3146 5324 3316 5397 καλῷ,
3343 5324 3453 5380 τῶν
3477 5324 3536 5380 δὲ
3563 5325 3735 5381 ἄλλων

2148 5414 2404 5469 ἁπάντων
2453 5415 2833 5482 ἀναπείθωηος
2888 5419 3250 5489 ὑπερφρονεῖν
3271 5435 3287 5452 ο
3320 5418 3532 5491 φράσον
3582 5420 3734 5490 ἡμῖν,

2152 5570 2277 5626 nam
2307 5554 2583 5626 inpriori
2627 5553 2867 5626 editione
2895 5554 3311 5626 corruptissime
3350 5553 3648 5626 legebatur,
3685 5555 3736 5609 εί

2224 5678 2336 5768 ὢν)
2367 5678 2537 5754 Ροιοιέ
2548 5678 2723 5767 "am
