4144 6408
420 365 560 425 1305

1618 363 1951 418 PRASPAR.
1996 363 2249 420 EVANG.
2290 364 2418 420 LIB.
2457 364 2579 418 XV.

3569 366 3706 414 150C

420 481 463 541 ὦ
491 485 919 558 Περιπατητικὲ,
951 484 1069 548 πῶς
1092 482 1392 548 ἑκδιδάξεις
1415 481 1588 536 ταῦτα
1617 498 1632 548 ;
1655 481 1781 545 Πῶς
1806 481 2003 553 ὁδηγή-

2128 484 2262 539 tium
2299 485 2713 556 despicientiam
2744 490 2799 537 et
2829 480 3294 550 contemptionem
3332 479 3544 549 injiciat
3575 497 3590 535 :
3620 480 3710 536 die

422 596 535 642 σεις
564 577 649 631 ἐπ’
670 577 811 631 αὐτὰ
844 579 971 641 τοὺς
1000 577 1446 647 φιλοπλάτωνας;
1476 574 1587 627 Ποῦ
1625 590 1708 627 σοι
1737 574 1837 645 τῆς
1863 574 2016 647 αἱρέ-

423 685 562 731 σεως
599 667 855 722 τοσοῦτον
891 666 1025 736 ὕψος
1065 667 1260 736 λόγων,
1290 665 1430 719 ὥστε
1474 663 1536 718 τὸ
1581 664 1690 718 τῶν
1734 665 2016 720 Ἀλωάδων

422 758 677 830 φρόνημα
702 756 1027 829 κτήσασθαι,
1056 757 1150 810 καὶ
1183 755 1282 828 τὴν
1302 756 1389 818 είς
1415 753 1641 826 οὐρανὸν
1664 751 1783 805 ὁδὸν
1808 750 2016 823 ζητεῖν;

424 851 490 922 ἢν
521 849 719 902 ἐκεῖνοι
766 849 863 919 μὲν
890 847 1060 918 ῷοντο
1086 845 1231 918 ὀρῶν
1252 845 1505 899 ἀναθέσει
1557 843 1817 898 δύνασθαι
1867 842 2017 911 γίνε-

426 941 588 995 σθαι·
625 940 687 993 τὺ
714 940 757 993 δ’
790 939 878 1011 ἄρ’
913 936 981 1010 ἦν
1010 939 1297 1011 ἀφαιρέσει
1324 937 1432 992 τῶν
1456 936 1817 1009 ἀνθρωπίνων
1850 952 2018 989 σπουο

304 1042 313 1049 ⁵
424 1036 714 1109 δασμάτων
733 1036 1038 1107 γινόμενον,
1060 1036 1135 1099 ὥς
1156 1052 1289 1107 φησι
1310 1034 1558 1089 Πλάτων.
1584 1034 1681 1097 Τίς
1702 1028 1796 1087 οῦν
1818 1031 2019 1104 ἡπαρά

426 1130 509 1184 σοὶ
538 1128 673 1201 πρὸς
704 1129 875 1182 ταῦτα
898 1131 1012 1192 τοῖς
1032 1127 1173 1192 νέοις
1197 1127 1417 1199 βοήθεια
1437 1144 1452 1195 ;
1480 1126 1577 1182 καὶ⁵
1601 1125 1763 1180 πόθεν
1784 1142 1870 1190 τις
1903 1124 2018 1198 (60)

425 1222 454 1274 ὁ
472 1221 569 1293 τῆς
590 1222 793 1294 ἀρετῆς
828 1220 1235 1292 συναγωνιστὴς
1258 1220 1412 1290 λόγος
1437 1237 1452 1287 ;
1487 1222 1550 1274 ὲκ
1571 1219 1633 1289 δὲ,
1652 1220 1820 1273 ποίων
1840 1235 2021 1291 γραμ-

428 1315 616 1387 μάτων
679 1314 1122 1387 Ἀριστοτέλουςς
1177 1313 1323 1377 τίνος
1380 1312 1490 1367 τῶν
1539 1314 1634 1368 ἀπ’
1690 1312 1892 1379 αὐτοῦς
1955 1314 2021 1365 ὲκ

426 1408 596 1460 ποίων
616 1406 844 1478 γραφῶν
866 1402 885 1472 ;¹
904 1406 1106 1478 Δίδωμι
1133 1406 1240 1477 γάρ
1268 1423 1371 1469 σοι,
1392 1405 1497 1471 κᾶν
1519 1404 1811 1476 ψεύδεσθαι
1835 1404 2017 1475 θέλῃς,

2118 578 2276 632 nobis
2306 578 2569 643 obsecro,
2606 577 2747 630 bone
2796 573 3190 644 Peripatetice,
3242 572 3706 643 quemadmodum

2119 670 2235 725 haec
2271 671 2393 741 ipsa
2433 672 2736 726 traditurus
2803 669 2925 732 sis,
2980 682 3144 737 quam
3198 666 3269 721 ad
3323 665 3415 720 illa
3461 663 3710 718 Platonis

2118 761 2459 816 amatoribus
2489 760 2631 814 viam
2664 756 3004 828 prositut-us?
3041 756 3281 825 Ecquam
3307 754 3574 810 doctrinae
3600 753 3710 808 vim

2117 854 2610 923 excellentiamque
2658 862 2863 907 tantam
2912 860 3061 904 secta
3107 848 3204 904 tibi
3260 858 3354 902 tua
3408 846 3708 917 repositam

2120 946 2301 1012 habet,
2332 956 2393 1001 ut
2416 944 2687 1000 Aloadum
2722 943 2944 996 illorum
2974 956 3136 995 sensu
3170 939 3484 1009 ﬁduciaque
3515 939 3712 1009 plenus

2119 1039 2265 1093 viam
2296 1038 2362 1093 ad
2400 1037 2604 1093 coelum
2653 1033 2833 1088 moliri
2874 1032 3128 1087 audeas?
3167 1029 3320 1087 Hanc
3363 1031 3440 1086 illi
3473 1039 3711 1095 montes,

2120 1128 2401 1184 montibus
2433 1124 2788 1197 imponendo,
2814 1132 3126 1194 promptam
3157 1122 3260 1178 sibi
3288 1120 3405 1179 fore
3452 1131 3507 1178 et
3546 1135 3712 1190 expe-

2120 1220 2291 1276 ditam
2324 1221 2592 1291 putabant
2628 1237 2641 1274 :
2677 1227 2733 1274 at
2781 1218 2835 1273 id
2876 1216 3158 1272 enimvero
3188 1258 3203 1281 ,
3245 1217 3711 1286 quemadmodum

2121 1311 2275 1369 Plato
2303 1312 2513 1378 docuit,
2536 1311 2769 1368 sublatis
2795 1309 3016 1365 demunt
3042 1308 3299 1365 humanis
3325 1308 3713 1379 cupiditatibus

2121 1403 2420 1458 obtinetur.
2451 1403 2531 1458 Ad
2586 1404 2704 1459 haec
2750 1404 2917 1474 igitur
2977 1401 3366 1473 consequenda
3393 1442 3408 1469 ,
3453 1418 3617 1475 quam
3654 1411 3712 1456 tu

428 1499 589 1572 μόνον
610 1516 663 1553 τι
697 1499 964 1554 νεανικόν.
1007 1497 1170 1551 Ἀλλά
1192 1498 1302 1571 γὰρ
1334 1496 1447 1552 οὔτ’
1486 1497 1633 1569 ἔχεις
1665 1499 1840 1552 εἰπεῖν
1861 1537 1874 1561 ,
1907 1495 2019 1550 οὔτ’

2128 1495 2435 1566 iunioribus
2460 1511 2618 1566 opem
2650 1496 2896 1551 ostendis
2931 1495 2954 1548 ?
2985 1495 3128 1550 unde
3150 1495 3235 1549 vel
3270 1509 3442 1548 unum
3494 1494 3715 1563 aliquod

426 1591 493 1645 ἂν
528 1590 819 1663 ἐπιτρέψαι
848 1606 929 1643 σοι
950 1588 1059 1644 τῶν
1087 1589 1373 1660 ἡγεμόνων
1405 1589 1504 1662 τῆς
1528 1588 1795 1661 αἱρέσεως
1821 1587 2017 1651 οὐδείς.

424 1683 491 1736 Ai
518 1680 651 1750 γοῦν
693 1680 1099 1752 Ἀριστοτέλους
1124 1680 1254 1751 περὶ
1276 1680 1450 1734 ταῦτα
1476 1682 1874 1752 πραγματεῖαι,
1907 1681 2023 1733 Εὐ-

425 1772 657 1841 δήμειοί
684 1789 745 1826 τε
775 1773 869 1827 καὶ
897 1771 1293 1841 Νικομάχειοι,
1323 1772 1418 1828 καὶ
1445 1770 1738 1841 Μεγάλων
1775 1768 2022 1829 Ἠθικῶν

2121 1587 2389 1642 orationis
2426 1603 2622 1657 genus,
2672 1587 2822 1657 quod
2872 1587 3063 1642 virtuti
3099 1585 3429 1657 suffragetur
3459 1586 3482 1639 ?
3515 1586 3716 1655 quibus

2122 1693 2188 1733 ex
2218 1677 2535 1735 Aristotelis
2564 1679 2872 1748 operibus?
2922 1687 3019 1734 aut
3070 1678 3396 1748 cujusquam
3454 1678 3715 1742 alterius,

2123 1768 2219 1840 qui
2248 1770 2369 1840 ejus
2392 1785 2423 1824 e
2446 1769 2633 1825 schola
2666 1770 2950 1840 profectus
2986 1770 3239 1841 sitiage,
3271 1769 3473 1839 quibus
3500 1768 3716 1822 tandem

425 1839 861 1938 ἐπιγραφόμεναι
886 1907 902 1932 ,
935 1839 1135 1936 μικρόν
1149 1839 1232 1931 -τι,
1259 1866 1354 1919 καὶ
1382 1839 1669 1929 ταπεινὸν,
1712 1864 1806 1918 καὶ
1832 1862 2020 1934 δημῶ-

2128 1839 2192 1915 ex
2216 1839 2481 1928 scriptis?
2505 1839 2753 1928 ρυίηίιιι
2786 1863 3043 1928 mentire,
3076 1862 3124 1917 si
3155 1839 3262 1928 vis,
3290 1876 3386 1930 per
3416 1876 3505 1916 me
3546 1859 3674 1915 licet
3704 1878 3717 1912 :

426 1954 511 2020 δες
545 1958 673 2029 περὶ
697 1957 801 2028 τῆς
828 1956 1031 2029 ἀρετῆς
1057 1955 1335 2027 φρονοῦσι,
1373 1958 1468 2010 καὶ
1490 1954 1767 2019 τοσοῦτον,
1798 1955 1924 2008 ὅσον
1952 1954 2019 2010 ἀν

2128 1960 2338 2008 tantum
2368 1954 2618 2024 generosi
2652 1970 2722 2009 ex
2760 1964 2812 2011 te
2863 1954 3070 2026 aliquid
3128 1954 3442 2010 audiamus.
3496 1951 3568 2005 At
3620 1966 3717 2007 nec

425 2062 508 2110 τις
537 2048 632 2100 καὶ
665 2046 881 2119 ἰδιώτης
908 2048 1006 2102 καὶ
1041 2046 1386 2111 ἀπαίδευτος,
1418 2046 1514 2099 καὶ
1557 2045 1845 2118 μειράκιον
1865 2083 1882 2109 ,
1924 2046 2022 2098 καὶ

2128 2044 2357 2100 omnino
2387 2045 2689 2117 quidquam
2719 2046 2891 2103 babes
2948 2048 3065 2117 ipse
3107 2046 3255 2116 quod
3296 2045 3449 2101 dicas
3485 2063 3499 2099 :
3529 2058 3632 2098 nec
3663 2052 3718 2098 ut

427 2139 587 2209 γυνή.
620 2139 693 2193 Τὸ
731 2140 828 2211 μὲν
858 2138 968 2212 γὰρ
998 2139 1257 2211 διάδημα,
1288 2138 1365 2202 ὼς
1396 2140 1570 2192 εἰπεῖν
1594 2176 1609 2201 ,
1646 2137 1739 2191 καὶ
1776 2136 1837 2189 τὸ
1884 2135 2022 2206 σκῆ-

2128 2134 2357 2199 habeas,
2386 2135 2680 2206 quisquam
2724 2145 2906 2193 tamen
2932 2152 3000 2192 ex
3033 2136 3199 2206 hujus
3250 2144 3414 2190 secta:
3462 2130 3718 2203 principi-

426 2247 598 2301 πτρον
624 2230 684 2284 τὸ
719 2231 999 2302 βασιλικὸν
1021 2271 1035 2295 ,
1065 2232 1092 2285 ὂ
1120 2230 1275 2303 παρά
1318 2230 1412 2284 τοῦ
1439 2230 1564 2295 Διὸς
1613 2229 1726 2301 ἔχει
1778 2227 2018 2282 λαϐοῦσα

2128 2226 2228 2281 bus
2261 2226 2313 2281 id
2338 2234 2388 2281 te
2425 2226 2576 2297 loqui
2604 2227 2863 2297 patiatur.
2919 2227 3065 2283 Sane
3096 2227 3409 2287 Aristotelis
3436 2227 3542 2281 hac
3571 2225 3638 2282 de
3664 2239 3719 2280 re

427 2319 789 2393 ἀναφαίρετον
818 2324 851 2393 ἡ
883 2320 1075 2393 ἀρετὴ,
1120 2322 1271 2386 ἶπεὶ,

2128 2316 2275 2384 libri,
2322 2331 2419 2371 seu
2452 2317 2546 2386 qui
2584 2317 2653 2371 ad
2695 2318 2997 2372 Eudemum
3020 2359 3035 2383 ,
3068 2332 3165 2375 seu
3198 2317 3294 2388 qui
3340 2317 3410 2370 ad
3466 2314 3719 2369 Nicoma-

428 2411 606 2479 chum,
638 2427 733 2466 seu
760 2412 855 2482 qui
887 2410 1207 2483 Magnorum
1241 2408 1544 2464 Moralium
1595 2408 1815 2464 nomine
1852 2406 2233 2464 inscribuntur
2299 2404 2377 2458 nil
2426 2405 2535 2460 nisi
2592 2407 2853 2476 pusillum
2892 2407 3176 2477 quiddam,
3218 2405 3532 2475 huntileque
3571 2418 3719 2474 pror.

427 2517 522 2558 sua
553 2517 618 2555 ac
649 2503 868 2573 vulgare
903 2503 1142 2573 sapiunt,
1167 2512 1331 2573 atque
1376 2500 1670 2571 ejusmodi,
1706 2499 1852 2569 quod
1899 2497 2150 2552 homines
2219 2494 2422 2559 idiotze,
2490 2510 2556 2551 ac
2622 2496 2827 2564 rudes,
2881 2496 3031 2567 quod
3074 2495 3464 2552 adolescentuli
3508 2508 3571 2548 ac
3611 2508 3720 2547 mu.

429 2592 669 2649 lierculae
727 2594 893 2664 796
942 2593 1184 2663 c0gitare
1233 2591 1469 2663 possint.
1517 2590 1814 2645 Enimvero
1856 2588 2004 2659 quod
2044 2585 2232 2642 virtuti
2266 2583 2539 2653 diadema,
2580 2594 2641 2640 ut
2701 2586 2777 2642 ita
2846 2586 3062 2657 loquar,
3089 2589 3415 2657 regiumque
3444 2592 3721 2655 sceptrum

431 2684 529 2739 abs
558 2682 691 2739 Jove
716 2685 979 2739 donatum
1012 2692 1121 2748 est,
1153 2698 1254 2739 nec
1283 2682 1488 2739 auferri
1515 2698 1548 2739 a
1578 2697 1858 2754 quoquam
1884 2690 2065 2749 potest
2103 2678 2326 2752 (quippe

634 2840 648 2853 .
686 2839 700 2853 .
752 2839 767 2853 .
796 2802 878 2854 Οὺ
902 2798 1363 2867 παλινάγρετον,
1391 2799 1518 2853 ὄττι
1542 2816 1653 2853 κεν
1678 2796 1859 2865 οὗτος

573 2840 589 2855 .
634 2840 648 2853 .
686 2839 700 2853 .
752 2839 767 2853 .
796 2802 878 2854 Οὺ
902 2798 1363 2865 παλινάγρετον,
1391 2799 1518 2853 ὄττι
1542 2816 1653 2853 κεν
1678 2796 1859 2865 οὗτος

2291 2863 2297 2865 _
2463 2833 2499 2847 ..
2512 2793 2711 2848 .Hanet
2746 2795 3106 2860 irrevocabile,
3146 2795 3404 2865 quidquid

578 2869 659 2940 Τῇ
698 2869 936 2941 κεφαλῇ
966 2870 1262 2940 ἐπινεύσῃ
1287 2886 1302 2901 ·

2264 2863 2524 2919 Αηιιιιετὶι
2559 2866 2751 2936 capite)
2781 2880 2800 2917 :

435 3004 592 3059 τοῦτο
619 3003 789 3075 αὐτὴν
819 3001 1172 3074 ἀφαιρεῖσθαι
1206 3000 1499 3072 τολμῶσιν.
1539 3001 1614 3055 Οὐ
1658 3000 1769 3072 γὰρ
1811 3001 2026 3073 ἐπιτρέ-

2133 3011 2200 3051 εο
2252 3006 2437 3051 tamen
2487 2996 2636 3050 illam
2699 2994 2940 3066 spoliare
2994 3005 3288 3053 conantur.
3336 2997 3547 3070 Negant
3576 3002 3723 3059 enim

436 3114 629 3152 muctv
659 3096 831 3167 αὐτὴν
853 3097 1025 3148 ποιεῖν
1051 3093 1376 3165 εὐδαίμονας
1392 3110 1406 3123 ’
1437 3093 1630 3165 ὁμοίαν
1650 3093 1708 3146 δὲ
1737 3093 1907 3166 αὐτὴν
1929 3111 2030 3147 κα-

434 3188 648 3242 θιστᾶσι
677 3185 911 3253 πλούτῳ,
940 3184 1037 3237 καὶ
1064 3182 1211 3257 δόξῃ,
1243 3185 1338 3237 καὶ
1365 3183 1535 3252 γένει,
1572 3184 1665 3237 καὶ
1688 3184 1893 3255 ὑγιείᾳ,
1930 3185 2025 3238 καὶ

434 3279 642 3338 κάλλει.
676 3277 770 3332 καὶ
798 3278 900 3330 ὅσα
920 3275 1056 3330 ἄλλα
1083 3274 1240 3329 κοινά
1264 3275 1366 3345 τῆς
1393 3274 1614 3338 κακίας.
1663 3276 1751 3338 Ὠς
1775 3274 1885 3345 γὰρ
1914 3274 2033 3328 τού-

432 3387 542 3423 των
567 3366 748 3423 ὁτιοῦν
781 3367 957 3439 παρὸν
985 3366 1155 3436 χωρὶς
1180 3365 1405 3436 ἀρετῆς,
1437 3366 1539 3417 οὐκ
1562 3363 1837 3435 αὔταρκες
1862 3365 2033 3418 εὐδαί-

440 3478 577 3533 μονα
607 3461 701 3514 τὸν
725 3458 1065 3530 κεκτημένον
1098 3458 1409 3529 ἀποφῆναι·
1444 3458 1540 3511 καὶ
1582 3458 1617 3528 ἡ
1667 3456 1839 3529 ἀρετὴ
1887 3456 2032 3511 κατά

432 3554 608 3610 ταύτά
648 3552 820 3626 χωρὶς
850 3550 1056 3604 τούτων
1088 3550 1187 3620 οὐχ
1237 3548 1397 3620 ἱκανὴ
1446 3548 1670 3619 ποιῆσαι
1720 3548 1813 3601 τὸν
1861 3547 2033 3619 ἔχοντ’

433 3648 604 3719 αὐτὴν
634 3646 949 3708 εὐδαίμονα.
977 3643 1105 3707 Πῶς
1146 3638 1242 3697 οῦν
1282 3643 1344 3696 οὐ
1376 3641 1686 3714 καθῄρηται
1733 3641 1831 3695 καὶ
1864 3658 2035 3696 κατα-

437 3736 697 3807 δέόληται
725 3733 787 3788 τὸ
818 3735 918 3805 τῆς
946 3732 1151 3805 ἀρετῆς
1179 3730 1433 3802 ἀξίωμα;
1461 3759 1532 3768 -
1556 3728 1665 3782 Ναί
1691 3746 1703 3759 ·
1739 3729 1876 3783 ἀλλά
1895 3729 2032 3783 πολὺ

2131 3091 2390 3145 virtutem
2428 3106 2524 3161 per
2566 3106 2688 3147 sese
2714 3091 2905 3146 beatos
2952 3091 3202 3147 homines
3232 3090 3466 3160 ellicere,
3494 3108 3725 3166 eamque

2131 3179 2360 3247 divitiis,
2396 3181 2603 3252 gloriae,
2635 3181 2934 3246 nobilitati,
2970 3180 3216 3247 sanitati,
3246 3181 3439 3238 formae
3484 3199 3547 3239 ac
3576 3194 3725 3240 cattu-

2133 3272 2209 3325 ris
2231 3285 2355 3341 quae.
2384 3285 2508 3324 cum
2543 3270 2893 3340 improbitate
2941 3282 3073 3326 sunt
3109 3274 3450 3339 communia,
3491 3275 3726 3331 similem

2132 3376 2259 3418 esse
2294 3363 2504 3417 volunt.
2555 3360 2695 3417 Nam
2751 3371 2814 3417 ut
2855 3363 3088 3419 istorum
3139 3364 3313 3431 nihil,
3350 3375 3727 3437 quamtumvts

2132 3455 2299 3523 adsit,
2326 3456 2458 3510 dum
2483 3455 2660 3512 virtus
2696 3455 2868 3522 abest,
2899 3471 3278 3528 possessorem
3316 3474 3479 3514 suum
3514 3458 3726 3515 felicem

2132 3546 2365 3601 reddere
2394 3561 2493 3616 per
2524 3561 2646 3601 sese
2675 3555 2856 3616 potest
2905 3565 2918 3601 :
2972 3547 3045 3602 ita
3073 3563 3141 3602 ne
3173 3563 3335 3603 suum
3362 3550 3583 3621 quidem
3617 3553 3730 3605 vir-

2132 3648 2244 3707 tus,
2280 3639 2326 3693 si
2357 3638 2474 3694 haec
2521 3640 2705 3693 omnia
2767 3637 3038 3706 deerunt,
3094 3638 3351 3696 felicitate
3398 3643 3725 3698 cumulabit.

2131 3730 2249 3787 Hoc
2271 3747 2403 3804 ergo
2447 3733 2581 3803 quid
2612 3731 2763 3787 aliud
2794 3740 2913 3799 est,
2944 3746 3113 3802 quam
3148 3732 3371 3788 virtutis
3404 3734 3727 3804 dignitatem

436 3828 546 3883 τῶν
568 3826 742 3881 ἄλλων
768 3822 990 3894 ἀγαθῶν
1024 3823 1320 3895 ὑπερέχειν
1346 3821 1444 3893 τὴν
1472 3820 1682 3893 ἀρετὴν.
1701 3821 1934 3891 λέγουσι.
1967 3849 2026 3859 -

2134 3822 2371 3893 abjicere
2398 3822 2667 3893 funditus,
2694 3832 2857 3895 atque
2883 3820 3275 3893 pessumdare?
3300 3824 3726 3898 —Esto,inquil.

438 3920 505 3975 Τί
524 3918 589 3991 δὴ
616 3916 775 3972 τοῦτο
798 3935 811 3983 ;
854 3916 965 3970 Καὶ
981 3915 1089 3986 γὰρ
1111 3915 1212 3986 τὴν
1236 3914 1449 3982 ὑγίειαν
1469 3912 1564 3966 τοῦ
1591 3912 1826 3965 πλούτου
1845 3929 1859 3944 υ
1897 3911 2036 3966 ἀλλά

438 4011 501 4065 τό
525 4026 590 4080 γε
618 4009 790 4081 χωρἰς
839 4005 1085 4076 ἀλλήλων
1134 4002 1209 4075 μὴ
1260 4005 1452 4075 ἀρκεῖν
1498 4001 1637 4073 πρὸς
1686 4001 2037 4073 εὐδαιμονίαν

440 4104 576 4157 πᾶσι
604 4100 805 4155 κοινόν.
855 4096 1085 4152 ὀπόταν
1110 4090 1205 4148 οῦν
1227 4112 1310 4158 τις
1348 4096 1413 4148 ὲκ
1446 4093 1652 4147 τούτων
1689 4091 1800 4146 τῶν
1828 4092 2034 4163 δογμά-

440 4209 547 4246 των
581 4191 674 4244 καὶ
706 4187 912 4260 ταύτης
955 4186 1057 4257 τῆς
1106 4184 1374 4257 αἱρέσεως
1401 4181 1631 4247 διδάξειε
1676 4181 1771 4237 τὸν
1804 4184 1862 4236 ὲν
1890 4183 2031 4254 αὐτῇ

441 4286 506 4356 τῇ
534 4282 681 4354 ψυχῇ
709 4281 772 4334 τὸ
798 4282 907 4334 πᾶν
937 4276 1278 4350 ἀνθρώπινον
1299 4273 1506 4343 ἀγαθὸν
1533 4272 1822 4345 ζητοῦντα,
1853 4273 2035 4328 εὐδαί-

2135 3914 2206 3969 Αι
2232 3915 2485 3970 virtutem
2509 3918 2673 3988 longe
2700 3916 2861 3972 bonis
2894 3916 3020 3971 aliis
3067 3915 3328 3972 omnibus
3362 3926 3727 3988 anteponunt.

2136 4004 2277 4073 Quid
2308 4018 2422 4063 tum
2452 4005 2688 4061 T—Nam
2722 4013 2777 4060 et
2798 4007 3090 4061 sanitatem
3119 4021 3339 4077 quoque
3366 4007 3571 4063 divitiis
3594 4024 3733 4079 prae-

2139 4110 2285 4154 stare
2316 4100 2507 4154 volunt
2545 4106 2841 4153 :caeterum
2866 4137 2882 4161 ,
2918 4097 3066 4166 quod
3101 4098 3223 4152 sine
3250 4106 3441 4153 mutua
3492 4099 3730 4168 quadam

2140 4206 2302 4261 opera
2339 4192 2472 4245 satis
2499 4189 2566 4244 ad
2600 4186 2995 4242 beatitudinem
3046 4203 3170 4243 esse
3217 4204 3328 4244 non
3380 4190 3631 4260 possint,
3676 4191 3729 4245 id

2142 4298 2276 4337 vero
2301 4297 2427 4336 cum
2455 4280 2716 4335 omnibus
2750 4279 2978 4335 omnino
3026 4295 3320 4336 commune
3358 4290 3462 4338 est.
3503 4281 3581 4337 lta
3638 4285 3732 4356 qui

445 4376 583 4448 μονά
611 4390 773 4445 φασιν
803 4372 895 4425 ἐπὶ
920 4371 1114 4443 τροχὸν
1142 4369 1242 4422 οὐκ
1288 4366 1633 4421 ἀναϐαίνειν*
1686 4365 1809 4419 οὐδὲ
1848 4367 1877 4420 ὁ
1914 4367 2026 4429 ταῖς

2139 4368 2306 4423 semel
2342 4367 2509 4440 hujus
2564 4366 2827 4422 doctrina:
2881 4378 3152 4438 sectaaque
3201 4371 3422 4440 regulas
3485 4385 3729 4440 secutus,

443 4467 778 4537 Πριαμικαῖς
800 4462 992 4534 τύχαις
1017 4459 1128 4530 (61)
1159 4458 1518 4529 συνεχόμενος
1538 4456 1741 4509 δύναιτ’
1760 4455 1827 4510 ἂν
1853 4456 2026 4509 εύδαι-

2142 4460 2432 4527 docuerit,
2465 4460 2719 4532 quisquis
2760 4458 2995 4529 ipsomet
3029 4462 3085 4516 in
3116 4462 3303 4520 animo
3336 4464 3565 4520 humani
3599 4467 3731 4522 boni

445 4554 624 4629 μονῶν
658 4555 752 4608 καὶ
784 4553 1052 4624 μακάριος
1076 4546 1239 4604 εἷναι.
1273 4549 1376 4603 Τὸν
1412 4547 1469 4601 δὲ
1493 4548 1593 4619 τὴν
1614 4546 1815 4619 ἀρετὴν
1840 4546 2026 4616 ἔχοντα

2142 4550 2555 4607 universitatem
2583 4562 2793 4623 qua-rat
2820 4593 2836 4620 ,
2871 4568 3000 4609 eum
3050 4555 3119 4610 ad
3151 4556 3301 4610 illam
3332 4557 3692 4614 beatitudinis
3714 4600 3729 4623 ,

445 4646 705 4710 τοιούτοις
749 4644 862 4698 τισὶ
895 4643 1216 4714 περιπεσεῖν
1269 4641 1370 4694 οὐκ
1411 4639 1660 4703 ἀπεικός.
1707 4638 1933 4701 Τούτοις
1974 4638 2026 4692 δὲ

2141 4651 2201 4696 ut
2226 4642 2407 4709 aiunt,
2441 4654 2620 4699 rutam
2655 4645 2902 4715 aSpirare
2938 4663 3048 4703 non
3081 4664 3242 4719 posse
3290 4667 3304 4705 :
3354 4650 3447 4706 hic
3487 4651 3730 4721 profecto

445 4738 636 4793 έπεται
670 4736 732 4791 τὸ
767 4737 905 4807 μήτε
930 4732 1248 4789 ἀκολουθεῖν
1282 4734 1348 4785 ὲκ
1385 4730 1588 4794 παντὸς
1635 4729 1735 4800 τὴν
1779 4728 2026 4800 εὐδαιμο-

2139 4735 2269 4791 felix
2306 4752 2590 4808 nunquam
2616 4747 2672 4793 et
2693 4738 2886 4794 beatus
2927 4756 3050 4796 esse
3077 4743 3299 4812 poterit,
3335 4758 3499 4813 quem
3526 4742 3732 4797 Priami

450 4830 562 4885 vim
592 4831 705 4892 τοῖς
732 4826 829 4900 τὴν
861 4824 1064 4898 ἀρετὴν
1085 4824 1286 4895 έχουσι,
1334 4824 1459 4895 μήτ’
1492 4824 1542 4875 εἰ
1593 4822 1808 4892 γένοιτο
1843 4838 2026 4893 παρα-

2137 4842 2299 4882 casus
2332 4829 2631 4885 exercitum
2674 4830 2986 4887 habuerint.
3022 4834 3187 4906 Atqui
3231 4835 3369 4890 nihil
3394 4844 3560 4904 vetat,
3592 4852 3735 4907 quo-

449 4921 629 4992 μένειν
663 4919 771 4973 ἀεί.
2139 4920 2325 4975 minus
2370 4922 2447 4977 illi
2489 4925 2652 4979 etiam
2704 4927 2927 4982 virtutis
2969 4943 3318 4997 possessores
3375 4930 3634 4996 similem,
3676 4931 3732 4984 in

448 5013 812 5071 calamitatem
868 5010 1129 5066 incidant.
1159 5010 1235 5064 Ex
1292 5025 1406 5081 quo
1447 5009 1606 5079 plane
1676 5010 1945 5080 sequitur,
2017 5026 2120 5067 nec
2165 5014 2234 5070 iis
2286 5016 2379 5086 qui
2430 5016 2631 5073 virtute
2680 5020 2888 5090 praediti
2934 5020 3045 5075 sint
3102 5020 3362 5078 continuo
3422 5019 3734 5078 felicitatem

448 5105 720 5172 comitari,
757 5120 879 5171 nec,
912 5115 975 5160 ut
1024 5103 1322 5159 comitetur
1362 5102 1635 5158 interdum
1663 5144 1676 5168 ,
1712 5112 2029 5173 perpetuam
2070 5104 2213 5163 hanc
2242 5109 2561 5166 societatem
2584 5127 2707 5167 esse
2739 5127 2921 5182 posse.

450 5222 657 5276 Φύλλα
691 5219 763 5274 τὰ
785 5219 905 5290 μέν
942 5219 992 5271 τ’
1022 5218 1243 5288 ἄνεμος
1279 5217 1538 5288 χαμάδις
1573 5216 1696 5287 χέει
1718 5258 1740 5290 ,_
1770 5216 1931 5290 ἄλλα
1969 5216 2038 5272 δέ

1724 5258 1730 5279 .
1770 5220 1931 5273 ἄλλα
1969 5220 2038 5272 δέ
2156 5220 2331 5279 Volvit
2364 5225 2715 5281 ltumiventua
2741 5226 2982 5295 frondes,
3019 5225 3263 5296 aliasque
3296 5227 3522 5282 subinde

1724 5287 1811 5357 [θ’
1851 5288 1971 5356 ὕλη
2149 5293 2297 5349 Silva
2315 5312 2527 5349 comatis
2554 5298 2722 5357 aperit
2742 5311 2763 5349 .'

2149 5293 2297 5349 Silva
2315 5312 2527 5349 comatis
2554 5293 2763 5364 aperit}

2147 5364 2335 5489 altera
2382 5367 2456 5421 sic
2499 5366 2770 5419 hominum
2819 5367 3082 5434 exoritur,
3129 5368 3289 5421 simul
3352 5368 3545 5422 occidit
3601 5381 3734 5423 mtas

2246 5453 2359 5489 era.

2226 5446 2359 5492 tera.

454 5359 813 5430 Τηλεθόωσα
840 5360 1015 5430 φύειξ

456 5428 559 5498 “Dr;
582 5430 821 5499 ἀνδρῶν
842 5428 1044 5499 γενεὴ,
1078 5428 1117 5495 ἡ
1142 5429 1261 5497 μὲν
1289 5430 1448 5499 ptiar,
1470 5428 1508 5496 ἡ
1530 5428 1582 5482 δ’
1613 5428 1931 5498 ἀπολήγει.

2152 5673 2252 5731 μεν
2292 5657 2551 5731 οὐδεποτε
2592 5656 2803 5731 γένοιτξ
2826 5656 2891 5710 ἂν
2914 5657 2961 5731 vi
3005 5656 3294 5731 εὐδαίμων·
3330 5658 3390 5709 οὐ
3424 5656 3531 5729 μὴν
3557 5657 3735 5731 μαῖεὸι

526 5675 636 5743 (60)
667 5674 778 5729 Καὶ
804 5675 988 5727 πόθεν
1024 5691 1132 5739 τις.
1165 5672 1325 5728 Forte
1350 5673 1445 5725 καὶ
1470 5672 1667 5736 πύθεν;
1699 5670 1794 5743 καὶ
1821 5669 1934 5743 τίς-ς

2152 5673 2252 5743 μεΙν
2292 5669 2551 5743 οὐδεποτε
2592 5669 2787 5724 γένοιτ’
2826 5669 2923 5741 αν,

2151 5728 2261 5799 ριός
2289 5743 2375 5797 γε,
2415 5729 2463 5781 εί
2496 5728 2835 5798 Πριαμικαῖς
2866 5727 3056 5798 τύχαις
3087 5727 3377 5799 περιπέσῃ.

528 5740 639 5815 (6|)
673 5742 1020 5815 Πριαμικαῖς
1056 5746 1293 5815 παλαις.
1330 5743 1534 5815 Allutlit
1562 5743 1629 5815 ad
1666 5741 1797 5815 illud
1829 5740 2039 5815 A_r_i_sto-

462 5816 603 5878 telis.
622 5808 735 5874 lib;
760 5832 774 5872 t
804 5808 881 5870 De
907 5808 1169 5875 moribus,
1190 5830 1309 5874 cat).
1344 5812 1401 5868 ll
1429 5831 1440 5866 :
1472 5813 1532 5865 Εἰ
1564 5812 1608 5865 δ’
1638 5811 1831 5870 οὕτως.
1856 5808 2039 5866 ἄθλιος
