4144 6464
446 405 473 454 1
481 403 582 454 507

447 611 756 668 similitudo
808 620 892 667 est
912 629 926 666 :

695 699 999 755 Succedunt
1031 710 1269 772 tempora
1291 706 1447 759 veris.

440 791 514 846 At
532 791 828 862 plurimum
885 804 1072 848 tamen
1098 795 1271 849 eilluit
1324 797 1620 866 temporis,
1652 813 1777 853 cum
1817 799 2026 854 interea

441 883 690 937 succedit
736 883 893 938 nihil.
945 882 1005 939 Si
1053 883 1302 956 fragilem
1344 897 1401 943 et
1459 890 1725 945 caducam
1775 891 2028 945 humana:

445 972 571 1028 vita:
599 974 975 1030 conditionem
1030 980 1344 1035 accuratius
1392 991 1786 1051 repraesentare
1819 983 1924 1050 vis,
1957 999 2026 1038 ex

444 1065 795 1122 Aristotelica
849 1069 1035 1138 potius
1064 1070 1401 1128 beatitudine
1439 1074 1858 1130 similitudinem
1900 1091 2025 1129 mu-

448 1166 622 1214 tuare.
662 1158 903 1215 Facilius
942 1176 1003 1215 ea
1045 1178 1210 1232 quam
1257 1163 1480 1222 frondes
1550 1167 1713 1233 ullae,
1781 1170 2026 1224 nascitur

444 1255 610 1315 atque
660 1247 866 1303 interit.
917 1248 1038 1304 Non
1090 1252 1218 1305 anni
1249 1253 1661 1310 conversionem
1718 1266 2021 1326 exspectat,

444 1353 557 1393 non
596 1342 788 1396 eodem
831 1349 1040 1397 tantum
1083 1342 1162 1398 vel
1223 1358 1366 1399 anno
1392 1386 1407 1412 ,
1442 1347 1529 1402 vel
1567 1363 1756 1403 mense
1782 1389 1797 1414 ,
1838 1359 1894 1404 at
1930 1366 2025 1406 eo-

442 1429 569 1486 dem
623 1432 750 1499 die,
805 1434 1109 1505 eademque
1167 1436 1345 1503 hora,
1404 1438 1569 1493 simul
1622 1440 1797 1493 oritur
1835 1452 1890 1496 et
1928 1456 2022 1495 oc-

441 1523 605 1581 cidit.
660 1524 956 1582 Enimvero
1014 1543 1137 1596 quaa
1198 1528 1566 1595 interimant,
1638 1547 1765 1588 cum
1839 1533 2025 1603 pluri-

443 1632 536 1672 ma
597 1625 768 1681 sunt,
823 1627 1067 1674 tum‘ex
1118 1634 1250 1676 casu
1303 1623 1537 1691 pendent
1577 1623 1759 1679 omnia
1803 1642 1817 1678 :
1860 1624 2021 1695 797

444 1708 695 1777 corporis
753 1707 945 1766 fatales
1008 1711 1232 1782 quidam
1281 1713 1508 1782 morbi,
1560 1722 1615 1769 et
1663 1714 1700 1769 ii
1750 1730 1883 1771 sane
1938 1718 2023 1771 in-

441 1800 602 1868 finiti,
651 1812 982 1872 paupertas,
1025 1802 1285 1871 infamia,
1332 1813 1636 1876 caateraque
1693 1806 1747 1861 id
1812 1823 2017 1878 genus,

442 1892 644 1962 quibus
668 1893 754 1948 vel
794 1894 1025 1966 singulis
1050 1910 1151 1965 par
1181 1897 1394 1952 nullum
1428 1899 1484 1952 in
1517 1897 1662 1953 bona
1700 1898 1793 1953 illa
1821 1899 2021 1956 virtute

441 1986 756 2055 praesidium
786 1995 903 2052 est;
933 2002 1059 2057 quas
1094 2002 1197 2044 nec
1230 2003 1417 2044 arcere
1442 1989 1744 2057 miseriam,
1775 2005 1875 2046 nec
1902 1990 2021 2047 feli-

441 2075 664 2131 citatem
697 2091 1025 2133 conservare
1062 2091 1159 2147 per
1179 2092 1302 2134 sese
1330 2077 1524 2148 possit.
1549 2076 1816 2149 Quisquis
1854 2079 2020 2150 igitur

441 2162 588 2222 hanc
631 2167 913 2223 imbiberit
949 2168 1372 2240 prpbaveritque
1401 2169 1732 2235 doctrinam,
1765 2170 1860 2241 qui
1895 2180 2018 2225 tan-

443 2261 592 2329 dem,
623 2262 845 2331 amabo,
872 2263 958 2318 vel
990 2263 1059 2318 ad
1106 2272 1344 2319 mentem
1384 2263 1631 2321 Platonis
1661 2267 1902 2332 accedet,
1934 2266 2020 2321 vel

442 2351 500 2404 in
533 2350 723 2406 eadem
758 2359 821 2407 ut
852 2352 943 2407 alii
994 2361 1310 2408 constanter
1364 2355 1750 2424 acquiescant,
1792 2354 2020 2411 efﬁciet?

443 2439 730 2511 Nunquam
780 2443 1047 2513 profecto,
1101 2459 1408 2514 nunquam,
1442 2445 1538 2515 qui
1587 2461 1618 2501 e
1678 2446 1865 2502 schola
1916 2447 2020 2503 ista

443 2535 726 2605 prodierit,
756 2535 874 2592 haec
915 2537 1078 2607 plane
1124 2535 1391 2593 Herculea
1422 2539 1718 2609 divinaque
1762 2539 2019 2609 dogmata

442 2626 708 2696 suscipiet
741 2645 755 2681 :
798 2628 1086 2683 robustum
1117 2636 1173 2683 et
1208 2628 1470 2683 eximium
1520 2615 1664 2699 quid.
1687 2644 1811 2686 esse
1848 2632 2018 2685 virtu-

444 2726 551 2774 tem
591 2737 605 2773 :
642 2719 792 2774 nullo
838 2719 906 2775 ad
956 2718 1272 2775 felicitatem
1326 2720 1571 2789 indigere
1621 2720 1916 2776 subsidio:
1953 2736 2018 2776 ea

442 2810 669 2879 spoliari
719 2826 882 2880 posse
930 2828 1212 2882 nunquam
1261 2831 1275 2865 :
1315 2820 1376 2866 ut
1418 2821 1733 2881 paupertas,
1770 2812 2017 2877 morbus,

443 2899 692 2966 infamia,
715 2901 827 2969 pi'x,
857 2916 1036 2967 crux;
1091 2911 1154 2956 ut
1183 2901 1273 2956 illa
1324 2916 1390 2957 ex
1427 2900 1705 2971 tragmdiis
1746 2900 1801 2955 in
1845 2917 2016 2956 unum

447 2989 729 3047 conﬂuant
758 2992 971 3059 omnia;
1010 2991 1221 3049 felicem
1251 3007 1426 3064 usque
1459 3002 1640 3047 tamen
1684 3008 1751 3049 ac
1797 2993 2017 3047 beatum

445 3082 723 3138 hominem
744 3084 956 3154 justum
1001 3084 1267 3140 futurum.
1312 3085 1455 3153 Quin
1492 3094 1548 3142 et
1584 3086 1703 3157 ipsa
1748 3085 1905 3156 justi,
1938 3086 2019 3141 sic

1096 400 1368 456 EUSEBII
1401 392 1880 458 CESARIENSIS
1918 401 2068 458 OPP.
2109 400 2292 458 PARS
2331 400 2394 457 ll.
2434 432 2507 446 —
2540 400 3042 457 APOLOGETICA.

443 518 620 575 Exilis
654 518 836 574 adhuc
857 519 1088 574 nimium
1134 536 1197 575 ac
1229 521 1416 576 timida
1439 564 1453 589 ,
1480 524 1551 577 mi
1577 531 1760 593 poeta,
1792 534 1882 578 tua
1910 524 2019 579 hanc

2133 524 2253 578 Ἔτι
2302 541 2382 578 σοι
2435 525 2495 578 τὸ
2552 524 2898 597 παράδειγμα
2956 521 3149 594 μικρὸν
3212 521 3301 575 καὶ
3356 520 3623 595 ἆτολμον,
3663 518 3712 580 ὦ

3573 401 3709 456 {308

3669 515 3700 542 τ

2131 616 2336 687 ποιητά
2356 630 2369 643 ·

2344 708 2559 774 Ἕαρος
2579 706 2630 759 δ’
2654 706 2978 776 ἐπιγίνεται
2994 704 3139 774 ὥρη.

2126 798 2302 856 Πολὺς
2332 798 2360 849 6
2396 797 2598 867 μεταξὺ
2621 796 2844 868 χρόνος,
2872 796 2967 849 καὶ
3091 795 3163 868 μὴ
3208 795 3321 867 (62)
3366 797 3598 865 γίνεται.
3642 798 3708 853 Ei

2127 887 2299 950 Θέλεις
2328 886 2570 958 άκριϐὦς
2596 887 2657 940 τὸ
2691 888 2953 959 ἐπίκηρον
2982 888 3078 941 καὶ
3125 887 3321 961 σαθρὸν
3352 889 3453 960 τῆς
3490 889 3707 960 ἀνθρω-

2126 978 2287 1048 πίνης
2318 980 2511 1047 γενεᾶς
2534 979 2853 1044 ἀπεικάσαι,
2890 979 3207 1052 παράϐαλλε
3250 980 3349 1052 τὴν
3407 980 3707 1051 Ἀριστοτέ-

2124 1071 2249 1136 λους
2277 1071 2638 1143 εὐδαιμονίαν.
2680 1073 2836 1144 Ῥᾷον
2868 1071 2977 1126 τῶν
3017 1073 3229 1142 φύλλων
3269 1071 3408 1143 αὐτη
3439 1073 3533 1125 καὶ
3572 1074 3707 1142 φύε-

2125 1178 2214 1214 ται
2241 1161 2332 1214 καὶ
2378 1161 2683 1226 ἀπολείπει,
2711 1162 2810 1215 οὐκ
2865 1162 3206 1232 ἀναμένουσα
3257 1161 3707 1233 περιτελλόμενον

2123 1252 2215 1305 τὸν
2246 1252 2507 1319 ἐνιαυτὸν,
2535 1252 2640 1305 οὐδ’
2662 1253 2925 1317 αὐτοετεὶ,
2955 1253 3062 1307 οὐδ’
3085 1253 3369 1324 αὐτομηνι,
3399 1252 3511 1306 ἀλλ’
3534 1252 3705 1324 αὐτῆς

2123 1341 2356 1411 ἡμέρας,
2417 1343 2585 1413 αὐτῆς
2632 1342 2781 1413 ὥρας
2841 1343 2937 1397 καὶ
2990 1343 3199 1410 γίνεται
3236 1342 3345 1413 ,καὶ
3388 1342 3702 1396 ἀπόλλυται.

2123 1434 2300 1487 Πολλὰ
2323 1435 2392 1488 τὰ
2418 1433 2746 1500 ἀπολλύντα,
2775 1434 2870 1488 καὶ
2906 1435 3083 1487 πάντα
3120 1436 3184 1488 ἐκ
3224 1436 3322 1506 τῆς
3359 1434 3564 1507 τύχης
3610 1437 3705 1489 καὶ

2123 1527 2230 1599 γὰρ
2259 1527 2317 1581 αί
2344 1525 2439 1579 τοῦ
2471 1526 2723 1598 σώματος
2756 1528 2942 1599 κῆρες,
2979 1526 3167 1599 μυρίαι
3186 1527 3244 1581 δὲ
3275 1526 3386 1597 (65)
3408 1523 3587 1599 αὗται,
3609 1527 3704 1581 καὶ

2124 1598 2302 1683 πενία,
2329 1618 2424 1671 καὶ
2454 1617 2669 1688 ἀτιμία,
2693 1617 2786 1671 καὶ
2804 1598 2906 1671 ὅσα
2935 1617 3189 1670 τοιαῦτα·
3238 1618 3331 1670 καὶ
3376 1598 3514 1688 πρδς
3551 1617 3704 1671 οὐδὲν

2122 1710 2388 1781 αὐταρκεῖ
2419 1707 2488 1762 τὰ
2529 1709 2626 1780 τῆς
2660 1708 2821 1779 φίλης
2866 1700 3271 1780 ἀρετῆς,πρὸς
3316 1708 3566 1780 βοήθειαν
3602 1708 3702 1780 οὐχ

2125 1804 2320 1857 ἱκανά·
2350 1802 2450 1874 τὴν
2481 1803 2579 1875 μὲν
2607 1800 2717 1874 γὰρ
2743 1802 3167 1873 κακοδαιμονίαν
3210 1799 3445 1873 εἵργειν,
3494 1800 3594 1873 τὴν
3641 1801 3701 1854 δὲ

2121 1893 2469 1966 εὐδαιμονίαν
2498 1891 2784 1956 διασώζειν
2811 1891 3062 1964 ἀσθενής.
3095 1891 3317 1956 Τούτοις
3352 1887 3447 1945 οὖν
3489 1909 3574 1957 τις
3618 1894 3705 1946 ὲν-

2119 1984 2370 2055 τραφεὶς,
2421 1983 2517 2037 καὶ
2541 1981 2749 2045 τούτοις
2779 1980 3145 2053 ἀρεσκόμενος
3187 1982 3298 2044 τοῖς
3331 1978 3510 2048 λόγοις
3533 2017 3548 2042 ,
3581 1977 3704 2032 τίνα

2119 2076 2377 2149 τρόπονῆ
2411 2074 2574 2138 αὐτὸς
2602 2074 2891 2146 συνᾴσεται
2934 2076 3049 2136 τοῖς
3098 2070 3406 2137 Πλάτωνος,
3450 2072 3485 2143 ἦ
3510 2070 3702 2135 ἄλλους

2121 2169 2259 2241 πρὸς
2285 2168 2425 2223 αὐτὰ
2452 2166 2749 2241 ἐπιρῤώσει
2794 2165 2961 2233 ποτέ;
2997 2165 3073 2219 Οὐ
3117 2164 3227 2237 γάρ
3268 2165 3416 2217 ἐστιν
3447 2164 3593 2227 ὅπως
3634 2164 3700 2218 ἄν

2119 2279 2203 2326 τις
2236 2262 2302 2315 ὲκ
2328 2260 2531 2315 τούτων
2553 2259 2891 2332 ὁρμώμενος,
2920 2256 3281 2329 παραδέξαιτο
3301 2256 3370 2310 τὰ
3405 2255 3702 2328 Ἡράκλεια

2118 2353 2214 2407 καὶ
2243 2352 2361 2406 θεῖα
2384 2355 2567 2407 ἐκεῖνα
2596 2351 2837 2422 δόγματα
2861 2366 2875 2381 ο
2909 2350 2997 2413 Ὠς
3033 2348 3250 2420 ἰσχυρόν
3280 2365 3333 2401 τι
3364 2347 3459 2400 καὶ
3484 2346 3705 2415 πάγκα⁹

2118 2444 2209 2499 λον
2241 2447 2431 2516 χρῆμα
2459 2442 2648 2515 ἀρετὴ,
2682 2442 2777 2497 καὶ
2796 2440 2857 2495 οὐ
2893 2458 3025 2494 ποτε
3042 2441 3296 2494 ἐνδέουσα
3344 2437 3481 2510 πρὸς
3523 2436 3703 2501 εὐδαι-

2123 2536 2312 2607 μονίαν
2336 2576 2351 2601 ,
2404 2534 2527 2589 οὐτε
2559 2535 2691 2588 ποτε
2740 2533 2910 2604 αὐτὴν
2967 2532 3377 2604 ἀφαιρουμένη·
3428 2530 3564 2585 ἀλλὰ
3598 2529 3704 2585 κᾶν

2119 2626 2302 2690 πενία,
2333 2625 2435 2679 κᾶν
2453 2624 2625 2690 νόσος,
2650 2623 2751 2677 κᾶν
2777 2620 2982 2687 ἀδοξία,
3005 2621 3107 2675 κᾶν
3134 2620 3298 2674 πίττα
3321 2621 3415 2673 καὶ
3448 2618 3701 2690 σταυρὸς,

2119 2717 2223 2772 κᾶν
2257 2717 2323 2771 τὰ
2351 2718 2416 2771 ὲκ
2441 2717 2542 2787 τῆς
2569 2715 2876 2789 τραγῳδίας
2905 2714 3020 2785 ἅμα
3049 2713 3224 2767 πάντα
3252 2713 3509 2786 ἐπιρρυῇ,
3543 2711 3625 2765 ἔτι
3675 2711 3704 2765 6

2118 2811 2323 2874 δίκαιος
2345 2810 2619 2879 εὐδαίμων
2662 2808 2756 2861 καὶ
2790 2807 3075 2879 μακάριος.
3112 2804 3533 2877 Ἐπικηρυκεύει
3573 2804 3703 2873 γοῦν

2119 2903 2267 2976 αὐτῷ
2301 2902 2413 2975 (64)
2435 2901 2514 2972 τῷ
2546 2897 3041 2971 μεγαλοφωνοτάτῳ
3063 2898 3262 2969 κήρυκι
3294 2895 3427 2969 (65),
3452 2894 3702 2968 καθάπερ

2118 2996 2355 3068 ἀθλητήν
2385 3011 2505 3048 τινα
2535 2991 2849 3062 νικηφόρον,
2889 2989 2978 3044 τὸν
3010 2988 3348 3042 δικαιότατον
3372 3026 3388 3053 ,
3421 2988 3503 3040 ὃτι
3548 2980 3701 3052 οὗτός

2119 3089 2266 3141 ἐστιν
2310 3083 2808 3155 εὐδαιμονέστατος,
2856 3082 2885 3134 6
2926 3077 2986 3145 ἐξ
3021 3079 3193 3149 αὐτῆς
3224 3078 3324 3150 τῆς
3356 3078 3700 3151 δικαιοσύνης

442 3181 705 3242 tanquam
737 3173 964 3229 victoris
998 3175 1235 3241 athletae,
1268 3191 1468 3232 nomen
1500 3176 1677 3233 vocali
1712 3176 1818 3232 hoc
1847 3185 1901 3231 et
1926 3177 2014 3231 in-

2120 3184 2208 3237 τὸν
2241 3180 2454 3254 καρπὸν
2481 3178 2580 3249 τῆς
2611 3174 2955 3247 εὐδαιμονίας
2980 3174 3331 3247 δρεπόμενος.
3363 3172 3572 3245 Διαίρει
3592 3173 3692 3227 τοί-

441 3264 586 3333 genti
617 3265 890 3335 praeconio
920 3267 1177 3322 celebrat.
1206 3265 1362 3322 Hunc
1385 3268 1605 3323 demum
1624 3283 1747 3324 esse
1767 3267 2020 3324 felicissi-

444 3371 617 3424 mum,
644 3356 739 3427 qui
773 3371 840 3412 ex
883 3357 1114 3427 ipsemet
1136 3358 1348 3428 justitia
1376 3357 1612 3415 fructum
1644 3359 1865 3430 colligat
1898 3359 2020 3415 feli-

443 3448 647 3502 citatis.
684 3448 797 3518 Age
824 3463 974 3518 ergo,
1025 3449 1169 3503 bona
1219 3449 1504 3520 partiresis
1531 3458 1798 3521 quantum
1832 3451 2017 3519 voles,

442 3554 617 3610 eaque
639 3540 916 3610 distingue
945 3540 1213 3595 trifariam
1239 3582 1254 3609 ,
1295 3542 1689 3612 quadrifariam
1713 3585 1729 3612 ,
1774 3544 2018 3599 multifa-

444 3632 609 3691 riam.
652 3629 890 3686 Prorsus
938 3630 1010 3686 ad
1063 3646 1177 3686 rem
1214 3632 1371 3687 nihil.
1407 3632 1700 3703 Nunquam
1747 3650 1811 3690 ac
1848 3644 1905 3690 tu
1931 3635 2018 3689 via

444 3722 550 3781 no‘s
579 3725 647 3779 ad
676 3723 960 3779 Platonem
989 3722 1248 3797 adduces.
1273 3722 1414 3789 Quid
1438 3724 1585 3779 enim
1605 3726 1832 3795 juverit,
1863 3740 1893 3782 e
1921 3725 2021 3781 bo-

445 3813 558 3879 nis,
581 3812 728 3884 quod
778 3813 881 3881 ais,
917 3812 1024 3867 alia
1075 3812 1384 3867 veneranda
1434 3828 1578 3879 esse,
1608 3823 1668 3869 ut
1716 3815 1879 3883 deos;
1914 3815 2019 3870 alia

445 3906 608 3963 laude
636 3905 820 3976 digna,
880 3914 941 3960 ut
990 3904 1256 3973 virtutes;
1287 3905 1392 3961 alia
1441 3913 1711 3976 potestate
1758 3907 2016 3978 quadam,

446 4004 510 4051 ut
538 3996 756 4052 divitias
796 4006 962 4067 atque
987 3996 1191 4063 robur;
1232 3997 1360 4063 alia,
1398 4006 1459 4051 ut
1505 3997 1840 4064 curationes,
1874 3999 2020 4053 utili-

445 4094 558 4144 tate
581 4087 890 4143 contineri?
915 4085 1057 4153 Quid
1090 4102 1279 4157 porro,
1305 4103 1429 4143 cum
1450 4088 1732 4143 minutiori
1759 4104 1822 4144 ac
1853 4089 2021 4145 subti-

444 4179 571 4235 liori
602 4179 897 4247 divisione,
931 4194 962 4235 e
991 4180 1151 4236 bonis
1186 4180 1294 4235 alia
1326 4180 1464 4237 fines
1491 4196 1613 4237 esse
1648 4181 1874 4250 dixeris,
1912 4182 2019 4236 alia

442 4272 729 4342 negaveris
747 4273 770 4326 ?
788 4272 1011 4327 Finium
1028 4287 1093 4329 ea
1123 4274 1347 4328 nomine
1373 4274 1861 4345 comprehendens,
1889 4289 2021 4345 quo-

416 4360 567 4419 "rum
605 4360 779 4434 gratia
825 4373 953 4421 sunt
991 4366 1127 4433 alia;
1169 4380 1279 4420 non
1333 4364 1469 4421 fines
1501 4374 1683 4421 autem
1718 4367 2017 4436 appellans,

442 4469 568 4525 quae
604 4454 835 4510 aliorum
890 4456 944 4510 in
979 4456 1210 4527 gratiam
1260 4455 1646 4511 adhibeantur.
1688 4454 1830 4523 Quid
1863 4456 2014 4522 item,

2120 3291 2236 3340 vuv,
2262 3275 2311 3327 εἰ
2342 3271 2542 3344 βούλει,
2573 3270 2669 3325 ocul.
2696 3267 2937 3323 ποίκιλλε
2963 3267 3124 3339 τριχῆ
3145 3304 3160 3329 ,
3189 3266 3283 3319 καὶ
3310 3266 3572 3338 τετραχῆ,
3606 3266 3705 3321 καὶ

2121 3364 2364 3435 πολλαχῆ
2392 3363 2456 3417 τά
2480 3361 2661 3431 ἀγαθὰ
2682 3359 3140 3430 διαστελλόμενος.
3190 3356 3357 3411 Οὐδὲν
3387 3355 3496 3428 γὰρ
3531 3355 3705 3410 ταῦτα

2120 3458 2257 3528 πρὸς
2307 3456 2370 3509 τὸ
2404 3454 2782 3527 προκείμενον.
2845 3453 2919 3506 Οὐ
2965 3451 3028 3522 δή
3070 3449 3190 3503 ποθ’
3226 3450 3373 3520 ἡμᾶς
3413 3448 3480 3501 δι’
3520 3448 3700 3502 αὐτῶν

2121 3547 2413 3622 προσάξεις
2439 3546 2515 3617 τῷ
2541 3544 2811 3599 Πλάτωνι.
2833 3545 2899 3597 Τί
2928 3543 3037 3614 γὰρ
3097 3544 3146 3595 εί
3191 3541 3301 3594 τῶν
3340 3539 3557 3610 ἀγαθῶν
3576 3579 3592 3605 ,
3619 3540 3699 3604 ὡς

2121 3640 2247 3711 φὴςν
2273 3639 2341 3693 τὰ
2373 3637 2471 3710 μὲν
2501 3637 2677 3708 τίμιαν
2710 3634 2962 3706 καθάπερ
2995 3636 3043 3688 οἱ
3068 3633 3200 3697 θεοὶ,
3232 3631 3301 3686 τὰ
3328 3632 3385 3685 δὲ
3413 3630 3705 3696 ἐπαινετὰ,

2119 3729 2195 3793 ὡς
2239 3730 2296 3782 αἱ
2330 3727 2542 3797 ἀρεταὶ,
2565 3725 2636 3779 τὰ
2658 3725 2713 3779 δὲ
2741 3725 3018 3796 δυνάμεις,
3043 3724 3118 3786 ὡς
3148 3721 3375 3784 πλοῦτος
3405 3722 3498 3775 καὶ
3520 3721 3699 3791 ἰσχὺς,
3788 3782 3791 3783 ν

2121 3820 2187 3874 τὰ
2212 3820 2269 3874 δὲ
2298 3818 2549 3889 ὠφέλιμα
2573 3857 2589 3882 ,
2636 3816 2713 3880 ὡς
2759 3818 2815 3871 αἱ
2847 3815 3167 3888 θεραπεῖαι;
3204 3816 3271 3868 Τί
3299 3814 3342 3868 δ’
3367 3854 3383 3880 ,
3438 3815 3487 3866 εί
3526 3813 3704 3874 ταῦτα,

2122 3912 2362 3966 ἐλάττονι
2394 3910 2660 3981 διαιρέσει
2692 3907 3137 3978 διαστελλόμενος
3156 3946 3171 3971 ,
3221 3907 3400 3975 λέγοις
3433 3906 3539 3960 τῶν
3565 3907 3700 3975 ἁγα-

2121 4003 2227 4058 θῶν
2252 4002 2322 4056 τὰ
2352 4002 2449 4073 μὲν
2478 3997 2618 4055 εἶναι
2646 3999 2798 4070 τέλη,
2829 3999 2897 4053 τά
2925 3998 2985 4052 δὲ
3016 4000 3076 4051 οὐ
3106 3999 3233 4068 τέλη
3261 4014 3275 4064 ;
3303 3996 3435 4068 τέλη
3458 3997 3555 4068 μὲν
3584 3998 3699 4051 ὀνο-

2124 4090 2333 4167 μάζων,
2356 4088 2432 4148 ὧν
2461 4092 2619 4165 χάριν
2648 4091 2717 4146 τὰ
2738 4090 2894 4155 ἄλλα,
2925 4091 2985 4144 οὐ
3029 4090 3155 4161 τέλη
3186 4089 3243 4141 δὲ
3275 4087 3344 4141 τὰ
3381 4088 3491 4142 τῶν
3521 4088 3697 4143 ἄλλων

2118 4189 2280 4242 ἕνεκα
2310 4184 2720 4257 λαμϐανόμενα.
2754 4183 2817 4235 Τί
2849 4182 2916 4247 δ’,
2946 4183 2995 4236 εί
3029 4182 3188 4254 μάθοι
3219 4198 3336 4246 τις,
3366 4181 3448 4234 ὅτι
3479 4181 3549 4234 τὰ
3599 4180 3699 4252 μὲν

2121 4278 2307 4347 ἁπλῷς
2337 4276 2538 4347 ἀγαθὰ,
2580 4276 2647 4331 τὰ
2676 4275 2732 4329 δὲ
2762 4276 2822 4329 οὐ
2851 4276 3046 4340 πᾶσιν;
3078 4274 3110 4345 ἢ
3147 4275 3229 4327 ὅτι
3264 4272 3335 4326 τὰ
3384 4272 3483 4343 μὲν
3521 4272 3698 4343 ψυχῆς

2120 4342 2322 4439 ἀγαθὰ,
2347 4342 2416 4423 τά
2439 4342 2529 4435 δὲ,
2551 4366 2825 4438 σώματος,
2854 4365 2922 4419 τὰ
2941 4365 2984 4418 δ’
3020 4342 3205 4430 ἐκτός;
3238 4365 3271 4436 ἢ
3302 4342 3482 4425 πάλιν,
3513 4363 3596 4416 ὅτι
3626 4342 3701 4421 τά

2123 4462 2220 4532 μὲν
2243 4460 2350 4514 τῶν
2370 4458 2593 4529 ἀγαθῶν
2626 4458 2904 4529 δυνάμεις,
2929 4456 2997 4510 τὰ
3021 4457 3076 4509 δὲ
3109 4456 3375 4519 διαθέσεις
3408 4455 3501 4508 καὶ
3531 4450 3699 4519 ἕξεις,

444 4544 537 4600 ubi
574 4545 679 4599 alia
713 4545 1033 4616 simpliciter
1079 4546 1224 4601 bona
1257 4558 1381 4600 esse
1426 4543 1708 4609 didiceris,
1753 4545 1859 4600 alia
1908 4561 2016 4602 non

2124 4552 2259 4607 ἄλλα
2279 4552 2334 4605 δὲ
2362 4552 2655 4623 ἐνέργειαι,
2685 4549 2754 4603 τὰ
2785 4549 2841 4602 δὲ
2870 4548 3019 4617 τέλη,
3049 4546 3120 4600 τὰ
3143 4547 3199 4600 δὲ
3233 4546 3374 4613 ὕλαι,
3406 4546 3474 4599 τὰ
3496 4545 3553 4599 δὲ
3607 4545 3699 4617 ὄρει

442 4636 739 4692 omnibus?
783 4645 879 4692 aut
929 4636 1036 4692 alia
1070 4637 1291 4708 quidem
1344 4635 1514 4691 animi
1542 4636 1688 4692 bona
1738 4651 1880 4704 esse,
1908 4637 2017 4692 alia

441 4728 713 4799 corporis,
743 4729 849 4784 alia
882 4730 1228 4785 extrinsecus
1267 4728 1526 4785 evenire?
1568 4737 1663 4783 aut
1714 4727 1879 4782 etiam
1911 4728 2016 4783 alia

443 4819 739 4890 potentias,
767 4819 871 4874 alia
925 4818 1316 4888 dispositiones
1358 4825 1416 4873 et
1443 4815 1683 4880 habitus,
1719 4816 1824 4871 alia
1859 4816 2018 4872 deni-

442 4920 552 4977 que
578 4915 734 4962 actus
776 4906 934 4962 esse?
960 4905 1247 4961 Postremo
1271 4906 1381 4961 alia
1409 4905 1568 4972 ﬁnes,
1596 4906 1704 4961 alia
1734 4907 2014 4972 materias,

441 4997 549 5057 alia
577 4995 979 5053 instrumenta?
1009 4995 1176 5064 Quin,
1197 5004 1261 5051 ut
1311 4996 1527 5051 noverit
1571 4996 1696 5067 quis
1730 4996 1916 5052 decem
1960 4997 2017 5052 in

442 5090 747 5159 categorias
781 5089 1010 5145 denario
1037 5088 1356 5144 discrimine
1401 5089 1609 5144 bonum
1646 5087 2015 5144 distribuere:

443 5182 572 5252 quid
602 5182 820 5237 tandem
870 5182 1053 5238 omnia
1109 5182 1225 5238 haec
1264 5180 1503 5238 Platonis
1532 5182 1601 5236 ad
1650 5188 1889 5237 mentem
1921 5180 2019 5237 do-

440 5281 623 5343 gmata
673 5273 1063 5343 pertinebunt?
1104 5273 1359 5330 Profecto
1381 5314 1397 5339 ,
1432 5273 1687 5328 virtutem
1719 5281 1815 5328 aut
1843 5273 2019 5344 aequi-

422 5377 590 5443 ,voce,
622 5373 717 5419 aut
736 5366 1237 5438 quomodocunque
1278 5365 1520 5433 libuerit,
1547 5365 1755 5420 bonum
1783 5365 2018 5440 appelles

442 5453 600 5522 licet;
642 5458 883 5528 quandiu
917 5459 1054 5516 satis
1101 5459 1153 5515 ei
1208 5473 1306 5531 per
1350 5474 1469 5517 sese
1527 5458 1721 5516 virium
1767 5458 2014 5532 negabis,

417 5641 424 5674 l

517 5739 631 5874 (θεὲ
653 5739 808 5796 Forte
838 5742 897 5795 ὲν
999 5741 1182 5812 μηδέν.

518 5811 611 5874 (63
654 5807 813 5864 Forte
839 5809 924 5873 δή.

518 5807 631 5883 (63)
654 5807 813 5864 Forte
839 5809 924 5873 δή.

2117 4658 2286 4713 γανα;
2318 4642 2421 4697 κᾶν
2446 4642 2588 4697 κατὰ
2615 4640 2714 4705 τὰς
2738 4639 2871 4694 δέκα
2920 4639 3250 4710 κατηγορίας
3297 4638 3446 4711 μάθῃ
3490 4656 3574 4703 τις
3609 4639 3697 4693 δε-

2118 4732 2261 4803 καχῆ
2286 4731 2558 4803 διανέμειν
2591 4729 2845 4800 τάγαθὸν,
2878 4729 2930 4781 τί
2958 4726 3129 4781 ταῦτα
3159 4726 3297 4797 πρὸς
3335 4727 3434 4798 τὴν
3475 4729 3698 4783 Πλάτωη

2117 4843 2207 4889 νος
2226 4822 2451 4896 γνώμην
2473 4824 2541 4878 τὰ
2564 4824 2901 4895 διδάγματαε
2956 4821 3101 4885 Ἕως
3144 4822 3252 4891 γὰρ
3290 4819 3355 4874 ἂν
3387 4813 3448 4874 οὗ
3484 4822 3549 4874 σὺ
3598 4821 3697 4891 μὲν

2118 4916 2227 4969 εἴτε
2254 4915 2579 4987 ὁμωνύμως,
2624 4914 2735 4967 εἴτε
2775 4913 2922 4977 ὅπως
2967 4911 3168 4982 βούλει,
3197 4909 3380 4965 καλῶν
3417 4911 3599 4980 ἀγαθὰ
3627 4912 3696 4966 τὰ

2117 5008 2219 5078 τῆς
2265 5008 2463 5081 ἀρετῆς
2491 5048 2506 5073 ,
2566 5006 2679 5061 ἀλλ’
2709 5004 2846 5060 ἄττα
2898 5002 3033 5075 πρὸς
3067 5002 3166 5075 τὴν
3220 5002 3566 5074 εὐδαιμονίαν
3620 5002 3696 5066 ὡς

2118 5101 2388 5168 ἀναγκαῖα
2411 5116 2485 5153 πα
2494 5096 2864 5172 ραλαμϐάνῃς,
2897 5096 2960 5149 τὸ
2985 5094 3168 5150 ἱκανὸν
3186 5095 3284 5166 τῆς
3306 5094 3509 5167 ἀρετῆς
3534 5095 3698 5163 ἀφαι-

2123 5190 2411 5264 ρούμενος·
2443 5190 2668 5243 Πλάτων
2695 5189 2740 5241 δ’
2783 5188 2848 5241 ὲκ
2881 5186 3197 5258 περιουσίας
3223 5186 3352 5258 περὶ
3383 5185 3492 5238 τῶν
3519 5185 3693 5240 ἄλλων

2118 5283 2297 5354 ζητῇ,
2335 5282 2397 5336 τὸ
2434 5280 2661 5334 ἐκπλεον
2699 5281 2780 5342 είς
2826 5278 3170 5350 εὐδαιμονίαν
3222 5278 3317 5332 ἀπ’
3373 5277 3543 5349 αὐτῆς
3593 5276 3693 5344 τῆς

2102 5375 2320 5445 -ἀρετῆς
2353 5373 2518 5444 ἔχων·
2552 5371 2703 5425 οὐδὲν
2735 5369 2801 5425 ἂν
2829 5371 2956 5442 ὑμῖν
2995 5370 3079 5442 εῑη
3114 5368 3257 5424 κατὰ
3288 5367 3445 5422 τοῦτο
3474 5367 3650 5424 κοινόν
3674 5382 3701 5404 '-

2119 5465 2257 5520 ἁλλά
2287 5482 2366 5518 σοι
2391 5465 2470 5533 δεῖ
2490 5464 2666 5532 λόγων
2688 5462 2864 5518 ἄλλων
2892 5460 2998 5518 τῶν
3021 5460 3114 5517 τοῦ
3152 5460 3458 5524 Πλάτωνος.

2200 5736 2305 5806 ῐϐι)
2326 5735 2487 5792 Forte
2511 5738 2667 5806 αὐτή,

2216 5752 2305 5806 os)
2328 5752 2487 5792 [οι-ιε
2511 5752 2667 5806 αὐτη,

2194 5752 2305 5877 ίϋὸ)
2337 5806 2497 5866 Forte
2529 5807 2861 5875 κηρύγματι.
