4144 6474
423 411 560 471 1309
1555 413 1878 469 ΡιίίΕΡΑΒ.
1922 413 1976 467 Ε“

2080 415 2176 470 N'G.
2225 417 2351 472 LIB.
2397 418 2515 475 XV.
3547 428 3683 483 1310

429 530 538 585 alia
570 531 840 601 quaedam,
889 531 966 585 uti
1029 531 1095 586 ad
1139 529 1448 587 felicitatem
1485 534 1794 588 necessaria
1852 533 2152 603 postulabis
2185 554 2199 591 :
2230 537 2394 608 798
2446 539 2598 594 Plato
2675 551 2864 597 contra
2921 545 3140 601 nonnisi
3194 547 3334 602 dicis
3403 562 3566 603 causa
3609 549 3677 603 de

420 621 544 676 aliis
607 621 891 692 obiterque
941 639 1213 694 quaerens,
1267 623 1402 677 satis
1461 638 1732 694 superque
1777 626 2032 678 virtutem
2070 626 2172 680 sibi
2197 628 2263 681 ad
2292 627 2603 686 felicitatem
2640 648 2761 690 esse
2797 635 2994 690 ducet:
3040 653 3320 706 nunquam
3360 639 3516 694 vobis
3575 639 3680 694 hoc

421 713 641 769 ouidem
707 714 762 769 in
796 730 992 784 genere
1051 730 1344 771 commune
1391 717 1690 784 quidquam
1728 718 1833 770 erit
1865 735 1878 770 :
1923 717 2028 770 alia
2085 733 2250 787 quam
2284 721 2458 794 Plato}
2487 724 2715 795 loquare
2742 728 2926 781 omnia
2966 727 3276 796 doceasque
3320 742 3542 784 necesse
3570 739 3673 785 est.

433 825 529 894 Ὠς
558 827 668 897 γὰρ
689 831 800 882 οὐκ
823 827 954 881 ἐστι
976 828 1086 901 (66)
1111 830 1323 883 λέουσι
1353 829 1449 882 καὶ
1490 828 1786 908 ἀνδράσιν
1831 829 1976 908 ὅρκιε

2108 830 2272 886 Nulla
2306 834 2435 902 ﬁdes
2455 835 2688 890 homines
2715 837 2851 891 inter
2879 855 3142 908 swvosqne
3174 839 3343 893 leones
3374 855 3394 892 :

422 964 575 1020 Οὐδὲ
597 969 773 1022 λύκοι
809 985 874 1022 τε
911 966 1012 1021 καί
1049 966 1227 1038 ἄρνες
1265 970 1570 1040 ὁμόφρονα
1599 899 1996 1039 0436;25:2-

1787 1055 1912 1092 σιν.

417 1148 720 1215 Οὕτωςςούκ
745 1149 860 1205 ἐστι
889 1151 1136 1205 Πλάτωνι
1162 1151 1256 1205 καὶ
1294 1153 1652 1224 Ἀριστοτέλει
1692 1153 1842 1221 φιλία
1867 1153 1994 1224 περὶ

416 1241 509 1296 τοῦ
531 1244 961 1312 κορυφαιοτάτου
1010 1248 1102 1300 καὶ
1145 1247 1479 1320 κυριωτάτου
1512 1247 1612 1316 τῆς
1651 1247 1994 1318 εὐδαιμονίας

414 1331 696 1404 δόγματος.
723 1335 1032 1406 Διαμπερὲς
1067 1336 1174 1407 γάρ
1203 1339 1250 1390 εί
1287 1336 1362 1408 μὴ
1387 1336 1532 1389 κακά
1555 1337 1868 1408 φρονέουσιν
1896 1337 1991 1390 ἀλ-

414 1425 595 1497 λήλοις
613 1468 628 1492 ,
653 1428 747 1481 ’τά
792 1445 856 1496 γε
885 1430 1178 1483 ὑπεναντία
1204 1431 1330 1502 περὶ
1357 1429 1466 1484 τῶν
1493 1433 1574 1494 είς
1613 1430 1772 1484 τοῦτο
1801 1431 1988 1501 διαφε-

415 1521 616 1590 ρόντων
644 1519 923 1589 φαίνονται
955 1520 1222 1589 λέγοντες.

956 1634 1352 1689 ΚΕΦΔΛΑΙυΝ
1381 1637 1454 1690 Ε⁹.

418 1741 526 1797 Τοῦ
550 1743 734 1818 alito?)
771 1746 920 1818 πρὸς
957 1747 1062 1800 τὸν
1097 1747 1302 1818 αὑτὸν,
1342 1747 1721 1816 διενεχθέντα
1759 1746 1988 1818 Μωῢσῇ

513 1814 614 1869 καὶ
651 1815 922 1870 Πλάτωνι
959 1819 1030 1871 ἐν
1065 1817 1146 1884 τῷ
1184 1817 1317 1887 περὶ
1354 1814 1648 1885 Προνοίας
1683 1820 1860 1889 λόγῳ.

481 1927 648 1982 Πάλιν
675 1930 954 1994 Μωῡσέως
994 1933 1087 1985 καὶ
1122 1931 1232 1986 τῶν
1281 1935 1408 2005 παρ’
1466 1933 1738 2006 Ἑϐραίοις
1779 1952 1985 2008 προφη-

406 2017 535 2085 τῶν,
574 2019 634 2071 οὐ
667 2020 773 2090 μὴν
799 2020 934 2074 ἀλλά
967 2023 1062 2075 καὶ
1097 2023 1384 2088 Πλάτωνος
1409 2024 1620 2088 τούτοις
1655 2025 1979 2097 συμφώνως,

405 2110 518 2163 τῶν
548 2111 674 2182 περὶ
723 2111 824 2182 τῆς
879 2113 988 2166 τῶν
1033 2114 1170 2168 ὅλων
1207 2116 1472 2188 Προνοίας
1517 2117 1674 2186 λόγον
1717 2117 1982 2191 εὐκρινῶς

404 2202 836 2274 διατεθειμένων,
860 2207 889 2259 ὁ
925 2206 1320 2280 Ἀριστοτέλης,
1349 2209 1507 2280 μέχρι
1531 2209 1758 2282 σελήνης
1780 2212 1981 2280 στήσας

403 2294 465 2346 τὸ
497 2293 672 2358 Θεῖον,
701 2294 770 2348 τὰ
809 2296 970 2351 λοιπὰ
1000 2297 1093 2350 τοῦ
1128 2299 1333 2370 κόσμου
1358 2301 1500 2371 μέρη
1530 2300 1861 2371 περιγράφει
1883 2300 1983 2370 τῆς

402 2381 497 2434 τοῦ
531 2381 666 2437 Θεοῦ
703 2383 1039 2457 διοικήσεως.
1082 2388 1195 2456 Ἐφ’
1219 2383 1301 2452 οἷς
1329 2389 1424 2442 καὶ
1463 2389 1822 2460 ἀπελέγχεται
1847 2391 1982 2460 πρὸς

401 2472 496 2526 τοῦ
524 2473 854 2545 δηλωθέντος
880 2477 1012 2548 (67),
1047 2472 1151 2532 ὧδέ
1189 2497 1267 2551 πη
1304 2481 1608 2548 διεξιόντος.
1655 2501 1674 2533 ι
1717 2483 1908 2545 Ὀντος
1935 2483 1979 2535 δ’

402 2565 479 2618 ἔτι
524 2567 781 2636 μεγίστου
840 2571 935 2623 καὶ
992 2573 1337 2641 κυριωτάτου
1369 2573 1479 2626 τῶν
1520 2575 1600 2636 εἰς
1636 2573 1981 2644 εὐδαιμονίαν

403 2657 830 2724 συντελούντων,
865 2660 960 2713 τοῦ
1002 2663 1256 2734 περὶτῆς
1287 2664 1548 2734 Προνοίας
1589 2663 1909 2734 πείσματος,
1951 2664 1980 2717 ὃ

401 2751 461 2821 δὴ
492 2751 585 2804 καὶ
617 2751 851 2822 μάλιστα
878 2754 968 2807 τὸν
1001 2755 1340 2827 ἀνθρώπινον
1381 2757 1488 2827 βίον
1516 2756 1685 2829 ὀρθοῖ,
1711 2756 1766 2810 εἴ
1797 2775 1859 2826 γε
1903 2757 1978 2830 μὴ

403 2840 690 2911 μέλλοιμεν
711 2842 948 2911 ἀγνοεῖν,
969 2845 1099 2897 πότε
1110 2862 1199 2917 ρον
1220 2845 1283 2916 δὴ
1309 2846 1427 2898 κατ’
1451 2846 1593 2916 ἴχνος
1625 2845 1816 2898 ὕπτιον
1838 2845 1974 2917 (68),

399 2934 432 3005 ἢ
453 2936 690 3000 σκολιαῖς
708 2936 946 3000 ἀπάταις
967 2937 1032 2990 ἂν
1057 2937 1219 3010 βαίνῃ
1236 2937 1552 3007 ἐπιχθονίων
1575 2937 1728 3006 γένος
1745 2938 1974 3011 ἀνδρῶν,

398 3025 508 3096 όδὴ
532 3025 756 3079 Πλάτων
782 3028 863 3090 είς
901 3026 1033 3079 Θεὸν
1064 3027 1156 3080 καὶ
1207 3030 1272 3081 ὲκ
1327 3027 1461 3080 Θεοῦ
1496 3028 1671 3082 πάντα
1722 3029 1972 3084 ἀνάπτει.

397 3119 532 3188 Φησὶ
558 3118 664 3190 γάρ
694 3119 856 3172 αὑτὸν
889 3121 1064 3190 ἀρχὴν
1089 3136 1146 3172 τε
1175 3121 1266 3172 καὶ
1292 3120 1431 3190 μέσα
1447 3119 1580 3190 (68⁸)
1599 3121 1692 3174 καὶ
1718 3121 1976 3193 τελευτὴν

397 3210 505 3264 τῶν
529 3210 696 3266 ὄντων
731 3212 985 3266 ἁπάντων
1031 3211 1241 3282 ἔχοντα,
1271 3211 1454 3284 εὐθείᾳ
1501 3213 1778 3284 περαίνειν
1818 3231 1975 3286 περι-

397 3303 786 3375 πορευόμενον.
849 3305 960 3357 Kal.
1012 3299 1078 3358 αὖ
1127 3304 1288 3358 πάλιν
1343 3306 1508 3374 φησιν
1556 3305 1720 3358 αὑτὸν
1771 3305 1974 3376 ἀγαθὸν

396 3391 564 3459 εἶναι,
597 3394 784 3466 ἀγαθῷ
810 3395 867 3448 δὲ
896 3395 1098 3467 μηδένα
1137 3395 1328 3464 φθόνον
1360 3395 1667 3464 ἐγγίνεσθαι
1708 3399 1835 3468 περ).
1872 3416 1976 3470 μη-

2106 966 2394 1038 Nunquam
2421 972 2543 1041 agni
2568 981 2722 1041 atque
2745 972 2856 1041 lupi
2889 989 3041 1027 sensu
3073 974 3341 1028 ducuntur
3359 975 3558 1030 eodem.

2104 1143 2195 1201 Sic
2227 1147 2280 1200 in
2310 1148 2550 1201 maximo
2587 1148 2691 1203 hoc
2724 1159 2778 1204 et
2808 1151 3051 1220 principe
3082 1150 3356 1206 felicitatis
3397 1151 3670 1221 dogmate,

2099 1234 2313 1292 Platoni
2340 1255 2463 1293 cum
2488 1239 2778 1295 Aristotele
2805 1245 3116 1297 communio
3139 1245 3283 1299 nulla
3323 1260 3442 1299 esse
3471 1255 3668 1315 potest.

2099 1326 2332 1384 Prorsus
2357 1330 2525 1396 enim,
2557 1333 2603 1387 si
2633 1333 2814 1387 minus
2847 1335 2982 1388 alter
3005 1336 3070 1389 de
3089 1336 3256 1390 altero
3293 1337 3431 1390 male
3449 1339 3666 1408 cogitet,

2097 1418 2152 1472 in
2190 1420 2256 1473 iis
2284 1421 2476 1474 saltem
2503 1438 2624 1491 qua:
2645 1423 2710 1478 ad
2734 1424 2866 1478 illud
2892 1441 3235 1497 summopere
3264 1430 3533 1498 pertinent
3556 1438 3668 1485 tota

2095 1513 2276 1583 palam
2305 1513 2672 1584 disputatione
2701 1527 2963 1586 pugnant.

2715 1632 2944 1688 CAPUT
2989 1634 3050 1688 V.

2094 1741 2613 1818 Idem_Arist_oteI_em
2633 1763 2675 1818 αν
2693 1745 2868 1814 Moyse
2897 1747 3056 1799 simul
3077 1757 3128 1800 et
3161 1745 3385 1801 Platone
3427 1748 3480 1800 in
3517 1764 3662 1818 qua-

2200 1815 2368 1868 stione
2399 1816 2463 1869 de
2512 1815 2857 1870 Providentia
2883 1818 3224 1870 dissidentem
3250 1815 3558 1871 insectatur.

2171 1925 2383 1998 Moyses
2420 1936 2678 1997 praeterea
2733 1927 3054 1998 Hebrzeique
3109 1931 3405 1999 prophetae,
3461 1929 3662 2001 quibus

2089 2019 2251 2074 etiam
2305 2018 2459 2074 Plato
2519 2019 2880 2090 sulfragatur,
2936 2020 3341 2078 Providentiam
3401 2023 3660 2086 universa

2088 2111 2372 2180 complecti
2395 2111 2648 2167 distincte
2676 2112 2928 2182 clareque
2969 2121 3290 2182 posuerunt.
3339 2112 3659 2168 Aristoteles

2085 2201 2139 2255 in
2177 2201 2350 2255 lunari
2385 2202 2518 2257 orbe
2550 2211 2747 2256 metam
2771 2199 2993 2256 Numini
3023 2203 3426 2273 terminumque
3450 2203 3658 2258 consti-

2083 2301 2264 2358 tuens,
2292 2301 2474 2361 partes
2505 2292 2692 2346 mundi
2725 2292 2963 2361 reliquas
2990 2292 3110 2361 ejus
3141 2308 3285 2347 curas
3308 2295 3655 2363 gubernatio-

2082 2381 2246 2450 nique
2285 2380 2565 2435 subduxit.
2602 2379 2774 2446 Quam
2811 2380 2882 2435 ob
2923 2396 3145 2435 causam
3205 2381 3290 2437 his
3349 2382 3416 2436 ab
3461 2384 3654 2437 eodem

2081 2473 2262 2528 Attico
2292 2472 2470 2528 verbis
2509 2471 2940 2542 reprehenditur.
2973 2491 2990 2523 ι
3013 2472 3147 2527 Cum
3173 2473 3312 2528 inter
3344 2489 3408 2528 ca
3442 2490 3562 2544 quae
3585 2475 3652 2528 ad

2082 2563 2393 2620 felicitatem
2428 2565 2760 2631 conducunt,
2788 2565 2984 2634 inquit.
3010 2566 3307 2620 maximum
3341 2566 3505 2620 etiam
3527 2566 3655 2620 illud

2081 2657 2153 2711 sit
2187 2665 2350 2726 atque
2372 2656 2756 2726 potissimum,
2781 2667 2840 2711 ut
2876 2667 3079 2712 certam
3117 2657 3182 2712 de
3220 2656 3563 2712 Providentia
3596 2662 3658 2713 ti-

2079 2747 2295 2802 duciam
2322 2747 2654 2814 habeamus;
2677 2748 2876 2817 quippe
2910 2749 3054 2818 quod
3083 2747 3379 2817 dirigendis
3406 2748 3656 2803 humanae

2079 2840 2203 2893 vitae
2237 2839 2540 2894 rationibus
2572 2854 2790 2894 summo
2812 2839 2880 2894 sit
2907 2839 3027 2893 usui
3053 2838 3320 2900 futurum,
3355 2838 3402 2892 si
3433 2854 3532 2892 nos
3548 2840 3655 2891 mi-

2078 2931 2225 2983 nime
2255 2931 2494 2995 latuerit,
2548 2941 2766 2985 rectene
2800 2947 2864 2986 ac
2913 2931 3074 3000 plano
3124 2931 3397 3000 ingressu,
3441 2945 3509 2984 an
3559 2946 3655 2999 per

2077 3020 2332 3088 obliquos
2368 3035 2616 3073 errorum
2647 3020 2819 3074 ﬂexus
2853 3020 3192 3074 terrestrium
3241 3020 3520 3073 hominum
3557 3035 3653 3088 ge-

2076 3127 2182 3166 nus
2212 3111 2474 3165 incedat:
2515 3110 2668 3164 Plato
2725 3111 2791 3164 ad
2837 3109 3006 3165 Deum
3058 3112 3243 3165 omnia
3295 3120 3534 3176 revocat,
3584 3127 3651 3166 ex

2075 3215 2247 3270 eoque
2299 3199 2462 3256 nectit
2510 3201 2718 3265 omnia,
2749 3199 2905 3255 docet
2949 3200 3094 3256 enim
3152 3201 3302 3254 illum
3360 3203 3434 3255 ita
3465 3217 3650 3256 rerum

2076 3292 2317 3346 omnium
2345 3291 2698 3361 principium,
2727 3292 2927 3358 media,
2959 3292 3229 3362 ﬁnemque
3255 3294 3565 3361 complecti.
3590 3303 3651 3346 ut

2075 3395 2220 3440 recta
2249 3400 2463 3455 semper
2487 3385 2705 3440 easdem
2749 3385 3000 3441 obeundo
3032 3386 3294 3454 perﬁciat.
3347 3385 3536 3440 Tradit
3563 3388 3650 3439 in—

396 3485 562 3548 δενός.
588 3485 788 3540 Τούτου
809 3487 866 3539 δὲ
903 3486 1060 3550 ἐκτὸς
1094 3486 1222 3541 ὄντα
1245 3487 1374 3558 (69),
1399 3488 1576 3542 πάντα
1605 3489 1686 3543 ὅτι
1738 3489 1972 3560 μάλιστα

2080 3491 2244 3546 super
2274 3476 2477 3529 bonum
2512 3475 2664 3530 illum
2694 3491 2836 3541 esse,
2871 3491 2971 3530 nec
3010 3475 3154 3530 bono
3180 3476 3288 3530 ulla
3319 3491 3562 3544 unquam
3598 3478 3653 3528 in

395 3577 577 3643 ἀγαθά
597 3581 791 3644 ποιεῖν,
813 3581 894 3642 είς
917 3579 1067 3646 τάξιν
1091 3579 1293 3648 ἄγοντα
1323 3581 1388 3634 ὲκ
1409 3581 1507 3651 τῆς
1548 3581 1793 3648 ἀταξίας.
1828 3581 1974 3635 Πάν-

395 3689 502 3725 των
537 3671 594 3725 δὲ
628 3671 1076 3742 ἐπιμελούμενον,
1106 3673 1202 3725 καὶ
1236 3671 1414 3725 πάντα
1451 3671 1590 3725 κατὰ
1629 3672 1858 3744 δύναμιν
1890 3691 1976 3726 κο-

397 3763 668 3836 σμοῦντα,
705 3764 1123 3835 πεφροντικέναι
1163 3765 1258 3818 καὶ
1291 3764 1400 3818 τῶν
1443 3763 1766 3836 ἀνθρώπων.
1799 3786 1818 3818 ι
1865 3768 1976 3820 Kal

397 3857 537 3928 μετά
577 3856 815 3929 βραχέα·
861 3875 881 3908 ι
921 3857 1032 3911 Καὶ
1068 3859 1096 3911 ό
1136 3859 1234 3928 μὲν
1272 3857 1498 3911 Πλάτων
1545 3858 1752 3922 οὕτως’
1803 3859 1862 3913 '0
1895 3860 1972 3924 δὲ,

394 3950 494 4020 τὴν
545 3947 827 4020 δαιμονίαν
888 3948 1094 4020 ταύτην
1139 3949 1302 4018 φύσιν
1346 3950 1590 4004 ἐκποδὼν
1631 3950 1971 4022 ποιούμενος,

396 4040 490 4094 καὶ
511 4042 611 4113 τήν
643 4059 708 4110 γε
759 4040 1003 4104 εἰσαῦθις
1053 4041 1241 4094 ἐλπίδα
1270 4042 1371 4112 τῆς
1415 4043 1592 4112 ψυχῆς
1629 4043 1972 4114 ἀποτέμνων,

393 4133 495 4202 τήν
519 4149 578 4186 τε
605 4134 660 4185 ὲν
687 4131 767 4203 τῷ
813 4133 1041 4203 παρόντι
1074 4132 1211 4203 πρὸς
1239 4133 1348 4186 τῶν
1376 4135 1702 4204 κρειττόνων
1744 4135 1854 4205 (70)
1886 4137 1976 4189 εὐ-

395 4224 615 4279 λάϐειαν
649 4225 1070 4296 ἀφαιρούμενος,
1105 4225 1225 4279 τίνα
1257 4226 1394 4296 πρὸς
1423 4227 1685 4282 Πλάτωνα
1713 4227 1822 4298 ἔχει
1858 4246 1974 4281 κοι-

394 4317 627 4383 νωνίαν;
656 4319 727 4372 Ἣ
749 4318 865 4382 πῶς
898 4319 964 4371 ἂν
999 4318 1084 4388 ἐφ’
1107 4317 1142 4372 ἃ
1171 4317 1419 4388 βούλεται
1448 4318 1692 4384 Πλάτων,
1720 4336 1975 4391 παρακαο

393 4407 570 4473 λέσαι,
596 4407 690 4460 καὶ
709 4407 1040 4460 πιστώσαιτο
1055 4407 1123 4461 τὰ
1155 4408 1422 4479 εἰρημένα
1440 4424 1453 4473 ;
1471 4409 1586 4462 Πᾶν
1614 4409 1722 4480 γὰρ
1754 4411 1974 4464 τούναν-

394 4501 528 4563 τίον,
578 4499 836 4571 συνεργὸς
862 4499 928 4553 ἂν
967 4492 1121 4564 οὗτός
1154 4500 1266 4571 (71)
1309 4515 1372 4568 γε
1421 4501 1515 4554 καὶ
1569 4502 1974 4573 συναγωνιστὴς

393 4591 503 4645 τῶν
534 4589 825 4644 ἐθελόντων
857 4590 1061 4643 ἀδικεῖν
1095 4590 1310 4661 φανείη,
1345 4591 1461 4654 Πᾶς
1491 4591 1602 4663 γάρ
1621 4609 1725 4657 τις,
1759 4593 1973 4665 ἀνθρω-

396 4703 496 4750 πος
515 4683 612 4750 ὣν,
643 4686 736 4738 καὶ
755 4687 876 4748 ταῖς
910 4682 1276 4754 ἀνθρωπίναις
1300 4683 1512 4754 ὀρέξεσι
1544 4684 1970 4755 κατεσχημένος,

394 4776 461 4830 ἂν
499 4776 888 4848 καταφρονήσῃ
937 4774 1046 4829 τῶν
1079 4775 1238 4839 θεῶν,
1271 4774 1364 4828 καὶ
1417 4774 1530 4846 (72)
1571 4775 1736 4846 μηδὲν
1776 4775 1971 4848 νομίσῃ

2076 3583 2135 3622 re
2168 3568 2370 3622 bonum
2410 3567 2639 3622 alterum
2675 3567 2916 3621 invidere
2954 3585 2966 3620 :
3003 3567 3228 3636 proinde
3254 3583 3376 3635 quae
3408 3575 3562 3621 extra
3595 3583 3654 3620 se

2075 3659 2204 3724 sint,
2231 3673 2394 3728 quam
2430 3657 2634 3726 optima
2660 3656 2810 3710 illum
2841 3665 3035 3711 cuncta
3061 3656 3290 3721 efﬁcere,
3325 3657 3380 3710 in
3407 3657 3652 3711 ordinem

2075 3764 2142 3803 ex
2173 3749 2592 3818 perturbatione
2627 3747 2875 3818 digesta:
2930 3759 3204 3818 postremo
3259 3748 3354 3816 qui
3405 3748 3651 3802 omnium

2075 3855 2265 3894 curam
2315 3849 2488 3910 gerat,
2523 3855 2698 3910 eaque
2753 3855 2852 3910 pro
2888 3825 3122 3894 summa
3174 3847 3441 3908 potestate
3471 3849 3649 3900 ornet,

2076 3931 2316 3985 humano
2351 3931 2515 3985 etiam
2547 3931 2733 4002 generi
2766 3932 3094 4001 prospicere.
3122 3950 3140 3982 ι
3178 3930 3242 3984 Ει
3267 3931 3455 4000 paucis
3483 3931 3653 3983 inter-

2069 4025 2264 4095 jectis:
2290 4043 2309 4076 ι
2342 4024 2420 4079 Ac
2441 4023 2594 4078 Plato
2623 4025 2866 4094 quidem,
2892 4025 3086 4093 inquit,
3128 4024 3201 4076 ita
3236 4024 3446 4076 statuit.
3487 4021 3652 4092 799

2074 4119 2145 4172 At
2182 4133 2310 4172 vero
2337 4116 2634 4180 Aristoteli,
2671 4116 2798 4169 dum
2834 4115 3187 4169 excellentem
3209 4114 3354 4167 illam
3385 4113 3655 4166 divinam-

2075 4227 2183 4282 que
2221 4219 2475 4265 naturam
2507 4210 2762 4277 abigens,
2809 4223 2958 4278 spem
3011 4208 3176 4263 simul
3227 4206 3395 4260 futuri
3431 4221 3649 4259 omnem

2074 4302 2258 4357 animo
2280 4308 2510 4365 resecat,
2542 4298 2706 4353 simul
2729 4298 2893 4352 etiam
2925 4299 3014 4353 hic
3049 4313 3269 4352 omnem
3303 4313 3439 4370 erga
3491 4311 3655 4365 supe-

2074 4409 2170 4448 ros
2197 4393 2602 4448 observantiam
2640 4405 2702 4445 ac
2740 4391 2992 4461 pietatem
3034 4389 3250 4453 aufert;
3283 4404 3404 4459 qua:
3433 4389 3652 4443 tandem

2073 4493 2198 4533 cum
2227 4477 2452 4534 Platone
2481 4479 2794 4533 communio
2827 4493 2950 4533 csse
2974 4477 3190 4548 possit?
3215 4476 3504 4543 Quomodo
3529 4475 3654 4530 Pla-

2075 4569 2220 4625 tonis
2242 4569 2310 4624 ad
2337 4579 2572 4624 mentem
2628 4584 2962 4638 sensumque
2992 4568 3462 4638 complectendum
3508 4568 3650 4623 idetn

2075 4662 2416 4728 adhortetur,
2448 4663 2702 4733 illiusque
2745 4663 3049 4718 doctrinam
3081 4662 3190 4716 ulla
3223 4677 3290 4716 ex
3339 4669 3489 4732 parte
3519 4676 3654 4715 con-

2074 4754 2286 4808 ﬁrmet?
2315 4752 2521 4809 Contra
2552 4769 2704 4820 sane,
2737 4753 3002 4824 improbis
3041 4753 3344 4822 adiutorem
3384 4766 3443 4806 se
3472 4751 3652 4820 palam

394 4866 529 4938 πρὸς
566 4841 760 4929 αύτδν,
799 4841 988 4938 πόρρω
1036 4865 1137 4937 μὲν
1169 4865 1350 4920 αὐτῶν
1393 4841 1776 4936 ἀπῳκισμένος
1805 4841 1863 4918 ὲν

2080 4860 2142 4900 ac
2193 4846 2418 4901 sceleris
2473 4845 2861 4901 administrum
2919 4844 3223 4916 proﬁtetur.
3275 4841 3452 4898 Homo
3503 4844 3650 4895 enim

394 4957 512 5029 ζῇν,
541 4957 829 5012 ἀποθανὼν
860 4959 918 5012 δὲ
947 4958 1068 5012 οὐδὲ
1090 4958 1170 5012 ἔτι
1201 4957 1298 5021 ὣν,
1329 4957 1543 5028 ἕτοιμος
1562 4958 1629 5012 ἂν
1659 4957 1800 5011 ἔλθοι
1831 4957 1970 5028 πρὸς

391 5052 455 5106 τὸ
478 5051 797 5126 χαρίζεσθαι
829 5056 948 5117 ταῖς
995 5049 1332 5123 ἐπιθυμίαις.
1385 5051 1579 5103 Πίστιν
1631 5049 1739 5121 γὰρ
1785 5049 1970 5103 λαϐεῖν

462 5233 574 5308 (66)
617 5234 711 5300 Ὠς
734 5233 974 5308 γὰρ-οὑκ
1000 5233 1149 5287 ἐστι.
1184 5231 1456 5308 Homerus
1487 5229 1654 5308 Iliad.
1685 5234 1726 5294 1,
1756 5247 1807 5286 v.
1836 5232 1966 5308 262,

391 5303 592 5372 quibus
627 5303 805 5360 verbis
851 5303 1135 5359 Hectorem
1166 5304 1405 5358 Achilles
1435 5304 1656 5373 gravius
1689 5319 1821 5357 sane
1864 5305 1966 5358 du-

389 5377 615 5440 riusque
636 5375 937 5428 mordebat.

461 5445 570 5516 (67)
615 5445 726 5498 Τοῦ
770 5443 1161 5516 δηλωθέντος.
1209 5442 1580 5516 ᾼῃλωθέντος,
1623 5443 1725 5497 viri
1770 5459 1968 5500 nomen

389 5513 509 5570 esse
544 5513 825 5585 proprium
858 5515 1188 5585 existimavit
1222 5513 1526 5583 Hopperus.

460 5584 858 5656 (68)(Ὓπτιον,
885 5595 989 5656 etc.
1024 5584 1188 5639 Recte
1235 5585 1329 5656 hic
1359 5585 1679 5640 emendasse
1723 5585 1854 5639 mihi
1886 5586 1969 5640 vi-

388 5653 782 5721 όεοι·,ὕπτιον,
812 5654 970 5722 cujus
1001 5653 1373 5720 pronuntiatio
1401 5669 1544 5724 saepe
1578 5657 1965 5710 nonnullorum

390 5727 441 5778 in
476 5741 571 5781 ore
595 5729 886 5795 degenerat
914 5727 965 5777 in
991 5723 1166 5793 ὕψιον,
1201 5724 1394 5795 Latino
1429 5740 1602 5789 more,
1630 5729 1773 5793 quod
1809 5741 1964 5780 antea

363 5794 687 5866 legebatur.
735 5794 828 5849 Est
871 5797 959 5849 hic
1007 5795 1219 5857 ὕπτιος,
1264 5794 1476 5866 planus,
1519 5805 1724 5866 rectus,
1765 5796 1962 5863 facilis,

384 5863 678 5927 expeditus.
714 5882 822 5929 qua
855 5866 1248 5930 signiﬁcatione
1279 5865 1473 5928 opponi
1511 5863 1584 5919 τῶ
1615 5865 1808 5929 σκολιῷ
1843 5883 1967 5926 nos-

2075 4939 2328 5011 quisquis
2356 4951 2460 5007 est,
2491 4950 2654 5011 atque
2687 4939 2945 4995 hutnanis
2995 4938 3390 5010 cupiditatibus
3439 4936 3650 4990 involu-

2075 5042 2165 5094 tus
2185 5073 2200 5099 ,
2231 5033 2278 5088 is
2307 5033 2353 5088 si
2404 5033 2539 5088 deos
2587 5032 2756 5088 semel
2786 5030 3198 5098 contempserit,
3233 5044 3334 5084 nec
3373 5042 3469 5083 eos
3493 5027 3560 5081 ad
3593 5042 3650 5082 se

2073 5239 2164 5294 sit.
2196 5238 2379 5307 Itaque
2411 5238 2571 5306 paulo
2601 5246 2746 5306 post,
2797 5252 2895 5306 pro
2940 5233 3256 5307 ἀναϐαίνει,
3296 5247 3492 5286 sensus
3537 5247 3647 5284 om-

2071 5308 2204 5363 nino
2237 5304 2485 5378 postulat
2505 5307 2571 5360 ἂν
2603 5304 2956 5378 Balvn.‘q_uod
2992 5304 3229 5378 reposui.

2144 5366 2280 5449 (68³)
2323 5377 2534 5449 Ἀρχὴν
2565 5366 2626 5430 τὲ
2655 5366 2959 5445 καῖ’μέσα.
2997 5366 3238 5428 Platonis
3272 5373 3449 5426 locum
3484 5371 3649 5425 habes

2071 5465 2218 5511 sum,
2250 5448 2372 5511 pag.
2403 5448 2525 5500 551.

2625 5517 2796 5589 ἐκτὸς
2821 5513 3245 5589 6rra.“Mallem,
3279 5511 3465 5565 τοῦτον
3494 5510 3549 5563 δὲ
3581 5509 3646 5568 τὰ

2071 5583 2404 5653 ὲκτδςδντα,
2437 5586 2505 5640 τὰ
2531 5587 2588 5638 δὲ
2617 5586 2780 5640 αὑτοῦ
2815 5587 2968 5647 ἐκτὸς
2994 5583 3141 5638 ὄντα.

2201 5659 2234 5711 0
2283 5656 2443 5710 Forte
2469 5659 2594 5720 τοὺς
2620 5657 2954 5726 κρείττονας.

2143 5659 2255 5790 fni
2295 5723 2500 5790 Οὗτος.
2531 5726 2709 5778 Malim
2743 5725 2934 5789 οὕτως,

2165 5723 2255 5792 71)
2295 5723 2500 5792 Οὗτος.
2531 5723 2709 5778 Malim
2743 5725 2934 5789 οὕτως,
2963 5742 3085 5782 cum
3123 5725 3294 5778 altero
3328 5735 3438 5781 ms.

2142 5795 2256 5872 (7'3)
2288 5797 2447 5854 Forte
2472 5795 2774 5860 κάκείνους.
