4144 6422
525 345 659 403 1511

1110 428 1113 431 _
1189 355 1456 413 EUSEBII
1499 359 1979 418 CIESARIENSlS
2016 363 2166 418 OPP.
2209 362 2393 419 PARS
2427 364 2490 418 Il.
2530 395 2599 404 —
2630 364 3134 423 APOLUGETICA.

3655 369 3795 426 1312

521 465 822 535 quidquam
876 471 1150 538 pertinere
1201 478 1510 543 putaverit,
1548 488 1835 549 propterea
1882 482 2024 551 quod
2053 494 2094 536 ct

2209 483 2338 554 περὶ
2369 481 2463 536 τοῦ
2497 482 2678 537 λαθεῖν
2706 483 2996 539 ἀδικοῦντα
3030 488 3133 539 οὐκ
3168 486 3448 551 ἀδύνατον,
3483 486 3547 540 ἀν
3592 506 3657 557 γε
3695 491 3792 544 ἀν-

521 557 718 625 p'rocul
741 557 815 613 ab
838 559 909 614 iis
941 562 1228 633 sejunctus
1266 568 1355 621 hic
1383 569 1546 637 vivat,
1579 586 1680 625 nec
1718 581 1839 641 post
1878 584 2105 628 mortem

520 647 667 702 ullus
696 647 1049 708 sitfuturus:
1088 657 1280 726 utique
1321 659 1480 728 genio
1531 659 1762 716 ﬁdenter
1805 663 2103 734 indulgeat.

518 734 659 791 Nam
705 738 751 793 si
802 738 1057 799 homines
1085 753 1295 801 tantum
1344 747 1568 805 fallendi
1597 763 1780 818 erunt,
1829 754 1967 808 nihil
2001 756 2107 809 erit

517 829 768 898 omnino,
816 835 1172 902 quamobrem
1209 854 1325 906 eos,
1359 856 1483 895 cum
1533 843 1781 912 improbe
1810 845 1991 913 faciet,
2024 847 2105 901 la-

520 927 635 974 tere
663 936 722 975 se
754 938 920 991 posse
948 924 1201 997 desperet
1235 950 1249 985 :
1302 933 1414 987 imo
1458 949 1560 989 nec
1603 935 1873 991 latebram
1915 939 2106 994 sceleri

518 1012 816 1070 admodum
848 1022 1199 1086 quaerendam
1229 1026 1462 1093 putabit,
1510 1029 1555 1084 si
1588 1044 1653 1085 ex
1682 1030 1749 1085 iis
1780 1032 1872 1100 qui
1909 1032 2103 1102 depre-

520 1102 832 1171 henderint,
854 1117 1041 1166 tenere
1068 1128 1134 1169 ac
1161 1116 1419 1172 cohibere
1448 1134 1607 1174 nemo
1637 1123 1853 1190 poterit.
1878 1124 1955 1178 Ita
1972 1122 2106 1179 faci-

518 1196 588 1252 lis
620 1199 918 1257 admodum
956 1219 1020 1260 ac
1048 1208 1307 1276 proclivis
1336 1213 1401 1265 ad
1422 1211 1824 1281 improbitatem
1848 1215 1896 1268 ei
1919 1215 2105 1285 lapsus

515 1298 621 1359 est,
683 1292 776 1363 qui
835 1296 901 1351 de
944 1294 1290 1356 Providentia
1341 1318 1495 1372 spem
1557 1322 1775 1360 omnem
1822 1309 2099 1378 abjecerit.

515 1380 755 1441 Prorsus
787 1387 933 1442 enim
966 1389 1237 1457 videlicet,
1284 1394 1366 1447 vir
1418 1395 1596 1452 bonus
1638 1399 1728 1454 ille
1781 1400 1852 1455 sit
1882 1417 2103 1457 necesse

515 1483 619 1542 est,
649 1477 742 1546 qui
770 1489 1064 1551 postquam
1098 1485 1259 1540 nobis
1314 1487 1647 1558 voluptatem
1680 1491 1808 1547 hinc
1839 1502 2099 1564 tanquam

514 1565 721 1622 bonum
791 1573 1014 1644 aliquod
1071 1579 1414 1646 porrexerit,
1480 1580 1654 1637 Deum
1707 1585 1855 1641 inde-
1890 1597 2097 1643 metum

512 1675 731 1716 omnem
771 1667 1087 1735 sustulerit;
1113 1670 1439 1739 prohibendi
1487 1682 1669 1729 tamen
1702 1678 1927 1735 sceleris
1953 1681 2099 1736 viam

513 1751 618 1807 sibi
642 1754 824 1811 adhuc
846 1766 903 1813 et
932 1760 1198 1817 rationem
1225 1764 1465 1835 aliquam
1498 1777 1889 1837 repraesentare
1916 1772 2100 1827 videa-

512 1854 625 1902 tur.
657 1843 892 1904 Perinde
942 1852 1169 1909 omnino
1205 1870 1271 1910 ac
1304 1857 1351 1910 si
1390 1856 1635 1914 medicus
1669 1859 1873 1931 aliquis
1895 1904 1909 1930 ,
1943 1875 2098 1932 post-
2131 1830 2174 1885 Β

509 1952 675 2005 quam
703 1950 911 2012 aegroto
940 1945 1146 2000 nullam
1181 1946 1311 2002 dum
1337 1948 1517 2005 adhuc
1545 1951 1750 2007 viveret
1765 1969 1923 2023 opem
1954 1966 2099 2011 attu-

511 2029 670 2086 lisset
701 2050 715 2086 :
742 2036 1019 2092 exstincto
1051 2039 1272 2095 demum
1302 2042 1460 2097 novis
1495 2044 1708 2101 artibus
1741 2047 1971 2102 salutem
2002 2065 2094 2120 pa-

511 2133 679 2177 raret.
707 2122 1013 2184 Per-similis
1037 2132 1226 2201 utique
1249 2132 1595 2205 Peripatetici
1618 2139 1792 2193 nostri
1824 2140 1964 2196 ratio
1989 2151 2094 2197 est.

509 2212 622 2269 Nec
644 2215 787 2272 enim
813 2227 1026 2275 tantum
1059 2239 1302 2293 unquam
1326 2242 1393 2282 ex
1426 2227 1721 2299 voluptatis
1743 2233 2094 2302 appetitione,

508 2317 775 2373 quantum
803 2325 870 2366 ex
900 2312 1097 2369 divinae
1144 2314 1508 2375 Providentia:
1553 2322 1844 2393 negatione
1882 2325 2099 2383 roboris

507 2390 841 2463 improbitati
873 2415 940 2457 ac
972 2403 1168 2460 virium
1223 2409 1539 2467 accesserit.
1588 2390 1731 2479 Quid
1764 2429 1918 2486 ergo,
1953 2417 2101 2473 dicat

509 2487 735 2558 aliquis,
766 2500 823 2547 tu
847 2495 1039 2550 eodem
1088 2498 1143 2552 in
1176 2499 1297 2558 loco
1325 2503 1702 2574 Aristotelem,
1739 2523 1850 2579 quo
1892 2509 2097 2579 Epicu-

507 2593 630 2632 rum
660 2581 954 2641 habiturus
978 2588 1082 2643 es?
1112 2589 1405 2650 Enimvero
1455 2597 1646 2652 eodem
1671 2639 1687 2662 ,
1738 2599 1845 2656 hoc
1873 2603 2096 2673 quidem

503 2670 560 2723 in
595 2686 807 2741 genere.
829 2675 967 2732 Nam
986 2682 1234 2751 obsecro,
1259 2695 1447 2743 nostra
1482 2689 1614 2759 quid
1638 2670 2095 2763 interest,‘utrum

502 2775 572 2816 ex
600 2765 807 2822 mundo
854 2766 1066 2827 Numen
1121 2779 1490 2847 cxtermines,
1541 2783 1815 2854 nobisque
1864 2803 1992 2843 cum
2028 2804 2095 2845 eo

504 2858 914 2917 communionis
973 2863 1256 2947 relinquas
1310 2854 1447 2925 nihil
1494 2890 1507 2927 :
1562 2889 1632 2928 an
1697 2892 1839 2946 quos
1900 2881 2093 2936 eodem

503 2948 714 3005 mundo
750 2949 884 3009 deos
913 2954 1225 3024 incluseris,
1246 2976 1339 3018 eos
1366 2965 1435 3020 ab
1464 2968 1614 3021 omni
1641 2977 1911 3025 terrarum
1944 2958 2093 3029 com-

503 3042 715 3098 mercio
737 3059 981 3118 curaque
1033 3052 1397 3111 submoveas?
1437 3056 1691 3130 IEqnalis
1737 3063 1991 3121 videlicet
2024 3082 2092 3123 ex

504 3140 742 3204 utraque
769 3137 1043 3206 doctrina,
1078 3158 1205 3199 cum
1242 3146 1297 3201 in
1328 3148 1433 3206 diis
1461 3151 1751 3209 hominum
1795 3158 2089 3229 neglectio,
2120 3174 2160 3229 (ς

504 3232 621 3278 tum
648 3226 819 3282 divini
851 3240 1031 3288 metus
1055 3234 1109 3288 in
1134 3235 1403 3307 improbis
1422 3243 1672 3300 vacuitas
1701 3226 2090 3321 consei1uetur.

505 3313 643 3370 Nam
678 3320 826 3389 quod
859 3337 927 3377 ex
956 3324 1049 3389 iis,
1098 3327 1230 3383 dum
1262 3331 1318 3385 in
1355 3333 1497 3389 cmlo
1522 3347 1847 3405 versantur,
1879 3340 2093 3400 fruetus

504 3407 715 3479 aliquid
761 3427 867 3469 nos
922 3417 1088 3473 etiam
1136 3422 1424 3492 capiamus
1465 3445 1479 3481 :
1521 3429 1720 3498 primo,
1778 3440 1954 3490 totum
1987 3436 2093 3495 hoc

503 3499 663 3556 nobis
694 3516 820 3557 cum
866 3506 1034 3563 rebus
1083 3525 1193 3565 non
1230 3516 1443 3572 ratione
1498 3527 1742 3587 tantum,
1779 3526 1875 3580 sed
1924 3528 2089 3586 etiam

499 3591 614 3645 vita
640 3596 959 3654 carentibus
982 3610 1286 3661 commune
1302 3615 1419 3675 est;
1447 3609 1666 3680 deinde,
1694 3614 1928 3673 similem
1954 3636 2093 3690 quo-

500 3697 611 3751 que
641 3699 672 3739 a
694 3684 803 3741 diis
824 3701 982 3758 opem
1016 3691 1334 3753 hominibus
1352 3698 1624 3769 Epicurus
1640 3709 1896 3764 ostendit.

502 3772 637 3839 Quae
674 3778 819 3833 enim
854 3795 921 3836 ex
955 3783 1064 3840 illis
1116 3788 1325 3857 optima
1372 3791 1656 3861 deﬂuunt,
1710 3801 1912 3868 quibus
1928 3772 2088 3876 3332

500 3870 853 3941 contigerint,
886 3875 1189 3946 ingentium
1222 3881 1491 3939 bonorum
1521 3902 1720 3947 causas
1748 3907 1873 3950 esse
1905 3870 2084 3956 docet.

500 3958 853 4019 Atneutrum
880 3967 1129 4037 profecto
1162 3973 1271 4027 ulla
1307 3975 1362 4029 in
1399 3974 1763 4040 Providentia
1810 3998 1967 4057 parte
1993 4007 2085 4048 re-

498 4054 819 4122 ponendum
847 4067 948 4113 est.
989 4060 1125 4117 Nam
1159 4065 1205 4119 si
1232 4081 1300 4120 ex
1333 4065 1554 4138 Epicuri
1579 4083 1780 4145 mente,
1810 4054 1873 4134 ut
1899 4080 1954 4134 in
1987 4083 2087 4139 bo-

498 4157 698 4198 norum
731 4160 959 4203 suorum
986 4156 1408 4213 conservatione
1432 4174 1651 4217 omnem
1679 4180 1708 4220 a
1738 4166 1847 4224 diis
1874 4171 2084 4228 sollici-

498 4235 745 4292 tudinem
778 4239 1029 4302 adhiberi
1056 4246 1206 4308 velit,
1247 4247 1496 4308 funditus
1527 4261 1707 4312 tamen
1734 4255 2083 4322 Providentia

495 4326 744 4398 tollitur;
793 4332 1018 4389 tollatur
1070 4338 1260 4394 eadem
1317 4341 1634 4404 Aristotelis
1686 4365 1755 4406 ex
1810 4360 2080 4413 sententia

497 4432 724 4475 necesse
749 4430 854 4485 est,
901 4428 1118 4481 tametsi
1149 4443 1335 4484 rerum
1379 4432 1434 4487 in
1463 4435 1771 4493 caelestium
1810 4442 2083 4512 guberna-

2209 573 2464 645 θρώπους
2504 574 2599 649 δέῃ
2636 575 2948 630 λανθάνειν·
2980 578 3040 630 οὐ
3098 576 3204 649 μὴν
3243 578 3354 648 (75)
3400 580 3697 645 ἀναγκαῖον
3728 583 3795 637 ἐκ

2209 665 2415 730 παντὸς
2438 666 2623 720 λαθεῖν
2649 666 2854 739 ζητεῖν,
2885 669 3022 722 ὅπου
3053 669 3116 737 γέ
3143 687 3227 733 τις
3254 670 3363 722 τῶν
3388 672 3793 742 πεφωρακότων

2208 758 2430 825 κρατεῖν
2462 755 2687 821 δυνατός
2731 756 2844 830 (74)
2868 760 3038 811 ἐστιν.
3073 759 3235 812 Ὥστε
3267 758 3485 831 ἕτοιμόν
3516 778 3568 814 τι
3601 762 3793 834 χρῆμα

2208 848 2347 919 πρὸς
2389 849 2606 903 ἀδικίαν
2649 853 2683 921 ἡ
2714 850 2819 921 τῆς
2855 851 3122 923 Προνοίας
3166 852 3496 920 ἀπόγνωσις.
3558 853 3794 917 Ἐκεῖνος

2210 938 2309 1009 μὲν
2332 940 2442 1010 γὰρ
2473 941 2568 995 καὶ
2596 941 2737 995 πάνυ
2762 943 2996 1014 χρηστός
3017 944 3163 996 ἐστιν
3182 942 3292 1016 (75)
3305 944 3451 1007 ὅστις
3473 944 3572 1016 τὴν
3600 946 3794 1018 ἡδονὴν

2204 1032 2338 1100 ἡμῖν
2378 1032 2669 1103 προτείνας
2702 1032 2779 1097 ὡς
2808 1033 3033 1102 ἀγαθὸν,
3074 1034 3170 1088 καὶ
3200 1034 3299 1106 τὴν
3335 1036 3399 1089 ἐκ
3438 1035 3575 1091 θεῶν
3609 1037 3795 1091 ἄδειαν

2207 1121 2644 1191 παρασχόμενος,
2677 1122 2757 1175 ἔτι
2793 1123 3042 1196 μηχανὴν
3072 1125 3206 1197 πρὸς
3239 1124 3300 1178 τὸ
3348 1127 3423 1198 μὴ
3463 1126 3668 1181 ἀδικεῖν
3696 1145 3797 1181 πο-

2208 1210 2379 1282 ρίζειν
2421 1212 2628 1267 οἴεταιο
2658 1213 2845 1285 ὅμοιόν
2887 1231 2941 1268 τι
2996 1215 3167 1270 ποιῶν
3203 1218 3394 1289 ἰατρῷ,
3453 1219 3552 1291 τὴν
3582 1219 3682 1291 μὲν
3712 1219 3792 1274 ἔτι

2204 1302 2407 1368 ζῶντος
2443 1304 2537 1358 τοῦ
2569 1305 2870 1377 κάμνοντος
2905 1306 3156 1379 βοήθειαν
3178 1310 3428 1382 παρέντι,
3462 1311 3598 1381 μετὰ
3629 1310 3791 1365 θάνα-

2201 1411 2293 1448 τον
2325 1396 2383 1448 δέ
2420 1395 2641 1450 πλέκειν
2685 1396 2838 1461 τινάς
2880 1396 2992 1469 (76)
3036 1399 3136 1470 μὲν
3183 1402 3432 1473 μηχανὰς
3467 1401 3796 1475 πειρωμένῳ

2202 1486 2341 1557 πρὸς
2367 1488 2641 1560 σωτηρίαν
2661 1488 2756 1543 τοῦ
2777 1489 3092 1556 τεθνεωτος.
3111 1493 3518 1566 Παραπλησίως
3535 1494 3594 1548 δὲ
3617 1492 3795 1566 τούτῳ

2202 1579 2298 1631 καὶ
2323 1579 2352 1631 ό
2378 1580 2836 1654 Περιπατητικός.
2871 1585 2946 1638 Οὐ
2980 1584 3090 1656 γὰρ
3121 1583 3295 1648 οὕτως
3323 1587 3356 1656 ή
3392 1585 3521 1655 περὶ
3550 1584 3649 1656 τὴν
3676 1584 3795 1656 ἡδο·

2201 1670 2299 1741 νὴν
2335 1671 2562 1744 σπουδὴ,
2590 1673 2667 1737 ὡς
2721 1676 2755 1747 ἡ
2790 1676 2919 1748 περὶ
2946 1675 3007 1729 τὸ
3030 1676 3204 1742 Θεῖον,
3258 1677 3339 1730 δτι
3383 1676 3620 1749 κήδοιτο,
3659 1678 3792 1729 ἀπι-

2204 1762 2348 1828 στία,
2387 1763 2489 1835 τὴν
2540 1765 2756 1820 ἀδικίαν
2798 1766 3184 1840 ἐπιρρώννυσι.
3223 1769 3288 1821 Τί
3329 1764 3423 1823 οὖν
3448 1808 3463 1832 ,
3499 1769 3671 1840 φήσαι
3707 1785 3794 1831 τις

2201 1851 2288 1915 ἂν,
2331 1856 2388 1909 ὲν
2434 1856 2616 1927 ταύτῷ
2650 1857 2836 1928 θήσεις
2880 1859 3264 1933 Ἀριστοτέλην
3296 1861 3390 1916 καὶ
3429 1861 3790 1931 Ἐπίκουρον;

2203 1943 2352 1997 Πάνυ
2399 1945 2496 2015 μὲν
2529 1944 2645 2012 οὖν,
2697 1947 2773 2013 ὥς
2806 1966 2870 2018 γε
2899 1949 3036 2022 πρὸς
3061 1950 3122 2003 τὸ
3145 1951 3524 2023 προκείμενον.
3575 1950 3640 2003 Τί
3682 1949 3793 2019 γὰρ

2201 2034 2445 2109 διαφέρει
2477 2038 2615 2111 πρὸς
2650 2043 2821 2112 ἡμᾶς,
2846 2042 2879 2114 ἢ
2905 2042 2997 2097 τοῦ
3043 2044 3250 2116 κόσμου
3296 2045 3357 2099 τὸ
3390 2045 3543 2098 Θεῖον
3591 2041 3791 2108 ἐξοικίο

2204 2128 2421 2193 σασθαι,
2461 2131 2555 2183 καὶ
2577 2132 2846 2204 μηδεμίαν
2876 2135 3006 2206 ἡμῖν
3029 2134 3165 2208 πρὸς
3188 2136 3320 2190 αὐτὸ
3342 2137 3626 2190 κοινωνίαν
3649 2135 3789 2189 ἀπο-
3838 2216 3841 2221 Ι

2202 2217 2398 2283 λιπεῖν,
2424 2221 2456 2292 ἢ
2486 2222 2544 2275 ὲν
2573 2223 2765 2295 κόσμῳ
2794 2226 2920 2289 τοὺς
2954 2226 3108 2291 θεοὺς
3134 2227 3515 2303 καθείρξαντα,
3549 2229 3658 2285 τῶν
3695 2228 3792 2284 ἐπὶ

2202 2315 2309 2385 γῆς
2337 2317 2677 2387 πραγμάτων
2705 2319 3048 2390 ἀποστῆσαι;
3077 2320 3213 2374 Κατ’
3244 2321 3357 2375 ἴσον
3400 2321 3510 2394 γὰρ
3543 2324 3788 2394 ἀμφοτέ-

2202 2423 2317 2477 ροις
2343 2407 2404 2461 τὸ
2428 2410 2492 2461 ἐκ
2516 2408 2652 2463 θεῶν
2684 2410 2884 2481 ἀμελὲς
2915 2413 2996 2476 εἰς
3022 2414 3150 2476 τοὺς
3176 2414 3499 2485 ἀνθρώπους
3518 2457 3534 2481 ,
3573 2420 3669 2472 καὶ
3700 2419 3789 2495 ἴση

2200 2501 2311 2562 τοῖς
2331 2498 2608 2555 ἀδικοῦσιν
2629 2501 2741 2556 ἀπὸ
2761 2502 2870 2556 τῶν
2895 2502 3034 2557 θεῶν
3063 2503 3238 2558 ἄδεια.
3268 2506 3340 2559 Τὸ
3369 2506 3425 2560 δὲ
3451 2509 3791 2581 κινουμένων

2200 2587 2308 2642 τῶν
2327 2588 2437 2661 (77)
2456 2592 2579 2644 κατ’
2600 2592 2831 2662 οὐρανὸν
2856 2593 2951 2648 κα)⁵
2975 2595 3124 2665 ἡμᾶς
3138 2612 3192 2649 τι
3216 2598 3451 2667 χρηστὸν
3472 2599 3785 2657 ἀπολαύειψ

2203 2680 2440 2751 μάλιστα
2477 2683 2578 2754 μὲν
2609 2685 2784 2738 κοινὸν
2823 2686 2919 2739 κα).
2947 2686 3157 2753 ἀλόγων
3192 2689 3287 2742 καὶ
3313 2690 3537 2761 ἀψύχων
3556 2708 3569 2722 ⁸
3601 2692 3705 2765 ἤδη
3731 2692 3789 2747 δὲ

2197 2773 2371 2847 ταύτῃ
2398 2791 2483 2843 γε,
2513 2776 2607 2830 καὶ
2630 2776 2749 2830 κατ’
2786 2776 3107 2851 Ἐπίκουρον
3132 2779 3320 2852 ὄνησις
3339 2785 3451 2848 τοῖς
3477 2783 3787 2855 ἀνθρώποις

2197 2866 2306 2920 ἀπὺ
2350 2866 2488 2921 θεῶν
2537 2868 2767 2937 γίνεται.
2817 2870 2929 2934 Τὰς
2964 2872 3096 2940 γοῦν
3154 2873 3428 2944 βελτίονας
3482 2878 3786 2951 ἀπορροίας

2196 2958 2374 3012 αὐτῶν
2419 2977 2551 3030 φασι
2585 2963 2695 3025 τοῖς
2729 2962 3055 3033 μετασχοῦσι
3102 2966 3352 3035 μεγάλων
3385 2968 3606 3037 ἀγαθῶν
3641 2988 3784 3044 παρ-

2193 3052 2375 3115 αιτίας
2401 3051 2677 3121 γενέσθαι.
2720 3053 2859 3107 Ἀλλ’
2890 3054 3016 3108 οὔτε
3039 3055 3251 3123 τοῦτον,
3286 3058 3411 3113 οὔτε
3439 3062 3642 3116 ἐκεῖνον
3670 3060 3782 3135 (78)

2195 3140 2402 3199 δίκαιον
2437 3145 2495 3196 ἐν
2526 3144 2791 3214 Προνοίας
2838 3145 3187 3218 ἀριθμεῖσθαι
3235 3149 3403 3222 λόγῳ.
3453 3153 3631 3227 Εἴπερ
3674 3154 3784 3227 γάρ

2196 3235 2292 3288 καὶ
2318 3236 2438 3289 κατ’
2476 3236 2801 3310 Ἐπίκουρον
2828 3238 2888 3292 τὸ
2913 3240 3012 3312 τῆς
3043 3241 3307 3315 Προνοίας
3338 3244 3567 3316 οἴχεται,
3605 3249 3784 3304 καίτοι

2192 3327 2302 3380 τῶν
2333 3326 2472 3383 θεῶν
2519 3329 2640 3381 κατ’
2669 3329 2832 3384 αὑτὸν
2878 3333 3060 3386 πᾶσαν
3119 3335 3448 3407 κηδεμονίαν
3498 3339 3639 3412 ὑπὲρ
3683 3341 3783 3412 τῆς

2195 3419 2470 3492 σωτηρίας
2503 3421 2610 3477 τῶν
2648 3423 2866 3477 οἰκείων
2890 3424 3114 3494 ἀγαθῶν
3138 3429 3540 3501 εἰσφερομένων
3561 3448 3573 3461 ·
3607 3432 3780 3498 οὕτως

2191 3512 2258 3568 ἂν
2292 3514 2492 3583 οἴχοιτο
2519 3517 2613 3569 καὶ
2632 3516 2753 3569 κατ’
2795 3517 3176 3593 Ἀριστοτέλην
3200 3521 3261 3574 τὸ
3290 3522 3390 3593 τῆς
3417 3523 3704 3594 Προνοίας,
3729 3527 3779 3579 εί

2192 3605 2287 3659 καὶ
2318 3605 2388 3659 τὰ
2410 3607 2533 3659 κατ’
2557 3608 2786 3679 οὐρανὸν
2819 3611 2877 3662 ἐν
2902 3609 3054 3676 τάξει
3086 3613 3193 3667 τινὶ
3222 3614 3315 3668 καὶ
3342 3615 3531 3688 κόσμῳ
3558 3617 3777 3672 διοικεῖ-

2189 3713 2298 3751 ται.
2332 3697 2594 3769 Πρόνοιαν
2619 3699 2729 3771 γάρ
2753 3700 3022 3774 ζητοῦμεν
3048 3706 3184 3776 ἡμῖν
3211 3707 3599 3780 διαφέρουσαν,
3620 3705 3690 3783 ἧς
3714 3712 3777 3765 οὐ

2193 3788 2413 3860 μέτεστι
2439 3790 2518 3862 τῷ
2558 3793 2697 3864 μήτε
2724 3792 3007 3866 δαίμονας,
3039 3800 3177 3870 μήτε
3223 3799 3428 3873 ἥρωας,
3472 3804 3611 3875 μήτε
3641 3803 3778 3869 ὅλως

2188 3880 2556 3953 ἐπιδιαμένειν
2610 3884 2870 3941 δύνασθαι
2919 3887 3019 3954 τὰς
3066 3890 3245 3963 ψυχὰς
3306 3896 3772 3968 συγκεχωρηκότι.

2201 3975 2409 4031 Ἐκεῖνο
2441 3977 2499 4031 δέ
2550 3996 2641 4050 μοι
2680 3984 2842 4054 κριτῇ
2884 3986 2980 4039 καὶ
3026 3988 3512 4062 αίσχυντηλότερον
3542 3993 3572 4046 ὁ
3621 3991 3774 4047 Ἐπί-

2187 4083 2382 4140 κουρος
2410 4069 2560 4123 δοκεῖ
2590 4075 2973 4143 πεποιηκέναι.
3018 4079 3228 4152 Ὥσπερ
3265 4081 3376 4154 γὰρ
3396 4082 3670 4152 ἀπογνοὺς
3692 4084 3774 4139 δύ-

2186 4160 2379 4215 νασθαι
2400 4162 2528 4228 τοὺς
2554 4163 2719 4231 θεοὺς
2751 4167 3090 4242 ἀποσχέσθαι
3123 4172 3224 4243 τῆς
3270 4173 3573 4246 ἀνθρώπων
3610 4178 3771 4250 κηδε-

2187 4253 2396 4323 μονίας,
2433 4255 2516 4321 εἰς
2543 4258 2740 4311 ταύτὸν
2768 4258 3023 4328 ἐλθόντας
3050 4264 3252 4330 αὐτοῖς,
3288 4265 3540 4341 καθάπερ
3567 4271 3647 4335 εἰς
3678 4270 3771 4325 ἀλ-

2182 4342 2423 4417 λοδαπὴν
2470 4347 2741 4420 ἀπῴκισε,
2782 4353 2876 4407 καὶ
2914 4353 3021 4420 ἔξω
3073 4374 3177 4410 που
3231 4357 3328 4412 τοῦ
3363 4360 3569 4433 κόσμου
3614 4364 3771 4419 καθί-

2181 4434 2366 4506 δρυσε,
2399 4436 2459 4490 τὸ
2506 4439 2873 4513 ἀπάνθρωπον
2904 4442 3087 4497 αὐτῶν
3120 4447 3187 4517 τῇ
3226 4447 3526 4503 ἀποστάσει
3577 4451 3672 4505 καὶ
3699 4455 3767 4525 τῇ

496 4509 649 4565 tione
695 4513 908 4570 ordinis
954 4516 1159 4587 aliquid
1192 4531 1534 4594 ornatusque
1574 4509 1840 4587 videatur.
1875 4533 1946 4589 At
1977 4552 2080 4593 nos

2194 4525 2320 4597 πρὸς
2356 4526 2504 4583 ἅπαν
2561 4509 2929 4605 ἀκοινωνησίᾳ
2955 4533 3068 4606 (79)
3110 4509 3563 4610 παραιτούμενος.
3622 4543 3681 4597 Ὁ

476 4612 641 4670 eam,
679 4619 802 4674 quae
832 4619 1021 4665 nostra
1054 4612 1292 4682 intersit,
1328 4615 1732 4677 Providentiam
1754 4629 2076 4699 quaerimus,

495 4711 605 4765 qua
642 4711 776 4754 sane
815 4711 1001 4757 careat
1065 4715 1308 4776 oportet,
1363 4711 1457 4781 qui
1514 4728 1615 4769 nec
1660 4714 1934 4777 daemones
1984 4733 2079 4778 aut

496 4787 712 4858 heroes,
737 4806 840 4848 nec
866 4794 1083 4852 animos
1111 4813 1340 4868 prorsus
1373 4803 1517 4861 ullos
1549 4809 1914 4878 sempiternos
1954 4831 2081 4872 esse

493 4880 777 4937 concedat.
826 4882 895 4939 Et
940 4900 1093 4953 vero,
1127 4905 1218 4946 me
1254 4892 1479 4963 judice,
1534 4901 1898 4960 verecundius
1949 4904 2078 4962 fecit

492 4967 784 5040 Epicurus,
810 4976 905 5045 qui
929 4978 1077 5048 quod
1107 4980 1224 5037 ﬁeri
1256 4999 1421 5054 posse
1446 4987 1778 5059 desperaret,
1812 4996 1889 5050 uti
1924 5012 1983 5053 se
2006 4999 2076 5054 ab

492 5064 779 5123 hominum
803 5084 958 5135 cura,
1001 5073 1048 5128 si
1081 5075 1251 5131 semel
1298 5092 1424 5135 cum
1466 5080 1535 5137 iis
1562 5098 1934 5159 versarentur,
1979 5108 2074 5147 su-

562 5288 676 5361 (73)
711 5292 871 5350 Forte
901 5296 1026 5351 add.
1053 5299 1181 5353 οὐδ’.

704 5362 864 5444 forte
889 5368 1011 5444 add.
1037 5372 1159 5444 οὐκ.
1265 5442 1297 5444 Μ
2002 5436 2011 5444 ,

564 5430 679 5520 (75)
709 5436 1213 5520 Χρηστόςροντιν.
1259 5442 1452 5520 Forte,
1498 5449 1762 5520 χρηστός,
1806 5452 1910 5508 hoc
1947 5436 2071 5511 loco

491 5501 935 5585 χαρίειςιηνιιιεο,
960 5501 1216 5585 plaisnnt.
1248 5501 1516 5585 gradietur:

707 5571 873 5648 Forte
892 5571 996 5635 del.
1027 5584 1195 5648 τινάς.

563 5579 676 5713 (76)
708 5579 869 5631 Forte
892 5579 996 5635 del.
1027 5584 1195 5648 τινάς.
1248 5579 1268 5585 ⁷
1372 5655 1397 5667 _
1680 5662 1690 5673 _

709 5645 887 5736 race
913 5656 1464 5736 gcfovpérwrfwf,
1492 5668 1596 5736 etc.
1635 5659 1695 5717 St
1736 5665 2068 5736 κινουμένων

497 5711 837 5804 placetLlege
867 5720 1046 5804 αὐτιξν
1082 5711 1377 5804 prone-(BV.
1407 5711 2065 5804 séd'ﬁrééni',"6ﬁi{6},

494 5788 620 5838 ‘cum
647 5785 818 5843 altero
837 5804 942 5847 ms.
973 5785 1181 5863 Pegfet
1204 5795 1437 5855 Montac.
1464 5785 1821 5872 legerreirbné‘
1844 5785 2067 5862 ἐξεῖνων

2183 4619 2437 4690 περιττὸς
2482 4622 2613 4693 ἡμῖν
2639 4617 2794 4688 οὗτος
2844 4625 2946 4698 τῆς
2972 4625 3190 4697 φύσεως
3235 4630 3481 4704 εὑρετὴς,
3514 4634 3610 4688 καὶ
3656 4634 3768 4690 τῶν

2181 4707 2341 4763 θείων
2366 4712 2705 4784 πραγμάτων
2757 4715 3088 4789 ἐπιγνώμων
3133 4720 3368 4793 ἀκριϐὴς
3393 4761 3409 4787 ,
3461 4723 3553 4776 ὑπ’
3594 4724 3763 4797 αὐτὴν

2178 4801 2277 4872 τὴν
2310 4801 2431 4873 ὄψιν
2451 4803 2561 4858 τῶν
2584 4804 2722 4861 θεῶν
2749 4809 2820 4863 τὰ
2845 4808 3162 4883 ἀνθρώπινα
3182 4812 3485 4885 πράγματα
3517 4817 3759 4882 ὑποθεὶς,

2179 4892 2361 4946 εἴασεν
2385 4893 2707 4967 ἀτημέλητα
2738 4898 2834 4952 καὶ
2865 4900 3220 4973 ἀφρόντιστα,
3255 4903 3418 4973 φύσει
3445 4906 3554 4960 τινὶ
3588 4907 3678 4962 mi
3697 4909 3759 4961 οὐ

2179 4982 2307 5056 θείῳ
2339 4984 2586 5060 λογισμῷ
2615 4989 2981 5063 διοικούμενα.
3006 4992 3168 5048 Ὅθεν
3196 4995 3421 5061 εἰκότως
3443 4995 3509 5051 ἂν
3540 4998 3635 5052 κα)⁵
3656 4999 3757 5052 αὺ-

2175 5074 2267 5139 τὸς
2300 5077 2409 5132 οὐδ’
2444 5079 2621 5133 ἐκεῖνο
2650 5080 2711 5133 τὸ
2740 5079 2992 5154 ἔγκλημα
3022 5083 3273 5155 ἐκφύγοι,
3310 5086 3338 5139 ὃ
3359 5087 3479 5140 κατ’
3516 5088 3761 5143 Ἐπίκου-

2177 5323 2577 5398 μενρντωνηκατ
2623 5342 2870 5398 ούρανον,
2906 5337 3010 5383 etc.

2245 5393 2356 5465 (78)
2388 5395 2542 5485 ρῦτε
2570 5393 2819 5485 ῖοῦτογ,
2873 5399 3013 5485 edge
3039 5399 3642 5485 ἐκεῖναί-..ιιᾚεηιιιιςη
3672 5403 3756 5485 vi-

2172 5464 2480 5542 detur’oi'ns
2504 5466 2683 5533 τοῦτο,
2717 5465 2842 5521 οὔτε
2873 5471 3069 5537 ἐκεῖνο,
3103 5472 3318 5528 tametsi
3346 5464 3561 5542 vulgata
3592 5473 3754 5529 lectio

2172 5532 2299 5589 ferri
2327 5536 2521 5593 possit.

2245 5605 2355 5679 (79)
2396 5606 2582 5662 ’Ἁπαν
2616 5609 3046 5679 ἀκοινωνησίᾳ.
3081 5609 3158 5665 Ita
3203 5627 3271 5667 ex
3309 5612 3484 5667 altero
3517 5628 3624 5668 ms.
3664 5628 3749 5669 re-

2170 5676 2351 5764 posui,
2384 5691 2510 5764 cum
2552 5694 2841 5764 perperam
2866 5676 3006 5762 ante
3042 5682 3347 5764 legeretur,
3382 5683 3597 5764 ἅπαντα
3639 5700 3751 5737 κοι-

2169 5745 2591 5875 νωνίᾳωίιυίιιιῐε
2627 5745 2692 5807 ex
2733 5750 2911 5810 verbis
2955 5745 3266 5811 contrarius
3291 5745 3518 5818 omnino
3550 5768 3754 5813 sensus

2170 5824 2369 5875 exsrstc
2408 5828 2482 5874 at.

2170 5817 2482 5877 exsistebat.
