4144 6480
404 387 541 440 1515

1562 381 1882 436 ΡιιΑερΛῐι.
1927 382 2180 440 EVANG.
2223 384 2350 438 LIB.
2398 385 2513 439 XV.

3516 393 3659 453 13M-

401 505 493 579 ρόν
525 502 635 576 (80)
661 521 802 569 τινες
840 504 1220 575 μαντεύονται⁸
1257 504 1333 568 ὡς
1373 504 1480 575 ἄρα
1521 504 1596 575 μὴ
1636 504 1778 557 κατὰ
1828 504 1949 573 γνὼ-

2075 507 2188 576 peri
2240 506 2599 575 abstinerent,
2652 522 2749 564 eos
2778 509 2859 565 sic
2901 518 3161 581 tanquam
3215 512 3270 569 in
3304 515 3654 587 peregrinum

402 612 530 669 μην,
565 595 700 650 ἀλλά
719 595 806 651 διὰ
829 597 891 649 τὸ
906 597 1041 667 πρὸς
1073 595 1375 669 ἀνθρώπων
1402 596 1520 660 δέος
1543 597 1656 660 τοῖς
1682 595 1824 660 Θεοῖς
1848 613 1970 650 κατ-

399 690 613 756 ένειμεν
647 687 704 739 ὲν
734 684 811 756 τῷ
830 685 994 739 παντὶ
1035 686 1240 759 χώραν,
1275 686 1465 757 ὥσπερ
1484 688 1542 738 ὲν
1575 685 1789 757 θεάτρῳ
1817 684 1967 741 θέαν.

398 776 708 849 Τεκμήριον
734 777 791 831 δὲ
811 777 1089 831 ποιοῦνται
1128 778 1228 848 τῆς
1250 777 1476 848 γνώμης
1503 775 1599 830 τοῦ
1634 776 1847 843 ἀνδρὸς,
1888 776 1972 829 ὅτι

396 870 573 923 αὐτῶν
607 870 790 940 ἀφεῖλε
817 872 915 943 τὴν
948 870 1083 941 πρὸς
1118 872 1263 941 ἡμᾶς
1289 870 1588 942 ἐνέργειαν,
1612 869 1671 934 ἐξ
1706 864 1775 941 ἦς
1804 868 1972 939 μόνης

398 963 459 1016 τὸ
495 959 633 1017 εἶναι
656 964 780 1027 τοὺς
807 963 961 1027 θεοὺς
992 962 1185 1032 ἔμελλε
1217 962 1315 1035 τὴν
1347 963 1563 1016 δικαίαν
1597 962 1780 1014 πίστιν
1807 960 1967 1025 ἕξειν.

398 1054 472 1109 Τὸ
498 1054 604 1125 γάρ
636 1055 767 1108 αὐτὸ
794 1055 948 1109 τοῦτο
975 1057 1067 1108 καὶ
1105 1054 1475 1127 Ἀριστοτέλης
1504 1056 1664 1107 ποιεῖ.
1708 1054 1972 1125 Ἀποστή-

398 1163 496 1211 σας
530 1146 639 1218 γὰρ
663 1146 795 1219 (8|),
824 1148 919 1200 καὶ
962 1147 1232 1220 παραδοὺς
1283 1146 1402 1216 ὄψει
1435 1145 1571 1217 μόνῃ
1612 1146 1713 1215 τὴν
1767 1146 1967 1208 πίστιν,

394 1238 680 1311 πράγματι
705 1238 910 1309 κρίνειν
944 1237 1160 1290 ἀσθενεῖ
1187 1236 1256 1291 τά
1285 1238 1352 1290 ὲκ
1390 1235 1645 1289 τοσούτου
1676 1234 1860 1305 διαστή
1870 1252 1970 1305 μα-

392 1347 502 1396 τος,
528 1330 645 1400 τάχ’
671 1330 737 1384 ἂν
757 1331 895 1383 αἰδοῖ
922 1329 1104 1401 δοκοίη
1135 1329 1314 1395 λέγειν
1342 1326 1578 1381 ἐνταῦθα
1612 1322 1752 1380 εἶναι
1790 1326 1966 1390 θεούς.

392 1423 467 1475 Οὐ
496 1423 604 1494 γὰρ
632 1422 913 1476 ἀπολιπὼν
938 1422 1042 1489 ἔξω
1070 1440 1121 1475 τι
1151 1420 1245 1474 τοῦ
1285 1420 1511 1492 κόσμου,
1557 1418 1672 1473 ἀλλ’
1699 1418 1819 1471 οὐδὲ
1857 1421 1969 1481 τοῖς

391 1512 486 1564 ἐπὶ
504 1514 606 1581 γῆς
627 1513 992 1583 προσαγαγὼν
1027 1514 1155 1577 τοὺς
1179 1512 1356 1578 θεοὺς,
1393 1512 1639 1582 ἀνάγκην
1663 1509 1821 1580 ἔσχεν
1851 1510 1968 1580 ἦτοι

392 1605 736 1659 παντάπασιν
770 1607 925 1670 ἄθεος
965 1602 1107 1660 εἶναι
1142 1604 1442 1676 ὁμολογεῖν,
1467 1603 1500 1675 ἢ
1526 1602 1619 1656 τοῦ
1650 1601 1825 1655 δοκεῖν
1854 1600 1966 1673 (82)

391 1696 673 1749 ἀπολιπεῖν
703 1696 857 1762 θεοὺς
884 1698 1040 1763 δόξαν
1071 1695 1393 1763 ἀνασώζειν,
1427 1693 1663 1748 ἐνταῦθά
1701 1710 1803 1746 που
1842 1693 1969 1756 τοὺς

391 1786 546 1850 θεοὺς
574 1787 881 1853 ἀποικίσας.
914 1788 971 1842 '0
993 1788 1050 1841 δὲ
1065 1789 1162 1860 τὴν
1182 1787 1289 1841 τῶν
1323 1785 1646 1858 κρειττόνων
1682 1784 1965 1857 ἀκρίϐειαν

2075 598 2299 668 aliquod
2351 600 2529 654 solum
2568 600 2879 671 ablegatos,
2924 614 3075 658 extra
3133 608 3399 662 mundum
3451 610 3654 666 alicubi

2075 690 2387 756 collocarit;
2447 705 2663 746 omnem
2696 691 2765 747 ab
2804 693 2874 748 iis
2918 694 3338 751 inhumanitatis
3383 700 3655 768 suspicio-

2073 796 2223 848 nem,
2274 783 2379 837 hoc
2427 798 2618 838 eorum
2654 783 2903 852 dissidio,
2956 795 3120 856 atque
3154 787 3257 843 hac
3288 788 3357 843 ab
3392 790 3653 846 universo

2072 872 2438 942 disjunctione
2470 873 2765 943 depellens.
2818 876 2887 929 At
2924 892 3056 931 vero
3102 885 3290 933 noster
3320 878 3410 933 hic
3440 888 3653 934 naturae

2073 978 2325 1019 summus
2355 964 2644 1034 indagator
2664 1009 2679 1031 ,
2726 980 3021 1037 rerumque
3053 966 3364 1023 divinarum
3399 970 3654 1040 explora-

2074 1061 2158 1108 tor
2191 1061 2299 1108 tam
2332 1062 2622 1109 accuratus
2652 1070 2717 1110 ac
2749 1056 3002 1128 diligens,
3053 1058 3145 1112 ubi
3177 1074 3266 1113 res
3300 1059 3563 1116 humanas
3594 1062 3652 1118 in

2072 1145 2192 1214 ipso
2234 1146 2461 1200 deorum
2509 1156 2803 1217 conspectu
2842 1150 3064 1218 posuit,
3121 1151 3339 1205 easdem
3390 1152 3460 1206 ab
3499 1156 3652 1209 omni

2070 1251 2260 1291 eorum
2313 1252 2444 1292 cura
2494 1240 2895 1308 ettprovisione
2947 1240 3236 1298 destitutas
3295 1243 3538 1313 reliquit,
3586 1260 3653 1300 ac

2073 1336 2266 1397 suapte
2320 1328 2558 1397 quadam
2620 1339 2817 1386 natura
2870 1333 3075 1402 potius,
3127 1349 3292 1403 quam
3324 1334 3508 1389 divina
3541 1336 3651 1391 ulla

2072 1415 2281 1470 ratione
2312 1417 2652 1488 consilioque
2685 1421 3042 1490 gubernatas.
3088 1421 3269 1489 Quare
3294 1439 3364 1478 ne
3400 1425 3650 1481 criminis

2070 1508 2292 1577 quidem
2328 1508 2476 1564 illius
2524 1512 2894 1580 suspicionem
2947 1512 3188 1585 ell'ugiat,
3239 1515 3385 1584 quod
3419 1515 3487 1570 de
3518 1515 3643 1586 Epi-

2070 1616 2205 1656 curo
2232 1602 2482 1656 nonnulli
2521 1603 2863 1672 cogitarunt;
2892 1620 3016 1659 eum
3046 1620 3154 1659 non
3187 1607 3333 1675 quod
3376 1605 3450 1660 ita
3479 1608 3647 1662 senti-

2069 1700 2181 1757 ret,
2210 1692 2305 1747 sed
2334 1692 2480 1763 quod
2515 1692 2800 1749 hominum
2845 1696 2912 1750 de
2962 1712 3021 1751 se
3044 1696 3253 1765 judicia
3286 1697 3645 1764 formidaret,

2071 1782 2174 1838 hoc
2207 1783 2263 1837 in
2299 1783 2554 1838 universo
2583 1783 2712 1849 diis,
2765 1784 2846 1840 sic
2895 1794 3156 1856 tanquam
3201 1786 3256 1841 in
3292 1789 3527 1857 theatro,
3560 1790 3641 1845 lo-

389 1880 865 1950 παραιτησάμενος
893 1884 960 1952 τῇ
985 1855 1196 1953 ἀμιξίᾳ,
1229 1855 1403 1933 ἔοικεν
1444 1855 1799 1948 εὐσχημόνως
1836 1877 1949 1930 ἀπι-

2067 1886 2193 1927 cum
2220 1872 2499 1942 spectandi
2526 1872 2763 1942 aliquem
2798 1855 3077 1930 tribuisse.
3108 1874 3282 1943 Quem
3312 1879 3379 1933 ad
3408 1855 3645 1936 hominis

390 1974 535 2024 στεῖν
562 1975 673 2036 τοῖς
702 1972 861 2037 θεοῖς.
908 1992 927 2025 ι
960 1972 1193 2026 Ταῦταό
1240 1971 1482 2035 Ἀττικὸς
1533 1969 1670 2034 πρὸς
1719 1969 1963 2039 Ἀριστο-

2061 1978 2283 2019 sensum
2314 1963 2418 2019 hac
2458 1966 2773 2033 conjectura
2806 1965 3104 2033 ducuntur,
3142 1969 3291 2038 quod
3331 1985 3550 2026 omnem
3577 1972 3644 2027 iis

386 2059 566 2132 τέλην,
597 2063 1001 2135 χρεοκοποῦντα
1028 2064 1119 2118 τὸν
1153 2064 1281 2135 περὶ
1301 2062 1564 2134 Προνοίας
1602 2061 1781 2131 λόγον.
1826 2061 1884 2114 '0
1915 2061 1949 2114 δ

2058 2069 2189 2124 erga
2213 2068 2313 2109 nos
2345 2054 2720 2124 operationem
2754 2055 3040 2120 ademerit,
3068 2073 3135 2113 ex
3158 2075 3265 2129 qua
3296 2070 3480 2117 tamen
3507 2079 3641 2127 una,

385 2150 545 2215 αὐτὸς
564 2152 641 2206 ἔτι
675 2156 769 2207 καὶ
795 2155 967 2208 ταῦτα
982 2158 1093 2220 τοῖς
1120 2154 1429 2227 εἰρημένοις
1446 2153 1792 2225 προστίθησι,
1825 2151 1949 2224 πρὸς

2059 2149 2191 2205 deos
2222 2163 2344 2204 esse
2393 2148 2572 2219 colligi
2619 2149 2813 2205 merito
2858 2151 3119 2221 credique
3166 2153 3467 2210 debuisset.
3521 2151 3640 2211 Hoc

314 2230 317 2233 ’
383 2243 475 2297 τὸν
516 2246 677 2299 αὐτὸν
726 2247 1139 2319 ἀποτεινόμενος
1157 2289 1173 2313 ,
1223 2246 1298 2320 μὴ
1330 2245 1653 2317 βουλόμενον
1703 2242 1949 2316 γεννητδι

2066 2240 2214 2296 enim
2240 2240 2383 2295 idem
2420 2239 2549 2295 facit
2574 2240 2914 2298 Aristoteles.
2946 2242 3085 2298 Nam
3114 2245 3209 2315 qui
3239 2246 3403 2302 simul
3430 2256 3484 2302 et
3512 2248 3644 2303 deos

382 2331 523 2390 εἶναι
553 2338 643 2391 τὸν
668 2338 890 2410 κόσμον.

2062 2330 2256 2402 procul
2282 2330 2411 2385 hinc
2443 2331 2673 2401 ableget,
2698 2341 2753 2387 et
2791 2332 2888 2387 uni
2925 2340 3108 2389 tamen
3137 2336 3427 2391 oculorum
3453 2339 3643 2393 sensui

383 2427 544 2482 ﬁdem
575 2429 865 2500 relinquat,
895 2429 989 2500 qui
1020 2445 1214 2485 sensus
1239 2430 1306 2485 de
1335 2430 1500 2485 rebus
1526 2438 1637 2484 tam
1656 2424 1945 2497 disjunctis
1982 2436 2047 2477 ac
2086 2418 2297 2476 dissitis
2355 2418 2637 2489 judicandi
2665 2420 2777 2475 vim
2817 2420 2982 2477 habet
3009 2438 3142 2479 sane
3162 2441 3326 2495 quam
3351 2426 3604 2497 exiguam
3624 2450 3641 2484 :

380 2521 452 2585 is,
487 2521 701 2592 Opinor,
736 2522 947 2593 pudore
974 2523 1239 2578 adductus
1290 2538 1417 2589 uno,
1455 2524 1588 2578 deos
1626 2520 1749 2576 istic
1783 2518 2054 2574 collocare
2106 2513 2277 2569 videri
2338 2512 2531 2582 possit.
2565 2512 2780 2585 Quippe
2812 2531 2939 2570 cum
3006 2531 3107 2571 nec
3170 2527 3325 2573 extra
3371 2519 3641 2575 mundum

380 2616 677 2685 qnidquam
700 2631 823 2672 esse
849 2616 997 2681 velit,
1023 2624 1078 2672 et
1106 2618 1174 2672 ab
1203 2617 1354 2673 omni
1386 2626 1655 2672 terrarum
1735 2609 2065 2669 commercio
2124 2607 2255 2662 deos
2303 2606 2659 2675 submoveat,
2716 2623 2941 2664 necesse
3006 2609 3229 2665 omnino
3258 2610 3381 2679 luit,
3419 2621 3499 2666 uti
3546 2619 3642 2666 aut

378 2719 438 2760 ne
482 2705 661 2775 palam
696 2706 916 2762 atheum
948 2705 1245 2772 fateretur,
1277 2717 1372 2762 aut
1447 2706 1757 2777 agnitorum
1797 2703 1893 2757 abs
1932 2716 1990 2757 se
2027 2699 2254 2754 deorum
2324 2698 2657 2770 opinionem,
2713 2714 2809 2755 eos
2857 2701 2999 2755 istuc
3044 2701 3408 2769 amandando,
3438 2712 3638 2759 utcun-

379 2809 486 2865 que
539 2794 813 2851 retineret.
867 2797 939 2850 At
967 2812 1098 2853 vero
1145 2798 1282 2852 alter
1322 2799 1432 2864 ille,
1474 2797 1570 2868 qui
1631 2809 1862 2865 superos
1892 2791 1963 2847 ob
2001 2804 2162 2846 suum
2190 2788 2323 2844 illud
2358 2804 2387 2844 a
2434 2789 2598 2844 rebus
2627 2791 2831 2845 nostris
2868 2790 3176 2859 dissidium,
3245 2802 3352 2848 tam
3395 2795 3639 2865 diligenti

377 2906 509 2947 cura
555 2892 834 2960 liberavit;
883 2909 1048 2964 quam
1101 2894 1234 2949 deos
1264 2910 1404 2962 ,esse
1456 2895 1636 2950 nullos
1681 2899 1854 2964 putet,
1923 2888 2119 2943 decore
2176 2886 2371 2941 saltem
2450 2886 2784 2959 honesteque
2839 2888 3170 2944 dissimulat.
3233 2908 3251 2941 ι
3296 2889 3457 2960 801
3508 2890 3637 2948 Haec

379 2985 588 3040 Atticus
628 2984 892 3041 adversus
938 2985 1285 3041 Aristotelem
1361 2987 1559 3043 divinae
1616 2982 1982 3042 Providentiae
2052 2980 2163 3036 vim
2220 2978 2608 3035 succidentem.
2673 2979 2884 3047 Quibus
2944 2982 3000 3036 in
3041 2981 3294 3036 eumdem
3349 2987 3634 3053 sequentia

270 4302 275 4313 ‘
369 4290 547 4344 πάντα
578 4289 759 4361 ζητεῖν
791 4290 1084 4358 ἀναγκαῖον
1123 4287 1426 4358 ἡγούμενος
1449 4305 1463 4319 ’

374 3077 568 3135 deinde
588 3076 885 3148 subjungit,
924 3077 1070 3147 quod
1098 3080 1361 3133 mundum
1386 3087 1567 3135 ortum
1596 3094 1719 3135 esse
1760 3075 1946 3132 nollet.

895 3190 1290 3248 ΚΕΦΑΛΑῙΟΝ
1329 3196 1418 3262 σν.

378 3304 490 3360 Τοῦ
521 3304 710 3375 αὐτοῦ
742 3304 891 3374 πρὸς
919 3303 1028 3359 τὸν
1048 3304 1257 3375 αὐτόν,
1306 3304 1686 3375 διενεχθέντα
1704 3299 1951 3357 Μωῦσεῖ

444 3374 546 3430 καί
570 3373 865 3445 Πλάτωνι,
899 3375 997 3428 καὶ
1020 3375 1090 3427 ἐν
1113 3373 1194 3441 τῷ
1222 3376 1309 3445 μὴ
1350 3373 1687 3445 συγχωρεῖν
1729 3389 1941 3445 γεννη-

444 3445 553 3500 τόν
581 3441 734 3499 εἶναι
774 3444 881 3499 τὸν
916 3447 1169 3514 κόσμον.

356 3576 363 3583 ·
442 3558 613 3613 Πάλιν
644 3559 925 3623 Μωῦσέως
956 3558 1210 3630 γεννητὸν
1235 3553 1373 3612 εἶναι
1397 3558 1488 3613 τὸν
1524 3558 1727 3629 κόσμον
1771 3557 1949 3628 ὁρισα-

373 3652 559 3723 μένου,
591 3651 819 3722 ποιητήν
838 3667 897 3704 τε
926 3650 1020 3704 καὶ
1043 3650 1369 3721 δημιουργὸν
1400 3652 1511 3713 τοῖς
1536 3649 1676 3711 ὅλοις
1706 3646 1795 3700 τὸν
1815 3647 1945 3699 Θεὸν

369 3744 779 3815 ἐπιστήσαντος,
808 3742 904 3796 τοῦ
944 3760 1004 3797 τε
1030 3743 1315 3807 Πλάτωνος
1347 3741 1417 3796 τά
1452 3743 1541 3796 ἴσα
1580 3743 1804 3796 Μωῦσεῖ
1855 3757 1944 3809 (pt-

369 3834 755 3906 λοσοφούντος·
804 3835 903 3906 τὴν
952 3836 1200 3890 ἐναντίαν
1242 3838 1344 3891 κάν
1386 3833 1592 3898 τούτοις
1624 3836 1653 3888 ό
1704 3833 1945 3905 Ἀριστο-

368 3927 529 4000 τέλης
580 3927 803 3990 ὁδεύσας
860 3926 1219 3999 ἀπελέγχεται
1281 3926 1415 4000 πρὸς
1469 3924 1564 3979 τού
1615 3925 1943 3998 δηλωθέντπ

373 4016 767 4089 συγγραφέως,
800 4009 903 4071 ὦδε
952 4016 1089 4088 πρὸς
1146 4017 1296 4088 ῥῆμα
1343 4016 1664 4088 γράφοντος.
1723 4033 1741 4065 ι
1788 4015 1944 4087 Πρῶ-

376 4125 461 4160 τον
499 4108 564 4179 δὴ
611 4107 722 4178 (85)
747 4106 875 4179 περὶ
920 4106 1186 4175 γενέσεως
1237 4106 1443 4178 κόσμου
1476 4104 1694 4159 σκοπῶν
1720 4144 1734 4169 ,
1766 4105 1942 4159 καὶτὸ

376 4198 464 4269 τῆς
495 4198 760 4270 Προνοίας
796 4197 857 4250 τὸ
891 4196 1035 4268 μέγα
1072 4196 1229 4250 τοῦτο
1257 4196 1352 4250 καὶ
1380 4195 1719 4264 πολυωφελὲς
1765 4195 1943 4266 δόγμα

1509 4287 1605 4341 καὶ
1649 4286 1942 4358 λογισάμε-

370 4399 477 4446 νος,
525 4382 605 4435 ὅτι
629 4380 707 4452 τῷ
743 4380 816 4453 μὴ
860 4379 1157 4451 γενομένῳ,
1198 4377 1320 4433 οὔτε
1372 4379 1515 4443 τινὸς
1545 4378 1791 4451 ποιητοῦ,
1813 4377 1938 4432 οὔτε

375 4472 511 4536 τινὸς
542 4473 835 4544 κηδεμόνος
872 4470 1007 4544 πρὸς
1028 4470 1089 4524 τὺ
1114 4469 1365 4538 γενέσθαι
1394 4470 1574 4534 καλῶς
1621 4471 1778 4541 χρεία
1796 4512 1811 4535 ,
1854 4471 1939 4524 ἵνα

371 4565 445 4637 μὴ
466 4567 813 4639 ἀποστερήσῃ
832 4565 925 4619 τὸν
955 4565 1156 4635 κόσμον
1184 4564 1285 4635 τῆς
1312 4563 1578 4636 Προνοίας
1600 4602 1616 4628 ,
1648 4564 1837 4633 ἀφεῖλε
1876 4564 1936 4617 τὸ

368 4659 660 4730 ἀγέννητον
690 4658 876 4714 αὑτοῦ.
911 4658 1332 4733 Παραιτούμεθα
1361 4658 1418 4711 δὲ
1449 4656 1544 4711 νῦν
1577 4657 1652 4728 μὴ
1687 4655 1939 4728 ἐμποδὼν

368 4752 499 4822 ἡμῖν
519 4752 646 4815 τοὺς
672 4750 780 4805 ἀπὸ
799 4751 896 4822 τῆς
924 4752 1093 4821 αὐτῆς
1135 4752 1318 4815 ἑστίας
1364 4746 1521 4813 εἶναι,
1577 4743 1660 4812 οἷς
1715 4748 1938 4819 ἀρέσκει

367 4842 462 4896 καὶ
492 4842 633 4897 κατά
665 4841 930 4896 Πλάτωνα
961 4841 1050 4895 τὸν
1080 4843 1283 4913 κόσμον
1314 4840 1609 4911 ἀγέννητον
1656 4835 1814 4893 εἶναι.
1848 4839 1940 4891 Δί-

366 4950 510 4988 καιοι
539 4933 648 5007 γάρ
668 4936 805 4989 εἰσιν
834 4936 965 5007 ἡμῖν
994 4933 1320 5005 συγγνώμην
1353 4933 1559 5004 νέμειν,
1595 4934 1642 4996 εξ
1677 4933 1805 5004 περὶ
1831 4930 1938 4985 τῶν

437 5112 548 5184 (80)
588 5117 713 5184 Κατ
766 5114 1143 5184 Ἐπίκουρον.
1176 5113 1428 5169 Libenter
1463 5128 1789 5184 reponerem
1816 5113 1937 5168 κατ’

376 5182 720 5255 Ἐπικούρου.
751 5182 1017 5239 Caeterum
1062 5185 1150 5239 hic
1178 5185 1563 5255 nonnullorum
1592 5185 1658 5238 de
1702 5182 1938 5255 Epicuro

366 5267 583 5323 sensus,
607 5252 638 5308 a
667 5252 843 5307 Tullio
863 5255 1194 5323 agnoscitur,
1221 5255 1311 5307 lib.
1341 5270 1357 5308 t
1386 5254 1461 5308 De
1485 5264 1675 5307 natura
1697 5254 1934 5318 deorum,

366 5331 499 5393 sect.
531 5321 600 5376 86
628 5338 642 5373 :
677 5321 1011 5392 Quanquam,
1036 5324 1231 5393 inquit,
1262 5325 1429 5388 video,
1456 5323 1721 5377 nonnullis
1750 5323 1934 5390 uideri,

367 5392 678 5461 Epicurum,
714 5409 776 5447 ne
815 5395 870 5446 in
899 5392 1238 5461 offensionem
1271 5394 1666 5448 Atheniensium
1705 5394 1933 5457 caderet,

369 5460 529 5533 terbis
579 5461 848 5533 reliquisse
878 5463 1032 5525 deos,
1079 5479 1135 5517 re
1162 5465 1457 5518 sustulisse.
1505 5462 1694 5533 Itaque
1726 5464 1780 5516 in
1824 5463 1934 5517 illis

362 5531 567 5605 selectis
614 5532 727 5605 ejus
769 5531 1104 5602 brevibusque
1152 5535 1443 5605 sententiis,
1487 5531 1618 5605 quas
1653 5533 1934 5605 appellatis

362 5601 582 5673 Ιξυρίας
612 5601 790 5668 δόξας,
827 5605 968 5666 Iure,
991 5601 1049 5656 ut
1098 5604 1303 5673 opinor,
1352 5601 1508 5673 prior’
1530 5601 1788 5657 sententia
1815 5612 1932 5658 est:

363 5670 517 5735 Quod
565 5672 776 5725 beatum
822 5683 872 5727 et
904 5670 1202 5726 immortale
1248 5670 1361 5734 est,
1393 5674 1448 5726 id
1502 5690 1592 5727 nec
1634 5674 1806 5737 habet,
1841 5690 1935 5727 nec

362 5740 566 5813 exhibet
602 5742 845 5811 cuiquam
882 5744 1163 5811 negotium.
1212 5741 1280 5794 In
1318 5745 1415 5796 hac
1444 5743 1519 5796 ita
1546 5745 1784 5813 exposita
1815 5760 1932 5797 sen-

366 5812 551 5877 tentia,
585 5822 704 5866 sunt
749 5813 839 5875 qui
878 5813 1197 5878 existiment,
1242 5814 1381 5882 quod
1412 5812 1623 5867 inscitia
1656 5814 1811 5882 plane
1848 5814 1929 5866 lo-

2658 3185 2889 3241 CAPUT
2928 3185 3016 3242 Vl.

2046 3303 2300 3375 Ejusdem
2336 3301 2978 3375 adversushAristotelem,
3020 3318 3141 3375 eum
3179 3300 3360 3370 Moyse
3393 3317 3456 3355 ac
3501 3300 3630 3355 Pla-

2118 3384 2270 3437 tone,
2311 3378 2375 3428 de
2429 3373 2615 3427 mundi
2669 3388 2822 3443 quem
2877 3371 3100 3443 negabat
3155 3381 3275 3425 ortu
3308 3380 3625 3443 pugnantem

2116 3444 2427 3514 disputatio.

2114 3576 2377 3634 Mundum
2418 3578 2643 3647 insuper
2670 3575 2884 3648 Moyses
2910 3592 3036 3633 cum
3078 3576 3264 3648 aliquo
3307 3588 3624 3649 generatum

2046 3679 2169 3725 ortu
2198 3669 2399 3739 posuit,
2430 3677 2544 3724 tum
2574 3677 2852 3738 parentem
2879 3667 3000 3738 ejus
3027 3668 3624 3739 molitoremqueDeum

2047 3760 2176 3816 huic
2222 3775 2408 3816 rerum
2456 3758 2801 3815 universitati
2852 3757 3094 3830 praefecit
3137 3776 3152 3812 :
3191 3774 3303 3829 quo
3333 3759 3388 3813 in
3426 3775 3626 3829 genere

2044 3850 2219 3923 Moysi
2247 3865 2465 3921 quoque
2497 3849 2676 3903 allinia
2709 3847 2863 3905 Plato
2915 3848 3350 3919 philosophatur.
3397 3849 3629 3906 Contra-

2045 3943 2181 3997 riam
2232 3941 2451 4011 utrique
2496 3939 2817 3995 Aristoteles
2864 3940 2967 3995 hac
3005 3939 3169 3995 etiam
3210 3942 3266 3995 in
3319 3941 3626 4010 quastione

2043 4035 2186 4089 viam
2216 4033 2493 4097 insistens,
2513 4030 2583 4085 ab
2612 4031 2803 4085 eodem
2819 4028 2996 4085 Attico
3027 4031 3106 4086 sic
3141 4030 3209 4085 ad
3237 4031 3461 4085 verbum
3486 4032 3625 4086 scri-

2043 4125 2206 4181 bente
2231 4122 2547 4177 revineitur.
2605 4138 2625 4171 (
2660 4118 2970 4189 Principio,
3010 4121 3190 4191 inquit
3230 4121 3355 4186 ille,
3405 4136 3529 4176 cum
3566 4122 3621 4175 in

2043 4217 2147 4271 hac
2186 4215 2253 4270 de
2292 4210 2482 4267 mundi
2524 4218 2649 4264 ortu
2702 4210 3032 4280 cogitatione
3077 4209 3232 4265 Plato
3283 4220 3622 4275 versaretur,

2044 4308 2295 4377 idemque
2327 4319 2584 4375 magnum
2633 4301 2764 4356 illud
2802 4309 3013 4357 etcum
3056 4301 3250 4372 primis
3275 4300 3621 4356 fructuosum

2040 4399 2401 4458 Providentiae
2441 4398 2640 4466 dogma
2682 4391 3038 4451 scrutandum
3079 4390 3255 4446 cuivis
3305 4390 3621 4460 diligentius

2040 4498 2290 4565 putaret;
2323 4505 2388 4545 ac
2432 4488 2600 4543 simul
2641 4487 2719 4541 ita
2769 4484 3282 4556 philosopharetur,
3329 4482 3425 4553 qui
3462 4491 3620 4538 ortus

2043 4578 2336 4651 aliquando
2363 4593 2471 4633 non
2496 4577 2596 4643 sit,
2637 4575 2814 4631 eidem
2853 4583 2913 4629 ut
2937 4573 3195 4644 praeclare
3219 4571 3323 4636 sit,
3360 4572 3508 4627 nullo
3533 4571 3619 4626 vel

2038 4672 2313 4735 elfectore,
2338 4669 2423 4724 vel
2445 4675 2697 4723 curatore
2717 4680 2858 4736 opus
2882 4678 3035 4719 esse:
3066 4661 3349 4725 continuo,
3370 4677 3439 4716 ne
3459 4676 3621 4716 mun-

2037 4761 2169 4818 dum
2197 4758 2543 4815 Providentia
2574 4756 2854 4827 spoliaret,
2876 4752 3093 4824 negavit
3125 4760 3305 4805 ortum
3327 4765 3449 4806 esse
3475 4765 3620 4804 nun-

2037 4867 2221 4923 quam.
2259 4848 2360 4904 llic
2395 4862 2528 4903 vero
2566 4846 2860 4902 admodum
2908 4853 3163 4899 exaratos
3193 4842 3388 4904 velim,
3437 4840 3518 4896 uti
3550 4856 3619 4896 ne

2036 4942 2342 4998 molestiam
2378 4939 2536 4994 nobis
2573 4938 2738 4992 ullam
2772 4937 3076 5001 lacessant,
3125 4935 3220 5004 qui
3273 4933 3517 5003 ejusdem
3551 4948 3616 4988 ac

2035 5119 2225 5190 quendi
2272 5118 2470 5190 fecerit,
2517 5116 2697 5190 fecisse
2734 5115 2996 5190 gotisulto.
3034 5112 3105 5166 De
3147 5113 3355 5190 homine
3399 5111 3616 5190 minime

2036 5182 2186 5258 itafro
2220 5182 2356 5241 male
2379 5182 2707 5240 existimant.
2742 5186 2970 5238 Dubium
3006 5196 3082 5258 est
3110 5184 3271 5246 enim,
3300 5192 3478 5258 u_trum
3504 5182 3612 5258 uti.

2035 5250 2163 5330 quid
2197 5259 2349 5330 dicat
2367 5258 2467 5310 iste
2497 5257 2705 5330 beatum
2733 5266 2785 5330 et
2808 5253 3141 5316 immortale;
3172 5267 3264 5317 an,
3298 5251 3344 5303 si
3377 5250 3515 5320 quod
3542 5251 3614 5303 sit

2037 5326 2267 5389 beatum,
2294 5327 2350 5379 id
2371 5342 2481 5380 esse
2514 5326 2837 5379 immortale.

2108 5397 2220 5470 (8t)
2262 5396 2636 5470 Ἀποσζήσας
2667 5393 2975 5470 τὰρ-.-ρυὶύ
3022 5391 3240 5470 tandem
3307 5390 3459 5470 deos,
3496 5390 3615 5470 opi-

2037 5460 2153 5523 nor.
2181 5460 2367 5535 Itaque
2401 5460 2709 5519 addendum
2741 5460 2972 5529 videtur,
3005 5465 3130 5526 robe;
3155 5460 3328 5525 θεούς,
3358 5469 3421 5515 ιιι
3448 5461 3613 5530 paulo

2035 5539 2188 5602 θεοὺς
2222 5536 2530 5597 ἀποικίσας.

2106 5606 2215 5679 (82)
2242 5605 2401 5679 Forte
2424 5603 2759 5679 del.A6_oxeiv.

2106 5668 2215 5747 (85)
2243 5674 2483 5743 Πρῶτον
2519 5673 2618 5741 δή,
2646 5684 2750 5730 etc.
2784 5672 2918 5729 Vide
2953 5687 3117 5743 supra
3152 5672 3248 5727 lih.
3279 5686 3357 5737 τι,
3386 5685 3505 5740 cap.
3539 5668 3612 5723 29

2033 5763 2085 5803 et
2111 5755 2353 5817 scqttcnt.
