4144 6442
462 337 607 396 5515

1104 340 1384 399 EUSERll
1423 339 1908 398 CIESARIENSIS
1941 338 2092 395 OPP.
2134 339 2322 398 PARS
2358 341 2424 398 Il.
2466 364 2539 385 -λ
2572 340 3079 399 APOLOGETICA.

3590 340 3734 398 1518

461 473 565 515 nos
602 456 825 513 familia
850 473 975 513 cum
1007 459 1139 524 sint,
1190 461 1458 517 mundum
1491 472 1672 518 tamen
1701 478 1766 518 ex
1797 459 2045 517 Platonis

2155 461 2446 518 δοκούντων
2465 462 3073 545 Πλάτωνιπιστεύομεν
3098 454 3181 524 οἷς
3231 457 3395 523 αὐτὸς
3450 459 3624 528 Ελλην
3656 457 3734 514 ὣν

462 564 684 621 quoque
724 552 993 605 sententia
1048 562 1364 621 generatum
1417 568 1539 609 esse
1593 561 1812 622 negant.
1844 550 2044 608 Verum

461 646 611 701 enim
641 643 885 714 proiecto
912 652 994 699 est
1026 644 1167 698 hanc
1206 659 1304 699 eos
1335 644 1496 700 nobis
1550 644 1767 700 veniam
1799 643 1965 709 dare,
2000 642 2045 697 si

459 735 708 792 Platonis
745 736 1057 791 doctrinam
1102 746 1453 807 mentemque
1495 736 1643 807 quod
1689 734 1921 801 attinet,
1981 734 2049 789 iis

459 828 596 899 ipsis
634 828 794 883 ﬁdem
840 828 1171 892 habeamus,
1204 844 1327 898 qua:
1369 828 1519 883 clara
1562 828 1879 898 disertaque
1914 841 2049 881 voce

460 919 605 989 apud
634 934 734 974 nos
754 958 772 986 ,
808 919 915 973 hoc
943 930 1028 972 est
1054 917 1274 975 Graecos
1305 919 1556 973 homines
1575 959 1588 982 ,
1633 917 1858 974 Graecus
1884 918 2049 972 homo

461 1010 778 1079 disputavit.
808 1008 954 1064 Deus
983 1010 1128 1064 enim
1149 1052 1164 1076 ,
1201 1009 1382 1078 inquit
1404 1009 1493 1063 ille
1514 1050 1529 1076 ,
1575 1007 1843 1080 quidquid
1875 1007 2049 1062 videri

461 1108 676 1171 poterat
701 1102 1019 1156 universum
1045 1102 1390 1172 complexus,
1416 1117 1542 1156 cum
1575 1100 1627 1155 id
1657 1116 1766 1155 non
1797 1100 2051 1170 quiesce-

402 1240 407 1245 .
462 1198 566 1253 ret,
604 1190 700 1245 sed
730 1191 928 1246 vitioso
950 1200 1005 1246 et
1043 1192 1328 1247 incondito
1372 1200 1523 1246 motu
1555 1200 1842 1262 ageretur,
1881 1192 1934 1244 in
1960 1204 2050 1245 or-

462 1280 645 1336 dinem
681 1297 748 1337 e:
792 1282 882 1336 illa
912 1282 1323 1352 perturbatione
1355 1282 1617 1353 digessit,
1663 1288 1865 1337 statum
1902 1281 2051 1337 hunc

463 1382 621 1428 ratus
646 1375 797 1428 omni
830 1390 896 1428 ex
938 1381 1093 1444 parte
1119 1374 1289 1428 altero
1323 1373 1417 1437 illo
1465 1373 1745 1428 meliorem
1779 1370 2047 1427 futurum.

463 1466 758 1536 Quem'ille
793 1466 986 1521 mundi
1037 1476 1244 1533 ortum,
1286 1482 1452 1537 quam
1485 1482 1594 1522 non
1627 1466 2050 1536 autamigmatis

436 1559 754 1631 cujusdam
793 1558 999 1629 specie,
1051 1570 1147 1613 aut
1172 1557 1507 1613 illustrandae
1535 1564 1746 1610 tantum
1773 1555 1852 1610 rei
1879 1553 2050 1625 gratia

464 1655 798 1725 probaverit,
829 1669 897 1708 ex
925 1653 1108 1708 verbis
1138 1653 1248 1709 illis
1289 1654 1453 1724 longe
1489 1652 1669 1707 adhuc
1699 1650 1903 1707 clarius
1931 1665 2051 1705 cer-

468 1748 686 1817 tiusque
726 1755 978 1812 constat,
1009 1746 1209 1816 quibus
1239 1760 1421 1799 rerum
1448 1783 1464 1809 ,
1490 1751 1550 1797 ut
1573 1751 1766 1807 vocat,
1802 1741 2048 1797 omnium

467 1848 782 1910 parentem,
819 1840 963 1895 hanc
1001 1838 1176 1908 ipsam
1223 1837 1278 1891 in
1313 1851 1429 1891 rem
1471 1844 1596 1906 post
1625 1834 1865 1889 universi
1897 1832 2054 1887 moli-

467 1933 673 1987 tionem
716 1947 877 1987 usum
934 1946 1059 1987 esse
1100 1930 1291 1985 scribit
1339 1947 1353 1984 :
1404 1928 1709 1995 Quoniam,
1744 1926 2053 1997 inquiebat,

467 2027 575 2081 orti
603 2026 738 2081 estis
779 2024 945 2095 (deos
983 2034 1166 2078 autem
1208 2021 1659 2093 alloquebatur),
1715 2018 2054 2075 immortales

467 2133 568 2173 vos
585 2116 806 2187 quidem
822 2131 947 2171 esse
974 2125 1032 2171 et
1058 2114 1466 2170 indissolubiles
1494 2127 1601 2167 non
1631 2112 1894 2182 potestis;
1921 2126 2057 2165 neu-

469 2212 677 2280 tiquam
710 2217 894 2263 tamen
946 2208 1319 2264 dissolvemini
1374 2206 1519 2276 quod
1567 2204 1865 2260 voluntatis
1920 2217 2056 2259 mea:

468 2298 688 2354 vinculo
721 2297 960 2369 colligati
999 2297 1143 2353 sitis.
1189 2296 1361 2367 802
1388 2294 1589 2349 Verum
1613 2334 1628 2359 ,
1663 2295 1740 2347 uti
1772 2294 1884 2363 jam
1915 2292 2053 2357 dixi,

470 2406 595 2446 cum
638 2390 740 2453 iis,
779 2390 871 2458 qui
917 2404 1020 2444 nos
1056 2388 1206 2443 intus
1244 2387 1504 2456 domique
1534 2394 1736 2441 nostra:
1766 2385 2057 2454 alloquun-

471 2493 595 2548 tur,
636 2492 826 2552 utpote
864 2496 992 2536 cum
1035 2478 1259 2542 amicis,
1299 2480 1475 2532 amice
1504 2490 1723 2547 quoque
1753 2491 1819 2530 ac
1845 2473 2056 2545 placide

469 2573 900 2629 controversiam
953 2572 1095 2626 banc
1143 2569 1456 2624 mitioribus
1501 2568 1838 2637 argumentis
1888 2565 2058 2620 disce-

470 2678 625 2737 ptare
650 2667 831 2720 liceat.
888 2663 1024 2718 Nam
1048 2664 1151 2718 hos
1177 2664 1341 2717 etiam
1373 2659 1696 2715 Aristoteles
1724 2672 1818 2713 eas
1849 2658 1901 2710 in
1930 2672 2057 2727 par-

472 2767 554 2813 tes
581 2756 891 2812 traduxisse
917 2754 1091 2809 videri
1123 2753 1248 2823 jure
1286 2751 1493 2822 possit,
1520 2751 1614 2822 qui
1656 2765 1755 2805 nec
1785 2747 2056 2818 dogmatis

474 2848 640 2920 hujus
663 2847 1005 2904 accusationi
1034 2858 1341 2917 repugnare
1373 2851 1617 2914 possent,
1648 2856 1753 2896 nec
1779 2840 1946 2895 ullam
1976 2848 2057 2893 ta-

472 2956 621 3005 men,
660 2955 825 3010 quam
850 2939 972 2995 falsi
997 2938 1322 2994 damnarent
1342 2934 1681 3007 opinionem,
1706 2932 1921 2987 Platoni
1956 2930 2054 2986 tri-

474 3033 661 3088 buisse
688 3030 937 3086 convinci
967 3030 1189 3085 vellent.
1222 3025 1381 3083 Nunc
1412 3041 1543 3083 vero
1561 3065 1578 3093 ,
1605 3040 1730 3081 cum
1757 3023 1910 3079 Plato
1930 3067 1945 3092 ,
1977 3023 2055 3079 uti

469 3126 674 3182 nostris
690 3126 907 3196 ipsimet
930 3123 1157 3179 auribus
1174 3121 1459 3178 docentem
1481 3120 1813 3185 audivimus,
1839 3130 2054 3173 etmun-
2081 3160 2124 3218 ο

358 3222 361 3225 ’
470 3218 601 3274 dum
647 3216 789 3271 idem
835 3230 1063 3286 operum
1105 3213 1351 3269 omnium
1400 3209 1955 3282 praestantissimum,
1985 3207 2055 3263 ab

471 3309 745 3365 artiﬁcum
770 3306 1227 3377 praestantissimo
1255 3303 1459 3358 factum
1488 3317 1612 3357 esse
1644 3301 1801 3368 velit;
1837 3309 1894 3355 et
1932 3315 2054 3355 eam

472 3399 850 3457 universitatis
900 3397 1145 3452 molitori
1173 3396 1284 3451 vim
1319 3411 1385 3451 ac
1405 3402 1732 3467 potestatem
1766 3392 2053 3458 attribuat,

470 3502 579 3558 qua
620 3495 676 3542 et
703 3501 829 3541 cum
854 3485 951 3556 qui
986 3494 1111 3540 ante
1146 3484 1332 3538 nullus
1357 3492 1476 3539 erat
1509 3484 1773 3538 mundum
1796 3481 2055 3550 et'fecerit,

471 3593 526 3634 et
551 3579 666 3651 jam
699 3578 798 3633 abs
824 3593 884 3632 se
916 3576 1154 3642 factum,
1197 3586 1464 3646 perpetuo
1491 3575 1538 3631 si
1575 3574 1735 3639 velit,
1764 3575 1979 3629 salvum
2004 3581 2059 3630 et

471 3672 803 3726 incolumem
833 3668 1182 3726 conservabit
1214 3685 1228 3722 :
1259 3675 1423 3738 atque
1450 3667 1527 3722 ita
1567 3667 1808 3722 mundus
1828 3709 1843 3733 ,
1877 3665 2059 3723 Plato-

472 3762 559 3817 nis
585 3777 650 3817 ex
683 3768 886 3828 mente,
921 3769 977 3816 et
1005 3769 1161 3815 ortus
1195 3759 1338 3815 idem
1378 3760 1487 3827 sit,
1521 3769 1575 3815 et
1604 3767 1786 3815 tamen
1817 3760 1884 3815 ab
1910 3760 2056 3815 inte-

472 3856 583 3911 ritu
611 3854 908 3922 liberatus;
935 3854 1059 3924 quis
1085 3852 1305 3907 tandem
1327 3868 1395 3909 ex
1420 3851 1798 3922 Peripateticis
1829 3868 1930 3908 suo
1960 3867 2059 3908 no-

473 3948 560 4003 bis
600 3947 703 4002 ista
738 3945 953 4001 calculo
991 3944 1361 4016 suﬂ‘ragioque
1401 3944 1724 4001 conﬁrmet?
1765 3943 2059 4000 Enimvero

472 4035 908 4091 commonendus
949 4035 1125 4089 amice
1161 4034 1321 4090 nobis
1358 4043 1443 4090 est
1475 4034 1792 4106 dogmatum
1824 4035 2055 4091 istorum

471 4126 730 4184 defensor
751 4166 767 4192 ,
800 4142 977 4198 neque
1017 4133 1200 4181 ortum
1238 4127 1285 4182 si
1318 4126 1452 4198 quid
1487 4128 1627 4194 erit,
1662 4127 1714 4182 id
1745 4127 2059 4183 necessario

473 4220 819 4291 corruptioni
853 4219 1154 4275 obnoxium
1197 4235 1320 4275 esse
1358 4219 1593 4286 debere,
1633 4235 1810 4290 neque
1842 4219 1891 4276 si
1926 4220 2058 4290 quid

472 4313 715 4368 vicissim
743 4321 1126 4382 corrumpetur
1152 4327 1431 4383 nunquam
1454 4351 1469 4377 ,
1496 4312 1549 4367 id
1574 4322 1755 4367 ortum
1796 4313 2059 4368 continuo

472 4403 683 4459 nullum
705 4402 982 4457 habuisse.
1025 4400 1293 4457 Necenim
1318 4402 1575 4473 autquod
1595 4403 1818 4457 interitu
1850 4411 2054 4470 careat,

2150 554 2287 626 πρὸς
2323 553 2590 627 Ἕλληνας
2614 557 2760 627 ἡμᾶς
2794 556 2957 623 σαφεῖ
2978 569 3037 607 τε
3059 553 3155 606 καὶ
3183 568 3362 623 τρανῳ
3392 550 3468 623 τῷ
3503 562 3733 626 στοματι

2149 645 2460 701 διείλεκται.
2497 646 2834 718 Παραλαϐὼν
2863 644 2993 717 γὰρ,
3024 645 3207 717 φησὶν,
3237 645 3267 698 ὁ
3287 643 3421 707 Θεὸς
3456 660 3564 700 παν
3608 644 3736 699 ὅσον

2146 731 2217 808 ἦν
2244 736 2461 806 ὁρατὸν,
2519 738 2618 808 οὐχ
2647 739 2880 809 ἡσυχίαν
2926 738 3092 805 ἄγον,
3144 733 3480 806 πλημμελῶς
3532 738 3592 789 δὲ
3640 735 3736 789 καὶ

2150 829 2402 893 ἀτάκτως
2432 830 2770 901 κινούμενον,
2806 830 2886 894 εἰς
2910 829 3066 894 τάξιν
3106 828 3313 900 ’ήγαγεν
3360 828 3426 880 ἐκ
3461 826 3563 898 τῆς
3602 826 3737 881 ἀτα-

2152 918 2289 985 ξίας,
2314 920 2663 992 ἡγησάμενος
2692 920 2850 974 τοῦτο
2870 920 3079 974 ἐκείνου
3107 920 3322 981 πάντως
3343 918 3587 988 ἄμεινον.
3614 918 3736 971 Ἔτι

2098 1052 2105 1061 .
2149 1010 2208 1064 δὲ
2243 1013 2339 1065 καὶ
2384 1011 2584 1083 μᾶλλον
2612 1013 2695 1066 ὅτι
2737 1012 2811 1083 μὴ
2850 1011 2918 1065 δι’
2949 1009 3321 1081 αἰνιγμάτων,
3358 1008 3480 1080 μηδ’
3514 1008 3608 1061 ἐπὶ
3640 1006 3736 1061 τοῦ

2152 1101 2357 1171 σαφοῦς
2389 1103 2550 1175 χρείᾳ
2569 1101 2666 1173 τὴν
2690 1102 2906 1171 γένεσιν
2933 1101 3289 1174 παρεδέξατο,
3324 1100 3475 1172 δηλοῖ
3490 1101 3570 1169 ⁹δι’
3595 1092 3673 1155 ὧν
3706 1101 3739 1154 ὁ

2150 1187 2340 1261 Πατὴρ
2367 1187 2515 1260 αὑτῷ
2540 1189 2648 1243 τῶν
2671 1189 2889 1243 πάντων
2908 1189 3198 1243 διείλεκται
3224 1190 3353 1261 περὶ
3381 1190 3568 1244 τούτου
3598 1189 3741 1263 μετά

2150 1277 2250 1348 τὴν
2289 1277 2396 1331 τῶν
2417 1278 2555 1333 ὅλων
2582 1278 2963 1351 δημιουργίαν.
3011 1280 3229 1351 Ἐπειδὴ
3267 1279 3411 1352 γὰρ,
3445 1281 3609 1352 φησὶ,
3652 1298 3740 1350 γε·

2151 1368 2382 1440 γένησθε
2429 1369 2609 1442 (λέγει
2643 1371 2701 1425 δὲ
2743 1373 2881 1444 πρὸς
2912 1372 3038 1437 τοὺς
3077 1371 3291 1438 θεοὺς),
3328 1373 3585 1427 ἀθάνατοι
3636 1374 3738 1444 μὲν

2150 1460 2251 1515 οὔκ
2283 1463 2431 1526 ἔστε,
2465 1462 2574 1515 οὐδ’
2603 1462 2788 1517 ἆλυτοι
2812 1463 2875 1517 τὸ
2910 1464 3143 1534 πάμπαν
3162 1479 3177 1493 ο
3203 1461 3318 1517 οὔτι
3340 1481 3403 1533 γε
3438 1464 3545 1536 μὴν
3574 1464 3741 1535 λυθή-

2154 1553 2333 1619 σεσθε,
2384 1554 2483 1624 τῆς
2533 1554 2676 1626 ὲμῆς
2719 1554 3025 1628 βουλήσεως
3073 1555 3349 1627 τυχόντες.
3409 1554 3549 1608 Ἀλλ’
3599 1557 3738 1628 ὅπερ

2152 1644 2311 1718 ἔφην,
2352 1647 2489 1719 πρὸς
2522 1647 2621 1717 μὲν
2647 1649 2774 1712 τοὺς
2804 1646 2949 1702 ἔνδον
2997 1649 3129 1719 ήμῖν
3159 1645 3598 1717 φθεγγομένους,
3642 1646 3739 1700 ἅτε

2155 1741 2342 1810 φίλους
2387 1740 2577 1805 ὅντες,
2610 1740 2801 1809 φιλίως
2850 1758 2910 1794 τε
2943 1741 3037 1794 καὶ
3071 1740 3191 1811 μεθ’
3230 1741 3463 1813 ἡσυχίας
3507 1739 3742 1812 πραέσιν

2157 1835 2401 1906 ἐλέγχοις
2443 1833 2855 1907 διακριθείημεν
2900 1835 2983 1888 ἀν.
3033 1834 3218 1887 Ἔοικε
3246 1832 3356 1905 γὰρ
3395 1832 3488 1886 καὶ
3517 1831 3741 1895 τούτους

2170 1926 2548 2000 Ἀριστοτέλης
2584 1927 2914 1998 μεταθεῖναι,
2948 1928 3013 1998 τῇ
3062 1926 3160 1997 μὲν
3188 1924 3494 1996 κατηγορίᾳ
3521 1924 3615 1978 τοῦ
3657 1923 3742 1977 δό-

2155 2034 2364 2089 γματος
2394 2018 2664 2089 ἀντισχεῖν
2696 2016 3154 2088 ἀδυνατήσαντας,
3188 2015 3251 2068 τὸ
3286 2015 3343 2067 δὲ
3367 2011 3742 2079 ἀλῶναιδόξαν

2155 2111 2230 2175 ὡς
2250 2110 2443 2182 ψεῦδος
2480 2111 2541 2164 οὐ
2586 2109 2945 2180 βουληθέντας
2977 2109 3254 2162 ἀναθεῖναι
3284 2105 3551 2160 Πλάτωνι.
3584 2106 3741 2160 Κατά

2154 2203 2213 2257 δὲ
2244 2202 2341 2275 τὴν
2364 2201 2637 2274 ἡμετέραν
2655 2202 2846 2272 ἀκοὴν,
2879 2200 3159 2266 ἀξιοῦντος
3187 2200 3476 2262 Πλάτωνος
3526 2197 3619 2252 τὸν
3649 2198 3741 2251 κό-

2159 2313 2295 2368 σμον
2344 2296 2628 2365 γεγονέναι
2671 2293 2955 2348 κάλλιστον
2987 2292 3165 2365 ἔργων
3195 2292 3299 2346 ὑπὸ
3331 2290 3425 2347 τοῦ
3452 2290 3740 2345 καλλίστου

2155 2389 2264 2441 τῶν
2315 2385 2662 2460 δημιουργῶν
2688 2426 2703 2451 ,
2755 2385 2851 2438 καὶ
2910 2385 3227 2456 περιθέντας
3273 2384 3350 2456 τῷ
3390 2385 3485 2440 τοῦ
3543 2387 3743 2451 παντὸς

2159 2482 2360 2550 ποιητῇ
2410 2478 2659 2548 δύναμιν,
2722 2476 2791 2530 δι’
2818 2471 2886 2548 ἦς
2912 2477 3012 2529 οὐκ
3040 2476 3167 2531 ὄντα
3216 2477 3481 2549 πρότερον
3517 2478 3742 2549 ἐποίησε

2158 2573 2248 2627 τὸν
2279 2573 2500 2643 κόσμον,
2530 2572 2625 2625 καὶ
2653 2573 2906 2643 ποιήσας,
2936 2570 3110 2624 εἰσαεὶ
3144 2570 3470 2641 βουλόμενός
3510 2589 3574 2641 γε
3604 2570 3742 2625 σῶον

2156 2661 2475 2735 διαφυλάξει
2514 2664 2609 2717 καὶ
2637 2663 2810 2735 ταύτῃ
2832 2661 2896 2733 δὴ
2911 2661 3172 2734 γεννητοῦ
3199 2664 3295 2731 καὶ
3315 2663 3592 2735 ἀφθάρτου
3621 2663 3741 2717 κατ’

2158 2756 2321 2810 αὐτὸν
2352 2755 2715 2827 ὑποκειμένου
2744 2752 2839 2808 τοῦ
2873 2753 3103 2826 κόσμου,
3135 2755 3219 2819 τίς
3257 2757 3388 2826 ἡμῖν
3428 2752 3535 2809 τῶν
3580 2755 3744 2829 Περι-

2157 2847 2474 2921 πατητικῶν
2504 2847 2675 2901 ταῦτα
2701 2847 2909 2919 βεϐαιοῖ
2933 2847 3042 2918 (84)
3068 2863 3084 2913 ;
3121 2848 3214 2900 Δεῖ
3252 2847 3310 2900 δὲ
3340 2845 3744 2919 παραμυθήσα-

2160 2937 2284 2993 σθαι
2311 2938 2404 2991 τὸν
2432 2937 2845 3010 συναγωνιστὴν
2871 2935 3097 3002 τούτων,
3126 2936 3209 2990 ὅτι
3236 2937 3299 2989 οὐ
3327 2935 3567 2999 πάντως.
3607 2938 3662 2990 el‘
3688 2952 3742 2990 τι

2157 3030 2400 3101 γέγονεν,
2428 3029 2640 3102 ἀνάγκη
2674 3029 2833 3083 τοῦτο
2859 3028 3161 3101 φθαρῆναι*
3193 3028 3356 3083 πάλιν
3389 3028 3434 3082 δ’
3460 3027 3566 3081 οὐδ’
3601 3028 3655 3082 εῖ
3688 3045 3743 3081 τι

2161 3123 2237 3196 μὴ
2289 3122 2652 3195 φθαρήσεται,
2692 3121 2853 3175 τοῦτο
2906 3121 3201 3191 ἀναγκαῖον
3246 3120 3538 3191 ἀγέννητον
3579 3116 3738 3174 εἶναι.

2159 3211 2296 3267 Οὔτε
2333 3213 2441 3285 γὰρ
2475 3212 2605 3284 μίαν
2637 3213 2816 3266 αἰτίαν
2840 3211 2921 3282 τῷ
2950 3212 3212 3284 ἀφθάρτῳ
3238 3212 3338 3284 τὴν
3362 3213 3428 3266 ἔκ
3457 3211 3549 3267 ¹τοῦ
3588 3213 3745 3281 ἀγεν-

2158 3305 2321 3377 νήτου
2354 3305 2756 3377 συγχωρητέον,
2790 3303 2914 3358 οὔτε
2942 3303 3021 3375 τῷ
3055 3304 3334 3376 γενομένῳ
3377 3304 3477 3377 τὴν
3511 3306 3593 3370 εἰς
3623 3305 3745 3360 δλε-

2159 3394 2287 3469 θρον
2307 3395 2610 3469 μεταϐολὴν
2640 3395 2941 3468 ἀϐοήθητον
2980 3397 3391 3454 καταλειπτέον.
3440 3399 3610 3453 Πόθεν
3648 3395 3744 3455 οὖν

2159 3489 2226 3542 ἔκ
2275 3488 2385 3543 τῶν
2440 3489 2846 3562 Ἀριστοτέλους
2903 3489 3163 3561 λάϐοιμεν
3215 3490 3283 3545 ἂν
3350 3491 3600 3563 βοήθειαν
3662 3495 3743 3558 εἰς

2158 3581 2351 3648 ταῦτα,
2380 3580 2575 3652 ἀνδρὸς
2611 3582 2673 3635 οὐ
2700 3580 2999 3653 τηνάλλως,
3030 3582 3149 3636 οὐδὲ
3183 3583 3304 3637 καθ’
3338 3582 3503 3639 αὑτοῦ
3550 3584 3740 3656 περαί-

2159 3689 2341 3737 νοντος
2372 3671 2465 3725 τὸν
2508 3673 2637 3744 περί
2666 3672 2874 3726 τούτων
2902 3672 3060 3743 λόγον
3080 3714 3095 3739 ,
3127 3674 3243 3729 ἀλλ’
3276 3674 3338 3739 ἐξ
3390 3674 3550 3746 ὀρθοῦ
3606 3676 3744 3747 πρὸς

2159 3763 2426 3818 Πλάτωνα
2470 3761 2884 3834 ἐναντιουμένου
2905 3802 2920 3830 ,
2976 3764 3073 3817 καὶ
3130 3765 3189 3818 τό
3226 3781 3286 3818 τε
3338 3765 3627 3838 γενόμενον
3665 3769 3743 3831 εἰς

2158 3852 2407 3924 ἀνάγκην
2436 3850 2530 3905 τοῦ
2554 3850 2852 3905 ἀπολέσθαι
2880 3852 3283 3925 περιιστάντος,
3311 3855 3374 3909 τό
3401 3871 3463 3909 τε
3488 3856 3563 3928 μὴ
3578 3856 3744 3910 ἀπολ-

2158 3943 2388 4017 λύμενον
2420 3944 2532 4017 (85)
2548 3945 2613 3998 ἐκ
2642 3944 2806 4016 μόνου
2828 3944 2923 3998 τοῦ
2956 3945 3032 4019 μὴ
3063 3946 3318 4015 γενέσθαι
3335 3947 3586 4017 λέγοντος
3606 3966 3745 4023 κρα-

2158 4038 2415 4093 τύνεσθαι
2437 4037 2499 4091 τὸ
2530 4036 2641 4109 (86)
2671 4036 2970 4111 ἄφθαρτον,
3000 4038 3060 4092 οὐ
3095 4039 3202 4111 μὴν
3236 4039 3312 4103 ὠς
3347 4040 3578 4113 δύναμιν
3610 4042 3746 4096 ἀπο-

2158 4130 2440 4195 λείποντος
2462 4130 2628 4185 αὐτοῦ
2658 4132 2786 4204 περί
2813 4131 2905 4185 τὸν
2926 4131 3060 4187 Θεὸν
3083 4173 3098 4198 ,
3217 4131 3501 4206 χρώμενος
3544 4135 3747 4202 ἀγαθὸν

2158 4224 2224 4279 ἄν
2247 4243 2300 4279 τι
2336 4225 2561 4296 ποιήσαι
2584 4242 2599 4292 ;
2627 4226 2691 4280 Ὃ
2721 4225 2829 4298 γὰρ
2859 4224 3011 4280 οὔπω
3041 4227 3310 4299 πρότερον
3333 4229 3547 4298 γέγονε,
3568 4229 3745 4295 τοῦτο,

2159 4317 2345 4387 φησὶν,
2369 4316 2477 4370 οὐδ’
2523 4316 2590 4371 ἂν
2614 4317 2847 4386 γένοιτο.
2893 4317 3161 4373 Τοσοῦτον
3202 4336 3258 4372 τε
3295 4319 3487 4374 ἀποδεί
3522 4321 3616 4376 τοῦ
3659 4321 3746 4375 διὰ

2158 4408 2364 4463 τούτων
2395 4408 2611 4481 βοηθεῖν
2648 4410 2727 4482 τῷ
2771 4410 3059 4476 Πλάτωνος
3091 4411 3253 4483 λόγῳ,
3288 4410 3431 4466 ὥστε
3461 4412 3559 4486 ήδη
3594 4414 3745 4478 τινὰς

474 4495 529 4549 id
558 4495 719 4548 aliam
749 4496 975 4559 nullam,
999 4509 1161 4565 quam
1177 4494 1322 4564 quod
1344 4495 1510 4550 etiam
1548 4506 1671 4551 ortu
1708 4505 1909 4564 careat,
1927 4512 2055 4567 per—

2160 4502 2256 4556 καὶ
2289 4501 2395 4556 τῶν
2433 4502 2562 4575 περί
2605 4502 2868 4558 Πλάτωνα
2913 4504 3326 4558 ἐσπουδακότων
3357 4506 3629 4578 φοϐήσας,
3664 4500 3744 4571 οἷς

473 4588 752 4657 petuitalis
802 4603 916 4642 suae
961 4602 1184 4642 causam
1239 4588 1439 4642 habere
1473 4588 1885 4645 concedendum
1935 4599 2050 4659 est;

473 4681 570 4727 aut
603 4673 747 4744 quod
783 4672 954 4728 semel
976 4684 1158 4726 ortum
1187 4671 1459 4741 habuerit,
1484 4673 1660 4729 eidem
1701 4675 2056 4731 inexorabilis

471 4766 719 4836 quaedam
746 4764 1051 4819 intereundi
1085 4764 1386 4819 necessitas
1414 4764 1762 4835 imponenda.
1797 4764 1895 4823 His
1926 4783 2058 4838 ergo

474 4854 815 4911 stabiliendis
865 4855 998 4924 quid
1051 4854 1269 4908 tandem
1335 4869 1402 4909 ex
1448 4855 1763 4912 Aristotelis
1804 4859 2053 4915 doctrina

471 4947 714 5019 praesidii
743 4947 1098 5002 mutuemur?
1124 4947 1266 5017 ejus,
1286 4946 1532 5018 inquam,
1549 4948 1808 5016 hominis,
1827 4954 1918 5020 qui
1945 4965 2056 5008 non

469 5042 582 5113 jam
608 5041 747 5096 dicis
771 5056 961 5107 causa,
994 5039 1105 5095 imo
1130 5055 1229 5095 nec
1252 5055 1347 5111 per
1375 5056 1495 5096 sese
1523 5042 1626 5098 hoc
1651 5043 1705 5096 in
1754 5060 1926 5115 genus
1945 5045 2058 5101 dis-

472 5134 768 5206 putationis
802 5134 1097 5201 incumbat,
1152 5135 1245 5189 sed
1269 5141 1416 5189 recta
1439 5134 1647 5190 feratur
1669 5139 1725 5191 in
1749 5137 2053 5206 Platonem,

471 5228 632 5299 eique
656 5227 802 5298 quod
818 5235 998 5281 ortum
1023 5236 1107 5283 est
1126 5227 1387 5298 pereundi
1421 5229 1802 5285 necessitatem
1832 5230 2054 5298 aderat;

547 5384 658 5457 (84)
708 5386 899 5441 Ταῦτα
934 5385 1184 5450 βεϐαιοῖ.
1240 5387 1379 5442 Ante
1441 5387 1722 5457 legebatur
1768 5391 1828 5445 οὐ
1881 5391 2054 5447 ταῦτα

477 5455 704 5539 βεϐαιοῖ,
733 5458 827 5511 sed
866 5466 1228 5539 uterquems.
1279 5469 1423 5514 recte
1470 5455 2056 5539 negationemexpuu-

474 5524 571 5651 git.
606 5524 776 5595 Negat
819 5528 961 5581 enim
1004 5524 1241 5591 Atticus,
1285 5538 1340 5584 ct
1379 5545 1521 5591 vere,
1547 5524 1667 5585 'hoc
1706 5533 1759 5585 in
1801 5524 2056 5602 dogmate

526 5597 749 5651 ristoteli
774 5612 897 5650 cum
924 5595 1149 5651 Platone
1169 5601 1478 5651 convenire.
1508 5599 1576 5651 Et
1601 5619 1722 5651 olim
1750 5614 2056 5651 smnnntnr

526 5597 749 5673 ristoteli
774 5612 897 5673 cum
924 5595 1149 5673 Platone
1169 5601 1478 5673 convenire.
1508 5599 1576 5673 Et
1601 5619 1722 5670 qua!
1750 5595 2057 5673 sequuntur

474 5681 595 5735 cap.
629 5668 681 5729 ί,
718 5666 882 5719 πόθεν
908 5663 1023 5733 οὖν,
1048 5680 1179 5734 etc.,
1208 5670 1334 5724 huic
1353 5663 1720 5728 emendati-oni
1752 5663 2056 5730 clarissime

474 5740 860 5806 Sudragantur.

452 5898 459 5902 -
546 5805 764 5873 (8511⁷6
798 5824 860 5861 τε
876 5808 963 5875 μὴ
995 5809 1440 5879 ἀπολλύμενον.
1478 5813 1870 5884 Reponendum
1903 5816 2056 5873 vide-

2162 4588 2337 4658 εἶπεν,
2373 4594 2649 4665 ἀπέστησε
2674 4594 2769 4649 τοῦ
2808 4596 3112 4667 δόγματος’
3141 4598 3201 4649 οὐ
3251 4597 3579 4669 δυνηθέντας
3619 4617 3744 4654 συν-

2164 4687 2310 4754 ιδεῖν,
2332 4689 2416 4742 ὅτι
2439 4689 2581 4743 κατὰ
2612 4690 2711 4762 μὲν
2738 4690 2837 4761 τὴν
2857 4690 3038 4746 αὐτῶν
3057 4690 3219 4760 φύσιν
3239 4692 3347 4746 τῶν
3379 4696 3746 4768 πραγμάτιον,

2158 4779 2227 4849 ἢν
2259 4780 2324 4834 ἄν
2350 4797 2435 4845 τις
2474 4781 2601 4837 ἄνευ
2628 4781 2765 4836 Θεοῦ
2814 4782 3121 4855 βουλήσεως
3161 4783 3256 4837 καὶ
3292 4784 3577 4857 δυνάμεως
3623 4793 3745 4845 ἑπι-

2160 4872 2372 4942 νοήσαι,
2420 4872 2545 4928 οὔτε
2585 4874 2645 4928 τὸ
2694 4875 2986 4946 γενόμενον
3037 4875 3336 4948 ἄφθαρτον,
3397 4877 3522 4932 οὔτε
3552 4880 3614 4935 τὸ
3669 4882 3747 4963 μὴ

2162 4963 2574 5037 φθαρησόμενον
2603 4966 2716 5038 (87)
2745 4967 3035 5039 γεννητόν·
3063 4969 3192 5023 ὅταν
3210 4968 3385 5042 δὲτὴν
3411 4971 3642 5045 ἀρίστην
3662 4993 3745 5039 τις

2160 5057 2338 5110 αἰτίαν
2382 5061 2653 5134 ἐπιστήσῃ
2697 5060 2797 5131 τὴν
2831 5062 2896 5113 ὲκ
2938 5059 3097 5125 Θεοῦ,
3128 5061 3229 5126 δεῖ,
3265 5061 3472 5134 ταύτην
3500 5065 3746 5136 ἡγεμόνα

2160 5147 2268 5203 τῶν
2296 5151 2516 5205 πάντων
2544 5151 2802 5215 λαϐόντα,
2839 5153 3004 5224 μηδὲν
3033 5154 3204 5226 αὐτὴν
3227 5155 3337 5208 τῶν
3357 5154 3534 5210 ἄλλων
3566 5156 3745 5211 αἰτίαν

2160 5242 2483 5312 ἀποφαίνειν
2516 5245 2758 5317 χείρονα.
2793 5245 3006 5315 Γελοίον
3055 5247 3198 5319 γὰρ,
3237 5247 3369 5301 διότι
3413 5248 3512 5318 μὲν
3553 5248 3745 5319 γέγονέ

2161 5404 2251 5472 tur
2279 5396 2374 5451 τοῦ
2415 5416 2475 5472 τε
2515 5399 2589 5471 μὴ
2614 5399 3035 5472 ἀπολλυμένου,
3066 5400 3149 5454 vel
3188 5398 3267 5471 τῷ
3302 5417 3362 5454 τε
3398 5399 3473 5472 μὴ
3514 5399 3748 5453 ἀπολλυ-

2164 5467 2331 5539 μένῳ,
2367 5470 2452 5522 vel
2505 5467 2551 5524 si
2577 5467 2973 5540 ’ἀπολλύμενον
3021 5467 3592 5540 νειίιιεὺίιιιτ,’ρέιιιιο
3624 5479 3745 5540 post

2164 5489 2331 5539 μενῳ,
2368 5489 2452 5522 vei
2505 5489 2551 5524 ει
2601 5489 2804 5523 ἀπολλυ
2854 5489 2973 5525 ενον
3021 5489 3380 5533 reuuemtur,
3429 5489 3636 5540 paulol

2159 5547 2438 5613 neutrum,
2466 5540 2545 5603 τό,
2576 5555 2700 5596 ante
2724 5489 3018 5613 ἄφθιαρτον,
3048 5543 3251 5598 rectius
3276 5550 3636 5613 expuugetur.

2255 5609 2344 5674 86)
2373 5608 2535 5664 Forte
2566 5613 2673 5667 del.
2708 5608 2788 5666 τόζ

2231 5614 2345 5748 (87)
2394 5682 2788 5748 Φθαρησόμεκ

2255 5677 2345 5747 87)
2376 5682 2878 5752 φθαρησόμενον.
2922 5685 3001 5739 lta
3052 5683 3395 5740 correximus
3444 5697 3512 5736 ex
3571 5682 3743 5736 altero

2159 5763 2289 5827 3115.;
2338 5750 2593 5806 vitiosum
2622 5750 2769 5809 enim
2816 5764 2934 5810 erat
2978 5756 3372 5827 γενησόμενον,
3424 5752 3571 5824 quod
3616 5763 3742 5806 ante

2158 5819 2455 5883 legebatur.
2489 5833 2547 5877 ut
2573 5834 2738 5876 natet.
2989 5819 3004 5825 ’
3099 5819 3109 5827 ”
3182 5819 3195 5827 ’
3336 5858 3339 5859 ν
