4144 6414
386 315 519 373 1517

1514 307 1840 364 ΡΒᾹΞΡΔΗ.
1880 304 2136 363 EVANG.
2179 307 2309 364 LIB.
2350 307 2469 366 XV.

3503 303 3651 366 1518

378 452 459 504 τι,
485 433 576 489 διὰ
616 431 774 486 τοῦτο
818 430 1123 504 φθαρῆναιο
1156 429 1206 483 εί
1260 427 1318 482 δὲ
1357 428 1387 480 6
1411 426 1543 491 Θεὸς
1577 426 1845 498 βούλεται,
1887 425 1962 497 μὴ

2071 426 2211 497 quod
2240 442 2373 484 vero
2401 441 2512 483 non
2534 433 2743 497 pereat,
2769 425 2826 482 id
2853 440 2919 481 ea
2949 425 3129 482 solum
3156 439 3348 491 causa,
3378 424 3525 495 quod
3557 438 3653 481 or-

384 526 689 599 φθαρῆναι·
735 524 830 578 καὶ
859 523 992 578 διότι
1026 522 1124 594 μέν
1169 538 1221 574 τι
1253 518 1553 590 ἀγέννητόν
1594 520 1742 572 ἐστιν
1763 560 1778 586 ,
1822 517 1965 589 ἔχειν

388 621 543 691 ἰσχὺν
566 616 661 672 τοῦ
687 616 761 689 μὴ
793 615 1091 688 φθαρῆναι·
1118 614 1214 686 τὴν
1239 613 1295 666 δὲ
1341 611 1490 685 παρά
1514 609 1663 671 ,Θεοῦ
1713 609 1966 682 βούλησιν

384 710 576 775 ἐνδεῖν,
608 708 745 780 πρὸς
776 709 838 762 τὸ
855 707 1129 777 ἄφθαρτον
1159 703 1398 776 τηρῆσαί
1423 721 1475 756 τι
1504 702 1614 756 τῶν
1637 701 1962 774 γενομένων.

384 802 497 858 Kal
521 802 553 854 6
584 802 682 872 μὲν
715 800 997 870 οἰκοδόμος
1024 797 1209 861 ἱκανὸς
1240 797 1341 850 οὐκ
1367 790 1531 850 οὖσαν
1574 794 1753 848 οἰκίαν
1794 810 1968 848 κατα-

388 892 792 949 σκευάσασθαι·
832 890 1014 953 ἱκανὸς
1039 890 1097 942 δέ
1127 906 1213 952 τις
1241 889 1334 941 καὶ
1377 886 1671 958 ἀνδριάντα
1715 884 1790 957 μὴ
1838 885 1967 939 ὄντα

386 987 650 1060 πρότερον
682 987 810 1040 ὄντα
835 985 1059 1056 ποιῆσαι
1078 1000 1094 1014 ο
1122 982 1218 1037 καὶ
1246 981 1380 1037 ναῦν
1409 981 1567 1045 ἀλλος
1590 979 1651 1047 ἐξ
1698 979 1832 1049 ῦλης
1870 977 1970 1049 ἀρ-

385 1077 484 1146 γοῦ
518 1078 918 1150 τεκτηνάμενος
948 1074 1191 1148 παρέσχε
1223 1076 1333 1138 τοῖς
1361 1073 1637 1145 δεομένοις
1661 1086 1675 1101 '
1710 1071 1806 1125 καί⁸
1858 1069 1968 1123 τῶν

385 1172 560 1227 ἄλλων
584 1170 841 1243 τεχνιτῶν
867 1170 1116 1234 ἕκαστος,
1153 1168 1269 1222 ὅσοι
1291 1183 1355 1236 γε
1383 1164 1482 1229 τὰς
1516 1162 1805 1235 ποιητικὰς
1836 1178 1967 1233 μετ-

389 1263 498 1318 ἰασι
530 1263 744 1334 τέχνας,
774 1262 1002 1332 δύναμιν
1049 1258 1253 1330 ταύτην
1285 1258 1522 1329 ἔχουσιν,
1554 1255 1629 1319 ὥς
1657 1272 1711 1308 τι
1738 1253 1847 1307 τῶν
1867 1253 1969 1306 οὐκ

386 1354 555 1410 ὅντων
586 1356 742 1424 ἄγειν
775 1355 856 1418 εἰς
888 1352 1115 1407 οὐσίαψ
1150 1353 1179 1405 6
1210 1351 1268 1403 δὲ
1298 1347 1677 1421 παμϐασιλεὺς
1711 1346 1807 1400 καὶ
1847 1345 1971 1417 ἀρι-

389 1446 699 1517 στοτέχνης,
736 1446 842 1500 οὐδ’
867 1447 991 1499 ὅσον
1020 1443 1363 1515 ἀνθρωπίνου
1397 1440 1640 1513 τεχνίτου
1688 1438 1970 1509 δυνάμεως

389 1539 626 1611 μεθέξει,
659 1540 884 1610 ἄμοιρος
904 1538 947 1591 δ’
966 1539 1096 1609 ἡμῖν
1121 1536 1301 1608 πάσης
1325 1534 1478 1588 ἔσται
1502 1532 1801 1601 γενέσεως;
1831 1526 1967 1592 Οὔκ,

385 1630 480 1684 ἐάν
517 1647 581 1699 γε
632 1631 772 1685 κατὰ
834 1630 1008 1703 βραχὺ
1070 1629 1181 1701 (88)
1226 1628 1375 1691 θείας
1397 1625 1574 1689 αἰτίας
1618 1620 1969 1693 ἐπιλογισμὸν

2067 525 2183 572 tum
2210 533 2494 588 nunquam
2525 516 2708 581 fuerit,
2739 526 3067 587 perpetuum
3096 531 3320 574 manere
3346 514 3602 572 defendat
3633 533 3652 572 :

2066 615 2345 678 postremo
2374 623 2443 663 ne
2478 606 2590 663 Deo
2615 608 2838 679 quidem
2876 607 2983 679 ipsi
3021 605 3153 662 boni
3183 605 3382 672 ullius,
3422 606 3471 661 si
3504 606 3653 674 velit,

2068 697 2335 754 elliciendi
2361 698 2470 754 vim
2509 714 2576 754 ac
2607 707 2932 770 potestatem
2968 696 3280 768 relinquat?
3335 695 3471 751 Nam
3505 696 3655 765 quod

2067 790 2221 860 prius
2245 791 2455 846 nullum
2480 800 2620 859 erat,
2649 791 2851 861 inquit,
2876 791 2931 846 id
2954 806 3078 846 esse
3096 797 3287 861 postea
3312 789 3462 845 nullo
3493 790 3656 844 modo

2068 890 2266 950 potest.
2321 884 2498 954 Atque
2534 884 2639 939 hoc
2681 882 2947 939 orationis
2997 896 3198 954 genere
3247 896 3281 938 a
3329 880 3654 937 stabilienda

2067 971 2315 1029 Platonis
2335 973 2585 1030 doctrina
2615 982 2827 1029 tantum
2854 972 3029 1037 abest,
3049 980 3112 1027 ut
3140 986 3208 1027 eo
3236 972 3422 1043 potius
3452 970 3657 1025 abster-

2068 1064 2208 1120 ritos
2240 1080 2305 1120 ex
2339 1064 2407 1121 iis
2443 1065 2778 1130 nonnullos',
2812 1064 2909 1134 qui
2959 1063 3206 1120 studiose
3250 1061 3533 1118 Platonem
3563 1075 3655 1117 se-

2069 1159 2401 1230 quebantur,
2427 1159 2498 1214 ab
2529 1160 2719 1215 eadem
2752 1158 3026 1214 sententia
3053 1157 3368 1214 dimoverit.
3394 1156 3462 1212 At
3483 1156 3520 1211 ii
3547 1156 3658 1212 sci-

2068 1251 2197 1306 licet
2228 1249 2416 1306 videre
2441 1266 2551 1306 non
2589 1258 2916 1321 poruerunt:
2958 1250 3005 1307 si
3036 1250 3257 1321 quidem
3284 1265 3468 1305 rerum
3505 1248 3657 1319 ipsa.

2070 1356 2193 1396 rum
2227 1348 2423 1396 natura
2456 1356 2554 1411 per
2579 1356 2722 1408 sese,
2767 1348 2932 1411 atque
2957 1357 2989 1396 a
3019 1340 3115 1396 Dei
3141 1340 3421 1395 voluntate
3451 1355 3516 1395 ac
3547 1354 3656 1393 nu-

2071 1429 2220 1486 mine
2249 1430 2495 1501 sejuncta
2523 1440 2829 1500 spectetur,
2864 1446 3041 1501 neque
3096 1431 3242 1501 quod
3273 1440 3455 1485 ortum
3486 1427 3659 1486 semel

2070 1530 2176 1588 est,
2212 1521 2268 1577 id
2296 1522 2364 1576 ab
2390 1521 2615 1576 interitu
2642 1521 2874 1576 liberum
2898 1521 3168 1586 futurum,
3206 1536 3383 1592 neque
3410 1520 3657 1576 vicissim

2071 1614 2215 1686 quod
2266 1613 2512 1669 interibit
2557 1629 2879 1683 nunquam,
2934 1613 3078 1667 idem
3123 1621 3304 1668 ortum
3362 1611 3658 1682 aliquando

385 1717 486 1776 οἷοί
518 1740 577 1777 τε
606 1716 757 1795 ὦμεν
790 1702 995 1777 λαϐεῖν.
1047 1720 1204 1775 Ἀλλὰ
1248 1719 1469 1788 ποιῆσαι
1505 1717 1603 1788 μὲν
1645 1714 1827 1779 ἱκανὸς
1875 1710 1970 1766 καὶ

2073 1719 2227 1760 esse:
2248 1704 2332 1759 sin
2353 1712 2534 1758 autem
2552 1704 2828 1774 praecipua
2855 1704 3054 1758 divina:
3080 1717 3261 1758 causae
3288 1702 3429 1757 ratio
3458 1702 3659 1758 habea—

387 1776 720 1887 βουληθῆνίιι
738 1776 808 1870 τὰ
832 1814 1000 1868 καλά·
1034 1811 1280 1883 (ἀγαθὸς
1311 1776 1440 1883 γάρ,
1484 1776 1677 1878 ἀγαθῷ
1705 1806 1763 1859 δὲ
1791 1776 1968 1868 οὐδεὶς

2071 1801 2192 1861 tur,
2224 1809 2414 1848 verum
2440 1808 2562 1850 esse
2591 1792 2835 1863 profecto
2854 1835 2870 1861 ,
2902 1801 2962 1848 ut
2990 1809 3054 1848 ea
3077 1793 3246 1848 semel
3271 1793 3518 1848 omnium
3543 1793 3657 1848 dux

385 1905 579 1975 φθόνος
613 1908 740 1979 περὶ
764 1907 977 1970 οὐδενός
996 1922 1010 1937 ·
1033 1906 1306 1979 )τηρῆσαι
1341 1904 1397 1958 δὲ
1426 1904 1522 1957 καὶ
1539 1899 1866 1970 διαφυλάξαι
1895 1897 1966 1952 τὰ

384 1997 651 2070 γενόμενα
671 2000 733 2052 οὐ
764 1998 983 2063 δυνατός
1006 2013 1022 2064 ;
1044 1998 1155 2052 Kal
1185 1997 1292 2069 μὴν
1323 1997 1416 2050 καὶ
1452 1997 1500 2049 oi.
1530 1994 1709 2047 λοιποὶ
1726 1994 1967 2062 τεχνῖται

385 2090 523 2163 πρὸς
542 2092 710 2164 ἄμφω
735 2092 929 2146 ἱκανοί.
965 2092 1022 2145 'O
1065 2090 1196 2160 γοῦν
1223 2089 1502 2161 οἰκοδόμος
1548 2088 1641 2143 καὶ
1680 2089 1710 2141 6
1759 2103 1969 2158 ναυπη-

384 2183 481 2252 γὸς
501 2184 561 2236 οὐ
588 2184 745 2255 μόνον
769 2184 959 2249 καινὰς
976 2180 1476 2246 κατασκευάζονται
1498 2179 1636 2243 ναῦς
1659 2180 1752 2234 καί
1766 2178 1964 2243 οἰκίας,

384 2272 520 2327 ἀλλὰ
572 2275 668 2327 καὶ
714 2278 837 2339 ταῖς
873 2274 978 2329 ὑπὸ
1016 2275 1211 2346 χρόνου
1258 2271 1737 2344 διαφθειρομέναις
1793 2272 1969 2324 ἰκανοὶ

386 2363 633 2436 βοηθεῖν,
668 2367 829 2440 ’έτερα
876 2367 987 2421 τῶν
1033 2366 1425 2439 πεπονημένων
1484 2363 1965 2427 ἀντικαθιστάντες

382 2460 596 2525 αὑταῖς.
626 2463 789 2516 Ὥστε
814 2463 909 2516 καὶ
945 2462 1024 2532 τῷ
1078 2462 1197 2533 Θεῷ
1228 2462 1447 2525 πάντως
1491 2460 1555 2514 τό
1602 2476 1667 2529 γε
1708 2458 1964 2513 τοσοῦτον

384 2553 786 2623 συγχωρητέον.
829 2556 894 2608 "O
919 2555 1027 2627 γάρ
1058 2555 1167 2625 (89)
1199 2571 1283 2618 τις
1309 2554 1429 2607 ὅλον
1452 2552 1678 2623 ποιῆσαι
1718 2551 1962 2617 δυνατὸς,

380 2642 540 2696 τοῦτο
572 2643 689 2708 πῶς
717 2644 784 2698 ἂν
829 2646 894 2698 ὲκ
944 2647 1146 2717 μέρους
1187 2647 1448 2710 ἀδύνατος
1496 2646 1583 2716 εἴη
1610 2648 1814 2712 ποιεῖν;
1858 2646 1969 2698 Kal

383 2733 636 2802 γενέσθαι
652 2736 830 2790 τοίνυν
851 2754 905 2790 τι
922 2737 1003 2790 δεῖ
1023 2738 1231 2803 καινὸν,
1254 2739 1307 2792 εἰ
1320 2755 1383 2807 γε
1404 2737 1586 2810 μέλλοι
1603 2755 1686 2801 τις
1708 2736 1966 2807 ὃλως(9θ)

383 2826 635 2898 ποιητὴς,
663 2829 758 2883 κςιί⁹
778 2828 1038 2905 τὺνκαλὸν
1061 2828 1223 2902 ἔργον
1249 2830 1385 2902 πρὸς
1407 2830 1552 2884 ἆπαν
1583 2826 1963 2893 διασώζεσθαι.

383 2916 460 2969 Τὸ
484 2917 593 2989 γὰρ
608 2912 669 2972 εῦ
694 2919 982 2992 γενόμενον
1003 2920 1207 2977 ἐθέλειν
1238 2921 1408 2987 λύειν,
1440 2918 1643 2975 κακοῦ.
1661 2919 1880 2984 Μείζων
1909 2919 1967 2972 δὲ

334 3060 347 3073 ,
383 3007 541 3075 ἄλλος
571 3013 649 3076 εἰς
684 3013 954 3084 σωτηρίαν
986 3014 1096 3069 τῶν
1133 3015 1441 3086 γενομένων
1483 3012 1683 3084 δεσμὸς
1719 3012 1820 3065 οὐκ
1852 3011 1967 3065 ἔστι

381 3099 484 3170 τῆς
504 3099 598 3155 τοῦ
625 3101 761 3156 Θεοῦ
794 3103 1114 3177 βουλήσεως.
1140 3106 1210 3159 Ἦ
1232 3102 1579 3176 ἀνθρωπίνης
1606 3104 1702 3173 μὲν
1730 3101 1969 3171 σπουδῆς
1996 3120 2042 3183 C

384 3191 818 3265 καίιβουλήσεως
866 3195 1235 3267 μεταλαϐόντα
1263 3195 1457 3262 πολλὰ,
1514 3196 1610 3250 καὶ
1668 3194 1792 3265 ἔθνη
1820 3233 1836 3259 ,
1871 3194 1967 3248 καὶ

385 3282 588 3348 πόλεις,
625 3288 719 3342 καὶ
740 3285 898 3358 ἔργα,
937 3288 1088 3359 μένει
1123 3289 1315 3362 χρόνον
1336 3290 1619 3360 ἀμήχανον
1652 3288 1776 3341 ὅσον
1813 3287 1970 3355 γενό-

387 3394 544 3449 μενα,
571 3379 762 3451 μηκέτ’
793 3380 946 3446 ὄντος
972 3381 1068 3436 τοῦ
1113 3382 1471 3453 θελήσαντος·
1509 3380 1579 3435 τὰ
1624 3380 1683 3435 δὲ
1735 3380 1835 3450 τῆς
1874 3382 1969 3434 τοῦ

384 3468 520 3524 Θεοῦ
546 3472 885 3543 μετασχόντα
916 3473 1162 3545 γνώμης,
1196 3475 1292 3528 καὶ
1323 3474 1390 3527 δι’
1412 3471 1578 3527 αὐτὸν
1612 3471 1707 3526 καὶ
1747 3471 1840 3524 ὑπ’
1872 3470 1971 3524 αὐ-

383 3560 479 3616 τοῦ
510 3562 798 3635 γενόμενα,
827 3565 999 3620 ταῦτα
1029 3566 1094 3638 δὴ
1128 3567 1238 3638 ἄρα
1270 3564 1538 3636 παρόντος
1578 3562 1671 3617 τοῦ
1709 3563 1971 3634 ποιήσαν-

383 3668 475 3717 τος
496 3654 778 3725 οίχήσεται
809 3657 904 3711 καὶ
930 3658 991 3711 οὐ
1022 3661 1367 3730 παραμενεῖς
1419 3655 1577 3720 Τίνος
1626 3654 1805 3717 αἰτίας
1856 3654 1974 3725 βια-

388 3743 629 3816 σαμένης
652 3747 751 3819 τὴν
770 3747 862 3802 τοῦ
887 3748 1023 3802 Θεοῦ
1054 3749 1280 3823 γνώμην
1303 3766 1317 3815 ;
1342 3749 1571 3821 πότερον
1590 3748 1690 3820 τῆς
1713 3745 1774 3813 ἐξ
1792 3746 1974 3801 αὐτῶν

385 3833 496 3889 τῶν
520 3838 824 3909 γενομένων
852 3840 1135 3913 ἀνάγκης;
1196 3840 1333 3894 Ἀλλ’
1386 3841 1524 3911 αὐτή
1564 3856 1651 3909 γε,
1684 3838 1764 3910 τῷ
1805 3855 1975 3911 προσ-

385 3923 544 3981 έσθαι
571 3927 633 3980 τὸ
657 3930 1023 4001 κοσμηθῆναι,
1052 3932 1152 4004 τὴν
1185 3931 1250 3984 ὲκ
1264 3930 1358 3985 τοῦ
1387 3930 1523 3985 Θεοῦ
1552 3929 1975 4002 προσωμολόγη-

390 4032 482 4071 σεν
510 4013 697 4091 ἧτταν.
745 4022 883 4077 Ἀλλ’
916 4022 1115 4088 ἔξωθέν
1140 4040 1286 4088 τινος
1326 4023 1507 4087 αἰτίας
1538 4020 1977 4093 ἀνταγωνιζομέ-

387 4125 486 4180 νης
513 4111 589 4183 τῷ
613 4111 733 4184 Θεῷ
757 4130 772 4179 ;
803 4114 917 4169 ἀλλ’
945 4114 1059 4169 οὔτ’
1085 4117 1253 4181 ἐστὶν,
1280 4114 1403 4170 οὔτε
1431 4117 1490 4171 ὲν
1510 4110 1591 4179 οἷς
1612 4113 1752 4187 ἔφθη
1773 4115 1977 4187 κρατή-

390 4216 489 4266 σας
529 4204 622 4258 καὶ
654 4208 936 4279 κοσμήσας
969 4210 999 4262 6
1024 4208 1178 4273 Θεὸς,
1212 4207 1292 4262 ἔτι
1321 4207 1471 4273 ἄξιον
1491 4211 1550 4262 ὲν
1578 4208 1786 4271 τούτοις
1817 4208 1976 4261 αὑτὸν

391 4290 649 4348 ἐλαττοῦν
676 4313 837 4362 τινος,
868 4297 922 4351 εί¹
946 4315 1010 4367 γε
1041 4298 1116 4371 μὴ
1139 4299 1452 4354 παντάπασι
1479 4299 1811 4371 λανθάνομεν
1830 4301 1978 4371 ἡμᾶς

388 4383 587 4448 αὐτοὺς
619 4387 875 4460 περὶτῆς
922 4391 1184 4461 μεγίστης
1225 4392 1318 4445 καὶ
1364 4389 1647 4462 θειοτάτης
1692 4391 1976 4463 δυνάμεως

2068 1886 2430 1957 princepsque
2502 1886 2831 1954 constituta,
2890 1886 3062 1940 nihilo
3121 1887 3313 1942 saltem
3387 1886 3659 1941 inlirmior

2069 1994 2234 2049 quam
2269 1987 2479 2033 ceterae
2508 1978 2673 2049 803
2706 1977 3053 2048 deteriorque
3078 1987 3389 2033 censeatur.
3440 1976 3658 2032 Etenim

2067 2070 2360 2126 ridiculum
2408 2068 2599 2139 utique
2648 2068 2843 2131 fuerit,
2887 2068 3035 2139 quod
3082 2077 3265 2123 ortum
3316 2067 3523 2137 aliquid
3562 2067 3656 2128 sit,

2068 2169 2353 2233 propterea
2386 2160 2440 2215 id
2471 2160 2787 2230 corrumpi;
2831 2158 2974 2215 idem
3002 2160 3050 2215 si
3081 2159 3359 2229 corrumpi
3385 2158 3530 2215 Deus
3564 2173 3661 2213 vo-

2068 2252 2251 2320 luerit,
2283 2266 2391 2306 non
2417 2253 2694 2321 corrumpi
2738 2269 2751 2305 :
2790 2251 3074 2319 similiter,
3106 2252 3252 2322 quod
3297 2250 3502 2322 aliquid
3532 2259 3660 2305 ortu

2068 2351 2283 2406 careat,
2327 2350 2614 2412 propterea
2656 2341 2910 2396 interitus
2948 2341 3049 2397 abs
3074 2356 3133 2396 se
3167 2341 3523 2411 propulsandi
3547 2340 3673 2396 vim'

2069 2435 2301 2501 habere;
2337 2433 2580 2488 divinam
2617 2442 2807 2488 contra
2852 2433 3188 2489 voluntatem
3242 2433 3427 2488 minus
3455 2433 3661 2488 habere

2068 2528 2267 2582 virium
2288 2566 2303 2592 ,
2334 2542 2499 2597 quam
2543 2533 2604 2581 ut
2642 2526 2943 2596 quidquam
2970 2541 3159 2581 eorum
3180 2567 3193 2591 ,
3228 2541 3351 2597 quae
3402 2534 3657 2597 generata

2070 2627 2229 2685 sunt,
2274 2618 2342 2673 ab
2368 2617 2593 2673 interitu
2635 2617 2871 2672 libera-re
2899 2618 3094 2687 possit.
3136 2616 3218 2672 An
3249 2632 3380 2672 vero
3408 2619 3658 2683 domum,

2069 2726 2191 2781 quae
2222 2710 2372 2765 nulla
2394 2718 2511 2765 erat
2540 2709 2873 2765 architectus
2899 2719 3183 2765 exstruere
3206 2709 3424 2777 poterit,
3439 2709 3657 2780 signum

2068 2802 2209 2857 alius
2248 2801 2479 2869 edicere,
2498 2800 2646 2871 quod
2673 2810 2798 2855 ante
2819 2815 2928 2854 non
2952 2810 3117 2868 esset,
3134 2801 3277 2856 alius
3299 2817 3365 2856 ex
3393 2801 3518 2856 rudi
3540 2817 3660 2855 ma-

2069 2893 2203 2948 teria
2234 2892 2416 2948 navim
2446 2893 2515 2947 iis
2547 2892 2751 2962 quibus
2785 2906 2924 2961 Opus
2951 2892 3044 2946 illa
3076 2890 3168 2957 sit,
3205 2892 3476 2947 aediﬁcare
3508 2908 3523 2946 :
3551 2906 3656 2962 po-

2071 2993 2277 3041 stremo
2293 2985 2612 3054 quicunque
2637 2982 2691 3036 in
2714 2981 3070 3038 ellectricium
3103 2984 3303 3039 artium
3333 2984 3660 3040 tractatione

2071 3085 2384 3142 versantur,
2420 3074 2627 3145 aliquid
2668 3082 2728 3129 ut
2758 3074 2848 3142 sit,
2873 3076 3020 3145 quod
3050 3076 3205 3146 prius
3234 3090 3346 3131 non
3378 3083 3516 3143 erat,
3547 3076 3667 3131 εἰη-ο

2075 3166 2253 3224 ciendi
2284 3168 2393 3223 vim
2427 3166 2745 3222 habebunt:
2789 3183 2971 3238 regem
3003 3167 3158 3222 illum
3205 3167 3469 3235 universi,
3526 3169 3660 3222 arti-

2070 3260 2338 3331 ﬁcemque
2382 3261 2936 3331 praestantissimum,
2987 3261 3275 3332 potestatis
3331 3276 3401 3316 ne
3440 3268 3659 3316 tantum

2069 3352 2315 3424 quidem,
2367 3361 2636 3422 quantum
2671 3353 2960 3407 mortalem
3012 3353 3261 3423 Opiticem
3292 3352 3492 3408 habere
3524 3367 3661 3408 con-

2069 3444 2347 3512 cedemus,
2375 3443 2635 3518 omnique
2659 3459 2787 3500 eum
2814 3446 3110 3511 generandi
3140 3445 3399 3502 facultate
3419 3447 3660 3517 privabi-

2069 3533 2233 3589 mus?
2264 3531 2557 3605 Nunquam
2588 3533 2854 3604 profecto,
2879 3535 2927 3590 si
2956 3535 3024 3591 de
3056 3551 3222 3592 causa
3236 3537 3341 3591 illa
3360 3537 3545 3594 divina
3574 3538 3662 3594 vel

2070 3626 2361 3682 minimum
2407 3626 2540 3697 quid
2576 3628 2762 3683 animo
2802 3626 3103 3684 informare
3149 3629 3474 3699 poterimus.
3516 3628 3662 3697 Quid

2070 3719 2278 3790 igitur?
2324 3719 2410 3774 An
2441 3718 2581 3775 forte
2615 3719 2899 3791 (quoniam
2927 3723 3044 3790 ipse
3068 3720 3249 3777 bonus
3290 3730 3409 3789 est,
3456 3723 3661 3778 bonum

2073 3819 2255 3865 autem
2282 3810 2488 3865 nullius
2523 3809 2602 3865 rei
2635 3811 2851 3881 copiam
2885 3810 3112 3882 invidet)
3137 3811 3278 3867 bona
3299 3811 3511 3868 edicere
3534 3827 3662 3868 cum

2072 3900 2281 3972 possit,
2323 3908 2437 3957 tum
2482 3902 2648 3957 etiam
2695 3903 2861 3969 velit;
2900 3918 3025 3973 quae
3069 3910 3253 3958 tamen
3300 3902 3491 3959 ell'ecta
3526 3905 3658 3971 sint,

2074 4010 2398 4052 conservare
2424 3995 2567 4050 idem
2589 3995 2843 4065 tuerique
2875 3997 2987 4050 non
3012 3994 3226 4065 possit?
3268 3996 3338 4050 At
3356 3996 3536 4051 caeteri
3563 4010 3660 4049 ar-

2075 4086 2250 4142 tiﬁces
2277 4094 2575 4155 utrumque
2599 4093 2852 4154 possunt.
2888 4085 3187 4140 Architecti
3219 4084 3440 4156 quidem
3475 4093 3531 4139 et
3566 4099 3640 4140 na
3733 4098 3743 4109 '

2074 4178 2225 4233 vium
2254 4176 2610 4232 reditioatores
2632 4216 2647 4241 ,
2697 4191 2809 4231 non
2855 4183 3068 4230 tantum
3102 4190 3273 4230 novas
3310 4190 3408 4230 seu
3437 4175 3636 4230 domos

2078 4283 2175 4324 seu
2218 4278 2385 4321 naves
2432 4265 2767 4330 moliuntur,
2805 4267 2902 4322 sed
2928 4265 2996 4320 iis
3023 4265 3191 4320 etiam
3220 4273 3465 4335 tempore
3496 4265 3659 4321 vitia-

2078 4362 2170 4427 tis,
2203 4368 2385 4431 partes
2420 4358 2558 4412 alias
2598 4366 2981 4429 corruptarum
3015 4358 3071 4412 in
3108 4357 3293 4412 locum
3316 4355 3658 4424 sulIiciendo,

388 4448 777 4549 διαλεγόμενοι.
829 4448 1251 4554 ”Ᾰλλὰ·γάρἐίς
1284 4483 1376 4537 τὸν
1411 4485 1538 4555 περὶ
1578 4448 1675 4554 ei};
1717 4448 1971 4555 ἀληθείας

2077 4452 2282 4509 mederi
2309 4457 2561 4521 possunt.
2611 4448 2792 4516 Quare
2821 4450 3163 4506 tantumdem
3210 4450 3438 4506 omnino
3465 4450 3661 4505 saltem

390 4567 545 4637 λόγον
574 4570 829 4642 ἐοίκαμεν
852 4573 955 4627 ὑπὸ
982 4574 1286 4646 προθυμίας
1309 4574 1657 4647 ἐκφέρεσθαι.
1681 4575 1849 4646 Δῆλον
1874 4576 1973 4647 μὲν

391 4660 486 4712 καὶ
514 4659 543 4713 6
573 4662 921 4734 προύθέμεθα
942 4705 958 4730 ,
987 4665 1064 4729 ὡς
1096 4666 1196 4718 οὐκ
1235 4665 1300 4720 ἂν
1324 4663 1432 4721 εἷεν
1487 4665 1797 4720 διδάσκαλοι
1844 4667 1971 4738 περὶ

392 4751 597 4822 κόσμου
637 4754 902 4821 γενέσεως
928 4758 978 4811 οἱ
1010 4756 1144 4828 μηδὲ
1180 4756 1277 4828 τὴν
1320 4757 1494 4829 ἀρχὴν
1539 4756 1753 4827 γένεσιν
1785 4756 1973 4810 ἀπολι-

391 4841 586 4908 πόντες
614 4845 781 4917 αὐτῷ.
810 4848 920 4901 Καὶ
952 4847 1059 4920 μὴν
1108 4849 1203 4903 καὶ
1244 4850 1373 4921 περί
1410 4849 1510 4920 τῆς
1542 4848 1650 4902 τῶν
1700 4848 1972 4920 σωμάτων

393 4931 648 5007 πέμπτης
676 4937 884 5003 οὐσίας,
914 4941 980 5011 ἣν
1004 4927 1336 5014 εἰσηγήσατο
1381 4941 1777 5013 Ἀριστοτέλης,
1800 4941 1972 4995 ταῦτα

393 5028 745 5100 παραθετέον.

2079 4544 2192 4600 Deo
2240 4541 2647 4599 concedendum
2679 4549 2783 4596 est”.
2837 4541 2993 4609 Quod
3025 4541 3174 4596 enim
3226 4549 3398 4596 totum
3449 4540 3664 4595 elIicere

2079 4638 2206 4709 quis
2243 4635 2514 4708 potuerit,
2541 4635 2820 4706 quomodo
2856 4651 2926 4697 et
2959 4644 3111 4706 parte
3143 4633 3200 4690 id
3232 4634 3412 4705 ipsum
3446 4632 3659 4689 ellicere

2078 4745 2187 4787 non
2215 4726 2423 4801 possit?
2449 4725 2658 4798 Itaque,
2707 4727 2754 4783 si
2786 4727 2911 4798 quis
2941 4743 3066 4783 vere
3098 4743 3165 4783 ac
3190 4727 3409 4798 proprie
3437 4725 3659 4781 ell'ector

2074 4823 2342 4891 erit,cum
2365 4820 2486 4891 ejus
2515 4835 2717 4876 novum
2745 4820 2963 4892 aliquod
2990 4833 3128 4891 opus
3144 4826 3507 4885 exstare,tum
3530 4816 3664 4870 illud

2079 4916 2127 4972 si
2153 4916 2359 4970 bonum
2392 4912 2577 4980 fuerit,
2623 4912 2693 4967 ab
2724 4914 2915 4968 eodem
2970 4914 3232 4968 adversus
3263 4925 3484 4967 omnem
3519 4908 3662 4978 inju-

2081 5007 2219 5063 riam
2267 5004 2581 5061 conservari
2627 5006 2917 5076 oportebit.
2964 5003 3175 5059 Bonum
3203 5004 3346 5058 enim
3388 5003 3502 5073 jam
3535 5000 3663 5055 eli".-

395 5128 544 5174 etum
574 5122 709 5176 velle
730 5124 1049 5192 dissolvere,
1083 5127 1212 5182 mali
1242 5128 1432 5200 utique
1462 5126 1644 5182 fuerit.
1705 5124 1874 5182 Porro
1900 5126 1969 5182 ad
2005 5140 2071 5181 ea
2139 5137 2264 5193 quae
2294 5120 2436 5176 facta
2508 5126 2637 5174 sunt
2677 5116 3050 5172 conservanda
3072 5156 3088 5182 ,
3134 5130 3245 5169 non
3290 5113 3438 5168 aliud
3480 5112 3663 5168 divina

393 5210 672 5267 voluntate
700 5212 896 5271 fortius
921 5217 1201 5272 vinculum
1231 5235 1353 5275 esse
1379 5219 1571 5289 possit.
1601 5210 1743 5284 Quid
1773 5217 1965 5273 enim?
2002 5233 2071 5272 an
2102 5213 2307 5286 populi,
2343 5213 2531 5277 urbes,
2563 5223 2840 5279 operaque
2901 5223 3064 5278 quam
3124 5206 3359 5277 plurima
3382 5249 3396 5273 ,
3430 5219 3554 5292 cum
3580 5216 3663 5292 ses

394 5301 505 5356 mel
534 5300 822 5359 hominum
881 5306 1123 5361 studium
1162 5323 1227 5363 ac
1257 5308 1510 5363 voluntas
1571 5311 1885 5373 accesserit,
1953 5305 2171 5361 inﬁnito
2204 5302 2443 5373 quodam
2513 5309 2753 5369 tempore
2796 5298 2879 5369 (ut
2914 5297 3121 5366 pridem
3153 5312 3275 5352 esse
3302 5290 3544 5362 desierit,
3568 5290 3661 5364 qui

396 5394 634 5465 primum
663 5397 738 5452 ita
771 5397 1059 5470 voluerat),
1092 5401 1389 5455 constituta
1420 5409 1643 5455 manent
1667 5418 1681 5455 :
1701 5414 1824 5471 quae
1844 5414 1974 5455 vero
2011 5398 2110 5453 Dei
2138 5384 2267 5452 orta
2288 5393 2540 5456 consilio,
2574 5407 2697 5463 quae
2723 5400 2943 5462 propter
2972 5390 3174 5458 ipsum,
3228 5396 3395 5459 atque
3423 5390 3491 5445 ab
3546 5391 3663 5459 ipso

396 5486 635 5558 perfecta
677 5490 823 5556 sint,
852 5506 915 5545 ea
953 5500 1217 5563 praesente
1264 5493 1391 5549 licet
1434 5492 1713 5561 ell‘ectore,
1781 5493 1992 5563 dilapsa
2048 5489 2388 5547 interibunt?
2429 5489 2563 5553 Quae
2606 5499 2774 5539 causa
2816 5480 3019 5538 tantam
3063 5482 3169 5536 vim
3218 5482 3406 5538 all‘eret
3466 5481 3663 5539 divinae

472 5689 585 5766 (εξ)
615 5691 779 5766 Κατὰ
821 5693 1044 5766 βραχύ.
1094 5693 1243 5749 Ferri
1291 5660 1489 5766 potest.
1535 5695 1748 5758 Mallem
1796 5703 1976 5751 tamen

2159 5688 2269 5763 (89)
2292 5691 2364 5763 :0
2401 5687 2538 5763 reip.
2562 5687 2812 5763 Rectius,
2841 5698 2901 5746 ut
2927 5688 3159 5758 videtur,
3197 5704 3300 5746 m3.
3337 5690 3367 5743 6
3392 5690 3525 5763 γάρ.

400 5760 494 5816 καὶ
528 5760 732 5833 Βραχύν
758 5760 876 5817 τινα
908 5760 1078 5834 θείας,
1115 5775 1219 5826 etc.

2157 5756 2265 5832 (9U)
2292 5756 2453 5817 Forte
2472 5756 2597 5816 add.
2636 5756 2793 5815 εἶναι.
