4144 6438
481 289 621 346 1319
1137 288 1416 348 EUSEBII
1466 287 1949 347 CASSARIENSIS
1988 287 2143 345 OPP.
2182 287 2369 346 PARS
2401 288 2469 347 ll.
2509 320 2579 335 -
2615 287 3136 348 APOLOGETICA.
3638 301 3775 361 1520

477 408 788 463 voluntati?
845 408 927 463 An
959 423 1026 464 ex
1062 410 1228 466 rebus
1262 408 1417 480 ipsis,
1456 424 1580 481 qua:
1609 409 1769 465 factae
1806 410 1938 479 sint,
1973 409 2216 481 profecta
2258 410 2599 469 necessitas?
2627 412 2698 469 At
2724 412 2816 468 illa
2869 413 2955 468 vel
3003 413 3113 469 hoc
3150 412 3290 485 ipso,
3339 414 3487 486 quod
3517 415 3646 491 tingi
3680 434 3775 475 eas

474 499 807 575 disponique
844 505 1113 573 permisit,
1152 507 1354 561 vietam
1411 520 1472 562 se
1509 521 1540 560 a
1579 504 1693 561 Deo
1729 521 1795 561 ac
1819 516 2135 578 superatam
2177 506 2433 563 confessa
2465 516 2568 564 est.
2628 506 2713 563 An
2757 507 2871 563 Deo
2915 522 3081 564 causa
3138 509 3387 579 quaedam
3433 511 3776 571 extrinsecus

475 595 1013 668 adversatur?80ﬁ.
1036 599 1109 652 At
1133 612 1235 653 uec
1264 598 1373 653 ulla
1398 599 1522 653 talis
1547 609 1661 665 est;
1691 614 1794 655 nec
1828 599 1874 654 si
1899 607 2067 665 esset,
2103 614 2293 655 verum
2327 610 2513 658 tamen
2586 600 2749 666 foret,
2798 602 2993 670 Deum,
3033 604 3235 676 quibus
3278 602 3335 658 in
3372 603 3540 660 rebus
3605 605 3774 661 etiam

474 688 795 745 ordinandis
827 690 1081 761 superior
1124 692 1236 762 jam
1280 691 1463 755 fuerit,
1500 692 1557 747 in
1588 693 1675 749 llis
1741 693 1877 762 ipsis
1914 692 2096 762 aliqua
2135 693 2355 749 demum
2392 693 2706 751 inferiorem
2739 693 2939 751 ducere
2972 696 3121 752 :nisi
3157 694 3298 752 forte
3353 694 3516 751 nobis
3558 694 3628 752 de
3656 711 3776 751 mar

478 778 625 833 ximo
670 782 1019 852 maximeque
1064 783 1253 838 divino
1298 781 1534 837 Numine
1574 798 1886 839 sermonem
1943 797 2067 838 esse
2110 784 2332 852 penitus
2400 784 2738 854 ignoremus.
2807 783 2914 841 Sed
2977 786 3121 840 enim
3156 785 3211 839 in
3248 784 3392 839 hanc
3422 800 3520 854 pro
3546 783 3776 840 veritate

475 874 901 942 disputationem
942 874 1350 931 vehementiore
1390 876 1632 946 quodam
1686 874 1868 931 studio
1908 873 2159 929 videmur
2211 888 2335 930 esse
2356 875 2539 930 delati.
2572 874 2803 930 Planum
2855 876 3078 947 quidem
3118 876 3254 932 illud
3306 874 3563 942 fecimus,
3622 878 3771 948 quod

473 967 816 1034 propositum
861 967 1021 1023 nobis
1045 976 1184 1032 erat,
1226 969 1293 1023 de
1322 969 1513 1023 mundi
1554 969 1776 1025 conditu
1803 967 2057 1023 doctores
2097 966 2221 1023 illos
2288 982 2573 1038 nunquam
2620 968 2860 1034 futuros,
2902 969 2999 1039 qui
3068 984 3139 1024 ne
3162 968 3400 1040 primum
3433 969 3654 1039 quidem
3684 970 3770 1024 ul'

475 1056 588 1111 lum
639 1057 743 1128 ipsi
788 1070 969 1115 ortum
1015 1061 1348 1129 relinquant.
1391 1080 1410 1113 ι
1448 1059 1721 1118 Caeterum
1761 1061 1829 1118 de
1864 1062 2058 1132 quinta
2095 1060 2264 1117 etiam
2297 1075 2592 1132 corporum
2661 1062 2923 1128 essentia,
2960 1076 3124 1133 quam
3155 1060 3372 1117 induxit
3422 1061 3765 1118 Aristoteles,

478 1166 603 1220 quae
631 1162 937 1223 sequuntur
967 1153 1216 1209 addenda
1241 1163 1390 1209 sunt.

1088 1264 1317 1323 CAPUT
1358 1266 1473 1323 vn.
2106 1273 2150 1323 A
2718 1258 2724 1310 1

2106 1273 2150 1323 Α
2718 1257 3117 1312 ΚΕΦΑΛΑΙΟΝ
3152 1259 3226 1312 Ζν.

473 1381 731 1454 Ejusdem
750 1383 1001 1439 adversus
1032 1385 1294 1449 eumdem,
1317 1384 1560 1454 quintam
1582 1401 1860 1453 corporum
1887 1400 2062 1454 essen-

2172 1372 2284 1454 Τοῦ
2317 1370 2507 1454 αὐτοῦ
2535 1370 2686 1439 πρὸς
2727 1371 2837 1454 τᾴν
2856 1369 3095 1454 ⁸αὐτὸς,
3147 1370 3765 1454 59114:?»-

541 1456 674 1530 tiant
708 1455 1237 1525 inducentem,quam
1273 1440 1436 1526 usque
1453 1440 1684 1525 Moyses,
1709 1471 1871 1525 neque
1908 1453 2064 1510 Plato

2236 1442 2673 1530 ty‘OFLGéWO?
2724 1441 2965 1507 οὐσίαν,
3020 1440 3104 1511 ἣν
3140 1442 3282 1496 οὔτε
3316 1440 3586 1514 Μωῦο-ἧζτ
3621 1448 3762 1503 οὔτε

547 1527 713 1579 novit.
1050 1516 1103 1525 ”
1348 1516 1360 1526 ’
1547 1516 1569 1525 ⁷
1672 1516 1681 1522 ’
1784 1516 1794 1525 ’

1348 1516 1360 1526 ’
1547 1516 1569 1525 ⁷
1672 1516 1681 1522 ’
1784 1516 1794 1525 ’
2244 1516 2503 1569 Πλάτων
2527 1516 2827 1584 γινώσκει.

546 1657 566 1689 ι
598 1637 732 1705 Quae
759 1639 923 1709 vulgo
956 1637 1217 1694 dicuntur
1251 1638 1547 1707 elementa,
1601 1638 1804 1709 quibus
1837 1652 1901 1691 ex
1946 1637 2062 1706 pri-

2236 1647 2255 1681 ι
2283 1628 2420 1700 Περὶ
2457 1626 2588 1697 γοῦν
2650 1625 2761 1681 τῶν
2825 1626 3176 1699 καλουμένων
3239 1630 3549 1702 στοιχείων,
3598 1629 3659 1698 ἐξ
3683 1628 3758 1688 ὧν

470 1730 577 1785 mis
605 1744 834 1800 corpora
867 1730 1099 1786 conﬂata
1126 1739 1275 1796 sunt,
1292 1746 1356 1786 ea
1373 1730 1527 1785 Plato
1550 1737 1890 1802 perspectam
1917 1729 2065 1799 ipso-

2163 1719 2399 1793 πρώτων
2422 1718 2655 1791 σώματα
2684 1718 3002 1790 συνέστηκε,
3017 1720 3244 1775 Πλάτων
3274 1723 3373 1794 μὲν
3402 1724 3668 1796 ἑπόμενος
3688 1731 3754 1800 τῇ

470 1838 591 1876 rum
621 1822 981 1887 evidentiam,
1018 1831 1073 1878 et
1100 1824 1444 1893 superiorum
1475 1823 1931 1893 philosophorum
1961 1837 2062 1877 au-

2162 1814 2291 1887 περὶ
2314 1813 2454 1868 αὐτὰ
2478 1813 2760 1885 ἐναργείᾳ,
2795 1813 3048 1886 καθάπερ
3065 1814 3159 1868 καὶ
3189 1817 3239 1869 οἱ
3274 1817 3381 1889 πρὸ
3404 1818 3592 1884 αὑτοῦ,
3634 1818 3757 1875 τέσ-

472 1914 779 1969 ctoritaiem
811 1923 1309 1986 secutus,quatuor
1339 1915 1652 1985 posuit,illa
1675 1915 1791 1985 ipsa
1814 1914 2059 1970 omnium

2164 1904 2308 1974 σαρά
2330 1921 2393 1957 τε
2425 1903 2626 1975 ἔφησεν
2661 1899 2807 1957 εἶναι
2826 1904 3000 1958 ταῦτα
3029 1904 3457 1977 ὁμολογούμενα,
3482 1908 3615 1981 πῦρ,
3657 1913 3754 1965 καὶ

469 2006 817 2062 confessione
878 2008 1141 2078 probata,
1192 2008 1410 2079 ignem,
1466 2015 1705 2074 terram,
1761 2022 1942 2063 aerem
2006 2017 2062 2063 et

2161 1997 2287 2069 γῆν,
2317 1996 2414 2051 καὶ
2453 1996 2613 2068 ἀέρα,
2646 1997 2741 2050 καὶ
2776 1996 2954 2068 ὕδωρ,
2985 1998 3080 2050 καὶ¹
3123 2000 3189 2053 ὲκ
3225 1999 3431 2055 τούτων
3462 2018 3750 2074 συγκρινο-

470 2114 692 2169 aquam,
723 2114 792 2154 ex
813 2100 1015 2169 quibus
1041 2100 1184 2154 inter
1224 2114 1348 2155 sese
1393 2100 1709 2170 temperatis
1742 2108 1908 2170 atque
1939 2115 2061 2154 mu-

2166 2090 2342 2160 μένων
2377 2090 2474 2143 καὶ
2504 2089 2858 2161 τρεπομένων
2899 2089 2969 2143 τὰ
2999 2088 3165 2144 λοιπά
3190 2090 3370 2145 πάντα
3420 2096 3712 2162 γεννᾶσθαι
3731 2112 3744 2126 ·

469 2190 624 2257 tatis,
651 2200 847 2246 caetera
874 2192 1057 2246 omnia
1087 2200 1436 2261 generentur.
1466 2192 1536 2245 At
1559 2206 1691 2246 vero
1713 2191 2058 2260 Aristoteles,

2174 2180 2550 2256 Ἀριστοτέλης
2591 2182 2651 2236 δὲ
2673 2223 2688 2247 ,
2719 2182 2795 2246 ὡς
2840 2180 3017 2237 ἔοικεν
3039 2222 3055 2248 ,
3089 2183 3329 2249 ,ἐλπίσας
3375 2188 3753 2262 περιττότερος

468 2294 595 2334 cum
630 2280 1071 2346 excellentioris,
1123 2290 1183 2335 ut
1226 2281 1464 2346 videtur,
1514 2282 1796 2353 sapientiae
1840 2282 2059 2338 laudem

2161 2273 2445 2346 φανεῖσθαι
2473 2273 2552 2345 τῷ
2578 2276 2816 2345 φρονεῖν,
2848 2273 2977 2327 εἴτι
3007 2274 3169 2347 σῶμα
3193 2276 3259 2330 ὲκ
3294 2278 3551 2350 περιττοῦ
3584 2296 3754 2353 προσο-

469 2382 736 2442 speraret,
770 2372 820 2428 si
843 2388 1046 2428 novum
1099 2373 1321 2444 aliquod
1350 2374 1575 2444 insuper
1601 2389 1804 2445 corpus
1839 2374 2061 2430 invehe-

2160 2366 2304 2438 θείη,
2354 2363 2881 2436 προσκατηρίθμησε
2942 2368 3053 2429 τοῖς
3110 2367 3456 2439 φαινομένοις
3493 2369 3753 2444 τέτταρσι

469 2474 574 2533 ret,
610 2466 759 2521 notis
789 2465 899 2521 illis
925 2473 1163 2535 quatuor
1185 2465 1435 2535 quintam
1461 2464 1713 2534 adiunxit
1736 2466 2055 2521 essentiam.

2162 2458 2379 2530 σώμασι
2409 2456 2506 2529 τὴν
2530 2456 2790 2528 πέμπτην
2813 2457 3000 2511 οὐσίαν
3025 2475 3040 2488 ·
3074 2459 3214 2513 πάνυ
3246 2459 3346 2529 μὲν
3368 2459 3637 2534 λαμπρῶς
3658 2467 3753 2520 καὶ

465 2555 526 2611 In
557 2572 669 2628 quo
692 2556 976 2627 splendide
998 2571 1228 2627 prorsus
1257 2573 1321 2613 ac.
1354 2558 1643 2627 magnilice
1673 2570 1924 2613 naturam
1962 2560 2059 2615 lia-
2090 2622 2101 2632 _

2110 2624 2128 2632 ‘
2161 2551 2471 2625 φιλοδώρως
2516 2557 2583 2625 τῇ
2650 2554 2811 2623 φύσει
2847 2557 3231 2629 χρησάμενος,
3295 2561 3370 2632 μὴ
3409 2562 3637 2618 συνιδὼν
3664 2566 3746 2629 δὲ,

466 2622 591 2703 buit
615 2649 706 2703 ille
724 2622 967 2720 quidem
998 2622 1017 2702 Ξ
1045 2648 1139 2703 sed
1166 2648 1422 2704 videlicet
1452 2622 1571 2703 lion
1616 2649 1903 2717 intellexit,
1937 2652 2058 2722 ejus
2090 2622 2102 2677 ¹

2115 2624 2132 2676 ι
2158 2644 2242 2697 ὅτι
2274 2645 2337 2698 οὐ
2364 2622 2687 2716 νομοθετεῖν
2712 2646 2792 2699 δεῖ
2835 2622 3381 2717 φῦσιολογοῦντα,’τά
3409 2652 3466 2707 δὲ
3495 2655 3596 2725 τῆς
3644 2622 3751 2726 (pii;

467 2758 574 2796 non
607 2756 729 2797 esse
756 2740 852 2811 qui
890 2755 951 2795 se
983 2739 1364 2811 pbysiologum
1402 2739 1710 2810 proﬁtetur,
1748 2740 1893 2812 leges
1922 2757 2057 2797 con-

2160 2754 2299 2802 σεως
2324 2737 2494 2809 αὐτῆς
2517 2737 2838 2811 ὲξιστορεῖν.
2861 2740 2957 2804 Εἰς
2996 2742 3176 2797 τοίνυν
3205 2744 3306 2817 τὴν
3336 2746 3611 2814 ἀπόδειξιν
3652 2749 3749 2803 τοῦ

468 2836 616 2901 dere,
646 2834 739 2890 sed
776 2841 988 2888 tantum
1020 2848 1144 2903 qua:
1173 2840 1386 2886 natura:
1416 2833 1637 2903 propria
1670 2843 1801 2889 sunt
1822 2834 2056 2906 diligen-

2158 2829 2427 2901 τέτταρας
2464 2824 2605 2886 εἶναι
2647 2830 2747 2894 τὰς
2784 2831 3016 2903 πρώτας
3052 2835 3161 2889 τῶν
3199 2838 3471 2907 σωμάτων
3520 2840 3746 2908 φύσεις,

466 2938 547 2981 ter
581 2926 878 2998 explicare.
931 2924 1114 2992 Quare
1157 2925 1223 2980 ad
1257 2925 1378 2995 ejus
1407 2925 1893 2983 demonstrationis
1920 2928 2055 2993 vim,

2156 2914 2226 2993 ἧς
2251 2919 2315 2991 δὴ
2342 2920 2500 2992 χρεία
2538 2923 2653 2984 τοῖς
2672 2921 3063 2989 Πλατωνικοῖς,
3097 2925 3159 2978 οὺ
3196 2928 3356 2997 μόνον
3394 2929 3494 2982 οὐκ
3529 2931 3597 2984 ἂν
3632 2948 3752 2985 συν-

464 3035 587 3091 quie
616 3019 825 3090 primas
849 3027 1092 3089 quatuor
1123 3033 1248 3074 esse
1268 3032 1561 3089 corporum
1588 3026 1819 3075 naturas
1835 3017 2054 3087 etIiciat,

2156 3010 2336 3082 τελοίη
2373 3027 2428 3064 τι
2447 3010 2477 3063 ό
2506 3010 2947 3084 Περιπατητικὸς
2967 3054 2982 3079 ,
3043 3014 3179 3069 ἀλλὰ
3209 3016 3400 3087 σχεδὸν
3443 3019 3540 3072 καὶ
3590 3021 3748 3091 μόνος

464 3128 571 3183 qua
596 3126 730 3168 sane
750 3110 1020 3166 Platonici
1067 3125 1207 3181 opus
1243 3110 1468 3175 habent,
1493 3126 1603 3167 non
1633 3112 1798 3167 modo
1827 3109 2056 3182 Peripa-

2157 3102 2437 3156 ὲναντιοῖτ’
2464 3101 2551 3157 ἄν.
2582 3102 2869 3170 Λεγόντων
2902 3103 3035 3173 γοῦν
3066 3105 3222 3178 ἡμῶν
3247 3145 3262 3172 ,
3314 3108 3399 3161 ὅτι
3437 3111 3547 3164 πᾶν
3588 3112 3747 3183 σῶμα

464 3206 662 3260 teticus
703 3203 860 3259 atl'ert
893 3202 1063 3270 nihil,
1106 3201 1200 3258 sed
1232 3202 1398 3257 etiam
1432 3202 1565 3258 huic
1610 3217 1749 3273 pene
1779 3202 1932 3259 solus
1960 3203 2058 3258 ad-

2156 3196 2190 3266 ἢ
2235 3194 2436 3266 θερμὸν
2465 3192 2499 3265 ἢ
2525 3193 2767 3265 ψυχρὸν,
2803 3193 2837 3265 ἢ
2877 3195 3044 3267 ὑγρὸν
3073 3195 3107 3268 ἢ
3134 3196 3343 3270 ξηρδνν
3373 3199 3407 3271 ἢ
3441 3200 3681 3271 μαλακὸν
3709 3203 3744 3276 ἢ

464 3303 736 3351 versatur.
762 3293 900 3350 Cum
932 3293 1080 3350 enim
1112 3308 1316 3363 corpus
1349 3310 1533 3362 omne,
1562 3295 1802 3350 calidum
1838 3303 1935 3350 aut
1968 3294 2059 3349 fri-

2160 3285 2419 3358 σκληρὸν,
2443 3285 2478 3357 ἢ
2519 3284 2780 3356 κοῦφονῆ
2813 3284 2973 3359 βαρὺ,
3003 3286 3038 3358 ἢ
3068 3287 3260 3361 ἀραιὸν
3292 3291 3327 3363 ἢ
3359 3293 3596 3347 πυκνόν·
3651 3299 3748 3351 καὶ

463 3388 682 3460 gidum,
717 3387 1007 3443 humidum
1050 3394 1145 3442 aut
1186 3387 1432 3454 siceum,
1477 3387 1642 3443 molle
1687 3395 1785 3443 aut
1830 3388 2054 3455 durum,

2158 3377 2521 3449 εὑρισκόντων
2546 3418 2562 3445 ,
2618 3379 2701 3432 ὅτι
2733 3379 2832 3433 οὐκ
2860 3379 2928 3433 ἂν
2955 3379 3142 3453 ἕτερον
3163 3381 3252 3453 εἴη
3300 3400 3353 3437 τι
3398 3383 3462 3438 τὸ
3518 3386 3748 3457 μεθέξον

464 3481 582 3537 leve
625 3489 721 3535 aut
768 3495 969 3551 grave,
1013 3496 1204 3535 rarum
1239 3487 1335 3534 aut
1361 3479 1593 3535 densum
1619 3494 1742 3536 esse
1762 3479 2053 3547 dicamus;

2154 3469 2362 3525 τούτων
2384 3470 2530 3534 τινὸς
2555 3468 2708 3542 παρὰ
2727 3469 2799 3523 τὰ
2827 3470 3068 3544 τέσσαρα
3085 3488 3100 3503 θ
3127 3471 3147 3544 (
3169 3475 3218 3527 εἰ
3246 3474 3344 3545 μὲν
3367 3474 3479 3549 γὰρ
3517 3476 3743 3550 θερμὸν,

465 3574 855 3643 videamusque
892 3572 1039 3629 aliud
1067 3573 1278 3627 nullum
1303 3583 1501 3644 praeter
1535 3572 1627 3627 illa
1665 3582 1903 3645 quatuor
1934 3588 2057 3630 esse

2156 3560 2191 3633 ἢ
2220 3560 2353 3633 πῦρ,
2388 3560 2423 3632 ἢ
2460 3562 2569 3633 ἀήρ
2590 3576 2604 3592 ·
2636 3562 2685 3614 εἰ
2708 3561 2766 3615 δὲ
2796 3561 3025 3633 ψυχρὸν,
3054 3562 3220 3636 ὔδωρ,
3251 3565 3284 3637 ἢ
3310 3566 3382 3637 γῆ
3403 3582 3415 3596 ·
3450 3569 3545 3621 καὶ
3569 3570 3743 3640 εἰμὲν

466 3680 648 3736 posse,
677 3666 823 3735 quod
855 3664 940 3720 his
969 3680 999 3720 e
1055 3665 1465 3721 conditionibus
1497 3665 1736 3737 aliquam
1793 3664 2057 3721 sortiatur

2158 3651 2343 3726 ξηρὸν,
2378 3652 2511 3724 πῦρ,
2541 3652 2575 3724 ἢ
2613 3655 2706 3724 γῆ·
2735 3654 2787 3707 εί
2818 3651 2877 3705 δὲ
2904 3654 3093 3726 ὑγρὸν,
3118 3653 3296 3728 ὕδωρ,
3332 3656 3365 3729 ἢ
3394 3657 3535 3729 ἀήρ·
3564 3658 3660 3712 καὶ
3690 3661 3741 3712 εί

466 3759 615 3828 (nam
636 3757 678 3812 si
698 3757 935 3812 calidum
949 3757 1149 3823 sit,’ant
1166 3755 1307 3827 ignis
1319 3759 1442 3821 erit,
1465 3763 1560 3810 aut
1578 3770 1691 3822 aer;
1707 3756 1755 3812 si
1771 3754 2052 3827 frigidum,

2158 3744 2260 3816 μὲν
2297 3743 2558 3816 μαλακὸν,
2597 3743 2728 3816 ἀὴρ,
2754 3744 2788 3816 ἢ
2816 3743 2962 3817 πῦρ*
3006 3746 3056 3799 εί
3090 3746 3149 3800 δὲ
3177 3748 3412 3820 σκληρὸν
3442 3789 3458 3815 ,
3500 3749 3666 3823 ὕδωρ,
3705 3752 3740 3824 ἢ

464 3847 553 3903 vel
568 3864 732 3918 aqua,
746 3848 830 3902 vel
846 3856 988 3902 terra
1006 3866 1018 3901 :
1038 3846 1123 3902 sin
1142 3854 1322 3901 autem
1347 3844 1554 3901 siccum
1574 3843 1760 3912 fuerit,
1776 3854 1871 3900 aut
1890 3845 2053 3916 ignis,

2155 3835 2259 3907 γῆο
2294 3836 2391 3890 καὶ
2416 3835 2618 3906 κοῦφον
2654 3836 2756 3907 μὲν
2778 3836 2875 3890 καὶ
2906 3837 3117 3909 ἀραιὸν,
3140 3833 3273 3906 οἷον,
3310 3839 3422 3913 πῦρ
3453 3842 3547 3895 καὶ
3590 3844 3699 3915 ἀήρ
3725 3863 3736 3876 ·

464 3950 563 3995 aut
588 3950 764 4008 terra;
801 3939 848 3995 si
872 3939 1183 4006 humidum,
1234 3939 1321 3993 vel
1360 3953 1526 4008 aqua,
1557 3936 1642 3992 vel
1672 3951 1765 3992 aer
1798 3954 1811 3991 :
1845 3936 1892 3993 si
1918 3952 2100 4017 ver0(

2106 3960 2120 4015 Ξ
2159 3927 2296 4001 βαρὺ
2328 3927 2384 3981 δὲ
2410 3929 2504 3982 καὶ
2524 3928 2748 3993 πυκνὸν,
2772 3927 2918 4001 ὕδωρ
2944 3930 3039 3984 καὶ
3063 3931 3135 4001 γῆ
3156 3940 3208 4002 ο)
3234 3932 3331 3985 καὶ
3350 3934 3415 3986 ὲκ
3435 3932 3543 3987 τῶν
3566 3933 3742 3997 ἄλλων

463 4033 629 4088 molle
657 4033 764 4098 sit,
794 4040 891 4086 aut
915 4046 1043 4097 aer,
1079 4042 1175 4087 aut
1200 4030 1376 4104 ignis;
1422 4031 1468 4086 si
1506 4030 1739 4097 durum,
1769 4028 1856 4085 vel
1884 4043 2048 4100 aqua,

2152 4021 2210 4075 δὲ
2237 4021 2466 4076 ἁπασῶν
2497 4019 2606 4074 τῶν
2638 4020 2824 4075 ἁπλῶν
2850 4022 3133 4094 δυνάμεων
3171 4024 3611 4091 κατανοούντων,
3665 4027 3741 4092 ὡς

463 4124 550 4178 vel
583 4132 727 4179 terra
758 4142 772 4179 :
805 4121 972 4195 805
1011 4122 1251 4194 denique
1295 4124 1342 4179 si
1386 4123 1506 4179 leve
1534 4122 1606 4179 sit
1637 4131 1802 4192 atque
1835 4138 2047 4188 rarum,

2153 4112 2255 4167 οὐκ
2280 4112 2348 4167 ἂν
2369 4114 2453 4185 εἴη
2483 4130 2536 4166 τι
2564 4112 2716 4185 παρὰ
2750 4111 2927 4170 ταῦτα
2973 4114 3135 4187 σῶμα
3176 4116 3391 4189 ἕτερον·
3417 4112 3575 4184 οὗτος
3606 4120 3739 4175 ἀνθ-

464 4224 560 4269 aut
608 4215 751 4285 ignis
795 4215 935 4280 erit,
979 4223 1075 4270 aut
1119 4230 1252 4272 aer:
1287 4214 1335 4270 si
1379 4229 1543 4284 grave
1586 4224 1749 4285 atque
1794 4213 2048 4279 densum,

2156 4206 2369 4263 ίσταται
2404 4205 2582 4276 μόνος,
2630 4206 2855 4276 φάσκων
2885 4205 3144 4262 δύνασθαι
3185 4208 3346 4280 σῶμα
3370 4205 3510 4265 εἶναι
3534 4209 3739 4266 τούτων

464 4321 608 4376 aqua
640 4306 725 4361 vel
757 4306 921 4378 terra)
945 4324 958 4361 :
979 4306 1189 4361 nullum
1222 4307 1350 4360 item
1376 4305 1523 4361 aliud
1550 4321 1618 4361 ex
1640 4307 1849 4362 czeteris
1872 4305 2053 4362 omni-

2154 4299 2414 4371 ἄμοιρον
2450 4298 2611 4370 σῶμα
2643 4298 2699 4353 δὲ
2723 4301 2861 4373 μήτε
2898 4301 3036 4373 βαρὺ
3059 4340 3074 4364 ,
3109 4304 3246 4373 μήτε
3304 4301 3506 4373 κοῦφον
3532 4344 3547 4369 ,
3600 4306 3737 4375 μήτε

462 4398 567 4453 bus
603 4396 945 4468 simplicibus
993 4396 1346 4453 facultatibus
1368 4438 1383 4463 ,
1420 4406 1617 4469 praeter
1668 4398 1759 4453 illa
1787 4408 2048 4469 quatuor,

2159 4391 2421 4464 μαλακὸν,
2454 4392 2592 4464 μήτε
2618 4392 2875 4463 σκληρὸν,
2904 4395 3042 4464 μήτε
3070 4392 3237 4466 ὑγρὸν
3255 4433 3270 4459 ,
3304 4393 3441 4447 ἀλλὰ
3471 4396 3609 4466 μήτε
3638 4393 3736 4465 ξη-

462 4489 702 4545 existere
754 4503 918 4559 posse
940 4489 1244 4544 sentiamus
1295 4507 1309 4544 :
1355 4497 1623 4560 repugnat
1657 4505 1800 4545 unus
1834 4490 1924 4545 ille
1946 4505 2049 4544 no-

2157 4484 2249 4555 ρόν
2268 4500 2281 4514 ·
2309 4484 2589 4554 μονονουχὶ
2625 4483 2801 4554 λέγων
2830 4483 2989 4555 σῶμα
3020 4485 3081 4537 οὐ
3119 4484 3298 4554 σῶμα.
3347 4485 3421 4539 Τὸ
3475 4486 3573 4557 μὲν
3625 4486 3736 4557 γὰρ

464 4580 571 4646 bis,
604 4594 804 4649 corpus
848 4578 1071 4649 aliquod
1117 4578 1204 4633 llis
1234 4578 1490 4635 omnibus
1531 4594 1766 4633 vacuum
1797 4594 1923 4635 esse
1953 4580 2050 4634 de-

2154 4579 2324 4651 θνομα
2351 4578 2735 4632 καταλέλοιπεν
2773 4576 2944 4648 αὐτῷ,
2978 4575 3075 4640 τὰς
3118 4576 3175 4629 δὲ
3218 4576 3476 4648 δυνάμεις
3498 4618 3514 4643 ,
3560 4577 3629 4632 δι’
3659 4573 3736 4633 ὧν

464 4669 696 4725 tendens
720 4687 735 4726 :
760 4683 993 4739 corpus,
1021 4669 1245 4739 inquam
1265 4710 1280 4736 ,
1320 4685 1428 4725 non
1458 4684 1620 4740 grave
1651 4679 1746 4725 aut
1771 4671 1911 4737 leve,
1940 4685 2048 4725 non

2157 4671 2316 4743 σῶμα
2335 4671 2546 4740 πέφυκε
2575 4669 2843 4739 γίνεσθαι,
2879 4669 3059 4732 πάσας
3100 4669 3408 4740 ἀφῄρηκεν.
3443 4672 3517 4723 Ἢ
3553 4672 3736 4727 τοίνυν

467 4763 631 4817 molle
665 4770 760 4817 aut
782 4761 1005 4828 durum,
1034 4775 1144 4815 non
1179 4759 1464 4816 humidum
1496 4771 1592 4815 aut
1616 4760 1822 4816 siccum
1845 4781 1859 4829 ;
1886 4763 2051 4818 adeo-

2151 4767 2300 4837 ἡμᾶς
2317 4765 2460 4836 ἅπερ
2479 4765 2641 4827 αὐτὸς
2669 4762 2817 4831 λέγει
2842 4761 3067 4825 πείθων,
3090 4763 3458 4833 ἀφαιρήσεται
3486 4763 3584 4835 τῆς
3600 4764 3737 4819 Πλά-

467 4869 577 4923 que
605 4861 816 4907 tantum
845 4867 955 4907 non
986 4850 1196 4917 dicens,
1230 4868 1429 4923 corpus
1476 4853 1619 4908 idem
1651 4853 1904 4925 idemque
1938 4869 2050 4910 non

2151 4877 2321 4923 τωνος
2345 4857 2569 4929 γνώμης
2589 4875 2602 4888 -
2636 4857 2670 4927 ἦ
2720 4854 2790 4908 τὰ
2829 4854 3124 4926 ΙΙλάτωνος
3180 4853 3586 4926 βεϐαιούμενος,
3626 4854 3736 4909 τῶν

466 4960 669 5015 corpus
708 4964 721 4999 :
763 4959 889 4998 nam
916 4944 1162 5015 corporis
1192 4945 1241 4999 ei
1266 4959 1467 4999 nomen
1490 4945 1729 5013 reliquit,
1762 4945 2048 5003 facultates

2152 4952 2303 5024 αὐτῷ
2337 4951 2637 5006 δοκούντων
2667 4950 3059 5020 ἀποστήσεται.
3092 4949 3259 5002 Ὥστε
3303 4947 3513 5021 οὐδαμῆ
3546 4951 3736 5021 χρήσι-

465 5053 533 5092 ex
565 5037 769 5108 quibus
811 5048 1003 5108 suapte
1045 5045 1240 5090 natura
1281 5036 1552 5091 conﬂatur
1581 5053 1812 5108 corpus,
1849 5038 2053 5095 ademit

2158 5061 2257 5115 μος
2291 5043 2426 5115 πρὸς
2445 5043 2513 5096 τὰ
2538 5041 2631 5095 τοῦ
2657 5041 2964 5104 Πλάτωνος.
2988 5042 3108 5094 Ἔτι
3132 5044 3162 5095 ὁ
3185 5040 3283 5111 μὲν
3306 5041 3531 5096 Πλάτων
3556 5042 3736 5098 πάντα

465 5133 778 5186 universas.
844 5132 953 5186 Aut
1005 5129 1203 5201 igitur,
1236 5145 1358 5199 qua:
1400 5131 1593 5198 docet,
1623 5132 1783 5187 nobis
1827 5147 2050 5199 persua-

2152 5135 2223 5189 τὰ
2248 5135 2498 5207 σώματα,
2530 5135 2626 5188 ἅτε
2659 5133 2753 5187 ἐπὶ
2784 5134 2915 5204 μιᾶς
2958 5134 3151 5205 ὁμοίας
3190 5133 3322 5204 ὕλης
3360 5133 3729 5206 θεωρούμενα,

465 5224 682 5290 dendo,
719 5224 881 5279 simul
931 5238 1032 5278 nos
1067 5239 1100 5278 a
1141 5222 1387 5278 Platonis
1432 5225 1702 5280 sententia
1751 5227 2045 5293 revocabit,

2157 5225 2403 5297 βούλεται
2431 5223 2729 5296 τρέπεσθαι
2751 5225 2845 5278 καὶ
2877 5224 3234 5296 μεταϐάλλειν
3256 5228 3337 5291 εἰς
3360 5227 3565 5299 ἄλληλα
3582 5244 3599 5258 ⁸
3626 5230 3656 5281 ὁ
3678 5227 3734 5282 δὲ

466 5324 561 5372 aut
585 5315 631 5370 si
655 5315 899 5371 Platonis
926 5315 1235 5371 doctrinam
1267 5315 1525 5378 stabiliet,
1558 5330 1589 5370 a
1623 5316 1855 5373 decretis
1893 5333 2050 5373 aver—
2080 5300 2102 5356 Ῑ

2096 5300 2126 5355 D
2153 5318 2247 5371 ἐπὶ
2282 5318 2381 5388 μὲν
2409 5317 2519 5371 τῶν
2540 5317 2716 5372 ἄλλων
2752 5317 2942 5372 οὐσίαν
2970 5319 3158 5391 άπαθῆ
3186 5336 3269 5385 τε,
3300 5321 3395 5375 καὶ
3432 5322 3732 5392 ἄφθαρτον,

467 5418 545 5462 ιρι
575 5409 713 5464 suis.
743 5408 821 5463 Ita
851 5405 1095 5463 Platonis
1127 5409 1193 5462 ad
1226 5417 1463 5464 mentem
1497 5409 1874 5479 explicandam
1910 5410 2048 5465 nillil

2155 5411 2249 5464 xui.
2274 5411 2543 5483 ἄτρεπτον
2580 5410 2794 5474 πάντως
2827 5409 2987 5477 ἀξιοῖ,
3034 5413 3122 5467 ἵνα
3157 5412 3221 5483 δὴ
3265 5417 3339 5484 μὴ
3388 5413 3733 5485 εὐκαταφροο

468 5498 696 5553 omnino
722 5496 974 5554 conferre
997 5507 1195 5568 potest.
1226 5496 1520 5567 Praeterea,
1541 5500 1688 5569 quod
1714 5515 1879 5555 unam
1897 5516 2050 5555 eam-

2154 5503 2317 5573 νήτου
2341 5502 2486 5565 τινὸς
2511 5503 2836 5575 πράγματος
2861 5507 3128 5578 γεννητὴς
3168 5501 3308 5559 εἶναι
3345 5505 3476 5578 δοκῇ
3499 5524 3512 5537 ·
3546 5523 3610 5559 πε
3621 5522 3734 5578 ριτ-

468 5589 703 5659 demque
757 5604 1045 5659 corporum
1092 5588 1339 5645 omnium
1385 5590 1669 5645 materiam
1714 5605 1837 5647 esse
1865 5591 2050 5646 videa-

2153 5595 2246 5648 τὺν
2274 5594 2373 5665 μὲν
2404 5595 2497 5648 καὶ
2531 5596 2661 5649 ἴδιον
2689 5596 3006 5650 παντάπασι
3040 5598 3211 5668 λέγων
3237 5599 3387 5653 οὐδὲν
3407 5638 3422 5662 ,
3446 5598 3515 5652 τὰ
3541 5598 3599 5652 δὲ
3630 5597 3737 5652 ὑπὸ

469 5694 629 5742 mus,
662 5694 726 5735 ea
765 5677 920 5733 Plato
964 5679 1019 5733 in
1062 5696 1183 5735 sese
1232 5690 1423 5736 mutuo
1456 5683 1700 5737 converti
1739 5683 2050 5752 mutarique

2156 5687 2443 5751 Πλάτωνος
2494 5690 2580 5741 ἐπ’
2631 5689 2805 5743 ἄλλων
2842 5690 3128 5762 ἑωραμένα
3164 5691 3367 5756 καλῶς,
3399 5690 3737 5761 ’μεταφέρων

469 5771 642 5827 voluit
672 5790 686 5825 :
720 5770 1041 5827 Aristoteles
1070 5787 1203 5828 vero
1232 5774 1454 5829 omnino
1479 5774 1619 5830 inter
1647 5785 1841 5833 caetera
1877 5786 2051 5834 mate-

2160 5777 2250 5831 ἐπὶ
2276 5777 2343 5833 τὰ
2380 5779 2454 5851 μὴ
2481 5783 2843 5853 προσήκοντα.
2877 5781 3145 5854 Καθάπερ
3171 5784 3317 5847 τινὲς
3354 5782 3462 5837 τῶν
3511 5781 3737 5854 ὕστερον
