4144 6410
352 333 484 388 1521

1505 335 1827 390 ΡΠᾸΣΡΑΒ,
1879 335 2127 390 EVANG.
2171 335 2298 390 LIB.
2347 335 2460 390 XV.

3457 336 3596 393 1529.

348 455 652 526 γενομένων
673 457 1144 527 ἀνδριαντοποιῶν.
1186 459 1412 511 Ἐκεῖνοι
1433 458 1538 530 γὰρ
1577 457 1895 528 ἀπομιμησέ

2026 458 2163 512 riam
2212 457 2432 512 censuit
2473 454 2864 526 impatibilem,
2914 454 3382 526 incorruptibilem
3425 463 3481 509 et
3510 457 3596 509 in-

349 566 499 621 μενοι
520 547 672 602 τοῦδε
699 547 791 602 τοῦ
825 549 1016 620 ἀνδρὸς
1051 549 1290 619 κεφαλὴν
1317 591 1332 613 ,
1374 550 1532 602 ἄλλου
1571 550 1626 602 δὲ
1671 549 1730 602 τὸ
1765 549 1922 621 στέρ-

346 659 455 704 νον,
487 641 673 711 ἑτέρου
700 640 755 693 δὲ
786 640 882 710 τὴν
912 639 1108 710 ζώνην,
1126 643 1205 703 είς
1226 641 1420 694 ταύτὸν
1447 641 1727 702 συνθέντες
1750 641 1920 692 ἐνίοτε

349 736 422 806 μὴ
453 735 800 805 προσήκοντα
832 735 1131 804 πράγματα
1163 734 1430 804 ἀλληλοις,
1461 734 1684 786 ἔπεισαν
1721 733 1919 795 αὐτοὺς

345 827 422 890 ὦς
441 844 494 879 τι
528 826 885 896 πεποιηκότες
912 826 1038 878 ἴδιον
1059 843 1072 856 ·
1093 827 1186 878 καὶ
1205 825 1374 889 ὅντως
1402 826 1464 878 τὸ
1492 825 1590 896 μὲν
1616 824 1732 877 ὅλον
1757 866 1771 889 ,
1795 824 1823 877 ὃ
1851 823 1914 893 δή

343 938 424 982 τις
444 917 510 971 ἂν
536 918 901 988 ἀσυμμέτρως
924 917 1070 986 ἔχειν
1099 918 1422 980 αἰτιάσαιτο,
1452 918 1598 970 ἐστὶν
1619 915 1821 978 αὐτῶν,
1849 915 1918 968 τὰ

341 1011 461 1062 δ’ἐν
483 1007 632 1078 αὐτῷ
662 1009 1095 1079 συνηρανισμένα
1136 1008 1228 1061 καί
1269 1025 1320 1060 τι
1366 1007 1529 1060 καλὸν
1576 1007 1768 1077 ἔχοντα
1816 1007 1916 1059 οὐκ

340 1100 536 1154 αὐτῶν.
579 1099 847 1162 Ὡσαύτως
875 1101 932 1153 δὲ
955 1101 1048 1154 καὶ
1097 1100 1494 1170 Ἀριστοτέλης,
1532 1100 1744 1152 ἀκούων
1774 1099 1916 1150 ma-

339 1210 526 1256 τωνος,
548 1193 626 1244 ὅτι
653 1191 768 1243 ὲστί
805 1209 888 1253 τις
914 1191 1068 1244 οὐσία
1102 1191 1265 1262 νοητὴ
1300 1190 1420 1243 καθ’
1448 1191 1615 1262 αὐτὴν
1639 1231 1652 1254 ,
1691 1189 1915 1259 ἀσώμα-

336 1286 427 1349 τός
453 1302 532 1348 τε,
558 1284 652 1336 καὶ
682 1282 1027 1354 ἀχρώματος,
1061 1284 1156 1335 καὶ
1182 1281 1392 1352 ἀναφὴς
1417 1322 1430 1344 ,
1471 1280 1593 1334 οὔτε
1631 1280 1909 1350 γινομένη,

336 1377 459 1431 οὔτε
489 1375 839 1445 φθειρομένη,
879 1373 1002 1426 οὔτε
1038 1373 1379 1445 τρεπομένη,
1413 1372 1536 1426 οὔτε
1579 1372 1912 1443 μεταϐαλλο-

340 1469 499 1540 μένη,
540 1467 626 1520 ἀεὶ
662 1467 718 1520 δὲ
741 1467 882 1520 κατά
910 1467 978 1519 τὰ
1021 1466 1159 1519 αὑτά
1211 1465 1306 1519 καὶ
1350 1465 1610 1527 ὡσαύτως
1673 1463 1906 1533 έχουσα’

335 1560 496 1614 πάλιν
555 1559 596 1612 δ’
647 1555 713 1612 αὖ
769 1558 898 1629 περὶ
951 1557 1060 1611 τῶν
1099 1557 1220 1610 κατ’
1272 1557 1499 1628 οὐρανὸν
1550 1554 1784 1618 ἀκούων,
1834 1555 1909 1614 ὡς

331 1651 460 1704 ὄντα
490 1651 598 1722 (91)
625 1652 743 1704 θεῖα
767 1652 859 1703 καὶ
880 1649 1133 1721 ἄφθαρτα
1159 1649 1252 1702 καὶ
1281 1648 1468 1717 ἀπαθῆ
1499 1649 1614 1700 ἐστι
1659 1645 1906 1716 σώματα,

333 1741 617 1811 συνέθηκε,
640 1743 733 1795 καὶ
761 1741 1148 1811 συνεκόλλησεν
1186 1740 1245 1804 ἐξ
1277 1742 1476 1811 ἀμφοῖν
1509 1740 1807 1810 πράγματα
1833 1739 1907 1809 μὴ

330 1834 639 1905 συνᾴδοντα.
672 1835 808 1904 Παρ’
844 1828 918 1887 ὧν
944 1834 1040 1904 μὲν
1068 1833 1176 1904 γὰρ
1205 1833 1266 1885 τὸ
1293 1830 1429 1886 εἶναι
1452 1831 1631 1901 σῶμα,
1661 1832 1790 1902 παρ’
1828 1825 1901 1885 ὧν

326 1925 384 1977 δὲ
417 1927 476 1978 τὸ
505 1924 711 1988 ἀπαθὲς
743 1924 880 1980 εἶναι
903 1923 1106 1990 λαϐὼν,
1129 1925 1288 1995 σῶμα
1315 1923 1522 1986 ἀπαθὲς
1555 1924 1899 1993 ἐτεκτήνατο.

339 2014 463 2068 Ἐπὶ
502 2017 599 2085 μὲν
627 2013 720 2070 οὖν
759 2016 867 2069 τῶν
908 2016 1268 2088 ἀνδριάντων,
1304 2017 1355 2068 εί
1401 2015 1496 2068 καὶ
1531 2013 1606 2086 μὴ
1644 2013 1805 2068 καλὸν
1842 2016 1905 2068 τὸ

325 2106 391 2158 ὲκ
422 2106 531 2159 τῶν
555 2107 938 2178 διαφερόντων,
964 2106 1080 2160 οὔτι
1107 2126 1170 2177 γε
1204 2107 1463 2162 ἀδύνατον
1501 2106 1776 2176 γενέσθαι.
1815 2109 1904 2162 Δι-

324 2195 516 2252 δάσκει
546 2196 638 2254 οὖν
663 2200 731 2253 τά
752 2200 973 2254 τοιαῦτα
998 2201 1092 2256 καὶ
1128 2202 1372 2272 Ὄμηρος
1391 2216 1405 2232 ’

2020 549 2464 606 commutabilem
2490 588 2505 612 ,
2541 547 2829 616 videlicet,
2863 561 2933 602 ne
2962 547 3346 602 contemnendi
3379 545 3598 614 dogma-

2020 642 2090 696 tis
2119 643 2366 696 inventor
2386 641 2697 696 haberetur.
2740 639 2799 694 In
2841 655 2950 710 quo
2991 648 3172 694 tamen
3217 641 3476 694 eximium
3510 638 3596 694 af-

2020 733 2126 788 fert
2150 747 2215 787 ac
2247 733 2523 802 singulare
2553 733 2726 798 nihil,
2757 748 2821 786 ea
2848 734 3009 788 modo
3039 748 3161 802 quae
3184 733 3441 802 praeclare
3470 732 3594 789 aliis

2020 821 2076 875 in
2101 822 2265 877 rebus
2287 820 2441 876 Plato
2475 821 2953 888 animadverterat,
2987 822 3244 878 transfert
3268 822 3335 876 ad
3361 822 3591 878 alienas.

2020 911 2073 966 ld
2099 913 2244 983 quod
2277 913 2556 968 nonnullis
2582 929 2613 968 e
2638 913 3034 968 recentioribus
3063 915 3346 970 statuariis
3373 931 3476 970 usu
3501 931 3595 970 ve-

2019 1006 2116 1059 nit.
2154 1004 2232 1059 llli
2265 1005 2412 1060 enim
2449 1006 2688 1062 hominis
2716 1007 2881 1062 unius
2907 1017 3092 1078 caput,
3130 1009 3355 1063 alterius
3378 1019 3590 1078 pectus,

2016 1097 2239 1151 alterius
2277 1096 2554 1166 cingulum
2582 1097 2803 1163 imitati,
2837 1107 3130 1170 partesque
3157 1099 3294 1154 alias
3317 1115 3441 1154 cum
3467 1100 3592 1155 aliis

2016 1187 2198 1243 minus
2241 1202 2386 1257 saepe
2428 1188 2760 1245 cohaerentes
2809 1190 2950 1245 inter
2989 1205 3109 1246 sese
3147 1190 3449 1259 complexi,
3485 1191 3592 1246 hoc

2014 1281 2116 1336 sibi
2150 1290 2406 1351 tanquam
2454 1282 2734 1352 proprium
2787 1281 3008 1352 aliquod
3056 1284 3400 1352 gratulantur
3427 1297 3587 1352 opus.

2014 1374 2080 1429 Et
2103 1390 2232 1430 vero
2257 1383 2430 1430 totum
2469 1375 2600 1429 illud
2622 1415 2636 1439 ,
2666 1376 2812 1446 quod
2853 1376 2976 1445 jure
3007 1378 3155 1432 velut
3198 1377 3589 1433 inconcinnum

2011 1479 2065 1524 et
2095 1469 2435 1526 inconditum
2461 1471 2910 1541 reprehenditur,
2960 1472 3202 1542 ipsorum
3227 1479 3343 1538 est;
3387 1472 3590 1542 quibus

2011 1576 2077 1615 ex
2106 1562 2354 1631 partibus
2384 1571 2502 1629 est,
2538 1564 2736 1619 collata
2761 1563 2918 1634 quasi
2961 1564 3100 1634 stipe
3127 1562 3418 1618 conﬂatum
3437 1603 3452 1628 ,
3487 1577 3586 1628 em,

2010 1667 2136 1706 cum
2169 1651 2442 1721 elegantes
2468 1667 2562 1722 per
2587 1668 2707 1708 sese
2733 1668 2798 1709 ac
2820 1653 3000 1723 polita:
3023 1654 3166 1716 sint,
3199 1653 3266 1708 ad
3299 1653 3422 1708 illos
3453 1652 3589 1707 nihil

2010 1742 2300 1811 pertinent.
2339 1741 2431 1797 Sic
2454 1743 2776 1801 Aristoteles
2797 1786 2814 1812 ,
2842 1761 2970 1800 cum
3007 1761 3076 1800 ex
3109 1744 3336 1800 Platone
3373 1744 3590 1799 audiret

1939 1811 1979 1864 Β
2009 1835 2302 1890 essentiam
2335 1835 2572 1906 aliquam
2597 1853 2738 1905 esse,
2772 1853 2895 1908 quae
2919 1847 3110 1908 suapte
3143 1846 3339 1892 natura
3366 1835 3589 1906 spirita-

2010 1927 2098 1993 lis,
2137 1929 2482 1999 incorporea,
2511 1931 2712 1987 coloris
2734 1947 2930 2001 expers
2949 1971 2966 1998 ,
3001 1940 3318 2002 tactumque
3347 1929 3586 2001 fugiens,

2009 2033 2113 2073 nec
2137 2019 2368 2086 oriatur,
2398 2036 2501 2076 nec
2524 2021 2756 2077 intereat
2781 2036 3044 2092 unquam,
3072 2031 3168 2076 aut
3200 2030 3461 2084 mutetur,
3487 2019 3584 2074 sed

2007 2109 2200 2164 eodem
2239 2125 2455 2180 semper
2491 2112 2548 2165 in
2591 2120 2734 2167 statu
2760 2123 3074 2182 permaneat
3113 2129 3127 2166 :
3168 2111 3442 2180 simulque
3474 2125 3586 2164 ca:-

2008 2197 2238 2255 lestibus
2271 2199 2338 2255 de
2365 2201 2526 2255 rebus
2549 2201 2794 2267 audiret,
2832 2201 3015 2257 divina
3041 2201 3292 2271 quaedam
3319 2215 3440 2256 esse
3464 2199 3585 2253 ani-

325 2293 553 2360 mantia,
584 2309 704 2364 quae
730 2310 828 2350 nec
857 2295 1012 2364 plane
1058 2295 1359 2364 corrumpi,
1418 2309 1520 2350 nec
1554 2294 1738 2350 infesti
1763 2295 2062 2363 quidquam
2127 2292 2316 2349 subire
2372 2305 2632 2364 possent;
2667 2306 2900 2366 utroque
2936 2309 3005 2350 ex
3034 2309 3231 2365 genere
3292 2292 3585 2362 conjunxit

320 2393 373 2437 et
405 2385 798 2454 conglutinavit
853 2400 952 2450 ea,
1001 2401 1124 2454 qua:
1149 2386 1291 2440 inter
1343 2400 1402 2440 se
1463 2385 1692 2441 minime
1761 2383 2140 2439 convenirent.
2183 2382 2321 2438 Cum
2363 2384 2510 2438 enim
2555 2385 2624 2440 ab
2659 2385 2782 2440 aliis
2812 2399 3013 2455 corpus
3049 2399 3172 2440 esse
3204 2382 3458 2454 aliquod,
3517 2384 3588 2438 ab

322 2475 446 2530 aliis
479 2491 590 2530 non
649 2477 872 2546 patibile
910 2477 1039 2547 quid
1076 2491 1198 2532 esse
1243 2487 1513 2542 sumeret,
1563 2491 1764 2546 corpus
1805 2476 1921 2546 ipse
1990 2491 2099 2530 non
2153 2476 2376 2546 patibile
2410 2476 2708 2534 fabricatus
2745 2487 2850 2534 est.
2904 2478 2974 2534 Et
3010 2479 3066 2535 in
3112 2480 3309 2536 statuis
3340 2482 3584 2551 quidem,

325 2580 384 2625 ut
403 2571 695 2642 pulchrum
753 2571 808 2626 id
875 2571 1206 2643 elegansque
1271 2587 1380 2626 non
1435 2572 1526 2640 sit,
1560 2572 1924 2628 dissimilibus
1949 2581 2133 2627 tamen
2164 2586 2233 2627 ex
2252 2571 2501 2642 partibus
2529 2571 2651 2629 ﬁeri
2677 2572 2883 2644 aliquid
2908 2583 3108 2644 potest,
3133 2586 3193 2634 ut
3219 2579 3448 2650 ipsemet
3474 2579 3585 2636 llo-

327 2679 510 2719 merus
533 2663 763 2718 cecinit:

324 2777 586 2847 Ὅμματα
615 2775 744 2848 γὰρ,
785 2776 940 2848 φησι,
970 2777 1067 2831 καὶ
1098 2777 1390 2848 κεφαλὴν,
1436 2779 1638 2845 ἴκελος
1656 2779 1740 2833 Διὶ
1769 2795 1895 2847 τερ-

1382 2847 1754 2920 [πικεραύνφ
1773 2889 1788 2914 ν

325 2919 482 2988 Ἀρεῖ
511 2916 578 2970 δὲ
617 2915 824 2984 ζώνην,
863 2916 1120 2984 στέρνον
1155 2917 1224 2970 δὲ
1261 2915 1646 2972 Ποσειδάωνι.

319 3032 393 3086 Τὸ
411 3032 469 3086 δὲ
495 3031 652 3102 σῶμα
677 3031 890 3095 ἀπαθὲς
911 3032 1012 3085 οὐκ
1038 3032 1102 3087 ἄν
1125 3048 1252 3085 ποτε
1280 3032 1509 3102 γένοιτο.
1545 3032 1768 3104 Παθητῇ
1787 3032 1896 3104 γὰρ

319 3123 415 3176 καὶ⁸
446 3125 652 3195 τρεπτῇ
684 3123 1064 3194 συνδεδεμένον
1089 3122 1249 3192 φύσει
1269 3124 1515 3194 ἀνάγκην
1542 3123 1654 3194 ἔχει
1683 3141 1898 3194 συμπα-

1997 2776 2166 2850 806
2217 2773 2320 2830 Ille
2351 2774 2631 2845 oculosque
2674 2783 2932 2847 caputque
2982 2775 3163 2845 locis,
3219 2783 3312 2849 qui
3341 2781 3584 2851 fulmine

3339 2850 3576 2922 [gaudet,

1999 2917 2229 2989 Cingula
2259 2913 2540 2982 Mavortis,
2576 2913 2814 2986 Neptuni
2845 2925 3055 2988 pectora
3086 2919 3267 2986 gessit.

1998 3033 2069 3086 At
2115 3045 2316 3101 corpus
2348 3043 2460 3084 non
2491 3028 2714 3099 patibile
2753 3029 2962 3084 nullum
2995 3045 3117 3086 esse
3162 3039 3359 3103 potest.
3419 3033 3579 3101 Quod

2000 3122 2145 3178 enim
2178 3136 2305 3178 cum
2336 3119 2550 3191 patibili
2584 3120 2944 3191 mutabilique
2970 3131 3167 3178 natura
3198 3127 3577 3184 consociatum

320 3215 452 3282 θετν,
481 3210 526 3286 ᾧ
550 3215 918 3280 συνέζευκται.
944 3216 1008 3268 El
1029 3215 1086 3268 δέ
1113 3216 1389 3281 τιάπαθὲς
1419 3217 1529 3288 εἴη,
1558 3217 1717 3270 τοῦτο
1743 3218 1895 3286 ἀφει-

1998 3224 2116 3283 est,
2146 3214 2200 3270 id
2229 3229 2355 3269 cum
2395 3227 2497 3268 suo
2535 3213 2628 3268 illo
2656 3220 2911 3268 consorte
2941 3213 3181 3283 patiatur
3210 3229 3435 3273 necesse
3469 3229 3576 3276 est.

321 3309 480 3379 μένον
508 3308 603 3362 καὶ
631 3307 914 3379 ἐλεύθερον
947 3307 1057 3361 ἀπὸ
1083 3307 1177 3361 τοῦ
1230 3309 1532 3380 πάσχοντος
1591 3305 1732 3363 εἶναι
1785 3310 1891 3364 δεῖο

315 3399 457 3452 ὥστε
489 3399 658 3470 χωρὶς
678 3400 744 3453 ἂν
766 3400 850 3472 είη
873 3400 973 3471 τῆς
999 3399 1152 3471 ὕλης,
1173 3396 1242 3474 ἧς
1270 3404 1674 3474 κεχωρισμένον
1693 3443 1709 3468 ,
1753 3401 1896 3455 ἀσώ-

318 3507 484 3562 ματον
521 3491 832 3560 ἀναγκαίως
881 3492 1180 3562 ὁμολογοῖτ’
1236 3494 1320 3548 ἄν.
1379 3496 1500 3548 Ἔτι
1543 3496 1637 3548 καὶ
1684 3493 1894 3558 τούτοις

314 3581 641 3654 πρόσχωμεν
663 3582 754 3636 τὸν
781 3583 926 3648 νοῦν,
951 3585 1008 3637 ὲν
1050 3587 1195 3650 ὅσοις
1221 3587 1400 3651 ἀλλοις
1426 3586 1779 3660 διαφέρεσθαι
1817 3586 1894 3657 τῷ

313 3672 558 3728 Πλάτωνι
587 3675 680 3730 τὸν
729 3676 1108 3748 Ἀριστοτέλην
1136 3679 1484 3751 παρίστησιν.

836 3875 1232 3928 ΚΕΦΑΛΛΙΟΝ
1265 3876 1349 3930 II'.

318 3964 428 4020 Τοῦ
467 3967 652 4022 αὐτου
689 3965 839 4034 πρὸς
878 3965 985 4020 τὸν
1015 3967 1221 4031 αὐτὸν,
1247 3968 1345 4020 καὶ
1373 3968 1442 4021 ἐν
1482 3968 1606 4035 τοῖς
1644 3971 1769 4021 κατ’
1785 3971 1888 4023 οὺ·-

375 4035 568 4104 pauor
619 4038 955 4106 θεωρήμασι
1017 4036 1395 4104 διενεχθέντα
1444 4037 1526 4104 τῷ
1583 4039 1884 4106 Πλάτωνι,

392 4106 565 4162 ἅτινα
596 4105 859 4174 Μωϋσῆς
885 4109 956 4159 οὑ
995 4107 1498 4175 πολυπραγμονεῖ.

391 4219 410 4251 ι
455 4199 684 4252 Ἔπειτα
709 4197 919 4262 τούτοις
945 4197 1184 4269 ἑπόμενα
1207 4199 1396 4264 πολλὰ,
1423 4202 1480 4253 ὲν
1508 4193 1588 4262 οἷς
1616 4199 1894 4270 διαφέρον.

310 4305 419 4345 ται.
463 4291 522 4344 '0
547 4289 646 4361 μὲν
681 4293 793 4362 γὰρ
821 4308 953 4362 φησι
986 4290 1056 4343 τὰ
1087 4293 1206 4343 κατ’
1241 4292 1466 4363 οὐρανὸν
1491 4291 1592 4361 τὴν
1631 4292 1888 4362 πλείστην

313 4381 456 4436 ἰδέαν
484 4385 547 4435 ἐκ
573 4382 741 4455 πυρὸς
766 4382 909 4454 ἔχειν
932 4382 1042 4454 (θὲ)
1065 4400 1078 4414 ο
1110 4385 1138 4437 ὁ
1156 4383 1212 4436 δὲ
1255 4384 1475 4455 μηδαμῆ
1502 4384 1612 4454 (95)
1645 4386 1886 4454 μετεῖναι

1997 3304 2157 3372 Quod
2189 3319 2323 3360 vero
2349 3303 2573 3375 patibile
2604 3318 2714 3358 non
2742 3304 2837 3370 sit,
2873 3303 2927 3357 id
2963 3319 2993 3356 ι
3030 3303 3239 3372 patibili
3268 3306 3576 3376 sejunctum

1996 3409 2061 3448 ac
2089 3393 2323 3449 liberum
2357 3399 2573 3462 oportet
2611 3407 2734 3448 esse
2754 3431 2770 3456 ,
2802 3400 3197 3462 proptereaque
3237 3403 3510 3452 secretum
3540 3413 3573 3453 a

1997 3487 2259 3554 materia,
2293 3487 2452 3557 cujus
2474 3501 2671 3557 expers
2705 3487 2752 3543 si
2788 3485 2987 3553 fuerit,
3021 3488 3272 3558 corporis
3304 3489 3449 3546 idem
3477 3506 3575 3546 ex-

1995 3593 2120 3648 pers
2158 3578 2474 3634 necessario
2515 3576 2701 3633 fuerit.
2736 3597 2756 3631 »
2813 3576 3088 3634 Hactenus
3131 3579 3242 3636 ille.
3311 3578 3421 3636 Sed
3467 3583 3575 3640 alia

1994 3682 2159 3739 porro
2193 3667 2500 3732 videamus,
2530 3667 2586 3722 in
2616 3668 2818 3738 quibus
2849 3668 2994 3726 idem
3021 3669 3140 3740 ipse
3160 3669 3507 3730 Aristotelem
3544 3691 3578 3732 a

1993 3760 2219 3816 Platone
2247 3760 2538 3817 dissentire
2571 3759 2932 3817 demonStrat.

2566 3869 2798 3925 CAPUT
2853 3870 2989 3928 VIII.

1994 3964 2248 4034 Ejusdem
2271 3963 2522 4017 adversus
2547 3963 2786 4034 eumdem
2805 4003 2820 4027 ,
2857 3980 2889 4016 a
2923 3963 3146 4018 Platone
3187 3981 3360 4019 rerum
3391 3968 3444 4021 in
3469 3984 3570 4022 cae-

2067 4035 2281 4106 lestium
2337 4035 2654 4106 tractatione
2685 4033 3062 4100 dissidentem;
3093 4052 3207 4105 qua:
3234 4051 3424 4106 parum
3467 4040 3566 4093 ad-

2063 4105 2276 4158 modum
2293 4105 2494 4158 curavit
2526 4102 2753 4172 Moyses.

2065 4214 2085 4246 ι
2123 4195 2459 4264 Sequuntur,
2489 4163 2687 4262 inquit,
2719 4193 2824 4247 alia
2852 4183 3067 4260 deinde,
3086 4195 3139 4249 in
3172 4195 3375 4266 quibus
3401 4163 3565 4253 ambo

1988 4287 2286 4351 dissident,
2348 4300 2481 4340 sane
2523 4285 2947 4354 quamplurima.
3008 4285 3326 4342 CoeleStium
3359 4290 3563 4360 quippe

1990 4396 2172 4436 rerum
2219 4377 2455 4450 speciem
2501 4377 2740 4432 maxime
2773 4375 2924 4431 Plato
2958 4376 3090 4432 facit
3129 4393 3196 4434 ex
3241 4379 3396 4451 igne;
3439 4383 3563 4438 Ari-

307 4476 423 4537 τοῖς
453 4474 724 4546 οὐρανίοις
776 4476 965 4547 πυρός.
1017 4475 1127 4529 Καὶ
1155 4477 1184 4528 ὁ
1219 4476 1316 4545 μέν
1345 4492 1508 4546 φησιν
1541 4473 1744 4542 ἀνάψαι
1793 4474 1884 4529 τὸν

1998 4471 2210 4528 stoteles
2230 4471 2399 4526 ullum
2421 4483 2645 4539 prorsus
2670 4468 2777 4524 illis
2800 4484 2920 4525 esse
2935 4479 3096 4541 negat
3120 4486 3245 4527 cum
3265 4472 3388 4544 igne
3412 4488 3564 4529 eom-

308 4563 440 4619 Θεὸν
475 4565 591 4635 φῶς
622 4568 681 4619 ὲν
705 4569 771 4637 τῇ
793 4545 1019 4638 δευτέρᾳ
1051 4565 1162 4638 (94)
1198 4568 1336 4638 πρὸς
1357 4545 1460 4638 γῆν
1503 4568 1738 4639 περιόδῳ
1758 4609 1773 4634 ,
1815 4567 1881 4620 ἵν’

1998 4565 2271 4621 mercium.
2307 4563 2398 4618 Ille
2425 4562 2594 4618 Deum
2628 4563 2704 4618 ait
2727 4563 2795 4618 ad
2826 4564 3128 4619 secundum
3151 4580 3317 4635 supra
3345 4573 3551 4622 terram

402 4698 490 4761 91)
520 4695 680 4752 Forte
702 4697 777 4761 ὡς
804 4691 895 4751 οὖν
923 4697 1010 4753 τά.

403 4765 492 4836 92)
529 4768 624 4820 Ἐκ
664 4767 854 4835 πυρὸς
877 4767 1059 4836 ἔχειν.
1093 4765 1247 4820 Plato
1277 4766 1331 4820 in
1371 4765 1566 4820 Timwo
1587 4805 1602 4829 ,
1627 4780 1749 4834 pag.
1776 4765 1881 4819 550

310 4834 642 4905 Ο.’‹]ιιάιιιοι·
685 4834 1044 4892 animantium
1076 4838 1225 4891 ideas
1259 4837 1541 4890 constituit
1577 4851 1590 4886 :
1627 4837 1878 4904 primam,

308 4907 555 4976 οὐράνιον
588 4906 730 4977 θεῶν
754 4907 908 4974 γένος
928 4922 941 4936 ·
970 4908 1262 4977 secundam
1296 4905 1495 4977 πτηνὸν
1512 4906 1620 4977 καὶ
1655 4905 1882 4976 ἀεροπό-

311 4973 422 5047 ρονο
457 4977 668 5048 ter_tiam
708 4973 925 5048 ἔνυδρον
957 4973 1114 5041 εἶδος·
1143 4973 1593 5048 ίιιιιιιςιίιιιιίπεζον
1623 4973 1881 5048 και-χερ-

309 5041 480 5117 σαῖον.
514 5045 652 5100 Tum
687 5048 754 5101 de
776 5041 949 5116 prima
977 5048 1070 5100 τοῦ
1098 5041 1198 5117 μὲν
1226 5041 1318 5100 οὖν
1341 5046 1484 5117 Beloc
1506 5046 1602 5117 τὴν
1623 5041 1880 5117 πλείστην

307 5115 456 5200 ξξέαν
482 5118 547 5170 ὲκ
578 5117 750 5200 πυρὸς
777 5115 883 5170 ἀπε
894 5115 1166 5200 ιργάςετρ,
1197 5118 1356 5200 cura);
1377 5119 1458 5200 ὅτι
1478 5115 1876 5200 λαμπρότατον,

309 5184 441 5259 [δεῖν
466 5203 526 5240 τε
558 5184 841 5242 κάλλιπον
879 5184 984 5259 εἴη’.
1013 5188 1233 5259 Addunt
1261 5185 1486 5259 Proeliis
1520 5184 1574 5240 et
1595 5184 1876 5259 Alcinous.

307 5253 588 5311 Platonem
619 5259 822 5313 sentire
847 5297 862 5322 ,
896 5253 963 5312 ei
1005 5257 1397 5312 elementorum
1426 5257 1577 5318 llore,
1617 5271 1682 5310 ac
1711 5255 1876 5308 veluti

309 5325 552 5394 deliciis,
577 5328 1092 5383 excellentissimum
1123 5328 1254 5382 illud
1293 5342 1492 5394 corpus
1518 5341 1638 5380 esse
1677 5324 1879 5380 conﬂa-

307 5391 458 5463 tum;
491 5398 570 5452 sic
613 5407 792 5452 tamen
843 5405 902 5452 ut
933 5399 1117 5453 hacin
1154 5391 1541 5464 temperatione
1579 5395 1876 5465 principem

307 5465 450 5547 ignis
495 5467 672 5522 locum
714 5468 998 5522 obtineret.
1043 5466 1178 5522 Vide
1219 5463 1359 5520 infra
1384 5507 1399 5531 ,
1430 5481 1554 5536 pag.
1580 5463 1723 5529 V838,
1751 5463 1873 5518 859.

304 5533 560 5604 Plerique
607 5535 707 5591 SS.
741 5537 999 5602 Patrum,
1032 5552 1141 5592 non
1175 5535 1487 5592 Graecorum
1532 5537 1695 5590 modo
1717 5574 1732 5597 ,
1781 5534 1876 5588 sed

306 5605 478 5676 etiam
504 5605 846 5676 Latinorum,
875 5608 930 5662 in
963 5607 1150 5662 eadem
1182 5606 1437 5676 opinione
1467 5605 1826 5676 versatisunt
1859 5622 1872 5658 :

309 5674 366 5728 in
402 5675 592 5744 primis
616 5675 850 5732 Basilius
880 5677 1066 5732 homil.
1094 5677 1128 5730 5
1159 5674 1555 5730 ίιίΗιεαρπιετ.
1579 5691 1598 5739 ;
1623 5675 1874 5744 Theodo-

311 5741 417 5798 ηιξ
445 5756 634 5814 quaest.
664 5763 718 5800 ιι
751 5747 805 5799 in
835 5745 1093 5811 Genesin;
1125 5745 1447 5800 Ambrosius
1478 5746 1572 5799 lib.
1603 5761 1640 5798 ιι
1674 5747 1728 5797 in
1769 5741 1875 5814 Hg-

311 5811 566 5884 xaem'er.,
599 5833 720 5886 cap.
751 5817 820 5883 5;
847 5818 1180 5887 Augustinus
1230 5817 1464 5884 passim,
1497 5823 1559 5872 ut
1600 5815 1693 5871 lib.
1730 5828 1768 5868 ιι
1795 5811 1873 5868 De

629 5910 901 5969 ΡΑτιιοι..
942 5909 1058 5968 Gn.
1102 5907 1278 5968 XXI.

1985 4696 2172 4751 Genesi
2202 4697 2270 4749 ad
2307 4694 2493 4758 litter.,
2529 4711 2647 4765 cap.
2673 4696 2728 4761 5,
2757 4695 2848 4750 ubi
2901 4712 2966 4751 ex
3013 4697 3290 4752 communi
3320 4697 3557 4766 quadam

1985 4768 2271 4830 sententia,
2302 4781 2466 4832 quam
2516 4767 2568 4819 in
2603 4767 2828 4820 dubium
2876 4767 3025 4820 nullo
3068 4769 3228 4828 modo
3259 4778 3434 4831 vocat,
3478 4768 3558 4822 sic

1985 4837 2224 4905 loquitur
2254 4855 2266 4888 :
2304 4836 2492 4906 Itaque
2531 4853 2686 4904 super
2726 4853 2895 4888 aerem
2925 4853 3086 4902 purus
3123 4839 3255 4905 ignis
3289 4855 3395 4890 esse
3430 4839 3560 4889 dlci-

1984 4920 2071 4960 tur
2105 4908 2310 4971 cmlum,
2341 4907 2478 4959 unde
2501 4909 2660 4958 etiam
2688 4907 2882 4968 sidera,
2912 4917 3066 4975 atque
3095 4907 3386 4960 luminaria
3409 4910 3553 4975 facta

1983 4977 2296 5046 conjectural,
2330 4976 2478 5030 illius
2511 4977 2748 5030 videlicet
2778 4977 2942 5046 ignea:
2963 4977 3098 5030 lucis
3131 4978 3184 5029 in
3211 4993 3298 5030 cas
3327 4978 3552 5045 formas,

1981 5045 2112 5117 quas
2149 5048 2205 5100 in
2242 5045 2369 5100 caelo
2411 5049 2706 5110 cernimus,
2735 5045 3044 5116 conglobata
3078 5047 3436 5117 dispositaque
3463 5063 3555 5101 na-

1983 5133 2162 5255 ιωίῧ5)
2203 5185 2264 5238 '0
2289 5183 2358 5238 δὲ
2377 5183 2640 5255 μηδαμῆ.
2664 5182 2782 5238 Νοιι
2806 5191 3017 5255 tantum
3044 5184 3099 5238 in
3129 5183 3270 5238 libro
3299 5183 3375 5238 De
3400 5185 3548 5248 caelo,
3615 5169 3641 5236 ’Ὺ

1981 5246 2073 5327 ubi
2113 5246 2360 5327 pluribus
2377 5246 2892 5318 'cdaluin'ostendit,
2934 5254 3092 5327 longe
3128 5256 3235 5327 alia
3281 5270 3445 5327 quam
3480 5246 3549 5308 τά
3641 5274 3643 5276 ·

1981 5326 2087 5380 ὑπὸ
2113 5323 2870 5397 oekﬁvnv,}iatura_constare
2893 5341 2908 5377 :
2933 5323 3478 5397 nominatimque__l_ib.
3507 5341 3546 5387 ι,

1978 5412 2098 5465 cap.
2124 5396 2181 5460 2,
2216 5391 2336 5452 sub.
2367 5393 2484 5465 Ωιι..
2513 5403 2568 5465 et
2589 5395 2692 5465 lib.
2715 5411 2775 5460 ιι,
2799 5409 2922 5463 cap.
2945 5391 3130 5465 7;_sed
3163 5396 3324 5448 etiam
3355 5394 3452 5465 lib.
3487 5410 3547 5447 ιιι

1980 5461 2222 5527 Meteon.
2265 5479 2386 5534 cap.
2425 5464 2479 5517 5.
2515 5463 2773 5534 Pererius
2803 5461 2986 5518 noster
3030 5461 3123 5534 lib.
3163 5479 3202 5518 ιι
3237 5465 3292 5517 in
3339 5463 3548 5534 Genes.,

1978 5547 2170 5605 quaest.
2199 5535 2287 5600 i0,
2320 5531 2461 5589 lianc
2503 5532 2811 5590 Aristotelis
2849 5531 3175 5590 sententiam
3205 5534 3416 5590 erudite
3449 5533 3548 5588 de-

1976 5607 2165 5660 fendit.

2046 5606 2272 5800 ’Iir
2292 5674 2366 5746 τῇ
2393 5672 2657 5742 δευτέρᾳ.
2689 5673 2842 5730 Plato
2871 5673 2929 5730 in
2961 5672 3083 5732 eod.
3114 5667 3332 5744 Timeo,
3361 5687 3417 5745 p.
3443 5671 3548 5729 529

3135 5856 3305 5958 t2-
