4144 6410
389 369 528 424 15⁵25

1510 396 1522 408 ο
1562 363 1883 423 ΡΒᾸΞΡΑΒ.
1925 360 2176 417 EVANG.
2220 360 2348 414 LIB.
2394 357 2509 414 XV.

3507 356 3529 409 l
3543 355 3644 410 5‘36

385 490 594 544 ἔνδοθεν
625 491 718 544 καὶ
767 488 829 554 ἐξ
873 490 1093 554 ἑαυτοῦ,
1142 489 1438 561 ἔμψυχον)·
1516 488 1829 560 κινούμενον
1882 484 1959 549 δὲ,

2074 482 2357 554 animoque
2400 482 2565 538 simul
2602 490 2658 537 et
2697 495 2929 551 corpore
2958 479 3203 550 praedita,
3260 492 3364 531 suo
3404 477 3645 546 quodam

386 581 481 634 ἅτε
522 578 665 633 θεῖον
692 579 855 643 ὄντα,
897 579 998 650 τὴν
1048 578 1345 649 καλλίστην
1397 578 1661 633 κινεῖσθαι
1712 577 1961 647 κίνησινο

386 667 680 737 καλλίστης
715 668 758 720 δ’
788 666 955 737 οὔσης
998 668 1099 739 τῆς
1124 671 1183 722 ἐν
1233 668 1417 739 κύκλῳ
1450 670 1753 739 κινήσεως,
1794 666 1966 738 ταύτῃ

384 762 546 815 αὑτὸν
579 761 867 814 κινεῖσθαι.
907 760 973 813 Ἡ
994 760 1053 812 δὲ
1076 759 1328 832 αἴσθησις
1354 760 1423 813 τὰ
1446 761 1544 831 μὲν
1580 762 1646 813 ὲκ
1679 758 1773 812 τοῦ
1804 758 1963 826 λόγου

389 855 716 925 μαρτυροῖτο
742 851 807 905 ἂν
839 850 916 915 ὼς
943 851 1303 923 ἀληθεύουσα,
1336 852 1398 906 ού
1427 851 1531 923 μὴν
1556 850 1696 922 αὕτη
1721 852 1965 923 παρέσχε

384 946 483 1017 τὴν
503 945 684 997 πίστιν
710 944 812 1014 τῆς
844 925 1297 1015 κινήσεωςδΠερὶ
1316 943 1373 997 δὲ
1394 945 1496 1014 τῆς
1529 944 1624 997 τοῦ
1659 944 1860 1006 παντὸς
1890 960 1970 997 κι-

385 1037 613 1107 νήσεως,
652 1035 728 1097 ὡς
759 1034 858 1103 μὲν
890 1034 991 1087 οὐκ
1022 1036 1079 1088 ὲν
1110 1034 1295 1105 κύκλῳ
1324 1034 1432 1087 τινὶ
1461 1033 1703 1103 γίνεται,
1728 1032 1966 1104 νικώμε-

386 1145 474 1190 νος
495 1126 600 1179 ὑπὸ
624 1126 724 1195 τῆς
753 1126 1061 1196 ἐναργείας,
1096 1126 1196 1179 οὐκ
1217 1126 1376 1195 ἔσχεν
1399 1125 1673 1177 ἀντειπεῖν
1697 1123 1963 1177 Πλάτωνι·

388 1221 607 1290 παρεῖχε
627 1218 686 1270 δὲ
713 1217 992 1270 κάνταῦθα
1025 1216 1292 1288 διαφορὰν
1321 1215 1470 1287 αὐτῷ
1496 1216 1557 1268 τὸ
1595 1215 1761 1270 καλὸν
1807 1215 1969 1269 τοῦτο

386 1309 604 1381 εὕρημα
635 1308 729 1362 τοῦ
758 1307 1026 1379 σώματος.
1076 1310 1134 1362 '0
1170 1310 1267 1379 μὲν
1294 1308 1404 1380 γὰρ
1451 1308 1676 1361 Πλάτων
1707 1307 1814 1378 (2),
1871 1308 1967 1361 ἆτε

386 1402 553 1455 ὄντων
584 1401 864 1472 τεσσάρων
888 1400 1297 1470 σωμάτων,καὶ
1329 1403 1547 1454 πάντων
1577 1399 1736 1468 φύσει
1784 1416 1967 1453 κινου-

393 1493 567 1564 μένων
591 1493 766 1565 ἁπλῆν
791 1492 888 1546 καὶ
913 1492 1126 1545 εὐθεῖαν
1153 1490 1386 1562 κίνησιν,
1414 1492 1586 1562 πυρὸς
1633 1491 1731 1562 μὲν
1770 1493 1863 1545 ἐπὶ
1912 1493 1971 1546 τὸ

389 1583 565 1647 ἐκτὸς,
596 1582 700 1653 γῆς
725 1584 771 1636 δ’
799 1583 893 1635 ἐπὶ
918 1582 979 1635 τὸ
1015 1581 1201 1653 μέσον,
1226 1580 1335 1634 τῶν
1363 1581 1422 1634 δὲ
1453 1580 1627 1635 ἄλλων
1653 1581 1746 1634 ἐπὶ
1769 1581 1837 1634 τὰ
1870 1599 1966 1652 με·

386 1674 540 1740 ταξὺ,
574 1675 672 1746 τὴν
697 1676 755 1726 ἐν
782 1673 967 1743 κύκλῳ
993 1673 1207 1743 κίνησιν
1244 1673 1494 1726 ἀπέδωκε
1518 1675 1584 1743 τῇ
1617 1672 1793 1743 ψυχῇ·
1836 1676 1865 1727 ὁ
1901 1674 1967 1738 δ’,

386 1762 530 1840 ᾗπερ
585 1766 730 1836 ἄλλῳ
762 1765 838 1838 (5)
894 1765 1106 1836 σώματι
1144 1764 1333 1836 ἄλλην,
1364 1763 1507 1817 οὕτω
1532 1765 1588 1818 δὲ
1643 1764 1736 1818 καὶ
1771 1766 1872 1837 τὴν
1911 1768 1970 1819 ὲν

2067 584 2218 629 motu
2250 574 2479 645 proinde
2502 573 3024 643 moveatur(corpus
3049 571 3194 626 enim
3213 570 3264 624 id
3292 584 3476 633 omne,
3500 569 3646 638 quod

2067 671 2317 718 movetur
2343 663 2705 729 extrinsecus,
2737 662 3045 716 inanimum
3070 669 3189 727 est;
3227 659 3375 730 quod
3404 673 3536 713 vero
3560 659 3646 712 in—

2066 755 2338 810 trinsecus
2362 770 2428 810 ae
2456 755 2639 825 seipso
2663 795 2677 819 ,
2723 756 3069 823 animatum).
3124 750 3326 807 Eadem
3366 767 3565 823 porro,
3600 752 3646 808 si

2068 855 2338 913 movetur,
2384 846 2569 901 divina
2598 862 2723 901 cum
2754 847 2846 912 sit,
2892 846 3238 900 nobilissimo
3271 859 3492 915 quoque
3537 844 3649 900 cie-

2068 946 2193 992 atur
2208 949 2382 1005 motu,
2406 938 2500 1008 qui
2531 954 2655 994 cum
2682 939 2823 993 alius
2849 953 2958 992 non
2975 938 3067 1002 sit,
3085 952 3250 1007 quam
3267 937 3359 991 hic
3382 937 3435 990 in
3461 936 3649 991 orbem

2069 1030 2345 1097 volubilis,
2382 1032 2529 1085 hunc
2554 1031 2721 1086 etiam
2753 1032 2977 1086 omnino
3008 1031 3290 1086 sortiatur.
3330 1029 3538 1086 Sensus
3552 1046 3652 1085 au-

2068 1133 2202 1190 tem,
2253 1138 2443 1178 verum
2478 1123 2667 1180 hacin
2710 1134 2864 1194 parte
2908 1124 3266 1189 renuntians,
3297 1131 3357 1179 ut
3382 1124 3537 1178 illam
3560 1139 3652 1178 ra-

2069 1214 2234 1270 tionis
2281 1228 2473 1269 vocem
2518 1215 2837 1270 testimonio
2878 1214 3166 1271 conﬁrmet
3207 1230 3342 1281 suo;
3390 1214 3651 1269 motionis

2068 1313 2253 1361 tamen
2292 1307 2439 1362 illius
2473 1307 2635 1362 ﬁdem
2670 1324 2767 1378 per
2797 1323 2919 1364 sese
2953 1323 3062 1363 non
3101 1307 3250 1362 facit.
3307 1307 3376 1362 At
3410 1306 3652 1361 universi

2070 1405 2281 1450 motum
2332 1397 2478 1467 quod
2520 1398 2745 1466 attinet,
2806 1398 3080 1454 evidentia
3121 1398 3197 1454 rei
3224 1398 3509 1454 convictus
3531 1398 3656 1451 Ari—

2071 1488 2315 1554 stoteles,
2371 1505 2496 1544 cum
2545 1491 2809 1548 adversus
2857 1491 3141 1547 Platonem
3190 1493 3245 1547 in
3294 1494 3479 1548 orbem
3524 1508 3653 1573 eum

2072 1580 2190 1636 ﬁeri
2238 1596 2442 1653 negare
2488 1598 2598 1638 non
2648 1594 2869 1654 posset,
2910 1600 2975 1640 ex
3020 1586 3285 1656 praeclaro
3316 1595 3495 1641 tamen
3526 1587 3654 1641 novi

2072 1672 2320 1742 corporis
2350 1672 2576 1727 invento
2605 1674 2819 1730 dissidii
2846 1677 3194 1731 occasionem
3225 1677 3476 1746 arripuit.
3499 1675 3654 1731 Plato

2072 1762 2352 1833 enim,qui
2376 1777 2610 1834 corpora
2646 1774 2858 1821 tantum
2888 1777 3129 1837 quatuor
3162 1778 3501 1838 agnosceret,
3532 1784 3656 1839 quae

386 1858 593 1930 κύκλῳ,
617 1859 867 1930 καθάπερ
900 1857 1220 1928 σωματικήν
1252 1872 1398 1922 τινα,
1432 1854 1510 1926 τῷ
1528 1856 1767 1927 πέμπτῳ
1799 1872 1969 1929 προσ-

2074 1862 2264 1924 suapte
2293 1864 2491 1910 natura
2529 1856 2764 1927 simplici
2793 1866 3050 1928 rectoque
3082 1869 3233 1915 motu
3265 1860 3555 1926 cierentur,
3578 1862 3655 1917 ita

387 1953 569 2023 ένειμε
615 1950 847 2022 σώματι,
882 1950 1041 2005 πάντ’
1092 1949 1329 2013 εὐκόλως
1388 1949 1551 2002 αὐτὸν
1595 1946 1964 2020 ἐξαπατήσας.

386 2044 513 2107 Τοῖς
544 2044 642 2115 μὲν
679 2042 789 2115 γὰρ
832 2044 918 2096 ἐπ’
943 2042 1156 2105 εὐθείας
1186 2040 1523 2112 κινουμένοις
1562 2041 1621 2094 αἱ
1668 2039 1969 2113 βαρύτητες

386 2134 483 2187 καὶ
511 2134 845 2207 κουφότητες
875 2134 976 2205 τὴν
1004 2133 1179 2205 ἀρχὴν
1206 2133 1306 2202 τῆς
1324 2133 1594 2203 κινήσεως
1622 2133 1965 2204 παρείχοντοο

385 2226 535 2281 τοδὶ
583 2227 832 2297 πέμπτον
871 2225 1053 2296 σῶμα,
1092 2226 1228 2295 μήτε
1276 2223 1473 2294 βάρους
1508 2224 1733 2294 μετέχον
1758 2264 1773 2288 ,
1832 2224 1968 2293 μήτε

388 2299 723 2389 κουφοτητος
745 2356 760 2381 ,
805 2317 1094 2388 ἀκινησίας
1131 2315 1332 2387 μᾶλλον
1368 2314 1467 2386 (4),
1501 2314 1639 2369 ἀλλὰ
1677 2316 1737 2368 ού
1762 2316 1837 2383 (5)
1869 2315 1971 2386 τῆς

387 2408 448 2461 ὲν
474 2408 656 2480 κύκλῳ
685 2410 953 2479 κινήσεως
980 2406 1158 2461 αἰτίαν
1184 2407 1315 2477 ἔχει.
1367 2408 1429 2459 Et
1451 2406 1560 2478 γὰρ
1606 2409 1717 2470 τοῖς
1754 2406 1840 2459 ἐπ’
1883 2407 1973 2459 εὐ-

389 2497 542 2564 θείας
568 2499 645 2570 (6)
676 2499 1016 2571 κινουμένοις
1037 2500 1097 2553 ού
1122 2499 1183 2552 τδ
1204 2498 1391 2570 σχῆμα
1410 2500 1510 2567 τὴν
1535 2499 1713 2552 αἰτίαν
1736 2497 1849 2569 ἔχει
1871 2498 1971 2567 τῆς

387 2593 677 2665 κινήσεως,
718 2591 832 2645 ἀλλ’
860 2594 893 2663 ἡ
930 2591 1069 2663 ῥοπή
1091 2607 1105 2620 ο
1139 2588 1299 2661 σῶμα
1329 2591 1513 2660 ὅμοιον
1549 2591 1606 2643 ὲν
1632 2589 1794 2660 ’μέσῳ
1816 2589 2007 2651 τεθὲν,

386 2686 574 2757 ὁμοίου
600 2685 763 2747 τινὸς,
783 2684 883 2754 οὐχ
910 2682 1020 2749 ἕξει
1051 2683 1149 2754 τῆς
1177 2683 1274 2736 ἐπί
1293 2700 1345 2735 τι
1381 2683 1612 2746 κλίσεως
1640 2682 1841 2745 αἰτίαν,
1874 2681 1971 2736 εἴτ’

388 2776 484 2831 ἐπὶ
520 2775 669 2842 δεξιά
700 2776 842 2838 ῐωσι,
870 2775 1006 2848 πρὸς
1031 2775 1114 2845 ἠῶ
1146 2777 1193 2828 τ’
1217 2776 1398 2846 ἠέλιόν
1437 2793 1496 2828 τε
1515 2816 1529 2839 ,
1578 2776 1687 2829 είτε
1738 2777 1824 2829 ἐπ’
1854 2776 1974 2846 ἀρι-

390 2868 580 2941 στερὰ,
616 2869 727 2922 εἴτε
761 2867 970 2939 πρόσω,
1007 2868 1107 2921 εἴτ’
1141 2868 1338 2921 ὀπίσω.
1377 2869 1498 2921 Ἔτι
1527 2869 1641 2931 τοῖς
1668 2868 1766 2937 μὲν
1793 2867 1973 2932 ἄλλοις

390 2958 660 3030 σώμασιν,
694 2957 978 3024 ὲξωσθεῖσι
1000 2959 1111 3012 τῶν
1137 2959 1353 3013 οἰκείων
1379 2959 1561 3013 τόπων
1583 3000 1599 3026 ,
1634 2959 1862 3031 παρέχει
1912 2958 1974 3013 τὸ

387 3050 656 3105 κινεῖσθαι
682 3050 844 3105 πάλιν
872 3052 964 3120 ἀφ’
991 3051 1172 3106 αὐτῶν
1197 3054 1231 3124 ή
1258 3052 1396 3125 πρὸς
1420 3051 1644 3115 τούτους
1684 3050 1934 3123 ἀναφορὰ
1954 3069 1968 3082 ·

387 3141 466 3213 τῷ
486 3142 722 3213 πέμπτῳ
751 3141 807 3194 δὲ
833 3142 1026 3212 ἐκείνῳ
1046 3141 1145 3214 (7),
1194 3144 1466 3216 μηδέποτε
1510 3143 1811 3197 ἐκϐαίνοντι
1863 3142 1973 3196 τῶν

388 3233 556 3289 αὑτοῦ
584 3236 789 3299 τόπων,
824 3236 1007 3306 μένειν
1030 3234 1096 3289 ἂν
1122 3238 1540 3309 προσήκομῐὶαὶ¹
1574 3236 1703 3307 περὶ
1739 3234 1847 3289 τῶν
1884 3235 1976 3290 ἄλ-

388 3327 497 3381 λων
521 3327 580 3381 δὲ
616 3327 905 3398 σωμάτων,
941 3327 1408 3400 ὑπεξαιρουμένου
1428 3326 1523 3381 τοῦ
1547 3327 1817 3397 πέμπτου,
1849 3326 1977 3394 φαί-

392 3436 547 3474 νεται
589 3419 906 3490 φιλονεικῶν
966 3419 1377 3491 Ἀριστοτέλης,
1420 3418 1585 3490 μὴτά
1629 3417 1768 3470 αύτά
1796 3417 1976 3485 λέγειν

390 3511 664 3567 Πλάτωνι.
730 3512 1076 3582 Ζητήσαντος
1129 3512 1237 3583 γὰρ
1291 3511 1577 3574 Πλάτωνος
1624 3511 1699 3581 (8)
1762 3510 1810 3562 εί
1862 3509 1977 3563 ἐστι

392 3602 553 3675 φύσει
610 3604 749 3675 βαρὺ
803 3603 1002 3675 σῶμα,
1058 3602 1091 3673 ἢ
1146 3603 1380 3671 κοῦφον·
1426 3602 1521 3657 καὶ
1580 3600 1766 3672 ἐπειδὴ
1805 3600 1978 3654 ταῦτα

391 3695 537 3752 κατά
572 3695 672 3767 τὴν
712 3695 851 3766 πρὸς
888 3695 949 3748 τὸ
988 3694 1100 3749 ἀνω
1142 3698 1234 3748 καὶ
1287 3695 1436 3748 κάτω
1493 3693 1677 3764 σχέσιν
1728 3692 1980 3762 ἐφαίνετο

390 3787 666 3857 λέγεσθαι,
708 3788 1054 3858 σκεψαμένου
1093 3786 1206 3840 εἴτε
1246 3788 1367 3841 ἐστί
1403 3804 1457 3839 τι
1493 3786 1645 3839 κάτω
1685 3785 1846 3855 φύσει
1884 3784 1979 3838 καὶ

392 3881 526 3948 ἄνω,
568 3882 676 3936 εἴτε
719 3883 831 3954 μήθ
875 3883 964 3935 καὶ
1005 3880 1384 3948 ἀποδείξαντος
1412 3877 1676 3950 ἀκριϐῶς,
1718 3878 1800 3930 ὅτι
1839 3877 1981 3929 κατὰ

398 3974 498 4044 μὲν
534 3974 633 4038 τὰς
670 3974 779 4029 τῶν
820 3975 1088 4045 σωμάτων
1130 3973 1266 4044 πρὸς
1305 3973 1432 4036 τοὺς
1470 3972 1669 4034 τόπους
1709 3969 1980 4038 οἰκειότη·

468 4101 544 4174 (2)
582 4104 637 4156 '0
649 4103 778 4173 -μὲν
799 4103 909 4173 γὰρ
931 4103 1197 4158 Πλάτων.
1233 4103 1424 4159 Cicero
1454 4103 1666 4158 Tuscul.
1697 4120 1737 4168 ι,
1764 4114 1896 4159 sect.
1921 4103 1977 4167 4,

394 4188 458 4227 οι
487 4183 639 4244 parte
673 4175 848 4244 locum
883 4175 1026 4244 hunc
1059 4174 1333 4244 eleganter
1367 4175 1623 4230 illustrat.

467 4238 643 4315 (3)A'0
679 4242 733 4296 δ’
775 4238 929 4315 ᾗπερ
979 4238 1171 4309 ἀλλῳῖ
1203 4244 1519 4309 Aristoteles
1551 4245 1643 4313 lib.
1672 4260 1690 4298 ι
1720 4242 1797 4296 De
1829 4243 1975 4306 caelo,

395 4312 604 4380 (ξομε,
634 4312 898 4379 ιοιοίιίὺὶ
938 4329 1004 4366 ex
1051 4316 1269 4383 propria
1324 4312 1610 4369 circularis
1657 4324 1840 4369 motus
1892 4332 1980 4367 ra-

398 4383 564 4447 tione,
599 4384 775 4451 quinti
808 4383 1075 4451 corporis,
1107 4384 1196 4438 cui
1236 4386 1503 4439 naturalis
1543 4393 1723 4439 motus
1756 4386 1844 4439 ille
1879 4385 1974 4446 sit,

395 4452 773 4507 necessitatem
799 4455 1052 4507 ostendit.

2072 1956 2134 2002 ut
2176 1948 2319 2019 ignis
2363 1956 2554 2017 extra,
2588 1950 2645 2004 in
2682 1951 2922 2007 medium
2973 1960 3120 2007 terra
3153 1952 3405 2019 ferretur,
3458 1963 3655 2009 caetera

2071 2038 2213 2092 inter
2241 2049 2537 2110 utrumque
2561 2048 2746 2098 motus
2777 2057 2907 2099 suos
2930 2043 3275 2098 continerent
3303 2063 3316 2098 :
3353 2045 3538 2099 animo
3560 2060 3657 2099 vo-

2072 2128 2397 2184 lubilitatem
2427 2131 2772 2189 attribuerat.
2802 2134 3128 2191 Aristoteles
3160 2152 3313 2203 vero,
3343 2137 3422 2191 nti
3445 2150 3656 2193 motum

2071 2219 2196 2276 aliis
2221 2221 2543 2291 corporibus
2583 2223 2750 2278 alium
2772 2266 2789 2292 ,
2821 2224 2900 2278 ita
2941 2226 3136 2296 quinto
3168 2227 3390 2296 corpori
3437 2228 3652 2281 volubi-

2073 2312 2205 2376 lem,
2233 2313 2392 2382 quasi
2422 2329 2749 2383 corporeum
2798 2316 3033 2386 aliquem
3082 2318 3401 2389 assignavit.
3457 2319 3513 2373 In
3544 2336 3656 2390 quo

2071 2402 2353 2473 pueriliter
2380 2405 2608 2459 omnino
2639 2406 3009 2464 hallucinatus
3039 2417 3143 2463 est.
3188 2407 3325 2464 Nam
3354 2425 3476 2481 quae
3505 2421 3656 2465 recto

2074 2495 2287 2549 cientur
2321 2508 2491 2563 motu,
2531 2512 2593 2551 ea
2638 2499 2897 2555 motionis
2928 2514 3041 2556 sum
3064 2501 3393 2572 principium
3422 2503 3657 2574 gravita-

2076 2596 2183 2641 tem
2215 2602 2449 2657 quaeque
2503 2604 2660 2644 suam
2695 2600 2791 2646 aut
2817 2591 3094 2656 levitatem
3128 2594 3367 2659 habent;
3404 2606 3459 2649 at
3489 2598 3654 2665 quin-

2052 2687 2192 2733 ‘tum
2222 2679 2353 2734 illud
2388 2695 2607 2750 corpus,
2641 2697 2767 2737 cum
2812 2691 2867 2737 et
2913 2684 3196 2754 gravitatis
3226 2686 3298 2741 sit
3339 2695 3393 2742 et
3422 2686 3657 2741 levitatis

2077 2787 2295 2841 expers,
2335 2772 2537 2842 quietis
2564 2772 2732 2828 habet
2779 2774 2834 2828 in
2865 2790 2924 2829 se
2957 2776 3164 2844 potius,
3201 2792 3366 2848 quam
3395 2787 3578 2832 motus
3600 2779 3658 2832 iu

2076 2868 2261 2921 orbem
2314 2866 2523 2921 incitati
2575 2867 2924 2937 principium.
2983 2865 3039 2922 Si
3066 2867 3210 2921 enim
3237 2884 3359 2937 quae.
3390 2877 3538 2923 recto
3575 2868 3657 2924 fe-

2053 2967 2274 3032 ‘runtur
2316 2969 2501 3025 mom,
2534 2959 2591 3012 in
2618 2958 2686 3014 iis
2719 2975 2830 3014 non
2860 2958 2975 3028 jam
3006 2958 3178 3030 ﬁgura
3201 2999 3215 3023 ,
3243 2961 3337 3015 sed
3373 2961 3658 3031 proprium

2076 3046 2343 3117 cujusque
2372 3055 2738 3114 momentum,
2779 3062 2953 3118 genus
2998 3047 3131 3102 illud
3161 3047 3324 3103 eﬂicit
3350 3049 3610 3108 motionis
3641 3071 3656 3105 :

2077 3137 2320 3207 profecto
2351 3151 2550 3208 corpus
2577 3140 2665 3194 sui
2701 3140 2900 3204 simile,
2922 3139 3121 3195 similis
3150 3140 3375 3197 alterius
3401 3141 3454 3196 in
3477 3144 3660 3197 medio

2080 3228 2426 3294 collocatum,
2474 3238 2689 3300 partem
2720 3231 2773 3285 in
2817 3232 2984 3286 ullam
3034 3232 3406 3289 inclinationis
3433 3249 3659 3291 causam

2078 3332 2189 3371 non
2220 3319 2467 3384 habebit,
2521 3321 2693 3392 808
2743 3337 2853 3392 qua
2883 3324 2966 3378 vel
3001 3325 3053 3378 in
3084 3324 3364 3391 dextram,
3400 3341 3659 3381 auroram

2077 3427 2269 3468 versus
2303 3422 2467 3483 atque
2511 3416 2682 3469 solem
2704 3455 2718 3479 ,
2756 3415 2841 3470 vel
2875 3415 2931 3469 in
2960 3415 3239 3472 sinistram
3263 3456 3277 3481 ,
3313 3418 3399 3474 vel
3445 3429 3662 3475 antror-

2080 3516 2224 3569 sum,
2256 3502 2341 3556 vel
2371 3512 2675 3560 retrorsum
2701 3504 2968 3561 ferantur.
2995 3504 3268 3562 Praeterea
3300 3510 3515 3565 caeteris
3540 3511 3663 3580 qui-

2079 3594 2202 3648 dem
2232 3596 2575 3664 corporibus,
2606 3611 2731 3666 quae
2753 3599 2871 3653 suis
2893 3599 3118 3669 expulsa
3151 3599 3287 3656 locis
3312 3599 3536 3668 fuerint,
3575 3619 3665 3658 re-

2080 3686 2228 3741 ditus
2268 3686 2325 3740 in
2368 3687 2557 3741 eadem
2581 3688 2786 3758 justam
2822 3689 3046 3746 alterius
3074 3706 3171 3762 per
3202 3707 3322 3748 sese
3351 3705 3532 3749 motus
3565 3710 3662 3751 oc-

2081 3781 2360 3833 casionem
2387 3780 2645 3849 praebeat.
2686 3780 2891 3848 Quinto
2935 3792 3118 3838 autem
3164 3785 3261 3849 illi,
3309 3787 3454 3855 quod
3488 3802 3519 3841 e
3548 3790 3663 3843 suis

2082 3887 2363 3941 nunquam
2397 3874 2715 3944 regionibus
2749 3883 2926 3938 exeat.
2951 3877 3127 3933 satius
3160 3879 3351 3948 utique
3369 3879 3510 3935 foret
3530 3898 3665 3937 con-

2082 3962 2382 4031 quiescere.
2421 3964 2594 4021 Porro
2613 3966 2681 4021 de
2702 3968 2913 4022 caeteris
2928 3968 3090 4023 etiam
3114 3971 3665 4040 corporibus,quinto

2083 4100 2239 4184 cujus
2270 4101 2521 4184 lectionis
2547 4101 2737 4182 vitium
2766 4111 3212 4184 per_sesg~patet_.
3238 4104 3392 4184 Alter
3418 4080 3576 4174 post,
3603 4107 3664 4159 iw

2083 4171 2266 4257 κύκλῳ
2307 4171 2706 4257 κινήσεωςκίῑο
2734 4173 2936 4257 pergit:
2975 4171 3090 4240 Τῆς
3119 4175 3205 4226 ἐπ’
3236 4171 3666 4257 εὐθείαςηκινουτ

2086 4240 2255 4309 μένης
2279 4241 2340 4292 τὸ
2362 4241 2547 4310 σχῆμα
2572 4240 2870 4311 τὴνμὶτίαν
2891 4242 3014 4324 ἕχον
3029 4259 3081 4296 τ.
3107 4260 3177 4329 κ..
3179 4260 3234 4296 α.
3252 4260 3309 4328 η.
3417 4244 3574 4329 σῶμα
3599 4248 3661 4299 ού

2086 4311 2243 4369 μόνον
2270 4312 2326 4362 ὲν
2360 4310 2509 4369 μέσῳ
2538 4327 2589 4364 τ.
2616 4328 2664 4366 ο.
2688 4326 2739 4364 τ.
2768 4328 2814 4363 ο.
2840 4329 2888 4365 ε.
2915 4329 2988 4369 πη
3024 4311 3205 4369 κλιθη.
3234 4313 3334 4366 ἀλλ
3380 4316 3440 4369 ὲν
3470 4316 3659 4369 κυκλω

2086 4327 2243 4379 μονον
2270 4327 2326 4362 εν
2359 4327 2509 4379 μεσῳ
2538 4327 2589 4364 τ.
2616 4328 2664 4366 ο.
2688 4327 2739 4364 τ.
2768 4328 2814 4363 ο.
2840 4329 2888 4365 ε.
2921 4342 2933 4363 ι
3024 4327 3205 4383 κλιυῃ,
3234 4327 3349 4366 αλλ’
3380 4327 3440 4369 εν
3470 4327 3659 4388 κυκλῳ

2083 4379 2382 4455 περιτεθὲν,
2401 4450 2410 4455 _
2432 4380 2621 4455 ὁποίαν
2656 4380 2753 4433 εἴτ’
2784 4382 2886 4455 ἐπὶ.
2908 4329 3075 4448 gelidi,
3110 4396 3237 4455 etc.,
3266 4385 3356 4439 ubi
3386 4386 3471 4439 vix
3498 4387 3661 4455 quid-

2082 4449 2244 4526 quam
2292 4450 2462 4526 ὑγιές.
2500 4449 2807 4526 Monuit-ut.
2856 4452 3094 4526 denique
3139 4453 3251 4526 hoc
3288 4456 3452 4526 modo
3494 4449 3658 4526 legit:
3761 4481 3767 4491 -

468 4522 546 4603 (Il)
581 4522 915 4603 ᾉκιγ-ησίας
943 4520 1204 4603 μᾶλλον.
1233 4522 1368 4586 lmo,
1398 4523 1544 4592 quod
1588 4523 1869 4603 gravitatis
1898 4525 1970 4578 sit

2074 4521 2474 4603 xwﬁaswgfoi;
2495 4521 2582 4603 ἐπ’
2612 4520 3188 4603 εὐθείαςκινουμένοις
3206 4524 3269 4577 τὸ
3292 4525 3500 4597 σχῆμα,
3525 4520 3659 4603 etc"

394 4606 462 4648 ac
508 4592 740 4647 levitatis
785 4608 1016 4663 expers,
1060 4594 1186 4648 inde
1235 4603 1442 4647 tantum
1490 4593 1757 4663 sequitur,
1794 4595 1871 4647 uti
1902 4610 1968 4647 ex

395 4677 517 4718 sese
549 4676 650 4716 nec
682 4678 901 4718 sursum
930 4660 1160 4728 feratur,
1185 4679 1286 4718 nec
1311 4660 1588 4718 deorsum.
1620 4662 1812 4727 Porro,
1844 4680 1968 4718 cum

396 4732 540 4787 idem
572 4732 767 4787 omium
799 4742 854 4787 et
881 4734 1105 4803 globosa
1134 4734 1304 4803 ﬁgura
1335 4735 1425 4795 sit,
1454 4743 1506 4786 ct
1535 4742 1715 4787 tamen
1743 4749 1853 4787 non
1878 4748 1973 4802 per

397 4817 536 4869 sese,
568 4811 622 4856 at
666 4803 770 4874 ύπὸ
813 4800 909 4874 τοῦ
961 4800 1368 4874 παρισταμένου
1412 4802 1615 4867 εἴδους,
1656 4800 1969 4868 moveatur,

397 4873 622 4926 omnino
668 4872 944 4927 fatendum
980 4872 1084 4935 est,
1115 4884 1170 4927 et
1210 4872 1533 4928 eireularem
1565 4874 1613 4927 ei
1650 4882 1880 4935 motum,
1918 4883 1974 4927 et

398 4943 635 5013 quietem
681 4943 879 5010 ipsam,
914 4958 981 4996 ex
1029 4945 1264 5013 propriis
1295 4954 1499 4997 naturae
1529 4944 1810 5013 principiis
1836 4958 1937 4997 con
1957 4972 1973 4984 -

398 5012 587 5067 venire
621 5029 636 5065 :
664 5021 845 5067 motus
873 5012 1146 5078 convenit,
1182 5016 1326 5082 quod
1357 5029 1482 5068 eum
1519 5012 1629 5066 τῶν
1669 5012 1775 5067 ὑπὸ
1815 5013 1974 5082 σελή-

398 5097 496 5152 νην
530 5083 806 5152 generatio
834 5082 1102 5137 desideret
1130 5101 1142 5135 :
1174 5085 1427 5137 convenit
1452 5083 1612 5137 etiam
1645 5084 1820 5152 quies,
1848 5099 1972 5137 cum

399 5151 492 5222 illa
538 5151 820 5221 generatio
857 5162 1119 5222 perpetua
1163 5168 1285 5208 esse
1329 5170 1439 5207 non
1489 5151 1702 5207 debeat.
1744 5154 1862 5206 Alia
1890 5162 1975 5207 est

399 5221 709 5294 Aristotelis
752 5221 1114 5288 ratiocinatio,
1150 5224 1245 5278 sed
1289 5239 1412 5294 qua:
1455 5224 1637 5280 minus
1685 5238 1810 5277 cum
1850 5223 1973 5277 ﬁdei

398 5292 685 5383 priligcipiis
724 5294 1015 5348 cohaereat.

532 5362 547 5383 κ
618 5372 634 5383 .
668 5365 750 5383 η.
893 5362 990 5383 ,ιη

496 5361 750 5434 5)ς’Δ.ὶλ’
771 5364 863 5418 οὐ.
889 5362 996 5417 Pro
1019 5361 1076 5434 ἦ,
1103 5362 1199 5433 qui
1236 5364 1457 5433 quidem
1486 5364 1798 5420 idiotismus
1825 5361 1977 5417 Thu-

399 5433 628 5504 cydidis,
652 5434 792 5487 inter
818 5434 977 5504 alios,
1010 5433 1247 5488 maxime
1279 5435 1534 5504 preprius
1565 5443 1669 5489 est.

471 5501 546 5572 (6)
568 5504 786 5574 Ειὲτὰρ
812 5502 936 5568 τοῖς
957 5502 1050 5556 ἐπ’
1078 5505 1231 5568 εὐθ..
1259 5501 1365 5559 etc.
1382 5501 1572 5560 Locus
1605 5505 1697 5559 hic
1721 5518 1975 5574 magnam

399 5574 606 5647 patitur
647 5572 946 5647 lectionum
991 5574 1344 5647 varietatem._
1365 5575 1516 5629 Alter
1555 5591 1593 5647 ei
1627 5589 1731 5629 ms.
1766 5572 1974 5647 Regiis,

399 5650 524 5710 post
548 5641 727 5716 αίτίαν
745 5641 889 5716 ἔχει,
916 5644 1177 5716 expungit
1199 5646 1260 5716 ei
1281 5644 1410 5716 γάρ,
1435 5656 1553 5716 tum
1568 5646 1655 5716 ita
1683 5641 1974 5716 prosequi-

400 5721 511 5773 tur,
543 5712 642 5783 τῆς
671 5712 758 5765 ἐπ’
786 5711 1003 5776 εὐθείας
1042 5711 1371 5785 κινουμένης
1401 5714 1462 5766 τὸ
1495 5711 1975 5785 (sine—ou)

400 5797 451 5834 τ.
480 5798 534 5836 α.
560 5798 608 5837 ε.
634 5799 685 5835 τ.
723 5798 779 5840 κ.
811 5797 866 5837 α.
904 5800 962 5855 η.
999 5800 1052 5855 ρ.
1085 5782 1243 5854 σῶμα
1265 5782 1331 5837 οὗ
1363 5782 1620 5856 μόνονὶνή
1651 5785 1820 5855 μέσῳ,
1843 5792 1974 5852 etc.,

1115 5974 1132 6001 ἱ

2075 4600 2189 4665 tu_in
2220 4591 2528 4665 μτρῃόμοιρν
2550 4592 2723 4665 habet
2754 4593 2929 4665 etiam
2969 4591 3258 4665 obpévov'
3286 4591 3499 4665 et'p'ost
3525 4595 3658 4661 ἕξει,

2075 4660 2149 4739 πῇ
2186 4659 2515 4739 κλιθῇ,”ἀλλ’
2545 4661 2831 4739 ὲνᾳκύκληῳ
2872 4659 3155 4739 περιτεθὲν
3189 4659 3527 4739 (indigi-nvi,
3563 4659 3663 4739 οὐχ

2073 4729 2185 4804 ἕξει
2217 4729 2446 4802 τῆςέπί
2490 4749 2544 4785 τι
2582 4731 2725 4785 κλισ.
2758 4729 2872 4801 Ego
2911 4729 3184 4804 vulgatam
3220 4729 3663 4801 lectionem—om:

2076 4802 2238 4878 nibus
2289 4813 2602 4878 antepono:
2635 4811 2843 4878 tantum
2893 4802 3091 4878 moneo
3142 4806 3315 4878 illud,
3348 4808 3550 4878 ,ὅμοιον
3601 4809 3661 4862 ὲν

2079 4870 2237 4947 μέσῳ.
2259 4870 2634 4943 τεθὲνήὸμοίου
2675 4873 2854 4947 τινός,
2874 4874 3079 4947 dictum
3113 4876 3283 4947 videri
3301 4870 3308 4872 ⁷
3327 4870 3411 4931 (ιε’
3430 4878 3660 4947 globosa

2077 4941 2270 5013 sideris
2302 4941 2554 5012 corpore,
2585 4944 2729 5011 quod
2751 4944 2976 5013 globoso
3000 4946 3126 4999 item
3158 4946 3297 4999 coelo
3326 4941 3657 5003 includitur:

2076 5011 2185 5087 nisi
2215 5014 2405 5087 _malis_
2428 5029 2526 5081 pro
2570 5011 2989 5087 ductae—ytyégt
3011 5029 3272 5087 reponere
3321 5018 3491 5087 ὁμοίῳ
3528 5019 3659 5073 τινί.

2076 5079 2233 5145 Quod
2256 5079 2525 5153 sequitur,
2549 5079 2649 5136 εἰτ’
2673 5083 2764 5135 ἐπὶ
2790 5082 2940 5149 δεξιὰ
2968 5079 3107 5148 ἴωσι,
3133 5086 3338 5140 castius
3356 5079 3658 5153 videretur,

2077 5154 2123 5204 si
2154 5153 2371 5227 abesset
2409 5152 2564 5227 ζωσι,
2592 5154 2708 5227 nisi
2730 5153 2799 5207 ad
2826 5156 2979 5207 sidus
3012 5163 3067 5227 et
3090 5156 3286 5227 ccelum
3322 5157 3510 5211 referri
3543 5152 3663 5227 pla+

2076 5231 2181 5292 cet.
2213 5220 2571 5292 Porrot’acile
2602 5224 2782 5277 Attico
2826 5224 3181 5292 respondeas,
3210 5226 3264 5277 in
3296 5226 3449 5281 motu
3478 5220 3662 5283 circu-

2076 5291 2200 5353 lari,
2223 5291 2331 5361 rip;
2356 5291 2531 5347 κλίσιν
2556 5293 2775 5361 preprie
2805 5291 2984 5348 locum
3012 5309 3121 5347 non
3154 5295 3374 5350 habere.

2130 5372 2133 5375 ‘
2149 5361 2228 5431 (7)
2242 5360 2338 5435 Idi
2353 5360 2597 5431 πέμπτῲ
2612 5360 2681 5415 δὲ
2695 5363 2920 5430 ἐκείνῳ.
2939 5363 3011 5416 At
3026 5362 3153 5418 licet
3168 5366 3450 5435 proprium
3467 5380 3660 5435 quem-

2077 5432 2202 5485 dam
2242 5432 2424 5486 locum
2454 5448 2562 5487 non
2589 5443 2799 5506 quaerat
2828 5435 3052 5496 caelum,
3085 5432 3217 5489 dum
3253 5432 3525 5501 movetur,
3558 5438 3663 5506 φύα

2079 5519 2162 5554 σει
2188 5510 2390 5574 tamen,
2422 5517 2530 5556 non
2561 5502 2613 5574 vi
2639 5503 2746 5556 ulla
2763 5511 3046 5574 movetur,
3066 5506 3213 5574 quod
3234 5521 3360 5560 eum
3386 5508 3510 5563 οωΙὶ
3534 5502 3660 5561 mo-
3754 5504 3779 5527 ‘

2077 5581 2214 5646 tum
2234 5572 2470 5646 universi
2504 5570 2646 5624 ratio
2676 5582 2731 5626 et
2757 5570 3105 5646 incolumitas
3134 5575 3337 5646 exigat.

2148 5641 2259 5713 (8)“
2283 5640 2670 5713 Ζητήᾳαντος
2732 5643 2844 5713 γὰρ
2894 5639 3253 5713 Πλάτωνοςῖ
3288 5644 3347 5703 ιη
3419 5643 3617 5701 Timeo
3641 5684 3659 5713 ,

2077 5709 2625 5783 pag.'540AFicini.
2742 5709 2751 5713 ⁷
2806 5709 2819 5712 “
3188 5709 3205 5713 ⁷
3328 5722 3335 5728 ·
