4144 6466
467 401 608 460 1³529

460 523 560 594 τῆς
598 523 776 592 ψυχῆς
815 521 955 574 θεῖον
985 519 1155 572 σῶσαι
1195 516 1514 587 δυνηθείσης
1539 533 1552 547 ·

463 631 598 675 σεως
636 613 937 682 πράγματα
975 611 1173 671 πάντα,
1215 609 1356 662 κατὰ
1393 608 1491 679 τὴν
1516 608 1614 679 τῆς
1639 611 1820 680 ψυχῆς
1856 611 2052 681 διοίκη-

463 723 566 763 σιν,
617 704 742 774 ἔσχε
793 702 854 756 τὸ
873 702 1054 765 καλῶς
1077 701 1397 754 διοικεῖσθαι
1437 701 1719 758 δύνασθαι.
1748 705 1910 774 Ψυχὴ
1941 705 2050 777 γάρ

462 797 631 858 πᾶσα,
663 793 816 864 φησὶ,
858 794 1056 856 παντὸς
1079 793 1422 862 ἐπιμελεῖται
1457 793 1552 847 τοῦ
1593 795 1801 867 ἀψύχου
1823 814 1835 826 ·
1875 799 2052 853 πάντα

459 887 514 939 δὲ
541 887 770 958 οὐρανὸν
822 887 1107 960 περιπολεῖ
1150 887 1328 940 ἄλλοτ’
1366 889 1424 940 ὲν
1472 888 1652 952 ἄλλοις
1697 891 1860 944 εἴδεσι
1899 909 2044 960 γινο-

464 980 620 1050 μένη.
669 979 829 1032 Ἀλλὰ
884 979 990 1050 μὴν
1042 981 1135 1033 καὶ
1174 979 1242 1032 τὰ
1271 980 1369 1050 τῆς
1408 981 1755 1052 ἐπιστήμης,
1800 987 1896 1036 καὶ
1952 986 2049 1056 τῆς

461 1072 673 1140 σοφίας.
721 1073 814 1126 καὶ
853 1075 933 1134 είς
972 1073 1070 1142 τὴν
1115 1073 1416 1126 ἀθανασίαν
1446 1074 1543 1145 τῆς
1576 1073 1755 1145 ψυχῆς
1811 1077 2048 1148 ἀνῆπται

457 1165 536 1234 τῷ
577 1165 841 1219 Πλάτωνι.
862 1166 1042 1220 Πᾶσαι
1063 1165 1171 1237 γάρ
1201 1167 1256 1219 αἱ
1282 1167 1546 1238 μαθήσεις
1563 1169 1894 1240 ἀναμνήσεις
1912 1170 2044 1240 (15)·

460 1258 552 1309 καὶ
575 1257 676 1308 οὐκ
715 1257 890 1320 ἄλλως
925 1258 1098 1311 οἴεται
1136 1257 1396 1312 δύνασθαι
1439 1257 1710 1325 σώζεσθαι
1750 1263 1845 1315 καὶ
1879 1262 2049 1334 ζήτη-

461 1365 545 1400 σιν
575 1349 668 1402 καὶ
693 1348 948 1419 μάθησιν,
990 1346 1050 1415 ἐξ
1089 1344 1164 1403 ὧν
1197 1352 1474 1423 ἐπιστήμη
1517 1351 1744 1420 γίνεται.
1787 1356 1849 1408 Ei
1886 1356 1942 1409 δὲ
1974 1360 2047 1430 μή

459 1443 667 1512 ἐστινὴ
717 1441 863 1512 ψυχὴ
904 1442 1192 1506 ἀθάνατος,
1236 1445 1354 1497 οὐδὲ
1394 1445 1737 1516 ἀνάμνησις·
1783 1450 1832 1500 εἰ
1870 1449 1927 1502 δὲ
1973 1451 2048 1521 μὴ

455 1533 656 1595 τοῦτο,
699 1534 820 1586 οὐδὲ
883 1533 1139 1604 μάθησις.
1195 1537 1421 1590 Πάντων
1479 1533 1570 1592 οὖν
1617 1539 1710 1592 τοῦ
1763 1539 2049 1605 Πλάτωνος

454 1625 739 1696 δογμάτων
771 1626 1011 1698 ἀτεχνῶς
1042 1625 1451 1700 ἐξηρτημένων,
1489 1631 1584 1684 καὶ
1609 1632 2040 1703 ὲγκρεμαμένων

454 1718 556 1787 τῆς
589 1719 731 1773 κατὰ
769 1719 866 1792 τὴν
905 1720 1082 1792 ψυχὴν
1106 1721 1381 1792 θειότητός
1406 1740 1465 1776 τε
1493 1724 1587 1777 καὶ¹
1639 1723 1943 1790 ἀθανασίας
1969 1768 1983 1790 ,
2017 1729 2046 1780 6

459 1811 532 1882 μὴ
567 1813 869 1885 συγχωρῶν
911 1814 1093 1878 τοῦτο,
1135 1814 1233 1886 τὴν
1267 1817 1447 1869 πᾶσαν
1495 1817 1792 1888 ἀνατρέπει
1832 1819 2046 1888 φιλοσο-

456 1904 584 1974 φίαν
608 1905 918 1971 Πλάτωνος.
959 1907 1056 1972 Τίς
1093 1903 1186 1962 οῦν
1219 1909 1365 1961 ἐστιν
1402 1911 1431 1962 6
1463 1909 1678 1982 πρῶτος
1718 1911 2046 1984 ἐγχειρήσας

453 1997 845 2062 ἀντιτάξασθαι
879 2000 1209 2064 ἀποδείξεσι,
1240 2001 1334 2055 καὶ
1371 2003 1472 2072 τὴν
1517 2002 1694 2076 ψυχὴν
1749 2005 2047 2074 ἀφελέσθαι

453 2090 554 2159 τῆς
584 2090 885 2156 ἀθανασίας
908 2093 1002 2147 καὶ
1031 2093 1132 2164 τῆς
1156 2093 1322 2165 ἄλλης
1358 2094 1542 2166 πάσης
1577 2095 1858 2166 δυνάμεως
1887 2114 1902 2162 ;
1951 2099 2048 2161 Τίς

453 2182 498 2236 δ’
522 2184 710 2255 ἔτερος
737 2183 770 2254 ἦ
801 2185 828 2236 6
867 2184 1286 2256 Ἀριστοτέλης;
1335 2185 1457 2240 Τῶν
1490 2185 1590 2256 μὲν
1622 2187 1732 2258 γὰρ
1784 2187 1959 2242 ἄλλων
1997 2190 2046 2241 οἱ

456 2275 555 2344 μὲν
579 2276 946 2346 ἐπιδιαμένειν
973 2266 1381 2348 συνεχώρησαν·
1405 2278 1456 2332 οἱ
1487 2277 1554 2342 δ’,
1579 2281 1627 2332 εί
1654 2279 1728 2353 μὴ
1751 2281 1845 2334 καὶ
1865 2281 2044 2346 τοῦτο,

451 2367 679 2438 δύναμίν
705 2385 767 2434 γε
807 2370 864 2422 ὲν
887 2369 964 2440 τῷ
991 2368 1203 2440 σώματι
1233 2370 1328 2422 καὶ
1355 2369 1570 2441 κίνησίν
1599 2387 1723 2425 τινα
1743 2411 1759 2435 ,
1794 2373 1888 2426 καὶ
1911 2371 2048 2444 ἔργα

453 2462 548 2513 καὶ
572 2460 799 2532 πράξεις
826 2462 1127 2533 ἀπένειμαν
1151 2465 1218 2533 τῇ
1237 2461 1404 2533 ψυχῇ·
1431 2465 1460 2516 6
1479 2463 1557 2527 δὲ,
1586 2464 1805 2536 ὅσῳπερ
1822 2465 2047 2521 Πλάτων

450 2553 786 2624 ἀπεσέμνυνε
823 2553 885 2606 τὸ
918 2554 1018 2624 τῆς
1055 2554 1234 2624 ψυχῆς
1260 2555 1514 2625 πρᾶγμα,
1545 2555 1723 2626 ἀρχὴν
1759 2557 2045 2625 γενέσεως,

449 2648 543 2700 καὶ
566 2645 700 2699 Θεοῦ
731 2647 1024 2716 παίδευμα,
1052 2648 1146 2701 καὶ
1177 2646 1286 2701 τῶν
1309 2647 1564 2700 ἁπάντων
1591 2650 1886 2720 προστάτιν
1914 2651 2048 2704 ἀπο-

450 2740 777 2809 φηνάμενος,
797 2739 856 2792 τὸ
880 2739 1038 2810 σῶμα
1063 2739 1120 2792 δὲ
1143 2738 1256 2812 (14)
1277 2738 1650 2810 ἐφιλονείκησε
1675 2741 1924 2795 καθελεῖν
1951 2741 2048 2794 καὶ

450 2831 715 2902 ἀτιμάσαι
739 2833 832 2885 καὶ
861 2832 1058 2903 μικροῦ
1083 2832 1192 2886 δεῖν
1217 2833 1382 2906 μηδὲν
1409 2833 1686 2903 ἀποφῆναι
1713 2832 1812 2904 τὴν
1843 2831 2045 2905 ψυχήν.

453 2920 590 2976 Οὔτε
606 2924 714 2997 γὰρ
736 2924 868 2978 πνεῦ
877 2924 1100 2996 μα(15),
1121 2923 1242 2979 οὒτε
1269 2924 1402 2997 πῦρ,
1419 2924 1542 2977 οὕτε
1564 2925 1701 2988 ὅλως
1725 2923 1904 2996 σῶμα,
1930 2925 2047 2978 ἀλλ’

449 3017 569 3070 οὐδὲ
591 3017 901 3089 ἀσώματον,
927 3015 1037 3071 οἷον
1066 3012 1206 3070 εἶναί
1225 3034 1286 3070 τε
1311 3018 1395 3086 ἐφ’
1425 3016 1618 3070 ἑαυτοῦ
1640 3019 1735 3070 καὶ
1757 3017 2045 3072 κινεῖσθαιο

450 3109 566 3162 ἀλλ’
589 3109 696 3163 οὐδ’
720 3111 843 3163 ὅσον
869 3111 960 3162 ἐπὶ
980 3108 1076 3162 τοῦ
1109 3107 1362 3180 σώματος
1383 3126 1395 3139 ·
1434 3109 1712 3180 ἀκίνητον,
1739 3111 1835 3164 κο.)⁸
1862 3110 1938 3174 ὡς
1971 3111 2049 3164 εί-

455 3205 599 3267 πεῖν,
632 3202 865 3272 ἄψυχον.
901 3196 1026 3256 Οἷον
1063 3202 1172 3274 γὰρ
1200 3201 1318 3256 τόδε
1346 3202 1678 3273 ἐτόλμησεν,
1714 3202 1748 3274 ἢ
1795 3204 1890 3256 καὶ
1931 3205 2042 3257 ἀπ·
2071 3234 2116 3298 c

453 3293 793 3365 ηναγκάσθη,
828 3294 904 3358 ὡς
948 3295 1042 3348 καὶ
1100 3297 1198 3358 τὰς
1242 3295 1631 3366 πρωτουργοὺς
1659 3296 1902 3367 κινήσεις
1928 3297 2040 3368 (16)

453 3385 747 3454 ἀφελέσθαι
770 3385 869 3456 τῆς
896 3386 1094 3459 ψυχῆς,
1123 3388 1183 3440 τὸ
1210 3387 1626 3457 βουλεύσασθαι,
1666 3388 1727 3442 τὸ
1755 3388 2044 3460 διανοηθῆ-

453 3476 637 3539 ναι,τὺ
664 3477 1050 3549 προσδοκῆσαι,
1076 3480 1137 3532 τὸ
1166 3478 1560 3551 μνημονεῦσαι,
1592 3479 1652 3533 τὸ
1689 3479 2040 3548 λογίσασθαιε

451 3568 525 3619 Οὐ
545 3569 652 3640 γάρ
672 3568 852 3640 ψυχῆς
879 3571 1052 3626 ταῦτά
1083 3572 1288 3624 ἐστιτὰ
1324 3573 1624 3642 κινήματα,
1654 3573 1682 3624 6
1702 3571 1799 3643 τῆς
1829 3571 2045 3642 φύσεώς

452 3675 584 3728 φησι
608 3661 990 3731 γραμματεύς.
1021 3663 1172 3718 Πάνυ
1201 3663 1334 3732 γοῦν
1363 3657 1520 3728 οὗτός
1551 3664 1668 3716 ἐστι
1704 3664 1922 3729 πιστὸς,
1969 3666 2045 3730 ὡς

452 3751 655 3821 συνῆκε
683 3770 734 3805 τι
757 3755 886 3825 περὶ
917 3755 1026 3808 τῶν
1059 3756 1236 3822 ὲκτὺς,
1260 3759 1288 3811 6
1320 3757 1420 3828 τῆς
1455 3756 1622 3811 αὑτοῦ
1643 3759 1820 3829 ψυχῆς
1856 3759 2044 3813 τοσοῦ-

451 3857 542 3894 τον
567 3841 978 3916 διημαρτηκὼς,
1009 3849 1085 3911 ὡς
1113 3849 1234 3921 μηδ’
1265 3850 1348 3903 ὃτι
1381 3850 1675 3904 διανοεῖται
1703 3852 2045 3922 παρακολου-

453 3931 586 3987 θεῖν.
617 3936 692 3989 Οὐ
721 3937 834 4009 γὰρ
861 3939 1089 4012 ἡψυχὴ,
1119 3943 1304 4012 φησὶν,
1347 3942 1462 3995 ἀλλ’
1485 3945 1513 3996 6
1559 3942 1850 4014 ἄνθρωπός
1896 3946 2044 3998 ἐστιν

451 4026 481 4078 6
531 4027 737 4082 τούτων
787 4030 1018 4085 ἕκαστον
1069 4034 1345 4104 ἐνεργῶν·
1391 4037 1425 4106 ἡ
1474 4034 1620 4106 ψυχὴ
1663 4035 1721 4088 δὲ
1764 4035 2040 4107 ἀκίνητος.

453 4115 642 4190 Τούτῳ
667 4122 955 4193 τοιγαροῦν
983 4125 1247 4197 ἑπόμενος
1267 4126 1593 4198 Δικαίαρχος
1623 4127 1760 4200 (17),
1793 4128 1888 4181 καὶ
1920 4130 2041 4182 κατ’

681 4325 986 4395 Μαθήσεις
1035 4328 1426 4398 ἀναμνήσεις.
1475 4327 1610 4384 Vide
1656 4327 1940 4384 Platonem
1985 4331 2039 4385 in

458 4387 741 4469 Ph'ted'one,
775 4387 899 4465 pag.
932 4387 1038 4452 382
1087 4387 1164 4452 ρι’
1183 4387 1300 4469 seq.
1329 4439 1343 4463 ,
1381 4387 1485 4469 pro
1518 4400 1683 4468 hujus
1714 4401 1918 4455 erroris
1945 4400 2041 4456 de-

450 4460 703 4584 ἔὲἓιςὶοιιε
728 4460 946 4537 longius
974 4485 1138 4540 quam
1172 4460 1275 4540 par'
1302 4460 1449 4526 ess-et
1472 4460 1764 4541 acriusque
1793 4486 2040 4543 pugnan-

523 4585 637 4678 (ιβ)
682 4605 754 4658 Τὸ
794 4607 968 4678 σῶμα
1017 4609 1104 4663 δέ.
1162 4609 1288 4666 Haec
1331 4613 1378 4666 si
1423 4612 1660 4674 retines,
1707 4611 2036 4668 sententiam
2069 4585 2115 4641 D

453 4673 700 4747 funditus
747 4673 964 4734 omnem
999 4682 1232 4747 evertis,
1265 4691 1327 4736 ut
1355 4673 1703 4737 mediocriter
1737 4685 2035 4737 attendenti

453 4753 618 4824 patet.
647 4746 719 4824 At
749 4750 1010 4824 τοσούτῳ,
1047 4753 1130 4805 vel
1161 4746 1305 4824 τόσῳ
1355 4753 1445 4822 δή,
1475 4762 1530 4807 et
1550 4768 1787 4824 sensum
1827 4754 2035 4824 implet,

453 4821 508 4866 et
534 4817 810 4893 superiori
843 4817 1060 4893 ὅσῳπερ
1091 4817 1292 4893 optime
1327 4817 1640 4892 respondet.

480 4876 830 4964 __(15)__Oﬁte
869 4876 977 4960 γὰρ
1016 4876 1286 4962 att-emta,
1329 4876 1446 4948 διε.
1477 4893 1618 4963 Lege
1665 4893 2033 4959 Aristotelem,

455 4953 714 5032 lib.__t:De
741 4953 952 5025 anim'a,
971 4978 1092 5027 cap.
1120 4953 1240 5018 2ἐι
1271 4953 1387 5032 seq.
1423 4965 1488 5019 ad
1532 4953 1654 5018 libri
1686 4965 1913 5019 calcem.

494 5026 658 5109 ._(i'6_)‘
682 5026 1107 5109 Πρωτριᾮγοίις
1137 5026 1459 5109 -κινῄσέιςε
1480 5034 1634 5109 Plato
1666 5035 1759 5109 lib.
1790 5051 1836 5109 ιιΔ
1855 5035 1928 5090 De
1957 5037 2037 5109 le_-

455 5095 585 5179 git,
606 5095 762 5179 Ἀγει
782 5095 993 5179 ,μὲνδῆ
1019 5095 1163 5176 ψῦχὴ
1195 5095 1374 5179 πάντα
1395 5095 1476 5159 ⁷’τὰ
1508 5107 1626 5179 κατ’
1654 5105 1924 5179 οὐρανὸν,
1943 5107 2039 5159 καὶ⁵

453 5171 588 5247 Yfﬁ,
613 5171 706 5222 καὶ
722 5171 1043 5247 θάλατταν,
1061 5171 1180 5238 ταῖς
1223 5177 1392 5247 αὐτῆς
1415 5171 1815 5247 κινήσεσιν,αἷς
1839 5176 2039 5246 ὀνόμα-

453 5238 682 5318 τάέστι,
717 5241 999 5318 βοῦλεσθαι
1021 5285 1035 5309 ,
1067 5238 1424 5318 σκοπεῖσθαι,
1458 5238 1834 5318 ἐπιμελεῖσθαι
1854 5288 1869 5311 ,
1912 5238 2040 5317 βου-

454 5307 738 5376 λεύεσθαι,
783 5307 1059 5380 δοξάζειν,
1089 5316 1262 5388 ὀρθῶς
1285 5358 1300 5382 ,
1338 5307 1653 5432 ἐιὲευμένως
1675 5359 1690 5384 ,
1715 5307 2035 5388 χαίρουσαν,

455 5378 804 5432 λυπουμένην
824 5426 838 5432 -
889 5385 1196 5432 θαὸὁοῦσαν
1217 5430 1227 5432 _
1301 5405 1368 5432 ton
1388 5389 1642 5432 mum-6an
1662 5429 1673 5432 _
1739 5387 2002 5432 ιιισοῦπαν
2019 5427 2033 5432 -

455 5378 804 5473 λυπουμένην
824 5426 838 5449 ,
859 5378 868 5380 ⁷
889 5378 1196 5473 θὶαρῤρῦσίαν
1215 5378 1264 5472 ,ζ
1287 5378 1687 5473 φοϐουμένην,
1715 5378 2036 5458 ’μισοῦσαν,

455 5451 788 5533 στέργουσαῆ
802 5471 816 5484 ο
843 5451 1172 5533 καῖ’πάσαις
1193 5451 1360 5533 ,ξόσαι
1395 5451 1606 5513 τούτων’
1643 5451 1923 5533 ξυγγενεῖς
1946 5499 1961 5523 ,

454 5524 800 5604 πρωτουργοὶ
836 5527 1078 5604 κινήσεις
1101 5568 1117 5591 ,
1166 5529 1264 5594 τὰς
1292 5524 1730 5604 δευτερουργοὺς
1751 5524 1819 5604 at
1859 5524 2040 5601 παραὶ

455 5594 824 5670 λαμϐάνουσαι
875 5594 1118 5670 κινήσεις
1153 5594 1464 5670 σωμάτων,⁷
1493 5594 1686 5668 ἄγουσι
1735 5601 1912 5656 πάντα
1943 5594 2039 5666 ἐίς

455 5661 714 5746 αὔξησιν,
731 5667 825 5718 καὶ
845 5661 1154 5746 φθίσιν,κώ
1175 5661 1469 5746 διάκρισιν,
1487 5661 1581 5724 καὶ
1599 5661 2033 5746 σύγκρισιν,-θιοξ

457 5735 784 5814 {Aristoteles
810 5748 989 5814 autem
1023 5738 1116 5814 lib.
1151 5757 1164 5793 I
1198 5739 1270 5814 D_e
1299 5735 1501 5814 anima,
1537 5757 1656 5811 cap.
1681 5735 1758 5804 Β(
1776 5745 1861 5797 vel
1891 5735 1948 5807 4,
1977 5752 2040 5799 ut

457 5805 524 5881 in
550 5805 671 5881 aliis
702 5807 1032 5862 editionibus
1066 5809 1372 5864 functiones
1404 5813 1538 5866 istas
1582 5805 1677 5866 toti
1714 5815 1897 5881 potius
1936 5805 2038 5868 bo-

457 5876 628 5942 mini,
657 5893 820 5945 quam
852 5881 1034 5933 animo
1063 5881 1157 5934 uni
1183 5881 1495 5939 tribuendas
1525 5876 1826 5948 existimat,
1864 5885 1937 5938 T6
1971 5881 2030 5938 δι

1689 396 2014 452 ΡΒᾸΞΡΑΠ.
2053 394 2302 453 EVANG.
2351 395 2477 452 LIB.
2530 398 2648 454 XV.

1593 523 1661 572 τά
1699 536 1755 570 τε
1803 519 1901 589 τῆς
1942 518 2041 588 φύ-

2145 533 2299 587 scges
2329 519 2419 572 illa
2463 517 2879 587 complexioque
2925 517 3216 572 moralium
3266 518 3733 588 praeceptionum,

3598 399 3619 451 l
3630 397 3737 455 350

2153 611 2423 665 animiest
2441 609 2908 664 immortalitatem
2942 619 3152 672 secuta,
3177 610 3324 678 quod
3353 610 3732 665 excellentiam

2152 701 2585 771 dignitatemque
2626 717 2806 764 suam,
2840 700 3086 770 adeoque
3108 715 3434 770 generosum
3463 701 3614 754 illum
3645 715 3739 754 ar-

2153 793 2342 849 dorem
2376 794 2751 864 impetumque
2779 807 2940 848 suum
2975 791 3114 848 tueri
3158 807 3223 846 ac
3253 791 3490 846 retinere
3527 792 3734 858 virtus,

2150 896 2374 958 propter
2401 886 2545 941 hanc
2591 885 2759 939 animi
2794 885 3138 939 divinitatem
3175 893 3361 954 posset
3405 892 3498 938 :et
3530 894 3739 938 natura:

2151 995 2240 1034 res
2271 995 2463 1033 omnes
2499 993 2596 1049 pro
2623 979 2937 1032 animorum
2967 976 3446 1032 administratione
3475 977 3738 1046 praeclare

2151 1072 2497 1125 ordinantur.
2534 1070 2767 1126 Animus
2793 1069 2937 1123 enim
2969 1071 3172 1134 omnis,
3205 1068 3406 1138 inquit,
3435 1068 3616 1123 omnis
3651 1068 3728 1121 in-

2152 1164 2378 1218 animati
2408 1179 2595 1217 curam
2634 1163 2900 1233 suscipit:
2935 1163 3188 1231 idemque
3211 1161 3410 1216 caelum
3441 1177 3602 1215 omne
3623 1175 3743 1216 ver-

2150 1267 2235 1314 sat
2263 1273 2325 1312 ac
2352 1256 2509 1324 regit,
2547 1256 2783 1326 speciem
2814 1255 2868 1309 in
2903 1254 3025 1308 aliis
3056 1254 3217 1307 aliam
3244 1262 3409 1324 atque
3443 1252 3605 1307 aliam
3647 1253 3737 1306 in-

2150 1351 2346 1406 duens.
2393 1349 2537 1417 Quin
2568 1349 2735 1404 etiam
2771 1349 3034 1419 quidquid
3069 1347 3312 1402 scientia:
3351 1362 3416 1402 ac
3460 1348 3740 1416 sapientia!

2151 1448 2433 1517 proprium
2493 1454 2600 1512 est,
2627 1444 2680 1500 id
2718 1454 2890 1500 totum
2942 1460 3065 1499 cum
3117 1443 3286 1498 animi
3329 1442 3741 1499 immortalitate

2149 1539 2306 1595 Plato
2359 1539 2678 1596 connexuit.
2717 1537 2909 1594 Omnis
2955 1538 3102 1592 enim
3154 1537 3420 1592 doctrinae
3465 1537 3738 1606 perceptio

2151 1630 2458 1687 recordatio
2491 1630 2743 1700 quaedam
2775 1638 2858 1685 est
2886 1650 2900 1684 :
2939 1646 3040 1686 nec
3069 1630 3223 1684 aliter
3263 1627 3636 1699 inquisitionis
3673 1643 3738 1684 ac

2149 1723 2472 1793 disciplinze,
2505 1739 2609 1793 qua
2639 1739 2705 1776 ex
2732 1731 2966 1792 utraque
2992 1721 3220 1778 scientia
3256 1721 3526 1784 nascitur,
3561 1720 3735 1774 ratio-

2151 1824 2272 1863 nem
2309 1807 2524 1862 defendi
2550 1822 2711 1877 posse
2745 1807 3062 1862 arbitratur.
3091 1805 3257 1875 Atqui
3289 1805 3334 1860 si
3366 1819 3477 1859 non
3506 1814 3589 1858 est
3615 1803 3737 1857 ani-

2078 1893 2121 1949 B
2151 1910 2275 1954 mus
2301 1897 2649 1962 immortalis,
2685 1897 2993 1952 recordatio
3009 1911 3228 1966 quoque
3254 1895 3402 1950 nulla
3421 1903 3542 1961 est;
3568 1910 3732 1964 quam

2152 1990 2199 2045 si
2230 1988 2541 2055 sustuleris,
2571 1987 2918 2058 disciplinam
2950 1986 3180 2058 proinde
3208 1986 3415 2040 nullam
3441 1983 3733 2054 relinquis.

2149 2081 2288 2137 Cum
2319 2080 2484 2152 igitur
2508 2081 2760 2152 dogmata
2790 2079 3036 2135 Platonis
3065 2079 3326 2134 universa
3359 2093 3426 2132 ex
3453 2077 3619 2132 animi
3645 2077 3729 2132 di-

2149 2174 2377 2229 vinitate
2399 2181 2453 2229 et
2478 2171 2894 2228 immortalitate
2920 2180 3046 2242 apta
3069 2186 3196 2225 vere
3230 2186 3294 2224 ac
3313 2184 3579 2239 suspensa
3603 2168 3734 2232 sint,

2150 2264 2244 2335 qui
2277 2264 2419 2320 hanc
2443 2272 2733 2332 utramque
2759 2262 3030 2332 repudiet,
3076 2261 3124 2317 is
3160 2259 3562 2331 philosophiam
3602 2257 3734 2312 Pla-

2151 2355 2296 2411 tonis
2347 2369 2568 2410 omnem
2626 2352 2876 2408 funditus
2929 2360 3138 2408 evertat
3193 2365 3418 2406 necesse
3452 2358 3555 2404 est.
3597 2349 3735 2416 Quis

2149 2463 2282 2519 ergo
2311 2447 2523 2516 primus
2560 2446 2811 2502 omnium
2843 2443 3142 2500 Platonicis
3165 2443 3737 2500 demonstrationibus

2150 2553 2458 2610 repugnare
2493 2552 2786 2609 aggressus
2818 2545 2924 2600 est,
2973 2545 3137 2607 atque
3168 2537 3413 2590 animum
3451 2535 3738 2589 immorta-

2150 2632 2305 2687 litate
2333 2631 2500 2686 simul
2527 2645 2592 2686 ac
2613 2629 2875 2685 facultate
2895 2629 3046 2684 omni
3079 2627 3360 2697 spoliare?
3390 2627 3525 2696 Quis
3550 2635 3736 2683 autem

2149 2723 2293 2780 alius
2337 2731 2536 2793 praeter
2576 2721 2974 2777 Aristotelem?
3020 2719 3157 2775 Nam
3196 2735 3261 2775 ex
3312 2720 3436 2774 aliis
3471 2719 3690 2789 quidem
3715 2759 3734 2786 ,

2148 2816 2347 2887 partim
2377 2831 2502 2870 eum
2530 2814 2849 2885 aliquandiu
2881 2829 3204 2884 permanere
3237 2811 3572 2878 concedunt,
3605 2827 3736 2885 par-

2147 2909 2272 2972 tim,
2315 2908 2362 2964 si
2409 2908 2594 2963 minus
2636 2906 2744 2962 hoc
2787 2907 3044 2976 probant,
3071 2905 3181 2960 vim
3224 2916 3374 2960 certe
3403 2904 3644 2974 aliquam
3679 2914 3737 2962 et

2148 2999 2444 3055 motionem
2479 2997 2534 3052 in
2564 3011 2793 3068 corpore
2826 3011 2952 3052 cum
2983 2996 3220 3067 prapriis
3252 2996 3582 3066 quibusdam
3607 2995 3733 3051 fun-

2149 3092 2424 3149 ctionibus
2452 3092 2639 3146 animo
2674 3090 3014 3161 relinquunt.
3051 3090 3378 3146 Aristoteles
3400 3099 3733 3160 autem,quo

2149 3185 2588 3258 magniﬁcentius
2617 3183 2863 3238 animum
2905 3183 3059 3238 Plato
3089 3183 3481 3248 celebraverat,
3511 3199 3637 3238 cum
3668 3185 3733 3238 il-

2146 3277 2259 3332 lum
2288 3285 2342 3332 et
2365 3285 2519 3332 ortus
2547 3275 2876 3347 principium
2894 3316 2910 3340 ,
2961 3274 3168 3346 Deique
3205 3275 3604 3331 institutionem
3632 3292 3732 3347 ap-

2144 3369 2402 3440 pellaret,
2445 3370 2551 3424 hoc
2578 3369 2690 3438 egit
2731 3377 2924 3423 contra
2961 3368 3360 3432 vehementius,
3387 3377 3446 3423 ut
3479 3367 3734 3424 eumdem

2146 3462 2411 3533 abjiceret
2455 3478 2519 3518 ac
2552 3461 2924 3526 dedecoraret,
2954 3460 3068 3514 imo
3096 3476 3226 3515 vero
3272 3460 3408 3514 nihil
3441 3474 3736 3530 propemo-

2145 3555 2279 3612 dum
2318 3569 2441 3610 esse
2464 3553 2798 3609 ostenderet.
2846 3551 3142 3608 Enimvero
3170 3567 3350 3622 neque
3379 3551 3633 3622 spiritum
3666 3551 3734 3606 il-

2145 3648 2261 3703 lum
2295 3663 2438 3714 esse,
2466 3663 2646 3718 neque
2675 3645 2882 3716 ignem,
2916 3659 3095 3715 neque
3123 3644 3349 3724 omnino
3375 3653 3594 3714 corpus,
3621 3644 3734 3700 imo

2146 3757 2250 3797 nec
2279 3742 2444 3796 etiam
2498 3740 2913 3810 incorporeum,
2963 3738 3044 3793 sic
3071 3735 3293 3807 quidem
3324 3745 3386 3792 ut
3426 3737 3541 3806 ipse
3569 3737 3640 3792 sit
3669 3752 3735 3791 ac

2146 3842 2433 3889 moveatur
2461 3848 2528 3889 ex
2561 3848 2720 3889 sese:
2753 3832 2898 3903 quod
2931 3832 3110 3902 ipsum
3146 3847 3247 3887 nec
3275 3831 3325 3886 ei
3360 3833 3641 3897 concedit,
3674 3840 3736 3886 ut

2145 3926 2309 3981 estin
2341 3940 2570 3995 corpore
2601 3944 2615 3980 :
2651 3939 2883 3996 prorsus
2922 3933 2982 3978 ut
3011 3923 3307 3978 immobilis
3334 3922 3425 3978 ille
3453 3923 3545 3987 sit,
3568 3931 3734 3993 atque

2146 4027 2208 4072 ut
2233 4018 2308 4072 ita
2333 4019 2537 4082 dicam,
2573 4017 2873 4072 inanimus.
2905 4013 3230 4086 Cujusmodi
3261 4014 3407 4068 enim
3452 4014 3587 4069 illud
3613 4025 3730 4081 est,

2145 4117 2207 4168 ut
2235 4109 2528 4180 primarios
2556 4108 2723 4163 etiam
2767 4107 2825 4163 in
2859 4107 3072 4176 agendo
3101 4114 3284 4160 motus
3317 4105 3504 4160 animo
3529 4105 3613 4160 vel
3635 4121 3734 4160 au-

2143 4330 2344 4399 λέγειν,
2376 4327 2937 4400 ἰιιιιιιίι,ίόργίξεσθαι
2963 4327 3060 4400 τὴν
3098 4327 3294 4400 ψυχὴν,
3330 4329 3516 4400 ὅμοιον
3543 4327 3657 4383 κᾶν·
3689 4333 3735 4383 εὶ

2142 4397 2228 4464 τις
2259 4401 2426 4468 λέγοι,
2451 4397 2550 4470 τὴν
2581 4397 2758 4470 ψυχὴν
2790 4397 3056 4470 ὑφαίνειν,
3093 4399 3121 4470 ἢ
3150 4397 3482 4470 οἰκοδομεῖν.
3516 4400 3736 4470 Βέλτιον

2142 4473 2252 4542 γὰρ
2285 4471 2435 4533 ἴσως,
2454 4468 2556 4542 μὴ
2584 4468 2760 4542 λέγειν
2785 4468 3309 4542 1-i'1vtlfuxhv'éleeiv,
3417 4469 3730 4542 μανθάνειν,

2143 4489 2252 4593 γαὲ
2286 4489 2435 4533 ισως,
2481 4489 2556 4540 μη
2586 4489 2760 4538 Αεγειν
2789 4489 2888 4539 την
2915 4489 3092 4540 ψυχην
3118 4489 3309 4534 ελεειν,
3344 4489 3377 4542 η
3417 4489 3730 4541 μανυανειν,

2143 4541 2176 4614 ἢ
2232 4539 2557 4614 νιανοεῖσθαι,
2590 4539 2727 4594 ἀλλά
2750 4540 2839 4592 τὸν
2865 4539 3244 4614 ᾷνθρωποντῇ
3269 4541 3436 4613 ψυχῇ.
3474 4541 3606 4608 Quae
3635 4543 3734 4596 do-

2144 4610 2318 4668 ctrina
2350 4621 2616 4682 veraiest,
2653 4626 2772 4673 nec,
2803 4610 3020 4682 opinor,
3060 4627 3089 4665 a
3111 4610 3488 4682 Platone'i'pso
3510 4621 3730 4682 negata,

2143 4681 2607 4752 quemadmodum
2642 4681 2780 4736 alias
2811 4681 2952 4736 idem
2983 4681 3303 4739 Aristoteles
3327 4681 3454 4738 vere
3483 4681 3730 4738 animum

2143 4769 2240 4809 seu
2283 4761 2520 4808 mentem
2569 4753 2870 4821 intelligere
2905 4753 3257 4821 pronuntiat,
3305 4762 3366 4808 ut
3401 4755 3497 4808 lib.
3557 4769 3615 4806 ιιι
3654 4753 3732 4808 De

2141 4825 2322 4876 anima
2342 4863 2356 4885 ,
2389 4837 2510 4889 cap.
2544 4822 2697 4894 5,_'O
2725 4823 2834 4894 ἄρα
2866 4823 3198 4893 καλούμενος
3230 4825 3330 4894 τῆς
3361 4824 3541 4894 ψυχῆς
3569 4822 3728 4894 νοῦς·

2141 4842 2356 4885 amma,
2389 4842 2510 4889 cap.
2544 4842 2598 4885 ο,
2655 4842 2697 4875 υ
2725 4842 2834 4894 αρα
2866 4842 3198 4893 καλουμενος
3230 4842 3330 4894 της
3379 4842 3541 4894 τυχης
3569 4842 3726 4887 νους·

2141 4894 2284 4963 λέγω
2313 4895 2371 4949 δὲ
2403 4893 2551 4956 νοῦν,
2587 4888 2633 4964 ᾧ
2660 4894 2950 4964 διανοεῖται
2983 4896 3076 4946 καὶ
3109 4842 3481 4964 ὑπολαμδῖνει
3503 4897 3536 4964 ἡ
3558 4893 3726 4964 ψυχή.

2214 4912 2284 4963 γω
2313 4897 2371 4949 δὲ
2403 4897 2551 4956 νοῦν,
2587 4897 2633 4964 ᾧ
2660 4897 2950 4948 διανοεῖται
2983 4897 3076 4946 καὶ
3109 4897 3481 4976 ὑπολαμϐάνει
3503 4897 3726 5019 Ἆψυχδή.

2214 4965 2333 5035 (17)
2373 4967 2746 5035 Δικαιαρχος.
2799 4963 3093 5034 Πορρετιιεν
3126 4965 3468 5020 Aristotelem
3557 4981 3602 5020 lC
3685 4984 3731 5018 ι-

2141 5036 2443 5108 καίαρχον,
2485 5037 2720 5108 justitia:
2752 5037 3075 5108 principem,
3111 5035 3216 5089 dici
3269 5036 3568 5108 arbitratus
3603 5045 3726 5108 est.

2143 5104 2496 5162 Dicaearchus
2526 5107 2630 5162 iste
2662 5104 3022 5176 phil050phus
3048 5117 3166 5160 erat
3190 5121 3253 5160 ex
3287 5104 3536 5176 Messana
3583 5106 3730 5159 Sici-

2141 5177 2229 5249 lite
2256 5179 2410 5240 urbe,
2441 5175 2848 5249 Ἀριστοτέλους
2868 5177 3260 5249 άκουστήςέιι
3289 5177 3480 5249 scribit
3503 5175 3722 5249 Suidas.

2141 5247 2219 5302 De
2252 5249 2357 5303 hoc
2385 5245 2555 5302 multa
2580 5247 2784 5316 passim
2807 5246 3038 5308 Tullius,
3060 5257 3120 5300 ut
3151 5245 3365 5301 Tuscul.
3401 5263 3440 5312 ι,
3460 5248 3679 5303 sect.2l
3708 5267 3722 5302 :

2139 5317 2484 5372 Dicazarchus
2517 5329 2714 5380 autem,
2750 5317 2948 5383 inquit,
2976 5317 3032 5370 in
3059 5333 3118 5370 eo
3148 5334 3405 5380 sermone,
3433 5333 3586 5386 quem
3623 5318 3728 5372 Co—

2141 5389 2308 5443 rinthi
2336 5389 2576 5442 habitum
2600 5389 2767 5442 tribus
2791 5388 2945 5440 libris
2974 5389 3210 5456 exponit,
3234 5389 3406 5456 primo
3433 5388 3570 5442 libro
3595 5389 3728 5452 mul-

2143 5469 2224 5530 tos
2257 5459 2522 5530 loquentes
2558 5460 2686 5528 facit
2731 5474 2750 5512 :
2795 5458 2999 5513 duobus
3032 5457 3403 5514 Pherecratem
3445 5459 3726 5529 quemdam

2141 5529 2412 5585 Pthiotum
2441 5547 2635 5596 senem,
2680 5547 2828 5601 quem
2865 5532 2941 5584 ait
2968 5530 3290 5589 Deucalione
3327 5543 3525 5596 ortum,
3557 5533 3727 5586 diese-

2143 5611 2342 5657 reutem
2385 5602 2626 5664 inducit;
2679 5600 2811 5654 nihil
2851 5617 2961 5655 esse
2994 5604 3206 5656 omnino
3239 5605 3474 5658 animum
3497 5645 3509 5664 ,
3541 5615 3589 5658 et
3627 5607 3723 5656 hoc

2140 5689 2251 5728 esse
2287 5681 2453 5726 totum
2483 5674 2875 5744 nomcniinane,
2906 5672 3208 5744 frustraque
3240 5675 3503 5728 animalia
3528 5689 3574 5729 et
3606 5674 3723 5727 ani-

2139 5754 2344 5798 mantes
2375 5742 2653 5812 appellari.
2682 5743 2747 5796 Et
2775 5752 2908 5797 sent.
2943 5742 3010 5794 77
3042 5760 3054 5795 ε
3093 5742 3360 5800 Ᾰεειϊίηιε
3395 5756 3605 5809 autem,
3641 5745 3726 5798 in—

2140 5815 2296 5884 quit,
2346 5815 2552 5868 delicia:
2583 5829 2711 5868 mea:
2754 5812 3094 5884 Dirmarchus
3122 5826 3308 5868 contra
3333 5816 3468 5868 lianc
3501 5816 3722 5868 immor—

2145 5883 2406 5940 talitatem
2435 5886 2701 5941 disseruit.
2759 5883 2815 5939 Is
2849 5887 2987 5940 enim
3019 5897 3122 5942 tres
3157 5886 3317 5941 libros
3357 5887 3598 5955 scripsit,
3635 5883 3725 5954 qui
