  <div class='ocr_page' id='page_1' title='image "/cluster/home/n/w/nwhite01/storage/ocr_20150623/21:no.3/coo.31924054873017/681.png"; bbox 0 0 4144 6410; ppageno 0'>
   <div class='ocr_carea' id='block_1_1' title="bbox 488 393 697 461">
    <p class='ocr_par' dir='ltr' id='par_1_1' title="bbox 488 393 697 461">
     <span class='ocr_line' id='line_1_1' title="bbox 488 393 697 461; baseline 0.005 -14"><span class='ocrx_word' id='word_1_1' title='bbox 488 393 625 448; x_wconf 76' lang='grc'>1551</span> <span class='ocrx_word' id='word_1_2' title='bbox 696 458 697 461; x_wconf 23' lang='grc' dir='ltr'><strong>η</strong></span> 
     </span>
    </p>
   </div>
   <div class='ocr_carea' id='block_1_2' title="bbox 481 603 2051 674">
    <p class='ocr_par' dir='ltr' id='par_1_2' title="bbox 481 603 2051 674">
     <span class='ocr_line' id='line_1_2' title="bbox 481 603 2051 674; baseline 0.006 -18"><span class='ocrx_word' id='word_1_3' title='bbox 481 603 709 669; x_wconf 91' lang='lat' dir='ltr'><strong>tionem,</strong></span> <span class='ocrx_word' id='word_1_4' title='bbox 744 604 1136 674; x_wconf 86' lang='lat' dir='ltr'><strong>opinationem,</strong></span> <span class='ocrx_word' id='word_1_5' title='bbox 1174 607 1631 672; x_wconf 79' lang='lat' dir='ltr'><strong>recordationem,</strong></span> <span class='ocrx_word' id='word_1_6' title='bbox 1677 610 2051 665; x_wconf 47' lang='lat' dir='ltr'><strong>ratiocinatio!</strong></span> 
     </span>
    </p>
   </div>
   <div class='ocr_carea' id='block_1_3' title="bbox 478 693 2053 767">
    <p class='ocr_par' dir='ltr' id='par_1_3' title="bbox 478 693 2053 767">
     <span class='ocr_line' id='line_1_3' title="bbox 478 693 2053 767; baseline 0.005 -21"><span class='ocrx_word' id='word_1_7' title='bbox 478 707 603 747; x_wconf 83' lang='lat' dir='ltr'><strong>nem</strong></span> <span class='ocrx_word' id='word_1_8' title='bbox 629 693 643 746; x_wconf 85' lang='lat' dir='ltr'><strong>l</strong></span> <span class='ocrx_word' id='word_1_9' title='bbox 674 693 841 764; x_wconf 71' lang='lat'><strong>810</strong></span> <span class='ocrx_word' id='word_1_10' title='bbox 870 695 1050 749; x_wconf 81' lang='lat' dir='ltr'><strong>Animi</strong></span> <span class='ocrx_word' id='word_1_11' title='bbox 1081 697 1281 767; x_wconf 86' lang='lat' dir='ltr'><strong>quippe</strong></span> <span class='ocrx_word' id='word_1_12' title='bbox 1314 708 1498 753; x_wconf 85' lang='lat' dir='ltr'><strong>motus</strong></span> <span class='ocrx_word' id='word_1_13' title='bbox 1537 698 1626 754; x_wconf 91' lang='lat' dir='ltr'><strong>isti</strong></span> <span class='ocrx_word' id='word_1_14' title='bbox 1653 715 1762 754; x_wconf 90' lang='lat' dir='ltr'><strong>non</strong></span> <span class='ocrx_word' id='word_1_15' title='bbox 1790 708 1938 767; x_wconf 89' lang='lat' dir='ltr'><strong>sunt,</strong></span> <span class='ocrx_word' id='word_1_16' title='bbox 1972 701 2053 754; x_wconf 87' lang='lat' dir='ltr'><strong>in-</strong></span> 
     </span>
    </p>
   </div>
   <div class='ocr_carea' id='block_1_4' title="bbox 477 782 2048 859">
    <p class='ocr_par' dir='ltr' id='par_1_4' title="bbox 477 782 2048 859">
     <span class='ocr_line' id='line_1_4' title="bbox 477 782 2048 859; baseline 0.007 -25"><span class='ocrx_word' id='word_1_17' title='bbox 477 782 598 851; x_wconf 92' lang='lat' dir='ltr'><strong>quit</strong></span> <span class='ocrx_word' id='word_1_18' title='bbox 633 793 819 838; x_wconf 89' lang='lat' dir='ltr'><strong>noster</strong></span> <span class='ocrx_word' id='word_1_19' title='bbox 871 784 963 838; x_wconf 92' lang='lat' dir='ltr'><strong>hic</strong></span> <span class='ocrx_word' id='word_1_20' title='bbox 1007 793 1218 840; x_wconf 63' lang='lat' dir='ltr'><strong>naturae</strong></span> <span class='ocrx_word' id='word_1_21' title='bbox 1266 788 1470 842; x_wconf 87' lang='lat' dir='ltr'><strong>scriba.</strong></span> <span class='ocrx_word' id='word_1_22' title='bbox 1511 786 1718 859; x_wconf 83' lang='lat' dir='ltr'><strong>Dignus</strong></span> <span class='ocrx_word' id='word_1_23' title='bbox 1757 789 2048 851; x_wconf 88' lang='lat' dir='ltr'><strong>videlicet,</strong></span> 
     </span>
    </p>
   </div>
   <div class='ocr_carea' id='block_1_5' title="bbox 475 874 2046 950">
    <p class='ocr_par' dir='ltr' id='par_1_5' title="bbox 475 874 2046 950">
     <span class='ocr_line' id='line_1_5' title="bbox 475 874 2046 950; baseline 0.008 -25"><span class='ocrx_word' id='word_1_24' title='bbox 475 886 637 939; x_wconf 86' lang='lat' dir='ltr'><strong>quem</strong></span> <span class='ocrx_word' id='word_1_25' title='bbox 669 874 909 929; x_wconf 81' lang='lat' dir='ltr'><strong>externis</strong></span> <span class='ocrx_word' id='word_1_26' title='bbox 958 874 1025 930; x_wconf 91' lang='lat' dir='ltr'><strong>de</strong></span> <span class='ocrx_word' id='word_1_27' title='bbox 1063 877 1227 932; x_wconf 89' lang='lat' dir='ltr'><strong>rebus</strong></span> <span class='ocrx_word' id='word_1_28' title='bbox 1270 877 1476 947; x_wconf 84' lang='lat' dir='ltr'><strong>aliquid</strong></span> <span class='ocrx_word' id='word_1_29' title='bbox 1522 880 1830 950; x_wconf 86' lang='lat' dir='ltr'><strong>percepisse</strong></span> <span class='ocrx_word' id='word_1_30' title='bbox 1861 882 2046 937; x_wconf 86' lang='lat' dir='ltr'><strong>creda-</strong></span> 
     </span>
    </p>
   </div>
   <div class='ocr_carea' id='block_1_6' title="bbox 473 965 2051 1039">
    <p class='ocr_par' dir='ltr' id='par_1_6' title="bbox 473 965 2051 1039">
     <span class='ocr_line' id='line_1_6' title="bbox 473 965 2051 1039; baseline 0.007 -22"><span class='ocrx_word' id='word_1_31' title='bbox 473 978 615 1027; x_wconf 85' lang='lat' dir='ltr'><strong>mus,</strong></span> <span class='ocrx_word' id='word_1_32' title='bbox 648 965 742 1034; x_wconf 88' lang='lat' dir='ltr'><strong>qui</strong></span> <span class='ocrx_word' id='word_1_33' title='bbox 774 974 983 1020; x_wconf 90' lang='lat' dir='ltr'><strong>tantum</strong></span> <span class='ocrx_word' id='word_1_34' title='bbox 1015 965 1084 1021; x_wconf 92' lang='lat' dir='ltr'><strong>ab</strong></span> <span class='ocrx_word' id='word_1_35' title='bbox 1112 968 1298 1023; x_wconf 88' lang='lat' dir='ltr'><strong>animo</strong></span> <span class='ocrx_word' id='word_1_36' title='bbox 1315 969 1430 1039; x_wconf 92' lang='lat' dir='ltr'><strong>ipse</strong></span> <span class='ocrx_word' id='word_1_37' title='bbox 1455 985 1556 1025; x_wconf 91' lang='lat' dir='ltr'><strong>suo</strong></span> <span class='ocrx_word' id='word_1_38' title='bbox 1580 971 1873 1037; x_wconf 88' lang='lat' dir='ltr'><strong>aberravit,</strong></span> <span class='ocrx_word' id='word_1_39' title='bbox 1899 982 1959 1027; x_wconf 93' lang='lat' dir='ltr'><strong>ut</strong></span> <span class='ocrx_word' id='word_1_40' title='bbox 1982 989 2051 1028; x_wconf 92' lang='lat' dir='ltr'><strong>ne</strong></span> 
     </span>
    </p>
   </div>
   <div class='ocr_carea' id='block_1_7' title="bbox 469 1053 2047 1134">
    <p class='ocr_par' dir='ltr' id='par_1_7' title="bbox 469 1053 2047 1134">
     <span class='ocr_line' id='line_1_7' title="bbox 469 1053 2047 1134; baseline 0.01 -30"><span class='ocrx_word' id='word_1_41' title='bbox 469 1053 751 1123; x_wconf 89' lang='lat' dir='ltr'><strong>pr0priam</strong></span> <span class='ocrx_word' id='word_1_42' title='bbox 794 1055 1015 1125; x_wconf 84' lang='lat' dir='ltr'><strong>quidem</strong></span> <span class='ocrx_word' id='word_1_43' title='bbox 1059 1056 1179 1126; x_wconf 88' lang='lat' dir='ltr'><strong>ejus</strong></span> <span class='ocrx_word' id='word_1_44' title='bbox 1226 1073 1350 1115; x_wconf 89' lang='lat' dir='ltr'><strong>esse</strong></span> <span class='ocrx_word' id='word_1_45' title='bbox 1391 1061 1779 1130; x_wconf 75' lang='lat' dir='ltr'><strong>cogitationem</strong></span> <span class='ocrx_word' id='word_1_46' title='bbox 1828 1065 2047 1134; x_wconf 89' lang='lat' dir='ltr'><strong>assequi</strong></span> 
     </span>
    </p>
   </div>
   <div class='ocr_carea' id='block_1_8' title="bbox 467 1145 2047 1227">
    <p class='ocr_par' dir='ltr' id='par_1_8' title="bbox 467 1145 2047 1227">
     <span class='ocr_line' id='line_1_8' title="bbox 467 1145 2047 1227; baseline 0.007 -25"><span class='ocrx_word' id='word_1_47' title='bbox 467 1147 725 1218; x_wconf 85' lang='lat' dir='ltr'><strong>potuerit.</strong></span> <span class='ocrx_word' id='word_1_48' title='bbox 750 1145 863 1203; x_wconf 84' lang='lat' dir='ltr'><strong>Nec</strong></span> <span class='ocrx_word' id='word_1_49' title='bbox 893 1148 1037 1203; x_wconf 91' lang='lat' dir='ltr'><strong>enim</strong></span> <span class='ocrx_word' id='word_1_50' title='bbox 1060 1151 1300 1216; x_wconf 89' lang='lat' dir='ltr'><strong>animus,</strong></span> <span class='ocrx_word' id='word_1_51' title='bbox 1334 1152 1533 1223; x_wconf 89' lang='lat' dir='ltr'><strong>inquit,</strong></span> <span class='ocrx_word' id='word_1_52' title='bbox 1559 1154 1654 1210; x_wconf 89' lang='lat' dir='ltr'><strong>sed</strong></span> <span class='ocrx_word' id='word_1_53' title='bbox 1681 1157 1845 1211; x_wconf 87' lang='lat' dir='ltr'><strong>homo</strong></span> <span class='ocrx_word' id='word_1_54' title='bbox 1866 1159 2047 1227; x_wconf 87' lang='lat' dir='ltr'><strong>potius</strong></span> 
     </span>
    </p>
   </div>
   <div class='ocr_carea' id='block_1_9' title="bbox 466 1238 2043 1305">
    <p class='ocr_par' dir='ltr' id='par_1_9' title="bbox 466 1238 2043 1305">
     <span class='ocr_line' id='line_1_9' title="bbox 466 1238 2043 1305; baseline 0.008 -13"><span class='ocrx_word' id='word_1_55' title='bbox 466 1238 628 1294; x_wconf 83' lang='lat' dir='ltr'><strong>ellicit</strong></span> <span class='ocrx_word' id='word_1_56' title='bbox 665 1239 781 1293; x_wconf 67' lang='lat' dir='ltr'><strong>haec</strong></span> <span class='ocrx_word' id='word_1_57' title='bbox 803 1241 989 1295; x_wconf 87' lang='lat' dir='ltr'><strong>omnia</strong></span> <span class='ocrx_word' id='word_1_58' title='bbox 1027 1259 1041 1294; x_wconf 94' lang='lat'>:</span> <span class='ocrx_word' id='word_1_59' title='bbox 1085 1243 1302 1299; x_wconf 88' lang='lat' dir='ltr'><strong>animus</strong></span> <span class='ocrx_word' id='word_1_60' title='bbox 1331 1260 1462 1299; x_wconf 86' lang='lat' dir='ltr'><strong>vero</strong></span> <span class='ocrx_word' id='word_1_61' title='bbox 1495 1254 1681 1302; x_wconf 91' lang='lat' dir='ltr'><strong>manet</strong></span> <span class='ocrx_word' id='word_1_62' title='bbox 1725 1248 2043 1305; x_wconf 87' lang='lat' dir='ltr'><strong>immobilis.</strong></span> 
     </span>
    </p>
   </div>
   <div class='ocr_carea' id='block_1_10' title="bbox 466 1329 2045 1410">
    <p class='ocr_par' dir='ltr' id='par_1_10' title="bbox 466 1329 2045 1410">
     <span class='ocr_line' id='line_1_10' title="bbox 466 1329 2045 1410; baseline 0.01 -29"><span class='ocrx_word' id='word_1_63' title='bbox 466 1329 654 1400; x_wconf 83' lang='lat' dir='ltr'><strong>itaque</strong></span> <span class='ocrx_word' id='word_1_64' title='bbox 678 1330 825 1385; x_wconf 83' lang='lat' dir='ltr'><strong>hunc</strong></span> <span class='ocrx_word' id='word_1_65' title='bbox 850 1340 1074 1387; x_wconf 87' lang='lat' dir='ltr'><strong>secutus</strong></span> <span class='ocrx_word' id='word_1_66' title='bbox 1106 1342 1295 1403; x_wconf 85' lang='lat' dir='ltr'><strong>postea</strong></span> <span class='ocrx_word' id='word_1_67' title='bbox 1320 1332 1684 1401; x_wconf 71' lang='lat' dir='ltr'><strong>Dicaearchus,</strong></span> <span class='ocrx_word' id='word_1_68' title='bbox 1716 1339 1771 1393; x_wconf 92' lang='lat' dir='ltr'><strong>id</strong></span> <span class='ocrx_word' id='word_1_69' title='bbox 1805 1342 1950 1410; x_wconf 92' lang='lat' dir='ltr'><strong>quod</strong></span> <span class='ocrx_word' id='word_1_70' title='bbox 1977 1358 2045 1397; x_wconf 76' lang='lat' dir='ltr'><strong>ex</strong></span> 
     </span>
    </p>
   </div>
   <div class='ocr_carea' id='block_1_11' title="bbox 463 1420 2042 1498">
    <p class='ocr_par' dir='ltr' id='par_1_11' title="bbox 463 1420 2042 1498">
     <span class='ocr_line' id='line_1_11' title="bbox 463 1420 2042 1498; baseline 0.009 -26"><span class='ocrx_word' id='word_1_71' title='bbox 463 1442 478 1469; x_wconf 70' lang='grc' dir='ltr'><strong><em>ο</em></strong></span> <span class='ocrx_word' id='word_1_72' title='bbox 500 1437 530 1474; x_wconf 89' lang='lat' dir='ltr'><strong>a</strong></span> <span class='ocrx_word' id='word_1_73' title='bbox 578 1420 831 1475; x_wconf 80' lang='lat' dir='ltr'><strong>doctrina</strong></span> <span class='ocrx_word' id='word_1_74' title='bbox 877 1436 1218 1492; x_wconf 87' lang='lat' dir='ltr'><strong>consequens</strong></span> <span class='ocrx_word' id='word_1_75' title='bbox 1254 1433 1373 1479; x_wconf 90' lang='lat' dir='ltr'><strong>erat</strong></span> <span class='ocrx_word' id='word_1_76' title='bbox 1404 1428 1609 1496; x_wconf 91' lang='lat' dir='ltr'><strong>optime</strong></span> <span class='ocrx_word' id='word_1_77' title='bbox 1640 1444 1765 1484; x_wconf 92' lang='lat' dir='ltr'><strong>cum</strong></span> <span class='ocrx_word' id='word_1_78' title='bbox 1799 1431 2042 1498; x_wconf 91' lang='lat' dir='ltr'><strong>videret,</strong></span> 
     </span>
    </p>
   </div>
   <div class='ocr_carea' id='block_1_12' title="bbox 464 1513 2043 1578">
    <p class='ocr_par' dir='ltr' id='par_1_12' title="bbox 464 1513 2043 1578">
     <span class='ocr_line' id='line_1_12' title="bbox 464 1513 2043 1578; baseline 0.009 -13"><span class='ocrx_word' id='word_1_79' title='bbox 464 1523 635 1567; x_wconf 85' lang='lat' dir='ltr'><strong>totam</strong></span> <span class='ocrx_word' id='word_1_80' title='bbox 663 1513 833 1568; x_wconf 88' lang='lat' dir='ltr'><strong>animi</strong></span> <span class='ocrx_word' id='word_1_81' title='bbox 877 1525 1132 1570; x_wconf 82' lang='lat' dir='ltr'><strong>naturam</strong></span> <span class='ocrx_word' id='word_1_82' title='bbox 1171 1516 1422 1573; x_wconf 83' lang='lat' dir='ltr'><strong>funditus</strong></span> <span class='ocrx_word' id='word_1_83' title='bbox 1458 1522 1699 1576; x_wconf 86' lang='lat' dir='ltr'><strong>sustulit.</strong></span> <span class='ocrx_word' id='word_1_84' title='bbox 1742 1520 1878 1577; x_wconf 86' lang='lat' dir='ltr'><strong>Nam</strong></span> <span class='ocrx_word' id='word_1_85' title='bbox 1908 1539 2043 1578; x_wconf 90' lang='lat' dir='ltr'><strong>con-</strong></span> 
     </span>
    </p>
   </div>
   <div class='ocr_carea' id='block_1_13' title="bbox 460 1606 2043 1684">
    <p class='ocr_par' dir='ltr' id='par_1_13' title="bbox 460 1606 2043 1684">
     <span class='ocr_line' id='line_1_13' title="bbox 460 1606 2043 1684; baseline 0.008 -25"><span class='ocrx_word' id='word_1_86' title='bbox 460 1615 571 1660; x_wconf 91' lang='lat' dir='ltr'><strong>stat</strong></span> <span class='ocrx_word' id='word_1_87' title='bbox 593 1606 726 1661; x_wconf 79' lang='lat' dir='ltr'><strong>iilud</strong></span> <span class='ocrx_word' id='word_1_88' title='bbox 752 1607 994 1677; x_wconf 86' lang='lat' dir='ltr'><strong>quidem.</strong></span> <span class='ocrx_word' id='word_1_89' title='bbox 1019 1624 1141 1665; x_wconf 85' lang='lat' dir='ltr'><strong>esse</strong></span> <span class='ocrx_word' id='word_1_90' title='bbox 1180 1609 1386 1680; x_wconf 89' lang='lat' dir='ltr'><strong>aliquid</strong></span> <span class='ocrx_word' id='word_1_91' title='bbox 1418 1613 1687 1677; x_wconf 83' lang='lat' dir='ltr'><strong>animum,</strong></span> <span class='ocrx_word' id='word_1_92' title='bbox 1723 1616 1869 1684; x_wconf 88' lang='lat' dir='ltr'><strong>quod</strong></span> <span class='ocrx_word' id='word_1_93' title='bbox 1894 1615 2043 1671; x_wconf 86' lang='lat' dir='ltr'><strong>cerni</strong></span> 
     </span>
    </p>
   </div>
   <div class='ocr_carea' id='block_1_14' title="bbox 458 1702 2044 1779">
    <p class='ocr_par' dir='ltr' id='par_1_14' title="bbox 458 1702 2044 1779">
     <span class='ocr_line' id='line_1_14' title="bbox 458 1702 2044 1779; baseline 0.008 -26"><span class='ocrx_word' id='word_1_94' title='bbox 458 1714 557 1767; x_wconf 81' lang='lat' dir='ltr'><strong>per</strong></span> <span class='ocrx_word' id='word_1_95' title='bbox 586 1715 707 1755; x_wconf 84' lang='lat' dir='ltr'><strong>sese</strong></span> <span class='ocrx_word' id='word_1_96' title='bbox 726 1715 835 1755; x_wconf 91' lang='lat' dir='ltr'><strong>non</strong></span> <span class='ocrx_word' id='word_1_97' title='bbox 858 1702 1034 1770; x_wconf 86' lang='lat' dir='ltr'><strong>possit</strong></span> <span class='ocrx_word' id='word_1_98' title='bbox 1059 1720 1072 1757; x_wconf 91' lang='lat'><strong>:</strong></span> <span class='ocrx_word' id='word_1_99' title='bbox 1103 1718 1214 1773; x_wconf 93' lang='lat' dir='ltr'><strong>quo</strong></span> <span class='ocrx_word' id='word_1_100' title='bbox 1243 1704 1324 1771; x_wconf 87' lang='lat' dir='ltr'><strong>ﬁt,</strong></span> <span class='ocrx_word' id='word_1_101' title='bbox 1362 1715 1423 1760; x_wconf 90' lang='lat' dir='ltr'><strong>ut</strong></span> <span class='ocrx_word' id='word_1_102' title='bbox 1451 1707 1643 1763; x_wconf 84' lang='lat' dir='ltr'><strong>saltem</strong></span> <span class='ocrx_word' id='word_1_103' title='bbox 1678 1720 1902 1779; x_wconf 85' lang='lat' dir='ltr'><strong>propter</strong></span> <span class='ocrx_word' id='word_1_104' title='bbox 1921 1711 2044 1766; x_wconf 91' lang='lat' dir='ltr'><strong>nul-</strong></span> 
     </span>
    </p>
   </div>
   <div class='ocr_carea' id='block_1_15' title="bbox 457 1791 2042 1865">
    <p class='ocr_par' dir='ltr' id='par_1_15' title="bbox 457 1791 2042 1865">
     <span class='ocr_line' id='line_1_15' title="bbox 457 1791 2042 1865; baseline 0.01 -20"><span class='ocrx_word' id='word_1_105' title='bbox 457 1791 568 1846; x_wconf 86' lang='lat' dir='ltr'><strong>lam</strong></span> <span class='ocrx_word' id='word_1_106' title='bbox 593 1807 854 1849; x_wconf 90' lang='lat' dir='ltr'><strong>sensuum</strong></span> <span class='ocrx_word' id='word_1_107' title='bbox 895 1797 1295 1865; x_wconf 85' lang='lat' dir='ltr'><strong>operationem,</strong></span> <span class='ocrx_word' id='word_1_108' title='bbox 1331 1800 1580 1855; x_wconf 89' lang='lat' dir='ltr'><strong>animum</strong></span> <span class='ocrx_word' id='word_1_109' title='bbox 1612 1817 1735 1857; x_wconf 89' lang='lat' dir='ltr'><strong>esse</strong></span> <span class='ocrx_word' id='word_1_110' title='bbox 1790 1803 1922 1859; x_wconf 88' lang='lat' dir='ltr'><strong>dare</strong></span> <span class='ocrx_word' id='word_1_111' title='bbox 1947 1805 2042 1861; x_wconf 92' lang='lat' dir='ltr'><strong>de-</strong></span> 
     </span>
    </p>
   </div>
   <div class='ocr_carea' id='block_1_16' title="bbox 1134 386 2029 454">
    <p class='ocr_par' dir='ltr' id='par_1_16' title="bbox 1134 386 2029 454">
     <span class='ocr_line' id='line_1_16' title="bbox 1134 386 2029 454; baseline 0.002 -2"><span class='ocrx_word' id='word_1_112' title='bbox 1134 386 1406 452; x_wconf 73' lang='lat' dir='ltr'><strong>EUSEBII</strong></span> <span class='ocrx_word' id='word_1_113' title='bbox 1444 396 1924 454; x_wconf 63' lang='lat' dir='ltr'><strong>CESARIENSIS</strong></span> <span class='ocrx_word' id='word_1_114' title='bbox 1962 397 2029 454; x_wconf 82' lang='grc'><strong>01</strong></span> 
     </span>
    </p>
   </div>
   <div class='ocr_carea' id='block_1_17' title="bbox 2131 386 3096 454">
    <p class='ocr_par' dir='ltr' id='par_1_17' title="bbox 2158 387 3096 452">
     <span class='ocr_line' id='line_1_17' title="bbox 2158 387 3096 452; baseline -0.006 -1"><span class='ocrx_word' id='word_1_115' title='bbox 2158 397 2340 452; x_wconf 79' lang='lat' dir='ltr'><strong>PARS</strong></span> <span class='ocrx_word' id='word_1_116' title='bbox 2377 396 2439 451; x_wconf 91' lang='lat' dir='ltr'><strong>ll.</strong></span> <span class='ocrx_word' id='word_1_117' title='bbox 2492 387 2551 436; x_wconf 52' lang='lat'><strong>4-</strong></span> <span class='ocrx_word' id='word_1_118' title='bbox 2590 391 3096 449; x_wconf 80' lang='lat' dir='ltr'><strong>APOLOGETICA.</strong></span> 
     </span>
    </p>
   </div>
   <div class='ocr_carea' id='block_1_18' title="bbox 482 508 2029 585">
    <p class='ocr_par' dir='ltr' id='par_1_18' title="bbox 482 510 2026 585">
     <span class='ocr_line' id='line_1_18' title="bbox 482 510 2026 585; baseline 0.004 -20"><span class='ocrx_word' id='word_1_119' title='bbox 482 510 630 576; x_wconf 81' lang='lat' dir='ltr'><strong>deat,</strong></span> <span class='ocrx_word' id='word_1_120' title='bbox 657 511 741 566; x_wconf 84' lang='lat' dir='ltr'><strong>vel</strong></span> <span class='ocrx_word' id='word_1_121' title='bbox 766 518 993 582; x_wconf 79' lang='lat' dir='ltr'><strong>cogatur</strong></span> <span class='ocrx_word' id='word_1_122' title='bbox 1032 512 1294 580; x_wconf 89' lang='lat' dir='ltr'><strong>adimere,</strong></span> <span class='ocrx_word' id='word_1_123' title='bbox 1335 513 1811 581; x_wconf 75' lang='lat' dir='ltr'><strong>deliberationem,</strong></span> <span class='ocrx_word' id='word_1_124' title='bbox 1847 516 2026 585; x_wconf 75' lang='lat' dir='ltr'><strong>cogita</strong></span> 
     </span>
    </p>
   </div>
   <div class='ocr_carea' id='block_1_19' title="bbox 2131 508 3840 585">
    <p class='ocr_par' dir='ltr' id='par_1_19' title="bbox 2158 508 3840 583">
     <span class='ocr_line' id='line_1_19' title="bbox 2158 508 3840 583; baseline -0.008 -17"><span class='ocrx_word' id='word_1_125' title='bbox 2158 510 2448 566; x_wconf 75' lang='grc' dir='ltr'>ἀκόλουθον</span> <span class='ocrx_word' id='word_1_126' title='bbox 2477 510 2658 573; x_wconf 77' lang='grc' dir='ltr'>ἱκανὸς</span> <span class='ocrx_word' id='word_1_127' title='bbox 2681 509 2756 562; x_wconf 84' lang='grc' dir='ltr'>ὢν</span> <span class='ocrx_word' id='word_1_128' title='bbox 2774 508 3017 579; x_wconf 82' lang='grc' dir='ltr'>θεωρεῖν,</span> <span class='ocrx_word' id='word_1_129' title='bbox 3045 508 3287 581; x_wconf 77' lang='grc' dir='ltr'><strong>ἀνῄρηκε</strong></span> <span class='ocrx_word' id='word_1_130' title='bbox 3318 508 3417 581; x_wconf 74' lang='grc' dir='ltr'>τὴν</span> <span class='ocrx_word' id='word_1_131' title='bbox 3451 509 3580 583; x_wconf 69' lang='grc' dir='ltr'>ὕλην</span> <span class='ocrx_word' id='word_1_132' title='bbox 3608 513 3739 567; x_wconf 75' lang='grc' dir='ltr'><strong>ὑπό-</strong></span> <span class='ocrx_word' id='word_1_133' title='bbox 3770 521 3783 533; x_wconf 75' lang='grc'><em>’</em></span> <span class='ocrx_word' id='word_1_134' title='bbox 3836 550 3840 553; x_wconf 75' lang='grc'><em>.</em></span> 
     </span>
    </p>
   </div>
   <div class='ocr_carea' id='block_1_20' title="bbox 3597 393 3737 450">
    <p class='ocr_par' dir='ltr' id='par_1_20' title="bbox 3597 393 3737 450">
     <span class='ocr_line' id='line_1_20' title="bbox 3597 393 3737 450; baseline 0.014 -4"><span class='ocrx_word' id='word_1_135' title='bbox 3597 393 3737 450; x_wconf 66' lang='grc'><strong>1352</strong></span> 
     </span>
    </p>
   </div>
   <div class='ocr_carea' id='block_1_21' title="bbox 2159 600 3741 674">
    <p class='ocr_par' dir='ltr' id='par_1_21' title="bbox 2159 600 3741 674">
     <span class='ocr_line' id='line_1_21' title="bbox 2159 600 3741 674; baseline 0.002 -18"><span class='ocrx_word' id='word_1_136' title='bbox 2159 621 2346 656; x_wconf 86' lang='grc' dir='ltr'>στασιν</span> <span class='ocrx_word' id='word_1_137' title='bbox 2375 602 2473 674; x_wconf 83' lang='grc' dir='ltr'><strong>τῆς</strong></span> <span class='ocrx_word' id='word_1_138' title='bbox 2494 602 2691 671; x_wconf 75' lang='grc' dir='ltr'>ψυχῆς.</span> <span class='ocrx_word' id='word_1_139' title='bbox 2715 603 2838 653; x_wconf 88' lang='grc' dir='ltr'><strong>Ὅτι</strong></span> <span class='ocrx_word' id='word_1_140' title='bbox 2873 600 2970 671; x_wconf 84' lang='grc' dir='ltr'>μὲν</span> <span class='ocrx_word' id='word_1_141' title='bbox 3000 600 3107 671; x_wconf 60' lang='grc' dir='ltr'><strong>γὰρ</strong></span> <span class='ocrx_word' id='word_1_142' title='bbox 3136 600 3366 672; x_wconf 85' lang='grc' dir='ltr'>ἀόρατόν</span> <span class='ocrx_word' id='word_1_143' title='bbox 3388 618 3440 654; x_wconf 88' lang='grc' dir='ltr'><strong>τι</strong></span> <span class='ocrx_word' id='word_1_144' title='bbox 3478 603 3572 656; x_wconf 81' lang='grc' dir='ltr'>καὶ</span> <span class='ocrx_word' id='word_1_145' title='bbox 3596 605 3741 673; x_wconf 80' lang='grc' dir='ltr'>ἀφα-</span> 
     </span>
    </p>
   </div>
   <div class='ocr_carea' id='block_1_22' title="bbox 2154 691 3737 768">
    <p class='ocr_par' dir='ltr' id='par_1_22' title="bbox 2154 691 3737 768">
     <span class='ocr_line' id='line_1_22' title="bbox 2154 691 3737 768; baseline 0.004 -24"><span class='ocrx_word' id='word_1_146' title='bbox 2154 692 2244 757; x_wconf 77' lang='grc' dir='ltr'>νές</span> <span class='ocrx_word' id='word_1_147' title='bbox 2273 695 2420 746; x_wconf 78' lang='grc' dir='ltr'>ἐστιν</span> <span class='ocrx_word' id='word_1_148' title='bbox 2447 695 2480 764; x_wconf 87' lang='grc' dir='ltr'><strong>ἡ</strong></span> <span class='ocrx_word' id='word_1_149' title='bbox 2529 693 2674 763; x_wconf 73' lang='grc' dir='ltr'>ψυχὴ</span> <span class='ocrx_word' id='word_1_150' title='bbox 2699 732 2714 755; x_wconf 84' lang='grc'>,</span> <span class='ocrx_word' id='word_1_151' title='bbox 2742 691 2899 761; x_wconf 84' lang='grc' dir='ltr'>δῆλον</span> <span class='ocrx_word' id='word_1_152' title='bbox 2923 708 2936 721; x_wconf 90' lang='grc'><strong>·</strong></span> <span class='ocrx_word' id='word_1_153' title='bbox 2988 691 3127 745; x_wconf 81' lang='grc' dir='ltr'>ὥστε</span> <span class='ocrx_word' id='word_1_154' title='bbox 3171 693 3271 745; x_wconf 81' lang='grc' dir='ltr'><strong>οὐκ</strong></span> <span class='ocrx_word' id='word_1_155' title='bbox 3314 692 3380 746; x_wconf 83' lang='grc' dir='ltr'>ἂν</span> <span class='ocrx_word' id='word_1_156' title='bbox 3411 692 3501 746; x_wconf 88' lang='grc' dir='ltr'>διά</span> <span class='ocrx_word' id='word_1_157' title='bbox 3547 712 3610 764; x_wconf 86' lang='grc' dir='ltr'><strong>γε</strong></span> <span class='ocrx_word' id='word_1_158' title='bbox 3638 695 3737 768; x_wconf 76' lang='grc' dir='ltr'>τὴν</span> 
     </span>
    </p>
   </div>
   <div class='ocr_carea' id='block_1_23' title="bbox 2153 779 3733 858">
    <p class='ocr_par' dir='ltr' id='par_1_23' title="bbox 2153 779 3733 858">
     <span class='ocr_line' id='line_1_23' title="bbox 2153 779 3733 858; baseline 0.003 -22"><span class='ocrx_word' id='word_1_159' title='bbox 2153 784 2262 837; x_wconf 81' lang='grc' dir='ltr'>ἀπὸ</span> <span class='ocrx_word' id='word_1_160' title='bbox 2294 784 2402 839; x_wconf 84' lang='grc' dir='ltr'><strong>τῶν</strong></span> <span class='ocrx_word' id='word_1_161' title='bbox 2435 784 2741 852; x_wconf 76' lang='grc' dir='ltr'>αἰσθήσεων</span> <span class='ocrx_word' id='word_1_162' title='bbox 2774 782 3052 852; x_wconf 74' lang='grc' dir='ltr'><strong>ἐνέργειαν</strong></span> <span class='ocrx_word' id='word_1_163' title='bbox 3078 783 3298 853; x_wconf 81' lang='grc' dir='ltr'><strong>δοίημεν</strong></span> <span class='ocrx_word' id='word_1_164' title='bbox 3344 779 3483 837; x_wconf 77' lang='grc' dir='ltr'>εῖναι</span> <span class='ocrx_word' id='word_1_165' title='bbox 3522 785 3733 858; x_wconf 72' lang='grc' dir='ltr'>ψυχήν·</span> 
     </span>
    </p>
   </div>
   <div class='ocr_carea' id='block_1_24' title="bbox 2152 872 3735 947">
    <p class='ocr_par' dir='ltr' id='par_1_24' title="bbox 2152 872 3735 947">
     <span class='ocr_line' id='line_1_24' title="bbox 2152 872 3735 947; baseline 0.004 -21"><span class='ocrx_word' id='word_1_166' title='bbox 2152 875 2208 926; x_wconf 80' lang='grc' dir='ltr'>αἱ</span> <span class='ocrx_word' id='word_1_167' title='bbox 2257 873 2314 926; x_wconf 82' lang='grc' dir='ltr'><strong>δὲ</strong></span> <span class='ocrx_word' id='word_1_168' title='bbox 2361 876 2609 945; x_wconf 81' lang='grc' dir='ltr'><strong>κινήσεις</strong></span> <span class='ocrx_word' id='word_1_169' title='bbox 2637 873 2810 942; x_wconf 78' lang='grc' dir='ltr'>αὐτῆς</span> <span class='ocrx_word' id='word_1_170' title='bbox 2848 872 3085 942; x_wconf 74' lang='grc' dir='ltr'>ἀφανοῦς</span> <span class='ocrx_word' id='word_1_171' title='bbox 3140 873 3346 945; x_wconf 75' lang='grc' dir='ltr'>οὔσης,</span> <span class='ocrx_word' id='word_1_172' title='bbox 3405 877 3735 947; x_wconf 78' lang='grc' dir='ltr'>ἀναγκάζειν</span> 
     </span>
    </p>
   </div>
   <div class='ocr_carea' id='block_1_25' title="bbox 2150 962 3736 1038">
    <p class='ocr_par' dir='ltr' id='par_1_25' title="bbox 2150 962 3736 1038">
     <span class='ocr_line' id='line_1_25' title="bbox 2150 962 3736 1038; baseline 0.004 -20"><span class='ocrx_word' id='word_1_173' title='bbox 2150 967 2297 1036; x_wconf 77' lang='grc' dir='ltr'>ἡμᾶς</span> <span class='ocrx_word' id='word_1_174' title='bbox 2328 966 2574 1019; x_wconf 87' lang='grc' dir='ltr'>δοκοῦσιν</span> <span class='ocrx_word' id='word_1_175' title='bbox 2606 962 2744 1019; x_wconf 79' lang='grc' dir='ltr'>εἷναί</span> <span class='ocrx_word' id='word_1_176' title='bbox 2779 983 2832 1018; x_wconf 87' lang='grc' dir='ltr'><strong>τι</strong></span> <span class='ocrx_word' id='word_1_177' title='bbox 2864 968 2962 1037; x_wconf 83' lang='grc' dir='ltr'>τὴν</span> <span class='ocrx_word' id='word_1_178' title='bbox 2993 966 3174 1038; x_wconf 72' lang='grc' dir='ltr'>ψυχὴν</span> <span class='ocrx_word' id='word_1_179' title='bbox 3218 967 3518 1037; x_wconf 79' lang='grc' dir='ltr'><strong>ὁμολογεῖν.</strong></span> <span class='ocrx_word' id='word_1_180' title='bbox 3550 969 3736 1025; x_wconf 83' lang='grc' dir='ltr'>Ταῦτα</span> 
     </span>
    </p>
   </div>
   <div class='ocr_carea' id='block_1_26' title="bbox 2148 1059 3735 1135">
    <p class='ocr_par' dir='ltr' id='par_1_26' title="bbox 2148 1059 3735 1135">
     <span class='ocr_line' id='line_1_26' title="bbox 2148 1059 3735 1135; baseline 0.004 -24"><span class='ocrx_word' id='word_1_181' title='bbox 2148 1059 2258 1131; x_wconf 82' lang='grc' dir='ltr'>γὰρ</span> <span class='ocrx_word' id='word_1_182' title='bbox 2283 1059 2427 1124; x_wconf 78' lang='grc' dir='ltr'>ἄπας</span> <span class='ocrx_word' id='word_1_183' title='bbox 2454 1077 2539 1123; x_wconf 87' lang='grc' dir='ltr'><strong>τις</strong></span> <span class='ocrx_word' id='word_1_184' title='bbox 2564 1059 2802 1113; x_wconf 81' lang='grc' dir='ltr'><strong>συνιέναι</strong></span> <span class='ocrx_word' id='word_1_185' title='bbox 2828 1059 2976 1113; x_wconf 86' lang='grc' dir='ltr'>δοκεῖ</span> <span class='ocrx_word' id='word_1_186' title='bbox 3010 1061 3109 1131; x_wconf 82' lang='grc' dir='ltr'><strong>τῆς</strong></span> <span class='ocrx_word' id='word_1_187' title='bbox 3143 1060 3325 1132; x_wconf 76' lang='grc' dir='ltr'>ψυχῆς</span> <span class='ocrx_word' id='word_1_188' title='bbox 3351 1063 3499 1128; x_wconf 76' lang='grc' dir='ltr'>ὄντα,</span> <span class='ocrx_word' id='word_1_189' title='bbox 3532 1064 3593 1117; x_wconf 83' lang='grc' dir='ltr'><strong>τὸ</strong></span> <span class='ocrx_word' id='word_1_190' title='bbox 3619 1065 3735 1135; x_wconf 83' lang='grc' dir='ltr'>βου-</span> 
     </span>
    </p>
   </div>
   <div class='ocr_carea' id='block_1_27' title="bbox 2147 1151 3735 1227">
    <p class='ocr_par' dir='ltr' id='par_1_27' title="bbox 2147 1151 3735 1227">
     <span class='ocr_line' id='line_1_27' title="bbox 2147 1151 3735 1227; baseline 0.005 -24"><span class='ocrx_word' id='word_1_191' title='bbox 2147 1151 2419 1218; x_wconf 88' lang='grc' dir='ltr'>λεύεσθαι,</span> <span class='ocrx_word' id='word_1_192' title='bbox 2442 1152 2538 1205; x_wconf 72' lang='grc' dir='ltr'><strong>καὶ</strong></span> <span class='ocrx_word' id='word_1_193' title='bbox 2571 1152 2911 1213; x_wconf 83' lang='grc' dir='ltr'>σκοπεῖσθαι,</span> <span class='ocrx_word' id='word_1_194' title='bbox 2940 1153 3033 1205; x_wconf 75' lang='grc' dir='ltr'>καὶ</span> <span class='ocrx_word' id='word_1_195' title='bbox 3065 1151 3186 1205; x_wconf 84' lang='grc' dir='ltr'>καθ’</span> <span class='ocrx_word' id='word_1_196' title='bbox 3218 1152 3278 1206; x_wconf 84' lang='grc' dir='ltr'>ὃν</span> <span class='ocrx_word' id='word_1_197' title='bbox 3308 1153 3505 1226; x_wconf 83' lang='grc' dir='ltr'>δήποτε</span> <span class='ocrx_word' id='word_1_198' title='bbox 3534 1157 3735 1227; x_wconf 84' lang='grc' dir='ltr'>τρόπον</span> 
     </span>
    </p>
   </div>
   <div class='ocr_carea' id='block_1_28' title="bbox 2146 1241 3733 1315">
    <p class='ocr_par' dir='ltr' id='par_1_28' title="bbox 2146 1241 3733 1315">
     <span class='ocr_line' id='line_1_28' title="bbox 2146 1241 3733 1315; baseline 0.003 -21"><span class='ocrx_word' id='word_1_199' title='bbox 2146 1241 2492 1297; x_wconf 88' lang='grc' dir='ltr'>διανοεῖσθαι.</span> <span class='ocrx_word' id='word_1_200' title='bbox 2539 1243 2709 1297; x_wconf 79' lang='grc' dir='ltr'>Ὅταν</span> <span class='ocrx_word' id='word_1_201' title='bbox 2755 1242 2861 1315; x_wconf 81' lang='grc' dir='ltr'>γὰρ</span> <span class='ocrx_word' id='word_1_202' title='bbox 2905 1243 3102 1314; x_wconf 78' lang='grc' dir='ltr'>ἴδωμεν</span> <span class='ocrx_word' id='word_1_203' title='bbox 3138 1243 3200 1297; x_wconf 87' lang='grc' dir='ltr'>τὺ</span> <span class='ocrx_word' id='word_1_204' title='bbox 3240 1244 3398 1315; x_wconf 84' lang='grc' dir='ltr'>σῶμα</span> <span class='ocrx_word' id='word_1_205' title='bbox 3423 1284 3439 1309; x_wconf 85' lang='grc'><em>,</em></span> <span class='ocrx_word' id='word_1_206' title='bbox 3473 1245 3569 1298; x_wconf 74' lang='grc' dir='ltr'>καὶ</span> <span class='ocrx_word' id='word_1_207' title='bbox 3633 1245 3733 1311; x_wconf 78' lang='grc' dir='ltr'>τὰς</span> 
     </span>
    </p>
   </div>
   <div class='ocr_carea' id='block_1_29' title="bbox 2144 1333 3733 1406">
    <p class='ocr_par' dir='ltr' id='par_1_29' title="bbox 2144 1333 3733 1406">
     <span class='ocr_line' id='line_1_29' title="bbox 2144 1333 3733 1406; baseline 0.004 -21"><span class='ocrx_word' id='word_1_208' title='bbox 2144 1333 2334 1386; x_wconf 84' lang='grc' dir='ltr'>τούτου</span> <span class='ocrx_word' id='word_1_209' title='bbox 2364 1334 2645 1403; x_wconf 89' lang='grc' dir='ltr'>δυνάμεις,</span> <span class='ocrx_word' id='word_1_210' title='bbox 2698 1334 2794 1388; x_wconf 63' lang='grc' dir='ltr'>καὶ</span> <span class='ocrx_word' id='word_1_211' title='bbox 2832 1334 3227 1406; x_wconf 77' lang='grc' dir='ltr'>ἐνθυμηθῶμεν</span> <span class='ocrx_word' id='word_1_212' title='bbox 3258 1336 3314 1390; x_wconf 84' lang='grc' dir='ltr'><strong>δὲ</strong></span> <span class='ocrx_word' id='word_1_213' title='bbox 3338 1336 3439 1399; x_wconf 86' lang='grc' dir='ltr'>τὰς</span> <span class='ocrx_word' id='word_1_214' title='bbox 3476 1337 3733 1404; x_wconf 85' lang='grc' dir='ltr'>τοιαύτας</span> 
     </span>
    </p>
   </div>
   <div class='ocr_carea' id='block_1_30' title="bbox 2146 1424 3732 1498">
    <p class='ocr_par' dir='ltr' id='par_1_30' title="bbox 2146 1424 3732 1498">
     <span class='ocr_line' id='line_1_30' title="bbox 2146 1424 3732 1498; baseline 0.004 -22"><span class='ocrx_word' id='word_1_215' title='bbox 2146 1425 2447 1497; x_wconf 52' lang='grc' dir='ltr'>ἐνεργείαςθ</span> <span class='ocrx_word' id='word_1_216' title='bbox 2482 1424 2558 1489; x_wconf 84' lang='grc' dir='ltr'>ὡς</span> <span class='ocrx_word' id='word_1_217' title='bbox 2581 1427 2642 1479; x_wconf 80' lang='grc' dir='ltr'><strong>οὐ</strong></span> <span class='ocrx_word' id='word_1_218' title='bbox 2679 1424 2928 1496; x_wconf 83' lang='grc' dir='ltr'>σώματος</span> <span class='ocrx_word' id='word_1_219' title='bbox 2959 1424 3143 1491; x_wconf 72' lang='grc' dir='ltr'>οὔσας,</span> <span class='ocrx_word' id='word_1_220' title='bbox 3172 1426 3383 1498; x_wconf 88' lang='grc' dir='ltr'>δίδομεν</span> <span class='ocrx_word' id='word_1_221' title='bbox 3412 1424 3551 1483; x_wconf 77' lang='grc' dir='ltr'>εἷναί</span> <span class='ocrx_word' id='word_1_222' title='bbox 3580 1445 3633 1481; x_wconf 83' lang='grc' dir='ltr'><strong>τι</strong></span> <span class='ocrx_word' id='word_1_223' title='bbox 3672 1430 3732 1484; x_wconf 79' lang='grc' dir='ltr'>ἐν</span> 
     </span>
    </p>
   </div>
   <div class='ocr_carea' id='block_1_31' title="bbox 2145 1514 3732 1592">
    <p class='ocr_par' dir='ltr' id='par_1_31' title="bbox 2145 1514 3732 1592">
     <span class='ocr_line' id='line_1_31' title="bbox 2145 1514 3732 1592; baseline 0.004 -24"><span class='ocrx_word' id='word_1_224' title='bbox 2145 1514 2277 1585; x_wconf 80' lang='grc' dir='ltr'>ἡμῖν</span> <span class='ocrx_word' id='word_1_225' title='bbox 2312 1516 2498 1588; x_wconf 73' lang='grc' dir='ltr'>ἕτερον</span> <span class='ocrx_word' id='word_1_226' title='bbox 2529 1516 2589 1570; x_wconf 85' lang='grc' dir='ltr'><strong>τὸ</strong></span> <span class='ocrx_word' id='word_1_227' title='bbox 2615 1516 3002 1589; x_wconf 82' lang='grc' dir='ltr'>βουλευόμενον</span> <span class='ocrx_word' id='word_1_228' title='bbox 3020 1536 3033 1549; x_wconf 90' lang='grc'><strong>·</strong></span> <span class='ocrx_word' id='word_1_229' title='bbox 3065 1518 3223 1571; x_wconf 82' lang='grc' dir='ltr'>τοῦτο</span> <span class='ocrx_word' id='word_1_230' title='bbox 3255 1519 3312 1571; x_wconf 88' lang='grc' dir='ltr'>δὲ</span> <span class='ocrx_word' id='word_1_231' title='bbox 3340 1515 3481 1574; x_wconf 79' lang='grc' dir='ltr'>εῖναι</span> <span class='ocrx_word' id='word_1_232' title='bbox 3509 1521 3607 1592; x_wconf 82' lang='grc' dir='ltr'>τὴν</span> <span class='ocrx_word' id='word_1_233' title='bbox 3628 1521 3732 1591; x_wconf 75' lang='grc' dir='ltr'><strong>ψυ-</strong></span> 
     </span>
    </p>
   </div>
   <div class='ocr_carea' id='block_1_32' title="bbox 2143 1607 3733 1685">
    <p class='ocr_par' dir='ltr' id='par_1_32' title="bbox 2143 1607 3733 1685">
     <span class='ocr_line' id='line_1_32' title="bbox 2143 1607 3733 1685; baseline 0.027 -34"><span class='ocrx_word' id='word_1_234' title='bbox 2143 1607 2265 1677; x_wconf 85' lang='grc' dir='ltr'><strong>χήν.</strong></span> <span class='ocrx_word' id='word_1_235' title='bbox 2314 1608 2468 1661; x_wconf 85' lang='grc' dir='ltr'>Ἐπεὶ</span> <span class='ocrx_word' id='word_1_236' title='bbox 2498 1609 2660 1663; x_wconf 87' lang='grc' dir='ltr'>πόθεν</span> <span class='ocrx_word' id='word_1_237' title='bbox 2683 1609 2979 1681; x_wconf 83' lang='grc' dir='ltr'>ἀλλαχόθεν</span> <span class='ocrx_word' id='word_1_238' title='bbox 3025 1610 3427 1683; x_wconf 80' lang='grc' dir='ltr'>ἐπιστεύσαμεν</span> <span class='ocrx_word' id='word_1_239' title='bbox 3458 1614 3598 1685; x_wconf 69' lang='grc' dir='ltr'>ὑπὲρ</span> <span class='ocrx_word' id='word_1_240' title='bbox 3636 1612 3733 1683; x_wconf 67' lang='grc' dir='ltr'><strong>ψυ⁶</strong></span> 
     </span>
    </p>
   </div>
   <div class='ocr_carea' id='block_1_33' title="bbox 2140 1695 3726 1775">
    <p class='ocr_par' dir='ltr' id='par_1_33' title="bbox 2140 1695 3726 1775">
     <span class='ocr_line' id='line_1_33' title="bbox 2140 1695 3726 1775; baseline 0.004 -22"><span class='ocrx_word' id='word_1_241' title='bbox 2140 1698 2281 1769; x_wconf 85' lang='grc' dir='ltr'><strong>χῆς;</strong></span> <span class='ocrx_word' id='word_1_242' title='bbox 2315 1700 2413 1752; x_wconf 81' lang='grc' dir='ltr'>Ἂν</span> <span class='ocrx_word' id='word_1_243' title='bbox 2469 1695 2562 1754; x_wconf 80' lang='grc' dir='ltr'><strong>οὖν</strong></span> <span class='ocrx_word' id='word_1_244' title='bbox 2614 1718 2703 1766; x_wconf 87' lang='grc' dir='ltr'><strong>τις</strong></span> <span class='ocrx_word' id='word_1_245' title='bbox 2753 1700 2814 1767; x_wconf 79' lang='grc' dir='ltr'>ἐξ</span> <span class='ocrx_word' id='word_1_246' title='bbox 2856 1696 2931 1756; x_wconf 83' lang='grc' dir='ltr'>ὧν</span> <span class='ocrx_word' id='word_1_247' title='bbox 2983 1702 3216 1773; x_wconf 87' lang='grc' dir='ltr'>μάλιστα</span> <span class='ocrx_word' id='word_1_248' title='bbox 3261 1703 3406 1775; x_wconf 75' lang='grc' dir='ltr'><strong>ψυχὴ</strong></span> <span class='ocrx_word' id='word_1_249' title='bbox 3442 1705 3726 1774; x_wconf 69' lang='grc' dir='ltr'>φαίνεται,</span> 
     </span>
    </p>
   </div>
   <div class='ocr_carea' id='block_1_34' title="bbox 2142 1790 3726 1867">
    <p class='ocr_par' dir='ltr' id='par_1_34' title="bbox 2142 1790 3726 1867">
     <span class='ocr_line' id='line_1_34' title="bbox 2142 1790 3726 1867; baseline 0.005 -23"><span class='ocrx_word' id='word_1_250' title='bbox 2142 1790 2314 1845; x_wconf 86' lang='grc' dir='ltr'>ταῦτα</span> <span class='ocrx_word' id='word_1_251' title='bbox 2369 1792 2709 1863; x_wconf 81' lang='grc' dir='ltr'>ἀφελόμενος</span> <span class='ocrx_word' id='word_1_252' title='bbox 2742 1793 2914 1866; x_wconf 77' lang='grc' dir='ltr'>ἑτέρῳ</span> <span class='ocrx_word' id='word_1_253' title='bbox 2966 1795 3072 1847; x_wconf 76' lang='grc' dir='ltr'>τινὶ</span> <span class='ocrx_word' id='word_1_254' title='bbox 3116 1795 3372 1867; x_wconf 70' lang='grc' dir='ltr'>προσάψῃ</span> <span class='ocrx_word' id='word_1_255' title='bbox 3417 1795 3726 1867; x_wconf 81' lang='grc' dir='ltr'>πράγματι,</span> 
     </span>
    </p>
   </div>
   <div class='ocr_carea' id='block_1_35' title="bbox 455 1865 2029 1961">
    <p class='ocr_par' dir='ltr' id='par_1_35' title="bbox 455 1882 2029 1961">
     <span class='ocr_line' id='line_1_35' title="bbox 455 1882 2029 1961; baseline 0.008 -24"><span class='ocrx_word' id='word_1_256' title='bbox 455 1882 705 1939; x_wconf 81' lang='lat' dir='ltr'><strong>beamus.</strong></span> <span class='ocrx_word' id='word_1_257' title='bbox 736 1885 808 1940; x_wconf 87' lang='lat' dir='ltr'><strong>At</strong></span> <span class='ocrx_word' id='word_1_258' title='bbox 839 1900 968 1941; x_wconf 88' lang='lat' dir='ltr'><strong>vero</strong></span> <span class='ocrx_word' id='word_1_259' title='bbox 995 1887 1365 1947; x_wconf 81' lang='lat' dir='ltr'><strong>delitescentis</strong></span> <span class='ocrx_word' id='word_1_260' title='bbox 1411 1890 1581 1946; x_wconf 89' lang='lat' dir='ltr'><strong>animi</strong></span> <span class='ocrx_word' id='word_1_261' title='bbox 1623 1894 1929 1961; x_wconf 88' lang='lat' dir='ltr'><strong>motiones,</strong></span> <span class='ocrx_word' id='word_1_262' title='bbox 1970 1910 2029 1950; x_wconf 86' lang='lat' dir='ltr'><strong>eo</strong></span> 
     </span>
    </p>
   </div>
   <div class='ocr_carea' id='block_1_36' title="bbox 2131 1865 3726 1961">
    <p class='ocr_par' dir='ltr' id='par_1_36' title="bbox 2139 1878 3726 1956">
     <span class='ocr_line' id='line_1_36' title="bbox 2139 1878 3726 1956; baseline 0.005 -21"><span class='ocrx_word' id='word_1_263' title='bbox 2139 1881 2263 1935; x_wconf 81' lang='grc' dir='ltr'>οὔτε</span> <span class='ocrx_word' id='word_1_264' title='bbox 2299 1882 2423 1936; x_wconf 85' lang='grc' dir='ltr'>ὅθεν</span> <span class='ocrx_word' id='word_1_265' title='bbox 2461 1878 2595 1937; x_wconf 76' lang='grc' dir='ltr'>οὖσα</span> <span class='ocrx_word' id='word_1_266' title='bbox 2634 1885 2962 1956; x_wconf 80' lang='grc' dir='ltr'>ἐμφαίνεται</span> <span class='ocrx_word' id='word_1_267' title='bbox 2995 1886 3385 1942; x_wconf 82' lang='grc' dir='ltr'>καταλέλοιπεν</span> <span class='ocrx_word' id='word_1_268' title='bbox 3406 1926 3421 1950; x_wconf 88' lang='grc'>,</span> <span class='ocrx_word' id='word_1_269' title='bbox 3463 1886 3587 1941; x_wconf 73' lang='grc' dir='ltr'>οὔτε</span> <span class='ocrx_word' id='word_1_270' title='bbox 3612 1890 3641 1943; x_wconf 81' lang='grc' dir='ltr'>ὅ</span> <span class='ocrx_word' id='word_1_271' title='bbox 3671 1907 3726 1943; x_wconf 92' lang='grc' dir='ltr'><strong>τι</strong></span> 
     </span>
    </p>
   </div>
   <div class='ocr_carea' id='block_1_37' title="bbox 455 1976 2038 2054">
    <p class='ocr_par' dir='ltr' id='par_1_37' title="bbox 455 1976 2038 2054">
     <span class='ocr_line' id='line_1_37' title="bbox 455 1976 2038 2054; baseline 0.009 -26"><span class='ocrx_word' id='word_1_272' title='bbox 455 1976 781 2044; x_wconf 82' lang='lat' dir='ltr'><strong>compellere</strong></span> <span class='ocrx_word' id='word_1_273' title='bbox 806 1993 908 2033; x_wconf 90' lang='lat' dir='ltr'><strong>nos</strong></span> <span class='ocrx_word' id='word_1_274' title='bbox 936 1979 1221 2049; x_wconf 90' lang='lat' dir='ltr'><strong>videntur,</strong></span> <span class='ocrx_word' id='word_1_275' title='bbox 1259 1983 1336 2037; x_wconf 92' lang='lat' dir='ltr'><strong>uti</strong></span> <span class='ocrx_word' id='word_1_276' title='bbox 1367 1983 1577 2042; x_wconf 83' lang='lat' dir='ltr'><strong>aliquid</strong></span> <span class='ocrx_word' id='word_1_277' title='bbox 1608 1983 1785 2054; x_wconf 87' lang='lat' dir='ltr'><strong>ipsum</strong></span> <span class='ocrx_word' id='word_1_278' title='bbox 1809 2001 1931 2042; x_wconf 89' lang='lat' dir='ltr'><strong>esse</strong></span> <span class='ocrx_word' id='word_1_279' title='bbox 1957 1986 2038 2042; x_wconf 82' lang='lat' dir='ltr'><strong>fa-</strong></span> 
     </span>
    </p>
   </div>
   <div class='ocr_carea' id='block_1_38' title="bbox 453 2069 2036 2155">
    <p class='ocr_par' dir='ltr' id='par_1_38' title="bbox 453 2069 2036 2155">
     <span class='ocr_line' id='line_1_38' title="bbox 453 2069 2036 2155; baseline 0.011 -32"><span class='ocrx_word' id='word_1_280' title='bbox 453 2078 688 2125; x_wconf 89' lang='lat' dir='ltr'><strong>teamur.</strong></span> <span class='ocrx_word' id='word_1_281' title='bbox 721 2069 896 2128; x_wconf 88' lang='lat' dir='ltr'><strong>Nemo</strong></span> <span class='ocrx_word' id='word_1_282' title='bbox 914 2074 1059 2130; x_wconf 87' lang='lat' dir='ltr'><strong>enim</strong></span> <span class='ocrx_word' id='word_1_283' title='bbox 1092 2075 1207 2133; x_wconf 84' lang='lat' dir='ltr'><strong>fere</strong></span> <span class='ocrx_word' id='word_1_284' title='bbox 1237 2087 1323 2135; x_wconf 91' lang='lat' dir='ltr'><strong>est</strong></span> <span class='ocrx_word' id='word_1_285' title='bbox 1348 2079 1441 2150; x_wconf 92' lang='lat' dir='ltr'><strong>qui</strong></span> <span class='ocrx_word' id='word_1_286' title='bbox 1476 2088 1592 2136; x_wconf 81' lang='lat' dir='ltr'><strong>haec</strong></span> <span class='ocrx_word' id='word_1_287' title='bbox 1617 2083 1785 2137; x_wconf 87' lang='lat' dir='ltr'><strong>animi</strong></span> <span class='ocrx_word' id='word_1_288' title='bbox 1814 2086 2036 2155; x_wconf 90' lang='lat' dir='ltr'><strong>propria</strong></span> 
     </span>
    </p>
   </div>
   <div class='ocr_carea' id='block_1_39' title="bbox 451 2163 2037 2247">
    <p class='ocr_par' dir='ltr' id='par_1_39' title="bbox 451 2163 2037 2247">
     <span class='ocr_line' id='line_1_39' title="bbox 451 2163 2037 2247; baseline 0.012 -33"><span class='ocrx_word' id='word_1_289' title='bbox 451 2177 562 2215; x_wconf 90' lang='lat' dir='ltr'><strong>non</strong></span> <span class='ocrx_word' id='word_1_290' title='bbox 591 2178 710 2218; x_wconf 84' lang='lat' dir='ltr'><strong>esse</strong></span> <span class='ocrx_word' id='word_1_291' title='bbox 741 2163 1028 2237; x_wconf 74' lang='lat' dir='ltr'><strong>intelligat,</strong></span> <span class='ocrx_word' id='word_1_292' title='bbox 1060 2169 1384 2237; x_wconf 86' lang='lat' dir='ltr'><strong>deliberare,</strong></span> <span class='ocrx_word' id='word_1_293' title='bbox 1412 2172 1789 2241; x_wconf 90' lang='lat' dir='ltr'><strong>considerare,</strong></span> <span class='ocrx_word' id='word_1_294' title='bbox 1822 2184 1877 2231; x_wconf 92' lang='lat' dir='ltr'><strong>et</strong></span> <span class='ocrx_word' id='word_1_295' title='bbox 1898 2193 2037 2247; x_wconf 83' lang='lat' dir='ltr'><strong>quo-</strong></span> 
     </span>
    </p>
   </div>
   <div class='ocr_carea' id='block_1_40' title="bbox 451 2250 2038 2331">
    <p class='ocr_par' dir='ltr' id='par_1_40' title="bbox 451 2250 2038 2331">
     <span class='ocr_line' id='line_1_40' title="bbox 451 2250 2038 2331; baseline 0.013 -32"><span class='ocrx_word' id='word_1_296' title='bbox 451 2262 667 2318; x_wconf 83' lang='lat' dir='ltr'><strong>cunque</strong></span> <span class='ocrx_word' id='word_1_297' title='bbox 699 2250 863 2305; x_wconf 90' lang='lat' dir='ltr'><strong>modo</strong></span> <span class='ocrx_word' id='word_1_298' title='bbox 885 2253 1145 2323; x_wconf 82' lang='lat' dir='ltr'><strong>cogitare.</strong></span> <span class='ocrx_word' id='word_1_299' title='bbox 1178 2253 1314 2311; x_wconf 88' lang='lat' dir='ltr'><strong>Nam</strong></span> <span class='ocrx_word' id='word_1_300' title='bbox 1340 2257 1470 2312; x_wconf 90' lang='lat' dir='ltr'><strong>dum</strong></span> <span class='ocrx_word' id='word_1_301' title='bbox 1502 2269 1557 2315; x_wconf 91' lang='lat' dir='ltr'><strong>et</strong></span> <span class='ocrx_word' id='word_1_302' title='bbox 1583 2276 1805 2331; x_wconf 88' lang='lat' dir='ltr'><strong>corpus,</strong></span> <span class='ocrx_word' id='word_1_303' title='bbox 1829 2271 1885 2317; x_wconf 92' lang='lat' dir='ltr'><strong>et</strong></span> <span class='ocrx_word' id='word_1_304' title='bbox 1914 2278 2038 2319; x_wconf 87' lang='lat' dir='ltr'><strong>cor—</strong></span> 
     </span>
    </p>
   </div>
   <div class='ocr_carea' id='block_1_41' title="bbox 446 2336 2037 2421">
    <p class='ocr_par' dir='ltr' id='par_1_41' title="bbox 446 2336 2037 2421">
     <span class='ocr_line' id='line_1_41' title="bbox 446 2336 2037 2421; baseline 0.013 -32"><span class='ocrx_word' id='word_1_305' title='bbox 446 2338 600 2407; x_wconf 89' lang='lat' dir='ltr'><strong>poris</strong></span> <span class='ocrx_word' id='word_1_306' title='bbox 635 2336 919 2399; x_wconf 78' lang='lat' dir='ltr'><strong>facultates</strong></span> <span class='ocrx_word' id='word_1_307' title='bbox 946 2344 1214 2412; x_wconf 85' lang='lat' dir='ltr'><strong>videmus,</strong></span> <span class='ocrx_word' id='word_1_308' title='bbox 1247 2348 1522 2420; x_wconf 89' lang='lat' dir='ltr'><strong>simulque</strong></span> <span class='ocrx_word' id='word_1_309' title='bbox 1557 2366 1730 2421; x_wconf 82' lang='lat' dir='ltr'><strong>genus</strong></span> <span class='ocrx_word' id='word_1_310' title='bbox 1753 2353 1883 2408; x_wconf 87' lang='lat' dir='ltr'><strong>illud</strong></span> <span class='ocrx_word' id='word_1_311' title='bbox 1910 2352 2037 2409; x_wconf 82' lang='lat' dir='ltr'><strong>fun-</strong></span> 
     </span>
    </p>
   </div>
   <div class='ocr_carea' id='block_1_42' title="bbox 448 2421 2032 2499">
    <p class='ocr_par' dir='ltr' id='par_1_42' title="bbox 448 2421 2032 2499">
     <span class='ocr_line' id='line_1_42' title="bbox 448 2421 2032 2499; baseline 0.011 -25"><span class='ocrx_word' id='word_1_312' title='bbox 448 2421 694 2477; x_wconf 88' lang='lat' dir='ltr'><strong>ctionum</strong></span> <span class='ocrx_word' id='word_1_313' title='bbox 723 2427 970 2495; x_wconf 80' lang='lat' dir='ltr'><strong>corporis</strong></span> <span class='ocrx_word' id='word_1_314' title='bbox 991 2442 1113 2484; x_wconf 90' lang='lat' dir='ltr'><strong>esse</strong></span> <span class='ocrx_word' id='word_1_315' title='bbox 1129 2444 1237 2485; x_wconf 92' lang='lat' dir='ltr'><strong>non</strong></span> <span class='ocrx_word' id='word_1_316' title='bbox 1262 2446 1425 2499; x_wconf 86' lang='lat' dir='ltr'><strong>posse</strong></span> <span class='ocrx_word' id='word_1_317' title='bbox 1445 2435 1859 2497; x_wconf 85' lang='lat' dir='ltr'><strong>concludimus;</strong></span> <span class='ocrx_word' id='word_1_318' title='bbox 1886 2436 2032 2491; x_wconf 87' lang='lat' dir='ltr'><strong>aliud</strong></span> 
     </span>
    </p>
   </div>
   <div class='ocr_carea' id='block_1_43' title="bbox 446 2507 2033 2583">
    <p class='ocr_par' dir='ltr' id='par_1_43' title="bbox 446 2507 2033 2583">
     <span class='ocr_line' id='line_1_43' title="bbox 446 2507 2033 2583; baseline 0.01 -25"><span class='ocrx_word' id='word_1_319' title='bbox 446 2507 711 2561; x_wconf 89' lang='lat' dir='ltr'><strong>continuo</strong></span> <span class='ocrx_word' id='word_1_320' title='bbox 745 2508 1048 2579; x_wconf 81' lang='lat' dir='ltr'><strong>quidpiam,</strong></span> <span class='ocrx_word' id='word_1_321' title='bbox 1080 2513 1224 2582; x_wconf 91' lang='lat' dir='ltr'><strong>quod</strong></span> <span class='ocrx_word' id='word_1_322' title='bbox 1253 2528 1350 2583; x_wconf 89' lang='lat' dir='ltr'><strong>per</strong></span> <span class='ocrx_word' id='word_1_323' title='bbox 1380 2531 1500 2571; x_wconf 92' lang='lat' dir='ltr'><strong>sese</strong></span> <span class='ocrx_word' id='word_1_324' title='bbox 1525 2517 1805 2583; x_wconf 88' lang='lat' dir='ltr'><strong>deliberet,</strong></span> <span class='ocrx_word' id='word_1_325' title='bbox 1834 2519 1888 2572; x_wconf 93' lang='lat' dir='ltr'><strong>in</strong></span> <span class='ocrx_word' id='word_1_326' title='bbox 1933 2534 2033 2574; x_wconf 87' lang='lat' dir='ltr'><strong>no-</strong></span> 
     </span>
    </p>
   </div>
   <div class='ocr_carea' id='block_1_44' title="bbox 443 2596 2032 2672">
    <p class='ocr_par' dir='ltr' id='par_1_44' title="bbox 443 2596 2032 2672">
     <span class='ocr_line' id='line_1_44' title="bbox 443 2596 2032 2672; baseline 0.01 -22"><span class='ocrx_word' id='word_1_327' title='bbox 443 2596 533 2651; x_wconf 91' lang='lat' dir='ltr'><strong>bis</strong></span> <span class='ocrx_word' id='word_1_328' title='bbox 566 2612 706 2663; x_wconf 87' lang='lat' dir='ltr'><strong>esse,</strong></span> <span class='ocrx_word' id='word_1_329' title='bbox 754 2608 920 2669; x_wconf 89' lang='lat' dir='ltr'><strong>atque</strong></span> <span class='ocrx_word' id='word_1_330' title='bbox 960 2601 1092 2656; x_wconf 92' lang='lat' dir='ltr'><strong>illud</strong></span> <span class='ocrx_word' id='word_1_331' title='bbox 1118 2603 1296 2672; x_wconf 90' lang='lat' dir='ltr'><strong>ipsum</strong></span> <span class='ocrx_word' id='word_1_332' title='bbox 1335 2606 1582 2662; x_wconf 84' lang='lat' dir='ltr'><strong>animum</strong></span> <span class='ocrx_word' id='word_1_333' title='bbox 1618 2624 1741 2665; x_wconf 85' lang='lat' dir='ltr'><strong>esse</strong></span> <span class='ocrx_word' id='word_1_334' title='bbox 1779 2612 2032 2666; x_wconf 88' lang='lat' dir='ltr'><strong>concedi-</strong></span> 
     </span>
    </p>
   </div>
   <div class='ocr_carea' id='block_1_45' title="bbox 442 2687 2030 2772">
    <p class='ocr_par' dir='ltr' id='par_1_45' title="bbox 442 2687 2030 2772">
     <span class='ocr_line' id='line_1_45' title="bbox 442 2687 2030 2772; baseline 0.011 -31"><span class='ocrx_word' id='word_1_335' title='bbox 442 2703 591 2743; x_wconf 89' lang='lat' dir='ltr'><strong>mus.</strong></span> <span class='ocrx_word' id='word_1_336' title='bbox 629 2687 784 2747; x_wconf 87' lang='lat' dir='ltr'><strong>Unde</strong></span> <span class='ocrx_word' id='word_1_337' title='bbox 811 2693 980 2760; x_wconf 90' lang='lat' dir='ltr'><strong>enim,</strong></span> <span class='ocrx_word' id='word_1_338' title='bbox 1020 2693 1066 2748; x_wconf 93' lang='lat' dir='ltr'><strong>si</strong></span> <span class='ocrx_word' id='word_1_339' title='bbox 1118 2711 1226 2750; x_wconf 91' lang='lat' dir='ltr'><strong>non</strong></span> <span class='ocrx_word' id='word_1_340' title='bbox 1263 2695 1410 2761; x_wconf 92' lang='lat' dir='ltr'><strong>inde,</strong></span> <span class='ocrx_word' id='word_1_341' title='bbox 1448 2699 1655 2770; x_wconf 91' lang='lat' dir='ltr'><strong>aliquid</strong></span> <span class='ocrx_word' id='word_1_342' title='bbox 1685 2717 1927 2772; x_wconf 83' lang='lat' dir='ltr'><strong>unquam</strong></span> <span class='ocrx_word' id='word_1_343' title='bbox 1962 2704 2030 2759; x_wconf 87' lang='lat' dir='ltr'><strong>de</strong></span> 
     </span>
    </p>
   </div>
   <div class='ocr_carea' id='block_1_46' title="bbox 445 2780 2029 2862">
    <p class='ocr_par' dir='ltr' id='par_1_46' title="bbox 445 2780 2029 2862">
     <span class='ocr_line' id='line_1_46' title="bbox 445 2780 2029 2862; baseline 0.011 -29"><span class='ocrx_word' id='word_1_344' title='bbox 445 2780 630 2836; x_wconf 88' lang='lat' dir='ltr'><strong>animo</strong></span> <span class='ocrx_word' id='word_1_345' title='bbox 646 2783 1018 2841; x_wconf 85' lang='lat' dir='ltr'><strong>credidimus?</strong></span> <span class='ocrx_word' id='word_1_346' title='bbox 1046 2782 1101 2840; x_wconf 91' lang='lat' dir='ltr'><strong>Si</strong></span> <span class='ocrx_word' id='word_1_347' title='bbox 1132 2788 1258 2856; x_wconf 86' lang='lat' dir='ltr'><strong>quis</strong></span> <span class='ocrx_word' id='word_1_348' title='bbox 1288 2788 1455 2860; x_wconf 80' lang='lat' dir='ltr'><strong>igitur</strong></span> <span class='ocrx_word' id='word_1_349' title='bbox 1475 2791 1601 2856; x_wconf 90' lang='lat' dir='ltr'><strong>ista,</strong></span> <span class='ocrx_word' id='word_1_350' title='bbox 1628 2793 1829 2862; x_wconf 87' lang='lat' dir='ltr'><strong>quibus</strong></span> <span class='ocrx_word' id='word_1_351' title='bbox 1853 2795 2029 2850; x_wconf 79' lang='lat' dir='ltr'><strong>maxi-</strong></span> 
     </span>
    </p>
   </div>
   <div class='ocr_carea' id='block_1_47' title="bbox 440 2872 2024 2948">
    <p class='ocr_par' dir='ltr' id='par_1_47' title="bbox 440 2872 2024 2948">
     <span class='ocr_line' id='line_1_47' title="bbox 440 2872 2024 2948; baseline 0.008 -23"><span class='ocrx_word' id='word_1_352' title='bbox 440 2884 531 2926; x_wconf 89' lang='lat' dir='ltr'><strong>me</strong></span> <span class='ocrx_word' id='word_1_353' title='bbox 573 2872 824 2939; x_wconf 89' lang='lat' dir='ltr'><strong>proditur</strong></span> <span class='ocrx_word' id='word_1_354' title='bbox 868 2875 1108 2939; x_wconf 89' lang='lat' dir='ltr'><strong>animus,</strong></span> <span class='ocrx_word' id='word_1_355' title='bbox 1140 2877 1316 2933; x_wconf 88' lang='lat' dir='ltr'><strong>eidem</strong></span> <span class='ocrx_word' id='word_1_356' title='bbox 1367 2878 1638 2948; x_wconf 85' lang='lat' dir='ltr'><strong>eripiens,</strong></span> <span class='ocrx_word' id='word_1_357' title='bbox 1672 2881 1765 2935; x_wconf 86' lang='lat' dir='ltr'><strong>alii</strong></span> <span class='ocrx_word' id='word_1_358' title='bbox 1808 2882 2024 2937; x_wconf 89' lang='lat' dir='ltr'><strong>cuidam</strong></span> 
     </span>
    </p>
   </div>
   <div class='ocr_carea' id='block_1_48' title="bbox 438 2962 2024 3036">
    <p class='ocr_par' dir='ltr' id='par_1_48' title="bbox 438 2962 2024 3036">
     <span class='ocr_line' id='line_1_48' title="bbox 438 2962 2024 3036; baseline 0.009 -21"><span class='ocrx_word' id='word_1_359' title='bbox 438 2962 520 3015; x_wconf 86' lang='lat' dir='ltr'><strong>rei</strong></span> <span class='ocrx_word' id='word_1_360' title='bbox 553 2963 825 3031; x_wconf 78' lang='lat' dir='ltr'><strong>tribuerit,</strong></span> <span class='ocrx_word' id='word_1_361' title='bbox 858 2967 906 3022; x_wconf 93' lang='lat' dir='ltr'><strong>is</strong></span> <span class='ocrx_word' id='word_1_362' title='bbox 951 2967 1218 3036; x_wconf 82' lang='lat' dir='ltr'><strong>profecto,</strong></span> <span class='ocrx_word' id='word_1_363' title='bbox 1253 2983 1355 3024; x_wconf 89' lang='lat' dir='ltr'><strong>nec</strong></span> <span class='ocrx_word' id='word_1_364' title='bbox 1396 2970 1567 3024; x_wconf 91' lang='lat' dir='ltr'><strong>ullum</strong></span> <span class='ocrx_word' id='word_1_365' title='bbox 1590 3011 1603 3035; x_wconf 86' lang='lat'><strong>,</strong></span> <span class='ocrx_word' id='word_1_366' title='bbox 1631 2972 1777 3026; x_wconf 89' lang='lat' dir='ltr'><strong>unde</strong></span> <span class='ocrx_word' id='word_1_367' title='bbox 1806 2973 2024 3029; x_wconf 90' lang='lat' dir='ltr'><strong>animus</strong></span> 
     </span>
    </p>
   </div>
   <div class='ocr_carea' id='block_1_49' title="bbox 439 3054 2021 3133">
    <p class='ocr_par' dir='ltr' id='par_1_49' title="bbox 439 3054 2021 3133">
     <span class='ocr_line' id='line_1_49' title="bbox 439 3054 2021 3133; baseline 0.007 -25"><span class='ocrx_word' id='word_1_368' title='bbox 439 3067 565 3109; x_wconf 87' lang='lat' dir='ltr'><strong>esse</strong></span> <span class='ocrx_word' id='word_1_369' title='bbox 591 3054 1056 3126; x_wconf 85' lang='lat' dir='ltr'><strong>deprehendatur,</strong></span> <span class='ocrx_word' id='word_1_370' title='bbox 1088 3061 1403 3133; x_wconf 82' lang='lat' dir='ltr'><strong>vestigium,</strong></span> <span class='ocrx_word' id='word_1_371' title='bbox 1437 3079 1542 3118; x_wconf 90' lang='lat' dir='ltr'><strong>nec</strong></span> <span class='ocrx_word' id='word_1_372' title='bbox 1570 3063 1662 3118; x_wconf 94' lang='lat' dir='ltr'><strong>ubi</strong></span> <span class='ocrx_word' id='word_1_373' title='bbox 1696 3080 1829 3120; x_wconf 91' lang='lat' dir='ltr'><strong>usus</strong></span> <span class='ocrx_word' id='word_1_374' title='bbox 1850 3066 2021 3120; x_wconf 90' lang='lat' dir='ltr'><strong>animi</strong></span> 
     </span>
    </p>
   </div>
   <div class='ocr_carea' id='block_1_50' title="bbox 440 3146 2015 3229">
    <p class='ocr_par' dir='ltr' id='par_1_50' title="bbox 440 3146 2015 3229">
     <span class='ocr_line' id='line_1_50' title="bbox 440 3146 2015 3229; baseline 0.01 -30"><span class='ocrx_word' id='word_1_375' title='bbox 440 3146 641 3216; x_wconf 85' lang='lat' dir='ltr'><strong>aliquis</strong></span> <span class='ocrx_word' id='word_1_376' title='bbox 673 3164 795 3205; x_wconf 91' lang='lat' dir='ltr'><strong>esse</strong></span> <span class='ocrx_word' id='word_1_377' title='bbox 836 3153 1030 3221; x_wconf 84' lang='lat' dir='ltr'><strong>possit,</strong></span> <span class='ocrx_word' id='word_1_378' title='bbox 1090 3155 1334 3209; x_wconf 84' lang='lat' dir='ltr'><strong>omnino&#39;</strong></span> <span class='ocrx_word' id='word_1_379' title='bbox 1366 3156 1666 3227; x_wconf 89' lang='lat' dir='ltr'><strong>quidquam</strong></span> <span class='ocrx_word' id='word_1_380' title='bbox 1720 3158 2015 3229; x_wconf 89' lang='lat' dir='ltr'><strong>relinquet.</strong></span> 
     </span>
    </p>
   </div>
   <div class='ocr_carea' id='block_1_51' title="bbox 440 3233 2018 3312">
    <p class='ocr_par' dir='ltr' id='par_1_51' title="bbox 440 3233 2018 3312">
     <span class='ocr_line' id='line_1_51' title="bbox 440 3233 2018 3312; baseline 0.011 -23"><span class='ocrx_word' id='word_1_381' title='bbox 440 3233 581 3302; x_wconf 86' lang='lat' dir='ltr'><strong>Quid</strong></span> <span class='ocrx_word' id='word_1_382' title='bbox 615 3238 784 3309; x_wconf 83' lang='lat' dir='ltr'><strong>igitur</strong></span> <span class='ocrx_word' id='word_1_383' title='bbox 808 3241 948 3310; x_wconf 91' lang='lat' dir='ltr'><strong>opis,</strong></span> <span class='ocrx_word' id='word_1_384' title='bbox 982 3243 1076 3312; x_wconf 89' lang='lat' dir='ltr'><strong>qui</strong></span> <span class='ocrx_word' id='word_1_385' title='bbox 1112 3245 1357 3299; x_wconf 90' lang='lat' dir='ltr'><strong>animum</strong></span> <span class='ocrx_word' id='word_1_386' title='bbox 1383 3246 1746 3303; x_wconf 87' lang='lat' dir='ltr'><strong>immortalem</strong></span> <span class='ocrx_word' id='word_1_387' title='bbox 1780 3265 1903 3306; x_wconf 88' lang='lat' dir='ltr'><strong>esse</strong></span> <span class='ocrx_word' id='word_1_388' title='bbox 1922 3251 2018 3306; x_wconf 87' lang='lat' dir='ltr'><strong>de-</strong></span> 
     </span>
    </p>
   </div>
   <div class='ocr_carea' id='block_1_52' title="bbox 438 3324 2018 3410">
    <p class='ocr_par' dir='ltr' id='par_1_52' title="bbox 438 3324 2018 3410">
     <span class='ocr_line' id='line_1_52' title="bbox 438 3324 2018 3410; baseline 0.011 -32"><span class='ocrx_word' id='word_1_389' title='bbox 438 3324 644 3392; x_wconf 80' lang='lat' dir='ltr'><strong>fendet,</strong></span> <span class='ocrx_word' id='word_1_390' title='bbox 677 3329 745 3384; x_wconf 91' lang='lat' dir='ltr'><strong>ab</strong></span> <span class='ocrx_word' id='word_1_391' title='bbox 770 3344 837 3384; x_wconf 91' lang='lat' dir='ltr'><strong>eo</strong></span> <span class='ocrx_word' id='word_1_392' title='bbox 869 3332 963 3401; x_wconf 85' lang='lat' dir='ltr'><strong>qui</strong></span> <span class='ocrx_word' id='word_1_393' title='bbox 994 3333 1239 3389; x_wconf 91' lang='lat' dir='ltr'><strong>animum</strong></span> <span class='ocrx_word' id='word_1_394' title='bbox 1276 3334 1456 3405; x_wconf 87' lang='lat' dir='ltr'><strong>ipsum</strong></span> <span class='ocrx_word' id='word_1_395' title='bbox 1491 3338 1794 3402; x_wconf 89' lang='lat' dir='ltr'><strong>interimat,</strong></span> <span class='ocrx_word' id='word_1_396' title='bbox 1824 3336 2018 3410; x_wconf 70' lang='lat' dir='ltr'><strong>exspe-</strong></span> 
     </span>
    </p>
   </div>
   <div class='ocr_carea' id='block_1_53' title="bbox 437 3420 2017 3496">
    <p class='ocr_par' dir='ltr' id='par_1_53' title="bbox 437 3420 2017 3496">
     <span class='ocr_line' id='line_1_53' title="bbox 437 3420 2017 3496; baseline 0.009 -26"><span class='ocrx_word' id='word_1_397' title='bbox 437 3425 589 3473; x_wconf 90' lang='lat' dir='ltr'><strong>ctare</strong></span> <span class='ocrx_word' id='word_1_398' title='bbox 615 3420 830 3488; x_wconf 84' lang='lat' dir='ltr'><strong>possit?</strong></span> <span class='ocrx_word' id='word_1_399' title='bbox 860 3429 955 3474; x_wconf 88' lang='lat' dir='ltr'><strong>aut</strong></span> <span class='ocrx_word' id='word_1_400' title='bbox 985 3421 1080 3490; x_wconf 90' lang='lat' dir='ltr'><strong>qui</strong></span> <span class='ocrx_word' id='word_1_401' title='bbox 1110 3424 1256 3479; x_wconf 89' lang='lat' dir='ltr'><strong>modi</strong></span> <span class='ocrx_word' id='word_1_402' title='bbox 1281 3425 1421 3493; x_wconf 80' lang='lat' dir='ltr'><strong>ejus,</strong></span> <span class='ocrx_word' id='word_1_403' title='bbox 1454 3441 1565 3495; x_wconf 92' lang='lat' dir='ltr'><strong>quo</strong></span> <span class='ocrx_word' id='word_1_404' title='bbox 1594 3442 1689 3496; x_wconf 91' lang='lat' dir='ltr'><strong>per</strong></span> <span class='ocrx_word' id='word_1_405' title='bbox 1715 3443 1836 3483; x_wconf 85' lang='lat' dir='ltr'><strong>sese</strong></span> <span class='ocrx_word' id='word_1_406' title='bbox 1866 3430 2017 3485; x_wconf 92' lang='lat' dir='ltr'><strong>illum</strong></span> 
     </span>
    </p>
   </div>
   <div class='ocr_carea' id='block_1_54' title="bbox 437 3509 2019 3589">
    <p class='ocr_par' dir='ltr' id='par_1_54' title="bbox 437 3509 2019 3589">
     <span class='ocr_line' id='line_1_54' title="bbox 437 3509 2019 3589; baseline 0.008 -27"><span class='ocrx_word' id='word_1_407' title='bbox 437 3509 648 3564; x_wconf 81' lang='lat' dir='ltr'><strong>moveri</strong></span> <span class='ocrx_word' id='word_1_408' title='bbox 693 3510 951 3578; x_wconf 91' lang='lat' dir='ltr'><strong>dicimus,</strong></span> <span class='ocrx_word' id='word_1_409' title='bbox 983 3512 1052 3566; x_wconf 88' lang='lat' dir='ltr'><strong>ab</strong></span> <span class='ocrx_word' id='word_1_410' title='bbox 1083 3512 1151 3568; x_wconf 92' lang='lat' dir='ltr'><strong>iis</strong></span> <span class='ocrx_word' id='word_1_411' title='bbox 1181 3514 1431 3570; x_wconf 89' lang='lat' dir='ltr'><strong>doctrina</strong></span> <span class='ocrx_word' id='word_1_412' title='bbox 1462 3516 1572 3570; x_wconf 88' lang='lat' dir='ltr'><strong>ulla</strong></span> <span class='ocrx_word' id='word_1_413' title='bbox 1609 3527 1889 3587; x_wconf 89' lang='lat' dir='ltr'><strong>speretur,</strong></span> <span class='ocrx_word' id='word_1_414' title='bbox 1924 3521 2019 3589; x_wconf 94' lang='lat' dir='ltr'><strong>qui</strong></span> 
     </span>
    </p>
   </div>
   <div class='ocr_carea' id='block_1_55' title="bbox 435 3600 2025 3677">
    <p class='ocr_par' dir='ltr' id='par_1_55' title="bbox 435 3600 2025 3677">
     <span class='ocr_line' id='line_1_55' title="bbox 435 3600 2025 3677; baseline 0.008 -23"><span class='ocrx_word' id='word_1_415' title='bbox 435 3600 653 3655; x_wconf 90' lang='lat' dir='ltr'><strong>nullum</strong></span> <span class='ocrx_word' id='word_1_416' title='bbox 699 3616 932 3671; x_wconf 89' lang='lat' dir='ltr'><strong>prorsus</strong></span> <span class='ocrx_word' id='word_1_417' title='bbox 965 3604 1019 3673; x_wconf 73' lang='lat' dir='ltr'><strong>ei</strong></span> <span class='ocrx_word' id='word_1_418' title='bbox 1051 3614 1261 3659; x_wconf 92' lang='lat' dir='ltr'><strong>motum</strong></span> <span class='ocrx_word' id='word_1_419' title='bbox 1304 3608 1645 3661; x_wconf 76' lang='lat' dir='ltr'><strong>concedant?</strong></span> <span class='ocrx_word' id='word_1_420' title='bbox 1684 3608 1836 3677; x_wconf 85' lang='lat' dir='ltr'><strong>Esto,</strong></span> <span class='ocrx_word' id='word_1_421' title='bbox 1877 3612 2025 3667; x_wconf 90' lang='lat' dir='ltr'><strong>dicat</strong></span> 
     </span>
    </p>
   </div>
   <div class='ocr_carea' id='block_1_56' title="bbox 438 3693 2019 3772">
    <p class='ocr_par' dir='ltr' id='par_1_56' title="bbox 438 3693 2019 3772">
     <span class='ocr_line' id='line_1_56' title="bbox 438 3693 2019 3772; baseline 0.008 -25"><span class='ocrx_word' id='word_1_422' title='bbox 438 3693 640 3765; x_wconf 87' lang='lat' dir='ltr'><strong>aliquis</strong></span> <span class='ocrx_word' id='word_1_423' title='bbox 667 3711 682 3748; x_wconf 89' lang='lat'><strong>:</strong></span> <span class='ocrx_word' id='word_1_424' title='bbox 711 3702 769 3749; x_wconf 90' lang='lat' dir='ltr'><strong>at</strong></span> <span class='ocrx_word' id='word_1_425' title='bbox 800 3704 951 3752; x_wconf 89' lang='lat' dir='ltr'><strong>certe</strong></span> <span class='ocrx_word' id='word_1_426' title='bbox 986 3697 1188 3752; x_wconf 91' lang='lat' dir='ltr'><strong>mentis</strong></span> <span class='ocrx_word' id='word_1_427' title='bbox 1219 3697 1682 3755; x_wconf 82' lang='lat' dir='ltr'><strong>immortalitatem</strong></span> <span class='ocrx_word' id='word_1_428' title='bbox 1715 3703 1861 3772; x_wconf 87' lang='lat' dir='ltr'><strong>quod</strong></span> <span class='ocrx_word' id='word_1_429' title='bbox 1893 3704 2019 3760; x_wconf 91' lang='lat' dir='ltr'><strong>atti-</strong></span> 
     </span>
    </p>
   </div>
   <div class='ocr_carea' id='block_1_57' title="bbox 436 3785 2018 3860">
    <p class='ocr_par' dir='ltr' id='par_1_57' title="bbox 436 3785 2018 3860">
     <span class='ocr_line' id='line_1_57' title="bbox 436 3785 2018 3860; baseline 0.008 -22"><span class='ocrx_word' id='word_1_430' title='bbox 436 3795 552 3853; x_wconf 86' lang='lat' dir='ltr'><strong>net,</strong></span> <span class='ocrx_word' id='word_1_431' title='bbox 578 3785 901 3843; x_wconf 85' lang='lat' dir='ltr'><strong>Aristoteles</strong></span> <span class='ocrx_word' id='word_1_432' title='bbox 922 3802 1046 3842; x_wconf 89' lang='lat' dir='ltr'><strong>cum</strong></span> <span class='ocrx_word' id='word_1_433' title='bbox 1074 3786 1302 3845; x_wconf 89' lang='lat' dir='ltr'><strong>Platone</strong></span> <span class='ocrx_word' id='word_1_434' title='bbox 1335 3792 1628 3846; x_wconf 87' lang='lat' dir='ltr'><strong>consentit.</strong></span> <span class='ocrx_word' id='word_1_435' title='bbox 1662 3791 1713 3848; x_wconf 85' lang='lat' dir='ltr'><strong>is</strong></span> <span class='ocrx_word' id='word_1_436' title='bbox 1744 3795 1887 3848; x_wconf 89' lang='lat' dir='ltr'><strong>enim</strong></span> <span class='ocrx_word' id='word_1_437' title='bbox 1908 3836 1924 3860; x_wconf 90' lang='lat'><strong>,</strong></span> <span class='ocrx_word' id='word_1_438' title='bbox 1955 3806 2018 3850; x_wconf 90' lang='lat' dir='ltr'><strong>ut</strong></span> 
     </span>
    </p>
   </div>
   <div class='ocr_carea' id='block_1_58' title="bbox 435 3878 2017 3947">
    <p class='ocr_par' dir='ltr' id='par_1_58' title="bbox 435 3878 2017 3947">
     <span class='ocr_line' id='line_1_58' title="bbox 435 3878 2017 3947; baseline 0.008 -19"><span class='ocrx_word' id='word_1_439' title='bbox 435 3889 546 3929; x_wconf 90' lang='lat' dir='ltr'><strong>non</strong></span> <span class='ocrx_word' id='word_1_440' title='bbox 576 3889 795 3930; x_wconf 89' lang='lat' dir='ltr'><strong>omnem</strong></span> <span class='ocrx_word' id='word_1_441' title='bbox 841 3878 1084 3933; x_wconf 90' lang='lat' dir='ltr'><strong>animum</strong></span> <span class='ocrx_word' id='word_1_442' title='bbox 1125 3879 1489 3935; x_wconf 84' lang='lat' dir='ltr'><strong>immortalem</strong></span> <span class='ocrx_word' id='word_1_443' title='bbox 1519 3896 1641 3937; x_wconf 90' lang='lat' dir='ltr'><strong>esse</strong></span> <span class='ocrx_word' id='word_1_444' title='bbox 1672 3883 1820 3947; x_wconf 85' lang='lat' dir='ltr'><strong>velit,</strong></span> <span class='ocrx_word' id='word_1_445' title='bbox 1863 3900 2017 3940; x_wconf 87' lang='lat' dir='ltr'><strong>men-</strong></span> 
     </span>
    </p>
   </div>
   <div class='ocr_carea' id='block_1_59' title="bbox 432 3960 2017 4050">
    <p class='ocr_par' dir='ltr' id='par_1_59' title="bbox 432 3960 2017 4050">
     <span class='ocr_line' id='line_1_59' title="bbox 432 3960 2017 4050; baseline 0.008 -29"><span class='ocrx_word' id='word_1_446' title='bbox 432 3976 542 4021; x_wconf 92' lang='lat' dir='ltr'><strong>tem</strong></span> <span class='ocrx_word' id='word_1_447' title='bbox 571 3968 791 4037; x_wconf 91' lang='lat' dir='ltr'><strong>quidem</strong></span> <span class='ocrx_word' id='word_1_448' title='bbox 817 3960 873 4023; x_wconf 91' lang='lat' dir='ltr'><strong>et</strong></span> <span class='ocrx_word' id='word_1_449' title='bbox 894 3969 1136 4025; x_wconf 83' lang='lat' dir='ltr'><strong>divinam</strong></span> <span class='ocrx_word' id='word_1_450' title='bbox 1166 3986 1310 4036; x_wconf 89' lang='lat' dir='ltr'><strong>esse,</strong></span> <span class='ocrx_word' id='word_1_451' title='bbox 1340 3982 1397 4029; x_wconf 92' lang='lat' dir='ltr'><strong>et</strong></span> <span class='ocrx_word' id='word_1_452' title='bbox 1424 3976 1798 4045; x_wconf 89' lang='lat' dir='ltr'><strong>corruptionis</strong></span> <span class='ocrx_word' id='word_1_453' title='bbox 1824 3992 2017 4050; x_wconf 81' lang='lat' dir='ltr'><strong>exper-</strong></span> 
     </span>
    </p>
   </div>
   <div class='ocr_carea' id='block_1_60' title="bbox 433 4059 2012 4138">
    <p class='ocr_par' dir='ltr' id='par_1_60' title="bbox 433 4059 2012 4138">
     <span class='ocr_line' id='line_1_60' title="bbox 433 4059 2012 4138; baseline 0.006 -23"><span class='ocrx_word' id='word_1_454' title='bbox 433 4069 542 4115; x_wconf 90' lang='lat' dir='ltr'><strong>tem</strong></span> <span class='ocrx_word' id='word_1_455' title='bbox 587 4059 808 4118; x_wconf 82' lang='lat' dir='ltr'><strong>fatetur.</strong></span> <span class='ocrx_word' id='word_1_456' title='bbox 851 4060 1018 4133; x_wconf 82' lang='lat' dir='ltr'><strong>Ergo,</strong></span> <span class='ocrx_word' id='word_1_457' title='bbox 1051 4078 1173 4134; x_wconf 64' lang='lat' dir='ltr'><strong>quae</strong></span> <span class='ocrx_word' id='word_1_458' title='bbox 1202 4066 1401 4121; x_wconf 91' lang='lat' dir='ltr'><strong>mentis</strong></span> <span class='ocrx_word' id='word_1_459' title='bbox 1439 4065 1599 4133; x_wconf 85' lang='lat' dir='ltr'><strong>hujus</strong></span> <span class='ocrx_word' id='word_1_460' title='bbox 1623 4070 1860 4125; x_wconf 89' lang='lat' dir='ltr'><strong>essentia</strong></span> <span class='ocrx_word' id='word_1_461' title='bbox 1900 4070 2012 4138; x_wconf 89' lang='lat' dir='ltr'><strong>sit,</strong></span> 
     </span>
    </p>
   </div>
   <div class='ocr_carea' id='block_1_61' title="bbox 431 4144 2010 4239">
    <p class='ocr_par' dir='ltr' id='par_1_61' title="bbox 431 4144 2010 4239">
     <span class='ocr_line' id='line_1_61' title="bbox 431 4144 2010 4239; baseline 0.007 -32"><span class='ocrx_word' id='word_1_462' title='bbox 431 4168 555 4223; x_wconf 72' lang='lat' dir='ltr'><strong>quae</strong></span> <span class='ocrx_word' id='word_1_463' title='bbox 583 4160 800 4220; x_wconf 87' lang='lat' dir='ltr'><strong>natura,</strong></span> <span class='ocrx_word' id='word_1_464' title='bbox 835 4155 980 4210; x_wconf 90' lang='lat' dir='ltr'><strong>unde</strong></span> <span class='ocrx_word' id='word_1_465' title='bbox 1016 4155 1098 4210; x_wconf 90' lang='lat' dir='ltr'><strong>vel</strong></span> <span class='ocrx_word' id='word_1_466' title='bbox 1128 4156 1294 4239; x_wconf 78' lang='lat' dir='ltr'><strong>ducat</strong></span> <span class='ocrx_word' id='word_1_467' title='bbox 1327 4144 1618 4230; x_wconf 77' lang='lat' dir='ltr'><strong>originem,</strong></span> <span class='ocrx_word' id='word_1_468' title='bbox 1653 4161 1737 4216; x_wconf 86' lang='lat' dir='ltr'><strong>vel</strong></span> <span class='ocrx_word' id='word_1_469' title='bbox 1774 4162 2010 4218; x_wconf 81' lang='lat' dir='ltr'><strong>homini-</strong></span> 
     </span>
    </p>
   </div>
   <div class='ocr_carea' id='block_1_62' title="bbox 2140 1971 3727 2051">
    <p class='ocr_par' dir='ltr' id='par_1_62' title="bbox 2140 1971 3727 2051">
     <span class='ocr_line' id='line_1_62' title="bbox 2140 1971 3727 2051; baseline 0.005 -25"><span class='ocrx_word' id='word_1_470' title='bbox 2140 1975 2410 2046; x_wconf 84' lang='grc' dir='ltr'>χρήσιμος</span> <span class='ocrx_word' id='word_1_471' title='bbox 2442 1975 2509 2029; x_wconf 87' lang='grc' dir='ltr'><strong>ἂν</strong></span> <span class='ocrx_word' id='word_1_472' title='bbox 2545 1971 2684 2030; x_wconf 75' lang='grc' dir='ltr'>εἶναι</span> <span class='ocrx_word' id='word_1_473' title='bbox 2706 1977 2907 2048; x_wconf 82' lang='grc' dir='ltr'>δοκοίη.</span> <span class='ocrx_word' id='word_1_474' title='bbox 2947 1978 3045 2041; x_wconf 89' lang='grc' dir='ltr'><strong>Τίς</strong></span> <span class='ocrx_word' id='word_1_475' title='bbox 3081 1973 3174 2030; x_wconf 76' lang='grc' dir='ltr'>οὖν</span> <span class='ocrx_word' id='word_1_476' title='bbox 3199 1981 3232 2048; x_wconf 84' lang='grc' dir='ltr'><strong>ἡ</strong></span> <span class='ocrx_word' id='word_1_477' title='bbox 3275 1976 3497 2049; x_wconf 82' lang='grc' dir='ltr'>βοήθεια</span> <span class='ocrx_word' id='word_1_478' title='bbox 3523 1978 3602 2050; x_wconf 85' lang='grc' dir='ltr'><strong>τῷ</strong></span> <span class='ocrx_word' id='word_1_479' title='bbox 3626 1980 3727 2051; x_wconf 78' lang='grc' dir='ltr'><strong>τὴν</strong></span> 
     </span>
    </p>
   </div>
   <div class='ocr_carea' id='block_1_63' title="bbox 2136 2064 3726 2144">
    <p class='ocr_par' dir='ltr' id='par_1_63' title="bbox 2136 2064 3726 2144">
     <span class='ocr_line' id='line_1_63' title="bbox 2136 2064 3726 2144; baseline 0.006 -27"><span class='ocrx_word' id='word_1_480' title='bbox 2136 2064 2315 2136; x_wconf 72' lang='grc' dir='ltr'>ψυχὴν</span> <span class='ocrx_word' id='word_1_481' title='bbox 2366 2065 2634 2121; x_wconf 86' lang='grc' dir='ltr'>ἀθάνατον</span> <span class='ocrx_word' id='word_1_482' title='bbox 2665 2065 2805 2123; x_wconf 82' lang='grc' dir='ltr'>εἶναι</span> <span class='ocrx_word' id='word_1_483' title='bbox 2854 2068 3058 2122; x_wconf 82' lang='grc' dir='ltr'>θέλοντι</span> <span class='ocrx_word' id='word_1_484' title='bbox 3110 2070 3260 2142; x_wconf 78' lang='grc' dir='ltr'>παρὰ</span> <span class='ocrx_word' id='word_1_485' title='bbox 3295 2069 3398 2123; x_wconf 78' lang='grc' dir='ltr'><strong>τοῦ</strong></span> <span class='ocrx_word' id='word_1_486' title='bbox 3422 2070 3521 2142; x_wconf 75' lang='grc' dir='ltr'><strong>τὴν</strong></span> <span class='ocrx_word' id='word_1_487' title='bbox 3546 2071 3726 2144; x_wconf 79' lang='grc' dir='ltr'>ψυχὴν</span> 
     </span>
    </p>
   </div>
   <div class='ocr_carea' id='block_1_64' title="bbox 2136 2157 3724 2234">
    <p class='ocr_par' dir='ltr' id='par_1_64' title="bbox 2136 2157 3724 2234">
     <span class='ocr_line' id='line_1_64' title="bbox 2136 2157 3724 2234; baseline 0.004 -25"><span class='ocrx_word' id='word_1_488' title='bbox 2136 2157 2589 2224; x_wconf 81' lang='grc' dir='ltr'>ἀποκτιννοῦντος</span> <span class='ocrx_word' id='word_1_489' title='bbox 2618 2176 2633 2226; x_wconf 91' lang='lat'><strong>;</strong></span> <span class='ocrx_word' id='word_1_490' title='bbox 2670 2160 2766 2223; x_wconf 83' lang='grc' dir='ltr'><strong>Τίς</strong></span> <span class='ocrx_word' id='word_1_491' title='bbox 2793 2160 2850 2213; x_wconf 86' lang='grc' dir='ltr'><strong>δὲ</strong></span> <span class='ocrx_word' id='word_1_492' title='bbox 2874 2163 2907 2231; x_wconf 80' lang='grc' dir='ltr'>ὴ</span> <span class='ocrx_word' id='word_1_493' title='bbox 2943 2160 3258 2215; x_wconf 85' lang='grc' dir='ltr'>διδασκαλία</span> <span class='ocrx_word' id='word_1_494' title='bbox 3274 2161 3369 2215; x_wconf 88' lang='grc' dir='ltr'><strong>τοῦ</strong></span> <span class='ocrx_word' id='word_1_495' title='bbox 3391 2164 3592 2234; x_wconf 85' lang='grc' dir='ltr'>τρόπου</span> <span class='ocrx_word' id='word_1_496' title='bbox 3622 2164 3724 2234; x_wconf 83' lang='grc' dir='ltr'>τῆς</span> 
     </span>
    </p>
   </div>
   <div class='ocr_carea' id='block_1_65' title="bbox 2136 2249 3722 2326">
    <p class='ocr_par' dir='ltr' id='par_1_65' title="bbox 2136 2249 3722 2326">
     <span class='ocr_line' id='line_1_65' title="bbox 2136 2249 3722 2326; baseline 0.006 -25"><span class='ocrx_word' id='word_1_497' title='bbox 2136 2249 2400 2320; x_wconf 80' lang='grc' dir='ltr'>κινήσεως</span> <span class='ocrx_word' id='word_1_498' title='bbox 2425 2290 2439 2314; x_wconf 87' lang='grc'><em>,</em></span> <span class='ocrx_word' id='word_1_499' title='bbox 2483 2250 2606 2304; x_wconf 83' lang='grc' dir='ltr'>καθ’</span> <span class='ocrx_word' id='word_1_500' title='bbox 2633 2251 2694 2306; x_wconf 77' lang='grc' dir='ltr'>ὃν</span> <span class='ocrx_word' id='word_1_501' title='bbox 2726 2252 3081 2322; x_wconf 80' lang='grc' dir='ltr'>αὐτοκίνητον</span> <span class='ocrx_word' id='word_1_502' title='bbox 3123 2254 3293 2326; x_wconf 82' lang='grc' dir='ltr'>αὐτήν</span> <span class='ocrx_word' id='word_1_503' title='bbox 3327 2272 3529 2326; x_wconf 80' lang='grc' dir='ltr'>φαμεν,</span> <span class='ocrx_word' id='word_1_504' title='bbox 3571 2254 3722 2326; x_wconf 86' lang='grc' dir='ltr'><strong>παρά</strong></span> 
     </span>
    </p>
   </div>
   <div class='ocr_carea' id='block_1_66' title="bbox 2133 2339 3719 2417">
    <p class='ocr_par' dir='ltr' id='par_1_66' title="bbox 2133 2339 3719 2417">
     <span class='ocr_line' id='line_1_66' title="bbox 2133 2339 3719 2417; baseline 0.006 -26"><span class='ocrx_word' id='word_1_505' title='bbox 2133 2339 2242 2393; x_wconf 83' lang='grc' dir='ltr'><strong>τῶν</strong></span> <span class='ocrx_word' id='word_1_506' title='bbox 2274 2341 2408 2411; x_wconf 82' lang='grc' dir='ltr'>μηδὲ</span> <span class='ocrx_word' id='word_1_507' title='bbox 2446 2342 2506 2396; x_wconf 87' lang='grc' dir='ltr'>τὸ</span> <span class='ocrx_word' id='word_1_508' title='bbox 2528 2343 2794 2414; x_wconf 80' lang='grc' dir='ltr'>παράπαν</span> <span class='ocrx_word' id='word_1_509' title='bbox 2832 2344 2969 2415; x_wconf 76' lang='grc' dir='ltr'>αύτῇ</span> <span class='ocrx_word' id='word_1_510' title='bbox 2999 2344 3215 2415; x_wconf 85' lang='grc' dir='ltr'>κίνησιν</span> <span class='ocrx_word' id='word_1_511' title='bbox 3245 2346 3552 2417; x_wconf 75' lang='grc' dir='ltr'>νεμόντωνς</span> <span class='ocrx_word' id='word_1_512' title='bbox 3588 2347 3719 2400; x_wconf 68' lang='grc' dir='ltr'>Ναί*</span> 
     </span>
    </p>
   </div>
   <div class='ocr_carea' id='block_1_67' title="bbox 2132 2431 3721 2510">
    <p class='ocr_par' dir='ltr' id='par_1_67' title="bbox 2132 2431 3721 2510">
     <span class='ocr_line' id='line_1_67' title="bbox 2132 2431 3721 2510; baseline 0.006 -27"><span class='ocrx_word' id='word_1_513' title='bbox 2132 2431 2266 2485; x_wconf 83' lang='grc' dir='ltr'><strong>ἀλλά</strong></span> <span class='ocrx_word' id='word_1_514' title='bbox 2292 2433 2432 2487; x_wconf 89' lang='grc' dir='ltr'>κατά</span> <span class='ocrx_word' id='word_1_515' title='bbox 2458 2450 2522 2502; x_wconf 90' lang='grc' dir='ltr'><strong>γε</strong></span> <span class='ocrx_word' id='word_1_516' title='bbox 2554 2433 2655 2510; x_wconf 79' lang='grc' dir='ltr'><strong>τὴν</strong></span> <span class='ocrx_word' id='word_1_517' title='bbox 2691 2435 2990 2490; x_wconf 83' lang='grc' dir='ltr'>ἀθανασίαν</span> <span class='ocrx_word' id='word_1_518' title='bbox 3037 2435 3133 2489; x_wconf 88' lang='grc' dir='ltr'><strong>τοῦ</strong></span> <span class='ocrx_word' id='word_1_519' title='bbox 3182 2436 3275 2491; x_wconf 92' lang='grc' dir='ltr'><strong>νοῦ</strong></span> <span class='ocrx_word' id='word_1_520' title='bbox 3325 2439 3493 2510; x_wconf 82' lang='grc' dir='ltr'>φήσαι</span> <span class='ocrx_word' id='word_1_521' title='bbox 3536 2455 3620 2502; x_wconf 89' lang='grc' dir='ltr'><strong>τις</strong></span> <span class='ocrx_word' id='word_1_522' title='bbox 3653 2438 3721 2493; x_wconf 79' lang='grc' dir='ltr'><strong>ἂν</strong></span> 
     </span>
    </p>
   </div>
   <div class='ocr_carea' id='block_1_68' title="bbox 2131 2508 3722 2602">
    <p class='ocr_par' dir='ltr' id='par_1_68' title="bbox 2131 2508 3722 2602">
     <span class='ocr_line' id='line_1_68' title="bbox 2131 2508 3722 2602; baseline 0.006 -26"><span class='ocrx_word' id='word_1_523' title='bbox 2131 2524 2293 2578; x_wconf 79' lang='grc' dir='ltr'>αὐτὸν</span> <span class='ocrx_word' id='word_1_524' title='bbox 2323 2508 2602 2581; x_wconf 71' lang='grc' dir='ltr'>κοινωνεῖν</span> <span class='ocrx_word' id='word_1_525' title='bbox 2625 2528 2895 2582; x_wconf 88' lang='grc' dir='ltr'>Πλάτωνι.</span> <span class='ocrx_word' id='word_1_526' title='bbox 2930 2529 3040 2582; x_wconf 79' lang='grc' dir='ltr'>Καὶ</span> <span class='ocrx_word' id='word_1_527' title='bbox 3062 2528 3171 2600; x_wconf 84' lang='grc' dir='ltr'>γὰρ</span> <span class='ocrx_word' id='word_1_528' title='bbox 3205 2531 3254 2583; x_wconf 87' lang='grc' dir='ltr'><strong>εί</strong></span> <span class='ocrx_word' id='word_1_529' title='bbox 3287 2530 3362 2602; x_wconf 82' lang='grc' dir='ltr'>μὴ</span> <span class='ocrx_word' id='word_1_530' title='bbox 3388 2508 3576 2585; x_wconf 14' lang='grc' dir='ltr'>ήπᾶσαν</span> <span class='ocrx_word' id='word_1_531' title='bbox 3605 2531 3722 2602; x_wconf 85' lang='grc' dir='ltr'>βού-</span> 
     </span>
    </p>
   </div>
   <div class='ocr_carea' id='block_1_69' title="bbox 2128 2615 3721 2693">
    <p class='ocr_par' dir='ltr' id='par_1_69' title="bbox 2128 2615 3721 2693">
     <span class='ocr_line' id='line_1_69' title="bbox 2128 2615 3721 2693; baseline 0.004 -25"><span class='ocrx_word' id='word_1_532' title='bbox 2128 2615 2277 2669; x_wconf 86' lang='grc' dir='ltr'>λεται</span> <span class='ocrx_word' id='word_1_533' title='bbox 2308 2617 2409 2687; x_wconf 85' lang='grc' dir='ltr'>τὴν</span> <span class='ocrx_word' id='word_1_534' title='bbox 2434 2618 2612 2691; x_wconf 79' lang='grc' dir='ltr'>ψυχὴν</span> <span class='ocrx_word' id='word_1_535' title='bbox 2640 2619 2912 2673; x_wconf 78' lang='grc' dir='ltr'>ἀθάνατον</span> <span class='ocrx_word' id='word_1_536' title='bbox 2941 2615 3102 2686; x_wconf 80' lang='grc' dir='ltr'>εἶναι,</span> <span class='ocrx_word' id='word_1_537' title='bbox 3152 2620 3244 2675; x_wconf 85' lang='grc' dir='ltr'>τόν</span> <span class='ocrx_word' id='word_1_538' title='bbox 3269 2638 3332 2691; x_wconf 90' lang='grc' dir='ltr'><strong>γε</strong></span> <span class='ocrx_word' id='word_1_539' title='bbox 3373 2621 3497 2675; x_wconf 90' lang='grc' dir='ltr'>νοῦν</span> <span class='ocrx_word' id='word_1_540' title='bbox 3528 2620 3721 2693; x_wconf 87' lang='grc' dir='ltr'>ὁμολο-</span> 
     </span>
    </p>
   </div>
   <div class='ocr_carea' id='block_1_70' title="bbox 2128 2696 3721 2784">
    <p class='ocr_par' dir='ltr' id='par_1_70' title="bbox 2128 2696 3721 2784">
     <span class='ocr_line' id='line_1_70' title="bbox 2128 2696 3721 2784; baseline 0.004 -23"><span class='ocrx_word' id='word_1_541' title='bbox 2128 2711 2217 2777; x_wconf 82' lang='grc' dir='ltr'>γεῖ</span> <span class='ocrx_word' id='word_1_542' title='bbox 2247 2699 2389 2762; x_wconf 81' lang='grc' dir='ltr'>θεῖόν</span> <span class='ocrx_word' id='word_1_543' title='bbox 2411 2719 2481 2763; x_wconf 89' lang='grc' dir='ltr'>’τε</span> <span class='ocrx_word' id='word_1_544' title='bbox 2514 2711 2610 2764; x_wconf 79' lang='grc' dir='ltr'><strong>καὶ</strong></span> <span class='ocrx_word' id='word_1_545' title='bbox 2659 2696 2938 2783; x_wconf 63' lang='grc' dir='ltr'>ἄφθαρτον</span> <span class='ocrx_word' id='word_1_546' title='bbox 2969 2708 3129 2765; x_wconf 77' lang='grc' dir='ltr'>εἶναι.</span> <span class='ocrx_word' id='word_1_547' title='bbox 3166 2712 3264 2775; x_wconf 87' lang='grc' dir='ltr'><strong>Τίς</strong></span> <span class='ocrx_word' id='word_1_548' title='bbox 3319 2714 3416 2783; x_wconf 86' lang='grc' dir='ltr'><strong>μὲν</strong></span> <span class='ocrx_word' id='word_1_549' title='bbox 3469 2707 3564 2766; x_wconf 80' lang='grc' dir='ltr'><strong>οῦν</strong></span> <span class='ocrx_word' id='word_1_550' title='bbox 3619 2712 3721 2784; x_wconf 82' lang='grc' dir='ltr'><strong>τὴν</strong></span> 
     </span>
    </p>
   </div>
   <div class='ocr_carea' id='block_1_71' title="bbox 2124 2800 3720 2875">
    <p class='ocr_par' dir='ltr' id='par_1_71' title="bbox 2124 2800 3720 2875">
     <span class='ocr_line' id='line_1_71' title="bbox 2124 2800 3720 2875; baseline 0.003 -22"><span class='ocrx_word' id='word_1_551' title='bbox 2124 2800 2313 2857; x_wconf 80' lang='grc' dir='ltr'>οὐσίαν</span> <span class='ocrx_word' id='word_1_552' title='bbox 2366 2803 2462 2857; x_wconf 80' lang='grc' dir='ltr'><strong>καὶ</strong></span> <span class='ocrx_word' id='word_1_553' title='bbox 2518 2803 2618 2875; x_wconf 82' lang='grc' dir='ltr'><strong>τὴν</strong></span> <span class='ocrx_word' id='word_1_554' title='bbox 2651 2804 2814 2873; x_wconf 75' lang='grc' dir='ltr'>φύσιν</span> <span class='ocrx_word' id='word_1_555' title='bbox 2865 2806 2894 2858; x_wconf 75' lang='grc' dir='ltr'>ὁ</span> <span class='ocrx_word' id='word_1_556' title='bbox 2931 2803 3076 2870; x_wconf 90' lang='grc' dir='ltr'>νοῦς,</span> <span class='ocrx_word' id='word_1_557' title='bbox 3112 2804 3234 2860; x_wconf 85' lang='grc' dir='ltr'>ὅθεν</span> <span class='ocrx_word' id='word_1_558' title='bbox 3267 2804 3363 2871; x_wconf 82' lang='grc' dir='ltr'>ὢν,</span> <span class='ocrx_word' id='word_1_559' title='bbox 3409 2806 3506 2860; x_wconf 80' lang='grc' dir='ltr'>καὶ</span> <span class='ocrx_word' id='word_1_560' title='bbox 3552 2803 3720 2859; x_wconf 84' lang='grc' dir='ltr'>πόθεν</span> 
     </span>
    </p>
   </div>
   <div class='ocr_carea' id='block_1_72' title="bbox 2124 2892 3719 2969">
    <p class='ocr_par' dir='ltr' id='par_1_72' title="bbox 2124 2892 3719 2969">
     <span class='ocr_line' id='line_1_72' title="bbox 2124 2892 3719 2969; baseline 0.003 -25"><span class='ocrx_word' id='word_1_561' title='bbox 2124 2892 2600 2967; x_wconf 70' lang='grc' dir='ltr'>ἑπεισκρινόμενος</span> <span class='ocrx_word' id='word_1_562' title='bbox 2620 2900 2732 2961; x_wconf 87' lang='grc' dir='ltr'>τοῖς</span> <span class='ocrx_word' id='word_1_563' title='bbox 2752 2895 3078 2969; x_wconf 86' lang='grc' dir='ltr'>ἀνθρώποις,</span> <span class='ocrx_word' id='word_1_564' title='bbox 3106 2897 3201 2950; x_wconf 75' lang='grc' dir='ltr'>καὶ</span> <span class='ocrx_word' id='word_1_565' title='bbox 3220 2896 3324 2950; x_wconf 86' lang='grc' dir='ltr'><strong>ποῦ</strong></span> <span class='ocrx_word' id='word_1_566' title='bbox 3346 2897 3509 2950; x_wconf 83' lang='grc' dir='ltr'>πάλιν</span> <span class='ocrx_word' id='word_1_567' title='bbox 3538 2895 3719 2950; x_wconf 81' lang='grc' dir='ltr'>ἀπαλ-</span> 
     </span>
    </p>
   </div>
   <div class='ocr_carea' id='block_1_73' title="bbox 2122 2980 3716 3061">
    <p class='ocr_par' dir='ltr' id='par_1_73' title="bbox 2122 2980 3716 3061">
     <span class='ocr_line' id='line_1_73' title="bbox 2122 2980 3716 3061; baseline 0.001 -24"><span class='ocrx_word' id='word_1_568' title='bbox 2122 2981 2468 3056; x_wconf 82' lang='grc' dir='ltr'>λαττόμενος,</span> <span class='ocrx_word' id='word_1_569' title='bbox 2510 2987 2675 3052; x_wconf 82' lang='grc' dir='ltr'>αὐτὸς</span> <span class='ocrx_word' id='word_1_570' title='bbox 2734 2988 2801 3042; x_wconf 88' lang='grc' dir='ltr'><strong>ἂν</strong></span> <span class='ocrx_word' id='word_1_571' title='bbox 2830 2987 3028 3060; x_wconf 81' lang='grc' dir='ltr'>είδείη·</span> <span class='ocrx_word' id='word_1_572' title='bbox 3062 2988 3116 3042; x_wconf 73' lang='grc' dir='ltr'>εἴ</span> <span class='ocrx_word' id='word_1_573' title='bbox 3162 2988 3226 3057; x_wconf 86' lang='grc' dir='ltr'><em>γέ</em></span> <span class='ocrx_word' id='word_1_574' title='bbox 3256 3006 3310 3043; x_wconf 87' lang='grc' dir='ltr'><strong>τι</strong></span> <span class='ocrx_word' id='word_1_575' title='bbox 3359 2989 3603 3061; x_wconf 87' lang='grc' dir='ltr'>συνίησιν</span> <span class='ocrx_word' id='word_1_576' title='bbox 3640 2980 3716 3040; x_wconf 83' lang='grc' dir='ltr'>ὧν</span> 
     </span>
    </p>
   </div>
   <div class='ocr_carea' id='block_1_74' title="bbox 2123 3074 3718 3156">
    <p class='ocr_par' dir='ltr' id='par_1_74' title="bbox 2123 3074 3718 3156">
     <span class='ocr_line' id='line_1_74' title="bbox 2123 3074 3718 3156; baseline 0.007 -27"><span class='ocrx_word' id='word_1_577' title='bbox 2123 3074 2271 3146; x_wconf 69' lang='grc' dir='ltr'>λέγει</span> <span class='ocrx_word' id='word_1_578' title='bbox 2301 3080 2431 3150; x_wconf 79' lang='grc' dir='ltr'>περὶ</span> <span class='ocrx_word' id='word_1_579' title='bbox 2485 3081 2581 3135; x_wconf 89' lang='grc' dir='ltr'><strong>τοῦ</strong></span> <span class='ocrx_word' id='word_1_580' title='bbox 2624 3081 2740 3150; x_wconf 87' lang='grc' dir='ltr'>νοῦ,</span> <span class='ocrx_word' id='word_1_581' title='bbox 2777 3083 2872 3137; x_wconf 81' lang='grc' dir='ltr'>καὶ</span> <span class='ocrx_word' id='word_1_582' title='bbox 2898 3083 2973 3156; x_wconf 81' lang='grc' dir='ltr'>μὴ</span> <span class='ocrx_word' id='word_1_583' title='bbox 3002 3082 3064 3136; x_wconf 83' lang='grc' dir='ltr'>τὸ</span> <span class='ocrx_word' id='word_1_584' title='bbox 3091 3084 3296 3152; x_wconf 79' lang='grc' dir='ltr'>ἄπορον</span> <span class='ocrx_word' id='word_1_585' title='bbox 3325 3084 3421 3138; x_wconf 89' lang='grc' dir='ltr'><strong>τοῦ</strong></span> <span class='ocrx_word' id='word_1_586' title='bbox 3457 3084 3718 3156; x_wconf 83' lang='grc' dir='ltr'>πράγμα-</span> 
     </span>
    </p>
   </div>
   <div class='ocr_carea' id='block_1_75' title="bbox 2121 3166 3715 3246">
    <p class='ocr_par' dir='ltr' id='par_1_75' title="bbox 2121 3166 3715 3246">
     <span class='ocr_line' id='line_1_75' title="bbox 2121 3166 3715 3246; baseline 0.006 -26"><span class='ocrx_word' id='word_1_587' title='bbox 2121 3183 2214 3231; x_wconf 80' lang='grc' dir='ltr'><strong>τος</strong></span> <span class='ocrx_word' id='word_1_588' title='bbox 2245 3166 2324 3238; x_wconf 84' lang='grc' dir='ltr'>τῷ</span> <span class='ocrx_word' id='word_1_589' title='bbox 2351 3169 2557 3241; x_wconf 84' lang='grc' dir='ltr'>ἀσαφεῖ</span> <span class='ocrx_word' id='word_1_590' title='bbox 2584 3174 2678 3227; x_wconf 80' lang='grc' dir='ltr'><strong>τοῦ</strong></span> <span class='ocrx_word' id='word_1_591' title='bbox 2702 3173 2863 3243; x_wconf 83' lang='grc' dir='ltr'>λόγου</span> <span class='ocrx_word' id='word_1_592' title='bbox 2897 3175 3286 3246; x_wconf 83' lang='grc' dir='ltr'>περιστέλλων,</span> <span class='ocrx_word' id='word_1_593' title='bbox 3312 3176 3592 3243; x_wconf 77' lang='grc' dir='ltr'>ἐξίσταται</span> <span class='ocrx_word' id='word_1_594' title='bbox 3622 3175 3715 3229; x_wconf 85' lang='grc' dir='ltr'><strong>τὸν</strong></span> 
     </span>
    </p>
   </div>
   <div class='ocr_carea' id='block_1_76' title="bbox 2118 3256 3716 3339">
    <p class='ocr_par' dir='ltr' id='par_1_76' title="bbox 2118 3256 3716 3339">
     <span class='ocr_line' id='line_1_76' title="bbox 2118 3256 3716 3339; baseline 0.007 -30"><span class='ocrx_word' id='word_1_595' title='bbox 2118 3256 2359 3330; x_wconf 76' lang='grc' dir='ltr'>ἔλεγχον,</span> <span class='ocrx_word' id='word_1_596' title='bbox 2401 3260 2592 3338; x_wconf 85' lang='grc' dir='ltr'>ὥσπερ</span> <span class='ocrx_word' id='word_1_597' title='bbox 2620 3267 2679 3318; x_wconf 87' lang='grc' dir='ltr'>αἱ</span> <span class='ocrx_word' id='word_1_598' title='bbox 2706 3266 2900 3338; x_wconf 80' lang='grc' dir='ltr'>σηπίαι</span> <span class='ocrx_word' id='word_1_599' title='bbox 2916 3266 2977 3320; x_wconf 84' lang='grc' dir='ltr'><strong>τὸ</strong></span> <span class='ocrx_word' id='word_1_600' title='bbox 2993 3267 3361 3339; x_wconf 81' lang='grc' dir='ltr'>δυσθήρευτον</span> <span class='ocrx_word' id='word_1_601' title='bbox 3389 3269 3455 3322; x_wconf 79' lang='grc' dir='ltr'>ἐκ</span> <span class='ocrx_word' id='word_1_602' title='bbox 3469 3268 3565 3321; x_wconf 88' lang='grc' dir='ltr'><strong>τοῦ</strong></span> <span class='ocrx_word' id='word_1_603' title='bbox 3597 3284 3716 3321; x_wconf 88' lang='grc' dir='ltr'>σκο-</span> 
     </span>
    </p>
   </div>
   <div class='ocr_carea' id='block_1_77' title="bbox 2115 3348 3713 3430">
    <p class='ocr_par' dir='ltr' id='par_1_77' title="bbox 2115 3348 3713 3430">
     <span class='ocr_line' id='line_1_77' title="bbox 2115 3348 3713 3430; baseline 0.009 -31"><span class='ocrx_word' id='word_1_604' title='bbox 2115 3348 2296 3402; x_wconf 75' lang='grc' dir='ltr'>τεινοῦ</span> <span class='ocrx_word' id='word_1_605' title='bbox 2326 3352 2703 3430; x_wconf 74' lang='grc' dir='ltr'>ποριζόμενος.</span> <span class='ocrx_word' id='word_1_606' title='bbox 2721 3359 2947 3422; x_wconf 84' lang='grc' dir='ltr'><strong>Πάντως</strong></span> <span class='ocrx_word' id='word_1_607' title='bbox 2986 3358 3043 3411; x_wconf 81' lang='grc' dir='ltr'>δὲ</span> <span class='ocrx_word' id='word_1_608' title='bbox 3074 3360 3166 3413; x_wconf 78' lang='grc' dir='ltr'><strong>καὶ</strong></span> <span class='ocrx_word' id='word_1_609' title='bbox 3194 3359 3253 3413; x_wconf 78' lang='grc' dir='ltr'>ὲν</span> <span class='ocrx_word' id='word_1_610' title='bbox 3282 3359 3496 3424; x_wconf 83' lang='grc' dir='ltr'>τούτοις</span> <span class='ocrx_word' id='word_1_611' title='bbox 3520 3359 3713 3429; x_wconf 79' lang='grc' dir='ltr'><strong>διαφέ-</strong></span> 
     </span>
    </p>
   </div>
   <div class='ocr_carea' id='block_1_78' title="bbox 2120 3444 3712 3524">
    <p class='ocr_par' dir='ltr' id='par_1_78' title="bbox 2120 3444 3712 3524">
     <span class='ocr_line' id='line_1_78' title="bbox 2120 3444 3712 3524; baseline 0.014 -33"><span class='ocrx_word' id='word_1_612' title='bbox 2120 3457 2272 3513; x_wconf 75' lang='grc' dir='ltr'>ρεται</span> <span class='ocrx_word' id='word_1_613' title='bbox 2305 3444 2573 3501; x_wconf 86' lang='grc' dir='ltr'>Πλάτωνι.</span> <span class='ocrx_word' id='word_1_614' title='bbox 2613 3450 2672 3503; x_wconf 88' lang='lat'><strong>&#39;0</strong></span> <span class='ocrx_word' id='word_1_615' title='bbox 2724 3450 2825 3522; x_wconf 88' lang='grc' dir='ltr'><strong>μὲν</strong></span> <span class='ocrx_word' id='word_1_616' title='bbox 2873 3450 2984 3522; x_wconf 88' lang='grc' dir='ltr'><strong>γάρ</strong></span> <span class='ocrx_word' id='word_1_617' title='bbox 3010 3469 3143 3524; x_wconf 79' lang='grc' dir='ltr'>φησι</span> <span class='ocrx_word' id='word_1_618' title='bbox 3197 3453 3324 3507; x_wconf 86' lang='grc' dir='ltr'>νοῦν</span> <span class='ocrx_word' id='word_1_619' title='bbox 3360 3454 3488 3508; x_wconf 81' lang='grc' dir='ltr'>ἄνευ</span> <span class='ocrx_word' id='word_1_620' title='bbox 3531 3453 3712 3524; x_wconf 78' lang='grc' dir='ltr'>ψυχῆς</span> 
     </span>
    </p>
   </div>
   <div class='ocr_carea' id='block_1_79' title="bbox 2119 3530 3712 3617">
    <p class='ocr_par' dir='ltr' id='par_1_79' title="bbox 2119 3530 3712 3617">
     <span class='ocr_line' id='line_1_79' title="bbox 2119 3530 3712 3617; baseline 0.016 -34"><span class='ocrx_word' id='word_1_621' title='bbox 2119 3530 2378 3587; x_wconf 79' lang='grc' dir='ltr'>ἀδύνατον</span> <span class='ocrx_word' id='word_1_622' title='bbox 2406 3532 2546 3590; x_wconf 80' lang='grc' dir='ltr'>εἶναι</span> <span class='ocrx_word' id='word_1_623' title='bbox 2571 3541 2927 3597; x_wconf 82' lang='grc' dir='ltr'>συνίστασθαι</span> <span class='ocrx_word' id='word_1_624' title='bbox 2950 3561 2963 3573; x_wconf 89' lang='grc'><strong>·</strong></span> <span class='ocrx_word' id='word_1_625' title='bbox 2987 3546 3015 3597; x_wconf 92' lang='grc' dir='ltr'><em>ὀ</em></span> <span class='ocrx_word' id='word_1_626' title='bbox 3039 3544 3097 3597; x_wconf 83' lang='grc' dir='ltr'><strong>δὲ</strong></span> <span class='ocrx_word' id='word_1_627' title='bbox 3123 3545 3348 3616; x_wconf 76' lang='grc' dir='ltr'>χωρίζει</span> <span class='ocrx_word' id='word_1_628' title='bbox 3388 3546 3487 3617; x_wconf 80' lang='grc' dir='ltr'><strong>τῆς</strong></span> <span class='ocrx_word' id='word_1_629' title='bbox 3531 3545 3712 3616; x_wconf 73' lang='grc' dir='ltr'>ψυχῆς</span> 
     </span>
    </p>
   </div>
   <div class='ocr_carea' id='block_1_80' title="bbox 2122 3622 3708 3709">
    <p class='ocr_par' dir='ltr' id='par_1_80' title="bbox 2122 3622 3708 3709">
     <span class='ocr_line' id='line_1_80' title="bbox 2122 3622 3708 3709; baseline 0.018 -36"><span class='ocrx_word' id='word_1_630' title='bbox 2122 3623 2213 3675; x_wconf 82' lang='grc' dir='ltr'><strong>τὸν</strong></span> <span class='ocrx_word' id='word_1_631' title='bbox 2239 3622 2385 3678; x_wconf 86' lang='grc' dir='ltr'>νοῦν.</span> <span class='ocrx_word' id='word_1_632' title='bbox 2417 3628 2525 3680; x_wconf 79' lang='grc' dir='ltr'><strong>Καὶ</strong></span> <span class='ocrx_word' id='word_1_633' title='bbox 2543 3629 2606 3683; x_wconf 82' lang='grc' dir='ltr'>τὸ</span> <span class='ocrx_word' id='word_1_634' title='bbox 2636 3632 2736 3703; x_wconf 85' lang='grc' dir='ltr'><strong>τῆς</strong></span> <span class='ocrx_word' id='word_1_635' title='bbox 2761 3634 3060 3698; x_wconf 86' lang='grc' dir='ltr'>ἀθανασίας</span> <span class='ocrx_word' id='word_1_636' title='bbox 3089 3638 3117 3689; x_wconf 86' lang='grc' dir='ltr'>ὁ</span> <span class='ocrx_word' id='word_1_637' title='bbox 3155 3638 3253 3708; x_wconf 85' lang='grc' dir='ltr'><strong>μὲν</strong></span> <span class='ocrx_word' id='word_1_638' title='bbox 3304 3638 3440 3709; x_wconf 81' lang='grc' dir='ltr'>μετὰ</span> <span class='ocrx_word' id='word_1_639' title='bbox 3476 3638 3574 3708; x_wconf 83' lang='grc' dir='ltr'><strong>τῆς</strong></span> <span class='ocrx_word' id='word_1_640' title='bbox 3601 3637 3708 3706; x_wconf 73' lang='grc' dir='ltr'><strong>ψυ-</strong></span> 
     </span>
    </p>
   </div>
   <div class='ocr_carea' id='block_1_81' title="bbox 2125 3714 3709 3800">
    <p class='ocr_par' dir='ltr' id='par_1_81' title="bbox 2125 3714 3709 3800">
     <span class='ocr_line' id='line_1_81' title="bbox 2125 3714 3709 3800; baseline -0.001 -16"><span class='ocrx_word' id='word_1_641' title='bbox 2125 3714 2225 3783; x_wconf 79' lang='grc' dir='ltr'><strong>κῆς</strong></span> <span class='ocrx_word' id='word_1_642' title='bbox 2270 3716 2420 3787; x_wconf 77' lang='grc' dir='ltr'>αὐτῷ</span> <span class='ocrx_word' id='word_1_643' title='bbox 2463 3719 2701 3788; x_wconf 87' lang='grc' dir='ltr'>δίδωσιν,</span> <span class='ocrx_word' id='word_1_644' title='bbox 2735 3724 2812 3789; x_wconf 85' lang='grc' dir='ltr'>ὡς</span> <span class='ocrx_word' id='word_1_645' title='bbox 2833 3724 3010 3791; x_wconf 82' lang='grc' dir='ltr'>ἄλλως</span> <span class='ocrx_word' id='word_1_646' title='bbox 3032 3728 3133 3781; x_wconf 84' lang='grc' dir='ltr'>οὐκ</span> <span class='ocrx_word' id='word_1_647' title='bbox 3161 3728 3545 3800; x_wconf 53' lang='grc' dir='ltr'>ἐνδεχόμενον</span> <span class='ocrx_word' id='word_1_648' title='bbox 3578 3730 3607 3781; x_wconf 87' lang='grc' dir='ltr'><strong>ὁ</strong></span> <span class='ocrx_word' id='word_1_649' title='bbox 3649 3728 3709 3782; x_wconf 74' lang='grc' dir='ltr'><strong>δέ</strong></span> 
     </span>
    </p>
   </div>
   <div class='ocr_carea' id='block_1_82' title="bbox 2123 3808 3711 3893">
    <p class='ocr_par' dir='ltr' id='par_1_82' title="bbox 2123 3808 3711 3893">
     <span class='ocr_line' id='line_1_82' title="bbox 2123 3808 3711 3893; baseline -0.001 -20"><span class='ocrx_word' id='word_1_650' title='bbox 2123 3822 2289 3876; x_wconf 74' lang='grc' dir='ltr'>φησιν</span> <span class='ocrx_word' id='word_1_651' title='bbox 2310 3808 2458 3881; x_wconf 71' lang='grc' dir='ltr'>αὐτῷ</span> <span class='ocrx_word' id='word_1_652' title='bbox 2493 3813 2641 3885; x_wconf 84' lang='grc' dir='ltr'>μόνῳ</span> <span class='ocrx_word' id='word_1_653' title='bbox 2672 3816 3028 3890; x_wconf 78' lang='grc' dir='ltr'>χωριζομένῳ</span> <span class='ocrx_word' id='word_1_654' title='bbox 3066 3819 3167 3890; x_wconf 82' lang='grc' dir='ltr'>τῆς</span> <span class='ocrx_word' id='word_1_655' title='bbox 3206 3820 3384 3893; x_wconf 79' lang='grc' dir='ltr'>ψυχῆς</span> <span class='ocrx_word' id='word_1_656' title='bbox 3422 3820 3580 3875; x_wconf 87' lang='grc' dir='ltr'>τοῦτο</span> <span class='ocrx_word' id='word_1_657' title='bbox 3619 3837 3711 3873; x_wconf 86' lang='grc' dir='ltr'><strong>πε-</strong></span> 
     </span>
    </p>
   </div>
   <div class='ocr_carea' id='block_1_83' title="bbox 2126 3893 3711 3986">
    <p class='ocr_par' dir='ltr' id='par_1_83' title="bbox 2126 3893 3711 3986">
     <span class='ocr_line' id='line_1_83' title="bbox 2126 3893 3711 3986; baseline 0.013 -37"><span class='ocrx_word' id='word_1_658' title='bbox 2126 3893 2450 3986; x_wconf 76' lang='grc' dir='ltr'>ριγίνεσθαι.</span> <span class='ocrx_word' id='word_1_659' title='bbox 2502 3905 2615 3960; x_wconf 77' lang='grc' dir='ltr'><strong>Καὶ</strong></span> <span class='ocrx_word' id='word_1_660' title='bbox 2660 3909 2761 3980; x_wconf 86' lang='grc' dir='ltr'>τὴν</span> <span class='ocrx_word' id='word_1_661' title='bbox 2796 3912 2896 3982; x_wconf 82' lang='grc' dir='ltr'><strong>μὲν</strong></span> <span class='ocrx_word' id='word_1_662' title='bbox 2933 3911 3113 3984; x_wconf 79' lang='grc' dir='ltr'>ψυχὴν</span> <span class='ocrx_word' id='word_1_663' title='bbox 3161 3913 3253 3967; x_wconf 86' lang='grc' dir='ltr'><strong>τοῦ</strong></span> <span class='ocrx_word' id='word_1_664' title='bbox 3311 3914 3563 3986; x_wconf 83' lang='grc' dir='ltr'>σώματος</span> <span class='ocrx_word' id='word_1_665' title='bbox 3609 3915 3711 3969; x_wconf 80' lang='grc' dir='ltr'>οὐκ</span> 
     </span>
    </p>
   </div>
   <div class='ocr_carea' id='block_1_84' title="bbox 2121 3985 3709 4079">
    <p class='ocr_par' dir='ltr' id='par_1_84' title="bbox 2121 3985 3709 4079">
     <span class='ocr_line' id='line_1_84' title="bbox 2121 3985 3709 4079; baseline 0.016 -41"><span class='ocrx_word' id='word_1_666' title='bbox 2121 3985 2355 4057; x_wconf 69' lang='grc' dir='ltr'>ἠξίωσεν</span> <span class='ocrx_word' id='word_1_667' title='bbox 2376 3992 2670 4062; x_wconf 79' lang='grc' dir='ltr'>ἐκϐαίνειν,</span> <span class='ocrx_word' id='word_1_668' title='bbox 2700 4000 2782 4055; x_wconf 83' lang='grc' dir='ltr'>ὅτι</span> <span class='ocrx_word' id='word_1_669' title='bbox 2803 4002 3051 4059; x_wconf 89' lang='grc' dir='ltr'>Πλάτωνι</span> <span class='ocrx_word' id='word_1_670' title='bbox 3082 4005 3242 4060; x_wconf 90' lang='grc' dir='ltr'>τοῦτο</span> <span class='ocrx_word' id='word_1_671' title='bbox 3278 4008 3475 4079; x_wconf 75' lang='grc' dir='ltr'>ἤρεσε·</span> <span class='ocrx_word' id='word_1_672' title='bbox 3522 4008 3615 4062; x_wconf 85' lang='grc' dir='ltr'><strong>τὸν</strong></span> <span class='ocrx_word' id='word_1_673' title='bbox 3650 4010 3709 4063; x_wconf 76' lang='grc' dir='ltr'><strong>δὲ</strong></span> 
     </span>
    </p>
   </div>
   <div class='ocr_carea' id='block_1_85' title="bbox 2124 4080 3709 4169">
    <p class='ocr_par' dir='ltr' id='par_1_85' title="bbox 2124 4080 3709 4169">
     <span class='ocr_line' id='line_1_85' title="bbox 2124 4080 3709 4169; baseline 0.014 -37"><span class='ocrx_word' id='word_1_674' title='bbox 2124 4080 2249 4136; x_wconf 89' lang='grc' dir='ltr'>νοῦν</span> <span class='ocrx_word' id='word_1_675' title='bbox 2274 4082 2728 4160; x_wconf 78' lang='grc' dir='ltr'>ἀπορρήγνυσθαι</span> <span class='ocrx_word' id='word_1_676' title='bbox 2748 4095 2851 4166; x_wconf 86' lang='grc' dir='ltr'><strong>τῆς</strong></span> <span class='ocrx_word' id='word_1_677' title='bbox 2879 4095 3064 4168; x_wconf 81' lang='grc' dir='ltr'>ψυχῆς</span> <span class='ocrx_word' id='word_1_678' title='bbox 3082 4097 3423 4169; x_wconf 75' lang='grc' dir='ltr'>ἠνάγκασεν,</span> <span class='ocrx_word' id='word_1_679' title='bbox 3466 4101 3548 4153; x_wconf 84' lang='grc' dir='ltr'>ὅτι</span> <span class='ocrx_word' id='word_1_680' title='bbox 3581 4101 3709 4154; x_wconf 86' lang='grc' dir='ltr'>ἀδύ-</span> 
     </span>
    </p>
   </div>
   <div class='ocr_carea' id='block_1_86' title="bbox 2120 4175 3705 4264">
    <p class='ocr_par' dir='ltr' id='par_1_86' title="bbox 2120 4175 3705 4264">
     <span class='ocr_line' id='line_1_86' title="bbox 2120 4175 3705 4264; baseline 0.016 -39"><span class='ocrx_word' id='word_1_681' title='bbox 2120 4189 2280 4230; x_wconf 86' lang='grc' dir='ltr'>νατον</span> <span class='ocrx_word' id='word_1_682' title='bbox 2311 4175 2454 4247; x_wconf 81' lang='grc' dir='ltr'>ἔγνω</span> <span class='ocrx_word' id='word_1_683' title='bbox 2482 4181 2710 4239; x_wconf 82' lang='grc' dir='ltr'>Πλάτων</span> <span class='ocrx_word' id='word_1_684' title='bbox 2742 4188 2806 4241; x_wconf 86' lang='grc' dir='ltr'><strong>τὸ</strong></span> <span class='ocrx_word' id='word_1_685' title='bbox 2832 4191 3065 4247; x_wconf 82' lang='grc' dir='ltr'>τοιοῦτο.</span> <span class='ocrx_word' id='word_1_686' title='bbox 3099 4211 3119 4244; x_wconf 79' lang='grc' dir='ltr'><strong>ι</strong></span> <span class='ocrx_word' id='word_1_687' title='bbox 3161 4193 3345 4246; x_wconf 83' lang='grc' dir='ltr'>Ταῦτα</span> <span class='ocrx_word' id='word_1_688' title='bbox 3378 4195 3476 4264; x_wconf 86' lang='grc' dir='ltr'>μὲν</span> <span class='ocrx_word' id='word_1_689' title='bbox 3503 4197 3533 4249; x_wconf 85' lang='grc' dir='ltr'>ὀ</span> <span class='ocrx_word' id='word_1_690' title='bbox 3587 4197 3705 4250; x_wconf 72' lang='grc' dir='ltr'><strong>Ἀτο</strong></span> 
     </span>
    </p>
   </div>
   <div class='ocr_carea' id='block_1_87' title="bbox 430 4245 2029 4359">
    <p class='ocr_par' dir='ltr' id='par_1_87' title="bbox 430 4245 2011 4324">
     <span class='ocr_line' id='line_1_87' title="bbox 430 4245 2011 4324; baseline 0.006 -24"><span class='ocrx_word' id='word_1_691' title='bbox 430 4245 536 4302; x_wconf 88' lang='lat' dir='ltr'><strong>bus</strong></span> <span class='ocrx_word' id='word_1_692' title='bbox 563 4246 857 4314; x_wconf 85' lang='lat' dir='ltr'><strong>inseratur,</strong></span> <span class='ocrx_word' id='word_1_693' title='bbox 891 4262 1000 4316; x_wconf 83' lang='lat' dir='ltr'><strong>quo</strong></span> <span class='ocrx_word' id='word_1_694' title='bbox 1023 4247 1259 4318; x_wconf 87' lang='lat' dir='ltr'><strong>denique</strong></span> <span class='ocrx_word' id='word_1_695' title='bbox 1288 4265 1480 4305; x_wconf 90' lang='lat' dir='ltr'><strong>rursus</strong></span> <span class='ocrx_word' id='word_1_696' title='bbox 1507 4251 1705 4319; x_wconf 87' lang='lat' dir='ltr'><strong>avolet,</strong></span> <span class='ocrx_word' id='word_1_697' title='bbox 1738 4252 2011 4324; x_wconf 89' lang='lat' dir='ltr'><strong>idemipse</strong></span> 
     </span>
    </p>
   </div>
   <div class='ocr_carea' id='block_1_88' title="bbox 2131 4245 3704 4359">
    <p class='ocr_par' dir='ltr' id='par_1_88' title="bbox 2131 4245 3704 4359">
     <span class='ocr_line' id='line_1_88' title="bbox 2131 4245 3704 4359; baseline 0.017 -42"><span class='ocrx_word' id='word_1_698' title='bbox 2308 4245 2535 4343; x_wconf 80' lang='grc' dir='ltr'>Συνάψω</span> <span class='ocrx_word' id='word_1_699' title='bbox 2553 4275 2609 4330; x_wconf 83' lang='grc' dir='ltr'>δὲ</span> <span class='ocrx_word' id='word_1_700' title='bbox 2633 4279 2818 4345; x_wconf 79' lang='grc' dir='ltr'>αὐτοῖς</span> <span class='ocrx_word' id='word_1_701' title='bbox 2843 4284 2937 4337; x_wconf 75' lang='grc' dir='ltr'><strong>καὶ</strong></span> <span class='ocrx_word' id='word_1_702' title='bbox 2958 4283 3027 4338; x_wconf 83' lang='grc' dir='ltr'>τὰ</span> <span class='ocrx_word' id='word_1_703' title='bbox 3054 4245 3329 4339; x_wconf 13' lang='grc' dir='ltr'>Πλωτῗίνου</span> <span class='ocrx_word' id='word_1_704' title='bbox 3350 4245 3489 4341; x_wconf 43' lang='lat' dir='ltr'><strong>{iis</strong></span> <span class='ocrx_word' id='word_1_705' title='bbox 3510 4245 3704 4359; x_wconf 47' lang='lat' dir='ltr'><strong>excit—aa</strong></span> 
     </span>
    </p>
   </div>
   <div class='ocr_carea' id='block_1_89' title="bbox 429 4338 2029 4431">
    <p class='ocr_par' dir='ltr' id='par_1_89' title="bbox 429 4338 2015 4415">
     <span class='ocr_line' id='line_1_89' title="bbox 429 4338 2015 4415; baseline 0.007 -22"><span class='ocrx_word' id='word_1_706' title='bbox 429 4338 649 4394; x_wconf 85' lang='lat' dir='ltr'><strong>noverit</strong></span> <span class='ocrx_word' id='word_1_707' title='bbox 689 4356 704 4393; x_wconf 88' lang='lat'><strong>:</strong></span> <span class='ocrx_word' id='word_1_708' title='bbox 754 4339 801 4394; x_wconf 89' lang='lat' dir='ltr'><strong>si</strong></span> <span class='ocrx_word' id='word_1_709' title='bbox 846 4347 1032 4394; x_wconf 86' lang='lat' dir='ltr'><strong>tamen</strong></span> <span class='ocrx_word' id='word_1_710' title='bbox 1076 4355 1271 4396; x_wconf 89' lang='lat' dir='ltr'><strong>eorum</strong></span> <span class='ocrx_word' id='word_1_711' title='bbox 1315 4343 1543 4399; x_wconf 90' lang='lat' dir='ltr'><strong>omnino</strong></span> <span class='ocrx_word' id='word_1_712' title='bbox 1572 4360 1695 4415; x_wconf 74' lang='lat' dir='ltr'><strong>qua:</strong></span> <span class='ocrx_word' id='word_1_713' title='bbox 1725 4345 1793 4402; x_wconf 91' lang='lat' dir='ltr'><strong>de</strong></span> <span class='ocrx_word' id='word_1_714' title='bbox 1832 4356 2015 4406; x_wconf 86' lang='lat' dir='ltr'><strong>mente</strong></span> 
     </span>
    </p>
   </div>
   <div class='ocr_carea' id='block_1_90' title="bbox 2131 4338 2465 4431">
    <p class='ocr_par' dir='ltr' id='par_1_90' title="bbox 2131 4338 2465 4431">
     <span class='ocr_line' id='line_1_90' title="bbox 2131 4338 2465 4431; baseline 0.033 -24"><span class='ocrx_word' id='word_1_715' title='bbox 2131 4356 2211 4410; x_wconf 74' lang='grc' dir='ltr'>τὸν</span> <span class='ocrx_word' id='word_1_716' title='bbox 2241 4338 2465 4431; x_wconf 54' lang='grc' dir='ltr'>τρόπονξ</span> 
     </span>
    </p>
   </div>
   <div class='ocr_carea' id='block_1_91' title="bbox 431 4420 3705 4530">
    <p class='ocr_par' dir='ltr' id='par_1_91' title="bbox 431 4420 3705 4530">
     <span class='ocr_line' id='line_1_91' title="bbox 431 4420 3705 4530; baseline 0.014 -44"><span class='ocrx_word' id='word_1_717' title='bbox 431 4431 702 4502; x_wconf 89' lang='lat' dir='ltr'><strong>disputat,</strong></span> <span class='ocrx_word' id='word_1_718' title='bbox 730 4420 1034 4504; x_wconf 87' lang='lat' dir='ltr'><strong>quidquam</strong></span> <span class='ocrx_word' id='word_1_719' title='bbox 1070 4433 1346 4506; x_wconf 79' lang='lat' dir='ltr'><strong>intelligit,</strong></span> <span class='ocrx_word' id='word_1_720' title='bbox 1381 4452 1444 4492; x_wconf 92' lang='lat' dir='ltr'><strong>ac</strong></span> <span class='ocrx_word' id='word_1_721' title='bbox 1470 4453 1577 4493; x_wconf 92' lang='lat' dir='ltr'><strong>non</strong></span> <span class='ocrx_word' id='word_1_722' title='bbox 1625 4439 1810 4509; x_wconf 89' lang='lat' dir='ltr'><strong>potius</strong></span> <span class='ocrx_word' id='word_1_723' title='bbox 1876 4444 2143 4504; x_wconf 85' lang='lat' dir='ltr'><strong>orationis</strong></span> <span class='ocrx_word' id='word_1_724' title='bbox 2202 4420 2538 4517; x_wconf 71' lang='lat' dir='ltr'><strong>obscuritate</strong></span> <span class='ocrx_word' id='word_1_725' title='bbox 2603 4479 2760 4521; x_wconf 87' lang='lat' dir='ltr'><strong>suam</strong></span> <span class='ocrx_word' id='word_1_726' title='bbox 2802 4468 2907 4524; x_wconf 88' lang='lat' dir='ltr'><strong>bac</strong></span> <span class='ocrx_word' id='word_1_727' title='bbox 2934 4470 2990 4526; x_wconf 93' lang='lat' dir='ltr'><strong>in</strong></span> <span class='ocrx_word' id='word_1_728' title='bbox 3025 4487 3086 4526; x_wconf 88' lang='lat' dir='ltr'><strong>re</strong></span> <span class='ocrx_word' id='word_1_729' title='bbox 3114 4471 3505 4529; x_wconf 88' lang='lat' dir='ltr'><strong>dubitationem</strong></span> <span class='ocrx_word' id='word_1_730' title='bbox 3539 4473 3705 4530; x_wconf 90' lang='lat' dir='ltr'><strong>dissi-</strong></span> 
     </span>
    </p>
   </div>
   <div class='ocr_carea' id='block_1_92' title="bbox 428 4525 3704 4635">
    <p class='ocr_par' dir='ltr' id='par_1_92' title="bbox 428 4525 3704 4635">
     <span class='ocr_line' id='line_1_92' title="bbox 428 4525 3704 4635; baseline 0.013 -57"><span class='ocrx_word' id='word_1_731' title='bbox 428 4525 669 4590; x_wconf 87' lang='lat' dir='ltr'><strong>mulans,</strong></span> <span class='ocrx_word' id='word_1_732' title='bbox 707 4540 897 4599; x_wconf 86' lang='lat' dir='ltr'><strong>ansam</strong></span> <span class='ocrx_word' id='word_1_733' title='bbox 940 4528 1382 4596; x_wconf 87' lang='lat' dir='ltr'><strong>reprehensionis</strong></span> <span class='ocrx_word' id='word_1_734' title='bbox 1427 4531 1619 4598; x_wconf 86' lang='lat' dir='ltr'><strong>evitat,</strong></span> <span class='ocrx_word' id='word_1_735' title='bbox 1649 4547 1713 4588; x_wconf 90' lang='lat' dir='ltr'><strong>ac</strong></span> <span class='ocrx_word' id='word_1_736' title='bbox 1778 4534 2053 4605; x_wconf 86' lang='lat' dir='ltr'><strong>sepiarum</strong></span> <span class='ocrx_word' id='word_1_737' title='bbox 2097 4557 2268 4613; x_wconf 90' lang='lat' dir='ltr'><strong>more,</strong></span> <span class='ocrx_word' id='word_1_738' title='bbox 2298 4550 2539 4609; x_wconf 83' lang='lat' dir='ltr'><strong>tenebris</strong></span> <span class='ocrx_word' id='word_1_739' title='bbox 2584 4571 2726 4626; x_wconf 89' lang='lat' dir='ltr'><strong>sese,</strong></span> <span class='ocrx_word' id='word_1_740' title='bbox 2792 4575 2902 4630; x_wconf 92' lang='lat' dir='ltr'><strong>quo</strong></span> <span class='ocrx_word' id='word_1_741' title='bbox 2940 4561 3207 4625; x_wconf 71' lang='lat' dir='ltr'><strong>difﬁcilius</strong></span> <span class='ocrx_word' id='word_1_742' title='bbox 3233 4565 3499 4635; x_wconf 88' lang='lat' dir='ltr'><strong>capiatur,</strong></span> <span class='ocrx_word' id='word_1_743' title='bbox 3529 4567 3704 4624; x_wconf 89' lang='lat' dir='ltr'><strong>invol-</strong></span> 
     </span>
    </p>
   </div>
   <div class='ocr_carea' id='block_1_93' title="bbox 427 4619 3702 4727">
    <p class='ocr_par' dir='ltr' id='par_1_93' title="bbox 427 4619 3702 4727">
     <span class='ocr_line' id='line_1_93' title="bbox 427 4619 3702 4727; baseline 0.011 -56"><span class='ocrx_word' id='word_1_744' title='bbox 427 4626 528 4673; x_wconf 84' lang='grc' dir='ltr'>νιι.</span> <span class='ocrx_word' id='word_1_745' title='bbox 565 4619 889 4690; x_wconf 83' lang='lat' dir='ltr'><strong>Quanquam</strong></span> <span class='ocrx_word' id='word_1_746' title='bbox 925 4620 1018 4675; x_wconf 88' lang='lat' dir='ltr'><strong>hic</strong></span> <span class='ocrx_word' id='word_1_747' title='bbox 1045 4626 1208 4675; x_wconf 89' lang='lat' dir='ltr'><strong>etiam</strong></span> <span class='ocrx_word' id='word_1_748' title='bbox 1240 4623 1458 4692; x_wconf 87' lang='lat' dir='ltr'><strong>penitus</strong></span> <span class='ocrx_word' id='word_1_749' title='bbox 1495 4639 1527 4678; x_wconf 88' lang='lat' dir='ltr'><strong>a</strong></span> <span class='ocrx_word' id='word_1_750' title='bbox 1556 4623 1783 4682; x_wconf 87' lang='lat' dir='ltr'><strong>Platone</strong></span> <span class='ocrx_word' id='word_1_751' title='bbox 1843 4628 2115 4688; x_wconf 87' lang='lat' dir='ltr'><strong>dissentit.</strong></span> <span class='ocrx_word' id='word_1_752' title='bbox 2181 4636 2230 4693; x_wconf 93' lang='lat' dir='ltr'><strong>Is</strong></span> <span class='ocrx_word' id='word_1_753' title='bbox 2263 4641 2411 4698; x_wconf 87' lang='lat' dir='ltr'><strong>enim</strong></span> <span class='ocrx_word' id='word_1_754' title='bbox 2470 4619 2724 4705; x_wconf 23' lang='lat' dir='ltr'><strong>mentem,</strong></span> <span class='ocrx_word' id='word_1_755' title='bbox 2758 4619 2923 4723; x_wconf 74' lang='lat' dir='ltr'><strong>negat</strong></span> <span class='ocrx_word' id='word_1_756' title='bbox 2944 4619 3202 4711; x_wconf 82' lang='lat' dir='ltr'><strong>seorsum</strong></span> <span class='ocrx_word' id='word_1_757' title='bbox 3220 4619 3511 4712; x_wconf 46' lang='lat' dir='ltr'><strong>ab‘animo</strong></span> <span class='ocrx_word' id='word_1_758' title='bbox 3530 4619 3702 4727; x_wconf 54' lang='lat' dir='ltr'><strong>posse</strong></span> 
     </span>
    </p>
   </div>
   <div class='ocr_carea' id='block_1_94' title="bbox 427 4713 3699 4817">
    <p class='ocr_par' dir='ltr' id='par_1_94' title="bbox 427 4713 3699 4817">
     <span class='ocr_line' id='line_1_94' title="bbox 427 4713 3699 4817; baseline 0.012 -48"><span class='ocrx_word' id='word_1_759' title='bbox 427 4722 763 4782; x_wconf 82' lang='lat' dir='ltr'><strong>consistere;</strong></span> <span class='ocrx_word' id='word_1_760' title='bbox 810 4713 1130 4772; x_wconf 85' lang='lat' dir='ltr'><strong>Aristoteles</strong></span> <span class='ocrx_word' id='word_1_761' title='bbox 1180 4727 1367 4773; x_wconf 91' lang='lat' dir='ltr'><strong>contra</strong></span> <span class='ocrx_word' id='word_1_762' title='bbox 1421 4728 1657 4775; x_wconf 90' lang='lat' dir='ltr'><strong>mentem</strong></span> <span class='ocrx_word' id='word_1_763' title='bbox 1705 4721 1775 4776; x_wconf 88' lang='lat' dir='ltr'><strong>ab</strong></span> <span class='ocrx_word' id='word_1_764' title='bbox 1821 4724 2005 4780; x_wconf 88' lang='lat' dir='ltr'><strong>animo</strong></span> <span class='ocrx_word' id='word_1_765' title='bbox 2045 4730 2284 4804; x_wconf 76' lang='lat' dir='ltr'><strong>sejungit</strong></span> <span class='ocrx_word' id='word_1_766' title='bbox 2354 4752 2420 4794; x_wconf 90' lang='lat' dir='ltr'><strong>ac</strong></span> <span class='ocrx_word' id='word_1_767' title='bbox 2489 4753 2730 4813; x_wconf 86' lang='lat' dir='ltr'><strong>separat.</strong></span> <span class='ocrx_word' id='word_1_768' title='bbox 2773 4713 2935 4817; x_wconf 67' lang='lat' dir='ltr'><strong>8i]</strong></span> <span class='ocrx_word' id='word_1_769' title='bbox 2983 4748 3207 4817; x_wconf 89' lang='lat' dir='ltr'><strong>Deinde,</strong></span> <span class='ocrx_word' id='word_1_770' title='bbox 3234 4713 3699 4807; x_wconf 69' lang='lat' dir='ltr'><strong>immortalitatem</strong></span> 
     </span>
    </p>
   </div>
   <div class='ocr_carea' id='block_1_95' title="bbox 425 5087 3698 5195">
    <p class='ocr_par' dir='ltr' id='par_1_95' title="bbox 425 5087 3698 5195">
     <span class='ocr_line' id='line_1_95' title="bbox 425 5087 3698 5195; baseline 0.011 -52"><span class='ocrx_word' id='word_1_771' title='bbox 425 5087 539 5153; x_wconf 90' lang='lat' dir='ltr'><strong>bat,</strong></span> <span class='ocrx_word' id='word_1_772' title='bbox 572 5089 659 5144; x_wconf 89' lang='lat' dir='ltr'><strong>vel</strong></span> <span class='ocrx_word' id='word_1_773' title='bbox 686 5089 914 5146; x_wconf 88' lang='lat' dir='ltr'><strong>invitam</strong></span> <span class='ocrx_word' id='word_1_774' title='bbox 961 5091 1247 5148; x_wconf 81' lang='lat' dir='ltr'><strong>abstraxit.</strong></span> <span class='ocrx_word' id='word_1_775' title='bbox 1284 5112 1304 5145; x_wconf 78' lang='grc' dir='ltr'><strong>ι</strong></span> <span class='ocrx_word' id='word_1_776' title='bbox 1344 5093 1471 5151; x_wconf 84' lang='lat' dir='ltr'><strong>Haec</strong></span> <span class='ocrx_word' id='word_1_777' title='bbox 1505 5094 1741 5153; x_wconf 87' lang='lat' dir='ltr'><strong>Atticus.</strong></span> <span class='ocrx_word' id='word_1_778' title='bbox 1782 5096 1995 5164; x_wconf 86' lang='lat' dir='ltr'><strong>Quibus</strong></span> <span class='ocrx_word' id='word_1_779' title='bbox 2033 5101 2262 5163; x_wconf 88' lang='lat' dir='ltr'><strong>libenter</strong></span> <span class='ocrx_word' id='word_1_780' title='bbox 2307 5087 2454 5181; x_wconf 19' lang='lat' dir='ltr'><strong>quati</strong></span> <span class='ocrx_word' id='word_1_781' title='bbox 2498 5124 2805 5186; x_wconf 88' lang='lat' dir='ltr'><strong>sequuntur</strong></span> <span class='ocrx_word' id='word_1_782' title='bbox 2846 5119 3069 5174; x_wconf 90' lang='lat' dir='ltr'><strong>totidem</strong></span> <span class='ocrx_word' id='word_1_783' title='bbox 3129 5087 3327 5177; x_wconf 52' lang='lat' dir='ltr'><strong>verbis</strong></span> <span class='ocrx_word' id='word_1_784' title='bbox 3357 5137 3441 5195; x_wconf 40' lang='lat' dir='ltr'><strong>‘ex</strong></span> <span class='ocrx_word' id='word_1_785' title='bbox 3482 5121 3698 5179; x_wconf 83' lang='lat' dir='ltr'><strong>Plotino</strong></span> 
     </span>
    </p>
   </div>
   <div class='ocr_carea' id='block_1_96' title="bbox 426 5183 776 5255">
    <p class='ocr_par' dir='ltr' id='par_1_96' title="bbox 426 5183 776 5255">
     <span class='ocr_line' id='line_1_96' title="bbox 426 5183 776 5255; baseline 0.011 -18"><span class='ocrx_word' id='word_1_786' title='bbox 426 5183 776 5255; x_wconf 71' lang='lat' dir='ltr'><strong>subiungam.</strong></span> 
     </span>
    </p>
   </div>
   <div class='ocr_carea' id='block_1_97' title="bbox 1038 5256 2029 5355">
    <p class='ocr_par' dir='ltr' id='par_1_97' title="bbox 1038 5256 1367 5355">
     <span class='ocr_line' id='line_1_97' title="bbox 1038 5256 1367 5355; baseline 0.012 -45"><span class='ocrx_word' id='word_1_787' title='bbox 1038 5256 1270 5355; x_wconf 64' lang='lat' dir='ltr'><strong>EAPUT</strong></span> <span class='ocrx_word' id='word_1_788' title='bbox 1299 5258 1367 5315; x_wconf 79' lang='grc' dir='ltr'>Χ.</span> 
     </span>
    </p>
   </div>
   <div class='ocr_carea' id='block_1_98' title="bbox 2131 5256 3128 5355">
    <p class='ocr_par' dir='ltr' id='par_1_98' title="bbox 2653 5296 3128 5355">
     <span class='ocr_line' id='line_1_98' title="bbox 2653 5296 3128 5355; baseline 0.017 -8"><span class='ocrx_word' id='word_1_789' title='bbox 2653 5296 3049 5354; x_wconf 79' lang='grc' dir='ltr'><strong>ΚΕΦΑΛΔΙΟΝ</strong></span> <span class='ocrx_word' id='word_1_790' title='bbox 3072 5298 3128 5355; x_wconf 68' lang='grc'><strong>1³.</strong></span> 
     </span>
    </p>
   </div>
   <div class='ocr_carea' id='block_1_99' title="bbox 425 5333 2004 5409">
    <p class='ocr_par' dir='ltr' id='par_1_99' title="bbox 425 5333 2004 5409">
     <span class='ocr_line' id='line_1_99' title="bbox 425 5333 2004 5409; baseline 0.012 -18"><span class='ocrx_word' id='word_1_791' title='bbox 425 5333 515 5409; x_wconf 56' lang='lat' dir='ltr'><strong>E1;</strong></span> <span class='ocrx_word' id='word_1_792' title='bbox 542 5339 765 5393; x_wconf 70' lang='lat' dir='ltr'><strong>secundo</strong></span> <span class='ocrx_word' id='word_1_793' title='bbox 798 5337 1002 5395; x_wconf 80' lang='lat' dir='ltr'><strong>Plotini</strong></span> <span class='ocrx_word' id='word_1_794' title='bbox 1037 5340 1114 5397; x_wconf 90' lang='lat' dir='ltr'><strong>De</strong></span> <span class='ocrx_word' id='word_1_795' title='bbox 1146 5345 1454 5398; x_wconf 90' lang='lat' dir='ltr'><strong>animorum</strong></span> <span class='ocrx_word' id='word_1_796' title='bbox 1500 5347 1908 5409; x_wconf 90' lang='lat' dir='ltr'><strong>immortalitate</strong></span> <span class='ocrx_word' id='word_1_797' title='bbox 1933 5354 2004 5409; x_wconf 83' lang='lat' dir='ltr'><strong>li-</strong></span> 
     </span>
    </p>
   </div>
   <div class='ocr_carea' id='block_1_100' title="bbox 496 5406 2004 5486">
    <p class='ocr_par' dir='ltr' id='par_1_100' title="bbox 496 5406 2004 5486">
     <span class='ocr_line' id='line_1_100' title="bbox 496 5406 2004 5486; baseline 0.013 -27"><span class='ocrx_word' id='word_1_798' title='bbox 496 5406 611 5469; x_wconf 86' lang='lat' dir='ltr'><strong>bro,</strong></span> <span class='ocrx_word' id='word_1_799' title='bbox 645 5410 895 5486; x_wconf 65' lang='lat' dir='ltr'><strong>adparatus</strong></span> <span class='ocrx_word' id='word_1_800' title='bbox 917 5413 1275 5479; x_wconf 79' lang='lat' dir='ltr'><strong>Aristotelem,</strong></span> <span class='ocrx_word' id='word_1_801' title='bbox 1299 5417 1390 5486; x_wconf 79' lang='lat' dir='ltr'><strong>qui</strong></span> <span class='ocrx_word' id='word_1_802' title='bbox 1408 5420 1639 5472; x_wconf 81' lang='lat' dir='ltr'><strong>animum</strong></span> <span class='ocrx_word' id='word_1_803' title='bbox 1664 5406 2004 5479; x_wconf 27' lang='lat' dir='ltr'><strong>entelechviotn</strong></span> 
     </span>
    </p>
   </div>
   <div class='ocr_carea' id='block_1_101' title="bbox 497 5480 895 5548">
    <p class='ocr_par' dir='ltr' id='par_1_101' title="bbox 497 5480 895 5548">
     <span class='ocr_line' id='line_1_101' title="bbox 497 5480 895 5548; baseline 0.008 -18"><span class='ocrx_word' id='word_1_804' title='bbox 497 5494 610 5531; x_wconf 79' lang='lat' dir='ltr'><strong>esse</strong></span> <span class='ocrx_word' id='word_1_805' title='bbox 639 5480 895 5548; x_wconf 79' lang='lat' dir='ltr'><strong>defendit.</strong></span> 
     </span>
    </p>
   </div>
   <div class='ocr_carea' id='block_1_102' title="bbox 505 5564 2000 5651">
    <p class='ocr_par' dir='ltr' id='par_1_102' title="bbox 505 5564 2000 5651">
     <span class='ocr_line' id='line_1_102' title="bbox 505 5564 2000 5651; baseline 0.015 -33"><span class='ocrx_word' id='word_1_806' title='bbox 505 5582 525 5617; x_wconf 71' lang='grc' dir='ltr'><strong>ι</strong></span> <span class='ocrx_word' id='word_1_807' title='bbox 565 5564 899 5638; x_wconf 87' lang='lat' dir='ltr'><strong>Entelechia,</strong></span> <span class='ocrx_word' id='word_1_808' title='bbox 933 5572 1153 5646; x_wconf 77' lang='lat' dir='ltr'><strong>inquit,</strong></span> <span class='ocrx_word' id='word_1_809' title='bbox 1208 5576 1276 5632; x_wconf 93' lang='lat' dir='ltr'><strong>de</strong></span> <span class='ocrx_word' id='word_1_810' title='bbox 1325 5578 1509 5635; x_wconf 91' lang='lat' dir='ltr'><strong>animo</strong></span> <span class='ocrx_word' id='word_1_811' title='bbox 1541 5582 2000 5651; x_wconf 87' lang='lat' dir='ltr'><strong>quemadmodum</strong></span> 
     </span>
    </p>
   </div>
   <div class='ocr_carea' id='block_1_103' title="bbox 424 5676 2006 5765">
    <p class='ocr_par' dir='ltr' id='par_1_103' title="bbox 424 5676 2006 5765">
     <span class='ocr_line' id='line_1_103' title="bbox 424 5676 2006 5765; baseline 0.014 -33"><span class='ocrx_word' id='word_1_812' title='bbox 424 5676 671 5765; x_wconf 68' lang='lat' dir='ltr'><strong>Lesbiaci</strong></span> <span class='ocrx_word' id='word_1_813' title='bbox 702 5694 973 5765; x_wconf 60' lang='lat' dir='ltr'><strong>rocantttr,</strong></span> <span class='ocrx_word' id='word_1_814' title='bbox 1003 5688 1159 5765; x_wconf 36' lang='lat' dir='ltr'><strong>quod.</strong></span> <span class='ocrx_word' id='word_1_815' title='bbox 1180 5688 1451 5760; x_wconf 79' lang='lat' dir='ltr'><strong>Mitylenis</strong></span> <span class='ocrx_word' id='word_1_816' title='bbox 1482 5711 1651 5748; x_wconf 78' lang='lat' dir='ltr'><strong>sermo</strong></span> <span class='ocrx_word' id='word_1_817' title='bbox 1681 5697 1923 5765; x_wconf 84' lang='lat' dir='ltr'><strong>habetur,</strong></span> <span class='ocrx_word' id='word_1_818' title='bbox 1949 5702 2006 5755; x_wconf 78' lang='lat' dir='ltr'><strong>in</strong></span> 
     </span>
    </p>
   </div>
   <div class='ocr_carea' id='block_1_104' title="bbox 422 5749 2006 5839">
    <p class='ocr_par' dir='ltr' id='par_1_104' title="bbox 422 5749 2006 5839">
     <span class='ocr_line' id='line_1_104' title="bbox 422 5749 2006 5839; baseline 0.016 -39"><span class='ocrx_word' id='word_1_819' title='bbox 422 5749 615 5817; x_wconf 66' lang='lat' dir='ltr'><strong>quibus</strong></span> <span class='ocrx_word' id='word_1_820' title='bbox 673 5749 1025 5839; x_wconf 59' lang='lat' dir='ltr'><strong>uultneﬂicere&#39;</strong></span> <span class='ocrx_word' id='word_1_821' title='bbox 1070 5749 1306 5839; x_wconf 45' lang='lat' dir='ltr'><strong>animos&quot;</strong></span> <span class='ocrx_word' id='word_1_822' title='bbox 1334 5779 1444 5816; x_wconf 75' lang='lat' dir='ltr'><strong>esse</strong></span> <span class='ocrx_word' id='word_1_823' title='bbox 1504 5749 2006 5839; x_wconf 13' lang='lat' dir='ltr'><strong>mortaleatvl‘luju&#39;s</strong></span> 
     </span>
    </p>
   </div>
   <div class='ocr_carea' id='block_1_105' title="bbox 430 5820 2001 5903">
    <p class='ocr_par' dir='ltr' id='par_1_105' title="bbox 430 5820 2001 5903">
     <span class='ocr_line' id='line_1_105' title="bbox 430 5820 2001 5903; baseline 0.015 -30"><span class='ocrx_word' id='word_1_824' title='bbox 430 5834 592 5874; x_wconf 69' lang='lat' dir='ltr'><strong>etiam</strong></span> <span class='ocrx_word' id='word_1_825' title='bbox 610 5825 749 5889; x_wconf 83' lang='lat' dir='ltr'><strong>apud</strong></span> <span class='ocrx_word' id='word_1_826' title='bbox 779 5820 1154 5896; x_wconf 88' lang='lat' dir='ltr'><strong>Plutarchum,</strong></span> <span class='ocrx_word' id='word_1_827' title='bbox 1178 5830 1587 5901; x_wconf 77' lang='lat' dir='ltr'><strong>Atltcnaeum,et</strong></span> <span class='ocrx_word' id='word_1_828' title='bbox 1622 5838 1779 5903; x_wconf 86' lang='lat' dir='ltr'><strong>alios,</strong></span> <span class='ocrx_word' id='word_1_829' title='bbox 1815 5820 2001 5897; x_wconf 68' lang='lat' dir='ltr'><strong>crebra</strong></span> 
     </span>
    </p>
   </div>
   <div class='ocr_carea' id='block_1_106' title="bbox 2111 5381 3697 5463">
    <p class='ocr_par' dir='ltr' id='par_1_106' title="bbox 2111 5381 3697 5463">
     <span class='ocr_line' id='line_1_106' title="bbox 2111 5381 3697 5463; baseline 0.01 -30"><span class='ocrx_word' id='word_1_830' title='bbox 2111 5381 2695 5463; x_wconf 56' lang='lat' dir='ltr'><strong>H.1wtlrov,_éaozoﬁ</strong></span> <span class='ocrx_word' id='word_1_831' title='bbox 2735 5390 2872 5463; x_wconf 75' lang='grc' dir='ltr'>Περὶ</span> <span class='ocrx_word' id='word_1_832' title='bbox 2917 5391 3218 5455; x_wconf 85' lang='grc' dir='ltr'>ἀθανασίας</span> <span class='ocrx_word' id='word_1_833' title='bbox 3273 5391 3452 5463; x_wconf 79' lang='grc' dir='ltr'>ψυχῆς</span> <span class='ocrx_word' id='word_1_834' title='bbox 3497 5394 3697 5449; x_wconf 78' lang='grc' dir='ltr'>δευτέ-</span> 
     </span>
    </p>
   </div>
   <div class='ocr_carea' id='block_1_107' title="bbox 2110 5455 3696 5534">
    <p class='ocr_par' dir='ltr' id='par_1_107' title="bbox 2110 5455 3696 5534">
     <span class='ocr_line' id='line_1_107' title="bbox 2110 5455 3696 5534; baseline 0.011 -32"><span class='ocrx_word' id='word_1_835' title='bbox 2110 5478 2115 5485; x_wconf 64' lang='grc' dir='ltr'><strong><em>η</em></strong></span> <span class='ocrx_word' id='word_1_836' title='bbox 2173 5468 2311 5534; x_wconf 68' lang='grc' dir='ltr'>ρου,</span> <span class='ocrx_word' id='word_1_837' title='bbox 2352 5455 2503 5534; x_wconf 66' lang='grc' dir='ltr'>πρὸς</span> <span class='ocrx_word' id='word_1_838' title='bbox 2538 5455 2952 5534; x_wconf 47' lang='grc' dir='ltr'>Ἄριοξτοτέλην</span> <span class='ocrx_word' id='word_1_839' title='bbox 3006 5455 3385 5532; x_wconf 50' lang='lat' dir='ltr'><strong>errati-718M}</strong></span> <span class='ocrx_word' id='word_1_840' title='bbox 3409 5455 3553 5533; x_wconf 68' lang='grc' dir='ltr'><strong>’τὴν</strong></span> <span class='ocrx_word' id='word_1_841' title='bbox 3578 5467 3696 5534; x_wconf 73' lang='grc' dir='ltr'><strong>ψυ-</strong></span> 
     </span>
    </p>
   </div>
   <div class='ocr_carea' id='block_1_108' title="bbox 2181 5521 2820 5591">
    <p class='ocr_par' dir='ltr' id='par_1_108' title="bbox 2181 5521 2820 5591">
     <span class='ocr_line' id='line_1_108' title="bbox 2181 5521 2820 5591; baseline 0.02 -18"><span class='ocrx_word' id='word_1_842' title='bbox 2181 5521 2304 5591; x_wconf 78' lang='grc' dir='ltr'><strong>χὴν</strong></span> <span class='ocrx_word' id='word_1_843' title='bbox 2335 5521 2620 5591; x_wconf 69' lang='grc' dir='ltr'><strong>φήσαντὰ</strong></span> <span class='ocrx_word' id='word_1_844' title='bbox 2646 5526 2820 5586; x_wconf 75' lang='grc' dir='ltr'>εἶναι.</span> 
     </span>
    </p>
   </div>
   <div class='ocr_carea' id='block_1_109' title="bbox 2109 5613 3691 5694">
    <p class='ocr_par' dir='ltr' id='par_1_109' title="bbox 2109 5613 3691 5694">
     <span class='ocr_line' id='line_1_109' title="bbox 2109 5613 3691 5694; baseline -0.001 -13"><span class='ocrx_word' id='word_1_845' title='bbox 2109 5677 2113 5681; x_wconf 87' lang='grc'>.</span> <span class='ocrx_word' id='word_1_846' title='bbox 2186 5631 2205 5663; x_wconf 71' lang='grc'><em>⁸</em></span> <span class='ocrx_word' id='word_1_847' title='bbox 2238 5613 2312 5665; x_wconf 78' lang='grc' dir='ltr'>Τδ</span> <span class='ocrx_word' id='word_1_848' title='bbox 2342 5614 2399 5669; x_wconf 69' lang='grc' dir='ltr'><strong>δὲ</strong></span> <span class='ocrx_word' id='word_1_849' title='bbox 2430 5617 2529 5688; x_wconf 78' lang='grc' dir='ltr'><strong>τῆς</strong></span> <span class='ocrx_word' id='word_1_850' title='bbox 2561 5619 2894 5693; x_wconf 71' lang='grc' dir='ltr'>ἐντελεχείας</span> <span class='ocrx_word' id='word_1_851' title='bbox 2927 5624 3037 5694; x_wconf 81' lang='lat' dir='ltr'><strong>(l8)</strong></span> <span class='ocrx_word' id='word_1_852' title='bbox 3092 5617 3180 5677; x_wconf 78' lang='grc' dir='ltr'>ὧδ’</span> <span class='ocrx_word' id='word_1_853' title='bbox 3228 5623 3295 5679; x_wconf 82' lang='grc' dir='ltr'>ἄν</span> <span class='ocrx_word' id='word_1_854' title='bbox 3354 5643 3439 5689; x_wconf 87' lang='grc' dir='ltr'><strong>τις</strong></span> <span class='ocrx_word' id='word_1_855' title='bbox 3469 5627 3691 5681; x_wconf 73' lang='grc' dir='ltr'>ἐπισκέ-</span> 
     </span>
    </p>
   </div>
   <div class='ocr_carea' id='block_1_110' title="bbox 2111 5714 3688 5852">
    <p class='ocr_par' dir='ltr' id='par_1_110' title="bbox 2111 5714 3688 5852">
     <span class='ocr_line' id='line_1_110' title="bbox 2111 5714 3688 5852; baseline 0.009 -24"><span class='ocrx_word' id='word_1_856' title='bbox 2111 5714 2321 5844; x_wconf 39' lang='lat' dir='ltr'><strong>mag;</strong></span> <span class='ocrx_word' id='word_1_857' title='bbox 2339 5776 2409 5831; x_wconf 85' lang='grc' dir='ltr'><em>Τὸ</em></span> <span class='ocrx_word' id='word_1_858' title='bbox 2432 5777 2501 5831; x_wconf 82' lang='grc' dir='ltr'><strong>δὲ</strong></span> <span class='ocrx_word' id='word_1_859' title='bbox 2522 5779 2633 5847; x_wconf 75' lang='grc' dir='ltr'>τῆς</span> <span class='ocrx_word' id='word_1_860' title='bbox 2655 5780 3048 5852; x_wconf 73' lang='grc' dir='ltr'>ἐντελεχείας.</span> <span class='ocrx_word' id='word_1_861' title='bbox 3080 5783 3287 5840; x_wconf 85' lang='lat' dir='ltr'><strong>Locum</strong></span> <span class='ocrx_word' id='word_1_862' title='bbox 3319 5786 3465 5842; x_wconf 85' lang='lat' dir='ltr'><strong>hunc</strong></span> <span class='ocrx_word' id='word_1_863' title='bbox 3492 5787 3688 5842; x_wconf 84' lang='lat' dir='ltr'><strong>Plotini</strong></span> 
     </span>
    </p>
   </div>
   <div class='ocr_carea' id='block_1_111' title="bbox 2110 5853 3688 5919">
    <p class='ocr_par' dir='ltr' id='par_1_111' title="bbox 2110 5853 3688 5919">
     <span class='ocr_line' id='line_1_111' title="bbox 2110 5853 3688 5919; baseline 0.007 -18"><span class='ocrx_word' id='word_1_864' title='bbox 2110 5855 2327 5903; x_wconf 77' lang='lat' dir='ltr'><strong>exstare</strong></span> <span class='ocrx_word' id='word_1_865' title='bbox 2355 5862 2461 5905; x_wconf 92' lang='lat' dir='ltr'><strong>non</strong></span> <span class='ocrx_word' id='word_1_866' title='bbox 2489 5862 2641 5915; x_wconf 82' lang='lat' dir='ltr'><strong>puto.</strong></span> <span class='ocrx_word' id='word_1_867' title='bbox 2673 5853 2802 5909; x_wconf 79' lang='lat' dir='ltr'><strong>Mihi</strong></span> <span class='ocrx_word' id='word_1_868' title='bbox 2824 5857 3042 5919; x_wconf 84' lang='lat' dir='ltr'><strong>quidem</strong></span> <span class='ocrx_word' id='word_1_869' title='bbox 3076 5857 3197 5912; x_wconf 81' lang='lat' dir='ltr'><strong>libri</strong></span> <span class='ocrx_word' id='word_1_870' title='bbox 3226 5868 3433 5913; x_wconf 83' lang='lat' dir='ltr'><strong>tantum</strong></span> <span class='ocrx_word' id='word_1_871' title='bbox 3464 5863 3688 5914; x_wconf 77' lang='lat' dir='ltr'><strong>secundi</strong></span> 
     </span>
    </p>
   </div>
  </div>
